4032 6414
379 225 404 249 0

442 301 548 362 5S9

1848 295 2271 377 DEDICATIO.

3602 295 3710 360 50

442 414 501 465 ὲν
539 414 665 482 ἡμῖν
694 411 924 481 ἀρίετην
946 407 1225 479 λαμϐάνον
1256 410 1349 465 καὶ
1376 409 1537 481 ἕδραν
1563 411 1655 464 καὶ
1691 413 2028 482 μονιμότητα

2133 419 2369 474 starum,
2391 408 2589 478 partim
2621 406 2845 478 quidem
2875 405 3146 463 imitatum
3178 407 3709 477 per_:cmnlationcm

440 503 519 573 τῷ
541 501 804 574 ἀμιμήτῳ
828 501 1015 571 σχεδὸν
1049 502 1149 572 τῆς
1180 502 1487 571 μιμήσεως.
1518 501 1900 571 Μυσταγωγδν
1920 502 2030 574 γὲρ

440 592 554 648 οἷόν
574 613 691 647 τινα
714 597 807 647 καὶ
824 593 1146 664 διδάσκαλον
1164 597 1388 666 ἄριστον
1411 593 1520 646 τῶν
1544 594 1723 648 καλῶν
1747 594 2029 664 ἁπάντων,

438 685 628 752 ὥσπερ
666 682 758 736 ἐπὶ
810 683 970 736 τοῦτο
1004 684 1097 738 τοῦ
1142 685 1279 738 Θεοῦ
1315 701 1375 738 σε
1432 683 1537 736 ὑπὸ
1587 683 1915 755 χειραγωγῷ
1958 687 2024 756 τῇ

447 780 629 849 φύσει,
667 779 938 850 λαμπρῶς
971 779 1068 833 καὶ
1098 780 1513 851 προσηκόντως,
1536 780 1596 833 οὐ
1630 781 1837 850 στήλην
1866 780 2025 850 βασι-

443 869 593 932 λείας
627 871 808 940 μόνον,
841 871 978 924 ἀλλὰ
1035 872 1131 925 καὶ
1181 873 1405 926 πάντων
1453 870 1812 940 ἀνθρωπίνων
1840 871 2026 926 καλῶν

444 960 760 1016 οεέτευκτον
811 964 1054 1034 ἄγαλμα,
1091 965 1270 1018 είτουν
1307 963 1620 1035 ἀνδριάντα,
1668 961 1843 1033 σοφῶς
1892 980 2027 1034 προ-

2130 515 2279 569 esse,
2314 500 2513 571 partim
2566 514 2699 554 vero
2765 498 2971 570 ingenii
3015 506 3071 553 et
3125 508 3338 552 natum
3392 509 3709 567 pra-stante

2134 608 2427 664 superasse
2467 612 2480 648 :
2516 608 2638 663 quae
2681 602 2865 649 autem
2919 593 3207 665 hucusque
3241 608 3268 647 a
3316 594 3574 664 quopiam
3625 595 3713 646 in-

2132 696 2309 742 ventae
2342 702 2450 741 non
2489 686 2744 752 fuissent,
2776 701 2871 742 eas
2908 695 2963 741 et
3017 686 3297 742 invenisse
3342 696 3398 741 et
3438 686 3491 741 in
3528 687 3711 742 lucem

2129 780 2484 851 produxisse.
2524 789 2601 843 et,
2632 778 2813 848 quoad
2875 779 2999 849 ejus
3062 778 3182 834 ﬁeri
3213 779 3430 849 potuit,
3482 796 3714 836 cernere

2131 872 2446 928 volentibus
2472 871 2781 928 ostendisse
2816 888 2829 925 :
2868 871 3233 942 proindeque,
3292 873 3439 942 quod
3474 889 3572 942 per
3601 874 3715 928 vir—

2138 974 2284 1020 tutes
2314 974 2369 1018 et
2392 964 2683 1033 praeclaras
2715 978 2804 1019 res
2832 977 3047 1029 omnes,
3083 963 3151 1018 ad
3180 980 3456 1019 summum
3486 980 3712 1035 quoque

444 1055 799 1125 χειρίσαντος.
1446 1026 1490 1075 κ

2136 1056 2472 1125 pervaseris,
2523 1071 2719 1112 omnes
2781 1056 2945 1127 longe
3001 1057 3219 1113 vicisse.
3283 1058 3607 1129 201taque
3636 1058 3712 1130 (l)

441 1148 745 1215 lungim'em
795 1150 962 1203 etiam
1019 1148 1116 1203 tibi
1166 1149 1357 1213 vitam,
1395 1165 1502 1219 qua
1540 1148 1706 1203 bona
1760 1148 1982 1209 omnia.
2032 1161 2131 1218 pro
2191 1162 2258 1202 eo
2290 1154 2457 1215 atque
2520 1148 2727 1212 decuit,
2790 1136 3019 1203 omnino
3066 1150 3122 1203 in
3179 1165 3349 1205 unum
3400 1151 3713 1221 collegeris,

447 1243 711 1315 obtigisse
785 1242 1044 1296 existimo
1100 1259 1116 1298 :
1161 1250 1221 1295 ut
1273 1257 1337 1296 ex
1384 1240 1643 1311 temporis
1706 1240 2075 1295 diuturnitate
2123 1239 2190 1295 ad
2224 1240 2629 1313 incrementum
2660 1240 2847 1310 gloria:
2889 1239 2996 1296 hoc
3042 1239 3136 1294 tibi
3166 1240 3496 1299 accederet:
3535 1244 3712 1313 quod,

443 1357 570 1397 cum
606 1340 752 1410 apud
794 1355 892 1393 tzos
921 1339 1217 1393 certiorem
1243 1337 1699 1409 stabilioremque
1743 1336 1929 1391 sedem
1967 1348 2021 1392 et
2055 1336 2349 1392 stationem
2381 1338 2587 1406 optime
2626 1334 2840 1400 ﬂxeris,
2903 1334 3094 1391 sedula
3151 1336 3455 1393 imitatione
3488 1338 3718 1394 laudum

445 1435 818 1502 virtutumque
882 1439 1124 1497 tuarum,
1177 1447 1300 1501 qua:
1356 1429 1726 1485 inimitabiles
1770 1428 1886 1484 fere
1939 1439 2102 1496 sunt,
2143 1430 2363 1499 assequi
2433 1446 2525 1484 cas
2576 1446 2684 1484 non
2736 1428 3101 1501 potuerimus.
3148 1428 3286 1485 Nam
3349 1430 3519 1486 veluti
3588 1432 3719 1502 qui-

443 1525 567 1580 dam
607 1539 937 1579 arcanorum
972 1538 1262 1578 sacrorum
1325 1522 1583 1593 princeps
1610 1536 1692 1586 es,
1734 1532 1789 1575 ct
1817 1521 2077 1591 magister
2123 1522 2392 1579 virtutum
2446 1521 2695 1576 omnium
2723 1522 2989 1590 Optimus,
3020 1519 3255 1589 perinde
3292 1532 3462 1592 atque
3494 1537 3615 1577 eam
3648 1525 3721 1578 ob

438 1633 662 1674 causam
693 1616 859 1680 Deus,
885 1625 1082 1672 natura
1137 1615 1458 1671 administra
1492 1621 1547 1669 et
1588 1600 1751 1680 duce,
1797 1612 2083 1683 Splendide
2110 1600 2279 1685 atque
2313 1614 2598 1685 magniﬁce
2627 1624 2702 1677 te,
2737 1624 2798 1669 ut
2853 1630 2963 1670 non
3004 1616 3181 1672 solum
3210 1617 3452 1701 ‘publica
3498 1613 3720 1686 imperii

338 1761 346 1769 ,
441 1710 721 1772 columna,
782 1723 971 1764 rerum
1036 1707 1202 1764 etiam
1255 1705 1502 1762 omnium
1549 1710 1917 1758 humanorum
1965 1702 2241 1760 bonorum
2310 1706 2578 1763 divinitus
2634 1706 2881 1763 exhibita
2938 1717 3122 1765 statua
3184 1716 3243 1765 et
3300 1708 3482 1781 imago
3540 1722 3719 1771 esses,

485 1803 820 1875 roposuerit.

443 1820 820 1877 proposuerit.

528 1898 671 1967 Ἐγὼ
693 1897 737 1951 δ’
770 1895 908 1950 ἀλλά
932 1893 1154 1958 τούτους
1181 1895 1388 1961 πάντας
1417 1898 1925 1967 παραιτησάμενος,
1945 1895 2024 1950 ἑνί

2200 1895 2306 1951 Sed
2332 1895 2481 1952 enim
2509 1895 2771 1953 omnibus
2800 1898 2907 1965 eis,
2938 1914 3079 1971 quos
3139 1897 3408 1966 diximus,
3464 1900 3717 1968 omissis,

441 2007 502 2044 σε
556 1989 703 2060 μόνῳ
759 1984 1115 2056 παραϐαλὼν,
1150 1986 1248 2055 τὴν
1279 1984 1373 2038 τοῦ
1419 1985 1577 2054 λόγου
1616 1985 1798 2057 ῥύμην
1832 1986 2031 2058 ὲφέξω,

2137 1990 2230 2045 ubi
2263 1999 2315 2045 te
2350 1989 2443 2044 uni
2467 1990 2816 2045 solummodo
2848 2007 3266 2063 comparavero,
3289 1994 3565 2049 orationis
3588 2011 3722 2051 eur-

441 2082 530 2138 ἀεί
584 2097 650 2151 με
698 2077 1001 2149 λεληθότως
1052 2076 1130 2146 τῷ
1166 2079 1297 2149 περ)⁵
1346 2077 1406 2131 σὲ
1438 2078 1586 2149 πόθῳ
1626 2079 2029 2148 παρέλκουσαν,

2135 2096 2255 2136 sum
2284 2082 2496 2142 sistam.
2526 2082 2619 2151 qui
2654 2098 2740 2138 me
2770 2098 2990 2154 semper
3026 2095 3251 2155 propter
3280 2101 3466 2142 meum
3505 2102 3638 2158 erga
3657 2096 3713 2142 te

442 2162 673 2229 aratro?»
719 2172 926 2242 μέτρου
977 2171 1162 2241 ἡρέμα
1219 2170 1601 2242 ἐκφέρουσαν·
1655 2170 1732 2240 τῷ
1783 2172 2031 2240 κρεῖττον

2133 2188 2379 2229 amorem
2418 2181 2475 2228 et
2504 2173 2842 2229 desiderium
2873 2176 3112 2231 latenter
3152 2186 3531 2235 transversum
3581 2182 3717 2251 agit,

438 2267 533 2321 ἀεὶ
569 2263 942 2336 φαντάζεσθαι
974 2262 1069 2316 τοῦ
1098 2263 1405 2335 αἱρεθέντος
1434 2262 1495 2316 τὸ
1517 2262 1780 2334 παρεθὲν,
1814 2263 2035 2315 πάντων

444 2360 706 2429 ἰσοτίμων
719 2358 796 2428 τῷ
819 2356 1044 2429 μεγέθει
1064 2356 1513 2427 καθεστηκότων,
1531 2356 1631 2427 τῆς
1660 2374 1720 2410 τε
1742 2358 1901 2425 νίκης
1936 2354 2032 2409 καὶ

442 2455 551 2508 τῶν
602 2453 885 2525 πρωτείων
908 2450 1160 2521 οὐδαμῶς
1195 2450 1541 2520 αἱρουμένων
1583 2450 1814 2503 ἕκαστον
1860 2448 2033 2519 ἑτέρῳ

445 2549 796 2619 παραχωρεῖν
819 2562 880 2599 τε
898 2546 990 2598 καὶ
1008 2543 1601 2608 ὑπεξίστασθαι.”Ωστε
1627 2542 1946 2614 συμϐαίνειν
1972 2542 2033 2607 ἐξ

443 2639 704 2710 εὐπορίας
738 2653 830 2707 μοι
866 2638 1067 2706 μᾶλλον
1104 2635 1167 2690 τὺ
1184 2637 1431 2705 ἀπορεῖν,
1468 2635 1562 2690 καὶ
1586 2636 1684 2707 τὴν
1712 2635 2035 2705 περιουσίαν

442 2736 522 2797 είς
560 2732 837 2803 περιφανῆ
884 2730 1091 2801 ζημίαν
1142 2729 1541 2783 καθίστασθαι⁶
1576 2729 1671 2783 καί
1712 2747 1803 2798 μοι
1844 2728 2027 2793 πλέον,

444 2826 503 2878 τὸ
550 2825 604 2877 τί
644 2825 930 2894 παρετέον,
971 2822 1004 2893 ἢ
1057 2824 1170 2887 τοῖς
1228 2821 1427 2891 ἐπίσης
1461 2822 1595 2892 ἐμοὶ
1636 2821 2029 2890 δοκιμάζουσιν

445 2919 693 2972 ἐπαινεῖν
725 2918 784 2970 τὸ
822 2917 873 2970 τί
903 2916 1086 2985 λέγειν
1117 2913 1371 2984 γίνεσθαι
1396 2930 1410 2945 ⁸
1450 2915 1545 2967 καὶ
1576 2914 1685 2986 γὰρ
1712 2909 1794 2980 εἷς
1829 2933 1941 2985 μοι,
1968 2915 2031 2969 τὸ

443 3008 506 3078 δὴ
543 3008 857 3078 λεγόμενον,
900 3007 1021 3060 ἀντὶ
1057 3006 1276 3060 πάντων
1329 3006 1593 3075 ἀρκέσει·
1636 3000 1679 3075 ᾧ
1729 3007 1822 3060 καὶ
1856 3024 2029 3078 προσ-

446 3099 596 3169 φυῶς
647 3099 810 3170 ἔχων,
847 3099 1060 3169 χαίρεις
1113 3099 1241 3161 ἴσως
1279 3097 1806 3169 παραλληλίζεσθαι.
1836 3100 1932 3163 Τίς
1983 3100 2030 3153 δ’

445 3192 512 3244 ᾰν
535 3191 720 3259 ἔτερος
747 3190 831 3260 εἴη
854 3188 888 3259 ἢ
908 3191 1318 3252 Κωνσταντϊνος
1353 3191 1595 3252 ἐκεῖνος,
1619 3190 1681 3243 τὸ
1712 3190 1854 3261 μέγα
1879 3190 2029 3261 παρὰ

2133 2274 2191 2319 et
2218 2265 2421 2319 sensim
2449 2273 2601 2318 extra
2628 2266 2850 2320 modum
2894 2267 3175 2336 producit,
3234 2278 3529 2339 prepterea
3571 2271 3722 2340 quod

2135 2356 2320 2414 animo
2346 2372 2564 2428 semper
2592 2358 2645 2412 id
2675 2359 2822 2429 quod
2849 2361 3281 2428 praetermissum
3309 2378 3419 2427 εει,
3453 2372 3721 2433 praestau-

2137 2448 2246 2505 tius
2285 2465 2406 2506 esse
2460 2465 2527 2505 eo
2568 2450 2717 2521 quod
2757 2451 3055 2508 dicendum
3116 2453 3410 2525 elegimus,
3437 2454 3658 2510 videtur
3701 2470 3717 2511 :

2132 2542 2273 2597 adeo
2304 2542 2683 2616 magnitudine
2718 2559 2820 2599 sua
2868 2546 3103 2615 aequalia
3132 2557 3264 2601 sunt
3293 2548 3502 2615 omnia,
3534 2564 3721 2620 neque

2132 2650 2234 2705 pro
2263 2649 2323 2690 se
2348 2638 2609 2709 qupdque
2640 2637 2791 2691 aliud
2838 2638 2934 2692 alii
2982 2637 3052 2694 de
3084 2639 3315 2695 victoria
3354 2641 3720 2711 partibusque

2132 2725 2327 2796 primis
2355 2727 2550 2782 cedere
2581 2729 2888 2785 constituit.
2918 2730 3112 2800 itaque
3134 2746 3202 2795 ex
3228 2732 3435 2803 ingenti
3461 2734 3616 2802 copia
3649 2732 3720 2787 ad

2134 2817 2353 2874 dicendi
2376 2819 2618 2889 inopiam
2653 2820 2865 2887 recido,
2911 2830 2967 2877 et
2999 2823 3134 2879 mihi
3184 2825 3477 2881 abundans
3518 2825 3724 2881 exube.

2134 2914 2313 2967 rantia
2340 2911 2394 2965 iu
2438 2913 2708 2984 insignem
2755 2913 3122 2986 indigentiam
3151 2916 3323 2972 cedit.
3386 2918 3517 2974 Plus
3551 2919 3717 2973 etiam

2118 3006 2340 3077 ,negotii
2368 3006 2524 3073 mihi,
2556 3009 2690 3078 quid
2729 3010 3099 3066 omittende
3147 3013 3260 3075 sit,
3306 3029 3473 3082 quam
3516 3015 3596 3069 eis
3624 3015 3721 3084 qui

2131 3097 2324 3153 laudes
2346 3108 2468 3155 tuas
2494 3117 2711 3156 mecum
2746 3104 3169 3174 persequendas
3197 3114 3538 3173 statuerunt,
3574 3110 3713 3180 quid

2132 3187 2426 3244 dicendum
2453 3191 2548 3254 sit.
2579 3192 2825 3250 facessit.
2882 3195 3037 3253 Unus
3068 3212 3210 3254 sane
3242 3199 3494 3269 quidem,
3546 3210 3608 3256 ut
3640 3203 3719 3264 ita

445 3285 680 3352 πρᾶγμα
723 3283 817 3335 καὶ
860 3282 1031 3351 ὄνομα
1063 3284 1511 3348 Κωνσταντίνοςς
1547 3277 1610 3336 οὗ
1658 3285 1755 3352 τὴν
1803 3284 2030 3354 μνήμην

2133 3279 2334 3349 dicam,
2366 3283 2503 3338 mihi
2535 3300 2635 3354 pro
2656 3287 2928 3344 omnibus
2967 3289 3226 3357 suﬂiciet,
3259 3306 3384 3348 cum
3417 3308 3529 3364 quo
3547 3296 3718 3351 etiam

440 3375 633 3447 ὥσπερ
664 3378 787 3430 τινὰ
824 3378 917 3428 καὶ
974 3379 1145 3444 πνοὴν
1180 3377 1384 3430 ἐνεῖναι
1415 3377 1551 3429 πᾶσι
1600 3375 1802 3447 χρεὼν,
1831 3377 1891 3430 ὲν
1922 3378 2033 3441 τοῖς

442 3468 901 3531 ἀναγκαιοτάτοις
945 3466 1219 3538 λαμπρῶς
1254 3466 1401 3520 οὕτω
1449 3469 1544 3522 καὶ
1586 3469 1852 3536 γενναίως
1885 3469 2032 3540 μάλα

444 3559 846 3629 ξυναραμένου’
884 3550 1316 3622 Κωνσταντῖνος,
1347 3561 1375 3613 ό
1401 3560 1570 3622 πολὺς
1605 3562 1704 3630 μὲν
1734 3563 1837 3631 τὴν
1875 3562 2033 3632 ἀρχιο

445 3651 547 3719 κήν
587 3652 921 3719 ἐπιστήμην,
944 3650 1043 3720 τὴν
1077 3649 1132 3702 δὲ
1155 3650 1368 3702 σύνεσιν
1417 3650 1818 3720 ἀπαράμιλλος,
1856 3651 1947 3702 τὸν
1974 3651 2030 3704 δὲ

447 3741 584 3812 πρὸς
614 3741 751 3794 Θεὸν
796 3741 957 3811 ζῆλον
992 3743 1085 3796 καὶ
1120 3744 1185 3813 τῇ
1224 3743 1602 3815 μεγαλουργίᾳ
1631 3745 1741 3798 τῶν
1774 3745 2032 3814 πράξεων

445 3835 676 3898 καὶτοῖς
707 3835 844 3906 ὑπὲρ
888 3835 1176 3899 εὐσεϐείας
1207 3836 1415 3903 ἀγῶσιν
1458 3834 1707 3893 ἅπαντας
1742 3837 2031 3908 ὑπερλάμ-

445 3927 571 3999 ψας,
623 3928 876 3999 καθάπερ
922 3928 1159 3996 ἀστέρας
1210 3928 1386 3999 ἥλιος.
1416 3922 1495 3982 ἿΙ
1524 3930 1631 3998 γάρ
1664 3930 1764 3983 οὐκ
1794 3930 2030 4001 ἀκριϐὴς

446 4022 657 4076 ἐκείνου
683 4020 848 4075 εἰκὼν
874 4022 959 4084 σὺ,
995 4022 1256 4092 κράτιστε
1283 4041 1298 4089 ;
1320 4022 1428 4076 Καὶ
1450 4024 1572 4094 μηδ’
1599 4022 1867 4093 ἔσοπτρον
1887 4023 2031 4078 οὕτω

450 4116 727 4187 παριστᾷν
779 4113 928 4184 ἔχειν
956 4115 1167 4178 εἰκόνος
1213 4114 1549 4185 ἀρχέτυπον,
1603 4114 1677 4177 ὡς
1724 4116 1888 4179 αὐτὸς
1932 4117 2033 4186 τῆς

447 4209 661 4260 ἐκείνου
684 4206 863 4276 ψυχῆς
891 4206 991 4270 τὰς
1014 4206 1268 4270 θεοειδεῖς
1295 4207 1565 4276 ἐμφάσεις
1585 4206 2028 4276 ἀπομαξάμενος,

447 4299 812 4363 ἀντιστίλϐεις
862 4300 1009 4368 μάλα
1044 4299 1233 4353 τοῦτον
1265 4300 1494 4369 φαίνων,
1520 4300 1616 4352 καὶ
1662 4299 1760 4370 οὐχ
1807 4295 2027 4372 ἦττον-ἢ

445 4392 671 4462 γνήσιος
731 4394 859 4454 παῖς
894 4391 987 4445 τὸν
1022 4394 1343 4463 γεννήτορά.
1382 4394 1543 4445 ’Ὥστε
1598 4393 1645 4446 εί
1681 4393 1774 4445 καὶ
1824 4392 2032 4461 τόλμης

448 4484 531 4538 σοί
561 4501 624 4552 γε
656 4483 909 4555 κριθείην
932 4483 1002 4536 τὰ
1034 4483 1263 4538 τοιαῦτα
1296 4485 1534 4554 μάλιστα
1568 4483 2031 4555 διευλαϐουμένῳ,

2133 3372 2391 3442 fortasse,
2429 3391 2528 3446 pro
2552 3393 2615 3433 ea
2638 3395 2764 3450 qua:
2786 3380 2883 3436 tibi
2915 3396 3047 3437 cum
3072 3382 3166 3437 illo
3191 3385 3487 3441 intercedit
3509 3403 3721 3457 cogna-

2137 3464 2287 3519 tione
2314 3474 2369 3521 et
2401 3467 2790 3535 similitudine,
2825 3471 3074 3527 libenter
3127 3481 3179 3528 te
3209 3475 3453 3532 conferri
3480 3479 3721 3548 patiere.

2131 3554 2215 3610 An
2274 3572 2409 3612 vero
2471 3559 2519 3614 is
2555 3559 2700 3615 alius
2776 3562 2850 3618 sit
2906 3578 3070 3632 quam
3130 3563 3534 3624 Constantinus
3603 3571 3719 3634 ille.

2133 3638 2389 3717 magnum
2426 3648 2571 3717 apud
2597 3664 2791 3705 omnes
2820 3662 3158 3707 momentum
3193 3665 3250 3709 et
3279 3671 3397 3711 non
3415 3658 3532 3713 en?
3576 3660 3723 3715 Cun—

2132 3739 2432 3806 stantinus,
2470 3740 2633 3810 cujus
2658 3744 2981 3798 memoriam
3012 3745 3183 3802 veluti
3231 3749 3491 3818 spiritum
3521 3767 3720 3823 quem-

2132 3829 2257 3886 dam
2295 3830 2475 3887 inesse
2527 3834 2790 3889 omnibus
2837 3845 3081 3906 oportet,
3140 3838 3235 3908 qui
3285 3839 3342 3895 in
3384 3846 3720 3903 necessitate

2134 3938 2351 3978 summa
2379 3934 2488 3979 tam
2519 3927 2805 3998 magnilice
2831 3936 2888 3982 et
2930 3938 3037 3984 tam
3091 3929 3314 3987 fortiter
3342 3949 3505 4005 opem
3557 3938 3720 3994 nobis

2135 4017 2279 4082 tulit;
2314 4018 2739 4087 Constantinus,
2790 4021 3008 4078 artibus
3042 4022 3419 4093 imperatoriis
3462 4045 3714 4100 magnus.

2133 4110 2431 4179 prudentia
2503 4111 2991 4184 ineomparabilis,
3054 4116 3254 4174 ardore
3322 4130 3507 4177 autem
3588 4140 3719 4196 erga

2132 4205 2328 4270 Deum,
2362 4207 2687 4277 magnisque
2734 4207 2901 4264 rebus
2953 4210 3144 4280 gestis,
3204 4217 3262 4267 e’t
3319 4215 3719 4273 certaminibus

2131 4313 2232 4367 pro
2266 4314 2394 4353 vera
2426 4299 2633 4368 pietate
2659 4301 2949 4371 susceptis,
2974 4317 3141 4371 supra
3199 4319 3393 4362 omnes
3452 4313 3717 4377 quemad-

2131 4388 2357 4443 modum
2383 4390 2465 4445 sol
2498 4405 2668 4460 super
2703 4400 2851 4446 astra
2884 4392 2987 4446 alia
3018 4394 3297 4449 relucens.
3345 4397 3429 4451 An
3470 4407 3525 4453 tu
3559 4416 3712 4464 vero,

2131 4479 2392 4550 princeps
2413 4481 2643 4551 optime,
2673 4497 2783 4536 non
2815 4492 2966 4538 certa
3004 4483 3155 4539 illius
3199 4501 3260 4542 es
3312 4487 3535 4559 imago?
3590 4492 3713 4547 Non

447 4573 652 4645 εἴποιμ’
677 4572 742 4626 ἂν
769 4573 1050 4627 καὶτοῦτο
1092 4573 1441 4645 θαρρούντως
1491 4573 1631 4642 (ἀλλ’
1665 4574 1903 4646 ἀνάσχου
1937 4578 2031 4629 καὶ

2136 4573 2442 4643 speculum,
2499 4573 2906 4640 mediusfidius,
2953 4576 3027 4631 ita
3079 4576 3407 4646 primarium
3464 4582 3721 4651 imaginis

447 4666 845 4734 συμφιλοσόιρει
880 4664 958 4729 τῷ
1004 4663 1200 4736 λόγῳ),
1244 4664 1361 4717 υἱὸν
1390 4664 1526 4719 Θεοῦ
1584 4682 1646 4718 σε
1690 4668 1833 4719 κατὰ
1877 4668 2041 4739 χάριν

451 4757 665 4825 μάλιστ’
721 4754 903 4821 εἰδὼς,
938 4760 1033 4810 καὶ
1075 4758 1299 4827 χριστὸν
1350 4758 1557 4824 Κυρίου
1590 4758 1750 4829 εἴπερ
1783 4760 1926 4824 τινὰ,
1955 4763 2036 4814 εί-

446 4848 578 4900 κὸνα
631 4865 691 4900 σε
746 4847 1172 4918 ἀπαράλλακτον
1213 4844 1376 4915 εἶναι,
1426 4848 1524 4918 τὴν
1571 4850 1779 4905 ἐκείνου
1834 4851 2037 4922 εὐσεϐῆ

446 4938 525 5009 τῷ
554 4937 670 4993 ὄντι
706 4940 802 4992 καὶ
847 4939 1066 5010 μορφὴν
1103 4940 1198 4992 καὶ
1232 4939 1466 5009 δύναμιν
1496 4940 1908 5012 περικείμενον,
1942 4943 2038 4998 καὶ

446 5034 770 5103 χαρακτῆρα
797 5028 909 5086 οἷον
938 5036 1035 5103 τῆς
1057 5033 1316 5103 ψυχικῆς,
1347 5034 1524 5086 εῐτουν
1546 5034 1834 5105 βασιλικῆς
1867 5035 2034 5089 αὑτοῦ

459 5127 644 5194 σαφῶς
660 5127 1344 5194 ὑποστάσεως.Σκοπῶμεν
1362 5128 1417 5180 δὲ
1432 5125 2032 5199 οὖτως.Ἐγχειρίζεται

451 5218 587 5287 πρὸς
610 5217 745 5270 Θεοῦ
777 5218 835 5270 τὸ
859 5216 1133 5286 βασίλειον
1158 5220 1365 5281 ἐκεῖνος
1398 5222 1701 5289 σκῆπτρον.
1725 5219 1795 5273 τὰ
1827 5221 2033 5290 πάτρια

446 5306 727 5375 προλιπὼν
753 5346 768 5370 ,
795 5305 888 5358 καὶ
912 5306 1031 5376 θείᾳ
1052 5306 1343 5375 δυναστείᾳ
1368 5306 1474 5357 τῶν
1504 5306 1800 5375 ἀλιτηρίων
1833 5306 2032 5377 τυ’ρά·.-

447 5418 551 5452 νων
586 5401 823 5469 μάλιστα
853 5402 1218 5468 περιγίνεται,
1253 5398 1379 5452 κατ’
1412 5399 1639 5470 οὐρανὸν
1662 5400 1721 5453 τὸ
1751 5399 1848 5469 τῆς
1875 5402 2032 5471 νίκης

445 5490 720 5561 θεώμενος
765 5493 1051 5563 τρόπαιον.
1108 5494 1220 5546 Καὶ
1256 5492 1320 5545 σὺ
1370 5491 1428 5545 δὲ
1457 5493 1550 5545 τὸν
1592 5494 1707 5547 ίσον
1738 5494 1941 5564 τρόπον
1970 5494 2032 5545 τὸ

444 5586 645 5654 κράτος
674 5583 1116 5657 περιϐαλόμενος
1136 5626 1150 5651 ,
1183 5586 1278 5639 καὶ
1317 5586 1377 5640 τὸ
1409 5585 1684 5640 νικοποιδν
1726 5585 1890 5640 ὅπλον
1933 5586 2032 5656 οὐχ

2145 4664 2427 4732 exemplar
2457 4662 2658 4729 reddit,
2684 4664 2847 4720 sicuti
2915 4673 2974 4721 tu
3035 4667 3287 4723 divinum
3317 4673 3516 4727 anima:
3572 4675 3723 4730 illius

2142 4755 2420 4826 specimen
2450 4756 2790 4826 exprimens,
2822 4768 2991 4828 atque
3025 4758 3180 4813 illum
3228 4760 3524 4817 admodum
3582 4767 3725 4821 refe-

2142 4863 2292 4913 rens,
2325 4847 2583 4918 refulges,
2646 4864 2758 4904 non
2810 4849 2976 4907 aliter
3005 4867 3170 4922 quam
3222 4868 3523 4924 germanus
3579 4855 3724 4911 filius

2138 4947 2349 5009 patrem
2378 4953 2540 4994 suum
2578 4949 3036 5009 repraesentaret.
3083 4943 3188 5013 21
3226 4946 3406 5014 Atque
3433 4947 3718 5014 equidem.

2138 5031 2389 5100 quamvis
2414 5030 2704 5086 audaciam
2744 5048 2926 5088 meam
2972 5042 3023 5090 te
3051 5035 3493 5106 improbaturum
3524 5040 3717 5105 sciam,

2137 5122 2231 5192 qui
2259 5122 2494 5177 maxime
2520 5123 2709 5194 fugere
2731 5132 2787 5179 et
2819 5141 3019 5181 cavere
3051 5127 3179 5184 talia
3211 5130 3382 5195 soles,
3441 5130 3627 5185 dicere
3656 5133 3723 5186 il-

2137 5212 2231 5266 lud
2289 5223 2470 5269 tamen
2525 5215 2791 5270 audacter
2829 5229 2965 5271 sane
3024 5234 3132 5273 non
3165 5218 3414 5273 dubitem
3465 5219 3632 5289 (quod
3669 5232 3720 5276 te

2136 5323 2269 5377 rogo
2317 5314 2376 5359 ut
2416 5306 2651 5377 patiare,
2709 5318 2765 5364 ct
2829 5311 3098 5365 rationem
3139 5327 3352 5366 mecum
3377 5313 3718 5379 consideres,

2134 5400 2226 5469 qui
2245 5408 2295 5455 te
2313 5399 2481 5454 ﬁlium
2503 5401 2593 5456 Dei
2611 5404 2945 5473 pergratiam
2964 5413 3018 5458 et
3035 5403 3302 5458 christum
3326 5406 3539 5461 Domini
3579 5424 3723 5478 prce-

2135 5503 2219 5547 ter
2260 5503 2488 5548 caeteros
2518 5494 2754 5548 maxime
2778 5509 2901 5549 esse
2931 5496 3143 5565 sciam),
3177 5496 3468 5567 imaginem
3495 5507 3544 5552 te
3573 5499 3723 5561 illius

2134 5601 2231 5656 per
2280 5586 2465 5641 omnia
2533 5586 2768 5643 similem
2827 5586 3108 5658 esse,’,qui
3165 5602 3297 5645 vere
3352 5591 3496 5660 piam
3566 5591 3718 5653 illius

521 5738 597 5809 (l)
654 5739 957 5810 Imperator
1011 5743 1316 5815 longaevus.
1378 5742 1815 5815 Septuagenario
1873 5741 2021 5798 enim
2063 5744 2241 5815 major
2263 5752 2514 5799 mortuus
2541 5755 2647 5801 est.
