4032 6426
345 328 445 393 591

1563 317 1993 381 NICEPHORI
2039 316 2388 381 CALLISTI

3520 321 3620 384 599

346 445 579 498 formam
638 449 694 497 et
748 440 858 495 vim
928 439 1414 509 cbaraeteremque
1484 436 1743 492 animalis
1801 435 1913 489 sive

2027 433 2196 502 ἅπαξ,
2250 435 2371 490 ἀλλ’
2405 437 2495 492 ἀεὶ
2524 435 2688 508 δρῶν,
2728 439 2825 494 καὶ
2856 440 3014 512 χερσὶ
3058 437 3222 494 τοῦτο
3260 437 3613 512 διακατέχων.

345 535 717 605 imperatoria:
739 534 860 604 ejus
908 532 1282 588 subsistentia:
1330 538 1519 600 aperte
1550 528 1828 583 obtinens.
1856 525 1917 581 id

343 643 478 681 vero
512 626 594 695 sic
617 627 1054 680 consideremus.
1113 623 1342 694 Accepit
1394 621 1506 686 illc,
1551 620 1745 691 patriis
1804 633 1922 673 mo-

344 718 501 773 ribus
524 718 751 783 relictis,
802 732 832 771 a
876 717 987 771 Deo
1041 715 1331 786 imperiale
1385 722 1664 783 sceptrum
1699 729 1713 765 :
1748 721 1803 765 et
1838 709 1922 764 di-

343 811 469 864 vina
497 810 739 879 potentia
772 808 1003 862 maxime
1029 806 1225 871 fretus,
1254 805 1517 862 scelestos
1547 813 1601 858 et
1640 803 1921 873 pernicio-

340 917 433 958 sos
468 905 749 975 tyrannds,
784 902 835 955 in
866 901 1005 957 cmlo
1022 900 1266 956 victorire
1294 910 1498 970 trepmo
1523 898 1663 963 viso,
1692 897 1916 952 devicit.

342 997 422 1053 'i'u
445 1011 664 1067 quoque
688 995 752 1049 ad
782 997 1037 1049 eumdem
1066 993 1311 1058 modum,
1339 1007 1552 1047 summa
1580 1005 1762 1046 rerutn
1794 1004 1920 1045 sus-

343 1093 520 1154 cepta,
557 1094 615 1140 et
665 1086 877 1141 victrici
927 1093 1208 1140 armatura
1248 1099 1358 1139 non
1413 1081 1606 1143 semel,
1659 1081 1753 1138 sed
1782 1095 1919 1135 con-

344 1179 496 1233 tinue
528 1178 799 1247 inspecta,
827 1188 994 1247 atque
1022 1176 1077 1230 in
1105 1174 1365 1230 manibus
1416 1180 1650 1244 gestata,
1684 1186 1782 1228 seu
1814 1185 1918 1241 po-

343 1270 452 1325 tius
479 1271 533 1324 in
568 1270 736 1326 corde
767 1278 882 1333 tuo,
933 1278 995 1323 ut
1034 1283 1131 1338 per
1159 1282 1322 1338 quam
1355 1266 1528 1321 solam
1563 1274 1618 1321 et
1666 1265 1819 1343 vivas
1861 1272 1920 1319 et

338 1361 517 1431 spires
544 1370 601 1416 et
632 1376 914 1425 moveare,
946 1360 1291 1424 circumlata,
1325 1359 1538 1424 itidem,
1578 1366 1638 1413 ut
1667 1357 1779 1418 ille.
1803 1356 1918 1410 for-

341 1452 469 1507 titer
504 1451 852 1508 adversarios
903 1451 1197 1522 superasti,
1253 1450 1573 1522 quicunque
1630 1462 1915 1519 opponere

338 1559 398 1600 se
431 1544 530 1599 tibi
571 1552 701 1600 sunt
741 1544 885 1611 ausi,
942 1543 1262 1614 invictoque
1290 1542 1461 1598 Marte
1491 1539 1561 1596 de
1587 1540 1672 1596 eis
1712 1540 1915 1595 trium-

339 1637 510 1708 phum
536 1637 723 1708 egisti.
748 1637 885 1705 Quis
915 1650 1153 1706 namque
1201 1644 1252 1691 te
1279 1635 1535 1705 aspicere
1558 1632 1755 1688 saltem
1778 1643 1915 1688 ἐυε-

341 1730 525 1794 tinuit,
561 1729 690 1785 forti
728 1745 891 1784 manu
917 1727 1015 1784 Dei
1065 1737 1120 1784 et
1150 1726 1372 1785 excelso
1429 1725 1658 1781 brachio
1719 1723 1917 1780 sull‘ul-

2027 529 2233 600 μᾶλλον
2276 529 2685 601 δέκπεριφέρων
2736 533 3051 602 ἐγκάρδιον,
3083 532 3160 597 ὼς
3186 532 3336 601 αὖτῷ
3363 533 3425 601 δὴ
3464 533 3616 605 μόνῳ

2024 621 2120 673 καὶ
2150 618 2252 689 ζῇν
2285 617 2382 672 καὶ
2420 623 2574 673 πνεῖν
2605 621 2699 674 καὶ
2724 621 3019 686 κινεῖσθαι,
3055 623 3255 691 ἐπίσης
3289 624 3482 691 ἐκείνῳ
3509 642 3613 676 κα-

2020 710 2298 781 τακράτος
2330 714 2586 784 περιγίνῃ
2603 713 2713 766 τῶν
2742 715 3024 776 ἐναντίων,
3049 716 3165 768 ὅσοι
3195 713 3314 783 δῆτ’
3332 715 3614 785 ἀνταίρειν

2022 803 2106 856 σοί
2137 819 2201 872 γε
2234 803 2445 875 τόλμης
2478 805 2748 869 ἐγένοντο,
2777 805 2983 877 ἀμάχῳ
3011 805 3302 874 δυναστείᾳ.
3335 822 3611 874 κατατρο-

2023 896 2317 966 πούμενοι.
2357 896 2459 959 Τίς
2501 896 2609 967 γάρ
2642 898 2836 951 σε’καὶ
2871 897 3241 968 προσϐλέπειν
3289 892 3441 965 εἶχε,
3473 896 3613 950 θεοῦ

2020 990 2166 1060 χειρὶ
2193 982 2432 1061 κραταιᾷ
2460 989 2646 1060 καὶτῷ
2675 990 2865 1060 ὑψηλῷ
2888 990 3140 1062 βραχίονι
3170 989 3364 1043 τούτου
3394 990 3615 1060 ἐπερει-

2019 1082 2250 1153 δόμινόν
2281 1097 2343 1135 τε
2375 1086 2472 1139 καὶ
2503 1082 2935 1152 στηριζόμενονς
2982 1082 3297 1151 Ἀνίστησιν
3326 1074 3481 1145 οὗτος
3509 1082 3610 1134 τεό-

2018 1173 2105 1228 λιν
2141 1173 2415 1244 βασίλειον
2461 1174 2539 1245 τῷ
2584 1175 2724 1247 Θεῷ,
2766 1175 2860 1229 καὶ
2906 1177 2984 1235 είς
3026 1174 3225 1235 κάλλος
3261 1173 3468 1245 ἐξαίρει
3515 1174 3609 1227 καὶ

2022 1263 2275 1335 μέγεθος,
2312 1265 2594 1334 σεμνύνων
2619 1267 2680 1319 οὗ
2718 1268 2832 1328 τοῖς
2867 1265 3189 1333 ἀναγκαίοις
3218 1265 3463 1335 διαρκῶς
3514 1266 3611 1334 μό-

2017 1372 2129 1422 νον,
2147 1356 2282 1410 άλλά
2309 1374 2374 1426 γε
2400 1357 2464 1428 δὴ
2492 1359 2588 1411 καὶ
2622 1360 2739 1422 τοῖς
2767 1359 3064 1430 περιττοῖς,
3094 1358 3341 1428 τρόπαιά
3376 1374 3436 1409 τι
3465 1357 3611 1410 κατά

2016 1449 2079 1503 τὸ
2117 1449 2182 1501 ἐκ
2238 1447 2439 1502 πολλοῦ
2475 1448 2795 1518 ἐμφωλεῦον
2846 1450 2965 1502 ἐκεῖ
3016 1449 3312 1521 λῃστρικὸν
3360 1450 3607 1513 ἀνιστάς.

2027 1537 2358 1610 Ἐλευθέραν
2396 1539 2492 1594 καὶ
2533 1539 2599 1592 σὺ
2645 1539 2854 1609 ταύτην
2881 1540 2991 1592 τῶν
3019 1540 3409 1609 κατασχόντων
3437 1539 3608 1593 πάλαι

2015 1630 2286 1694 δεικνύεις
2323 1630 2544 1703 λῃστῶν
2570 1672 2586 1693 ,
2636 1632 2730 1684 καὶ
2776 1633 2972 1703 καινήν
3002 1648 3124 1685 τινα
3165 1633 3260 1686 καὶ
3296 1633 3424 1686 νέαν
3450 1628 3609 1696 αὖθις

2019 1721 2356 1793 ἐγκαθιστᾷς
2376 1738 2390 1753 ο
2421 1723 2651 1795 στερρὸν
2698 1724 3020 1795 περικύκλῳ
3052 1723 3267 1794 βάλλων
3298 1726 3360 1779 τδ
3405 1728 3607 1795 τεῖχος,

344 1832 456 1878 tum
485 1831 542 1879 et
571 1822 999 1880 conﬁrmatum?
1022 1822 1295 1878 Excitavit
1314 1820 1403 1877 ille
1423 1830 1481 1876 et
1511 1819 1784 1876 exstruxit
1804 1819 1913 1874 Deo

2020 1815 2115 1867 καὶ
2130 1813 2301 1868 τᾶλλα
2323 1814 2526 1885 ταύτης
2553 1813 2615 1869 εὖ
2649 1814 2795 1886 μάλα
2823 1817 3126 1885 φιλοτίμως
3146 1816 3598 1889 ἐξεργαζόμενος,

340 1914 533 1970 urbem
584 1914 961 1985 imperialem,
1020 1913 1382 1984 eamdemque
1440 1912 1509 1966 ad
1571 1911 1803 1966 formam
1854 1919 1913 1967 et

2017 1906 2222 1976 φαιδρὰ
2253 1906 2497 1976 φαιδρῶς
2541 1906 2858 1979 ἁπανταχοῦ
2891 1910 3010 1971 ταῖς
3036 1907 3227 1979 δψεσιν
3274 1908 3607 1962 ἀπαντῶντα

338 2007 777 2078 magnitudinem
809 2008 1090 2078 ingentem
1124 2006 1344 2072 extulit,
1377 2021 1488 2061 non
1508 2005 1687 2061 solum
1723 2019 1913 2059 neces-

2017 1999 2109 2056 καὶ
2150 2000 2559 2071 συνανίσχοντα,
2606 2003 2703 2056 καὶ
2743 2002 2925 2067 διδοὺς
2961 2004 3246 2057 καλεῖσθαι
3296 2004 3326 2058 δ
3358 2005 3604 2074 λέγεται,

333 2098 496 2154 sariis
518 2098 687 2154 rebus
715 2097 958 2161 abunde,
982 2112 1172 2175 verum
1197 2096 1364 2152 etiam
1388 2095 1681 2166 superﬁuis
1704 2095 1913 2166 magni-

2017 2090 2271 2163 δεύτερος
2305 2093 2595 2164 πολιοῦχος
2628 2094 2721 2148 καὶ
2749 2095 2997 2166 οἰκιστὴς
3032 2096 3241 2167 κυρίως
3272 2096 3441 2166 αὐτῆς
3470 2097 3608 2150 καθ-

339 2191 441 2246 liee
472 2206 778 2259 exornans,
806 2206 908 2247 nec
933 2208 1047 2247 non
1081 2202 1285 2262 tropaea
1316 2193 1384 2249 de
1416 2192 1789 2264 praedonibus,
1817 2189 1913 2261 qui

2017 2183 2211 2248 εστώς.
2269 2184 2413 2239 Ἀλλ’
2454 2185 2676 2257 ἐδράζει
2707 2188 2808 2258 μὲν
2845 2189 3052 2251 ἐκεῖνος
3093 2188 3153 2242 τδ
3183 2188 3360 2258 δόγμα
3384 2191 3484 2258 τῆς
3514 2190 3606 2243 πίο

333 2285 509 2339 multo
542 2292 790 2355 tempore
816 2284 867 2338 ei
907 2284 1326 2349 incubaverant,
1379 2285 1597 2353 ejectis,
1639 2290 1911 2347 statuens.

2018 2295 2211 2341 στεως,
2250 2278 2349 2331 καὶ
2375 2280 2596 2348 συγχέει
2625 2280 2879 2347 γλώσσας
2902 2269 3269 2352 ἆλλοφρόνων,
3292 2283 3503 2337 ἀδικίαν
3526 2284 3608 2346 εις

339 2374 608 2431 Liberasti
641 2375 785 2429 bane
814 2385 869 2429 tu
897 2390 1122 2446 quoque
1163 2376 1233 2431 ab
1261 2376 1345 2431 eis
1374 2377 1466 2445 qui
1502 2389 1624 2430 eam
1677 2388 1913 2444 oecupa-

2017 2372 2076 2425 τδ
2108 2370 2244 2442 ὕψος
2286 2370 2553 2435 λαλούσας
2579 2388 2594 2404 ·
2626 2372 2721 2426 καὶ
2751 2372 2826 2436 ὡς
2872 2370 3128 2444 Ἀϐραάμ
3159 2390 3243 2439 τις
3277 2374 3439 2439 ἄλλος
3480 2375 3608 2439 τοὺς

334 2478 527 2523 verant
554 2468 884 2534 latronibus,
919 2483 1231 2538 novamque
1279 2482 1401 2522 eam
1437 2475 1495 2522 et
1544 2467 1913 2540 iuvenescen-

2017 2467 2368 2537 τριακοσίους
2412 2467 2673 2538 ἀθροίσας
2717 2468 3043 2537 οίκογενεῖς,
3086 2470 3319 2523 κατόπιν
3367 2468 3605 2532 ἐλαύνει,

335 2567 446 2610 tem
502 2557 831 2619 reddidisti,
891 2558 1172 2613 moenibus
1209 2556 1402 2613 solidis
1441 2556 1802 2614 circumcirca
1850 2570 1913 2611 ea

2017 2559 2147 2623 τοὺς
2191 2559 2323 2631 περὶ
2360 2558 2455 2614 τὸν
2500 2560 2827 2632 μαινόμενον
2875 2561 3100 2632 Ἀρειον
3150 2559 3460 2615 ἐπιδιώκων
3507 2561 3607 2614 καὶ

333 2650 555 2713 vallata,
589 2650 823 2720 aliisque
860 2651 981 2721 ejus
1008 2649 1261 2706 aediliciis
1291 2650 1622 2721 perpuleltre
1653 2657 1710 2704 et
1739 2648 1913 2703 ambi-

2018 2653 2428 2726 καταρῤάσσων
2450 2669 2464 2685 ·
2483 2653 2580 2707 καὶ
2610 2652 2670 2706 τὸ
2694 2654 2920 2724 γνήσιον
2954 2651 3033 2724 τῷ
3048 2651 3165 2723 Υίῷ
3190 2655 3513 2723 προσκυροῖ,
3541 2652 3606 2706 οὐ

337 2742 477 2795 tiose
511 2741 834 2803 exstructis,
868 2757 992 2811 quae
1021 2742 1144 2796 laeta
1168 2742 1374 2813 ubique
1415 2743 1539 2797 laete
1568 2754 1691 2797 sese
1738 2740 1913 2796 oculis

2022 2745 2231 2817 κτίσμα
2262 2745 2408 2802 κατὰ
2437 2745 2565 2810 τοὺς
2593 2744 2859 2817 ἄφρονας,
2892 2744 3008 2800 ἀλλ’
3037 2746 3325 2817 δμοούσιον
3368 2746 3444 2815 τῷ
3472 2747 3608 2800 Γενο-

333 2832 581 2885 mnnium
605 2832 864 2901 ingerunt
891 2839 948 2884 et
980 2842 1358 2902 consurgunt:
1391 2829 1733 2901 eﬂ‘ecistique
1755 2829 1913 2896 adeo,

2022 2841 2211 2912 νήτορι
2245 2838 2608 2910 δογματίζων,
2636 2839 2822 2894 είκόνα
2846 2857 2906 2894 τε
2941 2839 3123 2906 αὖθις,
3155 2839 3609 2912 ἀλλ’άπαράλλα-

335 2932 395 2974 ιιι
424 2937 546 2987 suo,
581 2922 657 2977 ita
688 2931 749 2977 ut
773 2923 1105 2994 appellatur,
1138 2923 1476 2995 respondeat
1506 2923 1746 2991 numini,
1817 2922 1913 2994 qui

2026 2947 2177 2996 κτον,
2227 2930 2325 2984 xal.
2373 2930 2704 3002 χαρακτῆρα
2744 2930 2844 3002 τῆς
2889 2933 3166 3004 πατρικῆς
3213 2932 3603 2994 ὑποστάσεως,

332 3017 472 3069 alter
495 3015 712 3071 scilicet
762 3017 1024 3072 conditor
1077 3017 1197 3086 ejus
1249 3033 1311 3074 es
1363 3026 1421 3073 et
1468 3017 1607 3073 deus
1646 3017 1913 3074 tutelaris.

2028 3022 2126 3077 καὶ
2170 3021 2386 3091 πατέρα
2428 3024 2551 3087 τατς
2590 3021 2874 3093 ἀληθείαις
2923 3024 3018 3078 τὸν
3057 3024 3294 3097 ἄναρχον
3349 3024 3602 3095 Πατέρα,

331 3099 426 3163 Ille
460 3107 586 3164 ﬁdei
615 3107 815 3179 dogma
849 3108 1218 3175 conﬁrmavit,
1268 3119 1323 3164 et
1347 3109 1566 3181 linguas
1617 3109 1759 3163 male
1791 3121 1913 3163 sen-

2028 3114 2177 3167 τοῦτ’
2212 3114 2345 3168 αὑτό
2381 3129 2447 3181 γε
2471 3112 2602 3168 δντα
2633 3116 2800 3177 ποιεῖ,
2823 3114 2886 3169 ἰδ
2912 3115 3194 3187 προσῆκον
3219 3116 3295 3179 ὡς
3325 3116 3606 3185 προσῆκεν

332 3202 592 3257 tientium
617 3202 895 3269 confudit,
930 3202 1258 3276 iniustitiam
1291 3202 1346 3257 iu
1380 3201 1620 3257 sublime
1672 3201 1910 3273 loquen-

2017 3205 2236 3276 ἀξίωμα
2260 3205 2639 3276 χαριζόμενος.
2670 3205 2736 3260 Τί
2760 3206 2815 3260 δέ
2851 3206 2945 3261 καὶ
2974 3207 3060 3260 σοί
3077 3224 3093 3272 ;
3122 3206 3237 3260 Οὐκ
3267 3205 3381 3268 ίσος
3405 3205 3601 3276 ἐκείνῳ

332 3307 417 3350 tes
448 3310 464 3349 :
499 3303 557 3350 et
577 3295 808 3365 perinde
832 3304 998 3367 atque
1025 3296 1168 3351 alter
1201 3294 1427 3366 quidam
1461 3293 1766 3361 Abraham,
1795 3302 1910 3348 trc-

331 3388 512 3443 centis
551 3388 745 3444 decem
784 3397 842 3444 et
870 3398 997 3445 octo
1019 3389 1336 3444 vernaculis
1366 3388 1689 3450 contractis,
1724 3400 1911 3457 prtese

329 3481 706 3551 cgitArianos
737 3481 1008 3548 furentes,
1049 3494 1391 3551 persequens
1433 3494 1531 3536 eos
1583 3487 1749 3550 atque
1779 3493 1915 3534 con-

333 3572 600 3645 l‘ringens,
626 3588 1061 3645 germanamque
1115 3582 1174 3629 et
1207 3574 1454 3629 nativum
1497 3571 1590 3644 jus
1616 3571 1756 3627 Filio
1809 3570 1912 3627 de-

330 3674 485 3721 creto
518 3682 620 3723 suo
651 3677 709 3723 et
736 3667 1070 3724 auctoritate
1099 3666 1386 3731 stabilivit,
1433 3683 1541 3722 non
1575 3675 1910 3730 creaturam,

333 3758 498 3815 sicuti
528 3759 784 3816 homines
812 3759 1152 3830 desipientes
1171 3757 1382 3830 opinati
1417 3768 1566 3821 sunt,
1583 3756 1678 3814 sed
1716 3756 1914 3828 ὀμοού-

337 3869 475 3919 σιον,
521 3854 628 3908 hoc
673 3860 780 3917 est,
833 3853 1370 3913 consubstantialem
1411 3853 1562 3908 Patri
1605 3867 1733 3907 eum
1766 3867 1912 3915 esse,

337 3960 436 4001 nec
462 3960 575 4000 non
622 3944 940 4015 imaginem,
994 3945 1091 4001 sed
1122 3961 1243 4001 eam
1283 3945 1361 3999 illi
1391 3960 1492 4015 per
1540 3946 1725 4000 omnia
1760 3944 1914 4000 simi-

335 4039 470 4100 lem,
507 4044 566 4092 et
596 4037 980 4092 characterem
1028 4050 1122 4092 seu
1162 4036 1389 4106 ﬁguram
1420 4036 1788 4091 subsistentia!
1813 4050 1913 4106 pa-

333 4140 509 4185 ternae
541 4135 811 4191 statuens,
843 4138 900 4183 et
931 4128 1148 4182 Patrem
1180 4141 1374 4182 revera
1417 4127 1678 4197 principii
1714 4141 1912 4197 exper-

333 4231 444 4276 tem
474 4220 695 4275 Patrem
729 4233 745 4272 :
779 4218 886 4289 22
921 4218 977 4274 id
1012 4219 1192 4288 ipsum
1224 4215 1441 4275 scilicet
1476 4233 1603 4274 vere
1633 4219 1913 4274 exsisten-

332 4322 442 4367 tem
469 4312 700 4379 iaciens,
762 4318 821 4367 et
843 4320 1263 4381 congruentem,
1336 4310 1408 4365 ita
1467 4320 1526 4366 ut
1558 4325 1777 4381 aequum
1804 4320 1911 4375 est,

332 4404 658 4476 dignitatem
720 4405 773 4459 ei
830 4404 1101 4459 tribuens.
1160 4404 1244 4459 Tu
1299 4417 1432 4458 vero
1484 4401 1659 4474 quid?
1715 4405 1910 4458 Annon

329 4495 588 4551 eumdem
617 4510 741 4550 cum
778 4494 874 4550 illo
918 4510 1141 4550 cursum
1200 4495 1270 4551 de
1324 4493 1670 4549 conuaturali
1698 4493 1908 4563 Spiritu

330 4587 603 4641 tenuisti?
655 4587 909 4659 Namque
963 4589 1203 4644 concilio
1254 4597 1448 4643 coacto
1504 4585 1615 4641 non
1646 4585 1905 4657 equidem

329 4678 759 4735 vernaculorum
816 4680 1206 4750 quorumdam,
1262 4680 1357 4734 sed
1410 4678 1670 4735 Ecclesia:
1706 4678 1912 4749 primo-

332 4774 646 4846 genitorum
675 4775 1033 4835 nostratium,
1067 4773 1236 4828 veluti
1264 4771 1488 4842 quidam
1524 4787 1703 4827 novus
1733 4771 1908 4826 Abra-

334 4868 483 4932 ham,
515 4865 732 4921 beatam
769 4881 965 4921 rursus
991 4864 1234 4935 hospitio
1251 4864 1515 4934 excepisti
1544 4864 1866 4919 Trinitatem
1891 4881 1905 4928 ;

329 4967 387 5016 et
420 4958 719 5030 phalanges
751 4971 945 5012 eorum
974 4956 1067 5026 qui
1106 4971 1138 5011 e
1182 4957 1366 5027 lingua
1393 4956 1736 5021 laborarunt,
1792 4957 1913 5012 dis-

334 5054 588 5117 turbans,
638 5050 1049 5120 processionem
1103 5051 1246 5104 unde
1272 5065 1334 5103 ea
1379 5052 1666 5120 proveniat
1700 5050 1914 5120 liquido

331 5144 619 5201 tleclarasti
649 5160 665 5198 :
688 5159 753 5197 ex
780 5143 895 5198 solo
913 5141 1161 5197 videlicet
1176 5140 1449 5215 Patren),
1472 5141 1615 5197 unde
1633 5145 1797 5197 etiam
1819 5156 1915 5194 cx-

334 5236 642 5293 sistcutiam
672 5250 827 5291 suam
861 5234 1267 5304 inexcogitabili
1315 5235 1503 5300 modo,
1531 5247 1911 5289 verumtamen

335 5340 396 5384 ut
416 5329 656 5398 genitus,
676 5327 842 5383 babet
882 5327 1071 5382 Filius.
1101 5327 1338 5382 Proinde
1368 5337 1422 5383 et
1459 5329 1591 5383 illud
1615 5345 1740 5384 cum
1772 5329 1912 5383 ﬁdu-

409 5463 487 5533 (l)
521 5461 880 5533 imperatoris
906 5461 1067 5516 istius
1095 5459 1285 5527 ductu,
1320 5463 1373 5517 in
1406 5463 1644 5533 concilio
1666 5462 1911 5533 episcopi

337 5533 648 5603 Orientales
679 5532 945 5602 Spiritum
959 5542 1219 5603 sanetum
1252 5547 1317 5587 ex
1359 5534 1476 5589 solo
1503 5532 1686 5598 Patre,
1722 5532 1913 5587 contra

335 5601 742 5666 Occidentales,
771 5601 1074 5672 procedere.
1104 5611 1442 5658 statuerunt.
1475 5603 1584 5659 Sed
1610 5621 1717 5657 non
1757 5605 1917 5672 longe

339 5682 482 5739 post,
511 5689 536 5724 a
572 5668 785 5741 ncpotc'
821 5674 937 5743 ejus
976 5668 1187 5727 Joanne
1217 5672 1521 5743 Palmologo
1581 5668 1916 5743 imperatore

337 5753 582 5801 auclore,
632 5743 686 5795 in
720 5743 1033 5797 Florentius
1065 5743 1462 5812 syuutlo,anno
1495 5745 1706 5798 Domini
1743 5744 1912 5808 “59,

336 5813 506 5866 Graeci
531 5814 582 5864 in
612 5812 934 5867 Latinorum
965 5818 1293 5870 sententiam
1322 5816 1557 5885 pedibus
1582 5815 1912 5881 discessere,

2012 3299 2214 3369 δρόμος
2247 3296 2377 3367 περὶ
2416 3296 2513 3352 τοῦ
2568 3297 2854 3369 συμφυοῦς
2899 3299 3259 3369 Πνεύματοςς
3300 3298 3603 3366 Συλλόγους

2010 3393 2105 3446 καὶ
2165 3392 2275 3461 γὰρ
2321 3390 2596 3461 ἠθροικὼς
2643 3391 2743 3445 οὐκ
2795 3391 3089 3460 οἰκογενῶν
3137 3390 3202 3463 δή
3249 3406 3432 3454 τινων,
3488 3390 3602 3445 ἀλλ’

2025 3486 2357 3557 Ἐκκλησίαν
2391 3486 2761 3556 πρωτοτόκων
2788 3485 2896 3539 τῶν
2936 3484 3059 3538 καθ’
3087 3485 3261 3554 ἡμᾶς,
3297 3481 3492 3553 ὥσπερ
3517 3500 3604 3547 τις

2013 3579 2134 3644 νέος
2149 3576 2435 3642 καθεστὼς
2468 3576 2744 3649 Ἀϐραὰμ,
2774 3578 2873 3649 τὴν
2910 3576 3188 3647 μακαρίαν
3213 3575 3306 3628 καὶ
3336 3573 3494 3637 αὖθις
3524 3573 3606 3638 ξε·

2011 3671 2127 3735 νίζε
2136 3690 2183 3736 ις
2204 3671 2436 3742 Τριάδα,
2475 3671 2567 3725 καὶ
2585 3669 2953 3739 γλωσσαλγῶν
2969 3668 3252 3739 φάλαγγας
3271 3668 3601 3735 διατέμνειςο

2014 3763 2240 3819 κάκεῖνο
2264 3764 2478 3835 τρανῶς
2493 3763 2594 3835 τὴν
2620 3764 2951 3834 ἐκπόρευσιν
2981 3761 3103 3817 ὅθεν
3126 3761 3240 3831 ἔχει
3267 3760 3557 3827 διασαφεῖς
3582 3798 3598 3823 ,

2012 3858 2207 3929 ὅτιπερ
2249 3859 2314 3911 ἐκ
2346 3850 2513 3927 μόνου
2557 3857 2761 3927 δηλαδὴ
2789 3854 2884 3909 τοῦ
2929 3853 3167 3919 Πατρδς,
3210 3851 3333 3907 ὅθεν
3362 3852 3423 3906 τὸ
3456 3849 3599 3905 εἶναι

2013 3950 2414 4022 ἀπερινοήτως,
2439 3947 2581 4020 πλὴν
2603 3948 2902 4017 γεννητῶς,
2924 3949 3019 4002 καὶ
3046 3946 3124 4016 τῷ
3150 3946 3265 4014 Υίῴ
3279 3948 3597 4014 πρόσεστιν.
3696 3958 3701 3963 ·

2017 4041 2181 4095 Ὥστε
2230 4041 2295 4113 δὴ
2358 4043 2579 4095 κάκεῖνο
2617 4041 2682 4094 ἂν
2729 4040 3077 4112 θαρρούντως
3134 4039 3285 4110 ἐρῶ,
3333 4038 3409 4101 ὼς
3462 4039 3599 4107 ὅπερ

2013 4137 2207 4204 ἐκείνῳ
2243 4134 2374 4204 περὶ
2411 4133 2504 4187 τοῦ
2533 4134 2663 4187 Υίοῦ
2705 4134 2975 4203 πρότερον
3003 4130 3295 4203 ἐχαρίσθη,
3324 4129 3482 4185 τοῦτό
3514 4130 3599 4182 σοί

2013 4226 2069 4297 γ’
2102 4229 2162 4280 ἐν
2187 4227 2438 4298 ὑστέροις
2468 4224 2800 4293 ἐνεπνεύσθη
2850 4227 2980 4294 περὶ
3013 4224 3106 4277 τοῦ
3141 4222 3489 4292 Πνεύματος,
3511 4222 3597 4276 ἵνα

2015 4320 2118 4373 κάν
2162 4316 2373 4382 τούτοις
2402 4317 2478 4381 ὡς
2531 4316 2809 4388 ἐγχωροῦν
2839 4317 2899 4369 τὺ
2950 4316 3064 4369 ίσον
3095 4314 3297 4385 ἔχοιτε,
3344 4316 3432 4368 ἐπ’
3460 4313 3598 4377 ἴσοις

2014 4411 2344 4480 πράγμασιν
2386 4409 2682 4480 ὑπερφυῶς
2729 4407 3136 4477 ταυτιζόμενοι,
3182 4408 3251 4475 τῇ
3287 4422 3345 4460 τε
3390 4404 3595 4475 σπουδῇ

2015 4504 2112 4558 καὶ
2145 4501 2296 4572 πόθῳ
2316 4543 2332 4568 ,
2368 4502 2465 4557 καὶ
2492 4502 2571 4572 τῷ
2605 4500 2974 4572 ὑπερμεγέθει
3004 4500 3116 4553 τῶν
3164 4500 3442 4569 πράξεων.
3476 4500 3602 4553 Τοί-

2014 4613 2109 4650 νυν
2140 4597 2230 4650 καὶ
2276 4597 2376 4649 οὐκ
2406 4595 2472 4650 ἄν
2498 4613 2550 4649 τι
2580 4595 2673 4649 τοῦ
2705 4595 2905 4649 σκοποῦ
2932 4595 3242 4648 διεκπεσεῖν
3267 4594 3504 4664 δόξαιμι,
3551 4594 3604 4648 εἴ

2012 4687 2069 4758 γ’
2100 4688 2294 4755 ἐκείνῳ
2325 4686 2425 4757 μὲν
2456 4685 2613 4740 δώσω
2639 4687 2701 4740 τδ
2735 4685 2987 4754 θεμέλιον
3012 4681 3124 4738 οἷον
3155 4685 3266 4738 τῶν
3291 4685 3469 4751 όροῶν
3499 4686 3599 4755 τῆς

2025 4780 2358 4850 Ἐκκλησίας
2387 4778 2675 4849 δογμάτων
2704 4779 2798 4831 καὶ
2822 4771 2963 4831 εἷναι
3000 4777 3096 4831 καὶ
3116 4777 3506 4849 ὀνομάζεσθαι,
3542 4779 3599 4831 σὲ

2011 4872 2069 4925 δέ
2108 4868 2198 4927 οἶά
2227 4888 2350 4925 τινα
2384 4870 2582 4941 ὄροφον
2631 4869 2918 4938 πάγκαλον
2972 4869 3159 4922 κλείδά
3190 4886 3251 4922 τε
3289 4869 3458 4937 αὐτῆς
3507 4868 3601 4920 καὶ

2017 4965 2294 5037 σφραγῖδα
2327 4964 2546 5028 ἄσυλον,
2601 4964 2693 5016 καὶ
2728 4962 2897 5032 ἄμφω
2926 4962 2987 5015 τὸ
3026 4963 3170 5033 μέγα
3219 4960 3377 5014 τοῦτο
3411 4961 3602 5031 χρῆμα

2014 5060 2113 5128 τῆς
2145 5056 2429 5118 εὐσεϐείας
2458 5058 2572 5119 τοῖς
2608 5055 2718 5108 τῶν
2768 5055 3034 5126 Πατέρων
3074 5054 3225 5123 ὅροις
3254 5053 3453 5121 ἐπίσης
3486 5054 3602 5106 δια-

2015 5151 2343 5221 τηροῦντας,
2373 5151 2467 5204 καὶ
2499 5150 2600 5202 οὐκ
2628 5149 2720 5202 ἐπὶ
2752 5148 2886 5201 πολὺ
2922 5150 3021 5217 τῆς
3052 5149 3180 5217 γῆς,
3208 5146 3323 5200 ἀλλ’
3360 5147 3603 5199 ἅπαντα·

2015 5242 2113 5314 χοῦ
2147 5244 2243 5297 καὶ
2278 5243 2583 5312 φθάνοντας
2626 5242 2721 5294 καὶ
2768 5240 3134 5302 σαλπίζοντας
3157 5255 3174 5272 ⁸
3209 5239 3264 5291 εῐ
3294 5239 3347 5307 γ’
3392 5239 3599 5299 ἐκεῖνος

2021 5337 2120 5406 μὲν
2169 5335 2259 5390 καὶ
2309 5335 2477 5403 ἄμφω
2512 5334 2610 5396 τὰς
2642 5335 2922 5404 γεννήσεις
2959 5333 3219 5403 Χριστοῦ,
3278 5333 3344 5386 σὺ
3396 5332 3454 5385 δὲ
3504 5331 3600 5393 τὰς

2017 5469 2096 5524 ita
2130 5477 2193 5524 ut
2218 5466 2486 5538 Spiritum
2531 5476 2782 5522 sanctum
2821 5482 2886 5522 ex
2926 5468 3088 5523 Patre
3128 5475 3183 5523 et
3220 5464 3371 5538 Filio
3407 5479 3599 5538 proge-

2017 5540 2150 5594 dcre
2200 5534 2616 5661 Brolitereutur,
2666 5551 2790 5592 eum
2828 5553 3150 5608 persuasum
3181 5537 3261 5591 eis
3302 5534 3467 5602 esset,
3499 5534 3602 5615 La:

2021 5610 2167 5661 tinos
2245 5623 2371 5661 eum
2410 5609 2628 5661 Patrem
2662 5609 2880 5661 unicam
2916 5608 3035 5661 ΜΗ
3069 5617 3125 5661 et
3153 5608 3396 5661 Spiritus
3422 5615 3595 5659 sauctt

2021 5610 2167 5664 tinos
2200 5604 2371 5663 Deum
2410 5609 2628 5663 Patrem
2662 5604 2880 5661 uuicain
2916 5608 3035 5661 [ληιοῆ
3069 5617 3125 5663 et
3153 5608 3396 5676 Spiritus
3422 5604 3595 5659 sancti

2019 5694 2238 5734 causam
2268 5678 2518 5740 credere.
2589 5678 2699 5732 duo
2728 5695 2859 5732 vero
2894 5679 3188 5746 principia,
3225 5679 3431 5729 duasve
3469 5693 3598 5727 cau-

2019 5764 2108 5802 sas
2138 5749 2191 5802 in
2222 5749 2682 5803 consubstantiali
2721 5748 2999 5802 Trinitatc
3026 5754 3323 5802 exsucrnrt.
