4032 6414
399 422 503 485 ιετι

1803 428 2230 490 ΒΕΟΙΟᾹΤΙΟ.

3555 422 3661 485 594

398 537 633 598 ὑστάτας
661 535 925 606 διαθήκας
962 533 1404 605 ὲπισφραγίξεις.
1435 535 1502 590 Τί
1539 537 1597 590 δὲ
1641 537 1731 609 ἄρ’
1756 539 1814 591 ὲν
1853 540 1981 593 τού-

2091 537 2168 594 cia
2192 539 2376 594 dicere
2409 537 2609 600 ausim,
2634 536 2785 608 qttod
2811 536 2890 590 illi
2925 544 3085 591 antea
3117 534 3185 590 de
3211 533 3348 589 Filio
3383 548 3480 603 per
3529 550 3657 604 gra-

394 642 510 687 τοις
559 626 660 692 μὲν
686 625 822 696 πρδς
855 626 917 679 τδ
943 624 1058 679 ἴσον
1088 625 1282 696 ἐκείνῳ
1326 626 1604 699 διαμιλλᾷ,
1632 629 1751 701 ἤθει
1798 632 1854 685 δὲ
1882 632 1977 685 καὶ

395 716 644 786 τρόποις,
673 716 752 786 τῷ
781 732 843 769 τε
869 717 1030 787 πράῳ
1051 717 1147 771 καὶ
1178 716 1565 789 μεγαλοψύχῳ,
1595 720 1764 791 οἴκτῳ
1795 738 1853 775 τε
1881 723 1978 776 καὶ

401 808 806 880 φιλανθρωπίᾳ,
857 810 994 877 πρὸς
1030 809 1089 864 δὲ
1118 808 1585 894 τῷοάνυποκρίτῳ
1613 812 1711 882 τῆς
1746 814 1875 883 περὶ
1909 812 1979 869 τὰ

401 900 520 953 θεῖα
568 898 860 962 εὐλαϐείας
900 900 996 954 καὶ
1035 902 1161 964 τοὺς
1194 900 1331 954 Θεοῦ
1385 900 1770 971 λειτουργούς·
1810 902 1890 956 ἔτι
1921 902 1979 956 δὲ

400 996 481 1065 τῷ
511 996 615 1048 τῶν
645 994 901 1064 πράξεων
925 997 1339 1069 μεγαλοπρεπεῖ
1358 999 1455 1051 καὶ
1476 995 1555 1067 τῷ
1582 996 1850 1068 φιλοτίμῳ
1869 998 1979 1053 τῶν

400 1088 601 1158 ἔργων,
652 1087 748 1141 καὶ
796 1088 860 1140 τὸ
909 1088 1192 1157 μέγιστον,
1241 1087 1323 1160 τῷ
1358 1088 1611 1160 διαπύρῳ
1664 1090 1799 1160 πρὸς
1843 1089 1980 1144 Θεὸν

401 1179 567 1251 ῑρωτι
586 1195 601 1210 ·
625 1179 768 1233 ὥστε
798 1178 864 1250 δὴ
892 1180 990 1235 καὶ
1022 1180 1205 1235 πάντα
1238 1180 1444 1247 κάλων,
1471 1181 1533 1234 τὸ
1558 1181 1653 1234 τοῦ
1679 1181 1866 1251 λόγου,
1891 1198 1978 1235 κι-

402 1274 514 1327 νεῖν
544 1273 626 1334 εἰς
650 1271 881 1344 αὔξησιν
910 1275 972 1329 τὸ
1017 1276 1185 1342 σέϐας
1224 1277 1545 1342 ἐπιδιδόναι,
1590 1280 1686 1333 καὶ
1720 1278 1982 1351 ῥυθμίζει

404 1364 529 1419 σθαι
578 1365 716 1437 πρὸς
749 1367 1046 1439 ἀκρίὸειαν
1091 1371 1163 1424 τὰ
1188 1372 1458 1442 ἡμέτερα,
1492 1375 1586 1428 καὶ
1634 1374 1840 1443 λόγοις,
1887 1374 1984 1430 καὶ

403 1458 611 1523 νόμοις,
663 1460 760 1509 καὶ
810 1458 1212 1530 ὑποδείγμασιν
1232 1477 1245 1493 ·
1294 1464 1476 1533 ἥττων
1506 1464 1723 1519 ἐκείνου
1751 1466 1895 1520 κατὰ
1924 1464 1982 1519 τί

403 1550 538 1618 γένῃ
565 1549 659 1602 καὶ
692 1552 837 1622 φέρῃ
858 1552 925 1604 τὰ
945 1552 1207 1623 δεύτερας
1238 1555 1519 1625 Οὐμενοῦν
1536 1557 1818 1626 οὐδαμῶς·
1850 1557 1983 1612 ὥστ’

406 1640 454 1692 εί
509 1640 583 1712 μὴ
626 1641 721 1693 καὶ
772 1644 964 1713 χρόνος
993 1644 1309 1713 μισολαδῶν
1345 1647 1407 1701 τὸ
1449 1646 1674 1711 διεστὼς
1719 1649 1981 1718 ἐνεποίει,

404 1730 556 1784 οὐδὲν
608 1727 676 1802 ἦν
710 1733 815 1803 ἄρα
846 1735 908 1788 τὸ
950 1738 1393 1806 προσιστάμενον
1439 1741 1497 1793 δν
1545 1740 1800 1811 ἀλλήλοις
1839 1741 1983 1812 ὑμᾶς

406 1820 619 1874 κεῖσθαι
643 1825 741 1875 καὶ
769 1825 900 1893 παρ’
922 1824 1200 1895 ἀλλήλοις,
1238 1830 1336 1881 καὶ
1361 1829 1430 1883 δι’
1459 1829 1710 1902 ἀλλήλων
1744 1848 1984 1903 περιχω-

411 1910 660 1980 ροῦντας,
683 1916 760 1982 τῷ
793 1918 1203 1990 ἁπαραλλὰκτῳ
1224 1921 1611 1990 γνωρίζεσθαι,
1643 1922 1718 1985 ὡς
1748 1927 1816 1995 τῇ
1845 1940 1983 1977 ταυ-

409 2002 592 2072 τότητι
638 2002 924 2059 λανθάνειν
979 2002 1260 2078 ὁπότερος,
1292 2010 1452 2073 ἄλλος
1498 2011 1664 2075 αὐτὸς
1717 2013 1983 2085 ἑκάτερος

409 2095 672 2163 ἄντικρυς
715 2100 845 2167 παρ’
876 2098 1095 2171 ἑκάστῳ
1135 2102 1480 2173 κρινόμενος,
1532 2104 1784 2175 καθάπερ
1842 2108 1985 2180 μέρη

412 2187 507 2239 καὶ
532 2188 692 2258 ἀέρος
718 2191 813 2242 καὶ
828 2189 1023 2256 ὕδατος
1051 2193 1110 2246 ἐν
1143 2192 1397 2265 ἀλλήλοις
1425 2197 1760 2267 μιγνύμενα.
1793 2199 1901 2254 Καί
1924 2217 1988 2268 γε

409 2276 475 2347 δὴ
521 2280 613 2332 καὶ
656 2279 805 2334 τοῦτ’
835 2283 1014 2336 εἰπεῖν
1061 2284 1202 2354 μετὰ
1240 2284 1477 2358 θάρρους
1520 2287 1622 2341 οὐκ
1647 2289 1754 2342 ἀπὸ
1784 2290 1988 2360 τρόπου

408 2370 723 2439 εἰρήσεται·
744 2371 817 2434 ὡς
851 2376 946 2427 καὶ
969 2374 1078 2428 τῶν
1108 2376 1241 2431 ῐσων
1275 2376 1338 2450 δὴ
1365 2379 1546 2449 γερῶν
1578 2380 1798 2451 ἐκείνῳ,
1824 2380 1984 2452 δόξης

407 2458 456 2511 τ’
485 2455 554 2516 αὖ
605 2463 698 2521 καὶ
729 2466 1033 2532 στεφάνων,
1086 2467 1328 2532 στάσεώς
1358 2486 1418 2521 τε
1449 2469 1568 2540 ἃμα
1618 2474 1711 2524 καὶ
1740 2471 1982 2539 τάξεως,

410 2552 502 2605 καὶ
550 2552 649 2621 τῆς
700 2555 1061 2612 ίσαποστόλου
1113 2559 1383 2630 κλήσεως,
1444 2563 1584 2632 μιτὸ.
1626 2564 1726 2634 τῆς
1769 2567 1987 2637 μακρᾶς

408 2642 625 2712 lasciva;
649 2647 741 2699 καὶ
779 2647 1060 2720 ἁδιαδὸχου
1097 2651 1378 2719 βασιλείας
1405 2671 1464 2708 τε
1497 2659 1592 2710 καὶ
1622 2657 1823 2726 ἀρχῆς,
1850 2660 1987 2727 πρὸς

408 2734 543 2789 Θεοῦ
564 2738 829 2808 λαμπρῶς
856 2742 1052 2813 ἐπίσης
1089 2745 1283 2813 ἐκείνῳ
1317 2748 1411 2800 καὶ
1444 2747 1505 2801 σὲ
1541 2747 1980 2821 καταξιωθῆναι.

2080 630 2210 684 tiam
2237 628 2426 684 datum
2460 637 2566 692 est,
2605 628 2660 684 id
2695 628 2793 683 tibi
2827 636 3019 698 postea
3050 626 3117 681 de
3162 624 3374 695 Spiritu
3419 625 3659 694 inspira-

2080 727 2196 775 tum
2228 734 2352 775 esse
2390 720 2505 774 :ita
2533 730 2593 774 ut
2627 720 2683 774 in
2739 719 2845 775 hac
2872 732 3097 788 quoque
3155 724 3335 786 parte,
3389 726 3659 786 quantum

2080 813 2412 883 permissum
2434 820 2538 877 est,
2573 827 2785 882 aequam
2815 810 3033 866 laudem
3073 809 3351 871 habeatis,
3383 808 3437 862 in
3469 824 3649 878 aequa-

2080 903 2229 959 libus
2261 911 2319 958 et
2370 903 2581 958 eisdem
2647 903 2815 959 rebus
2864 902 3097 958 mirifice
3156 901 3424 971 aequalem
3492 909 3660 970 atque

2079 994 2335 1050 eumdem
2358 993 2642 1050 consecuti
2675 995 2962 1059 honorem,
2991 991 3193 1063 insigni
3244 990 3504 1047 nimirum
3530 1005 3661 1061 erga

2081 1088 2329 1144 divinum
2358 1090 2570 1144 Numen
2598 1090 2781 1144 studio
2833 1097 2891 1145 et
2917 1088 3222 1151 desiderio,
3286 1100 3389 1142 nec
3418 1101 3531 1140 non
3575 1099 3665 1139 re-

2083 1196 2207 1236 rum
2262 1189 2507 1236 actarum
2566 1181 2967 1253 magnitudine.
3021 1180 3212 1251 Itaque
3266 1177 3406 1232 nihil
3466 1190 3552 1230 me
3589 1177 3659 1228 ab

2083 1272 2340 1329 instituta
2381 1272 2637 1328 veritatis
2673 1273 2884 1328 ratione
2912 1272 3287 1327 discessurum
3312 1278 3465 1339 puto,
3500 1267 3545 1323 si
3581 1265 3662 1321 illi

2082 1364 2305 1436 quidem
2339 1365 2444 1420 hoc
2480 1366 2749 1431 tribuero,
2787 1364 3209 1419 fundamentum
3254 1355 3663 1431 quodammodo

2081 1471 2209 1512 eum
2241 1466 2520 1514 rectorum
2560 1457 2819 1513 Ecclesia:
2850 1455 3169 1526 dOgmatum
3201 1460 3256 1507 et
3289 1466 3412 1507 esse
3447 1460 3502 1505 et
3538 1463 3663 1520 per-

2085 1546 2308 1603 hiberi:
2357 1556 2409 1604 te
2437 1564 2568 1603 vero
2604 1548 2824 1604 cuidam
2884 1545 3265 1619 pulcherrimo
3319 1541 3539 1613 fastigio
3606 1548 3665 1595 et

2083 1639 2222 1696 clavi
2258 1649 2425 1710 atque
2454 1641 2639 1712 sigillo
2667 1640 2880 1711 integro
2902 1652 3215 1709 comparem
3248 1653 3262 1691 :
3295 1646 3351 1690 et
3372 1645 3665 1701 utrumque

2085 1733 2277 1804 ingens
2301 1732 2449 1789 istud
2474 1748 2617 1788 verae
2645 1733 2866 1805 pietatis
2893 1738 3309 1786 monumentum
3340 1742 3404 1783 ex
3440 1725 3663 1781 Patrum

2087 1826 2408 1899 praescripto
2435 1838 2793 1889 conservare,
2823 1833 2993 1893 atque
3023 1822 3075 1877 id
3106 1837 3213 1875 non
3255 1820 3310 1874 in
3367 1819 3663 1890 plerasque

2087 1930 2247 1975 terra:
2275 1926 2480 1989 partes,
2508 1917 2604 1972 sed
2636 1916 2754 1971 loca
2787 1915 2990 1984 ubique
3021 1914 3205 1968 omnia
3236 1923 3574 1981 propagare,
3606 1919 3664 1962 et

2090 2020 2350 2081 tanquam
2382 2008 2615 2065 buccina
2646 2007 2997 2079 promulgare
3045 2005 3249 2061 dicam.
3308 1998 3666 2072 Quandoqui-

2088 2103 2215 2158 dem
2249 2103 2340 2158 ille
2372 2112 2663 2172 utramque
2696 2100 2903 2157 Christi
2945 2099 3379 2169 generationem,
3427 2106 3485 2149 tu
3533 2108 3665 2149 vero

2088 2202 2428 2265 postremum
2492 2200 2884 2248 testamentum
2942 2188 3124 2260 sigillo
3202 2187 3497 2258 consignas
3545 2194 3671 2265 tuo”

2092 2287 2390 2342 Enimvero
2424 2300 2491 2340 an
2532 2295 2588 2340 tu
2623 2283 2849 2355 quidem
2892 2282 2948 2338 in
2977 2281 3145 2337 rebus
3174 2296 3311 2351 quas
3335 2277 3574 2335 diximus
3596 2293 3662 2333 ex

2091 2394 2249 2450 aequo
2277 2394 2402 2436 cum
2447 2378 2541 2433 illo
2596 2386 2800 2443 certas,
2866 2390 3081 2431 morum
3133 2382 3318 2429 autem
3368 2380 3668 2427 consuetu-

2092 2472 2244 2540 dine,
2268 2472 2585 2538 clementia,
2615 2467 3089 2541 magnanimitate,
3122 2464 3529 2529 misericordia,
3558 2462 3665 2517 ltu-

2094 2566 2359 2620 manitate
2387 2573 2649 2633 praeterea
2685 2562 2899 2618 sincera
2921 2569 2977 2614 et
3000 2557 3369 2614 simulationis
3390 2556 3578 2626 ignara
3606 2551 3669 2607 in

2094 2658 2266 2713 Deum
2334 2656 2623 2726 religione,
2666 2664 2831 2724 atque
2864 2654 2916 2706 in
2959 2653 3053 2707 Dei
3086 2650 3371 2706 ministros
3416 2648 3619 2717 pietate
3645 2661 3670 2700 ι

2093 2754 2328 2824 insuper
2355 2752 2634 2808 actionum
2663 2748 3092 2821 magniﬁcentia,
3126 2757 3465 2817 operumque
3487 2738 3667 2796 ambi-

414 2829 560 2884 tioso
624 2834 966 2902 splendore:
1018 2837 1278 2909 denique,
1337 2841 1485 2909 quod
1532 2843 1829 2900 maximum
1887 2854 1993 2911 est,
2056 2846 2309 2919 ﬂagranti
2372 2862 2501 2919 erga
2536 2846 2703 2903 Deum
2734 2860 2955 2913 amore;
2986 2844 3124 2899 adeo
3146 2856 3301 2908 sane,
3330 2850 3387 2894 ut
3420 2850 3677 2902 omnem,

413 2924 575 3014 sicuti
608 2927 663 2982 in
696 2930 991 3000 proverbio
1019 2941 1127 2995 est.
1158 2943 1448 3004 propterea
1484 2937 1723 2993 moverit
1770 2937 1981 3008 funem,
2018 2941 2389 3009 orationibus,
2450 2941 2667 3014 legibus
2727 2950 2784 2997 et
2835 2938 3107 3007 exemplis
3150 2934 3471 3007 propositis,
3504 2942 3564 2987 ut
3585 2948 3671 2988 re-

413 3012 630 3089 ligionis
704 3023 886 3080 cultus
945 3024 1289 3082 incrementa
1336 3045 1437 3085 sua
1500 3043 1747 3102 caperet,
1816 3041 1876 3088 et
1933 3049 2024 3091 res
2063 3044 2271 3093 nostra:
2327 3012 2857 3107 qttamﬁrcctissime
2905 3034 3320 3095 ordinarentur,
3370 3029 3552 3098 aliqua
3602 3041 3674 3082 ex

412 3125 564 3181 parte
596 3114 691 3168 illo
720 3115 950 3171 inferior
980 3119 1256 3176 secundas
1298 3120 1453 3176 fers?
1511 3123 1567 3178 ld
1602 3139 1737 3180 vero
1771 3132 1983 3181 tantum
2024 3127 2205 3194 abest,
2280 3137 2341 3183 ut
2366 3128 2472 3184 nisi
2500 3129 2646 3200 quod
2676 3126 2915 3182 medium
2952 3123 3265 3180 intercessit
3287 3131 3526 3192 tempus.
3587 3119 3677 3173 in-

414 3206 703 3261 tervallum
734 3209 1013 3276 quoddam
1040 3209 1291 3278 fecisset,
1330 3213 1470 3268 nihil
1500 3229 1726 3284 prorsus
1775 3215 2161 3287 impedimenti
2236 3220 2504 3282 obstaret,
2567 3220 2867 3291 quominus
2934 3218 3077 3272 alter
3116 3215 3172 3271 in
3211 3215 3385 3271 altero
3410 3214 3549 3269 situs
3578 3229 3672 3270 es-

412 3305 537 3352 set:
578 3305 637 3352 et
670 3297 813 3352 alter
843 3299 1136 3367 abaltero,
1173 3312 1339 3372 atque
1404 3305 1546 3360 adeo
1606 3322 1707 3376 per
1758 3307 2020 3375 alterum,
2064 3310 2119 3365 in
2147 3311 2369 3381 publico
2419 3312 2809 3375 obambulans,
2859 3308 2964 3379 23
3030 3317 3259 3380 pmpter
3315 3307 3677 3361 iudiscretam

411 3391 838 3447 similitudinem
867 3395 940 3450 ita
964 3406 1396 3466 cognosceretur
1416 3440 1431 3464 ,
1469 3408 1528 3453 ut
1554 3416 1653 3470 per
1679 3418 1798 3457 eam
1869 3403 2294 3462 similitudinem
2321 3448 2336 3473 ,
2406 3407 2536 3462 dum
2569 3418 2801 3475 uterque
2830 3406 2970 3460 alter
2993 3405 3109 3474 ipse
3136 3414 3380 3460 vestrum
3444 3419 3681 3472 prorsus

410 3499 534 3540 esse
565 3501 595 3539 a
652 3486 902 3556 quolibet
949 3488 1321 3560 judicaretur,
1378 3500 1631 3547 uternam
1681 3506 1849 3563 esset,
1878 3512 1987 3553 non
2032 3499 2167 3554 satis
2204 3509 2509 3565 constaret,
2578 3496 3043 3569 quemadmodum
3107 3498 3252 3553 aeris
3274 3507 3502 3566 etaqnae
3526 3495 3673 3549 inter

411 3597 472 3637 9“-
502 3584 806 3639 (εοῐηηιίδιεε
836 3594 1041 3659 βατιαο
1072 3587 1213 3652 Quin
1243 3597 1300 3642 et
1326 3586 1483 3655 illud,
1522 3599 1686 3661 atque
1725 3593 1991 3653 audacter
2027 3596 2271 3666 quidem,
2331 3613 2442 3651 non
2477 3606 2657 3651 tamen
2713 3605 2910 3666 [muter
2945 3595 3168 3649 modum
3197 3593 3432 3658 dicetur,
3459 3591 3670 3649 eisdem

414 3677 737 3731 tecumillo
756 3678 946 3746 gloriae
982 3688 1039 3734 et
1094 3690 1575 3745 ornamentorum,
1619 3682 1754 3739 item
1804 3693 1984 3755 status
2023 3686 2191 3742 simul
2250 3695 2308 3742 et
2370 3686 2608 3750 ordinis,
2637 3685 3066 3756 apostolicaequc
3128 3685 3286 3756 plane
3344 3685 3676 3766 vocationisv

415 3787 521 3826 una
551 3787 676 3827 cum
707 3775 924 3830 diutino
953 3775 1105 3842 illo;
1121 3784 1179 3832 et
1229 3776 1377 3847 quod
1430 3780 1840 3835 successionem
1895 3783 2109 3840 nesciat
2139 3824 2154 3849 ,
2218 3797 2391 3855 regno
2449 3789 2505 3839 et
2568 3781 2823 3852 imperio,
2854 3782 3098 3853 praemiis
3122 3792 3176 3836 et
3210 3782 3515 3836 honoribus
3540 3795 3677 3836 sane

417 3888 581 3946 quam
608 3875 900 3944 splendide
935 3875 1107 3943 Deum
1138 3878 1422 3950 dignatum
1454 3894 1600 3936 esse.

483 3990 611 4067 ’Ἆρ’
653 3994 747 4047 οὖν
795 3995 994 4055 ἱκανῶς
1030 3997 1058 4047 ό
1092 3995 1251 4065 λόγος
1294 3998 1383 4050 τὸν
1430 3998 1562 4067 ιμὸν
1607 4000 1987 4076 αὐτοκράτορα

2166 4007 2272 4066 Sed
2314 4004 2465 4062 enim
2502 4017 2634 4059 num
2664 4013 2813 4057 recte
2837 4010 2892 4056 et
2920 4000 3086 4070 digne
3124 3998 3259 4053 satis
3287 3998 3468 4052 oratio
3499 3996 3676 4065 impe-

416 4091 509 4141 καί
543 4089 778 4157 ἀριστως
809 4088 1321 4160 ὑπεζωγράφησεν;
1355 4092 1426 4144 Ἢ
1466 4094 1564 4157 δεῖ,
1591 4094 1847 4169 καθάπερ
1868 4098 1997 4162 τοὺς

416 4181 527 4232 τῶν
572 4179 880 4251 ζωγράφων
924 4182 1206 4247 δπιμενείς
1254 4183 1348 4235 καὶ
1383 4188 1461 4255 μὴ
1507 4186 1768 4254 φαύλους,
1798 4207 1998 4259 προσε-

422 4271 705 4325 πιδάλλειν
738 4272 833 4325 καὶ
875 4272 1045 4339 ἕτερα
1073 4271 1377 4342 χρώματας
1425 4277 1584 4332 Ἀλλὰ
1614 4277 1697 4343 τίς
1728 4278 1797 4333 ἂν
1840 4281 1997 4350 λόγος

416 4363 613 4425 κάλλος
632 4363 889 4417 τοσοῦτον
908 4365 1003 4419 καὶ
1018 4365 1198 4436 ψυχῆς
1217 4367 1313 4420 καὶ
1331 4365 1580 4436 σώματος
1601 4368 1958 4441 διαγράψειαν
1976 4388 1993 4439 ;

430 4455 571 4522 Ἐγὼ
610 4455 711 4525 μιν
738 4455 839 4509 οὐκ
866 4452 1041 4525 οἶμαι,
1076 4458 1181 4512 κᾶν
1208 4459 1413 4522 πάντες
1437 4463 1514 4522 τίς
1544 4459 1604 4514 ἒν
1634 4460 1835 4530 ἁθρόον
1895 4466 1995 4518 καὶ

417 4547 590 4600 ταύτὰ
631 4548 935 4615 γένωνται·
967 4549 1197 4602 Πλάτων
1235 4551 1446 4613 iusim
1481 4555 1581 4623 τῆς
1611 4556 1994 4628 μεγαληγόρου

418 4641 513 4694 καὶ
543 4641 739 4709 φρενὸς
769 4640 865 4695 καὶ
904 4640 1152 4710 γλώττης
1176 4681 1193 4706 ,
1230 4640 1265 4712 ἢ
1298 4644 1431 4711 γοῦν
1471 4647 1823 4720 Δημοσθένης
1856 4651 1997 4719 μετὰ

417 4734 517 4799 τῆς
554 4730 980 4802 ὑποκαθημένης
1023 4733 1136 4785 τοιν
1170 4731 1351 4799 λόγοιν
1381 4731 1732 4803 δεινότητος,
1774 4736 1809 4806 ἢ
1857 4737 1997 4791 Θου-

420 4825 638 4895 κυδίδης
678 4824 775 4877 καὶ
827 4824 1201 4896 ⁹Δριστείδης·
1236 4826 1266 4877 ὁ
1294 4824 1399 4894 μὲν
1438 4826 1521 4889 τίς
1562 4824 1730 4896 ὄγκον
1758 4828 1995 4901 ὶεαίρειν

420 4915 609 4985 λόγους
640 4914 829 4984 σίδὼς,
852 4918 882 4969 ὁ
911 4915 955 4967 δ’
989 4916 1256 4987 ἀμιμήτῳ
1294 4916 1499 4986 φράσει
1547 4918 1730 4986 λέγειν
1763 4919 1947 4991 μαθών
1976 4938 1989 4951 ο

422 5006 514 5059 καί
544 5007 595 5073 γ’
629 5006 831 5069 ειδότες
860 5004 1045 5076 ἄκρως
1076 5005 1246 5075 ἄμφω
1271 5005 1336 5075 δὴ
1358 5005 1454 5059 καὶ
1485 5006 1639 5076 μόνοι
1670 5007 1861 5075 λόγους
1886 5008 1995 5071 ἐξι-

422 5099 548 5151 σοῦν
597 5084 952 5168 πράγμασιν·
999 5097 1117 5150 ἀλλ’
1164 5095 1275 5150 οὐδ’
1341 5097 1605 5168 Ἀπελλῆς
1651 5100 1863 5162 ἐκεῖνος
1899 5099 1995 5152 καὶ

420 5192 729 5258 Λύσιππος,
755 5191 805 5245 οἶ
838 5194 1149 5263 χρωμάτων
1179 5191 1379 5262 ἀρίστη
1422 5190 1620 5261 κράσει
1653 5192 1755 5261 τὴν
1794 5209 1997 5262 γραφι-

419 5285 523 5353 κὴν
548 5279 692 5355 ἦραν
718 5285 797 5347 εἰς
831 5287 993 5353 μέγα,
1018 5281 1303 5352 ἐμψύχους
1329 5281 1512 5351 ὀλίγου
1541 5284 1653 5337 δεῖν
1684 5284 1998 5354 ἐργασάμε-

2100 4107 2344 4156 ratorcm
2386 4113 2570 4154 meum
2612 4094 2897 4166 depinxit?
2935 4093 3018 4149 An
3054 4093 3247 4158 etiam,
3276 4090 3329 4144 id
3366 4090 3511 4159 quod
3542 4090 3674 4143 dili-

2099 4200 2295 4262 gentes
2317 4200 2375 4245 et
2404 4187 2613 4245 laudati
2643 4188 2890 4257 pictores
2922 4183 3155 4247 faciunt,
3189 4183 3407 4238 colores
3442 4182 3674 4250 insuper

2099 4279 2241 4334 alios
2263 4277 2504 4346 adjicere
2534 4290 2678 4347 opus
2708 4275 2832 4331 est?
2869 4275 2939 4329 At
2978 4288 3237 4351 quanam
3266 4274 3429 4327 verba
3462 4282 3675 4327 tantam

2099 4379 2157 4424 et
2200 4368 2372 4423 animi
2418 4376 2474 4423 et
2509 4365 2764 4437 corporis
2808 4362 3280 4434 pulchritudinem
3315 4361 3681 4417 describent?

2099 4460 2215 4530 Ego
2244 4459 2468 4529 quidem
2492 4457 2614 4514 ﬁeri
2644 4457 2699 4512 id
2733 4470 2898 4526 posse
2924 4470 3034 4509 non
3066 4464 3222 4524 puto,
3253 4453 3470 4509 etiamsi
3503 4455 3671 4509 simul

2098 4567 2295 4610 omnes
2342 4552 2399 4608 in
2434 4551 2621 4607 locum
2661 4548 2918 4606 eumdem
2969 4548 3325 4611 conveniant,
3379 4545 3534 4601 Plato
3580 4549 3674 4603 ille

2099 4660 2225 4700 cum
2257 4642 2550 4714 magniﬁca
2576 4649 2634 4696 et
2656 4646 2841 4696 mente
2870 4647 2928 4695 et
2953 4638 3162 4707 lingua.
3191 4647 3248 4694 et
3272 4639 3678 4695 Demosthenes

2097 4750 2231 4793 cum
2260 4751 2325 4791 ea
2352 4750 2476 4807 qua
2504 4731 2742 4789 orationi
2774 4734 2905 4804 ejus
2921 4732 3177 4787 subsidet
3204 4724 3337 4787 vi'et
3359 4734 3627 4802 gravitate
3652 4751 3670 4787 .-

2098 4838 2157 4883 et
2224 4825 2579 4898 Thucydides
2622 4833 2679 4879 et
2719 4823 3013 4889 Aristides,
3062 4838 3298 4893 quorum
3353 4825 3492 4878 alter
3547 4841 3671 4879 cum

2100 4919 2342 4990 pondere
2367 4917 2537 4973 verba
2561 4915 2840 4987 proferre,
2875 4915 3015 4970 alter
3042 4930 3113 4971 ea
3133 4916 3478 4979 elocutione.
3508 4932 3671 4986 quam

2099 5010 2305 5066 imitari
2347 5026 2455 5064 non
2489 5009 2601 5075 ,sit,
2647 5008 2835 5064 dicere
2884 5010 3037 5064 novit
3073 5026 3089 5063 :
3139 5011 3362 5079 utrique
3406 5024 3563 5077 sane,
3614 5018 3675 5064 et

2099 5118 2271 5173 prope
2297 5100 2426 5168 soli,
2452 5100 2519 5157 ad
2552 5116 2830 5157 summum
2864 5100 3011 5157 facta
3040 5100 3223 5157 verbis
3252 5117 3545 5170 exmquare
3578 5117 3674 5171 pe-

2099 5195 2214 5251 riti.
2251 5193 2358 5251 Sed
2407 5208 2590 5265 neque
2630 5193 2859 5263 Apelles
2886 5204 2940 5249 et
2981 5192 3277 5264 Lysippus,
3325 5196 3422 5263 qni
3462 5193 3675 5275 optima

2098 5288 2347 5344 colorum
2396 5297 2770 5358 temperatura
2814 5298 2989 5344 artem
3029 5286 3290 5358 pingendi
3336 5300 3674 5355 magnopere

421 5394 502 5431 νοι
528 5377 799 5440 πίνακας·
832 5376 865 5447 ἢ
898 5376 1026 5444 γοῦν
1055 5377 1270 5440 Φειδίας
1299 5376 1332 5447 ἢ
1363 5377 1589 5447 Μύρων,
1626 5377 1815 5441 δεινῶς
1848 5379 1987 5448 μάλα

2100 5380 2444 5444 extulerunt,
2467 5388 2526 5433 et
2580 5394 2753 5448 prope
2804 5381 3081 5435 animatas
3133 5387 3548 5450 proposuerunt
3593 5386 3675 5435 ta-

421 5475 649 5542 γράφειν
676 5471 1116 5541 ἐξεπιστάμενοι,
1150 5470 1243 5524 καὶ
1274 5470 1459 5541 χαλκῷ
1498 5472 1592 5525 καὶ
1614 5471 1789 5536 λίθοις
1823 5490 1996 5527 κατα-

421 5568 647 5636 μηνύειν
686 5559 819 5636 ¹ἦθος
847 5564 1080 5635 ἀνδρῶν,
1110 5564 1215 5616 κὰν
1282 5566 1405 5626 ταῖς
1444 5563 1675 5632 γλυφαῖς
1704 5564 1985 5635 ὑποκαθη-

425 5658 589 5726 μὲνας
622 5656 734 5718 τοῖς
767 5656 958 5718 τύποις
1012 5652 1369 5724 συνεκφέρειν
1424 5670 1541 5717 πως
1591 5657 1685 5708 καὶ
1733 5655 1834 5720 τὰς
1879 5656 1994 5710 τῶν

426 5748 822 5820 μορφουμένων
871 5745 1076 5817 ἀρετὰς
1130 5745 1330 5809 ἱκανῶς
1384 5744 1625 5816 ἔχοντες.
1692 5748 1833 5801 Ἀλλ’
1883 5748 1994 5803 οὐδ’

424 5836 570 5895 οὗτοι
616 5840 815 5904 πάντας
865 5838 1026 5910 εἴπερ
1056 5833 1197 5911 ἦσαν
1218 5853 1231 5868 ·
1264 5837 1365 5891 εἰτ’
1394 5835 1491 5894 οὖν
1521 5839 1698 5893 εἰκόσι
1728 5842 1824 5895 καὶ
1867 5842 1997 5913 στή-

2099 5470 2294 5526 bulas:
2365 5485 2468 5526 nec
2529 5486 2664 5531 sane
2738 5471 2964 5537 Phidias
3027 5482 3125 5527 aut
3193 5472 3418 5542 Myron,
3459 5479 3514 5523 et
3566 5469 3669 5539 ipsi

2098 5563 2337 5619 artifices
2367 5563 2598 5634 egregii,
2641 5564 2735 5634 qui
2772 5580 2883 5620 aere
2921 5574 2980 5622 et
3034 5564 3184 5621 saxis
3248 5576 3435 5618 mores
3498 5571 3557 5618 et
3588 5561 3677 5618 in-

2096 5655 2258 5725 genia
2310 5654 2555 5710 virorum
2621 5654 2894 5723 indicare,
2944 5666 3003 5712 et
3040 5657 3097 5713 in
3143 5656 3450 5727 sculpturis
3482 5655 3674 5727 Operi-

2098 5748 2314 5819 busque
2359 5751 2498 5814 suis,
2532 5748 2890 5806 subsidentes
2920 5750 3061 5822 ipsis
3108 5751 3455 5824 imaginibus
3473 5767 3669 5808 eorum

2100 5858 2337 5914 quorum
2379 5842 2586 5898 formas
2616 5841 3041 5913 adumbrarunt,
3073 5844 3304 5902 virtutes
3337 5844 3501 5902 simul
3537 5843 3671 5901 satis
