4032 6410
282 446 283 455 ι
299 410 404 474 59'!

1717 408 2158 471 DEDICATlO.

3465 388 3570 451 593
3586 408 3589 411 '

298 529 414 591 λοις
472 529 754 594 παρεῖται.
807 526 967 589 ἄλλος
1018 524 1145 596 μαλ’
1194 525 1430 597 ἐφεῦρε·
1473 525 1653 579 πάντα
1698 525 1754 576 δὲ
1794 518 1890 577 κάι

2014 521 2169 577 ιοειι·ἰ
2230 533 2333 581 est.
2371 515 2652 587 sigillatim
2688 530 2774 569 res
2828 526 3022 567 omnes
3078 519 3201 565 tuas
3235 517 3573 562 commemo-

300 617 745 687 παραλέλειπται
772 616 884 678 τοῖς
917 616 1051 669 πᾶσι
1087 616 1180 668 καὶ
1212 615 1490 669 λέλεκται.
1523 612 1745 667 Πολλῶν
1771 613 1881 684 γὰρ

303 709 743 778 ὲμόυθισθέντων
793 711 907 772 τοῖς
961 710 1097 773 σοῖς,
1146 708 1224 778 τῷ
1272 709 1373 777 μὲν
1410 706 1606 771 πολλὰ,
1650 705 1796 771 ἄλλῳ
1826 706 1883 758 δὲ

305 805 555 862 πλεῖστα,
594 802 669 870 τῷ
706 802 750 854 δ’
787 802 974 870 ἕτερα,
1012 805 1108 856 καὶ
1138 802 1284 872 ἄλλῳ
1317 800 1453 855 ἄλλα
1499 801 1776 870 διαφόρως
1806 803 1884 852 εἰ-

309 895 425 945 πεῖν
459 893 737 961 ἐξεγένετο
762 911 777 924 ·
807 895 980 947 οὐδενί
1018 913 1082 960 γε
1118 897 1223 965 μὴν
1258 896 1520 948 ἁπάντων
1550 897 1631 956 είς
1668 894 1884 947 ἅπαντα

309 987 555 1051 χωρῆσαι
597 984 753 1036 τόσον
784 986 993 1055 τόλμης
1027 986 1290 1054 ἐπῆλθεν,
1343 988 1571 1048 εἰκότως
1602 987 1884 1055 ἀμήχανον

312 1076 474 1126 Ξπασι
511 1076 666 1125 τοῦτο
698 1077 889 1146 κριθὲν
916 1096 930 1108 ·
961 1078 1036 1139 ῶς
1075 1077 1141 1147 δὴ
1171 1079 1266 1131 καὶ
1295 1080 1460 1147 ἡμεῖς
1513 1078 1680 1147 μέρος
1704 1082 1756 1128 τί
1786 1076 1887 1142 τῆς

313 1168 407 1231 σῆς
443 1168 830 1236 φιλανθρώπου
869 1171 1073 1239 ἀρχῆς,
1119 1170 1179 1222 τὸ
1234 1169 1361 1241 περὶ
1406 1171 1507 1239 τὴν
1554 1168 1890 1235 Ἐκκλησίαν

315 1260 545 1327 Χριστοῦ
572 1262 1122 1331 κατεσπουδασμένον
1146 1265 1237 1315 καί
1261 1262 1507 1328 εὐσεϐὲς,
1525 1261 1704 1329 λέγειν
1728 1260 1891 1331 πρού-

313 1350 537 1413 θέμεθα,
589 1353 683 1404 ἆτε
717 1353 779 1420 δή
835 1369 918 1405 σοι
952 1353 1050 1421 τὴν
1084 1356 1217 1423 ἡμῖν
1270 1355 1603 1424 προσφάτως
1656 1352 1891 1405 σπουδα-

314 1441 533 1494 σθεῖσαν
585 1443 766 1512 βίϐλον
814 1444 912 1513 τῆς
947 1446 1413 1515 ἐκκλησιαστικῆς
1445 1446 1687 1513 ἱστορίας
1717 1459 1893 1513 προσ-

311 1535 509 1601 φωνεῖν
544 1534 838 1605 ᾑρημένοι.
867 1535 987 1588 Τίνι
1031 1538 1142 1607 γὰρ
1188 1537 1256 1591 ἂν
1296 1537 1443 1606 ἄλλῳ
1468 1537 1515 1588 τ’
1547 1538 1747 1606 ἐχρῆνς
1786 1535 1895 1588 Καὶ

309 1624 419 1693 γὰρ
457 1624 614 1687 δόξαν
664 1625 807 1678 οὕτω
858 1629 1042 1681 πᾶσαν
1086 1628 1295 1698 ταύτην
1326 1630 1402 1691 εἰ,
1434 1627 1492 1681 ἒν
1538 1628 1896 1697 ἀθροίσαντες

312 1718 405 1768 καὶ
434 1717 930 1786 διοργανῶσαντες,
973 1721 1074 1787 τήν
1122 1737 1179 1773 τε
1230 1710 1533 1791 προτέραν,
1577 1720 1670 1772 καὶ
1699 1720 1800 1786 ὅση
1830 1718 1897 1790 δὴ

313 1811 781 1879 παραλέλειπται,
833 1813 891 1864 ὲν
946 1813 1160 1876 πολλοῖς
1198 1814 1296 1867 καὶ
1338 1813 1622 1881 διαφόροις
1653 1812 1896 1882 ξυγγρα-

1991 630 2137 679 rarc,
2169 613 2275 683 25
2317 626 2438 681 qua:
2469 609 2675 662 dudum
2716 621 2745 659 a
2788 603 2981 658 multis
3009 603 3094 656 vel
3121 603 3231 673 jam
3280 598 3574 654 celebrata:

1990 712 2141 767 sunt,
2185 703 2266 756 vel
2305 700 2488 755 adhuc
2536 694 2989 757 celebrabuntur,
3020 700 3076 748 et
3110 688 3314 746 futuris
3359 684 3578 741 smeulis

1991 792 2599 852 commemorabuntur.
2631 789 2700 844 Et
2732 786 2957 857 quidem
2992 799 3115 853 quae
3155 786 3222 835 ah
3267 779 3391 834 aliis
3437 790 3579 846 pra:-

1993 890 2245 944 termissa
2278 895 2428 946 sunt.
2464 884 2553 939 alii
2589 883 2853 947 invenere
2878 896 2890 931 :
2917 889 2973 933 et
3002 876 3188 931 omnia
3215 873 3284 927 ab
3312 870 3579 926 omnibus

1993 994 2050 1037 ct
2084 980 2362 1052 praeterita
2401 992 2454 1032 et
2480 978 2627 1032 dicta
2667 983 2817 1030 sunt.
2852 974 3216 1040 Posteaquam
3259 965 3409 1021 enim
3448 978 3581 1033 pcr-

1997 1076 2156 1130 multi
2202 1091 2259 1129 se
2311 1074 2378 1126 ad
2433 1076 2523 1125 res
2571 1080 2693 1124 luas
2741 1061 3285 1125 commemorandas,
3342 1056 3582 1129 perinde

1994 1177 2160 1238 atque
2210 1168 2263 1220 in
2319 1164 2491 1220 altum
2548 1177 2704 1217 mare
2756 1160 3144 1220 demiserunt,
3206 1155 3298 1208 hic
3348 1150 3579 1220 quidem

1998 1260 2190 1323 multa,
2223 1258 2311 1311 ille
2340 1267 2521 1311 autem
2551 1253 2810 1325 plurima,
2839 1253 3061 1322 quidam
3094 1247 3384 1307 nonnulla,
3414 1253 3581 1312 atque

1996 1353 2141 1408 alius
2169 1351 2277 1405 alia
2306 1351 2458 1404 varie
2494 1357 2896 1403 recensuerunt
2927 1362 2942 1400 :
2969 1342 3177 1399 nemini
3204 1339 3427 1411 quidem
3456 1352 3580 1392 om-

2000 1448 2152 1501 nium
2187 1453 2334 1499 tanta
2388 1442 2616 1497 incessit
2653 1439 2908 1505 audacia,
2940 1448 3000 1495 ut
3043 1437 3110 1493 ad
3146 1434 3331 1491 omnia
3369 1432 3586 1488 descri-

2001 1537 2181 1593 benda
2238 1552 2294 1591 se
2342 1533 2647 1598 conferret,
2719 1532 2866 1603 quod
2917 1531 2971 1586 id
3026 1529 3144 1584 ﬁeri
3195 1528 3423 1583 omnino
3472 1538 3594 1579 non

2003 1646 2189 1701 posse.
2240 1640 2389 1683 recte
2433 1627 2502 1682 ab
2542 1625 2801 1681 omnibus
2834 1623 3142 1695 judicatum
3182 1621 3275 1703 sit.
3309 1617 3588 1685 Quemad-

2005 1724 2229 1777 modum
2256 1731 2312 1777 et
2338 1735 2441 1775 nos
2471 1728 2688 1789 partem
2715 1716 3008 1787 quamdam
3039 1712 3371 1786 perhumani
3407 1711 3586 1780 impe-

2008 1815 2074 1869 rii
2117 1813 2221 1878 tui,
2256 1811 2537 1884 egregium
2574 1810 2630 1865 in
2659 1809 2968 1865 Ecclesiam
3000 1807 3211 1863 Christi
3248 1803 3497 1860 studium
3531 1810 3589 1856 et

312 1901 471 1971 φεῦσι
508 1901 598 1953 καὶ
619 1904 1028 1974 πραγματείαις
1076 1905 1427 1975 ἁμωσγέπως
1459 1904 1898 1975 διεσπαρμένην,

2010 1907 2268 1976 pietatem
2326 1911 2501 1968 tuam,
2557 1900 2721 1956 nobis
2784 1898 3076 1954 dicendam
3148 1896 3587 1969 propOsuimus,

310 1995 378 2064 τῇ
418 1995 480 2063 σῇ
508 1995 561 2061 γ’
585 1993 784 2066 ἀρίστῃ
816 1995 983 2065 ψήφῳ
1012 1996 1216 2066 ταύτην
1258 1997 1733 2067 προσανατίθεμεν
1758 2011 1772 2024 °
1797 1994 1900 2048 κᾶν

317 2086 418 2153 μὲν
442 2086 523 2137 σοὶ
547 2085 762 2157 κριθείη
794 2087 889 2140 τοῦ
923 2089 1085 2141 καλοῦ
1114 2088 1191 2159 μὴ
1214 2089 1563 2159 διαμαρτεῖν,
1588 2086 1646 2140 εὗ
1674 2087 1738 2141 ἃν
1760 2086 1897 2156 ἔχοιο

316 2180 364 2229 εί
394 2177 438 2229 δ’
468 2173 582 2242 οὖν,
615 2178 691 2242 ὡς
722 2180 772 2232 εί
808 2181 933 2251 μηδ’
971 2180 1191 2249 ἐγένετο
1246 2183 1380 2251 παρ’
1428 2180 1555 2251 ἐμοὶ
1581 2184 1773 2251 κριτῇ,
1807 2179 1904 2233 καὶ

319 2272 453 2324 πᾶσι
511 2272 722 2341 σχεδὸν,
775 2274 1189 2345 λογισθήσεται.
1240 2276 1413 2328 Δίεισι
1445 2276 1501 2328 δέ
1556 2292 1649 2346 μοι
1682 2274 1742 2326 τὸ
1770 2276 1903 2342 σύγ-

317 2379 581 2430 γραμμα,
612 2363 687 2425 ῶς
724 2365 1025 2434 ἐγχωροῦν,
1060 2366 1251 2434 προϊὸν
1288 2367 1395 2419 ἀπὸ
1425 2368 1527 2435 τῆς
1575 2366 1635 2430 ἐξ
1667 2366 1902 2436 οὐρανοῦ

318 2456 577 2521 καθόδου,
610 2459 703 2509 καὶ
734 2460 845 2510 τῶν
874 2459 1161 2529 πατρικῶν
1194 2459 1416 2512 κόλπων
1440 2458 1789 2528 ἀμεταϐἀτου
1821 2477 1905 2512 κι-

320 2548 530 2623 νῄσειυς
581 2549 673 2602 τοῦ
728 2551 1059 2620 προαιωνίου
1112 2552 1208 2604 καὶ
1258 2550 1389 2604 Υἱοῦ
1441 2552 1538 2603 καὶ
1586 2551 1762 2618 Λόγου
1809 2547 1904 2603 τοῦ

320 2641 557 2710 ἁνάρχου
584 2641 717 2693 Θεοῦ
752 2643 850 2695 καὶ
886 2643 1122 2712 Πατρδς,
1149 2642 1242 2696 τοῦ
1275 2644 1489 2712 Κυρίου
1518 2644 1614 2697 καὶ
1645 2642 1781 2695 Θεοῦ
1813 2643 1905 2696 καϊ

320 2729 578 2799 Σωτῆρος
610 2731 768 2801 ἡμῶν
809 2733 985 2803 Ἰησοῦ
1018 2735 1283 2805 Χριστοῦ,
1318 2735 1523 2798 ἱκανοῖς
1558 2739 1615 2789 ὲν
1646 2735 1902 2805 τμήμασι

320 2822 736 2893 διαιρούμενον.
770 2826 1001 2880 Κάτεισι
1043 2826 1089 2881 δ’
1137 2830 1192 2891 ἐς
1246 2829 1373 2881 ὅσον
1399 2826 1678 2891 ἐξικέσθαι
1712 2827 1901 2897 ἐχρῆν,

321 2917 634 2987 ἀρκούντως
670 2921 861 2989 πόρρω
905 2939 980 2990 πη
1030 2920 1140 2973 τῶν
1171 2922 1295 2973 καθ’
1340 2923 1491 2991 ἡμᾶς
1523 2921 1739 2991 χρόνων
1774 2921 1904 2974 ὑπο-

323 3010 499 3076 χωροῦ
518 3037 532 3058 ι
567 3026 627 3061 τε
656 3011 753 3063 καὶ
781 3010 1175 3081 αἰωρούμενον,
1201 3011 1363 3075 λείως
1414 3012 1509 3065 καὶ
1534 3012 1754 3081 ὁμαλῶς
1800 3011 1904 3081 μὰο

323 3101 478 3154 λιστα
516 3104 884 3173 προηγμένον,
922 3105 1015 3157 καὶ
1066 3105 1141 3167 ὡς
1194 3102 1375 3176 χρεὼν
1426 3104 1498 3159 τά
1552 3120 1615 3172 γε
1671 3103 1905 3158 τοιαῦτα

2002 1999 2207 2070 quippe
2238 1996 2334 2067 qui
2364 1993 2756 2050 ecclesiasticm
2786 1992 3043 2047 Historia:
3077 1992 3307 2055 librum,
3328 2004 3524 2044 recens
3556 2003 3591 2073 ιι

2006 2090 2173 2144 nobis
2201 2086 2604 2155 conscriptum,
2654 2083 3027 2138 dedicandum
3071 2081 3170 2136 tibi
3204 2079 3587 2136 statuerimus.

2003 2181 2106 2238 Cui
2154 2183 2304 2236 enim
2335 2178 2428 2232 alii
2459 2193 2588 2233 eum
2619 2174 3122 2255 consecraremus?
3160 2172 3298 2226 Cum
3350 2186 3593 2239 namque

2003 2277 2182 2332 visum
2213 2272 2374 2328 nobis
2398 2280 2567 2339 esset,
2606 2270 2896 2324 historiam
2927 2283 3048 2324 eam
3082 2282 3300 2322 omnem
3330 2267 3382 2320 in
3420 2281 3592 2319 unum

2004 2365 2261 2423 conferre
2283 2364 2556 2429 codicem,
2595 2363 2951 2433 prioretnqnc
3002 2370 3059 2415 et
3096 2375 3217 2415 eam
3264 2359 3436 2413 simul
3472 2376 3593 2427 que

2005 2461 2207 2515 omissa
2243 2467 2348 2523 est,
2394 2456 2450 2511 in
2484 2454 2740 2511 ordinem
2778 2470 2949 2509 unum
2984 2452 3307 2522 disponere,
3336 2470 3365 2507 a
3398 2453 3595 2506 multis

2005 2560 2063 2605 et
2093 2548 2265 2603 variis
2294 2545 2665 2616 scriptoribus
2696 2542 2750 2597 in
2781 2544 3049 2614 Operibns
3077 2543 3331 2612 pluribus
3357 2542 3594 2611 sparsim

2006 2638 2421 2710 quodammodo
2484 2644 2796 2698 tractatam,
2852 2632 3068 2689 calculo
3117 2641 3174 2688 et
3226 2632 3442 2704 judicio
3497 2642 3595 2687 tuo

2007 2732 2218 2801 optimo
2262 2746 2386 2785 eam
2435 2728 2812 2785 exhibendam
2841 2726 3141 2793 duximus;
3184 2743 3249 2781 ac
3280 2726 3326 2782 si
3367 2724 3598 2796 quidem

2008 2824 2284 2880 sententia
2319 2833 2412 2877 tua
2447 2821 2805 2893 comprobata
2839 2820 3031 2887 luerit,
3066 2829 3215 2876 recte
3256 2836 3315 2874 se.
3370 2836 3457 2874 res
3501 2818 3601 2872 ha-

2007 2916 2183 2971 bebit.
2218 2914 2313 2969 Sin
2342 2914 2550 2976 minus,
2583 2908 2818 2985 periilde
2853 2922 3018 2982 atque
3051 2927 3334 2982 nunquam
3366 2910 3593 2965 exstite-

2012 3007 2101 3071 rit,
2138 3022 2263 3061 meo
2292 3006 2473 3075 ipsius
2499 3013 2557 3058 et
2580 3005 2831 3057 omnium
2867 3003 2982 3057 lere
3006 3000 3221 3073 judicio
3248 3000 3597 3055 censebitur.

2011 3099 2372 3171 Progreditur
2414 3098 2603 3154 autem
2645 3097 2781 3152 mihi
2832 3112 2973 3167 opus
3015 3097 3144 3160 hoc,
3185 3110 3287 3165 pro
3317 3110 3384 3148 eo
3431 3104 3599 3163 atque

326 3198 579 3265 φράσεὼς
608 3216 663 3249 τε
692 3186 786 3252 καὶ
812 3197 1009 3262 λέξεως
1041 3201 1137 3251 καὶ
1165 3200 1442 3271 συνθήκης
1476 3199 1714 3269 μάλιστα
1735 3196 1902 3267 ἔχειν.

2014 3195 2131 3247 tieri
2161 3193 2369 3262 putuit,
2393 3191 2553 3247 initio
2581 3202 2804 3262 sumpto
2829 3206 2861 3247 a
2891 3190 3161 3246 descensu
3185 3206 3215 3243 e
3246 3189 3403 3243 cmlis
3433 3198 3602 3256 atque

326 3285 628 3353 Τοιγαροῦν
659 3292 752 3337 καὶ
789 3287 995 3353 πρόσου
1023 3286 1086 3355 δή
1127 3304 1217 3354 μοι
1252 3285 1349 3356 τὴν
1384 3288 1713 3356 συγγραφὴν
1744 3288 1910 3355 εὐμε-

324 3376 432 3437 νῶς
457 3394 464 3402 ·
502 3374 590 3446 ἢν,
625 3376 699 3437 ὡς
736 3376 979 3446 εἴρηται,
1004 3378 1065 3445 τῇ
1095 3379 1158 3445 σῇ
1177 3377 1344 3446 ψήφῳ
1370 3377 1744 3445 προσάγομεν,
1777 3376 1912 3445 μᾶλ-

327 3471 418 3519 λον
444 3467 499 3519 δὲ
525 3469 589 3535 τῇ
617 3471 680 3536 σῇ
715 3470 891 3538 σεμνῇ
916 3468 1011 3520 καὶ
1051 3468 1311 3537 βασιλικῇ
1342 3470 1558 3537 κορυφῇ
1592 3466 1733 3535 μετὰ
1758 3465 1911 3526 δέους

324 3552 414 3611 οἷά
446 3576 566 3610 τινα
604 3559 870 3625 στέφανον
895 3560 1276 3628 περιτίθεμεν,
1298 3559 1399 3612 οὐκ
1423 3559 1488 3612 ἐκ
1515 3576 1687 3611 τινων
1709 3557 1911 3624 λειμώ-

328 3667 435 3701 νων
466 3652 703 3719 ῥεόντων
741 3652 839 3704 καὶ
875 3651 1267 3706 ἀπανθοῦντων
1297 3652 1375 3714 ὡς
1418 3652 1676 3716 τάχιστα,
1710 3649 1821 3702 οὐδ’
1851 3649 1912 3716 ἐξ

330 3742 539 3794 ἀνθέων
578 3745 999 3813 μαραινομένων
1040 3743 1202 3797 τοῦτο
1233 3742 1567 3814 δρεψάμενοι
1598 3742 1693 3794 καὶ
1728 3740 1915 3793 συλλέ-

331 3833 543 3897 ξαντεξ,
580 3838 668 3890 ναὶ
725 3836 832 3902 μὴν
865 3835 974 3888 οὐδ’
1032 3837 1095 3887 ὲκ
1146 3834 1313 3887 λίθων
1370 3833 1693 3905 περιφανῶν
1727 3849 1931 3899 τινων,.

331 3929 637 3994 διαυγείαις
673 3929 788 3981 τισὶ
853 3931 947 3982 καὶ
1001 3929 1205 4000 χρυσοῦ
1261 3927 1666 3999 περιλάμψεσιν
1714 3925 1810 3997 ἡδύ
1859 3943 1913 3979 τι

334 4020 661 4073 summ)th
682 4024 778 4073 καὶ
812 4023 1028 4092 χάριεν,
1053 4021 1248 4075 τοῦτον
1278 4023 1687 4093 συμπήξαντες,
1718 4020 1931 4075 Θᾶττονη

335 4112 818 4181 μετακυλιομένων
854 4116 946 4167 καὶ
982 4114 1395 4184 στρεφομένων,
1430 4115 1527 4168 καὶ
1549 4113 1646 4167 νῦν
1676 4114 1776 4182 μὲν
1795 4113 1918 4167 τοῦ-

332 4222 445 4271 τον,
480 4204 575 4256 νῦν
600 4207 647 4257 δ’
674 4208 912 4273 ἐκεῖνον,
933 4208 1195 4279 καθάπερ
1239 4210 1298 4261 ὲν
1345 4208 1563 4279 ὀνείρῳ,
1598 4208 1920 4280 πρόσκαιρα

333 4302 637 4366 θελγόντων
676 4321 733 4357 τε
794 4304 892 4357 καὶ
949 4305 1380 4374 περισαινόντων
1408 4322 1424 4338 ·
1479 4303 1596 4358 ἀλλ’
1652 4304 1717 4357 ἐκ
1750 4319 1917 4357 τινων

333 4395 628 4463 ἀκηράτων
678 4393 1065 4460 παραδείσων,¹
1101 4394 1196 4447 καὶ
1226 4393 1515 4447 ἀθανάτων
1551 4393 1760 4446 ἀνθέων
1788 4394 1919 4463 ἐρα-

333 4488 641 4552 νισάμενοι,
688 4484 814 4539 οὔτε
876 4489 1078 4557 χρόνῳ,
1126 4485 1250 4540 οὔτε
1291 4488 1399 4557 μὴν
1431 4488 1585 4558 γήρᾳ
1617 4487 1919 4556 φθινόντων

2018 3282 2369 3337 intransitivo
2403 3298 2433 3337 e
2475 3292 2712 3353 paterno
2755 3282 2906 3346 sinu,
2942 3291 3095 3335 motu
3127 3288 3184 3334 ct
3223 3278 3461 3333 transitu
3503 3296 3604 3332 an-

2017 3374 2357 3429 teswcularis
2406 3385 2461 3429 et
2508 3374 2633 3428 Filii
2670 3385 2725 3427 et
2763 3371 2928 3429 Verbi
2965 3371 3162 3427 aeterni
3205 3372 3601 3442 principioque
3692 3368 3701 3377 ’

2014 3468 2256 3524 carentis
2291 3467 2386 3521 Dei
2425 3476 2480 3521 et
2510 3468 2690 3521 Patria
2732 3464 2950 3521 Domini
2978 3475 3037 3520 et
3069 3464 3162 3520 Dei
3197 3476 3252 3520 et
3287 3465 3601 3520 Servaturis

2016 3558 2194 3614 nostri
2251 3559 2383 3615 Jesu
2445 3557 2684 3624 Christi,
2737 3558 2794 3613 in
2842 3558 3031 3630 plures
3090 3556 3335 3612 divisum
3397 3568 3600 3611 tomos.

2016 3651 2273 3706 Procedit
2305 3664 2438 3705 vero
2463 3651 2530 3704 ad
2556 3667 2683 3704 eum
2709 3652 2803 3720 qui
2832 3650 3206 3706 conveniebat
3229 3650 3437 3716 locum,
3468 3649 3604 3705 Satis

2015 3744 2177 3814 longe
2209 3753 2337 3798 ante
2368 3756 2557 3811 nostra
2594 3755 2843 3814 tempora
2876 3743 3147 3798 resistens
3175 3753 3344 3813 atque
3372 3760 3434 3795 su
3473 3758 3506 3811 p
3530 3759 3605 3794 -ιι-

2016 3851 2164 3903 sum,
2200 3836 2349 3891 facili
2384 3847 2553 3905 atque
2579 3837 2778 3907 aequali
2814 3836 3050 3890 maxime
3084 3836 3278 3898 ductu,
3312 3836 3460 3905 quali
3488 3835 3603 3889 sci-

2017 3927 2151 3982 licet
2183 3929 2520 3994 elocutione,
2550 3929 2797 3983 dictionc
2850 3936 2906 3982 ct
2950 3926 3361 3999 compositione
3394 3926 3606 3997 scripta

2018 4022 2293 4092 ejusmodi
2343 4020 2697 4092 potissimum
2728 4021 2987 4090 componi
3031 4020 3212 4075 decet.
3256 4019 3609 4089 Quapropter

2019 4115 2275 4180 admitte,
2317 4129 2526 4184 quaeso,
2574 4115 2814 4186 benigne
2861 4115 2931 4169 ad
2966 4124 3018 4169 te
3068 4114 3361 4169 historiam
3411 4114 3553 4167 hanc
3592 4130 3614 4167 ι

2018 4220 2208 4276 quam,
2244 4205 2409 4259 sicuti
2444 4205 2657 4259 dictum
2693 4215 2801 4270 est,
2848 4203 2916 4259 ad
2966 4206 3244 4260 calculum
3282 4214 3438 4258 tuum
3482 4221 3613 4273 pro-

2019 4298 2304 4361 ducimus,
2341 4312 2406 4351 ac
2439 4298 2625 4368 potius
2657 4298 2979 4352 venerando
3020 4306 3070 4351 et
3106 4297 3381 4364 imperiali
3414 4296 3607 4350 vertici

2022 4403 2139 4458 tuo,
2170 4408 2296 4449 cum
2330 4393 2553 4461 timore,
2589 4394 2763 4449 veluti
2796 4398 3091 4464 quamdam
3129 4410 3389 4448 coronam
3427 4395 3608 4465 impo-

2021 4486 2246 4553 nimus;
2278 4502 2388 4540 non
2434 4486 2693 4556 equidem
2725 4487 2779 4539 in
2813 4487 2988 4556 pratis
3017 4486 3300 4556 aliquibus
3333 4486 3497 4541 ﬂuxis
3547 4497 3605 4541 et

332 4593 393 4628 τε
433 4579 527 4629 καὶ
566 4578 1031 4647 ἀμαυρουμένων,
1063 4577 1179 4630 ἀλλ’
1210 4579 1415 4631 ὡσανεὶ
1451 4580 1592 4648 μετὰ
1624 4577 1727 4647 τῆς
1762 4578 1907 4642 θείας

2021 4594 2184 4650 quam
2219 4577 2512 4633 celerrime
2530 4575 3045 4645 deﬂorescentibus,
3075 4595 3256 4648 neque
3282 4595 3348 4633 ex
3375 4580 3608 4635 linribus

332 4669 429 4720 καὶ
482 4671 864 4737 πνευματικῆς
915 4671 1326 4741 γεγραμμένων
1369 4670 1561 4741 ὀδμῆς,
1606 4671 1700 4724 καί
1733 4689 1786 4725 τι
1824 4673 1918 4725 καὶ

331 4761 523 4828 δρόσου
556 4763 656 4829 τῆς
689 4761 748 4826 ἐξ
790 4763 1043 4832 Ἀερμὼν
1070 4763 1425 4849 λειϐομένων.
1462 4763 1574 4817 Καί
1606 4780 1670 4832 γε
1697 4763 1763 4836 δὴ
1790 4764 1919 4817 τοῦ·

332 4870 425 4906 τον
453 4855 888 4921 συμπλέξαντες,
924 4856 1001 4919 ὡς
1031 4857 1184 4925 ἐνῆν,
1214 4860 1281 4926 τῇ
1320 4860 1386 4927 σῇ
1436 4858 1720 4928 κορυφαῖα
1749 4857 1916 4929 ἀκρό-

332 4963 457 5013 τητι
486 4945 874 5016 ἐφαρμόζομεν
898 4963 910 4976 ·
946 4948 1007 5000 δν
1027 4942 1183 5016 οἶμαι
1223 4950 1319 5001 καὶ
1351 4952 1378 5002 ὁ
1414 4950 1591 5019 μέγας
1623 4949 1782 5013 αἰὼν,
1832 4951 1919 5001 αἰ-

333 5040 541 5101 δεσθεὶς
572 5041 700 5099 τοὺς
729 5041 857 5105 σοὺς
889 5042 1293 5111 ὑπερμεγέθεις
1325 5040 1543 5108 ἄθλους,
1579 5046 1918 5114 συντηρήσει

337 5130 693 5200 ἀμάραντον·
729 5132 831 5185 κᾶν
881 5149 963 5194 τις
999 5136 1094 5184 καὶ
1134 5132 1356 5199 γλῶσσα
1409 5136 1549 5196 τέως
1585 5135 1915 5201 ἀκόλαστος,

336 5225 431 5273 καὶ
467 5222 753 5288 παίδευσις
808 5223 1101 5295 ὑδρίστρια
1141 5227 1238 5278 καὶ
1266 5227 1499 5292 διάνοια,
1554 5226 1615 5279 τὸ
1648 5227 1748 5298 τῆς
1779 5229 1921 5298 Γρα-

336 5314 441 5382 φῆς
475 5315 671 5379 εἰπεῖν,
701 5315 917 5384 οὐρανῷ
966 5317 1063 5385 τῆς
1113 5318 1212 5387 σῆς
1243 5317 1400 5389 δόξης
1449 5318 1624 5372 ἕλοιτο
1675 5318 1917 5391 βλασφη-

341 5409 483 5475 μεῖν,
519 5414 612 5460 καὶ
644 5408 779 5476 βέλη
820 5410 956 5476 πρὸς
992 5410 1134 5478 ἀέρα
1182 5411 1453 5480 πέμπειν,
1485 5411 1682 5481 λόγους
1707 5415 1755 5467 τ’
1787 5417 1921 5468 ἀνα-

338 5502 484 5570 σπᾷν
517 5501 643 5570 σκιᾷ
694 5516 823 5565 τινι,
856 5500 917 5553 τὸ
967 5502 1065 5571 τῆς
1108 5504 1442 5572 τραγῳδίας,
1468 5505 1607 5576 ὅπερ
1642 5509 1769 5561 τινὰ
1799 5509 1920 5561 τολ-

343 5594 516 5664 μῆσαι
552 5595 687 5657 τέως
719 5596 818 5647 οὐκ
847 5596 1035 5665 οἴομαι
1060 5613 1073 5627 ⁶
1100 5597 1220 5649 ἀλλ’
1249 5596 1392 5668 ὀρῶν
1419 5615 1480 5652 σε
1510 5600 1685 5673 τούτῳ
1707 5601 1770 5674 δὴ
1799 5621 1923 5657 στε-

340 5687 684 5756 φανούμενον
731 5688 828 5741 καὶ
883 5690 1417 5760 κατακροτούμενον,
1472 5693 1917 5765 ὲμιρραγήσεται,

341 5779 436 5830 καὶ
470 5777 682 5830 αδικίαν
710 5779 789 5842 είς
821 5779 883 5832 τὸ
913 5778 1048 5850 ὕψος
1093 5781 1275 5835 λαλεῖν
1312 5784 1478 5855 τάχος
1508 5786 1921 5858 ἀπελεγχθήσε-

342 5885 433 5923 ται
459 5886 473 5900 ·
510 5869 684 5941 πηρός
712 5887 769 5923 τε
800 5872 900 5937 τὰς
930 5872 1081 5947 ὄψεις
1106 5874 1382 5946 προέλθοι,
1414 5877 1541 5950 μηδ’
1571 5878 1815 5933 ἀτενίσαι
1841 5881 1918 5952 τῷ

334 5964 351 5987 ﬁ

2020 4671 2505 4727 marcescentibus
2532 4671 2882 4740 decerptam,
2917 4687 3097 4741 neque
3135 4671 3302 4727 etiam
3330 4690 3393 4727 ex
3432 4675 3610 4745 pellu-

2021 4765 2164 4819 cidis
2210 4763 2494 4834 lapidibus
2541 4764 2756 4834 fulgore
2788 4764 3032 4834 quodam
3065 4773 3122 4819 et
3154 4767 3275 4819 auri
3309 4766 3608 4834 splendore

2022 4857 2131 4929 26
2164 4872 2334 4912 suave
2365 4856 2631 4927 quiddam
2671 4866 2728 4911 et
2758 4868 2977 4928 gratum
3032 4858 3441 4923 relucentibus,
3475 4876 3611 4914 con-

2022 4958 2230 5005 sertam
2263 4959 2429 5020 atque
2458 4949 2824 5019 compositam
2852 4966 2866 5004 :
2907 4966 3032 5019 quae
3072 4966 3164 5005 res
3191 4952 3448 5006 celeriter
3482 4953 3611 5005 hinc

2025 5056 2081 5099 et
2144 5043 2273 5098 inde
2324 5042 2528 5098 volutae
2579 5044 3019 5119 transferuntur,
3068 5053 3126 5100 et
3184 5050 3337 5100 nunc
3382 5047 3608 5115 quidem

2025 5136 2196 5201 hunc,
2251 5151 2400 5190 nunc
2431 5152 2566 5192 vero
2610 5136 2766 5191 illum
2800 5138 3034 5207 perinde
3075 5148 3244 5208 atque
3290 5138 3347 5192 in
3396 5138 3610 5193 somnis

2022 5228 2088 5284 ad
2131 5230 2298 5285 breve
2340 5241 2557 5301 tempus
2589 5230 2873 5285 deliniant
2908 5241 3074 5303 atque
3114 5231 3475 5286 demulcent:
3511 5231 3609 5287 sed

2022 5340 2089 5379 ex
2121 5334 2329 5380 mterno
2357 5325 2615 5393 paradiso
2644 5328 2887 5395 quodam
2918 5335 2976 5380 et
3008 5326 3242 5382 ﬂoribus
3277 5325 3609 5379 immortali-

2025 5419 2126 5471 bus
2152 5416 2464 5481 collectam,
2491 5416 2585 5487 qui
2621 5433 2803 5488 neque
2841 5427 3115 5487 tempore,
3148 5433 3330 5489 neque
3360 5433 3492 5471 sane
3525 5432 3611 5471 se-

2023 5509 2119 5563 nio
2143 5508 2254 5563 ullo
2281 5510 2557 5565 intereant
2578 5521 2633 5564 et
2663 5520 3025 5576 evanescant,
3041 5526 3235 5567 verum
3252 5510 3441 5566 divino
3465 5525 3611 5580 qnov

2024 5602 2153 5658 dam
2191 5601 2356 5657 modo
2406 5612 2464 5658 et
2503 5604 2783 5672 spirituali
2825 5604 3000 5659 odore
3035 5590 3171 5674 picti
3206 5612 3374 5675 atque
3394 5603 3609 5658 imbuti

2023 5697 2159 5761 sint,
2194 5705 2251 5752 et
2295 5695 2508 5767 aliquid
2556 5698 2625 5751 de
2666 5697 2912 5751 stillante
2954 5711 3079 5751 rore
3127 5696 3333 5751 montis
3367 5694 3609 5752 Hermon

2022 5790 2417 5845 delihaverint.
2473 5788 2628 5845 lianc
2669 5805 2961 5854 coronam,
3010 5804 3111 5859 pro
3157 5806 3228 5847 eo
3272 5795 3609 5862 atque.licri

2023 5884 2225 5954 potuit,
2263 5896 2578 5941 contextam
2612 5926 2623 5953 ,
2660 5898 2889 5940 summac
2953 5883 3281 5942 sublimitati
3330 5896 3435 5942 tuze
3474 5886 3601 5942 adu.
