4032 6442
411 387 520 457 599

1639 396 2064 458 NlCEPlIOilI
2106 398 2447 459 CALLISTI

3555 383 3661 448 600

408 514 631 575 ptamus
652 523 666 559 ς
690 513 958 577 quam,ut
984 513 1138 577 puto,
1160 519 1354 577 Ingens
1385 505 1551 561 etiam
1582 522 1784 572 mrum,
1814 509 1985 563 maxi-

2107 507 2169 578 τῷ
2222 508 2285 576 δὴ
2333 507 2507 577 τούτῳ
2562 504 2773 574 κόσμῳ,
2806 503 2903 556 καὶ
2940 501 3006 572 τῇ
3062 496 3316 554 ἐντεῦθεν
3367 496 3663 568 έκπηδώσῃ

413 594 502 650 ωδ
542 604 636 651 tua
665 596 966 652 certamina
998 605 1053 651 et
1076 597 1297 651 labores
1339 597 1599 665 veritum,
1630 598 1983 654 conservabit

413 687 955 745 immarcescibilem.
994 689 1225 744 Etiamsi
1265 690 1565 758 aliquando
1609 690 1797 763 lingua
1833 706 1987 761 qua:-

414 781 560 849 piam
608 781 902 849 impotens,
948 789 1113 850 atque
1158 781 1450 852 castigatio
1495 791 1553 837 et
1590 798 1748 837 mens
1785 792 1986 838 contu-

416 870 664 933 meliosa,
702 878 761 923 ut
796 868 1081 939 Scriptura
1122 870 1325 941 inquit,
1359 871 1413 925 in
1439 871 1639 926 caelum
1671 872 1857 943 gloria:
1882 881 1988 927 tua:

414 961 819 1029 blaspliemare,
845 969 1011 1030 atque
1044 960 1150 1015 tela
1177 962 1229 1014 in
1258 975 1439 1016 aerem
1476 962 1720 1023 mittere.
1742 970 1797 1015 et
1819 961 1987 1016 verba

418 1053 614 1106 umbra
650 1051 915 1121 quadam,
950 1052 1096 1120 quod
1131 1050 1187 1105 in
1225 1052 1490 1122 tragmdia
1524 1060 1627 1118 est,
1666 1053 1861 1107 tollere
1901 1060 1987 1107 at-

415 1161 525 1213 que
556 1147 772 1215 erigere
800 1144 1058 1213 cmperit,
1092 1143 1240 1214 quod
1271 1142 1495 1213 quidem
1528 1146 1714 1199 minus
1748 1144 1988 1213 aliquem

415 1252 662 1306 unquam
690 1250 958 1290 ausurum
989 1250 1112 1289 esse
1150 1242 1282 1304 puto
1315 1252 1329 1287 :
1358 1234 1455 1291 sed
1481 1233 1576 1290 ubi
1611 1235 1815 1290 viderit
1848 1245 1900 1291 te
1928 1251 1989 1290 ea

414 1346 538 1384 esse
564 1338 891 1384 coronatum
915 1336 970 1383 et
998 1336 1353 1393 exornatum,
1376 1343 1439 1383 os
1468 1329 1590 1400 ejus
1616 1328 1989 1394 oblurabitur,

416 1433 473 1476 et
511 1418 843 1491 injustitiam
873 1419 928 1472 in
967 1416 1205 1473 sublime
1236 1418 1387 1489 loqui
1424 1419 1541 1489 ipse
1576 1419 1762 1475 statim
1798 1419 1993 1475 redar-

417 1520 582 1584 gutus
613 1510 1027 1582 supersede‘bit,
1055 1522 1363 1581 captusque
1405 1512 1582 1566 oculis
1626 1510 1894 1583 prodihit,
1930 1520 1991 1565 ut

418 1606 513 1675 qui
556 1604 848 1659 intendere
886 1618 984 1658 eos
1009 1602 1065 1657 in
1101 1603 1369 1675 ejusmodi
1402 1613 1783 1657 ornamentum
1814 1613 1993 1668 tuum,

417 1705 476 1750 et
503 1711 626 1766 qum
650 1695 777 1749 inde
809 1710 933 1751 cum
967 1695 1143 1765 gratia
1170 1693 1449 1764 prominet
1473 1704 1528 1749 et
1563 1693 1746 1748 lucem
1780 1703 1837 1748 et
1858 1694 1993 1759 vim,

422 1798 682 1858 nequeat.
715 1785 909 1842 Varios
940 1785 1033 1841 illa
1068 1801 1203 1840 sane
1226 1794 1283 1840 et
1313 1786 1638 1856 omnigenos
1667 1783 1867 1839 ﬂorum
1897 1798 1994 1839 co-

420 1887 709 1935 ruscantes
760 1887 818 1933 et
862 1894 1066 1933 aureos
1114 1878 1281 1933 habet
1320 1877 1558 1940 colores,
1591 1892 1757 1947 quam
1794 1874 1996 1947 aliquis
2029 1869 2070 1923 Β

421 1972 707 2042 aptissime
732 1972 845 2042 agri
881 1972 1104 2026 hortum
1134 1970 1437 2025 herbarum
1474 1969 1720 2023 omnium
1754 1970 1996 2024 feracem

421 2066 644 2121 dixerit.
697 2064 1056 2121 Potissimum
1105 2078 1239 2118 vero
1286 2062 1397 2118 illis
1450 2062 1685 2118 miriﬁce
1729 2061 1997 2129 abundat,

421 2160 516 2228 qui
553 2158 892 2229 pullulantes
926 2155 1292 2215 candescunt.
1331 2164 1388 2209 et
1428 2156 1521 2224 qui
1557 2170 1836 2226 purpurea
1872 2170 2000 2225 spe-

422 2249 508 2302 cie
554 2246 778 2308 ﬂorent,
816 2245 1026 2315 quique
1081 2244 1265 2298 nitore
1318 2242 1385 2295 ad
1437 2241 1781 2312 nigredinem
1828 2242 2003 2313 magis

420 2346 740 2407 vergentes,
764 2350 930 2405 quam
962 2334 1198 2391 maxime
1229 2332 1501 2388 relucent.
1531 2331 1673 2388 Sunt
1698 2348 1831 2387 vero
1863 2333 1900 2387 ii
1933 2349 1998 2387 ex

424 2428 631 2499 quibus
680 2440 889 2483 corona
939 2425 1038 2480 tibi
1090 2438 1258 2495 quam
1314 2424 1688 2495 pulcherrime
1745 2436 2000 2479 contexta

2107 2431 2375 2501 βασιλικῷ
2407 2432 2507 2501 τὴν
2540 2433 2704 2501 φύσιν
2737 2449 2796 2484 τε
2834 2431 2951 2502 ἅμα
2986 2430 3083 2483 καὶ
3121 2428 3219 2500 τὴν
3248 2427 3448 2497 ψυχὴν,
3474 2423 3675 2491 ταύτην

424 2530 592 2590 atque
634 2529 892 2574 conserta
928 2529 1036 2582 est,
1070 2516 1493 2571 hierarcbarum
1528 2516 1691 2583 stola,
1722 2519 1849 2571 vitae
1879 2534 2004 2572 san-

424 2612 616 2667 ctitate
648 2626 816 2682 supra
842 2611 1012 2666 solem
1045 2610 1223 2680 ipsum
1248 2624 1587 2664 coruscans:
1612 2619 1668 2665 et
1698 2619 2000 2681 martyrum

426 2719 556 2759 vera
588 2712 645 2758 et
687 2702 1002 2758 veneranda
1042 2718 1312 2773 purpura,
1351 2700 1620 2773 sanguine
1651 2717 1844 2757 eorum
1879 2720 2006 2773 pro-

426 2795 535 2851 lixe
569 2795 737 2849 tincta
770 2803 937 2864 atque
971 2795 1185 2865 rigata:
1219 2794 1452 2864 insuper
1480 2793 1621 2849 lucis
1654 2795 2003 2850 conciliatrix

428 2889 755 2959 nigrescens
779 2900 832 2941 et
858 2886 1133 2941 divinitus
1160 2895 1417 2941 contexta
1442 2888 1639 2951 vestis,
1673 2887 1785 2942 illis
1814 2888 2005 2943 admo-

384 2981 567 3054 ‘dum’
594 2994 932 3050 congruens,
975 2980 1069 3051 qui
1114 2978 1183 3034 ad
1228 2979 1398 3034 vitam
1441 2979 1743 3050 angelicam
1778 2991 2007 3035 conten.

429 3073 571 3126 dunt
614 3081 781 3143 atque
814 3072 1086 3142 aspirant.
1129 3068 1205 3126 Ex
1248 3072 1455 3142 quibus
1483 3071 1690 3127 Chiisti
1738 3070 2006 3139 Ecclesia,

431 3179 661 3219 aureum
695 3180 925 3232 prorsus
956 3164 1257 3219 virtutibus
1280 3164 1699 3218 circumamicta
1726 3173 2004 3231 ornatum,

432 3256 604 3312 veluti
628 3256 879 3328 quaedam
902 3271 1126 3328 sponsa,
1156 3271 1270 3309 rem
1294 3254 1542 3309 omnium
1576 3253 2009 3323 pulcherrimam

2090 599 2229 667 μετὰ
2266 599 2493 668 χάριτος
2527 595 2690 667 αἴγλῃ
2740 593 3042 665 δυνάμενος
3069 604 3086 620 ⁸
3124 591 3345 644 ποικίλα
3400 588 3500 660 μὲν
3552 588 3664 657 γάρ

2087 689 2236 757 αὐτῷ
2264 690 2361 743 καὶ
2403 688 2634 742 παντοῖα
2665 686 2734 740 τὰ
2767 688 2824 752 ἐξ
2858 683 3068 738 ἀνθέων
3099 681 3382 735 στίλόοντα
3413 681 3510 733 καὶ
3541 679 3664 731 διά-

2088 797 2269 852 χρυσα
2297 778 2592 850 χρώματα,
2650 779 2796 832 εἰποι
2823 793 2905 839 τις
2941 775 3008 829 ἂν
3046 774 3371 844 προσφόρως
3404 773 3574 840 ἀγροῦ
3608 771 3668 822 τὸ

2089 871 2463 939 παμόότανον.
2496 869 2751 923 Μάλιστα
2786 866 2841 919 δὲ
2891 863 3096 917 τούτων
3131 864 3424 933 ὑπερφυῶς
3463 860 3664 931 βρίθει,

2089 963 2191 1014 ὃσα
2220 978 2279 1015 τε
2322 960 2399 1031 τῷ
2426 960 2606 1029 λευκῷ
2636 957 2882 1026 τέθηλεν,
2911 950 2991 1018 οἷς
3023 973 3082 1008 τε
3114 954 3177 1007 τὸ
3206 954 3484 1023 φοινικοῦν
3502 951 3667 1015 ἐξιν-

2093 1052 2198 1115 θεῖ,
2228 1053 2322 1106 καὶ
2353 1049 2429 1106 ὧν
2463 1054 2523 1105 τὸ
2573 1053 2744 1122 μέλαν
2787 1051 2880 1102 τοῦ
2913 1048 3108 1111 ἄνθους
3145 1049 3200 1110 ἐς
3232 1045 3394 1116 βάθος
3431 1044 3668 1112 μάλιστα

2095 1146 2324 1199 στίλϐει.
2363 1140 2483 1199 Εῐεν
2512 1144 2560 1198 δ’
2588 1144 2653 1198 ἂν
2681 1143 2875 1207 ταῦτα,
2908 1141 2968 1206 ἐξ
3000 1132 3076 1193 ὧν
3102 1156 3184 1192 σοι
3215 1139 3311 1191 καὶ
3342 1139 3369 1190 ὁ
3402 1136 3669 1204 στέφανος

2093 1237 2169 1303 ὡς
2220 1238 2417 1308 ἄριστα
2469 1236 2727 1304 ὑφανθεὶς
2762 1232 3099 1302 συνεπλάκη,
3132 1231 3168 1300 ἧ
3204 1231 3249 1283 τ’
3281 1229 3340 1294 ἐξ
3388 1230 3671 1299 ίεραρχίας

2096 1329 2258 1398 στολὴ
2287 1329 2363 1399 τῷ
2392 1328 2492 1398 βίῳ
2524 1327 2662 1396 ὑπὲρ
2700 1325 2850 1397 ἥλιον
2897 1324 3212 1392 λάμπουσα,
3243 1322 3342 1376 καὶ
3373 1319 3482 1372 τῶν
3528 1339 3672 1392 μαρ-

2093 1420 2277 1491 τύρων
2311 1421 2346 1489 ἡ
2381 1419 2587 1491 ἀληθὴς
2637 1422 2730 1472 καὶ
2761 1420 2935 1490 σεμνὴ
2973 1419 3269 1490 πορφυρὶς,
3314 1416 3517 1479 ἱκανῶς
3553 1417 3668 1476 τοῖς

2099 1512 2383 1582 σφετέροις
2411 1511 2607 1582 αἵμασι
2631 1511 2977 1582 βεϐαμμένη,
3001 1510 3097 1563 καί
3123 1526 3185 1576 γε
3207 1508 3269 1579 δὴ
3300 1507 3673 1576 κατασεὸρεγ-

2102 1590 2277 1671 μένηο
2306 1602 2443 1670 πρὸς
2476 1602 2534 1655 δὲ
2568 1603 2663 1655 καὶ
2708 1601 2768 1655 τὸ
2817 1604 2993 1671 φωτὸς
3047 1598 3309 1670 πρόξενον
3364 1598 3533 1667 μέλαν
3574 1595 3673 1650 καὶ

2098 1695 2426 1763 θεοθφαντον
2473 1692 2701 1761 ἔνδυμα.
2734 1694 3009 1764 προσῆκον
3044 1692 3191 1761 μάλα
3241 1692 3352 1753 τοῖς
3407 1687 3543 1759 πρὸς
3578 1686 3673 1739 τὸν

2098 1786 2393 1855 ἀγγελικδν
2430 1786 2544 1856 βίον
2575 1785 3012 1839 κατασπεύδουσι
3043 1786 3139 1840 καὶ
3167 1783 3543 1852 ἐπειγομένοις
3571 1797 3585 1810 ·
3613 1779 3675 1843 ἐξ

2099 1872 2175 1931 ὧν
2227 1879 2259 1947 ἡ
2314 1875 2555 1949 Χριστοῦ
2606 1877 2908 1949 Ἐκκλησία
2943 1877 3035 1930 τὸν
3073 1876 3362 1946 διάχρυσον
3415 1872 3673 1937 καθάπαξ

2100 1953 2222 2032 ταῖς
2255 1971 2479 2040 ἀρεταῖς
2509 1970 2917 2039 περιϐαλομένη
2955 1968 3187 2038 κόσμον,
3230 1961 3320 2020 οἶά
3348 1982 3431 2026 τις
3460 1968 3671 2031 νύμφη.

2101 2061 2381 2130 πάγκαλόν
2411 2079 2462 2113 τι
2492 2061 2684 2132 χρῆμα
2748 2062 2825 2132 τῷ
2874 2061 2983 2116 τῶν
3020 2062 3161 2114 ὅλων
3208 2059 3538 2128 παρίσταται
3577 2055 3675 2125 βα-

2103 2154 2244 2206 σιλεί
2264 2170 2277 2183 ·
2310 2144 2385 2206 ὧν
2413 2152 2477 2223 δὴ
2509 2156 2635 2217 τοὺς
2671 2153 2868 2217 ἄθλους
2900 2156 2993 2208 καὶ
3024 2156 3153 2218 τοὺς
3182 2152 3398 2220 ἀγῶνας
3425 2152 3458 2220 ή
3492 2149 3673 2219 βίϐλος

2101 2245 2321 2310 διέξεισι
2342 2263 2356 2278 ο
2387 2245 2451 2298 δι’
2475 2238 2541 2317 ἧς
2580 2246 2656 2308 ὡς
2685 2248 2938 2317 ὁμοτίμῳ
2963 2245 3197 2310 τούτοις,
3224 2246 3318 2298 καὶ
3346 2243 3436 2296 τὸν
3466 2244 3529 2294 ὲκ
3555 2240 3678 2293 τού-

2101 2354 2209 2389 των
2241 2340 2506 2406 στέφανον
2526 2340 2880 2410 περιτίθεμεν
2916 2355 3023 2401 σοι,
3054 2336 3132 2401 τῷ
3163 2334 3320 2388 πάντ’
3350 2334 3557 2403 ἀρίστῳ
3584 2329 3676 2381 καὶ

2104 2521 2557 2591 προσφωνοῦντες
2606 2522 2671 2595 δὴ
2725 2523 2822 2577 καὶ
2854 2520 3231 2585 ἀνατιθέντες,
3266 2520 3361 2571 καὶ
3388 2516 3561 2570 ταῦτα
3603 2512 3677 2583 τῷ

2103 2613 2201 2682 τῆς
2233 2609 2390 2683 δόξης
2420 2613 2670 2685 στεφάνῳ
2726 2614 2871 2685 μάλα
2904 2612 3395 2683 διακεκοσμημὲνῳ
3419 2625 3434 2640 ’
3462 2609 3521 2660 ὃν
3547 2608 3679 2659 κάν-

2103 2705 2301 2772 ταῦοα,
2338 2700 2451 2759 οἷόν
2488 2705 2591 2760 τιν’
2641 2707 2937 2778 ἀρραὗῶνα
2984 2705 3081 2759 τοῦ
3128 2706 3415 2777 μέλλοντος
3468 2703 3680 2754 ἐκείνου

2108 2800 2202 2851 καὶ
2230 2798 2602 2866 αἰωνίζοντος,
2630 2802 2725 2854 καὶ
2755 2802 3042 2872 προοίμιον
3073 2800 3288 2871 ὥσπερ,
3316 2799 3410 2850 καὶ
3450 2797 3540 2848 τὸν
3584 2792 3681 2847 νῦν

2107 2893 2412 2964 ὑπέρτιμον
2461 2895 2561 2965 τῆς
2587 2896 2763 2966 ἀρχῆς
2796 2912 2942 2965 φημι
2972 2895 3263 2964 στέφανον,
3286 2890 3395 2945 τῶν
3425 2888 3533 2941 σῶν
3557 2888 3682 2957 ἀρε-

2105 2984 2235 3050 τῶν,
2270 2986 2568 3057 ὑπερᾳυῶν
2614 2987 2662 3039 τ’
2712 2987 2942 3056 ἀγώνων
2992 2989 3090 3041 καὶ
3140 2986 3317 3041 ἄθλων
3349 2976 3507 3054 οἶμαι
3541 2979 3679 3032 ἐπα-

2109 3075 2259 3143 θλον,
2307 3078 2335 3130 ὁ
2389 3079 2717 3149 στεφοδότης
2766 3079 3006 3146 Χριστὸς
3061 3076 3397 3148 ἐδωρήσατο,
3444 3073 3684 3147 τρόπαια

2112 3167 2382 3239 κράτιστα
2435 3171 2531 3225 καὶ
2576 3170 2807 3242 λαμπρά
2854 3171 3084 3242 βραδεῖα
3134 3169 3292 3239 νίκης
3344 3164 3683 3237 φερωνύμως

2113 3258 2379 3332 ἀραμένῳ
2405 3268 2501 3316 καὶ
2530 3265 2815 3335 στήσαντι.

433 3349 817 3405 universitatis
844 3348 1012 3419 hujus
1050 3346 1281 3402 exhibet
1328 3357 1495 3416 atque
1531 3356 1896 3416 repraasentat
1931 3350 2048 3421 regi
2089 3362 2145 3407 et
2178 3354 2520 3423 imperatori.
2592 3359 2797 3415 Eorum
2844 3359 3063 3415 labores
3109 3368 3166 3414 et
3207 3356 3511 3415 certamina
3547 3353 3686 3408 liber

433 3444 538 3498 iste
571 3451 1009 3498 commemorat:
1052 3439 1159 3510 27
1192 3456 1292 3509 per
1329 3453 1493 3509 quem
1525 3437 1625 3493 tibi
1664 3447 1723 3493 ut
1765 3439 1875 3494 illis
1944 3441 2155 3500 honore
2218 3458 2275 3501 et
2335 3449 2602 3519 dignitate
2642 3451 2867 3522 aequali,
2895 3452 3142 3506 et'hanc
3166 3465 3238 3505 ex
3264 3449 3346 3504 eis
3376 3456 3683 3502 consertam

435 3551 697 3591 coronam
751 3534 1113 3605 imponimus.
1154 3533 1249 3603 qui
1283 3531 1445 3588 "ibus
1479 3530 1744 3588 omnibus
1817 3534 2063 3597 optimus
2100 3554 2183 3606 es,
2249 3552 2304 3595 et
2334 3553 2530 3598 natura
2593 3545 2755 3600 simul
2801 3556 2965 3615 atque
3000 3545 3180 3599 anima
3212 3542 3396 3612 regius
3426 3549 3477 3593 et
3513 3541 3685 3607 impe-

435 3629 607 3685 rialis.
654 3631 813 3685 llunc
860 3629 958 3685 tibi
1012 3630 1403 3697 nuncupamus
1446 3635 1613 3698 atque
1667 3625 2012 3694 dedicamus,
2051 3645 2179 3686 cum
2252 3635 2474 3704 quidem
2525 3648 2691 3692 antea
2735 3654 2936 3693 corona
2981 3637 3167 3709 glorize
3208 3649 3539 3706 magnopere
3613 3633 3689 3687 sis

436 3731 780 3781 exornatus:
816 3737 977 3792 quam
1029 3720 1121 3775 bic
1164 3720 1469 3776 etiamnum
1513 3719 1674 3789 quasi
1710 3723 2009 3789 quemdam
2052 3721 2252 3781 futura:
2326 3729 2474 3784 illius
2503 3739 2558 3783 et
2588 3733 2940 3801 sempiternae
2972 3730 3370 3791 arrhabonem,
3399 3737 3458 3783 et
3519 3728 3685 3782 veluti

442 3815 800 3884 prommium,
832 3811 999 3877 hanc,
1030 3811 1281 3880 inquam,
1311 3807 1764 3880 pretiosissimam
1831 3809 2050 3879 imperii
2091 3827 2379 3885 coronam,
2413 3820 2771 3876 miriﬁcarum
2822 3821 3139 3886 virtutum,
3185 3822 3544 3875 certaminum
3609 3829 3689 3871 at-

437 3924 549 3980 que
583 3908 839 3962 laborum
874 3917 1119 3969 tuorum,
1175 3902 1405 3972 perinde
1468 3909 1635 3972 atque
1683 3900 1959 3970 bravium,
2026 3920 2358 3965 coronarum
2407 3914 2636 3985 largitor
2682 3914 2936 3969 Christus
2984 3914 3106 3977 tibi,
3152 3914 3249 3984 qui
3319 3913 3689 3984 pulcherrima

439 4011 663 4070 trepaea.
713 4006 770 4051 et
816 3993 1183 4066 splendidam,
1238 4001 1334 4048 tuo
1386 3992 1559 4064 ipsius
1612 3991 1954 4063 respondens
1992 3999 2203 4055 nomini
2266 4003 2367 4073 (8),
2438 4004 2682 4061 victori-.1:
2746 4005 3057 4061 mercedem
3102 4006 3274 4061 tulisti
3343 4017 3508 4075 atque
3574 4015 3689 4059 sia.

440 4091 619 4154 tuisti,
645 4088 893 4145 donavit.
1525 4133 1533 4139 ,

512 4184 658 4253 Ergo
689 4195 791 4252 age
837 4191 922 4246 tu,
971 4180 1065 4252 qui
1116 4180 1268 4236 solus
1294 4188 1513 4247 natura,
1546 4180 1690 4237 sicut
1730 4174 1822 4238 ille
1857 4181 2019 4248 dixit,

2199 4188 2334 4257 ’Δγε
2383 4187 2588 4253 τοίνυν,
2625 4180 2671 4243 ὧ
2706 4187 2771 4242 σὺ
2824 4188 2988 4258 μόνος
3012 4189 3146 4261 ιφυᾷ
3183 4189 3252 4241 τὰ
3304 4189 3482 4242 πάντα
3512 4189 3690 4253 εξδὼς,

438 4274 651 4342 omnia,
683 4288 916 4342 quaeque
957 4272 1181 4338 divinae,
1214 4288 1447 4343 quaeque
1478 4275 1719 4328 externa?
1755 4285 1886 4328 sunt
1920 4273 2005 4329 do.

2121 4283 2268 4336 κατὰ
2306 4283 2399 4334 τὸν
2437 4281 2684 4348 είπόντα,
2726 4283 2827 4336 ὅσα
2864 4299 2924 4335 τε
2960 4281 3103 4345 θεῖα,
3151 4282 3247 4335 καὶ
3296 4281 3397 4334 ὅσα
3437 4282 3691 4344 παιδεῐας

439 4368 658 4432 ctrinm,
704 4365 983 4437 praecipue
1018 4380 1153 4419 vero
1191 4374 1416 4434 prepter
1446 4364 1709 4421 eximium
1761 4377 1816 4420 et
1849 4365 2019 4419 sedu-

440 4461 556 4515 lum
599 4461 654 4514 in
688 4474 777 4513 res
808 4473 1057 4528 quasque
1107 4457 1510 4528 pulcherrimas
1548 4454 1796 4511 studium
1833 4467 2016 4520 tuum,

440 4567 565 4622 qua:
592 4552 646 4606 in
668 4549 981 4621 disciplinis
1008 4557 1139 4604 sunt
1166 4563 1368 4603 arcana
1395 4549 1567 4619 magis
1587 4558 1643 4603 et
1669 4548 2014 4615 sublimiora,

445 4642 616 4705 nosti,
650 4648 806 4697 utere
834 4642 1057 4712 ingenio
1089 4649 1204 4707 tuo,
1237 4649 1295 4694 et
1330 4643 1617 4695 materiam
1652 4640 1853 4695 adhibe
1901 4640 2015 4709 igni

445 4734 903 4803 incmnparabilis
954 4744 1063 4788 ture
1115 4733 1454 4788 eruditionis
1508 4741 1564 4789 et
1611 4733 1807 4804 judicii
1855 4748 1871 4787 :
1918 4748 2017 4788 seu

441 4825 630 4896 potius
665 4823 730 4877 ad
784 4826 1049 4879 amussim
1101 4835 1248 4878 tuam
1292 4824 1654 4879 accommoda
1697 4834 1754 4880 et
1794 4825 2019 4895 explora

442 4917 886 4973 lucubrationem
920 4918 1108 4972 istam.
1135 4916 1400 4983 Qitamvis
1431 4932 1647 4988 sperem
1676 4918 1825 4987 (nam
1869 4916 2017 4987 quod

443 5018 606 5063 antea
643 5019 793 5064 recte
840 5009 978 5077 dixi,
1028 5008 1085 5065 id
1116 5025 1267 5064 nunc
1302 5025 1524 5080 quoque
1569 5026 1599 5064 a
1648 5024 1736 5063 me
1778 5008 2018 5079 dicetur)

448 5099 662 5153 nullum
692 5100 809 5155 fore
841 5109 951 5154 tam
978 5098 1329 5170 pra‘l‘ractum
1362 5110 1419 5155 et
1452 5101 1740 5165 audacem,
1772 5109 1832 5154 ut
1867 5098 2018 5154 scili-

453 5201 542 5247 cet
570 5199 695 5261 post
721 5206 1011 5248 censuram
1044 5200 1215 5255 tuam,
1244 5192 1328 5246 vel
1366 5192 1602 5262 digitum
1646 5192 1855 5263 scripto
1891 5192 2022 5247 huic

443 5282 709 5337 adbibere
733 5282 953 5338 audeat.
979 5280 1269 5351 Improbus
1297 5298 1428 5337 vero
1473 5294 1528 5338 ct
1555 5282 1769 5337 invidas
1807 5283 2022 5354 linguas

445 5390 665 5429 veneno
702 5375 989 5445 parricidze
1046 5375 1325 5445 serpentis
1376 5375 1630 5430 consumi
1681 5384 1739 5429 et
1793 5375 2023 5430 interire

450 5468 730 5534 permitte.
758 5466 898 5532 Quis
928 5480 1189 5537 namque,
1219 5482 1372 5539 rogo,
1399 5468 1450 5522 in
1485 5478 1536 5524 te
1568 5470 1734 5524 rebus
1762 5469 2023 5524 omnibus

448 5558 964 5628 incomparabilem,
1010 5559 1159 5631 quod
1210 5560 1614 5631 malediceret,
1690 5560 1927 5616 habuit?
1988 5578 2022 5616 o

439 5650 637 5712 ,divina
686 5649 952 5717 vindicta,
1001 5661 1060 5708 et
1116 5652 1362 5709 tonitrua
1402 5662 1455 5709 et
1514 5652 1744 5709 lubnina
1801 5655 2021 5710 coalitus

516 5815 597 5883 (ί)
629 5814 923 5871 Andronici
954 5814 1229 5872 videlicet.

2124 4372 2270 4444 μάλα
2310 4374 2409 4440 τῆς
2442 4371 2698 4442 θύραθεν,
2736 4373 2833 4426 καὶ
2866 4373 3074 4426 τούτων
3105 4373 3204 4425 ὅσα
3253 4372 3478 4442 μάλιστ’
3518 4374 3691 4443 ἁπόρο

2122 4465 2265 4534 ρητα
2313 4464 2420 4515 τῶν
2478 4444 2825 4534 μαθημάτων
2873 4463 2971 4517 καὶ
3024 4464 3353 4535 ὑψηλότερα,
3403 4468 3467 4533 τῇ
3520 4462 3690 4533 πολλῇ

2123 4555 2329 4626 σπουδῇ
2349 4561 2444 4610 καὶ
2473 4553 2550 4625 τῷ
2585 4556 2863 4626 φιλοπόνῳ
2888 4556 3018 4624 περὶ
3047 4558 3112 4609 τὰ
3150 4556 3436 4620 κάλλιστα,
3475 4556 3591 4625 χρῶ
3622 4559 3688 4623 τῇ

2125 4649 2191 4716 σῇ
2230 4645 2415 4723 φύσει,
2442 4648 2538 4701 καὶ
2568 4648 2668 4718 τὴν
2711 4647 2846 4719 ὓλην
2892 4648 3137 4718 πρόσαγε
3172 4648 3248 4717 τῷ
3298 4649 3434 4714 πυρὶ
3466 4647 3563 4715 τῆς
3595 4649 3689 4713 τῆς

2124 4741 2509 4811 ἀπαραμίλλου
2545 4740 2803 4808 γνώσεώς
2836 4758 2895 4794 τε
2939 4743 3034 4794 καὶ
3079 4740 3347 4808 κρίσεως·
3392 4741 3591 4809 μᾶλλον
3637 4739 3687 4790 δὲ

2122 4835 2189 4904 τῇ
2223 4835 2288 4903 σῇ
2331 4832 2553 4902 βασάνῳ
2586 4834 2898 4902 παράτριὄε
2934 4833 3036 4898 τὴν
3071 4834 3292 4902 γραφὴν
3320 4835 3416 4884 καὶ
3446 4833 3687 4898 ἐξέταξε·

2124 4926 2219 4976 καὶ
2240 4924 2364 4992 ὄμοι
2388 4923 2657 4992 πρότερον
2675 4922 3057 4993 ὲπιῦαλομένῳ
3077 4923 3258 4991 λέγειν
3271 4924 3449 4984 καλῶς
3471 4925 3690 4995 ἐρρέθη,

2124 5019 2220 5071 καὶ
2262 5016 2358 5070 νῦν
2392 5017 2678 5087 εἰρήσεται
2704 5032 2717 5045 ·
2747 5016 2924 5080 οὐδεὶς
2952 5015 3123 5078 οὕτως
3153 5017 3390 5087 αὐθάδης
3433 5019 3527 5067 καὶ
3564 5018 3689 5083 Upi-

2125 5124 2253 5169 σους
2281 5106 2491 5174 γέμων,
2517 5105 2656 5158 ὥστε
2692 5107 2831 5175 μετὰ
2857 5106 3095 5175 βάσανον
3126 5104 3264 5173 δῆτα
3305 5108 3404 5173 τὴν
3440 5106 3536 5172 σὴν
3581 5106 3667 5156 το).

2128 5201 2233 5269 μᾷν
2265 5197 2529 5251 δάκτυλον
2558 5197 2715 5259 αὖθις
2745 5202 2863 5259 ταίς
2895 5198 3133 5271 γραφαῖς
3163 5195 3431 5248 ἐπιθεῖναι
3459 5212 3472 5226 ’
3512 5197 3608 5255 τὰς
3636 5194 3688 5245 δὲ

2125 5287 2367 5356 πονηρὰς
2402 5287 2497 5339 καὶ
2531 5283 2835 5354 βασκάνους
2888 5285 3137 5352 γλώσσας
3170 5288 3233 5337 ἔα
3267 5286 3342 5354 τῷ
3374 5286 3436 5353 his
3465 5283 3556 5337 τοῦ
3590 5302 3690 5335 πα-

2126 5378 2417 5448 τροκτόνου
2454 5376 2905 5431 συνδαπανᾶσθαι
2932 5379 3026 5429 καὶ
3049 5376 3466 5444 διαφθείρεσθαι
3493 5377 3688 5442 ὀρείου

2125 5473 2209 5532 τίς
2247 5469 2355 5541 γὰρ
2392 5470 2451 5523 σὲ
2479 5468 2571 5523 τὸν
2603 5469 2689 5537 ἐφ’
2718 5468 2919 5521 ἅπασιν
2948 5468 3332 5537 ἀπαράμιλλον
3364 5465 3544 5532 λέγειν
3584 5463 3691 5533 εἶχε

2127 5561 2352 5626 κακῶς;
2381 5553 2426 5611 ὦ
2459 5559 2583 5611 θεία
2610 5557 2753 5627 δίκη,
2783 5559 2881 5613 καὶ
2936 5558 3218 5627 κεραυνοὶ,
3248 5556 3346 5610 καὶ
3382 5555 3693 5625 πρηστῆρες

2128 5653 2333 5706 ἄνωθεν
2374 5652 2588 5723 ῥέοντες
2617 5667 2631 5681 ⁸
2667 5643 2728 5705 οὗ
2767 5650 2845 5721 τῷ
2876 5650 3101 5704 θεοειδεῖ
3151 5650 3245 5703 καὶ
3284 5645 3697 5720 μεγαλοπρεπεῖ
