4032 6414
331 380 427 444 601

1735 400 2158 462 DEDICA'HO

3491 413 3596 474 602

327 496 428 564 τῆς
478 496 676 567 ψυχῆς,
725 501 818 552 καὶ
859 502 936 573 τῷ
971 503 1082 556 τῶν
1132 508 1387 578 πράξεων
1421 515 1515 566 καὶ
1550 515 1769 584 μεγέθει
1813 518 1907 569 καὶ

2017 521 2294 576 cadentia!
2337 523 2408 576 De
2442 539 2575 591 quo,
2602 531 2824 591 propter
2883 521 3127 576 ditinam
3163 532 3214 577 et
3248 523 3594 594 magniﬁcam

328 589 499 659 ὄγκῳ,
536 591 643 642 οὐδ’
674 595 950 663 ἐγκώμιον
977 599 1127 664 ἄξιον
1163 603 1253 654 καὶ
1281 608 1558 674 προσῆκον
1591 610 1736 674 μάλα
1760 612 1907 662 ἔστιν

329 681 534 746 εὑρεῖν,
587 682 858 736 πλείστων
891 686 955 755 δὴ
1010 691 1104 740 καὶ
1144 691 1318 746 ταῦτα
1370 696 1578 747 πλεῖστ’
1612 700 1904 762 εἰπόντων,

330 772 533 842 πολλήν
561 791 619 825 τε
647 777 742 826 καὶ
779 782 998 847 μακρὰν
1029 783 1154 852 περὶ
1181 784 1238 836 σὲ
1272 791 1708 844 κατατεινὰντων
1743 809 1907 843 σπου-

331 863 426 928 δήν
455 881 469 896 ’
498 865 601 916 κᾶν
636 868 836 930 πάντες
869 872 1180 941 ἀνακράτος
1207 877 1405 946 ἥττους
1431 881 1787 948 ἐλέγχωνται,
1817 883 1909 934 ob.

334 956 494 1018 ρανοῦ
528 959 830 1023 τολμῶντες
859 963 1225 1030 ἐφάπτεσθαι,
1321 971 1418 1040 τὴν
1447 973 1719 1042 σφετέραν
1753 974 1910 1026 σκιὲιν

331 1064 363 1096 κ
407 1049 665 1101 ταλαὸεῖν
691 1055 1068 1123 ἐπειγόμενοι,
1104 1061 1191 1113 ἀεὶ
1238 1047 1639 1132 προχωροῦσαν
1674 1067 1767 1117 καὶ
1795 1066 1910 1118 δια-

333 1141 643 1208 φεύγουσαν
692 1143 921 1198 καθόσον
959 1150 1294 1216 ἐπείγονται.
1332 1155 1397 1208 Τί
1431 1155 1652 1224 λέγεις;
1686 1157 1911 1227 Μέμφιν

334 1233 455 1283 κατ’
495 1234 731 1300 ἐκείνου,
759 1239 854 1290 τοῦ
897 1241 1154 1310 ἄντικρυς
1191 1246 1487 1318 nemeae-qq
1525 1267 1582 1301 τε
1622 1253 1717 1303 καὶ
1749 1253 1910 1304 αὺτο-

325 1327 514 1394 τιμῆς,
545 1329 603 1381 ὃν
637 1331 770 1403 τιμὴ
813 1335 908 1386 καὶ
940 1335 1063 1398 δόξα
1086 1338 1323 1400 μάλιστα
1375 1342 1788 1414 δορυφοροῦσαι
1821 1346 1910 1398 ὅσα

328 1418 580 1482 ξαζονται
606 1421 701 1475 καὶ
725 1425 1087 1492 σεμνύνονται
1115 1443 1128 1493 ;
1163 1423 1205 1497 ᾧ
1239 1432 1363 1498 μηδ’
1391 1433 1456 1486 ἂν
1475 1435 1502 1486 ὁ
1526 1437 1656 1506 παρ’
1678 1437 1910 1506 Ἕλλησι

325 1514 636 1583 τιμώμενος
668 1519 882 1580 ἐκεῖνος
936 1522 1146 1590 Μῶμος
1200 1524 1344 1591 θεὸς,
1396 1528 1634 1580 καὶτῶν
1692 1529 1911 1600 ὕϐρεων

327 1607 557 1678 εὑρετής
597 1627 656 1662 τε
697 1614 792 1666 καὶ
821 1613 1070 1682 ήγεμὼν,
1099 1621 1258 1687 μήτοι
1291 1619 1342 1686 γ’
1366 1621 1533 1687 ἐγγὺς
1560 1621 1759 1688 ἐλθεῖν,
1791 1623 1908 1676 ἀλλ’

328 1700 450 1752 οὐδὲ
506 1703 852 1773 προσὸλέψαι
896 1707 1036 1769 ὅλως
1087 1710 1399 1780 ἐτόλμησε;
1440 1715 1641 1782 μᾶλλον
1685 1715 1732 1768 δ’
1786 1717 1910 1770 οὐδὲ

326 1794 537 1863 Μῶμος
567 1799 656 1849 ἐπὶ
687 1799 783 1851 τοῦ
831 1798 1044 1865 λοιποῦ,
1079 1802 1309 1874 φθαρεὶς
1353 1807 1444 1858 καὶ
1484 1807 1784 1878 διαρρυεὶς,
1814 1811 1910 1862 ἅτε

2018 627 2282 676 mentem.
2319 617 2714 685 actionumquc
2763 617 3203 684 magnitudinem
3245 626 3301 671 et
3354 618 3593 686 pondus,

2015 724 2193 777 neque
2225 709 2538 762 encomium
2580 707 2909 776 laudemque
2951 708 3281 776 condignam
3313 715 3369 761 et
3396 709 3597 761 decen-

2019 809 2124 854 tem
2179 800 2426 853 invenire
2479 800 2632 860 licet,
2666 814 2790 853 cum
2825 799 3052 868 quidem
3091 800 3313 868 plurimi
3355 800 3592 867 plurima

2017 891 2281 954 dixerint,
2324 893 2672 960 multumque
2705 893 2798 945 diu
2829 908 3016 960 operte
3047 903 3101 946 et
3131 893 3302 946 studii
3335 895 3388 944 in
3427 893 3596 945 rebus

2019 983 2127 1035 luis
2151 983 2442 1051 posuerint
2475 1001 2486 1034 :
2514 981 2608 1050 qui
2640 997 2772 1035 sane
2806 997 3000 1036 omnes
3035 982 3329 1036 inferiores
3355 983 3438 1034 eis
3471 997 3595 1034 esse

2015 1086 2143 1130 sunt
2184 1075 2539 1142 deprehensi,
2587 1075 2786 1129 caelum
2837 1075 3111 1144 attingere
3159 1085 3447 1138 conantes,
3500 1084 3596 1128 aut

2015 1183 2169 1220 suam
2227 1168 2469 1236 ipsorum
2525 1166 2780 1220 umbram
2832 1166 3310 1234 comprehendere
3365 1177 3595 1220 conten-

2016 1261 2252 1315 dentes:
2288 1277 2409 1330 qum.
2459 1276 2568 1328 quo
2605 1260 2777 1329 magis
2820 1263 2871 1313 ei
2917 1259 3299 1329 impendeant,
3336 1274 3403 1313 eo
3436 1258 3597 1311 cedat

2018 1356 2188 1422 magis
2218 1363 2274 1406 et
2306 1352 2582 1421 diﬂugiat.
2637 1351 2779 1417 Quid
2819 1352 2943 1406 ais?
2999 1351 3501 1420 Reprehendereue
3541 1360 3599 1404 et

2014 1459 2242 1513 carpere
2271 1444 2611 1498 constituisti
2647 1459 2774 1498 eum
2809 1443 2901 1513 qui
2932 1460 2997 1498 ex
3036 1444 3154 1512 ipso
3188 1458 3417 1512 prorSns
3453 1443 3594 1495 uati-

2015 1553 2135 1591 vam
2168 1536 2380 1590 obtinet
2413 1536 2642 1606 gloriam
2671 1545 2727 1590 et
2758 1536 3110 1606 dignitatem,
3138 1545 3199 1589 et
3229 1551 3390 1605 quem
3421 1535 3598 1588 honor

2012 1643 2067 1683 et
2101 1629 2408 1699 :nnplitudo
2458 1629 2693 1682 maxime
2726 1629 2990 1683 satellitio
3038 1627 3279 1697 quodam
3324 1627 3598 1693 stipantes

2016 1722 2294 1778 illustrant
2343 1733 2510 1791 atque
2560 1720 2882 1775 exornant:
2920 1721 3030 1791 28
3078 1720 3144 1772 ad
3197 1734 3362 1788 quem
3419 1733 3599 1786 neque

2016 1814 2105 1868 ille
2131 1814 2224 1882 qui
2257 1812 2401 1882 apud
2444 1811 2664 1868 Crteeos
2712 1825 2812 1880 pro
2844 1813 2946 1864 deo
2979 1810 3164 1864 cultus
3196 1819 3283 1862 est
3312 1808 3590 1862 convicio-

332 1890 465 1954 μήτι
515 1888 765 1958 δυνηθεὶς
803 1891 970 1943 αὐτοῦ
1022 1871 1115 1946 και
1159 1871 1324 1962 μόνου
1377 1871 1907 1967 δηλαδὴ-,κᾶνούᾶ

2018 1920 2138 1958 rum
2174 1905 2430 1958 inventor
2461 1913 2625 1972 atque
2652 1912 2847 1956 auctor
2879 1901 3110 1964 Momus,
3147 1917 3256 1954 non
3292 1900 3454 1953 modo
3483 1915 3594 1953 non

327 1981 576 2032 ὁπωσοῦν
609 1983 1092 2052 προσεφὰψασθαι.
1136 1987 1279 2038 Ἀλλ’
1313 1987 1422 2055 ἐγὼ
1448 1989 1547 2058 μὲν
1576 1991 1746 2042 ταῦτα
1768 2005 1783 2021 ο
1817 1993 1912 2044 σὺν

323 2072 369 2125 δ’
405 2073 470 2126 ἂν
500 2075 608 2144 εἴη,
651 2077 933 2146 κράτιστε,
961 2083 1343 2150 παραμετρεῖν
1397 2082 1628 2148 ἕκαστα,
1658 2084 1752 2136 καὶ
1810 2087 1909 2152 τὴν

330 2167 428 2236 σὴν
486 2168 666 2237 ψῆφον
697 2170 914 2239 ἀρρεπῆ
947 2188 1037 2240 μοι
1085 2171 1374 2242 βραϐεύειν
1401 2191 1414 2204 ·
1451 2175 1586 2229 Θεοῦ
1619 2177 1727 2246 γὰρ
1760 2175 1912 2230 ἄντι-

329 2278 464 2331 κρυς
492 2261 674 2330 ψῆφος
703 2265 733 2332 ή
759 2263 847 2332 σή.
876 2263 965 2333 Τῷ
989 2267 1097 2335 γὰρ
1126 2266 1368 2334 μεγίστῳ
1398 2267 1509 2320 τῶν
1535 2268 1714 2321 ἄθλων
1739 2272 1911 2338 ἐμαυ-

328 2355 417 2403 τὸν
445 2354 764 2423 ἐπιρῤἱψας,
783 2354 878 2406 νῦν
904 2355 1076 2420 ἔγνων
1098 2356 1268 2420 ὅντως
1289 2358 1503 2411 διώκων
1526 2367 1592 2411 τα
1616 2360 1907 2429 φεύγοντα,

331 2445 427 2496 καὶ
446 2448 675 2498 κατόπιν
696 2447 980 2515 ποταμίων
1006 2450 1296 2517 ῥευμάτων
1319 2453 1636 2520 ἐρχόμενος·
1663 2454 1758 2506 καὶ
1782 2471 1914 2521 συγ-

326 2538 515 2607 γνώμη
554 2539 631 2606 τῷ
666 2537 827 2591 πάθει
855 2554 868 2569 ·
917 2538 945 2590 ὃ
979 2541 1071 2590 καὶ
1117 2541 1220 2601 πᾶς
1260 2540 1354 2605 ἂν,
1378 2540 1557 2610 οἶμαι,
1601 2545 1786 2609 πάθοι,
1818 2547 1913 2598 ἐπὶ

326 2632 481 2682 τόσον
515 2630 700 2696 ἀγῶνα
729 2635 978 2684 καθεῖναι
1010 2631 1355 2702 πειρώμενος
1390 2635 1584 2701 ἑαυτόν
1609 2651 1621 2665 ⁶
1649 2639 1725 2705 μὴ
1753 2636 1911 2706 δυνη-

330 2725 441 2788 θεὶς
474 2721 522 2775 δ’
576 2725 724 2791 ὅμως
763 2723 1068 2788 ,ἐξικέσθαι
1109 2725 1186 2795 τῷ
1251 2727 1524 2795 ἀνεφίκτῳ
1578 2729 1766 2797 σχεδὸν
1817 2731 1911 2782 καὶ

327 2815 694 2885 ἀπαραμίλλῳ
722 2815 830 2868 τῶν
867 2817 1136 2885 πράξεων.
1198 2817 1256 2871 ’0
1285 2819 1340 2870 δὲ
1372 2820 1638 2881 Βασιλεὺς
1669 2821 1780 2875 τῶν
1813 2821 1912 2891 βα-

332 2909 669 2972 σιλευόντων,
706 2909 795 2960 καὶ
841 2910 1044 2978 Κύριος
1075 2911 1179 2962 τῶν
1211 2914 1598 2980 κυριευόντων,
1629 2916 1656 2967 ό
1688 2911 1767 2982 τῷ
1795 2914 1909 2984 ἰδίῳ

329 3003 524 3070 αἵματι
550 3003 648 3072 τὴν
680 3003 844 3056 αὑτοῦ
888 3002 1216 3076 Ἐκκλησίαν
1242 3005 1611 3076 οἰκοδομήσας
1638 3007 1906 3079 στερρῶς,

335 3097 391 3145 σὲ
428 3095 483 3148 δὲ
519 3095 610 3146 τὸν
647 3096 788 3147 κατὰ
825 3096 922 3164 τὴν
959 3096 1171 3149 ἐκείνου
1206 3099 1436 3168 καρδίαν
1469 3100 1783 3170 προστάτην
1815 3101 1910 3152 καὶ

2017 1998 2248 2069 prepius
2293 1999 2577 2064 accedere,
2616 1997 2712 2052 sed
2749 2013 2820 2050 ne
2854 1996 3132 2063 respicere
3164 1994 3389 2063 quidem
3430 2010 3593 2062 pror-

2020 2107 2117 2146 sus
2161 2089 2399 2144 audeat?
2432 2088 2575 2156 Quin
2628 2087 2842 2158 potius;
2865 2087 3077 2140 Momus
3109 2086 3371 2154 deinceps
3411 2085 3598 2139 nullus

2013 2192 2217 2245 exstat,
2267 2193 2326 2236 ut
2362 2182 2457 2252 qui
2493 2181 2771 2236 interierit
2801 2189 2966 2249 atque
3013 2178 3335 2240 diiunxerit,
3387 2179 3442 2231 in
3492 2178 3596 2231 hoc

2015 2278 2135 2331 solo
2173 2293 2239 2330 ne
2273 2276 2549 2330 tantillum
2597 2274 2822 2342 quidem
2878 2271 3024 2340 quod
3060 2271 3456 2339 perstringeret
3495 2269 3596 2322 ha-

2017 2368 2173 2422 bens.
2227 2366 2502 2422 Caeterum
2560 2382 2661 2435 ego
2700 2363 2927 2434 quidem
2986 2363 3110 2417 ista.
3174 2361 3355 2414 Tuum
3407 2371 3594 2416 autem

2015 2457 2201 2522 fuerit,
2239 2458 2499 2527 princeps
2531 2457 2762 2525 Optime,
2804 2463 2863 2508 ut
2903 2451 3228 2506 consideres
3261 2461 3428 2519 atque
3470 2467 3599 2519 per-

2014 2551 2224 2621 pendas
2272 2551 2505 2604 seorsim
2542 2549 2748 2607 omnia,
2788 2555 2844 2598 et
2879 2559 3100 2612 aequum
3135 2553 3596 2611 constantemque

2009 2644 2205 2713 judicli
2239 2643 2316 2696 tui
2340 2641 2614 2696 calculum
2646 2639 2778 2691 mihi
2813 2637 3101 2691 adhibeas.
3129 2636 3225 2690 Dei
3257 2635 3403 2687 enim
3437 2634 3597 2702 plane

2016 2746 2109 2790 tua
2139 2735 2306 2789 fuerit
2346 2734 2645 2788 sententia.
2682 2731 2784 2798 Qui
2813 2746 2946 2784 vero
2978 2745 3064 2782 me
3108 2729 3288 2796 ipsum
3323 2728 3376 2780 in
3411 2734 3595 2780 certa-

2019 2845 2143 2884 men
2181 2828 2478 2882 maximum
2512 2825 2868 2896 conjeccrim,
2903 2839 3051 2876 nunc
3081 2827 3299 2875 demum
3331 2819 3596 2888 fugientia

2017 2938 2105 2977 me
2155 2922 2438 2991 persequi,
2470 2930 2527 2972 et
2585 2933 2613 2971 a
2657 2927 2812 2986 tergo
2862 2915 3150 2969 ﬂuentium
3204 2927 3471 2981 aquarum
3519 2910 3599 2964 ire

2016 3014 2318 3082 comperio.
2359 3012 2492 3078 Quae
2527 3026 2614 3065 res
2672 3010 2888 3063 veniam
2945 3005 3198 3077 profecto
3231 3013 3500 3058 meretur.
3539 3000 3599 3055 In

2015 3123 2123 3176 qua
2156 3107 2443 3167 nimirum,
2484 3113 2544 3157 ut
2580 3101 2839 3172 equidem
2875 3109 3030 3170 puto,
3068 3097 3306 3168 quilibet
3352 3095 3597 3158 fallatur,

335 3190 656 3258 ὑπὲρμαχον
706 3190 930 3258 γνήσιον
961 3189 1245 3260 ταύτηςεὲν
1276 3192 1534 3260 ὲρυθραῖς
1557 3196 1910 3264 καταστήσας

2017 3199 2106 3267 qui
2131 3197 2426 3252 svilicetse
2449 3195 2502 3248 iu
2528 3206 2814 3248 certamen
2849 3201 3064 3246 tantum
3106 3191 3400 3244 demittere
3429 3203 3598 3242 conc-

331 3281 548 3349 βαραῐς,
584 3281 672 3349 εἴη
725 3283 823 3351 τὴν
863 3282 962 3351 σὴν
1023 3283 1219 3353 εὐσεϐῆ
1273 3284 1558 3354 βασιλείαν
1593 3288 1676 3348 είς
1709 3287 1913 3356 ἄπειρα

331 3374 508 3428 κύκλα
531 3376 742 3428 αἰώνων
770 3375 1141 3445 διαφρουρῶν,
1177 3382 1233 3426 εν
1279 3379 1598 3450 ἁκλονήτοις
1623 3381 1912 3449 εὐθυμίαις

330 3469 441 3518 τῶν
494 3468 812 3537 περικύκλῳ
849 3469 1066 3522 πάντων
1107 3471 1628 3539 κατευμεγεθοῦσαν
1677 3471 1909 3542 ἐχθρῶν,

331 3564 422 3613 καὶ
442 3562 546 3614 ὑπὸ
580 3562 745 3624 πόδας
770 3563 976 3625 πάντας
1000 3563 1104 3624 ἕως
1124 3579 1186 3616 ου
1207 3565 1555 3615 παντάπασιν
1584 3565 1910 3633 ὲκτριδείεν,

331 3655 521 3720 τιθεὶς,
555 3654 636 3708 ἔτι
667 3673 725 3706 τε
757 3655 1069 3723 κρατύνων,
1100 3657 1194 3708 καὶ
1224 3654 1384 3718 δόξαν
1418 3656 1512 3708 ἐπὶ
1533 3655 1657 3726 δόξῃ
1689 3655 1913 3725 μείζονα

332 3749 604 3818 χορηγῶν,
636 3748 731 3800 καὶ
758 3747 827 3800 δι’
881 3748 1079 3809 αἰῶνός
1130 3747 1190 3800 σέ
1227 3764 1288 3802 τε
1323 3748 1416 3800 καὶ
1447 3748 1670 3810 παῖδας,
1700 3752 1796 3801 καὶ
1827 3752 1914 3816 γέ-

333 3857 420 3901 νος
475 3839 644 3906 ἆπαν,
681 3842 778 3893 καὶ
817 3841 971 3903 τήνδε
1014 3841 1192 3905 πόλιν,
1255 3836 1322 3912 ἦς
1368 3841 1533 3902 αὐτὸς
1571 3841 1662 3892 καὶ
1694 3841 1912 3893 πολιοῦ-

332 3949 428 4001 χος
487 3935 581 3986 καὶ
621 3935 888 4002 οἰκιστὴς,
949 3933 1162 3990 θάλλειν
1217 3935 1431 3996 διδούς·
1491 3933 1564 3996 ὼς
1618 3934 1686 3986 ἄν
1738 3951 1803 4001 γε
1835 3935 1914 4003 τῷ

333 4025 550 4095 ἀφθόνῳ
579 4028 688 4078 τῶν
741 4027 962 4094 ἀγαθῶν
1014 4027 1108 4080 ἐπὶ
1137 4028 1235 4092 τὰς
1275 4027 1674 4098 θρυλλουμένας
1704 4029 1914 4098 χρυσᾶς

333 4119 550 4182 ὲκείνας
589 4122 785 4182 "Evqu
839 4120 1105 4191 Ῥωμαῖοι
1145 4121 1459 4192 ἀνέλθωμεν
1485 4139 1500 4155 ο
1531 4124 1670 4192 μετὰ
1695 4123 1752 4175 δὲ
1781 4123 1913 4192 χρό-

333 4227 422 4261 νον
478 4210 714 4281 μακρδν,
765 4209 904 4280 βαθύ
934 4228 994 4264 τε
1031 4215 1210 4282 γῆρας
1263 4215 1360 4267 καὶ
1398 4213 1653 4283 λιπαρὸν,
1687 4214 1916 4284 ἀπειρίᾳ

336 4301 526 4370 σχεδὸν
568 4302 1090 4374 συνεξεταζόμενον,
1119 4305 1213 4358 καὶ
1246 4306 1346 4374 τῆς
1374 4306 1655 4374 ἁδιαδόχου
1683 4307 1779 4358 καὶ
1811 4306 1912 4374 ἁρ-

337 4395 438 4465 χῆς
487 4396 583 4448 καὶ
613 4395 889 4465 βασιλείας
941 4397 1303 4462 καταξιώσειε
1329 4414 1344 4430 ·
1372 4401 1474 4452 κάν
1523 4402 1589 4469 τῇ
1624 4399 1732 4451 τῶν
1767 4415 1917 4469 πρω-

330 4489 567 4542 τοτόκων
613 4489 910 4560 Ἐκκλησία
949 4490 1134 4560 ἐκείνῃ
1168 4490 1244 4559 τῷ
1278 4491 1378 4559 τῆς
1407 4489 1646 4553 πίστεως
1679 4489 1914 4560 ἀρχηγῷ

333 4580 540 4648 βασιλεί
564 4581 853 4650 σύνθρονον
875 4582 969 4634 καὶ¹
1008 4581 1296 4652 ἰσάριθμον
1325 4579 1645 4647 ἁναὸείξειε,
1673 4583 1738 4634 τὰ
1769 4587 1910 4650 γέρα

331 4669 439 4720 τῶν
478 4671 710 4738 μακρῶν
747 4673 950 4736 πόνων,
979 4670 1121 4739 ὑπὲρ
1160 4670 1256 4738 τῆς
1304 4668 1542 4738 Χριστοῦ
1582 4669 1912 4734 Ἐκκλησίας

332 4763 428 4813 καὶ
459 4763 716 4833 ποίμνης,
771 4763 845 4827 ὡς
881 4763 1058 4835 χρεών
1099 4779 1184 4830 γε,
1227 4762 1348 4815 κατ’
1381 4762 1540 4826 ἀξίαν
1587 4765 1913 4834 καρπούμε-

331 4870 441 4908 νον.

333 4963 390 5008 et
466 4953 652 5018 molle,
710 4951 858 5022 quod
904 4951 970 5007 ad
1042 4950 1318 5006 inﬁnitum
1397 4965 1570 5020 prope
1613 4952 1912 5022 pertingat,
1959 4956 2196 5016 senium,
2252 4951 2346 5006 illo
2409 4968 2650 5021 quoque,

2021 3303 2146 3346 tur:
2178 3288 2322 3343 unde
2353 3297 2559 3348 tamen,
2589 3295 2813 3354 propter
2844 3299 2931 3338 res
2968 3297 3138 3352 prope
3166 3281 3598 3350 incomprehen-

2017 3385 2211 3439 sibiles
2258 3391 2427 3449 atque
2469 3377 2950 3448 inexpugnabiles,
2974 3375 3223 3430 .evadere
3254 3389 3364 3427 nou
3405 3372 3598 3440 possit.

2019 3477 2136 3544 Ipse
2192 3488 2324 3527 vero
2379 3473 2492 3526 Rex
2541 3487 2734 3537 regum
2773 3480 2828 3522 et
2876 3469 3141 3522 Dominus
3190 3465 3597 3520 dominantium

2016 3568 2294 3629 Christus,
2327 3565 2422 3633 qui
2455 3564 2725 3633 sanguine
2753 3577 2854 3615 suo
2885 3560 3192 3614 Ecclesiam
3226 3573 3381 3612 suam
3413 3573 3599 3611 saera-

2018 3661 2114 3724 vit,
2153 3669 2208 3712 et
2243 3657 2478 3710 ﬁrmiter
2519 3656 2855 3716 construxit,
2899 3663 2956 3708 et
3002 3664 3054 3707 te
3102 3653 3181 3706 illi
3230 3652 3408 3704 virum
3442 3652 3598 3720 juxta

2017 3767 2110 3824 cor
2139 3765 2301 3806 suum
2337 3748 2724 3802 auxiliatorem
2771 3757 2826 3799 et
2872 3745 3225 3799 defensorem
3273 3757 3597 3812 germanum

2019 3859 2261 3915 purpura
2315 3845 2636 3896 decoratum
2703 3841 3033 3904 constituit,
3081 3839 3230 3907 pium
3301 3835 3596 3904 imperium

2021 3948 2172 3993 tuum
2206 3938 2258 3990 in
2293 3937 2538 3990 inﬁnitos
2569 3934 2671 3988 aevi
2698 3949 2876 3988 annos
2905 3932 3185 3986 custodiat
3212 3948 3227 3983 :
3259 3927 3510 4004 atquejd
3541 3927 3599 3978 in

2019 4032 2203 4086 stabili
2237 4039 2294 4084 et
2325 4031 2550 4083 immota
2580 4029 2792 4089 hetitia,
2825 4029 2971 4081 inter
2997 4040 3194 4078 omnes
3230 4024 3325 4092 qui
3361 4022 3596 4075 cirentn-e

2019 4127 2164 4180 circa
2192 4135 2343 4187 sunt,
2369 4123 2547 4176 donec
2574 4135 2800 4190 prorsus
2827 4121 3009 4174 cuncti
3038 4119 3144 4172 sub
3170 4116 3404 4186 pedibus
3433 4112 3599 4182 positi

2019 4226 2399 4277 conterantur,
2431 4215 2682 4269 inimicos
2709 4257 2724 4279 ,
2763 4215 2816 4266 in
2846 4215 3019 4283 majus
3035 4224 3362 4265 excrescens
3397 4216 3599 4270 servet,

2023 4311 2397 4379 majoretnque
2429 4307 2594 4360 aliam
2648 4320 2818 4371 super
2853 4307 3017 4356 aliam
3061 4301 3292 4371 gloriam
3331 4299 3604 4352 submini-

2021 4409 2204 4453 strans
2231 4397 2525 4451 conﬁrmet
2556 4411 2571 4449 :
2607 4405 2773 4463 atque
2803 4395 2941 4448 adeo
2987 4402 3059 4458 te,
3099 4392 3307 4445 liberos
3339 4399 3394 4442 et
3426 4404 3603 4458 genus

2021 4505 2207 4554 omne,
2255 4491 2541 4559 ipsamque
2592 4488 2734 4540 hanc
2796 4490 3010 4550 urbem,
3043 4487 3202 4553 cujus
3233 4501 3293 4538 es
3341 4492 3493 4536 tutor
3549 4493 3604 4535 et

2019 4583 2295 4642 conditor.
2329 4581 2381 4634 in
2421 4590 2745 4651 perpetuum
2794 4579 2990 4632 ﬂorere
3025 4577 3208 4639 faciat,
3264 4581 3326 4628 ut
3381 4573 3598 4627 tandem

2024 4675 2182 4728 honis
2220 4673 2479 4728 omnibus
2527 4672 2748 4726 abunde
2785 4669 3142 4732 accttmnlati,
3193 4667 3249 4720 in
3281 4667 3605 4720 decantatas

2025 4769 2145 4822 illas
2183 4783 2377 4821 aureas
2435 4766 2617 4820 Ennas
2667 4764 2898 4819 Remaui
2957 4763 3068 4833 (l)
3137 4760 3603 4815 conscendamus.

2028 4859 2153 4912 l’ost
2176 4859 2396 4926 longum
2437 4875 2569 4912 vero
2607 4865 2821 4925 tempus
2850 4896 2862 4917 ,
2897 4861 3332 4924 provectumque
3381 4851 3604 4904 demum

2723 4952 2872 5021 quod
2930 4951 3337 5006 successionem
3404 4950 3603 5015 nescit,

334 5051 674 5118 sempiterno
710 5061 882 5116 regno
924 5055 978 5100 et
1031 5046 1264 5114 imperio
1289 5055 1341 5099 te
1392 5046 1694 5116 dignetur:
1745 5059 1910 5115 atque
1949 5049 2002 5101 in
2073 5047 2160 5101 illa
2202 5047 2698 5116 primogenitorum
2769 5046 3013 5100 Ecclesia
3059 5045 3111 5097 in
3154 5044 3414 5098 eumdem
3445 5044 3604 5098 thro-

335 5161 463 5199 num
499 5153 556 5198 et
594 5158 884 5197 numerum
919 5156 1045 5196 cum
1112 5141 1235 5196 lidei
1293 5143 1542 5211 principe
1575 5144 1910 5212 imperatore
1949 5144 2174 5206 referat,
2211 5144 2555 5198 diutinorum
2631 5159 2732 5212 pro
2766 5142 2973 5197 Citriin
3022 5142 3266 5198 Ecclesia
3335 5154 3392 5196 et
3445 5156 3607 5212 grege

334 5250 718 5311 susceptorum
770 5241 1046 5308 laborum,
1101 5239 1178 5294 ita
1244 5247 1304 5294 ut
1355 5241 1537 5302 decet,
1580 5238 1823 5291 honores
1866 5251 1920 5291 et
1959 5237 2172 5293 fructus
2206 5239 2509 5307 condignos
2543 5249 2966 5307 percepturum.

408 5378 482 5448 tl)
516 5381 720 5436 Novam
774 5389 826 5433 et
872 5379 1149 5433 ctelestem
1213 5377 1540 5433 Jerusalem.
1599 5374 1693 5429 Est
1759 5376 1902 5444 apud

339 5452 516 5505 Cicer.
553 5449 607 5503 in
641 5451 857 5504 actione
906 5449 1135 5502 Verrina
1170 5449 1202 5502 6
1233 5465 1247 5503 :
1290 5467 1306 5497 ι
1357 5449 1506 5500 Enna
1538 5448 1799 5515 Oppidum
1852 5448 1907 5500 in

339 5520 598 5576 umbilico
650 5521 853 5577 Sicilia:
905 5520 1094 5582 situm,
1128 5519 1229 5575 soli
1266 5518 1589 5576 fertilissimi
1623 5527 1681 5572 et
1728 5517 1799 5571 ob
1853 5517 1907 5570 id

2015 5378 2202 5434 Cereri
2229 5396 2468 5434 sacrmu.
2502 5398 2519 5429 ι
2549 5377 2845 5432 Christiani
2885 5394 3047 5446 porro
3072 5378 3138 5432 ad
3165 5393 3364 5433 aureas
3396 5377 3606 5442 Ennas,

2017 5451 2295 5506 caelestem
2322 5450 2580 5521 patriam,
2615 5451 2949 5519 aspir-amns.
