4032 6414
261 412 370 476 ϐῐῖὃ

710 480 737 495 κ

1216 417 1823 481 ΕεειΕδιΑετΙςιΕ
1868 422 2261 484 1115ΤΟΒΙ.Ἐ
2300 425 2449 487 LIB.
2490 424 2537 486 Ι.

3413 428 3531 493 θθῆ

254 536 342 594 λὲς
366 533 539 586 ἅπασι
568 531 659 583 καὶ
690 530 1008 601 ἐκκλησίαις
1043 535 1136 588 καὶ
1189 536 1423 607 πράξεσι
1459 539 1824 610 γορηγοῦσαν.

1944 541 2201 611 temporis
2221 543 2646 598 diuturnitatem
2667 550 2931 613 praestare
2957 557 3184 597 necesse
3206 550 3312 609 est,
3347 544 3525 612 quod-

258 625 366 693 Τὴν
406 622 505 691 μὲν
537 624 645 692 γὰρ
677 624 875 676 κακίαν
904 623 979 687 ὡς
1031 624 1207 695 χρεὼν
1241 631 1573 699 πορρωτέρω
1610 630 1828 694 πάντως

256 714 391 781 αὕτη
426 718 599 767 ποιεῖ’
628 715 944 785 λοιδοροῦσα
974 716 1201 789 ταύτην,
1244 715 1332 772 οἷα
1370 721 1432 789 δὴ
1457 722 1564 774 τῶν
1607 722 1832 790 φαύλων

256 810 347 861 καὶ
375 807 651 859 δυσσεϐὠν
675 807 798 869 τοὺς
834 807 1037 876 ψόγους
1066 808 1338 874 διεξιοῦσα
1358 827 1373 841 ·
1406 814 1529 875 τοὺς
1561 809 1688 866 δἀὖ
1711 831 1832 882 γεν-

259 899 435 958 ναίους
468 900 562 951 καὶ
602 899 839 966 ἀγαθοὺς
871 900 1088 966 ἄνδρας,
1123 903 1216 955 καὶ
1247 905 1378 974 περὶ
1407 905 1475 957 τὰ
1499 907 1692 975 πρῶτα
1723 908 1833 959 τῶν

270 990 379 1043 ποθ’
431 994 576 1061 ἡμᾶς
643 993 880 1058 μάλιστα
944 994 1039 1065 τὴν
1108 997 1390 1050 εὐσέϐειάν
1454 1016 1517 1066 γε
1561 1000 1655 1052 καὶ
1702 1000 1836 1068 ἀρεο

261 1083 351 1151 τὴν
400 1084 660 1151 πλείστην
691 1083 1004 1152 καταϐεόλη
1018 1084 1209 1149 μένους
1243 1086 1479 1155 σπουδὴν
1500 1130 1512 1145 ,
1543 1087 1725 1153 λόγοις
1772 1082 1829 1139 εὖ

259 1175 449 1240 ἥκουσι
478 1175 569 1226 καὶ
609 1174 897 1243 ἐγκωμίων
929 1178 1213 1244 στεφάνοις
1245 1176 1598 1243 καταξιοῦσα,
1627 1178 1836 1243 ἁξιολὸ·

258 1284 384 1334 γιυς
421 1267 751 1335 ἐργάζεται·
783 1260 862 1329 οἷς
892 1268 1029 1336 δῆτα
1057 1270 1150 1321 καὶ
1175 1270 1300 1332 τοὺς
1335 1271 1752 1340 ἐπιγενομένους
1775 1269 1836 1322 εὖ

259 1359 402 1427 μάλα
445 1362 831 1430 προτρέπεται,
854 1360 961 1414 τῶν
992 1360 1293 1414 καλλίστων
1338 1361 1515 1430 ἔργων
1565 1361 1659 1413 καὶ
1753 1359 1838 1413 δον

257 1452 442 1519 ξάζειν
471 1454 597 1524 περὶ
617 1453 677 1506 τὸ
701 1452 856 1506 Θεῐον
873 1451 1053 1523 χρεὼν
1075 1454 1269 1524 ἐπίσης
1297 1453 1524 1518 ἐκείνοις
1553 1452 1829 1507 ἁνθὲιπτε-

260 1544 407 1596 σθαμ

1937 650 2046 703 que
2071 635 2299 701 dicitur,
2331 636 2603 706 quidquid
2638 645 2913 691 vetustate
2946 634 3393 699 commendetur,
3430 649 3525 689 ve-

1940 724 2185 779 nerabile
2237 725 2289 780 id
2341 742 2463 780 esse
2515 735 2774 796 oportet:
2820 725 3109 780 historiam
3159 724 3424 803 omnino,
3465 733 3526 781 ut

1941 831 2064 885 qua:
2086 827 2139 871 et
2169 817 2533 872 diuturnitate
2565 818 2831 887 temporis
2855 829 2910 873 et
2943 817 3306 888 plurimarum
3337 833 3522 870 rerum

1941 924 2041 962 usu
2077 910 2245 974 valet,
2275 911 2494 979 plurimi
2531 911 2842 965 faciendam
2876 926 2996 965 csse
3029 919 3271 973 constat,
3328 911 3381 963 in
3416 910 3525 978 pri-

1944 1000 2048 1053 mis
2072 1017 2202 1053 vero
2228 1017 2464 1064 sacram,
2493 1001 2769 1072 ingentem
2804 1002 3064 1054 nimirum
3092 1001 3331 1054 fructum
3359 1011 3525 1069 atque

1944 1091 2236 1145 utilitatem
2285 1093 2543 1148 omnibus
2584 1093 2748 1147 simul
2805 1100 2862 1147 et
2896 1092 3146 1146 ecclesiis
3189 1105 3243 1146 et
3292 1093 3526 1161 negotiis

1939 1185 2413 1254 suppeditantem.
2458 1185 2730 1254 Namque,
2766 1188 2839 1239 ita
2871 1196 2929 1240 ut
2962 1201 3182 1254 :cquum
3220 1195 3327 1248 est,
3362 1201 3525 1237 omne

1940 1290 2114 1343 genus
2164 1275 2424 1329 vitiorum
2489 1293 2550 1331 ea
2613 1277 2730 1344 ipsa
2784 1277 3079 1331 traducens
3130 1286 3185 1330 et
3235 1276 3524 1336 damnans,

1947 1381 2109 1433 quam
2142 1364 2460 1436 longissime
2495 1368 2696 1439 rejicit.
2727 1370 3010 1438 malosque
3043 1379 3098 1422 ct
3134 1368 3334 1435 impios
3364 1368 3528 1437 justis

1941 1456 2208 1511 Conviciis
2235 1467 2555 1512 exsecratur
2582 1498 2597 1517 .
2629 1473 2683 1513 et
2711 1475 2939 1528 magnos
2960 1459 3323 1527 laudatusque
3351 1459 3523 1519 viros,

1944 1544 2037 1613 qui
2074 1546 2127 1597 in
2171 1545 2338 1599 rebus
2363 1547 2646 1615 religionis
2676 1559 2876 1602 nostrae
2912 1548 3187 1609 maximis,
3226 1546 3525 1610 excellenti

254 1633 465 1689 virtute
552 1642 607 1688 et
664 1636 867 1704 pietate
932 1634 1232 1705 plurimum
1290 1634 1461 1689 studii
1531 1644 1861 1703 posuerunt,
1937 1635 2125 1690 verbis
2188 1637 2547 1707 atnpfissituis
2612 1638 2948 1708 laudumque
3014 1639 3304 1709 praeconis
3362 1638 3519 1706 quasi

254 1724 586 1791 quibusdam
627 1728 849 1781 coronis
885 1743 1185 1793 exornans,
1255 1726 1613 1782 admirandos
1677 1727 2083 1798 imitandosquo
2122 1729 2244 1784 aliis
2277 1731 2467 1784 cllicit.
2541 1729 2752 1807 Quibus
2807 1747 3029 1801 quoque
3091 1734 3257 1787 rebus
3295 1730 3529 1802 posteri-

257 1826 427 1867 tatem
472 1815 643 1886 ipsatn
681 1818 1053 1886 pulcherrime
1086 1818 1323 1883 excitat,
1369 1830 1423 1874 et
1466 1820 1834 1875 sanctissimis
1873 1821 2140 1891 operibus
2175 1831 2242 1875 .et
2281 1822 2477 1886 lactis,
2522 1822 2858 1892 decentique
2928 1833 2984 1879 ct
3048 1834 3197 1879 recta
3230 1824 3297 1877 de
3337 1822 3527 1877 divino

251 1910 493 1965 Numine
540 1914 832 1982 opinione,
868 1929 1062 1969 eorum
1106 1917 1355 1970 virorum
1391 1916 1610 1971 laudern
1655 1917 1969 1990 aemulando
2011 1917 2320 1972 consectari
2363 1921 2709 1973 cohortatur.

332 2004 495 2057 Ὅθεν
522 2007 615 2059 καὶ
652 2009 811 2077 ἡμεῖς
840 2006 1058 2072 δικαίας
1092 2008 1369 2077 κρίνοντες
1395 2009 1669 2079 ἀποδοχῆς
1713 2010 1840 2071 τοὺς

2018 2010 2365 2080 Quapropter
2393 2020 2447 2064 et
2483 2026 2583 2064 nos
2608 2011 2823 2081 judicio
2868 2020 3061 2066 nostro
3102 2027 3199 2066 eos
3242 2011 3335 2081 qui
3369 2027 3527 2066 sacra

251 2096 517 2164 τοιαύτην
549 2100 679 2167 περὶ
712 2100 782 2152 τὰ
829 2102 984 2154 κοινὰ
1014 2101 1623 2173 πραγματευσαμένους
1677 2118 1843 2154 σπου-

253 2185 373 2255 δὴν,
402 2188 492 2239 ἐπὶ
531 2188 621 2241 τὸν
644 2190 830 2257 ὅμοιον
860 2191 963 2260 τῆς
993 2191 1308 2255 ὑποθέσεως
1358 2192 1717 2264 προήχθημεν
1749 2193 1843 2263 ζῆ-

256 2277 353 2331 λον
373 2294 386 2308 ·
420 2279 541 2332 οὔτε
573 2282 670 2346 τὴν
702 2284 829 2350 περ)⁵
856 2282 955 2345 τὰς
980 2283 1213 2352 πράξεις
1234 2285 1435 2353 ἀρετὴν
1464 2285 1844 2354 ἐπιδεδειγμέ-

262 2387 363 2437 νοι,
417 2371 537 2424 οὔτε
575 2374 683 2443 μὴν
721 2376 786 2445 τῇ
818 2372 1123 2445 εὐγλωττίᾳ
1178 2374 1602 2448 τεθαρρηκότες,
1655 2380 1747 2431 καὶ
1775 2379 1841 2449 τῇ

265 2465 424 2535 ῥώμῃ
469 2466 575 2518 τῶν
620 2468 792 2536 λόγων
814 2484 829 2499 ο
895 2470 1294 2537 ἐπιστήσαντες
1345 2470 1391 2523 δ’
1419 2471 1496 2534 ὡς
1526 2466 1637 2523 οἶόν
1660 2486 1719 2523 τε
1749 2472 1840 2523 τὸν

265 2555 390 2608 νοῦν
408 2559 520 2619 τοῖς
553 2558 659 2628 πρὸ
697 2558 853 2627 ἡμῶν
881 2559 949 2612 τὰ
984 2559 1125 2614 κατὰ
1153 2560 1251 2627 τὴν
1270 2560 1602 2629 Ἐκκλησίαν
1639 2576 1844 2625 συγγε-

261 2653 517 2720 γραφόσι,
554 2652 652 2722 τὴν
699 2652 797 2720 μὲν
831 2654 1157 2722 προαίρεσιν
1187 2652 1396 2705 τούτων
1444 2652 1683 2720 μάλιστα
1704 2651 1843 2704 πάν-

258 2759 369 2797 ⁴των
402 2744 672 2814 ἀποδοχῆς
700 2744 1051 2815 ἠξιώσαμενο
1081 2746 1141 2797 οὔ
1173 2744 1279 2814 μὴν
1325 2744 1417 2795 καὶ
1449 2742 1582 2814 πρὸς
1605 2745 1663 2795 τὸ
1686 2745 1839 2814 κοινῇ

262 2836 543 2905 συμφέρον
579 2839 925 2891 παντάπασιν
959 2835 1314 2907 ἐξειργάσθαι
1359 2838 1456 2898 τὰς
1489 2836 1668 2889 αὐτῶν
1703 2852 1844 2905 πρα-

262 2930 530 2996 γματείας
578 2928 1007 2997 ἐδοκιμάσαμεν.
1047 2929 1108 2981 Οἱ
1149 2927 1248 2996 μὲν
1290 2926 1396 2996 γὰρ
1424 2925 1625 2989 αὐτῶν,
1657 2927 1732 2996 μὴ
1766 2926 1843 2997 τῷ

262 3017 556 3088 ὑγιαίνοντι
606 3019 751 3090 λόγῳ
779 3021 1193 3089 ξυμϐαίνοντες,
1232 3021 1289 3071 ἐν
1310 3019 1527 3082 πολλοῖς
1559 3018 1679 3072 οὐδὲ
1703 3020 1841 3085 ἄξιοι

260 3107 475 3165 δοκοῦσι
508 3111 616 3166 τῶν
648 3114 796 3182 σφίσι
822 3113 1134 3184 λεγομένων
1168 3114 1443 3185 μάρτυρες
1469 3108 1607 3165 εἶναι
1632 3127 1646 3142 ·
1690 3113 1844 3166 ἔνθεν

262 3221 345 3257 τοι
383 3207 477 3257 καὶ
529 3207 643 3268 τοῖς
699 3207 775 3270 ὡς
838 3207 1056 3277 ἀληθῶς
1103 3207 1235 3276 παρ’
1291 3206 1473 3261 αὐτῶν
1523 3207 1841 3283 εἰρημένοις

264 3297 702 3367 ἀμφισϐητοῦσιν
739 3300 787 3350 oi
820 3297 1063 3351 πλεῖστοι
1089 3299 1178 3351 διὰ
1212 3300 1274 3351 τὸ
1302 3300 1413 3352 τῶν
1437 3299 1725 3397 δογματων
1764 3299 1839 3367 μὴ
1866 3340 1915 3404 c

262 3387 597 3458 ἐρρωμένον,
622 3389 670 3440 οἱ
698 3387 854 3456 δέτῷ
879 3385 1134 3452 καθάπαξ
1156 3387 1499 3458 διενηνέχθαι
1529 3384 1604 3455 τῷ
1627 3385 1724 3455 τῆς
1749 3385 1840 3438 πί-

265 3495 434 3541 στεως
457 3477 619 3545 λόγῳ,
649 3479 743 3531 καὶ
790 3479 922 3549 πρὸς
948 3479 1243 3532 ἀντίπαλον
1268 3479 1463 3548 ἐκείνῳ
1499 3479 1843 3547 καταστῆναι

267 3573 493 3639 μοῖραν·
526 3569 627 3623 κᾶν
656 3571 710 3631 ἐς
743 3568 971 3639 ὕστερον
995 3571 1063 3624 τὰ
1090 3569 1278 3624 εἰκότα
1311 3567 1581 3641 φρονῆσαι
1618 3568 1840 3638 ξυνέϐη,

262 3663 329 3730 τῇ
355 3662 492 3731 πρὸς
526 3660 619 3724 οὓς
651 3662 965 3731 διεφέροντο
1018 3661 1154 3731 ἔριδι
1188 3660 1257 3713 τὰ
1306 3660 1477 3713 πολλὰ
1519 3659 1845 3731 παραλελοι-

266 3756 430 3817 πότες
452 3772 466 3785 °
501 3754 621 3808 οὐδὲ
658 3752 806 3807 οὗτοι
834 3753 1070 3824 ἔμπεδον
1095 3753 1409 3821 ἀκραιφνῶς
1432 3753 1496 3806 τὸ
1528 3753 1844 3818 ἀξιόπιστον

262 3848 497 3917 ἔχουσιν,
534 3848 711 3901 καίτοι
733 3864 797 3914 γε
822 3846 1017 3914 ἄλλως,
1040 3845 1200 3914 λόγου
1232 3845 1461 3914 δυνάμει
1492 3847 1788 3916 κρατοῦντε
1806 3866 1841 3910 ·,

260 3939 356 3991 καὶ
373 3938 448 4005 τῷ
476 3937 575 4007 τῆς
606 3937 820 4007 γραφῆς
845 3936 1019 4007 βάθει,
1042 3936 1122 3989 ἐτι
1149 3936 1203 3988 δὲ
1235 3937 1432 4007 καὶτῷ
1462 3937 1587 4007 περὶ
1607 3934 1844 4006 Χριστὸν

260 4031 411 4102 πόοῳ
438 4034 531 4084 καὶ
559 4032 728 4102 ζήλῳ,
757 4032 866 4083 τῶν
913 4029 1037 4084 καθ’
1069 4031 1214 4100 ἡμᾶς
1245 4031 1305 4084 τὸ
1352 4033 1621 4101 πρωτεῖον
1655 4033 1845 4101 φέρειν

258 4124 657 4192 διενιστάμενοι
677 4137 692 4154 '
726 4122 923 4176 αὐτίκα
946 4124 1042 4176 καὶ
1069 4123 1177 4192 γὰρ
1204 4125 1231 4176 ὁ
1267 4124 1367 4194 μὲν
1407 4123 1693 4194 Παμφίλου
1738 4124 1845 4176 Εὑ-

262 4216 440 4279 σέὅιος
469 4214 575 4269 ἀπὸ
623 4217 731 4269 τῶν
762 4216 907 4269 κατὰ
955 4216 1192 4286 Χριστὸν
1245 4213 1555 4285 ἀρξάμενος
1609 4214 1842 4285 χρόνων,

265 4310 427 4378 μέχρι
474 4309 583 4361 τῶν
633 4307 727 4360 τοῦ
762 4306 1002 4377 μεγάλου
1061 4308 1478 4361 Κωνσταντίνου
1536 4308 1745 4378 καιρῶν
1774 4308 1846 4362 τὰ

262 4401 546 4470 συμὸἀντα
573 4405 694 4465 ταῖς
717 4399 1037 4468 ἐκκλησίαις
1060 4398 1358 4469 διέρχεται’
1384 4402 1448 4452 ἐκ
1472 4399 1581 4451 τῶν
1608 4399 1845 4463 Φίλωνὲος

260 4512 319 4547 τε
347 4495 470 4548 καῖ’
491 4495 763 4565 Ιωσήπου,
800 4493 1120 4563 Κλήμεντός
1147 4510 1204 4544 τε
1231 4492 1327 4544 τοῦ
1360 4493 1726 4561 στρωματέως
1752 4492 1844 4544 καὶ

275 4586 650 4659 Ἡγησίππου,
681 4585 998 4639 Ἱππολύτου
1019 4600 1078 4636 τε
1096 4584 1190 4636 καὶ
1211 4583 1419 4647 Παπία,
1440 4585 1533 4635 καὶ
1559 4585 1666 4635 τῶν
1684 4584 1844 4636 καθεο

1949 2102 2179 2157 historia
2216 2102 2510 2157 scribenda
2547 2103 2614 2158 ad
2651 2105 2929 2174 publicam
2974 2105 3265 2159 utilitatem
3315 2114 3527 2159 tantum

1948 2192 2310 2246 contulerunt
2340 2193 2543 2258 studii,
2585 2195 3034 2264 comprobantes,
3069 2194 3421 2249 aemulatione
3461 2198 3529 2250 ad

1948 2285 2200 2338 eamdem
2258 2285 2548 2338 materiam
2612 2286 2954 2339 tractandam
3014 2287 3259 2356 provecti
3312 2303 3529 2352 sumus,

1949 2390 2060 2429 non
2124 2390 2225 2429 nos
2279 2375 2503 2444 quidem
2569 2378 2790 2447 egregia
2849 2376 3073 2432 virtutis
3129 2387 3334 2431 nostra:
3389 2377 3534 2432 laeta

1947 2475 2329 2532 ostentantes,
2387 2483 2568 2538 neque
2617 2469 2993 2539 eloquentiam
3052 2468 3321 2524 orationis
3372 2468 3424 2523 vi
3477 2479 3535 2523 et

1948 2559 2201 2614 ubertate
2241 2560 2365 2613 freti
2397 2560 2761 2630 iactitantes:
2796 2560 2893 2615 sed
2927 2561 3172 2615 animum
3198 2603 3212 2626 ,
3258 2569 3531 2629 quantum

1945 2649 2172 2718 quidem
2204 2651 2319 2704 ﬁeri
2354 2654 2552 2720 potuit,
2596 2652 2666 2706 ad
2706 2668 2803 2707 eos
2832 2654 2927 2722 qui
2956 2665 3084 2706 ante
3112 2667 3212 2706 nos
3243 2668 3331 2704 res
3355 2651 3534 2705 eccle-

1945 2741 2198 2797 siasticas
2222 2744 2575 2813 scripserunt
2603 2754 3019 2808 convertentes,
3058 2743 3375 2798 institutum
3407 2745 3533 2813 qui-

1945 2834 2071 2890 dem
2110 2845 2165 2890 et
2197 2838 2540 2905 propositum
2579 2852 2774 2891 eorum
2824 2836 2878 2889 in
2914 2837 3110 2906 primis
3144 2835 3534 2905 complecten-

1944 2927 2075 2981 dum
2112 2926 2410 2981 duximus:
2444 2928 2541 2983 sed
2580 2943 2690 2982 non
2737 2926 2927 2981 itidem
2962 2927 3168 2997 Scripta
3204 2926 3531 2981 eorumdem

1946 3021 2133 3075 omnia
2161 3019 2227 3074 ad
2267 3020 2543 3089 publicam
2592 3019 2886 3076 utilitatem
2925 3021 3105 3075 facere
3135 3020 3531 3091 judicavimus.

1944 3110 2180 3178 Quidam
2213 3115 2362 3166 enim
2396 3128 2464 3166 ex
2499 3113 2581 3167 eis
2612 3128 2765 3168 sana:
2797 3113 3067 3167 doctrina-
3105 3128 3214 3167 non
3245 3111 3538 3165 adhaeren-

1945 3214 2050 3265 tes,
2102 3202 2289 3258 multis
2342 3203 2396 3256 in
2456 3204 2624 3258 rebus
2667 3220 2780 3259 non
2831 3204 2965 3258 satis
3014 3204 3199 3258 idonei
3247 3203 3531 3257 dictorum

1949 3310 2174 3348 suorum
2214 3302 2379 3348 testes
2416 3309 2539 3348 esse
2588 3294 2884 3349 videntur:
2931 3294 3077 3348 unde
3117 3293 3353 3357 factum,
3387 3293 3534 3362 quod

1947 3401 2111 3455 quam
2164 3384 2389 3454 plurimi
2450 3385 2615 3438 etiam
2655 3400 2719 3439 ea
2777 3401 2899 3453 qua:
2956 3386 3023 3439 ab
3057 3384 3165 3439 illis
3218 3400 3348 3439 vere
3406 3393 3536 3440 sunt

1946 3477 2113 3539 dicta,
2144 3484 2373 3545 propter
2406 3475 2634 3529 minime
2675 3490 2840 3530 sanas
2879 3491 3075 3529 eorum
3109 3475 3427 3544 opiniones,
3475 3474 3531 3528 in

1946 3568 2179 3622 dubium
2232 3577 2451 3621 vocant.
2501 3567 2768 3622 Nonnulli
2822 3576 3046 3626 autem.
3102 3580 3226 3620 eum
3282 3566 3453 3620 semel
3502 3581 3534 3620 a

1946 3660 2117 3714 verbo
2152 3657 2281 3713 ﬁdei
2325 3659 2733 3719 discessissent.
2771 3668 2827 3714 et
2867 3659 2935 3713 ad
2965 3658 3230 3713 adversas
3260 3658 3311 3712 ei
3346 3664 3533 3726 partes

1945 3753 2308 3816 defecissent,
2352 3750 2569 3807 etiamsi
2616 3762 2806 3821 postea
2845 3764 2943 3805 eos
2984 3764 3138 3817 aequa
3181 3758 3237 3803 et
3276 3748 3532 3802 decentia

1945 3862 2139 3917 sapere
2184 3845 2504 3916 contigerit,
2537 3842 2871 3898 adversandi
2908 3852 3090 3896 tamen
3127 3841 3230 3905 eis,
3263 3857 3292 3894 a
3329 3841 3534 3911 quibus

1946 3938 2244 4009 aliquando
2267 3938 2673 3998 dissenserant,
2696 3934 2902 4000 studio,
2928 3930 3204 4004 permulta
3234 3933 3287 3987 in
3312 3932 3535 4001 scriptis

1947 4032 2065 4086 suis
2101 4030 2609 4101 prmtermittentes,
2644 4026 2749 4098 35
2784 4042 2890 4079 non
2932 4042 3158 4096 prorsus
3185 4035 3531 4079 constantem

1946 4132 2005 4179 et
2037 4124 2269 4179 solidam
2311 4121 2604 4177 obtinuere
2648 4119 2793 4189 apud
2841 4118 3076 4174 lt-ctores
3117 4117 3311 4180 ﬁdem,
3358 4132 3536 4185 quau-

1948 4214 2158 4269 tumvis
2205 4214 2422 4267 viribus
2470 4210 2805 4281 eloquentim
2849 4218 2905 4263 et
2951 4208 3227 4264 scribendi
3282 4209 3534 4260 acumine

1947 4307 2304 4369 excellentes,
2340 4316 2506 4372 atque
2537 4302 2760 4373 egregio
2789 4316 2913 4370 erga
2943 4299 3224 4355 Christum
3253 4315 3445 4352 amore
3475 4308 3533 4352 et

1946 4396 2185 4461 ardore,
2240 4395 2387 4448 inter
2440 4393 2618 4447 nostri
2683 4392 2925 4445 nominis
2979 4391 3273 4451 homines,
3328 4388 3535 4456 primas

1946 4488 2091 4543 ferre
2147 4470 2572 4541 contendentes.
2637 4483 2857 4537 Etenim
2927 4480 3196 4533 Eusebius
3258 4477 3531 4546 Pamphili

1948 4582 2137 4636 statim
2166 4594 2196 4633 a
2237 4578 2441 4633 Christi
2480 4576 2824 4646 temporibus
2863 4589 3037 4641 usque
3070 4572 3138 4626 ad
3176 4566 3531 4626 Constantini

257 4678 359 4748 εῆς
379 4676 543 4747 ἱερῶν
570 4674 1035 4742 διδασκάλ‹ι›ν,τὴν
1056 4670 1297 4741 ἱστορίαν
1320 4669 1716 4738 ἐρανισὰμενος
1739 4684 1751 4696 '
1784 4670 1842 4722 ἐν

1947 4672 2125 4742 Magni
2165 4681 2447 4739 tempora,
2494 4684 2617 4738 qua:
2651 4668 2705 4720 in
2745 4665 3009 4719 Ecclesiis
3036 4675 3156 4718 acta
3193 4674 3353 4721 sunt.
3400 4678 3532 4731 pro-

269 4762 382 4842 ᾖτό
411 4784 471 4819 τε
507 4765 781 4835 κακόηθες
800 4765 896 4834 τῆς
910 4762 1074 4817 αὑτοῦ
1112 4764 1378 4831 αἱρέσεως
1413 4761 1720 4829 ὑπολιαίνει,
1742 4758 1844 4811 κᾶν

254 4878 398 4914 τισιν
423 4858 598 4928 ὀρθῶς
623 4855 869 4921 δοξάζειν
899 4857 1026 4926 δοᾈῇ
1047 4854 1490 4923 διατεινομένοις,
1512 4856 1578 4924 τῇ
1608 4870 1665 4904 τε
1695 4852 1845 4920 πρώ-

256 4971 330 5028 τῃ
375 4954 470 5008 καὶ
510 4953 674 5007 αὐτὸν
730 4949 931 5018 συνόδῳ
974 4952 1270 5017 παρεῖναι,
1322 4949 1417 4999 καὶ
1454 4947 1530 5015 τῷ
1571 4946 1844 5016 ὁμοονσίῳ

257 5048 515 5118 στοιχεῖν,
557 5044 652 5096 καί
687 5041 992 5113 σκώμμασι
1022 5039 1183 5109 δῆθεν
1212 5038 1432 5109 βάλλειν
1480 5038 1608 5101 τοὺς
1636 5037 1843 5105 κτίσμα

256 5142 351 5192 τὸν
395 5138 517 5191 Υἰὸν
545 5138 639 5189 τοῦ
664 5135 802 5188 Θεοῦ
838 5134 1291 5204 δογματίζοντας.
1344 5130 1606 5200 Ἑρμείας
1638 5136 1737 5200 μέν
1761 5148 1842 5183 τοι

258 5232 594 5299 Σωζὸμενος,
627 5231 656 5281 ὁ
687 5227 780 5281 καὶ
830 5228 1172 5298 Σαλαμίνιος,
1204 5225 1298 5279 καὶ
1352 5225 1378 5275 ὁ
1416 5221 1514 5291 τὴν
1552 5221 1845 5289 Κυρίστῶν

259 5323 630 5394 προεδρεύσας
677 5321 841 5390 σοφὸς
893 5317 1261 5389 Θεοὸὡρητος,
1316 5320 1384 5386 τῇ
1441 5317 1599 5386 τρίτῃ
1642 5316 1843 5386 συνόδῳ

263 5418 400 5487 πρὸς
443 5418 623 5486 μάχην
658 5414 781 5466 ίών’
816 5412 896 5465 ἔτι
944 5411 1000 5463 δὲ
1034 5411 1128 5461 καὶ
1170 5411 1198 5462 ὁ
1248 5408 1506 5479 θεομισὴς
1557 5407 1842 5475 Φιλοστόρι-

260 5529 295 5579 γ
321 5528 381 5574 ος
402 5528 416 5543 ·
451 5511 585 5579 πρὸς
612 5506 668 5560 δὲ
696 5508 789 5561 καὶ
824 5509 852 5559 ὁ
881 5505 980 5574 τὴν
1012 5506 1408 5573 προσηγορίαν,
1440 5502 1499 5553 οὐ
1537 5501 1643 5570 μὴν
1685 5501 1743 5552 δὲ
1778 5515 1841 5565 γε

262 5603 358 5655 καὶ
383 5604 484 5672 τὴν
533 5602 858 5670 προαίρεσιν
905 5596 1145 5664 καθαρὺς
1201 5595 1536 5663 Σωκράτης,
1579 5595 1639 5645 τὸ
1671 5594 1846 5662 πέρας

263 5696 473 5747 ἐκείνου
504 5693 679 5764 ἀρχὴν
700 5692 809 5744 τῶν
846 5691 991 5745 ίὸίων
1024 5688 1385 5756 πεποιημένοι
1420 5684 1841 5754 πραγματειῶν,

263 5786 394 5857 ἄχρι
444 5785 511 5857 δὴ
548 5786 640 5839 καὶ
690 5783 801 5836 τῶν
848 5785 1056 5854 χρόνων
1105 5779 1386 5832 Θεοδοσίου
1430 5777 1536 5831 τοῦ
1589 5776 1710 5829 νέου
1741 5776 1842 5845 τὴν

273 5878 515 5947 ἱστορίαν
551 5878 934 5942 καθείλκυσαν,
969 5872 1224 5925 ὑπόθεσιν
1266 5871 1397 5941 μίαν
1431 5870 1530 5923 οὐκ
1569 5861 1664 5922 οἷδ’
1693 5869 1839 5931 ὅπως

1944 4766 2217 4834 sequitur,
2240 4778 2305 4817 ex
2325 4762 2580 4827 Philone,
2602 4759 2866 4828 .losepho,
2884 4758 3171 4812 Clemente
3220 4756 3533 4825 στρωματεῖ

1943 4855 2072 4927 (hoc
2103 4866 2206 4917 est,
2236 4856 2593 4919 contextore),
2631 4852 2962 4920 llegesippu.
2998 4849 3313 4919 llippolyto,
3339 4848 3530 4917 Papia,

1943 4956 1998 4999 et
2019 4946 2142 4999 aliis
2169 4946 2364 4998 ordine
2394 4944 2791 4999 ecclesiasticis
2820 4942 3209 5011 scriptoribus,
3239 4941 3528 4995 historiam

1946 5049 2252 5093 mutuatus.
2287 5037 2342 5090 In
2381 5052 2488 5104 qua
2522 5036 2749 5089 historia
2785 5034 3080 5089 cacoethes
3115 5033 3391 5086 Inercseos
3418 5045 3531 5085 sure

1945 5132 2153 5201 prodit,
2185 5129 2442 5199 quamvis
2467 5127 2804 5198 quibusdam
2840 5140 2989 5182 recte
3012 5126 3220 5181 sentire
3252 5125 3527 5183 videatur,

1943 5239 2009 5278 cx
2034 5240 2099 5275 co
2124 5222 2174 5277 id
2200 5220 2675 5280 aSseverantibus.
2703 5219 2850 5289 quod
2877 5229 2932 5273 et
2956 5220 3073 5289 ipsc
3096 5217 3285 5288 prima-
3313 5215 3527 5285 synodo

1946 5316 2290 5378 interfuerit,
2323 5324 2380 5369 et
2417 5313 2495 5381 τῷ
2551 5313 2825 5382 ὀμοουσίῳ
2864 5312 2991 5381 (hoc
3051 5320 3156 5373 est,
3186 5309 3526 5360 consubstan-

1945 5409 2086 5477 tiali)
2114 5407 2461 5461 consenserit
2487 5423 2502 5460 :
2528 5406 2790 5475 quodque
2814 5403 3083 5457 conviciis
3112 5398 3529 5470 reprehendens

1948 5500 2241 5554 incesserit
2270 5514 2389 5564 eos,
2426 5499 2519 5567 qui
2552 5489 2751 5553 Filium
2784 5495 2878 5549 Dei
2914 5504 3220 5549 creaturam
3254 5506 3376 5545 esse
3407 5491 3526 5558 opi-

1943 5602 2167 5645 nantur.
2193 5589 2446 5645 llermias
2476 5603 2641 5657 porro
2672 5587 3032 5645 Sozoutenus,
3067 5583 3159 5650 qui
3197 5595 3253 5635 et
3284 5579 3521 5635 Salami—

1942 5684 2069 5738 nius
2100 5683 2338 5737 dicitur:
2372 5682 2501 5735 item
2535 5680 2627 5748 qui
2668 5679 2790 5750 Cyri
2829 5679 3127 5746 episcopus
3161 5674 3262 5728 fuit
3299 5672 3523 5740 sapiens

1940 5773 2334 5837 Thcodoritus,
2355 5773 2562 5843 quique
2585 5771 2730 5825 idem
2752 5774 2967 5824 tertiam
2997 5766 3338 5837 impugnavit
3356 5778 3521 5834 syno-

1938 5867 2114 5922 dum:
2159 5865 2290 5921 itcm
2336 5865 2448 5921 Deo
2491 5862 2701 5918 invisus
2749 5860 3193 5946 Philostorgius:
3248 5868 3515 5927 prxterea
