4032 6418
527 449 633 515 ὃέΠ

1758 460 2180 521 NICEPIIOHI
2227 462 2315 521 CA
2332 462 2575 523 LLISTI

3676 456 3775 518 608'

529 567 858 637 cognomine
877 567 1125 638 quidem,
1155 568 1251 624 sed
1290 570 1478 624 animo
1514 572 1696 626 minus
1728 574 1993 644 καθαρὸς,
2028 573 2104 645 (id

2219 574 2452 633 άταντες
2486 571 2950 640 προστησάμενοι.
2986 567 3051 620 Οἳ
3101 568 3195 620 καὶ
3242 567 3377 635 πρὸς
3428 566 3678 634 ἀλλήλους
3717 570 3766 621 ἒν

531 672 639 729 est,
691 668 891 734 purus)
922 665 1198 729 Socrates,
1240 667 1402 722 finem
1452 668 1600 722 illius
1628 669 1843 724 initium
1885 687 2112 726 suorum

531 754 801 809 facientes
845 770 1113 821 operum,
1170 773 1346 826 usque
1393 759 1461 812 ad
1520 769 1765 831 tempora
1816 759 2114 817 Theodosii

524 847 765 918 junioris
803 847 1093 903 historiam
1144 850 1568 919 produxerunt:
1620 856 1846 907 materia
1896 854 2113 917 eadem,

530 940 720 993 nescio
763 954 875 1009 quo
928 940 1201 1001 consilio,
1251 956 1446 995 omnes
1497 941 1601 995 sibi
1654 943 1956 1013 proposita.
2008 945 2112 1011 Qui

529 1031 752 1097 quidem
789 1032 841 1084 in
879 1034 1045 1089 rebus
1077 1033 1412 1102 quibusdam
1442 1035 1593 1088 varie
1626 1034 1773 1089 inter
1805 1052 1861 1091 se
1893 1037 2115 1091 dissen-

529 1122 695 1184 tiunt,
767 1132 824 1177 et
866 1125 1259 1194 episcoporum
1315 1125 1463 1179 inter
1511 1126 1660 1194 ipsos
1701 1129 2110 1186 contentiones.

526 1228 628 1280 pro
674 1227 740 1267 eo
788 1225 953 1284 atque
1004 1215 1208 1285 cuique
1257 1216 1436 1270 visum
1478 1226 1602 1285 cst,
1650 1228 2110 1286 commemorant,

526 1303 732 1359 Omncs
754 1307 923 1360 etiam
967 1306 1058 1361 isti
1092 1310 1276 1362 varias
1299 1308 1565 1377 quasdam
1601 1319 1653 1364 et
1684 1325 1859 1366 novas
1898 1327 2009 1375 res,
2042 1312 2113 1367 ab

528 1395 652 1449 aliis
710 1398 941 1451 minime
991 1397 1202 1462 dictas,
1256 1398 1506 1454 historiis
1558 1400 1674 1455 suis
1734 1400 2110 1460 inseruerunt.

528 1487 803 1557 Deinceps
857 1504 988 1543 vero
1046 1472 1404 1555 Theodorus,
1438 1491 1614 1545 lector
1661 1491 1993 1563 Byzantius,
2056 1505 2115 1551 et

530 1578 768 1633 Basilius
792 1578 954 1645 Cilix,
983 1592 1039 1635 et
1058 1581 1422 1652 exprml‘ectus
1445 1583 1738 1655 Evagrius,
1764 1587 2110 1654 superiorum

530 1679 659 1723 ante
686 1668 1176 1739 ipsostemporum
1209 1687 1298 1726 res
1328 1675 1729 1743 prietergressi.
1768 1684 1825 1728 et
1862 1684 2112 1745 tempora

531 1776 630 1814 sua
678 1760 820 1831 stylo
860 1762 1181 1831 prosecuti,
1234 1778 1431 1817 eorum
1480 1780 1621 1835 quos
1667 1771 1832 1822 modo
1869 1769 2115 1824 diximus

532 1854 820 1919 historiis,
857 1871 984 1910 suas
1023 1858 1466 1927 coniunxerunt,
1498 1862 1687 1930 Operis
1722 1862 2104 1918 difﬁcultatem

2216 681 2361 716 τισιν
2404 664 2550 716 ἐστιν
2586 663 2722 715 ὅπου
2777 657 3132 729 διαφωνοῦσι,
3193 656 3294 720 τὰς
3341 658 3474 726 πρὸς
3529 658 3765 724 ἀλλήλους

2216 754 2473 820 διενὲξεις
2529 754 2635 806 τῶν
2690 752 3011 806 ἐπισκόπων
3066 748 3202 820 πρὸς
3251 748 3311 800 τό
3344 748 3553 817 ἑκάστῳ
3596 749 3770 804 δοκοῦν

2215 845 2464 906 διιόντες,
2521 845 2616 898 καὶ
2659 846 2876 898 ἕκαστοι
2916 844 3039 905 ταῖς
3075 841 3224 910 σφῶν
3261 840 3523 910 ἱστορίαις
3553 842 3771 911 διάφορά

2214 951 2334 986 τινα
2362 937 2455 988 καὶ
2486 936 2609 1023 ξέεια
2635 937 2709 1006 μὴ
2732 937 2842 998 τοῖς
2895 933 3077 996 ἄλλοις
3116 933 3385 1001 εἰρημένα
3420 935 3774 1003 προσεπιγρά-

2218 1041 2428 1092 φοντες.
2503 1027 2783 1081 Ἐντεῦθεν
2832 1028 2992 1081 πάλιν
3040 1027 3067 1079 ὁ
3112 1027 3404 1090 Βυζάντιος
3438 1028 3773 1098 ἀναγνώστης

2214 1118 2509 1187 Θεόδωρος,
2542 1120 2634 1173 καὶ
2657 1122 2685 1172 ό
2717 1119 2874 1184 Κίλιξ
2904 1119 3204 1185 Βασίλειος,
3231 1120 3322 1172 καὶ
3345 1120 3373 1172 ό
3406 1118 3511 1171 ἀπὸ
3538 1120 3774 1189 ἐπάρχων

2216 1210 2507 1280 Εὑάγριος,
2543 1213 2612 1267 τὰ
2642 1215 2752 1268 τῶν
2807 1216 3065 1286 ἀνωτέρω
3100 1217 3312 1286 χρόνων
3351 1217 3444 1270 καὶ
3475 1218 3576 1286 πρὲ
3610 1218 3776 1270 αὐτῶν

2217 1306 2577 1376 ὐπερῦάντες,
2607 1310 2657 1360 oi
2689 1309 2785 1376 μὲν
2835 1309 2960 1372 τοὺς
2986 1310 3218 1373 οἰκείους
3255 1310 3481 1380 χρόνους
3520 1311 3626 1372 τοῖς
3652 1310 3779 1362 ὲκεί-

2215 1414 2322 1451 νων
2375 1399 2759 1470 παρέζευξαν,
2812 1400 2872 1454 τὺ
2931 1405 3030 1471 τῆς
3084 1402 3473 1473 πραγματείας
3533 1386 3777 1471 δυσχερὲς

2217 1490 2717 1561 ὑπολογισάμενοι·
2759 1493 2909 1547 ἄλλοι
2946 1493 3004 1547 δὲ
3034 1494 3129 1547 καὶ
3168 1494 3259 1546 τὸν
3304 1493 3421 1562 βίον
3452 1494 3528 1564 τῷ
3557 1496 3781 1561 συγγράς

2215 1597 2339 1650 φειν
2368 1581 2750 1647 ἀπολιπόντες,
2786 1583 2885 1654 τὴν
2923 1585 3021 1652 τῆς
3052 1584 3316 1653 ἐπιϐολῆς
3350 1570 3646 1639 ὑπόστασιν
3670 1587 3782 1656 ἥκι-

2218 1689 2320 1725 στα
2362 1674 2719 1727 συνετέλεσαν
2748 1691 2763 1706 ·
2811 1676 2840 1729 ὅ
2880 1692 2941 1742 γε
2990 1676 3097 1746 μὴν
3143 1677 3421 1744 Εὑάγριο;
3461 1681 3489 1732 ό
3531 1679 3780 1747 ἐπιφανὴς

2218 1762 2510 1836 καὶμέχρι
2557 1763 2666 1818 τῶν
2724 1764 3011 1818 Ἰουστίνου
3041 1765 3106 1836 δὴ
3162 1769 3369 1837 χρόνων
3423 1768 3523 1839 τὴν
3556 1770 3780 1839 ἱστορίαν

2218 1860 2592 1927 καταϐιϐάζει,
2640 1860 2719 1930 τῷ
2744 1860 2984 1931 πλείστῳ
3024 1860 3184 1930 μέρει
3221 1861 3457 1930 πράξεσι
3509 1862 3781 1930 διατρίϐων

532 1944 1003 2001 reformidantes:
1046 1948 1302 2002 nonnulli
1350 1951 1522 2003 etiam
1553 1966 1584 2005 e
1616 1953 1726 2007 vita
1775 1954 1920 2007 inter
1964 1954 2105 2009 seri-

2219 1950 2327 2014 ταίς
2358 1928 2769 2020 κοσμικαῖς,έκ
2806 1951 2912 2004 τῶν
2936 1928 3237 2006 Εὐσταθίου
3269 1928 3363 2005 τοῦ
3393 1953 3589 2023 Σύρου,
3623 1928 3784 2007 Ζωσί-

530 2036 774 2091 bendum
806 2039 1162 2105 excedentes,
1193 2041 1507 2097 institutum
1536 2058 1676 2114 opus
1702 2045 1930 2099 minime
1959 2061 2111 2100 com-

529 2128 855 2198 pleverunt.
891 2131 1013 2201 Ipse
1043 2132 1267 2201 quidem
1303 2134 1573 2205 Evagrius
1605 2137 1805 2192 illustri
1839 2138 2111 2206 dignitate

531 2221 820 2291 prmditus,
866 2223 1155 2279 historiam
1192 2241 1367 2295 usque
1398 2227 1465 2281 ad
1505 2228 1707 2283 Justini
1749 2239 1969 2285 :etatem
2013 2232 2112 2287 de-

531 2312 718 2378 ducit',
768 2315 1006 2369 maxima
1052 2320 1130 2370 't‘x
1175 2327 1334 2388 parte
1376 2334 1465 2373 res
1519 2320 1777 2389 profanas
1830 2332 2110 2382 tractans:

530 2421 771 2474 quarum
797 2418 1123 2476 argumenta
1156 2418 1212 2464 ct
1237 2413 1521 2466 materiam
1545 2427 1610 2466 ex
1634 2413 1927 2469 Eustathio
1948 2416 2113 2487 Syro,

531 2495 791 2565 Zosimo,
839 2499 1069 2564 Prisco,
1148 2501 1392 2564 Joanne.
1445 2501 1717 2575 Procopio
1756 2505 2107 2574 Caesariensi,

530 2589 789 2657 Agathia,
821 2590 914 2660 qui
946 2590 1055 2646 illis
1082 2595 1426 2663 temporibus
1450 2596 1649 2652 ordine
1685 2599 1932 2668 insignes
1955 2600 2113 2655 fuere

532 2689 806 2739 oratores.
840 2681 948 2753 36
979 2691 1035 2736 et
1068 2695 1343 2753 praeterea
1379 2701 1445 2740 ex
1471 2686 1596 2742 aliis
1630 2704 1741 2743 non
1772 2690 2115 2759 ptenitendis
2156 2682 2159 2685 ’

533 2770 819 2825 historicis
867 2772 1165 2844 decerpsit.
1214 2774 1486 2830 Cir-terum
1544 2794 1738 2836 omnes
1797 2781 1888 2836 isti
1941 2783 2115 2838 multa

533 2875 646 2915 non
675 2861 808 2916 satis
830 2860 1027 2919 idonea
1054 2874 1109 2919 et
1130 2867 1417 2921 commoda
1443 2867 1754 2938 importune
1787 2881 2107 2927 recensent:

537 2969 650 3006 non
693 2969 866 3024 pauca
901 2972 1069 3022 vero,
1106 2974 1228 3028 (μηδὲ
1265 2963 1577 3017 necessario
1611 2962 1903 3019 scribenda
1931 2973 2110 3029 erant,

534 3046 1014 3113 praetermittunt:
1051 3048 1166 3105 sive
1216 3049 1269 3105 id
1319 3053 1575 3107 consulto
1620 3054 1912 3121 aﬁ‘ectibus
1959 3056 2114 3111 ducti

538 3138 815 3202 fecerunt,
842 3152 937 3192 seu
964 3139 1109 3208 quod
1144 3155 1253 3193 non
1282 3141 1467 3194 omnia
1489 3144 1764 3211 attingere
1791 3156 2111 3213 potuerunt,

537 3224 740 3281 timore
794 3228 1033 3295 quodam
1091 3243 1149 3285 et
1203 3230 1535 3303 indignitate
1587 3249 1771 3288 rerum
1833 3239 2112 3306 perculsi:

537 3319 797 3389 quodque
831 3321 1069 3378 fortasse
1110 3324 1194 3378 eis
1222 3339 1335 3379 non
1383 3326 1612 3395 perinde
1653 3328 1797 3399 style
1828 3329 2117 3400 indulgere

539 3414 609 3467 de
645 3415 811 3469 rebus
845 3412 995 3470 recte
1016 3417 1341 3472 constitutis
1374 3419 1553 3486 licuit,
1587 3430 1754 3490 atque
1785 3436 1954 3486 nunc,
1989 3438 2119 3476 cum

539 3504 787 3563 Ecclesia
813 3509 1151 3577 amplissime
1187 3511 1408 3566 dicendi
1448 3521 1504 3567 et
1535 3512 1820 3568 scribendi
1856 3514 2117 3571 libertate

538 3595 754 3652 utitur:
792 3613 958 3667 quam
991 3616 1122 3655 sane
1151 3601 1470 3656 libertatem
1503 3604 1558 3657 in
1594 3613 1785 3659 nostro
1818 3607 1923 3661 hoc
1948 3622 2119 3676 opere

536 3687 597 3744 in
642 3690 836 3760 primis
885 3694 1300 3763 usurpahimus.
1345 3694 1648 3751 Enimvero
1695 3698 1964 3753 Eusebius
2007 3709 2117 3754 tre-

534 3790 728 3837 centos
761 3794 817 3839 et
865 3782 1075 3852 aliquot
1123 3796 1391 3855 praeterea
1433 3802 1608 3843 annos
1646 3798 1731 3843 est
1773 3789 2115 3858 complexus,

539 3873 803 3929 Socrates
830 3886 1014 3929 autem
1073 3886 1131 3929 et
1171 3875 1563 3945 Theodoritus,
1599 3895 1701 3935 nec
1733 3881 1914 3936 minus
1948 3880 2111 3936 Sozo-

537 3980 759 4027 mentis,
810 3976 1032 4019 centum
1066 3967 1180 4022 fere
1208 3979 1263 4023 et
1293 3970 1684 4041 quadraginta,
1729 3988 1756 4026 a
1792 3975 1971 4042 primo
2005 3975 2115 4029 sci-

539 4054 670 4108 licet
713 4054 1061 4110 Constantini
1101 4057 1277 4128 Magni
1327 4074 1509 4123 anno,
1556 4076 1683 4115 cum
1734 4060 1780 4116 is
1819 4061 2005 4118 Caesar
2034 4076 2118 4121 est

540 4146 929 4211 renuntiatus,
973 4162 1147 4216 usque
1179 4149 1246 4203 ad
1281 4150 1560 4205 decimum
1603 4151 1900 4221 septimum
1934 4152 2117 4210 Theo-

538 4239 679 4293 dosii
738 4237 989 4294 Juniuris
1053 4256 1280 4296 annum.
1345 4242 1615 4313 Deinceps
1665 4260 1833 4312 porro
1884 4256 1941 4301 et
1998 4248 2117 4319 ipse

538 4329 806 4400 Evagrius
867 4339 1086 4401 tempus
1154 4335 1510 4403 prosequitur
1565 4349 1838 4390 annorum
1893 4338 2123 4394 circiter

537 4431 760 4478 centum
787 4432 843 4479 ct
871 4425 1238 4494 quadraginta
1267 4442 1279 4477 :
1318 4435 1378 4479 ut
1410 4425 1641 4480 historia
1673 4443 1703 4481 a
1733 4428 1952 4484 Christo
1985 4443 2116 4486 nato

539 4503 757 4577 omnis,
800 4530 965 4584 quam
1004 4516 1039 4569 ii
1081 4532 1220 4586 quos
1257 4517 1665 4574 nominavimus
1701 4518 1947 4577 historici
1983 4537 2116 4576 con-

2217 2053 2319 2106 μου
2350 2054 2410 2090 τε
2438 2038 2532 2090 καὶ
2557 2038 2799 2107 Πρίσκου
2833 2039 2928 2093 καὶ
2970 2039 3238 2104 Ἰωάννου,
3276 2039 3581 2110 Προκοπίον
3618 2058 3672 2093 τε
3694 2039 3778 2093 τοῦ

2215 2129 2562 2198 Καισαρέως,
2603 2128 2683 2182 ἔτι
2706 2129 2765 2183 δὲ
2804 2133 2900 2184 καὶ⁸
2942 2130 3220 2201 ’Δγαθίου,
3245 2132 3356 2184 τῶν
3379 2133 3523 2186 κατὰ
3563 2132 3784 2203 τὴντῶν

2214 2221 2424 2292 χρόνων
2448 2222 2678 2276 ἐκείνων
2705 2222 2959 2295 διαδοχὴν
2980 2226 3250 2295 ρητόρων,
3280 2225 3376 2278 καὶ
3403 2226 3603 2298 ἑτέρων
3623 2225 3784 2279 ἄλλων

2214 2313 2312 2366 οὐκ
2346 2315 2590 2381 ἀγεννῶν
2621 2315 3004 2385 συγγραφέων,
3051 2319 3150 2380 τὰς
3180 2315 3311 2378 ὔλας
3341 2317 3446 2389 τῆς
3489 2317 3783 2379 ὑποθέσεως

2218 2403 2599 2474 ποριζόμενος.
2644 2405 2707 2460 Οἳ
2740 2407 2803 2477 δὴ
2837 2408 3038 2471 πάντες
3072 2400 3221 2462 οὗτοι
3261 2409 3436 2464 πολλά
3483 2428 3539 2463 τε
3577 2409 3678 2462 τῶν
3716 2408 3784 2479 μὴ

2218 2497 2447 2565 καιρίων
2494 2499 2913 2568 ἀναγράφουσι,
2950 2500 3047 2554 καὶ
3092 2500 3204 2554 τῶν
3240 2502 3560 2571 ἀναγκαίων
3604 2502 3658 2554 δὲ
3695 2500 3784 2554 οὐκ

2217 2588 2373 2656 ὀλίγα
2402 2589 2947 2660 παραλιμπάνουσιν,
2980 2591 3081 2646 εἶθ’
3106 2594 3324 2655 ἑκόντες
3354 2593 3514 2646 τοῦτο
3539 2592 3784 2655 παθόντες

2216 2677 2295 2748 τῷ
2327 2678 2684 2750 προσπαθεῐν,
2719 2679 2830 2734 είτε
2885 2682 2963 2751 τῷ
2997 2680 3070 2751 μὴ
3106 2683 3272 2735 πᾶσιν
3308 2682 3606 2750 ἐφικέσθαι
3639 2685 3785 2750 δυνη.

2218 2770 2400 2840 θῆναι,
2432 2772 2540 2825 δέει
2575 2772 2636 2842 δή
2662 2789 2770 2825 τινι
2798 2773 2895 2826 καὶ
2943 2772 3297 2845 ἀνελευθερίᾳ
3331 2775 3670 2845 πραγμάτιον
3697 2790 3786 2826 πε-

2222 2864 2594 2933 ρισχεθέντες·
2649 2865 2747 2920 καὶ
2776 2864 2855 2935 τῷ
2898 2865 2974 2937 μὴ
3025 2865 3251 2938 θαρρεῖν
3311 2865 3446 2930 ἴσως
3483 2870 3591 2931 τοῖς
3624 2864 3785 2930 καλῶς

2217 2955 2557 3026 δεδογμένοις
2607 2956 3003 3028 ἐνδιατρίϐειν,
3055 2957 3246 3029 ὥσπερ
3302 2957 3405 3012 νῦν
3455 2960 3534 3022 είς
3598 2959 3783 3022 πλάτος

2218 3043 2361 3098 οὕτω
2375 3046 2820 3121 τῆςΙἘκκλησίας
2839 3049 3389 3121 παρρησιαζομένης,
3413 3052 3552 3122 ὅπερ
3565 3054 3629 3122 τῇ
3656 3066 3784 3121 περ·

2215 3136 2354 3210 ούσῃ
2395 3138 2541 3206 μάλα
2590 3140 2947 3210 πραγματείᾳ
2994 3140 3374 3197 σπουδάζεται.
3413 3143 3671 3203 Εὐσέὸιος
3698 3141 3783 3209 μὲν

2220 3230 2326 3299 γὰρ
2357 3230 2689 3299 τριακοσίων
2724 3233 2817 3284 καὶ
2865 3232 3065 3302 μικρόν
3103 3250 3155 3285 τι
3189 3234 3319 3302 προς
3376 3234 3518 3286 ἐτῶν
3568 3230 3786 3305 ἀριθμὸν

2221 3322 2597 3392 ἀναγράφεται
2620 3338 2634 3355 ·
2658 3325 2706 3376 οί
2747 3322 2802 3376 δὲ
2833 3326 2963 3394 περὶ¹
2997 3324 3297 3395 Σωκράτην
3330 3329 3432 3378 καὶ
3456 3324 3782 3392 Θεοόὡρητον

2222 3415 2418 3467 ἑκατόν
2452 3432 2555 3466 που
2588 3415 2684 3468 καὶ
2708 3417 3126 3486 τεσσαράκοντα
3156 3415 3379 3468 ἀπὸτοῦ
3414 3416 3624 3487 πρώτου
3648 3414 3785 3473 ἔτους

2221 3504 2319 3571 τῆς
2340 3503 2437 3557 τοῦ
2461 3506 2699 3575 μεγάλου
2730 3506 3141 3560 Κυ›νστ;ιντὶνου
3171 3506 3612 3575 ἀναγορεύσεως,
3643 3506 3787 3576 δηλα-

2221 3591 2287 3663 δὴ
2315 3592 2421 3657 ἕως
2458 3595 2923 3650 ἑπτακαιδεκάτου
2957 3597 3111 3660 ἔτους
3171 3594 3267 3650 τοῦ
3316 3599 3444 3653 νέου
3500 3596 3792 3650 Θεοδοσίου,

2223 3690 2347 3751 Τοῖς
2379 3689 2424 3743 δ’
2476 3690 2674 3760 ἐφεξῆς
2725 3692 2995 3763 Εὑάγριος
3033 3692 3223 3746 δίεισιν
3272 3694 3415 3746 ὡσεὶ
3468 3697 3655 3764 χρόνον
3701 3690 3786 3744 καὶ

2220 3781 2380 3844 αὐτὸς
2410 3783 2546 3836 ἐτῶν
2587 3783 2783 3836 ἑκατὸν
2824 3785 3265 3853 τεσσαράκοντα·
3294 3785 3371 3847 ὡς
3413 3783 3552 3840 εἶναι
3571 3788 3665 3855 τὴν
3692 3783 3793 3836 ἀπὸ

2218 3873 2461 3944 Χριστοῦ
2487 3876 2726 3947 ἱστορίαν
2760 3878 2940 3930 πᾶσαν
2958 3877 3026 3949 ἣν
3056 3879 3105 3930 οί
3137 3880 3535 3949 προειρημένοι
3565 3891 3791 3946 συγγρα-

2220 3965 2339 4033 φεῖς
2370 3964 2756 4036 ἁνεγράῲσντο
2805 3965 2914 4039 ίδίζ.
2954 3983 3012 4018 τε
3043 3969 3140 4020 καὶ
3179 3966 3402 4031 κοινῶς,
3450 3968 3642 4039 χρόνον
3697 3967 3787 4034 οὐχ

2220 4050 2384 4127 ἧττον
2436 4058 2469 4128 ἢ
2514 4040 2817 4122 ἑξακοσίων
2863 4059 3026 4113 ἑτῶν.
3062 4058 3183 4112 Τῶν
3215 4059 3273 4114 δὲ
3323 4060 3561 4132 καθεξῆς
3588 4058 3791 4131 χρόνων-

2220 4148 2315 4212 τᾶς
2379 4148 2533 4217 ἱερὰς
2579 4149 2808 4221 πράξεις
2856 4150 2984 4220 ἄχρι
3014 4150 3078 4220 δὴ
3135 4150 3230 4204 καὶ
3268 4151 3326 4214 ές
3367 4151 3548 4223 δεῦρο.
3596 4150 3787 4215 καίπερ

2221 4239 2421 4304 πολλὰς
2450 4243 2546 4294 καὶ
2567 4241 2813 4311 μεγάλας
2839 4240 3004 4305 οὔσας
3038 4241 3132 4295 καὶ
3163 4242 3260 4311 οὐχ
3300 4236 3470 4315 ἧττον
3502 4242 3533 4312 ἢ
3574 4244 3785 4303 ἐκεῖναι,

2219 4331 2393 4385 οὐδενί
2416 4347 2502 4385 πω
2536 4331 2646 4386 τῶν
2686 4330 2744 4386 εὖ
2781 4334 3016 4403 ἱστορεῖν
3063 4334 3288 4387 εἰδότων
3314 4334 3398 4394 είς
3425 4332 3551 4411 νοῦν
3581 4333 3788 4400 ἐγένετο

2224 4424 2326 4493 μιᾷ
2357 4426 2679 4494 περιγραφῇ
2709 4424 3046 4499 ⁸συντάξεως
3084 4424 3301 4486 ὲκείνας
3350 4441 3411 4475 τε
3468 4425 3563 4476 καὶ
3595 4419 3785 4478 ταύτας

2222 4513 2313 4580 ὑφ’
2338 4512 2395 4565 ἓν
2429 4512 2961 4584 πραγματεύσασθαι
2982 4530 2996 4545 ·
3030 4515 3131 4567 οὐκ
3153 4509 3272 4565 οἶδα
3306 4512 3420 4565 εἴτε
3459 4511 3709 4584 ῥᾳστώνῃ
3725 4508 3783 4576 δή

540 4609 906 4677 scripserunt,
942 4607 1103 4664 simul
1133 4618 1187 4664 et
1212 4611 1444 4665 seorsim
1480 4626 1588 4665 non
1633 4611 1816 4666 minus
1846 4612 2113 4680 temporis

2219 4621 2321 4657 τινι
2351 4605 2753 4677 παραλιπόντες
2781 4605 2881 4675 τῆς
2910 4604 3149 4674 φύσεως,
3173 4605 3285 4656 εἴτε
3317 4606 3410 4657 καὶ
3443 4603 3582 4675 πρὸς
3612 4617 3669 4653 τι
3700 4602 3790 4668 μὲ-

540 4716 704 4770 quam
740 4701 1189 4771 sexingentorum
1235 4718 1507 4757 annorum
1550 4704 1972 4774 complectatur.
2006 4705 2113 4760 Εοο

542 4810 664 4847 rum
708 4802 892 4847 autem
929 4809 1051 4862 qua!
1087 4806 1274 4863 postea
1310 4797 1605 4851 subsecuta
1640 4806 1771 4850 sunt
1802 4806 2114 4867 temporum

540 4903 631 4942 res
672 4887 1110 4949 ecclesiasticas,
1160 4888 1228 4941 ad
1283 4888 1426 4942 hanc
1482 4904 1656 4958 usque
1703 4898 1953 4954 astatem,
1990 4905 2115 4942 cum

492 4994 499 4999 '
540 4994 643 5032 nec
674 4978 960 5046 pauciores
983 5018 997 5043 ,
1039 4993 1143 5032 nec
1174 4981 1419 5035 minores
1451 4997 1615 5050 quam
1649 4982 1755 5035 illa:
1777 4991 1983 5048 essent,
2021 4997 2117 5038 ue-

545 5071 682 5125 mini
716 5068 809 5122 uni
844 5084 1031 5122 eorum
1060 5072 1163 5139 qui
1202 5071 1491 5125 historiam
1512 5073 1757 5128 scribere
1792 5084 2115 5141 potuerunt,

543 5161 598 5216 in
632 5171 868 5215 mentem
898 5161 1074 5227 venit,
1120 5163 1285 5218 unius
1304 5163 1490 5234 operis
1520 5164 1804 5219 volumine
1853 5165 1940 5218 his
1989 5180 2114 5218 cum

540 5255 653 5309 illis
678 5254 1025 5322 conjunctis,
1058 5254 1352 5323 complecti
1391 5264 1556 5324 atque
1590 5253 2069 5323 comprehendere
2100 5272 2114 5309 :

543 5349 733 5403 nescio
761 5347 1093 5401 socordiane
1122 5357 1177 5403 et
1208 5348 1588 5403 imbecillitate
1621 5348 1823 5419 ingenii
1858 5364 1972 5401 rem
2001 5356 2120 5402 tau-

544 5448 655 5494 tam
707 5438 1025 5504 omittenti,
1075 5455 1207 5494 ana
1259 5440 1640 5510 magnitudine
1692 5451 1748 5494 ct
1796 5439 2118 5495 tlillicultatc

540 5530 851 5601 argumenti
905 5531 1249 5586 abhorrenti.
1306 5531 1518 5599 Quippe
1583 5542 1893 5600 temporum
1950 5531 2115 5584 simul

543 5638 842 5692 rerumque
899 5625 1148 5680 historiis
1194 5625 1430 5694 carptim
1478 5631 1534 5677 et
1580 5624 1761 5678 obiter
1809 5623 1863 5677 in
1913 5622 2118 5676 multos

543 5713 844 5786 variosque
882 5718 1185 5787 scriptores
1222 5728 1277 5773 et
1307 5713 1590 5770 volumina
1622 5715 1910 5785 conjectis,
1944 5714 2119 5769 ardua

545 5813 603 5857 et
646 5803 885 5862 difﬁcilis
929 5824 1117 5862 rarum
1162 5818 1246 5864 est
1279 5807 1522 5876 cognitio
1558 5816 1621 5861 et
1648 5806 1938 5873 memoria,
1994 5807 2118 5860 aliis

549 5895 759 5953 scilicet
807 5902 913 5958 alio
965 5902 1085 5959 loco
1137 5903 1315 5959 rebus"
1363 5892 1725 5958 multiiariam
1778 5910 1833 5955 ct
1889 5900 2118 5968 Sparsim

2219 4698 2377 4767 γεθος
2398 4698 2499 4768 τῆς
2528 4698 2835 4760 ὑποθέσεως
2869 4698 3304 4767 ἀποκνήσαντες.
3338 4697 3450 4748 Καί
3500 4712 3562 4764 γε
3596 4694 3659 4761 δὴ
3690 4692 3788 4743 sint

2219 4790 2427 4859 χρόνων
2452 4789 2548 4843 καὶ
2578 4787 2684 4841 τῶν
2719 4789 2972 4859 πράξεων
3005 4789 3068 4841 ὲκ
3101 4788 3192 4840 τοῦ
3231 4788 3579 4856 παρήκοντος
3601 4785 3786 4855 ὲρῤιμ·

2223 4881 2401 4951 μένων
2445 4881 2504 4932 ὲν
2538 4879 2752 4941 πολλοῖς
2805 4880 2899 4932 καὶ
2932 4879 3212 4949 διαφόροις
3265 4876 3650 4950 συγγραφεῦσι
3700 4871 3787 4925 καὶ

2220 4977 2652 5045 πραγματείαις,
2703 4971 2968 5042 δυσχερὴς
3003 4973 3213 5039 ὲσάγαν
3260 4972 3354 5024 καὶ
3402 4971 3707 5037 δύσληπτος

2223 5066 2416 5137 μνήμη
2440 5065 2548 5118 τῶν
2584 5065 2972 5135 γεγενημένων
3014 5062 3334 5125 καθίστατο,
3369 5061 3538 5131 ἄλλης
3564 5052 3783 5125 ἀλλαχοῦ

2217 5155 2629 5225 διεσπαρμένης
2674 5153 3029 5223 ἀμωσγέπως
3077 5154 3187 5206 τῶν
3254 5153 3535 5223 πράξεων.
3603 5149 3787 5215 Ἡμεῖς

2218 5249 2399 5302 τοίνυν
2432 5248 2577 5319 πόνῳ
2606 5247 2786 5318 πολλῷ
2814 5251 2911 5301 καὶ
2937 5249 3116 5317 χρόνῳ
3140 5248 3240 5318 τὴν
3259 5246 3345 5317 ἐφ’
3372 5245 3590 5312 ἑκάστῳ
3626 5240 3786 5294 διάθε-

2222 5355 2306 5393 σιν
2337 5338 2714 5403 ἐξετάσαντες,
2751 5339 2860 5391 δεῖν
2904 5337 3170 5409 ᾠήθημεν
3202 5338 3465 5392 ὑπόθεσιν
3500 5337 3630 5404 μίαν
3654 5333 3787 5383 ἱστο-

2224 5431 2379 5502 ρικὴν
2409 5431 2508 5499 τῆς
2538 5430 2772 5483 καθόλου
2831 5428 3161 5500 Ἐκκλησίας
3212 5431 3303 5498 ὑφ’
3330 5428 3616 5496 ὁδηγοῦντι
3673 5417 3784 5489 Θεῷ

2221 5523 2719 5596 πραγματεύασθαι
2746 5538 2760 5553 ·
2789 5527 2882 5575 καὶ
2918 5525 3111 5593 πρῶτα
3145 5522 3247 5591 μὲν
3284 5521 3353 5572 τὰ
3374 5518 3487 5572 τῶν
3517 5514 3620 5586 πρὸ
3639 5510 3785 5583 ἡμῶν

2225 5619 2351 5689 ἰδίᾳ,
2386 5616 2460 5678 ὥς
2483 5618 2534 5686 γ’
2555 5615 2699 5680 ἐνὸν,
2735 5614 2935 5684 φράσει
2959 5615 3054 5666 καὶ
3079 5628 3349 5682 συντετμη
3361 5610 3499 5682 μένῃ
3537 5607 3784 5675 πειράσο-

2228 5728 2324 5781 μαι
2355 5708 2606 5774 διελθεῖν,
2635 5707 2694 5760 τό
2720 5723 2779 5759 τε
2804 5705 3056 5779 περιττὸν
3084 5705 3278 5776 καὶτῷ
3304 5701 3482 5774 χρόνῳ
3503 5700 3701 5753 είκαῖον
3721 5693 3782 5762 τῇ

2224 5803 2477 5857 ὑποθέσει
2527 5801 2686 5866 δόξαν
2747 5799 3117 5868 παραλιπεῖνο
3169 5798 3229 5851 τδ
3262 5798 3307 5852 δ’
3359 5793 3658 5861 ἀναγκαῖον
3690 5785 3784 5853 τῆς

2225 5894 2429 5958 ἐννοίας
2460 5893 2600 5947 κατά
2634 5889 2819 5963 χώραν
2870 5891 3236 5965 μένεινῌὲᾶπαι
3259 5906 3272 5920 '
3312 5887 3403 5943 καὶ
3447 5889 3513 5938 τὰ
3551 5881 3784 5937 ἐνδέοντα
