4032 6410
310 342 418 407 609

1273 350 1882 417 ECCIESlASTICzE
1926 359 2320 423 lIlSTORlAZ
2365 365 2508 427 LIB.
2555 364 2603 428 ῐ.

3459 370 3566 436 620

307 456 718 527 προσεπιθεῖναι
743 459 852 523 τοῖς
888 459 1112 515 ἐκείνων
1168 465 1605 535 συγγράμμασιν
1634 487 1647 503 ·
1706 473 1807 525 ὅσα
1831 472 1860 525 θ

1984 474 2299 546 descriptis.
2366 478 2478 548 Ego
2534 494 2667 533 vero
2719 476 2913 534 labore
2970 488 3025 535 et
3075 488 3320 552 tempore
3366 483 3562 547 multo,

306 545 533 610 ἕκαστος
588 548 862 617 ἀναγκαῖα
896 550 1004 604 τῶν
1045 551 1222 606 ἄλλων
1258 557 1681 625 παραλιπόντων
1740 561 1882 615 ἱστό-

298 655 469 709 ρησε,
503 640 581 711 τῷ
615 642 1014 713 συγγράμματι
1068 645 1371 715 ἑξυφῆναιο
1411 649 1509 713 τάς
1557 650 1606 703 τ’
1655 651 1882 706 ἐκείνων

304 731 597 800 διαφωνίας
623 735 758 805 πρὸς
782 738 841 788 τὸ
871 736 1049 808 χρόνῳ
1106 740 1386 809 κρατῆσαν
1416 741 1538 802 ἔθος
1567 742 1879 814 τῇἚκκλη-

307 824 394 894 σίᾳ
448 824 792 896 διευθετῆσαί
845 846 905 882 τε
953 833 1050 884 καὶ
1105 831 1367 902 ρυθμίσαι
1398 875 1411 897 ,
1450 835 1575 888 ὅσον
1603 835 1758 890 νόθον
1788 838 1881 889 καὶ

307 916 559 986 κίϐδηλον
578 918 771 971 διωθού
781 937 963 988 μενον,
992 924 1204 998 γλώττῃ
1227 926 1284 979 δὲ
1310 928 1700 999 περιτρὰνῳτὸ
1717 929 1880 999 ὀρθόν

305 1022 359 1058 τε
414 1007 509 1061 καὶ
543 1008 694 1085 ὑγιὲς
738 1010 836 1081 τῆς
894 1012 1133 1077 πίστεως
1166 1008 1722 1089 παρρησιαςδμενονο
1759 1018 1880 1076 εἶτα

306 1100 394 1153 καὶ
419 1101 519 1152 ὅσα
542 1100 619 1171 τῷ
650 1104 791 1170 μετὰ
819 1105 994 1159 ταῦτα
1024 1110 1455 1178 παραλέλειπται
1481 1114 1680 1184 χρόνῳ,
1706 1131 1884 1187 προσ-

305 1189 474 1245 θεῖναι
534 1195 681 1263 μάλα
739 1195 1020 1268 βιάσομαι,
1079 1203 1281 1272 μικρὸν
1339 1204 1548 1259 ἄνωθεν
1590 1207 1695 1259 ¹ϊοῦ
1748 1206 1877 1261 καθ’

307 1283 451 1353 ἡμᾶς
505 1284 621 1353 βίου
657 1288 755 1358 τὴν
786 1290 1034 1360 ἱστορίαν
1087 1293 1484 1364 διαπεραίνωψ
1517 1299 1552 1369 ἢ
1583 1299 1667 1369 δὴ,
1698 1298 1773 1365 ὥς
1814 1319 1877 1370 γε

301 1370 475 1442 οἶμαι,
529 1378 623 1429 καὶ
671 1381 815 1448 μάλα
856 1384 1085 1438 πλείστα
1146 1387 1247 1457 μὲν
1282 1387 1566 1454 ὠφελῆσαι
1619 1392 1874 1462 δυνηθείη

299 1467 421 1525 τοὺς
445 1466 874 1536 ἐντυγχάνοντας
897 1513 913 1534 ,
946 1473 1205 1545 ἐλάχιστα
1234 1478 1281 1530 δ’
1303 1479 1585 1549 ἐνοχλήσει
1617 1484 1728 1546 τοῖς
1748 1484 1876 1555 περὶ

299 1557 463 1626 αὐτὴν
493 1559 769 1629 ἑλομένοις
812 1563 955 1634 ἔχειν
979 1568 1290 1641 διατριϐήν.
1337 1570 1585 1639 Ἐεέσται
1619 1575 1727 1645 γὰρ
1749 1575 1877 1632 ἐκά-

298 1661 407 1711 οτῳ
460 1648 666 1720 ταύτης
722 1651 797 1715 ὡς
855 1654 916 1708 ἐκ
979 1657 1224 1728 μεγάλης
1275 1659 1460 1729 πηγῆς
1505 1662 1565 1715 τὸ
1604 1663 1876 1733 χρήσιμον

296 1737 438 1790 ἅπαν
458 1740 745 1810 ἀρύεσθαι.
787 1745 1115 1818 Συνοίδαμεν
1137 1751 1247 1820 γάρ
1282 1770 1399 1816 πως
1425 1752 1499 1825 μὴ
1526 1755 1707 1827 ῥᾴδιον
1732 1752 1873 1810 εἶναι

297 1831 568 1900 σποράδας
596 1832 766 1899 οὔσας
798 1836 909 1891 τῶν
943 1839 1222 1896 τοσούτων
1253 1840 1610 1916 ξυγγραφέων
1662 1847 1760 1911 τὰς
1789 1847 1871 1919 βί-

294 1919 453 1985 ϐλους
480 1924 786 1994 εὑπορῆσαί
828 1946 951 1982 τινα
977 1969 992 1993 ,
1038 1930 1137 2004 τὴν
1177 1934 1330 2003 ἱερὰν
1390 1937 1638 2007 ἱστορίαν
1685 1942 1871 1993 πᾶσαν

293 2016 634 2086 πειρώμενον
667 2019 1068 2093 διεξέρχεσθαι.
1109 2026 1351 2081 Ἔπειτα
1390 2030 1484 2081 καὶ
1526 2030 1586 2082 τὸ
1614 2030 1870 2102 διάφορον

290 2109 389 2177 τῆς
416 2110 691 2177 φράσεως,
717 2113 855 2182 πρὸς
888 2114 948 2167 δὲ
979 2117 1071 2170 καὶ
1114 2116 1175 2170 τδ
1204 2118 1411 2186 πλῆθος
1444 2120 1554 2173 τῶν
1586 2139 1871 2193 συγγραμ-

294 2199 499 2267 μάτων,
535 2202 862 2270 δυσέφικτον
908 2207 1050 2260 πάνυ
1111 2210 1208 2262 καὶ
1264 2209 1715 2283 δυσκατάληπτον
1771 2219 1870 2285 τὴν

289 2289 556 2359 ἀνάληψιν
591 2292 766 2347 ἐποίει
817 2295 928 2349 τῶν
983 2297 1259 2368 πράξεων.
1307 2300 1382 2354 Ἥ
1419 2288 1482 2370 γε
1528 2303 1635 2372 μὴν
1681 2305 1738 2357 ὲν
1769 2307 1869 2376 μιᾷ

292 2386 598 2452 συντάξεως
652 2394 975 2463 περιγραφῇ
1008 2395 1395 2463 πραγματεία,
1444 2394 1504 2449 τὸ
1557 2399 1867 2468 ἐρρωμένον

287 2476 375 2543 ἐφ’
435 2479 606 2530 ἆπασι
658 2479 1072 2552 προϐαλλομένη
1130 2483 1241 2535 τῶν
1287 2485 1614 2554 διηγήσεων,
1661 2493 1724 2539 ὲκ
1768 2487 1864 2539 τοῦ

290 2568 490 2637 ῥᾴστου
533 2571 643 2632 τοῖς
671 2569 1020 2641 βουλομένοις
1054 2573 1284 2645 ἑτοίμην
1310 2576 1409 2644 μὲν
1438 2580 1745 2647 παρέχεται
1765 2580 1865 2649 τὴν

284 2660 624 2728 ἀνάγνωσινο
664 2663 763 2734 τὴν
784 2664 839 2717 δὲ
882 2666 1214 2735 κατάληψιν,
1237 2663 1297 2721 εὗ
1331 2668 1480 2734 μάλα
1515 2672 1864 2741 ἐφεπομένην

284 2752 386 2821 τῆς
415 2755 667 2823 φράσεως
696 2754 774 2825 τῷ
806 2757 1011 2825 ταυτῷ,
1050 2753 1159 2810 οἷόν
1181 2762 1522 2828 τινα-σειρὰν
1547 2764 1712 2814 πᾶσιν
1741 2764 1864 2830 ὲιρε-

283 2843 383 2913 ξῆς
413 2846 822 2916 ἁρμοζομένην,
849 2847 1172 2917 θαυμασίως
1211 2867 1269 2902 τε
1299 2850 1737 2924 ἑπιπλεκομένην
1767 2854 1864 2907 καὶ

281 2936 694 3006 διατρέχουσαν,
757 2937 1026 2993 Τοσοῦτον
1065 2939 1111 2993 δ’
1157 2942 1447 3013 ὑπερέχειν
1481 2943 1659 3012 ἔγωγε
1705 2940 1862 3015 οἶμαι

279 3029 488 3099 ταύτην
534 3029 644 3082 τῶν
681 3029 880 3098 ἄλλων,
913 3031 1022 3104 ὅσῳ
1067 3033 1483 3105 χρησιμώτερον
1514 3038 1573 3089 τὸ
1617 3039 1725 3091 πᾶν
1765 3039 1859 3092 τοῦ

1987 565 2285 623 ati'ectiune
2313 579 2363 624 ct
2399 572 2672 624 sententia
2706 569 2979 641 cujusque
3020 570 3305 641 inquisita,
3341 571 3566 627 facien-

1986 656 2117 711 dum
2170 658 2305 712 mihi
2361 660 2582 728 putavi,
2632 672 2689 714 ttt
2739 669 3123 730 argumentum
3172 670 3227 716 et
3275 662 3561 716 materiam

1987 765 2238 817 omnem,
2278 768 2441 806 unam
2482 753 2771 807 historiam
2802 752 3091 808 catholicae
3132 753 3393 809 Ecclesiae
3425 753 3561 807 mihi

1984 846 2371 911 proponerent,
2408 854 2485 908 et,
2523 845 2631 900 Deo
2668 845 2808 900 bene
2835 846 3086 916 juvante,
3126 863 3245 902 eam
3292 847 3343 901 in
3387 862 3558 901 unum

1984 950 2121 1002 opus
2155 936 2486 1004 redigerem.
2522 938 2586 991 Et
2613 938 2846 1007 primum
2881 954 2942 993 ea
2969 940 3092 1007 quae
3119 939 3188 992 ab
3219 937 3285 992 iis
3319 939 3559 1007 scripto-

1984 1027 2158 1090 ribus,
2191 1029 2284 1096 qui
2332 1037 2460 1083 ante
2495 1044 2594 1084 nos
2630 1030 2889 1095 fuerunt,
2934 1030 3138 1085 tradita
3184 1040 3347 1088 sunt.
3386 1032 3589 1108 stylo,‘

1981 1131 2250 1190 quantum
2279 1122 2397 1174 tieri
2429 1123 2653 1191 pulerit,
2685 1132 2876 1177 nostro
2908 1124 3163 1192 persequi
3199 1123 3551 1177 conabimur:

1979 1223 2034 1268 at
2061 1215 2104 1267 si
2136 1213 2266 1282 quid
2291 1213 2629 1284 superﬂuum
2657 1225 2713 1270 et
2740 1224 3014 1270 vetustate
3043 1216 3152 1284 jam
3185 1217 3554 1286 praesentibus

1981 1306 2322 1375 temporibus
2360 1314 2417 1361 et
2450 1307 2554 1376 ipsi
2599 1308 2843 1363 materiae
2886 1308 3084 1363 inutile
3135 1309 3311 1362 visum
3364 1308 3553 1371 fuerit,

1978 1396 2032 1451 id
2057 1399 2578 1466 praetermittemus:
2602 1415 2725 1470 qua:
2748 1415 2877 1454 vero
2902 1402 3191 1456 sententia:
3212 1412 3266 1457 et
3291 1401 3555 1456 doettina:

1977 1490 2303 1544 necessariae
2343 1501 2503 1556 sunt,
2548 1508 2643 1546 eas
2689 1505 2793 1545 suo
2834 1492 2959 1546 loco
2990 1492 3406 1548 collocabimus.
3442 1493 3551 1562 37

1977 1580 2244 1637 Praeterea
2279 1597 2401 1652 qua
2426 1583 2617 1639 deesse
2642 1584 3041 1654 iudicabimus,
3065 1584 3293 1651 scriptis
3332 1585 3551 1639 illorum

1976 1673 2284 1731 addemus:
2325 1685 2377 1731 et
2415 1692 2759 1747 qua-cunque
2797 1674 3116 1749 cognitione
3152 1678 3316 1748 digna
3352 1694 3548 1733 eorum

1976 1764 2288 1835 quisquam,
2345 1767 2468 1823 aliis
2525 1768 2942 1833 omittentibus,
2997 1768 3319 1836 adnotavit,
3390 1769 3549 1836 operi

1973 1866 2168 1913 nostro
2198 1858 2527 1915 intexemus.
2557 1859 2821 1915 Dabimus
2850 1862 3018 1914 etiam
3059 1876 3305 1930 operam,
3340 1868 3399 1914 ut
3434 1860 3551 1913 dis-

1972 1951 2278 2006 sentientes
2329 1950 2548 2006 illorum
2604 1950 2898 2020 opiniones
2953 1951 3021 2006 ad
3079 1951 3549 2006 consuetudinem

1973 2041 2272 2105 Ecclesiae,
2312 2057 2436 2111 quae
2471 2050 2783 2111 temporum
2827 2042 3247 2112 praescriptione
3290 2042 3546 2106 invaluit,
3630 2048 3644 2065 ‘

1973 2133 2281 2201 dirigamus
2315 2142 2485 2200 atque
2508 2131 3018 2186 accommodemus.
3056 2131 3337 2200 Quidquid
3371 2130 3551 2186 iusin-

1971 2241 2165 2281 cerum
2211 2225 2704 2293 adulterinumque
2746 2223 2945 2288 fuerit,
2995 2223 3438 2293 repudiabimus,
3490 2231 3550 2277 et

1974 2332 2230 2372 sermone
2257 2315 2498 2386 simplici
2532 2324 2589 2369 et
2622 2323 2815 2385 aperto
2847 2323 3054 2370 rectam
3087 2330 3390 2383 sanamque
3421 2314 3549 2369 ﬁdei

1971 2406 2277 2463 doctrinam
2326 2421 2454 2460 cum
2517 2404 2761 2475 legitima
2814 2404 3074 2459 libertate
3131 2402 3545 2474 proﬁtebimur.

1972 2498 2240 2567 Deinceps
2257 2507 2314 2552 et
2339 2512 2402 2551 ea
2427 2512 2553 2566 qua:
2574 2495 3047 2565 consequentibus
3075 2489 3354 2564 praeterita
3377 2495 3550 2549 omis-

1969 2604 2139 2658 saque
2173 2598 2305 2644 sunt
2345 2590 2711 2660 temporibus,
2748 2588 2989 2658 adjicere
3023 2587 3391 2650 studebimus,
3433 2602 3547 2641 non

1969 2682 2042 2738 ita
2072 2683 2231 2750 longe
2255 2692 2387 2737 ante
2419 2680 2598 2736 aetatis
2624 2690 2824 2735 nostrae
2852 2690 3072 2749 tempus
3099 2679 3343 2735 historiae
3372 2679 3541 2733 linem

1968 2774 2301 2843 imposituri.
2350 2774 2422 2828 Ea
2463 2787 2619 2834 vero,
2656 2782 2717 2826 ut
2754 2772 3013 2840 equidem
3057 2780 3213 2840 puto,
3243 2772 3544 2839 plurimum

1965 2863 2271 2919 lectoribus
2324 2863 2589 2933 prodesse
2628 2863 2871 2931 poterit:
2908 2862 3199 2915 minimum
3228 2872 3378 2915 certe
3424 2876 3545 2914 nio-

1966 2955 2139 3010 lesliae
2168 2969 2396 3010 versare
2424 2970 2545 3008 eam
2580 2953 2897 3007 volentibus
2927 2952 3143 3008 atteret.
3162 2952 3363 3017 ﬂuiv-is
3394 2955 3542 3010 cuitu

1966 3061 2032 3101 ex
2062 3063 2148 3111 ea,
2190 3057 2448 3117 tanquam
2481 3061 2546 3100 ex
2581 3046 2734 3099 fonte
2768 3045 3050 3111 uberiore,
3085 3043 3363 3115 ingentem
3392 3049 3546 3102 utili-

279 3119 508 3191 μέρους,
546 3122 640 3175 καὶ
685 3123 779 3176 τοὺ
829 3123 1164 3195 διῃρημένου
1206 3127 1266 3181 τὸ
1308 3127 1555 3200 συνεχές.
1596 3128 1754 3184 Οὕτω
1801 3131 1858 3185 δὲ

1968 3150 2135 3197 tatem
2185 3139 2409 3195 haurire
2453 3138 2664 3196 licebit.
2719 3137 2864 3195 Satis
2909 3138 3056 3195 enim
3109 3151 3362 3205 constat,
3411 3157 3539 3198 cum

277 3216 706 3285 χρησιμωτάτης
766 3212 936 3285 οὔσης
999 3216 1100 3287 τῆς
1165 3220 1498 3284 ὑποθέσεως,
1558 3223 1717 3292 ἡμεῖς
1754 3225 1854 3294 οὑχ

278 3305 488 3368 ἁπλῶς,
515 3306 648 3360 ἀλλὰ
703 3307 797 3360 καὶ
846 3308 992 3376 πόνῳ
1020 3308 1153 3377 δῆτα
1182 3312 1364 3380 πολλῷ
1391 3316 1598 3384 ταύτην
1638 3315 1855 3368 συνελε-

272 3397 512 3466 ξάμεθα,
539 3397 616 3468 τῷ
642 3401 865 3472 μεγάλῳ
912 3403 1017 3472 νεῷ
1046 3404 1144 3473 τῆς
1175 3403 1271 3456 τοῦ
1295 3405 1431 3457 Θεοῦ
1456 3407 1629 3473 Λόγου
1654 3408 1854 3474 Σοφίας

273 3490 423 3553 ἐξέτι
457 3490 577 3544 νέου
610 3492 811 3554 ἱκανῶς
856 3494 1302 3566 παρεδρεύοντες,
1336 3500 1428 3550 καὶ
1460 3499 1523 3550 ὲκ
1564 3499 1671 3551 τῶν
1702 3500 1852 3568 παρὰ

270 3582 480 3652 ταύτης
525 3582 938 3653 ὑπομνημάτων
990 3585 1058 3638 τὰ
1108 3587 1280 3639 πλείω
1339 3589 1739 3658 ὲρανιζόμενοι.
1788 3591 1853 3643 Τί

266 3677 383 3745 γὰρ
415 3676 480 3727 ἂν
516 3674 653 3746 αὑτῇ
707 3675 1070 3746 χαρισαίμεθα
1100 3716 1116 3742 ,
1174 3677 1387 3730 πολλῶν
1425 3679 1518 3731 καὶ
1577 3680 1851 3750 μεγίστων

266 3769 302 3837 ἡ
313 3771 410 3836 μίν
436 3769 675 3839 δαψιλῶς
706 3772 1010 3847 μεταδούσῃ
1043 3775 1322 3844 χρηστῶν,
1364 3775 1458 3828 καὶ
1490 3774 1586 3827 τοῦ
1626 3792 1688 3842 γε
1717 3775 1850 3829 κάλ-

265 3856 399 3920 λους
423 3858 591 3928 αὑτῆς
618 3861 895 3932 ὲντρυφᾷν
922 3863 1134 3934 ἀνεισῃ,
1158 3866 1250 3917 καὶ
1278 3864 1484 3918 δίαιταν
1515 3864 1569 3917 δὲ
1592 3867 1685 3919 καὶ
1717 3883 1850 3919 κατ-

263 3949 499 4018 αγωγὴν
553 3951 608 4002 ἐν
639 3952 776 4022 αὑτῇ
807 3952 983 4021 πολλῷ
1012 3953 1089 4024 τῷ
1142 3954 1293 4025 μέσῳ
1323 3955 1500 4025 χρόνῳ
1527 3956 1852 4024 δωρησαμέσ

265 4053 362 4109 νη,
393 4039 593 4094 ὡσανεὶ
620 4042 714 4095 καὶ
766 4046 1145 4119 μαιευσαμένῃ
1169 4087 1184 4112 ,
1243 4047 1334 4100 καὶ
1386 4049 1445 4112 ἐς
1482 4048 1600 4100 τόδε
1631 4050 1848 4118 ἡλικίας

263 4131 420 4198 ἡμᾶς
440 4132 533 4186 καὶ
566 4131 724 4203 λόγου
749 4137 1161 4208 προαγαγοὺσῃ,
1187 4137 1219 4209 ἢ
1241 4139 1300 4190 τὸ
1322 4139 1389 4194 τὰ
1418 4140 1586 4210 αὑτῆς
1610 4139 1845 4207 ἅπαντα,

264 4223 387 4276 ῐσον
415 4223 462 4274 δ’
495 4225 672 4278 εἰπεῖν
725 4228 818 4281 καὶ
859 4228 927 4281 τὰ
955 4228 1052 4296 τῆς
1102 4230 1335 4283 καθόλου
1384 4232 1736 4302 Ἐκκλησίας,
1771 4234 1848 4298 ὡς

262 4318 388 4369 ἐνόν
431 4333 518 4385 γε,
551 4318 720 4390 ἄρδην
754 4321 1051 4387 διαλαϐεῖν,
1104 4324 1198 4376 καὶ
1245 4327 1360 4389 τοῖς
1397 4325 1741 4396 βουλομένοις
1789 4330 1846 4391 ἐς

261 4411 456 4481 κοινὴν
486 4413 769 4483 προθεῖναι
799 4416 1104 4484 ἀκρόασιν;
1143 4419 1203 4471 οὑ
1237 4420 1493 4490 φράσεως
1514 4420 1701 4488 ὄγκον.
1723 4421 1845 4474 οὑδὲ

1960 3233 2145 3303 plures
2173 3231 2286 3286 sint
2325 3231 2823 3286 ecclesiasticarum
2860 3229 3260 3285 historicorum
3302 3232 3538 3299 sparsim

1957 3323 2147 3391 scripti
2195 3321 2363 3386 libri,
2415 3335 2525 3377 non
2580 3320 2745 3375 facile
2793 3334 2917 3375 esse
2965 3334 3063 3375 eos
3113 3335 3434 3390 comparare
3482 3334 3540 3379 et

1956 3415 2258 3484 consequi,
2289 3415 2339 3468 ei
2373 3415 2466 3483 qui
2499 3428 2712 3470 sacram
2746 3411 3036 3468 historiam
3079 3427 3296 3469 omnen‘
3350 3416 3539 3484 perle-

1954 3522 2081 3577 gere
2111 3517 2167 3561 et
2209 3520 2548 3575 cegnoscerc
2601 3505 2754 3560 velit.
2806 3505 3085 3559 Praeterea
3121 3504 3364 3560 varietas
3410 3509 3537 3573 ειμι

1952 3608 2009 3654 et
2035 3597 2392 3660 eloeutionis,
2420 3604 2539 3650 tum
2566 3596 2736 3649 etiam
2771 3596 3038 3651 librorum
3067 3596 3388 3660 multitudo,
3416 3596 3533 3649 eiii-

1953 3691 2130 3756 ciunt,
2167 3696 2228 3742 ut
2276 3687 2450 3742 ardua
2481 3687 2781 3741 admodum
2828 3697 2886 3742 et
2931 3687 3167 3742 diﬂicilis
3224 3688 3537 3758 legentilms

1950 3781 2169 3836 eveniat
2210 3795 2397 3835 rerum
2452 3778 2719 3851 cognitio.
2771 3780 2924 3850 Opus
2971 3795 3105 3835 vero
3180 3789 3529 3850 perpetuum,

1953 3888 2173 3943 unoque
2198 3871 2502 3941 Scriptura:
2525 3882 2790 3928 contextu
2812 3873 3207 3942 compositum,
3236 3887 3324 3926 res
3350 3884 3535 3926 certus

1952 3965 2322 4036 undequaque
2395 3965 2815 4020 narrationibus
2862 3963 3144 4023 .dilucidis
3195 3980 3535 4020 commemo-

1950 4073 2101 4123 rans,
2129 4056 2349 4113 facilem
2376 4057 2635 4112 omnibus
2657 4066 2716 4112 et
2744 4066 3057 4128 promptam
3089 4058 3316 4113 exhibet
3343 4058 3532 4112 lecti)-

1952 4163 2116 4203 netn:
2169 4156 2227 4202 et
2279 4157 2509 4218 propter
2557 4146 2818 4202 eumdem
2867 4147 3202 4203 elocutionis
3253 4158 3526 4216 tenorem,

1949 4248 2384 4309 consequentem
2429 4232 2655 4310 quoque
2708 4256 2895 4297 rerum
2955 4241 3203 4312 ipsarum
3257 4243 3529 4312 cognitiu-

1947 4345 2099 4393 nem,
2132 4339 2388 4398 tanquam
2434 4331 2730 4401 quamdam
2776 4346 3026 4386 catenam
3065 4332 3213 4386 omni
3258 4348 3324 4385 ex
3370 4345 3529 4402 parte

1949 4421 2146 4476 ordine
2172 4435 2273 4475 suo
2303 4432 2634 4490 coeptatam,
2669 4424 3109 4493 mirabiliterquc
3137 4426 3280 4477 inter
3309 4442 3368 4479 se
3398 4442 3528 4479 ουιι-

259 4502 442 4569 λόγων
489 4505 813 4577 κομψότητα
859 4509 988 4578 περ)⁸
1041 4489 1298 4563 πλείστου
1353 4511 1417 4582 δὴ
1457 4513 1841 4584 ποιουμένους,

1961 4519 2178 4574 textam,
2222 4519 2281 4564 et
2318 4511 2488 4565 veluti
2538 4523 2980 4581 procurrentem.
3030 4513 3275 4582 Denique
3313 4525 3524 4570 tantum

258 4595 382 4649 ἀλλ’
412 4599 596 4664 ἁπλῶς
636 4600 779 4655 οὑτω
808 4604 991 4674 γυμνὰ
1012 4607 1123 4668 τοῖς
1154 4608 1288 4660 πᾶσι
1313 4608 1595 4679 προθεῖναι
1621 4610 1691 4662 τὰ
1705 4611 1846 4663 κατὰ

256 4689 359 4750 τὰς
396 4689 691 4759 ἐκκλησία;
737 4692 977 4769 ἔξαρχῆς
1008 4699 1347 4766 γεγενημένα
1383 4697 1610 4751 διελθεῖν
1640 4716 1846 4771 πειρω-

260 4783 486 4849 μένους,
535 4783 601 4835 τὰ
650 4785 781 4856 παρ’
814 4786 1068 4851 ἑκάστοις
1122 4789 1482 4860 ἱστορούμενα
1535 4794 1676 4847 κατὰ
1715 4793 1843 4856 τοὺς

254 4873 520 4942 ἀρχαίους
557 4876 806 4946 χρόνους,
839 4878 927 4948 ἐφ’
954 4881 1077 4933 ὅσον
1102 4884 1236 4950 ἡμῖν
1266 4884 1299 4953 ἡ
1324 4885 1453 4954 περὶ
1472 4883 1662 4953 λόγους
1681 4883 1844 4941 δύνα-

259 4982 361 5036 μις
392 4968 633 5041 εὐπορεῖ,
669 4971 847 5036 καλῶς
881 4975 977 5028 xui.
1008 4975 1083 5038 ὡς
1120 4978 1401 5047 προσῆκον
1432 4972 1523 5047 ἦν,
1547 4976 1842 5043 ἐξετάσαν-

251 5077 378 5124 τας.
412 5061 568 5116 Ἐπεὶ
611 5063 657 5117 δ’
688 5065 821 5136 ἡμῖν
855 5068 1113 5131 ὑπόθεσις
1144 5069 1307 5140 αὕτη,
1342 5070 1425 5124 δεῖ
1451 5071 1508 5124 δὲ
1536 5073 1840 5143 σαφηνείας

250 5151 422 5220 χάριν
459 5153 555 5205 καί
580 5171 701 5207 τινα
734 5158 864 5229 περὶ
894 5157 995 5226 τῆς
1025 5159 1156 5230 ὅλης
1183 5161 1576 5230 πραγματείας
1616 5163 1837 5231 προδιο-

254 5242 443 5311 ρίσαι*
503 5245 697 5314 ίστέον,
729 5250 803 5310 ὡς
849 5251 882 5321 ἡ
938 5252 1037 5321 μὲν
1096 5251 1279 5323 βίϐλος
1318 5258 1467 5309 πᾶσα
1512 5256 1595 5318 είς
1633 5260 1833 5327 τόμους

248 5336 389 5406 ἡμῖν
417 5336 673 5410 διῄρηται
708 5340 796 5412 ιη’.

1914 4638 1917 4642 ›
1945 4610 2195 4658 nostram
2232 4603 2374 4660 hanc
2415 4603 2702 4660 historiam
2727 4606 2852 4660 aliis
2880 4616 3141 4675 praestare
3168 4617 3322 4676 puto,
3350 4625 3528 4676 qunti-

1948 4701 2062 4746 tum
2088 4693 2229 4762 parti
2265 4702 2441 4748 totum
2475 4703 2717 4763 praestat,
2747 4704 2803 4749 ct
2834 4696 3170 4766 interpolato
3198 4701 3523 4754 continuum

1942 4800 2104 4855 opus.
2148 4784 2429 4855 Quidquid
2464 4796 2651 4841 autem
2688 4796 2774 4842 est
2807 4797 2915 4842 tam
2954 4789 3109 4843 utilis
3135 4790 3286 4855 libri,
3321 4791 3373 4844 id
3414 4807 3523 4846 non

1943 4875 2019 4929 ita
2057 4875 2240 4939 facile,
2273 4876 2367 4931 sed
2424 4877 2600 4931 multo
2652 4892 2783 4931 sane
2824 4893 2950 4933 cum
2985 4878 3197 4945 labore,
3246 4896 3370 4935 cum
3425 4882 3525 4936 ad-

1941 4968 2054 5024 huc
2105 4985 2134 5023 a
2169 4966 2246 5038 (l)
2294 4969 2485 5038 pueris
2533 4967 2604 5023 ad
2656 4978 2951 5041 augustum
2987 4972 3161 5042 ipsius
3212 4972 3309 5028 Dei
3361 4972 3522 5030 Verbi

1941 5059 2241 5130 Sapientiae
2285 5060 2550 5130 templum
2602 5077 2891 5127 essemus,
2943 5074 2998 5119 et
3048 5066 3283 5135 plurima
3330 5082 3395 5121 ex
3441 5069 3525 5122 eis

1939 5169 2066 5223 qua:
2088 5153 2162 5208 ibi
2194 5161 2348 5217 sunt,
2375 5152 2754 5210 voluminibus
2782 5165 2839 5210 et
2862 5160 3279 5214 commentariis
3309 5172 3526 5228 petere-

1938 5263 2083 5309 mus.
2136 5247 2483 5317 collegimus.
2537 5246 2712 5313 Quam
2756 5264 2892 5305 vero
2936 5250 3102 5304 aliam
3157 5251 3259 5321 ipsi
3303 5264 3523 5311 :eternre

1936 5336 2237 5407 Sapientiae
2265 5335 2607 5393 referremus
2630 5337 2887 5410 gratiam,
2920 5356 3043 5411 qua:
3074 5345 3308 5401 maxima
3339 5347 3391 5399 in
3422 5363 3524 5401 nos

246 5428 1072 5546 prolific—contulit.-beneticia.
1105 5454 1162 5499 et
1210 5461 1325 5546 nos
1360 5455 1680 5514 amoenitate
1748 5462 2078 5539 deliciisque
2146 5473 2262 5528 suis
2305 5473 2514 5543 perfrui
2564 5483 2650 5530 est
2693 5491 2875 5546 passa,
2950 5478 3290 5536 domicilium
3341 5482 3416 5538 ibi
3462 5479 3523 5536 et

248 5529 597 5583 ¹¹¹³¹⁸⁸ί⁰¹¹θ¹¹¹
632 5529 806 5585 ωυηυ
842 5540 1090 5604 ιθιιηιυτε
1134 5538 1293 5597 IlObis
1362 5547 1636 5616 praebens,
1665 5552 1777 5623 38
1841 5567 1899 5613 et
1941 5529 2198 5628 pietatem
2251 5529 2408 5634 quasi
2471 5529 2757 5637 cujusdarm
2811 5529 3128 5630 obstetricis
3177 5585 3233 5630 et
3285 5576 3522 5635 nutricis

325 5706 912 5810 ξίῖηἶῖἶ¹ἐῗῖἶῖῗῗκξὲξῗξ¹ρ
964 5716 1306 5810 Νίῗθτξθστηθ
1374 5729 1851 5810 (ῖθηειειηιῖηοροῐε

248 5787 652 5837 monachorum
683 5789 1009 5844 asceterium
1039 5787 1163 5857 nm,
1204 5806 1534 5868 composuit.

1896 5744 1962 5800 ad
2019 5749 2279 5821 templum
2328 5751 2571 5823 Sophim,
2640 5756 2734 5813 ubi
2773 5758 3105 5818 bibliotheca
3173 5762 3409 5836 insignis
3457 5777 3515 5823 et
