4032 6430
2516 232 2541 240 ο

524 325 627 390 Gil
1746 318 2173 378 NiCEPllORI
2218 317 2569 378 CALIJSTI
2682 350 2699 365 κ
3668 322 3759 385 612

526 454 818 515 praestans,
862 446 1024 507 atque
1052 432 1117 489 ad
1158 434 1210 490 id
1253 448 1353 488 nos
1384 432 1562 489 aetatis
1591 442 1646 488 et
1676 432 1959 503 prolectus
2022 430 2335 497 deducens,
2435 445 2602 503 quam
2649 438 2709 484 ut
2784 443 2873 485 res
2938 429 3080 505 ejus,
3115 428 3351 485 fortasse
3395 438 3568 487 autem
3599 434 3765 491 dicen.

528 540 661 593 dum
710 533 996 590 catholicae
1042 528 1321 592 Ecclesiae,
1374 544 1607 593 omnes,
1663 539 1932 598 quantum
1986 526 2106 582 ﬁeri
2186 520 2399 598 possit,
2444 543 2556 582 uno
2605 525 2886 580 volumine
2934 526 3558 596 comprehenderemns,
3605 541 3653 584 et
3718 534 3762 587 il

531 628 752 697 publice
797 624 1060 680 omnibus
1111 622 1165 677 in
1224 636 1575 677 communem
1626 636 1789 674 usum
1844 619 2112 674 utendum
2151 618 2606 675 collocaremns?
2654 617 2991 672 elocutionis
3074 618 3313 682 pondus,
3396 620 3766 694 verborumque

533 731 855 779 ornamenta
883 722 1066 776 minus
1087 729 1475 776 consectantes
1502 735 1515 770 :
1546 718 1641 773 sed
1702 717 1953 772 oratione
2022 730 2181 785 pura,
2225 730 2314 770 res
2355 726 2604 785 apertas,
2645 721 2709 769 ut
2743 713 2814 767 ab
2864 712 3024 766 initio
3060 714 3115 768 in
3150 714 3403 771 ecclesiis
3448 728 3571 769 sunt
3599 729 3766 784 gesta),

535 823 711 876 cuivis
750 834 1028 889 exponere
1103 826 1393 873 conantes.
1436 814 1594 882 Quod
1674 822 1734 868 ut
1807 811 1990 868 facere
2063 826 2388 881 possemus,
2436 821 2705 882 quantum
2749 814 3092 874 eruditionis
3142 828 3343 873 nostra:
3389 819 3619 873 tenuitas
3657 833 3772 886 per.

536 917 707 984 misit,
762 929 888 969 cum
934 928 1065 968 cura
1113 922 1169 967 et
1200 913 1329 976 ﬁde,
1379 928 1499 982 quae
1530 912 1598 966 de
1648 910 1814 965 rebus
1859 917 2112 962 veterum
2155 915 2464 977 temporum
2507 912 2561 965 in
2605 925 2965 969 monumenta
3036 924 3168 969 sunt
3204 915 3396 979 relata,
3463 913 3771 983 perquisivi-

536 1033 682 1073 mus.
719 1017 926 1072 Verum
959 1014 1247 1069 enimvero
1281 1026 1407 1065 cum
1436 1026 1501 1065 ea
1535 1008 1698 1064 nobis
1729 1008 1804 1062 sit
1836 1005 2116 1075 proposita
2154 1004 2438 1060 scribendi
2502 1008 2760 1077 niateria,
2799 1019 2861 1065 ut
2920 1011 3216 1066 dilucidior
3249 1027 3333 1066 res
3362 1013 3540 1066 omnis
3576 1011 3682 1077 tiat,
3712 1012 3773 1065 dc

535 1126 653 1174 toto
695 1130 861 1182 opere
892 1109 1341 1182 praemittendum
1375 1106 1581 1177 aliquid
1615 1104 1896 1161 duximus.
1954 1100 2252 1158 Sciendum
2328 1102 2533 1174 itaque,
2610 1114 2787 1162 totum
2823 1107 2932 1163 hoc
2977 1108 3235 1163 volumen
3276 1108 3439 1163 nobis
3485 1109 3540 1161 in
3604 1100 3774 1162 decem

535 1219 592 1265 et
619 1216 745 1263 octo
785 1217 965 1261 tomos
994 1220 1119 1259 esse
1148 1203 1413 1258 divisum.

610 1321 820 1374 Horum
878 1317 1097 1387 primus
1161 1330 1253 1368 res
1306 1321 1487 1383 gestas
1558 1311 1874 1368 Servatoris
1936 1306 2115 1364 nostri

2290 1308 2513 1364 Τούτων
2538 1314 2565 1367 ὁ
2617 1313 2717 1383 μὲν
2775 1313 2998 1383 πρῶτος
3050 1316 3118 1368 τὰ
3149 1314 3291 1369 κατὰ
3327 1314 3418 1367 τὸν
3447 1314 3666 1383 Σωτῆρα
3698 1315 3780 1367 καὶ

538 1409 748 1465 Christi
776 1407 903 1462 Jesu
932 1405 1358 1474 complectetur,
1389 1415 1448 1457 ut
1470 1403 1683 1457 scilicet
1712 1403 1803 1455 ille
1830 1417 1861 1455 a
1890 1397 2117 1469 proprio

544 1501 746 1556 throno
774 1496 1129 1552 intransitive
1156 1495 1393 1557 excitus,
1421 1504 1645 1565 propter
1669 1489 2121 1561 incomparabilis

542 1591 809 1649 bonitatis
847 1588 1197 1643 aﬂectionem
1234 1598 1288 1642 et
1330 1586 1798 1652 misericordiam,
1836 1593 2120 1653 assumpta

542 1699 609 1738 ex
668 1680 839 1736 Maria
883 1679 1100 1749 virgine
1158 1692 1345 1741 carne,
1392 1685 1448 1732 et
1498 1684 1723 1732 terreno
1774 1677 1902 1731 vita:
1951 1688 2122 1729 cursu

543 1792 706 1847 quam
744 1774 950 1844 optime
987 1771 1245 1826 confecto
1269 1811 1286 1837 ,
1327 1786 1427 1842 per
1466 1771 1766 1825 salutarem
1807 1769 2122 1840 passionem

543 1877 710 1934 atque
757 1874 1010 1917 naturam
1061 1876 1284 1915 onmem
1350 1871 1708 1930 superantem
1754 1861 2122 1915 resurrectio-

544 1971 670 2010 nctzt
692 1995 708 2020 ,
752 1953 817 2007 ad
848 1950 1146 2005 Paternum
1183 1964 1376 2004 rursus
1407 1949 1725 2003 ascenderit
1756 1948 1954 2003 solium
1976 1988 1991 2009 ,
2032 1962 2125 2002 re-

544 2044 942 2102 conciliatione
969 2051 1155 2097 nostra
1182 2056 1286 2097 suo
1314 2042 1490 2113 ipsius
1522 2041 1668 2096 Patri
1692 2039 1934 2111 perfecta
1958 2048 2126 2108 atque

544 2140 737 2194 absolu
748 2148 821 2192 ta.

616 2231 905 2287 Secundus
943 2246 1006 2285 ea
1067 2245 1190 2299 quae
1229 2228 1295 2284 ad
1345 2228 1612 2298 Spiritum
1665 2238 1914 2282 sanctum
1958 2226 2129 2296 perti-

543 2333 703 2388 nent,
759 2325 1215 2392 comprehendet.
1265 2322 1412 2386 Qnas
1473 2321 1565 2374 ille
1623 2320 1837 2374 scilicet
1885 2334 1973 2373 res
2029 2333 2127 2388 per

545 2432 734 2472 sacros
780 2416 1061 2486 apostolos
1110 2416 1426 2484 peregerit:
1465 2413 1781 2482 quibusque
1827 2410 1905 2464 illi
1959 2411 2126 2465 rebus

545 2511 738 2579 gestis,
772 2512 991 2579 qualem
1027 2510 1189 2563 linem
1221 2507 1351 2561 vita:
1382 2502 1619 2576 quisque
1660 2520 1853 2560 eorum
1889 2504 2123 2573 ceperit,

543 2611 899 2658 sacrosancta
949 2602 1111 2656 nobis
1167 2600 1375 2669 scripta
1425 2598 1825 2667 relinquentes.
1881 2599 2015 2663 Quae
2059 2611 2124 2651 ea

541 2695 657 2749 sint
696 2695 927 2764 scripta.
963 2703 1020 2748 et
1049 2709 1172 2763 qua:
1205 2692 1261 2747 in
1292 2692 1376 2747 eis
1409 2706 1558 2756 vera,
1594 2689 1813 2744 sincera
1864 2698 1923 2744 et
1955 2696 2124 2745 testa-

545 2788 845 2841 mentaria.

619 2878 842 2935 Tertius
886 2880 1096 2950 primos
1138 2878 1519 2946 apostolorum
1566 2892 1917 2934 successores
1959 2892 2127 2950 expo-

544 2981 662 3035 net,
705 2972 799 3025 ubi
829 2971 1201 3040 ebquomodo
1232 2973 1490 3026 salutaris
1519 2972 1771 3026 doctrina
1805 2986 1901 3040 per
1931 2973 2123 3026 orbem

546 3065 871 3119 universum
907 3065 1217 3134 peragrarit
1246 3081 1259 3118 :
1295 3080 1433 3133 quas
1467 3064 1809 3118 calamitates
1851 3073 1909 3116 et
1940 3062 2126 3119 clades

545 3154 924 3225 Hierosolyma
950 3164 1174 3224 propter
1197 3154 1401 3207 caedem
1424 3152 1737 3206 Servatoris
1760 3151 1965 3205 Christi
1994 3151 2125 3207 Jesu

545 3247 919 3317 pertulerint:
953 3262 1095 3316 quos
1148 3261 1344 3300 rursus
1377 3254 1636 3315 tanquam
1674 3245 1921 3299 haeredes
1966 3245 2130 3299 mini-

543 3339 701 3393 Sterii
730 3337 841 3395 sui.
877 3352 998 3406 qua:
1030 3338 1158 3390 item
1184 3337 1492 3391 litterarum
1528 3343 1887 3388 monumenta
1911 3342 2129 3404 aposto-

544 3428 726 3483 lorum
761 3441 1117 3482 successores
1149 3435 1271 3495 post
1309 3441 1369 3481 se
1404 3425 1784 3495 relinquentes
1806 3463 1821 3490 ,
1865 3424 2129 3495 martyrio

547 3537 649 3591 pro
679 3520 886 3577 Christi
918 3521 1142 3575 nomine
1173 3520 1284 3574 sint
1315 3518 1589 3574 coronati.
1624 3516 1689 3570 Et
1716 3532 1839 3587 quae
1867 3518 1978 3587 jam
2012 3528 2126 3570 tum

550 3614 793 3682 primum
819 3614 1153 3669 emerserint
1179 3613 1451 3669 adversus
1483 3610 1782 3666 salutarem
1815 3609 2127 3667 doctrinam

549 3704 810 3760 lnrreses.

617 3796 809 3861 Quarti
849 3797 981 3850 tomi
1013 3806 1403 3866 argumentum
1439 3797 1547 3852 erit
1576 3838 1592 3864 ,
1632 3796 1861 3865 quinam
1895 3793 2044 3849 falsae
2073 3803 2131 3849 et

551 3887 880 3942 adulterina:
939 3888 1208 3942 doctrinae
1250 3888 1571 3943 exstiterint
1620 3887 1825 3953 duces,
1881 3901 2131 3955 quosque

2225 1399 2433 1471 Κύριον
2459 1405 2620 1474 ἡμῶν
2646 1407 2891 1476 περιέξει
2926 1407 3180 1476 Χριστὸν,
3213 1404 3293 1468 ὡς
3315 1407 3426 1460 τῶν
3448 1407 3654 1459 οἰκείων
3674 1405 3783 1477 θρό-

2225 1508 2330 1546 νων
2353 1494 2713 1563 ἀμετασάτως
2742 1497 3089 1565 ἀφορμηθεὶς
3115 1498 3280 1567 οίκτῳ
3305 1497 3625 1550 ἀνεικάστου
3656 1513 3782 1566 χρη⁴

2223 1585 2503 1655 στότητος,
2531 1588 2626 1639 καὶ
2649 1589 2828 1657 σάρκα
2848 1590 2913 1642 ὲκ
2938 1589 3215 1659 Παρθένου
3242 1590 3569 1659 ἀνειληφὼς,
3592 1588 3679 1640 καὶ
3696 1588 3783 1658 τὴν

2223 1678 2508 1749 περίγειον
2534 1680 2702 1734 αὑτοῦ
2730 1681 3009 1736 πολιτείαν
3035 1683 3274 1752 ἀρίστως
3301 1681 3571 1753 διηνυκὼς
3594 1681 3676 1733 διὰ
3696 1680 3781 1732 τοῦ

2227 1766 2499 1840 σωτῆρίου
2539 1771 2749 1834 πάθους
2793 1776 2890 1828 καὶ
2944 1775 3043 1846 τῆς
3094 1775 3377 1845 ὑπερφοῦς
3417 1774 3780 1837 ἀναστάσεως,

2227 1863 2364 1932 πρὸς
2402 1864 2492 1918 τὸν
2521 1865 2786 1936 Πατρῷον
2816 1862 2971 1929 αὖθις
3000 1866 3154 1938 ἀκῄει
3177 1868 3388 1938 θρόνον,
3419 1869 3514 1939 τὴν
3540 1868 3788 1923 καταλλα-

2225 1958 2330 2029 γὴν
2356 1958 2512 2028 ἡμῶν
2541 1958 2618 2030 τῷ
2643 1960 2839 2014 ἑαυτοῦ
2872 1961 3048 2029 Πατρί
3075 1964 3472 2035 ποιησάμενος.

2310 2225 2370 2280 '0
2430 2227 2686 2299 δεύτερος
2735 2229 2805 2285 τὰ
2859 2229 2954 2286 τοῦ
3008 2234 3277 2302 παναγίου
3335 2253 3428 2306 μοι
3487 2235 3784 2306 διαλήψεται

2228 2319 2583 2390 Πνεύματος,
2652 2326 2753 2377 ὅσα
2798 2324 2937 2393 δῆτα
2974 2326 3061 2379 διὰ
3112 2329 3222 2381 τῶν
3284 2329 3450 2400 ἱερῶν
3498 2332 3786 2385 ἀποστόλων

2226 2413 2320 2482 ὲνή
2333 2431 2500 2482 ργησε
2522 2430 2535 2443 ⁸
2563 2417 2686 2469 τίνα
2713 2434 2772 2470 τε
2798 2418 2954 2479 αὖθις
2986 2412 3135 2473 οὗτοι
3164 2421 3619 2492 διαπραξάμενοι,
3659 2423 3785 2475 τέλει

2225 2504 2322 2559 τοῦ
2354 2506 2470 2576 βίου
2496 2508 2798 2578 ἐχρήσαντο
2828 2510 3057 2571 ἕκαστος
3080 2550 3095 2576 ,
3141 2513 3208 2565 τὰ
3264 2515 3393 2585 ιερά
3440 2514 3639 2568 τούτων
3671 2515 3789 2581 συῄ

2229 2598 2533 2669 γράμματα
2589 2603 3045 2668 καταλελοιπότες
3095 2606 3261 2674 ἡμῖν·
3304 2608 3408 2662 xxi.
3443 2610 3562 2662 τίνα
3588 2607 3747 2662 ταῦτα
3770 2647 3783 2672 ,

2231 2690 2327 2742 καὶ
2352 2691 2454 2743 ὅσα
2488 2692 2694 2762 γνήσιά
2722 2709 2783 2748 τε
2814 2694 2909 2748 ml.
2934 2696 3258 2767 ἐνδιάθηκα.

2311 2869 2373 2924 Ὃ
2410 2873 2595 2941 τρίτος
2623 2871 2718 2937 τὰς
2748 2872 2970 2944 πρώτας
3018 2877 3263 2948 περιέξει
3307 2896 3407 2950 μοι
3439 2880 3543 2934 τῶν
3582 2881 3792 2935 ἀποστό-

2225 2963 2335 3018 λων
2364 2966 2638 3036 διαδοχάς,
2681 2968 2787 3040 ὅπη
2825 2986 2885 3022 τε
2932 2972 3024 3024 καὶ
3058 2973 3206 3038 ὅπως
3258 2977 3286 3028 ὁ
3341 2980 3605 3048 σωτήριος
3653 2978 3791 3044 λόγος

2227 3056 2327 3128 τὴν
2355 3059 2686 3131 οἰκουμένην
2716 3061 2977 3133 διέδραμε
3004 3080 3019 3094 ·
3051 3065 3174 3117 τίνα
3205 3083 3263 3119 τε
3303 3071 3376 3140 τῇ
3422 3068 3790 3141 Ἰεροσολύμων

2228 3154 2330 3220 τῆς
2378 3153 2813 3221 Χριστοκτονίας
2861 3158 3027 3226 χάριν
3058 3158 3263 3229 ἐπῆλθε
3312 3160 3505 3217 δεινά·
3537 3162 3794 3222 καὶτίνας

2229 3236 2388 3303 αὖθις
2418 3234 2792 3313 κλήρονόμους
2834 3245 2932 3314 τῆς
2975 3247 3141 3317 σφῶν·
3166 3247 3457 3316 διακονίας
3492 3250 3796 3305 καταλιπόν-

2229 3349 2320 3396 τες
2354 3335 2403 3385 οἱ
2428 3335 2536 3386 τῶν
2587 3335 2902 3390 ἀποστόλων
2932 3338 3206 3413 διάδοχοι⁹
3245 3345 3349 3397 καὶ
3386 3346 3522 3399 πόσα
3554 3336 3644 3398 καὶ
3690 3343 3794 3396 τινα

2231 3424 2339 3477 τῶν
2389 3428 2844 3499 συγγραμμάτων
2885 3431 2963 3501 τῷ
3014 3433 3154 3501 ὑπὲρ
3208 3433 3454 3505 Χριστοῦ
3529 3433 3790 3507 μαρτυρίῳ

2230 3523 2728 3591 κατεκοσμήθησαν
2758 3538 2772 3554 ο
2819 3524 2915 3576 καὶ
2942 3527 3073 3595 περὶ
3101 3526 3210 3579 τῶν
3246 3525 3376 3597 ἄρτι
3408 3528 3632 3599 πρώτως
3676 3530 3793 3580 ἀνα·

2233 3613 2469 3681 φυεισῶν
2502 3614 2579 3682 τῷ
2604 3615 2859 3685 σωτηρίῳ
2886 3617 3033 3689 λόγῳ
3060 3619 3352 3689 αἱρέσεωνο

2305 3790 2411 3843 Τοῦ
2438 3807 2501 3858 γε
2545 3792 2652 3863 μὴν
2684 3794 2951 3864 τετάρτου
2998 3798 3031 3866 ἡ
3066 3798 3303 3870 περιοχὴ
3342 3800 3521 3865 ἔσται,
3571 3800 3682 3853 ὅσοι
3707 3797 3796 3867 τῆς

2235 3881 2600 3954 ψευδωνύμου
2640 3887 2898 3953 γνώσεως
2944 3883 3196 3958 ἐγένοντο
3232 3893 3493 3965 ἀρχηγοὶ,
3560 3897 3795 3954 ὄπωςτε

482 4009 490 4023 ι
550 3988 740 4034 contra
767 3994 862 4033 eos
887 3980 997 4050 39
1018 3978 1426 4036 ecclesiasticos
1448 3982 1747 4052 scriptores
1773 3990 1830 4036 et
1852 3980 2129 4044 doctores,

2242 3977 2275 4043 ἡ
2305 3979 2483 4030 πάντα
2508 3978 2692 4041 καλῶς
2715 3979 3039 4047 διεξάγουσα
3066 3983 3298 4054 Πρόνοια
3331 3984 3797 4059 ἐκκλησιαστικοὺς

551 4088 676 4140 qua:
707 4073 893 4126 omnia
940 4074 1082 4127 bene
1112 4073 1358 4142 disponit
1400 4084 1457 4127 et
1495 4074 1697 4144 dirigit
1720 4073 1907 4128 divina
1942 4072 2138 4128 Provi-

553 4166 765 4228 dentia,
791 4168 1067 4231 excitarit,
1090 4166 1408 4235 apostolicis
1427 4165 1587 4220 donis
1609 4167 1944 4221 excellentes
1964 4165 2133 4231 viros,

552 4258 827 4325 simulque
865 4266 921 4311 et
965 4257 1076 4311 vita
1128 4267 1183 4310 et
1235 4256 1489 4312 doctrina
1545 4258 1768 4311 illorum
1821 4265 2137 4312 evertentes

552 4351 777 4403 insanas
811 4348 1125 4417 opiniones.
1169 4346 1272 4414 Qui
1329 4348 1419 4401 isti
1465 4347 1707 4413 iuerint,
1742 4355 1800 4402 et
1850 4362 1973 4417 qua:
2018 4353 2136 4401 tum

550 4444 619 4495 tle
665 4440 970 4509 qumsuone
1024 4438 1344 4495 celebrandi
1398 4439 1689 4495 Paschatis
1738 4440 1852 4493 sint
1906 4436 2136 4493 dissidia

552 4542 767 4589 exorta.

621 4626 811 4691 Quinti
846 4626 1074 4682 materia
1099 4625 1209 4681 erit
1265 4625 1371 4682 sub
1397 4624 1604 4680 Severo
1629 4632 1688 4679 et
1712 4623 1879 4678 Decio
1902 4621 2141 4692 impera-

552 4720 767 4775 torihus
796 4720 1161 4774 Ecclesiarum
1198 4718 1539 4788 persecutio.
1569 4718 1842 4772 Praeterea
1869 4716 1962 4785 qui
1993 4715 2139 4770 mul-

552 4825 669 4869 tum
703 4814 973 4882 sapientia
1003 4812 1179 4866 valuit
1227 4812 1345 4881 ipse
1393 4810 1680 4880 Origenes,
1718 4825 1841 4880 quae
1876 4809 1996 4880 ejus
2026 4808 2137 4863 vita

552 4907 743 4970 fuerit,
776 4921 897 4975 qua:
929 4906 1159 4974 scripta.
1196 4904 1333 4959 Tum
1372 4904 1467 4975 qui
1497 4905 1550 4958 in
1587 4902 1814 4958 Oriente
1849 4913 1904 4958 et
1939 4904 1994 4957 in
2034 4902 2141 4958 Oc-

554 5000 778 5052 cidente
837 4997 1176 5052 sanctissimi
1231 5008 1504 5066 martyres
1561 5005 1977 5050 sacrosanctum
2041 5010 2140 5065 pro

552 5090 776 5145 Christo
815 5100 1097 5146 certamen
1133 5092 1351 5146 fortiter
1381 5093 1732 5161 pertulerint.
1776 5092 1905 5146 ltem
1941 5091 2008 5146 de
2037 5092 2142 5162 Cy-

554 5184 748 5253 priano
795 5182 993 5238 Africa:
1042 5187 1327 5253 episcopo.
1385 5184 1519 5237 Item
1575 5183 1643 5238 de
1697 5184 1997 5254 Dionysio,
2043 5185 2141 5253 qui

553 5277 944 5331 Alexandrinae
968 5277 1188 5347 praefuit
1213 5277 1494 5331 Ecclesiae.
1527 5276 1659 5331 Item
1688 5278 1757 5332 de
1788 5277 2138 5343 Christianis,

2239 4069 2440 4142 ἄνδρας
2473 4077 2814 4143 συγγραφεῖς
2843 4078 2940 4129 καὶ
2994 4077 3359 4145 διδασκάλους
3398 4083 3626 4144 ἐκείνοις
3663 4078 3798 4132 ἀνθί-

2241 4178 2454 4231 στησιν,
2486 4166 2867 4231 άποστολικοῖς
2918 4171 3225 4239 χαρίσμασι
3260 4171 3685 4243 διαπρέποντας,
3715 4169 3799 4223 καὶ

2242 4254 2342 4325 βίῳ
2390 4257 2483 4308 καὶ
2527 4256 2671 4328 λόγῳ
2711 4259 2779 4312 τά
2812 4260 3041 4313 ἐκείνων
3086 4263 3499 4331 ἀνατρέποντας
3534 4266 3797 4333 δόγματα’

2240 4351 2334 4403 καὶ
2376 4350 2519 4415 τίνες
2564 4352 2745 4406 οὖτοιο
2780 4357 2874 4406 καὶ
2905 4354 3005 4407 ὅσα
3060 4356 3369 4425 τηνικαῦτα
3416 4360 3665 4430 περὶτῆς
3714 4353 3799 4407 τοῦ

2241 4442 2435 4513 Πάσχα
2467 4443 2753 4515 ζητήσεως
2782 4445 3131 4513 ἐπεγένοντο.

2311 4626 2402 4699 Τῷ
2449 4627 2508 4682 δὲ
2567 4628 2805 4699 πέμπτῳ
2863 4628 2891 4682 ὁ
2972 4632 3115 4682 κατὰ
3185 4632 3428 4702 Σεύηρον
3482 4633 3575 4684 καὶ
3631 4630 3801 4682 Δέκιον

2242 4721 2479 4789 διωγμὸς
2508 4720 2768 4785 ὑπόθεσις
2792 4721 2948 4775 ἔσται
2975 4738 2990 4752 ·
3018 4723 3099 4777 ἔτι
3125 4725 3179 4778 δὲ
3218 4727 3246 4778 ό
3282 4729 3383 4794 τὴν
3419 4729 3606 4794 σοφίαν
3646 4722 3796 4781 πολὺς

2255 4812 2562 4882 Ὠριγὲνης,
2617 4815 2712 4865 καὶ
2761 4815 2794 4883 ἠ
2847 4816 2971 4868 κατ’
3031 4817 3195 4870 αὑτὸν
3251 4818 3499 4871 πολιτεία
3542 4818 3634 4869 καὶ
3683 4827 3800 4879 συγ·

2242 4907 2430 4975 γραφή
2459 4920 2475 4937 ⁶
2518 4904 2634 4957 ὃσοι
2667 4922 2727 4958 τε
2764 4906 2824 4959 ὲν
2881 4907 3092 4977 ἑσπέρᾳ
3127 4912 3221 4961 καὶ
3271 4910 3347 4977 ἕῳ
3399 4912 3507 4961 τῶν
3557 4901 3799 4971 θεοφιλῶν

2248 4996 2543 5069 μαρτύρων
2579 4999 2672 5051 τὸν
2710 4999 2852 5067 ὑπὲρ
2879 4998 3121 5069 Χριστοῦ
3178 5001 3369 5069 ἀγῶνα
3403 5000 3664 5068 γενναίως
3695 4984 3799 5060 διή-

2244 5105 2447 5156 νεγκαν
2473 5107 2487 5121 σ
2517 5090 2647 5158 περί
2674 5106 2731 5142 τε
2766 5091 3091 5160 Κυπριανοῦ
3125 5092 3216 5146 τοῦ
3248 5096 3473 5163 Ἄφρων
3498 5090 3798 5143 ἐπισκόπου.

2245 5184 2341 5237 καλ⁹
2372 5183 2465 5236 τοῦ
2495 5185 2594 5253 τῆς
2645 5183 3002 5254 Ἀλεξάνδρου
3050 5188 3330 5240 Διονυσίου
3361 5205 3373 5215 ο
3425 5186 3519 5237 καὶ
3554 5183 3673 5250 περὶ
3702 5178 3796 5230 τῶν

2245 5276 2305 5329 τὸ
2340 5277 2504 5340 σέϐας
2553 5277 2975 5347 ὲξομοσαμένων
3031 5278 3378 5350 Χριστιανῶν
3436 5281 3493 5333 ὲν
3530 5279 3639 5338 τοῖς
3673 5268 3797 5325 nati

552 5374 645 5442 qui
672 5373 724 5425 in
756 5345 1144 5442 persecutiOne
1168 5370 1465 5441 sub.Decio
1496 5375 1758 5442 pietatem
1787 5372 2129 5444 abiurnmul,

2247 5370 2434 5425 Δέκιον
2458 5345 2742 5441 διωγμοῖς.

556 5466 847 5519 historiam
883 5473 1054 5520 texet.

631 5558 835 5612 Sextus
878 5558 1338 5614 coaluiemorabit
1383 5558 1623 5614 haereses
1652 5558 1867 5620 varias,
1900 5573 2135 5627 quarum

562 5657 816 5701 auctores
856 5649 1008 5704 luere
1049 5650 1253 5721 impius
1299 5651 1506 5713 Manes,
1560 5650 1813 5719 impurus
1860 5651 2132 5713 Novatus,

564 5738 891 5803 Apollinaris
931 5753 983 5797 et
1006 5744 1398 5800 Samosatcnus
1416 5742 1642 5798 Paulus.
1665 5743 1946 5798 Descrihct
1970 5760 1985 5797 (
2007 5744 2133 5797 tiam

2329 5550 2389 5604 ὐ
2430 5550 2589 5614 ἕκτος
2612 5550 2681 5604 τὰ
2711 5548 2857 5605 κατὰ
2883 5550 2975 5605 τὶν
3002 5551 3237 5622 δυσσεϐῆ
3284 5553 3560 5613 Μάνεντα,
3595 5546 3684 5603 κτὶ
3715 5541 3798 5595 τὸν

2248 5644 2560 5716 ἀκάθαρτον
2627 5644 2901 5707 Ναυᾶτον,
2967 5643 3050 5697 ἔτι
3114 5647 3174 5699 δὲ
3241 5645 3663 5712 Ἀπολλινάριον,
3713 5632 3797 5686 καὶ

2246 5740 2339 5793 τὸν
2399 5738 2725 5806 Σαμοσατέα
2800 5737 3064 5801 διεξέλθοι
3125 5758 3216 5811 μοι
3264 5720 3506 5795 ῇαῦ).ον·
3548 5735 3637 5789 καὶ
3685 5727 3797 5791 περὶ
