4032 6442
350 343 452 410 6ὶό

1302 346 1917 409 ΕΟΕΙΕΞῙΛΞΤΙΟΑἘ
1964 348 2362 411 ΙΠΞΤΟΠΙᾸΞ
2400 353 2549 415 LIB.
2594 350 2641 413 Ι.

3516 345 3623 412 GM

351 455 444 510 τοῦ
490 451 900 524 Ἀλεξανδρείας
953 447 1108 513 αὖθις
1163 453 1483 507 Διονυσίου·
1539 456 1634 508 καὶ
1667 455 1782 509 ὅσοι
1820 455 1932 510 τῶν

2052 472 2123 510 ὀε
2150 457 2395 528 Dionysii
2427 459 2773 514 Alexandria:
2796 458 3066 529 episcopi.
3094 458 3161 516 Et
3183 458 3276 530 qui
3299 473 3621 530 magnarum

355 546 603 619 μεγάλων
659 547 914 615 πρόεδροι
965 545 1171 598 πόλεων
1215 545 1346 615 ἄχρι
1382 547 1478 598 καὶ
1535 547 1632 616 τῆς
1686 547 1797 599 τῶν
1833 548 1926 599 ὲκ-

351 638 587 709 κλησιῶν
675 637 989 705 τολιτρκίας
1058 636 1374 703 διέμεινανο
1443 637 1538 689 καὶ
1617 638 1744 706 περὶ
1818 636 1930 689 τῶν

350 730 600 801 τηνικάδε
658 730 1030 797 ἀκμασάντων
1104 728 1580 798 ἐκκλησιαστικῑω
1676 745 1927 798 συγγρα,

355 823 519 889 φέων,
560 822 652 874 καὶ
701 821 878 883 ἄλὶως
925 820 1017 873 ἐπὶ
1064 821 1229 891 σοφία
1276 820 1393 891 θείᾳ
1449 818 1792 892 περιϐοήτων
1835 821 1931 874 ἀν-

351 913 511 984 δρῶν.

429 1005 491 1057 ὐ
534 1003 766 1073 ἕϐδομος
803 1002 872 1057 τὰ
923 1004 1051 1073 περὶ
1110 1005 1208 1072 τῆς
1242 1004 1420 1073 ἔριδος
1460 1005 1567 1057 τῶν
1621 1004 1746 1058 καθ’
1779 1005 1930 1073 ἡμᾶς

353 1096 671 1166 διαλήψεται
708 1097 1029 1149 ἐπισκόπων
1055 1112 1069 1124 ·
1125 1098 1247 1150 ὃθεν
1282 1100 1378 1151 καὶ
1427 1099 1524 1166 τῆς
1559 1096 1710 1160 θείας
1741 1102 1931 1168 ,ἀμοιο

356 1192 617 1261 ρήσαντες
653 1190 877 1259 χάριτος
907 1190 1043 1259 πρὸς
1075 1191 1291 1261 καιρὸν,
1329 1190 1527 1253 δεινοῖς
1565 1191 1893 1261 περιέπεσον
1914 1206 1927 1222 ⁸

355 1284 432 1337 ἔτι
460 1284 516 1336 δὲ
553 1285 643 1336 κοιλ⁵
676 1285 802 1352 περὶ
826 1282 936 1335 τῶν
959 1282 1263 1351 ἀλιτηρίων
1292 1283 1579 1350 τυράννων
1610 1284 1932 1350 Διοκλητια-

356 1376 445 1428 νοῦ
481 1375 577 1428 καὶ
605 1373 978 1444 Μσξιμιανυῦ,
1014 1375 1319 1440 Μαξεντῖου
1369 1392 1428 1427 τε
1466 1376 1558 1428 x11
1596 1375 1928 1438 Μαξιαίνου,

350 1467 444 1520 καὶ
477 1468 744 1530 Λικινίου,
784 1467 883 1518 ὅσα
922 1467 1064 1519 κατὰ
1091 1466 1190 1533 τῆς
1239 1466 1481 1536 Χριστοῦ
1517 1466 1751 1534 ποίμνης
1801 1465 1931 1535 δρά-

353 1576 565 1625 σαντες,
591 1559 970 1627 διεφθάρησαν
993 1576 1005 1590 ·
1060 1559 1155 1611 καὶ
1186 1559 1261 1622 ὡς
1311 1562 1339 1613 ὀ
1399 1562 1571 1630 μέγας
1603 1558 1696 1611 καὶ
1740 1557 1931 1611 ίσαπό-

343 1650 539 1713 ιιςτολος
578 1653 1008 1715 Κωνσταντῖνος,
1056 1653 1265 1706 τούτων
1302 1653 1424 1723 θείᾳ
1482 1652 1778 1722 δυναστείᾳ
1836 1668 1931 1703 πε-

1617 653 1684 688 πε
1690 638 1744 706 pi.

355 1745 723 1816 ριγενόμενος,
792 1746 1016 1815 εἰρήνην
1080 1749 1200 1807 ταῖς
1257 1746 1577 1815 ἐκκλησίαις
1641 1745 1922 1813 παρέσχε,

353 1841 444 1892 καὶ
478 1837 697 1908 πρῶτος
726 1836 1071 1906 Χριστιανῶν
1100 1837 1359 1907 βασιλεὺς
1383 1839 1801 1908 ἀναγορευθεὶς,
1831 1837 1929 1908 τὴν

355 1932 642 2000 ἐπώνυμον
677 1931 825 2002 αὑτῷ
850 1932 1004 1983 πόλιν
1042 1932 1358 2000 περιφανῶς
1390 1932 1605 2002 ἁνιστᾷ.

431 2023 605 2077 me
637 2022 823 2092 ὃγδοον
869 2026 963 2076 καὶ
1010 2022 1171 2075 αὐτὸν
1200 2025 1226 2074 ὀ
1280 2023 1637 2086 ἰσαπόστολος
1688 2024 1931 2092 περιέξει

362 2133 451 2187 μοι
500 2116 931 2179 Κωνσταντῖνος,
982 2114 1076 2166 καὶ
1120 2113 1188 2166 τὰ
1226 2113 1311 2165 ἐπ’
1366 2114 1533 2166 αὐτοῦ
1566 2117 1684 2178 "cui;
1731 2116 1933 2184 ἐκκλη-

355 2208 497 2272 σίαις
529 2208 837 2278 συμϐάντα,
882 2209 949 2259 τά
976 2223 1035 2259 τε
1068 2204 1209 2259 κατὰ
1253 2207 1346 2259 τὴν
1381 2206 1618 2274 δυσσεϐῆ
1683 2210 1876 2277 Ἀρειο
1898 2229 1931 2270 ι,

355 2300 449 2351 καὶ
485 2298 584 2369 τὴν
624 2297 850 2368 πρώτην
915 2299 971 2349 ὲν
1026 2296 1235 2368 Νικαία
1294 2297 1551 2373 σύνοδον·
1614 2297 1709 2350 καὶ
1747 2296 1821 2360 ὡς
1864 2297 1933 2350 τὰ

353 2389 695 2463 Χριστιανῶν
725 2390 805 2454 είς
861 2389 1106 2443 ἐπίδοσιν
1132 2389 1272 2458 ἤχθη
1297 2405 1311 2420 ·
1352 2391 1447 2441 καὶ
1482 2391 1609 2459 περὶ
1669 2390 1769 2459 τῆς
1823 2391 1934 2443 τῶν

359 2482 612 2553 μοναχῶν
664 2482 964 2551 ἀγγελικῆς
1009 2480 1331 2546 πολιτείας,
1394 2480 1514 2533 ὅθεν
1563 2482 1788 2552 ἤρξατο,
1842 2484 1936 2536 καὶ

353 2578 505 2637 τίνας
535 2573 692 2643 ἔσχεν
724 2573 1002 2645 ἁρχηγούς
1028 2590 1042 2604 υ
1093 2574 1196 2625 ὅσα
1230 2589 1285 2624 τε
1327 2573 1431 2626 ύπό
1481 2573 1592 2626 τῶν
1635 2575 1935 2644 Ἀρειανῶν

353 2669 466 2730 τοῖς
496 2667 739 2720 εὐσεϐεῖν
772 2667 1069 2737 ᾑρημένοις
1105 2666 1382 2735 ἐπράχθη.
1422 2668 1512 2718 καὶ
1542 2665 1745 2731 μᾶλλον
1777 2665 1936 2717 Ἀθα-

357 2760 529 2831 νασίῳ
558 2761 635 2829 τῷ
673 2762 916 2830 μεγάλῳ,
948 2760 1043 2812 καὶ⁵
1070 2760 1198 2829 περὶ
1224 2758 1326 2828 τῆς
1381 2759 1659 2829 μακαρίας
1696 2760 1933 2827 Ἑλένης,

358 2858 454 2905 καί
478 2852 590 2904 τῶν
616 2852 821 2921 ταύτης
858 2849 1125 2918 θεοφιλῶν
1160 2850 1340 2918 ἔργων
1359 2867 1371 2880 ο
1398 2854 1493 2902 καὶ
1523 2850 1598 2912 ὼς
1631 2853 1773 2902 τέλει
1798 2867 1936 2919 χρη-

362 2946 574 3017 σαμένη
600 2946 694 2999 τοῦ
725 2946 864 3016 βίου,
891 2947 989 2997 σὺν
1018 2944 1095 3014 τῷ
1127 2944 1228 3013 υἱῷ
1250 2944 1648 3013 Κωνσταντίνῳ
1680 2946 1744 3011 τῇ
1788 2943 1936 2993 ἐπω-

357 3037 511 3109 νύμῳ
547 3039 709 3091 αὐτοῦ
740 3037 1111 3107 κὰτετέθησαν
1141 3034 1316 3088 πόλει.

447 3213 507 3269 ’0
528 3213 573 3270 δ’
608 3214 826 3278 ἔννατος
855 3212 924 3268 τὰ
946 3214 1040 3267 ἐπὶ
1069 3213 1177 3266 τῶν
1208 3212 1415 3265 παίδων
1447 3211 1798 3280 ἀφηγήσεται
1841 3209 1935 3263 τοῦ

365 3309 511 3380 ίεροῦ
548 3307 988 3371 Κωνσταντίνου,
1024 3306 1121 3359 καὶ
1167 3304 1373 3374 μᾶλλον
1401 3306 1469 3357 τὰ
1521 3304 1616 3355 ἐπὶ
1646 3304 1940 3355 Κωνσταν-

361 3403 478 3453 τίου
524 3402 639 3462 ταῖς
705 3398 1026 3467 ἐκκλησίαις
1080 3398 1451 3466 γεγενημένα,
1503 3395 1598 3448 καὶ
1655 3396 1762 3446 τῶν
1820 3393 1938 3445 τότε

363 3490 732 3558 ἀκμασάντων
797 3487 888 3539 ὲπί
947 3502 1006 3539 τε
1063 3489 1130 3556 τῇ
1189 3486 1324 3555 ὀρθῇ
1386 3487 1483 3539 καὶ
1527 3485 1941 3554 διεστραμμένη

364 3582 527 3652 δόξῃο
580 3581 728 3643 τίνες
781 3595 841 3632 τε
893 3580 944 3632 oi
994 3580 1062 3649 τῇ
1123 3580 1392 3648 μοναχικῇ
1461 3577 1764 3647 τηνικαῦτα
1824 3576 1941 3627 δια-

367 3674 596 3741 πρεπεῖς
652 3671 910 3742 πολιτείᾳ
954 3671 1058 3723 ἀνά
1112 3686 1173 3722 τε
1223 3667 1588 3732 Παλαιστίνην
1645 3669 1737 3718 καὶ
1774 3667 1942 3730 Αἰ·,υ-

291 3756 303 3769 ’
365 3778 536 3818 πτον⁹
598 3765 856 3834 καὶπερὶ
908 3762 1184 3833 διαφόρων
1232 3759 1468 3814 συνόδων
1523 3760 1620 3811 καὶ
1670 3757 1941 3810 ἐκθέσεων

365 3859 623 3921 πίστεως.

453 3953 577 4004 Ἐπὶ
605 3949 815 4013 τούτοις
841 3951 868 4002 ὀ
898 3948 1132 4012 δέκατος
1161 3944 1229 4000 τὰ
1255 3945 1399 4000 κατὰ
1425 3942 1516 3999 τόν
1548 3943 1782 4012 θεομισῆ
1824 3942 1939 3995 δια-

368 4046 600 4116 λήψεται
636 4041 945 4108 ἰουλιανδν,
1002 4040 1077 4102 ὠς
1123 4039 1201 4101 είς
1253 4037 1347 4090 τὸν
1410 4034 1770 4105 Ἑλληνισμὸν
1805 4030 1984 4085 ἀπο-ι’

371 4139 561 4202 κλίνας
590 4137 656 4189 ὲκ
690 4136 789 4204 τῆς
823 4133 993 4203 ὀρθῆς
1025 4132 1287 4197 πίστεως,
1347 4128 1612 4189 ποικίλως
1668 4126 1760 4179 τὸν
1821 4123 1944 4178 καθ’

365 4232 529 4301 ἡμῶν
581 4228 903 4301 ἀνερῤίπισε
959 4224 1236 4294 διωγμόν’
1293 4221 1514 4284 καλὼς
1560 4215 1830 4272 εἰσϐαλὼν
1877 4216 1944 4287 τῇ

368 4324 614 4395 Περσίδι,
650 4323 837 4383 κακῶς
858 4318 1151 4389 διεφθάρη.
1188 4315 1278 4370 Ἐν
1306 4316 1466 4385 μέρει
1496 4313 1553 4365 δὲ
1594 4312 1690 4364 καὶ
1715 4311 1781 4363 τὰ
1804 4309 1949 4363 κατὰ

368 4418 462 4471 τὸν
523 4416 919 4469 εὐσεϐέστατον
1001 4411 1262 4464 Ἰοϐιανδν
1317 4406 1590 4479 περιέξει,
1646 4404 1795 4465 ὅπως
1843 4402 1947 4471 τῆς

2040 550 2260 603 urbium
2291 567 2465 620 usque
2494 551 2559 605 ad
2594 551 2966 606 Ecclesiarum
2997 554 3464 622 Oppugnationem
3498 566 3624 621 per-

2036 644 2343 698 manserint
2361 644 2629 712 episcopi.
2650 644 2922 699 Ostendet
2945 661 3187 713 quoque,
3216 646 3310 713 qui
3346 655 3459 699 tum
3487 654 3626 699 tem-

2038 735 2186 803 pcris
2233 736 2592 791 ecclesiastici
2650 737 2969 805 scriptores,
3017 746 3071 792 et
3126 737 3286 793 aliter
3337 738 3391 792 in
3440 739 3626 793 divina

2036 825 2307 894 sapientia
2339 828 2472 882 clari
2499 829 2604 882 viri
2635 828 2950 884 ﬂoruerint.

2109 1009 2389 1081 Septimus
2417 1012 2830 1067 contentionem
2857 1023 2913 1068 et
2936 1014 3082 1069 rixas
3108 1024 3426 1069 nostrorum
3453 1030 3625 1083 expe-

2037 1103 2152 1156 diet
2206 1103 2622 1172 episcoporum,
2668 1105 2814 1158 unde
2861 1105 2938 1159 illi
2989 1122 3017 1159 a
3062 1107 3246 1159 divina
3301 1108 3366 1161 ad
3408 1116 3627 1173 tempus

2038 1196 2360 1250 rxcidentes
2393 1197 2570 1266 gratia
2599 1237 2610 1259 ,
2661 1196 2716 1249 in
2755 1212 2947 1266 magna
2993 1197 3315 1251 inciderunt
3348 1196 3622 1265 pericula.

2035 1288 2242 1343 Deinde
2267 1286 2334 1339 de
2361 1285 2678 1340 exitialibus
2706 1287 2973 1355 tyrannis.
3007 1285 3353 1340 Diocletiano
3377 1299 3431 1340 et
3457 1287 3629 1339 Maxi-

2038 1382 2246 1443 miano,
2295 1377 2572 1431 Maxentio
2621 1388 2675 1431 et
2710 1376 3029 1441 Maximino,
3081 1385 3136 1430 et
3180 1377 3419 1443 Licinio,
3461 1393 3626 1445 quam

2038 1472 2338 1527 crudeliter
2372 1472 2447 1525 illi
2491 1471 2545 1524 in
2581 1486 2805 1541 gregem
2838 1470 3049 1525 Christi
3083 1470 3385 1535 saevierint,
3422 1480 3626 1523 tracta~

2035 1564 2140 1620 bit.
2181 1564 2494 1628 Postremo,
2528 1562 2809 1630 quomodo
2854 1576 3088 1631 magnus
3117 1571 3172 1613 et
3198 1562 3464 1629 apostolis
3495 1561 3628 1629 ipsis

2038 1674 2139 1729 par
2164 1656 2580 1711 Constantinus.
2625 1655 2810 1708 divina
2848 1670 2953 1724 ope
2987 1655 3057 1707 ab
3097 1654 3167 1708 iis
3197 1655 3488 1707 victoriam
3536 1670 3627 1709 re-

2040 1758 2290 1816 portans.
2340 1762 2530 1817 pacem
2588 1747 2852 1800 Ecelesiis
2899 1745 3236 1807 conciliarit,
3304 1756 3361 1799 et
3410 1745 3627 1814 primus

2035 1842 2477 1895 Christianorum
2506 1840 2810 1909 imperator
2834 1849 3079 1904 creatus,
3106 1838 3400 1908 magniﬁce
3424 1854 3629 1909 cogno-

2034 1935 2240 1991 minem
2277 1935 2380 1988 sibi
2422 1935 2615 1987 urbem
2652 1933 3047 1986 construxerit.

2107 2026 2375 2081 Octavum
2414 2035 2621 2078 tomum
2656 2024 2762 2078 sibi
2795 2022 3101 2077 vindicabit
3135 2022 3281 2077 idem
3318 2021 3434 2091 ipse
3487 2035 3625 2091 apo-

2036 2120 2192 2174 stolis
2228 2134 2336 2171 non
2390 2118 2624 2171 inferior
2669 2115 3068 2171 Constantinus
3108 2132 3120 2165 :
3158 2123 3216 2168 et
3263 2130 3355 2168 res
3384 2098 3508 2183 quae
3551 2129 3622 2169 eo

2038 2212 2346 2280 imperante
2396 2211 2646 2265 ccclesiis
2698 2209 3043 2263 acciderunt.
3101 2207 3210 2261 Res
3288 2207 3419 2261 item
3471 2206 3626 2276 impii

2035 2304 2152 2357 Arii
2189 2323 2200 2356 :
2232 2311 2290 2374 et
2327 2306 2559 2370 primam
2610 2317 2730 2371 quae
2773 2300 2966 2354 Nicaea!
2998 2308 3085 2352 est
3147 2299 3422 2353 celebrata
3463 2314 3626 2367 syno-

2038 2393 2195 2448 dum.
2232 2393 2299 2447 Et
2329 2392 2797 2462 quemadmodum
2832 2406 2922 2445 res
2952 2384 3283 2443 Christianae
3315 2390 3626 2442 incremen-

2041 2498 2155 2543 tum
2190 2497 2463 2556 cepermt.
2500 2487 2634 2541 Item
2665 2485 2732 2539 de
2774 2484 3018 2554 angelica
3056 2484 3457 2537 monachorum
3492 2482 3625 2543 vita,

2042 2581 2187 2634 unde
2211 2581 2430 2634 initium
2458 2580 2778 2647 sumpserit,
2809 2588 2866 2633 et
2895 2592 3035 2646 quos
3060 2577 3318 2630 habuerit
3346 2585 3626 2629 auctores.

2040 2670 2171 2726 item
2203 2688 2322 2735 quae
2349 2670 2536 2725 Ariani
2572 2679 2765 2724 contra
2801 2685 2944 2723 vera:
2970 2669 3191 2737 pietatis
3223 2676 3547 2729 sectatores,
3574 2674 3632 2720 et

2042 2763 2275 2817 maxime
2314 2764 2581 2816 adversus
2618 2776 2874 2830 magnum
2907 2760 3270 2830 Athanasium
3306 2759 3417 2830 40
3453 2757 3629 2812 moliti

2041 2859 2151 2911 sint
2183 2869 2232 2911 et
2267 2857 2519 2910 fecerint.
2555 2856 2827 2909 Prteterea
2862 2854 2930 2908 de
2976 2824 3137 2907 beata
3172 2853 3398 2915 Helena,
3428 2862 3484 2906 et
3526 2850 3632 2920 piis

2040 2951 2288 3021 ejusdem
2321 2951 2544 3018 Deoque
2573 2951 2745 3017 gratis
2775 2947 3037 3015 operibus
3075 2964 3088 2998 :
3122 2954 3176 2998 et
3207 2955 3265 2997 ttt
3300 2943 3454 2997 ῆηιιιι
3495 2939 3656 3007 vita,’

2043 3059 2152 3097 una
2181 3058 2304 3096 cum
2350 3042 2462 3095 tilio
2509 3040 2900 3098 Constantino.
2936 3039 2990 3091 in
3033 3037 3363 3107 cognomine
3406 3038 3456 3091 ei
3496 3039 3630 3091 urbe

1970 3156 2012 3211 ς
2045 3138 2118 3189 sit
2151 3134 2387 3202 svpulta,
2428 3135 2573 3186 idem
2616 3131 2886 3185 narrabit.

2119 3224 2310 3278 Nonus
2352 3240 2441 3278 res
2489 3224 2729 3277 ﬁliorum
2783 3221 3122 3277 sacrosancti
3168 3218 3535 3283 Constantini,
3577 3229 3630 3273 et

2048 3316 2102 3370 in
2138 3317 2330 3386 primis
2358 3332 2420 3369 ea
2464 3332 2589 3385 qua:
2620 3316 2874 3369 ecclesiis
2914 3315 3017 3369 sub
3066 3313 3391 3367 Constantio
3425 3327 3630 3365 evene-

2048 3419 2202 3470 runt,
2244 3415 2632 3477 persequetur.
2669 3406 2802 3459 Item
2842 3405 2937 3473 qui
2987 3405 3091 3456 viri
3131 3413 3245 3456 tum
3289 3413 3344 3457 et
3392 3404 3446 3456 in
3484 3414 3633 3457 recta

2048 3512 2099 3552 et
2139 3500 2192 3553 in
2225 3515 2482 3568 perversa
2516 3500 2771 3551 doctrina
2803 3497 3062 3550 ﬂorentes
3103 3495 3328 3548 fuerint.
3364 3494 3499 3547 Item
3534 3495 3631 3563 qui

2047 3606 2114 3645 eo
2145 3604 2391 3659 tempore
2421 3588 2725 3642 monastica
2752 3589 2860 3640 vita
2891 3603 2989 3654 per
3020 3586 3361 3638 Palaestinam
3387 3594 3444 3637 et
3469 3584 3635 3654 Aigy-

2049 3693 2202 3752 ptum
2233 3682 2620 3736 excelluerint.
2656 3680 2789 3734 Item
2815 3680 2883 3733 de
2914 3680 3150 3732 diversis
3181 3676 3409 3748 synodis
3450 3686 3507 3730 et
3538 3692 3635 3729 va-

2050 3775 2148 3828 riis
2195 3774 2562 3843 professionis
2606 3771 2735 3826 ﬁdei
2789 3769 3235 3841 expositionibus
3278 3776 3335 3823 et
3378 3768 3634 3822 iormubs

2053 3867 2335 3922 tractabit.

2124 3956 2384 4013 Decimus
2419 3973 2585 4027 porro
2617 3958 3018 4024 complectetur
3060 3968 3151 4008 res
3186 3952 3297 4008 Deo
3328 3950 3491 4006 invisi
3534 3948 3634 4006 Ju~

2052 4050 2208 4115 liani,
2246 4060 2305 4105 ut
2329 4050 2421 4105 ille
2456 4066 2486 4103 a
2519 4061 2672 4104 recta
2702 4050 2904 4118 pietate
2935 4048 3275 4111 desciscens,
3311 4056 3366 4100 et
3390 4046 3455 4099 ad
3484 4044 3635 4099 Gneo

2053 4160 2245 4199 eorum
2279 4144 2650 4198 idololatriatu
2676 4144 2961 4198 deﬁciens.
2991 4140 3159 4193 variis
3188 4138 3428 4192 subinde
3457 4139 3636 4192 modis

2057 4237 2495 4305 persecutionem
2541 4230 2733 4289 contra
2772 4249 2873 4286 nos
2903 4232 3218 4294 concitarit,
3289 4241 3345 4283 et
3396 4239 3454 4281 ut
3487 4229 3636 4284 bello

2057 4327 2241 4383 Persis
2288 4326 2463 4390 illato,
2514 4325 2692 4378 malus
2740 4324 2882 4377 male
2937 4323 3180 4391 perierit.
3235 4320 3430 4388 Aliqua
3468 4319 3635 4372 etiam

2060 4418 2105 4471 is
2135 4429 2316 4471 tomus
2348 4432 2415 4470 ex
2451 4424 2609 4485 parte
2643 4430 2731 4469 res
2767 4414 3005 4484 piissimi
3039 4412 3387 4482 imperatoris
3420 4410 3636 4465 Joviani

368 4507 538 4577 ὀρθῆς
596 4504 758 4576 δόξης
803 4501 1070 4573 γενναίως
1129 4498 1273 4569 μάλα
1323 4493 1784 4564 ὑπεριστὰμενος,
1841 4490 1940 4543 ἀπ-

2054 4511 2536 4582 comprehendet,
2592 4510 2873 4579 quomodo
2930 4508 3147 4561 scilicet
3201 4521 3400 4575 magno
3450 4507 3638 4562 animo

372 4604 529 4655 εϐίω.
1496 4634 1503 4640 -

457 4695 515 4749 Ὀ
551 4693 609 4747 δὲ
644 4692 783 4763 μετὰ
824 4686 1019 4744 τοῦτον
1075 4685 1361 4745 ἑνδέκατος
1390 4679 1657 4745 διεξέλθοι
1685 4678 1949 4746 ἀρίστως,

373 4788 475 4840 ὅσα
506 4787 597 4838 ἐπὶ
626 4777 1082 4837 Οὐαλεντινιανοῦ
1134 4779 1233 4831 καὶ
1257 4772 1350 4827 τοῦ
1385 4771 1680 4830 δυσσεϐοῦς
1716 4768 1953 4823 Οὐαλεν-

374 4899 468 4943 τος
491 4883 605 4941 ταῖ,
643 4877 966 4943 ἐκκλησίαις
998 4869 1325 4940 ἐπισυνέϐη*
1375 4868 1507 4938 περί
1564 4883 1624 4918 τε
1677 4864 1786 4917 τῶν
1831 4860 1952 4916 καθ’

375 4976 520 5041 ἡμᾶς
559 4971 811 5043 μεγάλων
840 4969 940 5037 τῆς
984 4965 1316 5034 Ἐκκλησίας
1347 4962 1680 5029 φωστήρων,
1711 4957 1808 5009 καὶ
1843 4954 1953 5007 τῶν

376 5071 454 5129 εἰς
479 5065 773 5118 ἀντίπαλον
795 5061 1027 5122 ἐκείνοις
1061 5056 1454 5110 καταστάντων
1491 5054 1716 5121 μοῖραν·
1749 5049 1847 5101 καὶ
1880 5047 1956 5110 ὡς

379 5157 449 5208 τὰ
480 5154 574 5208 τού
635 5149 930 5223 μοννχικοῦ
974 5151 1054 5211 είς
1107 5147 1250 5216 μέγα
1300 5143 1596 5196 ἐπιδέδωκε
1629 5140 1910 5209 σχήματος
1938 5155 1951 5170 ο

381 5249 523 5299 πόσα
551 5263 611 5298 τε
640 5244 750 5297 τῶν
776 5241 946 5296 ἐθνῶν
972 5242 1062 5292 τὸν
1092 5236 1530 5309 Χριστιανισμδν
1551 5232 1949 5301 παρεδέξαντο⁹

376 5340 470 5392 καὶ
507 5339 581 5400 ὡς
616 5334 885 5405 διεφθάρη
913 5332 1151 5402 Οὐάλης,
1180 5331 1352 5400 πυρὸς
1381 5328 1674 5398 γενόμενος
1698 5325 1954 5393 παρανὰο

379 5433 453 5481 λω
460 5446 535 5499 μα
544 5470 557 5484 .

451 5524 494 5575 Τ
498 5522 542 5592 ᾠ
567 5520 861 5590 δωδεκάτῳ
892 5521 1099 5572 ὲσεῖται
1155 5513 1502 5585 διηγουμένῳ
1535 5510 1605 5565 τὰ
1630 5511 1775 5566 κατὰ
1815 5510 1960 5580 Γραο

380 5615 565 5668 τιανδν
605 5618 699 5667 καὶ
727 5610 1119 5667 Οὑαλεντιανὸν
1165 5610 1258 5661 τὸν
1295 5609 1436 5667 νέον,
1477 5608 1573 5660 καὶ
1632 5607 1725 5658 τὸν
1787 5604 1847 5669 ἐξ
1895 5605 1959 5655 Ί-

386 5706 621 5770 σπανίας
667 5706 926 5776 μέγιστον
972 5700 1273 5765 Θεοδόσιον,
1335 5701 1436 5768 τήν
1464 5715 1522 5750 τε
1569 5700 1958 5767 οἱκουμενικὴν

385 5802 482 5853 καὶ
505 5799 770 5870 δευτέραν
805 5798 967 5865 ἁγίαν
1025 5792 1242 5848 σύνοδον
1268 5806 1280 5819 ·
1328 5792 1422 5843 καὶ
1480 5789 1555 5852 ὡς
1591 5790 1684 5841 ἐπὶ
1716 5789 1779 5841 τὸ
1838 5791 1958 5858 μεῖ-

2051 4614 2256 4659 rectam
2286 4602 2593 4657 doctrinam
2627 4614 2961 4671 propagatis,
2994 4598 3163 4651 vitam
3192 4599 3418 4651 linierit.

2125 4697 2300 4751 Porro
2340 4697 2432 4764 qui
2471 4695 2618 4747 hunc
2654 4700 3032 4756 censequetur
3077 4690 3403 4744 undecimus
3437 4698 3639 4754 tomus.

2054 4789 2273 4858 copiose
2309 4786 2618 4845 testabitur,
2654 4801 2777 4854 qute
2809 4784 3073 4838 Ecclesia:
3104 4783 3207 4836 sub
3242 4781 3634 4837 Valentiniano

2054 4893 2111 4939 et
2135 4880 2301 4950 impio
2326 4880 2544 4934 valente
2573 4877 2922 4947 pertulerint.
2954 4876 3087 4929 Item
3115 4875 3184 4929 de
3210 4878 3422 4944 magnis
3452 4873 3643 4928 Eccle-

2055 4977 2148 5029 sie
2212 4973 2532 5027 orthodoxa:
2588 4970 2981 5030 luminaribus,
3034 4978 3087 5022 et
3141 4967 3235 5037 qui
3292 4983 3360 5020 ex
3409 4968 3643 5021 adverso

2055 5064 2263 5119 eisdem
2319 5061 2636 5116 exstiterint
2684 5068 3126 5129 oppugnatores,
3174 5058 3450 5112 ostendet.
3500 5058 3643 5111 Prie-

2059 5166 2211 5210 terea
2246 5165 2305 5208 ut
2345 5153 2481 5207 ordo
2512 5153 2857 5205 tuonasticus
2894 5150 2951 5204 in
3003 5156 3334 5203 immensum
3380 5158 3641 5201 ετετειηι.

2059 5246 2192 5299 item
2259 5261 2381 5313 quae
2440 5252 2633 5313 gentes
2681 5241 3175 5297 Christianismum
3248 5242 3641 5309 susceperint;

2058 5346 2363 5408 p‘ostremo,
2388 5346 2448 5392 ut
2478 5335 2682 5391 Valens
2715 5335 2977 5392 incendio
3011 5332 3260 5406 perierit.

2134 5512 2470 5567 Duodecimo
2499 5519 2648 5564 tomo
2675 5509 3065 5564 describentur
3094 5504 3340 5562 Gratiani
3367 5513 3423 5557 et
3453 5501 3647 5556 Valen-

2062 5605 2257 5659 tiniani
2297 5603 2558 5671 junioris,
2600 5609 2659 5654 et
2709 5616 2775 5655 ex
2830 5599 3092 5668 Hispania
3146 5595 3365 5650 oriundi
3425 5592 3646 5647 Maxuni

2062 5695 2358 5750 Theodosii
2392 5709 2503 5749 res.
2534 5694 2666 5748 Item
2700 5690 3006 5747 secundum
3040 5687 3357 5743 universale
3392 5696 3648 5739 sanctum

2063 5790 2362 5844 concilium
2413 5804 2427 5843 :
2471 5797 2527 5842 ct
2567 5796 2626 5840 ut
2676 5785 2851 5855 pietas
2893 5781 3209 5837 Christiana
3254 5781 3308 5834 in
3351 5778 3525 5849 majus
3573 5775 3649 5832 sit
