4032 6390
319 430 421 495 6.7

1269 423 1883 485 ECCLESIASTlC.E
1921 422 2305 482 HISTORI.‘E
2351 422 2493 482 LIB.
2538 423 2586 481 Ι.

3474 427 3580 490 CIR

418 536 526 609 [‘2
558 532 926 589 Postcriorum
951 534 1183 605 quin,tu
1224 541 1491 587 tantorum
1535 541 1848 602 argumenta
1878 530 2015 584 alius
2054 534 2283 585 auctoris
2336 548 2443 586 esse
2490 533 2745 587 videntur.
2774 534 2875 600 Qui
2901 538 3027 589 torni
3070 538 3122 590 in
3179 532 3269 592 ho}:
3321 557 3474 609 opm;

1750 617 1855 654 non
1907 612 2135 656 exstant.

403 704 463 756 '0
496 701 540 755 δ’
574 698 1060 760 ἐννεακαιδέκατος
1097 695 1261 750 αὐτόν
1291 713 1352 749 τε
1391 694 1738 764 Ἡράκλειον,
1770 694 1897 757 τούς
1931 705 1971 759 Α

321 816 377 851 τε
422 794 619 857 παῖδας
652 793 750 846 καὶ
800 791 1062 861 ὲγγόνους
1113 788 1281 842 αὐτοῦ
1330 788 1530 849 καὶτὰ
1570 788 1662 840 ἐπ’
1713 786 1899 849 αὐτοῖς

326 888 592 956 γενόμενα
639 882 920 954 περιέξει’
955 883 1024 937 τά
1075 897 1133 934 τε
1192 881 1291 951 τῆς
1353 880 1583 951 Περσῶν
1624 878 1898 946 κινήσεως

327 979 446 1034 καθ’
479 977 657 1050 ἡμῶν,
690 976 783 1030 τοῦ
816 993 875 1029 τε
906 975 1210 1029 ἁκαθίστου
1244 972 1483 1043 ’Υμνου,
1538 972 1631 1024 καὶ
1658 970 1759 1037 τῆς
1803 968 1900 1021 Ἰε-

328 1071 642 1142 ροσολύμων
676 1067 933 1131 ἁλώσεως
961 1083 977 1099 °
1021 1068 1116 1119 καὶ
1138 1065 1214 1127 ὡς
1244 1067 1272 1117 6
1305 1064 1552 1132 μυσαρὸς
1585 1062 1901 1133 τηνικαῦτα

331 1164 572 1233 ἀνεφάνη
597 1161 842 1231 Μωάμεθ
863 1176 878 1191 ο
916 1161 1000 1213 ἔτι
1034 1158 1091 1212 δὲ
1116 1156 1214 1211 καὶ
1245 1157 1313 1211 τὰ
1344 1157 1471 1225 περὶ
1502 1157 1601 1227 τῆς
1635 1155 1901 1226 αἱρέσεως

332 1255 436 1309 τῶν
488 1253 909 1324 Μονοθελητῶν,
960 1252 1055 1305 καὶ
1097 1250 1209 1304 τῶν
1248 1250 1336 1301 ἐπ’
1388 1249 1526 1319 αὐτῇ
1569 1248 1900 1317 γενομένων,

333 1350 559 1420 Σεργίου
611 1367 670 1402 τε
721 1348 818 1401 καὶ
857 1346 1099 1416 Πύρῤου,
1159 1344 1376 1399 ῐιιύλου
1415 1359 1474 1394 τε
1539 1343 1633 1395 καί
1666 1341 1899 1411 Πέτρου,

329 1444 585 1512 Μαξίμου
640 1457 700 1494 τε
755 1441 849 1492 τοῦ
903 1438 1052 1491 θείου
1086 1438 1185 1491 καὶ
1243 1433 1621 1504 ὁμολογητοῦ’
1680 1432 1810 1501 περί
1842 1449 1902 1484 τε

327 1537 425 1605 τῆς
464 1533 725 1595 εὐσεϐοῦς
772 1531 1053 1598 βασιλείας
1097 1526 1511 1585 Κωνσταντίνου
1569 1523 1664 1577 τοῦ
1700 1526 1904 1592 Πωγω-

329 1630 488 1682 νάτου
515 1642 527 1657 ·
564 1628 656 1677 καὶ
691 1625 760 1676 τὰ
796 1625 938 1678 κατὰ
967 1624 1065 1693 τὴν
1101 1624 1264 1689 ἁγίαν
1300 1622 1468 1688 ἕκτην
1504 1620 1602 1671 καὶ
1649 1620 1905 1686 οἰκουμεη

331 1719 486 1786 νικὴν
538 1716 778 1775 σύνοδον,
836 1719 932 1766 καὶ
994 1714 1063 1765 τὰ
1118 1716 1175 1765 ὲν
1227 1712 1365 1781 αὐτῇ
1418 1708 1764 1779 πραχθέντα,
1808 1707 1905 1760 καὶ

337 1809 451 1878 μετ’
506 1807 696 1876 αὐτὴν,
756 1808 849 1858 ἐπὶ
913 1803 1299 1857 ’Ῑουστινιανοῦ
1359 1801 1453 1855 τοῦ
1519 1802 1901 1869 Ῥινοτμήτου,

337 1900 574 1956 καὶτῶν
623 1898 863 1964 καθεξῆς
915 1897 1209 1967 βασιλέων,
1278 1895 1408 1964 ἄχρι
1454 1893 1519 1964 δὴ
1584 1894 1679 1945 καὶ
1733 1892 1903 1958 αὐτῆς

336 1992 458 2061 ὅλης
489 1991 663 2060 ἀρχῆς
693 1987 1052 2042 Ἀναστασίου
1085 1985 1178 2040 τοῦ
1210 1987 1441 2050 Δικόρου
1474 1985 1573 2036 καὶ
1617 1982 1902 2036 Θεοδοσίου

332 2081 425 2134 τοῦ
476 2077 890 2149 Ἀτραμυτηνοῦ
924 2079 1032 2130 τῶν
1066 2076 1506 2145 αὐτοκρατόρων.
1857 2129 1863 2135 ,

406 2171 476 2223 Ἠ
517 2174 702 2239 μέντοι
768 2170 1001 2237 περιοχὴ
1054 2165 1151 2218 τοῦ
1221 2163 1471 2218 εἰκοστοῦ
1533 2163 1702 2233 τόμου
1753 2163 1909 2215 ἔσται

336 2269 485 2320 Λέων
508 2265 697 2333 Κόνων
731 2265 758 2315 6
786 2263 1041 2330 ἰσαυρος
1092 2259 1189 2311 καὶ
1230 2257 1602 2326 Εἰκονομάχος
1629 2272 1642 2287 ·
1675 2255 1798 2308 ὅθεν
1848 2271 1908 2306 τε

336 2361 364 2422 ἡ
398 2356 508 2408 τῶν
534 2354 930 2422 Εἰκονομιάχων
980 2350 1198 2419 αἵρεσις
1228 2346 1440 2417 ἁνεφύη
1468 2361 1484 2378 ⁸
1521 2346 1661 2416 πρὸς
1709 2346 1766 2398 δὲ
1820 2345 1911 2397 καὶ

336 2453 363 2502 6
391 2446 764 2515 Κοπρώνυμος
793 2443 1228 2504 Κωνσταντῖνος,
1260 2443 1352 2492 καὶ
1403 2441 1471 2492 τὰ
1522 2439 1592 2491 δι’
1627 2437 1792 2490 αὑτοῦ
1821 2454 1914 2504 γε-

342 2540 621 2610 γενημένα
659 2537 867 2599 ἀθέως’
894 2537 951 2587 ἐν
993 2533 1174 2603 ται)τῷ
1208 2532 1265 2585 δὲ
1308 2532 1402 2584 καὶ
1460 2529 1770 2600 1“ερμανοῦ,
1819 2530 1914 2581 καὶ

339 2630 431 2683 τοῦ
458 2627 814 2699 Δαμασκόθεν
885 2626 1162 2689 Ἰωάννου,
1197 2622 1475 2691 Στεφάνου
1510 2639 1567 2673 τε
1629 2619 1725 2673 τοῦ
1770 2621 1913 2683 νέου;

341 2724 571 2777 καὶτῶν
608 2721 814 2773 λοιπῶν
845 2718 1119 2788 θεομισῶν
1159 2716 1324 2769 αὐτοῦ
1371 2714 1576 2785 ἔργων,
1640 2704 1917 2781 μεμνήσε-

342 2834 462 2871 ταισ
506 2817 602 2869 καὶ
630 2815 704 2878 ὡς
744 2813 1018 2882 διεφθάρη
1055 2810 1217 2873 αὑτός
1243 2825 1302 2862 τε
1341 2810 1437 2860 καὶ
1466 2808 1493 2858 ό
1537 2807 1666 2867 παῖς
1702 2802 1857 2856 Λέων
1891 2804 1918 2855 6

342 2919 406 2970 ἐκ
452 2918 550 2985 τῆς
603 2904 883 2982 Χαζάραςί
924 2911 1023 2979 τὴν
1089 2904 1412 2972 ἐπωνυμίαν
1463 2902 1917 2971 κεκληρωμένος.

344 3011 465 3062 Ἔτι
494 3002 922 3074 συνδιαλήψεται
988 3001 1082 3051 καὶ
1115 3000 1183 3050 τὰ
1219 2996 1348 3060 περὶ
1384 2994 1483 3062 τῆς
1520 2992 1780 3053 εὐσεϐοῦς
1827 2991 1922 3060 βα·-

349 3100 550 3162 σιλείας
591 3093 1011 3151 Κωνστο.ντίνου
1048 3090 1143 3143 καὶ
1197 3089 1474 3159 Εἰρήνης·
1528 3092 1625 3138 καὶ
1675 3084 1746 3137 τὰ
1781 3082 1923 3136 κατὰ

343 3199 444 3262 τὴν
466 3192 630 3259 ἁγίαν
679 3186 917 3256 ἑϐδόμην
944 3184 1042 3237 καὶ
1069 3184 1219 3235 οἰκον
1228 3180 1456 3250 μενικὴν
1500 3176 1728 3230 σύνοδον
1757 3193 1770 3206 ·
1828 3174 1926 3228 καὶ

345 3286 442 3355 τῆς
473 3282 581 3336 τῶν
641 3279 814 3347 ἁγίων
854 3275 1079 3329 εἰκόνων
1111 3274 1313 3343 τιμῆς·
1359 3272 1497 3339 πρὸς
1553 3270 1610 3321 δὲ
1645 3269 1922 3340 Ταρασίου

1935 2039 1983 2098 Β

2076 696 2134 749 1η
2178 696 2397 750 decimo
2442 710 2591 749 nono
2634 704 2781 749 tomo
2813 707 3005 767 agetur
3052 698 3117 753 «lc
3152 700 3271 766 ipso
3304 702 3580 761 Heraclio.

2003 786 2307 856 liberisque
2329 797 2385 841 et
2406 787 2696 854 nepotibus
2721 789 2861 858 ejus,
2887 797 2942 843 et
2970 789 3138 845 rebus
3160 792 3265 847 sub
3288 792 3371 849 eis
3390 800 3575 865 gestis.

2001 876 2211 947 Agetur
2238 887 2505 945 praeterea
2530 878 2598 932 de
2627 878 2914 933 Persarum
2945 880 3211 936 adversus
3241 881 3588 941 Christianus
3620 922 3623 927 -

2006 977 2180 1026 motu.
2232 970 2365 1024 Item
2406 970 2476 1024 de
2517 981 2875 1026 sacrosancto
2907 972 3133 1044 hymno.
3183 984 3238 1030 et
3269 977 3587 1048 Hierosoly-

2004 1077 2221 1117 morum
2269 1063 2636 1143 eaptivitate._
2668 1063 2735 1117 Et
2773 1073 2834 1120 ut
2865 1067 3223 1128 exsecrabilis
3276 1079 3331 1125 et
3374 1071 3587 1127 abomi-

2005 1158 2222 1212 nandus
2249 1174 2313 1213 ea
2348 1166 2507 1213 actate
2542 1158 2930 1216 Malmmethus
2959 1172 3185 1218 coortus
3216 1163 3307 1221 sit.
3352 1167 3483 1223 ltcm
3518 1170 3587 1223 de

2006 1251 2202 1307 haeresi
2238 1252 2743 1319 Mauothelitarum,
2791 1265 2847 1310 et
2889 1257 2983 1326 qui
3017 1271 3138 1312 eam
3190 1261 3382 1315 sectati
3433 1272 3586 1330 sunt,

2009 1343 2226 1413 Sergio,
2266 1342 2500 1411 Pyrrho,
2534 1344 2704 1399 Paulo
2733 1356 2789 1399 et
2827 1347 3028 1411 Petro;
3070 1348 3200 1404 item
3234 1351 3301 1405 de
3332 1343 3589 1416 Maximo.

2003 1437 2194 1491 divino
2218 1436 2535 1491 confessore
2560 1455 2574 1502 ;
2615 1438 2746 1491 item
2769 1438 2834 1492 de
2857 1439 2949 1508 pio
2979 1440 3211 1511 imperio
3241 1442 3591 1500 Constantini

2006 1529 2272 1600 Pogonati
2313 1529 2431 1584 sive
2474 1528 2695 1584 Barbati
2718 1547 2750 1597 ς.
2782 1530 2911 1585 item
2946 1534 3014 1587 tle
3058 1543 3250 1590 sancto
3280 1545 3437 1591 sexto
3472 1536 3596 1592 uni-

2007 1623 2210 1677 versali
2250 1623 2514 1687 cencilio,
2548 1622 2834 1694 rebusque
2870 1624 2927 1679 in
2963 1641 3030 1681 eo
3061 1636 3118 1682 ct
3152 1636 3277 1697 post
3313 1627 3371 1684 id
3402 1629 3593 1700 gestis,

2003 1727 2258 1784 tempore
2306 1713 2608 1770 Iustiniani
2656 1716 3022 1782 Bhittotmeti,
3071 1716 3631 1778 et'suecedentium‘

2007 1807 2433 1877 imperatorum,
2464 1823 2641 1877 usque
2672 1808 2739 1863 ad
2770 1810 3047 1880 integrum
3099 1812 3395 1882 imperium
3445 1816 3597 1869 Ana-

2007 1898 2158 1955 stasii
2212 1899 2532 1965 Dieori,et
2597 1899 2892 1956 Theodosii
2958 1904 3301 1976 Atramyteni
3361 1906 3599 1979 impera-

2006 1992 2165 2047 toris.

2086 2171 2345 2227 Vicesimi
2389 2174 2523 2231 tomi
2561 2175 2791 2228 materia
2837 2173 2944 2229 erit
2974 2174 3086 2229 Leo
3133 2176 3323 2232 Conon
3354 2177 3596 2241 lsaurus,

2017 2263 2314 2333 imaginum
2348 2263 2658 2319 debellator
2688 2283 2701 2319 :
2733 2265 2878 2321 unde
2909 2266 3075 2321 etiam
3105 2267 3332 2324 haeresis
3360 2279 3417 2324 et
3445 2280 3599 2325 secta

2016 2355 2284 2425 imagines
2331 2356 2727 2411 debellantium
2769 2367 2854 2412 est
2889 2368 3102 2414 exorta.
3151 2348 3420 2416 Praeterea
3454 2360 3603 2418 Con-

2016 2449 2294 2504 stantinus
2323 2450 2732 2519 Cepronymus,
2784 2460 2842 2506 et
2889 2468 3013 2520 quas
3059 2453 3129 2509 ab
3171 2469 3239 2508 co
3279 2455 3445 2524 impie
3492 2456 3605 2512 sint

2021 2541 2185 2597 facta.
2223 2541 2279 2593 ln
2303 2540 2501 2595 eodem
2531 2552 2683 2596 tonio
2714 2544 2923 2598 mentio
2949 2558 3173 2614 quoque
3203 2546 3601 2613 tietGermaui,

2017 2631 2247 2686 Joannis
2294 2631 2642 2695 Damasceni,
2686 2642 2742 2689 et
2793 2635 3059 2705 Stephani
3086 2637 3342 2707 iunioris,
3377 2648 3434 2695 et
3456 2642 3601 2696 item

2022 2722 2362 2792 reliquorum
2396 2724 2509 2779 Deo
2537 2725 2841 2780 invisorum
2878 2727 3149 2783 factorum
3183 2730 3428 2801 ejusdem
3456 2732 3608 2789 Con-

2022 2814 2249 2867 stantini
2283 2831 2299 2868 :
2327 2823 2385 2869 et
2422 2822 2486 2869 ut
2521 2816 2662 2884 ipse,
2691 2816 2954 2887 ﬁliusque
2984 2818 3106 2888 eius
3141 2819 3273 2885 Leo,
3298 2837 3605 2893 cognomen

2022 2919 2053 2957 a
2086 2905 2353 2972 Chazara,
2384 2906 2504 2962 sive
2526 2922 2775 2975 secessu,
2802 2909 3059 2982 adeptus,
3083 2910 3420 2969 interierint.
3446 2914 3610 2971 Com-

2025 2997 2302 3067 plectetur
2323 2998 2469 3053 idem
2498 3010 2681 3055 tomus
2705 3016 2793 3057 res
2811 3011 2994 3073 gestas
3016 3004 3089 3074 pii
3114 3006 3327 3075 imperii
3347 3006 3611 3064 Constan-

2027 3092 2128 3146 tini
2160 3100 2217 3146 et
2241 3092 2435 3157 irenae,
2470 3101 2527 3148 et
2549 3100 2755 3152 sanctae
2781 3096 3031 3166 septimae
3055 3098 3382 3154 universalis
3412 3104 3610 3170 synodi

2026 3193 2171 3246 acta,
2205 3192 2261 3239 et
2292 3184 2577 3242 restitutos
2610 3189 2787 3244 sacris
2819 3189 3153 3261 imaginibus
3178 3192 3436 3248 honores.
3471 3196 3607 3264 Age-

2031 3284 2120 3328 tur
2148 3291 2369 3347 quoque
2401 3277 2471 3333 de
2500 3279 2737 3336 Tarasio
2765 3290 2824 3337 et
2854 3282 3195 3349 Nicephore,
3232 3284 3359 3338 item
3390 3284 3460 3339 de
3494 3287 3612 3340 Pla-

346 3378 441 3431 καὶ
466 3374 788 3444 Νικηφόρον
812 3385 826 3399 ·
862 3369 944 3422 ἔτι
970 3367 1026 3420 δὲ
1060 3365 1344 3426 Πλάτωνος
1383 3363 1477 3415 καὶ
1506 3360 1789 3433 Θεοδώρου
1823 3356 1920 3412 τοῦ

2029 3377 2178 3434 tone,
2202 3379 2256 3422 et
2276 3367 2566 3424 Theodoro
2589 3369 2829 3435 Studita,
2849 3378 2906 3426 et
2930 3386 3050 3440 quae
3075 3371 3272 3426 borum
3300 3382 3610 3441 temporum

345 3469 633 3526 Στουδίτου
660 3483 673 3497 ·
721 3462 952 3518 καὶτῶν
985 3461 1291 3530 γεγονότων
1331 3460 1390 3510 ἐν
1439 3457 1648 3517 τούτοις
1686 3453 1923 3524 σχισμὰ-

345 3579 487 3617 τωνσ
540 3562 634 3615 καὶ
684 3559 757 3621 ὡς
789 3558 946 3611 όὰπδ
980 3553 1216 3623 γενικῶν
1279 3549 1619 3620 Νικηφόρος,
1678 3544 1924 3616 Σταυρά-

352 3658 467 3719 κιός
498 3672 554 3708 τε
587 3653 681 3706 καὶ
735 3653 763 3704 6
805 3646 1082 3717 Ῥαγκαόὲ
1120 3644 1364 3716 Μιχαὴλ,
1398 3644 1489 3695 τὸν
1551 3642 1667 3712 βίον
1720 3640 1924 3709 μετήλ-

350 3750 415 3802 λα
424 3749 538 3814 ξαν.

440 3844 498 3894 '0
532 3838 967 3905 εἰκοστόπρωτος
1001 3832 1070 3885 τὰ
1108 3830 1254 3884 κατὰ
1298 3831 1389 3883 τὸν
1440 3830 1679 3899 δυσσεΕῆ
1719 3829 1925 3882 Λέοντα

348 3935 439 3989 τὸν
479 3932 772 4004 Ἀρμένιον
802 3929 1166 3996 διηγήσεταιο
1198 3924 1348 3983 ὅπως
1375 3940 1433 3975 τε
1479 3924 1513 3991 ἡ
1564 3921 1794 3991 δευτέρα
1833 3921 1927 3988 γέ-

349 4043 506 4096 γονεν
537 4021 892 4092 εἰκονομαχία
914 4036 927 4051 ⁸
969 4020 1067 4072 καὶ
1096 4016 1180 4081 τίς
1211 4017 1237 4068 ὁ
1284 4016 1491 4085 ταύτης
1549 4017 1735 4082 πατήρ
1757 4029 1774 4044 ο
1833 4013 1929 4066 καί⁹

349 4121 421 4172 ὼ.
454 4118 751 4188 ὑπερόριος
792 4112 881 4166 διὰ
912 4111 1119 4181 ταύτην
1149 4111 1177 4162 6
1218 4109 1565 4178 πατριάρχης
1617 4103 1930 4175 Νικηφόρος

350 4212 588 4280 ἐγένετο,
624 4210 718 4262 καὶ
748 4207 775 4259 ὁ
805 4205 1096 4274 Στουδίτης
1131 4201 1431 4271 Θεόδωρος,
1458 4200 1556 4253 καὶ
1587 4198 1739 4253 ἄλλαι
1775 4199 1929 4250 πλεῖ-

355 4321 509 4358 στοι·
568 4303 699 4373 περί
767 4317 825 4352 τε
880 4298 980 4366 τῆς
1035 4295 1313 4366 βασιλείας
1362 4294 1455 4347 τοῦ
1502 4293 1774 4363 Ἀμορέου
1825 4293 1932 4346 Μι-

354 4397 517 4468 χαὴλ,
551 4397 647 4448 καὶ
698 4393 830 4463 περὶ
859 4390 1123 4445 Μεθοδίου
1154 4388 1251 4441 τοῦ
1303 4388 1681 4457 πατριάρχουν
1707 4385 1803 4439 καὶ
1861 4384 1933 4436 τὰ

357 4495 417 4542 ὲν
445 4493 508 4558 τῇ
545 4484 801 4557 βασιλείᾳ
833 4482 1098 4549 Θεοφίλου
1126 4479 1445 4550 πραχθέντα
1468 4494 1483 4510 ο
1515 4482 1610 4530 καὶ
1641 4480 1739 4547 τῆς
1789 4481 1935 4547 παῤ-

361 4584 558 4653 ῤηίας
607 4577 721 4631 τῶν
767 4573 1074 4645 τηνικαῦτα
1114 4574 1293 4641 ἁγίων
1349 4571 1583 4641 ἀνδρῶν,
1638 4572 1748 4624 τῶν
1799 4588 1936 4641 γρα-

359 4673 516 4726 πτῶν
570 4668 835 4740 μάλιστα,
871 4668 964 4719 καὶ
1017 4665 1283 4719 Μεθοδίου
1312 4664 1407 4717 τοῦ
1459 4662 1631 4731 ἱεροῦ,
1677 4666 1773 4717 καὶ
1819 4665 1935 4718 ἰω-

2029 3458 2241 3515 fuerint
2286 3460 2590 3518 schismata
2632 3472 2687 3516 et
2734 3462 3002 3528 dissidia;
3050 3474 3108 3517 et
3140 3465 3416 3531 quomodo
3453 3465 3616 3519 Νῖσον

2031 3553 2242 3622 phorus
2286 3553 2512 3620 nobilis,
2565 3554 2909 3621 Stauracius,
2952 3564 3010 3610 et
3065 3555 3292 3610 Michael
3340 3556 3617 3612 Bancabzn

2030 3647 2202 3704 vitam
2234 3646 2499 3703 (inierint.

2110 3830 2424 3887 Vicesimus
2464 3830 2679 3902 primus
2710 3838 2894 3887 tomus
2939 3832 3091 3903 impii
3142 3832 3342 3888 Leonis
3367 3833 3615 3889 Armenii

2035 3935 2191 3995 gesta
2225 3939 2241 3979 :
2277 3933 2334 3977 et
2368 3922 2649 3994 quomodo
2678 3923 2988 3978 secundum
3036 3924 3368 3995 imaginibus
3409 3926 3615 3982 bellum

2035 4019 2109 4072 sit
2136 4017 2372 4080 illatum,
2396 4016 2522 4085 quis
2543 4016 2667 4086 ejus
2691 4015 2820 4071 belli
2844 4024 3072 4084 auctor;
3099 4027 3160 4072 et
3186 4028 3245 4072 ut
3273 4033 3336 4073 ea
3358 4018 3427 4074 de
3451 4034 3619 4075 causa

2037 4107 2389 4177 Nicephorus
2444 4105 2795 4173 patriarcha.
2852 4104 3180 4162 Theodorus
3229 4106 3507 4172 Studites,
3566 4118 3623 4163 rt

2039 4199 2353 4268 complures
2401 4198 2495 4252 alii
2546 4199 2601 4252 in
2652 4197 2911 4253 exsilium
2948 4199 3059 4252 sint
3102 4199 3235 4263 acti,
3283 4200 3618 4256 recensebit.

2042 4291 2449 4362 Complectetur
2474 4304 2695 4360 quoque
2725 4288 3020 4358 imperium
3053 4286 3336 4344 Michaelis
3360 4292 3619 4353 Amorem,

2018 4366 2101 4441 'et
2132 4400 2219 4439 res
2262 4382 2524 4437 Methodii
2556 4383 2903 4451 patriarchas.
2936 4381 3071 4435 item
3116 4393 3206 4435 res
3247 4382 3350 4434 sub
3382 4383 3616 4451 imperio

2044 4478 2336 4548 Theophili
2368 4484 2570 4546 gestas.
2622 4476 2752 4528 Item
2794 4474 3014 4528 dicendi
3050 4471 3365 4527 libertatem
3400 4489 3621 4531 saneto-

2048 4588 2171 4627 rum
2203 4586 2268 4627 eo
2303 4580 2549 4639 tempore
2581 4567 2853 4631 virorum,
2896 4565 3173 4635 praecipue
3205 4565 3256 4617 in
3288 4567 3450 4634 pictis
3479 4570 3620 4623 ima~

2048 4669 2269 4743 ginibus
2300 4663 2684 4722 defendendis.
2714 4665 2921 4733 Agetur
2949 4663 3077 4718 item
3109 4662 3177 4718 de
3200 4675 3392 4720 sancto
3414 4664 3626 4719 Mettio.

364 4769 475 4835 σὴφ
530 4737 624 4816 τοῦ
698 4761 1095 4830 ὑμνογράφου’
1131 4758 1226 4810 καὶ
1288 4755 1361 4819 ὡς
1414 4756 1470 4810 ὲν
1502 4756 1649 4809 τέλει
1712 4758 1922 4827 γενόμε-

2046 4737 2159 4827 dio,
2194 4770 2251 4815 et
2285 4756 2525 4825 Joscpho
2556 4756 2885 4826 hymnorum
2915 4757 3223 4825 scriptore;
3256 4767 3310 4812 et
3343 4772 3401 4812 ιιι
3433 4759 3485 4810 in
3516 4758 3622 4811 {ine

362 4874 452 4917 νος
501 4859 529 4908 6
563 4854 850 4922 Θεόφιλος,
904 4852 1027 4913 ταῖς
1062 4850 1237 4919 ἰεραῖς
1286 4847 1464 4900 εἰκόσι
1491 4849 1814 4919 προσέθετο.

441 4949 535 5017 Τῷ
565 4948 621 5000 δὲ
659 4944 893 5013 εἰκοστῷ
920 4943 1164 5013 δευτέρῳ
1212 4940 1371 4993 ἕσται
1428 4939 1798 5010 διηγουμένῳ,
1845 4940 1947 4993 ὅσα

372 5046 465 5096 ὲπι
485 5037 711 5111 Μιχαὴλ
732 5040 828 5090 καὶ
866 5034 1150 5105 Θεοδώρας
1178 5033 1281 5102 τῆς
1327 5033 1491 5100 ἁγίας
1529 5032 1697 5086 αὑτοῦ
1740 5035 1949 5103 μητρὸς

371 5138 439 5204 τῇ
486 5132 784 5203 Ἐκκλησία
806 5129 1095 5199 ἐπράχθη¹
1162 5127 1258 5181 καὶ
1315 5128 1346 5196 ἡ
1393 5124 1769 5194 ἁναστήλωσις
1840 5125 1950 5178 τῶν

371 5228 544 5295 ἁγίων
574 5226 801 5279 εἰκόνων
859 5222 1113 5290 ἐγένετοο
1171 5220 1301 5290 περί
1356 5236 1415 5272 τε
1456 5218 1788 5272 Ἰωαννικίου
1850 5217 1946 5270 τοῦ

375 5320 636 5392 μεγάλου,
675 5319 773 5373 καὶ
813 5316 913 5388 τῆς
968 5315 1301 5384 διακρίσεως
1357 5311 1648 5376 Μεθοδίου,
1686 5314 1784 5365 καὶ
1846 5312 1951 5382 τῆς

368 5414 480 5467 τῶν
528 5411 763 5481 ἁνιέρων
819 5407 1198 5479 καθαιρέσεως
1244 5403 1461 5475 ἱερέων,
1523 5404 1618 5456 καὶ
1673 5402 1784 5455 τῶν
1829 5404 1952 5456 τότε

375 5503 732 5575 σχισμὰτωνο
765 5501 900 5571 περί
940 5518 999 5554 τε
1044 5496 1384 5562 Λιζικιανῶν
1443 5497 1538 5550 καὶ
1580 5494 1906 5565 Μανιχαίων
1933 5511 1948 5526 ·

375 5600 470 5651 καὶ
525 5596 601 5659 ὡς
665 5594 728 5647 τὸ
764 5593 875 5647 τῶν
941 5591 1275 5661 Βουλγάρων
1308 5589 1461 5653 ἔθνος
1500 5588 1591 5642 τόν
1624 5589 1948 5657 Χριστιανι-

377 5681 512 5760 σμὸῦ
543 5685 904 5759 προσεδέξατο
931 5700 945 5714 θ
974 5684 1056 5737 ἔτι
1086 5683 1143 5735 δὲ
1195 5682 1290 5735 καὶ
1350 5699 1412 5732 πε
1425 5682 1479 5751 pl.
1544 5680 1827 5747 ἰγνατίου.
1851 5679 1949 5734 καὶ

374 5784 581 5834 Φωτίου
624 5779 731 5831 τῶν
758 5775 1155 5847 πατριαρχώνσ
1203 5776 1295 5827 καὶ
1342 5774 1413 5827 τὰ
1457 5772 1667 5853 μεταξὺ
1710 5773 1818 5825 τῶν
1856 5773 1950 5825 δύο

374 5873 581 5927 τούτων
641 5868 928 5937 συμϐάντα
953 5884 967 5897 ·
1004 5868 1097 5920 καὶ
1129 5866 1197 5918 τὰ
1232 5864 1397 5935 μέσον
1454 5864 1661 5918 Φωτίου
1720 5864 1816 5917 καὶ
1854 5865 1951 5918 Νι-

588 5973 860 6027 ιἈταιη..
894 5963 1011 6026 (in.
1044 5963 1266 6027 CXLV

2048 4866 2218 4923 prope
2246 4851 2368 4904 vitae
2395 4847 2739 4917 Theophilus
2764 4861 2951 4901 sacras
2982 4847 3249 4916 imagines
3274 4852 3621 4919 approbarit.

2115 4944 2173 4998 in
2225 4941 2485 4996 vicesimo
2536 4938 2782 4994 secundo
2832 4939 3299 5013 recensebutttur,
3351 4956 3473 5010 qua:
3522 4943 3625 4997 sub

2052 5035 2283 5105 imperio
2325 5031 2630 5095 Michaelis,
2666 5040 2721 5085 et
2757 5029 3068 5084 Theodorei:
3100 5033 3293 5086 matris
3321 5033 3464 5102 ejus,
3500 5047 3626 5087 sau-

2050 5138 2152 5182 cta:
2193 5125 2433 5186 femina),
2463 5122 2720 5177 Ecclesia:
2764 5123 3090 5189 acciderint,
3139 5117 3199 5178 et
3233 5125 3509 5179 restitutio
3543 5142 3630 5179 sa-

2053 5233 2270 5275 orarum
2326 5217 2648 5286 imaginum.
2686 5215 2913 5270 Dicetur
2962 5231 3184 5286 quoque
3226 5215 3295 5270 de
3338 5216 3629 5272 Juannicio

2053 5309 2267 5379 Magno,
2300 5308 2370 5362 de
2400 5305 2851 5362 meditationibus
2891 5304 3154 5362 Methodii
3177 5346 3192 5372 ,
3228 5306 3297 5361 de
3333 5308 3627 5377 impiorum

2053 5402 2409 5471 abrogatione
2433 5399 2777 5455 sacerdotum
2806 5416 2821 5453 :
2852 5398 2923 5453 de
2944 5398 3068 5468 eius
3095 5397 3359 5467 temporis
3388 5398 3631 5454 dissidiis

2058 5505 2115 5549 et
2165 5492 2578 5554 schismatibus,
2634 5490 2912 5561 praecipue
2963 5505 3098 5545 vero
3130 5491 3201 5545 de
3236 5490 3528 5546 Lizicianis
3574 5502 3631 5547 et

2056 5584 2392 5648 Manichaeis,
2451 5591 2511 5636 ut
2550 5597 2687 5651 gens
2736 5579 3095 5650 Bulgarorum
3141 5580 3629 5638 Christianismum

2058 5677 2366 5748 susceperit
2412 5695 2425 5731 :
2468 5675 2536 5729 de
2585 5673 2795 5744 lgnatio
2838 5681 2894 5726 et
2942 5673 3141 5728 Pbotio
3189 5673 3539 5743 patriarchis,
3576 5690 3633 5734 et

2059 5778 2189 5841 qu.c‘
2228 5769 2407 5824 medio
2459 5768 2602 5822 inter
2647 5769 2783 5822 istos
2830 5774 3079 5834 tempore
3128 5764 3452 5821 acciderint.
3496 5768 3633 5824 Item

2059 5881 2181 5934 (μελε
2221 5867 2364 5917 inter
2409 5862 2664 5917 Pltotium
2696 5870 2750 5914 et
2783 5855 3066 5913 Nicolaum
3102 5875 3298 5931 papam
3345 5861 3453 5916 sint
3484 5877 3628 5920 acta.

3194 5962 3271 6017 λὶς)
