4032 6402
427 384 533 453 613

1654 390 2078 452 NICEPHORI
2118 393 2465 457 CALLISTI

3579 405 3688 468 620

434 504 499 557 Et
531 511 586 554 ul
625 500 832 558 Bardas
863 499 1067 569 Ca‘sar,
1115 509 1171 556 et
1208 500 1509 573 imperator
1544 501 1777 558 Michael
1825 505 1896 558 sit
1930 520 2016 560 oe-

2125 510 2315 563 κολάου
2371 510 2466 564 τοῦ
2522 510 2680 565 πάπα
2748 515 3127 585 γεγενημένα·
3199 519 3294 573 καὶ
3350 520 3426 582 ὡς
3470 523 3692 596 ἐσφάγη

432 600 603 652 cisus.

508 778 768 834 Vicesimi
816 778 965 834 tertii
1008 778 1143 833 tomi
1195 790 1583 848 argumentum
1628 781 1738 833 erit
1783 780 2017 834 Basilius

434 870 684 937 Macedo,
711 880 768 927 et
799 871 897 926 lilii
935 871 1080 942 ejus,
1116 870 1225 926 Leo
1259 870 1490 941 Sapiens
1515 880 1568 926 et
1600 872 1931 933 Alexander,
1964 883 2021 927 et

437 978 559 1032 qua:
592 962 697 1017 sub
732 962 822 1018 his
875 963 1140 1018 Ecclesiae
1187 963 1498 1018 evenerint.
1547 963 1616 1018 Et
1658 979 1876 1017 rursum
1932 979 2019 1019 res

440 1051 622 1108 Photii
670 1062 728 1107 et
778 1052 996 1125 lgnatii.
1046 1053 1185 1109 Item
1239 1065 1359 1110 acta
1411 1054 1531 1125 ejus
1573 1070 1696 1125 quae
1739 1054 1885 1110 dicta
1934 1063 2020 1110 est

435 1158 631 1204 octava
678 1148 1017 1206 universalis
1055 1150 1322 1222 synodus.
1358 1150 1627 1205 Praeterea
1672 1148 1929 1204 scandala
1965 1157 2021 1202 et

436 1240 794 1306 oﬂ‘cndicula,
840 1258 964 1312 quae
1022 1250 1140 1297 tum
1192 1258 1292 1314 per
1337 1240 1600 1297 Photium
1657 1242 2017 1296 exstiterunt.

434 1334 571 1389 Item
594 1342 655 1389 ut
681 1349 815 1405 gens
838 1334 1228 1390 Rhutenorum
1258 1335 1329 1390 sit
1356 1334 1667 1391 Christiana
1685 1334 1850 1389 facta.
1883 1333 2017 1387 Item

436 1425 506 1481 de
538 1424 853 1495 patriarcha
896 1423 1203 1496 Stephano,
1253 1425 1348 1496 qui
1395 1424 1596 1479 Photio
1640 1423 1928 1487 successit,
1965 1428 2021 1476 et

441 1516 742 1573 schismate
778 1526 1008 1588 propter
1062 1517 1243 1587 ipsum
1296 1516 1643 1587 Stephanum
1685 1524 1901 1571 exorto.
1933 1515 2022 1569 ln-

438 1624 608 1680 super
639 1609 708 1664 de
736 1619 976 1681 quatuor
1005 1609 1276 1680 coniugiis
1307 1608 1661 1678 imperatoris
1694 1607 1893 1664 Leonis
1924 1607 2022 1663 Sa-

442 1704 667 1773 pientis,
702 1713 758 1757 et
791 1703 1187 1759 schismatibus
1230 1703 1568 1776 synodisque
1617 1718 1683 1757 ea
1739 1704 1804 1758 de
1854 1718 2020 1758 causa

438 1797 665 1853 habitis.
707 1796 842 1852 ltem
876 1796 944 1852 de
995 1795 1220 1852 Nicolao
1250 1804 1307 1852 et
1351 1795 1649 1869 Euthymio
1689 1795 2022 1866 patriarchis

366 1874 371 1877 ’
433 1890 1087 1961 ConstantinOpolitanis,
1126 1889 1404 1960 rebusque
1449 1889 1555 1944 sub
1588 1889 1671 1943 eis
1716 1888 1879 1942 actis.
1919 1887 2023 1942 Po-

435 1994 667 2046 stremo,
700 1992 760 2037 ut
793 1982 906 2038 Leo
939 1981 1389 2053 sapientissimus
1429 1982 1731 2053 imperator
1768 1979 1839 2035 sit
1878 1993 2023 2033 mor-

437 2084 587 2132 ιυιιε.

505 2169 576 2227 Ει
607 2169 729 2225 haec
762 2168 988 2240 quidem
1016 2168 1335 2224 accuratius
1368 2167 1688 2239 clariusque
1725 2167 1825 2222 toti
1865 2166 2021 2237 operi

434 2261 776 2335 praemittere
806 2260 1104 2325 voluimus,
1139 2276 1207 2315 eo
1235 2260 1494 2324 consilio,
1532 2272 1591 2315 ut
1615 2261 1814 2315 animis
1843 2261 2023 2316 lecto-

438 2369 563 2411 rum
583 2354 929 2426 propositum
959 2363 1354 2425 argumentum
1385 2369 1453 2410 eo
1477 2356 1823 2426 pe’rspectius
1848 2362 2019 2413 esset.

436 2448 518 2505 Ne
551 2446 643 2502 cui
670 2457 856 2501 autem
881 2446 1171 2502 historiam
1203 2455 1453 2502 nostram
1476 2447 1779 2517 depravare
1806 2447 1913 2519 43
1945 2447 2023 2502 fa-

438 2543 544 2600 cile
578 2551 727 2598 esset
752 2541 1195 2614 (consueverunt
1228 2542 1377 2597 enim
1418 2542 1575 2596 multi
1605 2541 1782 2596 aliena
1815 2542 2022 2610 scripta

436 2645 504 2685 ex
531 2630 763 2688 arbitrio
789 2646 914 2698 suo,
945 2640 1111 2702 prout
1134 2631 1217 2687 eis
1234 2640 1320 2687 est
1347 2632 1548 2697 visum,
1572 2631 1821 2702 digerere
1855 2640 2021 2700 atque

434 2724 754 2794 disponere)
792 2724 1001 2795 primas
1034 2725 1150 2778 sive
1172 2721 1439 2790 capitales
1469 2722 1685 2780 litteras
1717 2733 2015 2789 tomorum,

435 2814 531 2885 qui
561 2814 786 2885 quidem
822 2815 953 2868 tomi
985 2828 1258 2868 annorum
1291 2829 1516 2869 suorum
1545 2829 1838 2869 numerum
1870 2814 2023 2884 quis-

435 2921 547 2978 que
567 2921 892 2978 expressum
912 2908 1229 2973 continent,
1253 2906 1328 2961 ita
1353 2906 1664 2976 posuimus,
1689 2916 1748 2962 ut
1766 2908 2021 2964 certioris

435 2999 560 3055 ﬁdei
590 2999 764 3072 gratia
795 3013 1003 3054 nomen
1030 3006 1088 3054 et
1125 3013 1436 3069 cognomen
1474 3008 1729 3055 nostrum
1771 2999 2019 3055 referant

435 3101 600 3155 atque
640 3090 1108 3160 complectantur.
1143 3090 1515 3156 Quamobrem
1554 3100 1706 3161 peto,
1745 3094 1790 3147 si
1832 3109 1954 3163 qua:
1985 3109 2017 3148 a

434 3184 598 3241 nobis
628 3199 729 3255 per
760 3191 939 3239 totum
972 3184 1078 3239 hoc
1107 3199 1249 3255 opus
1290 3194 1442 3241 recte
1472 3196 1603 3242 sunt
1642 3186 1919 3256 exposita,
1953 3197 2015 3241 ut

2125 3204 2313 3256 εἴωθεν
2333 3220 2346 3234 ³
2378 3205 2413 3257 ὃ.
2446 3204 2501 3257 δὲ
2524 3207 2789 3275 ἀγνοῆσαι
2819 3184 2987 3262 συνέπ

435 3291 497 3331 ea
524 3285 682 3333 extra
714 3275 980 3332 invidiam
1021 3277 1135 3333 sint
1169 3277 1465 3349 collocata,
1489 3292 1611 3348 qua:
1643 3279 1870 3348 optimis
1896 3282 2019 3349 qui-

437 3367 657 3438 busque
702 3366 874 3423 rebus
910 3367 1191 3440 praecipue
1234 3367 1529 3424 imminere
1568 3370 1883 3424 consuevit.
1922 3369 2018 3425 Sin

432 3475 571 3516 vero
599 3459 657 3515 in
685 3459 966 3531 aliquibus
992 3459 1307 3531 ignorantia
1343 3461 1481 3530 lapsi
1517 3476 1731 3529 sumus,
1765 3477 1831 3518 ea
1868 3474 1928 3517 ut
1951 3463 2021 3518 ab

434 3552 580 3619 aliis,
613 3552 707 3623 qui
754 3560 814 3607 et
854 3551 1124 3622 doctrinae
1166 3561 1225 3608 et
1256 3552 1615 3623 eloquentiae,
1646 3562 1814 3625 atque
1847 3557 2019 3610 etiam

429 3644 799 3715 experientiae
832 3643 1037 3701 virtute
1076 3645 1310 3716 pollent,
1346 3647 1717 3716 corrigantur.
1764 3648 1824 3703 In
1854 3649 2016 3719 juve-

434 3737 536 3791 nili
567 3737 716 3792 enim
744 3745 909 3794 astate
944 3753 1087 3809 opus
1116 3734 1226 3794 hoc
1259 3739 1613 3796 conscribere
1642 3743 1884 3811 aggressi
1923 3757 2019 3796 su-

437 3842 582 3895 mus,
614 3827 874 3898 idemque
905 3830 1153 3885 nondum
1187 3838 1404 3885 sertum
1445 3841 1502 3886 et
1542 3833 1884 3887 tricesimum
1919 3849 2020 3888 an-

437 3937 571 3976 num
624 3923 836 3992 egressi
894 3920 1249 3991 perfecimus.
1306 3922 1765 3995 Quandoquidem
1829 3937 2016 3983 autem

437 4012 660 4069 abunde
687 4012 872 4068 omnia
896 4027 960 4069 ea
985 4027 1107 4083 qua
1127 4027 1268 4083 opus
1292 4028 1418 4069 esse
1443 4017 1784 4084 putavimus,
1813 4018 2018 4078 hucus-

2122 605 2336 675 Βάρδας
2387 608 2414 659 ὁ
2458 607 2699 676 Καῖσαρ,
2765 609 2861 662 καὶ
2920 612 2947 665 ό
3013 611 3375 688 αὐτοκράτωρ
3420 617 3693 690 ἀνῄρηται

2121 695 2367 767 Μιχαήλ.

2195 789 2300 842 Τοῦ
2341 789 2396 843 δὲ
2456 792 2703 847 εἰκοστοῦ
2737 794 2922 862 τρίτου
2955 797 2987 865 ἡ
3029 798 3323 869 περίληψις
3352 802 3507 856 ἔσται
3538 803 3704 858 Βασί-

2123 888 2264 954 λειος
2294 892 2320 942 ό
2348 893 2618 947 Μακεδὼν
2647 893 2743 948 καὶ
2776 896 2825 948 ei
2864 894 3055 957 παῖδες
3094 894 3285 961 αὐτοῦ,
3318 895 3474 949 Λέων
3529 899 3558 951 ό
3608 897 3704 950 Σο-

2118 985 2221 1057 ⁸φὺς
2252 986 2347 1039 καὶ
2387 986 2775 1059 Ἀλέξανδροςο
2805 988 2898 1042 καὶ
2939 987 3009 1042 τὰ
3056 988 3153 1042 ἐπὶ
3202 988 3412 1042 τούτων
3449 992 3516 1061 τῇ
3577 990 3704 1043 Ἐκ-

2123 1077 2325 1149 κλησίᾳ
2387 1080 2707 1148 συμϐάνταο
2766 1082 2863 1134 καὶ
2930 1079 3086 1146 αὖθις
3141 1081 3285 1135 κατὰ
3334 1082 3540 1135 Φώτιον
3608 1084 3705 1137 καὶ

2137 1169 2435 1237 Ἰγνάτιον·
2471 1172 2564 1224 καὶ
2586 1171 2654 1225 τὰ
2685 1172 2817 1241 περὶ
2846 1174 2949 1235 τῆς
3012 1172 3322 1241 λεγομένης
3372 1172 3567 1243 ὀγδόης
3619 1174 3702 1227 οἱ·

2124 1259 2461 1331 κουμενικῆς
2504 1263 2764 1328 συνόδου,
2821 1264 2918 1318 καὶ
2952 1265 3061 1317 τῶν
3121 1264 3427 1333 τηνικαῦτα
3472 1265 3703 1319 σκανδά-

2123 1356 2230 1408 λων
2253 1357 2339 1409 διὰ
2360 1356 2449 1409 τὸν
2469 1356 2676 1410 Φώτιον
2697 1373 2709 1387 ·
2737 1358 2830 1410 καὶ
2858 1358 3008 1420 ὅπως
3034 1357 3094 1410 τὸ
3118 1357 3270 1420 ἔθνος
3298 1356 3410 1409 τῶν
3444 1354 3581 1421 Ῥὼς
3609 1356 3703 1409 τὸν

2124 1447 2560 1518 Χριστιανισμδν
2594 1448 2934 1518 παρεδέξατο
2959 1464 2973 1480 ·
3010 1449 3104 1501 καὶ
3137 1447 3265 1513 περὶ
3294 1446 3387 1501 τοῦ
3435 1447 3576 1518 μετὰ
3608 1445 3703 1500 τὶν

2122 1541 2328 1594 Φὼτιον
2382 1540 2722 1611 πατριάρχου
2778 1540 3085 1610 Στεφάνου,
3128 1540 3224 1593 καὶ
3270 1539 3363 1593 τοῦ
3405 1539 3473 1592 δι’
3530 1536 3703 1594 αὐτοῦ

2126 1632 2428 1703 σχίσματος
2452 1646 2465 1662 ⁶
2498 1633 2580 1685 ἔτι
2635 1632 2691 1686 δὲ
2734 1634 2830 1687 καὶ
2861 1633 2961 1701 τῆς
3016 1632 3393 1702 τετραγαμίας
3424 1631 3516 1685 τοῦ
3550 1631 3706 1703 βασι·

2122 1723 2261 1787 λέως
2297 1724 2528 1787 Λέοντος
2548 1723 2644 1777 τοῦ
2688 1722 2888 1792 Σοφοῦ,
2916 1724 3011 1776 καὶ
3033 1723 3143 1776 τῶν
3159 1722 3230 1777 δι’
3259 1722 3430 1796 αὐτὴν
3474 1722 3704 1792 γενομέ-

2125 1833 2231 1868 νων
2265 1815 2586 1884 σχισμάτων
2615 1831 2675 1867 τε
2710 1816 2802 1869 καὶ
2839 1814 3111 1869 συνόδωνο
3166 1815 3295 1885 περί
3329 1832 3389 1868 τε
3421 1816 3695 1870 Νικολάου

2127 1908 2223 1962 καὶ
2247 1908 2522 1973 Βύθυμὶου
2560 1907 2674 1960 τῶν
2695 1910 2794 1977 τῆς
2833 1908 3245 1960 Κωνσταντίνου
3302 1908 3661 1979 πατριαρχὼν
3681 1926 3697 1942 ο

2126 2000 2221 2052 καὶ
2259 2000 2326 2053 τὰ
2348 2000 2441 2052 ἐπὶ
2470 1998 2681 2061 τούτοις
2710 2014 2726 2031 ο
2764 1999 2860 2052 καὶ
2898 1999 2974 2063 ὼς
3013 1999 3232 2059 ἁπεϐίω
3280 2000 3483 2055 Λέωνό
3525 2002 3704 2072 σοφώ-

2123 2107 2281 2155 τατος
2313 2091 2593 2162 βασιλεύς.

2196 2183 2383 2236 Ταῦτα
2422 2183 2525 2253 μὲν
2554 2185 2611 2246 ἐς
2657 2184 2716 2237 τὸ
2756 2185 2986 2255 ἀκριϐὲς
3024 2186 3525 2258 προδιωρισάμεθα,
3555 2189 3699 2260 ᾑρη-

2128 2275 2286 2345 μένοι
2331 2277 2432 2346 τὴν
2471 2275 2582 2328 τῶν
2631 2278 3129 2346 ἀναγινωσκόντων
3180 2278 3424 2335 διάνοιαν
3482 2280 3547 2334 ὲκ
3603 2281 3701 2336 τοῦ

2126 2367 2314 2439 σχεδὸν
2384 2368 2488 2439 τὴν
2538 2367 2640 2438 τῆς
2694 2368 3009 2434 ὑποθέσεως
3046 2372 3307 2444 πρόθεσιν
3366 2373 3698 2428 εὐσύνοπτοι

2124 2459 2272 2531 ἔχειν
2292 2475 2305 2490 ’
2337 2461 2423 2514 ἵνα
2455 2461 2511 2514 δὲ
2552 2463 2627 2533 μή
2662 2479 2773 2516 τινι
2809 2463 2902 2534 ἐξῇ
2924 2464 3287 2535 λυμαίνεσθαι
3313 2465 3391 2539 τῷ
3410 2469 3700 2538 συγγράμ-

2127 2571 2264 2624 ματι
2283 2569 2298 2584 ο
2325 2554 2551 2608 είώθασι
2585 2556 2695 2628 γὰρ
2726 2558 2774 2610 oi
2811 2558 3056 2613 πλεῖστοι
3088 2559 3184 2622 τὰς
3209 2558 3498 2629 ἀλλοτρίας
3517 2577 3698 2631 πραγ-

2126 2648 2361 2717 ματείας
2380 2648 2767 2714 διασκευάζειν
2795 2650 2931 2722 πρὸς
2962 2655 3022 2705 τὸ
3049 2652 3238 2707 δοκοῦν
3259 2670 3274 2685 ·
3304 2654 3404 2718 τὰς
3452 2654 3552 2724 μὲν
3586 2654 3697 2708 τῶν

2119 2742 2303 2810 τόμων
2334 2741 2719 2812 ἀκροστιχίδας
2753 2743 2831 2814 τῷ
2870 2744 2990 2816 ὲμῷ
3023 2746 3525 2818 προησφαλισάμην
3581 2747 3702 2800 ὀνό-

2125 2833 2258 2899 ματὶ
2288 2849 2343 2883 τε
2375 2832 2470 2885 καὶ
2491 2836 2766 2904 ἐπωνύμῳ
2796 2836 2898 2906 (Ι),
2922 2837 3010 2890 διὰ
3066 2840 3287 2897 πάντων
3319 2841 3511 2910 χρόνον
3558 2840 3699 2895 ὲτῶν

2123 2924 2548 2992 συγκλειόντων.
2594 2929 2702 2981 Καὶ
2736 2931 2913 2985 τοίνυν
2945 2932 3105 2996 αἰτῶ,
3138 2934 3174 2986 ἂ.
3200 2931 3300 3003 μὲν
3349 2934 3527 2997 καλῶς
3559 2935 3702 3004 ὑπη-

2121 3018 2381 3087 γόρευται
2430 3019 2561 3088 παρ’
2601 3020 2733 3091 ὃλην
2764 3021 2861 3093 τὴν
2911 3025 3261 3097 συγγραφὴν,
3308 3026 3383 3097 μὴ
3418 3030 3697 3098 μετεχέτω

2122 3111 2340 3177 φθόνου,
2372 3111 2428 3175 ὃς
2455 3116 2568 3175 τοῖς
2599 3114 2788 3177 καλοῖς
2822 3117 2926 3186 πρὸ
2967 3118 3076 3170 τῶν
3137 3119 3316 3172 ἄλλων
3354 3120 3696 3189 ὲπιφύεσθαι

2993 3228 3105 3273 εσε,
3136 3211 3288 3281 παρὰ
3319 3213 3427 3268 τῶν
3468 3209 3550 3278 οἷς
3602 3213 3695 3267 ldo

2119 3311 2217 3363 γου
2257 3295 2488 3365 δύναμις
2515 3299 2608 3351 καὶ
2627 3300 2846 3369 πείρας,
2882 3302 3203 3374 διορθωτέον
3223 3318 3239 3333 ·
3267 3305 3376 3358 νέοι
3409 3309 3513 3378 γὰρ
3543 3309 3699 3372 ὄντες

2121 3388 2287 3455 ἡμεῖς
2324 3390 2418 3441 καὶ
2451 3393 2620 3461 μήπω
2660 3392 2820 3445 ἕκτου
2851 3394 2944 3447 καὶ
2977 3396 3307 3465 τριακοστοῦ
3345 3398 3447 3467 τῆς
3480 3401 3699 3470 ἡλικίας

2121 3480 2407 3546 ἐπιϐάντες
2448 3483 2719 3547 ἐνιαυτοῦ,
2744 3488 2905 3556 ἡνίκα
2944 3491 3009 3560 τῇ
3043 3494 3405 3563 πραγματείᾳ
3465 3495 3699 3557 ἑαυτοὺς

2122 3571 2522 3644 ὲκδεδὼκαμεν,
2561 3576 2620 3629 τὸ
2650 3578 3015 3660 προκείμενον
3059 3582 3418 3651 διηνύσαμεν.
3471 3585 3623 3638 Ἐπεὶ
3653 3587 3701 3639 δ’

2123 3666 2494 3737 ἀποχρώντως
2509 3671 2609 3723 ὅσα
2627 3687 2691 3739 γε
2725 3673 3004 3742 προσῆκον
3024 3669 3164 3729 εἷναι
3194 3676 3504 3745 λελόγισται
3533 3697 3701 3748 προε-

2124 3755 2356 3826 θέμεθα,
2385 3759 2486 3828 τῆς
2518 3760 2668 3824 θείας
2726 3765 3042 3836 ἡγουμένης
3110 3768 3303 3838 ῥοπῆς,
3350 3770 3698 3841 κατάρξςμαί

2121 3864 2185 3915 γε
2215 3849 2314 3920 τῆς
2339 3850 2653 3916 ὑποθέσεως
2688 3853 2810 3909 ὅθεν
2833 3857 3099 3927 ἄρχεσθαι
3131 3860 3381 3929 ἄμεινον,
3417 3861 3524 3931 πρὸ
3564 3865 3704 3915 πάν-

2120 3953 2230 3992 των
2295 3943 2355 3993 τὸ
2408 3941 2511 4013 τῆς
2561 3944 2806 4015 ἱστορίας
2858 3948 3036 4017 τιμῶν
3096 3951 3357 4020 ἀσφαλὲς,
3421 3954 3518 4022 τὴν
3566 3954 3703 4024 ἀλή-

2122 4028 2292 4083 θειαν.

435 4125 547 4182 que
576 4107 792 4179 praefati
822 4121 1037 4172 sumus,
1069 4107 1304 4178 agedum
1339 4105 1512 4163 divini
1556 4109 1814 4169 Numinis
1844 4113 2013 4172 ductu
2057 4136 2171 4175 rem
2241 4122 2438 4192 ipsam,
2480 4125 2627 4180 unde
2692 4128 2929 4183 maxime
2964 4134 3243 4199 convenit,
3274 4136 3559 4194 ordiamur
3594 4157 3607 4194 :
3641 4140 3698 4196 in

436 4205 633 4278 primis
666 4201 910 4261 historia:
938 4201 1098 4259 nobis
1132 4201 1560 4274 ﬁrmamentum,
1596 4207 1767 4277 ipsam
1801 4212 2015 4269 scilicet
2054 4215 2364 4286 veritatem,
2397 4224 2820 4278 consectandam
2849 4240 3242 4296 proponentes.

1058 4341 1291 4398 CAPUT
1331 4343 1398 4398 Il.
1464 4356 1469 4361 '

438 4462 515 4519 De
543 4468 799 4517 vetustate
826 4466 1019 4519 nostra:
1042 4457 1364 4531 Christianas
1390 4460 1676 4531 religionis,
1711 4473 1759 4516 ει
1791 4466 1854 4519 de
1882 4466 2018 4521 άίυε-

510 4535 678 4605 nitate
710 4539 867 4605 atque
894 4530 1190 4584 wternitute
1224 4529 1388 4605 Filii;
1414 4542 1462 4584 et
1491 4529 1554 4585 iu
1594 4542 1714 4587 aute
1739 4534 1927 4605 legem,
1966 4546 2015 4592 et

506 4600 816 4676 postgiege‘m
847 4600 1046 4676 latam,
1067 4603 1265 4676 sanctis
1296 4613 1347 4654 et
1397 4605 1500 4672 piis
1531 4604 1668 4676 piris
1708 4600 2016 4676 mysterium

507 4670 574 4728 de
602 4670 882 4727 divinitate
921 4670 1115 4726 Christi
1149 4670 1477 4743 perspectum
1514 4674 1694 4742 fuerit.

512 4854 621 4908 Res
646 4851 1093 4907 Christianorum
1123 4866 1154 4906 a
1179 4850 1351 4922 prima
1375 4867 1473 4908 sua
1501 4853 1717 4924 origine
1740 4867 2014 4928 repetere,

438 4946 533 5016 qui
559 4946 691 5009 sint,
739 4944 905 5009 unde,
935 4953 993 4999 et
1026 4945 1304 5014 quomodo
1339 4955 1491 5001 tanta
1530 4948 1781 5017 ceperint
1832 4951 2015 5005 incre-

439 5048 649 5099 menta.
695 5051 876 5108 eoque
906 5037 1306 5108 magnitudinis
1339 5050 1393 5095 et
1417 5041 1605 5112 gloriae
1637 5047 2015 5115 pervenerint,

439 5130 914 5202 intempestivum,
933 5141 1102 5199 atque
1124 5132 1264 5189 adeo
1287 5146 1697 5201 supervacuum
1716 5152 1838 5193 esse
1860 5151 2013 5209 puto,

439 5230 500 5277 ut
528 5220 582 5275 in
612 5220 907 5289 praesentia
935 5219 1005 5275 de
1036 5218 1116 5274 eis
1144 5223 1536 5292 perquiratur:
1562 5241 1689 5282 cum
1715 5243 1871 5284 sacra
1893 5246 2018 5284 ora-

440 5313 563 5369 cula
590 5324 645 5369 et
674 5324 819 5379 acta,
851 5311 1394 5385 innumerabilesque
1425 5316 1545 5372 aliae
1576 5333 1645 5373 ex
1677 5321 1876 5377 ordine
1904 5339 2013 5390 res,

438 5412 625 5475 aperte
655 5404 792 5459 satis
813 5413 870 5457 et
895 5411 1155 5458 accurate
1179 5402 1487 5489 declarent,
1516 5410 1839 5483 longissime
1865 5419 2012 5484 a‘ntc,

436 5501 493 5545 et
520 5502 590 5548 an
617 5492 803 5557 initio,
825 5506 1063 5562 cumque
1092 5493 1227 5564 ipsis
1251 5496 1460 5552 conditi
1485 5502 1672 5556 mundi
1701 5503 2011 5574 principiis,

436 5581 635 5653 dogma
665 5592 915 5638 nostrum
943 5598 1054 5639 una
1090 5599 1211 5641 esse
1243 5588 1452 5657 jactqu
1476 5601 1533 5648 et
1565 5591 1878 5665 fundatum,
1914 5614 2012 5655 seu

505 5760 665 5852 _P.r
678 5764 799 5846 imae
819 5768 1005 5851 decem
1024 5778 1083 5852 et
1101 5779 1226 5852 ecto
1244 5782 1516 5852 ternorum
1562 5774 1793 5852 istarum
1839 5778 2053 5852 litterae,

434 5834 728 5902 exeinplari
757 5840 1086 5910 exprimunt,
1112 5841 1428 5913 Νικηφόρου
1471 5846 1800 5903 Καλλίστου.

2700 4365 2952 4421 ΚΕΦΑΛ.
2989 4366 3063 4422 B'.

2121 4468 2408 4560 Περί
2440 4475 2834 4560 άρέᾳιότητος
2886 4482 2996 4560 τοᾷ
3043 4482 3176 4560 amo:
3226 4484 3386 4554 ἡμᾶς
3410 4486 3529 4543 τῶν
3558 4493 3697 4560 Χρι-

2191 4547 2454 4627 οῖέαγῶγ
2510 4547 2833 4627 δόγματος,
2880 4553 2997 4627 καί
3035 4553 3171 4627 περὶ
3226 4547 3538 4627 θεολογίας
3595 4547 3697 4620 Ξιίιὶ

2188 4610 2531 4695 ἀιδιότητος
2554 4610 2670 4695 zb'q
2699 4610 2834 4695 ridi}
2858 4638 2869 4649 ·
2905 4624 3003 4675 καί
3045 4610 3126 4689 dig:
3153 4625 3277 4690 τοῖς
3305 4610 3423 4695 πρό
3456 4610 3564 4685 £55

2185 4685 2687 4775 ἕξιν-τῷΔ
2729 4691 2890 4758 νόμῳ
2930 4685 3527 4775 θεοφιξλέσίτὸκατὰ
3560 4685 3701 4774 Χριο
3766 4720 3777 4732 ⁸

2190 4755 2343 4804 στὸν
2370 4755 2756 4824 προέγνωστο
2775 4755 3140 4831 μυστήριον.

2193 4866 2267 4920 Τὸ
2299 4867 2397 4937 μὲν
2430 4866 2525 4923 οὖν
2588 4874 2655 4925 τὰ
2700 4875 3044 4943 Χριστιανῶν
3090 4882 3490 4959 ἀρχαιολογεῖν,
3552 4895 3696 4957 τίνες

2119 4957 2293 5024 ὄντες,
2334 4962 2429 5015 καὶ
2455 4965 2597 5029 ὅθεν,
2628 4969 2720 5020 καὶ
2748 4971 2900 5036 ὅπως
2929 4974 3023 5026 ἐπὶ
3057 4979 3213 5031 τόσον
3244 4981 3304 5033 τὸ
3327 4987 3449 5037 κατ’
3495 4988 3693 5052 αὐτοὺς

2120 5051 2437 5150 ἐπιδέδωκε,
2475 5058 2567 5109 καὶ
2594 5061 2673 5122 εἰς
2704 5062 2819 5114 τόδε
2873 5066 3210 5139 προελήλυθε
3253 5073 3433 5147 δόξης,
3466 5078 3695 5150 ἄκαιρόν

2118 5159 2177 5195 τε
2209 5148 2302 5198 καὶ
2331 5147 2508 5211 ἄλλως
2535 5155 2790 5220 περιττὸν
2820 5152 2975 5226 οἶμαι
3031 5163 3109 5230 τῷ
3150 5165 3377 5234 παρόντι
3412 5147 3694 5239 διερευνᾶ-

2121 5237 2267 5304 σθαι,
2293 5240 2402 5293 τῶν
2446 5242 2605 5313 ἱερῶν
2638 5245 2836 5314 λογίων
2887 5252 2983 5304 καὶ
3019 5255 3297 5323 πράξεων,
3335 5263 3429 5313 καὶ
3477 5267 3690 5335 μυρίων

2119 5329 2453 5428 άλλωνλετων
2510 5337 2769 5408 καθεξῆς,
2822 5337 3123 5416 διαρρήδην
3173 5350 3343 5404 ταῦτα
3387 5329 3693 5428 μεθάκρι-

2121 5420 2275 5518 θείας
2298 5424 2624 5495 διεξιόντων,
2683 5431 2758 5493 ὡς
2807 5434 3014 5491 ἄνωθέν
3068 5457 3127 5492 τε
3174 5443 3268 5495 καὶ
3303 5420 3563 5518 ἐξαρχῆς,
3599 5420 3691 5504 καὶ

2120 5514 2256 5583 ὁμοῦ
2281 5520 2527 5611 ταῖςντοῧ
2570 5524 2777 5594 κόσμου
2814 5533 3068 5598 κρηπῖσι,
3105 5533 3164 5585 τὸ
3204 5514 3476 5609 ἡμέτερον
3516 5541 3690 5611 δόγμα

2121 5608 2546 5682 συγκατεὸλήθη
2570 5630 2583 5643 ο
2622 5615 2829 5682 μᾶλλον
2853 5621 2910 5672 δὲ
2946 5624 3038 5674 καὶ
3083 5624 3279 5694 χρόνου
3310 5627 3567 5683 ἐπέκεινα
3597 5608 3687 5684 καὶ

2095 5786 2472 5860 ἀκροστιχίδες
2519 5797 2858 5868 οοιηροδὶιαι,
2888 5817 3085 5858 nomen
3124 5811 3369 5863 auctoris
3403 5814 3457 5867 in
3501 5808 3687 5865 Graeco
