4032 6416
434 369 553 432 623-

437 586 536 639 pro
571 587 637 626 eo
667 582 832 643 atque
877 575 1054 643 decet,
1093 580 1227 634 satis
1275 585 1619 652 cognoverit,
1652 596 2014 657 praeterquam

439 663 647 729 Filius;
707 681 887 735 neque
945 684 1165 724 rursum
1217 672 1439 737 Filium,
1498 686 1865 747 pra-terquam
1919 681 2015 751 qui

435 753 589 807 illum
629 760 821 824 genult
851 758 1033 813 Pater.
1065 762 1144 814 Ad
1175 779 1363 833 quem,
1392 777 1452 821 ut
1484 778 1567 822 est
1596 771 1739 838 apud
1769 783 2012 827 veterem

436 844 648 909 Mosen,
676 848 909 917 loquens
941 852 1101 907 Pater
1133 854 1186 908 in
1216 858 1499 912 creatione
1529 860 1771 916 universi
1808 864 1968 935 hujus
1997 885 2012 924 :

436 937 739 1000 Faciamus.
766 941 967 1010 inquit,
996 946 1263 1000 hominem
1298 951 1369 1001 ad
1392 952 1680 1020 imaginem
1704 966 1940 1010 nostram
1963 966 2013 1011 et

430 1030 837 1087 similitudinem
860 1035 900 1089 ⁸.
941 1036 1098 1092 i-lunc
1129 1039 1310 1109 ipsum
1350 1056 1505 1109 sane,
1546 1046 1865 1116 quicunque
1894 1050 2009 1103 ἰὴ·-

432 1130 547 1176 tute
587 1132 645 1178 et
675 1124 729 1177 in
766 1124 936 1180 Deum
971 1129 1175 1197 pietate
1207 1132 1329 1185 aliis
1361 1146 1622 1202 pra‘smre
1657 1137 1849 1206 primis
1879 1150 2014 1195 tern-

379 1224 389 1261 ι
429 1213 660 1281 poribus
698 1215 833 1270 dicti
864 1228 1019 1283 sunt,
1057 1229 1117 1273 ut
1157 1221 1436 1281 Abraham
1469 1234 1523 1278 et
1574 1226 1770 1294 Moses,
1806 1228 1913 1301 45
1954 1238 2011 1285 et

430 1303 659 1376 insuper
683 1309 1007 1380 quicunque
1053 1323 1181 1368 ante
1216 1325 1271 1368 et
1312 1325 1436 1385 post
1470 1332 1566 1373 eos
1606 1320 1743 1391 justi
1794 1339 2007 1378 morum

431 1399 737 1454 mutatione
768 1401 995 1456 fuerunt
1033 1405 1336 1476 prophetae,
1368 1417 1423 1463 et
1462 1411 1553 1466 alii
1593 1412 1703 1466 Deo
1740 1414 1922 1483 placiti
1954 1424 2010 1471 et

428 1487 568 1553 grati
607 1488 881 1553 homines,
920 1494 1123 1548 mentis
1170 1497 1347 1550 oculis
1374 1500 1589 1555 sincere
1620 1513 1670 1556 et
1702 1504 1849 1558 clare
1879 1521 2009 1560 con-

432 1580 705 1647 templati,
735 1583 943 1650 prolixe
967 1598 1365 1656 cognoverunt,
1389 1600 1444 1644 et
1468 1604 1723 1663 tanquam
1744 1612 2007 1665 germano

428 1666 524 1722 Dei
558 1668 695 1725 Filio
717 1676 1235 1740 priestantissimum
1273 1681 1497 1750 pietatis
1528 1684 1793 1741 honorem
1824 1690 2003 1745 tribu-

428 1773 612 1813 erunt.
641 1762 737 1817 llle
770 1779 934 1833 porro
963 1771 1378 1835 persuasionem
1419 1776 1695 1847 [idemque
1728 1781 2001 1850 ejusmodi

429 1864 812 1919 remunerans,
845 1866 904 1910 et
953 1856 1128 1913 Patris
1176 1870 1233 1914 et
1272 1864 1357 1917 sui
1397 1867 1767 1935 cognitionem
1824 1871 2002 1939 perfe-
2039 1870 2077 1926 Β
2107 1889 2162 1939 αι

425 1943 657 1997 ctiorem
699 1947 1208 2018 absolutioremque
1245 1953 1355 2009 illis
1382 1956 1628 2012 adauxit.
1670 1960 1765 2016 Est
1796 1965 2001 2034 quippe

424 2046 584 2091 vetus
614 2039 904 2096 oraculare
939 2043 1196 2109 verbum,
1234 2049 1511 2103 neminem
1546 2067 1740 2107 eorum
1778 2055 1871 2124 qui
1905 2071 2004 2110 an-

428 2128 661 2198 tiquitus
718 2129 831 2186 Deo
880 2134 1231 2204 placuerunt,
1285 2141 1406 2197 sine
1461 2143 1565 2198 ﬁde
1616 2146 1671 2199 in
1719 2147 1999 2203 Christum

426 2222 590 2277 tinem
637 2224 765 2279 vitae
798 2238 1156 2284 consecutum
1195 2246 1339 2288 eSse.
1387 2235 1673 2305 Siquidem
1726 2255 1823 2309 per
1870 2257 2003 2295 con-

417 2314 692 2384 jecturam
722 2318 773 2371 id
801 2318 1063 2390 colligere
1095 2322 1245 2390 licet,
1287 2338 1354 2379 ex
1389 2328 1743 2383 multifariam
1777 2332 2003 2386 visioni-

423 2407 552 2470 bus,
583 2422 725 2477 quas
757 2409 896 2465 alias
924 2411 1047 2467 aliis
1071 2419 1463 2482 accumulavit,
1492 2435 1593 2488 pro
1623 2437 1691 2476 eo
1716 2433 1877 2492 atque
1907 2440 2003 2479 eas

420 2498 658 2569 quisque
708 2501 854 2558 ferre
901 2506 1101 2574 potuit.
1158 2509 1336 2578 Atque
1373 2511 1624 2579 equidem
1664 2513 1715 2568 in
1746 2516 2003 2586 [hominis

420 2593 605 2662 specie
641 2595 745 2665 ipsi
776 2596 1011 2652 Abraha:
1063 2599 1432 2669 frequentius,
1479 2607 1891 2678 progenitisque
1935 2625 2001 2663 ex

340 2704 347 2711 υ
420 2699 490 2739 eo
516 2690 842 2756 apparuisse
889 2691 1163 2755 creditur,
1196 2696 1529 2767 quandoque
1574 2716 1674 2769 per
1705 2716 1763 2755 se
1797 2703 1997 2773 ipsum,

420 2776 754 2846 quandoque
786 2793 884 2848 per
923 2780 1286 2838 administros
1320 2801 1450 2841 suos
1487 2791 1730 2859 angelos,
1764 2795 2002 2848 oraculis

420 2877 517 2917 eos
542 2864 868 2929 admonens,
921 2877 977 2922 et
1009 2869 1215 2925 docens
1251 2872 1318 2928 de
1362 2875 1526 2931 rebus
1571 2880 1809 2946 optionis.
1845 2882 2001 2948 Quod

421 2956 646 3025 quidem
679 2959 857 3014 cuivis
878 2961 962 3014 vel
998 2961 1127 3015 inde
1160 2963 1322 3019 facile
1352 2978 1433 3021 est
1462 2969 1781 3028 existimare
1810 2984 1864 3027 et
1886 2990 2004 3029 cre-

421 3044 578 3100 dere.
631 3046 900 3118 Angelum
936 3051 1084 3103 enim
1132 3052 1447 3122 Dominum,
1500 3059 1585 3113 vel
1629 3064 1794 3114 etiam
1830 3063 2001 3119 Deum

420 3137 724 3205 appellare,
763 3142 1113 3194 consuetudo
1143 3142 1447 3215 Scriptura:
1487 3165 1595 3203 non
1627 3162 1711 3207 est
1743 3169 1759 3207 :
1791 3155 1885 3209 sed
1925 3157 1999 3211 ita

420 3229 769 3299 simpliciter,
794 3231 947 3285 nudo
988 3233 1201 3289 scilicet
1228 3238 1472 3305 nomine,
1505 3243 1761 3311 angelum
1798 3263 1809 3299 :
1846 3246 1999 3303 illum
2028 3223 2070 3281 (ἶ

419 3336 555 3375 vero
588 3336 807 3394 semper
833 3323 1147 3394 insignibus
1179 3338 1233 3382 et
1264 3333 1669 3390 excellentibus
1699 3338 1915 3393 extollit
1944 3351 1999 3395 et

377 3424 381 3428 ’
410 3413 667 3470 celebrat
706 3417 1047 3483 nominibus,
1081 3419 1368 3492 Deumque
1397 3435 1452 3479 et
1483 3425 1771 3483 Dominum
1812 3443 1998 3501 aperte

404 3515 476 3561 set
503 3507 649 3564 clare
674 3517 857 3565 vocat.
891 3510 1080 3582 Itaque
1123 3511 1387 3581 Verbum,
1433 3518 1579 3588 quod
1626 3523 1859 3578 colimus
1890 3527 1991 3597 (i),

1034 442 1037 443 ,
1659 391 1701 446 N
1721 393 2081 450 leI’llUlll
2125 358 2467 455 CALLlSTi

436 482 554 549 quis
591 483 863 537 enarrat-it
898 485 957 538 ’ἲ
1004 486 1192 557 Neque
1239 490 1383 546 enim
1436 493 1727 563 quisquam
1774 498 2002 552 Patrem

2122 502 2281 566 ἀξίαν
2304 505 2455 575 γνοίη
2489 507 2534 556 εἰ
2568 506 2642 576 μὴ
2669 508 2693 558 ὁ
2723 507 2878 571 Υἱὸςο
2914 509 3029 562 ἀλλ’
3076 513 3195 568 οὐδὲ
3225 517 3315 568 τὸν
3355 517 3482 572 Υἱὺν
3510 518 3688 586 αὖθις,

3587 392 3749 474 621'

2118 595 2167 646 εί
2202 594 2276 665 μὴ
2308 598 2332 648 ὁ
2365 602 2634 667 γεννήσας
2667 600 2855 670 Πατήρ
2881 618 2894 632 ·
2930 603 3065 671 πρὸς
3120 605 3178 658 ὃν
3213 610 3355 661 κατᾶ
3394 612 3484 664 τὸν
3522 613 3688 667 πάλαι

2118 687 2323 739 Mone:
2349 691 2829 761 κοινολογούμενος
2857 697 2883 748 ὁ
2918 695 3106 768 Πατὴρ
3144 703 3208 770 τῇ
3248 707 3559 775 παραγωγῇ
3593 706 3688 759 τοῦ

2116 784 2322 845 παντὸς
2353 783 2535 848 τοῦδε,
2570 787 2951 858 Ποιήσωμεν,
2992 794 3180 863 φησιν,
3204 794 3345 862 ἄνθει
3359 814 3532 851 ωπον
3561 801 3688 851 κατ’

2114 872 2320 925 εἰκόνα
2356 875 2655 944 ἡμετέραν
2700 881 2796 933 καὶ
2827 883 2958 935 καθ’
3003 884 3314 952 ὁμοίωσιν.
3358 888 3559 942 Τοῦτον
3586 894 3686 960 μὲν

2114 964 2204 1017 οὖν
2236 968 2327 1017 καὶ
2360 968 2475 1021 ὅσοι
2504 973 2672 1042 αρετῇ
2715 973 2807 1025 καὶ
2844 973 3122 1045 Θεοσεόείᾳ
3179 980 3288 1033 τῶν
3344 981 3522 1037 ἄλλων
3576 985 3687 1037 διε-

2114 1060 2330 1125 νεγκεῖν
2356 1059 2610 1129 λέγονται
2644 1065 2871 1131 ἄνωθεν,
2897 1069 2953 1121 οἵ
2984 1088 3042 1123 τε
3066 1110 3077 1121 .
3096 1075 3226 1142 περὶ
3274 1078 3365 1127 τὸν
3432 1077 3639 1147 ’Δϐραά
3663 1100 3687 1132 ι

2115 1165 2258 1217 φημι
2284 1152 2380 1204 καὶ
2415 1153 2642 1220 Μωσέα,
2668 1158 2761 1209 καὶ
2797 1159 2912 1213 ὅσοι
2948 1177 3009 1228 γε
3040 1163 3145 1231 πρὸ
3166 1164 3395 1218 ἐκείνων
3442 1168 3537 1222 καὶ
3569 1172 3687 1237 μετ’

2112 1240 2353 1306 ἐκείνους
2384 1245 2584 1300 δίκαιοι
2611 1250 2690 1317 τῷ
2713 1250 3105 1325 ἐξηλλαγμένῳ
3144 1256 3252 1309 τῶν
3276 1260 3497 1329 τρόπων
3521 1264 3685 1330 γεγέ-

2112 1349 2329 1402 νηνται,
2380 1341 2658 1409 προφῆται
2721 1345 2815 1395 καὶ
2873 1345 3050 1408 ἄλλως
3104 1348 3418 1418 εὐάρεστοι,
3472 1352 3687 1423 ὄμμασι

2110 1426 2350 1492 διανοίας
2386 1431 2710 1501 ἁκραιφνῶς
2744 1437 3168 1501 φαντασθέντες,
3211 1441 3482 1513 λαμπρῶς
3516 1444 3687 1510 ἔγνω-

2113 1535 2251 1571 σαν·
2291 1520 2386 1573 καὶ
2440 1518 2527 1574 οἷα
2576 1523 2708 1577 Θεοῦ
2745 1526 2897 1579 παιδὶ
2944 1530 3176 1601 γνησίῳ,
3232 1535 3394 1602 Υἐροις
3448 1536 3685 1599 ἐξαίσιον

2113 1611 2395 1676 εὐσεϐείας
2444 1615 2772 1685 ἀπένειμαν.
2822 1618 2879 1671 ⁸0
2908 1620 2952 1672 δ’
2984 1617 3053 1674 αὖ
3081 1623 3182 1692 τῆς
3243 1627 3477 1689 πίστεως
3525 1631 3685 1696 ἀμει-

2108 1701 2338 1772 ϐόμενος
2359 1705 2457 1775 τὴν
2489 1706 2770 1779 Πατρικήν
2794 1726 2852 1762 τε
2889 1712 2979 1765 καὶ
3007 1715 3174 1766 αὐτοῦ
3202 1718 3423 1782 γνῶσιν,
3478 1721 3683 1774 ὡσανεὶ

2109 1780 2892 1872 ὲντελεστέρανξπροστιθεὶς
2926 1801 2995 1875 ἦν
3022 1823 3034 1836 ·
3070 1813 3159 1861 καί
3191 1825 3250 1877 γε
3274 1780 3428 1879 λόγος
3457 1814 3683 1883 ἀρχαῖος

2169 1889 2253 1956 ρεῖ
2282 1890 2492 1959 μηδένα
2517 1894 2626 1945 τῶν
2654 1894 2864 1950 ἄνωθεν
2896 1899 3351 1971 εύηρεστηκότων
3405 1905 3526 1975 Θεῷ
3553 1906 3680 1975 δίκα

2105 1982 2203 2050 τῆς
2251 1985 2330 2045 εἰς
2381 1984 2617 2054 Χριστὸν
2646 1988 2886 2052 πίστεως
2919 1992 2980 2043 τὸ
3037 1993 3129 2045 τοῦ
3174 1994 3291 2063 βίου
3340 1996 3515 2066 πέρας
3548 2000 3683 2068 κλη-

2108 2072 2422 2143 ρώσασοαιο
2480 2078 2534 2129 ei
2572 2096 2635 2145 γε
2690 2080 2851 2135 τοῦτο
2913 2086 3405 2158 τεκμηριώσασθαι
3444 2093 3679 2159 ἔξεστιν,

2104 2158 2183 2227 οἷς
2221 2164 2510 2234 διαφόρους
2539 2169 2828 2238 πληθύνων
2855 2174 3099 2243 ὁράσεις,
3146 2180 3283 2249 πρὸς
3309 2182 3444 2255 ὅπερ
3485 2186 3677 2255 φέρειν

2104 2255 2333 2319 ἕκαστος
2382 2254 2493 2322 οἷος
2550 2277 2609 2313 τε
2659 2258 2748 2333 ἦν,
2804 2265 2900 2317 καὶ
2969 2269 3028 2319 ὲν
3085 2270 3378 2342 ἀνθρώπου
3418 2254 3680 2348 σχήματι

2103 2341 2285 2417 ὦφθαι
2325 2347 2403 2419 τῷ
2433 2368 2491 2403 τε
2536 2352 2788 2426 Ἀϐραὰμ
2826 2357 3102 2429 διαφόρως
3159 2341 3253 2417 καὶ
3287 2368 3400 2430 τοῖς
3434 2341 3501 2433 ἐξ
3526 2341 3681 2422 ’έκεῖ-

2105 2451 2195 2485 νου
2220 2437 2558 2502 πιστεύεται,
2591 2442 2696 2495 καὶ
2742 2446 2872 2497 ποτὲ
2904 2452 3004 2517 μὲν
3053 2450 3121 2503 δι’
3175 2454 3394 2517 ἑαυτοῦ,
3436 2461 3565 2512 ποτὲ
3620 2461 3679 2515 δὲ

2102 2527 2190 2580 διὰ
2217 2529 2325 2581 τῶν
2355 2530 2688 2604 λειτουργῶν
2721 2538 2886 2593 αὑτοῦ
2931 2544 3179 2611 ἀγγέλων
3216 2552 3573 2618 χρηματίζων
3610 2555 3678 2606 τὰ

2102 2619 2412 2688 κρείττονα.
2459 2622 2544 2685 Ὡς
2579 2626 2762 2696 ῥᾴδιον
2791 2625 2932 2684 εἶναι
2965 2634 3132 2688 παντί
3172 2655 3250 2705 τῳ
3286 2644 3380 2693 καὶ
3408 2641 3569 2696 τοῦτο
3591 2646 3679 2697 ὲν-

2101 2710 2292 2765 τεῦθεν
2324 2716 2718 2772 πιστώσασθαι.
2753 2721 2857 2774 Τὸν
2891 2723 2993 2793 μὲν
3028 2730 3136 2797 γὰρ
3173 2731 3427 2800 ἄγγελον,
3474 2737 3536 2789 οὐ
3568 2738 3679 2790 Κύ-

2105 2818 2243 2871 ριον,
2302 2805 2423 2858 οὐδὲ
2457 2807 2565 2879 μὴν
2601 2809 2733 2864 Θεὸν
2786 2823 3220 2889 προσαγορεύειν
3250 2824 3370 2888 ἔθος
3423 2828 3539 2881 ἐστὶ
3579 2830 3678 2898 τῆς

2102 2894 2325 2966 Γραφῆς
2351 2913 2365 2929 ο
2393 2897 2508 2953 ἀλλ’
2536 2900 2727 2967 ἁπλῶς
2755 2904 2927 2972 οὕτως
2970 2911 3203 2979 ἄγγελον
3238 2917 3380 2988 ψιλῷ
3411 2921 3562 2973 καλεί
3598 2894 3678 2992 τῷ

2100 2987 2358 3058 ὸνόματι’
2395 2991 2603 3047 ἐκεῖνον
2637 2997 2683 3049 δ’
2710 2998 2797 3051 ἀεὶ
2850 3008 3069 3071 σεμνοῖς
3110 3008 3203 3060 καὶ
3235 2987 3676 3084 ὑπερϐεϐηκόσιν

2102 3078 2313 3148 ἐξαίρει
2349 3082 2602 3153 ὀνόμασι,
2678 3093 2775 3142 καὶ
2809 3092 2943 3144 Θεὸν
3004 3097 3100 3150 καὶ
3151 3078 3358 3171 Κύριον
3405 3078 3678 3175 ἀριοήλως

2103 3175 2581 3243 κατονομάζουσα.
2611 3178 2699 3243 Ὠς
2726 3182 2827 3251 μὲν
2858 3181 2951 3240 οὖν
2978 3189 3311 3256 προαιὼνιος
3333 3194 3362 3245 ὁ
3386 3196 3507 3247 καθ’
3530 3198 3678 3267 ἡμᾶς

2107 3263 2303 3331 Λόγος,
2340 3270 2433 3319 καὶ
2463 3268 2574 3323 τῶν
2604 3273 2819 3327 αίώνων
2852 3278 3070 3331 πάντων
3104 3283 3196 3335 καὶ
3227 3286 3434 3352 χρόνων
3457 3263 3678 3358 ἀρέαιό-

2106 3370 2285 3425 τερος,
2333 3358 2429 3411 καὶ
2484 3360 2563 3425 ὡς
2602 3366 2716 3418 τισὶ
2754 3366 2864 3420 τῶν
2930 3371 3278 3444 παλαιτέρων
3336 3382 3681 3445 μυστικώτε-

2107 3461 2201 3513 ρον
2253 3446 2437 3519 ὤφθη,
2494 3454 2543 3506 ει
2598 3455 2692 3508 καὶ
2751 3458 2828 3530 μὴ
2890 3461 3195 3532 σύμπασιν,
3258 3468 3553 3539 αὐτάρκως
3600 3475 3680 3525 εἰ·

2106 3535 2311 3604 ρήσθω.

415 3611 708 3671 mternum,
735 3613 792 3659 et
818 3606 1036 3661 saeculis
1063 3608 1521 3680 temporibusque
1552 3614 1827 3673 universis
1890 3623 2171 3693 antiquius
2202 3627 2391 3692 fuisse,
2454 3642 2509 3687 et
2550 3637 2831 3696 veteribus
2862 3643 3014 3710 olim,
3085 3648 3187 3704 etsi
3246 3667 3356 3707 non
3397 3654 3675 3713 omnibus.

416 3695 746 3766 quibusdam
785 3705 993 3765 tamen,
1036 3700 1094 3754 in
1129 3702 1394 3773 mysterio
1422 3708 1768 3776 apparuisse,
1802 3714 1992 3781 paucis
2033 3717 2184 3772 hisce
2220 3719 2428 3778 dictum
2453 3740 2573 3783 esse
2604 3734 2736 3789 satis
2760 3734 2851 3787 sit.

1035 3814 1264 3873 CAPUT
1304 3817 1394 3874 Ill.

420 3921 594 3986 Quam
633 3924 694 3977 ob
720 3941 940 3979 causam
976 3943 1076 3980 non
1107 3928 1236 3983 olim
1261 3930 1512 4003 servator
1541 3934 1801 4003 Christus,
1829 3941 1919 3993 sed
1940 3942 1995 3994 in

489 4002 757 4080 postrema
790 4004 1083 4065 temporum
1110 4009 1286 4080 (etate,
1312 4002 1574 4080 hominem
1603 4002 1945 4080 assumpserit
1976 4026 1994 4063 :

491 4065 624 4116 etde
644 4073 895 4134 perpetuo
920 4076 969 4120 et
1001 4065 1320 4140 sempiterno
1341 4072 1455 4142 ejus
1487 4090 1664 4145 regno.

491 4177 714 4235 Minime
748 4194 880 4235 vero
917 4182 1108 4236 mirari
1142 4158 1379 4253 oportet,
1415 4202 1524 4243 non
1567 4189 1776 4246 dudum
1809 4203 1992 4265 antea,

419 4264 503 4320 ita
529 4277 590 4323 ut
618 4284 790 4337 nunc,
821 4272 1081 4327 omnibus
1113 4273 1429 4332 hominibus
1462 4291 1513 4334 et
1547 4283 1803 4351 gentibus
1833 4284 1997 4341 Chri-

384 4367 571 4443 gestum~
611 4360 941 4419 innotuisse.
984 4365 1245 4421 Doctrina
1295 4370 1441 4423 enim
1492 4370 1695 4427 Christi
1746 4379 1992 4433 omnium

417 4455 956 4511 consummatissima
1010 4464 1176 4527 atque
1239 4460 1672 4529 perfectissima,
1731 4467 1994 4538 omnique
2022 4502 2069 4558 Β

415 4544 697 4613 sapientia:
745 4556 800 4600 et
842 4549 1064 4603 virtutis
1116 4563 1319 4618 genere
1375 4554 1820 4622 absolutissima,
1879 4575 1989 4613 non

414 4634 525 4708 ἧς
549 4647 693 4707 apta,
717 4648 1028 4708 opportuna
1059 4650 1116 4693 et
1148 4655 1459 4711 congruens
1486 4647 1715 4700 omnino
1743 4657 1988 4703 veterum

418 4730 701 4783 hmuintrm
735 4733 862 4784 vitae
910 4740 963 4784 et
1016 4731 1264 4787 moribus
1309 4734 1434 4789 fuit.
1466 4734 1922 4809 Quandoquidem
1958 4754 1990 4795 α

416 4820 606 4888 primis
641 4820 827 4873 statim
867 4820 1059 4885 initiis,
1091 4823 1186 4891 qui
1221 4824 1699 4896 incorruptibiletn
1737 4831 1990 4902 seniique

414 4921 699 4981 expertem
733 4923 789 4966 et
823 4912 1039 4984 beatam
1072 4916 1235 4969 vitam
1258 4928 1565 4986 acceperat,
1596 4921 1807 4990 primus
1839 4925 1993 4981 vide-

418 5003 546 5056 licet
600 5004 787 5063 homo,
843 5013 898 5057 et
951 5006 1166 5074 generis
1201 5010 1373 5063 nostri
1428 5020 1644 5085 auctor,
1699 5016 1988 5069 minimum

416 5096 526 5148 dati
570 5097 825 5165 prtecepti
878 5112 1106 5170 memor,
1150 5098 1512 5155 immortalem
1554 5103 1701 5157 fatali
1743 5121 1989 5163 commu-

414 5188 551 5240 tavit
595 5188 728 5241 vita.
788 5188 890 5255 Qui
938 5206 1071 5244 vero
1111 5206 1177 5243 ex
1221 5207 1288 5244 eo
1328 5203 1456 5245 sunt
1502 5197 1793 5264 progeniti,
1831 5200 1988 5269 longe

418 5277 756 5343 deteriores,
808 5296 916 5332 uno
967 5290 1133 5349 atque
1181 5282 1355 5334 altero
1407 5296 1669 5353 excepto,
1719 5299 1986 5359 agrestem

415 5370 729 5435 quamdam,
765 5370 933 5423 ieram
965 5380 1020 5423 et
1055 5386 1223 5440 prope
1254 5372 1548 5426 belluiuam
1574 5390 1786 5443 omnes,
1819 5396 1987 5450 appe-

418 5460 672 5513 titionum
727 5476 952 5514 suarum
1006 5462 1210 5531 impetu
1271 5464 1460 5527 ducti,
1509 5477 1742 5535 egerunt
1797 5472 1984 5529 vitam.

415 5550 535 5604 Non
584 5551 766 5619 itaque
807 5552 883 5605 illi
924 5553 1089 5608 urbes
1136 5554 1438 5617 incoluere,
1475 5572 1584 5609 non
1631 5560 1845 5615 artibus
1894 5574 1989 5619 aut

442 5724 447 5731 ι
488 5663 506 5689 ’
539 5664 636 5715 lsa.
672 5679 783 5727 Llll,
813 5665 865 5718 8.
944 5663 1122 5720 'Gcn.
1156 5680 1196 5729 I,
1219 5666 1310 5722 26.

2716 3848 2969 3906 ΚΕΦΑΔ.
3011 3852 3085 3907 Γ’.

2098 3950 2293 4047 Διὶ-’ξμς
2317 3955 2523 4047 alti/gr;
2543 3959 2628 4047 pi!
2654 3963 2887 4047 ἄνωθεν
2909 3970 2960 4046 ,ὁ
2999 3971 3259 4047 Χριστὸς
3288 3975 3641 4047 ἐνηνθρώπη
3659 4010 3676 4021 ο

2168 4035 2301 4116 (Ξενῖ
2334 4024 2577 4116 citrei:
2593 4033 2829 4116 ᾥστέριρ
2861 4036 2980 4116 τῶν
2999 4024 3250 4116 ’χρόῂωῖ
3292 4024 3678 4116 hihi-“iet

2171 4092 2303 4160 περὶ
2332 4094 2441 4162 τῆς
2474 4097 2677 4154 ἀιδίου
2708 4092 2808 4157 καί
2835 4092 3080 4165 amri);
3098 4092 3675 4184 *ﬁJeza'éidZTaotZE

2172 4204 2411 4260 Ἥκιστα
2457 4210 2516 4264 δὲ
2573 4215 2877 4286 θαυμάζειν
2912 4224 3056 4294 χρὴ,
3090 4226 3172 4279 ὅτι
3207 4232 3282 4299 μὴ
3326 4229 3520 4302 ὥσπερ
3548 4235 3675 4302 νῦν,

2098 4295 2163 4347 ἐκ
2197 4297 2388 4352 πολλοῦ
2422 4303 2733 4374 ἀνθρώποις
2766 4314 2898 4365 πᾶσι
2931 4320 3026 4368 καὶ
3055 4317 3267 4372 ἔθνεσιν
3297 4324 3628 4393 έγνωρίζετο
3656 4344 3666 4354 ·

2099 4386 2268 4458 ἡγὰρ
2317 4391 2496 4461 πάσης
2532 4396 2818 4467 ἀκριϐείας
2859 4406 2952 4457 καὶ
3000 4386 3349 4481 στελι-ῖιότητῐος⁷
3392 4386 3673 4484 πάνσοφος

2099 4479 2194 4532 καὶ
2225 4483 2531 4554 πανάρετος
2567 4490 2662 4543 τοῦ
2702 4494 2941 4562 Χριστοῦ
2976 4500 3298 4557 διδασκαλία
3355 4508 3452 4576 οὐχ
3485 4509 3574 4562 οἶα
3612 4527 3673 4562 τε

2098 4565 2167 4640 ἦν
2197 4572 2275 4642 τῷ
2314 4575 2484 4630 πάλαι
2526 4580 2635 4634 τῶν
2676 4585 2981 4657 ἀνθρώπων
3028 4592 3150 4663 βίῳ,
3201 4597 3296 4649 καὶ
3330 4565 3567 4666 μάλιστά
3608 4619 3672 4669 γε

2102 4672 2494 4762 προσήκουσαι
2545 4675 2638 4727 καὶ
2678 4676 2787 4746 γὰρ
2839 4681 2902 4731 ὲκ
2942 4694 3247 4752 προοιμιων
3281 4688 3464 4752 εὐθὺς,
3510 4693 3539 4743 ὀ
3577 4692 3676 4762 τὴ)

2064 4747 2290 4821 ’ἀγήρω
2322 4757 2416 4808 καὶ
2454 4762 2736 4831 μακαρίαν
2777 4765 2924 4836 ζωὴν
2956 4747 3219 4840 είληῷὼς,
3271 4777 3299 4828 ὁ
3335 4747 3549 4847 πριῖτος
3585 4747 3677 4851 δή·

2099 4840 2236 4913 λαδὴ
2264 4844 2574 4917 ἄνθρωπος,
2613 4856 2708 4906 καὶ
2736 4856 2831 4909 τοῦ
2861 4861 3045 4927 γένους
3080 4865 3237 4933 ἡμῶν
3261 4840 3671 4938 ἀρχηγὸςξὲλεί-

2100 4948 2262 5001 χιστα
2292 4936 2390 5006 τῆς
2421 4938 2714 5015 δεδομένης
2755 4948 2980 5022 ἐντολῆς
3032 4936 3364 5024 φροντίσας,
3391 4936 3516 5014 αντὶ
3572 4963 3672 5034 τῆς
3699 5028 3712 5039 ,

2099 5026 2368 5082 ἀθανάτου
2398 5031 2495 5101 τὴν
2530 5036 2798 5110 ἐπίκηρον
2828 5043 3093 5112 ἠλλάξατο
3139 5048 3342 5121 βιοτήν.
3380 5054 3487 5108 Καί
3518 5072 3582 5121 γε

2098 5114 2157 5175 ἐξ
2184 5119 2394 5175 ἐκείνου
2446 5126 2579 5179 πολὺ
2627 5134 2846 5200 χείρους
2881 5138 3187 5207 γενόμενοι,
3231 5141 3370 5212 πλὴν
3414 5145 3532 5209 ἑνός
3570 5165 3669 5199 που

2098 5209 2335 5276 καὶδύο,
2396 5216 2587 5286 ἄγριόν
2639 5240 2760 5275 τινα
2812 5231 2907 5278 καὶ
2962 5228 3202 5302 Θηριώδη
3240 5209 3426 5303 σχεδὸν
3470 5238 3668 5301 πάντες

2098 5299 2446 5371 ὲπανῄρηντο
2500 5309 2638 5379 βίον,
2682 5315 2887 5388 οἴστρῳ
2911 5320 3021 5371 τῶν
3051 5299 3199 5376 ἰδίων
3236 5299 3470 5394 ὀρέξεων
3510 5299 3671 5398 saepe;

2100 5389 2343 5458 ρόμενοι.
2401 5399 2476 5452 Οὐ
2522 5404 2708 5457 τοίνυν
2742 5408 2932 5473 πόλεις
2976 5411 3175 5482 ᾤκουν,
3229 5419 3290 5470 οὐ
3325 5419 3541 5489 τεχνην,
3574 5423 3669 5475 οὐκ

2100 5483 2412 5579 ἐπιστήμας
2468 5495 2762 5566 μετῄεσανο
2802 5503 3000 5557 πολλοῦ
3041 5522 3105 5575 γε
3143 5509 3252 5579 μὴν
3290 5483 3535 5575 ἐκείνοις
3560 5513 3668 5567 ἔδει

2098 5572 2277 5642 νόμων
2307 5597 2363 5632 τε
2409 5588 2503 5636 καὶ
2548 5587 2707 5643 θείων
2759 5572 3170 5668 δικαιωμάτων..
3205 5572 3409 5676 "Aps-ci;
3578 5611 3666 5659 ναὶ

489 5784 564 5839 Η)
590 5781 701 5837 lloc
733 5785 1005 5852 exquisite
1043 5799 1098 5843 et
1133 5789 1441 5848 luculenter
1477 5798 1530 5852 in
1567 5799 1835 5867 Trgplione
1882 5818 1984 5862 suo
2027 5816 2223 5869 tractat
2256 5812 2313 5871 S.
2338 5816 2608 5879 Justinus.
