4032 6414
363 346 468 408 635

366 554 507 615 ζετο.
539 553 787 619 Νομάδες
811 554 869 609 δέ
904 572 1049 620 τινες
1098 557 1184 610 ἐπ’
1216 560 1453 629 ἐρημίας
1488 562 1702 631 διῆγον,
1741 564 1811 616 τὰ
1844 566 1943 633 μὲν

366 646 710 718 ἐνσπαρέντα
744 649 808 718 τῇ
854 648 1015 716 φύσει
1044 649 1241 719 λογικά
1275 644 1570 723 σπέρματα
1599 656 1946 727 διαφθείρον⁴

362 756 494 807 τες,
542 740 741 795 κακίαν
773 739 832 794 δὲ
875 742 1059 796 πᾶσαν
1090 742 1151 808 ἐξ
1185 744 1657 817 αὐτοπροαιρέτου
1709 750 1906 818 γνώμη
1916 766 1944 812 ς

362 833 863 903 ἀναπλαττόμενοι,
921 834 1187 907 σύμπαν,
1235 839 1376 910 ὅπερ
1425 840 1700 909 χείριστον
1736 842 1945 907 αὐτοῖς,

362 924 537 989 ἀδεῶς
568 926 978 996 διεπράττοντο·
1028 928 1105 994 ὡς
1163 930 1293 985 ποτὲ
1340 932 1442 1000 μὲν
1495 910 1728 1002 φθοραῖς
1752 951 1813 987 τε
1851 936 1949 989 καὶ

364 1019 547 1084 φόνοις
576 1021 691 1084 τοῖς
718 1021 841 1075 κατ’
876 1020 1124 1092 ἀλλήλων
1155 1023 1496 1093 ὁπλίζεσθαι,
1535 1026 1623 1081 ὁτὲ
1651 1027 1709 1080 δὲ
1744 1027 1949 1097 θεομα-

362 1112 480 1179 χεῖν
510 1110 808 1181 αἱρεῖσθαι,
834 1112 931 1166 καὶ
958 1113 1165 1185 τολμᾷν
1188 1115 1553 1186 ἐπιτειχίζειν
1581 1119 1686 1186 γῆν
1705 1118 1946 1190 οὐρανῷ,

366 1202 608 1269 κὶκείνῳ
645 1204 1056 1273 προσαράσσειν
1080 1205 1179 1274 τὴν
1208 1206 1456 1279 κεφαλήν
1483 1221 1497 1236 °
1537 1209 1634 1263 καὶ
1664 1209 1758 1262 ἐπὶ
1789 1210 1950 1264 τόσον

364 1292 485 1343 κη’
515 1290 698 1343 αὐτῶν
724 1292 964 1362 ἐγείρειν
1001 1293 1101 1362 τὴν
1126 1294 1343 1366 ἄμαχον
1387 1296 1618 1368 δύναμιν
1650 1300 1950 1368 μετιοῦσαν

366 1381 426 1434 τὸ
457 1379 690 1447 αὔθαδες
714 1400 775 1437 τε
804 1386 901 1437 καὶ
933 1385 1209 1457 ἄκαρπον,
1251 1388 1394 1442 καθά
1422 1405 1545 1442 τινα
1576 1389 1711 1460 ὓλην
1745 1391 1950 1460 ἀγρίαν

368 1476 511 1529 κατὰ
541 1476 722 1547 πάσης
758 1479 1069 1549 κεχυμένην
1099 1481 1198 1550 τῆς
1234 1483 1357 1552 γῆς’
1395 1482 1470 1546 ὡς
1513 1483 1646 1538 ποτὲ
1683 1484 1782 1553 μὲν
1817 1484 1951 1539 Θεὸν

375 1566 710 1638 ὑπερϐολαῖς
766 1569 976 1624 ὑδάτων
1018 1571 1247 1635 τούτους
1294 1573 1619 1643 ἀμύνεσθαι,
1676 1576 1866 1632 ἄλλοτε
1892 1578 1951 1633 δὲ

370 1659 545 1729 πυρὸς
578 1659 800 1737 ὀχετοῖς
830 1661 928 1715 καὶ
961 1664 1246 1735 κεραυνῶν
1274 1665 1574 1738 ἀνημέροις
1603 1652 1786 1738 βολαῖς
1819 1671 1953 1725 ἀνα-

372 1752 612 1807 στέλλειν
645 1756 941 1825 πειρᾶσθαι
973 1757 1070 1828 τὴν
1104 1758 1330 1813 ἐκείνων
1360 1760 1461 1830 τῆς
1492 1761 1693 1826 κακίας
1720 1763 1952 1834 ἄσχετον

1319 352 1856 418 ECCLESIASTIC
1885 357 1926 417 E
1972 358 2369 421 IIISTORLE
2414 362 2559 422 LIB.
2608 363 2650 423 [ι

366 463 651 530 φιλοσοφία
684 462 811 534 παρ’
833 463 1017 528 αὐτοῖς
1041 463 1161 519 οὐδὲ
1195 466 1389 538 μέχρις
1416 470 1683 536 ὀνόματος
1710 474 1937 543 ἐγνωρί-

2069 474 2316 529 loctrinis
2380 476 2740 548 scientiisque
2808 478 3026 550 ingenia
3095 482 3405 545 excoluere,
3474 485 3503 537 ιε

3521 371 3625 430 (ἱῖξῖ

3515 504 3631 555 ιῗξξζυ

2049 566 2218 622 etiam
2255 583 2282 621 a
2314 569 2527 638 legibus
2571 569 2885 640 divinisque
2935 574 3173 629 cultibus
3205 586 3259 630 et
3287 578 3636 646 institit-alin-

2050 655 2220 711 nibus
2263 657 2509 713 abfuere.
2544 659 2730 713 Virtus
2767 675 2933 729 porro
2967 670 3023 715 et
3058 663 3403 733 philosoohia
3455 683 3520 718 ne
3569 668 3637 719 de

2051 748 2280 804 nomine
2312 750 2535 819 quidem
2568 751 2709 820 apud
2743 767 2838 807 eos
2871 764 3013 808 notae
3047 754 3198 809 fuere
3232 771 3245 809 :
3281 756 3375 810 sed
3411 760 3637 825 perinde

2051 852 2219 912 atque
2274 843 2500 911 quidam
2544 844 2841 913 nomades,
2894 847 3141 915 palantes
3200 849 3253 903 in
3308 849 3440 904 solis
3502 851 3637 907 locis

2051 933 2264 997 vixere,
2297 941 2352 985 et
2380 933 2544 987 insita
2578 934 2684 988 sibi
2722 950 2751 990 a
2781 948 2977 990 natura
3011 938 3243 993 rationis
3273 944 3483 995 semina
3515 955 3638 995 cor-

2052 1034 2394 1095 rumpentes,
2418 1043 2483 1080 ac
2513 1027 2870 1083 vitiositatem
2910 1030 3282 1100 malitiamque
3309 1047 3535 1087 onmem
3572 1047 3638 1085 ex

2050 1117 2210 1173 liberi
2245 1118 2463 1172 arbitrii
2496 1121 2769 1174 sententia
2805 1122 3161 1190 relingeutcs,
3191 1122 3460 1193 quidquid
3493 1133 3642 1177 esset

2052 1210 2385 1278 pessimum,
2421 1210 2619 1265 timore
2650 1211 2905 1281 deposito
2936 1229 3197 1284 peregere
3227 1232 3241 1269 :
3276 1231 3450 1284 usque
3478 1215 3641 1280 adeo,

2055 1309 2115 1357 ut
2151 1301 2488 1372 quandoque
2532 1303 2758 1374 quidem
2793 1305 2858 1359 ad
2898 1316 3119 1360 mutuas
3156 1306 3333 1362 credes
3372 1320 3426 1362 ct
3462 1308 3643 1361 homi-
3706 1363 3711 1369 ,

2054 1395 2200 1449 cidia
2234 1396 2383 1449 inter
2415 1410 2472 1449 se
2504 1398 2700 1450 armati
2733 1410 3155 1469 consurgerent,
3186 1399 3484 1468 aliquando
3513 1415 3647 1453 vero

2053 1487 2166 1541 Deo
2219 1486 2425 1541 bellum
2480 1486 2686 1543 inferre
2743 1487 3075 1558 inciperent,
3113 1506 3390 1559 superque
3441 1499 3644 1545 terram

2054 1577 2400 1633 munitiones
2438 1590 2490 1632 et
2519 1593 2720 1635 muros
2756 1590 3083 1637 construere
3121 1582 3388 1636 adversus
3422 1582 3642 1642 malum,

2052 1681 2107 1724 et
2147 1680 2313 1739 caput
2358 1669 2425 1724 ad
2471 1670 2523 1724 id
2572 1671 2808 1738 illidere,
2847 1688 2909 1726 ac
2942 1674 3252 1731 instantum
3289 1673 3530 1743 denique
3563 1673 3647 1725 in~

2054 1766 2477 1835 expugnabilem
2523 1769 2629 1820 vim
2671 1776 2730 1822 et
2776 1769 3077 1838 potentiam
3129 1769 3184 1823 in
3233 1784 3291 1822 se
3340 1781 3645 1839 provocare

374 1846 578 1918 ῥύμην,
616 1846 798 1915 λιμοῖς
830 1864 890 1901 τε
938 1848 1075 1918 ὁμοῦ
1132 1852 1229 1903 καὶ⁵
1270 1850 1504 1919 λοιμοῖς,
1540 1852 1707 1905 εῖδεσί
1740 1870 1800 1905 τε
1834 1854 1951 1908 δια-

2069 1864 2218 1925 ιιψιε
2248 1857 2491 1912 excitare
2523 1859 2813 1924 auderent,
2850 1871 2908 1915 ut
2952 1860 3020 1914 ad
3053 1860 3419 1915 coercendam
3450 1872 3645 1913 eorum

373 1939 557 2008 φόρων
588 1937 868 2007 πολέμων,
900 1940 1041 2010 πρὸς
1063 1938 1164 2009 τὴν
1197 1938 1306 1994 τῶν
1331 1942 1521 1995 κακῶν
1572 1942 1840 2013 ἀνάλογον
1874 1944 1959 1997 κί-

2052 1947 2220 2002 simul
2252 1958 2308 2003 et
2339 1950 2685 2019 perfractam
2718 1952 3111 2020 temeritatem,
3140 1962 3195 2008 et
3223 1952 3387 2007 inane
3420 1951 3648 2006 inutile-

374 2046 530 2097 νησιν
577 2028 883 2100 χρώμενον,
940 2037 1035 2086 καὶ
1090 2032 1169 2095 ῶς
1218 2028 1332 2086 οἷον
1381 2034 1583 2097 εἰπεῖν,
1637 2032 1739 2103 τὴν
1780 2032 1955 2098 οὕτως

2069 2056 2161 2109 lue
2185 2050 2456 2112 carptum,
2483 2053 2745 2113 tanquam
2780 2045 3152 2114 perniciosam
3181 2045 3436 2100 nocentis
3463 2042 3650 2098 herba:

372 2122 597 2192 ἀπηνῶς
629 2124 1030 2196 ἐπινεμομένην
1060 2125 1172 2179 τῶν
1198 2124 1390 2199 ψυχῶν
1422 2127 1601 2193 νόσον,
1649 2126 1743 2180 καὶ
1764 2125 1957 2190 δεινῶς

2069 2135 2267 2204 sylvam
2302 2151 2400 2206 per
2434 2139 2749 2194 universam
2785 2148 2989 2193 terram
3023 2138 3278 2206 cﬂ‘usam,
3317 2136 3465 2191 Deus
3504 2151 3652 2190 nunc

375 2216 676 2285 ἕρπουσαν,
703 2215 1171 2288 δραστικωτὲροις
1214 2217 1601 2289 κολαστηρίοις
1651 2218 1958 2274 ἀνακαθαί-

2074 2228 2335 2283 m’meusis
2377 2245 2645 2300 aquarum
2689 2230 2916 2287 diluviis
2959 2232 3271 2297 vindicare,
3310 2246 3459 2285 nunc
3512 2229 3651 2283 bor-

377 2324 558 2375 ροντα.
2048 2319 2239 2374 rendis
2281 2322 2425 2393 ignis
2470 2323 2749 2379 imbribus
2800 2339 3194 2393 compescere,
3239 2334 3297 2379 et
3343 2323 3651 2378 violentum
3705 2386 3712 2394 _

376 2405 733 2475 malignitatis
761 2422 958 2463 eorum
1026 2408 1297 2479 impetum
1336 2408 1644 2480 reprimere
1707 2409 2146 2481 aggrederetur:
2217 2427 2273 2472 et
2308 2428 2575 2488 przcterca
2621 2419 2763 2475 fame
2820 2421 2985 2475 simul
3062 2432 3117 2475 et
3145 2429 3331 2491 peste,
3378 2426 3434 2475 et
3482 2417 3654 2474 variis

376 2503 645 2559 bellorum
677 2505 973 2575 generibus
1001 2505 1069 2560 ad
1102 2506 1451 2562 indecentem
1487 2514 1544 2562 et
1578 2507 1952 2577 importunam
1996 2511 2267 2568 malorum
2336 2516 2679 2572 molitionem
2710 2517 3011 2574 tollendam
3046 2526 3300 2572 uteretur
3328 2534 3342 2572 :
3410 2524 3652 2569 tantam-

377 2612 483 2666 que
507 2599 822 2653 animorum
855 2598 942 2670 (ut
971 2598 1047 2654 ita
1085 2599 1291 2670 dicam)
1329 2601 1477 2654 luem
1511 2598 1736 2670 impune
1772 2601 1957 2656 omnia
1997 2600 2412 2675 depascentem,
2472 2610 2823 2681 graviterque
2857 2609 3312 2675 invalesceutem,
3378 2608 3655 2664 eﬂicacio-

377 2694 528 2747 ribus
562 2701 887 2764 repurgat-et
913 2692 1177 2749 remediis
1206 2702 1263 2750 et
1292 2695 1495 2764 prauis.

456 2784 725 2856 Ὅπηνίκα
743 2785 928 2840 τοίνυν
954 2786 1252 2848 ὀτοσοῦτος
1276 2785 1380 2854 τῆς
1403 2787 1601 2849 κακίας
1621 2785 1792 2855 κάρος
1813 2786 1957 2839 κατά

2136 2787 2509 2858 Posteaquam
2543 2789 2713 2862 igitur
2743 2798 2891 2845 tanta
2920 2788 3251 2860 malignitas,
3276 2788 3651 2858 vitiorumque

378 2881 598 2935 πάντων
646 2880 836 2951 σχεδὸν
885 2881 1138 2950 ἐπεχεῖτο
1187 2873 1279 2933 οἷά
1331 2896 1416 2942 τις
1473 2879 1613 2948 μέθη
1649 2880 1822 2948 δεινὴ,
1856 2880 1956 2942 τὰς

2069 2880 2311 2934 nomium
2345 2883 2605 2950 gravedo,
2632 2883 2865 2954 perinde
2900 2895 3065 2953 atque
3106 2882 3368 2937 damnosa
3402 2880 3651 2951 qua-dam

380 2974 530 3043 σφῶν
558 2971 926 3027 ἐπισκοτοῦσα
984 2970 1188 3042 ψυχάς,
1241 2971 1406 3035 αὐτὸς
1444 2974 1473 3024 ὁ
1498 2972 1816 3040 πανάγαθος
1861 2970 1957 3025 τοῦ

2069 2971 2329 3033 ebrietas,
2352 2990 2446 3042 per
2475 2989 2667 3028 omaos
2700 2974 2814 3029 fere
2844 2985 2930 3029 est
2961 2984 3229 3044 grassata,
3249 2972 3653 3044 caligincmque

377 3065 512 3121 Θεοῦ
546 3067 720 3135 Λόγος
754 3064 1087 3135 ὑπερϐολαῖς
1110 3065 1213 3135 τῆς
1243 3064 1455 3129 οἰκείας
1485 3067 1788 3136 ἡττημένος
1827 3083 1961 3140 χρη-

2069 3079 2255 3118 eorum
2307 3065 2509 3121 animis
2556 3066 2784 3131 olludit,
2842 3067 3023 3137 ipsum
3083 3067 3332 3121 omnium
3385 3062 3657 3134 optimum

380 3159 658 3230 στότητος,
705 3158 784 3231 τῷ
811 3175 872 3211 τι
913 3157 1131 3229 φυσικῷ
1162 3158 1335 3229 νόμῳ,
1378 3158 1568 3212 ἄλλοτε
1610 3160 1658 3212 δ’
1704 3155 1956 3228 ἀγγέλων

379 3253 749 3319 ἐπιστασίαις,
780 3251 871 3305 6τέ
900 3251 957 3305 δὲ
986 3253 1082 3306 καὶ
1119 3251 1187 3305 δι’
1225 3251 1424 3305 ἑαυτοῦ
1475 3255 1774 3323 μυστικαῖς
1816 3271 1960 3307 τισιν

380 3345 729 3417 ἐπιφανείαις
755 3344 867 3399 τῶν
896 3343 1067 3399 πάλαι
1096 3344 1445 3415 περιϐοήτων
1483 3345 1542 3397 ἐν
1583 3344 1833 3417 θεοφιλίᾳ
1864 3346 1961 3399 ἀν-

379 3440 525 3512 δρῶν
577 3440 785 3507 ὀλίγοις
832 3456 937 3492 που
994 3438 1338 3507 ἐπεφαίνετο,
1390 3436 1682 3507 ἀνθρώπου
1743 3438 1962 3507 μορφὴν

384 3535 582 3589 ὑπιώψ
616 3534 701 3588 ὅτι
739 3548 805 3601 γε
843 3531 968 3603 μηδ’
1009 3531 1187 3594 ἄλλως
1223 3526 1292 3602 ἦν
1324 3532 1458 3602 όρᾷν
1499 3531 1682 3592 αὐτοῖς
1715 3530 1957 3597 ἐφικτόν.

393 3626 482 3690 Ὠς
516 3626 563 3680 δ’
604 3625 922 3693 ἀρκούντως
970 3621 1116 3676 οὕτω
1152 3621 1240 3675 διὰ
1284 3623 1396 3681 τῶν
1426 3620 1587 3674 θείων
1611 3620 1838 3673 ἐκείνων
1870 3619 1963 3673 ἀν-

383 3718 526 3790 δρῶν
575 3716 646 3770 τά
691 3718 791 3786 τῆς
838 3713 1156 3777 θεοσεϐείας
1210 3715 1290 3775 είς
1347 3712 1579 3776 πολλοὺς
1631 3711 1965 3765 κατεϐάλετο

388 3809 699 3879 σπέρματαο
737 3805 889 3868 ἔθνος
940 3819 999 3855 τε
1033 3800 1319 3871 θεοσεϐείᾳ.
1366 3800 1725 3871 προσανέχον,
1775 3801 1838 3852 ἐκ
1867 3797 1962 3852 τοῦ

386 3902 529 3956 κατά
560 3897 738 3971 βραχὺ
774 3895 1071 3966 ὁλόκληρον
1102 3894 1315 3964 ὑπέστη
1359 3897 1455 3948 καὶ
1484 3892 1821 3966 ἐγνωρίζετο
1844 3909 1856 3923 ’
1888 3893 1966 3957 ὼς

387 3996 465 4055 εἰς
497 3991 652 4064 ῥίζαν
674 3989 947 4059 ἀναφέρον
979 3986 1218 4058 βλάστης
1243 3985 1644 4057 τὸν-Ἀϐραὰμ,
1675 3985 1836 4040 τοῦτο
1868 3986 1968 4057 μὲν

387 4088 589 4140 ὡσανεὶ
613 4086 734 4147 ταῖς
782 4081 954 4137 πάλαι
985 4083 1080 4136 καὶ
1113 4081 1218 4148 πρδ
1253 4079 1483 4150 βραχέος
1517 4080 1750 4143 διαίταις
1785 4078 1969 4143 καλῶς

387 4175 849 4249 ὲνττθραμμένον,
876 4174 1028 4244 νόμῳ
1060 4175 1138 4244 τῷ
1171 4174 1260 4227 διά
1294 4175 1541 4237 Μωσέως
1568 4170 1658 4227 οἷά
1696 4190 1806 4227 τινι
1850 4189 1967 4244 χει-

391 4270 631 4344 ραγωγῷ
656 4270 789 4340 πρδς
826 4266 1050 4338 μείζονα
1101 4266 1420 4319 θεοσέϐειαν
1455 4265 1756 4335 ἐγχειρίζει
1778 4281 1792 4296 ·
1827 4265 1970 4336 σύμ-

390 4364 521 4417 ίιολά
548 4379 605 4416 τε
642 4362 738 4414 καὶ
778 4360 995 4420 εἰκόνας
1040 4358 1324 4412 Σαϐϐάτου
1356 4358 1451 4410 καὶ
1501 4357 1834 4429 περιτομῆς,
1874 4358 1968 4411 καί

387 4470 542 4516 τινας
581 4452 776 4521 ἐτέρας
821 4451 1137 4517 εἰσαγωγὰς
1191 4448 1484 4519 θειοτέρων
1533 4449 1826 4519 νοημάτων
1876 4450 1973 4503 καὶ

2065 3154 2176 3211 Deo
2216 3155 2489 3223 Verbum,
2538 3159 2920 3229 magnitudine
2966 3157 3231 3214 bonitatis
3278 3155 3518 3227 propria:
3566 3168 3660 3209 c0-

2064 3260 2277 3312 actum,
2312 3266 2459 3304 nunc
2499 3267 2597 3321 per
2622 3262 2834 3306 natura:
2869 3253 3069 3321 legem,
3104 3263 3254 3304 nunc
3301 3263 3399 3317 per
3435 3245 3663 3314 angelo-

2070 3356 2190 3394 rum
2240 3340 2536 3395 adventant
2592 3352 2646 3395 et
2697 3341 3074 3411 praesentiam,
3115 3338 3450 3409 quandoque
3490 3338 3661 3392 etiam

2070 3446 2169 3502 per
2201 3449 2258 3487 se
2290 3433 2470 3502 ipsum
2505 3434 2753 3504 mysticis
2793 3432 3129 3503 quibusdam
3160 3442 3218 3486 et
3248 3429 3467 3485 arcanis
3492 3444 3663 3499 appa-

2074 3525 2394 3588 ritionibus.
2438 3526 2632 3594 paucis
2678 3524 3015 3595 quibusdam
3056 3525 3150 3594 qui
3190 3523 3499 3593 antiquitus
3542 3522 3662 3590 pie-

2073 3626 2182 3671 tate
2211 3626 2265 3671 et
2299 3633 2486 3673 amore
2520 3618 2612 3671 Dei
2647 3618 2780 3673 clari
2814 3619 3149 3673 exstiterunt
3176 3616 3334 3681 viris,
3362 3614 3565 3669 alicubi
3600 3628 3660 3669 se

2071 3710 2345 3776 exhibuit,
2382 3711 2624 3765 hominis
2656 3709 2827 3765 forma
2861 3719 3144 3779 assumpta
3175 3726 3188 3762 :
3228 3708 3376 3778 quod
3418 3706 3523 3778 47
3557 3705 3660 3759 ali-

2076 3812 2159 3859 ter
2205 3804 2261 3860 id
2303 3803 2440 3874 ipsis
2486 3805 2735 3874 aSpicere
2786 3819 3109 3859 concessum
3158 3817 3269 3857 non
3312 3812 3481 3857 esset.
3520 3798 3660 3855 Cum

2076 3914 2244 3968 porro
2263 3899 2399 3953 satis
2427 3899 2492 3952 ad
2526 3914 2655 3953 eum
2688 3899 2913 3952 modum
2961 3913 3061 3966 per
3100 3895 3320 3950 divinos
3358 3894 3482 3948 illos
3516 3892 3667 3949 viros

2076 3990 2133 4046 in
2179 3986 2383 4046 multos
2433 3990 2687 4046 homines
2737 3988 2960 4060 pietatis
3005 3989 3297 4057 cultusque
3340 3986 3433 4043 Dei
3479 3986 3669 4056 conje-

2078 4085 2249 4142 cisset
2277 4085 2513 4150 semina,
2546 4093 2603 4139 et
2645 4101 2780 4155 gens
2823 4083 2916 4137 tali
2954 4082 3127 4137 cultui
3170 4080 3358 4136 dedita
3396 4079 3664 4149 paulatim

2078 4180 2134 4234 in
2172 4179 2292 4235 dies
2327 4178 2500 4250 magis
2538 4179 2826 4249 magisque
2864 4177 2915 4231 in
2947 4184 3126 4230 ‘nnutn
3167 4175 3505 4230 coalesceret
3542 4189 3668 4227 cor-

2078 4287 2200 4343 pus,
2232 4281 2288 4326 et
2329 4272 2485 4341 quasi
2518 4287 2741 4341 germen
2788 4270 3068 4339 quoddam
3111 4268 3295 4322 radice
3335 4277 3457 4331 sua,
3493 4267 3669 4319 Abra-

2081 4366 2246 4418 batno
2277 4364 2377 4418 niti
2410 4372 2839 4434 cognosceretur
2876 4379 2889 4415 :
2925 4362 2973 4415 ei
3005 4360 3152 4430 genti
3185 4375 3307 4429 qn.e
3336 4368 3390 4412 et
3426 4358 3671 4426 antiqui-

2083 4468 2195 4523 tus,
2227 4466 2279 4512 et
2306 4473 2415 4511 non
2447 4456 2520 4510 ita
2549 4455 2759 4525 pridem
2800 4456 2909 4507 vita
2945 4463 3001 4506 et
3035 4453 3283 4507 moribus
3315 4453 3420 4506 rite
3449 4451 3669 4505 exculta

394 4545 790 4616 μυσταγωγίας
846 4540 1260 4612 παραδεικνύει,
1315 4543 1415 4594 οὐκ
1457 4543 1712 4612 ἐναργεῖς
1761 4542 1963 4612 μέντοι¹

2080 4558 2247 4615 esset,
2281 4550 2455 4620 legem
2491 4564 2590 4618 per
2633 4549 2848 4609 Mosen,
2891 4545 3119 4615 perinde
3164 4553 3330 4614 atque
3373 4544 3668 4614 quemdam

393 4641 508 4693 ἀλλ’
538 4640 789 4710 ἀμυδράς
816 4655 876 4691 τε
916 4637 1011 4691 καὶ
1045 4636 1298 4699 σκιώδεις
1343 4637 1439 4689 καὶ
1491 4634 1694 4698 ταύτας
1745 4635 1976 4706 παραδι-

392 4729 537 4791 δούς.
572 4729 660 4790 Ὠς
687 4727 732 4780 δ’
781 4723 1035 4779 ἐντεῦθεν
1078 4722 1424 4794 πανταχόθεν
1458 4723 1652 4776 τούτου
1701 4722 1981 4776 διαδοθέν-

392 4808 509 4888 ἓος,
541 4824 605 4877 ἐκ
634 4819 726 4874 τοῦ
754 4818 996 4889 άπηνοῦς
1016 4818 1225 4872 ἐκείνου
1264 4817 1360 4871 καὶ
1399 4816 1595 4887 ἀγρίου
1626 4815 1744 4885 βίου
1775 4817 1964 4887 ἠρέμα

400 4912 925 4987 μετερρυθμίζοντο,
961 4912 1278 4980 φιλοσοφεῖν
1306 4927 1367 4962 τε
1397 4908 1687 4973 ἐπέϐαλον,
1719 4909 1813 4961 καὶ
1841 4909 1980 4979 πρὸς

396 5010 659 5079 ἀλλήλους
691 5008 875 5077 φιλίας
903 5024 963 5059 τε
994 5008 1088 5058 καὶ
1121 5002 1409 5075 ἐπιμιξίας
1442 5002 1588 5073 ἔχειν
1609 5005 1978 5073 κατήρχοντω

393 5104 470 5173 τῷ
499 5102 836 5172 παιδαγωγῷ
875 5102 1026 5172 νόμῳ
1055 5094 1145 5153 οἷά
1187 5116 1294 5153 τινι
1346 5098 1535 5151 κανόνι
1573 5097 1850 5169 χρώμενοι
1885 5100 1982 5153 καὶ

396 5196 880 5262 ἐκπαιδευόμενοι·
914 5195 1013 5249 καὶ
1042 5194 1147 5265 πρό
1178 5210 1242 5254 γε
1289 5194 1511 5246 πάντων
1558 5192 1792 5261 ἔμπεδος
1819 5194 1852 5262 ἡ
1884 5193 1979 5245 τοῦ

396 5290 528 5343 Θεοῦ
557 5289 770 5358 [ἰατρὸς
806 5288 1005 5355 γνῶσις
1035 5288 1268 5350 ἐκείνοις
1292 5285 1704 5359 κατερῤιζοῦτο·
1726 5286 1889 5353 δεξιοί
1920 5302 1980 5339 τε

397 5385 492 5437 καὶ
522 5382 823 5451 ἐπιτήδειοι
853 5382 943 5433 καὶ
975 5381 1112 5449 πρὸς
1142 5381 1458 5450 παραδοχὴν
1502 5377 1767 5448 μειζόνων
1813 5395 1983 5449 σπερ-

401 5476 588 5545 μάτων
620 5472 956 5543 θεογνωσίας
985 5472 1191 5525 ὡσανεὶ
1220 5469 1382 5542 ἦσαν’
1419 5470 1727 5542 τηνικαῦτα
1757 5473 1784 5525 ὁ
1818 5471 1981 5534 αὐτὸς

403 5569 570 5622 πάλιν
595 5567 705 5622 τῶν
737 5567 974 5637 πρώτων
1007 5566 1106 5635 τῆς
1134 5565 1335 5634 ἀρετῆς
1373 5567 1705 5636 σπερμάτων
1738 5566 1981 5618 καταϐο-

396 5662 546 5730 λεὺς,
571 5663 600 5715 ὁ
622 5660 715 5714 τοῦ
738 5660 875 5714 Θεοῦ
909 5661 1083 5727 Λόγος
1111 5662 1137 5713 ὁ
1159 5659 1395 5728 άναρχός
1420 5675 1479 5710 τε
1505 5660 1599 5711 καὶ
1622 5658 1976 5729 προαιώνιοςσ

401 5759 523 5809 ἐπεὶ
566 5755 687 5826 μηδ’
721 5755 895 5818 ἄλλως
922 5750 989 5827 ἦν
1023 5752 1306 5824 ἐγχωροῦν
1335 5754 1394 5806 τὸ
1428 5754 1700 5823 ἡμέτερον
1731 5755 1826 5823 τῆς
1853 5755 1979 5806 ἐπι-

402 5851 708 5917 Κλυμένης
740 5846 996 5912 καθάπαξ
1042 5846 1423 5916 ἀπλλ).αγῆναι
1476 5847 1633 5916 ἀρᾶς·
1693 5848 1786 5900 καὶ
1847 5834 1980 5915 πρὸς

2080 4643 2277 4698 ducem
2308 4653 2359 4694 et
2393 4640 2874 4700 manuductoretu,
2908 4639 2971 4691 ad
3013 4639 3451 4708 pnestautiorcm
3496 4638 3671 4708 pieta-

2083 4741 2216 4794 tem,
2255 4732 2464 4800 Deique
2510 4731 2741 4793 cultum,
2785 4728 3015 4783 tradidit
3049 4746 3062 4782 :
3100 4729 3347 4800 symbolo
3388 4737 3443 4784 et
3489 4730 3666 4800 signa,

2082 4824 2393 4895 ﬁgurasque
2436 4830 2494 4876 et
2541 4822 2809 4892 imagines
2846 4821 3071 4877 Sabbati
3108 4831 3164 4875 et
3201 4822 3669 4889 circumcisionis,

2080 4924 2137 4970 et
2172 4916 2276 4968 alia
2313 4915 2563 4984 quatdam
2609 4917 2881 4969 elementa
2914 4931 3009 4969 seu
3044 4914 3313 4985 principia
3346 4914 3669 4970 divinorum

2081 5008 2444 5063 consiliorum
2469 5017 2525 5062 et
2552 5008 3109 5078 contemplationum,
3130 5008 3506 5079 mysticasque
3531 5026 3669 5079 prte-

2084 5108 2233 5156 te‘rea
2267 5102 2647 5166 caeremonias,
2686 5117 2796 5155 non
2839 5110 3060 5172 apertas
3093 5100 3214 5154 illas
3245 5111 3301 5155 et
3342 5102 3541 5168 claras,
3572 5101 3666 5158 scd

2082 5196 2373 5254 obscuras.
2407 5204 2602 5248 tenues
2634 5204 2692 5249 ct
2733 5194 3060 5250 umbratiles
3109 5194 3217 5250 illis
3256 5193 3577 5257 ostendens,
3613 5205 3672 5251 et

2083 5286 2360 5358 praebens.
2402 5288 2469 5339 At
2518 5286 2612 5340 ubi
2655 5287 2922 5356 deinceps
2952 5286 3072 5358 lege
3118 5286 3326 5355 ubique
3364 5285 3667 5355 divulgata,

2082 5394 2148 5432 ex
2184 5378 2321 5432 dura
2357 5378 2447 5431 illa
2490 5389 2549 5434 et
2596 5380 2800 5448 agresti
2839 5380 2949 5432 vita
2996 5378 3249 5431 homines
3298 5376 3559 5446 paulatim
3600 5381 3669 5430 ad

2085 5473 2488 5526 humanitatem
2537 5481 2669 5526 sunt
2703 5473 2908 5526 exculti
2960 5481 3016 5526 et
3048 5471 3114 5524 ad
3166 5470 3669 5540 philosophandum

2084 5564 2331 5621 animum
2367 5565 2717 5635 adjecerunt,
2757 5565 3107 5632 invicemque
3148 5563 3422 5617 amicitias
3464 5563 3669 5625 colere,

2084 5670 2136 5715 et
2176 5658 2638 5713 consuetudinem
2676 5659 2823 5712 inter
2866 5673 2924 5712 se
2974 5657 3180 5712 habere
3214 5664 3501 5726 culpet-unt
3538 5654 3673 5728 (pa;-

2084 5753 2291 5824 dagogo
2334 5761 2390 5806 et
2426 5751 2654 5807 doctore
2701 5754 2819 5823 lege
2859 5753 3015 5823 quasi
3069 5752 3256 5822 regula
3305 5759 3544 5813 utentes,
3584 5767 3673 5805 se-

2086 5862 2192 5915 que
2228 5845 2571 5913 erudientes)
2606 5855 2771 5912 atque
2818 5845 2870 5901 in
2919 5848 3112 5903 primis
3146 5846 3354 5903 lirmior
3387 5845 3670 5903 stabilior-
