4032 6458
400 385 507 450 ΟΞ.)

1357 373 1964 441 ECCLESIAS’l‘lC/E
2005 334 2399 433 lllSTbRt/E
2442 369 2591 432 LIB.
2638 373 2683 434 ι.

3563 379 3671 444 630

396 496 554 558 αὖθις
603 495 815 566 πρῶτος
851 495 981 564 Θείῳ
1029 492 1309 563 Πνεύματι
1361 491 1746 561 ἐμπνευσοεῖς,
1807 492 1975 561 μήπω

2088 500 2190 555 que
2244 484 2547 540 divinando
2601 484 2961 563 adumbrans,
2997 484 3247 541 divinum
3302 485 3563 559 quiddam
3624 499 3681 546 et

396 588 665 656 πρότερον
690 583 838 637 τοῦτ’
874 582 1147 639 ἀκουσθέν
1174 583 1372 651 ὄνομα,
1402 582 1479 651 τῷ
1515 581 1607 635 τοῦ
1640 580 1796 648 Ναυῆ
1832 578 1981 648 μόνῳ

399 674 576 742 σοφῶς
608 675 949 743 πτριτίοησι,
989 672 1164 745 γέρας
1207 672 1407 727 ὡσανεί
1452 692 1503 726 τι
1542 672 1848 741 ἐξαίρετον,
1883 671 1981 723 καὶ

401 766 686 838 βασιλικοῦ
738 765 1074 835 διαδήματος
1105 765 1504 835 ἑντελέστερον,
1552 764 1732 835 τούτῳ
1777 763 1984 834 δωρού-

401 877 562 929 μενος
614 860 675 912 ιν
711 858 1060 928 συμϐολικῶς
1085 859 1224 926 ἔγνω
1257 862 1396 927 μετὰ
1427 860 1527 927 τὴν
1551 857 1762 911 ἐκείνου
1795 856 1983 909 τελευ-

400 953 521 1023 τὴν,
557 952 656 1021 τὴν
686 950 832 1004 κατὰ
875 952 1097 1005 πάντων
1133 951 1310 1021 ἀρχὴν
1351 949 1729 1020 ὲκδεξόμενον.
1783 948 1983 1003 Εἰκόνα

401 1045 497 1096 καὶ
522 1045 632 1113 γὰρ
666 1043 845 1113 φέρων
870 1037 939 1113 ἦν
972 1045 1000 1096 ὁ
1028 1041 1123 1095 τοῦ
1152 1042 1309 1111 Ναυῆ
1351 1040 1563 1112 Ἰησοῦς
1589 1040 1684 1094 τοῦ
1725 1041 1982 1110 Σωτῆρος

399 1136 577 1203 ἡμῶν·
614 1136 672 1199 ὃς
720 1136 882 1204 μόνος
921 1136 1063 1211 μετιὰ
1112 1137 1318 1190 Μωσέα
1358 1139 1452 1189 καὶ
1500 1136 1561 1188 τὸ
1607 1132 1984 1205 συμπέρασμα

397 1230 495 1299 τῆς
524 1230 594 1283 δι’
627 1230 841 1285 ἐκείνου
871 1228 1212 1299 ωμὸολικῆς
1243 1228 1499 1297 λατρείας
1529 1228 1629 1298 τὴν
1674 1226 1853 1296 ἀρχὴν
1884 1225 1985 1294 τῆς

399 1321 632 1391 ἀληθοῦς
687 1324 782 1375 καὶ
816 1321 1083 1390 διαυγοῦς
1128 1320 1414 1383 εὐσεϐείας
1459 1321 1649 1390 σαφῶς
1681 1318 1981 1383 διεδέξατο.

409 1416 469 1468 '0
504 1416 603 1486 μὲν
631 1416 725 1468 οὖν
769 1418 1002 1483 Μωσῆς,
1034 1410 1181 1488 ᾕπέρ
1215 1432 1307 1484 μοι
1340 1416 1581 1485 εἴρηται,
1621 1413 1746 1483 διχῆ
1790 1411 1985 1466 διελὼν

398 1507 498 1567 τὰς
535 1506 630 1558 τοῦ
659 1507 915 1577 Σωτῆρος
966 1506 1125 1576 ήμῶν
1164 1506 1412 1577 κλήσεις,
1451 1508 1564 1569 τοῖς
1597 1506 1802 1576 ἐξόχως
1848 1509 1983 1577 τιμῇ

402 1599 495 1650 καὶ
525 1600 652 1669 δόξῃ
712 1598 849 1671 παρ’
902 1599 1052 1668 αὐτῷ
1102 1600 1437 1665 δοξασθεῖσι,
1474 1599 1552 1668 τῷ
1594 1598 1693 1667 μὲν
1733 1598 1987 1669 ἀρχιερεῖ

402 1693 502 1761 τὴν
548 1692 822 1759 Χριστὸς,
873 1694 953 1762 τῷ
1005 1691 1064 1745 δὲ
1124 1692 1246 1762 μετ’
1295 1693 1459 1746 αὐτὸν
1510 1694 1840 1763 ἡγησομενῳ
1886 1691 1987 1762 τὴν

413 1783 654 1852 Ἰησοῦς
700 1785 1003 1857 ὑπερφυῶς
1049 1788 1353 1853 σεμνύνων,
1404 1786 1756 1855 captionum;
1800 1785 1985 1845 αὐτοῖς

399 1877 723 1947 περιέθηκε.
764 1877 874 1930 Καὶ
926 1876 1079 1931 ἄλλοι
1125 1878 1182 1931 δὲ
1222 1878 1340 1947 μετ’
1372 1879 1535 1932 αὑτὸν
1565 1878 1837 1949 ἀριδήλως
1869 1876 1982 1930 τῶν

397 1969 695 2040 προφητῶν
722 1971 960 2039 Χριστὸν
996 1972 1088 2023 τὸν
1126 1973 1359 2042 Σωτῆρα
1389 1972 1703 2041 ὠνόμασαν.
1735 1971 1982 2038 Πνεῦμα

395 2059 529 2130 γὰρ,
558 2063 728 2132 φησὶν
767 2063 1065 2134 Ἱερεμίας,
1105 2063 1220 2131 πρὸ
1253 2065 1584 2131 προσώπου
1616 2063 1788 2134 ἡμῶν
1808 2081 1820 2095 ο
1850 2067 1979 2132 Χρι-

395 2156 545 2221 στὸς
576 2158 797 2224 Κύριος
828 2158 1192 2226 συνελήφθη
1223 2158 1293 2211 ἐν
1331 2157 1463 2224 ταῖς
1489 2157 1842 2229 διαφθοραῖς
1879 2161 1984 2213 αὐ-

396 2247 535 2300 τῶν.
571 2250 680 2301 Καὶ
712 2249 881 2303 Δαὸὶδ
909 2250 968 2303 δέ
998 2268 1157 2320 φησι,
1186 2251 1590 2320 Παρέστησαν
1619 2254 1673 2305 οἱ
1692 2251 1982 2317 βασιλεῖς

395 2339 504 2410 τῆς
527 2339 660 2409 γῆς,
691 2341 790 2395 καί
818 2345 872 2396 οἱ
896 2341 1189 2410 ἄρχοντες
1206 2343 1617 2412 συνήχθησαν
1637 2344 1981 2408 ἐπιτοαυτὸ,

396 2437 548 2492 κατὰ
587 2438 694 2493 τοῦ
738 2439 966 2508 Κυρίου
1006 2439 1105 2493 καί
1156 2438 1307 2494 κατὰ
1338 2439 1599 2508 Χριστοῦ
1632 2439 1843 2493 αὐτοῦ.
1887 2432 1984 2502 Οἷς

396 2529 524 2598 ἑξῆς
555 2530 813 2601 ἐπιφέρει
848 2530 1045 2599 λέγων,
1077 2532 1296 2601 Κύριος
1342 2529 1476 2587 εἶπε
1508 2531 1660 2600 πρός
1693 2548 1794 2601 με,
1849 2533 1985 2598 Υἱός

394 2638 512 2691 μου
539 2619 599 2678 εἴ
621 2624 726 2677 σύ·
759 2622 874 2692 ἐγὼ
902 2622 1176 2692 σήμερον
1198 2622 1532 2693 γεγέννηκά
1558 2638 1655 2678 σε.
1688 2620 1854 2675 Ταῦτ’
1877 2623 1985 2692 ἄρα

398 2711 458 2764 τὸ
483 2711 580 2767 τοῦ
614 2712 853 2783 Χριστοῦ
884 2712 1182 2785 σεϐάσμιον
1227 2713 1399 2783 ὄνομα
1428 2713 1488 2766 ού
1532 2714 1661 2776 τοὺς
1710 2711 1983 2783 ἱερωσύνῃ

401 2802 564 2871 μόνον
592 2801 997 2872 τετιμημένους
1032 2801 1112 2870 τῷ
1139 2800 1429 2871 σκευαστῷ
1456 2802 1789 2870 κατεκόσμει
1816 2798 1983 2867 ἐλαίῳ

399 2894 773 2964 συμϐολικῶς,
806 2894 944 2948 ἀλλὰ
988 2894 1238 2956 καὶτοὺς
1288 2893 1531 2963 βασιλεῖς
1580 2893 1805 2955 αὐτούς.
1839 2892 1982 2963 Θείῳ

398 2989 506 3060 γὰρ
559 2989 786 3050 τούτους
831 2986 1084 3057 χρίοντες
1137 2985 1422 3057 Πνεύματι
1486 2969 1766 3050 οἷς’τοῦτ’
1798 2985 1984 3038 ἐπιτέ-

398 3064 638 3151 τραπτο,
664 3081 939 3151 Χριστοὺς
983 3078 1104 3134 κατ’
1134 3079 1324 3133 εἰκόνα
1350 3078 1673 3148 εἰργάζοντο
1708 3079 1803 3133 καὶ⁸
1849 3078 1982 3132 ὠνό-

2044 579 2362 634 ·οιιοοιιοιιε
2415 593 2537 634 esse
2594 578 2788 633 ducem
2843 590 2898 633 et
2949 579 3279 650 principem.
3324 581 3498 635 Parro
3545 580 3676 636 Jesu

2087 687 2308 742 quoque
2341 671 2878 742 cegnominationem
2913 672 3028 743 ipse
3057 673 3277 743 primus
3306 674 3498 730 divino
3529 675 3676 731 aina-

2091 771 2179 817 tus
2215 761 2446 831 Spiritu.
2487 776 2611 817 enm
2652 778 2938 832 nunquam
2982 772 3146 819 antea
3189 763 3295 820 hoc
3342 781 3540 821 nomen
3579 783 3679 821 au-

2088 851 2265 906 ditam
2319 851 2537 916 fuisset,
2583 851 2697 907 lilio
2742 852 2891 908 Nave
2941 854 3041 909 soli
3099 854 3382 924 sapienter
3432 856 3677 913 indidit:

2091 943 2259 998 veluti
2296 943 2657 1014 prweipunm,
2692 955 2747 999 et
2784 944 2936 1016 regio
2982 945 3292 1002 diademate
3324 950 3680 1018 prazstantio-

2090 1051 2207 1089 rem
2264 1036 2769 1106 perfectioremque
2818 1037 3087 1094 honorem
3144 1038 3222 1094 illi
3270 1039 3521 1105 habens,
3570 1040 3681 1113 49

2088 1143 2252 1195 quem
2288 1143 2387 1198 per
2427 1129 2673 1200 symbola
2704 1140 3062 1200 cognoverat,
3099 1140 3225 1201 post
3257 1133 3473 1189 obitum
3515 1149 3679 1189 suum

2090 1221 2492 1290 imperiumin
2540 1235 2734 1277 omnes
2776 1231 3169 1293 suscepturum
3201 1240 3346 1280 esse.
3383 1225 3680 1296 imaginem

2090 1317 2237 1370 enim
2274 1314 2436 1370 Jesus
2489 1315 2640 1370 Nave
2682 1314 2828 1369 ﬁlius
2858 1314 3171 1371 Servatoris
3209 1318 3381 1371 nostri
3417 1317 3631 1374 ferebat
3665 1336 3679 1374 :

2089 1408 2183 1478 qui
2217 1423 2361 1463 unus
2393 1417 2518 1477 post
2550 1408 2735 1463 Mosen
2766 1418 2932 1478 atque
2962 1411 3499 1465 consummationem
3533 1426 3684 1482 sym-

2090 1499 2256 1555 bolici
2291 1499 2716 1571 umbratilisque
2766 1500 2949 1558 cultus
2991 1500 3141 1557 illius
3175 1517 3403 1571 regnum
3427 1518 3596 1559 -vera:
3628 1512 3685 1559 et

2090 1594 2326 1650 illustris
2366 1593 2591 1655 pietatis
2628 1592 2924 1648 manifesto
2954 1593 3222 1662 suscepit.
3260 1593 3438 1650 Moses
3472 1595 3681 1665 itaque,

2092 1692 2150 1739 ut
2172 1684 2309 1748 dixi,
2337 1683 2617 1739 distinctis
2643 1683 2958 1740 Servatoris
2989 1684 3164 1739 nostri
3195 1684 3681 1754 appellationibus,

2089 1790 2229 1847 quas
2267 1791 2486 1832 summo
2525 1777 2737 1833 honore
2778 1786 2833 1832 et
2876 1777 3056 1848 gloria
3093 1777 3292 1833 extulit
3323 1785 3379 1832 et
3412 1778 3686 1835 condeco-

2089 1875 2251 1939 ravit,
2299 1872 2546 1943 pontiﬁci
2598 1873 2848 1944 quidem,
2894 1872 3142 1942 Christi;
3190 1874 3505 1930 successori
3551 1888 3684 1928 vero

2086 1983 2188 2023 suo
2219 1967 2370 2032 duci,
2406 1967 2535 2022 Jesu
2573 1980 2778 2021 nomen
2813 1966 3384 2037 magniﬁcentissime,
3416 1981 3527 2022 non
3561 1964 3682 2021 sine

2086 2076 2292 2115 arcano
2341 2070 2397 2116 et
2443 2061 2654 2131 ingenti
2705 2060 2994 2132 mysterio,
3037 2059 3251 2116 tribuit.
3293 2059 3436 2125 Quin
3483 2069 3539 2115 et
3588 2059 3682 2115 alii

2087 2161 2211 2222 post
2243 2151 2398 2206 illum
2434 2152 2740 2220 prophetae,
2769 2161 2963 2219 aperte
2995 2158 3051 2205 et
3080 2149 3461 2221 signiﬁcanter
3488 2150 3684 2205 admo-

2086 2247 2255 2314 dum,
2298 2247 2651 2302 Servatorem
2698 2244 2985 2300 Christum
3024 2246 3409 2300 nominarunt.
3449 2244 3681 2315 Spiritus

2085 2342 2248 2405 enim,
2290 2337 2799 2410 inquitJeremias,
2830 2347 2954 2393 ante
2988 2337 3174 2407 [aciem
3207 2346 3445 2392 nostram
3479 2352 3497 2391 :
3529 2336 3683 2394 Chri-

2085 2445 2197 2488 stus
2255 2432 2511 2486 Dominus
2564 2433 2970 2503 comprehensus
3017 2439 3097 2485 est
3145 2431 3201 2484 in
3252 2431 3680 2501 corruptiouibus

2087 2542 2269 2579 eorum
2303 2525 2344 2578 ‘.
2382 2524 2448 2577 Et
2477 2522 2651 2577 David
2690 2543 2702 2577 :
2739 2523 3058 2586 Astiterunt,
3101 2521 3200 2585 ait,
3226 2538 3372 2594 reges
3420 2531 3596 2590 terrm,
3631 2534 3681 2577 et

2086 2618 2348 2688 principes
2387 2624 2739 2670 convenerunt
2769 2617 2823 2669 in
2861 2632 3050 2680 unum,
3087 2616 3338 2670 adversus
3373 2617 3679 2683 Dominum,

2087 2720 2136 2765 et
2183 2715 2436 2763 (tdversus
2479 2708 2747 2763 Christum
2795 2708 2909 2779 ejus
2938 2712 2981 2763 ".
3022 2707 3239 2775 Quibus
3285 2708 3474 2764 verbis
3520 2710 3680 2765 dein-

2085 2816 2216 2873 ceps
2249 2802 2338 2856 illa
2371 2800 2536 2855 inlert
2573 2818 2587 2855 ι
2625 2801 2882 2855 Dominus
2922 2800 3055 2854 dixit
3094 2800 3164 2854 ad
3197 2815 3300 2865 me,
3331 2799 3499 2855 Filius
3535 2817 3683 2856 meus

2084 2913 2137 2951 es
2166 2905 2372 2967 tukego
2401 2895 2558 2949 hodie
2583 2896 2742 2965 genui
2769 2906 2820 2948 te
2842 2891 2887 2947 ⁸.
2922 2893 3037 2948 Hoc
3068 2892 3245 2962 ipsum
3275 2909 3443 2964 porro
3470 2893 3679 2949 Christi

2084 2990 2443 3046 veneratione
2472 2987 2700 3057 dignum
2736 3001 2960 3051 nomen,
2992 3002 3105 3041 non
3132 2987 3310 3041 solum
3341 3001 3440 3042 eos
3467 2988 3561 3057 qui
3593 3004 3684 3043 sa-

2087 3081 2338 3139 cerdotio
2362 3079 2710 3135 cohonestati
2741 3076 3192 3143 essent,-i‘actitio
3218 3082 3509 3134 exornavit
3534 3080 3679 3144 oleo.

334 3182 337 3185 '
403 3174 595 3245 μαζον.
635 3175 793 3227 Ἐπεί
820 3175 904 3227 τοί
946 3189 1010 3242 γε
1047 3175 1141 3226 καὶ
1184 3175 1371 3236 αὐτοῖς
1411 3173 1635 3236 πάντως
1680 3189 1781 3226 που
1819 3172 1984 3226 τύποι

2090 3177 2259 3247 idque
2306 3191 2403 3245 per
2444 3173 2782 3245 symbolum,
2820 3172 2916 3228 sed
2972 3181 3027 3227 et
3079 3186 3236 3243 reges
3277 3172 3447 3242 ipsos.
3485 3173 3681 3227 Divino

399 3266 545 3328 τινὲς
597 3265 801 3335 ἐνῆσαν
832 3265 933 3334 τῆς
978 3265 1123 3320 κατὰ
1170 3265 1391 3319 πάντων
1420 3264 1655 3335 ἀληθοῦς
1681 3265 1857 3335 ἀρχῆς
1892 3265 1986 3318 καὶ

400 3357 649 3424 ἔξουσίας
677 3356 771 3411 τοῦ
805 3358 1059 3428 Σωτῆρος
1115 3356 1276 3429 ἡμῶν
1322 3356 1501 3429 Ἰησοῦ
1556 3357 1824 3428 Χριστοῦ.
1875 3357 1986 3411 Ναὶ

404 3450 513 3518 μὴν
542 3451 637 3502 καὶ
668 3450 779 3501 τῶν
810 3449 1116 3518 προφητῶν
1143 3450 1298 3510 τινὰς
1321 3448 1597 3518 Χριστούς
1636 3465 1699 3517 γε
1735 3443 1878 3500 εἶναι
1906 3447 1986 3515 τῷ

402 3538 530 3609 θείῳ
583 3538 860 3609 Πνεύματι
892 3538 1332 3608 κατειλήψαμεν.
1391 3539 1503 3592 Καὶ
1531 3538 1643 3608 γάρ
1688 3556 1805 3600 πως
1838 3538 1985 3592 οὗτοι

402 3630 607 3692 πάντες
642 3630 782 3699 πρὸς
817 3631 908 3683 τὸν
943 3630 1109 3699 μόνον
1140 3630 1406 3700 ἀρχιερέα
1442 3630 1550 3683 τῶν
1579 3630 1721 3684 ὅλων
1755 3632 1848 3683 καὶ
1879 3632 1985 3685 πά-

405 3741 500 3794 σης
533 3726 764 3787 κτίσεως
797 3723 1048 3793 βασιλέα,
1082 3723 1176 3775 καὶ
1209 3724 1369 3789 μῧνον
1400 3722 1691 3792 προφήτην
1720 3719 1853 3777 ὄντα
1876 3722 1985 3775 τῶν

403 3818 737 3887 προφητῶν,
788 3821 881 3870 τὸν
931 3817 1166 3885 Σωτῆρα
1220 3815 1492 3884 Χριστὸν,
1549 3816 1649 3885 τὴν
1702 3814 1987 3885 ἀναφορὰν

401 3905 568 3976 εἶχον.
613 3906 920 3971 Ἀπόδειξις
950 3905 996 3958 δ’
1038 3904 1275 3974 ἐναργὴς
1306 3903 1367 3956 τὸ
1398 3904 1473 3976 μή
1518 3919 1624 3956 τινι
1658 3904 1767 3957 τῶν
1800 3904 1988 3973 ἀρχιε-

406 4002 544 4073 ρέων
569 4004 664 4056 καὶ
687 4001 956 4070 βασιλέων
988 4000 1081 4052 καὶ
1114 3997 1439 4069 προφητῶν,
1486 3998 1599 4051 τῶν
1638 3997 1987 4068 συμϐολικῶς

404 4095 786 4164 κεχρισμένων
815 4090 895 4162 τῷ
921 4091 1115 4146 τούτου
1141 4092 1394 4163 ὀνόματι,
1425 4091 1703 4162 τοσαύτην
1750 4108 1990 4161 προσγε-

404 4188 591 4240 νέσθαι
617 4184 848 4253 δύναμιν
866 4183 1134 4247 Οεοειδοῦς
1161 4184 1387 4252 ἀρετῆς,
1413 4184 1548 4252 ὅσην
1571 4184 1709 4252 δῆτα
1728 4183 1757 4235 ὁ
1778 4183 1988 4254 Κύριος

406 4282 564 4350 ἡμῶν
606 4278 813 4344 Ἰησοῦς
866 4280 960 4331 καὶ
1012 4281 1134 4338 ταῖς
1185 4278 1470 4346 ἀληθείαις
1526 4277 1697 4338 ὅντως
1747 4274 1987 4347 Χριστὸς

405 4368 742 4434 ἐπεδείξατο,
767 4367 979 4421 οἴκοθεν
1006 4365 1169 4436 ἔχων.
1216 4364 1358 4420 Ἀλλ’
1388 4365 1511 4420 οὐδέ
1538 4382 1644 4419 τινι
1679 4366 1787 4419 τῶν
1810 4366 1988 4420 ἁπάν-

403 4482 511 4517 των
542 4462 759 4531 ὲγένετο
786 4461 916 4524 τοὺς
943 4457 1001 4523 ἐξ
1038 4457 1252 4511 ἐκείνου
1294 4460 1374 4521 εἰς
1401 4459 1648 4527 ὑπήκοον
1677 4459 1989 4513 καταστάν-

402 4572 504 4617 τας
569 4556 635 4607 ἑκ
696 4551 799 4622 τῆς
848 4550 1129 4619 εἰκονικῆς
1182 4550 1986 4621 ὀνομασίαςοπροσαγορεῦσαι
2018 4532 2063 4589 Ῐ)

408 4647 797 4719 Χριστιανοὺς,
834 4644 931 4700 καὶ
963 4644 1120 4699 ταῦτ’
1145 4644 1378 4699 ἐπιπολὺ
1404 4642 1564 4709 δόξης
1591 4661 1655 4697 τε
1693 4647 1788 4698 καὶ
1820 4646 1989 4716 τιμῆς

405 4742 808 4814 προελθόντων.
842 4738 980 4793 Οὐδὲ
1009 4741 1251 4808 τοσαύτη
1272 4736 1420 4810 ἄλλῳ
1445 4754 1510 4805 γε
1534 4738 1817 4810 περιήφοη
1850 4739 1986 4810 τιμὴ

403 4835 500 4888 τοῦ
533 4834 880 4903 σεϐάσματος
910 4834 1003 4885 καὶ
1038 4829 1180 4899 μετὰ
1204 4830 1301 4902 τὴν
1318 4829 1599 4901 τελευτὴν,
1616 4830 1692 4894 ὡς
1722 4832 1818 4884 καὶ
1838 4830 1983 4903 ὑπὲρ

402 4928 471 4978 αὐ
484 4926 571 4978 τοῦ
606 4926 762 4988 τινὰς
793 4925 851 4979 τὸ
893 4924 993 4995 ζῇν
1023 4926 1088 4976 ὲκ
1119 4921 1214 4975 τοῦ
1261 4923 1465 4994 ῥᾴστου
1494 4923 1640 4995 ἔχειν
1668 4924 1984 4996 προΐεσθαι.

416 5018 557 5073 Ἀλλ’
588 5018 711 5072 οῦδὲ
742 5018 967 5088 σεισμός
997 5033 1085 5080 τις
1111 5016 1438 5086 οἰκουμένης
1483 5016 1580 5070 καὶ
1611 5016 1823 5087 κίνησις
1842 5018 1987 5090 περί

404 5129 526 5165 τινα
556 5110 669 5166 τῶν
704 5111 763 5177 ἐξ
797 5110 990 5173 αἰῶνος
1033 5107 1274 5180 τοσαύτη
1303 5109 1544 5179 ἐγένετο,
1568 5110 1669 5181 ὅση
1705 5110 1835 5180 περὶ
1883 5112 1985 5164 αύ-

402 5208 516 5259 τὸν·
547 5205 633 5259 ὅτι
663 5221 727 5273 γε
764 5205 904 5275 μηδὲ
931 5204 1127 5275 ἱκανὴν
1159 5199 1300 5259 εἶναι
1331 5200 1428 5257 τοῦ
1475 5202 1647 5258 τύπου
1677 5205 1776 5275 τὴν
1814 5205 1980 5260 δύνα-

405 5317 500 5370 μιν
530 5297 751 5353 τοσαῦτ’
784 5301 1053 5368 ἐνεργεῖν,
1069 5298 1173 5351 ὅσα
1196 5297 1335 5367 δῆτα
1355 5298 1450 5351 καὶ
1475 5297 1576 5368 τὴν
1601 5301 1700 5368 τῆς
1720 5297 1982 5367 ἀληθείας

403 5394 773 5464 παράστασιν,
827 5390 862 5462 ἢ
908 5390 997 5443 διὰ
1046 5390 1144 5444 τοῦ
1184 5390 1438 5460 Σωτῆρος
1495 5389 1657 5461 ἡμῶν
1705 5390 1981 5462 ἀριδήλως

404 5486 699 5540 ἐδείκνυτο·
725 5484 784 5547 ὂς
809 5499 872 5552 γε
900 5482 1020 5537 οὐδέ
1033 5499 1098 5535 -τι
1127 5482 1237 5536 τῶν
1271 5483 1374 5536 ὅσα
1406 5485 1580 5554 σεμνά
1607 5500 1666 5537 τε
1707 5487 1800 5539 καὶ
1824 5488 1982 5555 τίμια

403 5579 556 5643 παρὰ
590 5595 681 5633 του
703 5576 908 5643 λαϐὼν,
938 5574 1055 5631 ἀλλ’
1090 5575 1214 5628 οὐδὲ
1248 5576 1309 5629 τὸ
1340 5575 1497 5645 γένος
1528 5577 1588 5644 ἐξ
1622 5578 1814 5649 ἱερέων
1836 5580 1980 5651 τάχα

403 5668 696 5737 κιτάγων·
722 5667 843 5721 οὐδέ
878 5683 988 5719 τισι
1025 5664 1375 5729 δυναστείαις
1418 5669 1510 5721 ἐπὶ
1548 5669 1646 5740 τὴν
1699 5670 1981 5741 βασιλείαν

477 5856 497 5885 ε
531 5854 735 5910 'l‘hrcn.
764 5871 834 5922 tv,
866 5854 954 5912 20.
1037 5858 1053 5889 ⁷
1087 5857 1229 5914 Psal.
1258 5874 1318 5923 ιι,
1356 5861 1408 5915 2.
1472 5863 1491 5895 θ
1533 5864 1669 5920 ibid.
1716 5866 1803 5919 20.

2088 3272 2237 3327 enim
2286 3269 2455 3323 hosce
2506 3268 2834 3336 inungentes
2876 3264 3111 3335 Spiritu,
3144 3264 3350 3334 quibus
3396 3265 3450 3320 id
3500 3265 3684 3320 fuerat

2090 3362 2471 3426 commissum,
2511 3359 2762 3417 Chrisws
2802 3374 2900 3430 per
2945 3357 3240 3429 imaginem
3287 3366 3342 3412 et
3380 3356 3681 3420 iaciebant.

2089 3463 2146 3512 et
2198 3454 2497 3524 ungebant.
2548 3451 3012 3521 Quandoquidem
3062 3458 3118 3505 et
3174 3449 3401 3519 regibus
3451 3448 3681 3505 omnino

2090 3547 2199 3620 typi
2238 3547 2462 3615 quidam
2509 3556 2567 3600 et
2610 3549 2798 3617 figurae
2841 3545 3090 3609 inerant,
3123 3545 3242 3625 veri
3290 3543 3446 3614 regni
3481 3551 3539 3599 et
3580 3558 3680 3614 po-

2089 3640 2306 3696 testatis
2350 3638 2664 3694 Servatoris
2713 3639 2889 3694 nostri
2933 3638 3066 3693 Jesu
3102 3636 3310 3692 Christi
3359 3636 3414 3691 in
3462 3651 3699 3692 omnes;

2089 3734 2362 3789 Caeterum
2399 3740 2448 3786 et
2484 3730 2785 3800 prophetas
2823 3731 3092 3800 quosdam
3126 3728 3383 3784 Christos
3415 3744 3561 3794 esse,
3595 3730 3680 3784 di-

2089 3826 2207 3882 vini
2268 3825 2509 3894 Spiritus
2578 3824 2844 3877 instinetu
2918 3820 3289 3892 percepimus.
3355 3821 3572 3877 Etenim
3639 3822 3677 3877 ii

2091 3933 2308 3982 omnes,
2334 3917 2400 3971 ad
2429 3916 2654 3971 unicum
2677 3912 2999 3970 Pontiiicem
3031 3914 3301 3981 omnium,
3329 3924 3382 3969 et
3410 3922 3678 3969 creatura:

2092 4009 2273 4066 omnis
2310 4024 2518 4080 regem,
2556 4006 2848 4075 solumque
2890 4005 3286 4076 prophetarum
3319 4003 3676 4074 Prophetam,

2091 4105 2443 4160 Servatur-em
2469 4098 2776 4159 Christum,
2802 4107 3117 4168 respectum
3147 4112 3310 4152 suum
3337 4096 3677 4152 habuerunt.

2089 4196 2150 4253 id
2198 4195 2335 4252 illud
2383 4193 2689 4249 clarissime
2741 4190 3005 4255 ostendit,
3039 4190 3189 4261 quod
3244 4190 3378 4245 nulli
3429 4192 3676 4247 omnium

2090 4291 2438 4364 pontificum,
2466 4280 2685 4361 regum,
2714 4297 2771 4343 et
2801 4288 3220 4357 prophetarum,
3248 4288 3343 4357 qui
3375 4289 3678 4359 symbolice.

2090 4383 2256 4456 hujus
2304 4382 2531 4437 nomine
2576 4381 2729 4436 uncti
2786 4381 3156 4451 honoratique
3204 4392 3358 4447 sunt,
3396 4393 3545 4440 tanta
3588 4385 3677 4440 di-

2090 4477 2234 4531 vinae
2268 4474 2493 4530 virtutis
2526 4474 2609 4529 vis
2644 4473 2748 4528 fuit
2776 4482 2833 4529 et
2867 4483 3135 4544 potestas,
3165 4483 3428 4544 quantam
3462 4476 3695 4533 scilicet.

2093 4568 2360 4623 Dominus
2407 4576 2599 4623 noster
2643 4568 2838 4632 Jesus,
2892 4576 2952 4623 et
3000 4555 3187 4638 reipsa
3236 4583 3366 4623 vere
3396 4566 3674 4631 Christus,

2092 4661 2337 4716 nativam
2369 4667 2427 4715 et
2457 4661 2740 4730 propriam
2783 4655 2905 4715 ea‘m
2952 4660 3199 4727 habens,
3230 4660 3478 4716 ostendit
3510 4669 3676 4730 atque

2091 4751 2363 4809 exhibuit.
2397 4751 2501 4807 Sed
2535 4751 2672 4807 nulli
2701 4751 2870 4807 etiam
2898 4768 2967 4808 ex
2996 4753 3255 4810 omnibus
3286 4754 3392 4809 hoc
3421 4754 3702 4827 contigit,’

2092 4852 2155 4898 ut
2185 4859 2281 4899 eos
2311 4843 2407 4914 qui
2437 4859 2497 4899 se
2531 4843 2640 4899 illis
2674 4855 2735 4899 ut
2772 4844 3032 4900 subditos
3073 4846 3453 4918 subjecerunt,
3480 4848 3678 4919 imagi-

2093 4941 2250 4997 nario
2277 4949 2333 4996 et
2368 4941 2650 4997 umbratili
2683 4942 2910 4998 nomine
2934 4941 3287 4999 Christianos
3315 4945 3676 5016 cognomina-

2095 5043 2220 5089 rent
2249 5050 2262 5087 :
2294 5032 2402 5105 50
2433 5048 2558 5088 cum
2598 5032 2679 5089 illi
2723 5042 2907 5090 tamen
2939 5034 3010 5090 ad
3050 5035 3328 5106 ingentem
3359 5036 3591 5108 gloriam
3618 5047 3677 5094 et

2094 5126 2365 5182 honorem
2398 5126 2819 5196 processissent.
2845 5126 2968 5182 Jam
3003 5143 3105 5183 nec
3135 5128 3230 5184 alii
3268 5127 3510 5200 eui-piam
3551 5141 3675 5187 tan-

2096 5229 2185 5274 tus
2213 5219 2380 5274 etiam
2414 5230 2537 5289 post
2566 5219 2780 5275 obitum
2813 5220 3118 5278 attributus
3150 5232 3235 5279 est
3262 5224 3466 5290 cultus,
3493 5232 3551 5279 et
3577 5240 3677 5281 ve-

2092 5310 2403 5367 nerationis
2430 5311 2629 5378 honor,
2669 5321 2730 5368 ut
2761 5329 2861 5383 pro
2890 5314 3013 5385 ejus
3046 5316 3271 5371 nomine
3316 5316 3490 5386 ipsam
3534 5332 3676 5388 quo-

2091 5419 2199 5473 que
2251 5405 2421 5459 vitam
2474 5404 2646 5475 aliqui
2700 5422 2811 5461 non
2860 5417 3087 5477 gravate
3134 5410 3301 5467 vilem
3344 5410 3671 5475 habuerint,

2090 5493 2509 5565 amiserintque.
2557 5498 2792 5568 insuper
2837 5514 3019 5569 neque
3061 5499 3210 5555 circa
3253 5516 3590 5573 quemquam
3642 5520 3672 5559 a

2092 5588 2303 5644 mundo
2337 5588 2582 5653 condito,
2617 5598 2804 5647 tantus
2831 5602 3016 5648 motus
3041 5602 3097 5649 et
3128 5595 3424 5650 concussio
3459 5594 3674 5651 habita-

2092 5678 2218 5735 bilis
2263 5690 2448 5745 terrte,
2506 5692 2746 5751 quantus
2795 5687 2938 5741 circa
2985 5701 3149 5753 eum,
3192 5684 3319 5744 fuit.
3370 5685 3669 5744 Enimvero
