4032 6418
368 312 467 375 631

1593 311 2014 373 NICEl‘llORi
2060 312 2409 375 CALLISTI

3523 310 3637 373 63:2

370 430 485 483 ﬁeri
528 428 841 495 uastiquam
879 443 1059 496 posse,
1094 436 1153 480 ut
1186 427 1266 482 vis
1308 434 1361 481 et
1407 426 1582 481 v'rtus
1630 428 1736 496 typi
1784 439 1949 496 atque

2064 428 2265 498 ἀχθεὶς,
2301 428 2425 481 οὕτε
2475 428 2580 498 μὴν
2618 426 2903 497 προφήτης
2933 425 3008 489 ὡς
3035 427 3084 478 oi
3116 426 3284 481 πάλαι
3316 426 3630 495 γενόμενος,

367 519 625 588 imaginis
669 528 879 572 tantum
923 517 1192 585 perﬁciat,
1229 526 1496 586 quantum
1540 517 1801 570 nimirum
1850 534 1942 571 ve-

366 611 545 663 ritatis
579 609 754 677 ipsius
784 607 1200 676 repraesentatio
1233 617 1284 661 et
1315 606 1607 670 exhibitio,
1636 622 1698 660 ea
1734 622 1856 676 qua:
1892 607 1945 658 in
1997 626 2006 635 ο

367 702 661 756 Servatore
713 714 903 755 nostro
957 707 1044 755 est
1098 710 1386 770 perSpccta
1440 709 1716 769 potestas,
1770 700 1943 752 mani-

367 794 631 848 festisimc
668 793 995 862 comprobat
1028 800 1086 847 et
1130 792 1396 846 declarat.
1433 791 1537 857 Qui
1569 791 1791 859 quidem
1822 806 1945 844 cum

368 887 505 940 nihil
533 901 724 940 eorum
751 901 873 955 qua:
895 885 1181 954 magniﬁca
1212 894 1264 937 et
1291 884 1622 954 przestabilia
1650 884 1946 948 habentur,

366 994 394 1032 a
420 978 678 1048 quopiam
712 977 1021 1047 accepisset
1046 994 1060 1030 :
1086 977 1182 1032 sed
1209 991 1389 1046 neque
1416 992 1589 1046 genus
1620 977 1854 1031 fortasse
1882 992 1949 1031 ex

364 1071 715 1127 sacerdotum
753 1071 949 1125 ordine
983 1069 1258 1134 duxisset,
1302 1084 1487 1139 neque
1523 1070 1721 1138 opibus
1753 1069 1951 1138 aliqui-

365 1163 470 1217 bus
494 1163 559 1217 ad
592 1179 821 1233 regnum
853 1171 1077 1218 evectus
1103 1169 1252 1217 esset
1279 1178 1294 1215 :
1321 1177 1500 1231 neque
1528 1176 1626 1231 pro
1654 1161 1947 1232 propheta,

365 1266 428 1311 ut
450 1265 665 1311 veteres
702 1255 804 1322 illi,
839 1270 898 1310 se
930 1255 1211 1325 gessisset,
1244 1270 1426 1323 neque
1465 1253 1732 1325 dignitate
1768 1254 1950 1323 aliqua

365 1365 393 1401 a
422 1349 629 1403 Juda'is
671 1358 871 1403 auctus
917 1356 1095 1414 esset;
1139 1350 1395 1418 quamvis
1425 1363 1524 1417 per
1555 1363 1614 1401 se
1655 1346 1832 1415 ipsum
1866 1362 1955 1400 re-

366 1457 495 1495 vera
519 1440 702 1494 omnia
739 1456 768 1494 a
793 1441 973 1505 Patre,
1007 1448 1064 1495 et
1094 1455 1202 1494 non
1236 1456 1335 1510 per
1356 1439 1603 1511 symbola
1629 1447 1724 1493 aut
1752 1438 1953 1509 ﬁguras

369 1532 601 1588 haberet
626 1551 637 1584 :
665 1532 926 1588 Christus
953 1544 1135 1587 tamen
1165 1549 1275 1604 prce
1302 1532 1565 1587 omnibus
1588 1532 1697 1586 illis
1720 1532 1955 1586 maxime

368 1634 456 1677 cst
504 1626 879 1690 renuntiatus,
922 1633 1090 1693 atque
1141 1625 1457 1679 declaratus
1492 1643 1505 1678 :
1538 1635 1596 1680 et
1647 1640 1775 1679 cum
1819 1621 1955 1677 orbe

2049 523 2167 576 ἀλλ’
2207 523 2327 576 osse
2361 540 2505 584 τινος
2541 521 2696 587 ἀξίας
2726 519 2879 591 παρά
2919 520 3198 582 Ἰουδαίοις
3231 521 3628 591 ἐνευπορήσας·

2052 618 2157 668 κάν
2188 618 2311 677 ταῖς
2332 615 2613 685 ἀληθείαις
2659 615 2835 669 πάντα
2874 607 2989 682 εἶχε
3033 613 3327 682 πατρόθεν,
3354 613 3403 664 εί
3430 613 3523 664 καὶ
3556 612 3634 683 μὴ

2053 707 2436 774 συμϐολικῶς,
2475 705 2708 773 Χριστὸς
2745 704 2946 775 μᾶλλον
2981 705 3207 758 ἐκείνων
3239 704 3462 759 πάντων
3496 706 3630 774 ἀνη-

2050 798 2327 868 γορεύθη·
2384 798 2480 852 καὶ
2534 798 2687 869 πάση
2738 799 2806 867 τῇ
2856 797 3152 868 οἰκουμένῃ
3204 796 3305 867 τῆς
3361 797 3632 867 σφετέρας

2053 890 2428 961 προσηγορίας
2460 891 2555 943 καὶ⁵
2582 893 2681 961 τῆς
2729 890 2935 959 σεμνῆς
2969 889 3246 953 πολιτείας
3292 890 3620 959 μετέδωκεψ

2050 984 2112 1036 ού
2154 982 2314 1044 σκιάς
2346 980 2440 1035 καὶ
2469 980 2675 1045 τύπους
2727 981 2823 1034 καὶ
2870 981 3111 1043 εἰκόνας,
3146 979 3221 1044 ὡς
3266 981 3485 1048 τοπρὶν,
3516 980 3634 1031 τῶν

2051 1074 2258 1138 καλῶν,
2287 1073 2403 1128 ἀλλ’
2438 1074 2609 1135 αύτάς
2641 1072 2853 1142 γυμνὰς
2894 1073 2994 1135 τὰς
3034 1071 3240 1140 ἀρετὰς
3288 1066 3592 1137 παρασχών
3614 1081 3631 1098 ’

2053 1167 2169 1237 βίον
2195 1165 2253 1220 τέ
2286 1183 2408 1218 τινα
2441 1166 2733 1236 διηρμένον
2762 1166 2861 1219 καὶ
2903 1163 3158 1235 οὐράνιον
3210 1162 3351 1232 μετὰ
3392 1163 3503 1215 τῶν
3534 1162 3636 1230 τῆς

2052 1260 2310 1328 ἀληθείας
2333 1257 2623 1328 δογμάτων
2656 1259 2771 1320 τοῖς
2808 1256 3107 1319 θιασώταις
3140 1253 3486 1318 καταλιπὼν,
3536 1254 3634 1308 ἀτε

2052 1348 2128 1403 ὢν
2157 1349 2321 1411 αὐτὸς
2350 1350 2471 1409 ταῖς
2500 1345 2784 1417 ἀληθείαις
2823 1343 3078 1415 Χριστὸς,
3122 1345 3151 1397 ὁ
3190 1343 3284 1396 τοῦ
3312 1341 3455 1394 Θεοῦ
3491 1358 3635 1394 παν·

2052 1440 2258 1503 τέλειος
2286 1440 2482 1506 Λόγος,
2516 1441 2545 1491 ὁ
2576 1437 2653 1507 μὴ
2680 1436 2758 1507 τῷ
2792 1435 3100 1507 σκευαστῷ,
3132 1434 3324 1507 ὥσπερ
3355 1433 3491 1504 δῆτα
3536 1434 3638 1487 καὶ

2053 1536 2104 1589 οἱ
2138 1533 2337 1595 λοιποὶ,
2372 1504 2507 1584 ἀλλά
2533 1504 2610 1599 ei;
2641 1504 2775 1597 θείιρ
2806 1527 3024 1597 φυσικῷ
3050 1504 3301 1597 χρισθεῖς
3330 1524 3634 1594 Πνεύματι·

2055 1629 2214 1698 εἴπερ
2243 1628 2416 1680 ἐκεῖνο
2442 1624 2537 1678 τοῦ
2582 1623 2812 1677 Ἡσαΐου
2841 1620 2940 1692 τὴν
2984 1620 3296 1691 μαρτυρίαν
3329 1619 3636 1687 παρέχεται

372 1715 657 1769 liabitabili
694 1718 953 1772 universo
1002 1732 1303 1787 cognomen
1352 1717 1517 1771 simul
1561 1732 1749 1780 suum,
1787 1714 1953 1770 simul

2064 1722 2399 1789 ἀξιόπιστον*
2432 1716 2675 1785 Πνεῦμα
2717 1714 2939 1783 Κυρίου
2983 1713 3079 1767 ἐπ’
3106 1711 3235 1782 ἐμὲ,
3282 1707 3355 1765 οὗ
3405 1711 3641 1765 εἵνεκεν

370 1818 424 1861 et
468 1812 782 1862 veneranda
837 1818 893 1866 et
938 1818 1126 1865 sancta
1177 1809 1431 1866 instituta
1481 1825 1774 1879 moresque
1824 1825 1956 1866 suos

2064 1814 2265 1885 ἕχρισέ
2308 1829 2407 1882 με,
2442 1811 2535 1866 καὶ
2591 1812 2659 1862 τά
2710 1810 2860 1879 ἑξῆς·
2893 1806 3086 1860 καὶτὸ
3131 1804 3228 1860 τοῦ
3279 1803 3428 1858 θείου
3476 1803 3642 1855 πάλιν

372 1901 800 1956 etmtmuuicavit
834 1920 846 1955 :
880 1917 988 1957 non
1024 1902 1268 1969 umbras,
1300 1912 1456 1972 typos
1486 1913 1542 1957 et
1572 1901 1857 1972 imagines,
1896 1910 1960 1955 ut

2064 1910 2237 1960 ἐκεῖνο
2267 1904 2452 1967 Δαόὶδ,
2486 1903 2588 1956 Διά
2615 1901 2794 1955 τοῦτο
2827 1898 3039 1967 ἔχρισέ
3061 1914 3136 1952 σε
3173 1900 3206 1951 ό
3233 1897 3400 1960 Θεὸς,
3435 1898 3467 1949 ὁ
3497 1893 3644 1976 sedc

372 2004 533 2048 autca
581 1994 787 2048 factum
834 1994 1036 2059 fuerat,
1077 2010 1262 2050 rerum
1304 1994 1827 2065 pulcherrimarum,
1858 1996 1954 2049 sed

2064 2015 2197 2061 σου,
2226 1998 2432 2052 ἔλαιον
2468 1993 2892 2065 ἀγαλλιάσεως
2950 1992 3110 2058 παρὰ
3154 1991 3297 2055 τοὺς
3345 1987 3646 2057 μετόχους

374 2085 694 2142 manifestas
729 2086 879 2156 ipsas
908 2097 963 2142 et
984 2102 1157 2165 veras
1184 2088 1417 2143 virtutes
1445 2088 1731 2154 exhibens,
1759 2088 1959 2142 vitam-

374 2192 481 2244 que
524 2177 820 2245 quamdam
865 2177 1157 2233 sublimem
1212 2187 1268 2233 et
1310 2178 1627 2242 caelestem,
1675 2193 1782 2232 una
1832 2193 1957 2233 cum

372 2270 624 2321 veritatis
665 2268 1040 2339 dogmatibus,
1070 2270 1152 2324 eis
1192 2269 1329 2339 ipsis
1362 2269 1456 2339 qui
1497 2270 1671 2324 sacris
1701 2271 1821 2341 ejus
1856 2271 1961 2324 ini-

375 2362 493 2415 tiati
546 2372 756 2425 essent,
795 2361 1136 2432 relinquens,
1177 2361 1491 2431 ipsissimus
1535 2362 1746 2416 scilicet
1789 2370 1844 2417 et
1874 2376 1966 2417 ve-

378 2454 637 2507 rissimus
686 2454 973 2521 Christus,
1022 2453 1489 2524 perfectissimum
1539 2454 1637 2509 Dei
1686 2454 1961 2520 Verbum,

380 2545 474 2612 qui
512 2559 620 2597 non
654 2544 869 2599 factitio
902 2545 1130 2615 perinde
1160 2552 1327 2615 atque
1376 2546 1599 2615 reliqui,
1641 2545 1736 2600 sed
1774 2545 1964 2609 divino

382 2638 709 2693 naturaliter
744 2649 945 2694 unctus
989 2647 1137 2695 esset
1176 2638 1409 2710 Spiritu,
1455 2638 1626 2711 Cujus
1658 2640 1736 2694 rei
1772 2640 1965 2694 certis-

382 2732 576 2785 simam
631 2731 792 2786 ﬁdem
842 2732 972 2787 facit
1022 2732 1161 2787 illud
1215 2732 1367 2788 Isaia:
1415 2733 1647 2789 verbum
1686 2752 1700 2789 :
1736 2732 1969 2804 Spiritus

387 2825 605 2878 Domini
646 2842 806 2895 super
839 2842 941 2889 me,
974 2835 1256 2898 propterea
1287 2826 1424 2897 quod
1453 2827 1606 2880 unxit
1634 2843 1733 2889 me,
1762 2837 1818 2881 et
1846 2841 1968 2895 qua:

385 2917 755 2982 sequuntur’.
780 2915 1000 2969 Rursus
1032 2915 1167 2969 illud
1193 2916 1359 2970 divini
1387 2917 1607 2971 Davidis
1633 2933 1647 2971 :
1676 2916 1967 2986 Propterea

2061 2107 2201 2148 σου.
2254 2092 2344 2144 Ἐν
2374 2086 2418 2160 ᾧ
2465 2092 2560 2143 καὶ
2614 2088 2677 2141 τὸ
2727 2087 2848 2140 καθ’
2884 2084 3196 2157 ὑπερϐολὴν
3243 2085 3495 2153 κρεῖττον
3535 2079 3644 2131 τῶν

2062 2185 2233 2239 πάλαι
2264 2181 2552 2245 είκονικῶς
2581 2178 2961 2250 κεχρισμένων
2999 2175 3441 2245 καθυπογράφει.
3502 2171 3562 2226 Ὀ
3598 2168 3649 2224 δ’

2063 2280 2227 2340 αὐτὸς
2275 2278 2368 2331 καὶ
2410 2273 2666 2344 ἀλλαχοῦ·
2707 2274 2792 2328 Σὺ
2835 2267 2893 2326 εἷ
2933 2270 3128 2339 ἱερεὺς
3183 2272 3272 2334 είς
3321 2270 3430 2321 τὸν
3459 2266 3649 2322 αίῶνα

2064 2368 2216 2434 κατὰ
2253 2366 2366 2435 τὴν
2418 2364 2593 2428 τάξιν
2640 2360 3040 2432 Μελχισεδέκ.
3088 2360 3186 2423 Ὃς
3220 2358 3529 2426 εἰσάγεται,
3575 2355 3653 2427 μὴ

2004 2494 2015 2509 ι
2064 2461 2144 2531 τῷ
2199 2457 2480 2525 σκευαστῴ
2531 2455 2696 2524 ἐλαίῳ
2746 2455 2823 2517 εἰς
2869 2453 2970 2523 τὴν
3016 2451 3292 2522 ίερατείαν
3354 2448 3645 2519 χρισθεὶς,

2065 2559 2182 2614 ἀλλ’
2221 2556 2343 2610 οὐδὲ
2380 2557 2447 2624 τῇ
2482 2552 2607 2607 καθ’
2662 2551 2955 2621 Ἐϐραίους
3005 2547 3272 2618 ἱερωσύνῃ
3327 2545 3651 2614 προσήκων,

2067 2653 2167 2707 ὅσα
2200 2667 2265 2718 γε
2296 2653 2361 2720 τῇ
2393 2646 2489 2700 τοῦ
2523 2648 2713 2712 γένους
2770 2644 2929 2712 σειρᾷ
2960 2641 3384 2711 ἀναγέγραπται
3408 2655 3422 2669 ο
3462 2637 3656 2704 διόπερ

2069 2746 2212 2801 κατά
2238 2744 2336 2813 τὴν
2365 2739 2533 2795 αὐτοῦ
2558 2739 2734 2804 τάξιν,
2767 2736 2881 2790 ἀλλ’
2915 2736 2977 2789 ού
3012 2734 3152 2788 κατά
3190 2733 3289 2804 τὴν
3326 2732 3438 2785 τῶν
3462 2729 3641 2784 ἄλλων

2068 2835 2185 2887 τῶν
2208 2832 2453 2902 σύμϐολα
2517 2828 2611 2881 καὶ
2664 2825 2872 2889 τύπους
2916 2824 3216 2896 εἰληφότων
3271 2821 3509 2893 Χριστὸς
3558 2820 3656 2873 καὶ

2072 2925 2361 2996 ἀρχιερεύς
2397 2922 2535 2993 μετά
2560 2919 2927 2991 παραλήψεως
2965 2918 3145 2988 ὅρκων
3184 2918 3214 2971 ὁ
3255 2915 3448 2984 Σωτὴρ
3495 2912 3654 2984 ἡμῶν

385 3007 541 3059 unxit
572 3016 619 3058 te
642 3005 804 3071 Deus,
833 3006 971 3060 Deus
997 3014 1137 3073 tuus,
1160 3007 1273 3061 oleo
1300 3009 1695 3073 exsultationis,
1715 3023 1827 3077 pra:
1847 3024 1964 3061 con-

2075 3019 2466 3087 ἀνηγόρευται.
2491 3015 2688 3069 Ἔνθεν
2720 3031 2803 3067 τοι
2824 3012 2947 3067 οὐδὲ
2977 3010 3269 3081 χρισθέντα
3300 3006 3651 3076 σωματικῶς,

387 3097 615 3152 sortibus
643 3101 746 3153 tuis
769 3100 841 3183 _‘°.
879 3099 981 3155 Ubi
1026 3101 1081 3157 id
1123 3103 1290 3157 etiam
1339 3104 1488 3176 quod
1534 3104 1850 3175 longissime
1890 3106 1964 3160 eis

2074 3112 2189 3166 οὐδ’
2213 3113 2281 3183 ἐκ
2335 3110 2509 3179 φυλῆς
2552 3107 2837 3179 ἱερατικῆς
2879 3106 3196 3175 γενόμενον,
3246 3099 3531 3169 προσεχῶς
3569 3115 3656 3161 τις
3722 3116 3725 3119 ·

388 3198 631 3261 praestet,
681 3176 784 3263 qui
826 3195 1102 3264 quondam
1157 3196 1476 3266 imaginarie
1523 3198 1672 3252 uncti
1729 3197 1969 3262 fuerant,

390 3283 527 3337 satis
549 3281 867 3339 subindicat
892 3294 948 3340 et
972 3287 1259 3342 describit.
1291 3288 1438 3343 Idem
1470 3289 1639 3344 David
1668 3289 1798 3344 alibi
1830 3306 1971 3359 quo-

389 3391 499 3445 que
533 3394 547 3429 :
583 3376 661 3431 Tu
691 3394 744 3433 es
769 3383 1015 3435 sacerdos
1045 3381 1100 3436 in
1128 3393 1387 3437 azternum
1414 3384 1704 3437 secundum
1733 3385 1973 3438 ordinem

390 3467 764 3526 Melchisedech
791 3472 855 3527 “.
889 3473 992 3540 Qui
1028 3475 1423 3542 introducitur,
1451 3492 1560 3531 nou
1592 3477 1815 3532 facticio
1846 3476 1970 3532 oleo

391 3562 459 3615 al
491 3578 771 3618 sacrorum
806 3566 1176 3623 ministerium
1208 3578 1426 3636 unctus,
1457 3586 1636 3641 neque
1665 3571 1965 3640 quidquam

394 3656 463 3712 ad
496 3656 854 3715 Hebraeorum
889 3663 1260 3717 sacerdotium
1296 3665 1581 3734 pertinens
1614 3682 1626 3719 :
1666 3665 1761 3735 qui
1800 3666 1852 3718 in
1887 3680 1977 3720 ca-

394 3751 639 3822 talogum
688 3762 743 3808 et
782 3755 1001 3824 generis
1041 3765 1455 3812 concatenatam
1499 3756 1972 3811 continuationem

393 3842 717 3898 solemniler
749 3846 1261 3914 perscribebautur.
1293 3846 1641 3917 Quapmpter
1667 3847 1973 3902 secundum

394 3931 569 4001 ipsius
594 3935 870 4003 ordinem,
895 3953 1006 3991 non
1036 3950 1218 3993 autem
1250 3940 1400 4008 juxta
1437 3939 1671 3993 aliorum
1704 3940 1797 4007 qui
1828 3954 1977 4010 sym-

394 4023 546 4092 bola,
580 4035 739 4097 typos
778 4038 831 4082 et
867 4029 1070 4099 ﬁguras
1115 4039 1465 4100 acceperant,
1499 4031 1686 4095 ritum,
1722 4030 2009 4087 Christus.

398 4126 458 4170 et
496 4118 747 4174 Pontifex
795 4131 1017 4191 receptu
1060 4122 1451 4193 jurejurando,
1484 4124 1744 4179 Servatur
1790 4136 1981 4182 uoster

401 4220 484 4263 est
526 4211 929 4282 promulgatas.
966 4214 1067 4285 51
1104 4215 1259 4270 Unde
1301 4216 1456 4268 illum
1508 4232 1684 4286 neque
1722 4233 1980 4287 corpora-

2077 3205 2232 3276 εὖροι
2282 3221 2386 3256 που
2434 3204 2536 3265 τὰς
2591 3201 2833 3269 ἱστορίας
2881 3197 3281 3266 ἀναλεγόμενος
3312 3210 3326 3225 ·
3372 3193 3432 3258 ἐξ
3488 3190 3658 3246 αὐτοῦ

2082 3299 2268 3371 μέντοι
2293 3297 2387 3351 τοῦ
2424 3295 2560 3352 Θεοῦ
2588 3296 2682 3348 καὶ
2708 3293 2921 3363 [ἰατρὸς
2957 3291 3063 3361 πρὸ
3087 3290 3200 3343 τῶν
3227 3288 3438 3341 αἰώνων
3462 3286 3659 3354 ἀγήρω

2079 3389 2426 3463 προαιωνίως
2452 3387 2545 3441 καὶ
2574 3386 2726 3439 ἐσαεὶ
2754 3384 2856 3453 τὴν
2884 3380 3186 3455 ἱερωσύνην
3209 3377 3397 3445 ὥσπερ
3414 3393 3468 3430 τι
3487 3377 3659 3444 γέρας

2078 3481 2491 3551 διακατέχοντα·
2526 3479 2623 3548 οὐχ
2657 3472 2819 3547 ἦττον
2853 3474 2911 3529 δὲ
2946 3473 3040 3526 καὶ
3068 3471 3169 3543 τὴν
3216 3470 3513 3539 ἀσωμάτου
3558 3468 3657 3520 καὶ

2080 3572 2267 3628 ἐνθέου
2301 3571 2537 3642 χρίσεως
2568 3570 2710 3638 μέγα
2741 3566 3068 3636 τεκμήριον,
3096 3563 3156 3616 τὸ
3182 3563 3276 3616 καὶ
3301 3561 3463 3631 μόνον
3490 3552 3661 3612 a1:va-

2080 3687 2190 3723 των
2240 3668 2324 3737 ἐφ’
2352 3666 2448 3737 ὅλῃ
2485 3667 2551 3734 τῇ
2583 3666 2678 3735 γῇ,
2725 3661 2784 3715 ἐν
2827 3678 2887 3715 τε
2936 3658 3237 3731 βαρϐάροις
3272 3658 3366 3709 καὶ
3408 3654 3661 3721 Ἕλλησι,

2082 3762 2321 3832 Χριστὸν
2351 3758 2512 3811 αὐτὸν
2542 3754 2929 3826 ὀνομάζεσθαι·
2962 3752 3056 3806 καὶ
3087 3754 3145 3817 ἐξ
3177 3748 3388 3802 ἐκείνου
3428 3747 3482 3809 ἐς
3504 3744 3665 3813 δεῦρο

2082 3853 2237 3924 παρὰ
2264 3854 2376 3916 τοῖς
2404 3853 2481 3916 είς
2524 3851 2735 3903 ἐκεῖνον
2766 3845 3190 3909 πεπιστευκόσι,
3236 3845 3332 3896 καὶ
3376 3840 3453 3903 ὡς
3486 3838 3662 3908 ἀληθῆ

2084 3947 2218 4001 Θεὸν
2252 3944 2348 3999 καὶ
2375 3942 2614 3997 Βασιλέα
2645 3941 2742 3996 καὶ
2774 3940 2941 4009 μόνον
2965 3936 3230 4008 ἀρχιερέα
3252 3933 3391 3988 Θεοῦ
3414 3933 3508 3985 καὶ
3535 3947 3668 4001 προ⁸

2085 4041 2266 4110 φήτην
2294 4036 2560 4108 τιμᾶσθαί
2586 4052 2646 4090 τε
2679 4034 2772 4088 καὶ
2803 4029 3155 4093 σεϐἀζεσθαυ
3196 4029 3293 4083 καὶ
3320 4027 3382 4078 τό
3408 4041 3475 4093 γε
3502 4023 3666 4091 λόγου

2082 4132 2364 4197 ἐπέκεινα,
2393 4130 2470 4194 ὡς
2500 4129 2574 4198 μὴ
2604 4128 2812 4198 χείλεσι
2845 4128 3028 4194 μόνον,
3066 4121 3204 4193 μηδέ
3234 4118 3433 4190 ψόφοις
3484 4118 3667 4185 ῥημά-

2086 4242 2195 4276 των
2250 4223 2377 4286 τοὺς
2431 4223 2535 4293 τὴν
2584 4219 2752 4273 αὐτοῦ
2803 4217 2999 4285 κλῆσιν
3051 4213 3441 4281 ὲνδεδυμὲνους
3501 4208 3668 4277 τιμᾷν

401 4302 528 4356 liter
555 4314 804 4368 unetum,
829 4321 1008 4375 neque
1031 4323 1097 4361 ex
1123 4307 1450 4362 sacerdotali
1480 4309 1622 4363 tribu
1647 4319 1861 4377 natum,
1884 4327 1954 4381 qu

2086 4315 2397 4377 πείθεσθαι,
2433 4315 2574 4368 ἀλλὰ
2604 4315 2755 4386 πάσῃ
2792 4311 3037 4366 διαθέσει
3073 4307 3256 4378 ψυχῆς
3283 4321 3297 4340 ι
3347 4304 3425 4367 ὡς
3474 4304 3539 4355 ἐκ
3569 4298 3667 4353 τοῦ

401 4402 610 4451 attente
642 4409 696 4452 ct
730 4398 1021 4468 diligenter
1060 4400 1323 4456 historias
1366 4401 1599 4470 legendo
1642 4403 1964 4470 observarit,

2088 4410 2289 4482 ῥᾴστου
2340 4410 2547 4462 ἐνεῖναι
2580 4405 2794 4467 τούτοις
2826 4402 2895 4457 δι’
2932 4401 3098 4457 αὑτὸν
3136 4400 3237 4452 καὶ
3281 4396 3453 4465 αὐτὴν
3482 4392 3672 4465 προδιη

403 4488 689 4545 inveniet:
726 4491 930 4561 quippe
978 4493 1073 4560 qui
1121 4492 1192 4547 ab
1234 4491 1353 4561 ipso
1402 4493 1512 4547 Deo
1553 4502 1609 4548 et
1648 4495 1828 4561 Patre,
1861 4505 1964 4549 antt

2098 4501 2247 4553 ὂόναι
2277 4499 2458 4570 ψυχὴν
2487 4495 2786 4568 αἱρεῖσθαι.

405 4582 606 4636 saecula
633 4583 1298 4656 condita,sempiternum
1334 4585 1402 4641 ab
1440 4595 1647 4642 aeterno
1675 4601 1731 4643 et
1795 4588 1848 4642 in
1919 4600 2190 4646 mternum
2238 4591 2643 4657 sacerdotium,
2722 4598 2985 4659 tanquam
3035 4599 3240 4639 munus
3292 4579 3570 4653 quoddam
3619 4586 3677 4632 et

405 4675 675 4730 honorem
728 4677 1069 4747 praecipuum
1120 4679 1390 4735 obtineat.
1460 4680 1599 4734 illud
1681 4697 1902 4752 quoque
1953 4700 2061 4739 non
2102 4688 2287 4743 minus
2349 4700 2435 4742 est
2497 4682 3267 4755 incorporeaadivinitusque
3325 4674 3679 4731 advenientis

410 4772 695 4828 unctionis
739 4775 955 4843 signum
987 4784 1042 4828 et
1079 4776 1368 4842 iudicium,
1400 4780 1543 4847 quod
1588 4780 1737 4833 hunc
1774 4795 1840 4835 ex
1914 4783 2174 4838 omnibus
2227 4799 2422 4849 unum,
2461 4798 2560 4853 per
2608 4796 2828 4839 omnem
2871 4788 3101 4841 terram,
3136 4773 3360 4831 Barbari
3413 4771 3579 4826 simul
3622 4777 3681 4822 et

410 4864 585 4920 Graeci
643 4866 924 4920 Christum
981 4870 1292 4925 nominant.
1361 4871 1431 4926 Et
1480 4872 1593 4943 jam
1651 4872 1779 4926 inde
1829 4889 1858 4927 a
1916 4877 2259 4945 tempqribus
2323 4879 2444 4948 ejus
2498 4875 2566 4931 ad
2619 4876 2769 4930 hunc
2833 4887 3007 4943 usque
3069 4871 3215 4925 diem
3261 4869 3313 4922 in
3366 4880 3491 4920 eum
3553 4876 3681 4917 cre-

411 4963 574 5031 dunt,
604 4972 664 5017 ut
694 4979 883 5019 verum
918 4965 1086 5019 Deum
1122 4980 1179 5022 et
1208 4968 1408 5039 Regem
1459 4969 1795 5039 unicumque
1827 4970 2151 5025 Pontiﬁcem
2192 4972 2287 5025 Dei
2347 4982 2402 5026 et
2440 4972 2774 5042 Prophetam
2836 4983 2963 5024 eum
2992 4967 3184 5022 colunt
3212 4971 3270 5018 et
3298 4968 3673 5017 venerantur:

415 5062 625 5133 quique
664 5065 830 5136 (quod
881 5065 1189 5119 orationem
1226 5072 1283 5117 et
1332 5063 1600 5118 rationem
1674 5079 1894 5120 omnem
1931 5066 2175 5136 excellit)
2245 5068 2471 5122 nomine
2536 5068 2657 5137 ejus
2675 5072 2994 5125 censentur,
3027 5071 3351 5131 persuasum
3409 5053 3542 5110 illud
3575 5054 3677 5108 ha-
3774 5094 3775 5097 η

414 5153 572 5222 bent,
609 5169 669 5215 ut
705 5173 812 5213 non
868 5157 1033 5213 labiis
1081 5166 1290 5212 tantum
1325 5165 1379 5209 et
1418 5155 1711 5209 verborum
1754 5159 1983 5226 strepitu
2030 5159 2207 5223 illam,
2272 5160 2369 5215 sed
2435 5160 2585 5214 omni
2614 5171 2841 5228 prorsus
2871 5152 3041 5209 animi
3071 5149 3364 5206 aﬂ‘ectioue
3390 5154 3449 5201 et
3474 5145 3681 5200 virtute

417 5255 644 5312 colant:
679 5267 852 5322 usque
887 5267 974 5317 eo,
1008 5259 1068 5305 ut
1091 5250 1158 5305 de
1190 5247 1333 5305 facili
1368 5246 1659 5303 consilium
1726 5248 1946 5317 capiant
2011 5258 2067 5304 et
2103 5260 2370 5317 statuant,
2397 5260 2450 5308 et
2481 5251 2655 5323 ipsam
2693 5257 2921 5321 propter
2947 5259 3072 5304 eum
3103 5256 3312 5317 ponere
3351 5239 3592 5297 animam
3621 5247 3681 5293 et

417 5352 609 5421 vitam.

2054 5522 2091 5554 “
2135 5522 2282 5577 Psal.
2313 5535 2421 5582 cur.
2456 5521 2510 5576 4.

532 5534 553 5567 ⁸
583 5532 686 5589 lsa.
717 5547 827 5598 ut,
856 5532 914 5598 l;
949 5526 1083 5585 Luc.
1121 5543 1197 5595 tv,
1228 5527 1314 5583 l8.
1433 5528 1476 5557 ⁵ο
1508 5526 1652 5583 Psal.
1694 5539 1838 5592 κων,
1876 5523 1929 5578 8.
