4032 6410
463 360 572 424 635

1685 358 2114 421 NICEPUORI
2155 358 2507 419 CALLISTI

3611 362 3705 418 {$35

466 471 713 526 obtineas
748 466 871 521 ﬁdei
913 476 969 522 et
1004 467 1267 522 doctrina:
1307 467 1513 522 Christi
1553 469 1951 537 cognitionem,
1986 477 2046 520 ut

2156 466 2274 535 κῆς,
2317 466 2412 517 καὶ
2453 466 2550 534 τῆς
2591 464 2698 517 τῶν
2752 463 2927 516 ἄλλων
2959 463 3242 533 διαστολῆς
3270 479 3282 496 ’
3316 458 3386 518 ὧν
3428 466 3620 535 Μωσῆς
3650 470 3703 520 ὲν

467 564 787 623 sobrietate.
825 562 1187 629 temperantia
1219 571 1275 615 et
1307 562 1522 630 justitia
1565 561 1796 630 polleas,
1830 569 1887 612 ut
1916 575 2043 614 san-

468 658 695 708 ctiorem
730 656 896 707 vitam
932 655 1304 723 virtutemque
1348 653 1522 707 virilis
1563 663 1619 707 et
1657 654 1835 723 magni
1873 653 2042 706 animi

471 754 736 815 perpetuo
778 753 968 798 tenore
1017 754 1338 798 constanter
1376 746 1689 811 continues,
1729 745 2045 799 interritus-

470 852 577 904 que
603 844 656 889 et
691 835 1000 904 impavidus
1036 836 1088 889 in
1125 836 1465 906 professione
1498 837 1724 906 pietatis
1767 837 1820 890 in
1851 837 2043 901 Deum,

471 944 567 996 per
614 928 798 981 omnia
856 928 1155 997 persistas;
1200 928 1249 981 id
1299 943 1464 982 omne
1505 946 1612 981 non
1658 929 1841 982 minus
1880 938 2047 996 atque

469 1035 592 1082 nos,
630 1021 704 1074 illi
746 1036 968 1089 quoque
1020 1031 1281 1089 prwstare
1321 1022 1677 1079 studuerunt.
1737 1020 1851 1074 Non
1896 1022 2044 1075 cnim

468 1109 578 1164 illis
615 1110 911 1164 admodum
945 1126 1092 1165 curae
1130 1111 1231 1165 fuit
1266 1111 1347 1164 ιιι-ι
1389 1110 1761 1172 circumcisio,
1786 1112 1867 1165 vel
1907 1111 2046 1164 Sab—

474 1200 730 1256 batorum
757 1201 1135 1270 festorumque
1159 1202 1375 1256 dierum
1400 1204 1752 1266 emremonia,
1770 1203 1853 1256 vel
1879 1204 2046 1256 etiam

471 1293 860 1348 alimentorum
912 1307 965 1348 et
1012 1295 1265 1350 ciborum
1311 1298 1627 1351 observatio
1672 1308 1727 1351 et
1776 1298 2045 1363 delectus,

473 1384 819 1454 aliarumque
869 1401 1052 1439 rerum
1081 1387 1421 1454 .discrimen,
1456 1404 1576 1457 qua:
1618 1388 1794 1443 Moses
1840 1393 2049 1458 primus

473 1484 533 1528 ut
557 1475 804 1544 symbola
833 1485 885 1529 et
914 1476 1181 1545 imagines
1207 1479 1525 1543 instituens,
1552 1480 1786 1548 posteris
1811 1482 1927 1535 suis
1954 1497 2052 1551 per

470 1580 667 1619 manus
699 1566 926 1620 tradidit
950 1584 964 1620 :
988 1578 1046 1622 et
1076 1584 1144 1623 ne
1177 1570 1339 1624 nobis
1369 1570 1593 1639 quidem
1621 1572 1952 1626 observandi
1984 1588 2050 1628 ea

468 1656 771 1712 necessitas
824 1658 1076 1726 imposita
1127 1670 1233 1714 est.
1288 1662 1452 1716 Certo
1504 1673 1689 1718 autem
1735 1674 1791 1718 et
1837 1664 2051 1734 liquido

473 1748 583 1803 illis
613 1750 886 1813 constitit,
910 1752 1088 1820 ipsum
1117 1752 1398 1809 Christum
1428 1756 1596 1810 Deum
1628 1757 1806 1812 visum
1834 1773 1956 1813 esse
1981 1760 2050 1812 ab

2116 630 2125 639 ‘
2152 557 2443 626 συμϐόλοις
2469 556 2683 627 πρῶτος
2720 557 3047 625 ἀρξάμενος,
3082 559 3193 617 τοῖς
3228 556 3515 624 μετέπειτα
3546 576 3704 627 παρα-

2147 649 2401 701 δέδωκεν·
2440 647 2560 700 ὲπεί
2604 649 2685 700 τοί
2728 665 2789 716 γε
2835 648 2942 700 οὐδ’
2980 648 3109 716 ἡμῖν
3152 647 3220 699 δέ
3254 647 3495 712 ἀνάγκης
3546 649 3703 703 ταῦτά

2149 742 2318 794 ἐστιν.
2379 740 2614 809 ’ᾘδέσαν
2667 740 2711 791 δ’
2756 739 3073 809 ἀκραιφνῶς
3133 738 3298 791 αῷτδν
3350 737 3577 807 Χριστὸν
3626 741 3708 791 τὸν

2147 833 2303 885 Θεὸψ
2344 833 2418 893 ὡς
2447 832 2778 895 ὀπτάνεσθαι
2813 832 2911 898 μὲν
2951 830 3227 900 Ἀϐραὰμ,
3275 828 3627 898 χρηματίζειν
3656 831 3708 882 δὲ

2161 924 2371 989 Ἰσαὰκ,
2426 926 2607 977 λαλεῖν
2643 925 2699 977 δὲ
2739 924 2957 985 Ἰακὼϐ,
2988 924 3177 976 Μωσεῖ
3223 922 3281 975 δὲ
3333 924 3425 974 καὶ
3462 924 3573 983 τοῖς
3607 923 3714 991 μετ’

2150 1017 2315 1069 αὑτὸν
2350 1019 2660 1086 προφήταις
2703 1016 3085 1086 διομιλεῖσθαι,
3112 1014 3255 1068 καθά
3285 1014 3626 1083 γέγραπται·
3655 1007 3714 1067 οῦ

2150 1108 2312 1176 χάριν
2352 1107 2451 1158 καὶ
2498 1109 2598 1176 τῆς
2630 1107 2844 1159 ἐκείνου
2880 1106 3078 1167 πάντες
3120 1100 3267 1159 οὗτοι
3308 1104 3554 1173 κλήσεως
3584 1105 3714 1173 ἀμυ-

2150 1198 2295 1265 δρῶς
2347 1196 2736 1267 κατηξίιιιντιι,
2781 1197 2927 1251 κατά
2983 1198 3104 1265 τὴν,
3148 1200 3246 1264 Mh
3299 1195 3563 1251 ἅπτεσθε
3611 1195 3720 1247 τῶν

2151 1291 2423 1357 Χριστὼν
2449 1308 2588 1358 μου,
2625 1291 2940 1359 φάσκουσαν
2975 1290 3351 1361 χρησμῳδίαν·
3388 1293 3482 1343 καὶ
3513 1290 3581 1341 ἐν
3606 1289 3721 1353 τοῖς

2153 1384 2489 1452 προφήταις
2523 1403 2643 1453 μου
2684 1386 2770 1455 μὴ
2796 1387 3223 1453 ποηρεύεσοε.
3282 1383 3447 1437 ’Ὥστε
3479 1381 3722 1447 συνάγειν

2152 1477 2323 1545 ἐστιν,
2372 1481 2436 1548 ἢν
2467 1481 2706 1549 ἀρχαίαν
2734 1482 3053 1550 ἐδείκνυμεν
3098 1478 3414 1532 θεοσέόειαν
3462 1481 3572 1539 τοῖς
3603 1480 3721 1546 περὶ

2152 1571 2246 1623 τὸν
2286 1571 2541 1642 ’Δόραάμ
2586 1571 2867 1642 πρόπαλαι
2906 1572 3223 1641 γινομένην,
3257 1570 3331 1638 μὴ
3374 1571 3544 1640 ἄλλην
3572 1566 3723 1632 εἶναι,

2154 1662 2271 1717 ἀλλ’
2295 1664 2363 1735 ἣν
2389 1664 2513 1734 ἄρτι
2537 1664 2771 1733 Χριστὸς
2793 1665 2881 1718 διὰ
2910 1664 3007 1734 τῆς
3040 1662 3235 1716 ἑαυτοῦ
3266 1662 3617 1724 διδασκαλίας
3644 1662 3723 1713 ἐκ·

2155 1758 2297 1823 φανῆ
2330 1760 2440 1819 τοῖς
2472 1756 2793 1825 ἁπανταχοῦ
2851 1758 3159 1826 πεποίηκεν
3209 1755 3447 1806 ἔθνεσιν.
3501 1753 3575 1805 Οὐ
3625 1753 3725 1821 γάρ

468 1838 805 1906 Abrahamo,
842 1843 1094 1895 eumdem
1131 1859 1394 1913 responsa
1426 1846 1645 1901 dedisse
1675 1846 1847 1912 lsaac,
1881 1848 2050 1903 collo-

2156 1849 2325 1914 δήπου
2379 1848 2599 1911 πάντως
2652 1848 2731 1917 τῷ
2777 1847 2924 1916 λόγῳ
2954 1846 3282 1916 λυμαίνεται
3322 1844 3391 1896 τὸ
3446 1841 3623 1911 πολλῷ
3667 1858 3726 1909 γε

467 1940 657 1991 cutum
689 1946 811 1986 esse
841 1948 966 1986 cum
1009 1933 1219 2000 Jacob;
1264 1951 1389 1989 cum
1432 1935 1583 1992 Mnse
1624 1950 1830 2005 autem,
1864 1949 1921 1994 et
1954 1940 2048 2009 qui

466 2033 592 2091 post
620 2039 745 2077 eum
778 2024 1006 2079 fuerunt
1034 2028 1346 2095 prophetis,
1372 2044 1687 2085 sermonem
1714 2032 2048 2098 contulisse;

465 2130 571 2183 pro
603 2129 671 2169 eo
714 2126 880 2184 atque
916 2117 970 2170 id
1016 2132 1186 2173 sacra:
1227 2119 1477 2174 indicant
1518 2120 1838 2189 Scriptura.
1874 2123 2050 2189 Quam

468 2211 543 2265 ob
571 2226 794 2266 causam
822 2223 878 2268 et
910 2215 1034 2267 illos
1064 2230 1259 2271 omnes
1285 2216 1521 2271 obscura
1553 2218 1788 2288 quadam
1821 2228 1877 2274 et
1901 2220 2052 2273 tenui

468 2304 715 2357 nominis
755 2305 841 2359 sui
880 2307 1254 2375 appellatione
1285 2309 1542 2378 dignatus
1571 2321 1691 2373 est,
1726 2313 1880 2382 juxta
1916 2312 2052 2366 illud

468 2396 755 2449 oraeulare
794 2398 1024 2451 Verbum
1059 2417 1072 2452 :
1111 2398 1292 2453 Nolite
1335 2407 1551 2471 tangere
1593 2402 1828 2457 Christus
1870 2420 2011 2457 meos
2036 2420 2055 2459 :

469 2492 522 2537 et
557 2484 613 2537 in
650 2487 915 2554 prophetis
963 2489 1093 2540 oleis
1142 2504 1208 2541 ne
1253 2488 1640 2558 malignemiui.
1676 2489 1780 2560 53
1825 2490 1893 2545 Ut
1942 2491 2053 2559 jam

474 2577 792 2631 summatim
841 2578 1026 2632 dicere
1072 2588 1128 2633 et
1170 2580 1430 2649 colligere
1480 2581 1663 2643 liceat,
1698 2598 1863 2651 quam
1911 2583 2057 2637 anti-

475 2666 663 2732 quitus
688 2668 924 2722 Abrabze
951 2671 1302 2725 ostendimus
1328 2672 1498 2727 fuisse
1529 2687 1653 2743 erga
1684 2674 1852 2727 Deum
1886 2675 2061 2744 pieta-

476 2769 586 2812 tem
630 2770 688 2813 ct
736 2761 1085 2831 religionem,
1115 2779 1237 2817 eam
1287 2781 1397 2818 non
1445 2765 1609 2819 aliam
1664 2765 1831 2821 fuisse
1881 2767 1950 2821 ab
1992 2781 2059 2821 ea

477 2864 644 2917 quam
682 2867 857 2917 nuper
886 2869 982 2920 per
1010 2853 1322 2907 doctrinam
1364 2853 1481 2923 ipse
1521 2870 1674 2908 suam
1704 2855 1960 2910 Christus
2004 2856 2059 2909 in

475 2958 673 2996 onmes
704 2944 909 3012 ubique
943 2945 1187 3012 vulgatit
1226 2956 1434 3015 gentes.
1464 2945 1653 3015 Neque
1687 2947 1817 3002 huic
1857 2947 2061 3002 rationi

474 3034 777 3102 quidquam
823 3036 959 3090 illud
993 3036 1172 3101 obest,
1207 3037 1355 3107 quod
1385 3040 1431 3092 is
1455 3038 1621 3107 longo
1655 3049 1780 3108 post
1811 3049 2060 3111 tempore

474 3112 957 3182 circumcisionem
999 3130 1298 3198 acceperit.
1332 3133 1474 3184 Ante
1520 3130 1661 3184 hanc
1693 3133 1840 3185 enim
1886 3132 2056 3200 ipsam

475 3220 583 3274 (ide
609 3220 966 3290 justiiiratuni
1018 3237 1145 3276 eum
1177 3221 1369 3286 fuisse,
1408 3222 1728 3277 testimonio
1765 3224 2062 3293 Scriptura!

473 3314 893 3379 comprobatum
930 3324 1036 3369 est.
1083 3314 1240 3380 Quod
1275 3331 1373 3384 per
1405 3315 1541 3370 illud
1589 3316 1859 3370 astruitur
1884 3333 1899 3371 :
1928 3318 2062 3371 Cre-

471 3405 605 3458 didit
645 3415 818 3457 autem
866 3406 1131 3460 Abraham
1173 3407 1301 3471 Deo,
1338 3417 1387 3460 et
1431 3410 1750 3476 imputatum
1787 3417 1861 3461 est
1901 3410 1949 3462 ei
1990 3409 2060 3463 ad

470 3497 740 3565 justitiam
759 3500 822 3551 “.
837 3499 1007 3552 Porro
1025 3499 1204 3553 eidem
1222 3501 1526 3553 etiamnum
1547 3500 1939 3555 incircumciso
1958 3499 2058 3571 (l),

474 3590 701 3643 oraculo
748 3589 933 3644 divino
962 3590 1090 3660 (fuit
1122 3600 1306 3645 autem
1348 3590 1401 3644 id
1442 3591 1623 3660 ipsum
1673 3591 1768 3646 Dei
1814 3589 2055 3645 Verbum

472 3683 746 3751 Christus)
773 3683 841 3736 de
866 3684 947 3737 eis
969 3686 1060 3753 qui
1090 3684 1286 3739 eodem
1318 3699 1429 3753 quo
1459 3684 1576 3753 ipse
1607 3683 1775 3737 modo
1807 3684 1863 3738 in
1904 3683 2059 3738 futu-

475 3791 601 3828 rum
639 3776 932 3845 jnstilicari
980 3777 1268 3839 deberent,
1313 3777 1517 3830 talibus
1559 3763 1661 3830 est.
1684 3777 2061 3830 renuntiatum

474 3869 664 3922 verbis
697 3887 707 3919 :
741 3867 806 3921 Et
861 3868 1230 3920 benedicentur
1274 3869 1330 3920 in
1377 3878 1425 3920 te
1470 3884 1651 3921 omnes
1683 3868 1848 3921 tribus
1881 3875 2060 3923 terrae.

477 3960 635 4027 Quod
662 3976 792 4013 sane
815 3961 990 4029 ipsum
1022 3963 1074 4013 in
1103 3962 1263 4015 nobis
1282 3969 1727 4014 consummatum
1753 3975 1896 4021 esse,
1922 3960 2060 4015 satis

481 4062 721 4106 constat.
763 4054 918 4106 Sicut
950 4053 1098 4105 enim
1132 4053 1222 4106 ille
1257 4053 1384 4115 lide,
1417 4069 1581 4121 quam
1617 4052 1905 4121 apparenti
1946 4052 2053 4106 sibi

428 4204 433 4207 7
483 4145 665 4200 Verbo
698 4146 808 4198 Deo
842 4146 1055 4204 habuit.
1082 4146 1433 4214 justiticatus,
1462 4146 1690 4214 pristina
1716 4144 1822 4197 vita
1850 4146 2058 4214 patria-

2157 1939 2387 2009 ὕστερον
2418 1939 2723 2011 περιτομὴν
2750 1939 2916 1992 αὐτὸν
2939 1939 3245 2007 εἰληφέναι·
3278 1936 3389 2007 πρὸ
3408 1936 3517 2005 γάρ
3537 1936 3727 2005 ταύτης

2157 2032 2586 2102 μεμαρτύρηται
2612 2034 2680 2102 τῇ
2713 2035 2897 2083 πίστει
2934 2030 3248 2091 δικαιωθείς
3269 2044 3284 2059 ’
3319 2028 3416 2081 καὶ
3448 2027 3602 2080 τοῦτο
3632 2041 3724 2079 παι

2158 2121 2373 2189 ρίστησι
2400 2121 2482 2188 τὸ,
2522 2122 2884 2179 Ἐ’πίστευσε
2914 2120 2984 2173 δὲ
3026 2120 3289 2189 Ἀϐραὰμ
3333 2118 3418 2185 τῷ
3459 2117 3600 2183 Θεῷ,
3639 2115 3728 2170 καί

2154 2214 2443 2282 ἐλογίσθη
2491 2212 2653 2280 αὑτῷ
2698 2216 2787 2281 είς
2821 2215 3246 2280 δικαιοσύνην.
3295 2213 3406 2266 Καί
3454 2229 3517 2280 γε
3553 2214 3733 2279 ἀπερι-

2152 2303 2349 2373 τιιήτῳ
2381 2302 2520 2369 ὄντι,
2566 2306 2595 2356 δ
2634 2304 2994 2375 χρηματίζων
3023 2300 3113 2375 (ἦν
3143 2302 3189 2357 δ’
3216 2303 3387 2366 αὐτὸς
3415 2305 3444 2356 ὁ
3478 2301 3576 2357 τοῦ
3605 2299 3729 2354 Θεοῦ

2156 2394 2331 2461 Λόγος
2379 2396 2644 2465 Χριστὸς)
2678 2396 2810 2460 περὶ
2836 2396 2945 2447 τῶν
2975 2395 3176 2463 ἐπίσης
3219 2395 3374 2463 αὑτῷ
3400 2391 3731 2447 δικαιοῦσθαι

2160 2487 2465 2557 μελλόντων
2515 2487 2730 2551 τούτοις
2781 2488 2846 2558 δὴ
2907 2487 3286 2557 προήγγελται
3345 2488 3521 2552 λέγων
3550 2502 3566 2517 ο
3631 2483 3731 2537 Kal

2156 2579 2753 2649 ἐνευλογηθήσῡνται
2783 2579 2853 2634 ἐν
2900 2578 3001 2633 σοὶ
3057 2576 3250 2633 πᾶσαι
3298 2580 3365 2631 at
3414 2575 3597 2646 φυλαί
3635 2573 3732 2639 τῆς

2158 2674 2299 2746 τῆς·
2329 2674 2357 2728 ὃ
2381 2673 2446 2743 δὴ
2476 2675 2572 2726 καὶ
2608 2673 2782 2742 πέρας
2817 2672 3039 2742 εἰληφὸς
3082 2673 3141 2723 ἂν
3171 2670 3309 2740 ἡμῖν
3340 2670 3731 2726 άναδὲδεικται.

2168 2770 2259 2833 '0;
2283 2769 2394 2840 γάρ
2419 2770 2629 2823 ἐκεῖνος
2661 2771 2845 2820 πίστει
2885 2767 2966 2835 τῷ
3002 2765 3225 2833 ὀφθέντι
3256 2764 3426 2833 Λόγῳ
3451 2764 3569 2834 Θεῷ
3608 2762 3738 2815 δεδι-

2159 2862 2420 2927 καίωται,
2464 2861 2558 2913 τόν
2610 2877 2670 2913 τε
2718 2861 2991 2929 πρότερον
3028 2858 3141 2927 βίον
3181 2857 3281 2909 καὶ
3331 2859 3438 2927 τὴν
3488 2855 3737 2925 πατρῴαν

2161 2952 2466 3023 θρησκείαν
2499 2952 2811 3020 ἀπολιπὼν,
2857 2953 2957 3006 ἕνα
3016 2952 3075 3005 δὲ
3125 2952 3237 3003 τῶν
3290 2951 3435 3004 ὅλων
3485 2948 3739 3019 πρύτανιν

2158 3047 2505 3117 ὁμολογήσας
2539 3046 2697 3112 Θεὸν,
2749 3049 2845 3101 καὶ
2880 3046 3068 3117 ἔργοις
3097 3045 3301 3116 ἀρετῆς
3323 3085 3342 3110 ,
3385 3046 3448 3099 οὐ
3483 3042 3739 3115 θρησκείᾳ

2166 3138 2262 3191 τοῦ
2294 3137 2539 3202 Μωσέως
2575 3138 2767 3207 νόμον,
2802 3138 3152 3209 θεραπεύσας
3182 3137 3375 3191 αὐτόν·
3402 3136 3544 3191 οὕτω
3563 3136 3624 3206 δὴ
3649 3135 3741 3187 κάν

2168 3231 2246 3302 τῷ
2277 3232 2509 3304 παρόντι
2538 3232 2567 3285 ὁ
2598 3232 2765 3295 αὐτὸς
2789 3225 2945 3295 οὗτος
2973 3233 3074 3301 τῆς
3106 3230 3403 3295 εὐσεϐείας
3448 3232 3645 3299 τρόπος
3689 3223 3744 3289 ἐξ

2162 3321 2386 3390 ἁπάσης
2432 3321 2538 3391 τῆς
2569 3322 2900 3391 οἰκουμένης
2956 3319 3111 3390 παρά
3165 3318 3355 3388 μόνοις
3395 3314 3741 3386 Χριστιανοῖς

2160 3412 2506 3480 ἀσκούμενος
2539 3412 2791 3481 ἐναργῶς
2814 3411 3222 3465 διαδείκνυταιο
3262 3409 3343 3473 ὡς
3380 3409 3550 3478 μηδὲν
3577 3409 3743 3476 εμπο-

2159 3502 2266 3556 δὼν
2283 3502 2634 3563 καθεστάναι,
2652 3503 2747 3557 ἕνα
2767 3502 2868 3572 μὲν
2885 3502 2979 3556 τὸν
2999 3500 3094 3554 νῦν
3114 3501 3321 3554 καὶτὸν
3338 3498 3620 3568 πρόπαλαι
3637 3494 3743 3565 βίον

2161 3590 2302 3649 εἷναι
2330 3596 2464 3665 ἡμῖν
2488 3612 2549 3647 τε
2581 3597 2695 3657 τοῖς
2719 3595 2829 3649 ἀπὺ
2848 3593 3090 3667 Χριστοῦ
3112 3594 3340 3655 καὶτοῖς
3361 3591 3594 3648 ἔκπαλαι
3610 3586 3743 3643 κατὰ

2160 3689 2298 3744 Θεὸν
2330 3689 2548 3760 ζήσασι,
2579 3687 2879 3743 κάντεῦθεν
2914 3686 3267 3755 συνάγεσθαι,
3302 3687 3387 3758 μὴ
3435 3686 3595 3753 ξένην
3624 3680 3738 3735 τινὰ

2162 3781 2258 3833 καὶ
2284 3780 2410 3834 νέαν
2444 3781 2725 3835 πολιτείαν
2746 3775 2888 3834 εἶναι
2908 3780 3008 3850 τὴν
3026 3778 3328 3851 ἡμετέραν,
3357 3777 3477 3830 ἀλλ’
3498 3778 3548 3829 εί
3573 3770 3741 3845 χρεὼν

2165 3868 2334 3938 φάναι
2364 3872 2654 3943 παρρησίᾳ
2684 3872 3001 3941 χρώμενον,
3035 3871 3260 3941 πρώτην
3288 3868 3503 3937 ταύτην
3534 3870 3625 3919 καὶ
3654 3861 3742 3932 μό·

2163 3976 2264 4030 νην
2294 3962 2390 4015 καὶ
2439 3963 2621 4032 ἀληθῆ
2666 3963 3006 4029 θεοσέόειαν,
3053 3962 3153 4034 τὴν
3190 3963 3279 4016 διὰ
3314 3959 3555 4030 Χριστοῦ
3587 3955 3746 4010 πάλαι

2167 4055 2266 4123 μὲν
2295 4054 2558 4127 ἀμυδρῶς
2588 4057 3079 4127 Μραδειχοεῖσαν,
3109 4056 3229 4108 νυνὶ⁸
3256 4054 3315 4107 δὲ
3340 4050 3433 4109 οἷά
3465 4069 3587 4106 τινα
3616 4066 3750 4117 πυρ-

2164 4147 2257 4200 σδν
2290 4148 2415 4201 καθ’
2457 4148 2586 4217 ὅλης
2612 4148 2714 4217 τῆς
2751 4151 3087 4220 οἰκουμένης
3121 4147 3516 4216 ἐκλάμψασαν.

478 4254 586 4306 que
625 4240 887 4309 religione
923 4239 1135 4303 relicta,
1159 4251 1222 4290 ac
1253 4236 1596 4303 proh-Ssione
1628 4236 1850 4305 pietatis
1878 4237 2051 4301 omni,
2096 4238 2151 4292 in
2175 4239 2423 4315 'unicum
2461 4256 2648 4297 rerum
2715 4242 2964 4296 omnium
3034 4242 3465 4312 gubernatorem
3493 4246 3551 4293 et
3574 4233 3748 4292 Domi-

477 4348 609 4386 imm
642 4332 810 4387 Deum
855 4333 1073 4395 collata,
1108 4347 1217 4386 non
1255 4330 1505 4385 Mosaicae
1535 4331 1687 4383 illum
1716 4330 1854 4400 legis
1884 4332 2246 4398 caeremoniis,
2314 4333 2411 4388 sed
2474 4334 2698 4389 virtutis
2725 4334 2885 4390 factis
2915 4335 3126 4389 coluit;
3158 4333 3354 4388 itidem
3383 4342 3442 4389 et
3508 4334 3560 4383 in
3617 4341 3747 4398 pne-

479 4427 676 4487 sentia,
718 4426 972 4480 eumdem
1016 4430 1194 4496 ipsum
1232 4426 1452 4495 pietatis
1478 4439 1609 4490 erga
1646 4426 1816 4480 Deum
1866 4425 2058 4491 ritum,
2101 4442 2198 4495 per
2258 4427 2616 4483 habitabilem
2644 4438 2845 4484 terram
2906 4443 3126 4484 omnem
3150 4427 3293 4499 apud
3319 4428 3469 4483 solos
3489 4424 3747 4481 Christia-

481 4537 582 4574 nos
629 4520 685 4573 in
734 4537 833 4574 usu
886 4538 1032 4587 esse,
1065 4522 1359 4576 manifesto
1403 4523 1537 4574 satis
1578 4533 1828 4590 apparet.
1859 4522 1928 4577 Ut
1951 4522 2063 4591 jam
2100 4525 2236 4578 nihil
2305 4526 2509 4593 obstet,
2568 4527 2701 4595 quin
2736 4524 2999 4595 colligere
3028 4526 3156 4581 inde
3183 4535 3239 4580 et
3267 4523 3603 4581 concludere
3629 4532 3749 4589 pos-

478 4615 671 4675 simus,
704 4623 766 4665 ut
799 4630 958 4665 unam
994 4614 1358 4683 eamdemque
1390 4623 1445 4666 et
1476 4630 1621 4667 nunc
1653 4630 1795 4673 esse.
1827 4622 1883 4668 et
1918 4615 2048 4666 olim
2089 4615 2263 4672 fuisse
2328 4618 2523 4683 vitam,
2582 4629 2639 4671 et
2668 4618 2831 4673 nobis
2856 4617 3219 4684 Christianis,
3240 4625 3295 4671 et
3321 4616 3417 4685 qui
3452 4611 3750 4681 antiquitus

478 4721 544 4759 ex
578 4706 894 4774 przeseripto
926 4706 1020 4760 Dei
1056 4708 1316 4761 vixerunt
1356 4706 1615 4760 omnibus
1680 4721 1861 4775 neque
1929 4722 2134 4761 novum
2178 4718 2273 4762 aut
2307 4711 2660 4780 peregrinum
2700 4726 2822 4766 esse
2860 4709 3174 4783 institutum
3214 4719 3491 4772 nostrum,
3525 4706 3618 4760 sed
3652 4704 3749 4772 (εἰα-

479 4805 701 4871 ιιυὶιιοιιι
747 4803 978 4857 liberius
1009 4803 1302 4858 dicendum
1338 4808 1442 4870 cst)
1480 4805 1718 4871 primum
1758 4804 1905 4856 hunc
1945 4818 2066 4857 esse
2105 4812 2161 4858 et
2197 4807 2377 4861 solum
2413 4822 2717 4877 verumque
2762 4806 2855 4861 Dei
2894 4807 3129 4870 cultum,
3185 4804 3278 4876 qui
3310 4821 3411 4875 per
3475 4802 3743 4859 Christum

479 4907 562 4953 est
592 4913 607 4950 :
635 4879 730 4966 qui
758 4898 939 4952 cultus
967 4898 1097 4951 olim
1127 4897 1349 4967 quidem
1380 4898 1620 4953 tenuiter
1649 4907 1703 4952 et
1726 4899 1963 4954 obscure
2023 4899 2097 4954 sit
2136 4909 2412 4969 ostensus,
2476 4919 2628 4959 nunc
2656 4919 2788 4959 vero
2819 4911 3076 4974 tanquam
3106 4899 3359 4970 quadam
3391 4897 3481 4954 [ax
3518 4895 3747 4953 lucidior

482 4992 601 5051 orbi
634 4990 894 5045 universo
925 4990 1190 5047 illuxerit.

589 5158 631 5189 "
657 5157 796 5213 Gen.
827 5174 918 5221 xv,
956 5156 1010 5213 6.

2167 5351 2222 5395 et
2260 5341 2311 5393 in
2347 5339 2573 5411 reliquis
2598 5340 2781 5409 justis,
2812 5339 2906 5407 qui
2939 5338 3266 5411 placuerunt
3293 5336 3430 5411 Deo.
3463 5334 3527 5386 Et
3559 5340 3740 5411 rursus

2169 5412 2224 5464 in
2248 5407 2560 5464 novisszmis
2581 5407 2923 5479 temporibus
2950 5419 3067 5462 orta
3102 5418 3185 5461 est
3209 5408 3261 5460 in
3293 5407 3745 5479 humanogenere

2170 5497 2267 5550 per
2299 5483 2512 5537 Domini
2547 5471 2845 5535 adventum
2877 5480 3045 5553 (ιι-οη.
3078 5480 3175 5532 lib.
3221 5493 3293 5543 iv,
3323 5490 3445 5544 cap.
3473 5471 3588 5539 4‘3.)

482 5404 495 5417 .
557 5343 634 5412 (ι)
671 5344 1071 5417 lla-c_qna:_(-st
1118 5341 1169 5395 in
1204 5341 1471 5417 praeputio
1504 5341 1660 5417 ﬁdes,
1713 5340 1876 5417 (luem
1927 5355 2060 5393 con-

477 5412 713 5483 jnngens
751 5415 1039 5481 principio,
1069 5422 1121 5465 et
1148 5412 1320 5479 prima
1348 5421 1406 5464 et
1449 5413 1746 5465 novissima
1780 5414 2055 5483 lactacst.

480 5482 695 5544 Etenun
728 5494 783 5539 ct
817 5494 945 5537 ante
992 5483 1471 5537 circumcisionetu
1522 5489 1641 5537 erat
1682 5482 1734 5535 in
1783 5482 2058 5536 Abraham
