4032 6454
337 430 441 495 041

1298 427 1910 492 ΕΟΟιΕδΙΑΞΤΙΕλἘ
1952 377 2354 488 IllST/ORl/F,
2395 427 2547 486 LIB.
2597 425 2641 487 Ι.

3499 410 3608 480 (42

339 561 452 596 νεν.
484 543 716 597 Ἔπειτα
761 541 818 596 δὲ
851 543 944 596 καὶ
980 541 1300 614 στράτευμα
1329 540 1628 612 ἡθροικὼς,
1659 539 1876 592 κάτεισι
1903 554 1918 571 ο

2041 538 2168 603 lent,
2195 537 2434 592 infantes
2496 533 2914 592 incircumcisos
2977 533 3315 602 relinquant,
3364 534 3607 604 denique

339 629 433 682 καὶ
479 629 773 701 συμϐαλὼν
816 631 998 701 μάχην
1050 632 1248 700 κρατεῖ
1277 631 1400 694 τοὺς
1455 629 1586 700 περὶ
1619 628 1916 698 Ἀντίοχον,

341 723 438 776 καὶ
455 727 679 792 αῑσχιτα
703 723 802 792 τῆς
829 724 1036 786 πόλεως
1059 722 1378 789 ἀπελαύνει,
1409 723 1504 776 καὶ
1528 721 1622 774 τοῦ
1653 719 1918 788 σφετέρου

341 815 530 876 ἔθνους
564 813 724 886 ἄρχει
757 815 976 878 ἑκόντος
997 831 1010 846 ⁸
1039 815 1268 886 τελευτᾷ
1285 815 1341 868 δὲ
1374 813 1434 866 ού
1455 812 1638 884 πολλῷ
1671 810 1920 878 ὕστερον,

352 903 635 978 ’ίούδᾳτῷ
658 909 1022 978 πρεσϐυτέρῳ
1045 907 1154 962 τῶν
1179 907 1378 960 παίδων
1404 905 1579 959 λιπὼν
1610 905 1710 975 τὴν
1725 903 1921 973 ἀρχὴν.

343 999 514 1062 Οὗτός
535 1014 598 1066 γε
627 1000 732 1068 μὴν
758 997 946 1063 δεδιὼς
974 1001 1067 1053 τὸν
1093 999 1386 1070 Ἀντίοχον,
1417 997 1550 1068 μηδὲ
1579 997 1690 1066 γὰρ
1711 995 1925 1066 ἠρεμή-

344 1108 462 1144 σειν
500 1093 706 1146 ἐκεῖνον
738 1091 897 1163 ᾤετο,
927 1092 1159 1162 δύναμιν
1184 1109 1246 1144 τε
1280 1093 1379 1162 τὴν
1415 1089 1712 1160 ἐπιχώριον
1741 1088 1926 1159 ἡθροι-

329 1182 402 1248 ’ξε
428 1201 444 1216 ⁸
481 1185 743 1256 καὶπρὸς
797 1183 1018 1255 Ῥώμην
1047 1184 1306 1254 πρέσϐεις
1348 1183 1566 1254 πρῶτος
1610 1179 1926 1248 διαπεμψά·

347 1291 530 1344 μενος,
569 1278 684 1338 τοῖς
740 1277 1072 1346 στρατηγοῖς
1129 1275 1357 1330 ἐκείνων
1413 1274 1718 1328 ἐσπένδετο.
1756 1267 1928 1333 Οὗτος

345 1367 439 1420 καὶ
467 1369 546 1438 τῷ
574 1367 888 1438 διαφέροντι
923 1367 1017 1421 τοῦ
1049 1367 1394 1436 σεϐάσματος
1417 1367 1480 1420 τό
1507 1383 1566 1418 τε
1598 1364 1742 1434 ἱερὸν
1764 1367 1927 1415 ἐκκα-

345 1459 546 1530 θαίρει,
599 1462 695 1514 καὶ
736 1463 898 1515 καινά
935 1459 1105 1530 σκεύη
1145 1462 1210 1530 τῇ
1245 1458 1407 1530 θυσίᾳ
1449 1457 1773 1526 ἐγκαθιστᾷ.
1803 1454 1927 1508 Ἐπὶ

345 1552 558 1615 τούτοις
589 1554 616 1606 ό
659 1553 758 1622 μὲν
803 1553 1080 1622 ’Δντίοχος
1113 1551 1370 1605 ἐτελεύτα
1395 1565 1410 1582 ⁸
1441 1553 1470 1604 ό
1494 1551 1550 1603 δὲ
1580 1551 1705 1612 mi";
1737 1546 1926 1609 αὑτοῦ,

361 1643 634 1715 Ἀντίοχος
681 1645 739 1699 δὲ
773 1646 866 1699 καὶ
896 1645 1058 1708 αὐτὸς
1111 1643 1449 1714 ὠνομάζετο,
1489 1644 1666 1711 στίφει
1712 1641 1930 1709 ἀπείρῳ

348 1740 460 1800 τοῖς
507 1737 784 1801 Ἰουδαίοις
825 1737 1111 1806 ἐφίστατο.
1164 1737 1543 1808 Συρραγείσης
1608 1734 1787 1786 τοίνυν
1831 1735 1930 1800 τῆς

353 1827 558 1898 μάχης,
609 1827 884 1898 ὑπεχώρει
912 1827 1071 1892 αὖθις
1111 1827 1356 1898 φρουράν
1395 1828 1462 1896 τῇ
1513 1825 1666 1878 πόλει
1704 1823 1930 1876 καταλι-

351 1917 488 1974 πών.
535 1919 733 1983 Ἰούδας
767 1919 844 1984 δὲ,
893 1921 1012 1982 ταῖς
1043 1918 1326 1980 τοιαύταις
1375 1919 1574 1988 μάχαις
1627 1916 1926 1984 ἀναφανεὶς
1963 1891 2002 1945 Β

351 2005 596 2077 ἄριστος,
637 2010 733 2062 καὶ
765 2007 995 2072 πολλοὺς
1033 2007 1144 2060 τῶν
1185 2005 1464 2075 Ἀντιόχου
1496 2003 1574 2074 τῷ
1609 2005 1755 2074 ξίφει
1791 2005 1934 2056 ὑπα-

353 2097 564 2168 γαγὼν,
618 2101 678 2164 ἐς
716 2100 949 2170 ὕστερον
982 2100 1074 2154 καὶ
1125 2097 1289 2162 αὐτὸς
1333 2099 1670 2168 ἀναιρεῖται·
1709 2096 1844 2166 πρὸς
1876 2097 1934 2149 δὲ

353 2193 448 2245 καὶ
495 2193 524 2246 ὁ
557 2191 794 2262 ἁδελφὸς
835 2189 1110 2262 Ἰωάννης.
1151 2191 1218 2244 'll
1257 2191 1316 2244 δὲ
1347 2192 1492 2260 ἀρχὴ
1539 2189 1752 2242 ἐκείνου
1795 2187 1935 2259 πρὸς

368 2283 625 2354 Ἰωνάθην
657 2284 943 2357 μετεϐαινε
969 2283 1060 2336 τὸν
1089 2283 1276 2352 ἕτερον
1299 2283 1522 2350 ἀδελφόν
1543 2297 1557 2312 ο
1591 2281 1650 2345 ὃς
1672 2281 1804 2350 δῆτα
1835 2281 1934 2352 τὴν

357 2378 492 2448 πρὸς
543 2377 848 2442 Ῥωμαίους
897 2377 1082 2446 φιλίαν
1117 2375 1419 2446 ὲπιμᾶλλον
1466 2375 1933 2443 ἀσφαλισάμενος,

358 2469 452 2522 καὶ
479 2469 614 2540 πρὸς
630 2469 723 2522 τὸν
737 2469 1015 2540 Ἀντιόχου
1041 2469 1206 2522 παῖδα
1232 2470 1330 2530 τάς
1351 2467 1646 2536 διαλλαγὰς
1673 2469 1932 2530 ἐποιεῖτο,

358 2559 490 2630 παρ’
525 2555 569 2627 ᾧ
602 2562 693 2613 καὶ
725 2559 956 2629 φιλικῶς
982 2561 1313 2626 καταλύσας,
1352 2561 1488 2631 πρὸς
1509 2559 1604 2612 τοῦ
1633 2559 1934 2628 ἐπιτρόπου

358 2650 652 2721 Τρύφωνος
687 2650 993 2720 φθείρεται,
1023 2649 1118 2702 τοῦ
1148 2647 1378 2716 ἀδελφοῦ
1414 2648 1535 2717 μετ’
1557 2649 1764 2699 ἐκεῖνον
1799 2661 1936 2715 κραο

356 2742 623 2811 στήσαντος
653 2740 897 2811 Σίμωνος
920 2756 936 2773 ο
966 2739 1026 2804 ὃς
1048 2743 1116 2808 δὴ
1138 2739 1231 2792 καὶ
1261 2738 1528 2808 γενναίως
1554 2739 1936 2808 ἀφηγούμενος

357 2833 467 2887 τῶν
497 2834 864 2904 πραγμάτων,
907 2831 1168 2902 Ἀντιόχῳ
1195 2829 1485 2901 σύμμαχος
1519 2830 1730 2898 γίνεται
1767 2844 1934 2898 στρα-

357 2925 571 2980 τεύοντι
602 2927 742 2981 κατά
771 2923 1092 2996 Τρύφωνος,
1121 2924 1271 2992 αύτῷ
1297 2923 1346 2976 οἱ
1371 2920 1775 2983 ἐπαναστάντος
1801 2934 1815 2950 ο
1842 2920 1936 2972 καὶ

361 3017 659 3085 συνεξελὼν
697 3018 968 3088 Τρύφωνα
1015 3016 1268 3085 οὐδαμῶς
1307 3017 1516 3069 ἐκεῖνον
1557 3013 1688 3083 φίλα
1717 3014 1766 3066 oi
1799 3029 1932 3081 φρο-

359 3111 556 3165 νοῦντα
585 3109 728 3179 ἔγνω
759 3110 818 3172 ὲς
852 3107 1080 3177 ὕστερον
1100 3121 1114 3137 ⁸
1147 3105 1475 3161 Κενδεϐαῖον
1505 3105 1615 3175 γὰρ
1643 3104 1736 3158 τὸν
1765 3103 1934 3158 αὑτοῦ

362 3201 668 3272 στρατηγὸν
697 3199 946 3271 πέμψας,
970 3197 1133 3271 δῃοῦν
1157 3215 1216 3250 τε
1235 3197 1332 3266 τὴν
1363 3196 1624 3250 Ἰουδαίαν
1645 3195 1933 3262 ἐπέταττε,
1963 3224 2004 3280 C

360 3298 454 3350 καὶ
495 3295 718 3366 Σίμωνα
749 3294 1064 3364 ὑποχείριον
1088 3291 1264 3360 ἄγειν.
1311 3291 1380 3344 '0'
1399 3291 1454 3344 δὲ
1480 3289 1749 3362 λαμπρῶς
1780 3290 1937 3359 νική-

363 3399 462 3448 σας
493 3383 586 3436 τὸν
617 3381 965 3446 Κενδεϐαῖον,
1001 3377 1380 3449 μυριάριθμον
1403 3379 1745 3446 ἐπαγόμενον
1767 3377 1934 3447 στρά-

361 3493 564 3547 τευμα,
605 3474 811 3536 πάσαις
855 3471 1137 3533 ἐπιϐολαῖς
1181 3470 1276 3540 τῆς
1309 3470 1416 3522 τῶν
1446 3470 1776 3524 Μακεδόνων
1819 3471 1944 3520 ἐπι-

362 3567 624 3639 κρατείας
653 3565 715 3619 τὸ
737 3563 1012 3634 ὁμόφυλον
1039 3561 1378 3617 ἀπαλλάττει
1403 3558 1542 3630 μετά
1570 3558 1941 3628 ἐϐδομήκοντα

363 3661 460 3732 ἔτη
491 3661 584 3713 καὶ
609 3658 804 3711 ἑκατόν
821 3673 836 3688 ο
861 3659 956 3710 καὶ
987 3652 1280 3725 ἀρχιερεὺς
1309 3651 1710 3706 ἀναδείκνυται.
1731 3650 1944 3720 Μικρὸν

363 3751 409 3804 δ’
441 3750 668 3817 ὕστερον
693 3749 789 3802 καὶ
823 3745 981 3809 οὗτος
1005 3749 1033 3798 ὁ
1058 3745 1242 3813 Σίμων
1271 3741 1377 3796 ὑπὸ
1415 3741 1508 3794 τοῦ
1535 3741 1784 3810 γαμϐροῦ
1812 3743 1946 3795 Πτο-

364 3847 594 3921 λεμαίου
625 3848 686 3898 ὲν
721 3841 1010 3915 συμποσίῳ
1045 3839 1327 3894 κτίννυται
1347 3855 1362 3870 ·
1395 3835 1452 3900 ὃς
1483 3837 1550 3907 δὴ
1583 3837 1942 3906 Πτολεμαῖος,

363 3945 466 4014 τήν
495 3957 555 3996 τε
583 3940 820 4010 γυναῖκα
855 3937 946 3989 καὶ
973 3935 1097 3996 τοὺς
1127 3932 1220 3986 δύο
1249 3930 1446 3992 παῖδας
1481 3929 1798 3999 καθείρξας,
1833 3929 1946 3983 ἰω.

369 4039 532 4107 ἀννην
559 4035 650 4088 τὸν
673 4031 882 4104 τρίτον,
913 4028 973 4092 ὃς
997 4027 1090 4081 καὶ
1129 4024 1391 4094 Ὑρκανὸς
1426 4022 1692 4088 ἐκαλεῖτο,
1713 4021 1947 4075 κτείνειν

368 4131 674 4200 ἐξέπεμπε.
701 4127 896 4179 Φοάνει
952 4139 1016 4190 γε
1053 4119 1159 4191 μὴν
1192 4121 1404 4179 ἐκεῖνος
1451 4117 1548 4187 τὴν
1585 4118 1678 4169 ὲπὶ
1719 4116 1948 4172 θάνατον

369 4223 736 4291 ἀπαγόμενος,
775 4217 874 4288 τὴν
914 4212 1282 4286 ¹Ἰερουσαλὴμ
1325 4209 1542 4263 εἰσιώνο
1580 4211 1673 4262 καὶ
1711 4208 1809 4279 τὴν
1849 4227 1952 4262 πα-

368 4316 550 4387 τρῴαν
591 4309 1006 4382 ἀρχιερωσύνην
1047 4307 1366 4375 δεξάμενος,
1417 4302 1538 4372 Θεῷ
1567 4318 1626 4354 τε
1655 4302 1828 4366 θύσας
1880 4304 1950 4356 τὰ

371 4405 726 4480 χαριστήρια,
769 4401 932 4468 τάχος
968 4400 1096 4453 ὅσον
1126 4399 1220 4451 ἐπὶ
1263 4399 1356 4450 τὸν
1403 4395 1734 4465 Πτολεμαῖον
1761 4393 1945 4464 ὥρμα,

369 4499 703 4572 τιμωρήσων
739 4496 806 4564 τῇ
843 4492 1014 4563 μητρὶ
1043 4491 1139 4544 καὶ
1170 4491 1283 4552 τοῖς
1310 4488 1579 4556 ἀδελφοῖς.
1625 4486 1765 4540 Ἀλλ’
1805 4487 1950 4540 ὲκεί-

371 4604 494 4656 νους
533 4593 654 4663 μὲν,
687 4591 1028 4660 ἀμυνόμενος
1061 4583 1152 4636 τὸν
1191 4583 1482 4652 Ὑρκανὸν,
1516 4581 1723 4633 ἔκτεινε
1758 4580 1950 4632 Πτολε-

377 4689 535 4758 μαῖος
559 4699 575 4715 ⁸
607 4684 636 4736 ὁ
663 4681 709 4753 ὃ]
743 4677 810 4735 αὖ
841 4695 906 4748 γε
939 4678 1058 4740 νέος
1099 4673 1370 4744 Ἀντίοχος
1395 4675 1513 4727 κατ’
1547 4671 1713 4743 ὀργὴν
1747 4663 1822 4723 ὦν
1847 4669 1952 4723 ὑπὸ

373 4778 618 4848 Σίμωνος
639 4771 897 4826 επέπονθε
929 4766 1026 4822 τοῦ
1058 4767 1267 4836 πατρὸς
1323 4761 1618 4834 Ὑρκανοῦ,
1652 4761 1796 4813 κατά
1841 4758 1952 4811 τῶν

385 4863 784 4939 Ἱεροσολύμων
835 4857 992 4922 αὖθις
1039 4855 1394 4926 ἐστράτευεν.
1441 4850 1706 4922 Ὑρκανὸς
1752 4849 1810 4901 δὲ
1859 4849 1950 4900 τὸν

376 4958 604 5012 Δαυΐδου
637 4955 806 5024 τάφον
863 4949 1102 5016 ἀνοίξας,
1136 4945 1469 5017 τριακοσίων
1503 4943 1785 4997 ταλάντων
1827 4941 1952 5011 ἔλυε

374 5053 473 5120 τὴν
512 5047 846 5118 πολιορκίαν.
889 5043 977 5106 Ἐς
1011 5040 1238 5111 ὕστερον
1263 5035 1306 5090 δ’
1327 5035 1802 5104 ὲνευπραγήσαντι
1855 5030 1949 5084 καὶ

378 5143 580 5212 πολλὴν
638 5136 1060 5208 περιϐαλομένη)
1109 5123 1795 5216 χώραν,”Δριστοϐούλού
1857 5123 1953 5174 καὶ

377 5235 687 5301 ’Λντιγόνου
719 5231 820 5282 τὼν
848 5231 994 5282 ἰδίων
1011 5226 1216 5279 παίδων
1231 5214 1753 5290 συστρατηγούντων
1778 5214 1952 5284 αύτῷ,

380 5331 570 5398 φθονος
600 5327 731 5394 προς
766 5323 871 5373 τῶν
897 5318 1206 5389 ἐπιχωρίων
1231 5315 1508 5385 ἐγείρεται
1541 5307 1798 5398 μέγιςτος
1823 5321 1838 5338 ο
1871 5307 1952 5369 εἰς

383 5397 656 5488 τριιῦπτον
675 5415 717 5470 δ’
740 5411 1152 5483 ἐκριπισθέντες
1175 5411 1369 5478 ἐκείνῳ
1391 5403 1648 5474 πόλεμον,
1667 5397 1950 5470 ἥττηνται.

455 5599 531 5670 (l)
572 5598 671 5670 llic
697 5594 985 5652 Matatlu'as
1019 5591 1072 5646 in
1102 5590 1246 5647 libro
1273 5588 1524 5646 Machab.
1551 5585 1776 5644 dicitur.

455 5667 530 5739 ιε)
573 5670 590 5724 l
625 5667 868 5724 Machab.
903 5681 1014 5739 ign.

573 5740 874 5790 Antiochus
913 5733 1178 5801 Eupator.

457 5816 532 5868 ιιι)
569 5809 868 5863 Antiochus
895 5807 1076 5859 Soter.

458 5867 533 5952 ζμ)
578 5883 872 5948 impacti,
907 5877 1192 5933 interfecto
1237 5871 1546 5940 Antiocho,
1595 5884 1821 5940 regnum
1855 5867 1956 5938 Sy-

2025 638 2086 684 ut
2117 631 2326 684 cultum
2387 629 2524 700 legis
2562 643 2780 682 onmem
2820 637 3080 696 tanquam
3134 642 3251 681 rem
3301 625 3461 681 nihili
3513 629 3612 682 dc-

2023 733 2244 792 spuant,
2283 723 2526 800 mapdat.
2559 720 2862 775 Bacchides
2893 730 3081 774 autem
3123 721 3372 790 quidam,
3413 723 3614 789 impie-

2032 815 2164 870 tatis
2196 815 2318 884 ejus
2357 814 2686 869 administer
2707 827 2848 878 erat,
2890 815 2976 866 vir
3005 813 3098 882 qui
3126 813 3192 868 ad
3233 829 3504 867 summam
3528 817 3612 867 in-

2027 905 2236 958 saniam
2269 904 2408 958 nihil
2463 905 2689 959 fecisset
2742 905 2963 974 reliqui.
3019 906 3178 960 llunc
3227 905 3484 960 Matthias
3535 907 3611 974 (8)

2026 997 2362 1052 Assamoutei
2394 997 2538 1052 lilius
2575 996 2704 1066 (fuit
2742 999 2787 1052 is
2819 1004 2888 1052 ex
2925 999 3316 1054 sacerdotibus
3338 1015 3506 1062 unus.
3540 1015 3609 1052 ex

2027 1091 2150 1145 vico
2179 1091 2267 1144 cui
2310 1080 2508 1146 notiten
2533 1099 2655 1144 erat
2691 1090 2926 1144 Modeim
2963 1093 3139 1158 Ortus)
3165 1093 3395 1146 armatis
3419 1105 3606 1144 seeom

2028 1182 2275 1252 quinque
2331 1182 2457 1236 ﬁliis
2502 1183 2745 1236 occidit:
2801 1194 2857 1237 et
2887 1199 2986 1252 per
3033 1191 3238 1238 metum
3284 1183 3403 1236 loca
3448 1197 3616 1248 supe-

2032 1276 2174 1330 riora
2231 1275 2398 1344 capit.
2435 1275 2590 1330 Unde
2643 1283 2832 1344 postea
2885 1292 3048 1328 manu
3090 1285 3429 1330 armatorum
3478 1290 3614 1327 con-

2033 1377 2202 1421 tracta
2237 1368 2545 1430 descendit,
2604 1368 2904 1436 prteliuque
2938 1367 3235 1420 commisso
3281 1365 3612 1420 Antiochum

2031 1459 2223 1520 vincit,
2260 1459 2677 1528 ftedissimeque
2717 1464 2850 1512 urbe
2888 1459 3132 1527 exliellit.
3162 1462 3213 1512 ls
3248 1459 3616 1526 popularibus

2031 1553 2166 1613 suis,
2203 1562 2261 1605 ut
2284 1551 2564 1621 princeps,
2590 1568 2698 1604 non
2733 1552 2920 1604 imitis
2953 1541 3180 1620 praeest:
3216 1553 3476 1619 brevique
3507 1568 3617 1602 tuo-

2032 1641 2377 1705 ritur,.ludm
2429 1643 2665 1696 maximo
2705 1653 2831 1695 natu
2872 1643 2984 1696 tilio
3038 1659 3226 1696 rerum
3258 1644 3612 1695 adtninisrra-

2034 1732 2180 1785 tione
2217 1732 2427 1786 relicta.
2487 1731 2656 1786 ludas
2689 1734 2762 1800 ιθ)
2811 1751 2978 1802 pmro
3025 1735 3358 1787 Antiochum
3419 1735 3618 1789 timens

2035 1825 2284 1890 (minime
2321 1826 2468 1878 enim
2502 1826 2651 1878 illum
2693 1827 3010 1892 quieturum
3067 1827 3316 1896 putabat)
3372 1828 3604 1882 militem

2033 1933 2096 1970 ex
2126 1918 2482 1986 popularibus
2519 1919 2858 1972 conscribit:
2897 1927 2952 1972 et
3003 1921 3212 1987 primus
3249 1921 3448 1988 legatis
3496 1923 3608 1974 llo-

2035 2023 2179 2062 mam
2207 2009 2408 2072 missis,
2455 2023 2580 2062 cum
2620 2009 2882 2064 Romanis
2913 2009 3148 2064 ducibus
3182 2026 3377 2078 pacem.
3401 2010 3614 2066 Γιεὼιε-

2034 2115 2142 2170 que
2161 2100 2478 2170 paciscitur.
2509 2103 2657 2156 ldem
2689 2118 2790 2172 pro
2829 2102 3028 2172 insigni
3059 2103 3261 2171 pietate
3313 2117 3432 2166 sua,
3478 2113 3618 2158 tem-

2035 2191 2184 2260 plum
2225 2191 2386 2245 simul
2432 2202 2712 2260 repurgat,
2747 2201 2801 2245 et
2842 2207 2972 2246 vasa
3019 2208 3159 2247 nova
3205 2194 3272 2246 ad
3313 2195 3618 2252 sacrificio-

2037 2298 2157 2337 rum
2189 2299 2347 2337 usum
2393 2291 2670 2354 procurat.
2728 2283 2941 2338 Interea
2989 2283 3298 2338 Antioéhus
3353 2286 3613 2352 moritur,

2035 2385 2090 2428 et
2125 2375 2269 2428 ti-lius
2297 2375 2414 2444 ejus
2450 2373 2732 2436 (Antiochi
2761 2374 2872 2444 (10)
2902 2375 2952 2428 ei
2982 2389 3208 2445 quoque
3255 2392 3459 2431 nomen
3491 2378 3617 2442 fuit)

2037 2479 2162 2518 cum
2195 2465 2433 2520 maximo
2463 2467 2709 2519 exercitu
2743 2476 2935 2520 contra
2969 2465 3190 2521 Judteos
3239 2470 3616 2537 progreditur,

2037 2557 2336 2626 prazlioquc
2365 2559 2662 2613 commisso
2700 2558 3022 2624 retroccdit,
3057 2569 3110 2612 et
3160 2569 3372 2628 partem
3426 2564 3618 2628 c0pia-

2037 2665 2160 2704 rum
2193 2649 2260 2703 ad
2293 2648 2637 2704 obsidionem
2697 2651 2851 2705 urbis
2903 2649 3190 2719 relinquit.
3229 2651 3309 2706 lbi
3341 2652 3498 2708 Judae
3559 2655 3611 2706 in

2037 2740 2240 2809 praeliis
2267 2739 2526 2794 omnibus
2557 2740 2736 2794 virtus
2763 2740 2818 2794 in
2869 2741 3064 2810 primis
3101 2741 3326 2806 enituit,
3362 2745 3457 2812 qui
3487 2762 3614 2800 eum

2037 2831 2254 2886 fortiter
2284 2831 2575 2892 dimicans,
2627 2831 2832 2885 multos
2883 2845 2950 2885 ex
2992 2829 3250 2887 hostibus
3297 2833 3445 2888 ferro
3473 2837 3618 2889 ceci-

2037 2921 2248 2984 disset,
2281 2922 2502 2975 tandem
2550 2921 2668 2990 ipse
2703 2936 2926 2991 quoque
2983 2922 3234 2988 creditur,
3288 2939 3526 2994 cumque
3553 2946 3621 2980 eo

2038 3012 2210 3068 frater
2257 3015 2520 3067 Joannes.
2567 3013 2698 3084 Ejus
2749 3013 2996 3069 sedenim
3055 3021 3300 3084 poteStas
3334 3017 3402 3070 ad
3457 3019 3626 3076 Jona-

2037 3105 2210 3170 tham,
2257 3103 2481 3158 fratrem
2537 3119 2756 3175 quoque
2809 3105 2950 3176 ejus,
2998 3107 3286 3177 pervenit:
3321 3110 3416 3178 qui
3449 3112 3624 3180 magis

2037 3195 2201 3250 etiam
2237 3194 2557 3250 confirmata
2587 3211 2714 3250 cum
2755 3197 3014 3253 Romanis
3059 3200 3300 3254 amicitia
3350 3209 3406 3255 et
3439 3207 3621 3259 socie-

2044 3295 2172 3350 tate,
2215 3285 2394 3341 ftedus
2432 3286 2658 3356 insuper
2705 3301 2830 3341 cum
2865 3287 3122 3342 Antiochi
3183 3289 3294 3359 (ll)
3334 3291 3446 3345 filio
3485 3293 3622 3350 init:

2043 3380 2185 3450 apud
2214 3395 2380 3448 quem
2426 3394 2552 3434 cum
2602 3392 2724 3448 pro.
2752 3379 2974 3450 h03pitii
3025 3391 3192 3452 atque
3224 3383 3481 3440 amicitiae
3503 3387 3628 3457 jure

2043 3480 2385 3530 versaretur,
2419 3483 2449 3521 a
2487 3477 2668 3522 tutore
2717 3469 2840 3538 ejus
2886 3470 3180 3540 Tryphone
3211 3471 3322 3541 (12)
3373 3487 3625 3532 necatur.

2045 3557 2234 3612 Simon
2268 3573 2432 3626 porro
2463 3559 2635 3613 frater
2665 3559 2722 3613 in
2754 3561 2935 3614 locum
2964 3562 3084 3630 ejus
3110 3564 3395 3620 succedit:
3421 3573 3478 3618 et
3509 3582 3626 3620 rem

2044 3657 2268 3702 strenue
2299 3664 2518 3719 gerens,
2553 3651 2828 3705 Antiocho
2851 3667 2910 3706 se
2943 3651 3070 3706 belli
3103 3653 3366 3708 societate
3401 3656 3632 3727 conjun-

2043 3744 2144 3811 git,
2180 3750 2375 3795 contra
2426 3740 2923 3829 Tryphonetnkqui
2960 3744 3011 3797 ei
3071 3743 3276 3798 bellum
3333 3746 3621 3813 intulerat,

2045 3833 2292 3888 ducenti.
2327 3831 2603 3888 Caeterum
2641 3848 2766 3888 cum
2818 3835 3092 3890 Antiocho
3116 3835 3171 3888 in
3207 3835 3505 3908 Tryphone
3534 3855 3633 3909 op~

2047 3927 2338 3996 primendo
2405 3930 2680 3999 egregiam
2757 3940 3014 3985 navasset
3084 3945 3356 3998 Operam,
3441 3947 3630 4002 postea

2048 4016 2202 4070 illum
2235 4017 2458 4072 minime
2483 4018 2720 4072 amicum
2748 4019 2853 4074 sibi
2901 4035 3022 4084 esse
3051 4023 3327 4090 cognovit.
3367 4021 3472 4093 57
3533 4025 3630 4080 lue

2048 4111 2198 4164 enim
2245 4109 2555 4165 Cendebaeo
2615 4111 2756 4166 duce
2815 4113 3008 4178 misso,
3057 4124 3114 4168 et
3145 4127 3344 4168 terram
3387 4115 3632 4171 Juda‘atn

2050 4213 2288 4266 vastare,
2322 4213 2378 4257 et
2417 4202 2697 4258 Simonem
2723 4215 2941 4273 captum
2971 4205 3038 4258 ad
3062 4221 3120 4258 se
3141 4207 3417 4259 adducere
3440 4207 3627 4276 juss.t.

2053 4293 2312 4348 Sedenim
2356 4293 2546 4349 Sin-ou
2595 4293 2957 4350 Cendebzeum
2999 4311 3123 4350 cum
3179 4297 3427 4352 exerrizu
3463 4299 3633 4367 pluri-

2053 4399 2266 4437 morum
2306 4382 2538 4436 millium
2586 4383 2995 4446 advenientem,
3051 4384 3244 4450 praelio
3284 4398 3338 4438 et
3370 4385 3631 4439 conflictu

2053 4475 2200 4528 omni
2230 4472 2529 4526 fortissime
2550 4473 2743 4538 vincit,
2792 4473 3200 4542 popularesque
3235 4487 3369 4527 suos
3403 4490 3433 4526 ιι
3473 4475 3522 4528 vi
3577 4487 3636 4528 et

2057 4565 2264 4634 impetu
2299 4563 2658 4618 Macedonum
2693 4565 2896 4618 liberat
2934 4564 3074 4633 (14),
3122 4574 3247 4632 post
3295 4580 3470 4621 annos
3500 4582 3635 4620 ren-

2057 4669 2174 4718 tum
2201 4659 2585 4728 septuaginta,
2641 4667 2697 4710 et
2727 4656 2970 4726 pontifex
3027 4665 3270 4712 creatur.
3325 4659 3430 4711 Sed
3475 4659 3632 4714 breti

2055 4762 2243 4821 p05tea
2263 4761 2316 4804 ri.
2347 4751 2463 4820 ipse
2499 4751 2691 4804 Simon
2716 4766 2745 4804 a
2791 4763 2998 4819 genero
3029 4749 3323 4804 Ptolemu-o
3355 4753 3406 4804 in
3440 4753 3598 4805 cuuvi
3621 4782 3633 4793 -

2057 4843 2526 4897 viointerin‘titnr.
2596 4842 2922 4914 Ptolemaeus
2957 4857 3090 4897 sane
3144 4857 3370 4897 uxorem
3415 4858 3638 4912 qucque

2053 4936 2191 5006 ejus,
2219 4947 2272 4989 et
2298 4933 2437 4988 duos
2490 4934 2652 5000 filios,
2690 4937 2741 4987 in
2780 4933 2996 4987 vincula
3029 4935 3287 5004 conjicit:
3319 4945 3370 4988 et
3404 4950 3638 5002 percus-

2058 5041 2231 5091 sores,
2257 5029 2350 5097 qui
2381 5028 2644 5082 Joannem
2675 5026 2900 5082 tertium
2945 5027 3116 5080 lilium
3153 5037 3294 5096 (erat
3341 5027 3470 5082 huic
3499 5045 3640 5098 quo-

2060 5135 2168 5190 que
2197 5118 2429 5188 llyrcani
2479 5120 2702 5190 nomen)
2752 5131 3034 5186 necarent,
3085 5120 3350 5189 disponit.
3391 5121 3496 5176 Sed
3547 5123 3634 5174 tile

2061 5213 2434 5285 Hierosolyma
2472 5214 2810 5286 profugiens,
2858 5224 3098 5270 structas
3135 5215 3240 5270 sibi
3284 5213 3446 5270 raedis
3496 5213 3635 5267 inst-

2059 5305 2180 5360 dias
2202 5304 2425 5374 eﬂugit:
2455 5313 2511 5359 et
2543 5313 2774 5374 paterno
2811 5319 2908 5377 per
2957 5307 3363 5361 successionem
3417 5309 3640 5372 pontiu-

2059 5409 2186 5454 catu
2218 5406 2466 5466 accepto,
2496 5397 2798 5468 gratiisque
2825 5418 2832 5422 ·
2855 5413 2952 5466 per
2985 5397 3251 5453 sacrificia
3287 5396 3398 5450 Deo
3448 5393 3587 5448 actis
3620 5435 3635 5460 ,

2061 5581 2156 5636 rite
2183 5582 2481 5636 invaserat.
2515 5578 2737 5647 (Justin.
2765 5578 2804 5634 l.
2840 5577 3048 5650 xxxvi.)

2132 5653 2206 5723 (6)
2233 5651 2458 5723 .Ioseph.
2490 5651 2732 5723 λίμνη,
2758 5665 2878 5723 cap.
2919 5651 3018 5723 tl._
3091 5715 3133 5723 _
3274 5694 3303 5723 _.

2133 5715 2212 5794 (7)
2261 5722 2338 5777 Ex
2367 5715 2481 5794 quo
2511 5721 2718 5776 scilicet
2757 5715 2842 5776 illi
2879 5717 3020 5790 apud
3072 5715 3354 5788 [Egyptios
3409 5731 3636 5789 regnare

2061 5793 2348 5864 ctepcrunt
2371 5803 2428 5847 et
2453 5793 2642 5862 Syros.
