4032 6408
460 398 572 460 δε3

1696 398 2121 459 NlCEl’llOllI
2164 400 2512 464 CALLISTI

3619 422 3712 481 (ἴε-ί

467 518 671 578 quanta
728 515 912 579 potest
960 506 1243 562 celeritate
1291 516 1483 562 contra
1532 505 1887 561 Plolemmum
1926 524 2034 578 pro

2169 508 2441 579 Ὑρκανὸς
2470 511 2526 565 δέ
2556 513 2652 567 τοῦ
2685 513 2902 581 λοιποῦ,
2934 516 2964 570 ό
2994 519 3089 572 καὶ
3130 518 3404 589 Ἰωάννης,
3436 523 3711 595 εὐδαίμονι

465 602 735 672 greditur,
764 600 1035 654 auxilium
1071 599 1230 652 matri
1285 607 1334 655 et
1370 598 1633 653 fratribus
1688 599 1916 652 laturus.
1981 599 2052 654 At

466 697 588 748 illos
627 693 977 754 Ptoletnmus,
1017 700 1076 745 ut
1101 689 1353 761 Hyrcano
1387 706 1531 760 (egre
1566 690 1790 756 faceret,
1822 690 2046 747 occidit.

465 786 635 839 Porro
664 783 974 838 Antiochus
1029 780 1218 851 junior
1253 780 1632 851 indignatione
1669 781 1832 834 simul
1869 791 1926 835 et
1964 796 2049 836 re—

477 875 801 930 cordatione
838 887 1028 926 earum
1082 887 1264 927 rerum
1296 886 1436 942 quas
1469 887 1498 925 a
1544 872 1765 926 Simone
1812 871 2049 941 Hyrcani

465 976 616 1035 patre
648 981 941 1036 perpessus
986 965 1189 1028 fuerat,
1241 974 1575 1026 commotus,
1628 966 1895 1019 adversus
1925 965 2050 1019 Ilie-

462 1062 734 1131 rosolyma
804 1059 1111 1115 exercitum
1173 1060 1376 1114 iterum
1420 1058 1593 1113 ducit.
1647 1057 1722 1127 (i)
1762 1059 2048 1130 Hyrcanus

458 1162 665 1216 autem,
707 1152 930 1207 Davidis
962 1152 1178 1208 recluso
1229 1153 1510 1222 sepulcro,
1571 1153 1920 1208 obsidionem
1954 1168 2048 1207 ur-

458 1246 544 1299 bis
576 1246 842 1301 trecentis
868 1245 1105 1300 redemit
1135 1246 1378 1300 talentis.
1407 1247 1536 1301 Post
1566 1247 1707 1309 hrec,
1754 1262 1880 1302 cum
1922 1263 2049 1318 pro-

461 1337 642 1407 speris
678 1348 933 1393 uteretur
991 1338 1180 1401 rebus,
1213 1344 1267 1391 et
1310 1340 1468 1408 longe
1510 1337 1730 1407 lateque
1774 1337 2043 1392 ditionem

459 1443 614 1479 suam
672 1434 1021 1495 propagaret,
1081 1426 1399 1481 Aristobulo
1459 1434 1517 1481 et
1569 1427 1848 1498 Antigono
1914 1428 2044 1483 iiliis

458 1517 579 1584 ejus
612 1532 737 1572 cum
775 1533 841 1571 co
865 1532 981 1572 rem
1042 1518 1334 1573 militarem
1363 1518 1902 1584 administrantibus,
1958 1522 2045 1575 in-

460 1609 606 1663 vidia
638 1608 985 1678 popularium
1047 1625 1216 1679 quam
1253 1610 1487 1664 maxima
1539 1622 1731 1664 contra
1778 1626 1906 1664 eum
1956 1620 2043 1667 est

458 1713 686 1755 exorta:
742 1701 835 1769 qui
893 1710 1073 1756 tamen
1130 1711 1320 1771 aperte
1379 1712 1568 1757 contra
1606 1719 1735 1758 eum
1781 1713 2041 1773 suscepto

2156 600 2274 670 βίον
2307 602 2601 674 διηνυκὼς,
2637 608 2729 658 ἐπὶ
2776 607 2939 661 πέντε
2986 612 3158 664 υίέσιν
3187 613 3441 667 ἐτελεύτα
3469 617 3556 669 τὸν
3586 619 3710 689 βῖον,

2154 693 2417 747 κάλλιστα
2469 696 2568 766 τὴν
2598 698 2777 768 ἀρχὴν
2809 700 2901 752 ἐπὶ
2941 701 3085 764 ὅλοις
3117 704 3269 773 τρισὶ
3299 706 3390 759 καὶ
3433 708 3712 778 τριάκοντα

2152 784 2301 838 ἔτεσι
2334 786 2638 858 διοικήσας.
2679 790 2748 843 Ὃ
2782 807 2846 860 γε
2881 793 2991 863 μὴν
3022 794 3132 847 τῶν
3162 796 3327 850 υἱέων
3358 800 3712 872 πρεσϐύτερος

2164 880 2601 949 Ἀριστόϐουλος,
2632 884 2731 955 τὴν
2761 887 2938 958 ἀρχὴν
2963 889 3126 952 εὐθὺς
3155 891 3233 952 είς
3272 891 3548 961 βασιλείαν
3581 896 3717 964 μεθί-

2154 986 2336 1039 στησι,
2362 974 2459 1025 καὶ
2485 976 2703 1044 πρῶτος
2734 978 2979 1048 διάδημα
2999 981 3343 1051 περιτίθεται
3377 986 3512 1053 μετὰ
3538 1004 3717 1058 τετρα-

2152 1062 2435 1114 κοσιοστὸν
2467 1065 2562 1116 καὶ
2612 1066 3014 1136 ἑϐδομηκοστὸν
3050 1073 3268 1139 πρῶτον
3305 1073 3461 1139 ἔτος,
3498 1077 3628 1147 πρὸς
3668 1079 3719 1132 δέ

2153 1151 2328 1221 μῆνας
2358 1152 2528 1224 τρεῖς,
2562 1155 2621 1221 ἐξ
2644 1156 2817 1229 οὗπερ
2846 1162 2874 1213 ό
2904 1160 3031 1224 λαὸς
3074 1163 3175 1234 τῆς
3214 1158 3271 1217 ἐν
3304 1167 3582 1221 Βαϐυλῶνι
3614 1170 3722 1222 δου-

2149 1240 2300 1307 λείας
2349 1247 2713 1315 ἀπαλλαγεὶς,
2747 1253 2828 1314 είς
2879 1238 2980 1324 τὴν
3021 1254 3209 1326 χώραν
3257 1251 3412 1330 ἧκεν.
3438 1255 3602 1323 Οὗτος
3629 1260 3719 1331 τὴν

2151 1334 2251 1404 μὲν
2307 1337 2522 1407 μητέρα
2563 1341 2764 1393 κτείνει
2805 1342 2986 1413 λιμῷο
3040 1346 3163 1417 μετ’
3197 1348 3383 1416 ὀλίγον
3420 1351 3497 1415 δὲ,
3536 1353 3626 1404 καὶ
3665 1352 3720 1404 δι

2147 1425 2322 1494 ἐφίλει
2363 1430 2510 1498 μάλα
2550 1431 2660 1485 τῶν
2695 1435 2965 1505 ἀδελφῶν,
3010 1439 3342 1509 Ἀντίγονον.
3384 1443 3455 1495 Τὸ
3484 1443 3528 1496 δ’
3555 1444 3716 1511 ὅπως,

2159 1516 2412 1591 Ἰωσήπῳ
2444 1530 2802 1597 παραχωρεῖν
2826 1529 3133 1599 διηγεῖσθαι
3167 1533 3348 1603 θέμις.
3394 1535 3472 1591 Οὐ
3500 1536 3654 1588 πλέον
3679 1536 3719 1587 δ’

2145 1609 2398 1666 ἐνιαυτοῦ
2446 1617 2541 1669 καὶ
2598 1619 2763 1683 αὐτὸς
2806 1624 3183 1694 ἡγησάμενος,
3232 1628 3514 1682 ἐτελεύτα.
3556 1630 3619 1682 ἸΙ
3669 1629 3719 1679 δὲ.

2144 1707 2282 1776 γυνὴ
2312 1709 2441 1771 τοὺς
2481 1712 2695 1766 ἐκείνου
2723 1716 2990 1783 ἀδελφοὺς
3021 1718 3228 1774 λύσασα
3261 1723 3375 1773 τῶν
3403 1723 3634 1790 δεσμῶν,
3674 1722 3719 1793 χ’

462 1795 603 1849 ίεοὶιο
669 1793 1000 1847 occubuere.
1035 1793 1292 1847 Seclcnim
1338 1793 1419 1864 (2)
1478 1795 1780 1865 Hyrcanus,
1841 1797 1935 1866 qui
1984 1805 2034 1851 et

2145 1795 2340 1866 ἅτερον
2374 1800 2474 1868 μὲν
2507 1802 2600 1855 τὸν
2630 1805 2755 1858 καθ’
2787 1808 3005 1877 ἠλικίαν
3040 1810 3303 1881 προῦχειν
3332 1812 3594 1868 δοκοῦντα
3629 1817 3719 1885 βα-

454 1886 695 1940 Joannes
725 1888 926 1949 dictus,
981 1886 1114 1940 satis
1147 1886 1381 1941 feliciter
1434 1896 1657 1957 peracta
1684 1887 1817 1952 vita,
1875 1889 2034 1957 quin-

2147 1890 2303 1945 σιλέα
2333 1895 2682 1967 καθίστησιν,
2719 1872 3265 1974 Ἀλέξανδρον-ὄνομα
3295 1924 3309 1937 ·
3335 1907 3396 1970 ὂς
3424 1910 3515 1961 τὶν
3545 1872 3720 1979 ἔτειρεν

454 1994 563 2047 que
593 1978 799 2032 relictis
824 1978 972 2042 tiliis,
997 1988 1053 2032 ct
1078 1980 1284 2047 optime
1317 1980 1597 2048 republica
1626 1981 1785 2035 annis
1812 1981 2039 2052 triginta

466 2070 646 2124 tribus
703 2080 876 2140 gesta,
911 2071 1077 2124 vitam
1136 2070 1276 2125 fiuit.
1334 2070 1466 2142 Ejus
1517 2072 1716 2126 deinde
1770 2074 2043 2128 maximus

455 2173 588 2216 natu
618 2162 764 2216 illius
812 2162 1164 2216 Aristobulus
1192 2205 1206 2230 ,
1256 2161 1790 2219 administrationem
1851 2180 2036 2219 rerum

454 2253 745 2308 confestim
777 2253 833 2307 in
864 2255 1013 2323 regni
1044 2254 1280 2309 formam
1317 2256 1534 2323 redigit,
1569 2264 1626 2309 et
1660 2256 1871 2325 primus
1925 2257 2031 2311 sibi

452 2344 707 2400 diadema
741 2345 995 2415 imponit,
1048 2359 1172 2416 post
1203 2361 1377 2401 annos
1425 2348 1862 2418 quadringentos
1912 2365 2043 2418 sep-

456 2437 704 2508 tuaginta
737 2446 791 2491 et
822 2453 1013 2498 unum.
1041 2448 1101 2493 et
1130 2454 1349 2494 menses
1386 2449 1517 2504 tres,
1560 2440 1630 2494 ab
1661 2456 1728 2495 eo
1766 2451 2036 2511 tempore,

452 2547 579 2585 cum
612 2530 849 2600 pOpulns
909 2533 1180 2587 servitute
1238 2532 1569 2603 Babylonica
1621 2535 1930 2600 liberatus,
1982 2537 2038 2591 in

453 2626 687 2693 patriam
715 2637 871 2678 suam
928 2624 1113 2678 rediit.
1147 2623 1326 2695 Atque
1385 2622 1752 2695 hic'quidem
1806 2636 2034 2681 matrem

452 2717 595 2769 fame
622 2724 837 2771 enecat:
871 2732 995 2773 mox
1020 2734 1241 2787 quoque
1288 2734 1353 2773 ex
1394 2719 1661 2774 fratribus
1691 2735 1840 2787 eum,
1871 2734 2036 2790 quem

455 2808 691 2862 maxime
716 2808 1006 2873 dilexerat,
1043 2810 1420 2877 Anttgonum:
1449 2812 1730 2880 quomodo
1759 2821 1941 2865 autem
1971 2827 2036 2867 ea

453 2899 631 2952 caedes
657 2910 872 2967 peracta
929 2901 1024 2965 sit,
1059 2901 1301 2970 Josepho
1327 2917 1446 2956 eam
1494 2904 2036 2958 commemorandam

455 2989 837 3059 relinquimus.
871 2990 977 3046 Sed
995 2993 1143 3046 enim
1175 3008 1297 3047 cum
1319 3009 1426 3047 nou
1455 2996 1593 3048 ultra
1623 3010 1794 3049 unum
1822 3009 2031 3049 annum

2142 1986 2252 2036 τῶν
2276 1985 2520 2056 ἀδελφῶν
2550 1990 2914 2058 βασιλειῶντα
2941 1997 3123 2065 γνοὺς,
3161 1998 3377 2053 ἔκτεινε
3400 2017 3414 2031 ·
3452 2002 3539 2054 τὸν
3567 2001 3610 2054 δ’
3634 2003 3719 2055 ἄλο

2142 2075 2234 2129 λον
2272 2077 2396 2148 δίχα
2436 2086 2783 2150 πραγμάτων
2825 2085 3318 2160 ζῇν-αἱρούμενον,
3366 2094 3552 2148 εῐασεν
3600 2093 3719 2147 ἰδιο-

2143 2174 2398 2243 πραγεῖν.
2431 2173 2622 2247 Τούτῳ
2650 2177 2713 2247 δὴ
2746 2180 2885 2250 πρὸς
2913 2183 3006 2234 τὸν
3037 2182 3408 2256 Κλεοπάτρας
3450 2187 3563 2240 υίδν
3592 2190 3720 2240 Πιο-

2140 2262 2199 2316 λε
2208 2268 2366 2333 μαῖον
2386 2267 2478 2320 τὸν
2497 2270 2779 2342 Λάθουρον
2802 2274 3171 2346 ἐπικληθέντα
3205 2279 3461 2352 συμϐολὴ
3492 2281 3718 2350 γίνεται·

2142 2357 2239 2410 καὶ
2262 2360 2385 2427 νικᾷ
2415 2364 2767 2430 κατακράτος
2808 2366 3157 2438 Ἀλέξανδρος
3180 2388 3191 2399 ’
3219 2370 3475 2443 διωχθεὶς
3506 2373 3562 2426 δὲ
3594 2374 3719 2427 Πτο-

2139 2449 2364 2520 λεμαῖος
2408 2454 2512 2509 ὑπὸ
2567 2458 2667 2526 τῆς
2713 2461 2922 2530 μητρὸς
2975 2463 3362 2535 Κλεοπάτρας,
3418 2465 3715 2535 μετεχώρει

2141 2541 2279 2610 πρὸς
2320 2544 2619 2611 Αἴγυπτον.
2672 2548 2849 2601 Πολλὰ
2899 2550 2956 2604 δέ
2995 2554 3110 2615 τοῖς
3167 2554 3471 2624 ὁμοφύλοις
3523 2557 3716 2631 δράσας

2152 2634 2500 2707 Ἀλέξανδρος
2531 2640 2795 2711 δυσχερῆ,
2838 2641 2912 2706 ὡς
2944 2644 3038 2696 καὶ
3064 2644 3427 2713 ὀκτακοσίους
3457 2651 3719 2704 ἀνασταυ-

2144 2726 2337 2796 ρῶσαι,
2365 2730 2712 2799 τεταρταίοις
2739 2730 2966 2800 ληφθεὶς
3016 2734 3268 2802 πυρετῶν
3301 2737 3600 2807 περιόδοις,
3632 2735 3718 2789 τὸν

2142 2818 2271 2887 βίον
2293 2814 2620 2889 μετήλλαξε,
2645 2825 2710 2893 τῇ
2736 2823 2959 2891 γυναικὶ
2989 2824 3215 2896 Σαλίνῃ,
3245 2830 3313 2899 τῇ
3342 2835 3439 2882 καὶ
3479 2830 3721 2896 Ἀλεξάν-

2139 2910 2263 2981 δρᾳ,
2294 2910 2392 2980 τὴν
2420 2912 2706 2982 βασιλείαν
2734 2915 3080 2971 καταλιπών.
3114 2917 3393 2988 Τηνικάδε
3422 2920 3478 2974 δὲ
3510 2923 3601 2976 καὶ
3626 2923 3721 2975 Δα-
3800 2938 3801 2941 ‘

2143 3005 2417 3074 μασκηνοὶ
2461 3004 2555 3058 τὸν
2630 3006 2848 3078 Πάρθον
2908 3008 3140 3079 Ἀρέταν
3189 3011 3333 3065 κατὰ
3392 3014 3719 3087 Πτολεμαίου

455 3085 622 3138 rebus
654 3083 982 3153 praefuisset,
1022 3084 1277 3140 moritur.
1315 3085 1485 3157 Cujus
1516 3102 1653 3141 uxor
1687 3086 1888 3141 fratres
1913 3087 2034 3157 ejus

2140 3097 2464 3165 ἐπάγονται,
2498 3099 2592 3152 καὶ
2632 3099 2736 3168 τῆς
2767 3101 2970 3172 Κοίλης
3000 3103 3202 3176 Συρίας
3237 3105 3474 3175 βασιλέα
3505 3083 3722 3179 ἐγκαθιυ

452 3192 519 3229 ex
549 3175 799 3230 custodia
850 3186 908 3229 et
953 3176 1192 3231 vinculis
1233 3177 1478 3232 emittit:
1531 3188 1588 3233 et
1641 3178 1897 3247 alterum,
1935 3180 2029 3250 qui

2143 3187 2344 3239 στῶσιν
2363 3202 2378 3218 ο
2403 3186 2461 3251 ὃς
2490 3189 2642 3261 μάχῃ
2667 3189 2774 3243 τῶν
2813 3190 3084 3246 Ἰουδαίων
3108 3175 3561 3269 περιγενόμενος,
3586 3201 3723 3254 ἐκεῖ-

451 3272 617 3323 a‘tate'
666 3267 929 3337 grandior
973 3267 1263 3323 videbatur
1293 3309 1309 3337 ,
1361 3269 1732 3324 Alexandrum
1767 3245 1988 3326 nomine
2016 3311 2033 3339 ,

2143 3280 2233 3331 Osv
2264 3279 2404 3333 κατά
2437 3245 2712 3352 eavea)?“
2754 3245 3455 3363 avexopuasotl'rﬁt
3490 3245 3719 3365 έᾶλίᾷῃ,

455 3375 638 3429 regem
665 3359 774 3429 58
820 3362 1129 3425 constituit,
1183 3360 1278 3431 qui
1321 3376 1446 3414 mox
1484 3362 1754 3426 alterum,
1805 3378 2034 3433 regnum

2140 3367 2233 3425 δύο
2277 3367 2449 3423 ὄντων
2501 3372 2664 3425 υἱέων
2720 3372 2781 3438 ἐξ
2833 3375 3217 3448 Ἀλεξάνδρου,
3264 3359 3360 3435 τὸν
3405 3384 3508 3454 μὲν
3553 3359 3721 3456 χρόνω

451 3455 828 3519 ad’eetantem,
883 3453 1165 3509 trucidat:
1209 3453 1433 3508 tertium
1492 3470 1641 3520 vero,
1677 3457 1771 3526 qui
1800 3457 2034 3511 otiosam

2140 3460 2478 3531 προήκοντα,
2523 3463 2794 3531 Ὑρκανὸς
2834 3469 3196 3539 ἐπεκέκλητο,
3233 3474 3384 3546 νωθῆ
3411 3453 3518 3533 καὶ

450 3547 555 3600 sibi
593 3546 870 3616 delegerat
902 3547 1090 3607 vitam,
1140 3548 1416 3617 privatum
1447 3564 1609 3619 agere
1653 3550 1876 3621 patitur.
1910 3551 2034 3605 Ale-

2140 3553 2470 3623 ἁπράγμονα
2508 3556 2658 3623 ὄντα,
2699 3558 3086 3637 ἀρχιερωσύνη
3132 3565 3300 3635 ἐτίμα
3329 3582 3348 3599 ·
3403 3568 3631 3641 θάτερον
3668 3567 3722 3625 δὲ

453 3639 660 3692 xauder
709 3639 833 3702 iste,
876 3654 999 3691 cum
1053 3638 1357 3708 Cleopatra:
1409 3640 1519 3694 tilio
1567 3640 1859 3695 Ptoletna'o
1912 3642 2031 3707 (ὃ),

450 3738 810 3798 cognatm-nte
860 3729 1124 3791 Latliuro.
1179 3732 1365 3800 pnelio
1406 3746 1755 3802 congressus,
1810 3732 2032 3787 fortiter

449 3824 736 3876 victoriam
773 3823 1114 3891 reportavit:
1147 3831 1203 3878 et
1235 3823 1563 3878 Ptolemaeus
1594 3841 1622 3878 a
1658 3837 1830 3879 matre
1873 3825 2033 3880 Cleo-

451 3927 605 3984 patra
641 3919 863 3985 pulsus,
889 3917 940 3969 in
972 3916 1269 3987 [Egyptian]
1306 3916 1567 3987 profugit.
1602 3919 1913 3973 Alexander
1935 3935 2032 3972 au-

452 4020 583 4074 tem,
637 4024 762 4063 cum
802 4010 1095 4077 pepulares
1150 4009 1407 4079 gravibus
1456 4009 1731 4064 affecisSt-t
1766 4010 1984 4080 injuriis
2011 4053 2027 4078 ,

449 4101 590 4155 adeo
649 4109 710 4154 ut
736 4101 1085 4169 octingentos
1145 4099 1198 4152 in
1235 4113 1455 4153 crucem
1512 4099 1707 4169 egerit,
1764 4110 2029 4169 quartana

449 4194 584 4248 febri
605 4192 911 4254 confectus,
941 4191 1110 4245 vitam
1140 4191 1360 4253 finiens.
1386 4192 1603 4262 conjugi
1637 4190 1857 4255 Salinae,
1908 4208 2031 4262 quae

445 4288 610 4341 etiam
662 4285 739 4355 (4)
801 4284 1109 4340 Alexandra
1164 4283 1313 4338 dicta
1362 4292 1483 4349 est,
1516 4300 1745 4354 regnum
1783 4284 2026 4354 reliquit.

448 4379 654 4433 Eodem
711 4387 959 4447 tempore
1010 4386 1067 4432 et
1126 4375 1450 4431 Damasceni
1493 4378 1715 4430 Aretam
1759 4377 2025 4431 Parthum

451 4482 648 4527 contra
707 4471 1062 4527 Ptolemteum
1117 4470 1351 4534 ducunt,
1375 4478 1432 4523 et
1474 4469 1785 4542 Caelesyria:
1842 4485 2025 4539 regem

2136 3644 2229 3695 τὸν
2274 3644 2692 3714 Ἀριστόϐουλον
2721 3649 2811 3703 διὰ
2846 3651 3161 3725 θερμότητα
3195 3658 3309 3720 τοῖς
3345 3658 3592 3724 ἰδιώταις
3636 3660 3720 3711 ὲν-

2137 3737 2397 3791 έταττεν⁶
2436 3739 2495 3803 ὃς
2528 3743 2584 3804 ἐς
2635 3741 2866 3812 ὕστερον
2896 3747 3039 3815 νόσῳ
3076 3747 3177 3817 τῆς
3215 3751 3430 3819 μητρὸς
3479 3750 3722 3817 Ἀλεξάν-

2135 3831 2265 3898 δρας
2290 3837 2717 3904 περιπεσούσης,
2749 3835 2839 3888 τὸν
2861 3839 3051 3909 καιρὸν
3080 3841 3361 3911 ἁρπάσας,
3389 3844 3486 3898 καὶ
3514 3846 3572 3898 τὸ
3599 3846 3720 3916 περὶ

2134 3923 2300 3976 αὑτὸν
2360 3926 2723 3995 συναθροίσας
2768 3927 3035 3995 εὐνοϊκὸν,
3084 3933 3347 4004 χρήματά
3404 3955 3465 3990 τε
3497 3938 3720 3991 πλεῖστα

2135 4014 2592 4084 περιϐαλόμενος,
2648 4018 2875 4088 βασιλέα
2928 4022 3120 4076 ἐαυτὸν
3172 4026 3424 4082 ἀνεῖπεν.
3480 4027 3623 4081 Ἀλλ’
3665 4030 3720 4080 ἐν

2132 4109 2306 4176 τούτῳ
2340 4109 2439 4177 μὲν
2472 4110 2505 4179 ή
2550 4109 2899 4180 Ἀλεξάνδρα,
2927 4115 3096 4187 πρινὴ
3125 4116 3194 4171 τὰ
3220 4119 3331 4171 τῶν
3364 4124 3573 4177 παίδων
3610 4122 3721 4175 δια-

2134 4195 2327 4249 θέσθαι
2354 4197 2493 4268 πρὸς
2518 4198 2581 4252 τὸ
2611 4200 2825 4268 δοκοῦν,
2850 4204 2945 4256 τοῦ
2975 4205 3090 4276 βίον
3119 4207 3398 4274 ἐξίστατο.
3433 4215 3717 4285 Συμϐολῆς

2133 4290 2189 4343 δὲ
2224 4292 2549 4361 γενομένης,
2587 4291 2963 4364 ἐξ“Ὑρκανοῦ
3002 4297 3140 4367 πρὸς
3167 4301 3258 4353 τὸν
3302 4302 3714 4376 Ἀριστόϐουλον

2135 4382 2444 4454 μετεχώρει
2467 4386 2527 4437 τὸ
2556 4385 2757 4453 πλῆθος
2785 4405 2801 4420 ·
2828 4389 2922 4441 καὶ
2964 4389 3231 4461 Ὑρκανὸς
3255 4395 3408 4451 ἄκων
3439 4398 3711 4463 ἐξίσταται

2130 4476 2229 4544 τῆς
2269 4478 2442 4547 ἀρχῆς
2476 4479 2744 4551 τάδελφῷ,
2778 4484 2875 4535 καὶ
2921 4484 3149 4549 ἰδιάζειν
3198 4488 3465 4557 αίρεῖται.
3499 4491 3710 4545 Τούτων

447 4564 824 4618 constituunt:
872 4564 964 4634 qui
1019 4562 1253 4618 victoria
1311 4573 1499 4616 contra
1530 4563 1750 4617 Iudaeos
1795 4565 2018 4630 potitus,

2140 4565 2174 4618 δ’
2205 4564 2349 4619 οὓτω
2373 4571 2781 4640 γεγενημένων,
2805 4573 2924 4638 δέος
2948 4576 3226 4649 εἰστρέχει
3253 4582 3475 4645 πολλοῖς
3500 4584 3598 4653 μὲν
3621 4584 3711 4635 καὶ

448 4652 575 4707 inde
604 4668 671 4707 ex
732 4654 906 4722 pactis
935 4653 1226 4708 conventis
1276 4654 1616 4708 retrocessit.
1676 4653 1877 4707 Salinae
1914 4653 2025 4708 duo

445 4754 605 4797 erant
633 4744 750 4807 lilii,
790 4758 929 4811 quos
959 4743 1272 4797 Alexandro
1300 4753 1691 4813 progenuerat.
1724 4744 1803 4797 Ex
1849 4745 1920 4799 iis
1953 4761 2027 4800 a2-

449 4842 557 4888 tate
618 4833 1043 4903 provectiorem,
1098 4836 1189 4890 cui
1247 4834 1486 4905 Hyrcani
1522 4851 1726 4890 nomen
1788 4835 2023 4893 inditum

442 4934 585 4989 erat,
613 4925 884 4989 desidem,
913 4935 970 4978 et
992 4924 1059 4979 ad
1085 4941 1172 4979 res
1193 4926 1465 4995 gerendas
1486 4928 1713 4981 minime
1740 4927 2026 4995 idoneum,

447 5011 769 5079 pontificatu
808 5012 1171 5067 eolionestat:
1202 5015 1439 5069 alterum
1466 5032 1593 5070 vero
1617 5018 2020 5084 Aristobulum,

446 5112 672 5173 propter
703 5103 872 5158 animi
903 5116 958 5159 et
991 5105 1243 5175 corporis
1289 5106 1561 5176 vigorem,
1591 5110 1868 5178 privatum
1895 5125 2026 5178 esse

441 5196 617 5266 jubet.
643 5195 748 5263 Qui
782 5196 1007 5263 deinde,
1034 5214 1162 5253 cum
1209 5175 1386 5256 mater
1426 5175 1741 5258 Alexandra
1788 5175 2027 5276 graviter

445 5297 759 5358 aegrotaret,
792 5293 1083 5345 occasione
1124 5306 1190 5346 ea
1221 5302 1464 5363 arrepta,
1524 5304 1581 5350 et
1610 5311 1802 5351 eorum
1835 5313 2022 5366 manu,

446 5395 680 5449 quorum
710 5382 812 5436 sibi
853 5382 1035 5438 studia
1080 5384 1504 5451 conciliaverat,
1531 5397 1747 5456 coacta,
1796 5405 2025 5462 magna-

517 5564 683 5652 (Ltj‘ln
716 5565 851 5652 festo
890 5567 1397 5652 Tabernaculorutn
1436 5574 1740 5652 Antiochus
1765 5578 2017 5652 Hyrcano

447 5634 499 5686 in
520 5634 904 5719 holocaustum
927 5651 1157 5719 taurum
1188 5642 1333 5719 dono
1367 5644 1539 5719 dedit.
1576 5647 1735 5719 (198.)

515 5703 590 5770 (2)
623 5703 899 5788 liyrcanus
926 5712 1219 5790 ldutiimiiiti
1252 5713 1486 5790 subegit,
1515 5703 1590 5768 et‘
1610 5703 1855 5790 Jud'giicis
1881 5721 2015 5790 legi-

444 5773 548 5823 lms
602 5773 883 5853 ei'vivete
927 5785 1205 5849 permisit.
1257 5773 1409 5836 Ideni
1434 5773 1660 5853 Just-pb.
1696 5773 2013 5844 llicnetia’fu

444 5856 474 5894 Ι)
513 5855 655 5896 unus
709 5852 849 5907 τιμίω
907 5852 1164 5907 [IL-lmen.
1218 5852 1580 5922 peregrinum
1607 5860 1831 5915 militent
1867 5864 2013 5916 alere

2130 4659 2338 4724 ἄλλοις,
2376 4662 2617 4725 μάλιστα
2649 4664 2705 4717 δὲ
2750 4665 3118 4740 Ἀντιπάτρῳ,
3151 4671 3209 4733 ὃς
3256 4670 3499 4741 Ἡρώδου
3533 4677 3711 4743 πατὴρ

2126 4747 2219 4821 ἦν.
2260 4754 2531 4822 Διάφορος
2577 4758 2686 4827 γὰρ
2751 4759 3156 4832 Ἀριστοϐούλῳ
3201 4765 3525 4831 καθίστατο,
3564 4769 3712 4837 φίλος

2130 4845 2207 4896 ῶν
2239 4847 2296 4908 ἐς
2324 4846 2390 4898 τὰ
2418 4847 2656 4916 μάλιστα
2695 4851 2969 4924 Ὑρκανῷ.
3018 4855 3107 4920 Ἐξ
3147 4858 3465 4928 Ἰδουμαίων
3491 4864 3601 4932 γὰρ
3628 4862 3712 4914 ἕλ-

2130 4953 2243 4991 κων
2282 4938 2343 4991 τὸ
2393 4943 2573 5008 γένος,
2612 4942 2831 5015 πλούτῳ
2882 4948 2977 5000 καὶ
3012 4955 3341 5023 περιφανείᾳ
3385 4954 3480 5006 τοῦ
3520 4954 3711 5016 ἔθνους

2131 5029 2434 5098 πρωτεύων
2461 5028 2550 5103 ἦν.
2584 5031 2754 5117 Οὲτος
2784 5039 2967 5093 τοίνυν
3009 5043 3278 5113 Ὑρκανὸν
3314 5047 3533 5114 πείσας,
3575 5047 3706 5117 πρὸς

2141 5118 2372 5191 Ἀρέταν
2418 5124 2510 5180 τὸν
2537 5112 2727 5196 Σύρων
2767 5131 2996 5200 βασιλέα
3041 5112 3189 5204 ἥκει,
3217 5136 3356 5191 ὥστε
3394 5112 3534 5208 μετᾶ
3559 5112 3711 5192 δυνά-

2133 5228 2281 5278 μεως
2304 5215 2454 5280 αὑτῷ
2480 5218 2580 5287 τὴν
2603 5219 2885 5288 βασιλείαν
2905 5230 3234 5294 περιποιεῖν.
3262 5232 3367 5283 Καὶ
3391 5234 3419 5281 ό
3446 5230 3547 5298 μὲν
3570 5226 3671 5302 ἧκε
3692 5250 3706 5262 ο

2127 5303 2234 5358 κᾶν
2269 5305 2525 5380 Ὑρκανῷ
2550 5310 2707 5375 αὖθις
2741 5316 2841 5381 τὴν
2871 5317 3047 5386 ἀρχὴν
3079 5322 3173 5375 καὶ
3201 5322 3298 5392 τὴν
3326 5321 3481 5373 πόλιν
3511 5323 3709 5391 ἐκείρι-

2125 5394 2243 5461 ξεν,
2273 5399 2321 5450 εί
2359 5401 2437 5470 μὴ
2487 5404 2774 5473 Πομπήϊος
2818 5410 3121 5477 τηνικαῦτα
3170 5413 3305 5484 725.6,-
3340 5413 3618 5484 Τιγράνην
3649 5417 3704 5465 ἐν

2123 5594 2612 5733 εαξὲῗλιεεοηόοι·
2654 5660 2757 5717 iste
2806 5675 3030 5733 propter
3054 5664 3701 5732 crudelitatcm,Trucida

2122 5731 2549 5802 COgnominatus
2580 5742 2684 5784 est.
2718 5731 2988 5802 (JoScph.)

2202 5795 2278 5877 (4)
2312 5796 2426 5880 Sub
2470 5797 2775 5880 Alexandra
2810 5795 3066 5862 Pliariétei
3113 5804 3701 5880 retnpuleudazorum

2124 5864 2617 5943 administrarunt.
2655 5874 2875 5942 diioui.)
