  <div class='ocr_page' id='page_1' title='image "/cluster/home/n/w/nwhite01/storage/ocr_20150623/145:no.1/coo.31924054870500/332.png"; bbox 0 0 4032 6476; ppageno 0'>
   <div class='ocr_carea' id='block_1_1' title="bbox 299 422 407 494">
    <p class='ocr_par' dir='ltr' id='par_1_1' title="bbox 299 422 407 494">
     <span class='ocr_line' id='line_1_1' title="bbox 299 422 407 494; baseline -0.019 -1"><span class='ocrx_word' id='word_1_1' title='bbox 299 422 407 494; x_wconf 64' lang='grc'><strong>039</strong></span> 
     </span>
    </p>
   </div>
   <div class='ocr_carea' id='block_1_2' title="bbox 1256 416 2581 486">
    <p class='ocr_par' dir='ltr' id='par_1_2' title="bbox 1256 416 2581 486">
     <span class='ocr_line' id='line_1_2' title="bbox 1256 416 2581 486; baseline -0.005 -3"><span class='ocrx_word' id='word_1_2' title='bbox 1256 419 1866 486; x_wconf 67' lang='grc' dir='ltr'><strong>ΕρςιΕΞιΑδΤιρΑξ</strong></span> <span class='ocrx_word' id='word_1_3' title='bbox 1907 416 2295 477; x_wconf 61' lang='lat' dir='ltr'><strong>HISTORIA”;</strong></span> <span class='ocrx_word' id='word_1_4' title='bbox 2336 416 2483 477; x_wconf 88' lang='lat' dir='ltr'><strong>LlB.</strong></span> <span class='ocrx_word' id='word_1_5' title='bbox 2530 416 2581 476; x_wconf 85' lang='grc' dir='ltr'><strong>Ι.</strong></span> 
     </span>
    </p>
   </div>
   <div class='ocr_carea' id='block_1_3' title="bbox 3448 417 3554 480">
    <p class='ocr_par' dir='ltr' id='par_1_3' title="bbox 3448 417 3554 480">
     <span class='ocr_line' id='line_1_3' title="bbox 3448 417 3554 480; baseline 0.019 -2"><span class='ocrx_word' id='word_1_6' title='bbox 3448 417 3554 480; x_wconf 68' lang='grc'><strong>650</strong></span> 
     </span>
    </p>
   </div>
   <div class='ocr_carea' id='block_1_4' title="bbox 301 527 1912 612">
    <p class='ocr_par' dir='ltr' id='par_1_4' title="bbox 301 531 1912 612">
     <span class='ocr_line' id='line_1_4' title="bbox 301 531 1912 612; baseline -0.004 -17"><span class='ocrx_word' id='word_1_7' title='bbox 301 541 490 612; x_wconf 75' lang='grc' dir='ltr'>φόρως</span> <span class='ocrx_word' id='word_1_8' title='bbox 522 539 673 612; x_wconf 79' lang='grc' dir='ltr'><strong>μάχῃ</strong></span> <span class='ocrx_word' id='word_1_9' title='bbox 707 537 1046 609; x_wconf 78' lang='grc' dir='ltr'>προσϐαλὼν</span> <span class='ocrx_word' id='word_1_10' title='bbox 1085 535 1401 607; x_wconf 81' lang='grc' dir='ltr'>’Δντιγόνῳ,</span> <span class='ocrx_word' id='word_1_11' title='bbox 1438 533 1757 595; x_wconf 76' lang='grc' dir='ltr'><strong>πλειστάκις</strong></span> <span class='ocrx_word' id='word_1_12' title='bbox 1783 531 1881 584; x_wconf 69' lang='grc' dir='ltr'>καὶ</span> <span class='ocrx_word' id='word_1_13' title='bbox 1910 581 1912 588; x_wconf 34' lang='grc' dir='ltr'><strong>ι</strong></span> 
     </span>
    </p>
   </div>
   <div class='ocr_carea' id='block_1_5' title="bbox 2015 527 3557 612">
    <p class='ocr_par' dir='ltr' id='par_1_5' title="bbox 2015 527 3557 600">
     <span class='ocr_line' id='line_1_5' title="bbox 2015 527 3557 600; baseline 0.001 -17"><span class='ocrx_word' id='word_1_14' title='bbox 2015 530 2246 585; x_wconf 89' lang='lat' dir='ltr'><strong>ireutur.</strong></span> <span class='ocrx_word' id='word_1_15' title='bbox 2302 527 2552 585; x_wconf 87' lang='lat' dir='ltr'><strong>llerodcs</strong></span> <span class='ocrx_word' id='word_1_16' title='bbox 2609 542 2778 597; x_wconf 88' lang='lat' dir='ltr'><strong>porro</strong></span> <span class='ocrx_word' id='word_1_17' title='bbox 2830 527 2937 585; x_wconf 92' lang='lat' dir='ltr'><strong>sibi</strong></span> <span class='ocrx_word' id='word_1_18' title='bbox 2989 539 3262 595; x_wconf 90' lang='lat' dir='ltr'><strong>metuens,</strong></span> <span class='ocrx_word' id='word_1_19' title='bbox 3319 533 3557 600; x_wconf 85' lang='lat' dir='ltr'><strong>pecunia</strong></span> 
     </span>
    </p>
   </div>
   <div class='ocr_carea' id='block_1_6' title="bbox 235 625 1882 703">
    <p class='ocr_par' dir='ltr' id='par_1_6' title="bbox 235 625 1882 703">
     <span class='ocr_line' id='line_1_6' title="bbox 235 625 1882 703; baseline -0.007 -16"><span class='ocrx_word' id='word_1_20' title='bbox 235 655 244 665; x_wconf 83' lang='lat'><strong><em>-</em></strong></span> <span class='ocrx_word' id='word_1_21' title='bbox 303 632 668 703; x_wconf 72' lang='grc' dir='ltr'><strong>ἀποκρούεται</strong></span> <span class='ocrx_word' id='word_1_22' title='bbox 686 647 700 663; x_wconf 89' lang='grc'><strong>·</strong></span> <span class='ocrx_word' id='word_1_23' title='bbox 727 631 1020 702; x_wconf 78' lang='grc' dir='ltr'><strong>ἐσύστερον</strong></span> <span class='ocrx_word' id='word_1_24' title='bbox 1042 630 1102 684; x_wconf 75' lang='grc' dir='ltr'>δὲ</span> <span class='ocrx_word' id='word_1_25' title='bbox 1120 629 1343 684; x_wconf 81' lang='grc' dir='ltr'><strong>Σόσσιον</strong></span> <span class='ocrx_word' id='word_1_26' title='bbox 1363 625 1683 697; x_wconf 75' lang='grc' dir='ltr'>έπαγαγὼν,</span> <span class='ocrx_word' id='word_1_27' title='bbox 1704 625 1882 696; x_wconf 80' lang='grc' dir='ltr'>φόνων</span> 
     </span>
    </p>
   </div>
   <div class='ocr_carea' id='block_1_7' title="bbox 304 715 1884 796">
    <p class='ocr_par' dir='ltr' id='par_1_7' title="bbox 304 715 1884 796">
     <span class='ocr_line' id='line_1_7' title="bbox 304 715 1884 796; baseline -0.006 -18"><span class='ocrx_word' id='word_1_28' title='bbox 304 724 689 796; x_wconf 77' lang='grc' dir='ltr'><strong>γεγενημένων</strong></span> <span class='ocrx_word' id='word_1_29' title='bbox 720 723 956 791; x_wconf 83' lang='grc' dir='ltr'>πολλῶν,</span> <span class='ocrx_word' id='word_1_30' title='bbox 1009 722 1360 792; x_wconf 80' lang='grc' dir='ltr'>κατακράτος</span> <span class='ocrx_word' id='word_1_31' title='bbox 1396 715 1546 774; x_wconf 81' lang='grc' dir='ltr'>είλεν</span> <span class='ocrx_word' id='word_1_32' title='bbox 1585 717 1884 788; x_wconf 77' lang='grc' dir='ltr'>Ἱεροσόλυ-</span> 
     </span>
    </p>
   </div>
   <div class='ocr_carea' id='block_1_8' title="bbox 311 810 1882 887">
    <p class='ocr_par' dir='ltr' id='par_1_8' title="bbox 311 810 1882 887">
     <span class='ocr_line' id='line_1_8' title="bbox 311 810 1882 887; baseline 0.003 -19"><span class='ocrx_word' id='word_1_33' title='bbox 311 836 408 887; x_wconf 87' lang='grc' dir='ltr'>μα.</span> <span class='ocrx_word' id='word_1_34' title='bbox 443 817 651 871; x_wconf 72' lang='grc' dir='ltr'>Ἄσυλα</span> <span class='ocrx_word' id='word_1_35' title='bbox 667 815 725 871; x_wconf 74' lang='grc' dir='ltr'>δὲ</span> <span class='ocrx_word' id='word_1_36' title='bbox 751 819 821 872; x_wconf 76' lang='grc' dir='ltr'><strong>τὰ</strong></span> <span class='ocrx_word' id='word_1_37' title='bbox 856 817 991 887; x_wconf 73' lang='grc' dir='ltr'>περὶ</span> <span class='ocrx_word' id='word_1_38' title='bbox 1019 815 1082 869; x_wconf 81' lang='grc' dir='ltr'>τὸ</span> <span class='ocrx_word' id='word_1_39' title='bbox 1108 815 1255 886; x_wconf 75' lang='grc' dir='ltr'>ἱερὸν</span> <span class='ocrx_word' id='word_1_40' title='bbox 1276 817 1305 869; x_wconf 86' lang='grc' dir='ltr'><strong>ό</strong></span> <span class='ocrx_word' id='word_1_41' title='bbox 1336 812 1589 884; x_wconf 78' lang='grc' dir='ltr'>Ἡρώδης</span> <span class='ocrx_word' id='word_1_42' title='bbox 1616 810 1882 881; x_wconf 77' lang='grc' dir='ltr'>φυλάξας.</span> 
     </span>
    </p>
   </div>
   <div class='ocr_carea' id='block_1_9' title="bbox 307 903 1887 983">
    <p class='ocr_par' dir='ltr' id='par_1_9' title="bbox 307 903 1887 983">
     <span class='ocr_line' id='line_1_9' title="bbox 307 903 1887 983; baseline -0.003 -23"><span class='ocrx_word' id='word_1_43' title='bbox 307 908 531 976; x_wconf 79' lang='grc' dir='ltr'>δέσμιον</span> <span class='ocrx_word' id='word_1_44' title='bbox 580 906 766 963; x_wconf 84' lang='grc' dir='ltr'>λαϐὼν</span> <span class='ocrx_word' id='word_1_45' title='bbox 818 908 913 963; x_wconf 73' lang='grc' dir='ltr'><strong>τὸν</strong></span> <span class='ocrx_word' id='word_1_46' title='bbox 962 907 1296 977; x_wconf 81' lang='grc' dir='ltr'>Ἀντίγονον,</span> <span class='ocrx_word' id='word_1_47' title='bbox 1329 905 1536 975; x_wconf 79' lang='grc' dir='ltr'>Σοσσίῳ</span> <span class='ocrx_word' id='word_1_48' title='bbox 1565 904 1784 983; x_wconf 79' lang='grc' dir='ltr'>δίδωσιν</span> <span class='ocrx_word' id='word_1_49' title='bbox 1809 919 1820 934; x_wconf 92' lang='grc'><strong>·</strong></span> <span class='ocrx_word' id='word_1_50' title='bbox 1858 903 1887 956; x_wconf 83' lang='grc' dir='ltr'><strong>δ</strong></span> 
     </span>
    </p>
   </div>
   <div class='ocr_carea' id='block_1_10' title="bbox 310 992 1889 1067">
    <p class='ocr_par' dir='ltr' id='par_1_10' title="bbox 310 992 1889 1067">
     <span class='ocr_line' id='line_1_10' title="bbox 310 992 1889 1067; baseline -0.003 -17"><span class='ocrx_word' id='word_1_51' title='bbox 310 998 369 1050; x_wconf 77' lang='grc' dir='ltr'>δὲ</span> <span class='ocrx_word' id='word_1_52' title='bbox 400 999 538 1067; x_wconf 74' lang='grc' dir='ltr'>πρὸς</span> <span class='ocrx_word' id='word_1_53' title='bbox 573 994 864 1051; x_wconf 76' lang='grc' dir='ltr'>Ἀντώνιον</span> <span class='ocrx_word' id='word_1_54' title='bbox 896 996 1060 1058; x_wconf 75' lang='grc' dir='ltr'>εὐθὺς</span> <span class='ocrx_word' id='word_1_55' title='bbox 1092 997 1241 1060; x_wconf 76' lang='grc' dir='ltr'>ἄγει.</span> <span class='ocrx_word' id='word_1_56' title='bbox 1283 997 1532 1066; x_wconf 76' lang='grc' dir='ltr'>Ἡρώδης</span> <span class='ocrx_word' id='word_1_57' title='bbox 1554 995 1614 1049; x_wconf 66' lang='grc' dir='ltr'>δὲ</span> <span class='ocrx_word' id='word_1_58' title='bbox 1648 992 1752 1064; x_wconf 84' lang='grc' dir='ltr'>μὴν</span> <span class='ocrx_word' id='word_1_59' title='bbox 1777 992 1889 1046; x_wconf 85' lang='grc' dir='ltr'>δεί-</span> 
     </span>
    </p>
   </div>
   <div class='ocr_carea' id='block_1_11' title="bbox 315 1082 1890 1155">
    <p class='ocr_par' dir='ltr' id='par_1_11' title="bbox 315 1082 1890 1155">
     <span class='ocr_line' id='line_1_11' title="bbox 315 1082 1890 1155; baseline -0.003 -16"><span class='ocrx_word' id='word_1_60' title='bbox 315 1103 414 1149; x_wconf 87' lang='grc' dir='ltr'><strong>σας</strong></span> <span class='ocrx_word' id='word_1_61' title='bbox 442 1084 541 1155; x_wconf 76' lang='grc' dir='ltr'><strong>την</strong></span> <span class='ocrx_word' id='word_1_62' title='bbox 571 1084 667 1139; x_wconf 81' lang='grc' dir='ltr'>τοῦ</span> <span class='ocrx_word' id='word_1_63' title='bbox 682 1085 995 1154; x_wconf 69' lang='grc' dir='ltr'>Ἀντιγόνου</span> <span class='ocrx_word' id='word_1_64' title='bbox 1019 1086 1322 1154; x_wconf 76' lang='grc' dir='ltr'>εὐγένειαν,</span> <span class='ocrx_word' id='word_1_65' title='bbox 1346 1085 1544 1155; x_wconf 83' lang='grc' dir='ltr'>μήπως</span> <span class='ocrx_word' id='word_1_66' title='bbox 1572 1082 1890 1152; x_wconf 79' lang='grc' dir='ltr'>ιίςῬώμην</span> 
     </span>
    </p>
   </div>
   <div class='ocr_carea' id='block_1_12' title="bbox 312 1176 1890 1251">
    <p class='ocr_par' dir='ltr' id='par_1_12' title="bbox 312 1176 1890 1251">
     <span class='ocr_line' id='line_1_12' title="bbox 312 1176 1890 1251; baseline 0.003 -22"><span class='ocrx_word' id='word_1_67' title='bbox 312 1178 624 1243; x_wconf 75' lang='grc' dir='ltr'>διαϐάντος,</span> <span class='ocrx_word' id='word_1_68' title='bbox 688 1181 787 1235; x_wconf 84' lang='grc' dir='ltr'>καὶ</span> <span class='ocrx_word' id='word_1_69' title='bbox 830 1180 901 1234; x_wconf 67' lang='grc' dir='ltr'>τὰ</span> <span class='ocrx_word' id='word_1_70' title='bbox 936 1179 1179 1251; x_wconf 77' lang='grc' dir='ltr'>σφέτερα</span> <span class='ocrx_word' id='word_1_71' title='bbox 1235 1178 1425 1233; x_wconf 88' lang='grc' dir='ltr'>δίκαια</span> <span class='ocrx_word' id='word_1_72' title='bbox 1476 1180 1544 1248; x_wconf 78' lang='grc' dir='ltr'>τῇ</span> <span class='ocrx_word' id='word_1_73' title='bbox 1594 1176 1890 1245; x_wconf 79' lang='grc' dir='ltr'><strong>συγκλήτῳ</strong></span> 
     </span>
    </p>
   </div>
   <div class='ocr_carea' id='block_1_13' title="bbox 320 1269 1895 1342">
    <p class='ocr_par' dir='ltr' id='par_1_13' title="bbox 320 1269 1895 1342">
     <span class='ocr_line' id='line_1_13' title="bbox 320 1269 1895 1342; baseline -0.003 -19"><span class='ocrx_word' id='word_1_74' title='bbox 320 1270 759 1341; x_wconf 80' lang='grc' dir='ltr'>προϐαλομένου,</span> <span class='ocrx_word' id='word_1_75' title='bbox 800 1272 1064 1341; x_wconf 82' lang='grc' dir='ltr'>Ῥωμαῖοι</span> <span class='ocrx_word' id='word_1_76' title='bbox 1089 1272 1187 1342; x_wconf 83' lang='grc' dir='ltr'>μὲν</span> <span class='ocrx_word' id='word_1_77' title='bbox 1212 1272 1419 1325; x_wconf 69' lang='grc' dir='ltr'>ἐκεῖνον</span> <span class='ocrx_word' id='word_1_78' title='bbox 1450 1269 1527 1333; x_wconf 80' lang='grc' dir='ltr'>ὡς</span> <span class='ocrx_word' id='word_1_79' title='bbox 1559 1269 1776 1338; x_wconf 84' lang='grc' dir='ltr'>ίδιὼτην</span> <span class='ocrx_word' id='word_1_80' title='bbox 1795 1269 1895 1321; x_wconf 78' lang='grc' dir='ltr'>καὶ</span> 
     </span>
    </p>
   </div>
   <div class='ocr_carea' id='block_1_14' title="bbox 315 1357 1892 1430">
    <p class='ocr_par' dir='ltr' id='par_1_14' title="bbox 315 1357 1892 1430">
     <span class='ocr_line' id='line_1_14' title="bbox 315 1357 1892 1430; baseline -0.002 -17"><span class='ocrx_word' id='word_1_81' title='bbox 315 1359 616 1429; x_wconf 77' lang='grc' dir='ltr'>ἀλλόφυλον</span> <span class='ocrx_word' id='word_1_82' title='bbox 675 1361 1100 1429; x_wconf 84' lang='grc' dir='ltr'>ἀποσείσωνται,</span> <span class='ocrx_word' id='word_1_83' title='bbox 1153 1360 1307 1430; x_wconf 80' lang='grc' dir='ltr'>αὐτῷ</span> <span class='ocrx_word' id='word_1_84' title='bbox 1343 1361 1401 1415; x_wconf 86' lang='grc' dir='ltr'>δὲ</span> <span class='ocrx_word' id='word_1_85' title='bbox 1445 1360 1480 1430; x_wconf 76' lang='grc' dir='ltr'>ἢ</span> <span class='ocrx_word' id='word_1_86' title='bbox 1537 1362 1651 1422; x_wconf 84' lang='grc' dir='ltr'>τοῖς</span> <span class='ocrx_word' id='word_1_87' title='bbox 1682 1357 1892 1412; x_wconf 75' lang='grc' dir='ltr'>ἐκείνου</span> 
     </span>
    </p>
   </div>
   <div class='ocr_carea' id='block_1_15' title="bbox 318 1449 1900 1526">
    <p class='ocr_par' dir='ltr' id='par_1_15' title="bbox 318 1449 1900 1526">
     <span class='ocr_line' id='line_1_15' title="bbox 318 1449 1900 1526; baseline -0.004 -18"><span class='ocrx_word' id='word_1_88' title='bbox 318 1454 478 1508; x_wconf 64' lang='grc' dir='ltr'>παισὶ</span> <span class='ocrx_word' id='word_1_89' title='bbox 523 1455 625 1523; x_wconf 81' lang='grc' dir='ltr'>τὴν</span> <span class='ocrx_word' id='word_1_90' title='bbox 676 1454 958 1525; x_wconf 81' lang='grc' dir='ltr'>βασιλείαν</span> <span class='ocrx_word' id='word_1_91' title='bbox 998 1455 1500 1526; x_wconf 80' lang='grc' dir='ltr'>περιποιήσωνται,</span> <span class='ocrx_word' id='word_1_92' title='bbox 1550 1449 1728 1505; x_wconf 78' lang='grc' dir='ltr'>πείθει</span> <span class='ocrx_word' id='word_1_93' title='bbox 1758 1449 1900 1520; x_wconf 73' lang='grc' dir='ltr'>χρήε-</span> 
     </span>
    </p>
   </div>
   <div class='ocr_carea' id='block_1_16' title="bbox 322 1542 1896 1618">
    <p class='ocr_par' dir='ltr' id='par_1_16' title="bbox 322 1542 1896 1618">
     <span class='ocr_line' id='line_1_16' title="bbox 322 1542 1896 1618; baseline -0.004 -17"><span class='ocrx_word' id='word_1_94' title='bbox 322 1566 454 1618; x_wconf 89' lang='grc' dir='ltr'>μασι</span> <span class='ocrx_word' id='word_1_95' title='bbox 488 1548 579 1600; x_wconf 83' lang='grc' dir='ltr'>τὸν</span> <span class='ocrx_word' id='word_1_96' title='bbox 613 1548 902 1602; x_wconf 78' lang='grc' dir='ltr'>’Λντώνιον</span> <span class='ocrx_word' id='word_1_97' title='bbox 927 1545 1289 1617; x_wconf 81' lang='grc' dir='ltr'>ὑποφθείρας,</span> <span class='ocrx_word' id='word_1_98' title='bbox 1320 1543 1768 1615; x_wconf 75' lang='grc' dir='ltr'>διαχειρίσασθαι</span> <span class='ocrx_word' id='word_1_99' title='bbox 1802 1542 1896 1595; x_wconf 81' lang='grc' dir='ltr'>τὸν</span> 
     </span>
    </p>
   </div>
   <div class='ocr_carea' id='block_1_17' title="bbox 330 1635 1894 1710">
    <p class='ocr_par' dir='ltr' id='par_1_17' title="bbox 330 1635 1894 1710">
     <span class='ocr_line' id='line_1_17' title="bbox 330 1635 1894 1710; baseline -0.005 -16"><span class='ocrx_word' id='word_1_100' title='bbox 330 1642 653 1709; x_wconf 78' lang='grc' dir='ltr'>’Δντίγονον.</span> <span class='ocrx_word' id='word_1_101' title='bbox 712 1641 823 1695; x_wconf 74' lang='grc' dir='ltr'><strong>Καὶ</strong></span> <span class='ocrx_word' id='word_1_102' title='bbox 879 1642 907 1693; x_wconf 87' lang='grc' dir='ltr'><strong>ό</strong></span> <span class='ocrx_word' id='word_1_103' title='bbox 965 1639 1062 1710; x_wconf 80' lang='grc' dir='ltr'>μὲν</span> <span class='ocrx_word' id='word_1_104' title='bbox 1115 1639 1280 1702; x_wconf 77' lang='grc' dir='ltr'>εὐθὺς</span> <span class='ocrx_word' id='word_1_105' title='bbox 1330 1637 1549 1693; x_wconf 81' lang='grc' dir='ltr'><strong>πελέκει</strong></span> <span class='ocrx_word' id='word_1_106' title='bbox 1615 1635 1894 1707; x_wconf 70' lang='grc' dir='ltr'>ἀνῄρητο*</span> 
     </span>
    </p>
   </div>
   <div class='ocr_carea' id='block_1_18' title="bbox 337 1726 1897 1802">
    <p class='ocr_par' dir='ltr' id='par_1_18' title="bbox 337 1726 1897 1802">
     <span class='ocr_line' id='line_1_18' title="bbox 337 1726 1897 1802; baseline -0.006 -15"><span class='ocrx_word' id='word_1_107' title='bbox 337 1733 603 1802; x_wconf 76' lang='grc' dir='ltr'>Ὑρκανὸς</span> <span class='ocrx_word' id='word_1_108' title='bbox 642 1733 698 1785; x_wconf 73' lang='grc' dir='ltr'>δὲ</span> <span class='ocrx_word' id='word_1_109' title='bbox 755 1732 852 1786; x_wconf 77' lang='grc' dir='ltr'>καὶ</span> <span class='ocrx_word' id='word_1_110' title='bbox 902 1732 1064 1794; x_wconf 75' lang='grc' dir='ltr'>αὐτὸς</span> <span class='ocrx_word' id='word_1_111' title='bbox 1115 1733 1250 1802; x_wconf 78' lang='grc' dir='ltr'>πρὸς</span> <span class='ocrx_word' id='word_1_112' title='bbox 1303 1728 1540 1799; x_wconf 78' lang='grc' dir='ltr'><strong>Πάρθων</strong></span> <span class='ocrx_word' id='word_1_113' title='bbox 1583 1726 1897 1794; x_wconf 75' lang='grc' dir='ltr'>ἀπολυθεὶς,</span> 
     </span>
    </p>
   </div>
   <div class='ocr_carea' id='block_1_19' title="bbox 334 1814 1900 1898">
    <p class='ocr_par' dir='ltr' id='par_1_19' title="bbox 334 1814 1900 1898">
     <span class='ocr_line' id='line_1_19' title="bbox 334 1814 1900 1898; baseline -0.001 -24"><span class='ocrx_word' id='word_1_114' title='bbox 334 1825 553 1898; x_wconf 77' lang='grc' dir='ltr'>Ἡρώδῃ</span> <span class='ocrx_word' id='word_1_115' title='bbox 579 1825 831 1895; x_wconf 79' lang='grc' dir='ltr'>πρόσεισι</span> <span class='ocrx_word' id='word_1_116' title='bbox 854 1842 868 1857; x_wconf 74' lang='grc' dir='ltr'><strong>ο</strong></span> <span class='ocrx_word' id='word_1_117' title='bbox 910 1826 1007 1878; x_wconf 74' lang='grc' dir='ltr'>καὶ</span> <span class='ocrx_word' id='word_1_118' title='bbox 1040 1823 1108 1877; x_wconf 81' lang='grc' dir='ltr'><strong>τὰ</strong></span> <span class='ocrx_word' id='word_1_119' title='bbox 1161 1821 1260 1893; x_wconf 73' lang='grc' dir='ltr'>μὲν</span> <span class='ocrx_word' id='word_1_120' title='bbox 1288 1822 1485 1892; x_wconf 88' lang='grc' dir='ltr'>πρῶτα</span> <span class='ocrx_word' id='word_1_121' title='bbox 1523 1821 1581 1874; x_wconf 80' lang='grc' dir='ltr'>ὲν</span> <span class='ocrx_word' id='word_1_122' title='bbox 1611 1821 1799 1889; x_wconf 79' lang='grc' dir='ltr'>τιμαῖς</span> <span class='ocrx_word' id='word_1_123' title='bbox 1834 1814 1900 1889; x_wconf 77' lang='grc' dir='ltr'><strong>ἦ·</strong></span> 
     </span>
    </p>
   </div>
   <div class='ocr_carea' id='block_1_20' title="bbox 325 1910 1899 1985">
    <p class='ocr_par' dir='ltr' id='par_1_20' title="bbox 325 1910 1899 1985">
     <span class='ocr_line' id='line_1_20' title="bbox 325 1910 1899 1985; baseline -0.005 -15"><span class='ocrx_word' id='word_1_124' title='bbox 325 1934 423 1985; x_wconf 86' lang='grc' dir='ltr'><strong>γεν</strong></span> <span class='ocrx_word' id='word_1_125' title='bbox 452 1916 617 1970; x_wconf 81' lang='grc' dir='ltr'>αὐτόν</span> <span class='ocrx_word' id='word_1_126' title='bbox 638 1931 652 1946; x_wconf 90' lang='grc'><strong>·</strong></span> <span class='ocrx_word' id='word_1_127' title='bbox 691 1915 934 1969; x_wconf 81' lang='grc' dir='ltr'>ὕποπτον</span> <span class='ocrx_word' id='word_1_128' title='bbox 963 1915 1020 1968; x_wconf 73' lang='grc' dir='ltr'>δὲ</span> <span class='ocrx_word' id='word_1_129' title='bbox 1054 1915 1346 1985; x_wconf 80' lang='grc' dir='ltr'>γενόμενον</span> <span class='ocrx_word' id='word_1_130' title='bbox 1382 1913 1610 1982; x_wconf 81' lang='grc' dir='ltr'>ὔστερον</span> <span class='ocrx_word' id='word_1_131' title='bbox 1638 1910 1899 1973; x_wconf 81' lang='grc' dir='ltr'>ἔκτεινεν,</span> 
     </span>
    </p>
   </div>
   <div class='ocr_carea' id='block_1_21' title="bbox 326 2000 1913 2078">
    <p class='ocr_par' dir='ltr' id='par_1_21' title="bbox 326 2000 1913 2078">
     <span class='ocr_line' id='line_1_21' title="bbox 326 2000 1913 2078; baseline -0.006 -15"><span class='ocrx_word' id='word_1_132' title='bbox 326 2012 401 2073; x_wconf 80' lang='grc' dir='ltr'>ὡς</span> <span class='ocrx_word' id='word_1_133' title='bbox 436 2012 530 2062; x_wconf 81' lang='grc' dir='ltr'>καὶ</span> <span class='ocrx_word' id='word_1_134' title='bbox 559 2009 645 2062; x_wconf 86' lang='grc' dir='ltr'>τὸν</span> <span class='ocrx_word' id='word_1_135' title='bbox 668 2008 893 2074; x_wconf 66' lang='grc' dir='ltr'>ἀδελφὸν</span> <span class='ocrx_word' id='word_1_136' title='bbox 916 2009 1263 2078; x_wconf 74' lang='grc' dir='ltr'>Μαριάμμης</span> <span class='ocrx_word' id='word_1_137' title='bbox 1288 2007 1389 2076; x_wconf 83' lang='grc' dir='ltr'>τῆς</span> <span class='ocrx_word' id='word_1_138' title='bbox 1420 2005 1583 2060; x_wconf 76' lang='grc' dir='ltr'>αὐτοῦ</span> <span class='ocrx_word' id='word_1_139' title='bbox 1611 2000 1913 2072; x_wconf 76' lang='grc' dir='ltr'>γυναικόςο’</span> 
     </span>
    </p>
   </div>
   <div class='ocr_carea' id='block_1_22' title="bbox 326 2088 1900 2169">
    <p class='ocr_par' dir='ltr' id='par_1_22' title="bbox 326 2088 1900 2169">
     <span class='ocr_line' id='line_1_22' title="bbox 326 2088 1900 2169; baseline -0.007 -18"><span class='ocrx_word' id='word_1_140' title='bbox 326 2097 385 2151; x_wconf 87' lang='grc' dir='ltr'>ὃν</span> <span class='ocrx_word' id='word_1_141' title='bbox 419 2099 513 2151; x_wconf 72' lang='grc' dir='ltr'>καὶ</span> <span class='ocrx_word' id='word_1_142' title='bbox 547 2095 806 2169; x_wconf 76' lang='grc' dir='ltr'>ἀρχιερέα</span> <span class='ocrx_word' id='word_1_143' title='bbox 833 2097 925 2150; x_wconf 77' lang='grc' dir='ltr'>διὰ</span> <span class='ocrx_word' id='word_1_144' title='bbox 949 2096 1008 2149; x_wconf 67' lang='grc' dir='ltr'>τὸ</span> <span class='ocrx_word' id='word_1_145' title='bbox 1033 2095 1197 2164; x_wconf 80' lang='grc' dir='ltr'>κῆδος</span> <span class='ocrx_word' id='word_1_146' title='bbox 1226 2093 1395 2164; x_wconf 80' lang='grc' dir='ltr'>τέχνῃ</span> <span class='ocrx_word' id='word_1_147' title='bbox 1416 2092 1480 2165; x_wconf 80' lang='grc' dir='ltr'>δή</span> <span class='ocrx_word' id='word_1_148' title='bbox 1505 2109 1609 2146; x_wconf 83' lang='grc' dir='ltr'>τινι</span> <span class='ocrx_word' id='word_1_149' title='bbox 1637 2088 1900 2154; x_wconf 83' lang='grc' dir='ltr'><strong>ἀνειπὼν,</strong></span> 
     </span>
    </p>
   </div>
   <div class='ocr_carea' id='block_1_23' title="bbox 329 2178 1905 2256">
    <p class='ocr_par' dir='ltr' id='par_1_23' title="bbox 329 2178 1905 2256">
     <span class='ocr_line' id='line_1_23' title="bbox 329 2178 1905 2256; baseline -0.005 -17"><span class='ocrx_word' id='word_1_150' title='bbox 329 2186 622 2256; x_wconf 75' lang='grc' dir='ltr'>ἐσύστερον</span> <span class='ocrx_word' id='word_1_151' title='bbox 650 2184 840 2255; x_wconf 75' lang='grc' dir='ltr'>θέρους</span> <span class='ocrx_word' id='word_1_152' title='bbox 863 2182 983 2253; x_wconf 71' lang='grc' dir='ltr'><strong>ῶρᾳ</strong></span> <span class='ocrx_word' id='word_1_153' title='bbox 1013 2181 1228 2252; x_wconf 80' lang='grc' dir='ltr'>πτυέλῳ</span> <span class='ocrx_word' id='word_1_154' title='bbox 1252 2183 1663 2252; x_wconf 72' lang='grc' dir='ltr'>διανηχόμενον,</span> <span class='ocrx_word' id='word_1_155' title='bbox 1703 2178 1905 2233; x_wconf 66' lang='grc' dir='ltr'>ἐναπέ-</span> 
     </span>
    </p>
   </div>
   <div class='ocr_carea' id='block_1_24' title="bbox 332 2271 1907 2347">
    <p class='ocr_par' dir='ltr' id='par_1_24' title="bbox 332 2271 1907 2347">
     <span class='ocr_line' id='line_1_24' title="bbox 332 2271 1907 2347; baseline -0.004 -16"><span class='ocrx_word' id='word_1_156' title='bbox 332 2278 507 2342; x_wconf 80' lang='grc' dir='ltr'>πνιξε.</span> <span class='ocrx_word' id='word_1_157' title='bbox 546 2277 750 2347; x_wconf 80' lang='grc' dir='ltr'>Κύριος</span> <span class='ocrx_word' id='word_1_158' title='bbox 780 2277 843 2345; x_wconf 75' lang='grc' dir='ltr'>δὲ</span> <span class='ocrx_word' id='word_1_159' title='bbox 878 2277 1037 2345; x_wconf 80' lang='grc' dir='ltr'>μόνος</span> <span class='ocrx_word' id='word_1_160' title='bbox 1083 2276 1182 2331; x_wconf 74' lang='grc' dir='ltr'>καὶ</span> <span class='ocrx_word' id='word_1_161' title='bbox 1219 2272 1476 2346; x_wconf 78' lang='grc' dir='ltr'>βασιλεὺς</span> <span class='ocrx_word' id='word_1_162' title='bbox 1530 2272 1692 2335; x_wconf 77' lang='grc' dir='ltr'>αὐτὸς</span> <span class='ocrx_word' id='word_1_163' title='bbox 1721 2274 1821 2341; x_wconf 81' lang='grc' dir='ltr'>τῆς</span> <span class='ocrx_word' id='word_1_164' title='bbox 1849 2271 1907 2325; x_wconf 76' lang='grc' dir='ltr'><strong>ὂ-</strong></span> 
     </span>
    </p>
   </div>
   <div class='ocr_carea' id='block_1_25' title="bbox 331 2361 1908 2440">
    <p class='ocr_par' dir='ltr' id='par_1_25' title="bbox 331 2361 1908 2440">
     <span class='ocr_line' id='line_1_25' title="bbox 331 2361 1908 2440; baseline -0.005 -17"><span class='ocrx_word' id='word_1_165' title='bbox 331 2370 430 2440; x_wconf 85' lang='grc' dir='ltr'><strong>λης</strong></span> <span class='ocrx_word' id='word_1_166' title='bbox 472 2370 739 2433; x_wconf 78' lang='grc' dir='ltr'>Ἰουδαίας</span> <span class='ocrx_word' id='word_1_167' title='bbox 797 2368 1158 2423; x_wconf 78' lang='grc' dir='ltr'>καθίσταταιο</span> <span class='ocrx_word' id='word_1_168' title='bbox 1218 2367 1414 2438; x_wconf 87' lang='grc' dir='ltr'>πρῶτα</span> <span class='ocrx_word' id='word_1_169' title='bbox 1485 2365 1586 2435; x_wconf 75' lang='grc' dir='ltr'>μὲν</span> <span class='ocrx_word' id='word_1_170' title='bbox 1618 2361 1908 2418; x_wconf 78' lang='grc' dir='ltr'>Ἀντωνίου</span> 
     </span>
    </p>
   </div>
   <div class='ocr_carea' id='block_1_26' title="bbox 335 2454 1910 2531">
    <p class='ocr_par' dir='ltr' id='par_1_26' title="bbox 335 2454 1910 2531">
     <span class='ocr_line' id='line_1_26' title="bbox 335 2454 1910 2531; baseline -0.007 -14"><span class='ocrx_word' id='word_1_171' title='bbox 335 2462 689 2531; x_wconf 75' lang='grc' dir='ltr'>κυρώσαντος</span> <span class='ocrx_word' id='word_1_172' title='bbox 718 2461 871 2530; x_wconf 84' lang='grc' dir='ltr'>αὐτῴ</span> <span class='ocrx_word' id='word_1_173' title='bbox 894 2461 993 2530; x_wconf 81' lang='grc' dir='ltr'>τὴν</span> <span class='ocrx_word' id='word_1_174' title='bbox 1016 2459 1217 2531; x_wconf 79' lang='grc' dir='ltr'>ἀρχήν.</span> <span class='ocrx_word' id='word_1_175' title='bbox 1249 2458 1403 2513; x_wconf 74' lang='grc' dir='ltr'>Ἐπεὶ</span> <span class='ocrx_word' id='word_1_176' title='bbox 1418 2457 1463 2511; x_wconf 77' lang='grc' dir='ltr'>δ’</span> <span class='ocrx_word' id='word_1_177' title='bbox 1487 2458 1694 2519; x_wconf 75' lang='grc' dir='ltr'>ἐκεῖνος</span> <span class='ocrx_word' id='word_1_178' title='bbox 1716 2454 1795 2526; x_wconf 79' lang='grc' dir='ltr'>τῷ</span> <span class='ocrx_word' id='word_1_179' title='bbox 1813 2454 1910 2522; x_wconf 83' lang='grc' dir='ltr'>τῆς</span> 
     </span>
    </p>
   </div>
   <div class='ocr_carea' id='block_1_27' title="bbox 339 2547 1913 2625">
    <p class='ocr_par' dir='ltr' id='par_1_27' title="bbox 339 2547 1913 2625">
     <span class='ocr_line' id='line_1_27' title="bbox 339 2547 1913 2625; baseline -0.007 -16"><span class='ocrx_word' id='word_1_180' title='bbox 339 2555 701 2625; x_wconf 73' lang='grc' dir='ltr'>Κλεοπάτρας</span> <span class='ocrx_word' id='word_1_181' title='bbox 745 2553 922 2623; x_wconf 79' lang='grc' dir='ltr'>ἱμέρῳ</span> <span class='ocrx_word' id='word_1_182' title='bbox 969 2552 1135 2615; x_wconf 78' lang='grc' dir='ltr'>ἑάλω,</span> <span class='ocrx_word' id='word_1_183' title='bbox 1186 2552 1284 2606; x_wconf 79' lang='grc' dir='ltr'>καὶ</span> <span class='ocrx_word' id='word_1_184' title='bbox 1327 2549 1542 2620; x_wconf 77' lang='grc' dir='ltr'>Καῖσαρ</span> <span class='ocrx_word' id='word_1_185' title='bbox 1599 2547 1913 2615; x_wconf 80' lang='grc' dir='ltr'>Λῠγουστος</span> 
     </span>
    </p>
   </div>
   <div class='ocr_carea' id='block_1_28' title="bbox 341 2635 1914 2719">
    <p class='ocr_par' dir='ltr' id='par_1_28' title="bbox 341 2635 1914 2719">
     <span class='ocr_line' id='line_1_28' title="bbox 341 2635 1914 2719; baseline -0.005 -20"><span class='ocrx_word' id='word_1_186' title='bbox 341 2650 471 2719; x_wconf 72' lang='grc' dir='ltr'>περὶ</span> <span class='ocrx_word' id='word_1_187' title='bbox 498 2648 561 2701; x_wconf 83' lang='grc' dir='ltr'>τὸ</span> <span class='ocrx_word' id='word_1_188' title='bbox 600 2649 822 2701; x_wconf 74' lang='grc' dir='ltr'>’Ἄκτιον</span> <span class='ocrx_word' id='word_1_189' title='bbox 860 2643 1403 2715; x_wconf 67' lang='grc' dir='ltr'>συμϐαλὼνὲκείνῳ,</span> <span class='ocrx_word' id='word_1_190' title='bbox 1431 2641 1778 2711; x_wconf 77' lang='grc' dir='ltr'>κατακράτος</span> <span class='ocrx_word' id='word_1_191' title='bbox 1803 2635 1914 2692; x_wconf 70' lang='grc' dir='ltr'>ἑνί-</span> 
     </span>
    </p>
   </div>
   <div class='ocr_carea' id='block_1_29' title="bbox 342 2730 1916 2809">
    <p class='ocr_par' dir='ltr' id='par_1_29' title="bbox 342 2730 1916 2809">
     <span class='ocr_line' id='line_1_29' title="bbox 342 2730 1916 2809; baseline -0.004 -15"><span class='ocrx_word' id='word_1_192' title='bbox 342 2759 436 2804; x_wconf 77' lang='grc' dir='ltr'><strong>κα,</strong></span> <span class='ocrx_word' id='word_1_193' title='bbox 491 2740 588 2794; x_wconf 60' lang='grc' dir='ltr'><strong>καὶ⁵</strong></span> <span class='ocrx_word' id='word_1_194' title='bbox 622 2739 715 2793; x_wconf 65' lang='grc' dir='ltr'><strong>ἐπὶ</strong></span> <span class='ocrx_word' id='word_1_195' title='bbox 760 2740 966 2809; x_wconf 83' lang='grc' dir='ltr'>Συρίαν</span> <span class='ocrx_word' id='word_1_196' title='bbox 1011 2737 1323 2803; x_wconf 81' lang='grc' dir='ltr'>διέϐαινεν,</span> <span class='ocrx_word' id='word_1_197' title='bbox 1364 2733 1653 2796; x_wconf 73' lang='grc' dir='ltr'>’Δντώνιός</span> <span class='ocrx_word' id='word_1_198' title='bbox 1703 2748 1766 2786; x_wconf 81' lang='grc' dir='ltr'><strong>τε</strong></span> <span class='ocrx_word' id='word_1_199' title='bbox 1821 2730 1916 2787; x_wconf 73' lang='grc' dir='ltr'>καὶ</span> 
     </span>
    </p>
   </div>
   <div class='ocr_carea' id='block_1_30' title="bbox 261 2818 1915 2911">
    <p class='ocr_par' dir='ltr' id='par_1_30' title="bbox 261 2818 1915 2911">
     <span class='ocr_line' id='line_1_30' title="bbox 261 2818 1915 2911; baseline -0.007 -22"><span class='ocrx_word' id='word_1_200' title='bbox 261 2818 265 2825; x_wconf 27' lang='grc' dir='ltr'>δ</span> <span class='ocrx_word' id='word_1_201' title='bbox 344 2830 676 2903; x_wconf 71' lang='grc' dir='ltr'>Κλεοπάτρα</span> <span class='ocrx_word' id='word_1_202' title='bbox 712 2831 806 2885; x_wconf 76' lang='grc' dir='ltr'><strong>τοῦ</strong></span> <span class='ocrx_word' id='word_1_203' title='bbox 843 2831 945 2902; x_wconf 79' lang='grc' dir='ltr'><strong>ζῇν</strong></span> <span class='ocrx_word' id='word_1_204' title='bbox 972 2828 1406 2899; x_wconf 81' lang='grc' dir='ltr'>ἀπηλλάγησαν,</span> <span class='ocrx_word' id='word_1_205' title='bbox 1450 2829 1546 2882; x_wconf 72' lang='grc' dir='ltr'>καὶ</span> <span class='ocrx_word' id='word_1_206' title='bbox 1573 2824 1733 2911; x_wconf 62' lang='lat' dir='ltr'><strong>at)er</strong></span> <span class='ocrx_word' id='word_1_207' title='bbox 1756 2818 1915 2888; x_wconf 79' lang='grc' dir='ltr'>αὖθις</span> 
     </span>
    </p>
   </div>
   <div class='ocr_carea' id='block_1_31' title="bbox 356 2915 1917 2996">
    <p class='ocr_par' dir='ltr' id='par_1_31' title="bbox 356 2915 1917 2996">
     <span class='ocr_line' id='line_1_31' title="bbox 356 2915 1917 2996; baseline -0.006 -19"><span class='ocrx_word' id='word_1_208' title='bbox 356 2923 578 2996; x_wconf 76' lang='grc' dir='ltr'>Ἡρώδῃ</span> <span class='ocrx_word' id='word_1_209' title='bbox 619 2923 680 2977; x_wconf 80' lang='grc' dir='ltr'>τὸ</span> <span class='ocrx_word' id='word_1_210' title='bbox 709 2921 946 2992; x_wconf 83' lang='grc' dir='ltr'>διάδημα</span> <span class='ocrx_word' id='word_1_211' title='bbox 986 2920 1327 2992; x_wconf 80' lang='grc' dir='ltr'>περιτίθησι,</span> <span class='ocrx_word' id='word_1_212' title='bbox 1376 2921 1472 2973; x_wconf 75' lang='grc' dir='ltr'>καὶ</span> <span class='ocrx_word' id='word_1_213' title='bbox 1534 2915 1762 2988; x_wconf 78' lang='grc' dir='ltr'>βασιλέα</span> <span class='ocrx_word' id='word_1_214' title='bbox 1816 2915 1917 2986; x_wconf 79' lang='grc' dir='ltr'>τῆς</span> 
     </span>
    </p>
   </div>
   <div class='ocr_carea' id='block_1_32' title="bbox 342 3008 1920 3087">
    <p class='ocr_par' dir='ltr' id='par_1_32' title="bbox 342 3008 1920 3087">
     <span class='ocr_line' id='line_1_32' title="bbox 342 3008 1920 3087; baseline -0.003 -17"><span class='ocrx_word' id='word_1_215' title='bbox 342 3018 471 3087; x_wconf 66' lang='grc' dir='ltr'>ὅλης</span> <span class='ocrx_word' id='word_1_216' title='bbox 509 3017 770 3080; x_wconf 76' lang='grc' dir='ltr'>Ἰουδαίας</span> <span class='ocrx_word' id='word_1_217' title='bbox 804 3014 1184 3087; x_wconf 78' lang='grc' dir='ltr'>ἀνακηρύξας,</span> <span class='ocrx_word' id='word_1_218' title='bbox 1211 3014 1479 3083; x_wconf 83' lang='grc' dir='ltr'>πλείστην</span> <span class='ocrx_word' id='word_1_219' title='bbox 1506 3011 1606 3083; x_wconf 72' lang='grc' dir='ltr'>μὲν</span> <span class='ocrx_word' id='word_1_220' title='bbox 1631 3011 1728 3067; x_wconf 76' lang='grc' dir='ltr'>καὶ</span> <span class='ocrx_word' id='word_1_221' title='bbox 1749 3008 1920 3081; x_wconf 72' lang='grc' dir='ltr'>ἄλλην</span> 
     </span>
    </p>
   </div>
   <div class='ocr_carea' id='block_1_33' title="bbox 345 3103 1922 3182">
    <p class='ocr_par' dir='ltr' id='par_1_33' title="bbox 345 3103 1922 3182">
     <span class='ocr_line' id='line_1_33' title="bbox 345 3103 1922 3182; baseline -0.004 -21"><span class='ocrx_word' id='word_1_222' title='bbox 345 3111 531 3182; x_wconf 77' lang='grc' dir='ltr'>χώραν</span> <span class='ocrx_word' id='word_1_223' title='bbox 578 3109 728 3179; x_wconf 84' lang='grc' dir='ltr'>αὐτῷ</span> <span class='ocrx_word' id='word_1_224' title='bbox 753 3109 1078 3179; x_wconf 80' lang='grc' dir='ltr'>ἀνατίθησι·</span> <span class='ocrx_word' id='word_1_225' title='bbox 1136 3105 1364 3179; x_wconf 83' lang='grc' dir='ltr'>προσέτι</span> <span class='ocrx_word' id='word_1_226' title='bbox 1419 3105 1475 3161; x_wconf 66' lang='grc' dir='ltr'>δὲ</span> <span class='ocrx_word' id='word_1_227' title='bbox 1529 3104 1627 3160; x_wconf 79' lang='grc' dir='ltr'>καὶ</span> <span class='ocrx_word' id='word_1_228' title='bbox 1674 3103 1775 3174; x_wconf 79' lang='grc' dir='ltr'>τὴν</span> <span class='ocrx_word' id='word_1_229' title='bbox 1818 3103 1922 3174; x_wconf 80' lang='grc' dir='ltr'>τῆς</span> 
     </span>
    </p>
   </div>
   <div class='ocr_carea' id='block_1_34' title="bbox 1984 619 3559 692">
    <p class='ocr_par' dir='ltr' id='par_1_34' title="bbox 1984 619 3559 692">
     <span class='ocr_line' id='line_1_34' title="bbox 1984 619 3559 692; baseline 0 -19"><span class='ocrx_word' id='word_1_230' title='bbox 1984 619 2284 674; x_wconf 87' lang='lat' dir='ltr'><strong>Antonium</strong></span> <span class='ocrx_word' id='word_1_231' title='bbox 2303 633 2616 689; x_wconf 72' lang='lat' dir='ltr'><strong>aggressus,</strong></span> <span class='ocrx_word' id='word_1_232' title='bbox 2635 628 2934 689; x_wconf 78' lang='lat' dir='ltr'><strong>expugnat,</strong></span> <span class='ocrx_word' id='word_1_233' title='bbox 2956 620 3248 690; x_wconf 86' lang='lat' dir='ltr'><strong>adjuvante</strong></span> <span class='ocrx_word' id='word_1_234' title='bbox 3266 619 3520 692; x_wconf 83' lang='lat' dir='ltr'><strong>Hyrcano</strong></span> <span class='ocrx_word' id='word_1_235' title='bbox 3545 636 3559 673; x_wconf 91' lang='lat'><strong>:</strong></span> 
     </span>
    </p>
   </div>
   <div class='ocr_carea' id='block_1_35' title="bbox 1985 708 3564 782">
    <p class='ocr_par' dir='ltr' id='par_1_35' title="bbox 1985 708 3564 782">
     <span class='ocr_line' id='line_1_35' title="bbox 1985 708 3564 782; baseline -0.001 -16"><span class='ocrx_word' id='word_1_236' title='bbox 1985 709 2143 777; x_wconf 82' lang='lat' dir='ltr'><strong>cujus</strong></span> <span class='ocrx_word' id='word_1_237' title='bbox 2161 725 2231 764; x_wconf 77' lang='lat' dir='ltr'><strong>ex</strong></span> <span class='ocrx_word' id='word_1_238' title='bbox 2268 708 2379 764; x_wconf 85' lang='lat' dir='ltr'><strong>filia</strong></span> <span class='ocrx_word' id='word_1_239' title='bbox 2407 718 2623 779; x_wconf 76' lang='lat' dir='ltr'><strong>neptem</strong></span> <span class='ocrx_word' id='word_1_240' title='bbox 2643 710 2991 766; x_wconf 78' lang='lat' dir='ltr'><strong>Mariammen</strong></span> <span class='ocrx_word' id='word_1_241' title='bbox 3009 710 3331 767; x_wconf 76' lang='lat' dir='ltr'><strong>Aristobulo</strong></span> <span class='ocrx_word' id='word_1_242' title='bbox 3362 723 3564 782; x_wconf 75' lang='lat' dir='ltr'><strong>proge-</strong></span> 
     </span>
    </p>
   </div>
   <div class='ocr_carea' id='block_1_36' title="bbox 1986 801 3566 874">
    <p class='ocr_par' dir='ltr' id='par_1_36' title="bbox 1986 801 3566 874">
     <span class='ocr_line' id='line_1_36' title="bbox 1986 801 3566 874; baseline 0.002 -17"><span class='ocrx_word' id='word_1_243' title='bbox 1986 802 2277 873; x_wconf 73' lang='lat' dir='ltr'><strong>nitamm,</strong></span> <span class='ocrx_word' id='word_1_244' title='bbox 2308 812 2431 866; x_wconf 87' lang='lat' dir='ltr'><strong>post</strong></span> <span class='ocrx_word' id='word_1_245' title='bbox 2462 801 2674 856; x_wconf 87' lang='lat' dir='ltr'><strong>obitum</strong></span> <span class='ocrx_word' id='word_1_246' title='bbox 2703 803 2808 873; x_wconf 75' lang='lat'><strong>61</strong></span> <span class='ocrx_word' id='word_1_247' title='bbox 2845 803 3052 868; x_wconf 81' lang='lat' dir='ltr'><strong>uxoris,</strong></span> <span class='ocrx_word' id='word_1_248' title='bbox 3083 818 3248 874; x_wconf 86' lang='lat' dir='ltr'><strong>quam</strong></span> <span class='ocrx_word' id='word_1_249' title='bbox 3281 804 3566 860; x_wconf 82' lang='lat' dir='ltr'><strong>exArabia</strong></span> 
     </span>
    </p>
   </div>
   <div class='ocr_carea' id='block_1_37' title="bbox 1989 889 3571 966">
    <p class='ocr_par' dir='ltr' id='par_1_37' title="bbox 1989 889 3571 966">
     <span class='ocr_line' id='line_1_37' title="bbox 1989 889 3571 966; baseline 0.001 -18"><span class='ocrx_word' id='word_1_250' title='bbox 1989 889 2245 958; x_wconf 81' lang='lat' dir='ltr'><strong>duxerat,</strong></span> <span class='ocrx_word' id='word_1_251' title='bbox 2286 891 2533 948; x_wconf 82' lang='lat' dir='ltr'><strong>Herodes</strong></span> <span class='ocrx_word' id='word_1_252' title='bbox 2569 893 2923 949; x_wconf 88' lang='lat' dir='ltr'><strong>matrimonio</strong></span> <span class='ocrx_word' id='word_1_253' title='bbox 2954 894 3060 949; x_wconf 82' lang='lat' dir='ltr'><strong>sibi</strong></span> <span class='ocrx_word' id='word_1_254' title='bbox 3099 896 3349 966; x_wconf 76' lang='lat' dir='ltr'><strong>junctam</strong></span> <span class='ocrx_word' id='word_1_255' title='bbox 3395 895 3571 950; x_wconf 77' lang='lat' dir='ltr'><strong>babe-</strong></span> 
     </span>
    </p>
   </div>
   <div class='ocr_carea' id='block_1_38' title="bbox 1989 983 3570 1058">
    <p class='ocr_par' dir='ltr' id='par_1_38' title="bbox 1989 983 3570 1058">
     <span class='ocr_line' id='line_1_38' title="bbox 1989 983 3570 1058; baseline 0.002 -17"><span class='ocrx_word' id='word_1_256' title='bbox 1989 984 2106 1041; x_wconf 87' lang='lat' dir='ltr'><strong>bat.</strong></span> <span class='ocrx_word' id='word_1_257' title='bbox 2145 985 2329 1040; x_wconf 80' lang='lat' dir='ltr'><strong>Multis</strong></span> <span class='ocrx_word' id='word_1_258' title='bbox 2360 986 2547 1054; x_wconf 83' lang='lat' dir='ltr'><strong>itaque</strong></span> <span class='ocrx_word' id='word_1_259' title='bbox 2578 983 2851 1041; x_wconf 85' lang='lat' dir='ltr'><strong>llcrodem</strong></span> <span class='ocrx_word' id='word_1_260' title='bbox 2906 985 3219 1057; x_wconf 78' lang='lat' dir='ltr'><strong>fratresque</strong></span> <span class='ocrx_word' id='word_1_261' title='bbox 3252 988 3373 1058; x_wconf 84' lang='lat' dir='ltr'><strong>ejus</strong></span> <span class='ocrx_word' id='word_1_262' title='bbox 3405 1003 3570 1044; x_wconf 86' lang='lat' dir='ltr'><strong>accu-</strong></span> 
     </span>
    </p>
   </div>
   <div class='ocr_carea' id='block_1_39' title="bbox 1993 1076 3573 1147">
    <p class='ocr_par' dir='ltr' id='par_1_39' title="bbox 1993 1076 3573 1147">
     <span class='ocr_line' id='line_1_39' title="bbox 1993 1076 3573 1147; baseline 0.004 -15"><span class='ocrx_word' id='word_1_263' title='bbox 1993 1076 2270 1139; x_wconf 84' lang='lat' dir='ltr'><strong>santibus,</strong></span> <span class='ocrx_word' id='word_1_264' title='bbox 2329 1077 2405 1131; x_wconf 90' lang='lat' dir='ltr'><strong>ita</strong></span> <span class='ocrx_word' id='word_1_265' title='bbox 2458 1077 2703 1147; x_wconf 87' lang='lat' dir='ltr'><strong>querelis</strong></span> <span class='ocrx_word' id='word_1_266' title='bbox 2753 1093 2948 1133; x_wconf 90' lang='lat' dir='ltr'><strong>eorum</strong></span> <span class='ocrx_word' id='word_1_267' title='bbox 3000 1080 3244 1136; x_wconf 88' lang='lat' dir='ltr'><strong>animum</strong></span> <span class='ocrx_word' id='word_1_268' title='bbox 3297 1082 3573 1138; x_wconf 83' lang='lat' dir='ltr'><strong>Antonius</strong></span> 
     </span>
    </p>
   </div>
   <div class='ocr_carea' id='block_1_40' title="bbox 1993 1169 3573 1244">
    <p class='ocr_par' dir='ltr' id='par_1_40' title="bbox 1993 1169 3573 1244">
     <span class='ocr_line' id='line_1_40' title="bbox 1993 1169 3573 1244; baseline 0.003 -21"><span class='ocrx_word' id='word_1_269' title='bbox 1993 1169 2251 1234; x_wconf 86' lang='lat' dir='ltr'><strong>attendit,</strong></span> <span class='ocrx_word' id='word_1_270' title='bbox 2282 1177 2344 1225; x_wconf 91' lang='lat' dir='ltr'><strong>ut</strong></span> <span class='ocrx_word' id='word_1_271' title='bbox 2377 1172 2431 1225; x_wconf 92' lang='lat' dir='ltr'><strong>in</strong></span> <span class='ocrx_word' id='word_1_272' title='bbox 2462 1180 2704 1241; x_wconf 82' lang='lat' dir='ltr'><strong>quatuor</strong></span> <span class='ocrx_word' id='word_1_273' title='bbox 2738 1172 2981 1228; x_wconf 89' lang='lat' dir='ltr'><strong>ditiones</strong></span> <span class='ocrx_word' id='word_1_274' title='bbox 3014 1174 3338 1229; x_wconf 86' lang='lat' dir='ltr'><strong>universum</strong></span> <span class='ocrx_word' id='word_1_275' title='bbox 3383 1183 3573 1244; x_wconf 86' lang='lat' dir='ltr'><strong>pater-</strong></span> 
     </span>
    </p>
   </div>
   <div class='ocr_carea' id='block_1_41' title="bbox 1994 1262 3573 1333">
    <p class='ocr_par' dir='ltr' id='par_1_41' title="bbox 1994 1262 3573 1333">
     <span class='ocr_line' id='line_1_41' title="bbox 1994 1262 3573 1333; baseline 0.004 -18"><span class='ocrx_word' id='word_1_276' title='bbox 1994 1277 2128 1316; x_wconf 91' lang='lat' dir='ltr'><strong>num</strong></span> <span class='ocrx_word' id='word_1_277' title='bbox 2159 1277 2390 1333; x_wconf 79' lang='lat' dir='ltr'><strong>regnum</strong></span> <span class='ocrx_word' id='word_1_278' title='bbox 2417 1263 2678 1330; x_wconf 89' lang='lat' dir='ltr'><strong>divisum,</strong></span> <span class='ocrx_word' id='word_1_279' title='bbox 2713 1262 2979 1321; x_wconf 83' lang='lat' dir='ltr'><strong>fratribus</strong></span> <span class='ocrx_word' id='word_1_280' title='bbox 3006 1266 3270 1321; x_wconf 79' lang='lat' dir='ltr'><strong>traderet.</strong></span> <span class='ocrx_word' id='word_1_281' title='bbox 3298 1266 3573 1322; x_wconf 64' lang='lat' dir='ltr'><strong>Caeterum</strong></span> 
     </span>
    </p>
   </div>
   <div class='ocr_carea' id='block_1_42' title="bbox 1994 1354 3573 1430">
    <p class='ocr_par' dir='ltr' id='par_1_42' title="bbox 1994 1354 3573 1430">
     <span class='ocr_line' id='line_1_42' title="bbox 1994 1354 3573 1430; baseline 0.006 -22"><span class='ocrx_word' id='word_1_282' title='bbox 1994 1354 2298 1411; x_wconf 88' lang='lat' dir='ltr'><strong>Aristobuli</strong></span> <span class='ocrx_word' id='word_1_283' title='bbox 2334 1356 2480 1411; x_wconf 86' lang='lat' dir='ltr'><strong>filius</strong></span> <span class='ocrx_word' id='word_1_284' title='bbox 2508 1357 2837 1429; x_wconf 77' lang='lat' dir='ltr'><strong>Antigonus,</strong></span> <span class='ocrx_word' id='word_1_285' title='bbox 2867 1359 2961 1429; x_wconf 88' lang='lat' dir='ltr'><strong>qui</strong></span> <span class='ocrx_word' id='word_1_286' title='bbox 2997 1358 3141 1429; x_wconf 89' lang='lat' dir='ltr'><strong>apud</strong></span> <span class='ocrx_word' id='word_1_287' title='bbox 3169 1359 3573 1430; x_wconf 79' lang='lat' dir='ltr'><strong>Pliilippionem</strong></span> 
     </span>
    </p>
   </div>
   <div class='ocr_carea' id='block_1_43' title="bbox 1998 1445 3580 1519">
    <p class='ocr_par' dir='ltr' id='par_1_43' title="bbox 1998 1445 3580 1519">
     <span class='ocr_line' id='line_1_43' title="bbox 1998 1445 3580 1519; baseline 0.004 -19"><span class='ocrx_word' id='word_1_288' title='bbox 1998 1445 2170 1501; x_wconf 86' lang='lat' dir='ltr'><strong>filium</strong></span> <span class='ocrx_word' id='word_1_289' title='bbox 2198 1445 2375 1502; x_wconf 76' lang='lat' dir='ltr'><strong>Minaci</strong></span> <span class='ocrx_word' id='word_1_290' title='bbox 2400 1447 2522 1515; x_wconf 91' lang='lat' dir='ltr'><strong>fuit,</strong></span> <span class='ocrx_word' id='word_1_291' title='bbox 2550 1458 2843 1519; x_wconf 83' lang='lat' dir='ltr'><strong>postquam</strong></span> <span class='ocrx_word' id='word_1_292' title='bbox 2882 1448 2974 1505; x_wconf 89' lang='lat' dir='ltr'><strong>ille</strong></span> <span class='ocrx_word' id='word_1_293' title='bbox 3002 1466 3035 1506; x_wconf 86' lang='grc' dir='ltr'><strong>ο</strong></span> <span class='ocrx_word' id='word_1_294' title='bbox 3067 1450 3210 1505; x_wconf 84' lang='lat' dir='ltr'><strong>vivis</strong></span> <span class='ocrx_word' id='word_1_295' title='bbox 3233 1451 3493 1516; x_wconf 84' lang='lat' dir='ltr'><strong>excessit,</strong></span> <span class='ocrx_word' id='word_1_296' title='bbox 3519 1460 3580 1506; x_wconf 92' lang='lat' dir='ltr'><strong>et</strong></span> 
     </span>
    </p>
   </div>
   <div class='ocr_carea' id='block_1_44' title="bbox 1996 1537 3582 1614">
    <p class='ocr_par' dir='ltr' id='par_1_44' title="bbox 1996 1537 3582 1614">
     <span class='ocr_line' id='line_1_44' title="bbox 1996 1537 3582 1614; baseline 0.003 -21"><span class='ocrx_word' id='word_1_297' title='bbox 1996 1537 2267 1610; x_wconf 85' lang='lat' dir='ltr'><strong>Lysanias</strong></span> <span class='ocrx_word' id='word_1_298' title='bbox 2303 1541 2382 1610; x_wconf 79' lang='lat'><strong>(2)</strong></span> <span class='ocrx_word' id='word_1_299' title='bbox 2442 1541 2499 1595; x_wconf 87' lang='lat' dir='ltr'><strong>in</strong></span> <span class='ocrx_word' id='word_1_300' title='bbox 2543 1543 2781 1612; x_wconf 88' lang='lat' dir='ltr'><strong>patrium</strong></span> <span class='ocrx_word' id='word_1_301' title='bbox 2830 1542 3101 1598; x_wconf 85' lang='lat' dir='ltr'><strong>successit</strong></span> <span class='ocrx_word' id='word_1_302' title='bbox 3146 1557 3402 1614; x_wconf 78' lang='lat' dir='ltr'><strong>regnum,</strong></span> <span class='ocrx_word' id='word_1_303' title='bbox 3451 1557 3582 1613; x_wconf 81' lang='lat' dir='ltr'><strong>per-</strong></span> 
     </span>
    </p>
   </div>
   <div class='ocr_carea' id='block_1_45' title="bbox 1999 1632 3577 1707">
    <p class='ocr_par' dir='ltr' id='par_1_45' title="bbox 1999 1632 3577 1707">
     <span class='ocr_line' id='line_1_45' title="bbox 1999 1632 3577 1707; baseline 0.001 -21"><span class='ocrx_word' id='word_1_304' title='bbox 1999 1632 2195 1687; x_wconf 84' lang='lat' dir='ltr'><strong>suadet</strong></span> <span class='ocrx_word' id='word_1_305' title='bbox 2244 1634 2451 1688; x_wconf 83' lang='lat' dir='ltr'><strong>Pacoro</strong></span> <span class='ocrx_word' id='word_1_306' title='bbox 2499 1641 2556 1688; x_wconf 89' lang='lat' dir='ltr'><strong>ct</strong></span> <span class='ocrx_word' id='word_1_307' title='bbox 2583 1633 2942 1691; x_wconf 83' lang='lat' dir='ltr'><strong>Pharnabazo</strong></span> <span class='ocrx_word' id='word_1_308' title='bbox 2992 1635 3201 1707; x_wconf 85' lang='lat' dir='ltr'><strong>(Parthi</strong></span> <span class='ocrx_word' id='word_1_309' title='bbox 3236 1636 3294 1691; x_wconf 89' lang='lat' dir='ltr'><strong>bi</strong></span> <span class='ocrx_word' id='word_1_310' title='bbox 3328 1633 3577 1705; x_wconf 89' lang='lat' dir='ltr'><strong>fuerunt)</strong></span> 
     </span>
    </p>
   </div>
   <div class='ocr_carea' id='block_1_46' title="bbox 2000 1720 3579 1802">
    <p class='ocr_par' dir='ltr' id='par_1_46' title="bbox 2000 1720 3579 1802">
     <span class='ocr_line' id='line_1_46' title="bbox 2000 1720 3579 1802; baseline 0.005 -28"><span class='ocrx_word' id='word_1_311' title='bbox 2000 1720 2108 1775; x_wconf 88' lang='lat' dir='ltr'><strong>sub</strong></span> <span class='ocrx_word' id='word_1_312' title='bbox 2143 1721 2292 1777; x_wconf 85' lang='lat' dir='ltr'><strong>mille</strong></span> <span class='ocrx_word' id='word_1_313' title='bbox 2323 1723 2658 1781; x_wconf 84' lang='lat' dir='ltr'><strong>talentorum</strong></span> <span class='ocrx_word' id='word_1_314' title='bbox 2692 1730 3017 1797; x_wconf 85' lang='lat' dir='ltr'><strong>sponsione,</strong></span> <span class='ocrx_word' id='word_1_315' title='bbox 3059 1723 3121 1786; x_wconf 60' lang='lat' dir='ltr'><strong>u‘t</strong></span> <span class='ocrx_word' id='word_1_316' title='bbox 3153 1745 3215 1787; x_wconf 80' lang='lat' dir='ltr'><strong>se</strong></span> <span class='ocrx_word' id='word_1_317' title='bbox 3245 1731 3302 1786; x_wconf 91' lang='lat' dir='ltr'><strong>in</strong></span> <span class='ocrx_word' id='word_1_318' title='bbox 3343 1733 3579 1802; x_wconf 90' lang='lat' dir='ltr'><strong>patriam</strong></span> 
     </span>
    </p>
   </div>
   <div class='ocr_carea' id='block_1_47' title="bbox 2002 1813 3583 1895">
    <p class='ocr_par' dir='ltr' id='par_1_47' title="bbox 2002 1813 3583 1895">
     <span class='ocr_line' id='line_1_47' title="bbox 2002 1813 3583 1895; baseline 0.008 -28"><span class='ocrx_word' id='word_1_319' title='bbox 2002 1813 2294 1882; x_wconf 85' lang='lat' dir='ltr'><strong>reducant,</strong></span> <span class='ocrx_word' id='word_1_320' title='bbox 2321 1817 2638 1888; x_wconf 77' lang='lat' dir='ltr'><strong>Hyrcanum</strong></span> <span class='ocrx_word' id='word_1_321' title='bbox 2662 1830 2846 1876; x_wconf 89' lang='lat' dir='ltr'><strong>autem</strong></span> <span class='ocrx_word' id='word_1_322' title='bbox 2876 1823 3257 1891; x_wconf 86' lang='lat' dir='ltr'><strong>pessumdent.</strong></span> <span class='ocrx_word' id='word_1_323' title='bbox 3282 1826 3463 1895; x_wconf 85' lang='lat' dir='ltr'><strong>Atque</strong></span> <span class='ocrx_word' id='word_1_324' title='bbox 3490 1825 3583 1881; x_wconf 89' lang='lat' dir='ltr'><strong>hic</strong></span> 
     </span>
    </p>
   </div>
   <div class='ocr_carea' id='block_1_48' title="bbox 2004 1904 3581 1981">
    <p class='ocr_par' dir='ltr' id='par_1_48' title="bbox 2004 1904 3581 1981">
     <span class='ocr_line' id='line_1_48' title="bbox 2004 1904 3581 1981; baseline 0.011 -24"><span class='ocrx_word' id='word_1_325' title='bbox 2004 1904 2251 1974; x_wconf 87' lang='lat' dir='ltr'><strong>quidem,</strong></span> <span class='ocrx_word' id='word_1_326' title='bbox 2282 1907 2435 1963; x_wconf 89' lang='lat' dir='ltr'><strong>nulla</strong></span> <span class='ocrx_word' id='word_1_327' title='bbox 2474 1908 2802 1981; x_wconf 84' lang='lat' dir='ltr'><strong>interposita</strong></span> <span class='ocrx_word' id='word_1_328' title='bbox 2840 1927 3016 1980; x_wconf 87' lang='lat' dir='ltr'><strong>mora,</strong></span> <span class='ocrx_word' id='word_1_329' title='bbox 3050 1914 3103 1970; x_wconf 90' lang='lat' dir='ltr'><strong>in</strong></span> <span class='ocrx_word' id='word_1_330' title='bbox 3141 1917 3383 1973; x_wconf 72' lang='lat' dir='ltr'><strong>Iudaeam</strong></span> <span class='ocrx_word' id='word_1_331' title='bbox 3430 1920 3581 1973; x_wconf 91' lang='lat' dir='ltr'><strong>irru-</strong></span> 
     </span>
    </p>
   </div>
   <div class='ocr_carea' id='block_1_49' title="bbox 2004 1995 3579 2076">
    <p class='ocr_par' dir='ltr' id='par_1_49' title="bbox 2004 1995 3579 2076">
     <span class='ocr_line' id='line_1_49' title="bbox 2004 1995 3579 2076; baseline 0.012 -29"><span class='ocrx_word' id='word_1_332' title='bbox 2004 1995 2254 2064; x_wconf 88' lang='lat' dir='ltr'><strong>ptioncm</strong></span> <span class='ocrx_word' id='word_1_333' title='bbox 2280 1997 2411 2053; x_wconf 82' lang='lat' dir='ltr'><strong>facit</strong></span> <span class='ocrx_word' id='word_1_334' title='bbox 2444 2017 2457 2052; x_wconf 88' lang='lat'><strong>:</strong></span> <span class='ocrx_word' id='word_1_335' title='bbox 2492 1999 2567 2053; x_wconf 87' lang='lat' dir='ltr'><strong>illi</strong></span> <span class='ocrx_word' id='word_1_336' title='bbox 2603 2016 2734 2054; x_wconf 90' lang='lat' dir='ltr'><strong>vero</strong></span> <span class='ocrx_word' id='word_1_337' title='bbox 2759 2001 2913 2058; x_wconf 85' lang='lat' dir='ltr'><strong>brevi</strong></span> <span class='ocrx_word' id='word_1_338' title='bbox 2949 2004 3202 2076; x_wconf 82' lang='lat' dir='ltr'><strong>Hyrcano</strong></span> <span class='ocrx_word' id='word_1_339' title='bbox 3231 2018 3285 2063; x_wconf 90' lang='lat' dir='ltr'><strong>et</strong></span> <span class='ocrx_word' id='word_1_340' title='bbox 3315 2009 3579 2065; x_wconf 77' lang='lat' dir='ltr'><strong>Plrasaelo</strong></span> 
     </span>
    </p>
   </div>
   <div class='ocr_carea' id='block_1_50' title="bbox 2005 2086 3582 2157">
    <p class='ocr_par' dir='ltr' id='par_1_50' title="bbox 2005 2086 3582 2157">
     <span class='ocr_line' id='line_1_50' title="bbox 2005 2086 3582 2157; baseline 0.009 -17"><span class='ocrx_word' id='word_1_341' title='bbox 2005 2088 2205 2156; x_wconf 85' lang='lat' dir='ltr'><strong>captis,</strong></span> <span class='ocrx_word' id='word_1_342' title='bbox 2233 2086 2512 2157; x_wconf 79' lang='lat' dir='ltr'><strong>Antigono</strong></span> <span class='ocrx_word' id='word_1_343' title='bbox 2544 2106 2728 2147; x_wconf 89' lang='lat' dir='ltr'><strong>rerum</strong></span> <span class='ocrx_word' id='word_1_344' title='bbox 2770 2095 3017 2150; x_wconf 87' lang='lat' dir='ltr'><strong>omnium</strong></span> <span class='ocrx_word' id='word_1_345' title='bbox 3051 2097 3582 2155; x_wconf 87' lang='lat' dir='ltr'><strong>administrationem</strong></span> 
     </span>
    </p>
   </div>
   <div class='ocr_carea' id='block_1_51' title="bbox 2009 2179 3584 2264">
    <p class='ocr_par' dir='ltr' id='par_1_51' title="bbox 2009 2179 3584 2264">
     <span class='ocr_line' id='line_1_51' title="bbox 2009 2179 3584 2264; baseline 0.009 -31"><span class='ocrx_word' id='word_1_346' title='bbox 2009 2179 2259 2235; x_wconf 87' lang='lat' dir='ltr'><strong>tradunt.</strong></span> <span class='ocrx_word' id='word_1_347' title='bbox 2296 2180 2544 2237; x_wconf 87' lang='lat' dir='ltr'><strong>llerodes</strong></span> <span class='ocrx_word' id='word_1_348' title='bbox 2585 2192 2773 2239; x_wconf 88' lang='lat' dir='ltr'><strong>autem</strong></span> <span class='ocrx_word' id='word_1_349' title='bbox 2843 2186 2971 2258; x_wconf 79' lang='lat' dir='ltr'><strong>fuga</strong></span> <span class='ocrx_word' id='word_1_350' title='bbox 3007 2188 3112 2244; x_wconf 89' lang='lat' dir='ltr'><strong>sibi</strong></span> <span class='ocrx_word' id='word_1_351' title='bbox 3150 2193 3450 2247; x_wconf 84' lang='lat' dir='ltr'><strong>consulens</strong></span> <span class='ocrx_word' id='word_1_352' title='bbox 3483 2192 3584 2264; x_wconf 80' lang='lat'><strong>(5),</strong></span> 
     </span>
    </p>
   </div>
   <div class='ocr_carea' id='block_1_52' title="bbox 2008 2271 3586 2356">
    <p class='ocr_par' dir='ltr' id='par_1_52' title="bbox 2008 2271 3586 2356">
     <span class='ocr_line' id='line_1_52' title="bbox 2008 2271 3586 2356; baseline 0.01 -34"><span class='ocrx_word' id='word_1_353' title='bbox 2008 2278 2066 2323; x_wconf 90' lang='lat' dir='ltr'><strong>et</strong></span> <span class='ocrx_word' id='word_1_354' title='bbox 2095 2271 2325 2326; x_wconf 83' lang='lat' dir='ltr'><strong>Romam</strong></span> <span class='ocrx_word' id='word_1_355' title='bbox 2357 2272 2424 2326; x_wconf 90' lang='lat' dir='ltr'><strong>ad</strong></span> <span class='ocrx_word' id='word_1_356' title='bbox 2453 2274 2728 2329; x_wconf 68' lang='lat' dir='ltr'><strong>Caesarem</strong></span> <span class='ocrx_word' id='word_1_357' title='bbox 2773 2276 3117 2349; x_wconf 76' lang='lat' dir='ltr'><strong>profugiens,</strong></span> <span class='ocrx_word' id='word_1_358' title='bbox 3149 2291 3405 2336; x_wconf 87' lang='lat' dir='ltr'><strong>servatur</strong></span> <span class='ocrx_word' id='word_1_359' title='bbox 3436 2302 3461 2356; x_wconf 88' lang='lat'><strong>_:</strong></span> <span class='ocrx_word' id='word_1_360' title='bbox 3496 2295 3586 2337; x_wconf 86' lang='lat' dir='ltr'><strong>at-</strong></span> 
     </span>
    </p>
   </div>
   <div class='ocr_carea' id='block_1_53' title="bbox 2011 2362 3586 2432">
    <p class='ocr_par' dir='ltr' id='par_1_53' title="bbox 2011 2362 3586 2432">
     <span class='ocr_line' id='line_1_53' title="bbox 2011 2362 3586 2432; baseline 0.009 -17"><span class='ocrx_word' id='word_1_361' title='bbox 2011 2377 2121 2432; x_wconf 88' lang='lat' dir='ltr'><strong>que</strong></span> <span class='ocrx_word' id='word_1_362' title='bbox 2171 2362 2247 2417; x_wconf 90' lang='lat' dir='ltr'><strong>ibi</strong></span> <span class='ocrx_word' id='word_1_363' title='bbox 2288 2362 2514 2419; x_wconf 80' lang='lat' dir='ltr'><strong>Antonii</strong></span> <span class='ocrx_word' id='word_1_364' title='bbox 2552 2366 2873 2424; x_wconf 83' lang='lat' dir='ltr'><strong>testimonio</strong></span> <span class='ocrx_word' id='word_1_365' title='bbox 2904 2370 3325 2427; x_wconf 84' lang='lat' dir='ltr'><strong>commendatus</strong></span> <span class='ocrx_word' id='word_1_366' title='bbox 3366 2373 3586 2429; x_wconf 85' lang='lat' dir='ltr'><strong>senatui</strong></span> 
     </span>
    </p>
   </div>
   <div class='ocr_carea' id='block_1_54' title="bbox 2011 2455 3583 2537">
    <p class='ocr_par' dir='ltr' id='par_1_54' title="bbox 2011 2455 3583 2537">
     <span class='ocr_line' id='line_1_54' title="bbox 2011 2455 3583 2537; baseline 0.007 -28"><span class='ocrx_word' id='word_1_367' title='bbox 2011 2469 2071 2510; x_wconf 91' lang='lat' dir='ltr'><strong>et</strong></span> <span class='ocrx_word' id='word_1_368' title='bbox 2102 2455 2326 2521; x_wconf 70' lang='lat' dir='ltr'><strong>Caesari,</strong></span> <span class='ocrx_word' id='word_1_369' title='bbox 2364 2471 2459 2512; x_wconf 85' lang='lat' dir='ltr'><strong>rex</strong></span> <span class='ocrx_word' id='word_1_370' title='bbox 2486 2456 2993 2530; x_wconf 84' lang='lat' dir='ltr'><strong>Hierosolymorum</strong></span> <span class='ocrx_word' id='word_1_371' title='bbox 3022 2477 3053 2516; x_wconf 88' lang='lat' dir='ltr'><strong>a</strong></span> <span class='ocrx_word' id='word_1_372' title='bbox 3086 2461 3301 2520; x_wconf 69' lang='lat' dir='ltr'><strong>Caesare</strong></span> <span class='ocrx_word' id='word_1_373' title='bbox 3324 2465 3583 2537; x_wconf 78' lang='lat' dir='ltr'><strong>designa-</strong></span> 
     </span>
    </p>
   </div>
   <div class='ocr_carea' id='block_1_55' title="bbox 2016 2548 3590 2618">
    <p class='ocr_par' dir='ltr' id='par_1_55' title="bbox 2016 2548 3590 2618">
     <span class='ocr_line' id='line_1_55' title="bbox 2016 2548 3590 2618; baseline 0.006 -15"><span class='ocrx_word' id='word_1_374' title='bbox 2016 2559 2128 2605; x_wconf 87' lang='lat' dir='ltr'><strong>tur.</strong></span> <span class='ocrx_word' id='word_1_375' title='bbox 2151 2548 2342 2618; x_wconf 87' lang='lat' dir='ltr'><strong>ltaque</strong></span> <span class='ocrx_word' id='word_1_376' title='bbox 2365 2555 2425 2604; x_wconf 90' lang='lat' dir='ltr'><strong>ut</strong></span> <span class='ocrx_word' id='word_1_377' title='bbox 2451 2549 2626 2605; x_wconf 81' lang='lat' dir='ltr'><strong>Roma</strong></span> <span class='ocrx_word' id='word_1_378' title='bbox 2649 2565 2908 2606; x_wconf 84' lang='lat' dir='ltr'><strong>reversus</strong></span> <span class='ocrx_word' id='word_1_379' title='bbox 2929 2554 3233 2610; x_wconf 82' lang='lat' dir='ltr'><strong>exercitum</strong></span> <span class='ocrx_word' id='word_1_380' title='bbox 3256 2557 3325 2612; x_wconf 85' lang='lat' dir='ltr'><strong>ab</strong></span> <span class='ocrx_word' id='word_1_381' title='bbox 3348 2557 3590 2613; x_wconf 87' lang='lat' dir='ltr'><strong>Antonio</strong></span> 
     </span>
    </p>
   </div>
   <div class='ocr_carea' id='block_1_56' title="bbox 2018 2641 3592 2714">
    <p class='ocr_par' dir='ltr' id='par_1_56' title="bbox 2018 2641 3592 2714">
     <span class='ocr_line' id='line_1_56' title="bbox 2018 2641 3592 2714; baseline 0.004 -16"><span class='ocrx_word' id='word_1_382' title='bbox 2018 2642 2191 2714; x_wconf 86' lang='lat' dir='ltr'><strong>(circa</strong></span> <span class='ocrx_word' id='word_1_383' title='bbox 2220 2641 2434 2714; x_wconf 87' lang='lat' dir='ltr'><strong>Syriam</strong></span> <span class='ocrx_word' id='word_1_384' title='bbox 2467 2644 2515 2699; x_wconf 91' lang='lat' dir='ltr'><strong>is</strong></span> <span class='ocrx_word' id='word_1_385' title='bbox 2547 2645 2690 2712; x_wconf 89' lang='lat' dir='ltr'><strong>erat)</strong></span> <span class='ocrx_word' id='word_1_386' title='bbox 2723 2646 2962 2714; x_wconf 87' lang='lat' dir='ltr'><strong>accepit,</strong></span> <span class='ocrx_word' id='word_1_387' title='bbox 2989 2644 3161 2702; x_wconf 90' lang='lat' dir='ltr'><strong>variis</strong></span> <span class='ocrx_word' id='word_1_388' title='bbox 3189 2649 3592 2704; x_wconf 82' lang='lat' dir='ltr'><strong>certaminibus</strong></span> 
     </span>
    </p>
   </div>
   <div class='ocr_carea' id='block_1_57' title="bbox 2016 2737 3594 2810">
    <p class='ocr_par' dir='ltr' id='par_1_57' title="bbox 2016 2737 3594 2810">
     <span class='ocr_line' id='line_1_57' title="bbox 2016 2737 3594 2810; baseline 0.004 -19"><span class='ocrx_word' id='word_1_389' title='bbox 2016 2748 2144 2791; x_wconf 83' lang='lat' dir='ltr'><strong>cum</strong></span> <span class='ocrx_word' id='word_1_390' title='bbox 2165 2737 2438 2808; x_wconf 79' lang='lat' dir='ltr'><strong>Antigono</strong></span> <span class='ocrx_word' id='word_1_391' title='bbox 2459 2750 2808 2808; x_wconf 82' lang='lat' dir='ltr'><strong>congressus,</strong></span> <span class='ocrx_word' id='word_1_392' title='bbox 2832 2737 3032 2807; x_wconf 53' lang='lat' dir='ltr'><strong>saepius</strong></span> <span class='ocrx_word' id='word_1_393' title='bbox 3056 2740 3364 2810; x_wconf 82' lang='lat' dir='ltr'><strong>repellitur.</strong></span> <span class='ocrx_word' id='word_1_394' title='bbox 3395 2742 3594 2797; x_wconf 81' lang='lat' dir='ltr'><strong>Postea</strong></span> 
     </span>
    </p>
   </div>
   <div class='ocr_carea' id='block_1_58' title="bbox 2018 2829 3593 2902">
    <p class='ocr_par' dir='ltr' id='par_1_58' title="bbox 2018 2829 3593 2902">
     <span class='ocr_line' id='line_1_58' title="bbox 2018 2829 3593 2902; baseline 0.002 -15"><span class='ocrx_word' id='word_1_395' title='bbox 2018 2838 2206 2887; x_wconf 71' lang='lat' dir='ltr'><strong>autem</strong></span> <span class='ocrx_word' id='word_1_396' title='bbox 2257 2829 2414 2885; x_wconf 81' lang='lat' dir='ltr'><strong>Sosio</strong></span> <span class='ocrx_word' id='word_1_397' title='bbox 2461 2830 2724 2895; x_wconf 83' lang='lat' dir='ltr'><strong>adducto,</strong></span> <span class='ocrx_word' id='word_1_398' title='bbox 2775 2838 2831 2886; x_wconf 90' lang='lat' dir='ltr'><strong>et</strong></span> <span class='ocrx_word' id='word_1_399' title='bbox 2882 2830 3052 2886; x_wconf 89' lang='lat' dir='ltr'><strong>multa</strong></span> <span class='ocrx_word' id='word_1_400' title='bbox 3100 2834 3247 2889; x_wconf 68' lang='lat' dir='ltr'><strong>caede</strong></span> <span class='ocrx_word' id='word_1_401' title='bbox 3300 2835 3479 2902; x_wconf 80' lang='lat' dir='ltr'><strong>facta,</strong></span> <span class='ocrx_word' id='word_1_402' title='bbox 3540 2839 3593 2891; x_wconf 87' lang='lat' dir='ltr'><strong>vi</strong></span> 
     </span>
    </p>
   </div>
   <div class='ocr_carea' id='block_1_59' title="bbox 2019 2923 3597 2999">
    <p class='ocr_par' dir='ltr' id='par_1_59' title="bbox 2019 2923 3597 2999">
     <span class='ocr_line' id='line_1_59' title="bbox 2019 2923 3597 2999; baseline 0.002 -19"><span class='ocrx_word' id='word_1_403' title='bbox 2019 2938 2219 2996; x_wconf 74' lang='lat' dir='ltr'><strong>magna</strong></span> <span class='ocrx_word' id='word_1_404' title='bbox 2254 2923 2631 2995; x_wconf 78' lang='lat' dir='ltr'><strong>Hierosolyma</strong></span> <span class='ocrx_word' id='word_1_405' title='bbox 2662 2924 2828 2995; x_wconf 87' lang='lat' dir='ltr'><strong>capit.</strong></span> <span class='ocrx_word' id='word_1_406' title='bbox 2859 2924 2930 2980; x_wconf 89' lang='lat' dir='ltr'><strong>Et</strong></span> <span class='ocrx_word' id='word_1_407' title='bbox 2960 2926 3105 2981; x_wconf 85' lang='lat' dir='ltr'><strong>sacri</strong></span> <span class='ocrx_word' id='word_1_408' title='bbox 3138 2927 3324 2999; x_wconf 90' lang='lat' dir='ltr'><strong>templi</strong></span> <span class='ocrx_word' id='word_1_409' title='bbox 3361 2930 3529 2985; x_wconf 88' lang='lat' dir='ltr'><strong>rebus</strong></span> <span class='ocrx_word' id='word_1_410' title='bbox 3566 2945 3597 2983; x_wconf 85' lang='lat' dir='ltr'><strong>a</strong></span> 
     </span>
    </p>
   </div>
   <div class='ocr_carea' id='block_1_60' title="bbox 2022 3013 3598 3087">
    <p class='ocr_par' dir='ltr' id='par_1_60' title="bbox 2022 3013 3598 3087">
     <span class='ocr_line' id='line_1_60' title="bbox 2022 3013 3598 3087; baseline 0.002 -16"><span class='ocrx_word' id='word_1_411' title='bbox 2022 3014 2335 3086; x_wconf 88' lang='lat' dir='ltr'><strong>direptione</strong></span> <span class='ocrx_word' id='word_1_412' title='bbox 2407 3015 2751 3069; x_wconf 84' lang='lat' dir='ltr'><strong>conservatis</strong></span> <span class='ocrx_word' id='word_1_413' title='bbox 2799 3013 2902 3086; x_wconf 70' lang='lat'><strong>(4),</strong></span> <span class='ocrx_word' id='word_1_414' title='bbox 2967 3015 3302 3087; x_wconf 80' lang='lat' dir='ltr'><strong>Antigonum</strong></span> <span class='ocrx_word' id='word_1_415' title='bbox 3353 3019 3598 3074; x_wconf 82' lang='lat' dir='ltr'><strong>vinctum</strong></span> 
     </span>
    </p>
   </div>
   <div class='ocr_carea' id='block_1_61' title="bbox 2025 3107 3601 3178">
    <p class='ocr_par' dir='ltr' id='par_1_61' title="bbox 2025 3107 3601 3178">
     <span class='ocr_line' id='line_1_61' title="bbox 2025 3107 3601 3178; baseline 0.003 -14"><span class='ocrx_word' id='word_1_416' title='bbox 2025 3107 2187 3164; x_wconf 87' lang='lat' dir='ltr'><strong>Sosio</strong></span> <span class='ocrx_word' id='word_1_417' title='bbox 2238 3107 2426 3173; x_wconf 79' lang='lat' dir='ltr'><strong>tradit,</strong></span> <span class='ocrx_word' id='word_1_418' title='bbox 2481 3107 2750 3178; x_wconf 87' lang='lat' dir='ltr'><strong>illumque</strong></span> <span class='ocrx_word' id='word_1_419' title='bbox 2803 3108 2897 3165; x_wconf 80' lang='lat' dir='ltr'><strong>hic</strong></span> <span class='ocrx_word' id='word_1_420' title='bbox 2947 3109 3135 3165; x_wconf 84' lang='lat' dir='ltr'><strong>statim</strong></span> <span class='ocrx_word' id='word_1_421' title='bbox 3186 3110 3254 3166; x_wconf 91' lang='lat' dir='ltr'><strong>ad</strong></span> <span class='ocrx_word' id='word_1_422' title='bbox 3297 3112 3601 3169; x_wconf 86' lang='lat' dir='ltr'><strong>Antonium</strong></span> 
     </span>
    </p>
   </div>
   <div class='ocr_carea' id='block_1_62' title="bbox 358 3195 1912 3274">
    <p class='ocr_par' dir='ltr' id='par_1_62' title="bbox 358 3195 1912 3274">
     <span class='ocr_line' id='line_1_62' title="bbox 358 3195 1912 3274; baseline -0.005 -18"><span class='ocrx_word' id='word_1_423' title='bbox 358 3203 620 3274; x_wconf 83' lang='grc' dir='ltr'>Ἀραϐίας</span> <span class='ocrx_word' id='word_1_424' title='bbox 654 3201 953 3274; x_wconf 70' lang='grc' dir='ltr'>ἐγχειρίζει</span> <span class='ocrx_word' id='word_1_425' title='bbox 997 3202 1326 3271; x_wconf 74' lang='grc' dir='ltr'>ἐπιτροπήν.</span> <span class='ocrx_word' id='word_1_426' title='bbox 1343 3198 1485 3253; x_wconf 81' lang='grc' dir='ltr'>Ἀλλ’</span> <span class='ocrx_word' id='word_1_427' title='bbox 1514 3199 1666 3260; x_wconf 84' lang='grc' dir='ltr'>ὅπως</span> <span class='ocrx_word' id='word_1_428' title='bbox 1687 3195 1788 3260; x_wconf 84' lang='grc' dir='ltr'>τὰς</span> <span class='ocrx_word' id='word_1_429' title='bbox 1817 3196 1912 3250; x_wconf 86' lang='grc' dir='ltr'>ύπ-</span> 
     </span>
    </p>
   </div>
   <div class='ocr_carea' id='block_1_63' title="bbox 2015 3195 3607 3274">
    <p class='ocr_par' dir='ltr' id='par_1_63' title="bbox 2026 3199 3607 3273">
     <span class='ocr_line' id='line_1_63' title="bbox 2026 3199 3607 3273; baseline 0.004 -18"><span class='ocrx_word' id='word_1_430' title='bbox 2026 3200 2202 3255; x_wconf 89' lang='lat' dir='ltr'><strong>ducit.</strong></span> <span class='ocrx_word' id='word_1_431' title='bbox 2231 3199 2478 3255; x_wconf 82' lang='lat' dir='ltr'><strong>Herodes</strong></span> <span class='ocrx_word' id='word_1_432' title='bbox 2502 3215 2672 3271; x_wconf 91' lang='lat' dir='ltr'><strong>porro</strong></span> <span class='ocrx_word' id='word_1_433' title='bbox 2704 3216 2924 3257; x_wconf 86' lang='lat' dir='ltr'><strong>rursum</strong></span> <span class='ocrx_word' id='word_1_434' title='bbox 2964 3212 3274 3273; x_wconf 85' lang='lat' dir='ltr'><strong>suspectam</strong></span> <span class='ocrx_word' id='word_1_435' title='bbox 3309 3204 3520 3262; x_wconf 86' lang='lat' dir='ltr'><strong>habens</strong></span> <span class='ocrx_word' id='word_1_436' title='bbox 3549 3217 3607 3262; x_wconf 91' lang='lat' dir='ltr'><strong>et</strong></span> 
     </span>
    </p>
   </div>
   <div class='ocr_carea' id='block_1_64' title="bbox 343 3287 1921 3365">
    <p class='ocr_par' dir='ltr' id='par_1_64' title="bbox 343 3287 1921 3365">
     <span class='ocr_line' id='line_1_64' title="bbox 343 3287 1921 3365; baseline -0.004 -18"><span class='ocrx_word' id='word_1_437' title='bbox 343 3296 568 3364; x_wconf 79' lang='grc' dir='ltr'>αἱθρους</span> <span class='ocrx_word' id='word_1_438' title='bbox 595 3293 899 3364; x_wconf 77' lang='grc' dir='ltr'>εὐπραγίας</span> <span class='ocrx_word' id='word_1_439' title='bbox 935 3296 970 3365; x_wconf 78' lang='grc' dir='ltr'><strong>ἡ</strong></span> <span class='ocrx_word' id='word_1_440' title='bbox 1003 3292 1143 3364; x_wconf 80' lang='grc' dir='ltr'>τύχη</span> <span class='ocrx_word' id='word_1_441' title='bbox 1177 3295 1288 3356; x_wconf 81' lang='grc' dir='ltr'>τοῖς</span> <span class='ocrx_word' id='word_1_442' title='bbox 1324 3293 1442 3346; x_wconf 88' lang='grc' dir='ltr'>κατ’</span> <span class='ocrx_word' id='word_1_443' title='bbox 1489 3287 1641 3344; x_wconf 78' lang='grc' dir='ltr'>οἷκον</span> <span class='ocrx_word' id='word_1_444' title='bbox 1677 3290 1921 3360; x_wconf 79' lang='grc' dir='ltr'>ἀνιαροῖς</span> 
     </span>
    </p>
   </div>
   <div class='ocr_carea' id='block_1_65' title="bbox 345 3383 1915 3458">
    <p class='ocr_par' dir='ltr' id='par_1_65' title="bbox 345 3383 1915 3458">
     <span class='ocr_line' id='line_1_65' title="bbox 345 3383 1915 3458; baseline -0.003 -17"><span class='ocrx_word' id='word_1_445' title='bbox 345 3388 643 3458; x_wconf 70' lang='grc' dir='ltr'>ἐνεμέσησε</span> <span class='ocrx_word' id='word_1_446' title='bbox 666 3389 742 3458; x_wconf 79' lang='grc' dir='ltr'>τῷ</span> <span class='ocrx_word' id='word_1_447' title='bbox 777 3386 1014 3458; x_wconf 78' lang='grc' dir='ltr'>Ἡρώδῃ,</span> <span class='ocrx_word' id='word_1_448' title='bbox 1038 3389 1134 3441; x_wconf 82' lang='grc' dir='ltr'><strong>καί</strong></span> <span class='ocrx_word' id='word_1_449' title='bbox 1161 3388 1225 3442; x_wconf 85' lang='grc' dir='ltr'>ὲκ</span> <span class='ocrx_word' id='word_1_450' title='bbox 1272 3385 1536 3455; x_wconf 79' lang='grc' dir='ltr'>γυναικὸς</span> <span class='ocrx_word' id='word_1_451' title='bbox 1590 3383 1777 3446; x_wconf 71' lang='grc' dir='ltr'>κακῶς</span> <span class='ocrx_word' id='word_1_452' title='bbox 1808 3383 1915 3437; x_wconf 84' lang='grc' dir='ltr'>πά-</span> 
     </span>
    </p>
   </div>
   <div class='ocr_carea' id='block_1_66' title="bbox 348 3478 1924 3551">
    <p class='ocr_par' dir='ltr' id='par_1_66' title="bbox 348 3478 1924 3551">
     <span class='ocr_line' id='line_1_66' title="bbox 348 3478 1924 3551; baseline -0.005 -18"><span class='ocrx_word' id='word_1_453' title='bbox 348 3497 497 3551; x_wconf 60' lang='grc' dir='ltr'>σλειν</span> <span class='ocrx_word' id='word_1_454' title='bbox 541 3480 768 3551; x_wconf 74' lang='grc' dir='ltr'><strong>ἣρξατο⁹</strong></span> <span class='ocrx_word' id='word_1_455' title='bbox 805 3480 1093 3548; x_wconf 76' lang='grc' dir='ltr'>ἐμφυλίοις</span> <span class='ocrx_word' id='word_1_456' title='bbox 1129 3479 1223 3533; x_wconf 80' lang='grc' dir='ltr'>καὶ</span> <span class='ocrx_word' id='word_1_457' title='bbox 1254 3478 1366 3532; x_wconf 88' lang='grc' dir='ltr'><strong>τῶν</strong></span> <span class='ocrx_word' id='word_1_458' title='bbox 1396 3478 1636 3548; x_wconf 87' lang='grc' dir='ltr'>γνησίων</span> <span class='ocrx_word' id='word_1_459' title='bbox 1664 3478 1924 3547; x_wconf 70' lang='grc' dir='ltr'>χρανθεὶς</span> 
     </span>
    </p>
   </div>
   <div class='ocr_carea' id='block_1_67' title="bbox 349 3565 1923 3639">
    <p class='ocr_par' dir='ltr' id='par_1_67' title="bbox 349 3565 1923 3639">
     <span class='ocr_line' id='line_1_67' title="bbox 349 3565 1923 3639; baseline -0.005 -16"><span class='ocrx_word' id='word_1_460' title='bbox 349 3571 569 3639; x_wconf 73' lang='grc' dir='ltr'>εἵμασι,</span> <span class='ocrx_word' id='word_1_461' title='bbox 610 3569 707 3623; x_wconf 77' lang='grc' dir='ltr'>νῦν</span> <span class='ocrx_word' id='word_1_462' title='bbox 748 3571 811 3623; x_wconf 83' lang='grc' dir='ltr'><strong>ού</strong></span> <span class='ocrx_word' id='word_1_463' title='bbox 862 3571 1048 3637; x_wconf 84' lang='grc' dir='ltr'>λέγειν</span> <span class='ocrx_word' id='word_1_464' title='bbox 1082 3570 1301 3639; x_wconf 82' lang='grc' dir='ltr'>καιρός.</span> <span class='ocrx_word' id='word_1_465' title='bbox 1339 3567 1455 3623; x_wconf 80' lang='grc' dir='ltr'><strong>Καὶ</strong></span> <span class='ocrx_word' id='word_1_466' title='bbox 1473 3567 1650 3620; x_wconf 85' lang='grc' dir='ltr'>ταῦτα</span> <span class='ocrx_word' id='word_1_467' title='bbox 1684 3565 1923 3634; x_wconf 75' lang='grc' dir='ltr'>διῆλθον,</span> 
     </span>
    </p>
   </div>
   <div class='ocr_carea' id='block_1_68' title="bbox 350 3656 1924 3730">
    <p class='ocr_par' dir='ltr' id='par_1_68' title="bbox 350 3656 1924 3730">
     <span class='ocr_line' id='line_1_68' title="bbox 350 3656 1924 3730; baseline -0.001 -17"><span class='ocrx_word' id='word_1_468' title='bbox 350 3659 709 3730; x_wconf 69' lang='grc' dir='ltr'>παραστῆσαι</span> <span class='ocrx_word' id='word_1_469' title='bbox 740 3660 910 3714; x_wconf 83' lang='grc' dir='ltr'>θέλων</span> <span class='ocrx_word' id='word_1_470' title='bbox 952 3659 1055 3730; x_wconf 81' lang='grc' dir='ltr'>τὴν</span> <span class='ocrx_word' id='word_1_471' title='bbox 1088 3658 1432 3728; x_wconf 84' lang='grc' dir='ltr'>προφητείαν</span> <span class='ocrx_word' id='word_1_472' title='bbox 1458 3656 1773 3727; x_wconf 73' lang='grc' dir='ltr'>ἀκίϐδηλον,</span> <span class='ocrx_word' id='word_1_473' title='bbox 1797 3658 1924 3711; x_wconf 81' lang='grc' dir='ltr'><strong>Οὐκ</strong></span> 
     </span>
    </p>
   </div>
   <div class='ocr_carea' id='block_1_69' title="bbox 347 3748 1928 3824">
    <p class='ocr_par' dir='ltr' id='par_1_69' title="bbox 347 3748 1928 3824">
     <span class='ocr_line' id='line_1_69' title="bbox 347 3748 1928 3824; baseline -0.003 -17"><span class='ocrx_word' id='word_1_474' title='bbox 347 3752 641 3824; x_wconf 72' lang='grc' dir='ltr'>ἐκλείψει,</span> <span class='ocrx_word' id='word_1_475' title='bbox 690 3752 983 3819; x_wconf 80' lang='grc' dir='ltr'>λέγουσαν,</span> <span class='ocrx_word' id='word_1_476' title='bbox 1027 3749 1231 3819; x_wconf 78' lang='grc' dir='ltr'>ἅρχων</span> <span class='ocrx_word' id='word_1_477' title='bbox 1258 3750 1327 3814; x_wconf 74' lang='grc' dir='ltr'><strong>ἐξ</strong></span> <span class='ocrx_word' id='word_1_478' title='bbox 1372 3749 1592 3814; x_wconf 77' lang='grc' dir='ltr'>Ἰούδα,</span> <span class='ocrx_word' id='word_1_479' title='bbox 1622 3749 1723 3802; x_wconf 72' lang='grc' dir='ltr'><strong>καὶ</strong></span> <span class='ocrx_word' id='word_1_480' title='bbox 1746 3748 1928 3815; x_wconf 74' lang='grc' dir='ltr'>ἡγού-</span> 
     </span>
    </p>
   </div>
   <div class='ocr_carea' id='block_1_70' title="bbox 346 3826 1929 3909">
    <p class='ocr_par' dir='ltr' id='par_1_70' title="bbox 346 3826 1929 3909">
     <span class='ocr_line' id='line_1_70' title="bbox 346 3826 1929 3909; baseline -0.003 -18"><span class='ocrx_word' id='word_1_481' title='bbox 346 3854 531 3909; x_wconf 70' lang='grc' dir='ltr'>μενος</span> <span class='ocrx_word' id='word_1_482' title='bbox 560 3836 629 3890; x_wconf 82' lang='grc' dir='ltr'>ἐκ</span> <span class='ocrx_word' id='word_1_483' title='bbox 657 3834 776 3890; x_wconf 84' lang='grc' dir='ltr'><strong>τῶν</strong></span> <span class='ocrx_word' id='word_1_484' title='bbox 799 3835 1008 3904; x_wconf 82' lang='grc' dir='ltr'>μηρῶν</span> <span class='ocrx_word' id='word_1_485' title='bbox 1037 3834 1250 3898; x_wconf 78' lang='grc' dir='ltr'>αὐτοῦ,</span> <span class='ocrx_word' id='word_1_486' title='bbox 1274 3832 1385 3900; x_wconf 79' lang='grc' dir='ltr'>ἕως</span> <span class='ocrx_word' id='word_1_487' title='bbox 1410 3827 1483 3888; x_wconf 87' lang='grc' dir='ltr'>οὗ</span> <span class='ocrx_word' id='word_1_488' title='bbox 1515 3833 1666 3901; x_wconf 72' lang='grc' dir='ltr'>ἔλθῃ</span> <span class='ocrx_word' id='word_1_489' title='bbox 1698 3826 1748 3901; x_wconf 80' lang='grc' dir='ltr'>ᾧ</span> <span class='ocrx_word' id='word_1_490' title='bbox 1773 3832 1929 3886; x_wconf 77' lang='grc' dir='ltr'>ἀπό-</span> 
     </span>
    </p>
   </div>
   <div class='ocr_carea' id='block_1_71' title="bbox 351 3927 1930 3998">
    <p class='ocr_par' dir='ltr' id='par_1_71' title="bbox 351 3927 1930 3998">
     <span class='ocr_line' id='line_1_71' title="bbox 351 3927 1930 3998; baseline -0.002 -13"><span class='ocrx_word' id='word_1_491' title='bbox 351 3949 539 3988; x_wconf 83' lang='grc' dir='ltr'>κειται</span> <span class='ocrx_word' id='word_1_492' title='bbox 563 3949 578 3965; x_wconf 79' lang='grc' dir='ltr'><strong><em>ο</em></strong></span> <span class='ocrx_word' id='word_1_493' title='bbox 609 3931 706 3986; x_wconf 80' lang='grc' dir='ltr'>καί</span> <span class='ocrx_word' id='word_1_494' title='bbox 731 3930 909 3997; x_wconf 80' lang='grc' dir='ltr'>αὑτός</span> <span class='ocrx_word' id='word_1_495' title='bbox 935 3928 1067 3985; x_wconf 83' lang='grc' dir='ltr'>ἐστι</span> <span class='ocrx_word' id='word_1_496' title='bbox 1093 3928 1430 3997; x_wconf 81' lang='grc' dir='ltr'>προσδοκία</span> <span class='ocrx_word' id='word_1_497' title='bbox 1449 3928 1663 3983; x_wconf 80' lang='grc' dir='ltr'>ἐθνῶν.</span> <span class='ocrx_word' id='word_1_498' title='bbox 1703 3929 1793 3992; x_wconf 85' lang='grc' dir='ltr'>Ὠς</span> <span class='ocrx_word' id='word_1_499' title='bbox 1820 3927 1930 3998; x_wconf 83' lang='grc' dir='ltr'>γὰρ</span> 
     </span>
    </p>
   </div>
   <div class='ocr_carea' id='block_1_72' title="bbox 353 4022 1932 4097">
    <p class='ocr_par' dir='ltr' id='par_1_72' title="bbox 353 4022 1932 4097">
     <span class='ocr_line' id='line_1_72' title="bbox 353 4022 1932 4097; baseline -0.003 -18"><span class='ocrx_word' id='word_1_500' title='bbox 353 4028 405 4079; x_wconf 83' lang='grc' dir='ltr'>οἱ</span> <span class='ocrx_word' id='word_1_501' title='bbox 435 4026 496 4088; x_wconf 76' lang='grc' dir='ltr'>ἐξ</span> <span class='ocrx_word' id='word_1_502' title='bbox 532 4026 705 4080; x_wconf 80' lang='grc' dir='ltr'>Ἰούδα</span> <span class='ocrx_word' id='word_1_503' title='bbox 727 4028 828 4097; x_wconf 76' lang='grc' dir='ltr'>τὴν</span> <span class='ocrx_word' id='word_1_504' title='bbox 855 4025 951 4080; x_wconf 81' lang='grc' dir='ltr'>τοῦ</span> <span class='ocrx_word' id='word_1_505' title='bbox 985 4026 1183 4096; x_wconf 82' lang='grc' dir='ltr'>γένους</span> <span class='ocrx_word' id='word_1_506' title='bbox 1223 4024 1414 4094; x_wconf 82' lang='grc' dir='ltr'>σειρὰν</span> <span class='ocrx_word' id='word_1_507' title='bbox 1453 4022 1789 4090; x_wconf 75' lang='grc' dir='ltr'>κατάγοντες</span> <span class='ocrx_word' id='word_1_508' title='bbox 1813 4022 1932 4075; x_wconf 88' lang='grc' dir='ltr'>δια-</span> 
     </span>
    </p>
   </div>
   <div class='ocr_carea' id='block_1_73' title="bbox 353 4112 1934 4191">
    <p class='ocr_par' dir='ltr' id='par_1_73' title="bbox 353 4112 1934 4191">
     <span class='ocr_line' id='line_1_73' title="bbox 353 4112 1934 4191; baseline -0.004 -18"><span class='ocrx_word' id='word_1_509' title='bbox 353 4122 673 4175; x_wconf 84' lang='grc' dir='ltr'>λελοὶπασιν</span> <span class='ocrx_word' id='word_1_510' title='bbox 712 4120 995 4191; x_wconf 81' lang='grc' dir='ltr'>ἄρχοντες,</span> <span class='ocrx_word' id='word_1_511' title='bbox 1020 4119 1117 4173; x_wconf 77' lang='grc' dir='ltr'>καὶ</span> <span class='ocrx_word' id='word_1_512' title='bbox 1143 4117 1220 4182; x_wconf 84' lang='grc' dir='ltr'>ὼς</span> <span class='ocrx_word' id='word_1_513' title='bbox 1249 4120 1280 4172; x_wconf 86' lang='grc' dir='ltr'><strong>ό</strong></span> <span class='ocrx_word' id='word_1_514' title='bbox 1308 4117 1369 4184; x_wconf 72' lang='grc' dir='ltr'><strong>ἐξ</strong></span> <span class='ocrx_word' id='word_1_515' title='bbox 1407 4115 1724 4187; x_wconf 86' lang='grc' dir='ltr'>Ἰδουμαίων</span> <span class='ocrx_word' id='word_1_516' title='bbox 1755 4112 1934 4185; x_wconf 83' lang='grc' dir='ltr'><strong>Ἠρώ-</strong></span> 
     </span>
    </p>
   </div>
   <div class='ocr_carea' id='block_1_74' title="bbox 355 4206 1935 4283">
    <p class='ocr_par' dir='ltr' id='par_1_74' title="bbox 355 4206 1935 4283">
     <span class='ocr_line' id='line_1_74' title="bbox 355 4206 1935 4283; baseline -0.004 -17"><span class='ocrx_word' id='word_1_517' title='bbox 355 4214 452 4282; x_wconf 84' lang='grc' dir='ltr'><strong>δης</strong></span> <span class='ocrx_word' id='word_1_518' title='bbox 482 4211 784 4282; x_wconf 79' lang='grc' dir='ltr'>ἀλλόφυλος</span> <span class='ocrx_word' id='word_1_519' title='bbox 813 4209 890 4265; x_wconf 84' lang='grc' dir='ltr'>ὢν</span> <span class='ocrx_word' id='word_1_520' title='bbox 911 4206 1382 4283; x_wconf 77' lang='grc' dir='ltr'>ἧρξενἝϐραίων,</span> <span class='ocrx_word' id='word_1_521' title='bbox 1424 4207 1625 4272; x_wconf 81' lang='grc' dir='ltr'>ἱκανῶς</span> <span class='ocrx_word' id='word_1_522' title='bbox 1655 4206 1935 4261; x_wconf 80' lang='grc' dir='ltr'>ἀποδέδει-</span> 
     </span>
    </p>
   </div>
   <div class='ocr_carea' id='block_1_75' title="bbox 359 4300 1933 4377">
    <p class='ocr_par' dir='ltr' id='par_1_75' title="bbox 359 4300 1933 4377">
     <span class='ocr_line' id='line_1_75' title="bbox 359 4300 1933 4377; baseline -0.004 -17"><span class='ocrx_word' id='word_1_523' title='bbox 359 4323 522 4360; x_wconf 78' lang='grc' dir='ltr'>κταιο</span> <span class='ocrx_word' id='word_1_524' title='bbox 552 4305 791 4375; x_wconf 79' lang='grc' dir='ltr'>ὁπηνίκα</span> <span class='ocrx_word' id='word_1_525' title='bbox 825 4306 921 4377; x_wconf 78' lang='grc' dir='ltr'>καὶ</span> <span class='ocrx_word' id='word_1_526' title='bbox 978 4305 1012 4377; x_wconf 81' lang='grc' dir='ltr'><strong>ἡ</strong></span> <span class='ocrx_word' id='word_1_527' title='bbox 1063 4302 1375 4374; x_wconf 78' lang='grc' dir='ltr'>προφητεία</span> <span class='ocrx_word' id='word_1_528' title='bbox 1420 4301 1574 4366; x_wconf 84' lang='grc' dir='ltr'>τέλος</span> <span class='ocrx_word' id='word_1_529' title='bbox 1601 4300 1933 4373; x_wconf 70' lang='grc' dir='ltr'>ἐλάμϐανεν,</span> 
     </span>
    </p>
   </div>
   <div class='ocr_carea' id='block_1_76' title="bbox 358 4375 1933 4470">
    <p class='ocr_par' dir='ltr' id='par_1_76' title="bbox 358 4375 1933 4470">
     <span class='ocr_line' id='line_1_76' title="bbox 358 4375 1933 4470; baseline -0.002 -20"><span class='ocrx_word' id='word_1_530' title='bbox 358 4400 435 4463; x_wconf 84' lang='grc' dir='ltr'>ὡς</span> <span class='ocrx_word' id='word_1_531' title='bbox 496 4398 693 4470; x_wconf 74' lang='grc' dir='ltr'>μικρὸν</span> <span class='ocrx_word' id='word_1_532' title='bbox 748 4375 978 4468; x_wconf 69' lang='grc' dir='ltr'>προῗὼν,</span> <span class='ocrx_word' id='word_1_533' title='bbox 1002 4375 1319 4467; x_wconf 77' lang='grc' dir='ltr'>σαφηνείας</span> <span class='ocrx_word' id='word_1_534' title='bbox 1350 4396 1517 4450; x_wconf 75' lang='grc' dir='ltr'>ἕνεκα</span> <span class='ocrx_word' id='word_1_535' title='bbox 1559 4394 1933 4466; x_wconf 82' lang='grc' dir='ltr'>διαλήψομαι·</span> 
     </span>
    </p>
   </div>
   <div class='ocr_carea' id='block_1_77' title="bbox 2032 3292 3609 3364">
    <p class='ocr_par' dir='ltr' id='par_1_77' title="bbox 2032 3292 3609 3364">
     <span class='ocr_line' id='line_1_77' title="bbox 2032 3292 3609 3364; baseline 0.006 -20"><span class='ocrx_word' id='word_1_536' title='bbox 2032 3302 2289 3348; x_wconf 86' lang='lat' dir='ltr'><strong>metuens</strong></span> <span class='ocrx_word' id='word_1_537' title='bbox 2315 3292 2578 3362; x_wconf 79' lang='lat' dir='ltr'><strong>Antigoni</strong></span> <span class='ocrx_word' id='word_1_538' title='bbox 2621 3292 2839 3364; x_wconf 78' lang='lat' dir='ltr'><strong>generis</strong></span> <span class='ocrx_word' id='word_1_539' title='bbox 2874 3292 3219 3350; x_wconf 87' lang='lat' dir='ltr'><strong>nobilitatem</strong></span> <span class='ocrx_word' id='word_1_540' title='bbox 3240 3337 3255 3361; x_wconf 87' lang='lat'><strong>,</strong></span> <span class='ocrx_word' id='word_1_541' title='bbox 3289 3313 3359 3352; x_wconf 91' lang='lat' dir='ltr'><strong>ne</strong></span> <span class='ocrx_word' id='word_1_542' title='bbox 3391 3299 3609 3354; x_wconf 86' lang='lat' dir='ltr'><strong>scilicet</strong></span> 
     </span>
    </p>
   </div>
   <div class='ocr_carea' id='block_1_78' title="bbox 2031 3384 3603 3459">
    <p class='ocr_par' dir='ltr' id='par_1_78' title="bbox 2031 3384 3603 3459">
     <span class='ocr_line' id='line_1_78' title="bbox 2031 3384 3603 3459; baseline 0.003 -19"><span class='ocrx_word' id='word_1_543' title='bbox 2031 3386 2125 3440; x_wconf 87' lang='lat' dir='ltr'><strong>ille</strong></span> <span class='ocrx_word' id='word_1_544' title='bbox 2156 3384 2386 3440; x_wconf 83' lang='lat' dir='ltr'><strong>Romam</strong></span> <span class='ocrx_word' id='word_1_545' title='bbox 2414 3384 2696 3454; x_wconf 86' lang='lat' dir='ltr'><strong>profectus</strong></span> <span class='ocrx_word' id='word_1_546' title='bbox 2723 3384 2820 3455; x_wconf 86' lang='lat'><strong>(5),</strong></span> <span class='ocrx_word' id='word_1_547' title='bbox 2844 3386 2971 3457; x_wconf 88' lang='lat' dir='ltr'><strong>jura</strong></span> <span class='ocrx_word' id='word_1_548' title='bbox 3006 3401 3106 3442; x_wconf 89' lang='lat' dir='ltr'><strong>sua</strong></span> <span class='ocrx_word' id='word_1_549' title='bbox 3159 3388 3303 3459; x_wconf 88' lang='lat' dir='ltr'><strong>apud</strong></span> <span class='ocrx_word' id='word_1_550' title='bbox 3348 3401 3603 3448; x_wconf 86' lang='lat' dir='ltr'><strong>senatum</strong></span> 
     </span>
    </p>
   </div>
   <div class='ocr_carea' id='block_1_79' title="bbox 2028 3474 3612 3548">
    <p class='ocr_par' dir='ltr' id='par_1_79' title="bbox 2028 3474 3612 3548">
     <span class='ocr_line' id='line_1_79' title="bbox 2028 3474 3612 3548; baseline 0.005 -19"><span class='ocrx_word' id='word_1_551' title='bbox 2028 3483 2354 3541; x_wconf 78' lang='lat' dir='ltr'><strong>exponeret,</strong></span> <span class='ocrx_word' id='word_1_552' title='bbox 2381 3482 2438 3528; x_wconf 85' lang='lat' dir='ltr'><strong>et</strong></span> <span class='ocrx_word' id='word_1_553' title='bbox 2467 3474 2699 3529; x_wconf 76' lang='lat' dir='ltr'><strong>Romani</strong></span> <span class='ocrx_word' id='word_1_554' title='bbox 2747 3489 2807 3529; x_wconf 89' lang='lat' dir='ltr'><strong>se</strong></span> <span class='ocrx_word' id='word_1_555' title='bbox 2847 3474 3070 3542; x_wconf 86' lang='lat' dir='ltr'><strong>quidem</strong></span> <span class='ocrx_word' id='word_1_556' title='bbox 3117 3486 3179 3531; x_wconf 93' lang='lat' dir='ltr'><strong>ut</strong></span> <span class='ocrx_word' id='word_1_557' title='bbox 3225 3479 3498 3548; x_wconf 86' lang='lat' dir='ltr'><strong>privatum</strong></span> <span class='ocrx_word' id='word_1_558' title='bbox 3551 3491 3612 3537; x_wconf 90' lang='lat' dir='ltr'><strong>et</strong></span> 
     </span>
    </p>
   </div>
   <div class='ocr_carea' id='block_1_80' title="bbox 2033 3567 3613 3648">
    <p class='ocr_par' dir='ltr' id='par_1_80' title="bbox 2033 3567 3613 3648">
     <span class='ocr_line' id='line_1_80' title="bbox 2033 3567 3613 3648; baseline 0.006 -25"><span class='ocrx_word' id='word_1_559' title='bbox 2033 3569 2302 3623; x_wconf 82' lang='lat' dir='ltr'><strong>advenam</strong></span> <span class='ocrx_word' id='word_1_560' title='bbox 2335 3567 2653 3636; x_wconf 88' lang='lat' dir='ltr'><strong>rejicerent,</strong></span> <span class='ocrx_word' id='word_1_561' title='bbox 2695 3568 2777 3623; x_wconf 90' lang='lat' dir='ltr'><strong>illi</strong></span> <span class='ocrx_word' id='word_1_562' title='bbox 2804 3584 2958 3632; x_wconf 87' lang='lat' dir='ltr'><strong>vero,</strong></span> <span class='ocrx_word' id='word_1_563' title='bbox 2983 3578 3079 3624; x_wconf 89' lang='lat' dir='ltr'><strong>aut</strong></span> <span class='ocrx_word' id='word_1_564' title='bbox 3112 3571 3305 3627; x_wconf 88' lang='lat' dir='ltr'><strong>saltem</strong></span> <span class='ocrx_word' id='word_1_565' title='bbox 3337 3573 3467 3631; x_wconf 82' lang='lat' dir='ltr'><strong>filiis</strong></span> <span class='ocrx_word' id='word_1_566' title='bbox 3491 3577 3613 3648; x_wconf 87' lang='lat' dir='ltr'><strong>ejus</strong></span> 
     </span>
    </p>
   </div>
   <div class='ocr_carea' id='block_1_81' title="bbox 2034 3660 3614 3739">
    <p class='ocr_par' dir='ltr' id='par_1_81' title="bbox 2034 3660 3614 3739">
     <span class='ocr_line' id='line_1_81' title="bbox 2034 3660 3614 3739; baseline 0.004 -22"><span class='ocrx_word' id='word_1_567' title='bbox 2034 3675 2265 3729; x_wconf 74' lang='lat' dir='ltr'><strong>regnum</strong></span> <span class='ocrx_word' id='word_1_568' title='bbox 2305 3660 2627 3726; x_wconf 88' lang='lat' dir='ltr'><strong>redderent,</strong></span> <span class='ocrx_word' id='word_1_569' title='bbox 2666 3662 2960 3731; x_wconf 87' lang='lat' dir='ltr'><strong>persuadet</strong></span> <span class='ocrx_word' id='word_1_570' title='bbox 3031 3668 3455 3739; x_wconf 87' lang='lat' dir='ltr'><strong>corrumpitque</strong></span> <span class='ocrx_word' id='word_1_571' title='bbox 3519 3685 3614 3739; x_wconf 83' lang='lat' dir='ltr'><strong>pe-</strong></span> 
     </span>
    </p>
   </div>
   <div class='ocr_carea' id='block_1_82' title="bbox 2038 3753 3615 3827">
    <p class='ocr_par' dir='ltr' id='par_1_82' title="bbox 2038 3753 3615 3827">
     <span class='ocr_line' id='line_1_82' title="bbox 2038 3753 3615 3827; baseline 0.006 -19"><span class='ocrx_word' id='word_1_572' title='bbox 2038 3753 2203 3808; x_wconf 87' lang='lat' dir='ltr'><strong>cunia</strong></span> <span class='ocrx_word' id='word_1_573' title='bbox 2247 3753 2571 3821; x_wconf 86' lang='lat' dir='ltr'><strong>Antonium,</strong></span> <span class='ocrx_word' id='word_1_574' title='bbox 2619 3764 2680 3810; x_wconf 90' lang='lat' dir='ltr'><strong>ut</strong></span> <span class='ocrx_word' id='word_1_575' title='bbox 2725 3754 3057 3827; x_wconf 77' lang='lat' dir='ltr'><strong>Antigonum</strong></span> <span class='ocrx_word' id='word_1_576' title='bbox 3099 3759 3336 3815; x_wconf 89' lang='lat' dir='ltr'><strong>occidat.</strong></span> <span class='ocrx_word' id='word_1_577' title='bbox 3396 3760 3487 3817; x_wconf 89' lang='lat' dir='ltr'><strong>Sic</strong></span> <span class='ocrx_word' id='word_1_578' title='bbox 3521 3763 3615 3817; x_wconf 80' lang='lat' dir='ltr'><strong>ille</strong></span> 
     </span>
    </p>
   </div>
   <div class='ocr_carea' id='block_1_83' title="bbox 2039 3845 3615 3924">
    <p class='ocr_par' dir='ltr' id='par_1_83' title="bbox 2039 3845 3615 3924">
     <span class='ocr_line' id='line_1_83' title="bbox 2039 3845 3615 3924; baseline 0.004 -21"><span class='ocrx_word' id='word_1_579' title='bbox 2039 3845 2330 3903; x_wconf 79' lang='lat' dir='ltr'><strong>confestim</strong></span> <span class='ocrx_word' id='word_1_580' title='bbox 2363 3846 2545 3901; x_wconf 85' lang='lat' dir='ltr'><strong>securi</strong></span> <span class='ocrx_word' id='word_1_581' title='bbox 2571 3847 2900 3918; x_wconf 89' lang='lat' dir='ltr'><strong>percutitur.</strong></span> <span class='ocrx_word' id='word_1_582' title='bbox 2941 3849 3226 3922; x_wconf 82' lang='lat' dir='ltr'><strong>llyrcanus</strong></span> <span class='ocrx_word' id='word_1_583' title='bbox 3251 3867 3385 3909; x_wconf 88' lang='lat' dir='ltr'><strong>vero</strong></span> <span class='ocrx_word' id='word_1_584' title='bbox 3408 3862 3463 3909; x_wconf 85' lang='lat' dir='ltr'><strong>et</strong></span> <span class='ocrx_word' id='word_1_585' title='bbox 3499 3855 3615 3924; x_wconf 74' lang='lat' dir='ltr'><strong>ipse</strong></span> 
     </span>
    </p>
   </div>
   <div class='ocr_carea' id='block_1_84' title="bbox 2040 3938 3616 4009">
    <p class='ocr_par' dir='ltr' id='par_1_84' title="bbox 2040 3938 3616 4009">
     <span class='ocr_line' id='line_1_84' title="bbox 2040 3938 3616 4009; baseline 0.006 -15"><span class='ocrx_word' id='word_1_586' title='bbox 2040 3954 2072 3994; x_wconf 82' lang='grc' dir='ltr'><strong>ιι</strong></span> <span class='ocrx_word' id='word_1_587' title='bbox 2093 3938 2318 3994; x_wconf 84' lang='lat' dir='ltr'><strong>Parthis</strong></span> <span class='ocrx_word' id='word_1_588' title='bbox 2340 3954 2407 3993; x_wconf 82' lang='lat' dir='ltr'><strong>ex</strong></span> <span class='ocrx_word' id='word_1_589' title='bbox 2428 3940 2749 4009; x_wconf 85' lang='lat' dir='ltr'><strong>captivitate</strong></span> <span class='ocrx_word' id='word_1_590' title='bbox 2769 3941 3054 4009; x_wconf 86' lang='lat' dir='ltr'><strong>dimissus,</strong></span> <span class='ocrx_word' id='word_1_591' title='bbox 3079 3945 3148 3999; x_wconf 92' lang='lat' dir='ltr'><strong>ad</strong></span> <span class='ocrx_word' id='word_1_592' title='bbox 3179 3946 3453 4001; x_wconf 83' lang='lat' dir='ltr'><strong>llerodem</strong></span> <span class='ocrx_word' id='word_1_593' title='bbox 3482 3964 3616 4003; x_wconf 85' lang='lat' dir='ltr'><strong>con-</strong></span> 
     </span>
    </p>
   </div>
   <div class='ocr_carea' id='block_1_85' title="bbox 2043 4031 3618 4109">
    <p class='ocr_par' dir='ltr' id='par_1_85' title="bbox 2043 4031 3618 4109">
     <span class='ocr_line' id='line_1_85' title="bbox 2043 4031 3618 4109; baseline 0.004 -22"><span class='ocrx_word' id='word_1_594' title='bbox 2043 4031 2184 4103; x_wconf 79' lang='lat' dir='ltr'><strong>fugit</strong></span> <span class='ocrx_word' id='word_1_595' title='bbox 2223 4049 2237 4088; x_wconf 87' lang='lat'><strong>:</strong></span> <span class='ocrx_word' id='word_1_596' title='bbox 2275 4041 2333 4089; x_wconf 90' lang='lat' dir='ltr'><strong>et</strong></span> <span class='ocrx_word' id='word_1_597' title='bbox 2366 4032 2458 4088; x_wconf 92' lang='lat' dir='ltr'><strong>ille</strong></span> <span class='ocrx_word' id='word_1_598' title='bbox 2493 4034 2715 4104; x_wconf 81' lang='lat' dir='ltr'><strong>quidem</strong></span> <span class='ocrx_word' id='word_1_599' title='bbox 2750 4051 2877 4091; x_wconf 91' lang='lat' dir='ltr'><strong>eum</strong></span> <span class='ocrx_word' id='word_1_600' title='bbox 2914 4037 2970 4091; x_wconf 92' lang='lat' dir='ltr'><strong>in</strong></span> <span class='ocrx_word' id='word_1_601' title='bbox 3019 4038 3198 4108; x_wconf 86' lang='lat' dir='ltr'><strong>pretio</strong></span> <span class='ocrx_word' id='word_1_602' title='bbox 3231 4040 3468 4109; x_wconf 90' lang='lat' dir='ltr'><strong>primum</strong></span> <span class='ocrx_word' id='word_1_603' title='bbox 3516 4042 3618 4096; x_wconf 80' lang='lat' dir='ltr'><strong>ha-</strong></span> 
     </span>
    </p>
   </div>
   <div class='ocr_carea' id='block_1_86' title="bbox 2044 4126 3620 4202">
    <p class='ocr_par' dir='ltr' id='par_1_86' title="bbox 2044 4126 3620 4202">
     <span class='ocr_line' id='line_1_86' title="bbox 2044 4126 3620 4202; baseline 0.004 -20"><span class='ocrx_word' id='word_1_604' title='bbox 2044 4126 2184 4191; x_wconf 90' lang='lat' dir='ltr'><strong>buit,</strong></span> <span class='ocrx_word' id='word_1_605' title='bbox 2212 4141 2529 4199; x_wconf 83' lang='lat' dir='ltr'><strong>suspectum</strong></span> <span class='ocrx_word' id='word_1_606' title='bbox 2561 4141 2745 4186; x_wconf 86' lang='lat' dir='ltr'><strong>autem</strong></span> <span class='ocrx_word' id='word_1_607' title='bbox 2774 4141 2965 4202; x_wconf 84' lang='lat' dir='ltr'><strong>postea</strong></span> <span class='ocrx_word' id='word_1_608' title='bbox 2992 4133 3097 4189; x_wconf 89' lang='lat' dir='ltr'><strong>sibi</strong></span> <span class='ocrx_word' id='word_1_609' title='bbox 3131 4133 3430 4190; x_wconf 88' lang='lat' dir='ltr'><strong>interemit.</strong></span> <span class='ocrx_word' id='word_1_610' title='bbox 3458 4136 3620 4191; x_wconf 86' lang='lat' dir='ltr'><strong>Post-</strong></span> 
     </span>
    </p>
   </div>
   <div class='ocr_carea' id='block_1_87' title="bbox 2045 4219 3621 4299">
    <p class='ocr_par' dir='ltr' id='par_1_87' title="bbox 2045 4219 3621 4299">
     <span class='ocr_line' id='line_1_87' title="bbox 2045 4219 3621 4299; baseline 0.006 -27"><span class='ocrx_word' id='word_1_611' title='bbox 2045 4232 2211 4289; x_wconf 88' lang='lat' dir='ltr'><strong>quam</strong></span> <span class='ocrx_word' id='word_1_612' title='bbox 2237 4233 2370 4276; x_wconf 70' lang='grc' dir='ltr'>νει-ο</span> <span class='ocrx_word' id='word_1_613' title='bbox 2416 4219 2643 4276; x_wconf 83' lang='lat' dir='ltr'><strong>fratrem</strong></span> <span class='ocrx_word' id='word_1_614' title='bbox 2694 4237 2919 4293; x_wconf 86' lang='lat' dir='ltr'><strong>quoque</strong></span> <span class='ocrx_word' id='word_1_615' title='bbox 2968 4222 3322 4280; x_wconf 85' lang='lat' dir='ltr'><strong>Mariammcs</strong></span> <span class='ocrx_word' id='word_1_616' title='bbox 3368 4227 3621 4299; x_wconf 80' lang='lat' dir='ltr'><strong>conjugis</strong></span> 
     </span>
    </p>
   </div>
   <div class='ocr_carea' id='block_1_88' title="bbox 2044 4310 3617 4386">
    <p class='ocr_par' dir='ltr' id='par_1_88' title="bbox 2044 4310 3617 4386">
     <span class='ocr_line' id='line_1_88' title="bbox 2044 4310 3617 4386; baseline 0.004 -22"><span class='ocrx_word' id='word_1_617' title='bbox 2044 4323 2182 4374; x_wconf 78' lang='lat' dir='ltr'><strong>sum,</strong></span> <span class='ocrx_word' id='word_1_618' title='bbox 2213 4325 2377 4380; x_wconf 90' lang='lat' dir='ltr'><strong>quem</strong></span> <span class='ocrx_word' id='word_1_619' title='bbox 2428 4310 2745 4380; x_wconf 84' lang='lat' dir='ltr'><strong>pontificem</strong></span> <span class='ocrx_word' id='word_1_620' title='bbox 2790 4323 2910 4368; x_wconf 90' lang='lat' dir='ltr'><strong>arte</strong></span> <span class='ocrx_word' id='word_1_621' title='bbox 2953 4314 3214 4383; x_wconf 83' lang='lat' dir='ltr'><strong>quadam,</strong></span> <span class='ocrx_word' id='word_1_622' title='bbox 3251 4331 3349 4386; x_wconf 91' lang='lat' dir='ltr'><strong>per</strong></span> <span class='ocrx_word' id='word_1_623' title='bbox 3376 4320 3617 4386; x_wconf 87' lang='lat' dir='ltr'><strong>speciem</strong></span> 
     </span>
    </p>
   </div>
   <div class='ocr_carea' id='block_1_89' title="bbox 2047 4401 3622 4476">
    <p class='ocr_par' dir='ltr' id='par_1_89' title="bbox 2047 4401 3622 4476">
     <span class='ocr_line' id='line_1_89' title="bbox 2047 4401 3622 4476; baseline 0.005 -20"><span class='ocrx_word' id='word_1_624' title='bbox 2047 4401 2238 4457; x_wconf 63' lang='lat' dir='ltr'><strong>tutela:</strong></span> <span class='ocrx_word' id='word_1_625' title='bbox 2265 4411 2323 4457; x_wconf 88' lang='lat' dir='ltr'><strong>et</strong></span> <span class='ocrx_word' id='word_1_626' title='bbox 2342 4416 2512 4466; x_wconf 63' lang='lat' dir='ltr'><strong>curat,</strong></span> <span class='ocrx_word' id='word_1_627' title='bbox 2538 4413 2848 4468; x_wconf 80' lang='lat' dir='ltr'><strong>creaverat,</strong></span> <span class='ocrx_word' id='word_1_628' title='bbox 2870 4405 3079 4460; x_wconf 71' lang='lat' dir='ltr'><strong>aestatis</strong></span> <span class='ocrx_word' id='word_1_629' title='bbox 3110 4414 3358 4476; x_wconf 90' lang='lat' dir='ltr'><strong>tempore</strong></span> <span class='ocrx_word' id='word_1_630' title='bbox 3389 4408 3447 4462; x_wconf 89' lang='lat' dir='ltr'><strong>in</strong></span> <span class='ocrx_word' id='word_1_631' title='bbox 3479 4410 3622 4464; x_wconf 89' lang='lat' dir='ltr'><strong>solio</strong></span> 
     </span>
    </p>
   </div>
   <div class='ocr_carea' id='block_1_90' title="bbox 359 4486 1912 4568">
    <p class='ocr_par' dir='ltr' id='par_1_90' title="bbox 359 4486 1912 4562">
     <span class='ocr_line' id='line_1_90' title="bbox 359 4486 1912 4562; baseline -0.006 -15"><span class='ocrx_word' id='word_1_632' title='bbox 359 4492 680 4561; x_wconf 78' lang='grc' dir='ltr'>Αὐγούστου</span> <span class='ocrx_word' id='word_1_633' title='bbox 713 4491 821 4562; x_wconf 86' lang='grc' dir='ltr'>γὰρ</span> <span class='ocrx_word' id='word_1_634' title='bbox 851 4492 932 4554; x_wconf 86' lang='grc' dir='ltr'><strong>είς</strong></span> <span class='ocrx_word' id='word_1_635' title='bbox 973 4488 1192 4560; x_wconf 84' lang='grc' dir='ltr'>Ῥώμην</span> <span class='ocrx_word' id='word_1_636' title='bbox 1222 4489 1562 4552; x_wconf 75' lang='grc' dir='ltr'>ἐπανιόντος,</span> <span class='ocrx_word' id='word_1_637' title='bbox 1599 4487 1697 4541; x_wconf 74' lang='grc' dir='ltr'>καὶ</span> <span class='ocrx_word' id='word_1_638' title='bbox 1732 4486 1812 4549; x_wconf 88' lang='grc' dir='ltr'><strong>είς</strong></span> <span class='ocrx_word' id='word_1_639' title='bbox 1841 4501 1912 4556; x_wconf 87' lang='grc' dir='ltr'><strong>μο</strong></span> 
     </span>
    </p>
   </div>
   <div class='ocr_carea' id='block_1_91' title="bbox 2015 4486 3623 4568">
    <p class='ocr_par' dir='ltr' id='par_1_91' title="bbox 2047 4493 3623 4568">
     <span class='ocr_line' id='line_1_91' title="bbox 2047 4493 3623 4568; baseline 0.004 -20"><span class='ocrx_word' id='word_1_640' title='bbox 2047 4493 2321 4549; x_wconf 82' lang='lat' dir='ltr'><strong>lavantem</strong></span> <span class='ocrx_word' id='word_1_641' title='bbox 2357 4503 2414 4549; x_wconf 87' lang='lat' dir='ltr'><strong>et</strong></span> <span class='ocrx_word' id='word_1_642' title='bbox 2440 4503 2724 4549; x_wconf 89' lang='lat' dir='ltr'><strong>natantem</strong></span> <span class='ocrx_word' id='word_1_643' title='bbox 2758 4495 3051 4552; x_wconf 79' lang='lat' dir='ltr'><strong>suﬂ‘ocavit</strong></span> <span class='ocrx_word' id='word_1_644' title='bbox 3077 4537 3094 4562; x_wconf 90' lang='lat'><strong>,</strong></span> <span class='ocrx_word' id='word_1_645' title='bbox 3126 4512 3273 4553; x_wconf 86' lang='lat' dir='ltr'><strong>unus</strong></span> <span class='ocrx_word' id='word_1_646' title='bbox 3301 4498 3418 4568; x_wconf 91' lang='lat' dir='ltr'><strong>ipse</strong></span> <span class='ocrx_word' id='word_1_647' title='bbox 3442 4500 3623 4554; x_wconf 66' lang='lat' dir='ltr'><strong>domi.</strong></span> 
     </span>
    </p>
   </div>
   <div class='ocr_carea' id='block_1_92' title="bbox 363 4573 1912 4660">
    <p class='ocr_par' dir='ltr' id='par_1_92' title="bbox 363 4577 1912 4658">
     <span class='ocr_line' id='line_1_92' title="bbox 363 4577 1912 4658; baseline -0.007 -18"><span class='ocrx_word' id='word_1_648' title='bbox 363 4587 594 4658; x_wconf 88' lang='grc' dir='ltr'>ναρχίαν</span> <span class='ocrx_word' id='word_1_649' title='bbox 622 4585 683 4640; x_wconf 79' lang='grc' dir='ltr'>τὸ</span> <span class='ocrx_word' id='word_1_650' title='bbox 717 4585 1006 4655; x_wconf 84' lang='grc' dir='ltr'>Ῥωμαίων</span> <span class='ocrx_word' id='word_1_651' title='bbox 1038 4583 1242 4652; x_wconf 82' lang='grc' dir='ltr'>κράτος</span> <span class='ocrx_word' id='word_1_652' title='bbox 1272 4579 1722 4650; x_wconf 81' lang='grc' dir='ltr'>περιελάσαντος,</span> <span class='ocrx_word' id='word_1_653' title='bbox 1755 4577 1912 4631; x_wconf 88' lang='grc' dir='ltr'>δεύτε</span> 
     </span>
    </p>
   </div>
   <div class='ocr_carea' id='block_1_93' title="bbox 2015 4573 3624 4660">
    <p class='ocr_par' dir='ltr' id='par_1_93' title="bbox 2015 4581 3624 4660">
     <span class='ocr_line' id='line_1_93' title="bbox 2015 4581 3624 4660; baseline 0.007 -26"><span class='ocrx_word' id='word_1_654' title='bbox 2015 4593 2018 4614; x_wconf 79' lang='grc'><em>’</em></span> <span class='ocrx_word' id='word_1_655' title='bbox 2044 4595 2149 4635; x_wconf 85' lang='lat' dir='ltr'><strong>nus</strong></span> <span class='ocrx_word' id='word_1_656' title='bbox 2177 4589 2234 4635; x_wconf 90' lang='lat' dir='ltr'><strong>et</strong></span> <span class='ocrx_word' id='word_1_657' title='bbox 2259 4594 2354 4634; x_wconf 81' lang='lat' dir='ltr'><strong>rex</strong></span> <span class='ocrx_word' id='word_1_658' title='bbox 2378 4591 2591 4636; x_wconf 73' lang='lat' dir='ltr'><strong>cuncta:</strong></span> <span class='ocrx_word' id='word_1_659' title='bbox 2615 4581 2814 4638; x_wconf 67' lang='lat' dir='ltr'><strong>Iudaea:</strong></span> <span class='ocrx_word' id='word_1_660' title='bbox 2846 4582 3026 4640; x_wconf 87' lang='lat' dir='ltr'><strong>factus</strong></span> <span class='ocrx_word' id='word_1_661' title='bbox 3049 4595 3154 4641; x_wconf 90' lang='lat' dir='ltr'><strong>est.</strong></span> <span class='ocrx_word' id='word_1_662' title='bbox 3182 4587 3432 4642; x_wconf 90' lang='lat' dir='ltr'><strong>Primum</strong></span> <span class='ocrx_word' id='word_1_663' title='bbox 3463 4592 3624 4660; x_wconf 83' lang='lat' dir='ltr'><strong>equi-</strong></span> 
     </span>
    </p>
   </div>
   <div class='ocr_carea' id='block_1_94' title="bbox 364 4670 1912 4750">
    <p class='ocr_par' dir='ltr' id='par_1_94' title="bbox 364 4670 1912 4750">
     <span class='ocr_line' id='line_1_94' title="bbox 364 4670 1912 4750; baseline -0.007 -18"><span class='ocrx_word' id='word_1_664' title='bbox 364 4697 458 4750; x_wconf 90' lang='grc' dir='ltr'><strong>ρον</strong></span> <span class='ocrx_word' id='word_1_665' title='bbox 488 4680 583 4733; x_wconf 74' lang='grc' dir='ltr'>καὶ</span> <span class='ocrx_word' id='word_1_666' title='bbox 615 4677 1056 4749; x_wconf 79' lang='grc' dir='ltr'>τεσσαρακοστὸν</span> <span class='ocrx_word' id='word_1_667' title='bbox 1086 4673 1204 4738; x_wconf 69' lang='grc' dir='ltr'>ἔτος</span> <span class='ocrx_word' id='word_1_668' title='bbox 1257 4673 1339 4725; x_wconf 82' lang='grc' dir='ltr'>ἔτι</span> <span class='ocrx_word' id='word_1_669' title='bbox 1371 4670 1629 4733; x_wconf 76' lang='grc' dir='ltr'>ἀνύοντος</span> <span class='ocrx_word' id='word_1_670' title='bbox 1653 4672 1721 4742; x_wconf 76' lang='grc' dir='ltr'>τῇ</span> <span class='ocrx_word' id='word_1_671' title='bbox 1770 4670 1912 4740; x_wconf 78' lang='grc' dir='ltr'>ἀρχῇ</span> 
     </span>
    </p>
   </div>
   <div class='ocr_carea' id='block_1_95' title="bbox 2015 4670 3621 4750">
    <p class='ocr_par' dir='ltr' id='par_1_95' title="bbox 2044 4671 3621 4746">
     <span class='ocr_line' id='line_1_95' title="bbox 2044 4671 3621 4746; baseline 0.006 -20"><span class='ocrx_word' id='word_1_672' title='bbox 2044 4671 2170 4726; x_wconf 87' lang='lat' dir='ltr'><strong>dem</strong></span> <span class='ocrx_word' id='word_1_673' title='bbox 2205 4672 2480 4728; x_wconf 84' lang='lat' dir='ltr'><strong>Antonius</strong></span> <span class='ocrx_word' id='word_1_674' title='bbox 2516 4673 2595 4728; x_wconf 91' lang='lat' dir='ltr'><strong>illi</strong></span> <span class='ocrx_word' id='word_1_675' title='bbox 2643 4689 2876 4746; x_wconf 81' lang='lat' dir='ltr'><strong>regnum</strong></span> <span class='ocrx_word' id='word_1_676' title='bbox 2920 4677 3256 4734; x_wconf 87' lang='lat' dir='ltr'><strong>auctoritate</strong></span> <span class='ocrx_word' id='word_1_677' title='bbox 3286 4693 3388 4735; x_wconf 87' lang='lat' dir='ltr'><strong>sua</strong></span> <span class='ocrx_word' id='word_1_678' title='bbox 3415 4682 3621 4736; x_wconf 82' lang='lat' dir='ltr'><strong>confir-</strong></span> 
     </span>
    </p>
   </div>
   <div class='ocr_carea' id='block_1_96' title="bbox 359 4761 1912 4843">
    <p class='ocr_par' dir='ltr' id='par_1_96' title="bbox 359 4761 1912 4843">
     <span class='ocr_line' id='line_1_96' title="bbox 359 4761 1912 4843; baseline -0.007 -18"><span class='ocrx_word' id='word_1_679' title='bbox 359 4773 540 4843; x_wconf 81' lang='grc' dir='ltr'>δόγμα</span> <span class='ocrx_word' id='word_1_680' title='bbox 570 4788 631 4824; x_wconf 87' lang='grc' dir='ltr'><strong>τε</strong></span> <span class='ocrx_word' id='word_1_681' title='bbox 667 4770 791 4823; x_wconf 83' lang='grc' dir='ltr'>καθ’</span> <span class='ocrx_word' id='word_1_682' title='bbox 830 4769 973 4840; x_wconf 73' lang='grc' dir='ltr'>ὅλης</span> <span class='ocrx_word' id='word_1_683' title='bbox 1011 4767 1113 4836; x_wconf 76' lang='grc' dir='ltr'>τῆς</span> <span class='ocrx_word' id='word_1_684' title='bbox 1143 4765 1321 4837; x_wconf 75' lang='grc' dir='ltr'>ἀρχῆς</span> <span class='ocrx_word' id='word_1_685' title='bbox 1352 4763 1788 4834; x_wconf 75' lang='grc' dir='ltr'>διαπέμψαντος,</span> <span class='ocrx_word' id='word_1_686' title='bbox 1810 4761 1912 4815; x_wconf 75' lang='grc' dir='ltr'>ἓκα</span> 
     </span>
    </p>
   </div>
   <div class='ocr_carea' id='block_1_97' title="bbox 2015 4761 3623 4843">
    <p class='ocr_par' dir='ltr' id='par_1_97' title="bbox 2045 4765 3623 4841">
     <span class='ocr_line' id='line_1_97' title="bbox 2045 4765 3623 4841; baseline 0.006 -22"><span class='ocrx_word' id='word_1_687' title='bbox 2045 4765 2235 4819; x_wconf 84' lang='lat' dir='ltr'><strong>mavit.</strong></span> <span class='ocrx_word' id='word_1_688' title='bbox 2270 4765 2448 4821; x_wconf 87' lang='lat' dir='ltr'><strong>Simul</strong></span> <span class='ocrx_word' id='word_1_689' title='bbox 2486 4777 2653 4836; x_wconf 89' lang='lat' dir='ltr'><strong>atque</strong></span> <span class='ocrx_word' id='word_1_690' title='bbox 2700 4783 2834 4824; x_wconf 83' lang='lat' dir='ltr'><strong>vero</strong></span> <span class='ocrx_word' id='word_1_691' title='bbox 2868 4768 2961 4825; x_wconf 88' lang='lat' dir='ltr'><strong>ille</strong></span> <span class='ocrx_word' id='word_1_692' title='bbox 3005 4770 3312 4841; x_wconf 71' lang='lat' dir='ltr'><strong>Cleopatra:</strong></span> <span class='ocrx_word' id='word_1_693' title='bbox 3346 4773 3623 4837; x_wconf 66' lang='lat' dir='ltr'><strong>desiderio</strong></span> 
     </span>
    </p>
   </div>
   <div class='ocr_carea' id='block_1_98' title="bbox 365 4854 1912 4934">
    <p class='ocr_par' dir='ltr' id='par_1_98' title="bbox 365 4854 1912 4934">
     <span class='ocr_line' id='line_1_98' title="bbox 365 4854 1912 4934; baseline -0.008 -16"><span class='ocrx_word' id='word_1_694' title='bbox 365 4883 490 4920; x_wconf 75' lang='grc' dir='ltr'>στον</span> <span class='ocrx_word' id='word_1_695' title='bbox 524 4867 606 4929; x_wconf 83' lang='grc' dir='ltr'><strong>είς</strong></span> <span class='ocrx_word' id='word_1_696' title='bbox 636 4866 736 4934; x_wconf 77' lang='grc' dir='ltr'>τὴν</span> <span class='ocrx_word' id='word_1_697' title='bbox 773 4863 908 4919; x_wconf 83' lang='grc' dir='ltr'>ίδίαν</span> <span class='ocrx_word' id='word_1_698' title='bbox 934 4862 1088 4915; x_wconf 81' lang='grc' dir='ltr'>πόλιν</span> <span class='ocrx_word' id='word_1_699' title='bbox 1114 4857 1616 4929; x_wconf 73' lang='grc' dir='ltr'>ἐναπογράφιοθαι,</span> <span class='ocrx_word' id='word_1_700' title='bbox 1639 4854 1912 4926; x_wconf 77' lang='grc' dir='ltr'>τηνικαῦτι</span> 
     </span>
    </p>
   </div>
   <div class='ocr_carea' id='block_1_99' title="bbox 2015 4854 3621 4934">
    <p class='ocr_par' dir='ltr' id='par_1_99' title="bbox 2042 4856 3621 4933">
     <span class='ocr_line' id='line_1_99' title="bbox 2042 4856 3621 4933; baseline 0.006 -22"><span class='ocrx_word' id='word_1_701' title='bbox 2042 4864 2105 4911; x_wconf 86' lang='lat' dir='ltr'><strong>et</strong></span> <span class='ocrx_word' id='word_1_702' title='bbox 2130 4870 2319 4911; x_wconf 86' lang='lat' dir='ltr'><strong>amore</strong></span> <span class='ocrx_word' id='word_1_703' title='bbox 2343 4867 2537 4927; x_wconf 87' lang='lat' dir='ltr'><strong>captus</strong></span> <span class='ocrx_word' id='word_1_704' title='bbox 2565 4868 2669 4924; x_wconf 88' lang='lat' dir='ltr'><strong>cst,</strong></span> <span class='ocrx_word' id='word_1_705' title='bbox 2703 4867 2758 4913; x_wconf 92' lang='lat' dir='ltr'><strong>et</strong></span> <span class='ocrx_word' id='word_1_706' title='bbox 2786 4858 2969 4916; x_wconf 60' lang='lat' dir='ltr'><strong>Casar</strong></span> <span class='ocrx_word' id='word_1_707' title='bbox 2997 4856 3281 4933; x_wconf 76' lang='lat' dir='ltr'><strong>Augustus</strong></span> <span class='ocrx_word' id='word_1_708' title='bbox 3304 4864 3373 4920; x_wconf 90' lang='lat' dir='ltr'><strong>ad</strong></span> <span class='ocrx_word' id='word_1_709' title='bbox 3401 4867 3621 4922; x_wconf 86' lang='lat' dir='ltr'><strong>Actium</strong></span> 
     </span>
    </p>
   </div>
   <div class='ocr_carea' id='block_1_100' title="bbox 364 4948 1912 5034">
    <p class='ocr_par' dir='ltr' id='par_1_100' title="bbox 364 4949 1912 5027">
     <span class='ocr_line' id='line_1_100' title="bbox 364 4949 1912 5027; baseline -0.008 -16"><span class='ocrx_word' id='word_1_710' title='bbox 364 4959 462 5013; x_wconf 75' lang='grc' dir='ltr'><strong>καὶ</strong></span> <span class='ocrx_word' id='word_1_711' title='bbox 522 4959 552 5011; x_wconf 86' lang='grc' dir='ltr'><strong>ό</strong></span> <span class='ocrx_word' id='word_1_712' title='bbox 605 4957 799 5027; x_wconf 78' lang='grc' dir='ltr'>Σωτὴρ</span> <span class='ocrx_word' id='word_1_713' title='bbox 844 4955 1002 5026; x_wconf 83' lang='grc' dir='ltr'>ημῶν</span> <span class='ocrx_word' id='word_1_714' title='bbox 1046 4952 1262 5024; x_wconf 81' lang='grc' dir='ltr'>Ἰησοῦς</span> <span class='ocrx_word' id='word_1_715' title='bbox 1299 4949 1539 5024; x_wconf 82' lang='grc' dir='ltr'>Χριστὸς</span> <span class='ocrx_word' id='word_1_716' title='bbox 1585 4949 1830 5002; x_wconf 80' lang='grc' dir='ltr'>τίκτεται</span> <span class='ocrx_word' id='word_1_717' title='bbox 1884 4964 1912 4999; x_wconf 87' lang='grc' dir='ltr'><strong>τ</strong></span> 
     </span>
    </p>
   </div>
   <div class='ocr_carea' id='block_1_101' title="bbox 2015 4948 3681 5034">
    <p class='ocr_par' dir='ltr' id='par_1_101' title="bbox 2049 4948 3681 5034">
     <span class='ocr_line' id='line_1_101' title="bbox 2049 4948 3681 5034; baseline 0.008 -33"><span class='ocrx_word' id='word_1_718' title='bbox 2049 4948 2239 5019; x_wconf 75' lang='lat' dir='ltr'><strong>pra-lio</strong></span> <span class='ocrx_word' id='word_1_719' title='bbox 2267 4951 2566 5005; x_wconf 81' lang='lat' dir='ltr'><strong>commis~o</strong></span> <span class='ocrx_word' id='word_1_720' title='bbox 2614 4966 2741 5006; x_wconf 90' lang='lat' dir='ltr'><strong>eum</strong></span> <span class='ocrx_word' id='word_1_721' title='bbox 2775 4952 3076 5010; x_wconf 83' lang='lat' dir='ltr'><strong>fortissime</strong></span> <span class='ocrx_word' id='word_1_722' title='bbox 3110 4957 3337 5021; x_wconf 83' lang='lat' dir='ltr'><strong>devicit,</strong></span> <span class='ocrx_word' id='word_1_723' title='bbox 3370 4968 3538 5028; x_wconf 89' lang='lat' dir='ltr'><strong>atque</strong></span> <span class='ocrx_word' id='word_1_724' title='bbox 3578 4960 3627 5013; x_wconf 82' lang='lat' dir='ltr'><strong>is</strong></span> <span class='ocrx_word' id='word_1_725' title='bbox 3676 5030 3681 5034; x_wconf 20' lang='grc' dir='ltr'>δ</span> 
     </span>
    </p>
   </div>
   <div class='ocr_carea' id='block_1_102' title="bbox 371 5039 1912 5121">
    <p class='ocr_par' dir='ltr' id='par_1_102' title="bbox 371 5039 1911 5121">
     <span class='ocr_line' id='line_1_102' title="bbox 371 5039 1911 5121; baseline -0.008 -18"><span class='ocrx_word' id='word_1_726' title='bbox 371 5048 835 5121; x_wconf 77' lang='grc' dir='ltr'>παραδοξότατον.</span> <span class='ocrx_word' id='word_1_727' title='bbox 878 5047 974 5111; x_wconf 86' lang='grc' dir='ltr'><strong>Τίς</strong></span> <span class='ocrx_word' id='word_1_728' title='bbox 1002 5044 1058 5102; x_wconf 78' lang='grc' dir='ltr'>δὲ</span> <span class='ocrx_word' id='word_1_729' title='bbox 1086 5047 1119 5117; x_wconf 77' lang='grc' dir='ltr'><strong>ἠ</strong></span> <span class='ocrx_word' id='word_1_730' title='bbox 1151 5049 1458 5116; x_wconf 74' lang='grc' dir='ltr'>γειναμένη</span> <span class='ocrx_word' id='word_1_731' title='bbox 1485 5043 1578 5096; x_wconf 74' lang='grc' dir='ltr'>καὶ</span> <span class='ocrx_word' id='word_1_732' title='bbox 1612 5043 1644 5095; x_wconf 78' lang='grc' dir='ltr'><strong>ό</strong></span> <span class='ocrx_word' id='word_1_733' title='bbox 1673 5040 1775 5109; x_wconf 79' lang='grc' dir='ltr'>τῆς</span> <span class='ocrx_word' id='word_1_734' title='bbox 1806 5039 1911 5110; x_wconf 69' lang='lat' dir='ltr'><strong>xui;</strong></span> 
     </span>
    </p>
   </div>
   <div class='ocr_carea' id='block_1_103' title="bbox 2015 5039 3624 5121">
    <p class='ocr_par' dir='ltr' id='par_1_103' title="bbox 2049 5041 3624 5118">
     <span class='ocr_line' id='line_1_103' title="bbox 2049 5041 3624 5118; baseline 0.004 -21"><span class='ocrx_word' id='word_1_735' title='bbox 2049 5043 2104 5097; x_wconf 88' lang='lat' dir='ltr'><strong>in</strong></span> <span class='ocrx_word' id='word_1_736' title='bbox 2159 5041 2373 5111; x_wconf 79' lang='lat' dir='ltr'><strong>Syriam</strong></span> <span class='ocrx_word' id='word_1_737' title='bbox 2422 5042 2692 5112; x_wconf 81' lang='lat' dir='ltr'><strong>pervenit,</strong></span> <span class='ocrx_word' id='word_1_738' title='bbox 2739 5058 2805 5098; x_wconf 89' lang='lat' dir='ltr'><strong>ac</strong></span> <span class='ocrx_word' id='word_1_739' title='bbox 2858 5045 3024 5115; x_wconf 88' lang='lat' dir='ltr'><strong>paulo</strong></span> <span class='ocrx_word' id='word_1_740' title='bbox 3071 5060 3195 5118; x_wconf 88' lang='lat' dir='ltr'><strong>post</strong></span> <span class='ocrx_word' id='word_1_741' title='bbox 3239 5049 3517 5103; x_wconf 82' lang='lat' dir='ltr'><strong>Antonius</strong></span> <span class='ocrx_word' id='word_1_742' title='bbox 3569 5059 3624 5103; x_wconf 76' lang='lat' dir='ltr'><strong>cl.</strong></span> 
     </span>
    </p>
   </div>
   <div class='ocr_carea' id='block_1_104' title="bbox 370 5132 1943 5212">
    <p class='ocr_par' dir='ltr' id='par_1_104' title="bbox 370 5132 1943 5212">
     <span class='ocr_line' id='line_1_104' title="bbox 370 5132 1943 5212; baseline -0.005 -20"><span class='ocrx_word' id='word_1_743' title='bbox 370 5157 509 5204; x_wconf 87' lang='grc' dir='ltr'>σεως</span> <span class='ocrx_word' id='word_1_744' title='bbox 546 5141 770 5212; x_wconf 84' lang='grc' dir='ltr'>τρόπος,</span> <span class='ocrx_word' id='word_1_745' title='bbox 819 5138 972 5192; x_wconf 78' lang='grc' dir='ltr'>ἔνθεν</span> <span class='ocrx_word' id='word_1_746' title='bbox 1008 5138 1113 5209; x_wconf 66' lang='grc' dir='ltr'>ἤδη</span> <span class='ocrx_word' id='word_1_747' title='bbox 1154 5138 1266 5206; x_wconf 84' lang='grc' dir='ltr'>ὲρῶ</span> <span class='ocrx_word' id='word_1_748' title='bbox 1294 5135 1530 5190; x_wconf 82' lang='grc' dir='ltr'>συνελὼν</span> <span class='ocrx_word' id='word_1_749' title='bbox 1577 5135 1701 5188; x_wconf 76' lang='grc' dir='ltr'>ὅσον</span> <span class='ocrx_word' id='word_1_750' title='bbox 1732 5132 1943 5202; x_wconf 76' lang='grc' dir='ltr'>ἐνδέχε-</span> 
     </span>
    </p>
   </div>
   <div class='ocr_carea' id='block_1_105' title="bbox 2047 5130 3623 5212">
    <p class='ocr_par' dir='ltr' id='par_1_105' title="bbox 2047 5130 3623 5212">
     <span class='ocr_line' id='line_1_105' title="bbox 2047 5130 3623 5212; baseline 0.002 -21"><span class='ocrx_word' id='word_1_751' title='bbox 2047 5130 2338 5205; x_wconf 73' lang='lat' dir='ltr'><strong>Cleopatra</strong></span> <span class='ocrx_word' id='word_1_752' title='bbox 2368 5134 2555 5190; x_wconf 84' lang='lat' dir='ltr'><strong>vivere</strong></span> <span class='ocrx_word' id='word_1_753' title='bbox 2585 5135 2877 5193; x_wconf 88' lang='lat' dir='ltr'><strong>desierunt</strong></span> <span class='ocrx_word' id='word_1_754' title='bbox 2912 5155 2927 5194; x_wconf 90' lang='lat'><strong>:</strong></span> <span class='ocrx_word' id='word_1_755' title='bbox 2963 5139 3072 5210; x_wconf 78' lang='lat'><strong>62</strong></span> <span class='ocrx_word' id='word_1_756' title='bbox 3107 5141 3225 5211; x_wconf 83' lang='lat' dir='ltr'><strong>ipse</strong></span> <span class='ocrx_word' id='word_1_757' title='bbox 3258 5156 3482 5212; x_wconf 89' lang='lat' dir='ltr'><strong>quoque</strong></span> <span class='ocrx_word' id='word_1_758' title='bbox 3513 5142 3623 5195; x_wconf 87' lang='lat' dir='ltr'><strong>Au-</strong></span> 
     </span>
    </p>
   </div>
   <div class='ocr_carea' id='block_1_106' title="bbox 365 5248 479 5285">
    <p class='ocr_par' dir='ltr' id='par_1_106' title="bbox 365 5248 479 5285">
     <span class='ocr_line' id='line_1_106' title="bbox 365 5248 479 5285; baseline 0.018 -2"><span class='ocrx_word' id='word_1_759' title='bbox 365 5248 479 5285; x_wconf 78' lang='grc' dir='ltr'>ται.</span> 
     </span>
    </p>
   </div>
   <div class='ocr_carea' id='block_1_107' title="bbox 2050 5224 3626 5302">
    <p class='ocr_par' dir='ltr' id='par_1_107' title="bbox 2050 5224 3626 5302">
     <span class='ocr_line' id='line_1_107' title="bbox 2050 5224 3626 5302; baseline 0.003 -22"><span class='ocrx_word' id='word_1_760' title='bbox 2050 5236 2244 5296; x_wconf 77' lang='lat' dir='ltr'><strong>gustus</strong></span> <span class='ocrx_word' id='word_1_761' title='bbox 2268 5224 2471 5281; x_wconf 86' lang='lat' dir='ltr'><strong>llerodi</strong></span> <span class='ocrx_word' id='word_1_762' title='bbox 2531 5226 2786 5283; x_wconf 89' lang='lat' dir='ltr'><strong>diadema</strong></span> <span class='ocrx_word' id='word_1_763' title='bbox 2815 5228 3098 5299; x_wconf 87' lang='lat' dir='ltr'><strong>imposuit,</strong></span> <span class='ocrx_word' id='word_1_764' title='bbox 3135 5246 3428 5302; x_wconf 84' lang='lat' dir='ltr'><strong>regemque</strong></span> <span class='ocrx_word' id='word_1_765' title='bbox 3458 5233 3626 5285; x_wconf 78' lang='lat' dir='ltr'><strong>totius</strong></span> 
     </span>
    </p>
   </div>
   <div class='ocr_carea' id='block_1_108' title="bbox 258 5317 3626 5396">
    <p class='ocr_par' dir='ltr' id='par_1_108' title="bbox 258 5317 3626 5396">
     <span class='ocr_line' id='line_1_108' title="bbox 258 5317 3626 5396; baseline -0.001 -16"><span class='ocrx_word' id='word_1_766' title='bbox 258 5356 277 5369; x_wconf 65' lang='grc' dir='ltr'><em>κ</em></span> <span class='ocrx_word' id='word_1_767' title='bbox 365 5325 569 5381; x_wconf 73' lang='lat' dir='ltr'><strong>Judzea:</strong></span> <span class='ocrx_word' id='word_1_768' title='bbox 619 5324 993 5396; x_wconf 71' lang='lat' dir='ltr'><strong>promulgatis,</strong></span> <span class='ocrx_word' id='word_1_769' title='bbox 1047 5338 1172 5378; x_wconf 83' lang='lat' dir='ltr'><strong>cum</strong></span> <span class='ocrx_word' id='word_1_770' title='bbox 1231 5321 1418 5393; x_wconf 88' lang='lat' dir='ltr'><strong>plures</strong></span> <span class='ocrx_word' id='word_1_771' title='bbox 1464 5319 1515 5374; x_wconf 88' lang='lat' dir='ltr'><strong>ei</strong></span> <span class='ocrx_word' id='word_1_772' title='bbox 1569 5319 1705 5374; x_wconf 85' lang='lat' dir='ltr'><strong>alias</strong></span> <span class='ocrx_word' id='word_1_773' title='bbox 1743 5317 1947 5390; x_wconf 86' lang='lat' dir='ltr'><strong>adjecit</strong></span> <span class='ocrx_word' id='word_1_774' title='bbox 1985 5320 2260 5388; x_wconf 82' lang='lat' dir='ltr'><strong>regiones,</strong></span> <span class='ocrx_word' id='word_1_775' title='bbox 2330 5328 2446 5374; x_wconf 90' lang='lat' dir='ltr'><strong>tum</strong></span> <span class='ocrx_word' id='word_1_776' title='bbox 2492 5318 2711 5377; x_wconf 74' lang='lat' dir='ltr'><strong>Arabia:</strong></span> <span class='ocrx_word' id='word_1_777' title='bbox 2777 5321 2943 5377; x_wconf 89' lang='lat' dir='ltr'><strong>etiam</strong></span> <span class='ocrx_word' id='word_1_778' title='bbox 2983 5325 3430 5395; x_wconf 85' lang='lat' dir='ltr'><strong>procurationem</strong></span> <span class='ocrx_word' id='word_1_779' title='bbox 3470 5339 3626 5379; x_wconf 81' lang='lat' dir='ltr'><strong>com-</strong></span> 
     </span>
    </p>
   </div>
   <div class='ocr_carea' id='block_1_109' title="bbox 371 5413 3624 5489">
    <p class='ocr_par' dir='ltr' id='par_1_109' title="bbox 371 5413 3624 5489">
     <span class='ocr_line' id='line_1_109' title="bbox 371 5413 3624 5489; baseline -0.001 -12"><span class='ocrx_word' id='word_1_780' title='bbox 371 5425 537 5480; x_wconf 85' lang='lat' dir='ltr'><strong>misit.</strong></span> <span class='ocrx_word' id='word_1_781' title='bbox 571 5423 677 5479; x_wconf 83' lang='lat' dir='ltr'><strong>Sed</strong></span> <span class='ocrx_word' id='word_1_782' title='bbox 723 5422 868 5477; x_wconf 90' lang='lat' dir='ltr'><strong>cnim</strong></span> <span class='ocrx_word' id='word_1_783' title='bbox 907 5429 967 5476; x_wconf 92' lang='lat' dir='ltr'><strong>ut</strong></span> <span class='ocrx_word' id='word_1_784' title='bbox 1009 5434 1235 5476; x_wconf 84' lang='lat' dir='ltr'><strong>serenas</strong></span> <span class='ocrx_word' id='word_1_785' title='bbox 1267 5417 1655 5488; x_wconf 85' lang='lat' dir='ltr'><strong>secundasque</strong></span> <span class='ocrx_word' id='word_1_786' title='bbox 1683 5417 1805 5489; x_wconf 88' lang='lat' dir='ltr'><strong>ejus</strong></span> <span class='ocrx_word' id='word_1_787' title='bbox 1849 5431 1938 5473; x_wconf 83' lang='lat' dir='ltr'><strong>res</strong></span> <span class='ocrx_word' id='word_1_788' title='bbox 1986 5413 2209 5472; x_wconf 89' lang='lat' dir='ltr'><strong>fortuna</strong></span> <span class='ocrx_word' id='word_1_789' title='bbox 2274 5415 2567 5489; x_wconf 75' lang='lat' dir='ltr'><strong>indignans</strong></span> <span class='ocrx_word' id='word_1_790' title='bbox 2605 5418 2820 5475; x_wconf 89' lang='lat' dir='ltr'><strong>acerbis</strong></span> <span class='ocrx_word' id='word_1_791' title='bbox 2858 5419 3007 5476; x_wconf 89' lang='lat' dir='ltr'><strong>domi</strong></span> <span class='ocrx_word' id='word_1_792' title='bbox 3055 5420 3276 5477; x_wconf 84' lang='lat' dir='ltr'><strong>casibus</strong></span> <span class='ocrx_word' id='word_1_793' title='bbox 3309 5418 3624 5485; x_wconf 85' lang='lat' dir='ltr'><strong>vindicarit,</strong></span> 
     </span>
    </p>
   </div>
   <div class='ocr_carea' id='block_1_110' title="bbox 413 5620 1942 5716">
    <p class='ocr_par' dir='ltr' id='par_1_110' title="bbox 413 5620 1942 5716">
     <span class='ocr_line' id='line_1_110' title="bbox 413 5620 1942 5716; baseline -0.009 -28"><span class='ocrx_word' id='word_1_794' title='bbox 413 5630 686 5716; x_wconf 26' lang='lat' dir='ltr'><strong>.(l).Alii</strong></span> <span class='ocrx_word' id='word_1_795' title='bbox 758 5630 1114 5687; x_wconf 78' lang='lat' dir='ltr'><strong>Mariammen</strong></span> <span class='ocrx_word' id='word_1_796' title='bbox 1179 5626 1477 5685; x_wconf 79' lang='lat' dir='ltr'><strong>Alexandri</strong></span> <span class='ocrx_word' id='word_1_797' title='bbox 1543 5624 1709 5679; x_wconf 86' lang='lat' dir='ltr'><strong>filiam</strong></span> <span class='ocrx_word' id='word_1_798' title='bbox 1766 5620 1942 5676; x_wconf 79' lang='lat' dir='ltr'><strong>fuisse</strong></span> 
     </span>
    </p>
   </div>
   <div class='ocr_carea' id='block_1_111' title="bbox 371 5703 1945 5845">
    <p class='ocr_par' dir='ltr' id='par_1_111' title="bbox 371 5703 1945 5845">
     <span class='ocr_line' id='line_1_111' title="bbox 371 5703 1945 5845; baseline -0.01 -15"><span class='ocrx_word' id='word_1_799' title='bbox 371 5703 812 5845; x_wconf 45' lang='lat' dir='ltr'><strong>dligiltysanias</strong></span> <span class='ocrx_word' id='word_1_800' title='bbox 860 5771 1144 5827; x_wconf 60' lang='lat' dir='ltr'><strong>Ptolemaei</strong></span> <span class='ocrx_word' id='word_1_801' title='bbox 1196 5770 1398 5837; x_wconf 72' lang='lat' dir='ltr'><strong>blintei,</strong></span> <span class='ocrx_word' id='word_1_802' title='bbox 1445 5769 1541 5842; x_wconf 86' lang='lat' dir='ltr'><strong>qui</strong></span> <span class='ocrx_word' id='word_1_803' title='bbox 1572 5767 1638 5824; x_wconf 83' lang='lat' dir='ltr'><strong>ad</strong></span> <span class='ocrx_word' id='word_1_804' title='bbox 1675 5764 1945 5823; x_wconf 84' lang='lat' dir='ltr'><strong>Libanum</strong></span> 
     </span>
    </p>
   </div>
   <div class='ocr_carea' id='block_1_112' title="bbox 372 5845 851 5910">
    <p class='ocr_par' dir='ltr' id='par_1_112' title="bbox 372 5845 851 5910">
     <span class='ocr_line' id='line_1_112' title="bbox 372 5845 851 5910; baseline -0.002 -11"><span class='ocrx_word' id='word_1_805' title='bbox 372 5845 654 5910; x_wconf 73' lang='lat' dir='ltr'><strong>habitavit,</strong></span> <span class='ocrx_word' id='word_1_806' title='bbox 686 5846 851 5899; x_wconf 81' lang='lat' dir='ltr'><strong>illius.</strong></span> 
     </span>
    </p>
   </div>
   <div class='ocr_carea' id='block_1_113' title="bbox 628 5934 1363 5998">
    <p class='ocr_par' dir='ltr' id='par_1_113' title="bbox 628 5934 1363 5998">
     <span class='ocr_line' id='line_1_113' title="bbox 628 5934 1363 5998; baseline -0.007 -3"><span class='ocrx_word' id='word_1_807' title='bbox 628 5942 898 5998; x_wconf 61' lang='lat' dir='ltr'><strong>l‘ATItUL.</strong></span> <span class='ocrx_word' id='word_1_808' title='bbox 932 5938 1045 5996; x_wconf 72' lang='lat' dir='ltr'><strong>Cu.</strong></span> <span class='ocrx_word' id='word_1_809' title='bbox 1083 5934 1307 5997; x_wconf 76' lang='lat' dir='ltr'><strong>CXLV.</strong></span> <span class='ocrx_word' id='word_1_810' title='bbox 1360 5934 1363 5937; x_wconf 63' lang='grc'><em>“</em></span> 
     </span>
    </p>
   </div>
   <div class='ocr_carea' id='block_1_114' title="bbox 2123 5596 3451 5704">
    <p class='ocr_par' dir='ltr' id='par_1_114' title="bbox 2123 5620 3451 5704">
     <span class='ocr_line' id='line_1_114' title="bbox 2123 5620 3451 5704; baseline -0.003 -27"><span class='ocrx_word' id='word_1_811' title='bbox 2123 5620 2199 5704; x_wconf 64' lang='lat' dir='ltr'><strong>(ii)</strong></span> <span class='ocrx_word' id='word_1_812' title='bbox 2232 5622 2476 5703; x_wconf 76' lang='lat' dir='ltr'><strong>llcrodes</strong></span> <span class='ocrx_word' id='word_1_813' title='bbox 2509 5621 2720 5704; x_wconf 77' lang='lat' dir='ltr'><strong>primus</strong></span> <span class='ocrx_word' id='word_1_814' title='bbox 2752 5638 2818 5677; x_wconf 78' lang='lat' dir='ltr'><strong>ex</strong></span> <span class='ocrx_word' id='word_1_815' title='bbox 2846 5621 3072 5704; x_wconf 71' lang='lat' dir='ltr'><strong>advenis</strong></span> <span class='ocrx_word' id='word_1_816' title='bbox 3097 5620 3451 5704; x_wconf 47' lang='grc' dir='ltr'>Ιιμίεοεεχεχ.</span> 
     </span>
    </p>
   </div>
   <div class='ocr_carea' id='block_1_115' title="bbox 2124 5689 3585 5765">
    <p class='ocr_par' dir='ltr' id='par_1_115' title="bbox 2124 5689 3585 5765">
     <span class='ocr_line' id='line_1_115' title="bbox 2124 5689 3585 5765; baseline 0.001 -21"><span class='ocrx_word' id='word_1_817' title='bbox 2124 5689 2202 5765; x_wconf 72' lang='grc' dir='ltr'><strong>(ί)</strong></span> <span class='ocrx_word' id='word_1_818' title='bbox 2232 5693 2695 5765; x_wconf 74' lang='lat' dir='ltr'><strong>Antoniusbuuc</strong></span> <span class='ocrx_word' id='word_1_819' title='bbox 2741 5693 2918 5748; x_wconf 83' lang='lat' dir='ltr'><strong>securi</strong></span> <span class='ocrx_word' id='word_1_820' title='bbox 2965 5693 3258 5765; x_wconf 83' lang='lat' dir='ltr'><strong>percussit.</strong></span> <span class='ocrx_word' id='word_1_821' title='bbox 3306 5689 3585 5765; x_wconf 68' lang='lat' dir='ltr'><strong>(JosephJ</strong></span> 
     </span>
    </p>
   </div>
   <div class='ocr_carea' id='block_1_116' title="bbox 2126 5762 3032 5835">
    <p class='ocr_par' dir='ltr' id='par_1_116' title="bbox 2126 5762 3032 5835">
     <span class='ocr_line' id='line_1_116' title="bbox 2126 5762 3032 5835; baseline 0.002 -20"><span class='ocrx_word' id='word_1_822' title='bbox 2126 5764 2201 5834; x_wconf 72' lang='grc'><strong>(5)</strong></span> <span class='ocrx_word' id='word_1_823' title='bbox 2239 5764 2452 5833; x_wconf 75' lang='grc' dir='ltr'><strong>Ιυδι-ριι.</strong></span> <span class='ocrx_word' id='word_1_824' title='bbox 2483 5762 2583 5819; x_wconf 84' lang='lat' dir='ltr'><strong>lib.</strong></span> <span class='ocrx_word' id='word_1_825' title='bbox 2622 5779 2729 5830; x_wconf 54' lang='grc' dir='ltr'>ειν,</span> <span class='ocrx_word' id='word_1_826' title='bbox 2763 5779 2883 5835; x_wconf 83' lang='lat' dir='ltr'><strong>cap.</strong></span> <span class='ocrx_word' id='word_1_827' title='bbox 2931 5764 3032 5818; x_wconf 86' lang='lat' dir='ltr'><strong>ult.</strong></span> 
     </span>
    </p>
   </div>
   <div class='ocr_carea' id='block_1_117' title="bbox 3150 5919 3223 5980">
    <p class='ocr_par' dir='ltr' id='par_1_117' title="bbox 3150 5919 3223 5980">
     <span class='ocr_line' id='line_1_117' title="bbox 3150 5919 3223 5980; baseline 0.027 -2"><span class='ocrx_word' id='word_1_828' title='bbox 3150 5919 3223 5980; x_wconf 74' lang='lat'><strong>21</strong></span> 
     </span>
    </p>
   </div>
  </div>
