4032 6430
277 420 388 482 653

1247 402 1857 466 ECCLESIASTlC/E
1891 392 2285 463 HISTORIA!
2326 402 2475 463 LIB.
2510 404 2565 464 Ι.

3434 405 3543 470 654

273 527 612 592 δουλώσωσι,
662 522 921 587 καθάπαξ
952 519 1365 590 ἅφιερωθεῖσαν
1408 518 1549 588 Θεῷ.
1583 516 1752 576 Αὖθις
1802 515 1858 570 δὲ

1975 533 2054 573 res
2082 518 2295 582 divina,
2331 517 2558 597 intacta,
2590 527 2645 573 et
2684 529 3058 583 sacrosancta,
3102 520 3159 575 in
3210 521 3395 592 templi
3431 538 3557 577 san-

273 624 515 692 γυναῖκα
546 619 699 690 ὥραν
727 617 829 689 ἤδη
854 616 1068 684 φύσεως
1099 613 1350 683 ἔχουσαν,
1379 610 1530 673 ἐντὸς
1557 610 1665 663 τῶν
1690 609 1856 680 ἱερῶν

275 712 598 783 ἀνακτόρων
624 708 965 779 περιπολεῖν,
997 705 1111 759 οὔτ’
1138 704 1428 774 ἐφειμένον
1456 703 1535 774 τῷ
1567 704 1721 773 νόμῳ
1744 702 1856 756 δεῖν

274 805 448 877 ᾤοντο
466 821 480 838 ο
510 804 606 857 καὶ
635 802 751 872 ἅμα
784 800 861 871 τῷ
894 798 1184 871 πράγματι
1209 796 1271 850 τὸ
1300 796 1503 866 σεμνὸν
1528 796 1590 849 οὐ
1620 793 1852 866 προσῆν.

275 898 455 955 Πολλὰ
485 892 774 964 τοιγαροῦν
797 892 907 962 imi.
937 890 1200 953 πολλάκις
1229 889 1361 959 περὶ
1389 886 1585 942 τούτου
1630 888 1857 941 διασκο-

276 991 596 1059 πουμένοις,
629 984 841 1055 γίνεταί
863 1001 946 1046 τις
971 981 1156 1036 θεόθεν
1177 981 1475 1049 ὲπισκοπὴ,
1506 981 1589 1034 ἑνί
1615 998 1720 1034 τινι
1746 979 1857 1033 τῶν

276 1082 406 1150 περὶ
436 1079 497 1132 τὸ
529 1076 676 1146 ἱερὸν
710 1074 1008 1146 μνηστείας
1042 1074 1268 1144 ὀνόματι
1293 1072 1482 1127 δοῦναι
1527 1072 1628 1143 τὴν
1658 1071 1857 1126 παῖδαο

274 1173 481 1225 ἐκεῖνον
515 1168 560 1221 δ’
606 1163 748 1221 εἶναι
799 1164 1074 1230 τοιοῦτον,
1118 1159 1232 1218 οἷον
1281 1164 1419 1235 πρὸς
1469 1162 1720 1232 φυλακὴν
1756 1160 1861 1231 τῆς

276 1262 573 1331 παρθενίας
601 1258 787 1324 δεξιῶς
813 1257 978 1328 ἔχειν.
1014 1257 1128 1310 Οὐκ
1149 1256 1309 1318 ἄλλος
1329 1255 1514 1308 τοίνυν
1536 1254 1629 1307 τοῦ
1657 1253 1858 1324 Ἰωσὴφ

275 1353 449 1407 ἐδόκει
470 1351 731 1422 ἁρμόδιος
762 1351 900 1420 πρὸς
919 1348 1021 1420 τὴν
1042 1347 1146 1418 τῆς
1184 1346 1487 1418 μνηστείας
1510 1346 1681 1416 μόνης
1698 1346 1862 1399 συνά-

277 1462 458 1514 φειαν,
497 1444 792 1515 προσήκων
824 1458 883 1495 τε
915 1441 1060 1495 κατὰ
1090 1442 1247 1519 γένος
1277 1441 1419 1510 αὐτῇ
1445 1455 1459 1470 ·
1496 1440 1595 1508 τῆς
1629 1439 1737 1509 γὰρ
1759 1439 1860 1490 αὑ-

274 1540 369 1607 τῆς
403 1538 576 1606 φυλῆς
622 1532 714 1606 ἦν,
748 1535 846 1588 καὶ
877 1534 1056 1597 ἄλλως
1099 1533 1246 1604 γήρᾳ
1274 1532 1367 1585 καὶ
1407 1532 1582 1602 σεμνῇ
1610 1529 1860 1601 πολιτείᾳ

276 1635 340 1684 ἐκ
373 1628 569 1684 πολλοῦ
601 1630 660 1681 τὸ
692 1628 1012 1693 ἀξιόπιστον
1047 1625 1315 1696 εἰληφώς.

1966 608 2142 664 ctiore
2165 608 2286 664 loco
2316 619 2373 664 et
2396 610 2575 681 adytis
2601 610 2737 680 ipsis
2766 611 3007 667 vivebat.
3033 612 3332 682 Postquam
3361 624 3546 669 autem

1966 700 2232 764 adolevit.
2269 703 2566 757 consilium
2613 703 2932 760 sacerdotes
2967 705 3268 775 agitarunt,
3314 705 3449 776 quid
3482 706 3551 759 de

1963 807 2030 848 ea
2063 802 2394 853 statuerent.
2428 810 2497 850 ne
2534 794 2587 848 in
2621 811 2837 850 sacrum
2869 796 2993 866 ejus
3022 811 3228 867 corpus
3255 797 3551 852 admittere

1965 886 2267 958 quidquam
2293 888 2641 943 viderentur.
2670 888 3030 960 Sacrileginm
3055 905 3297 958 namque
3323 904 3554 959 prorsus

1966 993 2026 1035 se
2070 982 2470 1037 commissuros
2515 982 2803 1051 putabant,
2864 982 2910 1035 si
2942 981 3062 1035 viro
3096 995 3216 1035 eam
3253 983 3556 1051 conjunge-

1961 1080 2105 1138 rent,
2137 1072 2248 1145 64
2296 1082 2459 1142 atque
2493 1075 2547 1128 in
2583 1075 2909 1129 servitutem
2946 1074 3252 1146 coniugalis
3288 1073 3423 1144 legis
3460 1090 3552 1127 re-

1964 1165 2241 1237 digerent,
2285 1183 2407 1237 quae
2446 1168 2616 1222 semel
2654 1168 2767 1222 Deo
2810 1167 2987 1222 dicata
3035 1178 3202 1223 esset.
3254 1168 3299 1223 E
3333 1167 3555 1222 diverso

1965 1267 2148 1312 autem
2180 1259 2418 1328 puellam
2449 1274 2518 1314 co
2545 1260 2724 1314 aetatis
2752 1258 2907 1322 ﬂore,
2935 1260 2990 1313 in
3022 1260 3320 1314 sacratiore
3349 1259 3555 1328 templo

1964 1349 2200 1411 versari,
2252 1364 2355 1403 nec
2396 1349 2729 1418 permissum
2777 1350 2896 1420 lege
2935 1349 3228 1418 putabant,
3276 1362 3380 1402 nec
3434 1364 3551 1402 rem

1971 1441 2108 1496 satis
2148 1441 2437 1496 honestam
2484 1450 2543 1496 et
2580 1441 2839 1496 decoram
2886 1456 3015 1496 esse
3059 1440 3342 1495 ridebant.
3395 1439 3554 1509 Saepe

1968 1532 2158 1602 itaque
2192 1541 2249 1587 et
2279 1532 2516 1587 multum
2558 1547 2617 1587 re
2650 1531 2981 1597 deliberata,
3025 1532 3297 1587 divinitus
3329 1533 3414 1588 eis
3454 1547 3557 1602 per

1968 1619 2384 1694 inspirationem
2418 1625 2759 1691 ostenditur,
2793 1633 2856 1679 ut
2885 1639 3006 1680 eam
3051 1625 3215 1680 alicui
3246 1640 3313 1680 ex
3359 1625 3430 1679 iis
3455 1625 3555 1695 qui

275 1722 342 1776 ad
388 1721 650 1791 templum
701 1717 895 1773 sedulo
931 1726 1141 1784 essent,
1188 1731 1406 1788 Sponsas
1449 1717 1674 1773 nomine
1704 1715 2142 1772 committerent.
2209 1718 2350 1774 Eum
2417 1732 2552 1774 vero
2617 1719 2780 1774 talem
2825 1733 2951 1774 esse
2980 1718 3209 1785 debere,
3279 1720 3370 1775 cui
3405 1730 3557 1776 recte

276 1816 608 1889 virginitatis
659 1813 912 1870 custodia
975 1813 1432 1872 demandaretur.
1505 1816 1675 1871 Porro
1736 1829 1845 1869 non
1886 1813 2029 1870 alius
2061 1815 2181 1884 ipso
2244 1814 2487 1886 Josepho
2546 1815 2701 1869 visns
2732 1823 2817 1869 est
2845 1828 2969 1869 esse
2993 1814 3168 1884 magis
3192 1813 3451 1879 idoneus,
3478 1818 3552 1872 ad

275 1913 519 1966 solorum
539 1908 882 1977 sponsalium
904 1907 1352 1978 coniunctionem
1374 1908 1854 1964 contrahendam:
1897 1904 2105 1978 quippe
2143 1908 2238 1978 qni
2270 1905 2690 1977 propinquitate
2760 1904 2982 1974 generis
3046 1919 3166 1959 eam
3202 1906 3552 1977 contingeret

279 2006 550 2087 (ejusdem
589 2006 738 2060 enim
772 2005 954 2061 tribus
1022 2004 1229 2074 erant),
1277 2003 1507 2072 insuper
1541 2015 1673 2057 vero
1715 1998 1795 2070 (1)
1836 2009 1893 2056 et
1930 1999 2086 2054 senio
2124 2006 2182 2053 et
2221 1997 2511 2055 honestate
2557 2014 2777 2054 morum
2842 1999 3174 2072 jampridem
3226 2000 3387 2056 bonae
3423 2001 3551 2058 tidei

279 2097 753 2153 existimationem
786 2106 1124 2153 consecutus
1157 2105 1326 2151 esset.

878 2213 1130 2268 ΚΕΦΔΛ.
1176 2209 1259 2266 H'.

2555 2200 2788 2259 CAPUT
2829 2202 2966 2258 Vill.

283 2328 420 2394 Περὶ
458 2328 566 2382 τοῦ
617 2326 1068 2395 εὐαγγελισμοῦ
1107 2323 1220 2395 τῆς
1279 2327 1609 2395 ὐπεραγίας
1656 2325 1864 2395 Georg-

1975 2320 2046 2374 De
2096 2320 2523 2395 Annttrttiatione
2570 2319 2920 2395 sanctissima:
2977 2319 3070 2395 Dei
3124 2319 3445 2395 Ccnitricis;
3490 2325 3555 2395 de

348 2391 496 2451 stoer
526 2400 623 2452 καὶ
658 2391 793 2465 περὶ
828 2391 1179 2465 τῆςδὰγεάδ
1219 2391 1556 2457 Ἐλισᾶὅέτ,
1610 2392 1708 2465 κᾳὶ
1754 2391 1867 2459 τῆς

353 2469 684 2537 κυοφςρίας
712 2463 941 2533 ἀὺτῆζνο
975 2465 1075 2537 arcti
1105 2466 1237 2533 περὶ
1281 2464 1394 2533 τῆς
1442 2463 1712 2537 ταραχῆς
1758 2465 1866 2537 τοῦ

347 2530 696 2607 grtia-{0,00%
725 2530 939 2606 Ἰωσὴφ
962 2535 1062 2590 διὰ
1084 2530 1201 2602 τὴιλ
1222 2530 1637 2606 ὑπερφυᾶτοῧ
1656 2530 1866 2602 Ἰησοῦ

353 2609 699 2676 σύλληψιν.

355 2719 465 2773 Καὶ
492 2719 555 2788 δὴ
590 2720 648 2769 ὲν
676 2718 931 2786 Ναζαρὲτ
967 2720 1217 2780 σύνοικος
1249 2716 1518 2787 γενομένη
1546 2715 1862 2787 τῷἹωσὴφ,

286 2813 436 2881 παρὰ
457 2811 551 2864 τοῦ
573 2810 921 2878 ἀρχαγγέλου
940 2808 1358 2878 εὐαγγελίζεται
1378 2808 1639 2879 Γαϐριὴλ,
1664 2807 1862 2875 Xa7pe,

286 2903 558 2971 λέγοντος,
614 2904 1079 2972 αεχιιριτωμένη,
1150 2904 1184 2955 ό
1246 2901 1460 2969 Κύριος
1508 2899 1664 2970 μετὰ
1705 2897 1821 2953 σοῦ
1847 2915 1860 2930 ο

289 2995 385 3047 καὶ
424 2995 541 3064 ἅμα
581 2994 659 3063 τῷ
683 2994 850 3065 λόγῳ,
892 2993 1256 3064 ἀμεταὸἀτως
1287 2993 1535 3047 κάτεισιν
1568 2993 1596 3045 ό
1624 2991 1867 3062 προαιώ-

289 3102 399 3148 νιος
418 3086 510 3138 τοῦ
541 3085 676 3139 Θεοῦ
706 3086 900 3154 Λόγος,
935 3085 1031 3138 καὶ
1060 3084 1161 3156 τὴν
1187 3086 1467 3156 ἡμετέραν
1490 3084 1655 3153 φύσιν
1682 3085 1864 3154 ἀρρή-

286 3196 392 3239 τως
428 3182 519 3233 καὶ
551 3179 845 3248 ὑπερφυῶς
897 3177 1211 3244 ὑποδύεται,
1252 3176 1476 3247 κραθεὶς
1533 3178 1629 3230 καὶ
1680 3178 1866 3245 μιγεὶς

286 3271 624 3341 ἀνεννοήτως
667 3272 746 3339 τῷ
795 3269 1130 3338 ἀνθρωπίνῳ
1170 3269 1477 3338 φυράμασι-ι.
1514 3269 1658 3322 Ἀλλ’
1699 3271 1729 3322 ὁ
1766 3271 1867 3341 μὲν

287 3364 519 3431 ἄγγελος
562 3364 655 3415 τὸν
710 3361 1008 3432 ἀσπασμὸν
1059 3362 1183 3424 δοὺς
1231 3362 1394 3431 αὐτῇ,
1448 3361 1862 3432 ἀπηλλάττετοο

287 3455 473 3522 ἐκείνη
508 3453 564 3505 δὲ
602 3453 807 3523 σπουδῇ
861 3454 929 3522 τῇ
984 3451 1169 3523 ὀρεινῇ
1217 3452 1529 3523 πρόσεισιν,
1575 3452 1714 3522 ὁμοῦ
1764 3452 1865 3522 μὲν

2037 2403 2225 2444 sancta
2262 2389 2558 2453 Elisabeth,
2591 2390 2808 2460 ejusque
2861 2392 3000 2443 uteri
3030 2393 3357 2460 gestatione;
3397 2400 3444 2445 et
3493 2393 3556 2444 de

2038 2460 2434 2531 conturbatione
2483 2460 2665 2531 sponsi
2716 2459 2935 2528 Ioseph,
2977 2459 3194 2530 propter
3223 2463 3459 2516 divinam
3504 2471 3556 2515 ct

2035 2530 2503 2599 supernaturalem
2525 2530 2650 2584 Iesu
2679 2531 3089 2599 conceptionem.
3520 2554 3549 2571 -ο

2038 2710 2230 2780 Itaque
2265 2709 2320 2764 in
2354 2708 2626 2764 Nazareth
2652 2722 2779 2763 cum
2805 2708 3048 2778 Josepho
3076 2707 3423 2765 domicilium
3458 2709 3554 2765 illa

1968 2803 2201 2865 habens,
2231 2803 2301 2857 ab
2324 2801 2657 2873 arehangelo
2679 2800 2934 2857 Gabriele
2957 2801 3142 2856 laetum
3177 2802 3383 2871 accipit
3407 2818 3556 2857 nun-

1969 2897 2108 2950 tium
2140 2911 2155 2948 :
2190 2895 2318 2959 Ave,
2345 2893 2586 2958 dicente,
2620 2893 2800 2962 gratia
2830 2890 3018 2961 plena,
3054 2891 3313 2947 Dominus
3350 2903 3548 2960 tecum,

1967 2996 2026 3042 et
2051 2985 2218 3041 simul
2249 2999 2373 3039 cum
2407 3000 2470 3039 ea
2499 2984 2615 3054 ipsa
2651 2999 2793 3038 voce
2822 2982 3254 3040 intransibiliter
3283 2994 3555 3040 aeternum

1968 3087 2026 3134 et
2052 3078 2453 3133 antesaeculare
2490 3076 2735 3135 Verbum
2769 3077 2862 3132 tlei
2909 3076 3220 3141 descendit.
3270 3088 3328 3135 et
3361 3081 3557 3135 condi-

1970 3173 2178 3229 tionem
2225 3181 2596 3242 naturamque
2637 3182 2919 3237 nostram,
2966 3172 3332 3229 inenarrabili
3393 3185 3558 3229 natu-

1971 3280 2198 3337 ramque
2233 3275 2535 3336 superante
2565 3266 2732 3321 modo
2761 3266 2937 3327 subit,
2969 3282 3135 3336 supra
3164 3269 3370 3324 mentis
3400 3270 3561 3325 intel-

1969 3358 2321 3430 ligentiaeque
2371 3368 2577 3414 nostras
2621 3370 2869 3430 captum,
2921 3376 3117 3417 massas
3174 3371 3231 3417 et
3280 3363 3560 3419 fermento

1967 3453 2214 3506 humano
2267 3453 2491 3508 mistum
2540 3462 2704 3524 atque
2763 3462 3156 3525 temperatum.
3214 3455 3282 3512 Et
3325 3461 3556 3528 angelus

287 3548 380 3598 καὶ
412 3545 504 3597 τὸν
531 3544 654 3598 κατ’
679 3546 850 3615 αὐτὴν
878 3545 970 3598 δια
1014 3544 1110 3599 τοῦ
1142 3544 1380 3612 ἀγγέλου
1420 3544 1732 3614 παράδοξον
1774 3561 1865 3597 το-

1975 3544 2194 3614 qoidem
2247 3545 2585 3601 salutatione
2631 3545 3022 3616 legationeqne
3068 3548 3316 3616 functus,
3370 3552 3442 3605 ab
3488 3567 3556 3608 ea

288 3639 446 3691 κετὸν
475 3638 770 3705 διαγνοῦσα
793 3653 808 3668 ο
850 3638 966 3706 ἅμα
992 3637 1048 3691 δὲ
1082 3639 1178 3692 καὶ
1223 3636 1415 3706 μαθεῖν
1448 3636 1754 3690 σπεύδουσα
1802 3637 1865 3688 τὸ

290 3730 413 3783 κατ’
442 3732 610 3798 αὐτὴν
641 3729 863 3798 γεγονὸς
895 3730 1283 3799 προσήκουσάν
1314 3747 1373 3782 τε
1400 3727 1479 3799 τῷ
1511 3728 1660 3798 γένει
1694 3727 1865 3782 οὖσαν

289 3821 391 3891 τὴν
427 3820 709 3874 Ἐλισάϐετ
737 3819 1114 3886 ἀσπάσασθαι,
1159 3818 1266 3884 ἔξω
1305 3818 1501 3889 χρόνου
1543 3819 1637 3872 καὶ
1690 3818 1867 3889 αὐτὴν

290 3914 380 3967 τὸν
445 3913 695 3982 Ἰωάννην
726 3915 806 3976 εἰς
857 3913 1019 3966 ἕκτον
1077 3913 1226 3983 μῆνα
1273 3912 1375 3984 ἤδη
1435 3911 1861 3984 κυοφοροῦσαν⁹

290 4006 464 4069 ἄλλως
498 4023 558 4057 τε
593 4005 650 4058 δὲ
695 4006 791 4059 καὶ
833 4004 910 4076 τῷ
949 4004 1131 4074 πολλῷ
1169 4007 1348 4076 χρόνῳ
1377 4005 1599 4075 οἰομένη
1630 4004 1778 4076 ἔχειν
1811 4021 1866 4058 τι

291 4098 612 4164 καινότερον
672 4099 892 4167 ἐκείνην
942 4099 1034 4150 ἐπὶ
1077 4097 1157 4167 τῷ
1186 4097 1362 4168 καινῷ
1412 4099 1515 4166 τῆς
1546 4097 1867 4168 συλλήψεως

293 4185 684 4254 ἀπαγγέλλειν.
718 4185 979 4256 Πρόσεισι
1002 4185 1296 4255 τοιγαροῦν
1325 4186 1417 4239 καὶ
1446 4184 1773 4251 ἀσπάζεται.
1809 4187 1869 4241 Ὁ

293 4277 348 4330 δὲ
379 4281 507 4341 παῖς
539 4279 680 4346 αὐτῇ
703 4277 865 4330 ’ἐκτον
893 4276 996 4348 ἤδη
1032 4278 1176 4346 μῆνα
1209 4277 1438 4348 πληρῶν
1473 4277 1572 4349 ἡδύ
1598 4294 1654 4331 τι
1676 4278 1868 4344 ἐσκίρ-

292 4385 361 4421 τα
385 4385 400 4399 ο
433 4372 527 4421 καὶ
548 4371 577 4422 ό
605 4370 931 4438 ὲγγάστριος
967 4369 1156 4433 δοῦλος
1185 4368 1265 4439 τῷ
1290 4371 1350 4422 ὲν
1377 4371 1577 4441 γαστρὶ
1617 4372 1866 4443 Δεσπότῃ

292 4462 394 4528 τὴν
431 4459 804 4530 προσκύνησιν
833 4460 1117 4528 ὰφωσίου,
1160 4463 1255 4512 καὶ
1294 4461 1356 4513 τὸ
1388 4461 1563 4530 στόμα
1590 4464 1656 4531 τῇ
1698 4466 1869 4531 μητρὶ
1906 4532 1909 4535 η

293 4552 698 4623 δανειζόμενος,
743 4552 1043 4623 ὑπερφυῶς
1088 4555 1467 4622 προεφήτευε,
1533 4554 1752 4623 μητέρα
1809 4570 1868 4607 τε

293 4643 391 4696 τοῦ
426 4644 634 4714 Κυρίου
666 4643 874 4713 ταύτην
900 4642 1105 4708 καλῶν,
1155 4643 1251 4696 καὶ
1274 4645 1330 4696 ὲν
1358 4641 1609 4710 γυναιξὶν
1640 4644 1872 4715 εὐλογη-

297 4736 490 4805 μένην,
535 4734 636 4787 καὶ
665 4734 882 4804 καρπὸν
924 4733 1136 4795 κοιλίας
1170 4734 1233 4786 τὸ
1263 4735 1324 4787 ὲν
1357 4734 1531 4804 ταύτῃ
1570 4736 1871 4804 κυοφορούα

297 4837 484 4891 μενον,
532 4822 699 4890 μηδὲν
745 4822 946 4892 δηλαδὴ
976 4821 1431 4892 συμϐαλλομένης
1477 4824 1577 4892 τῆς
1620 4824 1869 4895 ἁνδρῴας

293 4913 480 4982 γονῆς.
521 4912 805 4966 Ἐντεῦθεν
857 4912 1086 4983 κάκείνη
1135 4916 1250 4976 τοῖς
1290 4917 1431 4967 κατὰ
1467 4916 1671 4968 σκοπὸν
1715 4919 1865 4970 ἑντυ·

1975 4924 2240 4979 honorem
2294 4928 2542 4983 sanctius
2596 4929 2746 4985 dicat
2795 4946 2810 4985 :

293 5007 487 5076 χοῦσα,
524 5006 657 5076 θείῳ
689 5023 749 5059 τε
781 5006 1241 5077 καθυπηρετοῦσα
1279 5007 1559 5078 Πνεύματι
1584 5010 1756 5080 τύφου
1793 5011 1870 5076 ὡς

296 5098 636 5168 πορρωτάτω
669 5100 853 5164 κενοῦ,
883 5101 1089 5172 ἑαυτήν
1108 5118 1171 5155 τε
1200 5102 1517 5183 μαοιαρίζει,
1537 5104 1634 5157 καλ⁸
1667 5105 1728 5158 τὸ
1752 5107 1871 5159 ἐσόα

299 5203 462 5256 μενον
510 5189 879 5259 ἁριδηλότατα
927 5192 1262 5261 διαγγέλλει.
1307 5193 1465 5247 Ἐπεὶ
1491 5195 1538 5247 δ’
1568 5196 1762 5267 ἔθιμον
1799 5195 1869 5270 ἦν

368 5348 446 5419 (ι)
486 5366 505 5400 ι
535 5348 926 5429 IIomojustus,
955 5350 1105 5429 eiad
1129 5354 1867 5429 testimoniumeonjugalis

298 5434 514 5502 semper
536 5434 808 5500 mansurae
843 5420 1175 5502 virginitatis
1198 5424 1431 5502 electus.
1472 5446 1490 5478 ι
1528 5420 1867 5502 (Augustin)

303 5490 479 5565 c_Non
509 5490 771 5565 eonjngti,
807 5491 902 5545 sed
951 5492 1217 5565 custodia:
1246 5500 1443 5565 gratia,
1486 5490 1555 5550 ad
1619 5490 1869 5555 tEstimol

296 5561 448 5638 nium
489 5562 566 5612 rei
602 5564 820 5638 tutum,
851 5576 958 5638 non
988 5564 1217 5638 n_ot_ha_m
1251 5561 1374 5619 sive
1412 5567 1751 5638 “legitimam
1789 5572 1871 5624 vi-

299 5631 513 5706 delicet
557 5629 826 5706 accidisse
895 5631 1102 5706 tlhristi
1164 5633 1216 5686 in
1285 5650 1450 5690 carne
1506 5629 1865 5706 'provinciam

298 5700 633 5760 obeundam,
675 5701 769 5754 sed
802 5702 1050 5756 veritatis
1080 5707 1428 5760 attestatione
1464 5700 1582 5763 sin:
1629 5712 1730 5763 viri
1782 5728 1868 5766 se-

297 5771 445 5844 niine
471 5772 524 5844 in
559 5771 764 5844 Si-iiritn
793 5784 982 5826 sancto
1007 5783 1162 5827 certo
1189 5774 1560 5844 dispensatam
1614 5778 1801 5835 fuisse.
1843 5801 1860 5834 ι

303 5840 595 5911 (Ερίριιίιη.
623 5843 821 5896 Contra
852 5840 1457 5919 Αιιιὶιίιεοηιανὶιιὶιίιαε.)
1492 5866 1509 5900 ι
1553 5849 1664 5906 lloc
1684 5864 1866 5909 autem

1969 3636 2245 3692 discessit.
2286 3637 2404 3706 Ipsa
2441 3652 2577 3691 vero
2608 3637 3004 3695 festinabunda
3037 3641 3103 3694 ad
3143 3655 3296 3695 oram
3333 3653 3556 3699 monta-

1968 3742 2096 3782 nam
2130 3729 2434 3792 concessit,
2469 3729 2633 3785 simnl
2670 3739 2727 3786 et
2755 3740 2971 3800 partum
3006 3744 3205 3800 prreter
3228 3736 3551 3805 opinionem

1967 3820 2074 3875 sibi
2097 3821 2166 3876 ab
2187 3822 2383 3892 angelo
2402 3822 2788 3877 denuntiatum
2821 3823 3202 3891 considerans,
3230 3836 3289 3882 et
3320 3827 3371 3882 id
3397 3830 3549 3898 quod

1970 3913 2039 3969 de
2071 3930 2131 3970 se
2175 3913 2471 3971 accidisset
2513 3930 2854 3986 cognoscere
2902 3916 3219 3974 festinans:
3260 3931 3552 3990 praeterea.

1972 4013 2032 4060 nt
2066 4015 2359 4085 cognatam
2388 4021 2542 4061 suam
2594 4006 2878 4062 Elisab:th
2923 4009 3192 4066 salutaret
3221 4022 3278 4066 et
3312 4013 3560 4085 alloque-

1971 4106 2147 4163 retur,
2192 4113 2315 4169 qua:
2339 4078 2397 4154 dt
2422 4099 2562 4168 ipsa,
2593 4108 2795 4169 praeter
2825 4109 3068 4167 aetatem,
3108 4103 3161 4156 in
3196 4115 3411 4159 sextum
3439 4078 3553 4177 iam

1971 4191 2527 4256 mensem,Joannem
2557 4191 2613 4245 in
2644 4205 2803 4247 utero
2831 4194 3057 4264 gravida
3091 4197 3362 4266 gestabat.
3390 4199 3558 4254 Puta-

1972 4281 2068 4336 bat
2096 4282 2339 4352 denique
2373 4284 2543 4348 illam,
2579 4286 2726 4354 quod
2765 4286 3133 4355 provectioris
3172 4299 3319 4342 esset
3353 4291 3553 4350 aetatis.

1971 4372 2102 4427 novi
2145 4373 2452 4443 quidquam
2503 4374 2611 4428 sibi
2658 4375 2931 4431 dicturam
2991 4380 3557 4452 annuntiatnramqne

1969 4476 2095 4517 esse
2132 4463 2201 4518 de
2234 4478 2376 4517 nova
2435 4462 2601 4518 fretus
2646 4467 2731 4521 sui
2782 4471 3168 4539 conceptione.
3202 4471 3334 4527 Adit
3365 4473 3556 4546 itaque

1971 4568 2092 4608 eam
2139 4565 2197 4608 et
2246 4556 2468 4610 salutat.
2516 4556 2702 4611 Infans
2767 4568 2952 4613 autem
2992 4562 3142 4618 illius
3188 4574 3404 4620 sextum
3435 4569 3550 4638 jam

1971 4648 2207 4717 impleas
2254 4666 2528 4715 mensem,
2578 4653 2828 4708 suaviter
2874 4655 3100 4711 subsilit
3147 4669 3204 4711 et
3252 4662 3496 4718 exsultat
3539 4681 3553 4716 :

1971 4739 2079 4812 65
2128 4741 2483 4812 famulusque
2522 4744 2578 4798 in
2626 4753 2785 4802 utero
2830 4749 3128 4806 conclusus
3172 4751 3428 4822 Domino,
3461 4759 3554 4828 qni

1973 4844 2031 4888 et
2070 4834 2187 4904 ipse
2221 4836 2278 4889 in
2310 4847 2473 4892 utero
2511 4839 2856 4908 gestabatur,
2909 4840 3158 4898 debitum
3210 4846 3558 4906 adorationis

2795 4946 2810 4986 :
2857 4941 2914 4988 et
2966 4949 3064 4990 ore
3109 4948 3361 4994 materno
3395 4945 3552 5013 quasi

1976 5023 2171 5070 mutuo
2206 5026 2450 5087 sumpto,
2482 5033 2651 5088 supra
2691 5031 2907 5079 natura:
2936 5037 3159 5098 captum
3190 5031 3553 5099 vaticinatur,

1975 5116 2207 5163 matrem
2246 5123 2368 5164 eam
2416 5109 2631 5166 Domini
2677 5128 2905 5181 vocans,
2934 5116 3213 5189 simulque
3249 5122 3397 5178 inter
3434 5143 3556 5181 mu-

1974 5199 2142 5255 lieres
2186 5200 2535 5271 bencd‘ictam
2590 5219 2605 5257 :
2653 5220 2757 5261 nec
2791 5208 2978 5263 minus
3028 5213 3243 5268 ventris
3285 5215 3556 5284 fructum,

1974 5365 2227 5447 exemplo
2262 5364 2837 5448 magniticeﬁdelibus
2866 5370 3178 5430 insinuatur
3200 5376 3554 5448 coniugibus,

1975 5448 2141 5490 etiam
2189 5449 2403 5491 servata
2457 5451 2573 5517 part
2618 5453 2919 5517 consensd
2958 5449 3297 5502 continentia
3325 5486 3341 5511 ,
3387 5465 3553 5517 posse

1976 5521 2307 5587 permanere
2343 5510 2639 5587 vocarique
2702 5510 3054 5587 conjugium,
3118 5532 3228 5571 non
3284 5510 3556 5587 perinisto

1976 5576 2229 5644 corporis
2278 5590 2448 5635 sexu.
2506 5579 2602 5635 sed
2654 5576 2935 5633 custodito
3017 5576 3219 5641 mentis
3263 5576 3487 5642 a'n'eetn.
3531 5610 3550 5641 ι

1976 5646 2227 5726 (ᾼιιειιει.
2263 5646 2340 5699 De
2370 5661 2622 5726 consensu
2649 5664 2836 5726 evang.
2869 5650 2968 5704 lib.
3008 5668 3068 5715 ll,
3092 5670 3211 5724 cap.
3241 5657 3290 5711 1.
3301 5662 3319 5726 )
3347 5675 3367 5708 ι
3395 5659 3557 5713 Josc-

1977 5717 2120 5784 phus
2155 5732 2324 5771 senex
2353 5716 2651 5795 admodum
2697 5716 2823 5795 fuit,
2872 5716 3185 5794 octuaginta
3220 5716 3342 5795 plu's
3374 5730 3559 5785 minus

1977 5797 2138 5840 natus
2158 5802 2353 5866 annos,
2382 5794 2436 5839 et
2466 5801 2560 5842 sex
2588 5803 2654 5843 ex
2688 5788 2870 5859 priore
2911 5788 3148 5866 conjuge
3177 5788 3369 5852 habuit
3411 5799 3553 5855 libeo

1978 5871 2086 5913 ros.
2119 5876 2138 5909 ι
2166 5857 2483 5927 (Εμὶυιιιιιη
