4032 6470
317 457 419 519 65Ἶ

1283 451 1894 516 ECCLESIASTlC/E
1937 451 2332 512 HISTORI/E
2371 454 2511 515 LIB.
2551 455 2597 517 Ι.

3498 455 3624 518 658·

318 571 544 640 σειρὰν,
604 570 666 622 τδ
714 569 990 623 Ἰουδαίων
1049 571 1203 632 ἔθνος
1263 568 1432 621 παλαι
1492 566 1906 637 βασιλευόμενοι

2035 577 2073 621 ιι
2099 575 2259 622 antea
2290 567 2425 629 dixi,
2465 585 2494 622 a
2520 571 2638 624 suis
2665 572 3031 643 principibus,
3065 573 3157 644 qui
3186 588 3251 628 ex
3277 562 3425 625 tribu
3449 570 3607 627 Jlltl'tB

237 718 252 732 ,
313 665 540 734 ἤγοντο,
577 664 735 732 ἄχρις
766 655 829 714 οὗ
867 659 1176 729 Αὔγουστος
1215 660 1486 730 μόναρχος
1521 659 1862 729 ἀνηγόρευτο
1887 671 1903 687 ’

313 755 398 824 ἐφ’
423 752 484 806 οὗ
519 752 735 823 πρῶτος
768 751 1016 822 Ἡρώδης
1045 750 1348 819 ἀλλόφυλος
1378 747 1476 816 ὢν,
1503 749 1602 820 τὴν
1631 748 1740 801 τῶν
1777 748 1908 800 Ἰου-

313 849 480 902 δαίων
511 847 649 917 πρὸς
682 847 976 915 Ῥωμαίων
1006 844 1368 915 ἐπιτρέπεται
1400 842 1702 912 βασιλείαν,
1740 842 1906 895 Ἰδου-

316 944 477 1012 μαῖος
515 939 592 994 ὢν
633 940 694 993 τὸ
729 942 912 1009 γένος,
954 939 1030 1004 ὡς
1065 939 1313 1010 Ἰωσήπῳ
1350 937 1521 1000 δοκεῖ,
1563 937 1629 990 ὲκ
1671 935 1904 1006 πατρὸς,

326 1032 584 1100 Ἀράϐιος
627 1031 684 1084 δὲ
729 1033 870 1085 κατὰ
905 1032 1006 1102 τὴν
1047 1032 1284 1102 μητέρα.
1319 1030 1684 1099 Ἀντίπατρος
1724 1027 1832 1098 γὰρ
1878 1028 1908 1080 ό

312 1124 506 1178 τούτου
544 1127 727 1194 πατὴρ
749 1165 762 1188 ,
795 1123 856 1191 ἐξ
891 1123 1154 1195 Ἀραϐίας
1188 1123 1381 1192 ἄγεται
1417 1123 1652 1191 γυναῖκα
1684 1119 1908 1190 Κύπριν

314 1219 520 1286 ὄνομα,
565 1217 601 1288 ἢ
643 1218 858 1287 πατέρα
904 1218 1181 1287 τεττάρων
1224 1218 1434 1271 παίδων
1478 1217 1663 1269 ποιεῖ’
1709 1208 1783 1267 ὧν
1829 1207 1912 1273 εἷς

249 1307 258 1316 ”
315 1303 472 1372 οὗτος
493 1308 745 1380 Ἡρώδης
772 1306 862 1382 ἦν.
888 1309 976 1374 Ὠς
1007 1311 1053 1365 δ’
1087 1309 1404 1382 Ἀφρικανῷ
1433 1309 1592 1378 δόξαν
1617 1309 1713 1363 καὶ
1736 1306 1911 1377 τούτῳ

319 1402 577 1472 πλείστην
603 1403 666 1455 ἐκ
690 1402 790 1471 τῆς
821 1404 1145 1475 συγγραφῆς
1177 1401 1655 1475 περιϐαλλομένη),
1687 1417 1706 1452 ι
1737 1398 1917 1452 Ἀντί-

319 1511 547 1568 πατρος,
585 1495 774 1565 φησὶν,
806 1498 836 1549 ό
872 1495 1116 1566 Ἡρώδου
1149 1496 1295 1560 τινὸς
1331 1494 1756 1555 Ἀσκαλωνίτου,
1790 1490 1914 1545 δού-

317 1586 407 1649 λος
447 1585 637 1656 ἱερέως
665 1585 812 1650 τινδς
842 1586 953 1640 τῶν
984 1587 1114 1657 περὶ
1146 1587 1240 1640 τον
1271 1587 1407 1640 νεὼν
1440 1584 1533 1638 τοῦ
1573 1583 1912 1646 Ἀπόλλωνος

317 1671 782 1748 διαί-πονουμένων.
811 1677 887 1732 Οὔ
911 1679 1004 1731 τὸν
1031 1679 1198 1732 παῖδα
1229 1677 1585 1747 Ἀντίπατρον
1609 1676 1692 1730 ἔτι
1715 1677 1918 1748 νήπιον

315 1772 476 1836 ὄντα,
513 1772 806 1842 Ἰδουμαῖοι
834 1772 1032 1846 λῃσταὶ
1063 1773 1505 1843 διαρπάσαντες,
1541 1770 1674 1839 παρ’
1698 1769 1916 1832 ἑαυτοῖς

317 1857 501 1932 εἶχονο
544 1862 772 1932 ῥύεσθαι
810 1862 919 1936 γὰρ
956 1863 1122 1916 αὑτὸν
1157 1863 1187 1915 ὁ
1217 1863 1409 1933 πατὴρ
1436 1863 1642 1933 ἄπορος
1673 1857 1742 1933 ἦν
1778 1862 1915 1932 χρή-

322 1971 469 2026 ματα
511 1955 911 2026 καταθέμενος,
958 1975 976 2008 ι
1022 1955 1132 2009 Καὶ
1169 1957 1352 2010 τοίνυν
1391 1957 1493 2010 ὑπ’
1509 1955 1743 2017 ἐκείνοις
1780 1970 1917 2025 τρα-

319 2049 462 2115 φεὶς,
488 2047 666 2115 ἔδοξεν
695 2047 992 2116 Ἰδουμαῖος
1023 2045 1186 2102 εἶναι.
1218 2049 1545 2120 Ἑτύστερον
1572 2046 1632 2100 δὲ
1660 2044 1916 2118 ’Υρκανῷ

318 2141 396 2213 τῷ
427 2141 690 2206 Ἰουδαίας
724 2143 992 2213 ἀρχιερεῖ,
1024 2141 1082 2204 ὃς
1117 2142 1394 2196 Ἰουδαίων
1426 2141 1645 2210 πρῶτος
1675 2140 1917 2210 διάδημα

321 2235 640 2307 περιέθετο,
685 2237 841 2306 φίλος
883 2236 1202 2304 γενόμενος,
1247 2236 1342 2289 καὶ
1387 2237 1444 2288 ὲν
1485 2235 1605 2298 ταῖς
1648 2233 1786 2304 πρὸς
1824 2231 1918 2284 τὴν

319 2329 554 2400 ἀδελφὸν
595 2329 1017 2401 Ἀριστόϐουλον
1059 2329 1274 2382 ἐκείνου
1313 2328 1604 2398 διαφοραῖς
1645 2326 1920 2398 χρήσιμος

326 2423 668 2493 ἀναφανεὶς,
713 2423 808 2478 καὶ
854 2425 956 2494 τὴν
1007 2422 1290 2494 βασιλείαν
1339 2421 1725 2490 ἐλευθερώσας
1770 2421 1921 2490 αύτῷ

328 2519 806 2590 περικοπτομένην
853 2519 958 2570 ὑπο
1024 2517 1122 2570 τοῦ
1198 2515 1456 2586 ἀδελφοῦ,
1487 2516 1685 2570 ἔπειτα
1726 2515 1782 2568 δὲ
1825 2516 1922 2568 καὶ

338 2611 630 2683 Ῥωμαίοις
661 2612 746 2680 ἐφ’
773 2612 945 2666 ἅπασι
974 2609 1152 2675 δεξιὸς
1180 2608 1445 2679 γεγονὼς,
1477 2609 1612 2679 πρὸς
1645 2607 1923 2676 Αἴγυπτόν

327 2724 388 2759 τε
418 2706 512 2760 καὶ
534 2706 780 2778 ’Ἄραϐας
808 2705 1282 2774 διαπονουμένοις,
1310 2705 1544 2774 ἐπείπερ
1575 2700 1925 2773 Ἀριστόϐου-

329 2800 420 2864 λος
454 2801 550 2871 μὲν
582 2798 688 2853 ύπὺ
723 2799 1014 2870 Πομπηΐου
1045 2798 1263 2869 δέσμιος
1295 2797 1542 2870 αἰσχρῶς
1575 2797 1669 2850 ἐπὶ
1698 2793 1924 2866 Ῥώμην

331 2891 606 2964 sntit-son,
633 2893 728 2945 καὶ
753 2892 814 2945 τὸ
847 2892 1120 2945 Ἰουδαίων
1147 2890 1300 2952 ἔθνος
1330 2890 1652 2954 δεδούλωτο,
1683 2887 1926 2958 ηὐτύχη-

335 2999 427 3037 σεν
473 2975 627 3045 οὗτος
679 2981 1023 3052 ἐπιμελητὴς
1071 2981 1171 3051 τῆς
1228 2981 1597 3050 Παλαιστίνης
1647 2977 1925 3048 γενέσθαι.

347 3074 502 3129 Ἐπεὶ
548 3076 594 3129 δ’
625 3075 921 3146 ἐσύστερον
968 3076 1322 3146 αἰχμάλωτος
1371 3074 1470 3127 καὶ
1505 3072 1777 3145 Ὑρκανὸς
1822 3072 1929 3125 ὑπὸ

337 3168 569 3238 Πάρθων
600 3168 766 3241 ea)...
796 3170 876 3230 είς
905 3166 964 3220 ὃν
995 3165 1228 3220 ὕστατον
1257 3166 1324 3220 τὰ
1353 3167 1452 3235 τῆς
1483 3165 1592 3218 τῶν
1620 3163 1935 3236 ἀρχιερέων

336 3262 600 3332 περιέστη
635 3261 912 3332 διαδοχῆς,
939 3261 1036 3314 καὶ
1070 3260 1436 3331 Ἀντίπατρος
1466 3257 1724 3313 ἐντεῦθεν
1753 3258 1932 3330 μέγας

336 3355 631 3424 γενόμενος
658 3354 890 3424 Μαλίχῳ
912 3353 1022 3406 τινί
1051 3353 1242 3416 δολίως
1270 3352 1568 3423 ἀνῄρηται,
1595 3352 1655 3416 ὃς
1685 3351 1934 3422 Ἡρώδου

335 3447 524 3516 πατὴρ
574 3441 643 3516 ἦν
674 3463 689 3476 ο
746 3444 902 3509 οὗτος
959 3445 1264 3515 πάμπολλά
1313 3462 1438 3498 τινα
1485 3447 1600 3508 τοῖς
1641 3444 1935 3514 Ῥωμαίων

339 3542 670 3610 στρατηγοῖς
712 3539 1090 3608 καταθέμενος
1132 3541 1422 3609 χρήματα,
1463 3541 1560 3592 καὶ
1600 3539 1724 3602 ὅλος
1763 3537 1935 3592 εἴκειν

339 3633 462 3693 ταῖς
505 3631 732 3685 ἐκείνων
775 3634 1120 3702 προσταγαῖς
1161 3632 1568 3702 ὑποσχόμενος,
1611 3632 1712 3703 τὴν
1759 3631 1937 3703 ἀρχὴν

339 3724 712 3793 ἐγχειρίζεται
740 3739 751 3750 ·
802 3722 898 3775 τοῦ
945 3723 1056 3794 γὰρ
1099 3723 1384 3794 Καίσαρος
1425 3723 1745 3792 Αὐγούστου
1797 3723 1940 3794 μετὰ

342 3815 567 3886 βαρείας
593 3815 883 3887 δυνάμεως
905 3815 1020 3880 τοῖς
1045 3815 1164 3867 κατ’
1189 3816 1471 3884 Αἴγυπτον
1499 3814 1750 3887 σκηπτοῦ
1777 3815 1937 3885 δίκην

340 3910 665 3974 ἐπελθόντος
697 3927 710 3941 ·
751 3914 955 3972 σκοπὸς
989 3909 1047 3962 δὲ
1081 3909 1232 3980 αὑτῷ
1267 3909 1632 3980 Κλεοπάτραν
1666 3908 1938 3981 χειρώσα-

345 4002 507 4069 σθαι,
543 4004 622 4066 είς
657 4003 725 4070 ἣν
759 4001 1002 4073 ὑστάτην
1037 4003 1069 4074 ἡ
1102 4002 1214 4055 τῶν
1245 4002 1306 4068 ἐξ
1341 4002 1702 4073 Ἀλεξάνδρου
1741 4004 1942 4057 Πτολε-

349 4097 513 4167 μαίου
545 4097 898 4169 Μακεδονικὴ
929 4097 1225 4151 δυναστεία
1256 4098 1525 4169 κατέληξε
1549 4119 1564 4131 ·
1595 4099 1732 4171 πρὸς
1759 4100 1816 4154 δὲ
1844 4102 1940 4154 καὶ

357 4189 667 4257 Ἄντώνιον,
691 4195 804 4256 τοῖς
829 4193 1045 4266 ἐκείνης
1076 4195 1291 4266 ἱμέροις
1318 4196 1625 4264 ἑαλωκότα,
1653 4200 1941 4271 πρόσεισιν

357 4285 611 4356 Ἡρώδης
657 4283 836 4352 οὗτος,
881 4289 1155 4357 σύμπανθ’
1179 4289 1400 4358 ἕτοιμος
1441 4295 1700 4362 χορηγεῖν
1738 4295 1840 4346 ὅσα
1887 4295 1940 4362 γ’

349 4380 543 4451 ἐκείνῳ
580 4378 804 4452 θυμὴρη
829 4420 844 4446 ,
878 4383 1002 4434 σῖτα
1033 4383 1128 4435 καὶ
1158 4381 1300 4436 ὅπλα
1332 4385 1428 4437 καὶ
1459 4386 1685 4456 χρυσίον
1717 4389 1818 4441 οὐκ
1848 4391 1942 4443 εύ-

351 4471 678 4543 αρίθμητον,
711 4475 806 4526 καὶ
844 4476 1166 4545 συμμαχίαν
1200 4477 1301 4546 τὴν
1336 4479 1592 4549 ἐεικτήν.
1633 4479 1718 4545 Ὠς
1755 4482 1811 4533 δὲ
1849 4483 1944 4536 καὶ

2014 673 2190 728 genus
2221 663 2531 727 ducerent,
2563 680 2700 735 gens
2737 665 3056 720 Judteorum
3097 666 3230 720 olim
3267 664 3421 734 regio
3450 678 3606 716 more

2014 753 2328 824 regebatur,
2362 755 2540 810 donec
2563 758 2846 836 Augustus
2881 774 3026 814 unus
3060 759 3324 828 solusque
3370 756 3608 824 impera-

2015 853 2102 900 tor
2151 855 2237 901 est
2296 834 2646 903 renuntiatus
2693 868 2706 904 :
2747 850 2851 904 sub
2902 866 3016 920 quo
3067 848 3284 919 primus
3337 834 3626 911 Herodes,

2012 937 2225 993 advena
2252 947 2310 994 et
2336 941 2665 1013 alienigena,
2699 959 2730 998 a
2763 943 3029 998 Romanis
3076 942 3471 997 demandatum
3499 939 3608 994 sibi

2007 1028 2324 1086 Judzeorum
2354 1047 2583 1104 regnum
2606 1035 2840 1104 accepit.
2867 1035 2996 1092 Fuit
3025 1035 3070 1090 is
3103 1043 3336 1105 paterno
3368 1047 3602 1103 genere,

2016 1129 2077 1175 ut
2107 1121 2383 1194 Josepbus
2417 1125 2698 1194 Opinatur,
2740 1125 3013 1180 lduutzeus
3041 1167 3058 1193 ,
3105 1133 3358 1180 materno
3393 1133 3608 1183 autem,

2016 1214 2213 1270 Arabs.
2268 1216 2560 1287 Antipater
2604 1221 2780 1285 enim,
2834 1219 3006 1289 hujus
3036 1227 3218 1288 pater,
3283 1233 3348 1273 ex
3408 1215 3612 1271 Arabia

2019 1324 2242 1365 uxorem
2272 1309 2491 1382 Cyprim
2524 1311 2683 1368 duxit
2714 1327 2728 1364 :
2763 1329 2890 1384 qum.
2915 1329 3041 1367 eum
3088 1322 3329 1382 quatuor
3371 1311 3613 1364 filiorum

2016 1411 2229 1472 patrem
2291 1403 2458 1469 fecit,
2508 1420 2746 1474 quorum
2821 1422 2966 1461 unus
3014 1405 3262 1460 Herodes
3331 1404 3424 1459 hic
3485 1402 3610 1457 fuit.

2016 1495 2086 1552 Ut
2136 1504 2320 1550 autem
2393 1497 2654 1552 Africano
2715 1498 2968 1563 videtur,
3036 1497 3131 1568 qui
3195 1507 3253 1554 ct
3313 1498 3432 1567 ipse
3501 1511 3618 1550 ma-

2021 1604 2180 1660 gnam
2235 1597 2323 1646 est
2391 1590 2446 1646 in
2504 1592 2818 1648 scribendis
2896 1592 3144 1647 historiis
3203 1593 3423 1648 laudem
3477 1606 3616 1644 con-

2013 1693 2294 1738 sccutus:
2353 1669 2393 1735 ι’
2431 1683 2722 1754 Antipater
2777 1685 2893 1754 (sic
2969 1684 3087 1756 ipse
3144 1683 3378 1752 scribit)
3451 1681 3622 1736 llet'ov

2016 1771 2104 1828 dis
2166 1763 2365 1844 p'atcr,
2421 1773 2566 1828 ﬁlius
2637 1774 2873 1832 Herodis
2937 1775 3229 1846 cujusdam
3292 1773 3623 1830 Ascalonitze

2021 1866 2148 1934 fuit,
2201 1853 2513 1922 sacerdotis
2570 1868 2882 1938 cujuspiam
2934 1870 3106 1933 servi,
3154 1867 3243 1922 cui
3303 1866 3357 1920 in
3411 1865 3618 1934 templo

2017 1960 2294 2026 Apollinis
2343 1976 2628 2016 sacrorum
2680 1977 2814 2016 cura
2873 1960 3208 2015 demandata
3248 1959 3450 2014 fuerat.
3509 1959 3620 2012 Hu-

2014 2054 2107 2125 jus
2160 2053 2340 2108 filium.
2390 2054 2740 2124 Antipatrum
2782 2054 2964 2108 adhuc
3014 2065 3266 2108 tenerqu
3327 2052 3621 2122 pra-dones

2023 2144 2245 2199 Idumaei
2303 2146 2527 2214 captum
2580 2145 2732 2215 apud
2779 2159 2839 2199 se
2882 2144 3263 2199 retinuerunt.
3324 2140 3634 2197 lledimero

2021 2238 2172 2293 enim
2229 2249 2387 2308 pater
2434 2253 2586 2305 eum,
2632 2249 2862 2310 propter
2913 2238 3163 2310 pecuniae
3211 2238 3480 2307 inopiam,
3513 2252 3623 2290 non

2023 2331 2226 2402 potuit.
2269 2349 2288 2383 ι
2327 2331 2518 2402 itaque
2547 2332 2696 2402 quod
2747 2331 2892 2401 apud
2925 2346 3024 2386 eos
3054 2340 3141 2386 est
3187 2331 3478 2395 educatus,
3522 2343 3626 2398 pro

2026 2423 2265 2478 ldutnaeo
2293 2423 2517 2479 habitus
2550 2432 2653 2478 est.
2682 2421 2878 2477 Postea
2906 2437 3041 2476 vero
3067 2421 3123 2475 in
3157 2419 3398 2490 Hyrcani
3421 2417 3631 2473 indm-

2025 2514 2315 2571 Pontilieis
2345 2514 2648 2570 amicitiam
2703 2514 2981 2585 pervenit,
3031 2523 3088 2569 et
3131 2513 3186 2567 in
3225 2511 3631 2568 certaminibus

2024 2611 2176 2665 illius
2229 2609 2501 2665 adversus
2560 2609 2791 2663 fratrem
2850 2607 3236 2663 Aristobulum
3293 2605 3634 2660 commodus

2027 2715 2347 2774 compertus
2384 2711 2470 2757 est
2506 2721 2518 2756 :
2553 2702 2662 2773 67
2695 2715 3042 2772 regnumque
3090 2699 3213 2771 ejus
3245 2698 3546 2754 admodum
3599 2714 3632 2753 a

2029 2796 2196 2850 fratre
2223 2795 2491 2858 accisum,
2530 2793 2584 2848 in
2627 2792 2947 2848 libertatem
2982 2790 3243 2847 asseruit.
3281 2788 3492 2844 Deinde
3527 2806 3632 2844 au-

2031 2898 2141 2943 tem
2191 2887 2459 2944 Romanis
2489 2887 2542 2941 in
2572 2888 2743 2942 rebus
2771 2886 3035 2941 omnibus
3073 2900 3134 2941 se
3187 2885 3382 2939 utilem
3434 2892 3493 2937 et
3542 2882 3636 2936 in-

2030 2981 2334 3045 dustrium,
2365 2996 2489 3036 cum
2524 2981 2800 3036 adversus
2833 2977 3120 3050 Egyptios
3154 2986 3212 3032 et
3243 2976 3454 3031 Arabes
3483 2975 3634 3030 bello

2032 3074 2286 3144 occupati
2316 3083 2524 3140 essent,
2559 3072 2819 3142 praebuit.
2851 3071 2922 3126 Et
2953 3081 3248 3142 po‘stquam
3274 3068 3638 3124 Aristobulus

2033 3168 2258 3238 quidem
2297 3183 2328 3221 a
2352 3167 2615 3235 Pompeio
2659 3167 2900 3236 turpiter
2949 3165 3196 3228 vinctus,
3233 3161 3460 3216 Romam
3495 3162 3632 3216 mis-

2036 3276 2153 3326 sus,
2205 3268 2261 3314 et
2294 3259 2615 3315 Judzeorum
2653 3256 2808 3313 natio
2859 3255 3134 3313 servitute
3185 3269 3452 3324 oppressa
3511 3261 3636 3315 est;

2037 3354 2312 3410 beneflcio
2343 3353 2583 3408 for-tunae
2624 3351 2756 3406 huic
2789 3350 3050 3421 contigit,
3079 3358 3140 3405 ut
3167 3356 3501 3417 procurator
3536 3346 3640 3400 Pa-

2035 3448 2265 3504 lwstinze
2300 3446 2478 3501 fieret.
2523 3445 2593 3500 Et
2632 3457 2760 3499 cum
2793 3443 3060 3513 deinceps
3095 3440 3384 3512 Hyrcanus
3411 3455 3640 3510 quoque

2037 3555 2068 3593 a
2098 3539 2317 3594 Parthis
2354 3547 2572 3607 captus,
2617 3535 2674 3590 in
2713 3551 2824 3606 quo
2853 3535 3049 3590 ultima
3083 3533 3376 3605 dignitatis
3411 3531 3640 3602 pontiﬁ-

2037 3633 2136 3688 ciae
2163 3631 2411 3687 constitit
2438 3629 2750 3694 successio,
2783 3637 2838 3683 ct
2860 3628 3150 3698 Antipater
3180 3625 3416 3681 Herodis
3450 3619 3642 3695 pater,

2038 3723 2131 3793 qui
2161 3721 2286 3776 inde
2323 3721 2500 3792 magis
2535 3724 2818 3792 magisque
2860 3727 3133 3782 creverat,
3166 3716 3387 3771 Malichi
3441 3699 3640 3785 cujus?

2040 3815 2164 3869 dam
2201 3813 2328 3868 dolo
2360 3821 2594 3868 necatus
2620 3820 2768 3867 esset
2797 3828 2808 3862 :
2835 3811 2881 3866 is
2910 3810 3028 3880 ipse
3073 3809 3342 3874 Herodes,
3382 3825 3636 3879 magnam

2040 3904 2150 3960 vim
2177 3903 2428 3974 pecunia:
2457 3903 2725 3957 Romanis
2751 3902 2988 3956 ducibus
3024 3901 3258 3972 largitus
3279 3943 3296 3967 ,
3327 3917 3634 3972 eorumque

2042 4012 2102 4054 se
2139 3999 2410 4068 imperata
2476 3995 2749 4052 facturum
2803 3994 3106 4065 pollicitus,
3158 4009 3390 4057 regnent
3433 3995 3502 4048 ab
3557 3997 3644 4047 eis

2043 4091 2307 4145 traditum
2342 4090 2579 4159 accepit.
2618 4086 2758 4143 Cum
2790 4087 2940 4142 enim
2968 4086 3154 4142 Caesar
3185 4091 3488 4158 Augustus,
3511 4103 3638 4142 eum

2043 4185 2254 4256 ingenti
2296 4182 2581 4249 exercitu,
2631 4181 2889 4252 procellae
2918 4188 2974 4236 et
3008 4180 3260 4235 fulminis
3295 4181 3490 4243 instar,
3533 4181 3640 4234 im-

2043 4287 2234 4350 petum
2268 4278 2320 4332 in
2366 4275 2666 4347 Egypturn
2708 4273 2941 4337 faceret,
2987 4288 3056 4328 eo
3089 4273 3344 4339 consilio,
3377 4284 3437 4327 ut
3485 4272 3642 4328 Cleo-

2045 4382 2282 4442 patram,
2336 4369 2404 4423 ad
2435 4379 2600 4438 quam
2653 4376 2994 4437 postremam
3045 4364 3403 4420 Macedonica
3455 4364 3644 4420 Ptolco

2050 4477 2311 4519 maeorum
2355 4461 2426 4516 ab
2461 4460 2774 4515 Alexandro
2819 4469 3068 4529 potestas
3114 4469 3171 4514 et
3210 4459 3348 4514 ditio
3392 4460 3642 4529 pertigit,

349 4567 627 4635 Αἴγυπτος
668 4568 763 4620 καὶ
808 4567 1140 4639 Κλεοπάτρα
1185 4568 1291 4622 ὑπὸ
1338 4573 1497 4640 χεῖρα
1563 4572 1808 4644 Καίσαρι
1848 4574 1931 4628 καὶ

2048 4569 2102 4616 et
2151 4560 2331 4628 ipsum
2375 4554 2679 4610 Antonium
2733 4551 3013 4608 illecebris
3049 4553 3172 4622 ejus
3213 4551 3501 4607 detentqu
3547 4554 3644 4606 de-

363 4656 657 4726 Ῥωμαίοις
689 4658 982 4729 γεγένηται
1006 4700 1022 4725 ,
1057 4660 1182 4713 δυιῆ¹
1215 4661 1353 4730 πρὸς
1380 4664 1490 4722 τοῖς
1525 4661 1659 4716 δέκα
1694 4664 1842 4719 ἔτεσι
1873 4671 1931 4743 τι]

2047 4653 2280 4708 bellaret
2313 4651 2382 4719 ζει
2412 4657 2638 4721 caperet
2671 4666 2685 4704 :
2719 4645 2966 4702 Herodes
3001 4645 3106 4701 iste
3151 4661 3210 4700 se
3245 4646 3295 4700 ei
3327 4646 3645 4715 conjunxit,

354 4750 654 4822 Αὐγούστῳ
694 4752 964 4806 δι-ανύοντι
998 4756 1065 4824 τῇ
1111 4753 1294 4824 ἀρχῇ,
1329 4757 1412 4819 είς
1451 4755 1675 4828 Ῥώμην
1705 4775 1767 4810 τε
1807 4756 1944 4832 ἧκεν

363 4845 615 4915 Ἡρώδης
649 4842 828 4912 οὗτος,
874 4847 933 4901 ὃν
986 4850 1082 4901 καὶ
1111 4849 1212 4918 τῆς
1245 4848 1546 4920 θεραπείας
1578 4853 1947 4922 ἀμειϐόμενος

354 4939 685 5007 Αὔγουστος,
718 4940 880 5013 βουλῇ
914 4942 1014 5013 τῆς
1047 4941 1338 5012 Ῥωμαίων
1365 4945 1676 5017 συγκλήτου
1707 4947 1949 5020 διάδημα

359 5035 723 5107 περιθέμειος
751 5035 958 5107 τούτῳ,
992 5036 1221 5108 βασιλέα
1246 5036 1348 5107 τῆς
1380 5036 1649 5102 Ἰουδαίας
1681 5041 1908 5097 ἀνεῖπεν
1930 5058 1946 5076 ⁸

357 5126 417 5190 ὃς
447 5128 571 5179 ἐπεὶ
597 5127 706 5180 τῶν
739 5127 1132 5199 Ἱεροσολύμων
1160 5129 1457 5199 ἐκράτησε,
1489 5130 1618 5193 τοὺς
1653 5132 1953 5198 Ἰουδαίους

360 5220 524 5290 γνοὺς
551 5219 611 5274 τὸ
641 5219 961 5291 ἀλλόφυλον,
991 5223 1086 5276 καὶ
1112 5223 1287 5288 ἄλλως
1313 5221 1415 5292 τῆς
1443 5221 1613 5277 αὑτοῦ
1643 5223 1863 5295 φύσεως
1893 5228 1954 5280 τὸ

363 5313 571 5382 ἀπηνὲς
613 5314 707 5366 καὶ
749 5313 1014 5384 θηριῶδες
1061 5316 1507 5387 ἐκτρεπομένους
1547 5315 1625 5380 ὡς
1672 5319 1952 5386 μάλιστα,

363 5409 492 5472 τοὺς
527 5409 627 5479 μὲν
681 5409 972 5480 ἀπήλασεν
997 5427 1011 5441 ·
1042 5411 1239 5476 ἄλλους
1268 5413 1327 5466 δὲ
1355 5413 1452 5466 καὶ
1482 5413 1671 5475 κακῶς
1699 5414 1912 5470 διέθετο
1937 5433 1953 5449 ο

364 5505 494 5570 τοὺς
528 5505 584 5558 δὲ
625 5507 722 5559 καὶ
761 5505 910 5575 ξίφει
945 5505 1347 5578 διεχειρίσατο·
1384 5507 1644 5562 σκυλεύει
1675 5527 1734 5562 τε
1770 5511 1833 5563 τὸ
1879 5512 1955 5564 ἱε-

371 5599 491 5667 ρὸν,
522 5601 618 5654 καὶ
643 5600 743 5673 τὴν
771 5602 927 5655 πόλιν
953 5601 1281 5664 ἀναστατεῖ,
1315 5601 1610 5672 μοχθηρῶς
1638 5604 1706 5673 τῇ
1737 5600 1959 5674 ἐξουσίᾳ

368 5693 672 5763 χρώμενος.
711 5695 858 5765 Πρὸς
892 5695 949 5748 δὲ
979 5696 1046 5766 δὴ
1077 5698 1192 5759 τοῖς
1225 5695 1410 5758 ἄλλοις
1445 5695 1543 5748 καὶ
1577 5695 1738 5748 τοῦτο
1771 5696 1960 5759 κακῶς

370 5785 781 5856 διαπράττεται.
810 5785 919 5850 Τὰς
949 5789 1058 5859 γὰρ
1088 5787 1199 5841 τῶν
1230 5787 1413 5857 φυλῶν
1439 5786 1660 5850 ἀπάτας
1690 5786 1960 5858 δημοσίας

372 5880 700 5957 ἀναγραφὰς
719 5925 734 5953 ,
764 5881 820 5941 αἳ
847 5883 961 5944 ἐπὶ
987 5881 1080 5936 τού
1105 5877 1312 5954 Ἐσδρα
1338 5880 1641 5951 ἐτύγχανον
1663 5921 1677 5940 ,
1715 5878 1962 5949 μανικῶς

376 5977 746 6049 διακείμενος,
778 5981 940 6048 ἔργον
968 5980 1205 6038 ποιεῖται
1234 5976 1449 6046 $1075;-
1479 5974 1552 6028 Τδ
1579 5973 1634 6028 δὲ
1663 5971 1961 6039 βνύλευζλαο

2051 4755 2280 4818 paratus
2312 4758 2660 4816 quaecunque
2686 4742 2761 4797 illi
2796 4741 3114 4807 placerent,
3148 4738 3401 4808 praebere
3433 4749 3490 4793 et
3513 4755 3649 4808 sup-

2053 4838 2303 4912 peditare
2333 4854 2347 4893 :
2378 4839 2744 4900 frumentum,
2771 4851 2946 4899 arma,
2981 4842 3037 4888 et
3067 4832 3316 4903 pecunia:
3349 4850 3644 4890 numerum

2055 4933 2354 5004 ingentem,
2391 4939 2447 4986 et
2470 4943 2816 5002 quacunque
2847 4939 3118 5000 praeterea
3147 4939 3334 5000 posset
3383 4937 3650 4998 praestare

2054 5027 2280 5083 auxilia.
2319 5025 2397 5081 ibi
2446 5023 2716 5096 [Egyptus
2761 5034 2818 5079 et
2855 5022 3149 5093 Cleopatra
3207 5021 3264 5076 in
3312 5030 3653 5091 potestatem

2056 5121 2295 5178 Caesaris
2334 5130 2390 5176 ct
2438 5117 2818 5173 Romanorum
2869 5116 3025 5174 venit
3051 5154 3068 5182 ,
3109 5114 3448 5172 duodecimo
3503 5129 3652 5168 anno

2059 5227 2353 5288 postquam
2382 5214 2660 5284 Augustus
2706 5210 3006 5280 imperium
3039 5209 3308 5280 suscepit.
3348 5206 3490 5262 Huic
3519 5222 3654 5262 sane

2061 5310 2288 5377 Herodi,
2329 5324 2454 5362 cum
2484 5307 2714 5361 Romam
2741 5304 3007 5367 venisset,
3038 5310 3095 5358 et
3127 5301 3412 5372 Augustus
3438 5298 3652 5355 referre

2060 5403 2113 5460 ei
2139 5405 2379 5474 aliquam
2407 5414 2510 5470 pro
2540 5398 2806 5469 prmstitis
2835 5396 2944 5451 sibi
2975 5394 3171 5452 ciliciis
3199 5394 3432 5464 gratiam
3464 5394 3653 5456 vellet,

2062 5502 2131 5558 de
2164 5496 2399 5555 Romani
2424 5503 2652 5550 senatus
2683 5492 2917 5546 consilio
2949 5499 3005 5545 et
3036 5491 3322 5544 voluntate
3347 5528 3363 5553 ,
3399 5489 3657 5542 diadema

2064 5591 2352 5664 imposuit,
2381 5599 2440 5645 et
2484 5601 2670 5658 regem
2705 5584 2910 5642 Judaeae
2941 5583 3156 5640 creavit
3191 5599 3206 5638 :
3259 5583 3356 5654 qui
3387 5583 3653 5638 Hieroso-

2065 5685 2227 5760 lymis
2263 5685 2492 5756 potitus,
2529 5679 2678 5752 quod
2710 5678 2877 5736 sciret
2903 5675 3123 5733 Judznos
3151 5677 3374 5748 generis
3407 5677 3660 5733 obscuri-
3717 5726 3726 5736 ,

2069 5789 2261 5844 tatem,
2316 5777 2463 5849 quod
2510 5775 2725 5832 scilicet
2783 5771 2996 5827 advena
3046 5779 3231 5838 esset,
3285 5781 3342 5826 et
3389 5781 3657 5841 praeterea

2068 5873 2452 5930 crudelitatem
2476 5881 2687 5927 natura:
2729 5868 2853 5940 ejus
2887 5863 3285 5938 ingeniumque
3313 5865 3466 5921 ferox
3491 5877 3660 5936 quam

2072 5968 2309 6024 maxime
2357 5966 2596 6022 aversari
2642 5975 2696 6021 ct
2741 5962 2970 6019 odisse:
3017 5956 3285 6022 quosdam
3336 5974 3400 6012 ex
3443 5956 3662 6012 chibtta
