4032 6414
383 406 484 479 .253
1304 382 1305 385 ‘
1605 397 2031 465 NICEPIIORI
2067 399 2418 462 CALLISTI

3532 385 3638 450 664

384 519 530 585 enim
577 516 823 599 nondum
853 516 989 574 satis
1016 513 1309 572 manifesta
1338 514 1463 571 data
1504 513 1687 568 fuerat
1714 522 1841 583 Spes
1868 525 1959 565 re-

2080 528 2200 566 κτον
2228 513 2290 566 τδ
2316 511 2490 583 ὄνομα
2540 507 2679 580 μένῃ
2711 502 2806 559 τοῦ
2845 498 3269 599 μετηλλαχότος-ο
3302 496 3444 599 ἐπεὶ.
3457 490 3552 599 οξν
3586 496 3637 550 οι

382 602 763 672 surrectionis,
790 608 1029 663 futuram
1052 606 1471 680 promissionem
1493 602 1705 658 mortali
1723 599 1958 673 quadam

386 700 746 755 imitabantur
767 697 1210 764 resuscitatione,
1243 710 1311 751 ne
1342 709 1541 773 nomen
1574 691 1781 748 mortui
1807 706 1963 761 pror-

382 807 477 846 sus
508 790 879 846 intercideret.
898 789 968 845 Et
998 804 1128 844 cum
1154 802 1220 845 ex
1256 788 1340 844 eis
1373 786 1466 857 qui
1498 786 1553 842 in
1586 784 1961 857 genealogiam

383 886 504 938 eam
534 882 689 939 relati
744 890 894 947 sunt,
944 879 1172 952 quidam
1220 890 1283 936 ut
1330 878 1562 952 legitimi
1593 887 1651 934 et
1681 877 1962 933 naturales

384 976 740 1047 germanique
763 973 856 1029 ﬁlii
883 973 1131 1045 patribus
1163 970 1552 1037 successerint,
1580 970 1805 1041 quidam
1832 984 1964 1022 vero

385 1083 454 1123 cx
477 1067 599 1123 aliis
637 1067 860 1138 quidem
894 1065 1192 1137 procreati,
1225 1065 1455 1119 aliorum
1502 1072 1684 1118 autem
1717 1062 1963 1126 nomine,

388 1161 544 1234 quasi
578 1177 679 1231 per
714 1160 1069 1230 adeptionem
1103 1157 1319 1215 scilicet
1349 1159 1499 1216 censi
1526 1155 1658 1223 sint,
1686 1166 1967 1211 utrorum-

385 1263 494 1318 que
526 1247 667 1303 facta
700 1257 787 1303 est
836 1247 1046 1303 mentio
1079 1266 1092 1302 :
1134 1257 1191 1304 et
1232 1263 1426 1303 eorum
1458 1245 1713 1303 videlicet
1736 1245 1832 1318 qui
1868 1261 1963 1317 ge-

385 1340 662 1399 nuissent.
691 1346 957 1393 eteorum
985 1338 1081 1409 qui
1105 1339 1261 1409 quasi
1294 1340 1635 1409 genuissent.
1667 1339 1759 1394 Sic
1787 1354 1966 1408 neque

385 1431 515 1496 lioe,
557 1445 737 1501 neque
770 1430 904 1486 illud
955 1431 1330 1502 Evangelium,
1371 1432 1455 1487 vel
1492 1448 1522 1486 a
1559 1442 1790 1498 naturae,
1825 1430 1965 1486 vela

385 1525 529 1594 legis
557 1524 965 1580 necessitudine
1013 1537 1180 1595 atque
1228 1527 1622 1596 conjunctione
1670 1541 1845 1595 genus
1873 1526 1969 1581 de-

386 1616 604 1672 ducens
639 1624 695 1672 et
716 1633 1039 1684 numerans,
1075 1619 1195 1674 falsi
1225 1619 1523 1691 quidquam
1556 1620 1743 1675 liabet.
1777 1618 1965 1690 impli-

385 1721 508 1765 cata
534 1711 682 1764 enim
709 1710 855 1765 inter
877 1726 935 1766 se
963 1720 1094 1767 sunt
1113 1727 1336 1783 genera,
1354 1721 1410 1767 et
1431 1714 1575 1783 quod
1594 1729 1623 1767 a
1650 1710 1963 1779 Salomone,

333 1880 337 1884 ι
386 1810 445 1858 et
470 1806 616 1873 quod
643 1818 674 1860 a
695 1803 909 1859 Natltan
948 1804 1253 1875 descendit,
1271 1808 1754 1878 repraesentatione
1774 1823 1964 1875 eorum

387 1897 480 1964 qui
511 1896 718 1952 liberos
749 1913 859 1952 non
884 1908 1170 1955 creassent
1190 1939 1205 1965 ,
1236 1900 1606 1971 secundisque
1654 1901 1865 1973 nuptiis
1903 1916 1968 1958 ac

388 1987 809 2046 resuscitatione
839 1991 1151 2047 seminum:
1181 2002 1241 2046 ut
1268 2006 1416 2049 recte
1440 1993 1604 2049 iidem
1635 1994 1970 2067 quandoque

387 2081 555 2152 hujus
582 2089 637 2136 et
682 2082 831 2138 illius
861 2083 958 2139 ﬁlii
1001 2083 1172 2140 fuisse
1214 2086 1507 2142 existimati
1537 2087 1668 2153 sint,
1695 2103 1819 2144 eum
1847 2088 1973 2159 qui-

385 2175 512 2229 dem
545 2174 580 2229 ii
609 2173 930 2230 viderentur
955 2191 1099 2240 esse,
1126 2177 1204 2233 illi
1239 2187 1422 2234 autem
1448 2190 1632 2235 essent
1662 2190 1844 2251 patres
1873 2197 1888 2235 :
1916 2190 1973 2237 et

388 2275 621 2336 utraque
655 2267 875 2339 generis
915 2271 1364 2327 commemoratio
1419 2272 1650 2328 veritate
1707 2274 1870 2340 nixa,
1902 2273 1970 2330 ad

387 2361 570 2430 ipsqu
603 2358 1322 2433 Joscplium,multipliciter
1343 2364 1566 2434 quidem
1598 2365 1687 2420 illa
1718 2374 1774 2421 et
1794 2366 1970 2431 varie,

388 2456 484 2510 sed
519 2466 700 2511 tamen
735 2464 889 2510 certo
916 2454 1245 2511 deducatur.
1293 2455 1468 2513 Porro
1509 2467 1571 2513 ut
1616 2459 1824 2516 clarius
1855 2475 1972 2514 ma-

369 2546 757 2623 _nifestiusque
793 2548 887 2613 sit,
921 2548 1069 2619 quod
1106 2548 1272 2605 modo
1308 2548 1520 2605 dictum
1561 2560 1667 2617 est,
1706 2551 1972 2607 mutatio-

388 2653 518 2694 nem
546 2639 719 2710 ipsam
754 2641 974 2712 generis
1000 2656 1296 2712 exponam.
1328 2641 1374 2698 Α
1409 2642 1615 2699 Davide
1665 2659 1765 2714 per
1811 2642 1975 2700 Solo-

389 2744 612 2787 monem
662 2733 983 2804 progeniem
1038 2734 1465 2800 dinumeraudo,
1506 2735 1705 2792 tertius
1754 2751 1787 2791 a
1841 2736 1971 2804 line,

385 2824 545 2893 juxta
579 2824 916 2889 Matthzrum,
945 2827 1224 2895 reperitur
1253 2826 1521 2893 Mattltan,
1553 2829 1646 2898 qui
1680 2828 1852 2885 Iacob
1881 2844 1975 2899 ge-

392 2914 533 2974 nuit,
565 2924 775 2984 patrem
796 2914 1042 2985 .loseplti.
1063 2917 1106 2971 A
1136 2914 1352 2973 Nathan
1384 2928 1564 2972 autem
1594 2918 1814 2973 Davidis
1841 2919 1975 2983 filio,

393 3008 553 3075 juxta
604 3007 831 3072 Lucam,
876 3008 1066 3064 itidem
1122 3012 1319 3065 tertius
1369 3025 1399 3064 a
1454 3011 1560 3067 line
1604 3021 1689 3066 est
1734 3011 1973 3067 Melclti:

399 3101 558 3172 cujus
584 3100 731 3156 illius
746 3102 850 3166 Eli,
883 3102 1052 3172 ipsius
1071 3102 1293 3175 .loseplti
1320 3117 1474 3175 pater
1491 3115 1598 3158 est.
1629 3101 1765 3158 Cum
1792 3103 1978 3173 itaque

2064 606 2131 674 τῇ
2161 602 2487 674 γενεαλογίᾳ
2513 595 2688 668 ταύτῃ
2712 594 3105 667 ὲμφερόμενοι,
3126 592 3176 644 οἱ
3203 591 3302 660 μιν
3332 587 3640 653 διεδέξαντο

2065 697 2195 760 παῖς
2228 696 2444 768 πατέρα
2488 692 2750 764 γνησίως
2787 691 2836 744 οι
2870 687 2929 742 δὲ
2963 688 3173 755 ἑτέροις
3208 684 3310 756 μὲν
3343 683 3640 752 ἐγεννήθη.

2067 806 2191 854 σιν,
2220 788 2430 859 ἑτέροις
2456 785 2516 841 δι
2541 781 2949 858 προσετέθησαν
2974 782 3040 851 τῇ
3070 778 3284 845 κλήσει,
3309 776 3641 847 ἀμφοτέρων

2065 884 2291 953 γέγονεν
2321 883 2354 952 ἡ
2401 880 2614 951 μνήμη,
2651 878 2746 932 καὶ
2777 875 2887 931 τῶν
2936 871 3371 943 γεγεννηκότων,
3406 867 3505 923 καὶ
3534 870 3643 923 τᾶν

2065 974 2141 1038 ὡς
2163 971 2598 1044 γεγεννηκότων.
2629 967 2820 1031 Οὕτως
2846 966 3131 1035 οὐδέτερον
3157 962 3266 1017 τῶν
3289 960 3644 1027 Εὐαγγελίων

2066 1063 2346 1135 ψεύδεται,
2379 1061 2475 1117 καὶ
2506 1059 2669 1131 φύσιν
2699 1054 2974 1131 ἀριθμοῦν
3011 1055 3111 1109 καὶ
3136 1053 3321 1121 νόμονο
3354 1049 3646 1119 ὲπεπλάκη

2069 1156 2179 1227 γὰρ
2212 1154 2468 1226 ἀλλήλοις
2497 1152 2567 1207 τὰ
2595 1151 2752 1221 γένη,
2774 1151 2837 1203 τό
2863 1165 2924 1202 τε
2952 1146 3062 1202 ἀπὸ
3090 1144 3184 1199 τοῦ
3215 1140 3529 1211 Σολομῶνος
3550 1139 3649 1192 καὶ

2066 1248 2127 1301 τὸ
2160 1246 2270 1302 ἀπὸ
2300 1244 2394 1300 τοῦ
2425 1243 2636 1311 Νάθαν,
2666 1240 3027 1298 ἀναστάσεσιν
3056 1237 3303 1291 ἀτέκνων
3333 1234 3428 1287 καί
3465 1232 3651 1285 δευτε-
3686 1290 3701 1299 Ι

2071 1341 2366 1415 ρογαμίαις
2414 1339 2511 1395 καὶ
2561 1336 2862 1393 ἀναστάσει
2911 1330 3269 1403 σπερμάτων*
3315 1326 3390 1389 ὡς
3421 1322 3650 1386 δικαίως

2067 1436 2195 1499 τοὺς
2256 1433 2457 1495 αὐτοὺς
2504 1430 2695 1485 ἄλλοτε
2743 1427 2922 1483 ἄλλων
2976 1421 3326 1496 νομίζεσθαι,
3381 1418 3491 1472 τῶν
3546 1415 3652 1485 μὲν

2068 1526 2375 1581 δοκούντων
2403 1524 2681 1595 πατέρων,
2708 1522 2818 1576 τῶν
2848 1519 2907 1575 δὲ
2944 1517 3307 1589 ὑπαρχόντων
3350 1512 3427 1577 ὥς
3471 1513 3674 1581 ἀμφοο·

2034 1638 2039 1643 ·
2070 1617 2236 1690 τέρας
2269 1617 2366 1681 τὰς
2395 1617 2678 1687 διηγήσεις
2710 1611 2931 1683 ἀληθείς
2960 1608 3150 1673 οὔσας,
3191 1607 3286 1660 ἐπὶ
3315 1605 3408 1658 τὸν
3450 1602 3650 1672 Ἰωσὴῳ

2074 1710 2428 1772 πολυπλόκως
2475 1707 2600 1778 μὲν,
2630 1705 2745 1760 ἀλλ’
2786 1701 3032 1775 ἀκριϐῶς
3083 1696 3386 1753 κατελθεῖν.
3425 1694 3543 1750 Ἷνα
3592 1693 3655 1746 δι

2075 1801 2244 1872 σαφὲς
2283 1798 2318 1875 ᾖ
2369 1801 2430 1856 τὸ
2477 1800 2797 1869 λεγόμενον,
2847 1796 2948 1868 τὴν
2997 1792 3307 1861 ἐναλλαγὴν
3335 1789 3445 1843 τῶν
3479 1786 3653 1857 γενῶν

2071 1892 2425 1962 διηγήσομαι,
2455 1888 2563 1942 ἀπὸ
2605 1887 2700 1941 τοῦ
2727 1884 2888 1939 Δαυῒδ
2919 1882 3010 1937 διὰ
3047 1881 3394 1952 Σολομῶντος
3427 1878 3525 1940 τὰς
3553 1892 3651 1944 γε·

2073 1986 2199 2049 νεὰς
2226 1982 2761 2055 καταριθμούμενος.
2795 1978 2991 2048 Τρίτος
3033 1975 3142 2030 ἀπὸ
3172 1974 3365 2035 τέλους
3394 1970 3535 2025 κατὰ
3557 1969 3655 2021 τὸν

2071 2078 2357 2135 Μαθθαῖον
2396 2075 2716 2146 εὑρίσκεται
2751 2067 3002 2126 Ματθάν⁸
3047 2067 3107 2132 ὃς
3139 2065 3237 2121 καὶ
3276 2065 3533 2133 ἐγέννησε
3561 2061 3658 2117 τὸν

2085 2170 2281 2227 Ἰακὼϐ
2312 2168 2408 2224 τοῦ
2449 2166 2650 2237 Ἰωσὴφ
2678 2165 2771 2220 τὸν
2797 2160 3039 2233 πατέρα.
3074 2159 3207 2214 Ἀπὸ
3239 2157 3297 2212 δὲ
3338 2154 3528 2211 Νάθαν
3557 2155 3655 2207 τοῦ

2073 2264 2237 2319 Διυῖδ
2270 2263 2411 2318 κατὰ
2436 2258 2529 2315 τὸν
2576 2259 2816 2320 Λουκᾶν.
2847 2256 3053 2327 ὁμοίως
3089 2251 3272 2324 τρίτος
3309 2249 3422 2305 ἀπὸ
3467 2247 3653 2309 τέλους

2073 2356 2270 2426 Μελχὶ,
2300 2351 2361 2409 οὗ
2394 2355 2506 2416 υίὸς
2536 2353 2565 2405 6
2610 2351 2758 2403 Ἠλεὶ
2784 2349 2813 2402 6
2839 2346 2936 2402 τοῦ
2975 2344 3172 2416 Ἰωσὴφ
3208 2339 3652 2412 πατήρ.Σκοποῦ

2072 2449 2254 2501 τοίνυν
2304 2448 2441 2516 ἡμῖν
2466 2443 2723 2511 κειμένου
2760 2434 2857 2492 τοῦ
2899 2436 3125 2507 Ἰωσὴφ,
3152 2429 3504 2488 ἀποδεικτέον
3537 2431 3656 2492 πῶς

2075 2540 2338 2609 ἑκάτερος
2385 2534 2551 2608 αὐτοῦ
2594 2535 2781 2605 πατὴρ
2830 2532 3169 2601 ἱστορεῖται’,
3203 2529 3232 2581 ὃ
3277 2542 3338 2580 τε
3378 2523 3658 2589 Ἰακὼ6,,δ

2074 2634 2184 2687 ἀπὸ
2213 2631 2549 2703 Σολομῶνος,
2595 2628 2692 2681 καὶ
2731 2625 2885 2680 Ἠλεὶ
2917 2625 2945 2677 6
2974 2621 3083 2676 ἀπὸ
3105 2618 3200 2674 τοῦ
3234 2616 3425 2672 Νάθαν
3455 2615 3653 2669 ἑκάτες

2078 2745 2169 2800 ρος
2202 2726 2543 2794 κατάγοντες
2575 2721 2756 2791 γένος*
2788 2719 2938 2781 ὅπως
2966 2733 3025 2770 τε
3057 2714 3325 2786 πρότερον
3352 2704 3500 2764 οὗτοι
3529 2707 3594 2780 δὴ
3629 2709 3659 2762 ὅ

2076 2838 2138 2875 τε
2179 2816 2377 2873 Ἰακὼϐ
2402 2815 2499 2870 καὶ
2522 2815 2552 2869 6
2588 2813 2741 2867 Ἠλεὶ
2769 2809 2863 2866 δύο
2893 2807 3138 2878 ἀδελφοίο
3168 2806 3262 2859 καὶ
3298 2802 3410 2874 πρό
3434 2819 3497 2870 γε
3528 2801 3658 2854 τού-

2077 2929 2188 2967 των
2229 2910 2350 2974 πῶς
2378 2909 2431 2962 οἱ
2470 2907 2678 2962 τούτων
2713 2903 2956 2973 πατέρες
2982 2899 3213 2956 Ματθὰν
3253 2898 3348 2952 καὶ⁵
3386 2894 3564 2966 Μελχὶ
3597 2897 3660 2947 ἐν

2082 3006 2239 3077 μέρει
2284 3003 2385 3075 τὴν
2411 2999 2582 3070 αὐτὴν
2608 2995 2944 3068 ἁγαγόμενοι
2985 2995 3241 3063 γυναῖκα,
3271 2989 3654 3061 ὁμομητρίους

2080 3096 2347 3166 ἀδελφοὺς
2380 3090 2897 3160 ἐπαιδοποιήσαντο,
2922 3084 3017 3140 τοῦ
3045 3085 3210 3155 νόμου
3243 3084 3320 3155 μὴ
3352 3079 3659 3141 κωλύοντος

395 3193 553 3263 quasi
588 3206 790 3264 scepus
842 3192 1004 3249 nobis
1049 3194 1122 3251 sit
1153 3173 1466 3267 prepoﬁsitus
1500 3195 1701 3265 Josepli
1727 3235 1741 3261 ,
1792 3204 1976 3251 osten-

2086 3189 2425 3262 χηρεύουσαν
2450 3185 2571 3253 ἦτοι
2594 3177 3088 3250 ἅπο).ελυμένην,ἢ
3115 3174 3209 3230 καὶ
3235 3173 3665 3268 τελευτήσαντος

399 3285 640 3341 «tendum
679 3287 848 3352 venit,
895 3286 1174 3358 quomodo
1220 3292 1456 3359 uterque
1492 3288 1662 3359 ipsius
1703 3298 1861 3359 pater
1898 3286 1982 3341 di-

398 3387 558 3432 catur
589 3394 603 3432 :
637 3377 740 3449 71
778 3379 892 3449 ipse
922 3378 1175 3435 videlicet
1197 3377 1368 3435 Jacob
1396 3395 1425 3433 a
1461 3379 1779 3446 Solomone,
1807 3387 1864 3433 et
1896 3376 1978 3432 Eli

401 3486 432 3521 a
461 3468 678 3525 Natltan
709 3486 885 3541 genus
911 3467 1199 3528 ducentes.
1234 3472 1529 3543 Simulque
1556 3470 1838 3542 quomodo
1864 3470 1982 3541 pri-

401 3580 554 3619 mum
592 3564 703 3619 duo
739 3566 831 3620 isti
879 3562 1047 3621 Iacob
1097 3575 1154 3621 et
1189 3562 1271 3620 Eli
1324 3563 1552 3629 fratres,
1593 3574 1648 3619 et
1688 3573 1817 3618 ante
1856 3562 1983 3628 hos,

397 3673 595 3713 eorum
650 3669 834 3728 patres
874 3657 1117 3718 Mattltan
1174 3662 1230 3713 et
1287 3657 1521 3723 Melclti,
1555 3657 1784 3712 seorsim
1845 3654 1982 3717 alter

402 3759 528 3820 post
575 3750 835 3815 alterum,
879 3751 1129 3805 eamdem
1165 3749 1420 3806 ducendo
1448 3765 1697 3815 uxorem,
1734 3748 1987 3804 uterinos

399 3844 816 3912 procreaverint
864 3842 1114 3899 fratres:
1171 3842 1292 3913 lege
1336 3842 1595 3898 videlicet
1638 3858 1748 3898 non
1797 3842 1985 3913 prohi-

400 3939 589 4002 bente,
629 3936 943 4001 mulierem,
965 3937 1049 3991 vel
1081 3952 1181 4007 per
1201 3935 1517 4007 repudium,
1547 3935 1631 3990 vel
1656 3951 1751 4005 per
1785 3935 1985 4005 prioris

405 4028 589 4084 mariti
618 4030 829 4086 obitum
850 4029 1093 4096 viduam,
1121 4029 1212 4084 alii
1239 4030 1468 4084 nubere.
1508 4029 1697 4101 Itaque
1723 4045 1791 4085 ex
1818 4030 1983 4085 Estha

404 4126 536 4185 (hoc
578 4124 725 4180 enim
759 4138 958 4178 nomen
994 4123 1244 4179 mulieris
1274 4121 1443 4178 fuisse
1482 4122 1740 4196 traditur)
1773 4124 1986 4194 primus

407 4218 654 4275 Matthan
678 4234 708 4273 a
736 4217 1030 4273 Solomone
1050 4217 1318 4289 originem
1345 4216 1593 4282 trahens,
1622 4207 1800 4273 Jacob'
1823 4233 1988 4289 gene-

404 4324 491 4371 rat
528 4332 542 4369 :
587 4312 833 4370 Mattban
889 4321 1075 4367 autem
1110 4382 1113 4385 _
1143 4319 1388 4379 mortuo,
1436 4310 1634 4372 Mclchi
1686 4310 1755 4366 ad
1802 4310 1984 4382 ipsum

404 4409 623 4466 Natban
654 4422 829 4479 genus
861 4405 1130 4470 referens,
1158 4404 1378 4459 viduam
1416 4404 1690 4469 relictam,
1721 4403 1839 4477 ipse
1864 4403 1988 4472 qui-

408 4506 535 4559 dem
599 4502 844 4574 ejusdem
900 4500 1100 4567 tribus,
1155 4496 1255 4555 sed
1308 4514 1419 4554 non
1462 4497 1711 4569 ejusdem
1747 4496 1985 4568 generis,

2206 3278 2416 3350 ἀνδρὸς,
2446 3276 2592 3347 ἄλλῳ
2616 3271 2937 3345 γαμεῖσθαιο
2970 3272 3036 3323 ὲκ
3059 3268 3124 3340 δὴ
3154 3268 3252 3338 τῆς
3292 3264 3479 3332 Ἐσθὰ,
3503 3259 3669 3317 τοῦτο

2083 3379 2192 3449 γὰρ
2242 3373 2529 3430 καλεῖσθαι
2574 3373 2675 3444 τὴν
2725 3371 2960 3439 γυναῖκα
3006 3365 3393 3437 παραδέδοται,
3444 3360 3666 3432 πρῶτος

2084 3470 2313 3526 Ματθὰν
2356 3469 2385 3521 6
2429 3466 2537 3531 ἀπὸ
2570 3462 2667 3518 τοῦ
2705 3462 3022 3533 Σολομῶνος
3060 3458 3123 3512 τὸ
3179 3457 3338 3527 γένος
3381 3456 3661 3523 κατάγων,

2084 3561 2183 3614 τὸν
2216 3556 2415 3616 Ἰακὼὸ
2451 3557 2644 3627 γεννᾷ.
2681 3552 2793 3608 Καὶ
2825 3549 3251 3620 τελευτήσαντος
3274 3546 3372 3601 τοῦ
3407 3543 3658 3610 Ματθίαν,

2084 3649 2260 3719 Μελχὶ
2291 3650 2319 3702 6
2350 3647 2459 3701 ἀπὸ
2487 3645 2583 3700 τοῦ
2614 3644 2800 3698 Νάθαν
2849 3641 2993 3697 κατὰ
3036 3641 3195 3710 γένος
3229 3636 3659 3709 ἀναφερόμενος,

2085 3742 2451 3817 χηρεύουσαν,
2486 3742 2551 3795 ἐκ
2597 3742 2698 3810 μὲν
2731 3737 2829 3808 τῆς
2862 3737 3033 3817 αὐτοῦ.
3060 3734 3258 3806 φυλῆς,
3290 3734 3351 3801 ἐξ
3397 3732 3561 3788 ἄλλου
3603 3731 3664 3785 δι

2085 3838 2276 3905 γένους
2323 3833 2420 3899 ὢν,
2470 3832 2546 3896 ὡς
2588 3833 2869 3901 προεῖπον,
2920 3812 3192 3900 ἀγόμε-ος
3236 3824 3449 3892 Ὣὺτὴν.
3501 3822 3661 3892 ἔσχεν

2089 3930 2207 3983 υἱὸν
2232 3928 2325 3981 τὸν
2362 3926 2533 3980 Ἡλεί.
2567 3925 2730 3979 Οὕτω
2770 3922 3049 3992 διαφόρων
3092 3918 3188 3973 δύο
3224 3916 3398 3986 γενῶν
3436 3914 3667 3982 εὑρήσο-

2091 4040 2190 4095 μεν
2214 4021 2306 4074 τόν
2341 4034 2402 4071 τε
2438 4015 2635 4095 Ἰακὼὸ
2662 4014 2758 4070 καὶ
2780 4012 2874 4068 τὸν
2913 4012 3084 4077 Ἠλεὶ,
3112 4005 3481 4079 ὁμομητρίους
3505 4004 3665 4095 ἀδελέ

2089 4116 2243 4184 φού,⁶
2290 4106 2366 4167 ὧν
2398 4112 2425 4165 6
2469 4094 2653 4180 ἕτερος
2709 4107 2960 4177 ἀδελφὸς,
2995 4102 3227 4159 ἀτέκνου
3278 4100 3372 4155 τοῦ
3429 4094 3665 4166 ἁδελφοῦ

2088 4207 2510 4278 τελευτήσαντος
2550 4202 2702 4256 Ἠλεὶ
2738 4202 2838 4269 τὴν
2868 4200 3102 4267 γυναῖκα
3125 4191 3486 4265 παραλαϐὼν,
3513 4190 3669 4258 ἐγέν-

2089 4320 2255 4374 νησεν
2284 4299 2347 4367 ἐξ
2370 4300 2544 4368 αὐτῆς
2570 4296 2754 4369 τρίτον
2793 4293 2885 4348 τὸν
2926 4290 3150 4361 Ἰωσὴφ,
3190 4286 3331 4342 κατὰ
3364 4285 3527 4355 φύσιν
3562 4281 3666 4353 μὲν

2092 4395 2273 4467 ἑαυτῷ
2322 4396 2417 4449 καὶ
2456 4392 2598 4446 κατὰ
2630 4390 2808 4460 λόγον.
2851 4388 2944 4440 Διδ
2991 4384 3327 4454 γέγραπταιο
3369 4375 3566 4432 Ἰακὼϐ
3610 4374 3670 4428 δὶ

2093 4492 2352 4561 ἐγέννησε
2378 4488 2471 4542 τὸν
2510 4483 2713 4555 Ἰωσήφ
2742 4498 2758 4514 ο
2787 4481 2928 4535 κατὰ
2957 4478 3124 4546 νόμον
3157 4476 3212 4529 δὲ
3239 4471 3333 4527 τοῦ
3377 4470 3526 4524 Ἡλεί
3554 4468 3667 4530 υίὸς

407 4593 573 4652 sicuti
601 4558 761 4650 antea
793 4592 929 4657 dixi,
962 4605 1189 4646 uxorem
1211 4590 1386 4653 duxit,
1408 4597 1464 4644 et
1483 4558 1549 4643 ex
1579 4603 1643 4643 ea
1668 4558 1841 4641 filium
1867 4584 1976 4640 Heli

2236 4558 2431 4652 ἐκείνῳ
2487 4577 2598 4649 γὰρ
2645 4578 2674 4630 6
2721 4571 2922 4628 Ἰακὼϐ
2971 4568 3203 4641 ἁδελφὸς
3254 4566 3350 4630 ὣν,
3392 4560 3666 4657 Δἀνέστησε

412 4692 675 4763 suscepit.
703 4682 818 4745 [Ioc
853 4687 1038 4750 modo,
1064 4687 1415 4742 diversorum
1455 4680 1688 4738 duorum
1722 4695 1986 4751 generum

410 4788 581 4845 Jacob
594 4796 651 4842 et
668 4785 787 4841 Heli
806 4783 1103 4847 exstitisse,
1125 4778 1463 4849 eosdemque
1484 4775 1731 4832 uterinos
1753 4773 1992 4844 reperie-

414 4899 535 4940 mus
550 4882 721 4938 fuisse
742 4878 956 4933 fratres.
977 4875 1221 4942 Quorum
1239 4872 1470 4927 fratrum
1489 4870 1628 4926 alter
1647 4866 1838 4935 Jacob,
1851 4868 1988 4922 alte-

411 4978 549 5039 rius,
567 4973 685 5028 Heli
705 4970 937 5035 scilicet,
954 4968 1047 5038 qui
1075 4966 1225 5022 nulla
1246 4975 1429 5020 creata
1467 4963 1620 5035 prole
1648 4962 1986 5020 decesserat,

411 5083 583 5125 uxore
608 5067 794 5129 ducta,
838 5063 1059 5118 tertium
1090 5072 1267 5115 ex’ca
1305 5058 1552 5128 suscepit
1596 5056 1896 5127 Josepltum
1927 5055 1991 5109 li-

412 5163 570 5226 lium,
599 5160 754 5231 juxta
794 5165 1047 5210 naturam
1079 5151 1302 5223 quidem
1344 5161 1401 5206 et
1435 5150 1701 5205 rationem
1742 5150 1851 5205 sibi
1886 5150 1991 5220 ipsi

413 5256 845 5323 (proptereaque
891 5245 1158 5316 scriptum
1195 5253 1301 5307 est,
1347 5241 1517 5298 Jacob
1568 5256 1754 5297 autem
1800 5241 1992 5311 genuit

411 5343 839 5416 Joseplt).jutua
868 5340 1043 5411 legem
1078 5345 1293 5401 autem,
1321 5337 1420 5404 ipsi
1456 5334 1598 5397 Heli,
1623 5334 1676 5389 ei
1702 5332 1850 5389 enim
1881 5332 1991 5386 fra-

414 5452 498 5496 ter
522 5437 693 5496 Jacob
724 5449 913 5491 semen
940 5427 1247 5487 suscitavit.
1293 5428 1639 5499 Quapropter
1663 5440 1727 5481 ea
1773 5439 1896 5495 quae
1923 5423 1993 5479 de

412 5550 480 5589 eo
513 5531 720 5588 texitur
748 5525 1090 5600 genealogia,
1117 5522 1275 5577 irrita
1304 5535 1417 5576 non
1444 5528 1550 5576 est.
1582 5516 1758 5585 Quam
1793 5531 1995 5586 genea-

2100 4644 2415 4747 σπέρματακ
2456 4671 2647 4742 διόπερ
2697 4668 2797 4722 οὐκ
2851 4662 3272 4734 ἀκυρωθὴσεται
3319 4654 3417 4710 καὶ
3465 4656 3496 4723 ἡ
3543 4644 3669 4704 κατ’

2098 4745 2265 4826 αὑτίν
2292 4764 2639 4838 γενεαλογία·
2660 4763 2727 4832 ἣν
2773 4758 3056 4819 Ματθαῖος
3084 4752 3187 4824 μὲν
3213 4754 3243 4806 ό
3272 4745 3672 4838 εὐαγγελιστῇς

2098 4836 2591 4935 ἐξαριθμούμενος,
2652 4853 2849 4910 Ἰακὼῦ
2893 4851 2973 4917 δὲ,
3020 4847 3211 4918 φησὶν,
3268 4842 3529 4911 ἐγέννησε
3561 4836 3674 4935 Δτὸν

2110 4927 2333 5027 Ἰνωτήςρ.
2454 4953 2511 5006 δὲ
2544 4949 2762 5011 Λουκᾶς
2797 4944 3096 5006 ἀνάπαλιν,
3116 4938 3175 5003 ὃς
3209 4936 3521 5027 ἐνομίζετο’
3548 4927 3672 5027 (καὶ.

2099 5053 2210 5122 γὰρ
2240 5047 2399 5107 τοῦτο
2431 5039 2811 5116 προστίθησιο)
2838 5039 2932 5092 τοῦ
2979 5033 3202 5106 Ἰωσὴφ,
3230 5029 3323 5083 τοῦ
3364 5026 3534 5089 Ἠλεὶ,
3575 5021 3673 5075 τοῦ

2100 5117 2299 5213 melli.
2331 5142 2412 5194 Τὰ
2451 5140 2558 5207 γὰρ
2607 5136 2752 5190 κατὰ
2796 5133 2963 5202 νόμου
3036 5127 3250 5197 γένεσιν
3297 5117 3676 5213 ἐπισημότεία

2099 5238 2199 5291 οὐκ
2225 5232 2293 5307 ἦν
2317 5214 2575 5298 ἐξειπεῖν.
2597 5230 2708 5284 Καὶ
2732 5227 2814 5290 τὸ,
2853 5224 3196 5292 Ἑγέννησεν,
3219 5219 3311 5272 ἐπὶ
3333 5215 3430 5285 τῆς
3458 5209 3673 5266 τοιᾶσδε

2101 5306 2452 5389 παιδοποιίας
2487 5326 2615 5395 ἄχρι
2637 5321 2829 5382 τέλους
2856 5317 3224 5385 ἁνεσιώπησε·
3258 5310 3357 5382 τὴν
3393 5306 3674 5395 ἀναφορᾷτν

2102 5420 2479 5491 ποιησάμενος
2671 5410 2766 5467 τοῦ
2811 5411 3005 5480 Ἀδὰμ,
3039 5404 3136 5460 τοῦ
3186 5401 3348 5467 Θεοῦ,
3385 5397 3506 5454 κατ’
3544 5392 3676 5449 ἀνά·-

2100 5514 2277 5568 λυσιν.
2318 5530 2339 5565 ι

410 5625 612 5695 logiam
671 5590 960 5677 Mattlireus
983 5590 1342 5688 verangelista
1397 5613 1778 5682 dinumerans,
1823 5609 1994 5667 Jacob
2032 5618 2221 5664 autem
2279 5604 2502 5677 (inquit)
2559 5601 2750 5674 genuit
2820 5594 3064 5665 loseph:
3116 5591 3292 5695 truces
3359 5598 3523 5692 .vero,
3578 5590 3675 5695 qut

415 5686 555 5786 erat,
588 5728 650 5774 ut
682 5719 978 5789 putabatur
1014 5686 1165 5786 (nam
1193 5722 1250 5768 et
1276 5712 1382 5768 hoc
1406 5710 1603 5784 addit).
1632 5709 1864 5781 Ioseph,
1893 5705 1989 5779 qui
2032 5704 2135 5758 fuit
2200 5700 2341 5769 lleli,
2377 5700 2473 5775 qui
2543 5697 2761 5753 Melchi.
2795 5695 2871 5749 De
2902 5686 3257 5789 genera-tione
3285 5686 3433 5789 enim
3467 5694 3530 5733 ea

415 5835 479 5874 ex
504 5771 907 5873 consuetudine
930 5824 988 5870 et
1019 5771 1344 5883 prmscripto
1372 5810 1509 5879 legis
1534 5771 1638 5873 est,
1697 5800 2104 5877 significantius
2163 5800 2462 5870 quidquam
2527 5794 2715 5849 dicere
2759 5805 2868 5843 non
2914 5784 3113 5883 potu-it.
3150 5778 3251 5883 ΔΕι
3290 5776 3540 5837 verbum,

416 5916 556 5982 nuit,
613 5911 667 5966 in
711 5911 815 5967 hac
865 5865 1443 5981 parandorumlquasi
1497 5918 1596 5973 per
1635 5897 1987 5969 adoptionem
2032 5896 2335 5950 liberorum
2401 5888 2632 5949 ratione,
2697 5899 2796 5954 per
2828 5880 3012 5938 omnia
3048 5877 3114 5933 ad
3142 5874 3509 5942 ﬁnemusquc
3543 5865 3672 5926 sub-

420 5978 598 6073 tieuit,
633 5978 897 6062 relatione
919 6003 1134 6073 generis
1172 6015 1341 6072 usque
1374 5997 1438 6055 ad
1473 5999 1650 6068 ipsum
1682 5992 1877 6059 Adam,
1905 5989 1997 6061 qui
2038 5988 2138 6043 fuit
2179 5988 2268 6043 Dei
2304 6002 2397 6057 per
2430 5980 2809 6041 recensioucm
2840 5978 3001 6033 facta.
3044 5993 3063 6027 ›
