4032 6410
332 393 435 457 663

1324 371 2363 462 ECCLESIASTICIEHlSTORlE
2403 401 2547 461 LIB.
2592 401 2638 464 Ι.

3492 405 3595 469 (66

414 511 538 564 Ἐπὶ
566 510 775 575 τούτοις
801 514 875 565 τὰ
904 513 1047 568 κατὰ
1078 512 1177 583 τὴν
1200 512 1397 581 γενεὰν
1432 512 1676 585 Ἡρώδου
1710 513 1907 584 ἐφεξῆς

2088 516 2338 572 Posthzec
2383 518 2615 574 Herodis
2644 534 2817 589 genus
2857 519 3053 577 ordine
3087 521 3378 577 Africanus
3408 539 3595 591 prose-

331 608 359 659 ὁ
397 606 725 675 Ἀφρικανὸς
756 607 1093 677 καταλέγων,
1127 609 1191 662 ἐκ
1220 608 1331 661 τῶν
1359 607 1643 678 συγγενῶν
1665 605 1906 679 Χριστοῦ

332 701 759 771 παρειλημμένα
789 702 988 755 οὑτωσί
1018 720 1137 767 πως
1171 704 1422 771 διέξεισν
1462 722 1481 754 ι
1517 702 1639 756 Τῶν
1682 702 1909 773 Ἐϐραῖ-

333 797 446 847 κῶν
478 795 651 861 γενῶν
674 796 1044 864 ἀναγράπτων
1086 799 1145 851 ἐν
1174 799 1286 860 τοῖς
1321 795 1565 867 ἀρχείοις
1588 796 1783 857 ὄντων,
1814 794 1910 850 καὶ

333 886 441 940 τῶν
474 888 601 957 ἄχρι
635 888 997 957 προσηλύτων
1044 890 1493 960 ἀναφερομένων,
1543 889 1651 953 ἕως
1706 887 1910 959 Ἀχιὼρ

333 976 425 1028 τοῦ
467 976 788 1045 Ἀμανίτου,
817 982 912 1031 καὶ
952 977 1111 1031 Ῥοὺο
1156 979 1256 1047 τῆς
1304 978 1671 1043 Μωαϐίτιδος,
1704 979 1814 1032 τῶν
1849 995 1911 1031 τε

333 1069 428 1122 ἀπ’
450 1070 732 1137 Αἰγύπτου
772 1072 1217 1125 συνεκπεσόντων
1250 1066 1576 1141 ἐπιμίκτων,
1603 1075 1631 1126 ὁ
1663 1072 1912 1144 Ἡρώδης

334 1161 489 1215 οὐδέν
514 1177 566 1213 τι
599 1161 1047 1233 συμϐαλλομένου
1073 1163 1165 1216 τοῦ
1193 1164 1302 1217 τῶν
1336 1164 1690 1235 Ἰσραηλιτῶν
1720 1166 1912 1232 γένους

336 1253 505 1324 αὐτῷ,
536 1254 630 1308 καὶ
658 1254 736 1325 τῷ
771 1256 1036 1310 συνειδότι
1065 1259 1165 1327 τῆς
1200 1258 1522 1327 δυσγενείας
1552 1258 1910 1329 κρουόμενος,

335 1348 639 1425 ἐνέπρησεν
664 1349 851 1402 αὐτῶν
882 1349 980 1415 τὰς
1005 1350 1334 1420 ἀναγραφάς
1355 1352 1465 1406 τῶν
1499 1351 1696 1420 γενῶν·
1725 1352 1913 1418 οἰόμε-

335 1460 422 1504 νος
469 1441 698 1513 εὐγενὴς
741 1444 1159 1512 ἀναφανεῖσθαι,
1204 1445 1284 1515 τῷ
1333 1446 1455 1516 μηδ’
1485 1446 1645 1501 ἄλλον
1676 1446 1821 1516 ἔχειν
1850 1447 1913 1500 ἐκ

338 1535 601 1605 δημοσίου
658 1538 985 1607 συγγραφῆς
1035 1540 1098 1590 τὸ
1154 1537 1315 1607 γένος
1366 1539 1595 1607 ἀνάγειν
1652 1541 1746 1592 ἐπὶ
1785 1540 1915 1604 τοὺς

340 1628 689 1697 πατριάρχας
734 1628 767 1697 ἢ
813 1628 1215 1699 προσηλύτους,
1262 1629 1391 1694 τούς
1432 1644 1494 1683 τε
1546 1629 1912 1701 καλουμένους

337 1720 580 1787 γειώρας
608 1720 734 1783 τοὺς
764 1721 1114 1790 ἐπιμίκτουςο
1152 1721 1327 1790 ὀλίγοι
1361 1722 1418 1776 δὲ
1462 1722 1572 1776 τῶν
1614 1721 1912 1793 ἐπιμελῶν,

341 1813 623 1874 ἰδιωτικὰς
669 1813 883 1875 ἑαυτοῖς
931 1814 1284 1883 ἀπογραφὰς,
1336 1814 1370 1885 ἢ
1433 1816 1912 1885 μνημονεύσαντες

337 1901 446 1952 τῶν
499 1900 806 1969 ὀνομάτων,
858 1900 890 1972 ἢ
939 1901 1115 1965 ἄλλως
1167 1891 1486 1972 ἔχοντες’ἐξ
1537 1903 1915 1973 ἀντιγράφων,

339 1992 747 2062 ἐναδρύνονται,
790 1993 1105 2063 σωζομένης
1141 1997 1209 2065 τῇ
1249 1995 1441 2066 μνήμῃ
1478 1994 1577 2064 τῆς
1613 1995 1917 2065 εύγενείαςυ

337 2078 414 2138 ὧν
442 2084 740 2154 ἐτύγχανον
771 2086 820 2138 οῖ
852 2085 1247 2155 προειρημένοι
1286 2086 1609 2140 δεσπόσυνοι
1642 2086 1919 2154 καλούμε-

339 2178 531 2231 νοι-διά
561 2178 657 2248 τὴν
687 2180 825 2248 πρὸς
852 2179 913 2231 τὸ
942 2181 1212 2249 σωτήριον
1258 2181 1416 2248 γένος
1457 2181 1779 2248 συνάφειαν,
1810 2179 1921 2232 ἀπό

339 2286 399 2321 τε
451 2269 728 2339 Ναζαρῶν
778 2272 873 2322 καὶ
920 2271 1169 2339 Χωχαδᾶ
1222 2270 1428 2339 κωμῶν
1486 2270 1796 2324 Ἰουδαϊκῶν
1848 2244 1965 2339 τῇι

338 2365 499 2433 λοιπῇ
560 2365 631 2432 γῇ
692 2364 1173 2435 ἐπιφοιτήσαντες⁶
1234 2366 1329 2419 καὶ
1387 2365 1488 2434 τὴν
1542 2364 1919 2434 προκειμένην

338 2456 693 2523 γενεαλογίαν
728 2455 791 2509 ἐκ
842 2472 900 2508 τε
941 2456 1040 2524 τῆς
1074 2456 1261 2526 βίϐλου
1306 2458 1414 2510 τῶν
1447 2456 1672 2527 ἡμερῶν
1713 2458 1769 2516 ἐς
1804 2456 1919 2509 ἴσον

342 2548 654 2612 ἐξικνοῦντο
676 2548 1105 2617 ἐξηγησάμενοι.
1134 2546 1244 2602 Εἶτ’
1275 2545 1369 2603 οὖν
1394 2549 1591 2615 οὕτως,
1616 2550 1713 2603 θεῖτ’
1739 2549 1918 2614 ἄλλως

342 2643 477 2713 ἔχει,
524 2645 876 2712 σαφεστέραν
923 2644 1192 2713 ἐξήγησιν
1216 2645 1315 2697 οὐκ
1344 2644 1412 2698 ἂν
1463 2644 1579 2715 ἔχοι
1613 2662 1699 2708 τις
1741 2645 1919 2708 ἄλλως

342 2734 605 2802 ἐξευρεῖν,
651 2734 725 2797 ὡς
758 2736 935 2804 ἔγωγε
981 2735 1208 2805 νομίζω,
1253 2736 1360 2797 πᾶς
1407 2751 1471 2803 γε
1510 2735 1571 2798 ὃς
1616 2736 1921 2805 εὐγνώμων

343 2828 619 2897 τυγχάνει.
654 2829 765 2881 Καὶ
794 2829 927 2897 ὑμῖν
956 2827 1095 2898 αὕτη
1134 2828 1365 2897 μελέτω,
1400 2829 1450 2880 εί
1477 2830 1573 2881 καὶ
1601 2828 1920 2898 ἀμάρτυρός

342 2922 480 2985 ἐστι,
510 2922 589 2990 τῷ
622 2922 697 2991 μὴ
735 2923 1025 2993 κρείττονα
1057 2923 1089 2991 ἢ
1127 2923 1493 2993 ἀληθέστερον
1535 2923 1680 2993 ἔχειν
1714 2926 1915 2979 εἰπεῖν.

343 3011 417 3065 To
440 3013 503 3081 γέ
532 3030 613 3066 τοι
661 3013 802 3066 Θεῖον
838 3016 934 3067 καὶ
968 3016 1115 3085 ἱερὸν
1161 3014 1491 3083 [εὐαγγέλιον
1530 3016 1749 3078 πάντως
1785 3017 1921 3085 ἀλη-

345 3106 517 3163 Οεύει.
547 3108 658 3161 Καὶ
688 3106 868 3162 ταῦτα
901 3108 947 3160 δ’
973 3110 1034 3163 ἐν
1065 3109 1144 3178 τῷ
1172 3108 1318 3163 τέλει
1348 3109 1446 3178 τῆς
1468 3109 1767 3179 είρημένης
1802 3111 1922 3161 ἐπι-

2016 617 2198 672 cutus,
2235 626 2263 662 a
2297 610 2619 679 propinquis
2659 621 2711 664 et
2744 613 2993 681 cognatis
3018 612 3224 668 Christi
3263 628 3327 667 ea
3353 631 3474 684 quae
3502 632 3595 671 se-

2015 708 2263 769 quuntur
2304 712 2551 770 accepta,
2590 702 2653 756 ad
2694 704 2838 757 hunc
2870 704 3095 759 modum
3146 706 3395 776 exponit.
3455 708 3593 762 Cum

2014 793 2406 849 Hebraicarum
2435 794 2760 849 familiarum
2801 797 3133 868 genealogus
3170 799 3224 853 iu
3259 800 3464 869 scripta
3512 816 3597 855 rc-

2016 885 2161 949 latae,
2197 885 2251 939 in
2288 887 2528 941 archivis
2565 897 2621 941 et
2654 888 2874 956 publico
2903 890 3196 956 tabulario,
3228 902 3394 961 atque
3424 893 3476 946 in
3507 892 3595 947 his

2015 978 2182 1033 etiam
2208 993 2401 1033 eorum
2437 980 2530 1049 qui
2565 980 2634 1034 ad
2680 986 2988 1052 proselytos
3020 992 3074 1037 et
3103 984 3367 1050 advenas,
3417 1001 3595 1055 usque

2016 1071 2084 1125 ad
2114 1070 2318 1124 Achior
2344 1072 2674 1137 Amauitem,
2704 1082 2760 1127 et
2799 1073 2970 1141 ipsam
3006 1076 3155 1129 Ruth
3208 1075 3592 1139 Moabitidem,

2016 1162 2223 1231 quique
2256 1161 2323 1216 ad
2365 1176 2460 1216 eos
2485 1163 2579 1232 qui
2616 1179 2682 1217 ex
2717 1162 2952 1235 Egypto
2999 1166 3315 1236 promiscue
3342 1169 3592 1236 prognati

2018 1256 2364 1326 prodierunt,
2400 1257 2803 1322 referebantur,
2829 1268 3249 1313 asservarcutur
3280 1274 3295 1312 :
3328 1259 3593 1320 Herodes.

2016 1349 2166 1420 quod
2206 1347 2341 1402 nihil
2374 1349 2438 1402 ad
2487 1366 2614 1402 eum
2646 1350 3013 1405 lsraelitarum
3044 1366 3218 1420 genus
3270 1352 3593 1420 pertineret,

2016 1451 2071 1494 et
2103 1441 2247 1510 quod
2273 1440 2627 1496 obscuritatis
2647 1458 2758 1497 sua:
2786 1442 2892 1497 sibi
2923 1442 3177 1497 conscius
3200 1451 3365 1503 esset,
3390 1457 3453 1495 ea
3482 1442 3596 1509 ipsa

2016 1532 2457 1602 genealogiarum
2504 1533 2838 1588 monimenta
2862 1534 3188 1597 combussit,
3218 1535 3323 1603 72
3355 1543 3469 1586 tum
3499 1533 3598 1587 dc-

2018 1641 2171 1680 mum
2204 1641 2265 1681 se
2302 1626 2543 1681 nobilem
2602 1641 2804 1695 genere
2851 1636 2909 1681 et
2952 1626 3221 1681 illustrem
3263 1626 3425 1694 vulgo
3482 1626 3599 1680 fore

2018 1730 2242 1789 putans,
2272 1722 2317 1772 si
2350 1733 2533 1787 neque
2565 1718 2707 1773 alius
2745 1717 3034 1787 quisquam
3055 1733 3119 1771 ex
3138 1717 3359 1787 publico
3393 1717 3600 1786 scripto

2020 1827 2194 1882 genus
2230 1827 2387 1866 suum
2422 1811 2489 1865 ad
2538 1811 2683 1880 ipsos
2731 1810 3074 1879 patriarchas
3131 1819 3229 1864 aut
3264 1810 3597 1881 proselytos,

2024 1907 2282 1976 ipsosque
2317 1905 2480 1959 etiam
2513 1903 2848 1971 alienigenas
2870 1900 3342 1971 promiscuos,qui
3367 1900 3599 1970 γειῶραι

2022 1999 2391 2064 vocabantur,
2443 1997 2648 2051 referre
2681 2003 2890 2065 posset.
2929 1992 3091 2047 Pauci
3137 2008 3270 2049 sane
3303 1993 3600 2063 diligentes

2023 2092 2292 2152 homines,
2350 2091 2596 2161 privatos
2640 2088 2745 2142 sibi
2791 2087 2924 2156 ipsis
2956 2086 3406 2156 genealogiaruin
3453 2099 3603 2138 com-

2021 2185 2341 2248 mentarios,
2372 2192 2466 2237 aut
2504 2182 2728 2236 nomina
2762 2180 2878 2248 ipsa
2908 2179 3171 2233 memoria
3203 2186 3479 2237 tenentes,
3505 2184 3603 2229 aut

2020 2293 2084 2332 ea
2116 2278 2185 2331 ab
2216 2274 2622 2345 exemplaribus
2659 2280 2938 2341 petentes,
2980 2268 3166 2323 studio
3200 2284 3269 2323 eo
3314 2267 3600 2330 delectati,

2021 2368 2438 2424 condiderunt:
2496 2381 2595 2435 per
2652 2378 2792 2432 quos
2852 2360 3156 2415 nobilitatis
3204 2358 3470 2413 memoria
3516 2369 3605 2413 est

2022 2466 2366 2514 conservata.
2419 2458 2475 2513 In
2533 2471 2629 2510 eos
2671 2452 3104 2510 commentarios
3151 2452 3493 2514 inciderunt,
3535 2452 3605 2507 de

2022 2554 2225 2622 quibus
2244 2551 2484 2607 diximus
2497 2550 2850 2615 δεσπόσυνοι,
2869 2564 2971 2603 seu
2990 2547 3328 2609 δεσποτικοὶ,
3362 2546 3468 2599 hoc
3495 2556 3604 2611 est,

2021 2646 2292 2701 Dominici
2347 2660 2442 2700 seu
2503 2643 2784 2698 llomicelli
2833 2651 2887 2695 et
2929 2640 3134 2695 heriles
3204 2639 3603 2709 cegnominati,

2022 2746 2243 2806 propter
2280 2750 2402 2790 eam
2447 2751 2568 2804 quae
2618 2734 2724 2788 illis
2763 2747 2889 2787 cum
2941 2730 3237 2785 Servatore
3288 2729 3606 2783 intercessit

2020 2829 2238 2899 generis
2274 2827 2720 2898 coujunctioncm
2751 2841 2765 2878 :
2797 2823 2889 2894 qui
2922 2838 2989 2878 ex
3020 2822 3248 2876 Nasaris
3270 2830 3325 2875 et
3350 2818 3605 2874 Chocaba

2020 2921 2222 2976 Judaeze
2254 2921 2411 2983 vicis,
2436 2918 2781 2988 frequentius
2808 2917 3075 2985 reliquam
3101 2924 3305 2968 terram
3338 2912 3603 2974 visentes,

2019 3015 2289 3084 ejusmodi
2322 3012 2692 3084 genealogiam
2722 3011 2887 3065 etiam
2926 3023 2994 3062 ex
3037 3007 3365 3061 diurnarum
3414 3020 3605 3059 rerum

2021 3108 2199 3169 libris,
2232 3104 2411 3176 quoad
2460 3111 2735 3174 poterant,
2781 3103 3097 3173 vulgarunt.
3129 3099 3427 3160 Caeterum,
3489 3097 3609 3150 sive

347 3198 545 3267 στολῆς
591 3198 889 3268 ἐπιτίθησι·
919 3200 1146 3275 Ματοᾲν
1185 3202 1212 3254 ὁ
1246 3201 1354 3254 ἀπὸ
1392 3200 1739 3271 Σαλομῶνος.
1766 3202 1920 3267 ἐγέν-

2026 3201 2118 3264 ita,
2153 3215 2249 3254 seu
2277 3199 2436 3253 aliter
2470 3212 2529 3251 se
2572 3211 2663 3251 res
2704 3190 2931 3257 habeat,
2966 3193 3352 3248 dilucidiorem
3387 3189 3615 3258 exposi-

343 3309 472 3361 νησε
500 3293 592 3346 τὸν
624 3292 844 3348 Ἰακώδ.
872 3295 1101 3347 Ματθὰν
1130 3294 1520 3359 ἀποθανόντος,
1550 3294 1726 3364 Μελχῖ
1757 3296 1785 3347 ὁ
1812 3294 1921 3347 ἀπὸ

347 3384 535 3438 Νάθαν
584 3385 647 3439 ἐκ
677 3386 778 3455 τῆς
823 3386 991 3439 αὑτοῦ
1022 3388 1281 3453 γυναικὸς
1322 3387 1583 3457 ἐγέννησε
1608 3386 1700 3440 τὸν
1744 3387 1918 3440 Ἠλεί.

359 3476 717 3548 Ὀμομήτριοι
762 3480 873 3550 ἄρα
912 3480 1135 3548 ἀδελφοὶ
1174 3480 1322 3532 Ἠλεὶ
1368 3481 1463 3533 καὶ
1507 3480 1729 3532 Ἰακώϐ.
1773 3480 1922 3531 Ἠλεὶ

347 3568 576 3621 ἀτέκνου
628 3569 1016 3636 ἀποθανόντος,
1077 3573 1104 3624 ὁ
1154 3572 1353 3624 Ἰακὼδ
1413 3573 1712 3641 ἀνέστησεν
1774 3571 1923 3640 αύτῷ

352 3660 595 3728 σπέρμα,
634 3662 906 3732 γεννήσας
957 3662 1051 3715 τὺν
1085 3660 1283 3730 Ἰωσὴφ
1319 3663 1461 3715 κατὰ
1513 3663 1674 3730 φύσιν
1719 3663 1922 3731 ἐαυτῷ.

349 3754 492 3804 κατὰ
522 3754 687 3822 νόμον
716 3754 774 3807 δέ
805 3754 884 3824 τῷ
928 3753 1095 3807 Ἡλείο
1124 3754 1293 3817 οὕτως
1336 3754 1668 3824 ἀμφοτέρων
1705 3752 1774 3825 ἢν
1814 3755 1928 3817 υἱὸς

346 3838 377 3891 ὁ
410 3838 622 3910 Ἰωσήφ.
661 3859 681 3894 ι

2030 3293 2234 3347 tionem
2285 3290 2427 3343 alius
2475 3288 2766 3358 quisquam
2819 3300 2929 3340 non
2982 3282 3313 3339 invenerit:
3352 3291 3412 3335 ut
3474 3281 3607 3334 mihi

2028 3383 2274 3453 quidem,
2297 3390 2351 3435 et
2376 3380 2671 3447 unicuique
2700 3378 2791 3448 qui
2825 3391 2985 3445 mquo
3008 3372 3356 3441 candidoque
3386 3374 3619 3440 ingenio‘

2032 3475 2302 3546 praeditus
2340 3473 2430 3536 sit,
2464 3472 2708 3525 videtur.
2747 3469 2878 3521 Eam
2929 3478 3059 3520 vero
3092 3465 3195 3536 ipsi
3227 3478 3446 3533 quoque
3483 3476 3612 3531 pro-

2030 3568 2180 3630 hate,
2201 3563 2452 3635 quamvis
2466 3561 2617 3615 nullo
2634 3568 2789 3614 certo
2812 3557 3127 3614 testimonio
3148 3556 3221 3609 sit
3250 3552 3573 3607 confirmata
3596 3573 3609 3608 :

2032 3660 2179 3733 quod
2211 3660 2421 3715 scilicet
2461 3657 2673 3712 certius
2709 3664 2807 3709 aut
2853 3652 3041 3707 verius
3083 3650 3383 3720 quidquam
3425 3646 3613 3700 all‘erri

2033 3757 2293 3818 nequeat.
2338 3746 2520 3815 Ipsum
2549 3758 2681 3799 sane
2724 3741 2946 3812 quidem
2990 3738 3238 3794 divinum
3284 3750 3615 3804 sacrumque

2037 3839 2393 3909 Evangeliutn
2456 3836 2608 3893 omni
2668 3850 2734 3891 ex
2783 3844 2939 3905 parte
2988 3847 3179 3886 verum
3212 3838 3317 3885 est.
3374 3829 3479 3884 Sed
3523 3828 3615 3881 illa

349 3946 567 3999 quoque
600 3933 653 3986 in
687 3933 795 3989 fine
822 3934 963 4003 ejus,
1003 3951 1167 4005 quam
1220 3935 1479 4000 diximus,
1524 3934 1769 4004 epistolae
1816 3934 1997 3987 addit:
2068 3931 2313 3986 Matthan
2375 3944 2405 3983 a
2441 3928 2735 3983 Salomone
2799 3923 3149 3995 proveniens,
3174 3921 3365 3991 genuit
3420 3919 3611 3975 Jacob.

349 4026 588 4083 Mattban
624 4041 861 4097 mortuo,
890 4032 1087 4087 Melchi
1128 4048 1157 4087 a
1201 4031 1412 4091 Natban
1448 4041 1630 4087 ortum
1682 4031 1913 4095 ducens,
1956 4045 2025 4085 ex
2095 4027 2332 4097 conjuge
2385 4025 2506 4096 ejus
2530 4022 2842 4095 procreavit
2865 4020 3009 4075 lleli.
3035 4016 3251 4074 Uterini
3285 4016 3469 4084 itaque
3489 4023 3618 4067 sunt

350 4122 545 4180 fratres
564 4124 682 4180 ΠιξΙί
710 4136 766 4181 et
797 4130 983 4184 Jacob.
1014 4129 1385 4199 Heli,absque
1413 4127 1604 4182 sobole
1639 4136 1917 4195 suscepta,
1952 4125 2237 4188 defuncto,
2315 4121 2485 4177 Jacob
2534 4122 2584 4175 ei
2663 4132 2852 4173 semen
2891 4112 3239 4170 resuscitavit
3277 4130 3289 4163 :
3334 4118 3391 4163 ct
3437 4108 3621 4177 ipsum

349 4218 648 4300 Josephum
693 4220 798 4273 sibi
851 4221 951 4290 ipsi
1000 4222 1225 4292 quidem
1272 4221 1428 4292 juxta
1481 4231 1754 4286 naturam,
1823 4220 1928 4290 ipsi
1970 4228 2151 4274 autem
2220 4215 2338 4271 Heli
2370 4216 2528 4287 juxta
2593 4214 2790 4284 legem,
2826 4210 3037 4281 genuit.
3071 4206 3161 4263 Sic
3206 4206 3492 4261 amborum
3523 4203 3619 4259 Jo-
3712 4228 3719 4235 ο

352 4317 484 4387 seph
527 4316 674 4371 ﬁlius
704 4314 825 4370 fuit.
870 4336 888 4370 ι

421 4411 610 4467 Ταῦτα
651 4409 751 4478 μὲν
782 4413 809 4463 ὁ
847 4412 1201 4481 Ἀφρικανός.
1231 4416 1536 4484 Συνάγεται
1572 4414 1753 4469 τοίνυν
1774 4414 1920 4470 δυνά-

2110 4405 2235 4459 llaec
2256 4400 2475 4472 quidem
2509 4399 2587 4453 sic
2618 4399 2927 4453 Africanus.
2954 4396 3114 4451 Certo
3144 4401 3323 4449 autem
3352 4392 3619 4462 colligere

356 4523 449 4578 μξι
487 4509 581 4560 καὶ
628 4506 728 4576 τὴν
781 4507 1003 4575 Μαρίαν
1042 4509 1105 4559 ἐκ
1159 4509 1261 4577 τῆς
1312 4509 1463 4580 αύτῷ
1519 4510 1735 4580 ἐκείνης
1785 4507 1920 4562 εἶναι

2039 4514 2258 4572 quoque
2278 4499 2425 4557 licet.
2450 4495 2677 4549 Mariam
2704 4494 2875 4560 ipsam
2906 4507 2973 4546 ex
2999 4490 3214 4554 eadem,
3246 4504 3365 4558 qua:
3386 4486 3611 4556 Iosephi

354 4602 551 4670 φυλῆς·
593 4602 717 4654 ἐπεί
762 4602 843 4653 τοί
894 4618 958 4669 γε
1002 4602 1145 4655 κατὰ
1184 4603 1278 4655 τὸν
1316 4578 1561 4665 Μωσέως
1610 4578 1799 4672 νόμον,
1833 4602 1920 4671 τὴι

2038 4594 2162 4652 fuit,
2213 4591 2379 4645 fuisse
2440 4588 2612 4651 tribu,
2660 4582 3103 4655 quandoquidem
3162 4597 3230 4636 cx
3292 4580 3621 4650 pimscripto

354 4694 529 4765 φυλὴν
562 4696 639 4765 μὴ
670 4695 862 4757 ἄλλαις
897 4695 1095 4762 φυλαῖς
1135 4695 1532 4764 ἐπιμίγνυσθαι
1556 4696 1810 4766 ὥρισται·
1844 4696 1931 4749 ἵνα

356 4786 464 4858 γὰρ
509 4786 582 4857 μὴ
628 4790 654 4840 ὁ
705 4788 907 4857 κλῆρος
946 4789 1055 4840 ἀπὸ
1100 4788 1275 4857 φυλῆς
1309 4790 1391 4852 είς
1437 4789 1612 4860 φυλὴν
1642 4789 1933 4859 περιστρέ-

357 4896 531 4947 φοιτο,
563 4880 670 4931 ἀπὸ
701 4879 795 4933 τοῦ
828 4879 995 4932 αὐτοῦ
1028 4880 1205 4949 δήμου
1242 4880 1333 4932 καὶ
1361 4881 1459 4950 τῆς
1490 4881 1661 4951 αὐτῆς
1696 4883 1933 4952 πατριᾶς

355 4972 454 5035 τὰς
484 4971 595 5024 τῶν
624 4972 818 5040 γάμων
853 4970 1136 5041 ἐπιμιξίας
1160 4970 1525 5043 ἐνομοθέτησε
1554 4970 1824 5040 γίνεσθαι.

944 5177 1196 5233 ΚΕΦᾹΛ.
1237 5176 1336 5232 IB'.

359 5265 495 5334 Περὶ
518 5265 643 5349 ,τῆς
672 5268 834 5348 θείας
860 5268 1202 5349 γετνήοξεζως
1236 5270 1343 5349 τοῦ
1375 5271 1599 5349 {ipp/ou
1627 5272 1794 5349 ἡμῶν
1822 5272 1937 5349 Ἰητ-

430 5338 547 5418 σρῦ
573 5338 833 5418 Ᾱξριστοῦ
853 5358 865 5370 ·
889 5341 1011 5418 ⁵ἑτι
1064 5340 1142 5418 δὲ.
1170 5342 1302 5418 περ)
1341 5342 1449 5408 τῆς
1480 5341 1802 5418 περιτομῆς
1836 5343 1935 5418 καὶ

429 5408 540 5483 τῆς
590 5408 990 5483 ὐπᾳξιαντῆς·
1050 5412 1149 5465 καί
1196 5411 1479 5480 διήγησις
1508 5408 1642 5479 περὶ
1680 5408 1938 5483 ’Σιιμεὼν

462 5479 536 5533 οῦ
565 5479 875 5549 θεωὸόχου.

432 5668 544 5723 Καὶ
573 5667 639 5739 δὴ
680 5668 773 5721 τοῦ
818 5667 1089 5735 δόγματος
1124 5666 1572 5734 κατεπείγοντος,
1607 5667 1702 5719 καὶ
1738 5666 1935 5736 Ἰωσὴφ

361 5762 580 5832 σύναμα
610 5765 676 5833 τῇ
728 5764 938 5831 μνηστῇ
974 5760 1229 5828 Μαριὰμ,
1268 5758 1346 5829 τῷ
1395 5760 1668 5829 ὑπερφυεῖ
1716 5760 1937 5829 κούφως

365 5855 677 5927 βαρουμένῃ
703 5855 907 5923 φόρτῳ,
932 5854 1094 5924 ἀπῄει
1124 5856 1185 5923 τῇ
1212 5854 1430 5926 πατρίδι
1459 5852 1932 5924 ἁπογραψὸμενος.

2033 4685 2167 4754 legis
2203 4682 2472 4742 Blosaicm,
2505 4680 2703 4731 tribuni
2749 4675 2853 4729 alia
2899 4675 3042 4727 tribu
3075 4672 3435 4727 commiscere
3484 4687 3613 4740 pro-

2034 4777 2265 4831 hibitum
2290 4782 2393 4827 est.
2434 4772 2501 4827 Ut
2532 4783 2773 4838 namque
2821 4766 3175 4821 hereditates
3224 4773 3279 4819 et
3307 4764 3616 4819 successio-

2034 4885 2133 4925 nes
2162 4870 2429 4922 bonorum
2464 4881 2495 4919 a
2526 4864 2670 4917 tribu
2696 4864 2748 4917 in
2783 4861 2982 4915 tribum
3014 4876 3119 4914 non
3155 4858 3615 4922 transferrentur,

2035 4976 2101 5017 cx
2132 4959 2323 5014 eadem
2352 4965 2511 5027 gente
2545 4964 2600 5008 et
2629 4954 2831 5009 familia
2850 4952 3167 5021 nuptiarum
3196 4950 3619 5018 coniunctiones

2038 5054 2288 5111 contrahi
2319 5052 2542 5116 debere,
2565 5049 2846 5119 legislator
2878 5045 3145 5101 decrevit.

2555 5162 2659 5239 73
2700 5166 2927 5223 CAPUT
2964 5164 3083 5220 xu.

2040 5266 2116 5320 De
2145 5261 2464 5317 admiranda
2484 5270 2535 5314 et
2557 5262 2733 5315 divina
2761 5260 3038 5314 nativitale
3063 5257 3270 5310 Domini
3296 5258 3461 5311 nostri
3490 5256 3625 5310 Jew

2109 5336 2306 5391 Christi
2340 5350 2355 5385 .'
2382 5334 2506 5386 item
2541 5331 2606 5383 de
2633 5331 2868 5401 ejusdem
2910 5330 3327 5401 circumcisione,
3355 5338 3404 5401 et
3436 5328 3617 5381 obvia-

2109 5409 2271 5471 tione,
2311 5418 2427 5474 qua:
2459 5404 2504 5455 ei
2535 5397 2745 5455 honoris
2781 5417 2951 5474 causa
2992 5400 3045 5451 in
3098 5397 3287 5474 templo
3340 5399 3481 5467 facta
3518 5406 3620 5474 est.

2108 5468 2267 5533 ncm'
2294 5468 2719 5529 commemoratio
2754 5472 2816 5525 de
2860 5471 3139 5540 Symeone,
3172 5470 3261 5538 qui
3311 5486 3429 5523 eum
3476 5468 3625 5521 ulnis

2111 5548 2216 5601 suis
2250 5546 2471 5613 excepit.

2112 5664 2313 5718 Verum
2356 5661 2681 5720 enimvero.
2725 5658 2907 5713 edit-to
2942 5664 3172 5728 cogente
3199 5698 3213 5722 ,
3248 5670 3373 5710 cum
3416 5653 3620 5723 Ioseph

2040 5757 2203 5814 simul
2245 5771 2370 5810 cum
2410 5768 2609 5823 sponsa
2632 5753 2823 5815 Maria,
2863 5750 3079 5821 pondus
3116 5748 3327 5803 ventris
3360 5759 3623 5804 naturam

2043 5850 2218 5919 ipsam
2279 5860 2698 5915 supergressum
2729 5843 2925 5899 leviter
2960 5840 3259 5899 admodum
3292 5839 3526 5907 ferente,
3554 5837 3621 5895 in
