4032 6440
401 405 467 470 θ’]
479 403 500 467 l

1632 403 2068 467 NICEPHORI
2109 405 2462 468 CALLISTI

3591 415 3702 478 (372

404 523 479 578 illi
535 521 823 585 viderant,
871 519 966 576 sed
1020 535 1218 575 n:vam
1270 519 1431 591 plane
1483 531 1542 576 et
1594 521 1894 588 insolitam,
1925 523 1992 577 ad

2107 521 2194 576 δύο
2234 521 2474 592 μάλιστα
2503 518 2614 574 τῶν
2642 520 2927 588 ἐνιαυτῶν,
2960 523 3051 575 καὶ
3104 520 3227 593 οὐχὶ
3275 523 3412 593 μετᾶ
3441 525 3538 579 δύο
3587 530 3692 600 τῆς

405 623 610 670 terram
643 621 962 684 vergentem
995 624 1050 667 et
1080 614 1380 684 plurimum
1414 613 1778 679 relucentem,
1808 615 1988 685 persi-

403 710 703 777 milemque
753 708 894 762 adeo
946 708 1177 776 reliquis
1214 709 1338 764 coeli
1377 709 1574 774 astris;
1615 724 1796 778 neque
1839 708 1987 774 aliis,

400 816 567 872 quam
613 801 705 870 qui
755 799 1035 855 sideribus
1068 801 1476 869 cognoscendis
1519 816 1747 870 operam
1799 800 1990 856 dedis-

401 906 550 957 sent,
585 896 940 964 conSpicuam
993 904 1049 950 et
1082 905 1470 966 apparentem.
1524 895 1590 949 Et
1636 896 1730 950 illa
1761 895 1988 966 quidem

401 1002 513 1039 non
560 986 755 1049 brevi,
795 986 890 1040 sed
935 986 1074 1040 duos
1113 995 1243 1041 ante
1273 1001 1477 1053 annos,
1524 1001 1689 1056 quam
1735 985 1992 1041 Christus

401 1085 562 1128 natus
591 1084 760 1139 esset,
798 1083 988 1129 exorta
1015 1075 1296 1144 apparuit,
1329 1091 1401 1132 ne
1440 1077 1570 1146 quis
1605 1077 1826 1132 duobus
1861 1086 1988 1146 post

400 1169 747 1224 nativitatem
802 1169 964 1225 annis
1013 1170 1223 1224 editam
1272 1179 1452 1241 putet.
1507 1170 1770 1227 Sedenim
1823 1171 1988 1242 Magi,

401 1275 528 1314 cum
559 1275 707 1315 novo
742 1260 852 1315 isto
881 1262 1203 1330 apparentis
1232 1261 1407 1316 stella:
1436 1263 1753 1332 spectaculo
1785 1263 1840 1318 in
1870 1278 1990 1318 am-

402 1353 626 1422 biguam
662 1352 1171 1410 considerationem
1205 1354 1442 1424 coniecti
1483 1365 1696 1418 essent,
1727 1364 1783 1411 et
1822 1360 1888 1412 de
1924 1369 1990 1412 ea

401 1446 496 1502 diu
559 1447 907 1516 multumque
966 1448 1302 1519 inquirendo
1355 1449 1769 1506 deliberarent:
1819 1451 1988 1506 habe-

404 1549 638 1608 rentque
671 1541 837 1595 simul
885 1550 1130 1597 veterem
1172 1543 1328 1597 illum
1374 1544 1616 1610 Balaam,
1663 1546 1756 1616 qui
1791 1545 1860 1600 de
1901 1560 1989 1609 eo,

395 1633 550 1700 quod
588 1632 834 1688 futurum
866 1644 1018 1696 erat.
1060 1637 1295 1691 Numine
1325 1638 1541 1693 aﬂlatus
1577 1639 1902 1694 cecinerat:
1936 1647 1993 1693 et

403 1726 638 1782 fortasse
687 1729 854 1784 etiam
906 1730 976 1785 ab
1023 1731 1106 1786 eis
1151 1747 1291 1801 quos
1327 1733 1380 1786 in
1430 1734 1790 1789 veneratione
1823 1745 1993 1804 atque

402 1819 769 1877 admiratione
813 1822 1094 1890 habuere,
1149 1825 1540 1881 sacerdotibus
1590 1828 1856 1896 paulatim
1894 1843 1994 1898 per

403 1912 738 1979 doctrinam,
771 1915 839 1969 ad
866 1918 1125 1988 mysteria
1157 1918 1281 1988 ejus
1313 1935 1434 1988 quae
1459 1921 1730 1976 rationem
1765 1935 1989 1975 omnem

401 2005 646 2069 excellit,
681 2007 776 2062 Dei
817 2009 980 2066 Verbi
1017 2013 1351 2079 nativitatis,
1384 2013 1610 2069 deducti
1646 2024 1834 2071 essent
1871 2015 1990 2087 (l):

402 2100 514 2170 76
545 2101 784 2156 maxime
816 2117 950 2157 vero
982 2103 1130 2159 Deus
1161 2106 1277 2177 ipse
1307 2107 1524 2164 animos
1559 2123 1756 2164 eorum
1783 2109 1852 2164 ad
1888 2110 1996 2166 hoc

399 2195 673 2249 excitaret
696 2211 711 2247 :
745 2195 1093 2266 proindeque
1115 2200 1317 2253 summi
1345 2201 1596 2256 omnium
1620 2203 1765 2273 regis
1783 2202 1994 2259 Christi

404 2289 522 2342 nati
560 2291 913 2358 providentia
948 2292 1191 2358 stellam,
1225 2293 1455 2364 perinde
1494 2305 1661 2366 atque
1691 2297 1995 2351 animatam

404 2381 704 2448 quamdam
733 2382 1227 2456 intelligentizeque
1252 2389 1580 2459 participem
1605 2389 1739 2456 vim,
1765 2405 1835 2445 ex
1863 2390 1996 2445 Per-

405 2472 525 2527 side
550 2473 795 2530 Judzeam
823 2491 1016 2532 versus
1045 2480 1255 2533 moveri
1286 2480 1667 2551 intelligerent
1692 2500 1706 2536 :
1733 2491 1994 2552 tanquam

404 2564 506 2618 vi.e
535 2566 675 2621 duce
706 2567 791 2622 usi
830 2569 1177 2638 praecedente
1210 2586 1272 2627 ea
1295 2611 1310 2637 ,
1354 2573 1619 2630 omnibus
1661 2574 1998 2645 posthabitis

407 2659 610 2726 rebus,
651 2675 796 2732 pone
843 2672 975 2718 sunt
1030 2665 1229 2720 secuti.
1269 2665 1482 2736 Etiam
1533 2683 1704 2738 prope
1751 2666 1995 2723 Judaeam

405 2754 697 2825 ipsamque
747 2757 887 2812 adeo
933 2758 1245 2824 Ierusalem
1301 2769 1500 2826 erant,
1554 2777 1679 2816 cum
1731 2763 1834 2818 via:
1882 2763 1997 2818 dux

403 2847 587 2911 stella,
612 2863 723 2917 quo
752 2851 837 2920 (ut
861 2852 1123 2919 equidem
1159 2855 1316 2922 puto)
1348 2856 1612 2911 Itativitas
1642 2871 1707 2912 ea
1735 2871 1858 2926 quae
1882 2859 2003 2928 opi-

408 2939 635 2996 nionem
676 2942 957 3014 lidemque
989 2958 1213 3000 omnem
1271 2959 1497 3017 superat
1534 2949 1678 3005 fama
1715 2952 2003 3007 increbre-

409 3045 620 3100 sceret,
674 3036 1078 3107 manil‘estaque
1123 3038 1316 3105 ﬁeret,
1368 3041 1671 3113 derepente
1728 3044 1998 3115 disparet.

413 3128 552 3184 Cum
585 3143 717 3200 ergo
746 3129 1069 3188 dubitantes
1103 3132 1184 3187 illi
1226 3133 1295 3188 de
1337 3135 1622 3191 nativitate
1655 3152 1852 3194 recens
1884 3141 1998 3194 nati

2093 617 2404 684 γεννήσεως
2435 614 2555 685 ἔτη,
2581 615 2702 685 ἄμα
2730 614 2809 685 τῷ
2835 615 3073 686 Χριστὸν
3095 616 3298 688 δηλαδὴ
3326 618 3652 689 γεννηθῆναι
3673 636 3689 651 ο

2094 708 2153 761 ὲν
2185 705 2378 778 ἀπόρῳ
2401 723 2462 760 τε
2491 708 2832 770 καθεστῶτες
2863 707 2942 778 τῷ
2970 707 3106 779 ξένῳ
3135 709 3236 777 τῆς
3270 709 3420 776 θέας,
3446 714 3540 764 καὶ
3570 717 3690 777 ταῖς

2094 799 2228 870 περὶ
2250 799 2417 852 αὑτοῦ
2449 797 2716 871 ζητήσεσι
2773 799 3030 853 πλεῖστον
3068 800 3261 872 χρόνον
3285 802 3696 874 ἐκδαπανήσαν-

2094 907 2212 959 τες,
2257 892 2478 964 ἔχοντές
2538 909 2598 946 τε
2649 893 2767 963 ἅμα
2804 894 2901 946 καὶ
2951 894 3042 946 τὸν
3094 895 3376 964 πρόπαλαι
3437 897 3691 965 Βαλαὰμ,

2093 985 2227 1056 περὶ
2255 985 2448 1038 τούτου
2480 985 2542 1038 τὸ
2603 985 2865 1055 ἐσόμενον
2923 987 3374 1058 προφοιϐἀσαντα
3402 1005 3416 1020 ο
3452 989 3585 1052 ἴσως
3637 990 3696 1044 δὲ

2095 1081 2191 1133 καὶ
2221 1082 2373 1149 παρα
2407 1079 2517 1132 τῶν
2561 1078 2744 1139 αὐτοῖς
2790 1078 3107 1148 σεϐομένων
3154 1077 3340 1148 ἠρέμα
3400 1097 3698 1150 μυσταγωο

2095 1174 2355 1243 γούμενοι
2392 1171 2521 1243 περὶ
2554 1171 2653 1242 τῆς
2679 1171 2822 1243 ὑπὲρ
2856 1173 3012 1241 λόγον
3043 1172 3140 1225 τοῦ
3177 1171 3313 1227 Θεοῦ
3351 1174 3527 1243 Λόγου
3565 1191 3694 1244 γεν-

2096 1268 2329 1337 νήσεως,
2355 1265 2494 1320 Θεοῦ
2535 1265 2592 1320 δὲ
2625 1265 2688 1320 τὸ
2714 1266 2878 1320 πλέον
2931 1265 3030 1338 τὴν
3090 1266 3274 1338 ψυχὴν
3327 1268 3552 1320 ἐκείνων
3611 1269 3692 1330 είς

2095 1361 2258 1415 τοῦτο
2282 1359 2680 1430 διερεθίζοντος
2705 1375 2718 1390 ·
2749 1360 2994 1432 ὁπηνίκα
3028 1360 3094 1430 δὴ
3121 1359 3213 1413 οὖν
3261 1360 3548 1432 προνοίαις
3599 1359 3696 1412 τοῦ

2095 1452 2450 1524 γεννηθέντος
2482 1452 2881 1522 παμϐασιλέως
2935 1453 3203 1526 Χριστοῦ,
3229 1453 3322 1508 τὸν
3352 1455 3560 1525 ἀστέρα
3587 1448 3699 1508 οἷά-

2097 1561 2207 1618 περ
2240 1544 2489 1616 ἐμψυχόν
2517 1561 2642 1599 ⁴τινα
2673 1545 2771 1599 καὶ
2823 1547 3021 1616 vos:in
3071 1543 3304 1614 δύναμιν
3341 1547 3404 1598 ὲκ
3439 1545 3699 1616 Περσίδος

2096 1639 2237 1711 πρὸς
2320 1637 2587 1693 Ἰουδαίαν
2661 1638 2989 1708 κινούμενον
3061 1639 3427 1709 κατενόησαν,
3498 1638 3697 1692 ὡσανεὶ

2096 1730 2276 1803 ὁδηγῷ
2298 1732 2493 1801 ἐκείνῳ
2507 1733 2866 1804 χρησάμενοι,
2897 1735 2956 1786 ὲν
2979 1731 3218 1803 δευτέρῳ
3244 1732 3461 1802 θέμενοι
3494 1732 3696 1796 πάντα,

2096 1827 2333 1880 κατόπιν
2381 1827 2477 1880 καὶ
2534 1826 2690 1879 αὐτοὶ
2743 1825 2984 1881 εἵποντο.
3047 1826 3319 1896 Ἀγχιστα
3369 1825 3550 1878 τοίνυν
3602 1824 3701 1892 τῆς

2109 1920 2376 1983 Ἰουδαίας
2407 1919 2540 1991 περὶ
2583 1918 2944 1991 Ἰερουσαλὴμ
2969 1918 3278 1988 γεγονότες,
3305 1919 3380 1981 ὡς
3417 1917 3500 1980 ἂν,
3519 1913 3699 1987 οἶμαι,

2098 2014 2404 2087 περιφανὲς
2430 2017 2525 2067 καὶ
2551 2012 2882 2078 ἐξάκουστον
2913 2012 3138 2083 γένηται
3175 2013 3236 2065 τὸ
3268 2011 3572 2081 παράδοξον
3599 2012 3701 2082 τῆς

2099 2105 2432 2176 γεννήσεως,
2466 2105 2494 2156 ό
2525 2104 2626 2174 μὲν
2659 2102 2872 2174 όδηγῶν
2914 2100 3094 2172 ἀστὴρ
3125 2101 3291 2163 εὐθὺς
3337 2099 3548 2170 ἀφανὴς
3609 2094 3698 2169 ἦν.

2113 2197 2543 2268 Ἀπορουμένοις
2585 2195 2631 2248 δ’
2664 2192 2758 2249 οὖν
2791 2194 3026 2257 ἐκείνοις
3047 2194 3145 2246 καὶ
3169 2193 3701 2262 διαπυνθανομένοις

2104 2289 2202 2344 τοῦ
2236 2289 2561 2359 τικτομένου
2594 2287 2863 2360 βασιλέως
2885 2287 2985 2360 τὴν
3014 2287 3268 2358 γέννησιν
3293 2304 3309 2319 ·
3341 2285 3431 2352 Ἐξ
3463 2287 3539 2338 ’ἐω
3569 2288 3700 2356 γὰρ,

2099 2383 2293 2452 φασιν,
2317 2383 2529 2452 ἥκομεν
2559 2381 2757 2451 ἐκείνῳ
2791 2379 3210 2449 ἀφοσιώσασθαι
3250 2379 3350 2448 τὴν
3394 2379 3704 2450 προσκυνη-

2103 2491 2222 2529 σιν·
2254 2475 2406 2528 πᾶσᾶ
2436 2491 2495 2526 τε
2524 2475 2557 2544 ή
2597 2473 2752 2537 πόλις
2793 2473 2968 2544 μεστὴ
3000 2473 3249 2535 οορύσων
3298 2469 3387 2543 ἧν,
3433 2473 3527 2524 καὶ
3563 2473 3702 2541 μᾶλ-

2099 2567 2192 2620 λον
2218 2569 2245 2620 6
2272 2566 2528 2636 τηνικάδε
2555 2566 2658 2636 τὴν
2687 2567 2864 2636 ἀρχὴν
2885 2568 2986 2638 τῆς
3037 2566 3245 2629 πόλεως
3269 2565 3409 2636 ἔχων
3451 2564 3702 2635 Ἡρώδης

2099 2661 2130 2712 ό
2166 2659 2441 2730 βασιλεύς.
2495 2659 2720 2712 Ἐδεδίει
2762 2661 2872 2730 γὰρ
2904 2661 3033 2729 περὶ
3077 2663 3174 2731 τῆς
3242 2660 3437 2729 ἀρχῆς,
3491 2659 3586 2710 καὶ
3645 2659 3704 2712 ἐν

2101 2753 2314 2823 ἀγωνίᾳ
2341 2752 2582 2821 μάλιστα
2607 2747 2696 2823 ἦν,
2724 2753 2822 2823 τὴν
2851 2752 3022 2805 αὑτοῦ
3049 2753 3352 2806 κατάλυσιν
3412 2748 3704 2822 ὑφορώμε-

2103 2867 2217 2912 νος.
2251 2849 2342 2902 Διό
2360 2865 2445 2904 τοι
2469 2849 2564 2901 καὶ
2590 2849 2668 2908 είς
2696 2847 2890 2902 ἑαυτὸν
2922 2847 3272 2901 συνεκαλεῖτο
3293 2846 3418 2907 τοὺς
3452 2843 3705 2916 ἱερᾶσθαι

2099 2944 2376 3015 λαχόντας
2398 2943 2508 2997 τῶν
2553 2943 2829 2997 Ἰουδαίων
2859 2957 2872 2972 ⁸
2909 2944 3004 2995 καὶ
3060 2941 3158 2995 σὺν
3191 2941 3451 3012 ἀκριϐείᾳ
3483 2940 3706 2992 διεπυν-

2103 3041 2300 3096 θάνετο
2330 3041 2560 3104 ἕκαστα,
2592 3039 2696 3091 ποῦ
2725 3039 2945 3110 μέλλειν
2975 3037 3068 3090 τὸν
3098 3037 3228 3106 παρ’
3259 3037 3442 3099 αὐτοῖς
3468 3036 3509 3087 Χ
3519 3034 3704 3104 ριστὸν

2105 3133 2404 3203 γεννᾶσθαι
2461 3135 2574 3195 tot;
2626 3133 2938 3201 προφήταις
2994 3129 3346 3202 προείρηται.
3411 3129 3475 3180 Ol
3528 3126 3585 3180 δὲ
3646 3127 3706 3179 ἐν

412 3222 562 3292 regis
595 3223 947 3292 inquirerent
976 3225 1082 3296 (Ab
1114 3225 1342 3282 Oriente
1385 3228 1532 3283 enim
1553 3267 1568 3293 ,
1599 3229 1873 3294 dicentes,
1906 3248 2000 3288 ve-

2108 3227 2364 3298 Βηθλεὲμ
2399 3226 2501 3295 τῆς
2550 3225 2815 3288 Ἰουδαίας
2846 3227 3171 3296 ἐσήμαινον.
3211 3227 3323 3278 Καὶ
3354 3225 3382 3277 ό
3414 3222 3706 3294 προφήτης

411 3317 616 3382 nimus,
653 3327 712 3370 ut
741 3328 1138 3386 congruentem
1171 3320 1250 3374 illi
1280 3321 1493 3376 cultum
1526 3331 1581 3379 et
1609 3324 1996 3381 adorationem

411 3410 505 3478 pie
548 3411 974 3482 persolvamus),
1008 3424 1206 3468 cuneta
1238 3414 1373 3469 urbs
1412 3417 1652 3472 tumultu
1696 3418 1997 3488 impletur:

413 3501 651 3558 maxime
682 3519 846 3569 vero,
885 3505 979 3577 qui
1013 3515 1131 3560 tum
1172 3523 1403 3579 regnum
1437 3511 1511 3565 ibi
1543 3511 1856 3580 obtinebat,
1892 3514 2002 3569 He-

413 3596 585 3652 rodes
613 3599 689 3668 (‘2)
734 3600 1124 3656 conturbatur.
1171 3602 1456 3660 Metuebat
1494 3606 1642 3661 enim
1691 3623 1902 3679 regno:
1948 3619 2006 3665 ct

415 3690 719 3760 plurimum
771 3705 839 3748 ne
887 3693 941 3749 id
991 3695 1042 3750 ei
1089 3697 1494 3767 abrogaretur,
1539 3700 1814 3757 sollicitus
1860 3713 2004 3758 erat.

420 3783 610 3854 Itaque
635 3783 952 3841 Judaeorum
985 3791 1303 3846 sacerdotes
1335 3792 1402 3846 ad
1433 3807 1490 3848 se
1520 3807 1813 3861 convocat,
1838 3811 2008 3851 accu-

408 3873 710 3948 ’ratiusque
762 3879 977 3949 singula
1025 3894 1466 3950 percunctatur:
1518 3895 1575 3941 et
1627 3889 2003 3957 potissimum,

424 3965 648 4019 ubinam
674 3967 958 4022 Christum
983 3971 1128 4042 apud
1153 3974 1302 4043 ipsos
1323 3977 1668 4032 nasciturum
1721 3981 2008 4051 prepheta:

419 4058 706 4113 vaticinati
740 4073 961 4130 essent,
1009 4065 1264 4135 inquirit.
1305 4068 1406 4122 llic
1441 4071 1519 4125 illi
1554 4067 1879 4128 Bethlehem
1911 4079 2008 4128 ,ιυ-

421 4149 554 4204 dzeze
585 4152 857 4223 indicant,
880 4166 935 4210 et
968 4158 1294 4228 prophetam
1332 4161 1618 4218 Michaeam
1654 4174 1852 4221 testem
1884 4168 2008 4223 lau-

421 4245 681 4306 dant,ut
737 4248 923 4304 verbis
973 4250 1088 4306 suis
1139 4252 1303 4308 ﬁdem
1355 4265 1694 4312 astruerent.
1748 4259 2011 4316 Celebrat

421 4345 608 4392 autem
664 4339 1034 4413 laudibusque
1064 4343 1384 4402 Bethlehem
1419 4350 1506 4404 ille
1535 4352 1716 4416 elTert,
1752 4370 2011 4424 progreso

421 4449 615 4487 surum
652 4433 779 4488 inde
804 4435 1022 4493 lsraelis
1052 4438 1251 4494 ducem
1282 4440 1474 4497 divino
1513 4445 1776 4499 instinctu
1807 4447 2009 4516 przedi-

422 4542 577 4581 cens.
617 4526 755 4582 Tum
799 4529 1047 4587 Herodes
1075 4534 1309 4589 s'cretis
1352 4536 1646 4608 colloquiis
1679 4540 1915 4594 sollicite
1955 4533 2010 4596 et

2104 3322 2350 3390 Μιχαίας
2393 3320 2606 3390 μάρτυς
2643 3319 2930 3390 παρήγετο
2957 3317 3019 3370 τὸ
3066 3319 3381 3384 ἀξιόπιστον
3427 3316 3504 3386 τῷ
3560 3316 3706 3386 λόγῳ

2104 3415 2326 3480 διδούς·
2360 3415 2645 3484 σεμνύνων
2677 3432 2738 3468 τε
2788 3413 2904 3483 ἃμα
2959 3411 3058 3483 τὴν
3113 3411 3388 3482 Βηθλεὲμ,
3451 3409 3710 3464 κάκεῖθεν

2107 3510 2489 3576 ἐξελεύσεσθαι
2539 3511 2631 3563 τὴν
2665 3509 2759 3562 τοῦ
2829 3503 3430 3578 Ἰσραὴλῖηγησόμενον
3477 3522 3708 3574 προφοι-

2109 3602 2314 3666 ϐάζων.
2354 3601 2413 3653 '0
2444 3599 2499 3653 δὲ
2523 3598 2815 3667 λαθραίαις
2840 3601 2964 3660 ταῖς
2998 3596 3241 3668 όμίλίαις
3282 3595 3579 3666 ὲξηκρίϐου
3610 3594 3704 3648 τὸν

2108 3692 2322 3763 χρόνον,
2352 3690 2471 3743 καθ’
2505 3689 2564 3742 ὃν
2601 3691 2627 3742 6
2659 3687 2846 3752 καινὸς
2877 3690 3083 3750 ἐκεῖνος
3109 3687 3427 3757 ὑπερεφάνη
3479 3685 3656 3756 ἀστήρ
3686 3699 3702 3714 ·

2107 3785 2207 3838 καὶ
2263 3788 2321 3837 ὲν
2376 3783 2456 3854 τῷ
2512 3782 2765 3854 λεληθότι
2824 3785 2935 3844 τοῖς
2979 3780 3193 3848 Μάγοις
3238 3779 3706 3846 διεκοινολογεῖτο,

2109 3879 2189 3933 ἀπ
2215 3878 2332 3932 έναι
2372 3878 2475 3947 μὲν
2543 3877 2788 3940 ἐκείνους
2838 3875 2931 3929 καὶ
2971 3874 3156 3946 ζητεῖν
3212 3871 3304 3926 τὸν
3349 3873 3705 3941 τικτόμενον

2111 3972 2378 4042 εὑρόντας
2431 3969 2489 4022 δὲ
2521 3965 2676 4034 αὖθις
2728 3969 3098 4034 παλινοςτεῖν,
3149 3968 3224 4030 ὡς
3248 3967 3312 4022 ἂν
3355 3966 3536 4036 ἀδροίς
3583 3965 3711 4034 ἐφο-

2111 4067 2245 4130 δίοις
2278 4064 2463 4119 οἶκαδε
2492 4066 2632 4133 σφᾶς
2672 4063 2772 4135 μὲν
2805 4061 3130 4134 ἀναπέμψῃ,
3185 4058 3306 4116 εἶτα
3335 4061 3392 4114 δὲ
3423 4062 3521 4115 καὶ
3546 4060 3710 4125 αὐτὸς

2114 4160 2390 4224 ἀπελθὼν,
2431 4161 2492 4212 τὸ
2527 4158 2674 4220 είκδς
2702 4156 2942 4229 ἀποτίσῃ
2965 4156 3043 4226 τῷ
3073 4157 3358 4225 ἀρτιγενεῖ
3378 4154 3607 4224 βασιλεῖ.
3641 4155 3708 4209 Οἱ

2118 4255 2218 4326 μὲν
2251 4250 2346 4308 οὖν
2385 4253 2530 4305 οὕτω
2564 4253 2678 4314 τοῖς
2707 4250 2802 4304 τοῦ
2835 4250 3081 4321 Ἡρώδου
3122 4248 3707 4319 παραϐουκοληθέντες

2114 4347 2318 4417 λόγοις,
2353 4347 2462 4401 τῶν
2545 4344 2946 4417 Ἱεροσολύμων
2987 4344 3240 4415 ἐξῄεσαν.
3284 4344 3396 4397 Καὶ
3434 4339 3591 4403 αὖθις
3631 4342 3710 4413 τῷ

2115 4437 2296 4508 ὁδηγῴ
2321 4436 2512 4506 ἀστέρι
2542 4433 3038 4505 περιτυγχάνουσιν
3064 4447 3077 4462 ·
3139 4435 3196 4498 ὃς
3224 4431 3284 4499 ἐξ
3316 4435 3392 4486 Ξω
3451 4435 3710 4502 ποδηγῶν

2121 4532 2338 4594 αὐτοὺς,
2368 4532 2448 4594 εἰς
2490 4528 2751 4583 Ἰουδαίαν
2787 4526 2960 4581 ίοῦσιν
2987 4525 3198 4598 ἐκρύϐη
3228 4544 3240 4557 ’
3276 4529 3374 4581 καὶ
3403 4527 3469 4597 δὴ
3500 4526 3708 4596 σφόδρα

425 4619 723 4690 diligenter
781 4634 1001 4698 tempus
1058 4630 1369 4699 perquirit,
1424 4605 1653 4700 ex'quo
1706 4648 1850 4688 nova
1918 4634 2000 4690 illa

2119 4626 2396 4696 ἡσθέντες,
2427 4626 2550 4686 ταῖς
2589 4623 2801 4676 ἐκείνου
2837 4622 2931 4677 καὶ
2982 4619 3138 4686 αὖθις
3175 4621 3392 4675 εἵποντο
3432 4622 3707 4692 ἠγεσίαις,

425 4715 698 4772 illuxisset
733 4721 891 4775 stella
919 4741 932 4777 :
963 4725 1295 4796 occulteque
1326 4735 1381 4782 et
1413 4727 1652 4783 latenter
1681 4746 1806 4785 cum
1840 4731 2013 4800 Magis

424 4824 680 4864 sermone
715 4816 1160 4882 communicato,
1204 4819 1283 4874 ire
1319 4819 1545 4888 quidem
1583 4821 1741 4887 illos,
1786 4833 1842 4878 et
1881 4839 2009 4878 eum

425 4902 517 4970 qni
570 4915 733 4959 natus
783 4917 933 4961 esset
977 4909 1260 4978 inquirere
1292 4951 1308 4977 ,
1349 4928 1592 4984 cumque
1642 4917 2011 4984 invenissent,

426 4997 493 5050 ad
527 5012 586 5051 se
620 5000 821 5053 reverti
849 5000 1028 5071 jubet,
1073 5014 1132 5058 ut
1164 5022 1290 5059 eum
1328 5009 1618 5078 magniﬁco
1656 5011 1782 5066 illos
1809 5011 2014 5067 viatico

427 5087 901 5158 adjutosdomum
938 5108 1093 5149 suam
1128 5099 1459 5166 remitteret,
1493 5110 1608 5156 tum
1645 5103 1762 5173 ipse
1792 5120 2015 5175 quoque

429 5181 714 5248 profectus
741 5185 951 5254 justum
988 5203 1179 5245 recens
1213 5193 1399 5261 genito
1435 5197 1546 5264 regi
1580 5196 1847 5252 honorem
1877 5214 2017 5268 prte-

429 5283 626 5329 staret.
655 5275 736 5329 Illi
769 5277 936 5348 igitur
969 5279 1257 5338 insidiosis
1287 5283 1525 5341 Herodis
1557 5288 1744 5343 verbis
1773 5288 2013 5359 decepti,

429 5367 828 5442 Hierosolymis
876 5385 1115 5441 exeunt,
1158 5386 1215 5432 et
1272 5395 1496 5434 rursum
1551 5382 1605 5436 in
1658 5382 1872 5438 stellam
1913 5384 2014 5438 vite

429 5459 627 5517 ducem
678 5465 970 5523 incidunt:
1011 5485 1137 5539 qua:
1170 5471 1240 5526 ab
1282 5471 1511 5527 Oriente
1543 5474 1628 5527 eis
1668 5473 2011 5543 praecedens,

501 5627 580 5697 (ι)
617 5647 634 5678 ι
672 5629 928 5685 Fortasse
981 5641 1132 5694 vero.
1191 5643 1316 5688 cum
1373 5633 1724 5701 apparitione
1783 5632 2000 5688 Domini

419 5699 746 5773 adversaria
797 5711 1036 5771 potestas
1086 5705 1298 5758 reddita
1349 5699 1497 5757 esset
1536 5703 1832 5762 inlirmior.
1864 5703 2002 5773 Magi

427 5771 598 5824 etiam
651 5772 949 5828 ellicaciatn
997 5789 1150 5828 suam
1189 5776 1451 5830 abolitam
1495 5790 1619 5828 esse
1679 5771 2003 5836 sentientes,

429 5855 798 5911 magnamque
835 5853 1160 5915 potestatein
1193 5855 1322 5898 nato
1359 5844 1473 5915 regi
1501 5853 1850 5909 attestantes,
1879 5860 2008 5913 pro-

442 5921 627 5979 pterea
648 5914 1025 5973 tuuncratiunc
1045 5930 1141 5974 sua
1170 5932 1341 5986 puero
1372 5914 1711 5972 adorationis
1745 5916 2010 5972 honorem

2112 4720 2356 4791 ἀρρήτου
2421 4717 2644 4786 ἐμπλεω
2691 4716 2907 4786 ἡδονῆς.
2976 4714 3067 4778 Ὧς
3099 4713 3155 4768 δὲ
3192 4713 3407 4784 φθάσας
3461 4713 3556 4767 ἐπὶ
3606 4715 3710 4785 τὴν

2113 4815 2290 4867 οἰκίαν
2325 4815 2352 4866 6
2390 4813 2568 4882 ἀστὴρ
2597 4811 2750 4881 ἔστη,
2788 4812 2845 4862 ὲν
2941 4809 2976 4881 ἦ
3011 4826 3073 4861 τε
3127 4810 3314 4880 μήτηρ
3363 4809 3462 4861 καὶ
3489 4811 3516 4862 6
3547 4809 3708 4878 ἀρχι-
3745 4833 3748 4836 ~

2115 4905 2360 4970 κώτατος
2381 4905 2587 4974 ταύτης
2619 4903 2734 4968 υίὸς
2764 4899 2854 4976 ἦν,
2886 4903 2981 4957 καὶ
3002 4903 3207 4956 ὡσανεὶ
3239 4901 3556 4973 στηριχθεὶς
3583 4901 3708 4955 ἀκί-

2117 5017 2277 5070 νητος
2310 5000 2524 5069 ἔμενεν,
2560 4997 2801 5052 ἐνταῦθα
2859 5013 2963 5049 που
3013 4995 3356 5067 κρύπτεσθαι
3398 4997 3460 5046 τὸ
3514 4991 3713 5062 ζητού·

2118 5113 2278 5166 μενον
2310 5095 2492 5157 καλῶς
2527 5091 2825 5162 οἰηθέντες,
2866 5089 2959 5144 τοῦ
3000 5090 3192 5159 πρόσω
3245 5089 3384 5143 ἰέναι
3445 5087 3708 5159 ἔστησαν.

2129 5187 2286 5242 Ἐπεί⁸
2305 5188 2362 5242 δὲ
2387 5186 2480 5241 καὶ
2505 5186 2686 5249 οἰκίας
2720 5186 2852 5238 εἵσω
2877 5183 3161 5253 γεγόνασι,
3187 5183 3286 5254 τὴν
3341 5182 3556 5253 μητέρα
3612 5184 3710 5236 καὶ

2115 5284 2176 5336 τὸ
2226 5281 2442 5336 παιδίον
2503 5279 2772 5348 θεώμενοι
2826 5277 3262 5348 κατησπάζοντο,
3327 5275 3432 5329 ὑπὸ
3491 5274 3708 5345 καλύδῃ

2115 5379 2318 5448 ἀσήμῳ
2378 5377 2474 5430 καὶ
2525 5374 2763 5445 πενιχρᾷ
2808 5373 3214 5444 διατρίϐοντας,
3245 5373 3342 5426 καὶ
3397 5372 3568 5426 τᾶλλα
3608 5372 3707 5442 τῆς

2115 5471 2410 5538 εὐτελείας,
2440 5469 2700 5539 οὐδεμίαν
2720 5468 3088 5530 ἀπολιπόντας
3118 5466 3452 5538 ὑπερϐολήν.
3486 5464 3709 5537 ’Δμέλει

2109 5626 2866 5702 prmstitegttttt.t_(Basilius,
2910 5626 3065 5698 ibid.)

2187 5703 2264 5772 (2)
2302 5719 2319 5752 ι
2359 5698 2872 5772 Tricesimotertio
2903 5695 3052 5772 anno
3089 5697 3243 5772 regni
3275 5695 3702 5772 Herodisnatus

2116 5767 2206 5827 est
2247 5767 2432 5827 .lesus.
2491 5769 2798 5822 Trieesimo
2831 5771 3026 5838 quinto
3065 5769 3415 5824 advenerunt
3457 5767 3524 5822 ad
3561 5781 3693 5838 eum

2121 5844 2368 5916 Magi,_ct
2392 5841 2686 5916 tricesimo
2708 5837 2946 5916 septimo
2977 5847 3235 5916 mortuus
3264 5849 3350 5896 est
3391 5837 3698 5896 Herodes.»

2124 5913 2345 5988 (Epiph.
2379 5911 2579 5969 Contra
2609 5909 2848 5981 Alogos.)
