4032 6420
368 380 474 442 673
1319 380 1628 441 ECCLESI
1641 383 1680 439 Α
1691 380 1929 440 STICE

2063 379 2365 440 STOllUE
2407 379 2552 440 LIB.
2598 381 2642 440 l.
3535 387 3641 448 674

367 495 429 550 τδ
468 491 681 546 παιδίον
709 493 805 547 καὶ
830 493 982 562 παρὰ
1002 493 1094 546 τὶν
1125 493 1222 564 τῆς
1256 493 1476 564 ἡλικίας
1513 493 1706 564 χρόνον
1734 494 1946 548 διαλλόο

2057 494 2108 546 in
2137 493 2328 548 Judrca
2357 470 2622 549 euntibus
2649 477 2970 551 evanuerat.
3003 497 3313 552 Admodum
3342 514 3474 553 sane
3506 501 3636 566 laeti,

371 604 537 656 μενον
559 586 750 656 ὥσπερ
779 588 875 640 καὶ
899 586 1102 651 συνιὲν,
1131 586 1230 659 τὴν
1283 586 1531 654 δεξίωσιν
1584 605 1643 642 τε
1671 587 1808 656 ὁμοῦ
1864 588 1952 642 κα)

2061 597 2224 656 atque
2247 587 2558 641 incredibili
2591 588 2872 657 voluptate
2895 590 3113 658 repleti,
3154 607 3376 646 rursum
3406 593 3636 648 dnetnm

369 677 745 750 προσκύνησιν
771 679 882 732 τῶν
927 679 1134 748 Μάγων
1161 680 1424 750 προσίετο
1448 695 1462 711 ο
1495 682 1635 750 πρὸς
1663 681 1718 733 δὲ
1746 681 1844 734 καὶ
1889 680 1960 733 τὰ

368 771 518 840 δῶρα
548 771 584 825 ἃ
609 770 704 823 κςιι)⁵
735 771 867 824 Θεὸν
906 771 1097 840 ἐδήλου
1123 770 1314 825 τοῦτον
1350 774 1443 826 καὶ
1475 771 1702 841 βασιλέα
1730 787 1744 802 °
1799 771 1959 826 τοῦτο

368 868 479 938 γὰρ
511 866 790 930 ἐϐούλετο,
817 867 880 920 τὸ
906 866 1006 936 μὲν
1059 870 1088 921 ὁ
1115 868 1339 938 χρυσὸς,
1391 868 1452 920 τὸ
1471 867 1517 920 δ’
1547 870 1574 920 ὁ
1626 867 1846 932 λίϐανος
1871 885 1885 899 ·
1923 871 1956 939 ἡ

368 963 424 1015 δὲ
454 960 672 1031 σμύρνα
718 959 820 1029 τὴν
853 961 918 1012 δι’
953 961 1050 1031 ἐμὲ
1107 961 1376 1031 νέκρωσιν
1415 962 1810 1033 προγράφουσα
1865 978 1954 1030 ην.

383 1053 728 1124 ’κιρκοὺντως
758 1049 852 1106 οὖν
888 1054 1541 1124 καταπροσκυνήσαντες,
1586 1055 1680 1108 καὶ
1743 1053 1957 1123 περιδε-

370 1145 496 1210 ξίως
518 1145 1026 1214 κατασπασάμενοι,
1056 1146 1151 1198 καὶ
1191 1145 1265 1208 ὡς
1298 1144 1425 1198 Υῑὸν
1449 1143 1583 1197 Θεοῦ
1610 1146 1706 1199 καὶ
1733 1143 1956 1214 βασιλέα

369 1233 478 1286 τῶν
508 1234 645 1287 ὅλων
679 1235 1058 1304 τετιμηκότες,
1087 1237 1146 1290 ἐν
1191 1235 1270 1304 τῷ
1297 1234 1650 1304 καταλύματι
1673 1235 1957 1288 διανυκτε-

373 1324 564 1396 ρεῦσαι
585 1326 697 1379 δεῖν
727 1325 969 1402 ἔκριναν,
991 1328 1268 1379 οἰκείωσιν
1288 1327 1488 1379 ὡσανεὶ
1515 1325 1615 1396 τὴν
1634 1325 1767 1396 πρδς
1791 1327 1956 1380 αὐτ-ἓν

368 1420 567 1489 ἐξόχως
610 1418 942 1489 Θηρώρενοι,
1003 1419 1098 1472 καὶ
1156 1419 1318 1488 τίμια
1374 1417 1626 1472 ἐντεῦθεν
1683 1420 1761 1480 ῶς
1806 1417 1954 1480 εἰκὸς

367 1514 551 1576 αὐτοῖς
594 1510 1212 1583 μνηστευόμενοι.Κατ’
1247 1512 1465 1580 ἐκείνην
1511 1511 1568 1563 δὲ
1632 1511 1732 1581 τὴν
1783 1510 1956 1562 νύκτα

366 1606 460 1661 τοῦ
485 1605 804 1675 ὁδηγοῦντος
837 1607 1020 1668 αὐτοῖς
1055 1605 1290 1672 ἀγγέλου
1335 1605 1662 1674 χρήσαντος,
1724 1603 1800 1666 ὡς
1864 1601 1958 1672 βά-

371 1715 570 1752 σκανον
597 1698 688 1750 τὸν
727 1697 976 1768 ἸΙρώδην
1020 1698 1429 1768 παραδραμεῖν,
1490 1695 1560 1749 δι’
1607 1695 1777 1764 ἄλλης
1833 1692 1956 1747 ὁδοῦ

368 1793 505 1862 πρὸς
538 1794 604 1846 τὰ
637 1793 812 1844 οἰκεῖα
846 1790 1254 1860 ἐπανέστρεφον
1283 1789 1412 1860 ἤθη,
1443 1787 1519 1852 ὡς
1552 1787 1620 1842 ἂν
1644 1786 1953 1842 διδάσκαλοι

368 1889 506 1956 πρὸς
530 1889 694 1956 τάχος
718 1888 806 1956 τῇ·
831 1885 1055 1954 Περσῶν
1085 1884 1448 1952 ἔκπεμφθῶσι
1508 1883 1661 1954 χώρᾳ
1687 1898 1701 1912 ·
1753 1882 1850 1934 καὶ
1914 1883 1946 1952 ή

367 1981 463 2035 τοῦ
503 1981 772 2051 τυράννου
831 1979 1065 2049 διακοπῇ
1111 1979 1300 2047 μανία,
1334 1978 1427 2031 καὶ
1462 1976 1625 2046 μάθοι
1667 1973 1953 2044 ἀνηνύτοις

368 2075 690 2148 ἐπιχειρῶν.

2061 679 2212 733 illius
2243 689 2576 748 sequuntur.
2612 679 2908 750 Postquam
2941 691 3124 736 autem
3159 685 3315 738 stella
3345 702 3512 754 supra
3543 687 3638 739 do-

2054 755 2375 826 lmunculam
2413 773 2694 838 constitit,
2730 783 2784 828 et
2822 775 2980 844 quasi
3030 775 3150 829 loco
3195 775 3408 830 firmius
3454 778 3640 838 allisa.

2060 862 2285 916 immota
2331 865 2673 931 permansit,
2723 866 2818 920 ubi
2859 868 3071 923 scilicet
3115 877 3169 922 et
3205 881 3380 924 mater
3426 872 3540 941 ipsa
3586 885 3637 926 et

2060 956 2442 1012 divinissimus
2473 959 2593 1029 ejus
2631 958 2776 1013 filius
2809 971 2971 1016 erant
3001 982 3013 1017 :
3048 964 3154 1033 7⁵1
3181 964 3254 1018 ibi
3291 965 3464 1020 latere
3494 967 3639 1034 quod

2059 1050 2418 1120 qna’rebant,
2465 1061 2614 1105 recte
2659 1053 3072 1116 existimantes.
3118 1057 3334 1126 longius
3387 1060 3639 1128 pregri-di

2059 1143 2444 1210 supersetlent.
2499 1145 2568 1200 Ut
2612 1153 2795 1200 autem
2842 1146 2896 1201 in
2949 1147 3172 1203 domum
3223 1161 3349 1206 sunt
3383 1153 3642 1222 ingressi,

2061 1244 2291 1288 matrem
2326 1244 2381 1289 et
2414 1251 2648 1304 puerum
2685 1251 3118 1307 conspexerunt,
3154 1243 3206 1296 in
3243 1244 3500 1308 obscura,
3537 1246 3643 1299 ltu-

2058 1325 2175 1379 tnili
2209 1335 2264 1380 et
2300 1341 2542 1396 paupere
2579 1342 2704 1382 casa
2758 1329 3048 1393 virentes,
3087 1342 3142 1387 et
3175 1333 3227 1386 in
3262 1335 3424 1389 rebus
3459 1339 3640 1390 omni-

2059 1417 2166 1474 bus
2219 1416 2288 1474 ad
2367 1435 2638 1474 summam
2704 1423 3100 1491 parcimoniam
3164 1435 3220 1478 et
3270 1425 3640 1498 frugalitatem

2060 1514 2196 1568 nihil
2221 1514 2416 1584 reliqui
2449 1515 2737 1571 facientes.
2764 1519 2830 1570 Λι
2859 1533 2996 1586 puer
3022 1519 3160 1588 ipse,
3194 1531 3395 1590 pra'tcr
3423 1532 3638 1577 :rtatem

2058 1606 2212 1677 quasi
2255 1609 2576 1674 exsultans,
2626 1619 2677 1662 et
2732 1609 3046 1681 intelligens
3098 1615 3478 1683 exceptionem
3522 1618 3640 1668 οπὶ-

2058 1700 2338 1770 ciumque,
2363 1701 2510 1770 quod
2537 1717 2633 1771 per
2660 1702 2982 1758 dextrarnm
3014 1708 3424 1774 porrectioncm
3453 1710 3636 1774 fiebat,

2060 1791 2552 1862 adorationcmque
2590 1793 2894 1864 Magorum,
2927 1807 2984 1850 et
3012 1813 3241 1852 munera
3282 1799 3412 1853 item
3445 1815 3638 1854 eorum

2061 1886 2409 1956 agnoscendo
2441 1885 2787 1947 admittebat,
2819 1903 2942 1956 qua}
2976 1903 3208 1943 munera
3247 1891 3416 1945 Deum
3457 1893 3636 1962 ipsum

2060 1989 2117 2033 et
2171 1993 2354 2049 regem
2408 1993 2534 2034 esse
2586 1979 2944 2034 declarabant
2992 1979 3106 2051 (l):
3161 1983 3310 2038 hunc
3361 1986 3636 2055 siquidem

2063 2086 2284 2136 aurum,
2317 2071 2472 2126 illum
2498 2079 2682 2126 autem
2709 2072 2837 2126 thus
2865 2074 3182 2128 indicabat:
3215 2077 3436 2147 myrrha
3472 2093 3637 2147 porro

372 2177 631 2234 mortem,
683 2183 804 2222 mea
846 2182 1010 2222 causa
1059 2173 1372 2234 susceptam
1426 2163 1810 2220 adumbrabat.
1847 2163 1953 2219 Sed
1995 2164 2141 2218 enim
2179 2179 2304 2218 cum
2374 2179 2524 2228 eum,
2559 2180 2659 2235 pro
2696 2170 2791 2220 'eo
2820 2175 2986 2235 atque
3017 2183 3231 2237 aequum
3269 2171 3466 2234 fuerat,
3501 2173 3637 2228 ado-

371 2267 590 2320 ratione
641 2264 922 2335 prosecuti
966 2272 1192 2327 essent,
1226 2261 1530 2332 dextreque
1599 2261 1897 2316 admodum
1934 2271 1991 2316 et
2028 2260 2313 2331 auspicato
2365 2261 2729 2322 salutassent.
2771 2272 2828 2317 et
2893 2273 2954 2318 ut
2994 2265 3192 2319 Filium
3238 2267 3330 2321 Dei
3364 2278 3419 2323 et
3455 2266 3636 2324 rern'ut

370 2366 616 2419 omnium
642 2379 826 2434 regem
854 2362 1246 2422 honorassent,
1273 2360 1326 2415 in
1359 2361 1476 2429 ipso
1499 2360 1811 2415 diversorio
1873 2361 1978 2415 sibi
2023 2359 2460 2428 pernoctandum
2535 2377 2657 2416 esse
2694 2371 3046 2424 statuerunt,
3099 2374 3359 2434 tanquam
3403 2366 3638 2424 fat‘nilia-

370 2478 485 2518 rem
532 2477 656 2518 cum
702 2476 770 2516 eo
811 2459 1275 2516 consuetudinem
1328 2458 1573 2514 studiose
1621 2458 1946 2524 ambientes,
1989 2469 2045 2512 et
2117 2458 2378 2513 eximium
2425 2459 2690 2528 quiddam
2765 2458 2900 2529 ipsis
2937 2459 3121 2527 (sicuti
3158 2462 3415 2532 decebat)
3452 2468 3638 2521 conci-

368 2559 504 2614 liare
546 2559 855 2614 studentes.
905 2557 1012 2612 Sed
1043 2558 1192 2612 enim
1232 2572 1296 2610 ea
1337 2555 1453 2626 ipsa
1495 2565 1658 2610 nocte
1703 2556 1954 2625 angelus,
2027 2558 2120 2625 qui
2183 2555 2294 2609 dux
2329 2555 2430 2609 vim
2460 2571 2652 2609 eorum
2689 2557 2889 2622 fuerat,
2924 2557 3048 2611 illos
3075 2561 3300 2613 oraculo
3326 2560 3636 2627 admonuit,

371 2667 430 2710 ιιι
459 2655 690 2710 llerodis
713 2654 883 2708 invidi
913 2668 1274 2722 congressum
1315 2652 1592 2722 fugerent.
1616 2651 1691 2705 lla
1719 2650 1946 2717 factum,
1987 2661 2045 2705 ιιι
2077 2668 2174 2720 per
2226 2652 2387 2706 aliam
2454 2651 2597 2705 viain
2621 2652 2675 2705 in
2699 2668 2854 2706 suam
2883 2663 3300 2710 reverterentur
3326 2659 3633 2727 regionem,

369 2753 646 2813 videlicet.
675 2759 920 2820 utquam
957 2749 1250 2804 celerrime
1276 2749 1330 2803 in
1358 2748 1650 2803 Persarum
1706 2749 1986 2818 regionem
2025 2750 2282 2802 doctores
2340 2758 2395 2802 et
2426 2747 2604 2801 nuntii
2668 2755 2833 2802 tanta:
2858 2749 2934 2802 rei
2962 2751 3236 2814 venirent,
3261 2762 3316 2806 et
3347 2765 3634 2821 praeterea,

371 2859 432 2902 ut
481 2848 694 2919 tyranni
749 2846 1101 2902 inhiberetur
1153 2845 1344 2914 furor,
1399 2845 1672 2918 simulque
1723 2857 1782 2900 ut
1835 2845 1951 2916 ipse
1986 2854 2246 2901 conatum
2316 2860 2378 2900 se
2415 2860 2573 2914 esse,
2645 2860 2768 2916 quae
2807 2845 2995 2916 perﬁci
3031 2864 3141 2902 non
3178 2863 3438 2921 possent,
3475 2853 3637 2912 ἰηιρι.

365 2943 578 3014 ligeret.

970 3065 1223 3122 ΚΕΦΑΛ.
1250 3065 1354 3120 lA’.

364 3164 506 3224 Περὶ
539 3163 650 3228 τῆς
674 3164 762 3227 εἰς
784 3161 1088 3228 Αἵγυπτον
1121 3160 1228 3214 τοῦ
1267 3159 1548 3224 Σωτῆρος
1576 3157 1776 3226 φυγῆς
1796 3173 1809 3186 ·
1847 3159 1945 3228 και

434 3233 514 3299 ὼς
549 3226 803 3299 Ἡρώδης
827 3226 897 3286 τὰ
925 3232 995 3284 ὲν
1032 3231 1303 3297 Βηθλεὲμ
1331 3229 1532 3298 βρὲεςη
1571 3228 1810 3299 ἀγεῖλεξ
1846 3226 1945 3299 xui

436 3296 568 3371 περὶ
606 3296 1122 3370 ’τοῦπροδρόμου
1163 3296 1485 3371 Ἰωάννουλ
1545 3301 1640 3371 καὶ
1676 3296 1950 3371 περὶτῆς

441 3370 518 3426 ἑνί
542 3375 620 3438 τῷ
649 3373 784 3437 (apti:
825 3372 934 3425 τοῦ
985 3371 1260 3438 Σωτῆρος
1309 3370 1736 3436 διδασκαλίας,
1766 3370 1950 3438 ἡνίκα

433 3444 664 3498 δώδεκα
686 3442 838 3498 ἐτῶν
859 3439 958 3513 ἦν.

445 3559 616 3628 Ὀμοῦ
645 3562 827 3611 τοίνυν
859 3560 924 3628 τῇ
954 3560 1064 3609 τῶν
1094 3555 1302 3623 Μάγων
1360 3554 1526 3622 ἐξόδῳ
1587 3555 1683 3606 καὶ
1750 3551 1948 3622 Ἰωσὴφ

367 3653 641 3722 κατ’δναρ
695 3649 1120 3722 ἐχρηματίζετο,
1166 3648 1335 3717 μηδὲν
1391 3647 1682 3716 μελλῆσαι,
1710 3647 1848 3699 ἀλλά
1885 3663 1949 3713 γε

363 3748 463 3815 τὴν
497 3747 709 3815 μητέρα
767 3745 862 3796 καὶ
889 3743 949 3795 τὸ
1015 3741 1226 3794 παιδίον
1273 3739 1697 3808 ἀναλαμϐάνειν,
1757 3739 1853 3792 καὶ
1900 3731 1958 3791 οἴ

367 3841 543 3895 ποδῶν
569 3841 737 3908 ἔχειν,
766 3839 823 3900 ἐς
877 3835 1154 3903 Αἴγυπτον
1184 3833 1282 3904 τὴν
1316 3832 1614 3903 φυγαδείαν
1650 3834 1825 3902 ἱστᾷν,
1855 3835 1949 3886 τὸν

365 3936 524 4002 φόνον
553 3931 648 3985 τοῦ
687 3929 954 3998 τυράννου
983 3925 1428 3995 διαδιδράσκοντα
1454 3942 1468 3955 ·
1497 3927 1720 3979 κάκεῖσε
1755 3926 1816 3993 δὴ
1850 3927 1952 3987 τὰς

363 4024 644 4095 διατριϐὰς
667 4023 830 4092 ἔχειν,
853 4021 1013 4090 ἄχρις
1032 4018 1097 4073 ἂν
1123 4020 1262 4072 ὁτοῦ
1283 4019 1494 4074 παιδίου
1518 4018 1699 4086 ζητῶν
1723 4019 1825 4086 τὴν
1845 4018 1941 4087 ψυ-

365 4122 486 4189 χὴν,
518 4118 618 4185 τὴν
658 4115 794 4167 ἰδίαν
815 4113 995 4182 ψυχὴν
1022 4111 1414 4182 ἀπερεύξηται.
1432 4112 1491 4163 '0
1514 4112 1610 4180 μὲν
1629 4109 1951 4181 οὗνίΊωειὴφ

367 4209 538 4272 οὕτως
557 4206 863 4260 ἐποίευκαὶ
889 4205 980 4257 ἐπὶ
999 4204 1127 4269 τρία
1158 4203 1251 4274 ἔτη
1279 4203 1336 4255 ὲν
1368 4203 1628 4272 Αἰγύπτῳ
1653 4205 1750 4273 τὴν
1778 4220 1953 4270 φυγα-

366 4303 514 4355 δείαν
546 4297 735 4353 ἐτίθει.
756 4299 828 4351 Οὐ
864 4295 1041 4364 πο).λῷ
1063 4295 1107 4348 δ’
1128 4294 1356 4367 ὕστερον
1381 4295 1474 4348 τοῦ
1506 4294 1744 4363 Ἡρώδου
1762 4295 1822 4346 τὸ
1853 4297 1952 4366 ζῇν

2638 3060 2866 3116 CAPUT
2907 3060 3049 3116 XIV.

2051 3153 2127 3208 De
2159 3155 2284 3222 fuga
2313 3154 2610 3228 .Servatori:
2640 3157 2706 3228 ιιι
2737 3155 3048 3228 Ᾱῖᾳυριιηιι.
3085 3166 3136 3210 ει
3173 3158 3310 3210 avde
3343 3159 3636 3228 infantum,

2158 3242 2278 3279 nam
2313 3224 2542 3280 Herodes
2568 3227 2622 3278 in
2675 3225 2936 3280 Bethleem
2980 3226 3140 3294 fecit;
3186 3230 3248 3280 de
3295 3224 3638 3284 Prtrcursore

2119 3243 2278 3348 quam
2313 3243 2542 3280 ueroaes
2568 3243 2622 3278 ιιι
2675 3243 2936 3280 uemteem
2980 3243 3140 3294 ιρσιι;
3186 3243 3248 3280 ae
3295 3243 3636 3284 Pru'cursore

2146 3312 2345 3370 cunne.
2371 3305 2419 3350 et
2450 3297 2512 3349 (le
2538 3300 2780 3350 doctrina
2808 3297 3108 3353 Servatoris
3155 3300 3210 3353 in
3247 3300 3465 3370 templo,
3514 3318 3636 3355 cum

2120 3366 2392 3420 duodecim
2425 3376 2556 3420 esset
2580 3383 2866 3422 annorum.

2125 3547 2235 3618 78
2264 3547 2322 3601 1η
2356 3547 2474 3617 ipsa
2509 3563 2731 3617 quoque
2771 3547 3054 3617 Magorum
3103 3549 3383 3613 abitione.
3427 3553 3632 3621 Joseph

2054 3643 2108 3696 in
2142 3641 2352 3695 somnis
2393 3640 2621 3695 oraculo
2653 3639 2845 3694 divino
2887 3641 3205 3697 admonitus
3247 3653 3353 3705 est.
3401 3656 3460 3701 ιιι
3495 3648 3635 3703 citra

2051 3743 2262 3785 moram
2300 3738 2356 3785 et
2389 3729 2823 3790 cunctationem.
2857 3741 3033 3787 matre
3074 3742 3130 3787 et
3163 3750 3334 3802 puero
3373 3741 3633 3808 receptis,

2052 3839 2162 3894 quo
2197 3822 2412 3894 tyranni
2447 3822 2654 3878 caedem
2684 3824 2938 3890 evitarct,
2971 3827 3228 3881 celeriter
3258 3827 3312 3882 in
3337 3827 3633 3901 Aigyptum

2052 3917 2411 3988 profugeret,
2447 3917 2634 3987 ibique
2673 3928 2781 3972 tant
2824 3917 2919 3972 diu
2954 3928 3289 3983 moraretur.
3331 3921 3510 3978 donec
3537 3925 3632 3995 qui

2054 4010 2213 4082 pueri
2245 4012 2444 4066 anima:
2473 4010 2858 4076 insidiaretur,
2898 4011 3018 4080 ipse
3052 4013 3292 4068 animam
3325 4017 3632 4072 exhalaret.

2053 4103 2121 4157 Et
2169 4103 2371 4172 Josepb
2418 4101 2642 4172 quidem
2696 4102 2750 4156 id
2796 4101 2962 4170 facit,
3008 4105 3344 4176 trienniique
3378 4107 3452 4176 (‘2)
3489 4106 3634 4178 apud

2053 4195 2341 4267 [Egyptios
2371 4195 2624 4250 exsilium
2663 4196 2882 4252 tolerat.
2916 4196 3027 4252 Nec
3061 4198 3234 4279 mul'to
3273 4210 3398 4268 post
3461 4200 3635 4256 llero-

2055 4289 2154 4343 des
2189 4290 2426 4359 turpiter
2458 4289 2627 4342 vitam
2669 4287 2827 4344 linit:
2859 4299 2914 4342 et
2944 4290 3148 4358 Ioseph
3186 4307 3404 4344 rursum
3441 4292 3635 4347 divino

365 4392 609 4464 αἰσχρῶς
641 4391 1075 4461 ἁπορρήξαντος,
1101 4387 1254 4450 αὖθις
1281 4388 1702 4457 χρηματισθεὶς,
1733 4387 1948 4454 σύναμα

2057 4394 2321 4448 responso
2363 4379 2762 4442 commonitus,
2798 4395 2906 4434 una
2947 4396 3070 4433 cum
3143 4392 3316 4436 matre
3356 4381 3426 4450 {et
3468 4399 3632 4452 supra

366 4489 433 4552 τῇ
473 4484 638 4555 μητρὶ
666 4483 760 4535 καὶ
817 4480 895 4550 τῷ
940 4481 1212 4549 ὑπερφυεῖ
1262 4478 1469 4547 τοκετῷ
1523 4482 1602 4540 εἰς
1651 4479 1748 4547 τὴν
1813 4480 1950 4531 ἰδίαν

366 4575 520 4641 αὖθις
549 4575 886 4644 προσεφοίτα
920 4571 1177 4641 πατρίδα.
1209 4571 1280 4623 Ὅ
1308 4587 1370 4638 γε
1400 4571 1507 4639 μὴν
1549 4569 1796 4640 Ἡρώδης
1831 4571 1947 4623 δια-

369 4669 592 4742 μαρτὼν
625 4669 720 4722 τοῦ
749 4665 975 4728 σκοποῦ,
1008 4665 1132 4727 τοὺς
1164 4663 1561 4729 διαπαίξαντας
1603 4663 1947 4732 ἀμυνόμενος

367 4767 589 4834 Μάγους
626 4763 720 4816 καὶ
757 4761 844 4814 διὰ
869 4759 1047 4828 τὸτῆς
1082 4757 1260 4828 ἀρχῆς
1294 4756 1432 4822 δέος,
1467 4756 1608 4808 κατά
1637 4756 1746 4808 τῶν
1795 4755 1947 4808 οὐδὲν

364 4859 711 4932 ἠδικηκότων
750 4854 952 4907 παίδων
982 4852 1103 4904 ὅλον
1146 4851 1239 4903 τὸν
1285 4849 1455 4918 θυμὸν
1513 4849 1797 4918 ἑκρὴσςει,
1853 4846 1949 4898 καὶ

367 4951 507 5004 κατὰ
531 4949 712 5017 πάσης
742 4946 890 5016 ὁρμᾷ
915 4943 1012 5015 τὴς
1035 4941 1249 5010 φύσεως
1269 4981 1284 5005 ,
1316 4940 1412 4992 καὶ
1447 4939 1573 5001 τοὺς
1603 4939 1660 4990 ὲν
1700 4935 1950 5006 Βηθλεὲμ

367 5045 611 5105 ἅπαντας
641 5039 835 5100 παῖδας
870 5037 976 5090 ἀπὸ
1005 5033 1236 5096 διετοῦς,
1270 5032 1365 5084 καὶ
1425 5030 1670 5094 ἔλαττον,
1731 5027 1952 5081 ἐθέσπι-

367 5135 458 5199 {sv
489 5133 763 5201 ἀναιρεῖν,
809 5133 867 5182 ὲν
924 5131 989 5198 τῇ
1038 5127 1189 5196 κοινῇ
1246 5124 1353 5176 τῶν
1412 5121 1720 5175 ἀνευθύνων
1767 5123 1948 5189 σφαγῇ

369 5225 677 5278 συνανελεῖν
689 5222 782 5276 καὶ
801 5223 892 5275 τὸν
913 5219 1168 5288 ἐπίζηλον
1189 5218 1403 5278 πάντως
1423 5214 1667 5283 οἰόμενος
1691 5229 1704 5244 ’
1731 5212 1950 5282 ϋρηνεῖν

369 5317 576 5376 πάντας
620 5311 686 5384 (ὣ
711 5311 810 5382 τῆς
861 5306 1239 5378 ἁναλγησίαςῐ
1277 5307 1296 5374 )
1363 5301 1815 5373 παρασκευάσας,
1881 5298 1949 5352 ἵν’

439 5498 515 5568 (ι)
547 5498 738 5566 Regem
778 5495 1046 5568 Deumque
1090 5489 1415 5568 aununtiant

544 5560 839 5626 Thcsaurus
877 5571 924 5613 et
963 5561 1212 5629 fragrans
1245 5560 1375 5610 odor

545 5637 730 5691 Thuris
758 5633 937 5691 Sabei,
973 5640 1028 5682 at
1071 5630 1344 5698 myrrheus

547 5706 726 5762 Pulvis
752 5702 1054 5775 sepulcrum
1099 5699 1376 5775 pra'ftoccl.

1187 5771 1268 5839 (l’t
1293 5767 1591 5838 CDtiNT:US.)

443 5849 520 5912 (9.)
552 5847 790 5915 Biennii,
821 5844 1093 5913 Epiphan.

2058 4482 2268 4528 natura:
2315 4481 2536 4540 captum
2584 4470 2771 4539 genito
2817 4470 2965 4532 filio,
3018 4470 3070 4524 in
3123 4486 3277 4524 suam
3332 4477 3634 4530 revertitur

2061 4564 2290 4634 patriam
2335 4565 2436 4633 (5).
2488 4562 2788 4616 Enimvero
2848 4561 3120 4627 llerodes,
3175 4578 3300 4617 eum
3352 4575 3482 4620 voto
3532 4583 3635 4623 suo

2054 4653 2372 4717 excidisset,
2405 4662 2760 4720 cmptumque
2789 4651 2840 4705 ei
2872 4651 3164 4704 consilium
3199 4655 3384 4709 minus
3414 4671 3636 4712 succes-

2052 4747 2236 4812 sisset,
2271 4761 2396 4801 enm
2425 4744 2682 4798 vindictzc
2714 4745 2765 4797 in
2801 4743 2984 4814 Magos
3011 4745 3338 4815 cupiditate,
3371 4765 3399 4801 a
3428 4751 3634 4816 quibus

2053 4839 2158 4894 sibi
2192 4839 2411 4893 illusum
2445 4851 2567 4892 esse
2597 4836 2859 4905 putabat,
2903 4835 3191 4902 incensus,
3226 4849 3340 4893 tum
3386 4841 3636 4911 periculo

2054 4932 2208 5002 regni
2267 4930 2554 4986 amittendi
2606 4931 2915 4987 concitatus
2963 4941 3154 4987 contra
3209 4933 3486 4994 infantes.
3533 4934 3632 5004 qui

2055 5022 2194 5076 nihil
2225 5024 2274 5076 ei
2301 5022 2515 5092 injurire
2539 5020 2879 5082 intulissent,
2908 5021 3343 5092 indignationem
3377 5025 3631 5093 iramque

2055 5131 2274 5170 omnem
2303 5116 2530 5178 evomit,
2557 5123 2614 5168 et
2633 5113 2900 5169 adversus
2925 5125 3178 5168 naturam
3203 5132 3419 5170 omnem
3449 5115 3634 5170 insur-

2056 5207 2156 5277 git.
2206 5205 2693 5261 Bctblebemiticos
2735 5206 2816 5278 (4)
2865 5207 3013 5262 enim
3069 5223 3268 5276 pueros
3317 5207 3632 5271 universos,

2057 5299 2152 5369 qui
2219 5297 2410 5353 bimuli
2469 5298 2845 5354 teneriorcsve
2893 5308 3115 5363 essent,
3173 5300 3360 5353 edicto
3422 5299 3634 5352 interti-

2132 5480 2210 5547 ('5)
2243 5477 2445 5534 [Elatia
2471 5474 2674 5530 Christi
2705 5490 2852 5529 anno
2894 5485 3054 5530 sexto
3083 5475 3200 5530 fere
3231 5475 3525 5543 completo.

2121 5549 2199 5617 (Αἰ)
2235 5569 2254 5602 ι
2294 5551 2572 5617 Augustus
2596 5547 2800 5617 (Lcsar.
2830 5561 2952 5598 cum
3003 5549 3269 5617 audisset,
3312 5547 3455 5598 inter
3489 5561 3627 5612 pue-

2051 5614 2336 5688 Μέμμιος
2385 5614 2442 5670 in
2487 5617 2640 5688 Syria
2694 5614 2945 5688 llerotles
2999 5631 3091 5668 rex
3130 5615 3446 5688 Judtcorum
3484 5617 3626 5688 intra

2049 5685 2501 5757 bituatbmjussit
2532 5685 2791 5757 interfici.
2845 5685 3016 5757 lilium
3050 5701 3271 5752 quoque
3319 5685 3440 5754 ejus
3482 5687 3630 5740 oeci-

2049 5777 2196 5826 sum,
2229 5763 2302 5813 ait
2332 5754 2349 5812 Ξ
2376 5757 2568 5813 Melius
2595 5768 2679 5810 est
2733 5754 2966 5828 llcrotlis
2993 5769 3112 5806 esse
3154 5770 3404 5823 porcum,
3462 5771 3628 5828 quam

2047 5824 2244 5886 tilium.
2289 5848 2309 5884 ι
2349 5829 2607 5901 (Macrob.
2637 5828 2732 5883 lib.
2770 5842 2826 5892 ιι,
2855 5824 3083 5890 Saturn.
3113 5841 3233 5894 cap.
3265 5828 3342 5892 4.)
