4032 6442
313 395 421 461 6ἷῦ

1537 381 1967 447 NICEPHORI
2007 337 2352 444 CALLisrt

3465 389 3576 459 676

315 508 549 567 ciendos
575 504 754 563 sancit
780 521 794 558 :
822 502 876 557 in
903 497 1184 556 contmuni
1217 504 1279 560 ut
1310 496 1606 552 universali
1634 495 1892 549 innocen-

2005 494 2214 556 ἐκεῖνος
2234 492 2401 563 φόϐου
2435 491 2569 564 λυθῇ
2598 506 2613 521 ⁸
2648 491 2748 563 τὴν
2766 491 2878 563 γὰρ
2907 492 3164 564 ἐπιτολὴν
3201 493 3297 548 τοῦ
3346 496 3576 569 ἀστέρος

317 604 456 658 tium
491 599 659 663 eaade,
701 595 862 653 simul
888 595 1207 650 occisurum
1238 604 1299 646 se
1330 602 1454 645 esse
1479 603 1632 652 cum,
1664 586 1754 641 cui
1793 601 1892 655 per

317 690 726 749 aemulationem
764 686 994 742 insidias
1030 681 1302 746 struebat,
1328 679 1694 735 existimans:
1727 686 1785 732 et
1813 676 1891 748 (1)

315 788 507 858 lugere
548 782 868 854 ejulareqne
909 792 1103 831 omnes
1135 775 1275 830 alios
1308 772 1468 843 (proh
1504 771 1783 826 hominem
1823 767 1893 823 ab

316 879 467 935 omni
494 873 886 932 misericordia:
909 867 1386 936 humanitatisque
1409 880 1575 921 sensu
1604 860 1891 932 alienum!)

317 972 529 1035 volens,
562 977 623 1023 ut
657 968 775 1036 ipse
806 961 970 1018 modo
1003 970 1149 1015 metu
1180 958 1332 1014 omni
1362 957 1661 1013 levaretur.
1690 952 1895 1010 Obser-

315 1070 539 1118 vaverat
573 1060 619 1113 is
644 1064 800 1113 certo
833 1054 1005 1107 stella:
1038 1060 1315 1112 exortum,
1344 1046 1493 1118 quod
1517 1062 1637 1101 eam
1666 1044 1892 1099 biennio

314 1164 443 1210 ante
474 1168 503 1206 a
534 1167 592 1207 se
631 1150 684 1204 in
714 1146 940 1204 Perside
973 1147 1148 1199 visam
1186 1141 1329 1211 Magi
1369 1138 1666 1205 dixissent,
1726 1150 1894 1207 atque

315 1248 442 1302 inde
492 1245 812 1313 conjectura
862 1248 1121 1307 accepta,
1170 1245 1323 1291 extra
1367 1248 1593 1290 sensum
1644 1231 1893 1287 affectio-

316 1352 555 1406 nemque
604 1348 826 1389 onmem
880 1331 1129 1400 positus,
1177 1326 1417 1383 infantes
1450 1323 1893 1381 contrucidavit:

317 1427 466 1499 quod
510 1427 758 1497 profecto
789 1420 1062 1493 quispiam
1100 1436 1169 1475 ne
1200 1419 1467 1474 adversus
1495 1418 1734 1473 inanima
1774 1416 1896 1506 qui-

317 1520 443 1574 dem
487 1515 845 1572 commiserit.
879 1511 1093 1582 Quippe
1138 1510 1361 1565 tenellas
1410 1511 1627 1580 plantas
1671 1508 1894 1578 conspi-

318 1613 505 1677 ciens,
536 1625 637 1680 per
668 1605 1208 1662 commiserationem
1251 1603 1319 1658 ab
1362 1603 1442 1658 eis
1483 1601 1801 1657 excidendis
1831 1616 1893 1656 sc

318 1702 664 1765 abstineret,
711 1711 892 1767 neque
939 1711 1167 1765 carpere
1214 1696 1300 1766 (ut
1346 1694 1422 1749 ita
1459 1695 1716 1764 dixerim)
1765 1710 1892 1766 per-

314 1803 490 1866 geret,
523 1807 644 1862 qua:
686 1788 1084 1859 comprehendi
1116 1804 1228 1843 non
1272 1797 1521 1860 possent.
1562 1788 1737 1844 Porro
1765 1803 1891 1844 eam

1996 583 2252 653 ἠκρίϐου,
2286 585 2393 655 πρὸ
2419 584 2516 639 δύο
2564 586 2792 639 ἐκείνων
2822 586 2961 639 ἑτῶν
3003 588 3061 638 ἐν
3119 588 3342 657 Περσίδι
3392 584 3578 661 ὦφθαι

1995 676 2186 733 τοῦτον
2214 676 2325 730 τῶν
2355 678 2565 746 Μάγων
2584 679 2848 732 είπὸντων
2869 695 2885 710 ο
2909 679 3006 747 ἀφ’
3035 674 3095 734 οὗ
3117 682 3575 752 τεκμαιρόμενος,

1995 769 2238 838 ἀνοήτως
2266 768 2460 840 ἀνῄρει
2489 770 2557 823 τὰ
2585 769 2788 841 βρέφη.
2826 772 2892 825 '0
2925 772 3020 824 καὶ
3053 773 3134 835 είς
3171 772 3355 845 ἄψυχα
3381 773 3577 845 δρᾶσαί

1995 877 2079 925 τις
2103 859 2169 914 ἂν
2207 862 2487 931 ἐφείσατο,
2531 865 2627 916 καὶ
2670 865 2841 935 νεαρὰ
2876 864 3020 931 φυτά
3059 863 3293 936 βλέπων,
3343 865 3578 938 ἠλέησεν

1995 953 2269 1021 ἐκτεμεῖν,
2307 953 2538 1031 διώκων,
2575 954 2648 1018 ὡς
2683 956 2748 1010 ἄν
2791 973 2875 1019 τις
2913 957 3038 1028 ὲρῇ,
3072 956 3141 1011 τὰ
3171 958 3428 1031 ἀκίχητα.
3466 962 3580 1023 Τήν

1995 1061 2059 1113 γε
2095 1044 2204 1116 μὴν
2238 1046 2590 1116 παιδοφονίαν
2624 1048 2851 1119 ταύτην,
2905 1051 2999 1105 καὶ
3044 1038 3318 1121 Ἱερεμίας
3361 1052 3580 1117 πολλοῖς

1994 1135 2200 1190 ἄνωθεν
2230 1137 2446 1209 χρόνοις
2481 1139 2606 1194 ίδὼν
2635 1141 2978 1211 προηγόρευε
3006 1157 3020 1173 ·
3055 1142 3151 1196 καὶ
3194 1142 3396 1215 Ῥαχὴλ
3423 1146 3580 1214 εἰσῆ-

1960 1260 1969 1264 -
1995 1241 2063 1293 γε
2094 1225 2392 1282 κλαίουσαν
2428 1228 2498 1282 τὰ
2523 1229 2690 1284 τέκνα
2718 1231 2910 1300 αὐτῆς,
2944 1231 3038 1284 καὶ
3060 1231 3265 1302 ἥκιστά
3300 1249 3362 1300 γε
3394 1251 3579 1302 παρε-

1997 1316 2347 1388 μυθουμένην
2385 1319 2483 1389 τῆς
2503 1321 2811 1391 τραγῳδίας
2839 1320 2918 1392 τῷ
2949 1321 3366 1391 ὑπερϐάλλοντι,
3398 1325 3579 1394 λόγοις

1994 1409 2332 1482 ἀπορρήτοις
2379 1410 2515 1464 Θεοῦ
2562 1414 2770 1482 εἵργειν
2808 1414 2907 1483 μὲν
2949 1415 3271 1483 δυναμένου,
3318 1435 3578 1489 παραχω-

1997 1499 2218 1571 pet-ivro;
2255 1503 2313 1556 δὲ
2342 1506 2405 1574 τῇ
2444 1505 2798 1576 χρηστότητι.
2876 1505 3018 1560 Ἀλλ’
3048 1508 3075 1560 ὁ
3102 1509 3200 1577 μὲν
3257 1509 3449 1579 Σωτὴρ
3495 1512 3578 1574 είς

1993 1590 2521 1665 Αίγυπτον,ὦσπερ
2570 1596 2810 1669 εἴρηται,
2860 1598 3279 1667 πεφυγάδευτο’
3308 1602 3336 1654 ὁ
3383 1601 3439 1654 δὲ
3480 1602 3575 1654 τοῦ
3643 1662 3656 1677 ε

1994 1685 2270 1756 Ζαχαρίου
2306 1690 2440 1750 παῖς
2484 1688 2762 1759 Ἰωάννης,
2793 1689 2910 1760 ἃμα
2941 1693 3007 1760 τῇ
3043 1694 3297 1762 γεννήσει
3327 1692 3426 1760 τῆς
3480 1695 3574 1747 τοῦ

1995 1778 2203 1847 πατρὸς
2233 1777 2579 1851 διαλυθείσης
2608 1783 2814 1850 φωνῆς,
2854 1782 2933 1852 τῷ
2957 1784 3145 1836 πίνακι
3179 1784 3277 1853 τῆς
3324 1784 3574 1839 Ἰωάννου

315 1856 611 1943 infantium
658 1856 864 1939 eadem
933 1879 1204 1937 Jeremias
1273 1856 1444 1934 etiam
1495 1879 1684 1934 multis
1729 1889 1891 1934 antea

2000 1864 2255 1933 κλήσεως
2290 1866 2525 1936 πρώτως
2553 1869 3019 1941 ὲγχαραχθεὶσης,
3061 1870 3156 1923 δύο
3187 1871 3232 1925 δ’
3269 1874 3407 1926 ἐτῶν
3442 1876 3576 1943 πρὸς

315 1976 657 2047 temporibus
693 1972 829 2028 vidit
859 1981 914 2027 et
950 1970 1237 2042 praedixit,
1276 1969 1574 2026 Rachelem
1620 1970 1893 2027 inducens

314 2070 698 2139 deplorantem
733 2066 946 2121 liberos
985 2079 1142 2130 suos,
1182 2062 1521 2133 minimeque
1554 2058 1892 2119 consolatio-

316 2175 442 2215 nem
470 2159 664 2221 ullam,
693 2168 921 2229 propter
953 2154 1353 2210 immanitatem
1379 2152 1645 2208 facinoris
1676 2153 1889 2224 tragici,

314 2251 727 2306 admittentem.
781 2248 929 2302 Deus
978 2256 1207 2312 autem,
1255 2259 1382 2301 cum
1425 2245 1681 2300 inhibere
1732 2244 1893 2300 facile

313 2351 526 2413 posset,
573 2339 837 2395 ineﬂabiIi
888 2349 1072 2394 tamen
1121 2338 1449 2403 ratione1et
1493 2338 1748 2404 consilio,
1795 2352 1895 2407 per

314 2435 620 2492 bonitatem
653 2448 831 2499 suam,
862 2432 918 2487 id
951 2432 1221 2502 permisit.
1251 2430 1320 2486 Et
1349 2430 1609 2486 Servator
1642 2430 1892 2501 quidem,

314 2529 389 2584 ita
441 2535 499 2581 ut
554 2525 762 2581 dictum
810 2534 926 2590 est,
978 2525 1035 2579 in
1083 2523 1317 2596 Egypto
1358 2523 1669 2579 exsulabat.
1722 2524 1895 2578 Filius

314 2628 497 2676 autem
529 2618 811 2675 Zachariae
842 2619 1103 2683 Joannes,
1135 2621 1190 2674 in
1221 2619 1381 2691 cujus
1406 2619 1693 2675 nativitate
1722 2619 1893 2690 patris

314 2726 423 2768 vox
453 2711 630 2765 soluta
671 2717 792 2777 est,
837 2725 963 2765 cum
993 2710 1152 2780 prius
1190 2708 1260 2765 ab
1292 2709 1387 2764 illo
1423 2706 1655 2764 Joannis
1690 2724 1890 2764 nomen

315 2802 374 2857 in
408 2800 591 2855 tabula
636 2800 832 2855 fuisset
869 2808 1193 2867 exaratum,
1228 2799 1460 2855 alterum
1500 2814 1625 2854 cum
1659 2797 1892 2854 dimidio

315 2907 522 2947 annum
558 2893 792 2963 agebat:
829 2890 940 2961 79
968 2899 1023 2946 et
1062 2906 1174 2945 una
1205 2905 1330 2946 cum
1361 2902 1535 2946 matre
1573 2891 1891 2946 Elisabetha

316 2983 372 3039 in
397 2984 660 3054 spelunca
687 2982 924 3053 quadam
948 2983 1014 3036 ad
1046 2981 1330 3052 regionem
1361 2993 1675 3037 montanam
1708 2986 1901 3037 salvus

316 3074 771 3137 conservabatur,
799 3072 1035 3127 fortasse
1064 3070 1298 3128 Herodis
1321 3071 1730 3144 sanguinariam
1756 3072 1896 3129 eﬁu-

315 3166 471 3236 giens
516 3180 762 3220 manum.
804 3166 985 3234 Atque
1022 3165 1152 3219 inde
1203 3166 1257 3220 in
1293 3166 1428 3221 solis
1474 3166 1613 3222 locis
1654 3167 1964 3253 libenterc

315 3254 525 3309 versari
563 3254 784 3318 solitus,
830 3252 1136 3323 angeloque
1186 3254 1329 3308 duce
1379 3267 1552 3319 usus,
1600 3254 1655 3307 in
1706 3267 1891 3308 remo-

316 3346 488 3401 tiores
520 3341 787 3398 silvarum
825 3356 1081 3397 recessus
1120 3341 1369 3397 secessit.
1410 3341 1482 3396 lbi
1519 3341 1893 3398 tenerioribus

314 3438 574 3492 arborum
610 3435 688 3505 (2)
727 3434 1121 3504 frondiumque
1158 3434 1570 3489 summitatibus
1607 3448 1707 3504 pro
1740 3434 1891 3501 cibo,

315 3530 513 3585 cameli
559 3529 687 3599 pilis
734 3543 836 3599 pro
884 3535 1203 3598 tegumenta
1227 3567 1257 3607 ,η
1289 3527 1633 3597 pelliceaque
1664 3527 1892 3597 insuper

314 3638 451 3677 zona
508 3623 812 3677 utebatur:
875 3621 1056 3691 quoad
1118 3635 1290 3690 usque
1348 3619 1481 3675 inde
1536 3635 1886 3692 progressus,

313 3717 503 3771 lsraeli
532 3732 592 3771 se
623 3716 900 3778 exhibuit,
931 3717 1080 3770 clara
1104 3714 1425 3784 eflicacique
1451 3727 1588 3768 voce
1616 3714 1891 3784 poeniten-

316 3808 448 3861 tiam
485 3808 813 3877 praedicans,
845 3817 902 3861 et
934 3822 1033 3878 per
1069 3806 1406 3876 baptismum
1441 3805 1696 3860 homines
1733 3804 1891 3876 quasi

317 3916 482 3954 manu
516 3901 729 3954 ducens
757 3898 824 3953 ad
854 3898 1160 3953 Christum.
1192 3897 1356 3953 Jesus
1394 3904 1576 3951 autem
1607 3897 1890 3951 crescebat

313 3992 580 4059 sapientia
610 4000 660 4044 et
696 3991 896 4060 gratia,
931 3999 1097 4059 atque
1132 3989 1204 4043 ita
1238 3989 1487 4057 quidem,
1526 3997 1588 4042 ut
1622 3987 1888 4057 paulatim

313 4083 488 4153 magis
525 4082 807 4151 magisque
843 4081 1078 4135 virtutes
1111 4096 1191 4135 ea:
1220 4081 1622 4143 elucescercnt,
1660 4096 1770 4135 non
1803 4089 1891 4134 ta-

312 4189 439 4228 men
493 4174 895 4227 incrementum
928 4172 1153 4242 aliquod
1202 4180 1487 4241 caperent.
1531 4171 1670 4227 Cum
1705 4181 1888 4227 autem

311 4265 699 4320 duodecimum
742 4263 856 4333 jam
907 4273 1096 4336 ageret
1145 4279 1404 4330 annum,
1435 4264 1681 4321 ascendit
1725 4262 1890 4321 simul

310 4376 435 4414 cum
485 4369 659 4414 matre
709 4370 764 4413 et
812 4356 1058 4426 .losepbo
1105 4355 1514 4426 Hierosolyma,
1558 4354 1760 4412 festum
1810 4354 1888 4410 ibi

310 4453 535 4510 Pascha:
569 4452 973 4507 celebraturus.
1015 4450 1171 4518 Quod
1206 4448 1300 4504 ubi
1335 4458 1618 4518 peractum
1659 4458 1763 4514 est,
1802 4448 1882 4503 illi

310 4546 534 4616 quidem
584 4546 818 4609 reverti,
864 4544 1027 4601 Jesus
1074 4553 1261 4598 autem
1305 4542 1541 4596 latenter
1583 4542 1639 4598 in
1682 4541 1885 4611 templo
1922 4525 1966 4580 D

310 4651 533 4691 manere
564 4653 579 4690 ε
610 4645 666 4691 et
687 4635 833 4706 quod
867 4634 1218 4705 praecessisse
1247 4648 1374 4688 eum
1406 4632 1464 4686 in
1487 4631 1750 4687 comitatu
1778 4648 1883 4703 pu-

311 4740 497 4785 tarent
519 4769 534 4794 ,
567 4732 792 4785 domum
828 4728 935 4799 ipsi
962 4730 1063 4783 ire.
1095 4726 1187 4783 Sic
1212 4726 1294 4782 eis
1324 4726 1411 4781 ille
1442 4734 1616 4781 totum
1642 4726 1882 4781 triduum

307 4822 521 4877 invisus
566 4820 692 4875 fuit.
730 4822 928 4876 Postea
962 4829 1149 4875 autem
1184 4835 1244 4876 se
1274 4819 1395 4883 eis,
1423 4818 1720 4873 admodum
1763 4818 1886 4873 fati-

304 4916 529 4986 gatis'ct
557 4913 898 4979 dolentibus,
929 4913 1186 4968 exhibuit
1217 4913 1272 4967 in
1311 4912 1521 4981 templo
1562 4911 1786 4978 sedens,
1826 4919 1885 4966 et

305 5022 431 5061 cum
473 5006 804 5061 doctoribus
848 5005 988 5074 legis
1018 5005 1331 5075 disputans.
1367 5004 1579 5071 Quibus
1607 5002 1723 5068 ille,
1753 5017 1883 5057 cum

304 5109 534 5170 propter
581 5099 945 5168 quaestiones,
988 5112 1126 5167 quas
1168 5112 1339 5152 novas
1370 5096 1720 5162 inveniebat,
1763 5103 1880 5150 tum

304 5190 452 5258 quod
484 5190 725 5245 obscura
752 5198 809 5244 et
841 5188 1028 5243 abdita
1067 5190 1186 5244 loca
1220 5188 1523 5260 Scriptura:
1551 5188 1880 5251 declararet,

308 5281 655 5338 admirationi
682 5280 812 5336 fuit.
874 5282 954 5337 Ad
999 5296 1124 5337 eum
1168 5297 1335 5352 porro
1384 5297 1509 5338 cum
1560 5291 1774 5346 mater,
1816 5295 1884 5335 ex

306 5373 510 5428 affectu
541 5389 610 5429 eo
636 5389 745 5444 quo
775 5374 935 5428 unice
973 5388 1098 5429 eum
1141 5375 1602 5445 prosequebatur,
1633 5374 1880 5428 diceret:

1993 1957 2072 2028 τῷ
2096 1958 2287 2028 ἡμίσει
2319 1959 2638 2031 ἐτύγχανεν,
2695 1961 2815 2032 ἅμα
2853 1965 2918 2034 τῇ
2979 1964 3152 2033 μητρὶ
3209 1963 3484 2018 Ἐλισάϐετ
3516 1965 3575 2018 εν

1993 2067 2100 2103 τινι
2129 2050 2379 2124 σπηλαίῳ
2409 2053 2545 2125 πρὸς
2576 2056 2674 2125 τὴν
2703 2054 2918 2126 ὀρεινὴν
2944 2055 3251 2122 διεσώζετο,
3311 2057 3438 2120 ἴσως
3474 2056 3576 2128 τὴν

2005 2143 2249 2214 Ἡρώδου
2294 2147 2584 2216 μιαιφόνον
2617 2149 2779 2219 χεῖρα
2812 2147 3206 2218 διαδιδράσκων
3239 2166 3253 2182 ·
3281 2149 3575 2204 κάντεῦθεν

1995 2236 2088 2290 καὶ
2133 2239 2254 2303 ταῖς
2336 2239 2569 2308 ἐρήμοις
2625 2240 3029 2312 ἐμφιλοχωρεῖν
3077 2242 3306 2308 εἰωθὼς,
3360 2244 3575 2313 ἀγγέλῳ

1995 2326 2278 2400 χρώμενος
2306 2329 2505 2401 ὁδηγῷ,
2561 2334 2699 2402 πρὶς
2746 2333 2808 2386 τὸ
2859 2334 2998 2403 βαθὺ
3046 2334 3147 2405 τῆς
3190 2334 3325 2406 ὕλης
3378 2337 3575 2408 ἐχώρει

1995 2420 2188 2492 ἄκροις
2208 2421 2390 2491 δρυῶν
2415 2423 2553 2496 πρὸς
2586 2424 2906 2497 άποτροφὴν
2955 2427 3239 2497 χρώμενος
3271 2444 3285 2459 ο
3320 2429 3464 2500 θριξί
3513 2448 3574 2483 τε

1994 2513 2245 2585 καμήλου
2282 2516 2568 2581 ἐσκέπετο,
2621 2517 2714 2571 καὶ
2772 2519 3069 2593 δερματίνῃ
3128 2523 3273 2594 ζώνῃ
3328 2525 3525 2596 ὲχρῆτο
3559 2540 3575 2554 ·

1994 2604 2154 2678 ἄχρις
2191 2604 2252 2661 οὖ
2284 2607 2496 2663 ἐκεῖθεν
2557 2609 2728 2681 ἥκων,
2786 2611 2863 2682 τῷ
2928 2613 3145 2685 Ἰσραὴλ
3208 2616 3572 2686 ἁνεδείκνυτο,

1994 2698 2148 2767 φωνῇ
2184 2697 2492 2769 διαπρυσίῳ
2520 2701 2807 2772 κηρύττων
2862 2705 3180 2775 μετάνοιαν,
3232 2707 3324 2760 καὶ
3353 2719 3360 2725 ’
3386 2724 3577 2777 χειρα-

1994 2790 2192 2858 γωγῶν
2212 2792 2349 2863 πρὸς
2376 2793 2620 2864 Χριστὸν
2649 2796 2739 2850 διὰ
2792 2793 2885 2849 τοῦ
2919 2797 3317 2870 βαπτίσματος.
3367 2801 3576 2871 Ἰησοῦς

1993 2880 2052 2936 δὲ
2082 2883 2389 2954 προέκοπτε
2424 2887 2588 2958 σοφίᾳ
2634 2889 2730 2943 καὶ
2800 2892 3012 2962 χάριτι,
3060 2890 3138 2960 τῷ
3193 2893 3333 2946 κατὰ
3382 2894 3575 2965 μικρὸν

1996 2974 2135 3029 αὐτὰ
2171 2979 2664 3049 παραδείκνυσθαι,
2709 2982 2771 3035 οὗ
2824 2983 2906 3055 τῷ
2947 2984 3252 3054 λαμϐάνειν
3313 2985 3572 3043 ιπίδοσιν.

2009 3069 2162 3122 Ἐπεὶ
2183 3068 2241 3123 δὲ
2270 3071 2365 3125 καὶ
2391 3071 2601 3155 δώδεκα
2630 3074 2770 3129 ἐτῶν
2801 3076 3046 3144 γεγονὼς
3074 3073 3167 3148 ἦν,
3205 3079 3383 3133 ἄνεισι
3414 3081 3576 3135 σύγε.-

2000 3177 2077 3231 μα
2116 3166 2179 3233 τῇ
2206 3165 2377 3234 μητρὶ
2408 3165 2503 3220 καὶ
2532 3165 2612 3238 τῷ
2676 3166 2877 3238 Ἰωσὴφ
2925 3171 3006 3233 είς
3073 3171 3451 3244 Ἱεροσόλυμα,
3475 3174 3576 3245 τὴν

1995 3252 2192 3324 ἑορτὴν
2218 3254 2313 3307 τοῦ
2352 3255 2544 3326 Πάσχα
2577 3257 2641 3326 δὴ
2683 3258 3058 3330 τελεσόμενος.
3108 3261 3199 3327 Ὠς
3219 3263 3275 3318 δὲ
3308 3265 3478 3336 πέρας
3506 3268 3575 3319 τὰ

1993 3342 2096 3413 τῆς
2131 3345 2327 3415 ἑορτῆς
2353 3343 2520 3417 εἶχεν,
2546 3351 2746 3403 ὲκεῖνοι
2772 3351 2874 3421 μὲν
2927 3354 3274 3425 ὑπέστρεφον
3309 3371 3324 3388 ⁸
3369 3358 3574 3429 Ἰησοίς

1993 3437 2048 3491 δὲ
2072 3438 2270 3506 λαθὼν,
2298 3440 2375 3512 τῷ
2407 3441 2535 3513 ἱερῷ
2570 3444 2938 3515 περιέτριϐεν.
2965 3446 3076 3500 Καὶ
3101 3448 3152 3500 ot
3180 3449 3281 3517 pth
3322 3451 3579 3519 νομίσαν-

1993 3548 2085 3594 τες
2110 3535 2177 3603 τῇ
2207 3534 2414 3605 συνόδῳ
2446 3536 2507 3590 τδ
2530 3536 2745 3591 παιδίον
2777 3537 3144 3609 προεξελθεῖν,
3176 3543 3360 3596 οἴκαδε
3392 3546 3532 3597 ἵεντο
3553 3556 3576 3579 ⁸

1992 3625 2020 3677 ὁ
2049 3623 2107 3677 δὲ
2138 3625 2308 3694 τριῶν
2339 3626 2468 3699 ἑξῆς
2492 3628 2718 3700 ἡμερῶν
2749 3629 2942 3702 ἄδηλος
2962 3627 3051 3702 ἧν.
3082 3633 3257 3687 Πολλὰ
3287 3634 3340 3688 δὲ
3369 3637 3578 3706 καμοῦ-

1995 3725 2081 3763 σιν
2112 3708 2363 3783 ὔστερον,
2401 3716 2640 3784 φανερὸς
2669 3717 2856 3783 αὐτοῖς
2897 3720 3127 3789 γίνεται,
3163 3723 3240 3791 τῷ
3285 3724 3414 3794 ίερῷ
3476 3726 3577 3796 μὲν

1993 3801 2395 3872 προσεδρεύων,
2431 3804 2546 3868 τοῖς
2569 3803 2914 3871 διδασκάλοις
2933 3808 2991 3861 δὲ
3022 3808 3118 3863 τοῦ
3176 3810 3343 3879 νόμου
3394 3812 3574 3865 διαλεο

1993 3892 2249 3963 γόμενος,
2282 3895 2378 3949 καὶ
2402 3894 2592 3967 θαῦμα
2620 3897 2849 3964 ἐκείνοις
2875 3902 3161 3970 γινόμενος
3207 3898 3286 3967 οἷς
3338 3904 3576 3961 ἐπυνθά-

1992 4000 2141 4052 νετο,
2174 3985 2235 4037 τὸ
2267 3989 2365 4056 τῆς
2398 3986 2622 4058 Γραφῆς
2662 3988 2827 4058 βάθος
2876 3993 3282 4064 ἀναμοχλεύων,
3333 3999 3428 4050 καὶ
3455 4016 3575 4052 και·

1991 4074 2101 4127 νῶν
2129 4076 2465 4146 ζητημάτων
2485 4081 2770 4152 γινόμενος
2799 4083 3051 4154 εὑρετής.
3079 4087 3221 4156 Πρὸς
3246 4088 3354 4159 ὃνή
3390 4093 3573 4164 μήτηρ

1992 4169 2461 4244 περιπαθέστερον
2499 4172 2826 4245 διατεθεῖσα,
2865 4178 2993 4234 Ἵνα
3045 4180 3121 4247 τί,
3149 4185 3302 4255 φησι,
3336 4186 3570 4250 τέκνον,

1990 4264 2169 4320 τοῦτο
2199 4266 2556 4337 πεποίηκας,
2575 4269 2806 4339 ὀδύνην
2827 4273 2951 4337 τοῖς
2968 4274 3216 4339 γονεῦσι
3239 4279 3574 4346 προύξενη-

1992 4356 2143 4423 κώς;
2172 4359 2269 4411 καὶ
2316 4357 2413 4412 τοῦ
2477 4359 2767 4425 δοκοῦντος
2828 4364 3037 4436 πατρὸς
3093 4365 3212 4434 ἅμα
3252 4366 3527 4439 ἐμέμνητο
3554 4384 3568 4399 ⁸

1992 4448 2154 4512 αὐτὸς
2173 4449 2232 4502 δὲ
2252 4449 2346 4502 τὸν
2368 4450 2591 4521 γνήσιον
2618 4450 2792 4516 ὅντως
2827 4454 3046 4525 Πατέρα
3077 4457 3263 4528 ἠρέμα.
3317 4461 3576 4530 παραδει-

1994 4542 2148 4608 κνὺς,
2177 4542 2289 4596 δεῖν
2326 4543 2482 4612 ἔλεγε
2503 4546 2617 4609 τοῖς
2637 4562 2695 4598 τε
2727 4546 2907 4615 λόγοις
2936 4550 3028 4602 καὶ
3058 4549 3240 4619 ἔργοις
3267 4553 3570 4623 ἐμφιλοχω-

1995 4637 2111 4705 ρεῖν
2163 4635 2260 4690 τοῦ
2297 4638 2531 4706 Πατρδς,
2588 4641 2684 4692 καὶ
2734 4641 2794 4694 ὲν
2841 4643 2950 4704 τοῖς
3022 4643 3234 4697 ἐκείνου
3277 4645 3574 4715 διατρίϐειν

1995 4726 2294 4796 αἱρεῖσθαι.
2330 4726 2396 4780 Τί
2424 4729 2481 4781 δὲ
2514 4730 2625 4784 τῶν
2650 4731 2744 4783 ἐπὶ
2798 4735 2903 4801 γῆς
2938 4732 3130 4804 ἐκείνῳ
3180 4738 3429 4806 κρεῖττον
3479 4740 3573 4791 τοῦ

1993 4815 2142 4887 ίεροῦ
2173 4834 2187 4883 ;
2222 4820 2383 4874 Καὶὸ
2440 4819 2544 4891 μὲν
2601 4823 2771 4894 ἀπῄει
2831 4824 2925 4879 τὸν
2976 4826 3184 4882 τέλειον
3225 4828 3322 4897 τῆς
3357 4830 3574 4900 ἡλικίας

1990 4909 2276 4976 ἀναμένων
2304 4911 2520 4981 χρόνον,
2542 4913 2761 4980 γονεῦσι
2793 4916 2861 4969 τὰ
2889 4915 3080 4969 εἰκότα
3123 4917 3329 4989 νέμων,
3359 4922 3451 4973 καὶ
3475 4921 3575 4993 τὴν

1994 5002 2384 5073 προσήκουσαν
2414 5004 2697 5078 ὑποταγὴν
2727 5008 2911 5072 αὐτοῖς
2959 5008 3372 5081 ἐνδεικνύμενος
3394 5029 3408 5043 ο
3440 5015 3573 5081 ἁρε-

1988 5094 2109 5155 ταῐς
2135 5094 2340 5158 ἐνθέοις
2370 5097 2467 5149 καὶ
2491 5099 2628 5151 πᾶσι
2668 5099 2993 5170 διαπρέπων
3053 5099 3237 5171 ἔργοις
3280 5104 3576 5172 ὑπερφυῶς

1989 5186 2253 5255 ἀγαθοῖς·
2280 5187 2450 5260 μηδὲν
2506 5190 2696 5261 μέντοι
2756 5195 3023 5263 πράσσων
3072 5194 3182 5247 τῶν
3231 5194 3572 5265 παραδόξων,

1991 5275 2151 5347 ἄχρις
2181 5272 2243 5333 οὗ
2271 5282 2595 5350 τριακοστὸς
2630 5284 2876 5346 ἐνιαυτὸς
2916 5283 3066 5354 αὐτῷ
3086 5284 3189 5355 ήδη
3213 5284 3574 5341 συνετελεῖτο.

2006 5370 2183 5428 Ἀλλὰ,
2202 5375 2334 5443 περὶ
2374 5373 2473 5443 μὲν
2497 5375 2704 5429 τούτων
2732 5374 2932 5439 οὕτως.

302 5464 414 5521 Cur
443 5468 549 5523 hoc
597 5468 827 5535 sic,ﬁli,
857 5468 1063 5535 fecisti,
1098 5478 1157 5523 ut
1215 5477 1429 5524 tantum
1489 5469 1815 5541 parentibus
1880 5467 2129 5523 dolorem
2175 5470 2551 5527 conciliares?
2597 5470 2690 5527 Sic
2736 5474 2886 5529 enim
2936 5474 3028 5530 illa
3099 5474 3271 5532 simul
3313 5476 3432 5546 ejus
3471 5474 3569 5546 qui

372 5614 450 5682 (Ι)
492 5632 510 5664 ι
548 5613 796 5689 Herodes
834 5615 1159 5676 Pharisasos.
1193 5619 1318 5688 quia
1374 5618 1537 5674 tinem
1585 5619 1738 5689 regni
1792 5619 1877 5673 sui

300 5685 493 5738 adesse
528 5686 921 5759 pra-dixerunt,
955 5691 1076 5743 neci
1108 5685 1281 5748 dcuit,
1319 5685 1671 5759 omnemque—
1688 5691 1880 5744 uxoris

301 5770 415 5807 suae
443 5757 824 5834 cognatiopcm
850 5758 995 5811 ferro
1014 5762 1260 5814 sustulit.
1291 5780 1308 5810 ι
1338 5757 1584 5834 (Ioseph.
1617 5760 1712 5815 lib.
1740 5776 1875 5824 xvii,

298 5838 421 5892 cap.
448 5825 532 5892 ὅ.)
565 5825 663 5882 Ubi
697 5827 1053 5884 lnnoccntum
1092 5846 1313 5901 quoque
1365 5825 1568 5886 caedem
1602 5834 1875 5901 perstrin-

1989 5634 2120 5688 gere
2168 5617 2418 5704 _videtur.
2476 5620 2774 5677 Pheroram
2858 5620 3083 5676 fratrem
3160 5622 3307 5678 idem
3355 5637 3570 5679 veneno

1988 5701 2393 5833 τηέιὶνιξίκροις
2424 5760 2627 5827 δρυῶν,
2677 5780 2801 5833 qua:
2829 5763 2907 5816 εἰη
2960 5763 3258 5832 Evangelia
3304 5762 3570 5821 dicuntur

1985 5830 2232 5901 ἀκρίδες,
2265 5847 2377 5901 quo
2404 5834 2623 5889 nomine
2651 5830 2818 5891 etiam
2857 5836 3082 5891 locusta:
3123 5830 3491 5904 appellantur.
