4032 6428
320 368 426 431 im
1285 336 1895 421 ECCLESIASTIC/E
1934 354 2329 417 misron
2367 353 2513 416 LIB.
2557 353 2610 415 Ι.
3479 350 3590 414 678

318 480 625 554 putabatur
655 492 804 543 esse,
832 454 1008 547 patris
1039 472 1292 530 meminit
1318 488 1337 527 :
1385 472 1478 529 ille
1508 472 1755 528 nativum
1811 484 2249 542 germanumque
2316 480 2528 539 patrem
2588 468 2795 525 sensim
2860 469 3254 524 demonstrans
3284 481 3304 522 :
3332 478 3609 539 oportere

316 586 380 627 se
412 557 419 565 ’
453 568 738 640 respondit
776 565 966 622 verbis
1010 562 1386 633 operibusque
1436 563 1615 619 Patris
1687 577 1887 617 vacare
1916 570 1975 617 et
2012 560 2367 627 incumbere,
2412 569 2579 631 atque
2623 562 2678 616 in
2729 562 2842 617 illis
2884 560 3068 629 potius
3099 575 3264 629 quam
3288 560 3416 613 aliis
3453 558 3594 615 lueis

317 665 558 731 versari;
599 662 735 718 nihil
775 663 978 733 quippe
1026 660 1175 715 illius
1220 659 1274 713 in
1322 658 1489 713 terris
1536 658 1743 728 templo
1775 672 1897 712 esse
1934 658 2313 727 praestantius.
2382 656 2475 712 Sic
2541 656 2633 712 ille
2671 666 2787 711 tum
2827 653 3004 719 abiit,
3045 653 3347 724 perfectam
3400 668 3597 722 exspe-

323 765 485 814 cutns
513 764 728 810 natalem
758 769 773 807 :
808 751 1157 824 parentibus,
1191 766 1312 821 quae
1342 748 1608 815 decebat,
1648 747 1922 811 tribuens,
1959 756 2016 801 et
2052 758 2458 817 competentcm
2523 747 2633 802 illis
2659 745 3062 817 subiectionem
3097 743 3389 803 exhibens.
3417 744 3595 796 virtuv

316 851 576 917 tibusque
626 847 833 903 divinis
916 848 1175 902 omnibus
1245 844 1623 915 operibusque
1706 840 1940 897 miriﬁce
2004 842 2263 912 pollens,
2308 842 2447 896 nihil
2526 851 2708 895 tamen
2763 854 2889 910 quae
2938 837 3259 907 opinionem
3318 835 3596 903 ﬁdemque

319 950 674 1016 superarent,
699 940 871 997 edens
894 940 1320 1004 miraculorum,
1351 939 1527 993 donec
1559 937 1899 993 tricesimum
1939 936 2192 1006 eXpleret
2221 951 2450 991 annum.
2482 936 2551 991 Et
2577 935 2646 990 de
2678 934 2766 990 his
2792 931 3020 1004 quidem
3051 932 3208 987 satis.

907 1100 1158 1155 ΚΕΦᾹᾹ.
1196 1098 1300 1154 lE'.

334 1218 430 1282 Ὠς
453 1219 484 1270 δ
510 1211 738 1285 πρῶτρς
750 1208 1034 1285 ᾘρῴδηςν
1059 1206 1329 1285 amem
1349 1207 1608 1285 elnrstc
1626 1206 1897 1285 μιξστιζι.

397 1276 601 1360 Staith
628 1280 915 1360 ἐξέρῤηξε
952 1280 1066 1358 {hic
1087 1278 1325 1360 ψυχὴν,
1344 1277 1639 1360 finitae};
1788 1276 1901 1360 τῆς

390 1348 903 1418 ἑπτακαιδεκάτης
924 1348 1044 1402 τῶν·
1095 1348 1550 1418 Ἀρχαιολογιῶν
1580 1348 1897 1413 Ἰωσήπου.

403 1467 655 1538 Ἡρώδης
704 1464 763 1518 δὲ
807 1461 907 1531 τῆς
938 1460 1147 1522 οἰκείας
1181 1459 1380 1531 μανίας
1413 1459 1745 1530 δρεπόμενος
1773 1462 1901 1524 τοὺς

322 1563 589 1632 καρποὺς,
611 1558 735 1612 ὅλον
766 1556 827 1609 τὸ
855 1556 1016 1625 σῶμα
1044 1552 1293 1623 θεηλάτῳ
1322 1552 1552 1622 μάστιγι
1580 1551 1897 1621 πλήττεται,

322 1655 416 1709 καὶ
447 1651 619 1714 κακδς
653 1647 844 1711 κακῶς
876 1645 1279 1716 διαφθείρεται,
1301 1644 1582 1716 τετραχῶς
1613 1644 1779 1698 αὑτοῦ
1802 1645 1901 1714 τῆς

324 1741 603 1816 βασιλείας
653 1737 1058 1809 διαιρεθείσηςο
1111 1736 1381 1807 τέσσαρες
1428 1734 1475 1788 δ’
1520 1730 1664 1806 ἦσαν
1709 1733 1902 1799 παῖδες

324 1834 507 1904 αὐτῷ’
552 1836 580 1887 ό
615 1832 716 1896 μὲν
760 1829 856 1884 οὖν
897 1827 1216 1900 Ἀρχέλαος,
1257 1828 1358 1895 τῆς
1411 1826 1672 1892 Ἰουδαίας
1715 1828 1902 1899 ἄρχων

323 1925 649 1980 καθίστατοο
696 1919 917 1992 Ἡρώδῃ
956 1918 1013 1971 δὲ
1057 1918 1090 1988 ἡ
1130 1916 1394 1971 Γαλιλαία
1436 1916 1857 1988 προσεκυροῦτο
1883 1933 1898 1949 ·

319 2016 589 2071 Φίλιππον
640 2014 697 2067 δὲ
739 2013 772 2082 ἡ
855 2007 1126 2079 ἰτουραία
1175 2006 1316 2076 μετὰ
1357 2007 1458 2076 τῆς
1501 2006 1546 2059 Τ
1551 2005 1903 2078 ραχωνίτιδος

320 2104 473 2178 εἶχε·
508 2104 585 2175 τῷ
629 2121 694 2173 γε
746 2101 852 2174 μὴν
898 2100 1145 2170 τετάρτῳ
1188 2098 1431 2170 Λυσανίᾳ
1475 2099 1510 2170 ἡ
1549 2097 1808 2169 Ἀδιληνὴ
1841 2100 1904 2151 τὸ

322 2192 639 2271 ὑποχείριον
668 2192 757 2266 ἦν.
808 2196 899 2259 Ὧς
922 2194 1066 2264 γοῦν
1105 2195 1139 2264 ἡ
1171 2192 1288 2246 θεία
1326 2192 1452 2263 δίκη
1488 2191 1627 2262 μετὰ
1652 2190 1752 2261 τὴν
1787 2190 1904 2245 ἄδι-

322 2310 418 2346 κον
443 2288 762 2362 μιαιφονίαν
796 2286 888 2340 τὸν
917 2287 1201 2356 Θεομάχον
1231 2284 1586 2354 μετελήλυθε,
1614 2282 1902 2353 προοίμιον

323 2384 397 2448 ὼς
432 2385 498 2437 ἄν
531 2400 615 2445 τις
662 2380 809 2432 εἴποι
842 2377 954 2432 τῶν
1008 2378 1288 2448 ἐσομένων
1323 2377 1506 2430 ἐκεῖσε
1554 2377 1741 2429 κακῶν
1771 2376 1903 2430 ὑπο-

326 2476 614 2546 φαίνουσα,
658 2474 810 2541 ἄξιον
859 2472 1112 2527 διελθεῖν.
1149 2470 1262 2533 Τάς
1311 2469 1414 2539 μὲν
1461 2466 1555 2523 οὖν
1591 2468 1714 2522 κατ’
1755 2464 1904 2523 οἷκον

324 2567 474 2637 αὐτῷ
521 2566 890 2636 δυσπραγίας,
934 2564 1034 2627 τάς
1062 2564 1111 2617 τ’
1158 2564 1221 2616 ὲκ
1251 2561 1515 2629 γυναικὸς
1550 2563 1646 2616 καὶ
1675 2564 1785 2616 τῶν
1814 2563 1903 2616 τέ-

324 2679 493 2727 κνων,
534 2660 616 2713 ἔτι
658 2660 714 2712 δὲ
761 2658 856 2712 καὶ
888 2659 997 2710 τῶν
1035 2655 1113 2725 τῷ
1144 2655 1293 2724 γένει
1337 2653 1730 2726 προσηκόντων
1763 2671 1905 2724 συμ-

326 2757 500 2818 (ἰάσεις
524 2752 675 2822 αὐτῷ
698 2747 992 2821 συμφορὰς
1018 2748 1112 2801 καὶ
1139 2749 1480 2815 μιαιφονίας,
1511 2746 1601 2798 καὶ
1629 2746 1904 2817 τραγικὴν

328 2846 553 2900 ἃπασαν
580 2839 1028 2914 δραματουργίαν
1057 2841 1116 2890 ἐν
1133 2837 1373 2908 δευτέρῳ
1390 2835 1652 2903 τιθείσας,
1673 2835 1737 2898 ἃς
1764 2836 1904 2905 λαμ-

329 2937 481 3008 πρῶς
512 2936 542 2988 ὁ
570 2933 876 3004 φιλαλήθης
923 2928 1187 3000 Ἰώσηπος
1226 2929 1283 2980 ὲν
1314 2929 1380 2998 τῇ
1409 2925 1535 2980 κατ’
1564 2925 1728 2979 αὑτὸν
1768 2924 1905 2978 Ἰου-

326 3029 490 3099 δαϊκῇ
535 3024 852 3096 διελήλυθεν
889 3021 1126 3092 ἱστορία,
1164 3018 1225 3072 τό
1259 3035 1323 3086 γε
1364 3019 1460 3071 νῦν
1500 3017 1624 3088 ἔχον
1650 3017 1906 3084 διεξιέναι

325 3121 386 3176 οὐ
434 3119 662 3189 πρέπων
700 3112 855 3186 οἶμαι
897 3114 1088 3185 καιρός
1112 3127 1127 3143 ·
1160 3113 1308 3174 ὅπως
1345 3109 1402 3162 δὲ
1438 3109 1732 3181 θεομαχεῖν
1771 3111 1909 3182 ᾑρη-

331 3214 489 3285 μένος
530 3211 776 3282 θεηλάτῳ
824 3209 1054 3279 πληγεὶς
1097 3208 1326 3278 μάστιγι
1356 3205 1415 3270 ἐξ
1444 3205 1749 3275 ἀνθρώπων
1789 3206 1911 3274 ἐγέ-

328 3322 468 3372 νετο,
497 3304 708 3356 δίκαιον
744 3301 962 3363 πάντως
995 3299 1090 3352 καί
1122 3298 1303 3352 αὐτῶν
1340 3295 1644 3350 ἐπακοῦσαι
1676 3296 1783 3351 τῶν
1812 3297 1908 3350 τοῦ

330 3395 690 3467 ξυγγραφέως
727 3394 1014 3465 ῥημάτων,
1055 3393 1114 3445 ἐν
1154 3389 1605 3460 ἑπτακαιδεκάτῳ
1634 3390 1735 3460 τῆς
1778 3390 1907 3459 ’.Αρ-

329 3488 642 3563 χαιολογίας
673 3489 774 3557 τὴν
807 3487 900 3540 τοῦ
936 3486 1054 3556 βίου
1106 3483 1283 3554 τούτῳ
1333 3480 1910 3553 καταστροφὴν.οὖτω

327 3582 628 3647 διεξιόντος⁹
665 3601 684 3632 ι
728 3577 947 3650 Ἡρώδῃ
969 3576 1023 3628 δὲ
1050 3573 1319 3644 μειζόνως
1344 3574 1378 3641 ἡ
1404 3572 1558 3634 νόσος
1590 3571 1909 3642 ἐνεπικραί-

331 3693 469 3741 νετο,
506 3675 663 3744 δίκην
696 3665 771 3725 ὧν
816 3667 1205 3741 παρενόμησεν
1259 3661 1715 3734 ἐκπρασσομένου
1750 3660 1907 3716 Θεοῦ.

1925 1059 1972 1116 Δ

2518 1098 2632 1168 so
2665 1096 2893 1154 CAPUT
2933 1095 3052 1151 xv.

2006 1207 2069 1264 Ut
2085 1208 2325 1263 Herodes
2344 1209 2545 1280 primus
2573 1209 2812 1262 immissa
2836 1209 3088 1280 divinitus
3118 1206 3304 1277 plaga,
3324 1208 3596 1280 Aviolenter

2073 1289 2312 1333 mortuus
2341 1278 2444 1343 sit;
2483 1280 2703 1333 historia
2736 1295 2800 1332 επ
2823 1279 3025 1333 decimo
3053 1280 3278 1347 septimo
3313 1278 3445 1332 libro
3473 1281 3589 1333 An-

2072 1351 2376 1419 tii/uitatum
2408 1349 2623 1420 Iosephi
2660 1359 2922 1417 excerpta.

2074 1461 2325 1517 llerodes
2359 1477 2491 1517 vero
2530 1461 2738 1518 furoris
2772 1463 2858 1518 sui
2902 1463 3225 1532 percipiens
3264 1462 3503 1526 fructus,
3540 1462 3596 1515 in

2003 1560 2119 1608 toto
2163 1568 2398 1623 corpore
2442 1552 2715 1608 divinitus
2760 1553 3220 1624 provenientibus
3256 1552 3431 1623 plagis
3464 1551 3598 1606 allii-

2003 1644 2175 1716 gitur.
2212 1655 2270 1699 et
2298 1645 2444 1700 male
2476 1644 2639 1715 perit.
2674 1644 2848 1716 llujus
2881 1661 3111 1716 regnum
3148 1654 3343 1715 postea
3377 1645 3434 1700 in
3462 1660 3599 1715 qua-

2004 1745 2129 1791 tuor
2183 1745 2369 1806 partes
2414 1736 2665 1790 divinum
2719 1745 2837 1792 est.
2873 1736 3124 1803 Quatuor
3168 1737 3319 1792 enim
3374 1738 3599 1808 reliquit

2004 1826 2166 1881 ﬁlios.
2190 1828 2256 1881 Et
2282 1826 2591 1882 Archelaus
2615 1826 2838 1897 quidem
2863 1824 3067 1882 Iudaea:
3098 1828 3366 1898 princeps
3390 1830 3597 1885 consti-

2005 1926 2158 1975 tutus
2202 1928 2306 1986 est,
2353 1919 2556 1973 ilerodi
2598 1917 2819 1973 Galilaza
2856 1917 3125 1973 attributa
3167 1920 3267 1988 (l).
3303 1918 3596 1990 Philippus

2003 2026 2168 2081 porro
2203 2011 2455 2066 lturceam
2499 2019 2555 2065 et
2590 2008 3049 2065 Trachonitidem
3085 2010 3367 2079 regionem
3401 2026 3598 2067 conse-

2003 2112 2167 2159 cutus
2199 2111 2324 2170 est;
2375 2111 2575 2172 quarto
2607 2116 2767 2167 vero,
2808 2101 3059 2172 Lysanire
3094 2101 3330 2167 scilicet,
3361 2101 3597 2158 Ahilenc

2003 2195 2215 2267 obtigit.
2255 2194 2570 2262 Quomodo,
2614 2204 2795 2250 autem
2838 2203 2961 2264 post
2990 2193 3405 2265 injustissimam
3446 2195 3595 2249 illam

2004 2286 2232 2349 caedem,
2263 2286 2451 2340 divina
2487 2286 2732 2341 vindicta
2765 2286 3040 2341 llerodem
3074 2286 3224 2340 hunc
3258 2285 3361 2357 (2),
3393 2286 3598 2341 bellum

1937 2416 1978 2473 Β
2007 2381 2118 2436 Deo
2167 2389 2483 2436 moventem
2531 2380 2606 2435 sit
2654 2378 2792 2445 ulta,
2835 2379 2994 2448 quasi
3045 2379 3376 2450 procemium
3424 2377 3596 2450 (quod

2009 2470 2235 2542 dicitur)
2274 2471 2592 2526 futurorum
2625 2471 2899 2526 malorum
2929 2471 3222 2536 exhibens,
3256 2486 3441 2540 operae
3471 2486 3599 2541 pre-

2010 2565 2144 2619 tium
2190 2573 2278 2619 est
2319 2579 2782 2620 commemorare.
2815 2567 2995 2633 Atque
3040 2564 3298 2634 equidem
3331 2564 3599 2620 domesti-

2006 2671 2099 2711 cas
2141 2656 2265 2725 ejus
2312 2656 2674 2716 calamitates,
2712 2664 2768 2710 et
2803 2655 2894 2723 qui
2940 2655 2991 2709 ei
3037 2671 3104 2709 ex
3153 2671 3345 2724 uxore,
3379 2656 3596 2721 liberis,

2006 2747 2200 2817 eisque
2243 2746 2339 2817 qui
2385 2762 2592 2817 genere
2636 2738 3029 2818 ei'propinqui
3064 2747 3312 2816 luerunt,
3346 2749 3601 2805 accidere

2007 2854 2169 2895 casus
2203 2840 2611 2909 sanguinarios,
2642 2839 2931 2909 caedesque
2965 2839 3230 2902 nefarias,
3255 2855 3377 2910 quae
3405 2856 3602 2896 omnes

2007 2931 2257 2985 omnium
2295 2932 2693 3001 tragoediarum
2738 2932 2990 2987 actiones
3031 2933 3194 3002 longe
3239 2942 3365 3001 post
3409 2948 3471 2987 se
3510 2948 3602 2987 re-

2008 3020 2286 3091 linquant,
2319 3036 2445 3076 cum
2481 3037 2577 3077 cas
2610 3023 2924 3078 luculenter
2966 3022 3224 3077 veritatis
3265 3032 3479 3078 amator
3507 3023 3602 3080 Jo-

2010 3112 2220 3182 sephus
2252 3113 2308 3166 in
2337 3112 2567 3168 Judaica
2595 3123 2908 3181 temporum
2934 3129 3162 3170 suorum
3192 3114 3423 3170 historia
3451 3131 3603 3171 con.-

2011 3208 2370 3268 memorarit,
2425 3206 2479 3260 in
2532 3207 2828 3277 praesentia
2875 3221 3154 3276 exponere
3209 3209 3599 3278 tempestivum

2010 3306 2067 3350 et
2092 3296 2444 3352 commodum
2477 3313 2585 3351 non
2611 3309 2716 3354 est.
2745 3298 2813 3354 Ut
2838 3314 2969 3353 vero
2995 3299 3200 3372 impius
3223 3299 3315 3354 ille
3342 3313 3604 3370 suscepto

2013 3388 2284 3443 adversus
2327 3389 2499 3444 Deum
2533 3389 2698 3455 bello,
2733 3390 2923 3445 divino
2963 3392 3228 3447 multatus
3262 3391 3500 3464 ﬂagello,
3531 3408 3602 3450 ex

2014 3480 2334 3535 hominibus
2371 3482 2697 3544 excesserit,
2726 3497 2945 3552 aequum
2978 3485 3208 3539 omnino
3241 3494 3327 3541 est
3355 3501 3423 3541 ex
3458 3487 3605 3557 ejus-

2014 3571 2138 3626 dem
2196 3572 2446 3627 historici
2497 3587 2833 3651 cognoscere
2885 3576 3073 3631 verbis
3108 3592 3122 3629 :
3160 3579 3256 3647 qui
3292 3579 3349 3633 in
3383 3578 3604 3635 decimo

2016 3663 2253 3733 septimo
2301 3664 2703 3735 Antiquitatum
2756 3666 2934 3731 libro,
2989 3668 3244 3722 ultimum
3300 3673 3426 3726 vita:
3481 3672 3605 3741 ejus

338 3766 454 3837 Πῦρ
490 3767 590 3834 μὲν
625 3763 737 3835 γὰρ
789 3754 1037 3833 μαλακὸν
1070 3755 1160 3829 ἦν,
1195 3756 1315 3810 οὐδὲ
1354 3756 1560 3826 πολλὴν
1596 3756 1908 3827 ἀποσημαῖ-

2016 3767 2199 3811 actum
2256 3756 2329 3811 ita
2387 3758 2839 3828 prosequiturzt
2882 3758 3086 3815 llerodi
3140 3770 3326 3816 autem
3374 3764 3604 3819 morbus

333 3875 423 3913 νον
453 3859 567 3917 τοῖς
595 3853 981 3925 ἐπαφωμένοις
1010 3850 1111 3920 τὴν
1141 3848 1435 3925 φλόγωσιν,
1460 3848 1593 3919 ὅσην
1619 3848 1730 3910 τοῖς
1751 3848 1908 3911 ὲντδς

337 3950 647 4022 προσετίθει
678 3949 779 4018 τὴν
812 3945 1092 4000 κάκωσινο
1129 3939 1396 4010 ἐπιθυμία
1426 3938 1484 3992 δὲ
1511 3937 1660 4010 δεινὴ
1702 3937 1798 3993 τοῦ
1825 3939 1913 3991 δέ-

337 4043 532 4105 ξασθαί
561 4059 617 4094 τι
648 4038 741 4093 ἀπ’
766 4036 937 4091 αὐτοῦ
963 4051 979 4068 ·
1015 4035 1075 4088 οὗ
1102 4035 1212 4104 γὰρ
1244 4029 1312 4104 ἦν
1350 4032 1425 4103 μὴ
1450 4031 1549 4101 οὐχ
1575 4030 1870 4102 ὑπουργεῖν
1896 4045 1911 4062 ο

333 4137 429 4189 καὶ
460 4135 694 4195 ἕλκωσις
725 4131 835 4183 τῶν
864 4128 1118 4199 ἐντέρων,
1153 4129 1247 4180 καὶ
1300 4125 1539 4197 μάλιστα
1591 4125 1685 4179 τοῦ
1736 4125 1914 4178 κώλου

333 4229 502 4279 δειναὶ
532 4222 822 4293 ἀλγηδόνες
841 4238 855 4252 °
888 4222 983 4273 καὶ
1032 4220 1255 4289 φλέγμα
1305 4219 1474 4288 ὑγρὸν
1503 4216 1633 4290 περὶ
1661 4216 1788 4281 τοὺς
1819 4216 1918 4270 πό-

336 4321 431 4380 δας
454 4317 549 4370 καὶ
583 4311 837 4381 διαυγές·
871 4309 1241 4381 παραπλησία
1267 4308 1325 4361 δὲ
1371 4308 1468 4361 καὶ
1497 4308 1630 4377 περὶ
1655 4305 1716 4360 τὸ
1746 4300 1916 4376 ἦτρον

337 4411 580 4470 κάκωσις
606 4400 676 4477 ἦν
702 4420 717 4436 ·
754 4402 850 4456 καὶ
887 4402 996 4472 μὴν
1031 4399 1247 4453 καὶτοῦ
1280 4397 1484 4451 αἰδοίου
1519 4396 1682 4467 σῆψις
1704 4394 1914 4466 σκώλη-

339 4517 443 4564 κας
496 4495 841 4568 ἐμποιοῦσα·
875 4490 1190 4559 πνεύματός
1226 4507 1286 4542 τε
1337 4490 1494 4561 ὀρθία
1552 4490 1790 4551 ἔντασις,
1821 4487 1918 4539 καὶ

338 4595 477 4664 αὐτὴ
507 4593 630 4646 λίαν
662 4589 834 4659 ἀηδὴς
869 4583 1128 4656 ἀχθηδόνι
1158 4600 1217 4636 τε
1247 4584 1344 4653 τῆς
1391 4583 1679 4653 ἀποφορᾶς
1716 4579 1916 4648 καὶτῷ

337 4687 529 4758 πυκνῷ
554 4682 650 4738 τοῦ
696 4682 998 4751 ἄσθματος
1038 4676 1294 4747 σπασμός
1327 4692 1388 4728 τε
1419 4674 1553 4745 περὶ.
1580 4676 1689 4727 πᾶν
1718 4669 1789 4744 ἦν
1821 4671 1920 4743 μέ·-

337 4784 452 4846 λος,
476 4778 630 4849 ἰσχὺν
653 4776 753 4845 οὐχ
781 4771 1136 4843 ὑπομενητὴν
1177 4769 1623 4840 προστιθέμενος.
1664 4767 1919 4836 Ἐλέγετο

340 4871 472 4943 γοῦν
505 4870 613 4922 ὑπὸ
642 4868 752 4920 τῶν
796 4863 1146 4928 θειαζόντων,
1182 4859 1281 4913 καὶ
1329 4855 1412 4923 οἷς
1448 4858 1624 4912 ταῦτα
1679 4876 1922 4931 προαπο-

343 4962 677 5036 φθέγγεσθαι
694 4958 859 5027 σοφία
888 4953 1204 5026 προῦκειτο,
1230 4955 1425 5022 ποινὴν
1452 4951 1547 5005 τοῦ
1578 4951 1778 5005 πολλοῦ
1795 4953 1920 5005 δυσ-

345 5062 534 5124 σεϐοῦς
565 5061 594 5112 ὁ
626 5056 753 5119 Θεὸς
785 5050 1221 5124 εἰσπράττεσθαι
1252 5048 1404 5119 παρὰ
1433 5048 1527 5101 τοῦ
1557 5047 1843 5118 βασιλέως.
1890 5066 1910 5099 ι

341 5154 530 5210 Ταῦτα
561 5152 660 5213 μὲν
690 5151 747 5201 ἐν
780 5149 847 5218 τῇ
878 5142 1184 5223 δηλωθείσῃ
1212 5143 1402 5213 γραφῇ
1433 5142 1916 5211 παρασημαίνεται

340 5252 370 5304 ὁ
418 5248 680 5315 Ἰώσηπος
700 5258 714 5273 ⁹
747 5240 884 5294 ἀλλὰ
920 5238 1028 5310 μὴν
1060 5240 1154 5291 καὶ
1184 5238 1244 5290 ὲν
1274 5237 1338 5306 τῇ
1363 5236 1593 5307 δευτέρᾳ
1632 5233 1743 5286 τῶν
1777 5235 1917 5288 ἱστο-

343 5342 478 5414 ριῶν
504 5345 601 5411 τῆς
631 5333 887 5397 ἁλώσεως
918 5334 989 5384 τὰ
1041 5329 1406 5401 παραπλήσια
1451 5327 1786 5397 διεξέρχεται
1813 5321 1916 5380 ὧδέ

342 5450 463 5497 πως
506 5431 770 5502 γράφων·
805 5444 825 5478 ί
858 5423 1050 5476 Ἔνθεν
1076 5420 1246 5475 αὑτοῦ
1279 5420 1339 5473 τὸ
1373 5419 1536 5487 σῶμα
1565 5419 1672 5472 πᾶν
1699 5419 1731 5488 ή
1759 5417 1914 5479 νόσος

344 5521 704 5584 διαλαϐοῦσα,
740 5517 1011 5580 ποικίλοις
1045 5513 1278 5575 πάθεσιν
1324 5512 1636 5583 ἐμερίζετο.
1672 5511 1912 5580 tmpus;

416 5710 490 5779 (l)
520 5706 763 5763 llerodes
793 5703 897 5758 iste
923 5701 1088 5755 etiam
1123 5693 1353 5779 Antipas
1383 5691 1582 5779 dictus

417 5764 495 5841 ἐπεὶ
526 5779 773 5834 llerodes
800 5783 995 5845 praeter
1030 5782 1230 5824 uxores
1264 5768 1428 5829 alias,
1455 5764 1809 5818 Mariammen
1843 5776 1907 5816 ex

2014 3850 2182 3902 etiam
2231 3857 2398 3917 atque
2433 3849 2603 3904 etiam
2645 3850 3050 3921 adaugebatur,
3088 3852 3394 3910 vindictam
3432 3864 3603 3927 atque

2014 3938 2347 4009 supplicium
2400 3955 2497 4011 pro
2547 3940 2769 4014 ﬂagitiis
2804 3942 3219 4016 sceleribusque
3258 3947 3380 4018 ejus
3421 3949 3489 4004 ab
3534 3964 3604 4003 eo

2016 4042 2271 4087 sumente
2318 4032 2455 4089 Deo.
2510 4032 2719 4090 Lentus
2769 4036 2822 4090 ei
2875 4035 3060 4093 iuerat
3109 4038 3286 4109 ignis,
3334 4058 3445 4097 non
3494 4052 3601 4099 tam

2017 4140 2271 4197 magnam
2330 4127 2811 4184 contrectantibus
2865 4131 3166 4187 aStendens
3216 4133 3606 4192 inﬂammatio-

2017 4234 2167 4283 nem,
2203 4235 2371 4290 quam
2421 4220 2764 4278 intrinsecus
2812 4238 3014 4279 sazvam
3065 4212 3313 4283 eﬂiciens
3355 4230 3601 4285 vexatio-

2018 4325 2171 4366 ncm.
2207 4311 2291 4365 Ab
2325 4311 2432 4366 hoc
2464 4312 2610 4366 malo
2641 4314 2826 4383 gravis
2864 4317 3118 4370 sumendi
3160 4317 3269 4373 cibi
3303 4321 3599 4388 provenie-

2019 4402 2115 4457 bat
2161 4402 2461 4472 cupiditas,
2496 4418 2663 4473 quem
2705 4405 2929 4470 quidem
2971 4420 3082 4461 non
3126 4407 3327 4463 licebat
3368 4410 3446 4465 illi
3487 4426 3599 4467 non

2020 4494 2474 4550 subministrare.
2493 4495 2810 4550 Accedebat
2831 4496 3222 4554 intestinorum
3238 4500 3601 4570 exulceratio,

2020 4590 2488 4661 potissimumque
2529 4589 2633 4645 coli
2679 4605 2838 4646 acres
2881 4599 2939 4645 et
2977 4590 3161 4647 acerbi
3196 4592 3433 4649 dolores.
3469 4594 3602 4651 item

2021 4683 2379 4738 inﬂammatio
2422 4683 2672 4748 humida,
2708 4684 2867 4754 quasi
2915 4687 3204 4755 pellucens
3250 4687 3306 4741 in
3348 4690 3600 4758 pedibus.

2021 4775 2134 4830 Nec
2167 4775 2440 4832 absimilis
2475 4775 2531 4829 in
2571 4775 2682 4829 imo
2719 4789 2910 4832 ventre
2954 4778 3209 4832 exstabat
3241 4782 3603 4839 cxcruciatlu.

2024 4868 2298 4923 Praeterea
2348 4876 2404 4923 et
2456 4867 2846 4939 pudendorum
2898 4869 3167 4940 putredo,
3216 4888 3431 4930 vermes
3476 4890 3604 4945 pro.

2023 4975 2241 5017 creans.
2285 4960 2416 5016 Item
2461 4961 2693 5030 spiritus
2738 4961 2911 5016 ardua
2956 4972 3014 5017 et
3057 4963 3294 5020 diﬁicilis
3342 4968 3603 5034 intonso,

2028 5052 2263 5107 multum
2310 5052 2576 5108 molestim
2615 5053 3045 5125 acerbitatisque
3100 5057 3381 5123 all’erens,
3424 5063 3606 5131 grani-

2028 5154 2137 5199 tate
2168 5154 2225 5199 et
2253 5144 2446 5200 dolore
2484 5145 2906 5215 respirationis,
2947 5148 3371 5220 frequentiaque
3428 5153 3605 5206 anhe-

2022 5238 2176 5293 litus.
2213 5238 2321 5309 81
2358 5238 2590 5309 Insuper
2632 5240 2784 5309 rigor
2818 5251 2875 5296 et
2919 5242 3191 5298 distcnsio
3227 5246 3603 5301 membrorum

2023 5329 2294 5395 omnium,
2315 5345 2441 5384 cum
2466 5330 2818 5385 vehementia
2840 5344 2896 5386 et
2926 5332 2979 5385 vi
3008 5334 3364 5389 intolerabili.
3390 5333 3619 5403 Itaque,-

2023 5421 2116 5492 qui
2136 5420 2373 5476 Numine
2395 5421 2674 5489 amantur,
2705 5423 2899 5486 divini,
2923 5425 3130 5494 quique
3152 5426 3452 5495 praedicere
3475 5426 3602 5480 talia

2022 5527 2123 5582 pro
2147 5512 2417 5583 sapientia
2442 5513 2667 5601 habent,
2691 5514 2860 5570 Deum
2886 5532 3106 5588 ptenam
3132 5533 3162 5572 a
3190 5533 3314 5588 rege
3338 5518 3409 5571 ob
3431 5518 3604 5588 pluri-

2012 5689 2473 5766 fratreAneptim,
2526 5702 2583 5766 et
2635 5695 2864 5750 alteram
2915 5700 3122 5766 neptim
3148 5697 3311 5752 ﬁliam
3361 5696 3603 5757 Simonis

2024 5763 2303 5833 pontiﬁcis
2331 5763 2665 5835 Samariten,
2699 5766 2756 5822 in
2786 5763 3138 5824 matrimonio
3170 5769 3386 5825 habuit.
