4032 6418
434 353 544 418 εηθ

1657 356 2086 419 NICEPHOBI
2127 356 2474 418 CALLlS’l‘l

3598 346 3706 410 630

431 478 523 520 ma
550 464 673 535 ejus
700 461 870 531 impie
911 462 1077 529 facta,
1112 478 1333 520 sumere
1373 465 1788 522 renuntiabant.
1829 484 1849 519 ι
1891 466 2017 521 llaec

2127 466 2228 536 μὲν
2272 466 2387 536 γὰρ
2425 461 2496 535 ἦν
2541 463 2604 517 ού
2653 462 2887 533 λάδροςο
2917 461 3166 533 κνησμδς
3193 459 3238 514 δ’
3274 459 3556 530 ἀφόρητος
3593 458 3705 546 ἑῆς

434 553 665 625 quidem
698 569 768 610 eo
796 569 909 623 quo
941 554 1182 609 diximus
1203 554 1328 610 loco
1348 554 1886 626 adnotatJoseplius.
1908 556 2017 613 Sed

434 646 586 700 enim
623 645 678 698 in
711 644 958 699 secundo
995 661 1215 714 quoque
1246 645 1393 703 libro
1422 645 1558 701 Belli
1574 645 1812 713 Iudaici,
1844 647 2022 717 persi-

436 737 588 792 milia
621 737 689 792 ad
722 737 871 792 hunc
905 739 1128 792 modum
1158 739 1393 795 scribit:
1417 758 1435 792 ι
1464 738 1681 803 Corpus
1702 742 1824 811 ejus
1855 756 2022 798 omne

434 829 660 883 morbus
681 830 1024 900 complexus,
1049 832 1219 887 variis
1241 831 1539 889 admodum
1562 833 1850 890 doloribus
1864 835 2021 890 disti-

432 922 623 974 nebat.
647 921 841 978 Febris
865 923 918 977 id
941 923 1219 994 afﬂigebat
1240 940 1350 980 non
1376 925 1673 982 admodum
1700 927 2021 992 vehemens,

435 1013 690 1081 prnritus
722 1014 1075 1070 extrinsecus
1108 1016 1395 1072 obtinebat
1426 1018 1813 1075 intolerabilis.
1847 1020 2023 1073 Erant

435 1102 546 1157 coli
570 1104 819 1158 continui
851 1104 1093 1167 dolores,
1123 1107 1179 1161 in
1212 1107 1448 1177 pedibus
1484 1119 1724 1164 tumores
1760 1118 2021 1180 tanquam

434 1195 702 1267 hydropis
726 1198 1023 1252 exstabant
1048 1216 1061 1252 :
1084 1199 1383 1255 accedebat
1405 1201 1500 1256 imi
1516 1202 1810 1257 ventriculi
1835 1202 2024 1257 incen-

433 1289 614 1356 sio,et
636 1289 869 1343 membri
900 1290 1143 1359 pudendi
1176 1291 1432 1361 putredo,
1485 1308 1700 1348 vermes
1729 1310 2017 1364 generans.

437 1379 519 1433 Ad
558 1381 674 1436 haec
706 1389 763 1434 et
793 1380 1006 1434 directa
1041 1381 1324 1452 arduaque
1363 1399 1421 1439 et
1454 1384 1692 1440 difficilis
1728 1387 2023 1458 gravisque

440 1473 714 1541 epiratio,
760 1474 1267 1545 convulsionesque
1314 1476 1689 1532 membrorum
1736 1481 2021 1547 omnium,

437 1563 588 1620 adeo.
619 1573 681 1621 ut
722 1564 895 1620 divini
944 1582 1162 1635 pmnam
1209 1568 1477 1623 scelerum
1515 1578 1595 1624 tot
1638 1570 1860 1625 morbos
1900 1587 2023 1627 esse

437 1658 711 1713 dicerent.
754 1655 848 1713 Ille
888 1674 1076 1728 porro,
1105 1675 1230 1714 cum
1270 1670 1351 1715 tot
1392 1663 1669 1733 tantisque
1704 1666 2025 1721 contiictans

440 1749 626 1814 malis,
659 1749 1027 1805 nihilominus
1062 1751 1232 1807 vitam
1266 1753 1509 1809 retinere
1547 1756 1853 1811 conabatur
1883 1774 1898 1811 :
1936 1758 2023 1811 in-

438 1840 940 1910 columitatemque
989 1856 1257 1912 sperans,
1304 1846 1648 1900 curationem
1692 1847 2024 1904 valetudinis

440 1930 838 1986 meditabatur.
901 1932 1091 2001 Itaque
1144 1933 1387 1989 Iordane
1445 1936 1810 2002 transmisso,
1864 1938 2025 2007 aquis

434 2023 633 2077 calidis
681 2023 751 2079 ad
788 2024 1162 2089 Callirrhoen,
1196 2040 1320 2096 quae
1355 2027 1411 2081 in
1449 2028 1796 2097 Aspbaltiten
1840 2030 2023 2086 laeum

435 2114 698 2182 influunt,
732 2126 790 2171 et
827 2127 1056 2187 propter
1085 2117 1441 2175 dulcedinem
1474 2122 1685 2192 potioni
1717 2125 2023 2180 commoda:

437 2217 589 2271 sunt,
625 2198 908 2262 utebatur.
946 2209 1027 2264 lbi
1076 2226 1201 2265 cum
1246 2212 1478 2268 medicis
1508 2214 1686 2269 visum
1724 2225 1871 2272 esset
1900 2232 2025 2273 cor-

436 2312 542 2366 pus
580 2298 699 2366 ejus
723 2298 904 2353 calido
948 2299 1073 2355 oleo
1114 2300 1327 2369 fovere,
1358 2303 1417 2358 in
1450 2304 1667 2360 labrum
1696 2307 2019 2373 demissum,

436 2389 512 2442 ita
539 2387 878 2444 dissolutum
912 2400 1019 2455 est,
1051 2402 1108 2447 ut
1137 2394 1306 2448 etiam
1345 2395 1554 2452 lumina
1585 2399 1743 2467 quasi
1772 2410 2023 2455 mortuus

436 2481 681 2541 resoluta
713 2492 1020 2553 torqueret.
1052 2485 1191 2540 Cum
1223 2498 1406 2543 autem
1443 2491 1713 2545 tumultus
1741 2506 1773 2546 a
1799 2491 2022 2548 famulis

436 2583 781 2640 moveretur,
839 2575 909 2630 ad
961 2575 1260 2633 clamorem
1307 2579 1550 2647 illorum,
1581 2581 1650 2637 ad
1698 2570 2017 2641 se‘rediit:

433 2674 493 2719 et
531 2665 797 2736 deinceps
842 2668 1021 2725 salute
1069 2670 1388 2741 desperata,
1425 2675 1698 2732 militibus
1743 2678 2020 2749 quinqua-

434 2767 607 2822 genas
656 2754 866 2809 viritim
925 2756 1222 2816 dracbmas
1276 2762 1596 2829 numerari,
1636 2777 1694 2820 et
1741 2768 2020 2837 ingentem

437 2843 729 2912 pecuniam
777 2846 1015 2903 ducibus
1062 2858 1229 2919 atque
1272 2852 1468 2908 amicis
1509 2856 1627 2909 dari
1665 2856 1852 2928 jussit.
1899 2857 2022 2929 Ipse

436 2949 608 3004 porro
639 2936 695 2989 in
730 2937 911 2993 reditu
941 2939 1323 2997 Jeriehuntem
1358 2946 1632 3014 pervenit,
1667 2947 1876 3003 insania
1904 2950 2020 3021 jam

436 3036 763 3097 correptus,
817 3040 875 3084 et
928 3039 1143 3087 tantum
1196 3049 1306 3089 non
1357 3037 1522 3091 morti
1573 3038 1675 3108 ipsi
1718 3040 2016 3112 quidquam

2125 560 2454 626 ἐπιφανείας
2489 557 2655 627 δλης⁹
2702 557 2799 617 καὶ
2845 553 3023 607 κώλου
3074 554 3315 624 συνεχεῖς
3365 549 3703 621 simam;-

2125 652 2253 720 περί
2293 668 2354 704 τε
2382 650 2514 712 τοὺς
2555 649 2724 711 πόδας
2755 648 2831 712 ὡς
2862 646 3228 717 ὑδρωπιῶντος
3257 644 3531 715 οίδήματα
3558 659 3573 675 ο
3606 640 3702 696 τοῦ

2124 760 2185 797 τε
2211 744 2382 814 ήτρου
2414 743 2715 813 φλεγμονὴ,
2740 746 2834 796 καὶ
2882 741 3086 796 αἰδοίου
3133 737 3386 807 σηπεδὼν
3414 736 3706 805 σκώληκας

2123 838 2374 907 γεννῶσα
2399 850 2414 865 ·
2444 838 2582 908 πρὸς
2609 836 2821 899 τούτοις
2848 834 3141 906 ὀρθόπνοια
3169 833 3266 887 καὶ
3294 830 3584 893 δύσπνοια,
3608 829 3705 883 καὶ

2127 930 2375 999 σπασμοὶ
2411 930 2633 983 πάντων
2662 929 2771 982 τῶν
2805 927 2983 999 μελῶν
3008 942 3022 958 δ
3043 928 3184 981 ὥστε
3212 928 3338 987 τοὺς
3365 922 3706 984 ἐπιθειάζον-

2124 1012 2223 1084 τας
2251 1020 2442 1093 ποινὴν
2466 1017 2605 1075 εἶναι
2634 1022 2702 1076 τὰ
2731 1022 3023 1091 νοσήματα
3050 1019 3252 1088 λέγειν.
3294 1018 3352 1071 Ὀ
3377 1018 3435 1071 δὲ
3460 1016 3703 1069 παλαίων

2124 1115 2404 1178 τοσούτοις
2439 1113 2690 1179 πάθεσιν,
2719 1116 2869 1186 ὅμως
2915 1116 3011 1167 τοῦ
3059 1114 3158 1182 ζῇν
3203 1111 3505 1180 ἀντείχετο,
3530 1126 3734 1178 σωτη-.

2126 1208 2253 1277 ρίαν
2280 1224 2341 1260 τε
2374 1207 2573 1278 ἤλπιζε
2604 1208 2699 1261 καὶ
2729 1207 3029 1276 θεραπείας
3058 1205 3292 1259 ἐπενόει.
3338 1203 3541 1267 Διαϐὰς
3573 1200 3707 1269 γοῦν

2123 1299 2216 1352 τὶν
2237 1300 2536 1369 Ἰορδάνην,
2556 1302 2667 1363 τοῖς
2690 1300 2833 1355 κατὰ
2857 1298 3198 1371 Καλλιρῤόην
3235 1296 3456 1369 θερμοῖς
3484 1296 3703 1365 ὲχρῆτο’

2123 1391 2301 1445 ταῦτα
2334 1392 2380 1445 δ’
2408 1392 2577 1458 ἔξεισι
2607 1392 2709 1463 μὲν
2739 1394 2820 1454 εἰς
2844 1392 2946 1462 τὴν
2978 1391 3305 1460 ἀσφαλτίτιν
3334 1392 3536 1459 λίμνην
3557 1405 3571 1419 ’
3600 1387 3706 1440 ὑπ’)

2126 1483 2467 1555 γλυκύτητος
2504 1484 2551 1538 δ’
2586 1483 2704 1538 ἐστι
2760 1484 2853 1537 καὶ
2906 1486 3135 1550 πότιμα.
3181 1482 3352 1542 Δόξαν
3396 1481 3440 1535 δ’
3472 1478 3706 1533 ἐνταῦθα

2125 1579 2239 1635 τοῖς
2269 1578 2477 1647 ἰατροῖς
2517 1576 2680 1649 ἐλαίῳ
2713 1577 2905 1649 θερμῷ
2936 1580 3045 1632 πᾶν
3085 1574 3395 1645 ἀναθάλψαι
3430 1574 3491 1627 τὸ
3522 1572 3703 1640 σῶμα,

2128 1675 2216 1740 χαί
2234 1670 2400 1723 ασθὲν
2428 1672 2506 1733 εἰς
2534 1672 2716 1724 ἐλαίου
2746 1672 2928 1742 πλήρη
2974 1670 3197 1737 πύελον,
3227 1669 3411 1722 ἐκλύει
3437 1667 3533 1721 καὶ
3579 1664 3705 1726 τοὺς

2060 1814 2098 1871 Β
2128 1760 2463 1831 ὀφθαλμούς.
2506 1762 2596 1824 Ὠς
2641 1762 2698 1814 δὲ
2744 1761 2977 1825 τεθνεὼς
3022 1759 3344 1830 ἀνέστρεψε,
3380 1759 3612 1829 θορύϐου
3642 1773 3705 1810 τε

2128 1854 2235 1907 ὑπὸ
2266 1853 2376 1906 τῶν
2410 1853 2761 1925 θεραπόντων
2794 1854 3115 1924 γενομένου,
3151 1854 3289 1924 πρὸς
3334 1852 3435 1922 μὲν
3467 1851 3563 1922 τὴν
3592 1869 3711 1920 φω-

2126 1948 2224 2018 νήν
2258 1947 2588 2018 ἀνήνεγκεν,
2615 1947 2696 2010 εἰς
2724 1946 2782 2000 δὲ
2829 1947 2891 2002 τὸ
2936 1946 3125 2000 λοιπὸν
3167 1946 3443 2014 ἀπογνοὺς
3473 1945 3573 2013 τὴν
3603 1961 3709 1997 σω-

2126 2040 2345 2109 τηρίαν,
2379 2041 2492 2103 τοῖς
2544 2055 2603 2092 τε
2658 2040 3027 2111 στρατιώταις
3076 2041 3181 2094 ἀνὰ
3214 2039 3469 2109 δραχμὰς
3504 2038 3706 2107 πεντή-

2127 2147 2294 2184 κοντα
2344 2132 2601 2185 ἐκέλευσε
2636 2132 2936 2203 διανεῖμαι,
2970 2134 3064 2186 καὶ
3101 2132 3271 2186 πολλὰ
3303 2132 3565 2204 χρήματα
3592 2133 3705 2191 τοῖς
3800 2144 3808 2153 ‘

2127 2225 2363 2293 ἡγεμόσι
2399 2226 2495 2278 καὶ
2529 2227 2639 2288 τοῖς
2669 2226 2867 2294 φίλοις.
2905 2226 3076 2289 Αὐτὸς
3112 2225 3170 2278 δὲ
3203 2226 3587 2294 ὑποστρέφων,
3625 2224 3705 2287 είς

2138 2315 2474 2387 Ἱεριχοῦντα
2522 2320 2908 2389 παραγίνεται,
2938 2319 3293 2392 μελαγχολῶν
3323 2321 3447 2391 ἤδη,
3479 2320 3573 2372 καὶ
3604 2323 3703 2388 μό-

2126 2426 2215 2462 νον
2243 2409 2343 2463 οὐκ
2372 2410 2609 2465 ἀπειλῶν
2637 2411 2786 2482 αύτῷ
2831 2429 2885 2467 τι
2935 2411 3012 2483 τῷ
3061 2413 3300 2484 θανάτῳ.
3336 2412 3616 2483 Προέκοψε
3643 2408 3702 2464 δὲ

2126 2504 2205 2565 είς
2232 2502 2526 2575 ἐπιὸουλὴν
2553 2503 2812 2570 ἀθεμίτου
2844 2505 3099 2576 πράξεως
3125 2522 3141 2537 ·
3168 2508 3295 2571 τοὺς
3318 2506 3428 2577 γὰρ
3457 2506 3550 2574 ἀφ’
3572 2506 3701 2560 ἑκάς

2127 2611 2261 2664 στης
2316 2595 2511 2666 κώμης
2559 2598 2869 2669 ἐπισήμους
2914 2599 3116 2669 ἄνδρας
3179 2600 3237 2666 ἐξ
3268 2598 3394 2669 ὅλης
3441 2597 3700 2660 Ἰουδαίας

2127 2684 2472 2755 συναγαγὼν,
2486 2688 2562 2749 εἰς
2582 2692 2674 2740 τὸν
2698 2689 3035 2761 καλούμενον
3068 2690 3426 2761 ’ἱππόδρομον
3448 2690 3701 2743 ἐκέλευσε

2126 2777 2468 2847 συγκλεῖσαι.
2516 2780 2798 2849 Προσκαλε
2808 2783 2873 2837 σά
2883 2800 3041 2853 μενος
3063 2783 3121 2837 δὲ
3145 2783 3413 2855 Σαλώμην
3433 2786 3534 2856 τὴν
3556 2783 3705 2839 ἀδελ-

2125 2871 2233 2940 φὴν
2265 2871 2357 2923 καὶ
2391 2872 2483 2926 τὸν
2515 2873 2686 2943 ἄνδρα
2718 2875 2925 2948 ταύτης
2956 2876 3202 2945 Ἀλεξᾶν,
3229 2875 3385 2942 Οἶδα,
3414 2876 3542 2948 ἔφη,
3570 2879 3703 2934 Ἰου-

2122 2965 2306 3026 δαίους
2353 2967 2444 3018 τὸν
2496 2966 2632 3034 ἐμὸν
2683 2967 3043 3037 ἑορτάσοντας
3073 2970 3307 3026 θάνατον
3331 2987 3347 3006 ο
3379 2973 3616 3042 δύναμαι
3643 2973 3701 3027 δὲ

2125 3054 2441 3108 πενθεῖσθαι
2475 3054 2545 3109 δι’
2569 3055 2656 3110 ἑτέ
2666 3074 2775 3128 ρων
2808 3060 2906 3112 καὶ
2932 3059 3188 3132 λαμπρὸν
3211 3063 3500 3132 ἐπιτάφιον
3527 3067 3699 3136 σχεῖν,

437 3120 724 3177 minitans.
760 3121 860 3177 Hic
906 3126 1195 3194 prioribus
1236 3128 1353 3184 suis
1397 3131 1700 3187 sceleribus
1733 3134 2018 3189 iurandum

2127 3147 2194 3201 ἂν
2224 3148 2379 3217 ὑμεῖς
2418 3120 2684 3220 θελήσητε
2712 3154 2837 3216 ταῖς
2869 3120 3031 3223 ἐμαῖς
3056 3120 3301 3219 ὲθτολατς
3328 3120 3697 3230 ύτέουργῑῖσαιζ

436 3213 630 3284 adjicit
660 3215 951 3286 flagitium.
995 3217 1342 3277 Convocatos
1374 3223 1521 3277 enim
1566 3239 1633 3279 ex
1658 3230 1902 3297 ’quoquo
1937 3237 2022 3283 to-

438 3305 550 3359 tius
584 3302 788 3361 Judacae
833 3307 955 3363 vieo
1000 3308 1245 3381 insignes
1288 3314 1713 3386 praecipuosque
1757 3317 1928 3386 viros,
1963 3319 2020 3374 in

438 3397 624 3453 locum
677 3400 775 3469 qui
818 3398 1231 3473 Hippodromus
1288 3405 1520 3475 dicitur,
1581 3410 1787 3466 recludi
1838 3411 2018 3482 jubet.

441 3491 582 3545 'l‘um
611 3489 833 3548 Solome
857 3494 938 3568 (l)
966 3510 1159 3551 sorore
1177 3507 1235 3551 et
1270 3497 1437 3555 Alexa
1466 3500 1586 3557 viro
1612 3503 1732 3574 ejus
1780 3504 1973 3562 accitis
2004 3522 2019 3560 :

441 3579 593 3648 Scio,
636 3582 836 3654 inquit,
862 3586 1082 3643 Iudaeos
1116 3597 1344 3658 propter
1374 3602 1611 3648 mortem
1642 3610 1818 3669 meam
1850 3596 2022 3655 festos

437 3688 538 3744 per
567 3674 812 3729 laetitiam
846 3685 1069 3732 acturos
1101 3677 1241 3732 dies.
1278 3678 1394 3750 Ego
1424 3690 1609 3735 autem
1648 3698 1749 3748 per
1782 3684 2020 3741 aliorum

436 3766 648 3821 luctum
674 3769 1031 3839 complorari,
1065 3780 1123 3827 et
1151 3772 1470 3842 Splendidas
1500 3774 1708 3832 habere
1728 3779 2022 3849 exsequias

436 3872 690 3928 possunt,
717 3860 764 3915 si
800 3876 899 3915 vos
924 3862 1099 3932 jussis
1129 3864 1268 3919 meis
1299 3872 1357 3919 et
1385 3865 1551 3921 dictis
1579 3866 1871 3924 audientes
1897 3884 2018 3926 esse

437 3948 661 4005 voletis.
697 3950 865 4006 Viros
909 3953 1077 4007 hosce
1109 3956 1203 4025 qui
1252 3957 1309 4011 in
1357 3959 1665 4014 custodiam
1709 3973 1837 4015 sunt
1882 3977 2017 4018 con-

433 4044 595 4115 jecti,
637 4045 800 4099 simul
826 4056 993 4117 atque
1022 4050 1395 4119 exspiravero,
1433 4053 1787 4111 circumfusis
1831 4055 2023 4112 militi-

441 4132 572 4201 bus,
606 4135 1332 4209 celerrimccontrueidate,
1362 4141 1474 4212 82
1514 4151 1574 4197 ut
1604 4153 1804 4200 cuncta
1830 4145 2020 4203 Judaza

437 4237 765 4299 cuncta-que
809 4229 1032 4287 familias
1073 4232 1130 4286 in
1171 4231 1367 4288 funere
1403 4250 1526 4292 meo
1560 4235 1955 4309 laerymentur.
1994 4257 2015 4294 ι

356 4322 363 4327 “
441 4318 512 4373 Et
546 4329 672 4389 post
715 4335 891 4390 pauca
937 4322 1109 4378 verba
1151 4323 1294 4379 idem
1327 4325 1625 4383 historicus
1655 4328 1732 4384 ait
1765 4349 1780 4386 :
1819 4348 1838 4383 ι
1875 4331 2021 4387 Rur-

438 4427 562 4469 sum
596 4427 730 4470 vero
767 4415 1106 4472 cuminedia
1147 4419 1392 4490 tnssique
1422 4421 1747 4477 convulsiva
1784 4423 2019 4480 distine-

2126 3240 2327 3294 Τούσδε
2344 3240 2468 3304 τοὺς
2487 3244 2931 3314 φρουρουμένους
2948 3245 3400 3317 ἄνδρας,ὲπειδὰν
3419 3249 3703 3305 ἐκπνεύσω

2123 3333 2359 3403 τάχιστα
2388 3336 2662 3402 κτείνατε,
2705 3339 3141 3409 περιστήσαντες
3177 3347 3304 3406 τοὺς
3339 3343 3701 3413 στρατιώτας,

2124 3426 2215 3479 ἵνα
2244 3428 2395 3481 πᾶσα
2424 3428 2458 3499 ή
2496 3428 2731 3486 Ἰουδαία
2762 3432 2857 3487 καὶ
2886 3434 2995 3497 πᾶς
3016 3427 3165 3498 οἶκος
3190 3435 3277 3488 ἐπ’
3304 3436 3405 3505 ἐμὲ
3431 3437 3699 3511 δακρύσῃ.

2125 3516 2237 3571 Καὶ
2288 3517 2428 3587 μετὰ
2479 3519 2686 3593 βραχέα
2720 3523 2886 3594 φησιν
2911 3540 2926 3557 °
2949 3524 3117 3590 Αὖθις
3149 3525 3227 3589 δὲ,
3259 3528 3355 3581 καὶ
3388 3530 3500 3601 γὰρ
3528 3530 3704 3601 ἐνδείᾳ

2123 3609 2336 3682 τροφῆς
2375 3613 2472 3666 καὶ
2520 3614 2653 3685 βηχὶ
2685 3615 3004 3686 σπασμώδει
3052 3618 3366 3685 διετείνετο,
3391 3622 3501 3676 τῶν
3531 3623 3703 3692 ἀλγη-

2123 3706 2290 3760 δόνων
2322 3707 2633 3780 αἰσθηθεὶς,
2662 3710 2866 3781 φθάσαι
2890 3710 2989 3784 τὴν
3010 3716 3358 3785 εἱμαρμένην
3383 3715 3701 3771 ἐπεϐάλετο.

2123 3800 2322 3853 Λαϐὼν
2361 3800 2418 3852 δὲ
2459 3800 2629 3871 μῆλον
2662 3801 2831 3873 ᾔτησε
2861 3806 2954 3858 καὶ
2988 3806 3285 3876 μαχαίριον
3308 3820 3322 3836 ⁸
3367 3805 3550 3862 είώθει
3592 3808 3702 3880 γὰρ

2126 3894 2457 3966 ἀποτέμνων
2489 3895 2693 3950 ἐσθίειν
2722 3912 2737 3927 ο
2772 3897 2967 3953 ἔπειτα
3004 3898 3407 3971 περιαθρήσας,
3439 3902 3515 3971 μή
3561 3918 3646 3965 τις
3676 3905 3704 3954 ό

2126 3985 2392 4039 κωλύσων
2443 3986 2607 4040 αὐτὸν
2655 3988 2768 4058 εἴη,
2812 3989 2989 4061 ἐπῆρε
3024 3990 3122 4059 τὴν
3160 3991 3343 4059 δεξιὰν
3371 3992 3446 4054 ὡς
3480 3993 3703 4064 πλήξων

2129 4076 2348 4134 ἔαυτόν.
2392 4097 2413 4131 ι
2454 4079 2581 4135 Ἐπὶ
2603 4080 2660 4134 δὲ
2683 4084 2895 4147 τούτοις
2928 4085 2956 4138 ὁ
2984 4084 3147 4148 αὐτὸς
3177 4086 3527 4157 συγγραφεὺς
3557 4088 3703 4141 ίστο-

2131 4171 2235 4240 ρεῖ,
2265 4170 2453 4242 ἕτερον
2486 4171 2655 4227 αὐτοῦ
2689 4174 2916 4244 ¹γνήσιον
2967 4177 3136 4230 παῖδα.
3170 4178 3278 4248 πρὸ
3317 4179 3417 4249 τῆς
3465 4180 3706 4250 ἐσχάτης

2128 4261 2227 4315 τοῦ
2257 4262 2374 4333 βίου
2406 4264 2664 4338 τελευτῆς
2696 4266 2881 4337 τρίτον
2913 4269 3007 4322 ἐπὶ
3037 4268 3192 4325 δυσὶν
3233 4271 3336 4343 ἤδη
3389 4288 3708 4343 προανῃρη-

2133 4357 2313 4427 μένοις
2341 4357 2412 4413 δι’
2441 4362 2714 4432 ἐπιταγῆς
2745 4362 3028 4432 ἀνελόντα,
3055 4368 3400 4441 παραχρῆμα
3431 4367 3529 4439 τὴν
3556 4367 3706 4439 ζωὴν

2053 4460 2096 4514 υ
2124 4449 2185 4502 ού
2221 4451 2360 4521 μετὰ
2391 4455 2644 4525 σμικρῶν
2678 4456 2992 4528 ἀπορρῆξαι
3024 4460 3136 4515 τῶν
3174 4460 3509 4531 ἀλγηδόνων.

439 4539 620 4594 retur,
700 4528 953 4585 dolorum
1002 4530 1321 4603 impatiens,
1396 4534 1616 4589 fatalem
1667 4549 1898 4593 mortem
1954 4543 2262 4610 praevenire
2301 4548 2516 4614 statuit,
2585 4558 2923 4621 acceptoque
2967 4552 3135 4620 malo,
3203 4528 3443 4611 cultrum
3484 4569 3705 4625 quoque

438 4629 720 4698 poposcit;
799 4618 1166 4687 consueverat
1214 4632 1363 4688 enim
1413 4649 1479 4689 eo
1562 4650 1657 4704 per
1701 4637 2063 4694 resectionem
2131 4654 2394 4714 purgato,
2434 4647 2611 4704 vesci.
2663 4648 2870 4707 Deinde
2917 4651 3389 4721 circumspiciens,
3434 4666 3505 4707 ne
3556 4654 3702 4722 quis.

439 4724 539 4794 qui
565 4739 694 4779 eum
723 4724 1028 4794 inhiberet,
1064 4728 1305 4797 adesset,
1377 4729 1628 4787 dextram
1673 4735 1919 4801 sustulit,
1985 4747 2248 4808 tanquam
2291 4743 2536 4812 seipsum
2608 4760 2997 4819 percusxurus.
3033 4767 3053 4800 ι
3089 4749 3320 4820 insuper
3350 4749 3493 4804 idem
3553 4749 3704 4805 .lose-

440 4817 591 4888 phus
620 4819 904 4874 memoriae
930 4822 1229 4892 mandavit,
1300 4839 1425 4879 cum
1465 4826 1631 4895 paulo
1671 4837 1801 4883 ante
1865 4841 2095 4884 mortem
2137 4832 2384 4891 nativum
2436 4851 2874 4910 germanamque
2922 4838 3100 4896 filium
3148 4817 3262 4913 jam
3313 4842 3538 4898 tertium
3595 4844 3708 4911 t2),

442 4910 593 4979 quod
642 4921 806 4965 antea
852 4911 993 4969 duos
1042 4927 1141 4982 per
1190 4914 1395 4971 caulem
1449 4918 1785 4984 sustulerat,
1835 4921 2021 4991 necari
2051 4921 2332 4994 jussisset,
2397 4943 2527 4985 eum
2592 4930 2882 4990 confestim
2921 4934 3090 4990 vitam
3122 4910 3250 4991 cum
3282 4950 3480 5006 magno
3515 4910 3710 4993 dolore

440 5015 498 5058 et
527 5004 775 5059 cruciatu
816 5004 1042 5063 (iniisse.

520 5186 596 5256 (ι)
634 5185 855 5283 salomc
888 5188 1290 5283 l-lerodisnrleglis
1319 5192 2033 5283 sororLbzlaILigammmili‘lios
2125 5197 2559 5283 jeelnoszdeinde
2583 5201 2907 5283 innocentes
2938 5207 3135 5278 laqueo
3165 5211 3348 5267 necari
3378 5209 3565 5283 jussit.

446 5259 822 5352 .Alexandrum
858 5271 924 5352 et
968 5259 1370 5352 Aristobulum,
1422 5259 1700 5346 parricidii
1734 5267 1881 5352 apud
1917 5268 2031 5322 fra-
2125 5259 2166 5352 ζ
2202 5270 2279 5352 (2)
2309 5259 2442 5352 Fuit
2503 5273 2549 5327 is
2577 5259 2903 5345 Antipater,
2929 5259 3706 5352 qu‘eIn'éi'iii'iidé"]iiit-ato

451 5337 589 5386 trem
620 5332 897 5386 accusavit
925 5347 938 5382 :
972 5347 1113 5401 quos
1155 5332 1243 5389 ille
1271 5332 1512 5405 primum
1561 5336 1617 5391 in
1648 5332 1872 5394 vincula
1899 5352 2031 5395 con-
2128 5332 2289 5397 Dosis
2318 5343 2522 5415 conjux
2556 5332 2843 5414 genuerat.
