4032 6436
454 448 560 515 701

1419 450 2020 514 ECCLESIASTICE
2065 450 2463 514 HISTORIA?
2505 452 2653 513 LIB.
2697 450 2749 511 Ι.

3602 441 3720 505 ’ΖιἸῖ

458 566 773 631 πρακτικῆς
802 562 1074 632 γνώσεως,
1108 564 1165 630 ἐξ
1192 564 1411 631 ἑτοίμου
1446 562 1587 618 εἶναι
1620 565 1802 626 αὐτοῖς
1829 564 1919 617 διὰ
1940 565 2040 633 τῆς

2169 580 2255 617 ent
2291 565 2682 630 constantiam,
2717 562 2959 632 denique
2990 557 3362 614 innocentiam
3391 563 3446 611 et
3493 554 3721 608 mundi-

460 658 776 725 πρακτικῆς
807 663 897 710 και
928 657 1024 726 τὴν
1060 658 1157 724 τῆς
1180 657 1416 727 θεωρίας
1446 658 1724 711 ἐπίϐασιν.
1767 658 1875 710 Καὶ
1905 656 2036 726 γοῦν

461 764 545 810 τις
580 748 729 818 φόϐῳ
763 749 968 818 Κυρίου
1020 751 1116 813 τὰς
1171 751 1394 812 ἐντολάς
1440 752 1557 803 ἐστι
1609 748 1912 817 κατορθῶν,
1941 750 2036 802 καὶ

465 841 580 911 ἅμα
603 843 701 908 τῆς
733 840 882 904 θείας
911 840 1254 911 γλυκύτητος
1284 843 1382 896 καὶ
1404 842 1628 909 ἀγάπης
1655 836 2034 905 καταξιοῦται·

463 935 560 985 καὶ
599 932 790 1002 ὥσπερ
817 949 871 985 τι
910 932 1145 986 ἔπαθλον
1188 931 1394 1001 ταύτης
1427 931 1549 984 κατ’
1589 928 1888 997 ἀναλογίαν
1936 928 2040 996 τῆς

468 1023 772 1091 προκοπῆς,
824 1021 904 1074 τῶ
926 1010 943 1063 ν’
989 1022 1150 1075 θείων
1198 1021 1520 1092 μυστηρίων
1577 1020 1887 1089 καρποῦται
1941 1016 2042 1088 τὴν

467 1114 845 1182 ἀποκάλυψιν·
893 1117 988 1168 καὶ
1042 1108 1115 1168 ὧν
1182 1114 1304 1167 οὐδὲ
1335 1114 1557 1168 ἀκούειν
1607 1106 1719 1175 οἷός
1752 1111 1811 1164 τὲ
1867 1113 2040 1175 ἐστιν,

470 1204 751 1273 ἄπρακτος
777 1205 873 1268 ῶν,
905 1207 991 1259 διὰ
1023 1207 1122 1276 τῆς
1145 1208 1401 1277 πράξεως
1439 1208 1615 1278 ἥκων,
1648 1205 1839 1273 σαφῶς
1871 1221 2044 1258 κατα-

471 1297 625 1365 0ρεί’
683 1293 758 1351 ὧν
792 1316 852 1351 τε
883 1300 943 1353 οὐ
997 1302 1248 1369 συνίησιν
1299 1300 1781 1369 ἑρμηνευομένων,
1847 1297 2044 1368 πόρρω

473 1391 724 1461 πράξεως
757 1393 853 1457 ῶν,
896 1394 1058 1456 αὐτὸς
1103 1393 1382 1464 ἑρμηνεὺς
1439 1393 1766 1447 καθίσταται
1796 1391 2045 1461 ἀριστος.

471 1485 571 1556 τὴν
596 1488 907 1558 πρακτικὴν
943 1488 1172 1558 μετιών.
1207 1490 1316 1543 Καί
1348 1487 1400 1557 γ’
1430 1489 1698 1559 ἐπήὸπλος
1730 1486 1841 1539 τῶν
1871 1485 2046 1556 ἀρῤἧ*

473 1594 581 1631 των
611 1581 676 1649 τῇ
713 1577 915 1650 Θεωρία
948 1581 1146 1650 κομιδῇ
1182 1581 1396 1648 γίνεται
1420 1594 1436 1611 ο
1499 1581 1595 1632 καὶ
1648 1579 1709 1631 τὸ
1745 1577 1859 1631 τῶν
1887 1578 2049 1630 θείων

478 1664 638 1731 pilio;
686 1668 1041 1735 παριόαλὼν,
1097 1670 1298 1738 ἐρευνᾷ
1321 1708 1334 1732 ,
1370 1668 1464 1721 καὶ
1508 1666 1793 1730 ἀκλύστως
1814 1669 1926 1730 τοῖς
1949 1667 2051 1733 τῆς

480 1757 671 1827 σοφίας
708 1758 890 1826 βυθοῖς
943 1759 1290 1830 ἀνανήχεται.
1338 1760 1662 1832 Παρασολᾶς
1693 1754 1786 1813 οὖν
1813 1759 1842 1811 ὁ
1878 1758 2055 1811 τοιοῦ-

478 1865 568 1912 τος
592 1851 683 1902 καὶ
711 1851 1010 1918 αἰνίγματα
1041 1853 1175 1921 πρὸς
1214 1852 1510 1922 οἰκοδομὴν
1532 1854 1643 1907 τῶν
1674 1852 2053 1922 μαθητευομέ-

481 1958 587 1993 νων
625 1941 702 2008 τῷ
742 1941 842 2011 inp
884 1945 1157 2011 πνεύματι
1200 1943 1491 2012 προτίθησι
1516 1960 1529 1974 ο
1557 1944 1651 1996 καὶ
1677 1944 1973 2006 ἀναϐάσεις
1999 1945 2057 1996 ἐν

482 2032 680 2103 καρδίᾳ
736 2034 937 2102 νοεριῖις
990 2034 1359 2103 ἐποικοδομεῖ,
1420 2036 1488 2089 τὰ
1537 2036 1639 2105 τῆς
1688 2035 1824 2089 Θεοῦ
1861 2036 2058 2103 σοφίας

484 2127 655 2195 ἄδηλά.
683 2145 740 2179 τε
777 2130 873 2182 καὶ
896 2129 1105 2199 κρύφια
1157 2130 1321 2201 ἱερῶς
1376 2148 1435 2184 τε
1472 2130 1592 2200 ἅμα
1644 2130 1736 2185 καὶ
1772 2130 2058 2201 μυστικῶς

485 2217 727 2289 θεωρῶν.
771 2219 908 2272 Ἀλλ’
933 2223 965 2290 ἡ
994 2223 1094 2288 μὲν
1117 2224 1226 2276 τῶν
1268 2224 1647 2291 εὐαγγελικῶν
1690 2223 1923 2277 ἐντολῶν
1963 2222 2061 2275 καὶ

488 2311 833 2379 παραϐολῶν,
865 2312 939 2374 ὼς
995 2315 1053 2366 ἐν
1095 2315 1292 2383 βραχεῖ
1331 2318 1496 2384 φάναι
1551 2315 1805 2383 δύναμις.
1843 2316 1900 2367 ἐν
1940 2315 2061 2366 τού-

402 2436 417 2445 ς
484 2415 597 2463 τοις
626 2417 639 2430 ·
666 2403 1005 2471 πρακτικούς
1046 2421 1103 2456 τε
1132 2405 1238 2474 γὰρ
1267 2408 1361 2460 καὶ
1385 2405 1760 2475 θεωρητικοὺς
1791 2406 1885 2455 καὶ
1907 2404 2063 2472 φιλο-

486 2496 684 2563 σόφους
750 2498 827 2567 τῷ
858 2499 993 2560 ὄντι,
1038 2501 1132 2552 καὶ
1181 2499 1543 2552 ἁποστολικδν
1596 2500 2065 2571 ἐπανῃρημένους

490 2585 625 2656 βίον.
654 2589 916 2657 ἀδελφούς
938 2606 996 2643 τε
1015 2592 1108 2641 καὶ
1136 2591 1519 2660 συμμεριστάς
1544 2591 1638 2645 τοῦ
1672 2590 1913 2660 Χριστοῦ
1941 2591 2066 2653 τοὺς

488 2680 611 2733 κατ’
651 2682 864 2744 ἐκείνας
916 2683 1168 2747 ἐντελεῖς,
1224 2684 1639 2752 ἀποφαίνουσιν.
1691 2684 1844 2736 Ἐπεὶ
1874 2683 1918 2736 δ’
1969 2678 2066 2735 οὖν

486 2772 599 2826 τῶν
620 2773 919 2843 ἀμηχάνων
945 2776 1064 2827 ἐστὶ
1098 2777 1191 2829 καὶ
1214 2775 1326 2828 τῶν
1354 2775 1428 2844 μὴ
1456 2775 1697 2828 δυνατῶν
1728 2773 1825 2842 τὴν
1854 2774 2067 2843 ἀνορω-

492 2868 655 2935 πῖνην
690 2869 854 2934 φύσιν
909 2868 1125 2922 οἴκοθεν
1180 2870 1512 2939 κινουμένην
1542 2871 1609 2938 τῇ
1659 2869 1862 2935 φυσικῇ
1905 2867 2067 2937 ῥώμῃ

491 2956 571 3019 είς
593 2960 652 3009 τὸ
685 2958 889 3013 τέλειον
913 2960 1013 3029 τῆς
1042 2960 1298 3029 πράξεως
1321 2960 1603 3027 ἐπιϐῆναι,
1636 2959 1669 3029 ἢ
1701 2958 1779 3027 τῷ
1812 2957 1939 3028 ὕψει
1969 2958 2068 3025 τῆς

495 3047 725 3119 θεωρίας
767 3050 1072 3114 ἐπιϐαλεῖν,
1116 3052 1166 3104 εί
1215 3051 1291 3122 μή
1321 3068 1406 3115 τις
1435 3054 1546 3114 τοῖς
1575 3052 1672 3120 τῆς
1698 3051 1928 3119 καρδίας
1969 3066 2073 3117 μυ-

495 3140 608 3208 χοῖς
633 3138 724 3191 τὸν
755 3139 986 3211 Σωτῆρα
1031 3141 1240 3205 Κύριον
1288 3140 1365 3205 ὡς
1396 3141 1528 3195 Θεὸν
1582 3141 1789 3195 τέλειον
1818 3144 1914 3194 καὶ
1940 3143 2071 3210 ὁμο-

2146 658 2315 722 tiem,
2389 668 2557 727 atque
2634 656 2783 713 omni
2852 654 3041 711 carnis
3114 653 3278 709 simul
3358 659 3414 705 et
3485 649 3715 717 spiritus

2149 749 2622 804 contaminatione
2661 758 2717 802 ct
2767 748 3183 817 inquinamento
3216 757 3443 797 vacuam
3491 739 3716 793 castita-

2152 849 2260 893 tem
2324 840 2714 895 introducunt.
2773 837 2969 894 Omnia
3018 836 3278 905 denique,
3339 832 3489 887 aliud
3541 830 3713 885 alium

2152 946 2401 993 sensum,
2429 929 2849 1000 paedagogorum
2906 926 3368 993 more,erudiunt
3418 931 3581 992 atque
3633 920 3722 974 in—

2150 1033 2400 1086 struunt,
2435 1033 2491 1078 et
2528 1022 2774 1092 linguam
2818 1029 2969 1075 recte
2999 1019 3242 1073 formant
3279 1026 3442 1084 atque
3479 1012 3718 1067 frenant.

2152 1115 2346 1173 Omnia
2382 1115 2549 1169 etiam
2578 1129 2643 1167 ea
2675 1120 2969 1183 pracepta,
3001 1126 3099 1180 per
3133 1108 3388 1179 spiritum
3421 1105 3721 1160 ellieaciam

2156 1225 2311 1265 suam
2345 1218 2665 1268 consecuta,
2703 1208 2922 1276 riteque
2959 1214 3014 1259 et
3062 1218 3189 1258 cum
3215 1200 3428 1273 judicio
3459 1198 3514 1252 in
3542 1197 3724 1252 animo

2156 1312 2449 1370 concepta.
2511 1302 2728 1355 alacres
2782 1310 2839 1352 et
2888 1296 3103 1351 vividos
3138 1301 3490 1349 exsectttorcs
3533 1302 3723 1344 eorum

2155 1393 2427 1457 efficiunt,
2464 1394 2639 1449 bonos
2675 1392 2889 1448 scilicet
2949 1398 3007 1445 et
3054 1389 3257 1459 justos,
3286 1381 3532 1454 placidos
3563 1377 3727 1434 simul

2156 1498 2213 1542 et
2240 1501 2452 1556 aequos,
2492 1486 2625 1540 item
2680 1481 3073 1539 misericordes
3102 1488 3156 1533 et
3189 1477 3283 1533 Dei
3322 1481 3615 1530 amantes:
3650 1481 3725 1534 et,

2161 1586 2221 1632 ut
2274 1577 2593 1633 summatim
2647 1576 2851 1638 dicam,
2896 1571 3228 1643 injustitiam
3272 1576 3328 1622 et
3379 1565 3726 1635 iniquitatem

2159 1685 2436 1742 quamque
2475 1684 2578 1724 nos
2622 1668 2851 1723 omnino
2890 1681 2955 1719 ex
2986 1663 3151 1719 corde
3183 1661 3407 1732 ejicere,
3439 1664 3604 1724 atque
3637 1667 3732 1705 eas

2162 1762 2404 1819 aversari
2432 1805 2447 1827 ,
2475 1762 2745 1831 justitiam
2777 1774 2911 1814 vero
2940 1771 3159 1812 omnem
3183 1765 3237 1810 et
3270 1752 3557 1811 virtutem,
3577 1747 3732 1818 juxta

2164 1855 2580 1925 proportionem
2629 1848 3090 1907 conformationis
3142 1854 3196 1899 et
3240 1837 3617 1898 similitmlinis
3663 1835 3729 1888 ad

2162 1947 2444 2003 doctorem
2480 1947 2683 2016 ipsum,
2725 1958 2988 1999 exercere
3022 1950 3079 1994 et
3110 1934 3362 1992 meditari
3393 1934 3594 1989 docent
3622 1948 3636 1982 :
3670 1937 3733 1981 ut

2163 2040 2385 2103 deinde,
2409 2054 2535 2093 cum
2564 2039 2675 2107 jam
2711 2036 2778 2090 ad
2818 2032 3235 2104 dispositionem
3270 2025 3732 2089 atl‘ectionemque

2162 2130 2371 2190 cordis.
2401 2137 2568 2196 atque
2594 2128 2735 2181 adeo
2768 2124 2834 2179 ad
2868 2123 2994 2178 boni
3034 2120 3281 2175 habitum
3308 2112 3655 2185 pertigerint,
3676 2118 3734 2161 et

2163 2239 2225 2277 ea
2261 2231 2528 2292 quantum
2563 2218 2682 2273 fieri
2715 2224 2898 2284 potest
2945 2210 3326 2269 observarint,
3356 2220 3463 2260 non
3497 2201 3735 2271 amplius

2165 2327 2394 2381 peccare
2421 2310 2635 2380 possint
2664 2308 2893 2377 :quippe
2927 2304 2992 2358 ad
3025 2302 3438 2374 perfectionem,
3464 2309 3628 2366 quam
3651 2292 3736 2346 vis

2166 2404 2408 2457 humana
2456 2400 2625 2470 capit,
2672 2395 2963 2468 compositi
3014 2405 3181 2463 atque
3219 2389 3464 2452 deducti,
3505 2383 3736 2454 perinde

2166 2496 2382 2552 scilicet
2415 2504 2582 2563 atque
2621 2493 2741 2562 ipse
2773 2491 2870 2561 qui
2917 2490 3000 2545 eis
3057 2486 3239 2558 prmiit
3269 2497 3453 2539 rerum
3498 2480 3739 2549 optirna-

2169 2605 2293 2643 rum
2333 2588 2596 2657 magister
2621 2595 2679 2640 et
2707 2590 3032 2654 praeceptor.
3065 2578 3339 2635 Caeterum
3373 2574 3439 2629 ad
3463 2587 3590 2627 eum
3624 2585 3740 2623 mo-

2169 2680 2299 2733 dum
2330 2694 2429 2748 per
2465 2676 2799 2730 effectricem
2831 2669 3207 2742 cognitionem
3243 2672 3640 2739 pra‘ceptorum
3673 2662 3741 2714 ad

2169 2770 2565 2838 perfectionem
2609 2765 2931 2837 perductis,
2979 2762 3242 2834 proclivis
3294 2758 3582 2825 facilisque
3639 2752 3697 2805 fit
3727 2791 3741 2813 .

2169 2876 2267 2930 per
2292 2860 2632 2914 effectricem
2669 2874 2791 2914 eam
2827 2858 2957 2918 vim,
2990 2854 3058 2909 ad
3103 2848 3616 2919 contemplatricem
3645 2858 3742 2898 su-

2170 2955 2502 3010 blimitatem
2539 2953 2828 3007 transitus.
2862 2949 2918 3003 Si
2951 2950 3077 3017 quis
3104 2946 3249 3000 enim
3288 2949 3559 3021 prze'ccpta
3595 2947 3746 2991 recte

2169 3045 2550 3115 exsequendo,
2580 3060 2679 3113 per
2708 3043 2960 3097 timoretu
2995 3037 3232 3101 Domini,
3258 3034 3467 3104 implet,
3492 3045 3617 3085 eum
3651 3028 3745 3080 ille

2172 3136 2337 3193 simul
2371 3135 2558 3190 divina
2583 3133 2878 3190 dulcedine
2902 3141 2958 3187 et
2985 3130 3251 3186 charitate
3284 3129 3560 3196 dignatur.
3600 3121 3678 3175 ita
3699 3118 3748 3176 is

497 3206 659 3300 σθενῆ
710 3232 790 3304 τῷ
838 3206 1019 3306 ιιᾶτρι
1079 3235 1177 3288 καὶ
1225 3235 1517 3304 ἄνθρωπον
1566 3236 1775 3290 τέλειον
1812 3232 1903 3290 οἶά
1942 3206 2060 3290 τινα

2174 3229 2398 3285 demum
2428 3225 2735 3287 eﬂ'ectricis
2777 3239 3005 3293 operum
3040 3220 3282 3279 virtutis.
3320 3229 3579 3286 tanquam
3610 3230 3750 3282 prse-

498 3320 752 3391 θιμέλιον
805 3326 1023 3396 ἀρραγῆ
1072 3327 1451 3396 προσάλλοιτο,
1505 3329 1602 3381 καὶ
1657 3326 1807 3396 αὐτῷ
1862 3325 2069 3399 ἀρωγῷ

500 3413 841 3482 κεχρημένος
865 3412 1249 3484 προσεύχοιτο,
1300 3414 1437 3483 πρός
1482 3429 1544 3466 τε
1578 3412 1780 3483 πρᾶξιν
1810 3415 1906 3465 καὶ
1931 3412 2072 3466 θεω-

501 3501 625 3571 ρίαν
647 3503 931 3574 εὐθυνοείη
950 3522 964 3536 ο
1007 3504 1036 3557 ὃ
1067 3504 1130 3575 δὴ
1158 3506 1281 3559 τότε
1313 3506 1414 3575 μιν
1438 3505 1598 3569 αὐτὸς
1624 3505 1692 3559 δι’
1723 3505 1922 3559 ἑαυτοῦ
1960 3508 2073 3569 τοῖς

502 3593 653 3655 ἰδίοις
694 3597 720 3647 ό
745 3595 948 3665 Κύριος
994 3593 1194 3665 Ἰησοῦς
1219 3595 1468 3666 ὑπέφηνε
1511 3595 1832 3660 Θιασὼταις,
1865 3596 1991 3665 ἑξῆς
2016 3595 2073 3648 δέ

501 3688 598 3735 καὶ
634 3682 838 3746 πάσαις
889 3684 1011 3747 ταῖς
1060 3684 1170 3737 τῶν
1202 3683 1507 3754 ἀνθρώπων
1568 3686 1784 3753 γενεαῖς
1832 3683 1920 3738 διὰ
1962 3683 2072 3738 τῶν

504 3774 668 3846 ἱερῶν
723 3775 1078 3845 Εύαγγελίων
1136 3778 1230 3831 καὶ
1259 3776 1501 3832 διδάσκει
1540 3778 1636 3830 καὶ
1691 3777 2075 3846 καταγγέλλει,

503 3866 636 3919 Θεὸν
670 3869 766 3921 καὶ
811 3868 1103 3939 ἄνθρωπον
1151 3863 1295 3923 εἶναι
1343 3869 1552 3923 τέλειον
1583 3867 1778 3923 ἑαυτὸν
1815 3868 2078 3939 ἐμφανῶς

507 3960 809 4026 παριστῶν.
842 3960 1014 4014 Τοῦτο
1047 3961 1154 4033 χρὴ
1187 3964 1283 4014 καὶ
1311 3962 1456 4033 ἡμᾶς
1479 3960 1589 4032 πρὸ
1616 3961 1814 4025 παντὸς
1838 3960 2063 4014 ἐνεθοοῦν

507 4066 628 4113 τας,
680 4054 811 4104 Θεόν
837 4070 894 4106 τε
932 4053 1026 4105 καὶ
1073 4053 1278 4125 Κύριον
1328 4053 1616 4123 ὁμολογεῖν
1646 4055 1737 4106 καὶ
1786 4053 2078 4120 ἄνθρωπον
2114 4102 2118 4107 .

510 4144 718 4197 τέλειον
742 4159 755 4175 ·
818 4143 914 4197 καὶ
976 4145 1079 4198 ὑπὸ
1112 4146 1220 4199 τῶν
1258 4147 1450 4199 τούτου
1483 4146 1716 4200 ἐντολῶν
1757 4144 2082 4216 καταρτιζο-

514 4237 730 4306 μένους,
788 4236 1112 4309 ἀνατρέχειν
1169 4239 1305 4308 πρὸς
1357 4239 1458 4308 τὴν
1504 4237 1692 4291 ἔνθεον
1744 4237 1964 4308 ἐκείνην
1995 4255 2082 4291 τε-

508 4327 748 4382 λείωσιν.

2179 3325 2379 3390 mium,
2408 3323 2565 3392 juxta
2604 3320 2891 3390 profectus
2927 3332 3051 3387 pro;
3069 3316 3367 3377 ortionem,
3399 3308 3754 3364 revelationis

2180 3416 2498 3471 divinorum
2531 3412 2922 3483 mysteriorum
2951 3408 3189 3478 percipit
3227 3405 3460 3459 fructus.
3504 3400 3573 3455 Et
3613 3414 3754 3466 quas

2174 3521 2269 3561 res
2318 3521 2386 3560 ne
2438 3504 2637 3559 audire
2683 3502 2907 3572 quidem
2957 3507 3157 3569 potest.
3190 3510 3315 3552 cum
3359 3495 3427 3547 ab
3472 3491 3755 3547 etl'ectrice

2178 3599 2384 3653 virtute
2416 3596 2629 3651 otiosus
2659 3596 2815 3651 abest
2839 3634 2853 3659 ,
2900 3609 3016 3657 eas,
3072 3606 3170 3661 per
3203 3604 3365 3659 opt-ra
3399 3586 3606 3641 aditum
3649 3583 3752 3636 silit

2178 3691 2414 3753 faciens,
2455 3690 2605 3744 clare
2652 3700 2707 3744 et
2761 3687 3047 3741 evidenter
3076 3682 3501 3750 contemplatur.
3542 3677 3605 3729 Et
3635 3689 3758 3743 qua:

2181 3782 2547 3853 intelligendo
2592 3797 2699 3835 non
2738 3779 3059 3842 assequitur
3099 3790 3193 3845 per
3236 3772 3756 3842 interpretatiom-m

2177 3875 2456 3946 exposita,
2487 3876 2555 3929 ab
2579 3888 2810 3944 operum
2833 3870 3115 3927 ell'ectrice
3145 3877 3411 3932 remotus,
3441 3880 3502 3918 ca
3522 3861 3761 3917 citet-tri-

2181 3983 2303 4023 cem
2337 3981 2681 4037 perseqttens
2731 3965 2847 4035 ipse
2887 3978 3049 4035 quam
3087 3961 3295 4031 optime
3338 3960 3757 4024 interpretatur.

2186 4074 2528 4127 composque
2592 4058 2650 4111 fit
2696 4071 2882 4111 rerum
2928 4067 3252 4109 arcanarum
3296 4060 3353 4105 et
3401 4045 3761 4104 ineffabili-rm

2189 4150 2416 4204 omnino
2445 4165 2542 4218 per
2566 4148 3088 4217 contemplationem
3113 4162 3127 4198 :
3152 4160 3215 4198 ac
3242 4143 3557 4198 divinarum
3585 4137 3767 4191 svien-

2194 4240 2389 4294 tiarum
2453 4242 2807 4295 altitudinem
2862 4253 3173 4309 aggressus,
3222 4251 3319 4288 eas
3375 4230 3626 4300 inquirit,
3672 4243 3761 4281 sa-

2198 4332 2528 4401 pientiaeque
2579 4332 2850 4401 profundo
2902 4332 3075 4385 libere
3124 4338 3290 4397 atque
3342 4326 3462 4379 sine
3515 4321 3764 4392 periculo

513 4422 749 4478 innatat.
784 4421 974 4495 itaque
1006 4424 1055 4482 is
1081 4422 1371 4495 parabolas
1411 4433 1466 4479 et
1492 4423 1782 4495 aenigmata
1849 4423 1916 4479 ad
1982 4422 2409 4480 aedificationem
2460 4425 2787 4480 discentium
2841 4425 3034 4478 eodem
3116 4419 3374 4490 proponit
3447 4417 3668 4486 spiritu,
3711 4422 3769 4465 et

512 4518 669 4586 quasi
700 4519 902 4588 gradus
933 4530 988 4575 et
1016 4534 1283 4577 ascensus
1311 4519 1367 4574 in
1401 4520 1571 4576 corde
1599 4520 1708 4577 sibi
1757 4536 1856 4591 per
1929 4523 2133 4575 mentis
2196 4537 2428 4575 acumen
2482 4524 2756 4576 conisu-uit
2797 4536 2815 4574 :
2869 4535 2957 4574 res
3008 4519 3297 4577 obscuras.
3369 4514 3655 4568 abstrusas
3710 4521 3767 4565 et

514 4613 732 4667 abditas
780 4615 1068 4684 sapientiae
1120 4616 1239 4681 Dei,
1290 4625 1482 4671 sancte
1570 4616 1738 4671 simul
1816 4627 1874 4671 et
1957 4617 2188 4686 mystice
2264 4621 2664 4688 contemplans.
2736 4616 2993 4671 Sedenim
3053 4623 3323 4686 praecepta
3385 4622 3439 4667 et
3498 4609 3769 4681 parabolae

514 4706 967 4778 Evangeliorum,
1000 4717 1273 4779 quatenus
1300 4723 1378 4764 ea:
1411 4709 1654 4764 breviter
1683 4711 1792 4766 dici
1826 4709 2080 4781 possunt,
2125 4712 2177 4766 in
2248 4712 2334 4766 his
2396 4728 2518 4781 quae
2546 4711 2976 4782 perstrinximus
3001 4718 3130 4763 sunt
3163 4709 3300 4763 sitae.
3331 4707 3441 4778 93
3470 4705 3770 4759 Etl‘ectores

516 4819 754 4873 namque
786 4820 1016 4875 operum
1064 4813 1230 4874 atque
1281 4805 1772 4874 contemplatores,
1815 4822 2090 4876 verOSque
2130 4808 2511 4878 philosOphos.
2555 4809 2649 4878 qui
2724 4809 3087 4877 apostolicam
3130 4808 3289 4876 plane
3362 4806 3530 4859 vitam
3566 4804 3772 4875 degen-

516 4899 640 4953 dam
664 4898 889 4967 eligant,
912 4898 1024 4952 imo
1046 4896 1241 4952 fratres
1258 4898 1423 4952 etiam
1451 4910 1508 4953 et
1534 4900 1834 4970 participes
1854 4899 2090 4966 Christi,
2131 4918 2226 4957 eos
2258 4904 2349 4971 qui
2414 4904 2571 4972 juxta
2639 4919 2701 4957 ea
2738 4914 3011 4974 praecepta
3042 4903 3108 4956 ad
3136 4902 3534 4972 perfectionem
3562 4904 3772 4971 pertin-

517 5005 671 5064 gunt,
702 4992 972 5048 efliciunt.
1027 4994 1200 5047 Porro
1248 4991 1366 5047 fieri
1400 4991 1658 5061 efﬂcique
1704 5007 1814 5047 non
1866 5003 2068 5062 potest,
2110 5004 2168 5049 ut
2210 4995 2451 5049 hominis
2512 5006 2710 5049 natura
2738 5008 2794 5050 et
2823 5003 3085 5057 tenuitas.
3117 4996 3341 5066 proprio
3380 4994 3595 5050 concita
3649 5011 3772 5048 mo-

519 5096 577 5142 tu
605 5095 661 5141 et
693 5088 746 5141 vi
779 5089 983 5153 nativa,
1011 5087 1097 5141 vel
1129 5085 1197 5140 ad
1226 5085 1621 5155 perfectionem
1650 5086 1952 5140 etfectricis
2017 5087 2240 5143 virtutis
2304 5093 2600 5158 pertingat,
2672 5089 2754 5143 vel
2807 5089 2873 5144 ad
2928 5090 3277 5143 altitudinem
3345 5086 3774 5156 contemplatio-

519 5196 647 5237 num
669 5181 911 5251 aspiret,
942 5180 1046 5234 nisi
1070 5180 1197 5249 quis
1224 5178 1605 5234 intimocorde
1625 5195 1727 5234 suo
1753 5179 2090 5235 Salvatorem
2132 5182 2447 5246 Dominum,
2486 5192 2546 5237 ut
2615 5184 2784 5238 Deum
2824 5184 3152 5254 perlectum,
3190 5194 3354 5252 atque
3422 5181 3610 5235 eadem
3646 5192 3770 5233 cum

519 5275 680 5331 Patre
735 5273 983 5343 potentia
1022 5282 1079 5327 et
1133 5274 1362 5335 virtute,
1396 5271 1766 5342 eumdemque
1816 5274 2094 5329 hominem
2137 5277 2464 5346 perfectum,
2539 5286 2796 5346 tanquam
2865 5278 3142 5347 quoddam
3183 5275 3554 5331 firmissimum
3586 5274 3775 5326 fomla-

523 5383 771 5429 mentum
815 5373 1054 5443 jecerit:
1092 5379 1259 5441 atque
1288 5386 1356 5425 eo
1387 5371 1640 5441 adjutore
1675 5380 1856 5431 utens.
1898 5372 2092 5427 sedulo
2131 5384 2273 5434 oret.
2343 5386 2401 5429 ut
2472 5377 2521 5430 ei
2555 5377 2717 5431 simul
2750 5384 2805 5430 et
2828 5376 3320 5445 operumell‘eetio,
3354 5384 3408 5429 et
3445 5387 3774 5428 arcanorum

521 5467 909 5537 contemplatio
951 5477 1100 5521 recte
1134 5468 1415 5521 succedat.
1451 5464 1613 5531 Quod
1640 5480 1773 5521 sane
1817 5476 1930 5519 tum
1972 5468 2194 5536 quidem
2261 5469 2377 5537 ipse
2444 5487 2542 5539 per
2606 5472 2846 5540 stripsum
2881 5473 3143 5525 Dominus
3162 5470 3322 5524 Jesus
3347 5470 3465 5523 suis
3532 5467 3777 5520 Ostendit

522 5565 939 5619 sectatoribus:
996 5562 1263 5631 deinceps
1308 5577 1441 5616 vero
1493 5572 1550 5616 et
1601 5575 1796 5616 omnes
1844 5564 2091 5617 omnium
2135 5565 2420 5621 hominum
2484 5567 2758 5631 nationes,
2827 5582 2924 5637 per
2952 5582 3108 5621 sacra
3138 5565 3430 5635 Evangelia
3456 5563 3665 5625 docuit,
3696 5566 3779 5615 vi-

524 5662 746 5722 delicet.
800 5662 970 5716 Deum
1015 5676 1075 5716 se
1126 5672 1182 5716 et
1226 5659 1391 5715 simul
1446 5659 1726 5714 hominem
1778 5662 2083 5728 perfectum
2122 5676 2244 5717 esse
2315 5667 2461 5718 clare
2507 5674 2563 5718 et
2607 5665 2819 5720 diserte
2866 5673 3146 5719 astruens.
3217 5661 3274 5716 Id
3312 5674 3415 5716 nos
3460 5674 3684 5730 quoque
3722 5661 3776 5713 in

525 5756 721 5825 primis
750 5755 1195 5819 considerantes,
1247 5751 1418 5808 Deum
1468 5753 1647 5820 ipsum
1718 5762 1777 5807 et
1847 5753 2166 5820 Dominum,
2202 5756 2574 5829 enmdemque
2622 5758 2905 5812 hominem
2960 5758 3266 5827 perfectum
3318 5752 3563 5826 profiteri
3613 5764 3785 5824 oper-4

526 5861 628 5915 tet,
671 5864 727 5907 et
780 5868 876 5923 per
930 5857 1199 5922 praecepta
1251 5849 1373 5921 ejus
1426 5851 1596 5919 probe
1657 5849 1996 5915 instructos,
2069 5851 2135 5907 ad
2178 5853 2421 5909 divinam
2497 5853 2642 5909 illam
2691 5853 3025 5910 contendere
3064 5863 3120 5909 et
3167 5852 3426 5908 anhelare
3488 5852 3779 5911 perfectio-

529 5970 676 6007 IlClll.
