4032 6410
429 374 535 437 ’ῖθθ

1385 348 1995 427 Eccessmsvtca
2038 357 2425 419 ills'l‘ORiJi
2466 358 2611 421 Lm.
2647 359 2693 419 I.

3571 350 3674 413 τιο

433 489 461 537 ό
502 482 689 536 πεσὼν
721 482 785 534 ἐκ
817 478 910 533 τοῦ
948 480 1291 549 παρήκοντος
1336 476 1534 546 σπέρος
1578 475 1658 537 είς
1692 474 1797 542 γῆν
1822 489 1836 504 ο
1886 473 1915 524 ό
1949 471 2004 521 ἐν

2109 486 2269 525 causa
2314 470 2519 525 referre
2580 472 2767 540 Itaque
2803 469 2972 540 prima
3008 468 3149 541 apud
3187 470 3494 523 Μτιιιιιτιειιιη
3529 484 3685 536 para—

434 575 475 627 λ·
509 574 842 645 βλαστήσεις,
878 567 917 634 ξ’
945 588 1003 622 τε
1031 570 1123 621 καὶ
1149 568 1364 621 ἑκατόν.
1388 567 1652 637 Δεύτερος
1686 567 1715 618 ὁ
1742 564 2004 629 ζιζανίοις

434 668 723 736 ἀναφυσὶς,
754 667 849 719 καὶ
874 666 962 719 διὰ
995 663 1153 717 τοῦτο
1191 661 1410 730 φειδοῦς
1449 659 1793 727 ἀξιούμενος.
1829 657 1932 708 Καὶ
1977 655 2005 707 ό

433 760 529 815 τοῦ
564 763 776 822 νάπυος
816 759 1017 820 κόκκος
1070 758 1153 819 είς
1210 754 1427 824 δένδρον
1485 754 1627 821 μέγα
1679 748 2001 819 ὑψούμενος’

435 853 470 923 ἦ
503 868 562 904 τε
591 850 825 920 ἀλεύρου
873 847 1020 917 ζύμη
1070 845 1462 914 παραδυομένη
1502 840 1703 910 τρισίψ
1736 839 1904 907 ἀγρός
1942 851 2003 888 τε

440 941 618 1010 πολλῴ
650 940 858 1011 χρυσίῳ
887 939 1194 1007 ἐωνημένος
1224 937 1319 990 τοῦ
1344 935 1519 988 ἐκεῖσέ
1550 950 1622 1001 πη
1652 930 1812 1001 χάριν
1843 944 2005 980 κατο-

434 1033 792 1106 ρωρυγμένου
831 1030 1058 1101 χρυσοῦο
1118 1030 1212 1082 καὶ
1242 1031 1270 1081 ὁ
1304 1026 1600 1093 πολύτιμος
1630 1019 1999 1090 μαργαρίτης,

424 1126 490 1181 ὃν
520 1129 613 1180 ἐπὶ
645 1124 831 1194 κέρδει
871 1124 1117 1194 ὠνήσατο
1142 1122 1401 1190 ἔμπορος·
1434 1114 1717 1184 πάναγρόν
1740 1129 1798 1165 τε
1824 1114 2001 1162 diona-

430 1218 589 1280 λιέως
619 1218 831 1288 σαγήνῃ
878 1214 1362 1284 περικλειόμενον·
1413 1205 1534 1261 εἶτα
1585 1209 1613 1277 η
1668 1206 1778 1259 τῶν
1810 1202 2002 1255 ἑκατὲν

433 1310 725 1381 προσάτων
757 1308 953 1378 ἀγέλη,
990 1307 1083 1358 καὶ
1108 1306 1168 1359 τὸ
1195 1303 1402 1357 ἐκεῖθεν
1433 1301 1629 1371 πόρρω
1653 1296 1872 1365 γεγονὸς
1918 1293 1999 1357 ἓν,

432 1405 524 1455 καὶ
550 1401 628 1470 τῷ
659 1399 811 1469 καλῷ
842 1398 1063 1466 ποιμένι
1084 1395 1386 1449 ἀνασωθὲψ
1413 1396 1440 1447 ό
1467 1392 1575 1445 τῶν
1600 1389 1809 1458 μυρίων
1829 1403 2003 1456 χρεω-

364 1538 367 1541 λ
431 1490 682 1557 φειλέτης
715 1487 1014 1539 ταλάντων·
1049 1484 1083 1556 ἦ
1138 1500 1201 1551 γε
1235 1481 1342 1535 τῶν
1380 1479 1629 1550 ἐργατῶν
1672 1475 1997 1545 μισθαρνία,

429 1583 489 1634 ὲν
518 1582 688 1649 ἀνίσῳ
739 1580 948 1649 ἰσότητι
1003 1575 1289 1628 δικαιοῦσα
1336 1572 1396 1625 τδ
1446 1570 1638 1623 δοκοῦν
1684 1567 1891 1622 ἄδικον.
1935 1564 1999 1617 Oi

431 1673 598 1727 διττοί
633 1688 692 1725 τε
730 1672 916 1733 παῖδες
946 1666 1367 1739 ἐνηλλαγμένως
1398 1661 1855 1733 διαπραξᾶιμενοι,
1903 1657 1999 1708 τοῦ

435 1762 640 1831 παττδς
697 1760 1026 1829 κεκληκότος
1057 1759 1149 1811 ἐπὶ
1194 1758 1286 1810 τὸν
1334 1756 1463 1808 ἴδιον
1511 1752 1832 1823 ἀμπελῶνα.
1873 1748 1999 1803 Ἐπὶ

434 1854 640 1916 τούτοις
659 1855 708 1906 οἱ
734 1853 984 1907 κάκιστοι
1013 1851 1270 1919 γεωργοὶ,
1298 1848 1456 1917 φόνον
1480 1846 1555 1916 τῷ
1581 1845 1678 1914 υίῴ
1700 1844 1793 1896 τοῦ
1811 1841 2005 1896 δεσπό-
2039 1816 2075 1871 Β

435 1964 529 1999 του
577 1943 1051 2017 ὲγκερασάμενοιο
1093 1943 1188 1994 καὶ
1227 1939 1478 2010 βασιλεὺς
1525 1937 1614 2005 γά,
1645 1953 1739 1997 ους
1789 1934 1866 2001 τῷ
1906 1932 2006 2002 υίῷ

437 2040 752 2101 πολυτελεῖς
788 2036 1049 2107 ἐνεργῶν,
1095 2036 1189 2087 καὶ
1218 2032 1540 2103 δαιτυμόσιν
1585 2032 1648 2082 ἐκ
1684 2028 1775 2081 τοῦ
1820 2026 2006 2096 σχεδδν

438 2133 830 2203 παρευρεθεϊσι
870 2128 1326 2197 συνεστιώμενος
1374 2125 1435 2179 αί
1458 2141 1514 2177 τε
1544 2119 1867 2175 πενταδικαὶ
1895 2118 2006 2170 τῶν

438 2225 718 2295 φρονίμων
748 2225 842 2276 καὶ
872 2220 1076 2292 μωρῶν
1106 2218 1390 2288 παρθένων
1414 2214 1720 2285 λαμπάδες,
1764 2210 2008 2280 ἡμμέναι

432 2334 493 2370 τε
522 2317 616 2371 καὶ
647 2315 1143 2384 ἀποσϐεννύμεναιο
1170 2311 1437 2381 δεσπότης
1463 2308 1629 2379 τέχνῃ
1674 2306 1856 2373 νέμων
1894 2304 2006 2363 τοῖς

436 2411 727 2479 σφετέροις
761 2405 970 2467 δούλοις
998 2406 1065 2459 τὰ
1104 2403 1364 2466 τάλαντα,
1414 2401 1509 2454 καὶ
1549 2399 1754 2465 ποιμὴν
1779 2393 2007 2464 διαιρῶν

434 2501 724 2570 ἐπιστήμῃ
748 2500 815 2552 τὰ
839 2498 1091 2567 πρόϐατα
1115 2497 1176 2546 ἐκ
1196 2494 1384 2562 δεξιῶν
1404 2509 1462 2559 τε
1488 2491 1580 2544 καὶ
1606 2487 1667 2554 ἐξ
1684 2489 2003 2555 εὐωνύμων.

438 2590 656 2653 Ταύτας
694 2590 792 2660 μὲν
822 2593 849 2642 ό
873 2588 1174 2660 Ματθαίοςο
1202 2586 1416 2654 Μάρκῳ
1442 2584 1498 2634 δὲ
1524 2583 1568 2636 δ’
1598 2582 1734 2652 μόνα
1790 2582 1852 2630 ὲκ
1877 2576 2004 2630 τού-

436 2704 545 2740 των
580 2682 816 2754 ὲπῆλθεν
855 2684 1049 2734 εἰπεῖν·
1080 2680 1278 2733 διττῶν
1319 2678 1533 2744 σπόρων
1568 2674 1664 2744 τὴν
1704 2671 1890 2725 ἄνισον
1919 2670 2003 2722 δό-

434 2796 522 2832 σιν
554 2776 652 2847 τῆς
702 2778 983 2846 εἰσφορᾶς·
1030 2775 1124 2826 καὶ
1171 2773 1281 2824 τῶν
1315 2771 1523 2839 ὲκσπᾷν
1563 2767 1630 2820 τὰ
1656 2765 1871 2830 ζιζάνια
1914 2763 2007 2815 τὸν

434 2870 706 2937 δεσπότην
754 2863 1251 2919 ὲκδυσωπούντων*
1287 2861 1346 2912 τό
1400 2877 1457 2911 τε
1504 2858 1598 2912 τοῦ
1635 2859 1837 2917 νάπυος
1886 2855 2006 2907 δέν-

431 2960 579 3030 δρον’
617 2959 711 3011 καὶ
756 2952 799 3024 ᾧ
827 2951 895 3027 ἦν
931 2954 1194 3024 ἀμπελὼν
1242 2949 1579 3021 κληρονόμος
1610 2948 1798 3007 κακῶς
1856 2944 2007 3014 παρὰ

430 3053 542 3107 τῶν
567 3050 768 3105 δούλων
796 3049 992 3103 θανών.
1036 3046 1096 3100 Ὀ
1132 3045 1176 3098 δ’
1207 3043 1275 3098 αὖ
1311 3045 1449 3105 θεῖος
1488 3040 1701 3101 Λουκᾶς
1747 3037 2005 3097 πλείστας

2111 562 2229 617 bula
2256 572 2356 625 est,
2398 579 2606 627 semen,
2661 579 2757 632 pro
2790 575 2857 615 eo
2902 573 3066 630 atque
3111 562 3359 627 decebat,
3394 560 3448 614 in
3482 569 3684 614 terrain

2107 655 2343 717 cadens,
2399 656 2595 724 partim
2656 655 3064 725 trigccuplum,
3127 654 3323 724 partim
3392 669 3686 723 sexageni-

2107 746 2277 814 plum,
2313 758 2475 817 atque
2503 747 2665 802 etiam
2702 750 3021 817 centuplum
3048 734 3381 815 germinans.
3404 746 3682 810 Secunda,

2106 853 2234 904 ager
2264 838 2469 891 zizania
2498 839 2829 907 superinsita
2869 841 3076 894 habens
3111 859 3124 893 :
3158 839 3244 891 cui
3282 839 3353 891 ub
3390 838 3441 891 izl
3472 847 3529 892 ut
3554 854 3681 906 par-

2105 937 2346 990 ceretur,
2399 930 2623 1000 dignum
2666 933 2840 985 visum
2878 943 2983 986 est.
3022 931 3282 1001 Sequitur
3319 931 3527 1000 sinapis
3561 946 3683 1000 gra-

2107 1035 2258 1079 num,
2295 1021 2347 1073 in
2380 1023 2541 1073 altam
2574 1023 2824 1075 arborem
2867 1038 3204 1077 exercscens.
3239 1022 3299 1076 Et
3356 1022 3541 1075 l'urintn
3574 1021 3683 1075 fer-

2106 1120 2370 1175 mentum,
2415 1113 2590 1168 tribus
2625 1116 2754 1168 satis
2803 1124 3113 1182 exceptum.
3148 1113 3278 1167 ltem
3331 1113 3503 1167 multo
3541 1127 3678 1166 auro

2105 1213 2450 1271 comparatus
2479 1219 2627 1273 ager,
2681 1213 2903 1273 propter
2944 1205 3219 1258 defossum
3271 1205 3344 1258 ibi
3394 1204 3513 1258 auri
3561 1205 3680 1258 the-

2104 1310 2348 1352 saurum.
2378 1297 2621 1351 Pretiosa
2671 1298 2799 1352 item
2854 1299 2944 1352 illa
2983 1299 3310 1368 margarita,
3341 1315 3504 1368 quant
3542 1299 3681 1353 lucri

2103 1404 2264 1444 causa
2318 1400 2590 1445 mercator
2639 1391 2792 1446 emit.
2828 1394 3093 1449 Praeterea
3154 1409 3316 1447 omne
3372 1408 3545 1462 genus
3599 1393 3682 1461 pi-

2101 1484 2297 1545 scium,
2323 1496 2516 1552 sagena
2551 1484 2832 1552 piscatoris
2862 1486 3200 1538 conclusum.
3235 1485 3427 1538 Postea
3459 1492 3679 1536 centum

2103 1573 2194 1627 ille
2255 1575 2436 1627 ovium
2470 1589 2596 1643 grex
2634 1583 2734 1627 :et
2764 1574 2883 1628 ovis
2935 1590 3062 1638 una,
3120 1590 3237 1644 qua:
3291 1574 3507 1643 longius
3554 1572 3682 1627 inde

2106 1664 2387 1729 aberrans,
2418 1666 2559 1720 bono
2592 1667 2793 1735 pastori
2839 1676 3049 1720 servata
3082 1677 3182 1720 est.
3217 1665 3411 1718 Decem
3446 1664 3679 1717 millium

2106 1759 2320 1815 debitor
2349 1760 2696 1815 talentorum.
2728 1759 3031 1829 Operarum
3074 1758 3325 1812 mercede
3357 1757 3678 1821 conductio,

2109 1852 2163 1906 in
2199 1852 2447 1921 inaequali
2472 1852 2783 1921 aequalitate
2803 1853 2868 1906 ad
2894 1851 3205 1921 :equitatem
3231 1850 3509 1905 deducens
3531 1849 3678 1919 quod

2094 1930 2397 2000 'videbatur
2421 1945 2692 2013 iniquum.
2735 1945 2849 1998 Duo
2880 1944 2995 2009 ﬁlii,
3031 1944 3123 2013 qui
3160 1958 3188 1997 a
3218 1952 3369 2012 patre
3397 1943 3597 2007 vocati,
3623 1948 3680 1996 et

2109 2035 2164 2088 in
2197 2036 2407 2088 vineam
2436 2049 2588 2089 suam
2631 2033 2804 2096 missi,
2832 2032 3023 2087 ordine
3051 2033 3268 2086 inverso
3284 2046 3422 2099 opus
3447 2030 3674 2084 faciunt.

2108 2127 2203 2181 llis
2241 2125 2544 2181 succedunt
2596 2122 2815 2195 pessimi
2872 2123 3146 2194 agricolae,
3202 2123 3296 2192 qui
3354 2123 3514 2177 herili
3567 2121 3679 2175 filio

2109 2239 2296 2278 necem
2331 2230 2612 2278 crearunt.
2644 2221 2875 2290 Insuper
2925 2235 3016 2275 rex
3068 2219 3382 2289 magniﬁcas
3419 2219 3529 2273 filio
3576 2235 3681 2274 ιιιι-

2108 2314 2249 2383 ptias
2273 2321 2514 2376 struens,
2545 2320 2600 2367 et
2631 2324 2754 2365 cum
2804 2311 3047 2366 convivis
3078 2327 3143 2365 ex
3177 2320 3420 2378 tempore
3445 2311 3679 2379 conqui-

2106 2408 2226 2460 sitis
2251 2404 2559 2460 convivium
2591 2403 2895 2458 celebrans.
2914 2403 3045 2458 Item
3065 2404 3242 2472 quina:
3255 2412 3311 2457 et
3328 2403 3676 2472 prudentium

2107 2509 2161 2555 et
2193 2501 2463 2553 fatuarum
2495 2497 2762 2566 virginum
2808 2496 3108 2565 lampades,
3139 2497 3222 2552 vel
3269 2498 3558 2563 ardentes,
3594 2499 3678 2551 ιιι-ι

2106 2591 2408 2646 exstincta}.
2443 2588 2844 2643 Paterfamilias
2886 2588 3188 2659 prudenter
3236 2589 3414 2643 servis
3451 2588 3567 2642 suis
3598 2598 3679 2641 ta-

2108 2680 2257 2735 lenta
2278 2679 2551 2735 dividens.
2582 2678 2650 2733 Et
2690 2688 2875 2745 pastor
2901 2679 3202 2748 prudenter
3249 2695 3380 2732 oves
3423 2678 3489 2732 ad
3542 2678 3678 2731 dev-

2110 2781 2246 2824 tram
2281 2782 2334 2826 ct
2378 2771 2656 2826 sinistram
2693 2786 3004 2841 segregans.
3040 2772 3102 2824 Et
3153 2771 3249 2825 has
3297 2771 3515 2841 quidem
3546 2770 3682 2826 Mat-

2110 2864 2283 2917 thazus
2338 2863 2522 2917 habet.
2556 2863 2735 2916 Marco
2771 2879 2900 2918 vero
2930 2872 3166 2931 quatuor
3220 2872 3427 2917 tantum
3477 2878 3543 2917 ex
3594 2864 3681 2919 his

2110 2957 2310 3012 referre
2341 2958 2396 3012 in
2429 2967 2669 3011 mentem
2708 2960 2876 3013 venit.
2939 2957 3261 3027 inaequalem
3298 2957 3505 3011 scilicet
3539 2958 3683 3013 redi-

2111 3059 2222 3103 tum
2257 3049 2492 3116 duplicis
2538 3050 2811 3104 seminis:
2845 3058 2901 3104 et
2944 3065 3039 3105 eos
3090 3053 3184 3120 qui
3231 3048 3680 3120 patremfamilias

431 3145 538 3214 μὲν
574 3143 907 3214 συγγράξεειο
944 3141 1042 3191 σὺν
1068 3138 1259 3198 ἄλλαις
1290 3137 1345 3188 δὲ
1378 3134 1470 3186 καὶ
1505 3130 1705 3190 ταύτας
1731 3130 2001 3197 ἐκτίθησι.

2108 3140 2388 3195 suadendo
2407 3150 2584 3206 orant,
2609 3151 2668 3194 ut
2698 3142 2903 3196 zizania
2926 3142 3162 3196 evellere
3186 3142 3497 3211 permittat;
3524 3143 3679 3195 siua-

436 3237 684 3310 Πρῷτυν,
714 3233 772 3297 ὃς
809 3229 955 3285 οἷκον
989 3230 1083 3284 ἐπὶ
1124 3229 1333 3296 πέτρας
1376 3226 1592 3295 ἐρείδει,
1637 3222 1732 3275 καὶ
1775 3221 1874 3273 οὐκ
1914 3220 2005 3310 ἐπὶ

431 3330 662 3400 ψάμμου
700 3329 937 3397 πήγνισι
968 3324 1038 3376 τὰ
1070 3322 1321 3391 θεμέλιαο
1348 3323 1374 3373 ό
1402 3318 1572 3372 πολλά
1598 3334 1655 3370 τε
1696 3314 1884 3368 παθὼν
1919 3309 2003 3376 εὖ,

433 3417 527 3471 καὶ
554 3416 775 3485 ἀφεθιὶς
806 3412 1030 3484 μείζονα
1061 3411 1136 3481 τῷ
1158 3411 1417 3480 δεσπότῃ·
1451 3407 1603 3460 ἔνθεν
1644 3408 1738 3460 καὶ
1773 3405 2004 3473 ὀφείλων

432 3508 603 3562 πλείω
632 3506 806 3575 φιλεῖν
828 3519 841 3533 ⁸
875 3506 903 3559 ὃ
933 3521 991 3556 τε
1028 3501 1344 3572 περιπεσὼν
1385 3501 1496 3560 τοῖς
1530 3498 1755 3569 λῃσταῖς
1798 3496 2004 3566 ὁδίτης,

430 3605 526 3656 καὶ
557 3600 632 3671 τῷ
662 3600 981 3669 Σαμαρείτῃ
1031 3598 1101 3648 τά
1140 3594 1242 3663 τῆς
1281 3584 2004 3661 ἐπιμελείαςκτησάμενος.

434 3693 575 3759 Πρὸς
607 3690 663 3743 δὲ
693 3693 722 3744 ὁ
758 3689 991 3760 ἀκαιρία
1020 3688 1121 3757 μὲν
1149 3687 1346 3746 νυκτὸς
1379 3681 1642 3752 προσιὼν,
1672 3682 1768 3735 καὶ
1799 3685 1865 3752 τῇ
1912 3682 2006 3754 βίᾳ

430 3784 747 3856 λαμϐάνων·
795 3784 978 3852 πατήρ
1014 3796 1072 3832 τε
1109 3776 1420 3849 βιαζομένῳ
1451 3776 1602 3829 παιδὶ
1660 3777 1732 3845 μὴ
1790 3774 2007 3845 πονηρὰ

432 3879 637 3946 νέμων,
689 3876 836 3930 λίθον
886 3875 1089 3944 δηλαδὴ
1155 3874 1249 3924 καὶ
1306 3870 1607 3940 σκορπίον·
1661 3867 1898 3935 πονηρόν
1942 3882 2003 3918 τε

435 3971 651 4043 πνεῦμα
681 3972 740 4024 τὸ
769 3970 1162 4041 σεσαρωμένην
1189 3967 1288 4036 τὴν
1319 3964 1501 4038 οἰκίαν
1525 3962 1706 4033 εὐρὺν,
1748 3961 1844 4014 καὶ
1876 3959 2005 4029 μεθ’

434 4067 636 4136 ἑτέρων
666 4062 710 4129 ζ’
735 4063 1258 4130 ὲπεισοικιζόμενον,
1283 4058 1380 4110 καὶ
1409 4056 1628 4127 χείρονα
1657 4054 1765 4108 τῶν
1802 4056 1999 4124 προτέ-

440 4172 547 4225 ρων
575 4155 1064 4227 διαπραττόμενον.
1096 4151 1299 4205 Σκόπει
1334 4148 1391 4202 δὲ
1435 4148 1528 4201 καὶ
1576 4146 1668 4200 τὸν
1706 4144 1893 4199 δοῦλον
1939 4145 2004 4197 ἐκ

434 4247 612 4316 γάμου
665 4246 758 4297 τὸν
810 4241 1077 4311 δεσπότην
1125 4241 1477 4311 ἐπανήκοντα
1528 4235 2000 4305 προσδεχόμενον

432 4338 526 4388 καὶ
562 4335 735 4404 συκῆν
766 4333 970 4403 κόπρον
1005 4330 1378 4402 προσιεμένην
1416 4328 1473 4391 ὲς
1492 4327 1676 4396 τρίτον
1698 4325 1845 4390 ἔτος,
1869 4340 2006 4394 καρ-

435 4429 541 4483 ποῦ
564 4427 619 4481 δὲ
651 4428 908 4497 στερήσει
961 4422 1376 4491 ἔκκοπτομένην
1399 4420 1478 4489 τῷ
1504 4418 1758 4489 γεωργῷ.
1803 4418 2004 4487 Ἀλλην

430 4515 591 4580 αὖθις
632 4519 804 4585 συκῆν
862 4512 1114 4583 ἀκαρπίᾳ⁵
1163 4509 1580 4581 ξηραινομένην.
1638 4506 1888 4577 Σαροῦσά
1942 4523 2001 4559 τε

430 4611 530 4681 τὴν
555 4609 734 4662 οίκίαν
764 4609 924 4677 γυνὴ,
960 4604 1054 4659 καὶ
1084 4607 1149 4674 τῇ
1170 4605 1283 4673 ’τῆς
1323 4601 1576 4673 δραχμῆς
1625 4601 1860 4670 εὑρέσει,
1904 4598 2004 4661 τὰς

432 4704 756 4773 ἐγγειτόνων
779 4701 1041 4766 καλοῦσα,
1066 4702 1160 4752 καὶ
1192 4696 1489 4767 ὑπερφυῶς
1518 4695 1803 4766 χαίρουσα.
1833 4692 2007 4743 ’Δσωο

431 4798 518 4860 τός
546 4813 606 4851 τε
636 4796 809 4865 πατρὶ
840 4792 1118 4863 συμπαθεῖ
1158 4789 1425 4860 προσιὼν,
1459 4789 1555 4840 καὶ⁵
1600 4786 1699 4855 τῆς
1728 4785 2000 4854 πατρικῆς

432 4886 704 4949 υἱοθεσίας
732 4886 886 4956 παρὰ
911 4883 1070 4951 δόξαν
1116 4879 1546 4949 καταξιούμενος
1570 4895 1584 4910 ·
1629 4878 1912 4948 οἰκονόμος
1944 4892 2002 4930 τε

431 4980 532 5052 τῆς
561 4980 735 5050 καλῆς
769 4977 984 5042 ἀδικίας
1038 4980 1104 5030 ὲκ
1161 4972 1504 5045 προμηθείας
1535 4971 1703 5047 ἄλλην
1746 4972 1905 5042 χάριν
1937 4971 2004 5024 ἐκ

429 5073 540 5129 τῶν
586 5073 763 5144 χρεῶν
798 5069 1200 5142 ὑφαιρούμενος
1228 5084 1243 5099 ο
1277 5067 1371 5122 καὶ
1422 5067 1593 5139 πένης
1638 5065 1888 5135 Λάζαρος
1918 5063 2005 5117 ἓλ-

429 5183 550 5221 κεσι
585 5165 786 5236 βρύων,
815 5163 915 5216 καὶ
942 5159 1279 5231 ἀσυμπαθὴς
1308 5156 1564 5222 πλούσιος
1588 5160 1646 5211 ἐν
1675 5158 1816 5226 μέσῃ
1841 5156 2004 5224 φλογὶ

427 5261 527 5329 τῆς
566 5256 801 5326 καμίνου
825 5254 1017 5325 δρόσον
1044 5254 1230 5306 αἰτῶν.
1277 5250 1404 5306 Ἐπὶ
1443 5249 1654 5311 τούτοις
1687 5250 1787 5302 καὶ
1835 5246 2000 5300 τελῶ·

429 5368 544 5421 νης,
575 5349 797 5403 τύπτων
829 5347 928 5416 μὲν
972 5347 1031 5398 τὸ
1076 5347 1271 5416 στῆθος
1304 5343 1763 5411 τεταπεινωμένῳ
1793 5341 2002 5410 φρονή-

432 5458 585 5512 ματι,
637 5441 733 5493 καὶ
779 5439 1044 5508 οὐρανοὺς
1091 5437 1363 5503 ἀνοίγων
1408 5435 1703 5504 Φαρισαῖος
1747 5433 1803 5484 δὲ
1846 5430 2002 5502 τύφῳ

428 5535 571 5605 κενῷ
604 5531 681 5604 τῷ
712 5529 979 5602 ὑψοῦσθαι
1009 5529 1222 5583 πίπτων
1252 5529 1428 5598 χαμαί
1452 5544 1465 5557 ’
1518 5516 1614 5581 καὶ
1647 5529 1673 5578 ὁ
1705 5526 1816 5578 τῶν
1853 5525 2002 5595 μνῶν

432 5629 723 5698 μερισμὸς,
763 5626 874 5686 τοῖς
902 5623 1036 5675 δέκα
1066 5620 1275 5682 δούλοις
1314 5620 1727 5689 διανεμόμενος.
1771 5617 1914 5670 Ἀλλ’
1946 5619 2002 5671 ὲν

427 5720 636 5782 τούτοις
664 5719 775 5788 -μὲν
830 5716 924 5771 καὶ
959 5718 1014 5769 αί
1071 5711 1378 5785 παραδολαί
1405 5726 1418 5740 ·
1456 5711 1577 5778 μεθ’
1605 5705 1681 5765 ὧν
1730 5712 1825 5764 καί
1877 5729 2003 5763 τινα

434 5810 597 5881 ’ἕτερα
622 5806 1032 5879 αἰνιγματωδῶς
1052 5802 1386 5875 παρέπλεξε,
1413 5804 1512 5873 τήν
1546 5819 1603 5856 τε
1642 5802 1879 5857 παλαιὰν
1909 5804 2003 5857 καὶ

2110 3233 2192 3300 pis
2222 3232 2496 3298 arborem,
2540 3240 2597 3287 et
2628 3233 2802 3288 vineae
2855 3233 3127 3289 haeredem
3180 3234 3414 3302 pessime
3443 3250 3472 3287 a
3506 3236 3682 3289 servis

2108 3340 2330 3382 cursum.
2369 3325 2521 3395 ιο]
2561 3325 2738 3380 Lucas
2779 3341 2944 3395 porro
2991 3326 3210 3381 divinus
3248 3327 3509 3395 plurimas
3547 3342 3681 3381 con-

2106 3416 2246 3485 gerit
2279 3432 2294 3467 :
2324 3423 2381 3468 et
2428 3415 2570 3469 inter
2613 3416 2848 3485 reliquas
2907 3415 3005 3470 bas
3034 3430 3250 3485 quoque
3278 3415 3525 3484 exponit.
3564 3416 3682 3470 Pri-

2108 3523 2278 3574 mutu,
2328 3508 2397 3561 de
2443 3524 2509 3561 eo
2547 3507 2640 3576 qui
2690 3509 2911 3562 domum
2963 3523 3129 3577 super
3187 3518 3397 3576 petram
3448 3509 3681 3561 firmiter

2107 3598 2397 3663 construit,
2434 3608 2488 3651 et
2536 3613 2643 3651 non
2687 3597 2740 3651 in
2791 3612 2958 3653 arena
3008 3597 3358 3652 fundamenta
3406 3598 3559 3668 jacit.
3606 3600 3679 3653 De

2109 3704 2174 3743 eo
2202 3689 2292 3758 qui
2320 3704 2348 3741 a
2379 3687 2602 3742 domino
2624 3703 2722 3756 per
2745 3688 3050 3757 grandioris
3076 3688 3245 3743 debiti
3300 3690 3675 3743 remissionem

2108 3798 2304 3851 magno
2338 3782 2569 3838 aﬁectus
2594 3792 2683 3837 est
2728 3780 3019 3845 beneﬁcio,
3053 3782 3198 3837 unde
3228 3797 3294 3837 eo
3343 3782 3465 3851 plus
3512 3792 3679 3851 atque

2105 3873 2490 3928 vehementius
2523 3887 2646 3927 eum
2677 3887 2862 3926 amare
2902 3872 3178 3927 debuerit.
3234 3873 3440 3929 Deinde
3479 3872 3676 3936 viator,

2107 3966 2200 4036 qui
2248 3968 2300 4019 in
2336 3967 2621 4035 praedones
2658 3964 2870 4025 incidit.
2900 3975 2956 4019 et
2989 3981 3020 4020 a
3068 3964 3412 4021 Samaritano
3456 3977 3681 4020 curatu-

2107 4075 2221 4113 ram
2253 4058 2512 4114 obtinuit.
2549 4058 2629 4113 Ad
2661 4058 2776 4113 lucc
2834 4058 2880 4114 is
2907 4058 3000 4128 qui
3050 4061 3371 4128 intempesta
3398 4068 3556 4114 nocte
3584 4074 3678 4115 ac-

2107 4151 2273 4217 cedit,
2304 4162 2359 4205 et
2392 4150 2822 4220 importunitate,
2864 4150 3009 4219 quod
3040 4153 3197 4219 petit,
3232 4153 3503 4220 impetrat.
3544 4154 3676 4206 Item

2106 4251 2261 4313 pater
2289 4258 2458 4312 puero
2492 4242 2729 4312 cogenti,
2781 4256 2890 4295 non
2955 4258 3041 4297 res
3089 4243 3289 4304 malas,
3328 4252 3387 4297 ut
3441 4245 3677 4312 lapidem

2106 4343 2201 4388 aut
2230 4336 2601 4403 scorpionem.
2646 4335 2913 4389 tribuens.
2951 4333 3220 4389 Praeterea
3259 4337 3487 4398 Spiritus
3518 4336 3677 4389 mali-

2109 4442 2250 4495 gnus
2278 4426 2505 4481 domum
2529 4428 2710 4496 scopis
2732 4435 3014 4496 purgatam
3049 4425 3350 4486 inveniens,
3378 4434 3435 4480 et
3472 4425 3526 4479 iu
3551 4441 3675 4480 eam

2108 4533 2233 4572 eum
2267 4517 2389 4571 aliis
2439 4529 2648 4587 septem
2698 4518 3038 4586 immigrans,
3100 4517 3488 4585 prioribusque
3527 4515 3680 4570 dete-

2107 4609 2250 4662 riora
2275 4607 2500 4662 faciens.
2541 4607 2786 4665 Observa
2818 4608 2951 4662 mihi
2986 4618 3040 4661 et
3072 4624 3312 4673 servum,
3342 4610 3435 4678 qui
3471 4624 3537 4663 ex
3569 4626 3676 4662 nu-

2106 4701 2234 4770 ptiis
2273 4701 2553 4755 dominmn
2591 4690 3240 4771 redeuntem‘exspcciat.
3275 4701 3388 4757 Nec
3419 4705 3599 4756 minus
3622 4711 3680 4757 et

2107 4792 2289 4854 ficum,
2317 4808 2437 4860 qua:
2474 4793 2693 4846 tertium
2726 4793 2835 4863 jam
2856 4809 3057 4847 annum
3087 4797 3538 4848 stercorationem
3578 4794 3678 4846 ad-

2107 4886 2331 4938 miserat
2368 4901 2381 4939 :
2414 4886 2560 4953 quod
2623 4898 2805 4941 autem
2869 4889 3104 4943 fruetum
3157 4903 3263 4941 non
3334 4888 3554 4951 tulerit,
3610 4888 3680 4941 ab

2106 4978 2342 5047 agricola
2370 4978 2551 5031 excisa
2580 4979 2670 5032 sit.
2694 4979 2932 5032 Alteram
2962 4981 3091 5034 item
3131 4979 3292 5034 licunt
3317 4996 3436 5050 qua:
3460 4991 3683 5050 prepter

2105 5069 2453 5123 sterilitatem
2486 5070 2722 5123 arefacta
2762 5079 2865 5123 est.
2902 5069 3130 5138 Insuper
3171 5070 3455 5124 mulierem
3501 5072 3682 5137 scapis

2106 5163 2328 5217 domum
2385 5173 2732 5232 purgantem,
2785 5170 2841 5216 et
2870 5161 2953 5230 ,οὺ
2987 5162 3262 5216 drachma:
3306 5162 3680 5216 inventionem

2104 5253 2316 5308 vicinas
2342 5264 2654 5314 vocantem,
2699 5255 3066 5325 majorrmque
3105 5256 3158 5308 in
3192 5255 3414 5308 modum
3436 5255 3683 5324 gauden-

2111 5355 2240 5398 tem.
2272 5345 2369 5398 Est
2413 5358 2675 5415 praeterea
2730 5347 2857 5399 luxu
2886 5348 3131 5415 perddus
3173 5346 3316 5401 filius
3345 5387 3359 5411 ,
3391 5345 3684 5401 commise-

2106 5447 2316 5492 rantem
2366 5448 2576 5507 patrem
2624 5440 2962 5506 tonqilcxus,
3006 5437 3467 5508 adoptioncmque
3505 5449 3685 5507 pater-

2106 5541 2232 5580 nam
2283 5539 2481 5595 praner
2527 5541 2679 5595 spem
2719 5536 2776 5579 et
2834 5522 3149 5592 opinionem
3192 5530 3540 5579 consecutus.
3571 5520 3689 5577 Dis-

2106 5628 2361 5686 pensator
2421 5618 2552 5671 item
2619 5618 2775 5671 home
2830 5616 3169 5684 laudatasque
3210 5614 3548 5688 iniquitatis,
3586 5614 3683 5681 qui

2107 5711 2374 5781 singulari
2430 5709 2769 5779 providaque
2821 5707 3044 5761 solertia
3092 5706 3256 5760 aliam
3311 5704 3538 5774 gratiam
3571 5700 3682 5757 sibi

2113 5820 2177 5859 ex
2214 5801 2414 5859 debitis
2462 5801 2715 5872 pecuniis
2751 5798 2988 5870 paravit.
3020 5796 3234 5868 Pauper
3272 5808 3489 5866 quoque
3520 5792 3688 5849 Laza-
