  <div class='ocr_page' id='page_1' title='image "/cluster/home/n/w/nwhite01/storage/ocr_20150623/145:no.1/coo.31924054870500/365.png"; bbox 0 0 4032 6476; ppageno 0'>
   <div class='ocr_carea' id='block_1_1' title="bbox 423 461 531 531">
    <p class='ocr_par' dir='ltr' id='par_1_1' title="bbox 423 461 531 531">
     <span class='ocr_line' id='line_1_1' title="bbox 423 461 531 531; baseline -0.037 0"><span class='ocrx_word' id='word_1_1' title='bbox 423 461 531 531; x_wconf 80' lang='grc' dir='ltr'><strong>’ἱιὸ</strong></span> 
     </span>
    </p>
   </div>
   <div class='ocr_carea' id='block_1_2' title="bbox 955 571 1466 645">
    <p class='ocr_par' dir='ltr' id='par_1_2' title="bbox 955 571 1466 645">
     <span class='ocr_line' id='line_1_2' title="bbox 955 571 1466 645; baseline -0.002 -17"><span class='ocrx_word' id='word_1_2' title='bbox 955 571 1466 645; x_wconf 63' lang='grc' dir='ltr'><strong>οΑνυτ,ΧΧνυι</strong></span> 
     </span>
    </p>
   </div>
   <div class='ocr_carea' id='block_1_3' title="bbox 426 709 2002 791">
    <p class='ocr_par' dir='ltr' id='par_1_3' title="bbox 426 709 2002 791">
     <span class='ocr_line' id='line_1_3' title="bbox 426 709 2002 791; baseline 0.001 -26"><span class='ocrx_word' id='word_1_3' title='bbox 426 710 505 765; x_wconf 78' lang='lat' dir='ltr'><strong>De</strong></span> <span class='ocrx_word' id='word_1_4' title='bbox 545 710 765 782; x_wconf 73' lang='lat' dir='ltr'><strong>mystica</strong></span> <span class='ocrx_word' id='word_1_5' title='bbox 800 725 966 773; x_wconf 72' lang='lat' dir='ltr'><strong>anna,</strong></span> <span class='ocrx_word' id='word_1_6' title='bbox 1000 709 1062 761; x_wconf 82' lang='lat' dir='ltr'><strong>de</strong></span> <span class='ocrx_word' id='word_1_7' title='bbox 1091 726 1247 791; x_wconf 67' lang='lat' dir='ltr'><strong>sacra</strong></span> <span class='ocrx_word' id='word_1_8' title='bbox 1288 709 1446 778; x_wconf 81' lang='lat' dir='ltr'><strong>pelvi,</strong></span> <span class='ocrx_word' id='word_1_9' title='bbox 1479 722 1529 765; x_wconf 85' lang='lat' dir='ltr'><strong>ct</strong></span> <span class='ocrx_word' id='word_1_10' title='bbox 1570 711 1630 766; x_wconf 84' lang='lat' dir='ltr'><strong>de</strong></span> <span class='ocrx_word' id='word_1_11' title='bbox 1657 709 1850 768; x_wconf 80' lang='lat' dir='ltr'><strong>Christi</strong></span> <span class='ocrx_word' id='word_1_12' title='bbox 1880 728 2002 782; x_wconf 74' lang='lat' dir='ltr'><strong>pre-</strong></span> 
     </span>
    </p>
   </div>
   <div class='ocr_carea' id='block_1_4' title="bbox 1110 791 1337 836">
    <p class='ocr_par' dir='ltr' id='par_1_4' title="bbox 1110 791 1337 836">
     <span class='ocr_line' id='line_1_4' title="bbox 1110 791 1337 836; baseline 0.013 -4"><span class='ocrx_word' id='word_1_13' title='bbox 1110 791 1337 836; x_wconf 79' lang='lat' dir='ltr'><strong>cattane.</strong></span> 
     </span>
    </p>
   </div>
   <div class='ocr_carea' id='block_1_5' title="bbox 497 914 2003 984">
    <p class='ocr_par' dir='ltr' id='par_1_5' title="bbox 497 914 2003 984">
     <span class='ocr_line' id='line_1_5' title="bbox 497 914 2003 984; baseline 0.002 -14"><span class='ocrx_word' id='word_1_14' title='bbox 497 915 611 971; x_wconf 89' lang='lat' dir='ltr'><strong>Sub</strong></span> <span class='ocrx_word' id='word_1_15' title='bbox 640 915 754 969; x_wconf 59' lang='lat' dir='ltr'><strong>haec</strong></span> <span class='ocrx_word' id='word_1_16' title='bbox 781 928 935 968; x_wconf 76' lang='lat' dir='ltr'><strong>cmna</strong></span> <span class='ocrx_word' id='word_1_17' title='bbox 961 925 1185 984; x_wconf 90' lang='lat' dir='ltr'><strong>paratur</strong></span> <span class='ocrx_word' id='word_1_18' title='bbox 1229 914 1282 970; x_wconf 92' lang='lat' dir='ltr'><strong>in</strong></span> <span class='ocrx_word' id='word_1_19' title='bbox 1318 914 1501 982; x_wconf 89' lang='lat' dir='ltr'><strong>domo,</strong></span> <span class='ocrx_word' id='word_1_20' title='bbox 1528 925 1589 971; x_wconf 91' lang='lat' dir='ltr'><strong>ut</strong></span> <span class='ocrx_word' id='word_1_21' title='bbox 1627 916 1802 984; x_wconf 88' lang='lat' dir='ltr'><strong>aiunt,</strong></span> <span class='ocrx_word' id='word_1_22' title='bbox 1833 918 2003 974; x_wconf 76' lang='lat' dir='ltr'><strong>Joan-</strong></span> 
     </span>
    </p>
   </div>
   <div class='ocr_carea' id='block_1_6' title="bbox 425 1005 2002 1074">
    <p class='ocr_par' dir='ltr' id='par_1_6' title="bbox 425 1005 2002 1074">
     <span class='ocr_line' id='line_1_6' title="bbox 425 1005 2002 1074; baseline 0.001 -15"><span class='ocrx_word' id='word_1_23' title='bbox 425 1007 511 1059; x_wconf 87' lang='lat' dir='ltr'><strong>nis</strong></span> <span class='ocrx_word' id='word_1_24' title='bbox 537 1005 894 1074; x_wconf 72' lang='lat' dir='ltr'><strong>Evangelista:</strong></span> <span class='ocrx_word' id='word_1_25' title='bbox 927 1022 941 1059; x_wconf 92' lang='lat'>:</span> <span class='ocrx_word' id='word_1_26' title='bbox 976 1019 1138 1074; x_wconf 89' lang='lat' dir='ltr'><strong>quam</strong></span> <span class='ocrx_word' id='word_1_27' title='bbox 1187 1005 1299 1067; x_wconf 89' lang='lat' dir='ltr'><strong>ille,</strong></span> <span class='ocrx_word' id='word_1_28' title='bbox 1345 1007 1688 1074; x_wconf 82' lang='lat' dir='ltr'><strong>possessione</strong></span> <span class='ocrx_word' id='word_1_29' title='bbox 1724 1023 1820 1060; x_wconf 88' lang='lat' dir='ltr'><strong>sua</strong></span> <span class='ocrx_word' id='word_1_30' title='bbox 1867 1009 2002 1074; x_wconf 89' lang='lat' dir='ltr'><strong>(non</strong></span> 
     </span>
    </p>
   </div>
   <div class='ocr_carea' id='block_1_7' title="bbox 423 1096 2001 1168">
    <p class='ocr_par' dir='ltr' id='par_1_7' title="bbox 423 1096 2001 1168">
     <span class='ocr_line' id='line_1_7' title="bbox 423 1096 2001 1168; baseline -0.004 -14"><span class='ocrx_word' id='word_1_31' title='bbox 423 1099 618 1168; x_wconf 70' lang='lat' dir='ltr'><strong>exigua</strong></span> <span class='ocrx_word' id='word_1_32' title='bbox 669 1103 852 1150; x_wconf 78' lang='lat' dir='ltr'><strong>autem</strong></span> <span class='ocrx_word' id='word_1_33' title='bbox 881 1111 944 1151; x_wconf 82' lang='lat' dir='ltr'><strong>ca</strong></span> <span class='ocrx_word' id='word_1_34' title='bbox 989 1097 1114 1164; x_wconf 81' lang='lat' dir='ltr'><strong>fuit)</strong></span> <span class='ocrx_word' id='word_1_35' title='bbox 1146 1099 1200 1149; x_wconf 91' lang='lat' dir='ltr'><strong>in</strong></span> <span class='ocrx_word' id='word_1_36' title='bbox 1224 1096 1444 1152; x_wconf 65' lang='lat' dir='ltr'><strong>Galilzra</strong></span> <span class='ocrx_word' id='word_1_37' title='bbox 1485 1098 1675 1160; x_wconf 61' lang='lat' dir='ltr'><strong>Aunte,</strong></span> <span class='ocrx_word' id='word_1_38' title='bbox 1705 1097 1828 1165; x_wconf 85' lang='lat' dir='ltr'><strong>ejus</strong></span> <span class='ocrx_word' id='word_1_39' title='bbox 1861 1107 2001 1152; x_wconf 84' lang='lat' dir='ltr'><strong>tem-</strong></span> 
     </span>
    </p>
   </div>
   <div class='ocr_carea' id='block_1_8' title="bbox 424 1189 2003 1260">
    <p class='ocr_par' dir='ltr' id='par_1_8' title="bbox 424 1189 2003 1260">
     <span class='ocr_line' id='line_1_8' title="bbox 424 1189 2003 1260; baseline 0.001 -20"><span class='ocrx_word' id='word_1_40' title='bbox 424 1193 573 1260; x_wconf 79' lang='lat' dir='ltr'><strong>poris</strong></span> <span class='ocrx_word' id='word_1_41' title='bbox 621 1190 822 1244; x_wconf 61' lang='lat' dir='ltr'><strong>ludam</strong></span> <span class='ocrx_word' id='word_1_42' title='bbox 856 1189 1101 1259; x_wconf 84' lang='lat' dir='ltr'><strong>pontiﬁci</strong></span> <span class='ocrx_word' id='word_1_43' title='bbox 1134 1189 1358 1244; x_wconf 86' lang='lat' dir='ltr'><strong>vendita</strong></span> <span class='ocrx_word' id='word_1_44' title='bbox 1405 1189 1587 1260; x_wconf 83' lang='lat' dir='ltr'><strong>(cujus</strong></span> <span class='ocrx_word' id='word_1_45' title='bbox 1617 1191 1790 1258; x_wconf 80' lang='lat' dir='ltr'><strong>gratia</strong></span> <span class='ocrx_word' id='word_1_46' title='bbox 1838 1190 2003 1244; x_wconf 90' lang='lat' dir='ltr'><strong>etiam</strong></span> 
     </span>
    </p>
   </div>
   <div class='ocr_carea' id='block_1_9' title="bbox 425 1281 2008 1351">
    <p class='ocr_par' dir='ltr' id='par_1_9' title="bbox 425 1281 2008 1351">
     <span class='ocr_line' id='line_1_9' title="bbox 425 1281 2008 1351; baseline -0.003 -13"><span class='ocrx_word' id='word_1_47' title='bbox 425 1286 502 1338; x_wconf 94' lang='lat' dir='ltr'><strong>illi</strong></span> <span class='ocrx_word' id='word_1_48' title='bbox 559 1293 723 1338; x_wconf 91' lang='lat' dir='ltr'><strong>notus</strong></span> <span class='ocrx_word' id='word_1_49' title='bbox 778 1282 1010 1348; x_wconf 79' lang='lat' dir='ltr'><strong>exstitit,</strong></span> <span class='ocrx_word' id='word_1_50' title='bbox 1059 1282 1222 1336; x_wconf 90' lang='lat' dir='ltr'><strong>sicuti</strong></span> <span class='ocrx_word' id='word_1_51' title='bbox 1286 1281 1401 1351; x_wconf 87' lang='lat' dir='ltr'><strong>ipse</strong></span> <span class='ocrx_word' id='word_1_52' title='bbox 1437 1282 1639 1335; x_wconf 80' lang='lat' dir='ltr'><strong>alicubi</strong></span> <span class='ocrx_word' id='word_1_53' title='bbox 1689 1297 1850 1335; x_wconf 83' lang='lat' dir='ltr'><strong>sacro</strong></span> <span class='ocrx_word' id='word_1_54' title='bbox 1907 1297 2008 1335; x_wconf 86' lang='lat' dir='ltr'><strong>suo</strong></span> 
     </span>
    </p>
   </div>
   <div class='ocr_carea' id='block_1_10' title="bbox 425 1374 2006 1440">
    <p class='ocr_par' dir='ltr' id='par_1_10' title="bbox 425 1374 2006 1440">
     <span class='ocr_line' id='line_1_10' title="bbox 425 1374 2006 1440; baseline -0.003 -9"><span class='ocrx_word' id='word_1_55' title='bbox 425 1376 742 1432; x_wconf 88' lang='lat' dir='ltr'><strong>testimonio</strong></span> <span class='ocrx_word' id='word_1_56' title='bbox 770 1375 1014 1440; x_wconf 78' lang='lat' dir='ltr'><strong>astruit).</strong></span> <span class='ocrx_word' id='word_1_57' title='bbox 1047 1374 1099 1427; x_wconf 90' lang='lat' dir='ltr'><strong>iu</strong></span> <span class='ocrx_word' id='word_1_58' title='bbox 1148 1374 1285 1427; x_wconf 88' lang='lat' dir='ltr'><strong>locis</strong></span> <span class='ocrx_word' id='word_1_59' title='bbox 1315 1377 1522 1428; x_wconf 85' lang='lat' dir='ltr'><strong>circum</strong></span> <span class='ocrx_word' id='word_1_60' title='bbox 1577 1374 1711 1427; x_wconf 84' lang='lat' dir='ltr'><strong>Sion</strong></span> <span class='ocrx_word' id='word_1_61' title='bbox 1763 1384 2006 1427; x_wconf 81' lang='lat' dir='ltr'><strong>montem</strong></span> 
     </span>
    </p>
   </div>
   <div class='ocr_carea' id='block_1_11' title="bbox 423 1464 2010 1535">
    <p class='ocr_par' dir='ltr' id='par_1_11' title="bbox 423 1464 2010 1535">
     <span class='ocr_line' id='line_1_11' title="bbox 423 1464 2010 1535; baseline -0.003 -13"><span class='ocrx_word' id='word_1_62' title='bbox 423 1469 546 1522; x_wconf 79' lang='lat' dir='ltr'><strong>sitis</strong></span> <span class='ocrx_word' id='word_1_63' title='bbox 575 1477 1013 1535; x_wconf 79' lang='lat' dir='ltr'><strong>comparaverat.</strong></span> <span class='ocrx_word' id='word_1_64' title='bbox 1063 1465 1141 1518; x_wconf 91' lang='lat' dir='ltr'><strong>lbi</strong></span> <span class='ocrx_word' id='word_1_65' title='bbox 1195 1465 1363 1532; x_wconf 76' lang='lat' dir='ltr'><strong>igitur</strong></span> <span class='ocrx_word' id='word_1_66' title='bbox 1407 1464 1662 1534; x_wconf 82' lang='lat' dir='ltr'><strong>discipuli</strong></span> <span class='ocrx_word' id='word_1_67' title='bbox 1707 1465 1850 1534; x_wconf 87' lang='lat' dir='ltr'><strong>apud</strong></span> <span class='ocrx_word' id='word_1_68' title='bbox 1912 1465 2010 1518; x_wconf 82' lang='lat' dir='ltr'><strong>lto-</strong></span> 
     </span>
    </p>
   </div>
   <div class='ocr_carea' id='block_1_12' title="bbox 426 1556 2009 1628">
    <p class='ocr_par' dir='ltr' id='par_1_12' title="bbox 426 1556 2009 1628">
     <span class='ocr_line' id='line_1_12' title="bbox 426 1556 2009 1628; baseline -0.004 -14"><span class='ocrx_word' id='word_1_69' title='bbox 426 1564 630 1614; x_wconf 88' lang='lat' dir='ltr'><strong>minem</strong></span> <span class='ocrx_word' id='word_1_70' title='bbox 688 1570 901 1614; x_wconf 89' lang='lat' dir='ltr'><strong>certum</strong></span> <span class='ocrx_word' id='word_1_71' title='bbox 935 1597 949 1622; x_wconf 94' lang='lat'><strong>,</strong></span> <span class='ocrx_word' id='word_1_72' title='bbox 1005 1559 1324 1626; x_wconf 81' lang='lat' dir='ltr'><strong>priusquam</strong></span> <span class='ocrx_word' id='word_1_73' title='bbox 1391 1556 1722 1628; x_wconf 81' lang='lat' dir='ltr'><strong>Azymorntu</strong></span> <span class='ocrx_word' id='word_1_74' title='bbox 1779 1556 2009 1610; x_wconf 78' lang='lat' dir='ltr'><strong>instaret</strong></span> 
     </span>
    </p>
   </div>
   <div class='ocr_carea' id='block_1_13' title="bbox 425 1648 2006 1721">
    <p class='ocr_par' dir='ltr' id='par_1_13' title="bbox 425 1648 2006 1721">
     <span class='ocr_line' id='line_1_13' title="bbox 425 1648 2006 1721; baseline -0.003 -15"><span class='ocrx_word' id='word_1_75' title='bbox 425 1654 570 1714; x_wconf 88' lang='lat' dir='ltr'><strong>dies,</strong></span> <span class='ocrx_word' id='word_1_76' title='bbox 601 1652 671 1705; x_wconf 90' lang='lat' dir='ltr'><strong>ita</strong></span> <span class='ocrx_word' id='word_1_77' title='bbox 703 1661 763 1705; x_wconf 91' lang='lat' dir='ltr'><strong>ut</strong></span> <span class='ocrx_word' id='word_1_78' title='bbox 803 1650 912 1704; x_wconf 86' lang='lat' dir='ltr'><strong>illis</strong></span> <span class='ocrx_word' id='word_1_79' title='bbox 939 1649 1256 1702; x_wconf 86' lang='lat' dir='ltr'><strong>mandatum</strong></span> <span class='ocrx_word' id='word_1_80' title='bbox 1287 1649 1779 1721; x_wconf 70' lang='lat' dir='ltr'><strong>prmscriptumque</strong></span> <span class='ocrx_word' id='word_1_81' title='bbox 1804 1648 2006 1715; x_wconf 77' lang='lat' dir='ltr'><strong>fuerat,</strong></span> 
     </span>
    </p>
   </div>
   <div class='ocr_carea' id='block_1_14' title="bbox 426 1739 2010 1814">
    <p class='ocr_par' dir='ltr' id='par_1_14' title="bbox 426 1739 2010 1814">
     <span class='ocr_line' id='line_1_14' title="bbox 426 1739 2010 1814; baseline -0.004 -14"><span class='ocrx_word' id='word_1_82' title='bbox 426 1745 565 1814; x_wconf 71' lang='lat' dir='ltr'><strong>legis</strong></span> <span class='ocrx_word' id='word_1_83' title='bbox 594 1743 798 1799; x_wconf 81' lang='lat' dir='ltr'><strong>Pascha</strong></span> <span class='ocrx_word' id='word_1_84' title='bbox 829 1745 1133 1796; x_wconf 89' lang='lat' dir='ltr'><strong>instruunt.</strong></span> <span class='ocrx_word' id='word_1_85' title='bbox 1161 1739 1364 1796; x_wconf 76' lang='lat' dir='ltr'><strong>Verum</strong></span> <span class='ocrx_word' id='word_1_86' title='bbox 1393 1741 1697 1808; x_wconf 86' lang='lat' dir='ltr'><strong>enimvero,</strong></span> <span class='ocrx_word' id='word_1_87' title='bbox 1723 1755 1850 1796; x_wconf 90' lang='lat' dir='ltr'><strong>cum</strong></span> <span class='ocrx_word' id='word_1_88' title='bbox 1883 1757 2010 1811; x_wconf 67' lang='lat' dir='ltr'><strong>per-</strong></span> 
     </span>
    </p>
   </div>
   <div class='ocr_carea' id='block_1_15' title="bbox 426 1833 2008 1908">
    <p class='ocr_par' dir='ltr' id='par_1_15' title="bbox 426 1833 2008 1908">
     <span class='ocr_line' id='line_1_15' title="bbox 426 1833 2008 1908; baseline -0.003 -16"><span class='ocrx_word' id='word_1_89' title='bbox 426 1851 566 1908; x_wconf 87' lang='lat' dir='ltr'><strong>opus</strong></span> <span class='ocrx_word' id='word_1_90' title='bbox 606 1847 772 1900; x_wconf 87' lang='lat' dir='ltr'><strong>esset,</strong></span> <span class='ocrx_word' id='word_1_91' title='bbox 820 1837 1148 1891; x_wconf 83' lang='lat' dir='ltr'><strong>Parasceves</strong></span> <span class='ocrx_word' id='word_1_92' title='bbox 1181 1835 1273 1888; x_wconf 87' lang='lat' dir='ltr'><strong>die</strong></span> <span class='ocrx_word' id='word_1_93' title='bbox 1323 1833 1389 1888; x_wconf 88' lang='lat' dir='ltr'><strong>ad</strong></span> <span class='ocrx_word' id='word_1_94' title='bbox 1427 1849 1710 1904; x_wconf 82' lang='lat' dir='ltr'><strong>vesperam</strong></span> <span class='ocrx_word' id='word_1_95' title='bbox 1739 1874 1755 1898; x_wconf 91' lang='lat'><strong>,</strong></span> <span class='ocrx_word' id='word_1_96' title='bbox 1802 1843 1861 1890; x_wconf 90' lang='lat' dir='ltr'><strong>ut</strong></span> <span class='ocrx_word' id='word_1_97' title='bbox 1920 1835 2008 1890; x_wconf 78' lang='lat' dir='ltr'><strong>lex</strong></span> 
     </span>
    </p>
   </div>
   <div class='ocr_carea' id='block_1_16' title="bbox 1644 458 2460 522">
    <p class='ocr_par' dir='ltr' id='par_1_16' title="bbox 1644 458 2460 522">
     <span class='ocr_line' id='line_1_16' title="bbox 1644 458 2460 522; baseline -0.007 0"><span class='ocrx_word' id='word_1_98' title='bbox 1644 458 2067 522; x_wconf 78' lang='lat' dir='ltr'><strong>NlCEPlIORI</strong></span> <span class='ocrx_word' id='word_1_99' title='bbox 2112 459 2460 519; x_wconf 68' lang='lat' dir='ltr'><strong>GALLISTI</strong></span> 
     </span>
    </p>
   </div>
   <div class='ocr_carea' id='block_1_17' title="bbox 2029 582 2078 637">
    <p class='ocr_par' dir='ltr' id='par_1_17' title="bbox 2029 582 2078 637">
     <span class='ocr_line' id='line_1_17' title="bbox 2029 582 2078 637; baseline 0 0"><span class='ocrx_word' id='word_1_100' title='bbox 2029 582 2078 637; x_wconf 74' lang='grc' dir='ltr'><strong>Α</strong></span> 
     </span>
    </p>
   </div>
   <div class='ocr_carea' id='block_1_18' title="bbox 3579 441 3680 509">
    <p class='ocr_par' dir='ltr' id='par_1_18' title="bbox 3579 441 3680 509">
     <span class='ocr_line' id='line_1_18' title="bbox 3579 441 3680 509; baseline -0.04 0"><span class='ocrx_word' id='word_1_101' title='bbox 3579 441 3680 509; x_wconf 76' lang='lat'><strong>716</strong></span> 
     </span>
    </p>
   </div>
   <div class='ocr_carea' id='block_1_19' title="bbox 2682 563 3110 620">
    <p class='ocr_par' dir='ltr' id='par_1_19' title="bbox 2682 563 3110 620">
     <span class='ocr_line' id='line_1_19' title="bbox 2682 563 3110 620; baseline -0.012 0"><span class='ocrx_word' id='word_1_102' title='bbox 2682 563 2939 620; x_wconf 67' lang='grc' dir='ltr'><strong>ΚΕΦΑΛ.</strong></span> <span class='ocrx_word' id='word_1_103' title='bbox 2977 565 3110 618; x_wconf 70' lang='grc' dir='ltr'>ιςιιο.</span> 
     </span>
    </p>
   </div>
   <div class='ocr_carea' id='block_1_20' title="bbox 2111 694 3684 777">
    <p class='ocr_par' dir='ltr' id='par_1_20' title="bbox 2111 694 3684 777">
     <span class='ocr_line' id='line_1_20' title="bbox 2111 694 3684 777; baseline -0.01 -15"><span class='ocrx_word' id='word_1_104' title='bbox 2111 706 2247 775; x_wconf 77' lang='grc' dir='ltr'>Περὶ</span> <span class='ocrx_word' id='word_1_105' title='bbox 2277 705 2382 760; x_wconf 85' lang='grc' dir='ltr'>τοῦ</span> <span class='ocrx_word' id='word_1_106' title='bbox 2402 703 2704 772; x_wconf 79' lang='grc' dir='ltr'><strong>μυστικοῦ</strong></span> <span class='ocrx_word' id='word_1_107' title='bbox 2727 701 3002 777; x_wconf 50' lang='grc' dir='ltr'>δείπνου,</span> <span class='ocrx_word' id='word_1_108' title='bbox 3030 702 3129 752; x_wconf 76' lang='grc' dir='ltr'><strong>καί</strong></span> <span class='ocrx_word' id='word_1_109' title='bbox 3157 696 3262 777; x_wconf 53' lang='grc' dir='ltr'>τοῦ</span> <span class='ocrx_word' id='word_1_110' title='bbox 3285 695 3447 750; x_wconf 81' lang='grc' dir='ltr'>θείου</span> <span class='ocrx_word' id='word_1_111' title='bbox 3473 694 3684 762; x_wconf 78' lang='grc' dir='ltr'>νιπτῆ-</span> 
     </span>
    </p>
   </div>
   <div class='ocr_carea' id='block_1_21' title="bbox 2483 771 3293 843">
    <p class='ocr_par' dir='ltr' id='par_1_21' title="bbox 2483 771 3293 843">
     <span class='ocr_line' id='line_1_21' title="bbox 2483 771 3293 843; baseline -0.007 -16"><span class='ocrx_word' id='word_1_112' title='bbox 2483 792 2615 843; x_wconf 76' lang='grc' dir='ltr'>ρος,</span> <span class='ocrx_word' id='word_1_113' title='bbox 2651 772 2751 826; x_wconf 79' lang='grc' dir='ltr'><strong>καί</strong></span> <span class='ocrx_word' id='word_1_114' title='bbox 2784 771 2892 838; x_wconf 80' lang='grc' dir='ltr'>τῆς</span> <span class='ocrx_word' id='word_1_115' title='bbox 2922 771 3293 838; x_wconf 78' lang='grc' dir='ltr'><strong>προσευχῆς.</strong></span> 
     </span>
    </p>
   </div>
   <div class='ocr_carea' id='block_1_22' title="bbox 2182 901 3684 974">
    <p class='ocr_par' dir='ltr' id='par_1_22' title="bbox 2182 901 3684 974">
     <span class='ocr_line' id='line_1_22' title="bbox 2182 901 3684 974; baseline -0.007 -12"><span class='ocrx_word' id='word_1_116' title='bbox 2182 911 2409 971; x_wconf 87' lang='grc' dir='ltr'>Δεῖπνος</span> <span class='ocrx_word' id='word_1_117' title='bbox 2440 908 2534 961; x_wconf 70' lang='lat' dir='ltr'><strong>sui.</strong></span> <span class='ocrx_word' id='word_1_118' title='bbox 2571 905 2786 968; x_wconf 76' lang='grc' dir='ltr'><strong>τούτοις</strong></span> <span class='ocrx_word' id='word_1_119' title='bbox 2833 904 3198 974; x_wconf 81' lang='grc' dir='ltr'><strong>ηὐτρέπισται</strong></span> <span class='ocrx_word' id='word_1_120' title='bbox 3230 903 3288 956; x_wconf 90' lang='grc' dir='ltr'><strong>ἐν</strong></span> <span class='ocrx_word' id='word_1_121' title='bbox 3317 903 3382 971; x_wconf 75' lang='grc' dir='ltr'>τῇ</span> <span class='ocrx_word' id='word_1_122' title='bbox 3411 901 3582 972; x_wconf 75' lang='grc' dir='ltr'>οἰκία,</span> <span class='ocrx_word' id='word_1_123' title='bbox 3609 901 3684 964; x_wconf 83' lang='grc' dir='ltr'>ὥς</span> 
     </span>
    </p>
   </div>
   <div class='ocr_carea' id='block_1_23' title="bbox 2109 991 3684 1068">
    <p class='ocr_par' dir='ltr' id='par_1_23' title="bbox 2109 991 3684 1068">
     <span class='ocr_line' id='line_1_23' title="bbox 2109 991 3684 1068; baseline -0.005 -17"><span class='ocrx_word' id='word_1_124' title='bbox 2109 1016 2296 1068; x_wconf 77' lang='grc' dir='ltr'>φασιν,</span> <span class='ocrx_word' id='word_1_125' title='bbox 2341 999 2592 1053; x_wconf 79' lang='grc' dir='ltr'><strong>Ἰωάννου</strong></span> <span class='ocrx_word' id='word_1_126' title='bbox 2639 995 2734 1048; x_wconf 79' lang='grc' dir='ltr'><strong>τοῦ</strong></span> <span class='ocrx_word' id='word_1_127' title='bbox 2784 991 3213 1062; x_wconf 77' lang='grc' dir='ltr'>Εὑαγγελιστοῦο</span> <span class='ocrx_word' id='word_1_128' title='bbox 3245 993 3314 1062; x_wconf 74' lang='grc' dir='ltr'><strong>ἢν</strong></span> <span class='ocrx_word' id='word_1_129' title='bbox 3341 993 3553 1046; x_wconf 76' lang='grc' dir='ltr'>ἐκεῖνος</span> <span class='ocrx_word' id='word_1_130' title='bbox 3584 993 3684 1060; x_wconf 79' lang='grc' dir='ltr'><strong>τὴν</strong></span> 
     </span>
    </p>
   </div>
   <div class='ocr_carea' id='block_1_24' title="bbox 2113 1079 3682 1158">
    <p class='ocr_par' dir='ltr' id='par_1_24' title="bbox 2113 1079 3682 1158">
     <span class='ocr_line' id='line_1_24' title="bbox 2113 1079 3682 1158; baseline -0.005 -19"><span class='ocrx_word' id='word_1_131' title='bbox 2113 1087 2428 1158; x_wconf 81' lang='grc' dir='ltr'>προσοῦσαν</span> <span class='ocrx_word' id='word_1_132' title='bbox 2484 1085 2682 1154; x_wconf 82' lang='grc' dir='ltr'>κτῆσιν</span> <span class='ocrx_word' id='word_1_133' title='bbox 2732 1082 3135 1152; x_wconf 74' lang='grc' dir='ltr'><strong>ἀπεμπολήσας</strong></span> <span class='ocrx_word' id='word_1_134' title='bbox 3183 1083 3241 1133; x_wconf 88' lang='grc' dir='ltr'><strong>ἐν</strong></span> <span class='ocrx_word' id='word_1_135' title='bbox 3294 1079 3562 1149; x_wconf 72' lang='grc' dir='ltr'>Γαλιλαία</span> <span class='ocrx_word' id='word_1_136' title='bbox 3599 1081 3682 1147; x_wconf 77' lang='grc' dir='ltr'><strong>(οὐ</strong></span> 
     </span>
    </p>
   </div>
   <div class='ocr_carea' id='block_1_25' title="bbox 2112 1169 3689 1248">
    <p class='ocr_par' dir='ltr' id='par_1_25' title="bbox 2112 1169 3689 1248">
     <span class='ocr_line' id='line_1_25' title="bbox 2112 1169 3689 1248; baseline -0.006 -17"><span class='ocrx_word' id='word_1_137' title='bbox 2112 1178 2322 1248; x_wconf 73' lang='grc' dir='ltr'>σμικρὰ</span> <span class='ocrx_word' id='word_1_138' title='bbox 2346 1178 2404 1230; x_wconf 81' lang='grc' dir='ltr'><strong>δέ</strong></span> <span class='ocrx_word' id='word_1_139' title='bbox 2431 1195 2510 1238; x_wconf 88' lang='grc' dir='ltr'><strong>τις</strong></span> <span class='ocrx_word' id='word_1_140' title='bbox 2543 1172 2633 1246; x_wconf 82' lang='grc' dir='ltr'><strong>ἦν)</strong></span> <span class='ocrx_word' id='word_1_141' title='bbox 2665 1175 2840 1245; x_wconf 75' lang='grc' dir='ltr'>’Λννᾳ</span> <span class='ocrx_word' id='word_1_142' title='bbox 2869 1171 2945 1242; x_wconf 79' lang='grc' dir='ltr'>τῷ</span> <span class='ocrx_word' id='word_1_143' title='bbox 2968 1170 3270 1240; x_wconf 80' lang='grc' dir='ltr'>τηνικαῦτα</span> <span class='ocrx_word' id='word_1_144' title='bbox 3294 1174 3393 1240; x_wconf 82' lang='grc' dir='ltr'>τῆς</span> <span class='ocrx_word' id='word_1_145' title='bbox 3424 1169 3689 1248; x_wconf 73' lang='grc' dir='ltr'>’ίρυδαίας</span> 
     </span>
    </p>
   </div>
   <div class='ocr_carea' id='block_1_26' title="bbox 2111 1240 3685 1339">
    <p class='ocr_par' dir='ltr' id='par_1_26' title="bbox 2111 1263 3685 1339">
     <span class='ocr_line' id='line_1_26' title="bbox 2111 1263 3685 1339; baseline -0.004 -18"><span class='ocrx_word' id='word_1_146' title='bbox 2111 1270 2378 1339; x_wconf 75' lang='grc' dir='ltr'><strong>ἀρχιερεῖ,</strong></span> <span class='ocrx_word' id='word_1_147' title='bbox 2419 1264 2480 1321; x_wconf 76' lang='grc' dir='ltr'>οὗ</span> <span class='ocrx_word' id='word_1_148' title='bbox 2511 1269 2673 1337; x_wconf 80' lang='grc' dir='ltr'>χάριν</span> <span class='ocrx_word' id='word_1_149' title='bbox 2705 1267 2798 1319; x_wconf 66' lang='grc' dir='ltr'>καὶ</span> <span class='ocrx_word' id='word_1_150' title='bbox 2843 1264 3085 1332; x_wconf 74' lang='grc' dir='ltr'>γνωστὸς</span> <span class='ocrx_word' id='word_1_151' title='bbox 3141 1264 3338 1332; x_wconf 82' lang='grc' dir='ltr'>ἐκείνῳ</span> <span class='ocrx_word' id='word_1_152' title='bbox 3385 1263 3685 1330; x_wconf 75' lang='grc' dir='ltr'><strong>ἐτύγχανεν</strong></span> 
     </span>
    </p>
   </div>
   <div class='ocr_carea' id='block_1_27' title="bbox 2109 1358 3686 1429">
    <p class='ocr_par' dir='ltr' id='par_1_27' title="bbox 2109 1358 3686 1429">
     <span class='ocr_line' id='line_1_27' title="bbox 2109 1358 3686 1429; baseline -0.005 -13"><span class='ocrx_word' id='word_1_153' title='bbox 2109 1362 2208 1429; x_wconf 85' lang='grc' dir='ltr'><strong>ῶν,</strong></span> <span class='ocrx_word' id='word_1_154' title='bbox 2243 1363 2314 1426; x_wconf 88' lang='grc' dir='ltr'><strong>ῶς</strong></span> <span class='ocrx_word' id='word_1_155' title='bbox 2345 1362 2504 1424; x_wconf 75' lang='grc' dir='ltr'>αὑτός</span> <span class='ocrx_word' id='word_1_156' title='bbox 2536 1379 2638 1414; x_wconf 82' lang='grc' dir='ltr'><strong>που</strong></span> <span class='ocrx_word' id='word_1_157' title='bbox 2673 1363 2783 1423; x_wconf 85' lang='grc' dir='ltr'>τοῖς</span> <span class='ocrx_word' id='word_1_158' title='bbox 2813 1360 2984 1429; x_wconf 79' lang='grc' dir='ltr'>ἱεροῖς</span> <span class='ocrx_word' id='word_1_159' title='bbox 3016 1358 3220 1426; x_wconf 86' lang='grc' dir='ltr'>λογίοις</span> <span class='ocrx_word' id='word_1_160' title='bbox 3247 1359 3606 1426; x_wconf 76' lang='grc' dir='ltr'><strong>παρίστησιν,</strong></span> <span class='ocrx_word' id='word_1_161' title='bbox 3631 1361 3686 1408; x_wconf 83' lang='grc' dir='ltr'><strong>ἐν</strong></span> 
     </span>
    </p>
   </div>
   <div class='ocr_carea' id='block_1_28' title="bbox 2110 1449 3689 1526">
    <p class='ocr_par' dir='ltr' id='par_1_28' title="bbox 2110 1449 3689 1526">
     <span class='ocr_line' id='line_1_28' title="bbox 2110 1449 3689 1526; baseline -0.006 -18"><span class='ocrx_word' id='word_1_162' title='bbox 2110 1458 2177 1526; x_wconf 80' lang='grc' dir='ltr'>τῇ</span> <span class='ocrx_word' id='word_1_163' title='bbox 2200 1457 2441 1524; x_wconf 51' lang='grc' dir='ltr'>,περιοχῇ</span> <span class='ocrx_word' id='word_1_164' title='bbox 2470 1456 2567 1523; x_wconf 80' lang='grc' dir='ltr'>τῆς</span> <span class='ocrx_word' id='word_1_165' title='bbox 2602 1454 2741 1506; x_wconf 74' lang='grc' dir='ltr'>Σιὼν</span> <span class='ocrx_word' id='word_1_166' title='bbox 2771 1452 3064 1521; x_wconf 81' lang='grc' dir='ltr'>ἐκτήσατο.</span> <span class='ocrx_word' id='word_1_167' title='bbox 3139 1451 3292 1504; x_wconf 84' lang='grc' dir='ltr'><strong>Ἐκεῖ</strong></span> <span class='ocrx_word' id='word_1_168' title='bbox 3311 1449 3404 1502; x_wconf 75' lang='grc' dir='ltr'><strong>οὖν</strong></span> <span class='ocrx_word' id='word_1_169' title='bbox 3427 1449 3479 1501; x_wconf 82' lang='grc' dir='ltr'><strong>οἱ</strong></span> <span class='ocrx_word' id='word_1_170' title='bbox 3514 1449 3689 1518; x_wconf 77' lang='grc' dir='ltr'>μαθη-</span> 
     </span>
    </p>
   </div>
   <div class='ocr_carea' id='block_1_29' title="bbox 2113 1528 3690 1615">
    <p class='ocr_par' dir='ltr' id='par_1_29' title="bbox 2113 1528 3690 1615">
     <span class='ocr_line' id='line_1_29' title="bbox 2113 1528 3690 1615; baseline -0.006 -15"><span class='ocrx_word' id='word_1_171' title='bbox 2113 1549 2201 1600; x_wconf 74' lang='grc' dir='ltr'>ταὶ</span> <span class='ocrx_word' id='word_1_172' title='bbox 2233 1547 2372 1615; x_wconf 58' lang='grc' dir='ltr'>πρὸ(</span> <span class='ocrx_word' id='word_1_173' title='bbox 2390 1545 2480 1598; x_wconf 77' lang='grc' dir='ltr'>τὸν</span> <span class='ocrx_word' id='word_1_174' title='bbox 2504 1547 2672 1609; x_wconf 83' lang='grc' dir='ltr'>δεῖνα,</span> <span class='ocrx_word' id='word_1_175' title='bbox 2699 1528 2832 1614; x_wconf 63' lang='grc' dir='ltr'>πρίν</span> <span class='ocrx_word' id='word_1_176' title='bbox 2857 1544 2889 1612; x_wconf 85' lang='grc' dir='ltr'>ἢ</span> <span class='ocrx_word' id='word_1_177' title='bbox 2918 1542 3016 1614; x_wconf 76' lang='grc' dir='ltr'><strong>τὴν</strong></span> <span class='ocrx_word' id='word_1_178' title='bbox 3043 1541 3154 1596; x_wconf 88' lang='grc' dir='ltr'><strong>τῶν</strong></span> <span class='ocrx_word' id='word_1_179' title='bbox 3180 1541 3308 1604; x_wconf 78' lang='grc' dir='ltr'><strong>Ἀζύ</strong></span> <span class='ocrx_word' id='word_1_180' title='bbox 3319 1558 3434 1610; x_wconf 86' lang='grc' dir='ltr'><strong>μων</strong></span> <span class='ocrx_word' id='word_1_181' title='bbox 3465 1541 3690 1606; x_wconf 72' lang='grc' dir='ltr'>ἐπιστῆο</span> 
     </span>
    </p>
   </div>
   <div class='ocr_carea' id='block_1_30' title="bbox 2112 1629 3689 1709">
    <p class='ocr_par' dir='ltr' id='par_1_30' title="bbox 2112 1629 3689 1709">
     <span class='ocr_line' id='line_1_30' title="bbox 2112 1629 3689 1709; baseline -0.006 -17"><span class='ocrx_word' id='word_1_182' title='bbox 2112 1657 2200 1705; x_wconf 76' lang='grc' dir='ltr'><strong>ναι</strong></span> <span class='ocrx_word' id='word_1_183' title='bbox 2255 1639 2492 1709; x_wconf 81' lang='grc' dir='ltr'><strong>ἡμέραν,</strong></span> <span class='ocrx_word' id='word_1_184' title='bbox 2543 1637 2690 1691; x_wconf 78' lang='grc' dir='ltr'>καθὰ</span> <span class='ocrx_word' id='word_1_185' title='bbox 2748 1636 2933 1705; x_wconf 81' lang='grc' dir='ltr'>σφίσιν</span> <span class='ocrx_word' id='word_1_186' title='bbox 2991 1629 3218 1704; x_wconf 82' lang='grc' dir='ltr'>ὥριστο,</span> <span class='ocrx_word' id='word_1_187' title='bbox 3274 1636 3335 1686; x_wconf 81' lang='grc' dir='ltr'>τὸ</span> <span class='ocrx_word' id='word_1_188' title='bbox 3388 1633 3484 1686; x_wconf 84' lang='grc' dir='ltr'>τοῦ</span> <span class='ocrx_word' id='word_1_189' title='bbox 3524 1632 3689 1701; x_wconf 80' lang='grc' dir='ltr'>νόμον</span> 
     </span>
    </p>
   </div>
   <div class='ocr_carea' id='block_1_31' title="bbox 2112 1724 3690 1800">
    <p class='ocr_par' dir='ltr' id='par_1_31' title="bbox 2112 1724 3690 1800">
     <span class='ocr_line' id='line_1_31' title="bbox 2112 1724 3690 1800; baseline -0.007 -14"><span class='ocrx_word' id='word_1_190' title='bbox 2112 1731 2305 1800; x_wconf 77' lang='grc' dir='ltr'>Πάσχα</span> <span class='ocrx_word' id='word_1_191' title='bbox 2361 1730 2704 1800; x_wconf 76' lang='grc' dir='ltr'><strong>ἡτοίμασαν·</strong></span> <span class='ocrx_word' id='word_1_192' title='bbox 2766 1729 2950 1781; x_wconf 88' lang='grc' dir='ltr'>καίτοι</span> <span class='ocrx_word' id='word_1_193' title='bbox 2993 1743 3057 1796; x_wconf 87' lang='grc' dir='ltr'><strong>γε</strong></span> <span class='ocrx_word' id='word_1_194' title='bbox 3101 1726 3220 1780; x_wconf 84' lang='grc' dir='ltr'>δέον</span> <span class='ocrx_word' id='word_1_195' title='bbox 3250 1725 3350 1791; x_wconf 82' lang='grc' dir='ltr'>ὃν,</span> <span class='ocrx_word' id='word_1_196' title='bbox 3409 1724 3552 1778; x_wconf 79' lang='grc' dir='ltr'>κατὰ</span> <span class='ocrx_word' id='word_1_197' title='bbox 3590 1735 3690 1790; x_wconf 63' lang='grc' dir='ltr'><strong>τὴν</strong></span> 
     </span>
    </p>
   </div>
   <div class='ocr_carea' id='block_1_32' title="bbox 2121 1817 3690 1895">
    <p class='ocr_par' dir='ltr' id='par_1_32' title="bbox 2121 1817 3690 1895">
     <span class='ocr_line' id='line_1_32' title="bbox 2121 1817 3690 1895; baseline -0.006 -19"><span class='ocrx_word' id='word_1_198' title='bbox 2121 1821 2492 1895; x_wconf 78' lang='grc' dir='ltr'>Παρασκευὴν</span> <span class='ocrx_word' id='word_1_199' title='bbox 2532 1820 2671 1892; x_wconf 73' lang='grc' dir='ltr'>πρὸς</span> <span class='ocrx_word' id='word_1_200' title='bbox 2719 1821 2988 1890; x_wconf 80' lang='grc' dir='ltr'>ἑσπέραν,</span> <span class='ocrx_word' id='word_1_201' title='bbox 3024 1819 3100 1882; x_wconf 88' lang='grc' dir='ltr'><strong>ῶς</strong></span> <span class='ocrx_word' id='word_1_202' title='bbox 3127 1819 3155 1871; x_wconf 84' lang='grc' dir='ltr'>ὁ</span> <span class='ocrx_word' id='word_1_203' title='bbox 3189 1819 3354 1888; x_wconf 75' lang='grc' dir='ltr'>νόμος</span> <span class='ocrx_word' id='word_1_204' title='bbox 3379 1817 3690 1887; x_wconf 79' lang='grc' dir='ltr'>διηγόρευέ,</span> 
     </span>
    </p>
   </div>
   <div class='ocr_carea' id='block_1_33' title="bbox 428 1907 2014 2010">
    <p class='ocr_par' dir='ltr' id='par_1_33' title="bbox 428 1925 2004 2000">
     <span class='ocr_line' id='line_1_33' title="bbox 428 1925 2004 2000; baseline -0.001 -19"><span class='ocrx_word' id='word_1_205' title='bbox 428 1930 700 2000; x_wconf 80' lang='lat' dir='ltr'><strong>pra-cipit,</strong></span> <span class='ocrx_word' id='word_1_206' title='bbox 734 1944 935 1999; x_wconf 81' lang='lat' dir='ltr'><strong>agnum</strong></span> <span class='ocrx_word' id='word_1_207' title='bbox 969 1926 1243 1982; x_wconf 88' lang='lat' dir='ltr'><strong>immolari</strong></span> <span class='ocrx_word' id='word_1_208' title='bbox 1276 1939 1292 1980; x_wconf 91' lang='lat'><strong>:</strong></span> <span class='ocrx_word' id='word_1_209' title='bbox 1330 1925 1694 1981; x_wconf 87' lang='lat' dir='ltr'><strong>nihilominus</strong></span> <span class='ocrx_word' id='word_1_210' title='bbox 1727 1934 1907 1980; x_wconf 83' lang='lat' dir='ltr'><strong>tamen</strong></span> <span class='ocrx_word' id='word_1_211' title='bbox 1937 1941 2004 1981; x_wconf 91' lang='lat' dir='ltr'><strong>eo</strong></span> 
     </span>
    </p>
   </div>
   <div class='ocr_carea' id='block_1_34' title="bbox 2118 1907 3692 2010">
    <p class='ocr_par' dir='ltr' id='par_1_34' title="bbox 2118 1907 3692 1981">
     <span class='ocr_line' id='line_1_34' title="bbox 2118 1907 3692 1981; baseline -0.006 -13"><span class='ocrx_word' id='word_1_212' title='bbox 2118 1914 2335 1968; x_wconf 77' lang='grc' dir='ltr'>θύεσθαι</span> <span class='ocrx_word' id='word_1_213' title='bbox 2361 1913 2454 1967; x_wconf 73' lang='grc' dir='ltr'>τὸν</span> <span class='ocrx_word' id='word_1_214' title='bbox 2475 1912 2667 1980; x_wconf 75' lang='grc' dir='ltr'>ἁμνόνο</span> <span class='ocrx_word' id='word_1_215' title='bbox 2697 1913 2848 1981; x_wconf 84' lang='grc' dir='ltr'>ὅμως</span> <span class='ocrx_word' id='word_1_216' title='bbox 2880 1911 3134 1978; x_wconf 65' lang='grc' dir='ltr'>μέλλοντι</span> <span class='ocrx_word' id='word_1_217' title='bbox 3157 1909 3236 1978; x_wconf 86' lang='grc' dir='ltr'>τῷ</span> <span class='ocrx_word' id='word_1_218' title='bbox 3267 1908 3509 1978; x_wconf 83' lang='grc' dir='ltr'>ἀληθινῷ</span> <span class='ocrx_word' id='word_1_219' title='bbox 3532 1907 3692 1977; x_wconf 82' lang='grc' dir='ltr'><strong>ἀμνῷ</strong></span> 
     </span>
    </p>
   </div>
   <div class='ocr_carea' id='block_1_35' title="bbox 427 2019 2007 2091">
    <p class='ocr_par' dir='ltr' id='par_1_35' title="bbox 427 2019 2007 2091">
     <span class='ocr_line' id='line_1_35' title="bbox 427 2019 2007 2091; baseline -0.004 -13"><span class='ocrx_word' id='word_1_220' title='bbox 427 2035 620 2078; x_wconf 82' lang='lat' dir='ltr'><strong>verum</strong></span> <span class='ocrx_word' id='word_1_221' title='bbox 655 2039 878 2091; x_wconf 80' lang='lat' dir='ltr'><strong>agnum,</strong></span> <span class='ocrx_word' id='word_1_222' title='bbox 922 2022 1014 2090; x_wconf 88' lang='lat' dir='ltr'><strong>qui</strong></span> <span class='ocrx_word' id='word_1_223' title='bbox 1055 2021 1165 2091; x_wconf 86' lang='lat' dir='ltr'><strong>jam</strong></span> <span class='ocrx_word' id='word_1_224' title='bbox 1207 2020 1317 2090; x_wconf 84' lang='lat' dir='ltr'><strong>jam</strong></span> <span class='ocrx_word' id='word_1_225' title='bbox 1347 2035 1446 2090; x_wconf 90' lang='lat' dir='ltr'><strong>pro</strong></span> <span class='ocrx_word' id='word_1_226' title='bbox 1476 2021 1634 2074; x_wconf 91' lang='lat' dir='ltr'><strong>nobis</strong></span> <span class='ocrx_word' id='word_1_227' title='bbox 1660 2019 1865 2075; x_wconf 79' lang='lat' dir='ltr'><strong>Pascha</strong></span> <span class='ocrx_word' id='word_1_228' title='bbox 1907 2019 2007 2073; x_wconf 90' lang='lat' dir='ltr'><strong>im-</strong></span> 
     </span>
    </p>
   </div>
   <div class='ocr_carea' id='block_1_36' title="bbox 428 2111 2013 2182">
    <p class='ocr_par' dir='ltr' id='par_1_36' title="bbox 428 2111 2013 2182">
     <span class='ocr_line' id='line_1_36' title="bbox 428 2111 2013 2182; baseline -0.001 -16"><span class='ocrx_word' id='word_1_229' title='bbox 428 2113 720 2167; x_wconf 69' lang='lat' dir='ltr'><strong>molantlus</strong></span> <span class='ocrx_word' id='word_1_230' title='bbox 752 2111 964 2166; x_wconf 91' lang='lat' dir='ltr'><strong>erat-in</strong></span> <span class='ocrx_word' id='word_1_231' title='bbox 991 2125 1183 2173; x_wconf 87' lang='lat' dir='ltr'><strong>cruce,</strong></span> <span class='ocrx_word' id='word_1_232' title='bbox 1227 2111 1543 2180; x_wconf 74' lang='lat' dir='ltr'><strong>praeveniri,</strong></span> <span class='ocrx_word' id='word_1_233' title='bbox 1575 2121 1630 2165; x_wconf 91' lang='lat' dir='ltr'><strong>et</strong></span> <span class='ocrx_word' id='word_1_234' title='bbox 1661 2120 1844 2182; x_wconf 75' lang='lat' dir='ltr'><strong>typum</strong></span> <span class='ocrx_word' id='word_1_235' title='bbox 1879 2112 2013 2164; x_wconf 89' lang='lat' dir='ltr'><strong>ima-</strong></span> 
     </span>
    </p>
   </div>
   <div class='ocr_carea' id='block_1_37' title="bbox 427 2203 2012 2278">
    <p class='ocr_par' dir='ltr' id='par_1_37' title="bbox 427 2203 2012 2278">
     <span class='ocr_line' id='line_1_37' title="bbox 427 2203 2012 2278; baseline -0.003 -18"><span class='ocrx_word' id='word_1_236' title='bbox 427 2209 724 2278; x_wconf 80' lang='lat' dir='ltr'><strong>giuemque</strong></span> <span class='ocrx_word' id='word_1_237' title='bbox 752 2204 942 2274; x_wconf 80' lang='lat' dir='ltr'><strong>legalis</strong></span> <span class='ocrx_word' id='word_1_238' title='bbox 969 2203 1252 2259; x_wconf 78' lang='lat' dir='ltr'><strong>Paschalis</strong></span> <span class='ocrx_word' id='word_1_239' title='bbox 1278 2203 1574 2272; x_wconf 87' lang='lat' dir='ltr'><strong>complere,</strong></span> <span class='ocrx_word' id='word_1_240' title='bbox 1593 2205 1814 2258; x_wconf 89' lang='lat' dir='ltr'><strong>circiter</strong></span> <span class='ocrx_word' id='word_1_241' title='bbox 1850 2203 2012 2272; x_wconf 87' lang='lat' dir='ltr'><strong>quin-</strong></span> 
     </span>
    </p>
   </div>
   <div class='ocr_carea' id='block_1_38' title="bbox 428 2295 2010 2368">
    <p class='ocr_par' dir='ltr' id='par_1_38' title="bbox 428 2295 2010 2368">
     <span class='ocr_line' id='line_1_38' title="bbox 428 2295 2010 2368; baseline -0.003 -16"><span class='ocrx_word' id='word_1_242' title='bbox 428 2311 499 2354; x_wconf 74' lang='lat' dir='ltr'><strong>ta:</strong></span> <span class='ocrx_word' id='word_1_243' title='bbox 544 2298 654 2352; x_wconf 86' lang='lat' dir='ltr'><strong>diei</strong></span> <span class='ocrx_word' id='word_1_244' title='bbox 686 2313 968 2368; x_wconf 87' lang='lat' dir='ltr'><strong>vesperam</strong></span> <span class='ocrx_word' id='word_1_245' title='bbox 1001 2295 1315 2366; x_wconf 85' lang='lat' dir='ltr'><strong>oportebat.</strong></span> <span class='ocrx_word' id='word_1_246' title='bbox 1354 2295 1555 2366; x_wconf 89' lang='lat' dir='ltr'><strong>Opinio</strong></span> <span class='ocrx_word' id='word_1_247' title='bbox 1599 2311 1732 2350; x_wconf 86' lang='lat' dir='ltr'><strong>sane</strong></span> <span class='ocrx_word' id='word_1_248' title='bbox 1773 2297 2010 2359; x_wconf 85' lang='lat' dir='ltr'><strong>obtinet,</strong></span> 
     </span>
    </p>
   </div>
   <div class='ocr_carea' id='block_1_39' title="bbox 433 2382 2010 2453">
    <p class='ocr_par' dir='ltr' id='par_1_39' title="bbox 433 2382 2010 2453">
     <span class='ocr_line' id='line_1_39' title="bbox 433 2382 2010 2453; baseline -0.004 -12"><span class='ocrx_word' id='word_1_249' title='bbox 433 2407 559 2444; x_wconf 71' lang='lat' dir='ltr'><strong>cum</strong></span> <span class='ocrx_word' id='word_1_250' title='bbox 589 2387 773 2442; x_wconf 88' lang='lat' dir='ltr'><strong>multis</strong></span> <span class='ocrx_word' id='word_1_251' title='bbox 804 2386 944 2451; x_wconf 76' lang='lat' dir='ltr'><strong>aliis,</strong></span> <span class='ocrx_word' id='word_1_252' title='bbox 981 2394 1093 2440; x_wconf 88' lang='lat' dir='ltr'><strong>tum</strong></span> <span class='ocrx_word' id='word_1_253' title='bbox 1125 2385 1174 2440; x_wconf 89' lang='lat' dir='ltr'><strong>ei</strong></span> <span class='ocrx_word' id='word_1_254' title='bbox 1211 2383 1486 2453; x_wconf 69' lang='lat' dir='ltr'><strong>prmeipue</strong></span> <span class='ocrx_word' id='word_1_255' title='bbox 1518 2383 1890 2452; x_wconf 89' lang='lat' dir='ltr'><strong>comprobata,</strong></span> <span class='ocrx_word' id='word_1_256' title='bbox 1923 2382 2010 2434; x_wconf 77' lang='lat' dir='ltr'><strong>oui</strong></span> 
     </span>
    </p>
   </div>
   <div class='ocr_carea' id='block_1_40' title="bbox 431 2475 2012 2543">
    <p class='ocr_par' dir='ltr' id='par_1_40' title="bbox 431 2475 2012 2543">
     <span class='ocr_line' id='line_1_40' title="bbox 431 2475 2012 2543; baseline -0.005 -8"><span class='ocrx_word' id='word_1_257' title='bbox 431 2498 496 2538; x_wconf 88' lang='lat' dir='ltr'><strong>os</strong></span> <span class='ocrx_word' id='word_1_258' title='bbox 532 2496 759 2536; x_wconf 86' lang='lat' dir='ltr'><strong>aureum</strong></span> <span class='ocrx_word' id='word_1_259' title='bbox 793 2493 991 2532; x_wconf 86' lang='lat' dir='ltr'><strong>nomen</strong></span> <span class='ocrx_word' id='word_1_260' title='bbox 1020 2475 1241 2542; x_wconf 82' lang='lat' dir='ltr'><strong>indidit,</strong></span> <span class='ocrx_word' id='word_1_261' title='bbox 1276 2476 1650 2529; x_wconf 79' lang='lat' dir='ltr'><strong>irrationalem</strong></span> <span class='ocrx_word' id='word_1_262' title='bbox 1677 2483 1788 2528; x_wconf 80' lang='lat' dir='ltr'><strong>turn</strong></span> <span class='ocrx_word' id='word_1_263' title='bbox 1811 2491 2012 2543; x_wconf 80' lang='lat' dir='ltr'><strong>agnum</strong></span> 
     </span>
    </p>
   </div>
   <div class='ocr_carea' id='block_1_41' title="bbox 431 2566 2015 2645">
    <p class='ocr_par' dir='ltr' id='par_1_41' title="bbox 431 2566 2015 2645">
     <span class='ocr_line' id='line_1_41' title="bbox 431 2566 2015 2645; baseline -0.006 -15"><span class='ocrx_word' id='word_1_264' title='bbox 431 2577 693 2645; x_wconf 87' lang='lat' dir='ltr'><strong>primum,</strong></span> <span class='ocrx_word' id='word_1_265' title='bbox 733 2574 806 2626; x_wconf 88' lang='lat' dir='ltr'><strong>ita</strong></span> <span class='ocrx_word' id='word_1_266' title='bbox 843 2579 902 2624; x_wconf 93' lang='lat' dir='ltr'><strong>ut</strong></span> <span class='ocrx_word' id='word_1_267' title='bbox 928 2583 1024 2641; x_wconf 85' lang='lat' dir='ltr'><strong>par</strong></span> <span class='ocrx_word' id='word_1_268' title='bbox 1063 2577 1204 2633; x_wconf 89' lang='lat' dir='ltr'><strong>erat,</strong></span> <span class='ocrx_word' id='word_1_269' title='bbox 1255 2568 1535 2623; x_wconf 86' lang='lat' dir='ltr'><strong>Christum</strong></span> <span class='ocrx_word' id='word_1_270' title='bbox 1565 2581 1689 2622; x_wconf 90' lang='lat' dir='ltr'><strong>eum</strong></span> <span class='ocrx_word' id='word_1_271' title='bbox 1732 2566 2015 2634; x_wconf 87' lang='lat' dir='ltr'><strong>discipulis</strong></span> 
     </span>
    </p>
   </div>
   <div class='ocr_carea' id='block_1_42' title="bbox 431 2659 2016 2730">
    <p class='ocr_par' dir='ltr' id='par_1_42' title="bbox 431 2659 2016 2730">
     <span class='ocr_line' id='line_1_42' title="bbox 431 2659 2016 2730; baseline -0.008 -8"><span class='ocrx_word' id='word_1_272' title='bbox 431 2667 660 2722; x_wconf 87' lang='lat' dir='ltr'><strong>omnino</strong></span> <span class='ocrx_word' id='word_1_273' title='bbox 707 2666 889 2721; x_wconf 83' lang='lat' dir='ltr'><strong>edisse</strong></span> <span class='ocrx_word' id='word_1_274' title='bbox 941 2683 954 2719; x_wconf 90' lang='lat'>:</span> <span class='ocrx_word' id='word_1_275' title='bbox 1009 2662 1208 2716; x_wconf 84' lang='lat' dir='ltr'><strong>deinde</strong></span> <span class='ocrx_word' id='word_1_276' title='bbox 1250 2676 1374 2716; x_wconf 88' lang='lat' dir='ltr'><strong>eum</strong></span> <span class='ocrx_word' id='word_1_277' title='bbox 1427 2659 1498 2714; x_wconf 87' lang='lat' dir='ltr'><strong>ad</strong></span> <span class='ocrx_word' id='word_1_278' title='bbox 1540 2659 1828 2730; x_wconf 74' lang='lat' dir='ltr'><strong>mysticam</strong></span> <span class='ocrx_word' id='word_1_279' title='bbox 1857 2672 2016 2711; x_wconf 82' lang='lat' dir='ltr'><strong>arca-</strong></span> 
     </span>
    </p>
   </div>
   <div class='ocr_carea' id='block_1_43' title="bbox 434 2749 2017 2828">
    <p class='ocr_par' dir='ltr' id='par_1_43' title="bbox 434 2749 2017 2828">
     <span class='ocr_line' id='line_1_43' title="bbox 434 2749 2017 2828; baseline -0.008 -15"><span class='ocrx_word' id='word_1_280' title='bbox 434 2772 674 2828; x_wconf 88' lang='lat' dir='ltr'><strong>namque</strong></span> <span class='ocrx_word' id='word_1_281' title='bbox 717 2757 862 2810; x_wconf 88' lang='lat' dir='ltr'><strong>illam</strong></span> <span class='ocrx_word' id='word_1_282' title='bbox 891 2770 1106 2810; x_wconf 65' lang='lat' dir='ltr'><strong>cuinam</strong></span> <span class='ocrx_word' id='word_1_283' title='bbox 1137 2751 1504 2817; x_wconf 75' lang='lat' dir='ltr'><strong>consedisset,</strong></span> <span class='ocrx_word' id='word_1_284' title='bbox 1559 2765 1724 2820; x_wconf 90' lang='lat' dir='ltr'><strong>parva</strong></span> <span class='ocrx_word' id='word_1_285' title='bbox 1772 2749 2017 2818; x_wconf 86' lang='lat' dir='ltr'><strong>interpo-</strong></span> 
     </span>
    </p>
   </div>
   <div class='ocr_carea' id='block_1_44' title="bbox 436 2840 2016 2908">
    <p class='ocr_par' dir='ltr' id='par_1_44' title="bbox 436 2840 2016 2908">
     <span class='ocr_line' id='line_1_44' title="bbox 436 2840 2016 2908; baseline -0.006 -6"><span class='ocrx_word' id='word_1_286' title='bbox 436 2851 540 2902; x_wconf 84' lang='lat' dir='ltr'><strong>sita</strong></span> <span class='ocrx_word' id='word_1_287' title='bbox 585 2859 736 2899; x_wconf 82' lang='lat' dir='ltr'><strong>mora</strong></span> <span class='ocrx_word' id='word_1_288' title='bbox 787 2842 1229 2907; x_wconf 79' lang='lat' dir='ltr'><strong>consurrexisse,</strong></span> <span class='ocrx_word' id='word_1_289' title='bbox 1261 2841 1592 2896; x_wconf 86' lang='lat' dir='ltr'><strong>vestimenta</strong></span> <span class='ocrx_word' id='word_1_290' title='bbox 1633 2840 1846 2908; x_wconf 84' lang='lat' dir='ltr'><strong>(utpote</strong></span> <span class='ocrx_word' id='word_1_291' title='bbox 1893 2853 2016 2907; x_wconf 77' lang='lat' dir='ltr'><strong>quae</strong></span> 
     </span>
    </p>
   </div>
   <div class='ocr_carea' id='block_1_45' title="bbox 434 2930 2016 3006">
    <p class='ocr_par' dir='ltr' id='par_1_45' title="bbox 434 2930 2016 3006">
     <span class='ocr_line' id='line_1_45' title="bbox 434 2930 2016 3006; baseline -0.008 -10"><span class='ocrx_word' id='word_1_292' title='bbox 434 2955 563 2997; x_wconf 88' lang='lat' dir='ltr'><strong>eum</strong></span> <span class='ocrx_word' id='word_1_293' title='bbox 614 2939 845 2992; x_wconf 80' lang='lat' dir='ltr'><strong>fortasse</strong></span> <span class='ocrx_word' id='word_1_294' title='bbox 872 2943 1182 3006; x_wconf 79' lang='lat' dir='ltr'><strong>gravarent,</strong></span> <span class='ocrx_word' id='word_1_295' title='bbox 1212 2942 1268 2988; x_wconf 88' lang='lat' dir='ltr'><strong>et</strong></span> <span class='ocrx_word' id='word_1_296' title='bbox 1318 2935 1373 2987; x_wconf 91' lang='lat' dir='ltr'><strong>iu</strong></span> <span class='ocrx_word' id='word_1_297' title='bbox 1407 2932 1722 2987; x_wconf 79' lang='lat' dir='ltr'><strong>ministerio</strong></span> <span class='ocrx_word' id='word_1_298' title='bbox 1757 2930 2016 2984; x_wconf 86' lang='lat' dir='ltr'><strong>obeundo</strong></span> 
     </span>
    </p>
   </div>
   <div class='ocr_carea' id='block_1_46' title="bbox 435 3022 2018 3103">
    <p class='ocr_par' dir='ltr' id='par_1_46' title="bbox 435 3022 2018 3103">
     <span class='ocr_line' id='line_1_46' title="bbox 435 3022 2018 3103; baseline -0.007 -16"><span class='ocrx_word' id='word_1_299' title='bbox 435 3029 796 3103; x_wconf 81' lang='lat' dir='ltr'><strong>impedirent)</strong></span> <span class='ocrx_word' id='word_1_300' title='bbox 850 3029 1032 3083; x_wconf 83' lang='lat' dir='ltr'><strong>statim</strong></span> <span class='ocrx_word' id='word_1_301' title='bbox 1084 3025 1432 3096; x_wconf 85' lang='lat' dir='ltr'><strong>deposuisse,</strong></span> <span class='ocrx_word' id='word_1_302' title='bbox 1486 3023 1878 3103; x_wconf 32' lang='lat' dir='ltr'><strong>linteum‘sibi</strong></span> <span class='ocrx_word' id='word_1_303' title='bbox 1913 3022 2018 3076; x_wconf 84' lang='lat' dir='ltr'><strong>cir-</strong></span> 
     </span>
    </p>
   </div>
   <div class='ocr_carea' id='block_1_47' title="bbox 435 3097 2020 3189">
    <p class='ocr_par' dir='ltr' id='par_1_47' title="bbox 435 3097 2020 3189">
     <span class='ocr_line' id='line_1_47' title="bbox 435 3097 2020 3189; baseline -0.008 -9"><span class='ocrx_word' id='word_1_304' title='bbox 435 3097 830 3184; x_wconf 68' lang='lat' dir='ltr'><strong>contemsisse,</strong></span> <span class='ocrx_word' id='word_1_305' title='bbox 867 3129 1033 3189; x_wconf 82' lang='lat' dir='ltr'><strong>atque</strong></span> <span class='ocrx_word' id='word_1_306' title='bbox 1071 3117 1144 3172; x_wconf 87' lang='lat' dir='ltr'><strong>ita</strong></span> <span class='ocrx_word' id='word_1_307' title='bbox 1185 3125 1438 3188; x_wconf 88' lang='lat' dir='ltr'><strong>prompte</strong></span> <span class='ocrx_word' id='word_1_308' title='bbox 1465 3097 1543 3170; x_wconf 44' lang='lat' dir='ltr'><strong>et.</strong></span> <span class='ocrx_word' id='word_1_309' title='bbox 1571 3115 1829 3170; x_wconf 90' lang='lat' dir='ltr'><strong>alacriter</strong></span> <span class='ocrx_word' id='word_1_310' title='bbox 1853 3115 2020 3168; x_wconf 88' lang='lat' dir='ltr'><strong>disci-</strong></span> 
     </span>
    </p>
   </div>
   <div class='ocr_carea' id='block_1_48' title="bbox 436 3209 2018 3288">
    <p class='ocr_par' dir='ltr' id='par_1_48' title="bbox 436 3209 2018 3288">
     <span class='ocr_line' id='line_1_48' title="bbox 436 3209 2018 3288; baseline -0.005 -17"><span class='ocrx_word' id='word_1_311' title='bbox 436 3219 696 3288; x_wconf 88' lang='lat' dir='ltr'><strong>pulormn</strong></span> <span class='ocrx_word' id='word_1_312' title='bbox 731 3213 901 3284; x_wconf 83' lang='lat' dir='ltr'><strong>pedes</strong></span> <span class='ocrx_word' id='word_1_313' title='bbox 928 3211 1151 3277; x_wconf 84' lang='lat' dir='ltr'><strong>lavisse,</strong></span> <span class='ocrx_word' id='word_1_314' title='bbox 1186 3225 1246 3265; x_wconf 91' lang='grc' dir='ltr'><strong>ιιι</strong></span> <span class='ocrx_word' id='word_1_315' title='bbox 1273 3209 1434 3266; x_wconf 89' lang='lat' dir='ltr'><strong>simul</strong></span> <span class='ocrx_word' id='word_1_316' title='bbox 1465 3218 1520 3264; x_wconf 88' lang='lat' dir='ltr'><strong>et</strong></span> <span class='ocrx_word' id='word_1_317' title='bbox 1553 3224 1747 3264; x_wconf 87' lang='lat' dir='ltr'><strong>novam</strong></span> <span class='ocrx_word' id='word_1_318' title='bbox 1779 3209 2018 3264; x_wconf 87' lang='lat' dir='ltr'><strong>submis-</strong></span> 
     </span>
    </p>
   </div>
   <div class='ocr_carea' id='block_1_49' title="bbox 2115 2000 3692 2074">
    <p class='ocr_par' dir='ltr' id='par_1_49' title="bbox 2115 2000 3692 2074">
     <span class='ocr_line' id='line_1_49' title="bbox 2115 2000 3692 2074; baseline -0.006 -15"><span class='ocrx_word' id='word_1_319' title='bbox 2115 2007 2175 2059; x_wconf 80' lang='grc' dir='ltr'>τὸ</span> <span class='ocrx_word' id='word_1_320' title='bbox 2204 2005 2342 2074; x_wconf 70' lang='grc' dir='ltr'>ὑπὲρ</span> <span class='ocrx_word' id='word_1_321' title='bbox 2366 2007 2398 2074; x_wconf 88' lang='grc' dir='ltr'>ἠ</span> <span class='ocrx_word' id='word_1_322' title='bbox 2409 2004 2526 2074; x_wconf 87' lang='grc' dir='ltr'><strong>μῶν</strong></span> <span class='ocrx_word' id='word_1_323' title='bbox 2555 2003 2748 2072; x_wconf 79' lang='grc' dir='ltr'>Πάσχα</span> <span class='ocrx_word' id='word_1_324' title='bbox 2774 2001 3001 2056; x_wconf 81' lang='grc' dir='ltr'><strong>θύεσθαι</strong></span> <span class='ocrx_word' id='word_1_325' title='bbox 3028 2003 3120 2054; x_wconf 77' lang='grc' dir='ltr'>ἐπὶ</span> <span class='ocrx_word' id='word_1_326' title='bbox 3144 2001 3238 2054; x_wconf 83' lang='grc' dir='ltr'>τοῦ</span> <span class='ocrx_word' id='word_1_327' title='bbox 3265 2000 3501 2071; x_wconf 80' lang='grc' dir='ltr'>σταυροῦ</span> <span class='ocrx_word' id='word_1_328' title='bbox 3525 2001 3692 2070; x_wconf 77' lang='grc' dir='ltr'>ἐχρῆν</span> 
     </span>
    </p>
   </div>
   <div class='ocr_carea' id='block_1_50' title="bbox 2115 2095 3692 2172">
    <p class='ocr_par' dir='ltr' id='par_1_50' title="bbox 2115 2095 3692 2172">
     <span class='ocr_line' id='line_1_50' title="bbox 2115 2095 3692 2172; baseline -0.006 -18"><span class='ocrx_word' id='word_1_329' title='bbox 2115 2101 2454 2172; x_wconf 79' lang='grc' dir='ltr'>προφθάσαι,</span> <span class='ocrx_word' id='word_1_330' title='bbox 2486 2100 2584 2152; x_wconf 81' lang='grc' dir='ltr'>καὶ</span> <span class='ocrx_word' id='word_1_331' title='bbox 2613 2098 2705 2151; x_wconf 83' lang='grc' dir='ltr'>τὸν</span> <span class='ocrx_word' id='word_1_332' title='bbox 2734 2097 2907 2150; x_wconf 90' lang='grc' dir='ltr'>τύπον</span> <span class='ocrx_word' id='word_1_333' title='bbox 2936 2097 3226 2169; x_wconf 73' lang='grc' dir='ltr'>πληρῶσαι</span> <span class='ocrx_word' id='word_1_334' title='bbox 3255 2096 3449 2164; x_wconf 80' lang='grc' dir='ltr'>Πάσχα</span> <span class='ocrx_word' id='word_1_335' title='bbox 3475 2095 3569 2148; x_wconf 80' lang='grc' dir='ltr'><strong>τοῦ</strong></span> <span class='ocrx_word' id='word_1_336' title='bbox 3605 2111 3692 2145; x_wconf 78' lang='grc' dir='ltr'><strong>νο-</strong></span> 
     </span>
    </p>
   </div>
   <div class='ocr_carea' id='block_1_51' title="bbox 2118 2187 3694 2264">
    <p class='ocr_par' dir='ltr' id='par_1_51' title="bbox 2118 2187 3694 2264">
     <span class='ocr_line' id='line_1_51' title="bbox 2118 2187 3694 2264; baseline -0.004 -18"><span class='ocrx_word' id='word_1_337' title='bbox 2118 2193 2280 2264; x_wconf 84' lang='grc' dir='ltr'>μικοῦ</span> <span class='ocrx_word' id='word_1_338' title='bbox 2310 2193 2454 2247; x_wconf 78' lang='grc' dir='ltr'>κατὰ</span> <span class='ocrx_word' id='word_1_339' title='bbox 2486 2195 2584 2262; x_wconf 79' lang='grc' dir='ltr'>τὴν</span> <span class='ocrx_word' id='word_1_340' title='bbox 2616 2192 2718 2262; x_wconf 80' lang='grc' dir='ltr'>τῆς</span> <span class='ocrx_word' id='word_1_341' title='bbox 2746 2192 3016 2260; x_wconf 80' lang='grc' dir='ltr'>Πέμπτης</span> <span class='ocrx_word' id='word_1_342' title='bbox 3051 2191 3315 2260; x_wconf 77' lang='grc' dir='ltr'>ἑσπέραν.</span> <span class='ocrx_word' id='word_1_343' title='bbox 3353 2189 3460 2244; x_wconf 80' lang='grc' dir='ltr'>Καί</span> <span class='ocrx_word' id='word_1_344' title='bbox 3502 2205 3564 2256; x_wconf 91' lang='grc' dir='ltr'><strong>γε</strong></span> <span class='ocrx_word' id='word_1_345' title='bbox 3601 2187 3694 2239; x_wconf 73' lang='grc' dir='ltr'>λόε-</span> 
     </span>
    </p>
   </div>
   <div class='ocr_carea' id='block_1_52' title="bbox 2115 2277 3694 2356">
    <p class='ocr_par' dir='ltr' id='par_1_52' title="bbox 2115 2277 3694 2356">
     <span class='ocr_line' id='line_1_52' title="bbox 2115 2277 3694 2356; baseline -0.005 -17"><span class='ocrx_word' id='word_1_346' title='bbox 2115 2305 2209 2355; x_wconf 87' lang='grc' dir='ltr'><strong>γος</strong></span> <span class='ocrx_word' id='word_1_347' title='bbox 2244 2285 2360 2356; x_wconf 75' lang='grc' dir='ltr'>ἔχει</span> <span class='ocrx_word' id='word_1_348' title='bbox 2394 2285 2612 2346; x_wconf 75' lang='grc' dir='ltr'>πολλοῖς</span> <span class='ocrx_word' id='word_1_349' title='bbox 2671 2285 2771 2354; x_wconf 82' lang='grc' dir='ltr'>μὲν</span> <span class='ocrx_word' id='word_1_350' title='bbox 2827 2284 2915 2336; x_wconf 73' lang='grc' dir='ltr'>καὶ</span> <span class='ocrx_word' id='word_1_351' title='bbox 2976 2283 3183 2346; x_wconf 75' lang='grc' dir='ltr'>ἄλλοις,</span> <span class='ocrx_word' id='word_1_352' title='bbox 3229 2282 3467 2353; x_wconf 83' lang='grc' dir='ltr'>μάλιστα</span> <span class='ocrx_word' id='word_1_353' title='bbox 3499 2280 3556 2332; x_wconf 82' lang='grc' dir='ltr'>δὲ</span> <span class='ocrx_word' id='word_1_354' title='bbox 3614 2277 3694 2346; x_wconf 83' lang='grc' dir='ltr'>τῷ</span> 
     </span>
    </p>
   </div>
   <div class='ocr_carea' id='block_1_53' title="bbox 2116 2372 3695 2450">
    <p class='ocr_par' dir='ltr' id='par_1_53' title="bbox 2116 2372 3695 2450">
     <span class='ocr_line' id='line_1_53' title="bbox 2116 2372 3695 2450; baseline -0.006 -19"><span class='ocrx_word' id='word_1_355' title='bbox 2116 2377 2304 2450; x_wconf 87' lang='grc' dir='ltr'><strong>χρυσῷ</strong></span> <span class='ocrx_word' id='word_1_356' title='bbox 2337 2377 2436 2446; x_wconf 81' lang='grc' dir='ltr'>τὴν</span> <span class='ocrx_word' id='word_1_357' title='bbox 2487 2375 2738 2445; x_wconf 76' lang='grc' dir='ltr'>γλῶτταν</span> <span class='ocrx_word' id='word_1_358' title='bbox 2791 2375 3181 2445; x_wconf 86' lang='grc' dir='ltr'>πιστούμενος,</span> <span class='ocrx_word' id='word_1_359' title='bbox 3235 2375 3328 2427; x_wconf 81' lang='grc' dir='ltr'>τὸν</span> <span class='ocrx_word' id='word_1_360' title='bbox 3361 2373 3556 2440; x_wconf 80' lang='grc' dir='ltr'>ἄλογον</span> <span class='ocrx_word' id='word_1_361' title='bbox 3599 2372 3695 2424; x_wconf 73' lang='grc' dir='ltr'>καὶ</span> 
     </span>
    </p>
   </div>
   <div class='ocr_carea' id='block_1_54' title="bbox 2115 2465 3694 2540">
    <p class='ocr_par' dir='ltr' id='par_1_54' title="bbox 2115 2465 3694 2540">
     <span class='ocr_line' id='line_1_54' title="bbox 2115 2465 3694 2540; baseline -0.006 -15"><span class='ocrx_word' id='word_1_362' title='bbox 2115 2473 2239 2526; x_wconf 82' lang='grc' dir='ltr'>τότε</span> <span class='ocrx_word' id='word_1_363' title='bbox 2273 2471 2444 2538; x_wconf 73' lang='grc' dir='ltr'>ἀμνὸν</span> <span class='ocrx_word' id='word_1_364' title='bbox 2474 2470 2710 2539; x_wconf 78' lang='grc' dir='ltr'>πρῶτον,</span> <span class='ocrx_word' id='word_1_365' title='bbox 2745 2469 2822 2532; x_wconf 82' lang='grc' dir='ltr'>ὥς</span> <span class='ocrx_word' id='word_1_366' title='bbox 2854 2486 2919 2538; x_wconf 88' lang='grc' dir='ltr'><strong>γε</strong></span> <span class='ocrx_word' id='word_1_367' title='bbox 2963 2469 3124 2538; x_wconf 81' lang='grc' dir='ltr'>Θέμις</span> <span class='ocrx_word' id='word_1_368' title='bbox 3153 2465 3240 2540; x_wconf 75' lang='grc' dir='ltr'><strong>ἦν,</strong></span> <span class='ocrx_word' id='word_1_369' title='bbox 3286 2469 3424 2536; x_wconf 84' lang='grc' dir='ltr'>μετά</span> <span class='ocrx_word' id='word_1_370' title='bbox 3451 2465 3561 2519; x_wconf 88' lang='grc' dir='ltr'><strong>τῶν</strong></span> <span class='ocrx_word' id='word_1_371' title='bbox 3591 2483 3694 2534; x_wconf 83' lang='grc' dir='ltr'>μα-</span> 
     </span>
    </p>
   </div>
   <div class='ocr_carea' id='block_1_55' title="bbox 2118 2552 3696 2631">
    <p class='ocr_par' dir='ltr' id='par_1_55' title="bbox 2118 2552 3696 2631">
     <span class='ocr_line' id='line_1_55' title="bbox 2118 2552 3696 2631; baseline -0.003 -17"><span class='ocrx_word' id='word_1_372' title='bbox 2118 2561 2297 2631; x_wconf 81' lang='grc' dir='ltr'><strong>θητῶν</strong></span> <span class='ocrx_word' id='word_1_373' title='bbox 2332 2560 2553 2622; x_wconf 80' lang='grc' dir='ltr'>πάντως</span> <span class='ocrx_word' id='word_1_374' title='bbox 2601 2563 2798 2628; x_wconf 83' lang='grc' dir='ltr'>φαγεῖν</span> <span class='ocrx_word' id='word_1_375' title='bbox 2828 2561 2920 2613; x_wconf 85' lang='grc' dir='ltr'>τὸν</span> <span class='ocrx_word' id='word_1_376' title='bbox 2955 2561 3214 2631; x_wconf 72' lang='grc' dir='ltr'>Χριστόνο</span> <span class='ocrx_word' id='word_1_377' title='bbox 3258 2558 3448 2612; x_wconf 79' lang='grc' dir='ltr'>ἔπειτα</span> <span class='ocrx_word' id='word_1_378' title='bbox 3487 2552 3563 2624; x_wconf 78' lang='grc' dir='ltr'>τῷ</span> <span class='ocrx_word' id='word_1_379' title='bbox 3593 2575 3696 2624; x_wconf 71' lang='grc' dir='ltr'><strong>μου</strong></span> 
     </span>
    </p>
   </div>
   <div class='ocr_carea' id='block_1_56' title="bbox 2121 2649 3690 2723">
    <p class='ocr_par' dir='ltr' id='par_1_56' title="bbox 2121 2649 3690 2723">
     <span class='ocr_line' id='line_1_56' title="bbox 2121 2649 3690 2723; baseline -0.002 -19"><span class='ocrx_word' id='word_1_380' title='bbox 2121 2651 2292 2722; x_wconf 89' lang='grc' dir='ltr'>στικῷ</span> <span class='ocrx_word' id='word_1_381' title='bbox 2320 2651 2520 2722; x_wconf 81' lang='grc' dir='ltr'><strong>δείπνῳ</strong></span> <span class='ocrx_word' id='word_1_382' title='bbox 2552 2651 2913 2706; x_wconf 79' lang='grc' dir='ltr'>ἀνακλιθέντα</span> <span class='ocrx_word' id='word_1_383' title='bbox 2934 2651 3282 2723; x_wconf 85' lang='grc' dir='ltr'>διεγερθῆναι</span> <span class='ocrx_word' id='word_1_384' title='bbox 3323 2651 3482 2713; x_wconf 77' lang='grc' dir='ltr'>αὖθις</span> <span class='ocrx_word' id='word_1_385' title='bbox 3513 2649 3690 2719; x_wconf 85' lang='grc' dir='ltr'>βραχύ</span> 
     </span>
    </p>
   </div>
   <div class='ocr_carea' id='block_1_57' title="bbox 2117 2742 3698 2815">
    <p class='ocr_par' dir='ltr' id='par_1_57' title="bbox 2117 2742 3698 2815">
     <span class='ocr_line' id='line_1_57' title="bbox 2117 2742 3698 2815; baseline -0.003 -15"><span class='ocrx_word' id='word_1_386' title='bbox 2117 2764 2169 2800; x_wconf 82' lang='grc' dir='ltr'><strong>τι</strong></span> <span class='ocrx_word' id='word_1_387' title='bbox 2197 2745 2534 2810; x_wconf 83' lang='grc' dir='ltr'>διαλιπόντα,</span> <span class='ocrx_word' id='word_1_388' title='bbox 2558 2747 2652 2798; x_wconf 75' lang='grc' dir='ltr'>καὶ</span> <span class='ocrx_word' id='word_1_389' title='bbox 2685 2748 2753 2799; x_wconf 81' lang='grc' dir='ltr'>τὰ</span> <span class='ocrx_word' id='word_1_390' title='bbox 2785 2746 2999 2815; x_wconf 72' lang='grc' dir='ltr'>ἱμάτια,</span> <span class='ocrx_word' id='word_1_391' title='bbox 3023 2742 3220 2815; x_wconf 82' lang='grc' dir='ltr'>οἷάπερ</span> <span class='ocrx_word' id='word_1_392' title='bbox 3241 2745 3372 2806; x_wconf 69' lang='grc' dir='ltr'>ἴσως</span> <span class='ocrx_word' id='word_1_393' title='bbox 3397 2743 3698 2814; x_wconf 83' lang='grc' dir='ltr'>βαρύνοντα</span> 
     </span>
    </p>
   </div>
   <div class='ocr_carea' id='block_1_58' title="bbox 2119 2836 3694 2910">
    <p class='ocr_par' dir='ltr' id='par_1_58' title="bbox 2119 2836 3694 2910">
     <span class='ocr_line' id='line_1_58' title="bbox 2119 2836 3694 2910; baseline -0.003 -19"><span class='ocrx_word' id='word_1_394' title='bbox 2119 2842 2216 2895; x_wconf 77' lang='grc' dir='ltr'>καὶ</span> <span class='ocrx_word' id='word_1_395' title='bbox 2239 2838 2490 2909; x_wconf 81' lang='grc' dir='ltr'>ἐμποδὼν</span> <span class='ocrx_word' id='word_1_396' title='bbox 2513 2839 2650 2910; x_wconf 81' lang='grc' dir='ltr'>πρὸς</span> <span class='ocrx_word' id='word_1_397' title='bbox 2680 2839 2778 2909; x_wconf 82' lang='grc' dir='ltr'><strong>τὴν</strong></span> <span class='ocrx_word' id='word_1_398' title='bbox 2803 2840 3080 2893; x_wconf 73' lang='grc' dir='ltr'>διακονίαν</span> <span class='ocrx_word' id='word_1_399' title='bbox 3105 2839 3510 2910; x_wconf 72' lang='grc' dir='ltr'>καθεστηκότα,</span> <span class='ocrx_word' id='word_1_400' title='bbox 3536 2836 3694 2897; x_wconf 73' lang='grc' dir='ltr'>εὐθὺς</span> 
     </span>
    </p>
   </div>
   <div class='ocr_carea' id='block_1_59' title="bbox 2118 2929 3696 3002">
    <p class='ocr_par' dir='ltr' id='par_1_59' title="bbox 2118 2929 3696 3002">
     <span class='ocr_line' id='line_1_59' title="bbox 2118 2929 3696 3002; baseline -0.004 -16"><span class='ocrx_word' id='word_1_401' title='bbox 2118 2933 2442 2996; x_wconf 83' lang='grc' dir='ltr'>ἀποθέσθαι,</span> <span class='ocrx_word' id='word_1_402' title='bbox 2487 2932 2907 3002; x_wconf 79' lang='grc' dir='ltr'>περιζώσασθαί</span> <span class='ocrx_word' id='word_1_403' title='bbox 2957 2949 3018 2986; x_wconf 84' lang='grc' dir='ltr'><strong>τε</strong></span> <span class='ocrx_word' id='word_1_404' title='bbox 3061 2931 3123 2986; x_wconf 76' lang='grc' dir='ltr'>τὸ</span> <span class='ocrx_word' id='word_1_405' title='bbox 3159 2931 3388 2996; x_wconf 72' lang='grc' dir='ltr'>λέντιον,</span> <span class='ocrx_word' id='word_1_406' title='bbox 3428 2931 3525 2984; x_wconf 68' lang='grc' dir='ltr'><strong>καὶ</strong></span> <span class='ocrx_word' id='word_1_407' title='bbox 3554 2929 3696 2982; x_wconf 76' lang='grc' dir='ltr'>οὕτω</span> 
     </span>
    </p>
   </div>
   <div class='ocr_carea' id='block_1_60' title="bbox 2118 3022 3696 3098">
    <p class='ocr_par' dir='ltr' id='par_1_60' title="bbox 2118 3022 3696 3098">
     <span class='ocr_line' id='line_1_60' title="bbox 2118 3022 3696 3098; baseline -0.004 -18"><span class='ocrx_word' id='word_1_408' title='bbox 2118 3026 2418 3098; x_wconf 80' lang='grc' dir='ltr'><strong>προθύμως</strong></span> <span class='ocrx_word' id='word_1_409' title='bbox 2475 3027 2602 3088; x_wconf 78' lang='grc' dir='ltr'>τοὺς</span> <span class='ocrx_word' id='word_1_410' title='bbox 2655 3027 2824 3087; x_wconf 87' lang='grc' dir='ltr'>πόδας</span> <span class='ocrx_word' id='word_1_411' title='bbox 2870 3025 3368 3094; x_wconf 80' lang='grc' dir='ltr'>ἐκκαθαίρειν,τῶν</span> <span class='ocrx_word' id='word_1_412' title='bbox 3413 3022 3696 3094; x_wconf 77' lang='grc' dir='ltr'><strong>μαθητῶν,</strong></span> 
     </span>
    </p>
   </div>
   <div class='ocr_carea' id='block_1_61' title="bbox 2118 3111 3699 3186">
    <p class='ocr_par' dir='ltr' id='par_1_61' title="bbox 2118 3111 3699 3186">
     <span class='ocr_line' id='line_1_61' title="bbox 2118 3111 3699 3186; baseline -0.004 -18"><span class='ocrx_word' id='word_1_413' title='bbox 2118 3116 2252 3182; x_wconf 76' lang='grc' dir='ltr'>ὁμοῦ</span> <span class='ocrx_word' id='word_1_414' title='bbox 2302 3116 2400 3186; x_wconf 85' lang='grc' dir='ltr'><strong>μέν</strong></span> <span class='ocrx_word' id='word_1_415' title='bbox 2441 3117 2498 3168; x_wconf 75' lang='grc' dir='ltr'><strong>τὸ</strong></span> <span class='ocrx_word' id='word_1_416' title='bbox 2540 3116 2726 3169; x_wconf 83' lang='grc' dir='ltr'>καινὸν</span> <span class='ocrx_word' id='word_1_417' title='bbox 2759 3113 2896 3184; x_wconf 77' lang='grc' dir='ltr'>ὕψος</span> <span class='ocrx_word' id='word_1_418' title='bbox 2936 3115 3033 3185; x_wconf 83' lang='grc' dir='ltr'>τῆς</span> <span class='ocrx_word' id='word_1_419' title='bbox 3083 3111 3467 3175; x_wconf 76' lang='grc' dir='ltr'>ταπεινώσεως</span> <span class='ocrx_word' id='word_1_420' title='bbox 3517 3126 3699 3180; x_wconf 80' lang='grc' dir='ltr'>παρα-</span> 
     </span>
    </p>
   </div>
   <div class='ocr_carea' id='block_1_62' title="bbox 2120 3203 3698 3278">
    <p class='ocr_par' dir='ltr' id='par_1_62' title="bbox 2120 3203 3698 3278">
     <span class='ocr_line' id='line_1_62' title="bbox 2120 3203 3698 3278; baseline -0.003 -17"><span class='ocrx_word' id='word_1_421' title='bbox 2120 3211 2381 3278; x_wconf 73' lang='grc' dir='ltr'>φαίνοντα</span> <span class='ocrx_word' id='word_1_422' title='bbox 2403 3247 2418 3272; x_wconf 89' lang='grc'><strong>,</strong></span> <span class='ocrx_word' id='word_1_423' title='bbox 2474 3207 2822 3277; x_wconf 71' lang='grc' dir='ltr'>συμϐολικῶς</span> <span class='ocrx_word' id='word_1_424' title='bbox 2853 3224 2913 3260; x_wconf 81' lang='grc' dir='ltr'><strong>τε</strong></span> <span class='ocrx_word' id='word_1_425' title='bbox 2949 3204 3370 3278; x_wconf 82' lang='grc' dir='ltr'>παραδηλοῦντα</span> <span class='ocrx_word' id='word_1_426' title='bbox 3406 3204 3507 3274; x_wconf 81' lang='grc' dir='ltr'>τῆς</span> <span class='ocrx_word' id='word_1_427' title='bbox 3554 3203 3698 3257; x_wconf 72' lang='grc' dir='ltr'>κατὰ</span> 
     </span>
    </p>
   </div>
   <div class='ocr_carea' id='block_1_63' title="bbox 435 3297 2014 3376">
    <p class='ocr_par' dir='ltr' id='par_1_63' title="bbox 435 3299 2010 3376">
     <span class='ocr_line' id='line_1_63' title="bbox 435 3299 2010 3376; baseline -0.009 -11"><span class='ocrx_word' id='word_1_428' title='bbox 435 3308 610 3365; x_wconf 86' lang='lat' dir='ltr'><strong>siouis</strong></span> <span class='ocrx_word' id='word_1_429' title='bbox 633 3319 795 3376; x_wconf 85' lang='lat' dir='ltr'><strong>atque</strong></span> <span class='ocrx_word' id='word_1_430' title='bbox 819 3302 1177 3358; x_wconf 86' lang='lat' dir='ltr'><strong>humanitatis</strong></span> <span class='ocrx_word' id='word_1_431' title='bbox 1198 3299 1516 3358; x_wconf 89' lang='lat' dir='ltr'><strong>ostenderet</strong></span> <span class='ocrx_word' id='word_1_432' title='bbox 1541 3299 2010 3362; x_wconf 87' lang='lat' dir='ltr'><strong>sublimatiouem,</strong></span> 
     </span>
    </p>
   </div>
   <div class='ocr_carea' id='block_1_64' title="bbox 2118 3297 3692 3376">
    <p class='ocr_par' dir='ltr' id='par_1_64' title="bbox 2119 3297 3692 3370">
     <span class='ocr_line' id='line_1_64' title="bbox 2119 3297 3692 3370; baseline -0.002 -18"><span class='ocrx_word' id='word_1_433' title='bbox 2119 3299 2243 3353; x_wconf 79' lang='grc' dir='ltr'>νοῦν</span> <span class='ocrx_word' id='word_1_434' title='bbox 2279 3299 2372 3352; x_wconf 74' lang='grc' dir='ltr'>καὶ</span> <span class='ocrx_word' id='word_1_435' title='bbox 2404 3299 2564 3369; x_wconf 89' lang='grc' dir='ltr'>σῶμα</span> <span class='ocrx_word' id='word_1_436' title='bbox 2615 3298 2828 3363; x_wconf 85' lang='grc' dir='ltr'>τούτοις</span> <span class='ocrx_word' id='word_1_437' title='bbox 2862 3299 3186 3370; x_wconf 80' lang='grc' dir='ltr'>καθάρσεως</span> <span class='ocrx_word' id='word_1_438' title='bbox 3230 3298 3330 3369; x_wconf 85' lang='grc' dir='ltr'><strong>τὴν</strong></span> <span class='ocrx_word' id='word_1_439' title='bbox 3377 3297 3653 3352; x_wconf 83' lang='grc' dir='ltr'>οίκείωσιν</span> <span class='ocrx_word' id='word_1_440' title='bbox 3678 3313 3692 3328; x_wconf 88' lang='grc'><strong>·</strong></span> 
     </span>
    </p>
   </div>
   <div class='ocr_carea' id='block_1_65' title="bbox 435 3393 2017 3470">
    <p class='ocr_par' dir='ltr' id='par_1_65' title="bbox 435 3393 2017 3470">
     <span class='ocr_line' id='line_1_65' title="bbox 435 3393 2017 3470; baseline -0.006 -18"><span class='ocrx_word' id='word_1_441' title='bbox 435 3411 491 3454; x_wconf 80' lang='lat' dir='ltr'><strong>ot</strong></span> <span class='ocrx_word' id='word_1_442' title='bbox 518 3417 614 3470; x_wconf 76' lang='lat' dir='ltr'><strong>per</strong></span> <span class='ocrx_word' id='word_1_443' title='bbox 643 3398 956 3470; x_wconf 76' lang='lat' dir='ltr'><strong>symbolum</strong></span> <span class='ocrx_word' id='word_1_444' title='bbox 995 3405 1160 3464; x_wconf 84' lang='lat' dir='ltr'><strong>atque</strong></span> <span class='ocrx_word' id='word_1_445' title='bbox 1191 3395 1412 3464; x_wconf 79' lang='lat' dir='ltr'><strong>signum</strong></span> <span class='ocrx_word' id='word_1_446' title='bbox 1443 3393 1577 3464; x_wconf 88' lang='lat' dir='ltr'><strong>ipsis</strong></span> <span class='ocrx_word' id='word_1_447' title='bbox 1617 3393 1838 3462; x_wconf 89' lang='lat' dir='ltr'><strong>pr0prie</strong></span> <span class='ocrx_word' id='word_1_448' title='bbox 1869 3407 2017 3446; x_wconf 74' lang='lat' dir='ltr'><strong>com-</strong></span> 
     </span>
    </p>
   </div>
   <div class='ocr_carea' id='block_1_66' title="bbox 432 3483 2020 3561">
    <p class='ocr_par' dir='ltr' id='par_1_66' title="bbox 432 3483 2020 3561">
     <span class='ocr_line' id='line_1_66' title="bbox 432 3483 2020 3561; baseline -0.007 -17"><span class='ocrx_word' id='word_1_449' title='bbox 432 3501 625 3561; x_wconf 84' lang='lat' dir='ltr'><strong>petere</strong></span> <span class='ocrx_word' id='word_1_450' title='bbox 673 3487 872 3542; x_wconf 88' lang='lat' dir='ltr'><strong>mentis</strong></span> <span class='ocrx_word' id='word_1_451' title='bbox 923 3486 1286 3555; x_wconf 85' lang='lat' dir='ltr'><strong>corporisque</strong></span> <span class='ocrx_word' id='word_1_452' title='bbox 1332 3483 1703 3553; x_wconf 78' lang='lat' dir='ltr'><strong>expiationem</strong></span> <span class='ocrx_word' id='word_1_453' title='bbox 1737 3493 1794 3536; x_wconf 92' lang='lat' dir='ltr'><strong>et</strong></span> <span class='ocrx_word' id='word_1_454' title='bbox 1821 3497 2020 3552; x_wconf 75' lang='lat' dir='ltr'><strong>purga-</strong></span> 
     </span>
    </p>
   </div>
   <div class='ocr_carea' id='block_1_67' title="bbox 435 3574 2013 3646">
    <p class='ocr_par' dir='ltr' id='par_1_67' title="bbox 435 3574 2013 3646">
     <span class='ocr_line' id='line_1_67' title="bbox 435 3574 2013 3646; baseline -0.006 -9"><span class='ocrx_word' id='word_1_455' title='bbox 435 3585 645 3638; x_wconf 87' lang='lat' dir='ltr'><strong>tionem</strong></span> <span class='ocrx_word' id='word_1_456' title='bbox 671 3579 1001 3636; x_wconf 85' lang='lat' dir='ltr'><strong>declararet.</strong></span> <span class='ocrx_word' id='word_1_457' title='bbox 1034 3577 1266 3646; x_wconf 85' lang='lat' dir='ltr'><strong>Insuper</strong></span> <span class='ocrx_word' id='word_1_458' title='bbox 1289 3591 1421 3632; x_wconf 83' lang='lat' dir='ltr'><strong>vero</strong></span> <span class='ocrx_word' id='word_1_459' title='bbox 1447 3574 1580 3630; x_wconf 90' lang='lat' dir='ltr'><strong>illud</strong></span> <span class='ocrx_word' id='word_1_460' title='bbox 1619 3575 1704 3630; x_wconf 88' lang='lat' dir='ltr'><strong>eis</strong></span> <span class='ocrx_word' id='word_1_461' title='bbox 1751 3577 2013 3639; x_wconf 88' lang='lat' dir='ltr'><strong>iunueus,</strong></span> 
     </span>
    </p>
   </div>
   <div class='ocr_carea' id='block_1_68' title="bbox 431 3666 2016 3742">
    <p class='ocr_par' dir='ltr' id='par_1_68' title="bbox 431 3666 2016 3742">
     <span class='ocr_line' id='line_1_68' title="bbox 431 3666 2016 3742; baseline -0.008 -14"><span class='ocrx_word' id='word_1_462' title='bbox 431 3671 604 3742; x_wconf 70' lang='lat' dir='ltr'><strong>pedes</strong></span> <span class='ocrx_word' id='word_1_463' title='bbox 624 3684 816 3725; x_wconf 80' lang='lat' dir='ltr'><strong>eorum</strong></span> <span class='ocrx_word' id='word_1_464' title='bbox 839 3671 905 3723; x_wconf 86' lang='lat' dir='ltr'><strong>ad</strong></span> <span class='ocrx_word' id='word_1_465' title='bbox 938 3666 1334 3737; x_wconf 78' lang='lat' dir='ltr'><strong>profectionem</strong></span> <span class='ocrx_word' id='word_1_466' title='bbox 1359 3667 1413 3719; x_wconf 90' lang='lat' dir='ltr'><strong>in</strong></span> <span class='ocrx_word' id='word_1_467' title='bbox 1436 3674 1628 3734; x_wconf 80' lang='lat' dir='ltr'><strong>gentes</strong></span> <span class='ocrx_word' id='word_1_468' title='bbox 1671 3672 1829 3734; x_wconf 87' lang='lat' dir='ltr'><strong>aptos</strong></span> <span class='ocrx_word' id='word_1_469' title='bbox 1853 3669 2016 3732; x_wconf 87' lang='lat' dir='ltr'><strong>atque</strong></span> 
     </span>
    </p>
   </div>
   <div class='ocr_carea' id='block_1_69' title="bbox 434 3752 2019 3828">
    <p class='ocr_par' dir='ltr' id='par_1_69' title="bbox 434 3752 2019 3828">
     <span class='ocr_line' id='line_1_69' title="bbox 434 3752 2019 3828; baseline -0.005 -12"><span class='ocrx_word' id='word_1_470' title='bbox 434 3765 666 3816; x_wconf 83' lang='lat' dir='ltr'><strong>iioucos</strong></span> <span class='ocrx_word' id='word_1_471' title='bbox 714 3776 858 3815; x_wconf 88' lang='lat' dir='ltr'><strong>esse.</strong></span> <span class='ocrx_word' id='word_1_472' title='bbox 895 3757 1053 3828; x_wconf 82' lang='lat'><strong>105</strong></span> <span class='ocrx_word' id='word_1_473' title='bbox 1105 3756 1348 3821; x_wconf 69' lang='lat' dir='ltr'><strong>Adhazc,</strong></span> <span class='ocrx_word' id='word_1_474' title='bbox 1377 3754 1615 3810; x_wconf 85' lang='lat' dir='ltr'><strong>obscure</strong></span> <span class='ocrx_word' id='word_1_475' title='bbox 1651 3755 1841 3820; x_wconf 89' lang='lat' dir='ltr'><strong>etiam,</strong></span> <span class='ocrx_word' id='word_1_476' title='bbox 1882 3752 2019 3808; x_wconf 85' lang='lat' dir='ltr'><strong>divi-</strong></span> 
     </span>
    </p>
   </div>
   <div class='ocr_carea' id='block_1_70' title="bbox 433 3849 2020 3924">
    <p class='ocr_par' dir='ltr' id='par_1_70' title="bbox 433 3849 2020 3924">
     <span class='ocr_line' id='line_1_70' title="bbox 433 3849 2020 3924; baseline -0.005 -15"><span class='ocrx_word' id='word_1_477' title='bbox 433 3871 633 3910; x_wconf 85' lang='lat' dir='ltr'><strong>norum</strong></span> <span class='ocrx_word' id='word_1_478' title='bbox 668 3853 890 3924; x_wconf 89' lang='lat' dir='ltr'><strong>pedum,</strong></span> <span class='ocrx_word' id='word_1_479' title='bbox 937 3866 1129 3922; x_wconf 88' lang='lat' dir='ltr'><strong>pacem</strong></span> <span class='ocrx_word' id='word_1_480' title='bbox 1178 3851 1302 3905; x_wconf 65' lang='lat' dir='ltr'><strong>lecta</strong></span> <span class='ocrx_word' id='word_1_481' title='bbox 1355 3849 1749 3921; x_wconf 67' lang='lat' dir='ltr'><strong>praedicatione</strong></span> <span class='ocrx_word' id='word_1_482' title='bbox 1803 3862 2020 3902; x_wconf 85' lang='lat' dir='ltr'><strong>annuu-</strong></span> 
     </span>
    </p>
   </div>
   <div class='ocr_carea' id='block_1_71' title="bbox 434 3940 2016 4015">
    <p class='ocr_par' dir='ltr' id='par_1_71' title="bbox 434 3940 2016 4015">
     <span class='ocr_line' id='line_1_71' title="bbox 434 3940 2016 4015; baseline -0.003 -14"><span class='ocrx_word' id='word_1_483' title='bbox 434 3948 735 4013; x_wconf 85' lang='lat' dir='ltr'><strong>tiantium,</strong></span> <span class='ocrx_word' id='word_1_484' title='bbox 801 3943 1270 4015; x_wconf 82' lang='lat' dir='ltr'><strong>pulchritudinem</strong></span> <span class='ocrx_word' id='word_1_485' title='bbox 1323 3943 1630 3998; x_wconf 85' lang='lat' dir='ltr'><strong>insinuans.</strong></span> <span class='ocrx_word' id='word_1_486' title='bbox 1681 3940 1820 3996; x_wconf 89' lang='lat' dir='ltr'><strong>Cum</strong></span> <span class='ocrx_word' id='word_1_487' title='bbox 1884 3956 2016 3996; x_wconf 90' lang='lat' dir='ltr'><strong>vero</strong></span> 
     </span>
    </p>
   </div>
   <div class='ocr_carea' id='block_1_72' title="bbox 435 4035 2014 4108">
    <p class='ocr_par' dir='ltr' id='par_1_72' title="bbox 435 4035 2014 4108">
     <span class='ocr_line' id='line_1_72' title="bbox 435 4035 2014 4108; baseline -0.005 -12"><span class='ocrx_word' id='word_1_488' title='bbox 435 4055 655 4096; x_wconf 79' lang='lat' dir='ltr'><strong>rursum</strong></span> <span class='ocrx_word' id='word_1_489' title='bbox 690 4037 1092 4099; x_wconf 84' lang='lat' dir='ltr'><strong>discubuisset,</strong></span> <span class='ocrx_word' id='word_1_490' title='bbox 1146 4037 1439 4108; x_wconf 83' lang='lat' dir='ltr'><strong>mysticum</strong></span> <span class='ocrx_word' id='word_1_491' title='bbox 1469 4035 1767 4091; x_wconf 88' lang='lat' dir='ltr'><strong>tradidisse</strong></span> <span class='ocrx_word' id='word_1_492' title='bbox 1801 4035 2014 4090; x_wconf 83' lang='lat' dir='ltr'><strong>sacriﬁ-</strong></span> 
     </span>
    </p>
   </div>
   <div class='ocr_carea' id='block_1_73' title="bbox 434 4126 2013 4187">
    <p class='ocr_par' dir='ltr' id='par_1_73' title="bbox 434 4126 2013 4187">
     <span class='ocr_line' id='line_1_73' title="bbox 434 4126 2013 4187; baseline -0.004 0"><span class='ocrx_word' id='word_1_493' title='bbox 434 4135 583 4187; x_wconf 89' lang='lat' dir='ltr'><strong>cium</strong></span> <span class='ocrx_word' id='word_1_494' title='bbox 613 4129 1019 4185; x_wconf 86' lang='lat' dir='ltr'><strong>horrendorum</strong></span> <span class='ocrx_word' id='word_1_495' title='bbox 1050 4127 1215 4183; x_wconf 90' lang='lat' dir='ltr'><strong>simul</strong></span> <span class='ocrx_word' id='word_1_496' title='bbox 1240 4139 1294 4183; x_wconf 89' lang='lat' dir='ltr'><strong>et</strong></span> <span class='ocrx_word' id='word_1_497' title='bbox 1324 4126 1664 4182; x_wconf 87' lang='lat' dir='ltr'><strong>viviﬁcorum</strong></span> <span class='ocrx_word' id='word_1_498' title='bbox 1696 4136 2013 4182; x_wconf 86' lang='lat' dir='ltr'><strong>nostrorum</strong></span> 
     </span>
    </p>
   </div>
   <div class='ocr_carea' id='block_1_74' title="bbox 438 4218 2016 4295">
    <p class='ocr_par' dir='ltr' id='par_1_74' title="bbox 438 4218 2016 4295">
     <span class='ocr_line' id='line_1_74' title="bbox 438 4218 2016 4295; baseline -0.003 -17"><span class='ocrx_word' id='word_1_499' title='bbox 438 4223 850 4295; x_wconf 75' lang='lat' dir='ltr'><strong>mysteriorum,</strong></span> <span class='ocrx_word' id='word_1_500' title='bbox 881 4236 1021 4292; x_wconf 92' lang='lat' dir='ltr'><strong>pane</strong></span> <span class='ocrx_word' id='word_1_501' title='bbox 1049 4219 1382 4276; x_wconf 77' lang='lat' dir='ltr'><strong>fermentato</strong></span> <span class='ocrx_word' id='word_1_502' title='bbox 1415 4218 1516 4290; x_wconf 87' lang='lat' dir='ltr'><strong>(l),</strong></span> <span class='ocrx_word' id='word_1_503' title='bbox 1557 4229 1613 4274; x_wconf 90' lang='lat' dir='ltr'><strong>et</strong></span> <span class='ocrx_word' id='word_1_504' title='bbox 1645 4219 1776 4274; x_wconf 90' lang='lat' dir='ltr'><strong>vino</strong></span> <span class='ocrx_word' id='word_1_505' title='bbox 1813 4235 1879 4275; x_wconf 81' lang='lat' dir='ltr'><strong>ex</strong></span> <span class='ocrx_word' id='word_1_506' title='bbox 1904 4220 2016 4274; x_wconf 90' lang='lat' dir='ltr'><strong>vite</strong></span> 
     </span>
    </p>
   </div>
   <div class='ocr_carea' id='block_1_75' title="bbox 436 4315 2021 4386">
    <p class='ocr_par' dir='ltr' id='par_1_75' title="bbox 436 4315 2021 4386">
     <span class='ocr_line' id='line_1_75' title="bbox 436 4315 2021 4386; baseline 0.001 -15"><span class='ocrx_word' id='word_1_507' title='bbox 436 4331 730 4386; x_wconf 80' lang='lat' dir='ltr'><strong>e\presso.</strong></span> <span class='ocrx_word' id='word_1_508' title='bbox 771 4315 960 4383; x_wconf 83' lang='lat' dir='ltr'><strong>anue</strong></span> <span class='ocrx_word' id='word_1_509' title='bbox 1015 4330 1140 4370; x_wconf 88' lang='lat' dir='ltr'><strong>cum</strong></span> <span class='ocrx_word' id='word_1_510' title='bbox 1192 4331 1292 4386; x_wconf 88' lang='lat' dir='ltr'><strong>per</strong></span> <span class='ocrx_word' id='word_1_511' title='bbox 1325 4317 1623 4386; x_wconf 79' lang='lat' dir='ltr'><strong>gratiarum</strong></span> <span class='ocrx_word' id='word_1_512' title='bbox 1659 4318 1932 4372; x_wconf 83' lang='lat' dir='ltr'><strong>actionem</strong></span> <span class='ocrx_word' id='word_1_513' title='bbox 1961 4328 2021 4373; x_wconf 83' lang='lat' dir='ltr'><strong>et</strong></span> 
     </span>
    </p>
   </div>
   <div class='ocr_carea' id='block_1_76' title="bbox 436 4407 2016 4479">
    <p class='ocr_par' dir='ltr' id='par_1_76' title="bbox 436 4407 2016 4479">
     <span class='ocr_line' id='line_1_76' title="bbox 436 4407 2016 4479; baseline 0.001 -16"><span class='ocrx_word' id='word_1_514' title='bbox 436 4408 937 4470; x_wconf 84' lang='lat' dir='ltr'><strong>sanctiﬁcationem</strong></span> <span class='ocrx_word' id='word_1_515' title='bbox 975 4407 1373 4474; x_wconf 75' lang='lat' dir='ltr'><strong>benedixisset,</strong></span> <span class='ocrx_word' id='word_1_516' title='bbox 1422 4408 1708 4479; x_wconf 87' lang='lat' dir='ltr'><strong>discipulis</strong></span> <span class='ocrx_word' id='word_1_517' title='bbox 1747 4409 1968 4465; x_wconf 89' lang='lat' dir='ltr'><strong>dedisse</strong></span> <span class='ocrx_word' id='word_1_518' title='bbox 2001 4426 2016 4464; x_wconf 88' lang='lat'><strong>:</strong></span> 
     </span>
    </p>
   </div>
   <div class='ocr_carea' id='block_1_77' title="bbox 435 4501 2017 4575">
    <p class='ocr_par' dir='ltr' id='par_1_77' title="bbox 435 4501 2017 4575">
     <span class='ocr_line' id='line_1_77' title="bbox 435 4501 2017 4575; baseline -0.001 -19"><span class='ocrx_word' id='word_1_519' title='bbox 435 4517 490 4556; x_wconf 81' lang='lat' dir='ltr'><strong>et</strong></span> <span class='ocrx_word' id='word_1_520' title='bbox 518 4507 658 4556; x_wconf 87' lang='lat' dir='ltr'><strong>cum&#39;</strong></span> <span class='ocrx_word' id='word_1_521' title='bbox 678 4517 806 4575; x_wconf 57' lang='lat' dir='ltr'><strong>vere</strong></span> <span class='ocrx_word' id='word_1_522' title='bbox 836 4516 1042 4572; x_wconf 84' lang='lat' dir='ltr'><strong>corpus</strong></span> <span class='ocrx_word' id='word_1_523' title='bbox 1066 4511 1122 4556; x_wconf 90' lang='lat' dir='ltr'><strong>et</strong></span> <span class='ocrx_word' id='word_1_524' title='bbox 1155 4501 1478 4572; x_wconf 81' lang='lat' dir='ltr'><strong>sanguinem</strong></span> <span class='ocrx_word' id='word_1_525' title='bbox 1511 4516 1670 4556; x_wconf 88' lang='lat' dir='ltr'><strong>suum</strong></span> <span class='ocrx_word' id='word_1_526' title='bbox 1691 4516 1834 4568; x_wconf 90' lang='lat' dir='ltr'><strong>esse,</strong></span> <span class='ocrx_word' id='word_1_527' title='bbox 1859 4501 2017 4571; x_wconf 87' lang='lat' dir='ltr'><strong>quasi</strong></span> 
     </span>
    </p>
   </div>
   <div class='ocr_carea' id='block_1_78' title="bbox 437 4593 2016 4663">
    <p class='ocr_par' dir='ltr' id='par_1_78' title="bbox 437 4593 2016 4663">
     <span class='ocr_line' id='line_1_78' title="bbox 437 4593 2016 4663; baseline -0.001 -17"><span class='ocrx_word' id='word_1_528' title='bbox 437 4595 545 4648; x_wconf 87' lang='lat' dir='ltr'><strong>ﬁde</strong></span> <span class='ocrx_word' id='word_1_529' title='bbox 575 4609 672 4649; x_wconf 88' lang='lat' dir='ltr'><strong>sua</strong></span> <span class='ocrx_word' id='word_1_530' title='bbox 703 4595 1049 4663; x_wconf 87' lang='lat' dir='ltr'><strong>interposita,</strong></span> <span class='ocrx_word' id='word_1_531' title='bbox 1079 4593 1486 4658; x_wconf 89' lang='lat' dir='ltr'><strong>conﬁrmasset,</strong></span> <span class='ocrx_word' id='word_1_532' title='bbox 1531 4594 1785 4662; x_wconf 89' lang='lat' dir='ltr'><strong>accipere</strong></span> <span class='ocrx_word' id='word_1_533' title='bbox 1809 4603 1863 4648; x_wconf 91' lang='lat' dir='ltr'><strong>et</strong></span> <span class='ocrx_word' id='word_1_534' title='bbox 1892 4607 2016 4662; x_wconf 85' lang='lat' dir='ltr'><strong>par-</strong></span> 
     </span>
    </p>
   </div>
   <div class='ocr_carea' id='block_1_79' title="bbox 439 4683 2016 4755">
    <p class='ocr_par' dir='ltr' id='par_1_79' title="bbox 439 4683 2016 4755">
     <span class='ocr_line' id='line_1_79' title="bbox 439 4683 2016 4755; baseline -0.001 -17"><span class='ocrx_word' id='word_1_535' title='bbox 439 4685 667 4755; x_wconf 85' lang='lat' dir='ltr'><strong>ticipare</strong></span> <span class='ocrx_word' id='word_1_536' title='bbox 687 4700 782 4740; x_wconf 86' lang='lat' dir='ltr'><strong>eos</strong></span> <span class='ocrx_word' id='word_1_537' title='bbox 815 4685 927 4750; x_wconf 85' lang='lat' dir='ltr'><strong>illa,</strong></span> <span class='ocrx_word' id='word_1_538' title='bbox 953 4685 1157 4754; x_wconf 90' lang='lat' dir='ltr'><strong>quippe</strong></span> <span class='ocrx_word' id='word_1_539' title='bbox 1183 4685 1330 4738; x_wconf 87' lang='lat' dir='ltr'><strong>nulla</strong></span> <span class='ocrx_word' id='word_1_540' title='bbox 1359 4699 1416 4738; x_wconf 89' lang='lat' dir='ltr'><strong>re</strong></span> <span class='ocrx_word' id='word_1_541' title='bbox 1441 4700 1471 4738; x_wconf 90' lang='lat' dir='ltr'><strong>a</strong></span> <span class='ocrx_word' id='word_1_542' title='bbox 1497 4683 1682 4738; x_wconf 85' lang='lat' dir='ltr'><strong>divina</strong></span> <span class='ocrx_word' id='word_1_543' title='bbox 1715 4698 1878 4738; x_wconf 83' lang='lat' dir='ltr'><strong>carne.</strong></span> <span class='ocrx_word' id='word_1_544' title='bbox 1917 4698 2016 4737; x_wconf 85' lang='lat' dir='ltr'><strong>sua</strong></span> 
     </span>
    </p>
   </div>
   <div class='ocr_carea' id='block_1_80' title="bbox 439 4776 2020 4846">
    <p class='ocr_par' dir='ltr' id='par_1_80' title="bbox 439 4776 2020 4846">
     <span class='ocr_line' id='line_1_80' title="bbox 439 4776 2020 4846; baseline 0.002 -18"><span class='ocrx_word' id='word_1_545' title='bbox 439 4776 836 4846; x_wconf 69' lang='lat' dir='ltr'><strong>discrepantia,</strong></span> <span class='ocrx_word' id='word_1_546' title='bbox 863 4777 1098 4846; x_wconf 83' lang='lat' dir='ltr'><strong>jussissc</strong></span> <span class='ocrx_word' id='word_1_547' title='bbox 1139 4794 1151 4830; x_wconf 94' lang='lat'><strong>:</strong></span> <span class='ocrx_word' id='word_1_548' title='bbox 1190 4785 1356 4846; x_wconf 86' lang='lat' dir='ltr'><strong>atque</strong></span> <span class='ocrx_word' id='word_1_549' title='bbox 1394 4776 1448 4831; x_wconf 87' lang='lat' dir='ltr'><strong>id</strong></span> <span class='ocrx_word' id='word_1_550' title='bbox 1471 4818 1484 4840; x_wconf 93' lang='lat'><strong>,</strong></span> <span class='ocrx_word' id='word_1_551' title='bbox 1513 4777 1580 4830; x_wconf 89' lang='lat' dir='ltr'><strong>ad</strong></span> <span class='ocrx_word' id='word_1_552' title='bbox 1609 4777 1864 4831; x_wconf 86' lang='lat' dir='ltr'><strong>eumdem</strong></span> <span class='ocrx_word' id='word_1_553' title='bbox 1900 4793 2020 4832; x_wconf 85' lang='lat' dir='ltr'><strong>tuo-</strong></span> 
     </span>
    </p>
   </div>
   <div class='ocr_carea' id='block_1_81' title="bbox 439 4867 2020 4938">
    <p class='ocr_par' dir='ltr' id='par_1_81' title="bbox 439 4867 2020 4938">
     <span class='ocr_line' id='line_1_81' title="bbox 439 4867 2020 4938; baseline 0.002 -17"><span class='ocrx_word' id='word_1_554' title='bbox 439 4871 594 4932; x_wconf 74' lang='lat' dir='ltr'><strong>tlum,</strong></span> <span class='ocrx_word' id='word_1_555' title='bbox 628 4868 680 4920; x_wconf 91' lang='lat' dir='ltr'><strong>in</strong></span> <span class='ocrx_word' id='word_1_556' title='bbox 715 4868 959 4922; x_wconf 78' lang='lat' dir='ltr'><strong>futurum</strong></span> <span class='ocrx_word' id='word_1_557' title='bbox 990 4868 1252 4938; x_wconf 88' lang='lat' dir='ltr'><strong>deinceps</strong></span> <span class='ocrx_word' id='word_1_558' title='bbox 1302 4868 1560 4922; x_wconf 86' lang='lat' dir='ltr'><strong>ﬁdelibus</strong></span> <span class='ocrx_word' id='word_1_559' title='bbox 1592 4867 1926 4935; x_wconf 83' lang='lat' dir='ltr'><strong>faciendum,</strong></span> <span class='ocrx_word' id='word_1_560' title='bbox 1953 4869 2020 4924; x_wconf 89' lang='lat' dir='ltr'><strong>ad</strong></span> 
     </span>
    </p>
   </div>
   <div class='ocr_carea' id='block_1_82' title="bbox 440 4961 2020 5031">
    <p class='ocr_par' dir='ltr' id='par_1_82' title="bbox 440 4961 2020 5031">
     <span class='ocr_line' id='line_1_82' title="bbox 440 4961 2020 5031; baseline 0 -15"><span class='ocrx_word' id='word_1_561' title='bbox 440 4962 717 5016; x_wconf 82' lang='lat' dir='ltr'><strong>sinceram</strong></span> <span class='ocrx_word' id='word_1_562' title='bbox 749 4961 1177 5030; x_wconf 87' lang='lat' dir='ltr'><strong>evidentemque</strong></span> <span class='ocrx_word' id='word_1_563' title='bbox 1207 4961 1294 5015; x_wconf 91' lang='lat' dir='ltr'><strong>sui</strong></span> <span class='ocrx_word' id='word_1_564' title='bbox 1320 4961 1665 5027; x_wconf 82' lang='lat' dir='ltr'><strong>memoriam,</strong></span> <span class='ocrx_word' id='word_1_565' title='bbox 1699 4977 1796 5031; x_wconf 89' lang='lat' dir='ltr'><strong>per</strong></span> <span class='ocrx_word' id='word_1_566' title='bbox 1824 4977 2020 5016; x_wconf 89' lang='lat' dir='ltr'><strong>manus</strong></span> 
     </span>
    </p>
   </div>
   <div class='ocr_carea' id='block_1_83' title="bbox 441 5047 2020 5119">
    <p class='ocr_par' dir='ltr' id='par_1_83' title="bbox 441 5047 2020 5119">
     <span class='ocr_line' id='line_1_83' title="bbox 441 5047 2020 5119; baseline 0.001 -15"><span class='ocrx_word' id='word_1_567' title='bbox 441 5049 752 5105; x_wconf 85' lang='lat' dir='ltr'><strong>tradidisse.</strong></span> <span class='ocrx_word' id='word_1_568' title='bbox 789 5049 982 5118; x_wconf 88' lang='lat' dir='ltr'><strong>Itaque</strong></span> <span class='ocrx_word' id='word_1_569' title='bbox 1008 5065 1132 5104; x_wconf 89' lang='lat' dir='ltr'><strong>cum</strong></span> <span class='ocrx_word' id='word_1_570' title='bbox 1175 5047 1379 5119; x_wconf 88' lang='lat' dir='ltr'><strong>quibus</strong></span> <span class='ocrx_word' id='word_1_571' title='bbox 1427 5050 1677 5119; x_wconf 85' lang='lat' dir='ltr'><strong>oportuit</strong></span> <span class='ocrx_word' id='word_1_572' title='bbox 1705 5051 2020 5105; x_wconf 60' lang='lat' dir='ltr'><strong>caelestibus</strong></span> 
     </span>
    </p>
   </div>
   <div class='ocr_carea' id='block_1_84' title="bbox 440 5139 2020 5210">
    <p class='ocr_par' dir='ltr' id='par_1_84' title="bbox 440 5139 2020 5210">
     <span class='ocr_line' id='line_1_84' title="bbox 440 5139 2020 5210; baseline 0 -15"><span class='ocrx_word' id='word_1_573' title='bbox 440 5140 796 5209; x_wconf 76' lang='lat' dir='ltr'><strong>mysticisque</strong></span> <span class='ocrx_word' id='word_1_574' title='bbox 835 5140 1185 5195; x_wconf 89' lang='lat' dir='ltr'><strong>sermonibus</strong></span> <span class='ocrx_word' id='word_1_575' title='bbox 1229 5139 1493 5195; x_wconf 86' lang='lat' dir='ltr'><strong>convivas</strong></span> <span class='ocrx_word' id='word_1_576' title='bbox 1535 5140 1862 5210; x_wconf 84' lang='lat' dir='ltr'><strong>sodalesque</strong></span> <span class='ocrx_word' id='word_1_577' title='bbox 1888 5155 2020 5196; x_wconf 90' lang='lat' dir='ltr'><strong>suos</strong></span> 
     </span>
    </p>
   </div>
   <div class='ocr_carea' id='block_1_85' title="bbox 439 5233 2019 5302">
    <p class='ocr_par' dir='ltr' id='par_1_85' title="bbox 439 5233 2019 5302">
     <span class='ocr_line' id='line_1_85' title="bbox 439 5233 2019 5302; baseline 0.001 -16"><span class='ocrx_word' id='word_1_578' title='bbox 439 5233 795 5296; x_wconf 86' lang='lat' dir='ltr'><strong>instituisset,</strong></span> <span class='ocrx_word' id='word_1_579' title='bbox 855 5247 1137 5301; x_wconf 86' lang='lat' dir='ltr'><strong>novasque</strong></span> <span class='ocrx_word' id='word_1_580' title='bbox 1183 5243 1238 5286; x_wconf 91' lang='lat' dir='ltr'><strong>et</strong></span> <span class='ocrx_word' id='word_1_581' title='bbox 1267 5247 1500 5288; x_wconf 85' lang='lat' dir='ltr'><strong>arcanas</strong></span> <span class='ocrx_word' id='word_1_582' title='bbox 1559 5247 1646 5286; x_wconf 90' lang='lat' dir='ltr'><strong>res</strong></span> <span class='ocrx_word' id='word_1_583' title='bbox 1700 5233 2019 5302; x_wconf 86' lang='lat' dir='ltr'><strong>prolocutus</strong></span> 
     </span>
    </p>
   </div>
   <div class='ocr_carea' id='block_1_86' title="bbox 439 5322 2018 5396">
    <p class='ocr_par' dir='ltr' id='par_1_86' title="bbox 439 5322 2018 5396">
     <span class='ocr_line' id='line_1_86' title="bbox 439 5322 2018 5396; baseline 0 -17"><span class='ocrx_word' id='word_1_584' title='bbox 439 5337 609 5390; x_wconf 83' lang='lat' dir='ltr'><strong>esset,</strong></span> <span class='ocrx_word' id='word_1_585' title='bbox 642 5325 1047 5394; x_wconf 87' lang='lat' dir='ltr'><strong>adventumque</strong></span> <span class='ocrx_word' id='word_1_586' title='bbox 1081 5323 1454 5394; x_wconf 86' lang='lat' dir='ltr'><strong>Spiritus,qui</strong></span> <span class='ocrx_word' id='word_1_587' title='bbox 1478 5340 1505 5376; x_wconf 76' lang='grc' dir='ltr'>ει</span> <span class='ocrx_word' id='word_1_588' title='bbox 1531 5324 1690 5378; x_wconf 87' lang='lat' dir='ltr'><strong>Patre</strong></span> <span class='ocrx_word' id='word_1_589' title='bbox 1722 5322 2018 5396; x_wconf 78' lang='lat' dir='ltr'><strong>[Filioque]</strong></span> 
     </span>
    </p>
   </div>
   <div class='ocr_carea' id='block_1_87' title="bbox 437 5417 2020 5488">
    <p class='ocr_par' dir='ltr' id='par_1_87' title="bbox 437 5417 2020 5488">
     <span class='ocr_line' id='line_1_87' title="bbox 437 5417 2020 5488; baseline 0.001 -20"><span class='ocrx_word' id='word_1_590' title='bbox 437 5419 712 5487; x_wconf 84' lang='lat' dir='ltr'><strong>procedit,</strong></span> <span class='ocrx_word' id='word_1_591' title='bbox 741 5417 1043 5472; x_wconf 87' lang='lat' dir='ltr'><strong>secretiore</strong></span> <span class='ocrx_word' id='word_1_592' title='bbox 1079 5434 1142 5472; x_wconf 91' lang='lat' dir='ltr'><strong>ac</strong></span> <span class='ocrx_word' id='word_1_593' title='bbox 1171 5421 1451 5472; x_wconf 85' lang='lat' dir='ltr'><strong>sanctiore</strong></span> <span class='ocrx_word' id='word_1_594' title='bbox 1476 5417 1640 5470; x_wconf 88' lang='lat' dir='ltr'><strong>modo</strong></span> <span class='ocrx_word' id='word_1_595' title='bbox 1669 5417 1751 5472; x_wconf 90' lang='lat' dir='ltr'><strong>eis</strong></span> <span class='ocrx_word' id='word_1_596' title='bbox 1781 5433 2020 5488; x_wconf 88' lang='lat' dir='ltr'><strong>spOpon-</strong></span> 
     </span>
    </p>
   </div>
   <div class='ocr_carea' id='block_1_88' title="bbox 439 5510 2018 5579">
    <p class='ocr_par' dir='ltr' id='par_1_88' title="bbox 439 5510 2018 5579">
     <span class='ocr_line' id='line_1_88' title="bbox 439 5510 2018 5579; baseline 0 -16"><span class='ocrx_word' id='word_1_597' title='bbox 439 5513 633 5575; x_wconf 79' lang='lat' dir='ltr'><strong>dissct,</strong></span> <span class='ocrx_word' id='word_1_598' title='bbox 699 5527 902 5566; x_wconf 86' lang='lat' dir='ltr'><strong>novqu</strong></span> <span class='ocrx_word' id='word_1_599' title='bbox 957 5510 1199 5579; x_wconf 84' lang='lat' dir='ltr'><strong>denique</strong></span> <span class='ocrx_word' id='word_1_600' title='bbox 1237 5521 1516 5579; x_wconf 83' lang='lat' dir='ltr'><strong>postremo</strong></span> <span class='ocrx_word' id='word_1_601' title='bbox 1559 5511 1803 5564; x_wconf 88' lang='lat' dir='ltr'><strong>omnium</strong></span> <span class='ocrx_word' id='word_1_602' title='bbox 1852 5519 2018 5564; x_wconf 80' lang='lat' dir='ltr'><strong>testa-</strong></span> 
     </span>
    </p>
   </div>
   <div class='ocr_carea' id='block_1_89' title="bbox 441 5602 2020 5672">
    <p class='ocr_par' dir='ltr' id='par_1_89' title="bbox 441 5602 2020 5672">
     <span class='ocr_line' id='line_1_89' title="bbox 441 5602 2020 5672; baseline 0.001 -19"><span class='ocrx_word' id='word_1_603' title='bbox 441 5613 686 5658; x_wconf 86' lang='lat' dir='ltr'><strong>mentum</strong></span> <span class='ocrx_word' id='word_1_604' title='bbox 719 5605 1065 5672; x_wconf 67' lang='lat' dir='ltr'><strong>eaposuisset</strong></span> <span class='ocrx_word' id='word_1_605' title='bbox 1090 5642 1105 5667; x_wconf 90' lang='lat'><strong>,</strong></span> <span class='ocrx_word' id='word_1_606' title='bbox 1129 5604 1180 5656; x_wconf 91' lang='lat' dir='ltr'><strong>iu</strong></span> <span class='ocrx_word' id='word_1_607' title='bbox 1221 5602 1572 5656; x_wconf 86' lang='lat' dir='ltr'><strong>Gcthsemaui</strong></span> <span class='ocrx_word' id='word_1_608' title='bbox 1609 5618 1800 5671; x_wconf 79' lang='lat' dir='ltr'><strong>agrum</strong></span> <span class='ocrx_word' id='word_1_609' title='bbox 1831 5610 2020 5655; x_wconf 88' lang='lat' dir='ltr'><strong>oratu-</strong></span> 
     </span>
    </p>
   </div>
   <div class='ocr_carea' id='block_1_90' title="bbox 442 5695 2020 5766">
    <p class='ocr_par' dir='ltr' id='par_1_90' title="bbox 442 5695 2020 5766">
     <span class='ocr_line' id='line_1_90' title="bbox 442 5695 2020 5766; baseline 0.001 -22"><span class='ocrx_word' id='word_1_610' title='bbox 442 5708 534 5749; x_wconf 90' lang='lat' dir='ltr'><strong>rus</strong></span> <span class='ocrx_word' id='word_1_611' title='bbox 560 5713 666 5750; x_wconf 88' lang='lat' dir='ltr'><strong>una</strong></span> <span class='ocrx_word' id='word_1_612' title='bbox 687 5713 812 5751; x_wconf 91' lang='lat' dir='ltr'><strong>eum</strong></span> <span class='ocrx_word' id='word_1_613' title='bbox 837 5696 943 5751; x_wconf 83' lang='lat' dir='ltr'><strong>illis</strong></span> <span class='ocrx_word' id='word_1_614' title='bbox 965 5695 1264 5766; x_wconf 72' lang='lat' dir='ltr'><strong>egreditur.</strong></span> <span class='ocrx_word' id='word_1_615' title='bbox 1289 5696 1466 5765; x_wconf 88' lang='lat' dir='ltr'><strong>Atque</strong></span> <span class='ocrx_word' id='word_1_616' title='bbox 1493 5697 1570 5749; x_wconf 84' lang='lat' dir='ltr'><strong>ibi</strong></span> <span class='ocrx_word' id='word_1_617' title='bbox 1595 5698 1888 5749; x_wconf 89' lang='lat' dir='ltr'><strong>humanam</strong></span> <span class='ocrx_word' id='word_1_618' title='bbox 1919 5695 2020 5747; x_wconf 88' lang='lat' dir='ltr'><strong>im-</strong></span> 
     </span>
    </p>
   </div>
   <div class='ocr_carea' id='block_1_91' title="bbox 2121 3384 3700 3458">
    <p class='ocr_par' dir='ltr' id='par_1_91' title="bbox 2121 3384 3700 3458">
     <span class='ocr_line' id='line_1_91' title="bbox 2121 3384 3700 3458; baseline -0.001 -14"><span class='ocrx_word' id='word_1_619' title='bbox 2121 3392 2201 3448; x_wconf 79' lang='grc' dir='ltr'>ἔτι</span> <span class='ocrx_word' id='word_1_620' title='bbox 2230 3391 2286 3444; x_wconf 83' lang='grc' dir='ltr'>δὲ</span> <span class='ocrx_word' id='word_1_621' title='bbox 2312 3399 2405 3444; x_wconf 78' lang='grc' dir='ltr'>καὶ</span> <span class='ocrx_word' id='word_1_622' title='bbox 2431 3391 2494 3442; x_wconf 70' lang='grc' dir='ltr'>τὸ</span> <span class='ocrx_word' id='word_1_623' title='bbox 2522 3391 2649 3455; x_wconf 73' lang='grc' dir='ltr'>τοὺς</span> <span class='ocrx_word' id='word_1_624' title='bbox 2681 3392 2832 3458; x_wconf 66' lang='grc' dir='ltr'>σφῶν</span> <span class='ocrx_word' id='word_1_625' title='bbox 2860 3392 3029 3456; x_wconf 78' lang='grc' dir='ltr'>πόδας</span> <span class='ocrx_word' id='word_1_626' title='bbox 3056 3392 3313 3454; x_wconf 72' lang='grc' dir='ltr'>εὐθέτους</span> <span class='ocrx_word' id='word_1_627' title='bbox 3342 3407 3406 3458; x_wconf 83' lang='grc' dir='ltr'><strong>γε</strong></span> <span class='ocrx_word' id='word_1_628' title='bbox 3430 3384 3568 3443; x_wconf 74' lang='grc' dir='ltr'>εῖναι</span> <span class='ocrx_word' id='word_1_629' title='bbox 3597 3387 3700 3458; x_wconf 78' lang='grc' dir='ltr'>τῆς</span> 
     </span>
    </p>
   </div>
   <div class='ocr_carea' id='block_1_92' title="bbox 2118 3482 3702 3554">
    <p class='ocr_par' dir='ltr' id='par_1_92' title="bbox 2118 3482 3702 3554">
     <span class='ocr_line' id='line_1_92' title="bbox 2118 3482 3702 3554; baseline -0.001 -19"><span class='ocrx_word' id='word_1_630' title='bbox 2118 3485 2198 3546; x_wconf 90' lang='grc' dir='ltr'><strong>εἰς</strong></span> <span class='ocrx_word' id='word_1_631' title='bbox 2228 3483 2298 3538; x_wconf 78' lang='grc' dir='ltr'>τὰ</span> <span class='ocrx_word' id='word_1_632' title='bbox 2328 3483 2456 3554; x_wconf 70' lang='grc' dir='ltr'>ἔθνη</span> <span class='ocrx_word' id='word_1_633' title='bbox 2483 3484 2712 3554; x_wconf 78' lang='grc' dir='ltr'>πορείας</span> <span class='ocrx_word' id='word_1_634' title='bbox 2731 3501 2745 3516; x_wconf 88' lang='grc'><strong>·</strong></span> <span class='ocrx_word' id='word_1_635' title='bbox 2778 3483 2917 3554; x_wconf 74' lang='grc' dir='ltr'>πρὸς</span> <span class='ocrx_word' id='word_1_636' title='bbox 2938 3483 2995 3537; x_wconf 82' lang='grc' dir='ltr'>δὲ</span> <span class='ocrx_word' id='word_1_637' title='bbox 3023 3485 3200 3537; x_wconf 75' lang='grc' dir='ltr'>καὶτὸ</span> <span class='ocrx_word' id='word_1_638' title='bbox 3218 3482 3421 3554; x_wconf 82' lang='grc' dir='ltr'>ὡραῖον</span> <span class='ocrx_word' id='word_1_639' title='bbox 3447 3483 3702 3536; x_wconf 79' lang='grc' dir='ltr'>ὑπαινισο</span> 
     </span>
    </p>
   </div>
   <div class='ocr_carea' id='block_1_93' title="bbox 2121 3575 3695 3647">
    <p class='ocr_par' dir='ltr' id='par_1_93' title="bbox 2121 3575 3695 3647">
     <span class='ocr_line' id='line_1_93' title="bbox 2121 3575 3695 3647; baseline -0.003 -17"><span class='ocrx_word' id='word_1_640' title='bbox 2121 3577 2347 3647; x_wconf 77' lang='grc' dir='ltr'>σύμενον</span> <span class='ocrx_word' id='word_1_641' title='bbox 2399 3577 2509 3630; x_wconf 88' lang='grc' dir='ltr'><strong>τῶν</strong></span> <span class='ocrx_word' id='word_1_642' title='bbox 2545 3576 3054 3646; x_wconf 74' lang='grc' dir='ltr'>εὐαγγελιζομένων</span> <span class='ocrx_word' id='word_1_643' title='bbox 3106 3577 3205 3644; x_wconf 82' lang='grc' dir='ltr'>τὴν</span> <span class='ocrx_word' id='word_1_644' title='bbox 3241 3577 3473 3647; x_wconf 79' lang='grc' dir='ltr'>εἰρήνην</span> <span class='ocrx_word' id='word_1_645' title='bbox 3530 3575 3695 3628; x_wconf 85' lang='grc' dir='ltr'>θείων</span> 
     </span>
    </p>
   </div>
   <div class='ocr_carea' id='block_1_94' title="bbox 2122 3665 3701 3738">
    <p class='ocr_par' dir='ltr' id='par_1_94' title="bbox 2122 3665 3701 3738">
     <span class='ocr_line' id='line_1_94' title="bbox 2122 3665 3701 3738; baseline -0.001 -15"><span class='ocrx_word' id='word_1_646' title='bbox 2122 3670 2300 3723; x_wconf 82' lang='grc' dir='ltr'>ποδῶν</span> <span class='ocrx_word' id='word_1_647' title='bbox 2323 3685 2336 3700; x_wconf 80' lang='lat'><strong><em>°</em></strong></span> <span class='ocrx_word' id='word_1_648' title='bbox 2369 3665 2471 3724; x_wconf 79' lang='grc' dir='ltr'>εἶτ’</span> <span class='ocrx_word' id='word_1_649' title='bbox 2505 3669 2660 3732; x_wconf 74' lang='grc' dir='ltr'>αὖθις</span> <span class='ocrx_word' id='word_1_650' title='bbox 2695 3669 3059 3732; x_wconf 74' lang='grc' dir='ltr'>ἀναπεσόντα,</span> <span class='ocrx_word' id='word_1_651' title='bbox 3089 3672 3185 3735; x_wconf 85' lang='grc' dir='ltr'>τὴν</span> <span class='ocrx_word' id='word_1_652' title='bbox 3219 3669 3490 3737; x_wconf 78' lang='grc' dir='ltr'>μυστικὴν</span> <span class='ocrx_word' id='word_1_653' title='bbox 3515 3686 3701 3738; x_wconf 84' lang='grc' dir='ltr'>παρα-</span> 
     </span>
    </p>
   </div>
   <div class='ocr_carea' id='block_1_95' title="bbox 2118 3760 3702 3832">
    <p class='ocr_par' dir='ltr' id='par_1_95' title="bbox 2118 3760 3702 3832">
     <span class='ocr_line' id='line_1_95' title="bbox 2118 3760 3702 3832; baseline -0.001 -16"><span class='ocrx_word' id='word_1_654' title='bbox 2118 3763 2304 3818; x_wconf 75' lang='grc' dir='ltr'>δοῦναι</span> <span class='ocrx_word' id='word_1_655' title='bbox 2343 3763 2556 3827; x_wconf 86' lang='grc' dir='ltr'>θυσίαν,</span> <span class='ocrx_word' id='word_1_656' title='bbox 2583 3765 2693 3815; x_wconf 88' lang='grc' dir='ltr'><strong>τῶν</strong></span> <span class='ocrx_word' id='word_1_657' title='bbox 2717 3760 2840 3816; x_wconf 82' lang='grc' dir='ltr'>καθ’</span> <span class='ocrx_word' id='word_1_658' title='bbox 2874 3763 3022 3832; x_wconf 79' lang='grc' dir='ltr'>ἡμᾶς</span> <span class='ocrx_word' id='word_1_659' title='bbox 3047 3764 3300 3832; x_wconf 84' lang='grc' dir='ltr'>φρικτῶν</span> <span class='ocrx_word' id='word_1_660' title='bbox 3331 3779 3390 3816; x_wconf 86' lang='grc' dir='ltr'><strong>τε</strong></span> <span class='ocrx_word' id='word_1_661' title='bbox 3435 3763 3532 3818; x_wconf 75' lang='grc' dir='ltr'>καὶ</span> <span class='ocrx_word' id='word_1_662' title='bbox 3561 3761 3702 3825; x_wconf 76' lang='grc' dir='ltr'>ζωο-</span> 
     </span>
    </p>
   </div>
   <div class='ocr_carea' id='block_1_96' title="bbox 2121 3855 3699 3927">
    <p class='ocr_par' dir='ltr' id='par_1_96' title="bbox 2121 3855 3699 3927">
     <span class='ocr_line' id='line_1_96' title="bbox 2121 3855 3699 3927; baseline 0.002 -20"><span class='ocrx_word' id='word_1_663' title='bbox 2121 3855 2292 3908; x_wconf 89' lang='grc' dir='ltr'>ποιῶν</span> <span class='ocrx_word' id='word_1_664' title='bbox 2325 3857 2668 3927; x_wconf 79' lang='grc' dir='ltr'>μυστηρίων,</span> <span class='ocrx_word' id='word_1_665' title='bbox 2709 3855 2924 3926; x_wconf 74' lang='grc' dir='ltr'>ὲνζύμῳ</span> <span class='ocrx_word' id='word_1_666' title='bbox 2977 3855 3129 3926; x_wconf 78' lang='grc' dir='ltr'>ἄρτῳ</span> <span class='ocrx_word' id='word_1_667' title='bbox 3182 3856 3278 3909; x_wconf 76' lang='grc' dir='ltr'>καὶ</span> <span class='ocrx_word' id='word_1_668' title='bbox 3332 3855 3462 3926; x_wconf 82' lang='grc' dir='ltr'>οίνῳ</span> <span class='ocrx_word' id='word_1_669' title='bbox 3501 3855 3558 3922; x_wconf 79' lang='grc' dir='ltr'>ἐξ</span> <span class='ocrx_word' id='word_1_670' title='bbox 3592 3858 3699 3926; x_wconf 84' lang='grc' dir='ltr'><strong>ἀμ-</strong></span> 
     </span>
    </p>
   </div>
   <div class='ocr_carea' id='block_1_97' title="bbox 2121 3947 3698 4021">
    <p class='ocr_par' dir='ltr' id='par_1_97' title="bbox 2121 3947 3698 4021">
     <span class='ocr_line' id='line_1_97' title="bbox 2121 3947 3698 4021; baseline 0.001 -23"><span class='ocrx_word' id='word_1_671' title='bbox 2121 3947 2286 4002; x_wconf 83' lang='grc' dir='ltr'>πέλου</span> <span class='ocrx_word' id='word_1_672' title='bbox 2322 3949 2698 4019; x_wconf 78' lang='grc' dir='ltr'>γεγενημένῳ.</span> <span class='ocrx_word' id='word_1_673' title='bbox 2737 3950 2804 4002; x_wconf 72' lang='grc' dir='ltr'><strong>’Δ</strong></span> <span class='ocrx_word' id='word_1_674' title='bbox 2831 3949 2925 4002; x_wconf 78' lang='grc' dir='ltr'>καὶ</span> <span class='ocrx_word' id='word_1_675' title='bbox 2969 3949 3274 4021; x_wconf 80' lang='grc' dir='ltr'>εὐλογήσας</span> <span class='ocrx_word' id='word_1_676' title='bbox 3317 3949 3436 4019; x_wconf 87' lang='grc' dir='ltr'>μετ’</span> <span class='ocrx_word' id='word_1_677' title='bbox 3471 3950 3698 4019; x_wconf 77' lang='grc' dir='ltr'><strong>εὐχαρι⁹</strong></span> 
     </span>
    </p>
   </div>
   <div class='ocr_carea' id='block_1_98' title="bbox 2121 4040 3696 4112">
    <p class='ocr_par' dir='ltr' id='par_1_98' title="bbox 2121 4040 3696 4112">
     <span class='ocr_line' id='line_1_98' title="bbox 2121 4040 3696 4112; baseline -0.001 -18"><span class='ocrx_word' id='word_1_678' title='bbox 2121 4040 2286 4103; x_wconf 78' lang='grc' dir='ltr'>στξας.</span> <span class='ocrx_word' id='word_1_679' title='bbox 2305 4043 2400 4093; x_wconf 80' lang='grc' dir='ltr'>καὶ</span> <span class='ocrx_word' id='word_1_680' title='bbox 2439 4040 2739 4110; x_wconf 77' lang='grc' dir='ltr'>ἁγιασμοῦ,</span> <span class='ocrx_word' id='word_1_681' title='bbox 2768 4041 2861 4094; x_wconf 77' lang='grc' dir='ltr'>καὶ</span> <span class='ocrx_word' id='word_1_682' title='bbox 2895 4041 3116 4111; x_wconf 81' lang='grc' dir='ltr'>χάριτος</span> <span class='ocrx_word' id='word_1_683' title='bbox 3170 4041 3460 4112; x_wconf 78' lang='grc' dir='ltr'>μεταδοὺς,</span> <span class='ocrx_word' id='word_1_684' title='bbox 3498 4043 3590 4096; x_wconf 79' lang='grc' dir='ltr'>καὶ</span> <span class='ocrx_word' id='word_1_685' title='bbox 3619 4041 3696 4105; x_wconf 84' lang='grc' dir='ltr'><strong>ῶς</strong></span> 
     </span>
    </p>
   </div>
   <div class='ocr_carea' id='block_1_99' title="bbox 2120 4130 3698 4205">
    <p class='ocr_par' dir='ltr' id='par_1_99' title="bbox 2120 4130 3698 4205">
     <span class='ocr_line' id='line_1_99' title="bbox 2120 4130 3698 4205; baseline 0 -17"><span class='ocrx_word' id='word_1_686' title='bbox 2120 4133 2338 4204; x_wconf 81' lang='grc' dir='ltr'>ἀληθῶς</span> <span class='ocrx_word' id='word_1_687' title='bbox 2381 4134 2543 4204; x_wconf 83' lang='grc' dir='ltr'>σῶμα</span> <span class='ocrx_word' id='word_1_688' title='bbox 2599 4134 2696 4187; x_wconf 76' lang='grc' dir='ltr'>καὶ</span> <span class='ocrx_word' id='word_1_689' title='bbox 2753 4130 2892 4205; x_wconf 76' lang='grc' dir='ltr'>αἷμα</span> <span class='ocrx_word' id='word_1_690' title='bbox 2941 4133 3136 4189; x_wconf 79' lang='grc' dir='ltr'>ἐαυτοῦ</span> <span class='ocrx_word' id='word_1_691' title='bbox 3185 4133 3340 4187; x_wconf 79' lang='grc' dir='ltr'>ταῦτ’</span> <span class='ocrx_word' id='word_1_692' title='bbox 3374 4130 3516 4188; x_wconf 78' lang='grc' dir='ltr'>εἶναι</span> <span class='ocrx_word' id='word_1_693' title='bbox 3559 4136 3698 4204; x_wconf 76' lang='grc' dir='ltr'>μετὰ</span> 
     </span>
    </p>
   </div>
   <div class='ocr_carea' id='block_1_100' title="bbox 2121 4225 3696 4298">
    <p class='ocr_par' dir='ltr' id='par_1_100' title="bbox 2121 4225 3696 4298">
     <span class='ocr_line' id='line_1_100' title="bbox 2121 4225 3696 4298; baseline 0.001 -19"><span class='ocrx_word' id='word_1_694' title='bbox 2121 4225 2360 4288; x_wconf 82' lang='grc' dir='ltr'>πίστεως</span> <span class='ocrx_word' id='word_1_695' title='bbox 2398 4225 2958 4296; x_wconf 79' lang='grc' dir='ltr'>παρεγγυησάμενος,</span> <span class='ocrx_word' id='word_1_696' title='bbox 2999 4229 3293 4298; x_wconf 78' lang='grc' dir='ltr'>μετασχεῖν</span> <span class='ocrx_word' id='word_1_697' title='bbox 3323 4228 3564 4289; x_wconf 78' lang='grc' dir='ltr'>ἐκείνους</span> <span class='ocrx_word' id='word_1_698' title='bbox 3595 4245 3696 4281; x_wconf 84' lang='grc' dir='ltr'>πα-</span> 
     </span>
    </p>
   </div>
   <div class='ocr_carea' id='block_1_101' title="bbox 2124 4313 3698 4388">
    <p class='ocr_par' dir='ltr' id='par_1_101' title="bbox 2124 4313 3698 4388">
     <span class='ocr_line' id='line_1_101' title="bbox 2124 4313 3698 4388; baseline 0.001 -19"><span class='ocrx_word' id='word_1_699' title='bbox 2124 4314 2486 4388; x_wconf 79' lang='grc' dir='ltr'>ρασκευάσαι,</span> <span class='ocrx_word' id='word_1_700' title='bbox 2515 4314 2610 4368; x_wconf 77' lang='grc' dir='ltr'>ἅτε</span> <span class='ocrx_word' id='word_1_701' title='bbox 2639 4314 2704 4382; x_wconf 80' lang='grc' dir='ltr'>δὴ</span> <span class='ocrx_word' id='word_1_702' title='bbox 2735 4315 2804 4368; x_wconf 75' lang='grc' dir='ltr'>τὰ</span> <span class='ocrx_word' id='word_1_703' title='bbox 2835 4316 2977 4369; x_wconf 80' lang='grc' dir='ltr'>κατὰ</span> <span class='ocrx_word' id='word_1_704' title='bbox 3013 4316 3182 4383; x_wconf 73' lang='grc' dir='ltr'>μηδὲν</span> <span class='ocrx_word' id='word_1_705' title='bbox 3220 4317 3316 4386; x_wconf 77' lang='grc' dir='ltr'>τῆς</span> <span class='ocrx_word' id='word_1_706' title='bbox 3351 4313 3518 4370; x_wconf 77' lang='grc' dir='ltr'>αὐτοῦ</span> <span class='ocrx_word' id='word_1_707' title='bbox 3547 4317 3698 4380; x_wconf 89' lang='grc' dir='ltr'>θείας</span> 
     </span>
    </p>
   </div>
   <div class='ocr_carea' id='block_1_102' title="bbox 2126 4406 3700 4480">
    <p class='ocr_par' dir='ltr' id='par_1_102' title="bbox 2126 4406 3700 4480">
     <span class='ocr_line' id='line_1_102' title="bbox 2126 4406 3700 4480; baseline -0.001 -20"><span class='ocrx_word' id='word_1_708' title='bbox 2126 4407 2329 4478; x_wconf 77' lang='grc' dir='ltr'>σαρκὸς</span> <span class='ocrx_word' id='word_1_709' title='bbox 2360 4407 2708 4477; x_wconf 75' lang='grc' dir='ltr'>διαφέροντα.</span> <span class='ocrx_word' id='word_1_710' title='bbox 2743 4406 2959 4460; x_wconf 72' lang='grc' dir='ltr'>Ούτωπὶ</span> <span class='ocrx_word' id='word_1_711' title='bbox 2995 4407 3053 4461; x_wconf 77' lang='grc' dir='ltr'>δὲ</span> <span class='ocrx_word' id='word_1_712' title='bbox 3087 4408 3185 4460; x_wconf 78' lang='grc' dir='ltr'><strong>καὶ</strong></span> <span class='ocrx_word' id='word_1_713' title='bbox 3218 4408 3298 4468; x_wconf 83' lang='grc' dir='ltr'><strong>εἰς</strong></span> <span class='ocrx_word' id='word_1_714' title='bbox 3334 4409 3396 4462; x_wconf 81' lang='grc' dir='ltr'>τὸ</span> <span class='ocrx_word' id='word_1_715' title='bbox 3426 4408 3554 4480; x_wconf 79' lang='grc' dir='ltr'><strong>ἑξῆς</strong></span> <span class='ocrx_word' id='word_1_716' title='bbox 3585 4413 3700 4473; x_wconf 76' lang='grc' dir='ltr'>τοῖς</span> 
     </span>
    </p>
   </div>
   <div class='ocr_carea' id='block_1_103' title="bbox 2124 4497 3703 4572">
    <p class='ocr_par' dir='ltr' id='par_1_103' title="bbox 2124 4497 3703 4572">
     <span class='ocr_line' id='line_1_103' title="bbox 2124 4497 3703 4572; baseline 0.003 -21"><span class='ocrx_word' id='word_1_717' title='bbox 2124 4501 2339 4561; x_wconf 81' lang='grc' dir='ltr'>πιστοῖς</span> <span class='ocrx_word' id='word_1_718' title='bbox 2370 4497 2638 4566; x_wconf 75' lang='grc' dir='ltr'>πράττειν</span> <span class='ocrx_word' id='word_1_719' title='bbox 2667 4498 2749 4560; x_wconf 81' lang='grc' dir='ltr'><strong>είς</strong></span> <span class='ocrx_word' id='word_1_720' title='bbox 2782 4498 2976 4568; x_wconf 85' lang='grc' dir='ltr'>μνείαν</span> <span class='ocrx_word' id='word_1_721' title='bbox 3017 4499 3184 4552; x_wconf 83' lang='grc' dir='ltr'>αὐτοῦ</span> <span class='ocrx_word' id='word_1_722' title='bbox 3216 4500 3498 4572; x_wconf 80' lang='grc' dir='ltr'>ἀκραιφνῆ</span> <span class='ocrx_word' id='word_1_723' title='bbox 3527 4519 3703 4572; x_wconf 84' lang='grc' dir='ltr'>παρα-</span> 
     </span>
    </p>
   </div>
   <div class='ocr_carea' id='block_1_104' title="bbox 2123 4590 3703 4664">
    <p class='ocr_par' dir='ltr' id='par_1_104' title="bbox 2123 4590 3703 4664">
     <span class='ocr_line' id='line_1_104' title="bbox 2123 4590 3703 4664; baseline 0.001 -19"><span class='ocrx_word' id='word_1_724' title='bbox 2123 4592 2375 4645; x_wconf 80' lang='grc' dir='ltr'>δέδωκεν.</span> <span class='ocrx_word' id='word_1_725' title='bbox 2414 4590 2525 4644; x_wconf 83' lang='grc' dir='ltr'><strong>Καὶ</strong></span> <span class='ocrx_word' id='word_1_726' title='bbox 2562 4592 2744 4644; x_wconf 85' lang='grc' dir='ltr'>τοίνυν</span> <span class='ocrx_word' id='word_1_727' title='bbox 2775 4593 2874 4644; x_wconf 75' lang='grc' dir='ltr'>ὅσα</span> <span class='ocrx_word' id='word_1_728' title='bbox 2919 4591 2972 4658; x_wconf 86' lang='grc' dir='ltr'>γ’</span> <span class='ocrx_word' id='word_1_729' title='bbox 3004 4593 3173 4662; x_wconf 82' lang='grc' dir='ltr'>ἐχρῆν</span> <span class='ocrx_word' id='word_1_730' title='bbox 3202 4592 3290 4645; x_wconf 82' lang='grc' dir='ltr'>διὰ</span> <span class='ocrx_word' id='word_1_731' title='bbox 3335 4592 3512 4662; x_wconf 84' lang='grc' dir='ltr'>λόγων</span> <span class='ocrx_word' id='word_1_732' title='bbox 3539 4595 3703 4664; x_wconf 85' lang='grc' dir='ltr'>οὐρα-</span> 
     </span>
    </p>
   </div>
   <div class='ocr_carea' id='block_1_105' title="bbox 2125 4683 3699 4754">
    <p class='ocr_par' dir='ltr' id='par_1_105' title="bbox 2125 4683 3699 4754">
     <span class='ocr_line' id='line_1_105' title="bbox 2125 4683 3699 4754; baseline 0.001 -18"><span class='ocrx_word' id='word_1_733' title='bbox 2125 4683 2255 4737; x_wconf 86' lang='grc' dir='ltr'>νίων</span> <span class='ocrx_word' id='word_1_734' title='bbox 2291 4684 2386 4736; x_wconf 77' lang='grc' dir='ltr'>καὶ</span> <span class='ocrx_word' id='word_1_735' title='bbox 2426 4683 2707 4751; x_wconf 85' lang='grc' dir='ltr'>μυστικῶν</span> <span class='ocrx_word' id='word_1_736' title='bbox 2738 4683 2866 4747; x_wconf 75' lang='grc' dir='ltr'>τοὺς</span> <span class='ocrx_word' id='word_1_737' title='bbox 2901 4683 3174 4745; x_wconf 81' lang='grc' dir='ltr'>θιασώτας</span> <span class='ocrx_word' id='word_1_738' title='bbox 3207 4687 3443 4754; x_wconf 59' lang='grc' dir='ltr'>μυήσας,</span> <span class='ocrx_word' id='word_1_739' title='bbox 3474 4686 3599 4751; x_wconf 81' lang='grc' dir='ltr'>ξένα</span> <span class='ocrx_word' id='word_1_740' title='bbox 3638 4703 3699 4738; x_wconf 88' lang='grc' dir='ltr'><strong>τε</strong></span> 
     </span>
    </p>
   </div>
   <div class='ocr_carea' id='block_1_106' title="bbox 2120 4776 3702 4850">
    <p class='ocr_par' dir='ltr' id='par_1_106' title="bbox 2120 4776 3702 4850">
     <span class='ocr_line' id='line_1_106' title="bbox 2120 4776 3702 4850; baseline 0.002 -21"><span class='ocrx_word' id='word_1_741' title='bbox 2120 4776 2216 4829; x_wconf 69' lang='grc' dir='ltr'><strong>καὶ</strong></span> <span class='ocrx_word' id='word_1_742' title='bbox 2254 4776 2545 4848; x_wconf 73' lang='grc' dir='ltr'>ἀπόρρητα</span> <span class='ocrx_word' id='word_1_743' title='bbox 2575 4776 2843 4842; x_wconf 82' lang='grc' dir='ltr'>ἐπειπών,</span> <span class='ocrx_word' id='word_1_744' title='bbox 2873 4778 2966 4831; x_wconf 76' lang='grc' dir='ltr'>καὶ</span> <span class='ocrx_word' id='word_1_745' title='bbox 2986 4777 3085 4844; x_wconf 78' lang='grc' dir='ltr'>τὴν</span> <span class='ocrx_word' id='word_1_746' title='bbox 3115 4776 3211 4830; x_wconf 79' lang='grc' dir='ltr'><strong>τοῦ</strong></span> <span class='ocrx_word' id='word_1_747' title='bbox 3248 4779 3564 4850; x_wconf 80' lang='grc' dir='ltr'>Πνεύματος</span> <span class='ocrx_word' id='word_1_748' title='bbox 3596 4797 3702 4832; x_wconf 84' lang='grc' dir='ltr'>πα-</span> 
     </span>
    </p>
   </div>
   <div class='ocr_carea' id='block_1_107' title="bbox 2121 4867 3700 4943">
    <p class='ocr_par' dir='ltr' id='par_1_107' title="bbox 2121 4867 3700 4943">
     <span class='ocr_line' id='line_1_107' title="bbox 2121 4867 3700 4943; baseline 0.004 -24"><span class='ocrx_word' id='word_1_749' title='bbox 2121 4867 2346 4936; x_wconf 83' lang='grc' dir='ltr'>ρουσίαν</span> <span class='ocrx_word' id='word_1_750' title='bbox 2373 4868 2401 4921; x_wconf 83' lang='grc' dir='ltr'><strong>ὃ</strong></span> <span class='ocrx_word' id='word_1_751' title='bbox 2434 4869 2588 4938; x_wconf 88' lang='grc' dir='ltr'>παρὰ</span> <span class='ocrx_word' id='word_1_752' title='bbox 2617 4869 2713 4922; x_wconf 81' lang='grc' dir='ltr'><strong>τοῦ</strong></span> <span class='ocrx_word' id='word_1_753' title='bbox 2747 4869 2961 4940; x_wconf 60' lang='grc' dir='ltr'>Πατρθις</span> <span class='ocrx_word' id='word_1_754' title='bbox 2993 4872 3381 4941; x_wconf 79' lang='grc' dir='ltr'>ἐκπορεύεται,</span> <span class='ocrx_word' id='word_1_755' title='bbox 3417 4873 3700 4943; x_wconf 85' lang='grc' dir='ltr'>μυστικῶ-</span> 
     </span>
    </p>
   </div>
   <div class='ocr_carea' id='block_1_108' title="bbox 2119 4954 3702 5038">
    <p class='ocr_par' dir='ltr' id='par_1_108' title="bbox 2119 4954 3702 5038">
     <span class='ocr_line' id='line_1_108' title="bbox 2119 4954 3702 5038; baseline 0.004 -26"><span class='ocrx_word' id='word_1_756' title='bbox 2119 4977 2282 5029; x_wconf 86' lang='grc' dir='ltr'>τερον</span> <span class='ocrx_word' id='word_1_757' title='bbox 2323 4964 2867 5033; x_wconf 81' lang='grc' dir='ltr'>κατεγγυησάμενος,</span> <span class='ocrx_word' id='word_1_758' title='bbox 2906 4954 3000 5018; x_wconf 74' lang='grc' dir='ltr'>καὶ</span> <span class='ocrx_word' id='word_1_759' title='bbox 3041 4967 3237 5036; x_wconf 85' lang='grc' dir='ltr'>καινήν</span> <span class='ocrx_word' id='word_1_760' title='bbox 3277 4983 3400 5020; x_wconf 90' lang='grc' dir='ltr'>τινα</span> <span class='ocrx_word' id='word_1_761' title='bbox 3429 4968 3702 5038; x_wconf 80' lang='grc' dir='ltr'>διαθήκην</span> 
     </span>
    </p>
   </div>
   <div class='ocr_carea' id='block_1_109' title="bbox 2121 5053 3699 5128">
    <p class='ocr_par' dir='ltr' id='par_1_109' title="bbox 2121 5053 3699 5128">
     <span class='ocr_line' id='line_1_109' title="bbox 2121 5053 3699 5128; baseline 0.003 -22"><span class='ocrx_word' id='word_1_762' title='bbox 2121 5054 2306 5117; x_wconf 84' lang='grc' dir='ltr'>αὐτοῖς</span> <span class='ocrx_word' id='word_1_763' title='bbox 2360 5053 2592 5108; x_wconf 80' lang='grc' dir='ltr'>ὕστατον</span> <span class='ocrx_word' id='word_1_764' title='bbox 2639 5056 2857 5110; x_wconf 86' lang='grc' dir='ltr'>πάντων</span> <span class='ocrx_word' id='word_1_765' title='bbox 2886 5055 3198 5123; x_wconf 80' lang='grc' dir='ltr'>διεξελθὼν,</span> <span class='ocrx_word' id='word_1_766' title='bbox 3239 5059 3321 5121; x_wconf 87' lang='grc' dir='ltr'><strong>είς</strong></span> <span class='ocrx_word' id='word_1_767' title='bbox 3368 5059 3699 5128; x_wconf 73' lang='grc' dir='ltr'>Γεθσημανὴ</span> 
     </span>
    </p>
   </div>
   <div class='ocr_carea' id='block_1_110' title="bbox 2124 5144 3698 5221">
    <p class='ocr_par' dir='ltr' id='par_1_110' title="bbox 2124 5144 3698 5221">
     <span class='ocr_line' id='line_1_110' title="bbox 2124 5144 3698 5221; baseline 0.004 -23"><span class='ocrx_word' id='word_1_768' title='bbox 2124 5146 2214 5198; x_wconf 81' lang='grc' dir='ltr'><strong>τὸν</strong></span> <span class='ocrx_word' id='word_1_769' title='bbox 2266 5145 2445 5214; x_wconf 84' lang='grc' dir='ltr'>χῶρον</span> <span class='ocrx_word' id='word_1_770' title='bbox 2475 5144 2572 5216; x_wconf 81' lang='grc' dir='ltr'><strong>ἅμ’</strong></span> <span class='ocrx_word' id='word_1_771' title='bbox 2615 5148 2848 5211; x_wconf 86' lang='grc' dir='ltr'>ἐκείνοις</span> <span class='ocrx_word' id='word_1_772' title='bbox 2886 5149 3172 5220; x_wconf 78' lang='grc' dir='ltr'>ἐξέρχεται</span> <span class='ocrx_word' id='word_1_773' title='bbox 3219 5151 3656 5221; x_wconf 80' lang='grc' dir='ltr'>προσευξόμενος</span> <span class='ocrx_word' id='word_1_774' title='bbox 3681 5169 3698 5185; x_wconf 71' lang='grc' dir='ltr'><strong>ο</strong></span> 
     </span>
    </p>
   </div>
   <div class='ocr_carea' id='block_1_111' title="bbox 2125 5238 3695 5314">
    <p class='ocr_par' dir='ltr' id='par_1_111' title="bbox 2125 5238 3695 5314">
     <span class='ocr_line' id='line_1_111' title="bbox 2125 5238 3695 5314; baseline 0.005 -25"><span class='ocrx_word' id='word_1_775' title='bbox 2125 5239 2220 5290; x_wconf 74' lang='grc' dir='ltr'>καὶ</span> <span class='ocrx_word' id='word_1_776' title='bbox 2253 5238 2316 5308; x_wconf 79' lang='grc' dir='ltr'>δὴ</span> <span class='ocrx_word' id='word_1_777' title='bbox 2347 5239 2408 5290; x_wconf 83' lang='grc' dir='ltr'>τὸ</span> <span class='ocrx_word' id='word_1_778' title='bbox 2445 5239 2788 5309; x_wconf 78' lang='grc' dir='ltr'>ἀνθρώπινον</span> <span class='ocrx_word' id='word_1_779' title='bbox 2832 5241 3265 5312; x_wconf 83' lang='grc' dir='ltr'>ἐνδεικνύμενος,</span> <span class='ocrx_word' id='word_1_780' title='bbox 3318 5247 3386 5314; x_wconf 84' lang='grc' dir='ltr'>τῇ</span> <span class='ocrx_word' id='word_1_781' title='bbox 3425 5247 3695 5314; x_wconf 81' lang='grc' dir='ltr'>προσευχῇ</span> 
     </span>
    </p>
   </div>
   <div class='ocr_carea' id='block_1_112' title="bbox 2126 5332 3699 5404">
    <p class='ocr_par' dir='ltr' id='par_1_112' title="bbox 2126 5332 3699 5404">
     <span class='ocr_line' id='line_1_112' title="bbox 2126 5332 3699 5404; baseline 0.001 -21"><span class='ocrx_word' id='word_1_782' title='bbox 2126 5334 2450 5401; x_wconf 75' lang='grc' dir='ltr'>παρῃτεῖτο·</span> <span class='ocrx_word' id='word_1_783' title='bbox 2484 5333 2598 5401; x_wconf 87' lang='grc' dir='ltr'>είγε</span> <span class='ocrx_word' id='word_1_784' title='bbox 2627 5332 2693 5402; x_wconf 81' lang='grc' dir='ltr'>δὴ</span> <span class='ocrx_word' id='word_1_785' title='bbox 2729 5333 2806 5403; x_wconf 77' lang='grc' dir='ltr'>τῷ</span> <span class='ocrx_word' id='word_1_786' title='bbox 2843 5335 3014 5403; x_wconf 54' lang='grc' dir='ltr'>Πατρλ</span> <span class='ocrx_word' id='word_1_787' title='bbox 3050 5334 3312 5404; x_wconf 82' lang='grc' dir='ltr'>βουλητὸν</span> <span class='ocrx_word' id='word_1_788' title='bbox 3334 5338 3396 5390; x_wconf 85' lang='grc' dir='ltr'>τὸ</span> <span class='ocrx_word' id='word_1_789' title='bbox 3414 5337 3507 5389; x_wconf 85' lang='grc' dir='ltr'>τοῦ</span> <span class='ocrx_word' id='word_1_790' title='bbox 3541 5338 3699 5390; x_wconf 72' lang='grc' dir='ltr'>θανα-</span> 
     </span>
    </p>
   </div>
   <div class='ocr_carea' id='block_1_113' title="bbox 2123 5422 3698 5499">
    <p class='ocr_par' dir='ltr' id='par_1_113' title="bbox 2123 5422 3698 5499">
     <span class='ocr_line' id='line_1_113' title="bbox 2123 5422 3698 5499; baseline 0.002 -26"><span class='ocrx_word' id='word_1_791' title='bbox 2123 5437 2216 5473; x_wconf 79' lang='grc' dir='ltr'><strong>του</strong></span> <span class='ocrx_word' id='word_1_792' title='bbox 2257 5423 2524 5492; x_wconf 78' lang='grc' dir='ltr'>ποτήριον</span> <span class='ocrx_word' id='word_1_793' title='bbox 2565 5422 2714 5492; x_wconf 82' lang='grc' dir='ltr'>αὐτῷ</span> <span class='ocrx_word' id='word_1_794' title='bbox 2748 5425 3064 5494; x_wconf 82' lang='grc' dir='ltr'>παρελθεῖν.</span> <span class='ocrx_word' id='word_1_795' title='bbox 3107 5428 3176 5479; x_wconf 86' lang='lat' dir='ltr'><strong>Oi&#39;</strong></span> <span class='ocrx_word' id='word_1_796' title='bbox 3208 5444 3270 5495; x_wconf 88' lang='grc' dir='ltr'><strong>γε</strong></span> <span class='ocrx_word' id='word_1_797' title='bbox 3309 5429 3418 5496; x_wconf 78' lang='grc' dir='ltr'>μὴν</span> <span class='ocrx_word' id='word_1_798' title='bbox 3455 5426 3698 5499; x_wconf 74' lang='grc' dir='ltr'>μαθηταὶ</span> 
     </span>
    </p>
   </div>
   <div class='ocr_carea' id='block_1_114' title="bbox 2125 5511 3695 5587">
    <p class='ocr_par' dir='ltr' id='par_1_114' title="bbox 2125 5511 3695 5587">
     <span class='ocr_line' id='line_1_114' title="bbox 2125 5511 3695 5587; baseline 0.003 -25"><span class='ocrx_word' id='word_1_799' title='bbox 2125 5511 2204 5580; x_wconf 83' lang='grc' dir='ltr'>τῷ</span> <span class='ocrx_word' id='word_1_800' title='bbox 2225 5511 2314 5564; x_wconf 85' lang='grc' dir='ltr'>τοῦ</span> <span class='ocrx_word' id='word_1_801' title='bbox 2338 5512 2505 5567; x_wconf 82' lang='grc' dir='ltr'>’ύπνου</span> <span class='ocrx_word' id='word_1_802' title='bbox 2537 5515 2689 5584; x_wconf 80' lang='grc' dir='ltr'>κάρῳ</span> <span class='ocrx_word' id='word_1_803' title='bbox 2719 5515 3166 5586; x_wconf 73' lang='grc' dir='ltr'>βεῦαπτισμένοι,</span> <span class='ocrx_word' id='word_1_804' title='bbox 3193 5519 3432 5587; x_wconf 75' lang='grc' dir='ltr'>ρᾁυμοί</span> <span class='ocrx_word' id='word_1_805' title='bbox 3457 5535 3514 5568; x_wconf 79' lang='grc' dir='ltr'><strong>τε</strong></span> <span class='ocrx_word' id='word_1_806' title='bbox 3533 5514 3695 5586; x_wconf 81' lang='grc' dir='ltr'>ἦσαν,</span> 
     </span>
    </p>
   </div>
   <div class='ocr_carea' id='block_1_115' title="bbox 2124 5605 3696 5681">
    <p class='ocr_par' dir='ltr' id='par_1_115' title="bbox 2124 5605 3696 5681">
     <span class='ocr_line' id='line_1_115' title="bbox 2124 5605 3696 5681; baseline 0.003 -23"><span class='ocrx_word' id='word_1_807' title='bbox 2124 5608 2219 5658; x_wconf 76' lang='grc' dir='ltr'>καὶ</span> <span class='ocrx_word' id='word_1_808' title='bbox 2260 5605 2334 5668; x_wconf 87' lang='grc' dir='ltr'><strong>ὡς</strong></span> <span class='ocrx_word' id='word_1_809' title='bbox 2369 5607 2522 5678; x_wconf 87' lang='grc' dir='ltr'>τύχοι</span> <span class='ocrx_word' id='word_1_810' title='bbox 2555 5609 2786 5671; x_wconf 75' lang='grc' dir='ltr'>ἕκαστος</span> <span class='ocrx_word' id='word_1_811' title='bbox 2823 5612 3091 5681; x_wconf 83' lang='grc' dir='ltr'>ἀμηγέπη</span> <span class='ocrx_word' id='word_1_812' title='bbox 3136 5615 3497 5666; x_wconf 77' lang='grc' dir='ltr'>κατέπιπτον.</span> <span class='ocrx_word' id='word_1_813' title='bbox 3547 5611 3602 5664; x_wconf 84' lang='grc'><strong>’0</strong></span> <span class='ocrx_word' id='word_1_814' title='bbox 3641 5611 3696 5663; x_wconf 79' lang='grc' dir='ltr'>δὲ</span> 
     </span>
    </p>
   </div>
   <div class='ocr_carea' id='block_1_116' title="bbox 2122 5697 3699 5773">
    <p class='ocr_par' dir='ltr' id='par_1_116' title="bbox 2122 5697 3699 5773">
     <span class='ocr_line' id='line_1_116' title="bbox 2122 5697 3699 5773; baseline 0.004 -24"><span class='ocrx_word' id='word_1_815' title='bbox 2122 5697 2442 5762; x_wconf 66' lang='grc' dir='ltr'>διδασκαλος</span> <span class='ocrx_word' id='word_1_816' title='bbox 2473 5702 2552 5763; x_wconf 76' lang='grc' dir='ltr'><strong>εἰς</strong></span> <span class='ocrx_word' id='word_1_817' title='bbox 2582 5699 2806 5770; x_wconf 82' lang='grc' dir='ltr'>ἔλεγχον</span> <span class='ocrx_word' id='word_1_818' title='bbox 2837 5703 3048 5766; x_wconf 83' lang='grc' dir='ltr'>τούτοις</span> <span class='ocrx_word' id='word_1_819' title='bbox 3107 5704 3426 5769; x_wconf 68' lang='grc' dir='ltr'>καθίστατο,</span> <span class='ocrx_word' id='word_1_820' title='bbox 3467 5705 3559 5756; x_wconf 71' lang='grc' dir='ltr'>καὶ</span> <span class='ocrx_word' id='word_1_821' title='bbox 3591 5705 3699 5773; x_wconf 80' lang='grc' dir='ltr'><strong>μά-</strong></span> 
     </span>
    </p>
   </div>
   <div class='ocr_carea' id='block_1_117' title="bbox 514 5881 2281 5971">
    <p class='ocr_par' dir='ltr' id='par_1_117' title="bbox 514 5881 2281 5971">
     <span class='ocr_line' id='line_1_117' title="bbox 514 5881 2281 5971; baseline 0.001 -21"><span class='ocrx_word' id='word_1_822' title='bbox 514 5899 594 5968; x_wconf 74' lang='grc' dir='ltr'><strong>(Ι)</strong></span> <span class='ocrx_word' id='word_1_823' title='bbox 639 5897 886 5968; x_wconf 76' lang='grc' dir='ltr'>Ἐνζύμῳ</span> <span class='ocrx_word' id='word_1_824' title='bbox 921 5903 1092 5971; x_wconf 49' lang='grc' dir='ltr'>ἄρτῳ.</span> <span class='ocrx_word' id='word_1_825' title='bbox 1127 5899 1239 5956; x_wconf 64' lang='grc' dir='ltr'><strong>ιιι-ρ</strong></span> <span class='ocrx_word' id='word_1_826' title='bbox 1273 5905 1348 5957; x_wconf 76' lang='grc' dir='ltr'><strong>εἰς</strong></span> <span class='ocrx_word' id='word_1_827' title='bbox 1388 5915 1440 5956; x_wconf 88' lang='grc' dir='ltr'><strong>ιιι</strong></span> <span class='ocrx_word' id='word_1_828' title='bbox 1476 5902 1543 5956; x_wconf 87' lang='lat' dir='ltr'><strong>ab</strong></span> <span class='ocrx_word' id='word_1_829' title='bbox 1589 5881 1812 5954; x_wconf 80' lang='lat' dir='ltr'><strong>homine</strong></span> <span class='ocrx_word' id='word_1_830' title='bbox 1839 5899 2029 5956; x_wconf 75' lang='lat' dir='ltr'><strong>Grzcco</strong></span> <span class='ocrx_word' id='word_1_831' title='bbox 2052 5901 2281 5955; x_wconf 76' lang='lat' dir='ltr'><strong>dictum.</strong></span> 
     </span>
    </p>
   </div>
  </div>
