4032 6404
327 389 429 453 717
1261 382 1873 453 ECCLESIASTICtE
1910 445 1913 452 ι

2019 384 2307 455 STORUE
2352 383 2491 456 LIB.
2543 389 2589 453 Ι.

325 508 486 559 λιστα
542 505 733 578 Πέτρῳ
784 498 1103 577 θερμοτέρῳ
1154 520 1216 570 γε
1255 502 1368 557 ὄντι
1396 502 1506 556 τῶν
1558 504 1757 570 ἄλλων,
1808 506 1904 558 καὶ

2019 503 2440 562 imbecillitatem
2503 499 2830 573 declarans,
2897 511 3253 576 precatione,
3306 511 3580 582 siquidem

324 597 790 669 ἐπαγγελλομένῳ
815 600 928 662 τοῖς
958 595 1228 660 κινδύνοις
1258 596 1640 665 ἐγκαρτερεῖν.

2019 595 2153 651 Patri
2187 598 2260 652 ita
2297 598 2477 653 visum
2526 610 2705 665 esset,
2748 609 2806 654 ut
2849 601 2917 656 ab
2962 616 3029 657 eo
3080 602 3273 657 mortis
3321 605 3581 674 poculum

324 694 524 758 abiret,
560 694 904 765 deprecatur.
943 692 1207 762 Discipuli
1230 707 1360 746 sane
1392 689 1686 762 gravedine
1713 680 1891 746 somni
1933 691 2129 762 pressi,
2191 708 2387 764 segnes
2418 693 2714 750 admodum
2776 710 2934 760 esse,
2967 706 3019 751 et
3056 697 3581 769 quomodocuuqne,

327 788 418 841 ubi
471 777 591 843 sors
647 786 793 851 tulit,
848 785 1228 854 concidentes,
1280 785 1512 856 quisque
1543 784 1898 851 obdormire;
1939 786 2054 855 ipse
2117 802 2250 842 vero
2286 788 2545 857 magister
2578 804 2674 845 eos
2708 790 3121 858 reprehendens
3181 791 3497 863 obiurgare,
3529 801 3587 846 et

324 881 604 950 pra-cipue
637 881 889 946 Petrum,
920 879 1046 935 aliis
1111 878 1502 934 ferventiorctn
1571 877 1974 945 acrioremque,
2017 888 2071 932 et
2097 879 2190 948 qui
2231 888 2547 935 constanter
2587 895 2647 935 se
2684 880 2738 933 in
2774 880 3034 950 periculis
3067 881 3428 951 perstiturum
3459 898 3585 938 esse

327 963 521 1029 fuisset
544 972 843 1043 pollicitus.

908 1088 952 1140 Κ
967 1086 1164 1141 ΕΦᾹΛ.
1202 1086 1335 1141 ΚΘ¹.

2566 1070 2793 1138 CAPUT
2832 1082 3028 1139 XXIX.

327 1201 626 1281 175102}th
641 1200 981 1281 ’ἀρχιερέων
1007 1204 1196 1281 ᾊζνα
1219 1202 1322 1281 acui
1353 1201 1585 1281 It’gl‘figaa
1611 1218 1624 1232 ·
1654 1200 1751 1281 atq}
1777 1199 1911 1270 περὶ

2019 1180 2273 1254 ΒεἈιιιια
2301 1206 2349 1251 et
2376 1196 2578 1266 Caiplta
2603 1197 3020 1281 pontii/icilius,“
3043 1198 3107 1252 de
3138 1209 3369 1267 tempore
3392 1203 3588 1255 doctri-

400 1269 507 1326 τοῦ
536 1269 764 1341 χρόνου
802 1272 912 1341 τῆς
948 1273 1053 1328 τοῦ
1079 1270 1353 1341 Σωτῆρος
1386 1269 1810 1338 διδασκαλίας.
1850 1269 1855 1270 ⁷

2579 1287 2661 1324 me
2687 1269 3010 1323 Servatoris.

3469 399 3577 463 718

399 1392 614 1445 Εἰδέναι
645 1390 830 1461 μέντοι
860 1392 1061 1461 χρεὼν,
1086 1392 1161 1455 ὠς
1184 1391 1368 1462 ἡθεία
1394 1391 1432 1443 Γ
1438 1389 1586 1462 ραφή
1613 1391 1705 1445 τδν
1733 1391 1912 1444 πάντα

327 1482 426 1551 τῆς
461 1481 817 1544 διδασκαλίας
862 1484 1059 1551 χρόνον
1116 1482 1334 1535 τελέσαι
1372 1482 1465 1535 τὸν
1498 1482 1730 1550 Σωτῆρα
1760 1480 1911 1547 λέγει

331 1578 425 1629 ἐπὶ
454 1576 760 1645 ἀρχιερέως
805 1574 974 1626 Ἀννα
1020 1573 1116 1627 καὶ
1162 1572 1375 1641 Καῒςρα,
1425 1574 1657 1642 ἐπείπερ
1697 1573 1754 1625 ἐν
1798 1574 1910 1634 τοῖς

331 1668 541 1737 μεταξὺ
571 1668 781 1721 τούτων
808 1667 956 1719 ἔτεσι
989 1667 1091 1734 τῆς
1132 1665 1482 1737 λειτουργίας
1521 1664 1551 1715 ό
1582 1665 1683 1735 τῆς
1727 1661 1905 1734 Ἰησοῦ

326 1758 684 1821 διδασκαλίας
714 1760 940 1829 σύμπας
991 1756 1365 1828 διεπεραιώθη
1411 1757 1626 1828 χρόνος,
1671 1756 1914 1827 ἀρξάμε-

2086 1384 2254 1441 Scire.
2290 1394 2473 1441 autem
2512 1385 2791 1451 convenit,
2831 1386 3074 1440 divinam
3114 1386 3454 1456 Scripturam
3505 1386 3592 1440 in—

2016 1492 2210 1541 nuero,
2259 1477 2604 1532 Servatorent
2660 1480 2839 1548 ipsum
2893 1494 3112 1534 utnnem
3164 1479 3431 1533 doctrina:
3478 1494 3592 1533 suae

2017 1586 2244 1626 cursum
2268 1573 2368 1625 sub
2385 1572 2541 1625 Anna
2563 1581 2617 1628 et
2637 1572 2844 1642 Caipba
2870 1570 3228 1642 pontiﬁcibus
3252 1571 3590 1627 absolvisse:
3672 1594 3691 1605 ο

2018 1663 2470 1734 quandoquidem
2521 1663 2665 1719 intra
2705 1665 2938 1720 istorum
2981 1664 3339 1736 pontiﬁcatus
3377 1679 3597 1719 rerum-

2016 1772 2126 1827 que
2180 1755 2683 1812 administrationis
2719 1772 2894 1813 annos
2938 1766 3113 1813 totum
3150 1757 3281 1814 Jesu
3325 1757 3595 1814 doctrinae

328 1869 418 1914 νος
462 1852 563 1921 μὲν
591 1851 734 1905 κατά
786 1850 886 1922 τὴν
924 1850 1020 1905 τοῦ
1057 1853 1226 1905 Ἅννα
1247 1849 1687 1922 ἀρχιερωσύνην,
1720 1866 1913 1905 συντε-

2019 1857 2236 1917 tempus
2268 1847 2338 1902 ad
2371 1849 2532 1903 ﬁnem
2566 1863 2727 1902 suum
2756 1849 3031 1917 pervenit.
3062 1849 3287 1905 Initium
3320 1850 3467 1905 enim
3497 1848 3596 1903 do-

327 1943 539 2007 λεσθεὶς
569 1944 627 1996 δὲ
674 1943 805 2016 ἄχρι
839 1944 903 2014 δὴ
953 1945 1046 1997 καὶ
1093 1944 1191 2013 τῆς
1233 1943 1328 1998 τοῦ
1361 1943 1552 2013 Καῖςρα
1594 1945 1797 2014 ἀρχῆς.
1852 1943 1912 1996 '0

328 2035 387 2089 δὲ
421 2037 529 2099 πᾶς
560 2035 755 2107 χρόνος
803 2034 907 2104 τῆς
938 2034 1034 2088 τοῦ
1084 2035 1339 2105 Σωτῆρος
1383 2033 1739 2096 διδασκαλίας
1788 2032 1912 2086 οὐδὲ

328 2129 628 2199 τετραετὴς
678 2127 1052 2198 περιίσταται.
1090 2126 1213 2179 Τῶν
1251 2126 1360 2195 γὰρ
1413 2126 1656 2196 νομικῶν
1690 2125 1914 2196 θεσμῶν

329 2223 518 2293 ἠρέμα
549 2238 665 2283 πως
698 2220 1149 2289 καταλυομένων,
1187 2218 1380 2272 λέλυτο
1412 2218 1552 2288 πρὸς
1594 2220 1706 2279 τοῖς
1730 2218 1913 2282 ἄλλοις

329 2317 428 2367 καὶ
465 2307 509 2381 ᾧ
552 2313 641 2366 διὰ
695 2312 814 2383 βίου
859 2314 971 2365 κὰκ
1022 2311 1121 2379 τῆς
1168 2311 1278 2363 τῶν
1328 2310 1617 2379 προγόνων
1658 2309 1913 2380 διαδοχῆς

330 2405 580 2475 διέφερεν
604 2406 637 2474 ἡ
673 2404 770 2458 τοῦ
801 2403 941 2457 Θεοῦ
967 2403 1237 2475 θεραπεία
1276 2404 1370 2457 καὶ
1403 2404 1738 2472 λειτουργία.
1780 2404 1915 2458 Ὑπὸ

332 2498 443 2569 γὰρ
486 2496 596 2550 τῶν
636 2497 779 2551 κατά
822 2497 1052 2568 καιροὺς
1107 2497 1485 2566 πεμπομένων
1529 2494 1820 2567 ἡγεμόνων
1849 2497 1916 2551 ἐκ

344 2590 563 2660 Ῥώμης
615 2590 810 2645 ἄλλοτε
867 2591 1018 2644 ἄλλοι
1070 2589 1172 2662 τὴν
1217 2590 1581 2662 λειπουργίαν
1632 2591 1916 2662 χρήμασιν

332 2680 719 2751 ἐξωνούμενοι,
743 2681 805 2733 οὐ
853 2681 1042 2734 πλεῖον
1076 2681 1230 2744 ἔτους
1272 2682 1392 2744 ἐνὸς
1428 2680 1516 2734 ἐπ’
1544 2684 1715 2752 αὐτὴν
1743 2682 1916 2736 διετέ-

332 2775 484 2832 λουν.
517 2777 639 2830 Ὀτι
683 2774 729 2828 δ’
765 2774 967 2845 ἀληθὲς
1012 2773 1074 2828 τὸ
1109 2774 1429 2845 λεγόμενον,
1472 2774 1729 2846 Ἰωσήπῳ
1777 2776 1918 2846 μὰρ-

333 2883 461 2940 τυρι
493 2870 793 2941 χρήσομαι,
823 2871 963 2941 μετά
989 2871 1083 2925 τὸν
1111 2872 1314 2925 Ἀνναν
1346 2873 1618 2943 τέσσαρας
1638 2875 1781 2925 κατά
1802 2871 1919 2925 δια-

333 2963 498 3035 δοχὴν
519 2963 613 3016 ἐπὶ
638 2964 893 3034 Καϊάφαν
924 2965 1206 3036 ἀρχιερεῖς
1237 2963 1604 3033 διαγενέσθαι,
1645 2965 1786 3018 κατὰ
1814 2965 1917 3035 τῆς

344 3057 801 3128 Ἀρχαιολογίας
866 3058 1088 3131 γραφὴν
1157 3044 1488 3131 ἱστοροῦντι,
1568 3059 1666 3113 καὶ
1716 3058 1918 3113 οὑτωσὶ

334 3153 477 3201 κατὰ
509 3149 656 3216 λέξιν
705 3149 981 3215 διεξιόντι’
1018 3167 1037 3202 ι
1089 3150 1389 3222 Οὐαλέριος
1422 3151 1654 3222 Γρᾶτος,
1698 3150 1916 3214 παύσας

2015 1939 2176 1994 cendi
2207 1939 2379 1995 Annae
2429 1939 2755 2011 pontiﬁcatu
2790 1939 2937 2005 fecit,
2977 1949 3035 1996 et
3083 1956 3287 1997 munus
3329 1941 3383 1995 id
3416 1956 3595 2009 usque

2015 2030 2083 2085 ad
2117 2030 2340 2100 Caipbai
2384 2032 2921 2087 administrationem
2964 2032 3393 2088 consummavit.
3428 2032 3596 2087 Tem-

2014 2138 2118 2193 pus
2163 2133 2348 2178 autem
2390 2124 2658 2179 doctrinae
2701 2125 3017 2182 Servatoris
3060 2143 3222 2182 omne
3260 2143 3368 2181 non
3417 2138 3594 2183 totum

2014 2214 2259 2284 explevit
2277 2216 2707 2285 quadriennium
2729 2218 2826 2289 (l).
2844 2219 2980 2274 Cum
3005 2220 3152 2276 enim
3172 2221 3598 2276 constitutiones

2016 2308 2154 2379 legis
2218 2311 2483 2379 paulatim
2549 2312 2746 2366 solutae
2822 2313 3153 2377 interirent,
3223 2322 3424 2382 prtetcr
3488 2314 3597 2369 alia

2021 2399 2181 2472 106
2225 2401 2393 2456 etiam
2440 2402 2487 2456 is
2533 2402 2627 2472 qni
2660 2419 2739 2457 .cx
2785 2405 3054 2475 majorum
3100 2406 3454 2461 successione
3502 2423 3600 2477 per

2016 2495 2314 2549 sanctioris
2333 2496 2460 2550 vita:
2475 2511 2657 2552 mores
2673 2498 2983 2553 excellebat
3009 2498 3101 2553 Dei
3130 2500 3334 2563 cultus,
3356 2514 3575 2555 sacrum
3591 2531 3605 2542 -

2017 2600 2128 2657 que
2158 2585 2528 2641 ministerium
2574 2589 2878 2659 collapsum
2918 2588 3225 2645 intercidit.
3276 2591 3321 2646 A
3363 2590 3601 2647 ducibus

2017 2678 2268 2734 enim'et
2320 2680 2654 2750 prmsidibus
2691 2681 2793 2753 (2),
2824 2683 2918 2752 qui
2967 2683 3315 2753 temporibus
3358 2685 3602 2755 quisque

2019 2771 2136 2827 suis
2162 2771 2337 2826 Roma
2368 2773 2751 2839 mittebantur,
2800 2776 2934 2830 alias
2965 2776 3059 2831 alii
3110 2778 3481 2833 ministerium
3513 2792 3603 2833 sa-

2017 2880 2174 2920 crum
2203 2867 2436 2935 pecunia
2461 2877 2868 2937 comparantes,
2901 2884 3012 2924 non
3047 2884 3158 2925 uno
3201 2871 3418 2942 longius
3453 2887 3601 2926 anno

2020 2957 2074 3012 in
2106 2972 2174 3013 eo
2220 2964 2675 3029 perseverabant.
2722 2962 2877 3028 Quod
2929 2973 3112 3019 autem
3159 2964 3212 3021 id
3264 2980 3456 3020 verum
3506 2966 3600 3030 sit,

2023 3061 2163 3107 teste
2194 3054 2438 3124 .losepbo
2466 3065 2616 3123 utar,
2661 3058 2755 3127 qui
2804 3067 2931 3129 post
2975 3061 3186 3114 Annam
3231 3070 3472 3131 quatuor
3503 3079 3601 3133 per

2023 3151 2758 3222 successionempontiﬁces
2808 3169 2983 3225 usque
3018 3155 3083 3208 ad
3121 3155 3384 3225 Caipbam
3428 3156 3602 3212 fuisse

337 3242 587 3312 ἱερᾶσθαι
647 3244 898 3308 Ἀνανον,
948 3243 1256 3315 -Ίσμάηλον
1301 3246 1569 3317 ἀρχιερέα
1618 3245 1913 3314 ἀποφαίνει

2026 3239 2080 3292 in
2114 3240 2537 3310 Antiquitatibus
2565 3246 2684 3299 suis
2718 3243 2868 3299 hisce
2904 3245 3088 3301 verbis
3129 3247 3359 3317 prodit:
3393 3267 3411 3299 ι
3444 3249 3605 3305 Vale-

332 3333 429 3388 τδν
447 3333 539 3388 τοῦ
561 3333 721 3390 Φαδί.
757 3335 866 3390 Καὶ
902 3335 1096 3390 τοῦτον
1121 3336 1183 3393 δὲ
1213 3337 1332 3408 μετ’
1362 3338 1424 3391 οὐ
1454 3338 1592 3392 πολὺ
1636 3339 1915 3409 μεταστή-

336 3443 459 3494 σας,
518 3426 846 3499 Ἐλεάζαρον
890 3428 984 3482 τὸν
1044 3427 1271 3483 Ἀνάνου
1314 3427 1412 3483 τοῦ
1458 3429 1768 3501 ἀρχιερέως
1800 3431 1914 3485 υίδν

334 3521 723 3576 ἀποδείκνυσιν
772 3523 1064 3593 ἀρχιερέα.
1110 3521 1394 3575 Ἐνιαυτοῦ
1424 3523 1482 3575 δὲ
1524 3522 1912 3595 διαγενομένου

336 3615 432 3667 καὶ
457 3614 604 3669 τόνδε
637 3612 873 3681 παύσας,
914 3615 1124 3683 Σίμωνι
1165 3614 1246 3686 τῷ
1286 3613 1544 3685 Καμέθου
1594 3616 1695 3685 τὴν
1726 3617 1915 3687 ἀρχιε-

340 3707 589 3779 ρωσύνην
616 3707 1012 3778 παραδίδωσιν.
1045 3707 1123 3761 Οὐ
1161 3706 1323 3762 πλέον
1352 3707 1536 3778 δὲ,κα“ι
1562 3707 1700 3779 τῷδε
1727 3708 1911 3763 ἐνιαυ-

335 3796 431 3851 τοῦ
454 3798 554 3871 τὴν
586 3799 754 3872 τιμὴν
783 3799 963 3869 ἔχοντι
995 3800 1272 3868 διεγένετο
1304 3801 1519 3873 χρόνος,
1566 3802 1663 3855 καὶ
1721 3801 1911 3874 Ἰώση-

335 3891 506 3954 πος,ὁ
533 3887 629 3941 καὶ
660 3889 903 3958 Καῖφας,
941 3887 1192 3961 διάδοχος
1233 3886 1302 3962 ἦν
1338 3890 1512 3961 αὐτῷ.
1545 3909 1564 3944 ι
1601 3891 1911 3961 Συνὰγεται

232 4036 237 4041 ,
330 3979 516 4034 τοίνυν
540 3980 606 4035 ἐκ
629 3979 840 4035 τούτων
871 3982 998 4053 μηδ’
1026 3982 1147 4047 ὅλος
1188 3983 1490 4055 τετραετὴς
1524 3981 1668 4039 εἶναι
1700 3985 1798 4056 τῆς
1836 3986 1915 4039 δι-

331 4070 637 4137 δασκαλίας
680 4073 778 4128 τοῦ
823 4075 1083 4146 Σωτῆρος
1126 4078 1156 4130 ό
1204 4077 1424 4148 χρόνος,
1483 4058 1773 4149 τεσσάρων
1819 4079 1915 4132 ἐπὶ

330 4163 631 4236 τέσσαρσιν
659 4164 845 4219 ἐτεσιν
877 4167 1182 4240 ἀρχιερέων
1217 4167 1328 4244 ἀπὸ
1354 4168 1449 4223 τοῦ
1482 4170 1647 4225 Ἅννα
1693 4171 1791 4225 καὶ
1818 4170 1914 4225 ἐπὶ

332 4254 429 4308 τοῦ
459 4256 686 4326 Καῖάφα
717 4258 1056 4312 κατάστασιν
1085 4259 1363 4313 ἐνιαύσιον
1408 4259 1754 4331 λειτουργίαν
1796 4260 1916 4315 δια-

329 4347 720 4405 τετελεκότων.
748 4349 856 4404 Τόν
901 4366 968 4416 γε
1019 4350 1130 4423 μὴν
1182 4353 1465 4420 Καϊάφαν,
1522 4355 1785 4425 ἀρχιερέα
1816 4353 1912 4408 τοῦ

329 4441 582 4495 ἐνιαυτοῦ
612 4441 736 4495 καθ’
762 4441 823 4496 ὃν
852 4442 923 4498 τά
947 4444 1044 4497 τοῦ
1095 4446 1367 4516 σωτηρίου
1404 4445 1648 4500 ἐτελεῖτο
1683 4446 1911 4513 πάθους,

2026 3332 2146 3387 rius
2175 3333 2376 3390 Gratus
2413 3337 2606 3391 Anano
2638 3338 2958 3406 pontificatu
2989 3340 3274 3412 abrogato,
3310 3341 3600 3401 Ismaelum

2024 3426 2341 3495 pontiﬁcem
2397 3438 2572 3495 creat,
2610 3428 2784 3489 Pliabi
2832 3430 3003 3487 ﬁlium
3050 3433 3151 3504 (ὃ).
3207 3435 3313 3492 Sed
3361 3446 3419 3492 et
3467 3430 3601 3494 huic

2023 3533 2149 3574 cum
2196 3519 2361 3590 paulo
2411 3532 2536 3588 post
2576 3522 2899 3593 dignitatem
2930 3540 3049 3581 eam
3078 3530 3399 3599 ademisset,
3438 3532 3603 3588 Elea-

2023 3626 2212 3666 zarum
2242 3613 2414 3668 Anani
2454 3616 2738 3684 pontiﬁcis
2775 3618 2948 3674 ﬁlium
2978 3621 3293 3691 pontiﬁcem
3322 3622 3598 3695 designat.

2019 3701 2181 3758 Anno
2214 3719 2379 3773 porro
2425 3716 2646 3772 exacto,
2694 3719 2751 3765 et
2800 3710 2909 3767 isto
2940 3716 3163 3782 quoque
3203 3730 3232 3769 a
3269 3717 3597 3786 pontiﬁcatu

2023 3794 2252 3865 reiecto,
2277 3796 2485 3852 Simoni
2513 3799 2751 3857 Camitbi
2778 3801 2890 3858 ﬁlio
2915 3818 3193 3859 summum
3225 3807 3597 3863 sacerdotium

2022 3886 2209 3940 tradit.
2265 3887 2466 3942 Verum
2523 3899 2581 3944 et
2630 3890 2761 3947 huic
2804 3892 3073 3949 honorem
3130 3912 3256 3952 eum
3296 3900 3597 3967 obtinenti,

2022 3992 2132 4032 non
2157 3993 2342 4033 annuo
2370 3980 2586 4053 longius
2617 3992 2834 4055 tempus
2872 3985 2978 4042 iuit
3009 4006 3023 4042 :
3050 3990 3138 4044 cui
3169 3991 3470 4063 Joscpbus,
3502 3997 3599 4065 qui

2019 4081 2077 4128 et
2114 4071 2351 4145 Caiphas
2393 4076 2579 4134 dictus
2612 4089 2718 4147 cst,
2769 4087 3059 4142 successit.
3097 4104 3117 4138 ι
3168 4088 3242 4143 Ex
3295 4090 3382 4145 his
3429 4091 3599 4162 igitur

2021 4168 2406 4238 consequitur,
2440 4185 2551 4226 non
2585 4186 2817 4242 prorsus
2848 4176 3200 4245 quadriennii
3232 4182 3430 4254 integri
3466 4162 3617 4240 Ser-1

2018 4258 2229 4315 vatoris
2257 4264 2432 4318 nostri
2460 4264 2726 4322 doctrinae
2749 4268 2919 4323 fuisse
2936 4256 3181 4341 tempus,
3212 4288 3337 4329 cum
3362 4288 3603 4346 quatuor

2021 4351 2183 4406 annis
2202 4362 2441 4421 quatuor
2471 4357 2780 4426 pontiﬁces,
2805 4361 2874 4415 ab
2896 4362 3051 4417 Anna
3077 4379 3251 4434 usque
3279 4366 3346 4421 ad
3375 4368 3601 4440 Caipba:

2022 4442 2277 4498 ordinem
2310 4453 2366 4500 et
2389 4448 2754 4517 creationem,
2779 4467 2967 4508 annuo
2996 4454 3170 4513 iuncti
3203 4460 3317 4517 sint
3348 4462 3601 4521 ministe-

328 4531 363 4599 ἠ
396 4529 508 4583 τῶν
536 4530 888 4598 Εὖαγγελίων
918 4532 1110 4603 γραφὴ
1141 4535 1409 4607 παριστᾷ·
1445 4535 1506 4601 ἐξ
1534 4532 1603 4606 ἧς
1630 4541 1723 4592 καὶ
1749 4540 1913 4603 αὐτὸς

2022 4536 2127 4591 rio.
2172 4535 2435 4608 Caipbam
2484 4556 2615 4596 vero
2666 4543 2844 4615 ipsum
2895 4547 3209 4615 pontiﬁcem
3263 4553 3385 4624 ejus
3436 4558 3593 4622 anni,

331 4621 627 4691 σύμφωνος
670 4622 769 4692 τῆς
800 4624 1180 4696 προκειμένης
1215 4625 1599 4697 ἑπιτηρήσεως
1641 4630 1669 4682 ό
1697 4630 1795 4699 τῆς
1821 4629 1915 4687 τοῦ

330 4712 573 4782 Χριστοῦ
631 4714 992 4780 διδασκαλίας
1057 4718 1253 4788 χρόνος
1321 4719 1510 4787 σαφῶς
1582 4721 1912 4775 ἀποδείκνυ-

330 4823 443 4860 ται.

403 5081 485 5157 (1)-
511 5083 586 5139 De
626 5087 974 5156 quadriennii
1009 5086 1174 5143 istius
1204 5086 1595 5143 observatione
1623 5084 1908 5157 Nicepho»

2024 4629 2078 4682 in
2113 4645 2273 4700 quem
2313 4632 2602 4689 salutifera
2654 4634 2853 4691 incidit
2896 4641 3102 4709 passio,
3153 4641 3349 4715 fuisse,
3390 4649 3596 4720 scripta

2021 4723 2337 4794 evangelica
2370 4732 2719 4783 attestantur.
2756 4729 2916 4786 Unde
2959 4739 3017 4786 et
3060 4733 3175 4790 haec
3217 4736 3320 4803 illi,
3360 4738 3430 4794 de
3462 4753 3600 4797 tetu-

2022 4829 2159 4884 pore
2201 4813 2408 4871 Christi
2453 4816 2741 4884 doctrinae,
2793 4837 2919 4892 quae
2955 4825 3119 4880 modo
3169 4831 3452 4899 proposita
3487 4844 3596 4898 est,

2020 4919 2262 4960 consona
2296 4922 2418 4963 esse
2449 4911 2784 4980 observatio,
2817 4914 3030 4985 liquido
3052 4921 3383 4978 ostenditur.

2019 5090 2247 5172 [le_alio
2285 5090 2480 5172 itaque
2536 5102 2782 5172 tempore
2823 5098 3057 5172 _Josephi
3118 5107 3287 5163 verba
3332 5109 3436 5163 ista
3468 5122 3619 5172 sunt,
3690 5102 3701 5134 ί

330 5168 424 5207 rus
444 5152 745 5250 Euselrium
784 5158 972 5250 lin-1,.
999 5157 1240 5250 cap.|iii,
1276 5168 1360 5250 est
1393 5158 1663 5250 imitlatus.
1701 5152 1904 5213 verum
2012 5161 2357 5250 aecip'ienda.
2387 5152 2453 5217 Et
2489 5152 2703 5250 aucto-ri
2733 5152 3071 5250 ἱρείίιῖξῇ
3105 5152 3619 5250 ἐξ,

327 5238 391 5277 ea
433 5227 661 5307 curuis
703 5229 1048 5307 (39p._-liujtts
1074 5227 1225 5307 libri,
1255 5235 1472 5284 etcum
1507 5227 1643 5282 Luc.
1688 5243 1767 5295 ιιι,
1795 5244 1906 5307 pou
2013 5227 2469 5307 pue'Luc._cap.
2498 5235 2554 5301 5,
2605 5237 2708 5307 hac
2743 5227 2797 5292 i'n
2851 5254 2910 5293 re
2956 5227 3113 5299 ﬁdes
3145 5227 3595 5307 iiaiit-‘iiaif'iib'c

328 5293 605 5374 convenit.
633 5315 662 5374 _«
712 5293 790 5354 Et
815 5293 1074 5374 Valerius
1123 5297 1324 5374 Ggatus
1364 5307 1508 5374 ante
1534 5293 1760 5374 _aunos'
1790 5299 1909 5355 fere
2012 5293 2179 5374 etiam
2210 5293 2454 5374 declarat
2480 5293 2602 5374 ca'p.
2634 5306 2688 5373 4,
2738 5308 2838 5362 lib.
2879 5293 3135 5373 minim.

328 5362 541 5438 decem,
565 5367 721 5436 prius
747 5382 913 5438 quam
937 5368 1142 5422 Pilatus
1167 5368 1339 5422 Roma
1363 5367 1418 5421 in
1446 5366 1687 5438 Judaeum
1711 5383 1916 5438 praeses

329 5431 531 5488 missus
558 5431 665 5508 est,
700 5431 1169 5508 provineiteuejus
1198 5440 1492 5508 praefectus
1526 5437 1647 5491 fuit.
1693 5431 1729 5490 ι’
1766 5439 1811 5505 ρ

329 5514 462 5554 vero
488 5506 979 5576 eodetn'tempore
1009 5506 1405 5576 Hierosolymis
1438 5506 1642 5563 Gratus
1668 5508 1902 5574 faceret,

328 5585 454 5626 cum
487 5575 560 5629 ibi
579 5591 772 5633 eorum
803 5575 1079 5634 obtineret
1099 5575 1634 5633 administrationem
1664 5578 1906 5635 Pilatus?

2086 5371 2166 5449 (ἢ
2190 5373 2422 5449 Caesaris
2478 5371 2868 5449 procuratores
2933 5371 3033 5449 pro
3082 5399 3180 5440 sua
3245 5386 3477 5444 libidine
3538 5402 3595 5448 et

1817 5438 1908 5563 gitti
2015 5438 2249 5582 εέἓιέίἒὶῗ
2277 5438 2669 5578 )sacerdotium
2720 5438 3101 5509 conferebant.
3124 5438 3514 5529 itEuiropTi-ib.
3542 5438 3590 5527 ἶ,

1817 5527 1821 5537 ι
1884 5547 1903 5582 ,
2015 5527 2045 5567 c
2123 5550 2135 5564 .
2252 5551 2265 5565 .

2015 5527 2135 5567 can.
2177 5527 2265 5565 11.

2087 5584 2164 5651 (5)
2197 5584 2301 5639 Alii
2330 5585 2541 5656 legunt,
2574 5587 2699 5642 Jabt’
2732 5591 2816 5658 ﬁl.
2846 5592 3091 5666 (Ioseph.
3122 5595 3221 5655 lib.
3258 5615 3484 5668 xvm,c.
3511 5603 3588 5673 7.)
