4032 6410
361 464 459 530 721

1282 464 1893 526 ECCLESIASTICﬁE
1936 460 2329 523 HlSTOerE
2373 460 2520 521 LIB.
2568 457 2621 519 Ι.

3524 447 3630 511 722

360 579 431 634 τὰ
460 575 794 647 ἐγκλήματα
839 577 945 630 ὑπὸ
971 576 1198 632 θάνατον
1230 578 1453 644 ἄγοντα·
1490 578 1551 630 ού
1585 578 1693 649 μὴν
1721 578 1779 631 δὲ
1816 576 1946 631 ἀλλὰ

2055 578 2318 646 omnique
2355 574 2699 629 humanitate
2733 569 2973 624 alienum
3011 567 3267 620 latratum
3297 578 3490 618 eorum
3530 578 3631 616 au-

358 672 455 726 καὶ
486 669 706 742 Ἡρώδῃ
726 670 983 739 τηνικάδε
1003 673 1118 735 τοῖς
1162 671 1427 742 Ἰεροσολύ
1435 689 1557 741 μοις
1577 668 1939 741 ἐπιδημοῦντι

353 763 543 816 τοῦτον
560 762 899 833 ἀνέπεμπεν,
935 761 1292 835 ὥστ’ὲλέγχῳ
1326 763 1660 833 γνωσθῆναι,
1684 764 1747 817 -εί
1777 763 1944 817 θανά-

352 872 451 909 του
473 872 529 908 τι
564 853 715 918 ἄξιον
737 854 1095 924 διεπράξατοι
1119 856 1197 921 ὡς
1221 856 1276 910 δὲ
1304 859 1398 910 καὶ
1427 851 1582 922 οὗτος
1611 856 1765 911 οὐδὲν
1795 857 1946 928 εὕρι-

355 964 476 1009 σκε,
513 944 734 1016 Πιλάτῳ
762 942 922 1010 αὖθις
958 947 1290 1018 παρίστατο.
1323 949 1436 1001 Καὶ
1489 948 1549 1010 ὃς
1586 947 1688 1017 τὴν
1721 948 1942 1019 ἡμέραν

354 1040 448 1095 τοῦ
484 1040 678 1109 Πάσχα
724 1037 1089 1105 προύϐάλετω
1143 1039 1193 1092 οἱ
1222 1039 1281 1092 δὲ
1324 1039 1404 1108 τῷ
1433 1042 1533 1110 τῆς
1560 1037 1944 1100 καθοσιώσεως

357 1132 575 1201 ὑπῆγον
621 1131 780 1193 αὖθις
824 1132 1159 1202 ἐγκλήματι,
1216 1131 1313 1186 ἂτε
1360 1132 1427 1201 δὴ
1473 1131 1700 1202 βκσιλέα
1748 1129 1942 1184 ἑαυτὸν

354 1223 721 1278 καθιστάντα·
778 1224 875 1278 καὶ
926 1222 1189 1278 ἀπολύειν
1228 1224 1582 1296 αἱρουμένῳ,
1641 1222 1943 1293 Ἀμαρτεϊν

355 1314 579 1376 πάντως
625 1315 838 1367 ἑσεῖται
887 1317 955 1385 τῇ
1010 1315 1167 1387 φιλίᾳ
1216 1317 1312 1369 τοῦ
1369 1316 1674 1385 Καίσαρος,
1717 1313 1941 1381 ἔλεγον.

360 1407 528 1460 Ταῦτ’
560 1410 587 1461 ὁ
617 1408 851 1475 Πιλᾶτος
881 1407 1279 1478 ὴνωτισμένος,
1317 1407 1410 1461 καὶ
1447 1407 1634 1471 δείσας
1668 1407 1743 1476 μή
1767 1421 1821 1458 τι
1851 1405 1945 1459 καὶ

365 1501 560 1574 μώμου
591 1502 745 1574 αὐτῷ
775 1503 1137 1575 προστρισείη
1169 1502 1261 1556 διὰ
1285 1503 1378 1556 τὸν
1415 1499 1948 1571 Καίσαραῖκάντεῢ-

363 1596 457 1649 θεν
490 1594 722 1650 καὶτῶν
751 1595 963 1664 δίφρων
997 1594 1100 1661 τῆς
1127 1592 1429 1665 ἡγεμονίας
1455 1590 1836 1662 ἐκκυλισθείη,
1866 1590 1947 1662 τῷ

359 1687 653 1758 φιλαρχείν
692 1686 789 1739 καὶ
818 1685 1134 1755 ἀνθρώποις
1162 1685 1395 1755 ἀρεστὸς
1423 1685 1602 1738 δοκεῖν
1647 1685 1827 1754 ἥττων
1855 1700 1947 1751 γε·

359 1782 612 1850 νιὸμενος,
668 1776 1036 1847 φραγγέλλιον
1086 1774 1183 1828 τοῦ
1236 1774 1510 1845 τραχήλου
1557 1774 1784 1845 ἐξάψας,
1830 1775 1943 1839 τοῖς

2049 668 2228 732 cliens,
2262 682 2521 738 quaenam
2569 666 2690 737 ejus
2720 678 2883 719 causa
2921 670 3103 726 esset,
3154 668 3328 729 rogat.
3367 658 3629 713 Servator

2049 769 2230 816 autem
2254 775 2380 816 eum
2406 773 2672 828 responso
2696 771 2803 811 non
2830 755 3112 825 dignatur.
3136 752 3363 807 Interim
3393 751 3628 816 clamor,

2048 855 2115 908 a.l
2145 868 2364 909 crucem
2397 866 2524 908 eum
2561 848 3039 906 condemnandum
3071 861 3213 908 esse,
3243 844 3444 898 minaci
3493 843 3629 897 hor-

2046 946 2306 1016 ribilique
2350 961 2486 1003 voce
2539 945 2982 1015 deposcentium,
3038 941 3466 1000 exaudiebatur.
3532 939 3628 993 ille

2048 1052 2254 1112 autem,
2291 1058 2416 1099 cum
2462 1059 2493 1098 a
2539 1044 2771 1114 conjuge
2820 1057 2920 1097 sua
2972 1041 3166 1098 Proele
3202 1056 3298 1110 per
3334 1040 3630 1093 internum

2050 1135 2211 1198 tium,
2252 1148 2320 1188 ne
2350 1132 2480 1204 quid
2512 1132 2731 1188 adversi
2765 1147 2957 1188 contra
2987 1132 3265 1186 hominem
3288 1130 3497 1198 justum
3532 1127 3631 1181 de-

2052 1234 2341 1289 cerneret,
2392 1224 2729 1290 admonitus,
2786 1225 2949 1296 ιοθ
3003 1234 3119 1279 tum
3182 1238 3293 1277 sua
3335 1223 3455 1289 ipse
3494 1235 3629 1273 ron-

2049 1320 2278 1374 scientia
2308 1318 2620 1389 perculsus,
2644 1317 2934 1374 absolvere
2964 1332 3097 1373 eum
3125 1315 3451 1379 contendit;
3487 1311 3627 1365 nihil

2048 1411 2196 1464 enim
2248 1408 2500 1480 capitalis
2541 1409 2883 1465 atterebatur
2929 1409 3205 1465 criminis.
3240 1406 3348 1462 Sed
3377 1405 3535 1461 enim
3561 1404 3627 1457 ad

2051 1498 2344 1564 Herodem,
2377 1499 2471 1569 qui
2501 1509 2616 1556 tum
2643 1499 3040 1573 Hierosolymis
3061 1499 3468 1561 diversabatur,
3502 1511 3629 1551 eum

2048 1588 2241 1657 mittit,
2280 1597 2343 1644 ut
2391 1590 2488 1646 ille
2538 1590 2884 1662 anquireret,
2937 1592 2984 1648 si
3049 1590 3185 1662 quid
3228 1589 3451 1660 capitali
3502 1603 3635 1657 sup-

2047 1680 2218 1747 plicio
2264 1680 2490 1751 dignum
2532 1682 2923 1739 commisisset.
2974 1682 3046 1739 Ut
3090 1696 3223 1738 vero
3257 1697 3328 1737 ne
3362 1681 3455 1736 ille
3504 1680 3635 1748 qui-

2048 1773 2171 1827 dem
2202 1772 2506 1843 quidquam
2533 1772 2770 1839 invenit,
2802 1774 2949 1845 apud
2982 1760 3220 1830 Pilatum
3258 1788 3456 1829 rursus
3480 1773 3637 1828 sisri-

363 1864 675 1936 μιαιφόνοις
695 1864 889 1933 άνῆκε’
911 1863 1007 1915 καὶ
1035 1861 1097 1915 τὸ
1120 1862 1457 1932 πραιτώριον
1484 1861 1649 1915 πάλιν
1677 1859 1826 1934 εἶχεν
1848 1862 1946 1916 αύο

2052 1873 2162 1917 tur.
2193 1862 2333 1917 Tum
2365 1864 2445 1919 illi
2472 1863 2682 1919 crimen
2718 1864 2770 1920 ei
2800 1864 2941 1921 laesae
2969 1865 3277 1936 majestatis
3304 1864 3628 1926 intendunt,

1974 1908 2023 1968 B

359 1963 476 2026 τὸν,
509 1961 604 2015 τοῦ
635 1960 836 2013 πολλοῦ
871 1957 1033 2029 ὄχλου
1067 1957 1164 2012 καὶ
1213 1952 1499 2029 σύρεᾴακος
1539 1957 1628 2021 ἐπ’
1677 1957 1863 2023 αὑτὸν,
1897 1958 1946 2011 εῑ

2053 1966 2314 2026 tanquam
2352 1971 2536 2028 regem
2569 1958 2813 2029 seipsum
2847 1947 3205 2015 constituerit
3247 1974 3262 2012 :
3294 1966 3351 2012 et
3397 1957 3631 2013 l’ilatnm

359 2070 415 2105 τι
445 2054 539 2106 καὶ
568 2052 844 2122 βούλοιντο
894 2051 1049 2121 δρᾷν,
1096 2048 1282 2103 ἄδειαν
1320 2048 1630 2121 εἰληφότος.
1673 2049 1783 2104 Καὶ
1810 2049 1947 2117 δῆτα

358 2144 411 2195 οἱ
442 2143 545 2213 μὲν
571 2144 638 2197 τὰ
671 2143 866 2212 ἱμάτια
895 2141 1061 2195 αὑτὸν
1091 2139 1513 2210 περιδύσαντες,
1540 2141 1637 2194 καί
1667 2157 1789 2194 τινα
1818 2139 1950 2212 χλα-
1980 2131 1984 2135 ’

364 2234 506 2303 μύδα
538 2235 800 2303 κοκκίνην
836 2235 914 2298 ὡς
948 2233 1268 2305 πορφυρίδα
1301 2228 1746 2304 ἀμφιασάμενοι,
1778 2234 1949 2288 ἀκανσ

365 2325 501 2392 θίνῳ
545 2343 605 2380 τε
638 2324 893 2396 στεφάνῳ
927 2328 1027 2398 τήν
1063 2324 1308 2396 κεφαλὴν
1340 2327 1416 2386 ὡς
1449 2327 1664 2396 βασιλεῖ
1692 2327 1950 2398 περιστέ-

359 2417 586 2486 ψαντες,
617 2418 866 2488 κάλαμόν
891 2434 951 2472 τι
988 2418 1262 2488 ὲχείριζον
1293 2420 1484 2489 ὥσπερ
1518 2420 1803 2491 σκῆπτρον
1844 2419 1947 2491 βα-

362 2513 596 2567 σιλικόν*
655 2515 705 2566 οἱ
761 2514 820 2568 δὲ
869 2514 1000 2583 γόνυ
1052 2515 1364 2581 κλίνοντες,
1418 2515 1520 2586 τὴν
1569 2516 1946 2586 προσκύνησιν

310 2666 315 2669 ,
361 2608 642 2675 ἁφωσίουν
663 2607 832 2679 αὐτῷ,
855 2609 1052 2677 Χαῖρε,
1086 2611 1119 2662 ὁ
1135 2609 1441 2675 ,ϐασιλεὺς
1471 2608 1590 2664 τῶν
1615 2610 1941 2679 Ἰουδαίων,

359 2698 815 2765 διατωθάζοντες.
845 2700 1034 2753 Ἀλλοι
1067 2701 1339 2771 καλάμοις
1356 2703 1457 2773 τὴν
1485 2702 1730 2775 κεφαλὴν
1757 2703 1946 2759 παίον-

360 2805 453 2852 τες
483 2792 838 2862 ἐπεκράτουν.
873 2792 998 2846 Εἰσὶ
1023 2792 1079 2846 δὲ
1110 2792 1160 2846 οἶ
1196 2794 1291 2847 καὶ
1327 2795 1655 2865 ῥαπίζοντες
1693 2797 1790 2859 τὰς
1826 2813 1946 2850 σια-

362 2881 553 2947 γόνας,
582 2881 781 2947 γέλωτι
826 2884 1088 2955 μυκτῆρα
1123 2885 1659 2956 παραζευγνύοντες,
1698 2888 1944 2944 ἐπυνθά-

361 2987 538 3035 νοντο,
591 2974 1033 3043 Προφήτευσον
1073 2977 1240 3047 ἡμῖν,
1293 2978 1535 3047 Χριστὲ,
1590 2981 1683 3047 τίς
1702 2981 1877 3035 ἐστιν
1912 2984 1945 3035 ό

363 3066 592 3132 παίσας
611 3081 708 3122 σε.
745 3063 880 3123 Εἶτα
926 3074 1041 3134 τοῖς
1076 3070 1229 3133 ἰδίοις
1263 3068 1420 3135 αὖθις
1461 3071 1655 3127 τοῦτον
1706 3074 1946 3145 ἱματίοις

362 3158 799 3228 ἀμφιασάμενοι,
831 3161 925 3214 τὸν
964 3163 1204 3233 σταυρὸν
1237 3165 1322 3217 ἐπ’
1353 3163 1521 3235 ὥμων
1556 3165 1738 3238 αἴρειν
1772 3167 1947 3222 διεκε-

361 3247 602 3302 λεύοντο·
637 3254 734 3306 καὶ
782 3256 883 3323 τῆς
932 3254 1106 3326 πύλης
1137 3257 1390 3327 ἐξήγετο.
1453 3259 1605 3313 Ἐπεὶ
1630 3260 1690 3314 δὲ
1732 3260 1827 3314 καὶ
1862 3261 1946 3324 είς
1973 3285 2016 3343 c

361 3342 459 3397 τὸν
506 3345 744 3415 Κρανίου
799 3349 966 3401 τόπον
996 3350 1044 3403 cl
1093 3353 1373 3420 μιαιφόνοι
1426 3354 1749 3423 κατέλαϐον,
1785 3356 1882 3410 καὶ
1912 3358 1940 3409 ὁ

364 3435 601 3505 σταυρὸς
646 3441 1056 3509 κατεπήγνυτο,
1091 3442 1394 3513 άνηρτᾶτο,
1440 3447 1556 3510 τοῖς
1595 3446 1750 3517 ἥλοις
1783 3447 1939 3500 ἐπεί-

366 3542 510 3594 ρετο,
537 3528 631 3580 καὶ
658 3530 808 3600 παρὰ
836 3531 947 3585 τῶν
976 3534 1285 3603 παριόντων
1305 3535 1534 3590 πλεῖστα
1555 3538 1937 3604 διετωθάζετο.

365 3612 486 3671 Ἵνα
515 3617 571 3671 δὲ
602 3621 694 3672 καὶ
720 3622 796 3685 ὡς
812 3622 1120 3693 κακοῦργος
1139 3625 1438 3696 λογίζοιτο,
1456 3628 1550 3682 δύο
1572 3628 1779 3701 λῃστὰς
1807 3631 1941 3700 παρ’

368 3708 607 3783 ἑκάτερα
631 3716 723 3767 τὸν
755 3717 870 3769 ῐσον
900 3717 1103 3788 τρόπον
1131 3719 1414 3785 ἐκόλαζον·
1461 3725 1555 3777 καὶ
1584 3724 1766 3797 τίτλος
1796 3725 1940 3796 ὑπὲρ

365 3805 608 3874 κεφαλῆς
637 3805 738 3877 τὴν
766 3809 950 3865 αἰτίαν
964 3810 1065 3880 τῆς
1095 3813 1395 3884 καταδίκης
1418 3818 1654 3886 τριττοῖς
1674 3817 1940 3888 ἐσήμαινε

363 3895 680 3963 γράμμασι.
714 3898 838 3952 Τῶν
878 3899 1094 3972 λῃστῶν
1121 3902 1170 3956 δ’
1213 3904 1241 3957 ὁ
1273 3904 1375 3973 μὲν
1417 3905 1765 3978 ὁμολογήσας
1807 3906 1941 3963 Θεὸν

2049 3894 2363 3966 iungentes,
2402 3907 2713 3966 quaererent
2762 3915 2775 3952 :

362 3988 455 4041 τὸν
483 3992 782 4047 κατάδικον
814 3994 906 4049 τὸν
932 3997 1270 4067 παράδεισον
1302 4000 1494 4064 ἐσύλα,
1527 4003 1624 4056 καὶ
1656 4003 1810 4058 ἔνδον
1840 4004 1944 4060 ἀνὰ

365 4079 572 4146 κράτος
602 4083 944 4152 εἰσήλαυνεν·
971 4085 1162 4157 ἕτερος
1192 4087 1250 4142 δὲ
1301 4088 1377 4151 ὡς
1419 4089 1741 4163 βλάσφημος
1772 4092 1943 4163 ὑπερ-

367 4166 545 4241 ώφθη.
592 4172 747 4227 Ἐπεὶ
769 4175 827 4230 δὲ
854 4175 1073 4232 ᾶπαντα
1101 4180 1276 4249 πέρας
1293 4176 1430 4250 εἶχε,
1459 4181 1645 4251 Διψῶ,
1673 4182 1939 4253 ἐπιλέγει.

2050 2050 2117 2104 ad
2157 2049 2557 2125 absolvendum
2592 2066 2955 2122 propensum,
2998 2064 3195 2107 contra
3228 2051 3465 2107 Caesaris
3494 2052 3635 2106 ami-

2047 2139 2237 2194 citiam
2273 2139 2573 2204 facturum,
2609 2143 2656 2198 si
2691 2159 2816 2197 eum
2847 2143 3180 2208 dimitteret,
3223 2143 3440 2198 dicunt.
3472 2142 3633 2206 Quod

2052 2229 2145 2285 ubi
2192 2230 2399 2288 Pilatus
2429 2233 2664 2298 audivit,
2701 2243 2954 2289 metuens
2998 2250 3068 2290 ne
3109 2235 3306 2288 malam
3339 2250 3369 2288 a
3407 2234 3633 2289 Tiberio

2052 2322 2217 2378 iniret
2263 2325 2521 2394 gratiam,
2576 2325 2927 2399 proindeque
2974 2326 3314 2398 praefecturas
3364 2327 3634 2403 digni=atc

2048 2416 2333 2473 excideret
2356 2434 2370 2473 :
2391 2427 2557 2488 atque
2579 2418 2850 2475 honorem
2875 2419 3174 2485 retinendi,
3196 2419 3632 2498 hominibusque

2046 2509 2301 2579 placendi
2330 2511 2517 2567 studio
2552 2512 2752 2578 victus,
2783 2513 3057 2584 ﬂagellum
3089 2513 3160 2568 de
3191 2512 3334 2568 collo
3366 2514 3490 2580 ejm
3514 2528 3636 2567 sus-

2046 2601 2263 2673 pendit,
2312 2612 2369 2658 et
2423 2605 2795 2674 sanguinariis
2844 2605 3199 2661 carniﬁcibus
3242 2604 3639 2676 ﬂagellandum.

2048 2696 2340 2765 permittit.
2366 2695 2435 2750 Et
2453 2699 2565 2768 jam
2599 2713 2793 2753 rursus
2818 2698 2873 2753 in
2905 2699 3166 2769 przetorio
3190 2696 3443 2754 Salvator
3466 2708 3593 2754 erat
3612 2715 3631 2754 :

2048 2788 2459 2861 multitudoque
2507 2800 2566 2846 et
2612 2790 2868 2847 vilissimi
2917 2792 3124 2861 quique
3177 2806 3245 2846 ex
3312 2790 3473 2860 plebe
3530 2789 3637 2845 im.

2048 2878 2360 2945 punitatem
2390 2878 2497 2934 sibi
2543 2878 2918 2951 quodcunque
2965 2881 3170 2936 vellent
3201 2881 3471 2937 adversus
3502 2897 3630 2937 eu.-

2048 2968 2695 3041 t‘aciendi,sumpscrant.
2734 2972 2815 3029 Ibi
2848 2989 2915 3029 ex
2965 2974 3201 3045 impuris
3248 2974 3358 3031 illis
3404 2975 3633 3045 quidam

2047 3061 2374 3118 vestimenta
2408 3064 2458 3117 ei
2501 3062 2821 3132 detrahunt,
2853 3075 3020 3135 atque
3052 3065 3400 3138 chlamydem
3433 3067 3623 3121 cocci-

2048 3169 2206 3209 ncam
2261 3154 2316 3210 in
2364 3172 2572 3211 morem
2626 3173 2887 3228 purpurae.
2931 3158 3299 3214 circumdant.
3357 3159 3632 3215 Praeterea

2049 3261 2251 3303 corona
2287 3247 2479 3319 spinea
2515 3258 2681 3319 caput
2719 3251 2840 3322 ejus
2872 3259 3133 3321 tanquam
3169 3252 3315 3323 regis
3341 3264 3643 3318 coronant,

2050 3348 2108 3392 et
2137 3341 2468 3396 arundinem
2501 3342 2707 3412 sceptri
2745 3342 2867 3399 loco
2896 3344 2957 3398 in
2990 3343 3248 3399 manibus
3292 3355 3569 3414 reponunt
3615 3364 3631 3401 :

2049 3432 2305 3487 nonnulli
2343 3434 2575 3504 genibus
2605 3434 2762 3491 ﬂexis
2801 3435 3183 3502 adorationem
3218 3448 3376 3509 gestu
3412 3438 3464 3493 ei
3495 3439 3631 3494 0ch-

2049 3533 2200 3589 rnnt,
2230 3524 2359 3589 Are,
2390 3540 2483 3579 rex
2524 3525 2857 3590 Juda'orum,
2896 3543 3023 3583 cum
3074 3528 3188 3584 risu
3227 3530 3645 3585 contumelioso.

2049 3613 2391 3685 ingerentes.
2424 3616 2610 3688 Aliqui
2645 3619 2916 3675 arundine
2958 3631 3127 3692 caput
3156 3624 3438 3694 pulsantes
3470 3624 3631 3692 plau—

2049 3720 2175 3761 sum
2232 3708 2466 3765 addunt.
2524 3711 2694 3764 Erant
2748 3712 2841 3782 qui
2899 3713 3152 3784 colaphis
3202 3717 3454 3771 maxillas
3514 3718 3647 3782 ejus.

2050 3803 2344 3863 caedentes.
2378 3802 2807 3875 irrisionemque
2838 3821 2970 3862 naso
3005 3823 3102 3877 per
3127 3824 3328 3864 sanitas
3361 3826 3635 3880 suspenso

2831 3898 3136 3956 Vaticinare
3181 3903 3350 3967 nobis,
3399 3903 3632 3968 Christe,

2053 3994 2171 4063 quis
2203 4002 2281 4047 est
2314 3996 2407 4065 qui
2447 4005 2496 4050 te
2535 3997 2843 4067 percussit?
2879 3999 3069 4055 Postea
3101 4000 3217 4055 suis
3249 4001 3427 4070 ipsum
3462 4003 3634 4056 vesti,

2050 4087 2157 4142 bus
2205 4102 2427 4143 rursum
2461 4089 2738 4157 indutum,
2773 4106 2995 4148 crucem
3047 4092 3102 4148 in
3137 4093 3399 4149 humeros
3443 4094 3636 4152 tollere

2046 4178 2264 4248 iubent,
2316 4189 2373 4235 et
2415 4190 2571 4237 extra
2614 4194 2828 4253 portam
2883 4187 3219 4254 producunt.
3267 4187 3632 4267 Posteaquam

366 4261 433 4311 υἱ
461 4261 518 4314 δὲ
539 4268 726 4335 ταχεῖς
751 4268 832 4330 είς
866 4272 1068 4324 κακίαν
1095 4271 1217 4339 ὅξος
1248 4272 1380 4343 χολῇ
1410 4274 1722 4345 συγκραθδν
1744 4275 1945 4331 αὐτίκα

2052 4278 2239 4325 autem
2293 4272 2360 4326 ad
2405 4272 2673 4330 Calvarize
2719 4276 2899 4330 locum
2935 4286 3019 4332 est
3065 4288 3315 4343 ventum,
3368 4280 3444 4335 ibi
3497 4261 3637 4335 crux

363 4356 759 4424 προσάγουσιν·
796 4354 877 4423 οἷς
912 4360 1061 4433 ὕδωρ
1094 4364 1154 4416 ὲν
1199 4362 1415 4436 ἀνύδρῳ
1443 4365 1612 4419 πάλαι
1645 4367 1944 4438 διψήσασιν

2050 4363 2445 4434 compingitur,
2479 4363 2741 4421 Servator
2769 4371 2822 4421 in
2848 4384 2970 4422 eam
2998 4371 3308 4424 sustollitur
3332 4373 3436 4443 (l),
3465 4374 3639 4430 clavis

363 4446 517 4516 ἔρρει
554 4449 727 4521 πέτρα
761 4453 1111 4523 πηγάζουσα·
1138 4456 1235 4509 καὶ
1263 4458 1313 4509 cl
1343 4457 1405 4509 τὸ
1452 4458 1572 4526 μέλι
1605 4459 1943 4528 θηλάσαντες

2051 4452 2315 4525 adigitur,
2362 4466 2421 4513 et
2465 4473 2497 4513 a
2550 4452 3014 4529 praetereuntibus
3070 4464 3325 4533 plurimis
3362 4467 3636 4531 conviciis

362 4538 465 4608 τὴν
493 4538 654 4611 χολὴν
681 4544 984 4612 προσῆγον.
1015 4544 1247 4599 Ἔπειτα
1283 4548 1426 4615 μέγα
1463 4549 1821 4623 ἀνακραγὼν,
1847 4552 1943 4604 καὶ

2053 4550 2385 4620 exagitatur.
2419 4551 2493 4608 Ut
2525 4569 2656 4609 vero
2694 4556 2977 4612 maleﬁcus
3009 4559 3176 4614 etiam
3222 4560 3637 4625 existimaretur

366 4628 448 4690 είς
475 4631 665 4699 χεῖρας
691 4630 755 4685 τὸ
782 4633 1007 4716 πνεῦμα
1034 4635 1112 4705 τῷ
1142 4637 1320 4707 Πατρὶ
1351 4638 1756 4708 παραθέμενος,
1791 4643 1944 4711 ἀφίει

2049 4655 2195 4719 esse,
2230 4643 2372 4698 duos
2423 4645 2670 4703 latrones
2705 4649 3036 4719 adspartem
3094 4660 3386 4722 utramque
3432 4656 3630 4711 eodem

368 4717 430 4770 τὸ
457 4719 577 4790 ζῇν,
611 4725 704 4777 καὶ
731 4726 924 4794 νεκρὸς
949 4727 1035 4797 ἐφ’
1066 4727 1254 4789 ἱκανοῦ
1294 4730 1622 4802 ἀπῃώρητο.
1664 4734 1946 4794 Ἐντεῦθεν

2052 4734 2311 4802 supplicii
2363 4751 2568 4805 genere
2622 4717 2901 4809 torquent.
2958 4741 3176 4805 Titulus
3233 4717 3404 4814 porro
3462 4761 3632 4816 supra

367 4810 475 4863 τῶν
528 4830 611 4878 τις
666 4820 1021 4889 στρατιωτῶν
1084 4821 1161 4891 τῷ
1232 4823 1508 4878 Ἰουδαίων
1580 4829 1946 4898 χαριζόμενος

2051 4836 2220 4895 caput
2271 4829 2394 4900 ejus
2440 4830 2681 4899 positus,
2730 4832 3213 4892 cnndemnationis
3258 4854 3482 4894 causam
3536 4840 3637 4893 tri.
3704 4866 3705 4871 η

368 4904 534 5001 ἔθνει,
563 4908 662 4974 τὴν
692 4910 935 4979 πλευρὰν
962 4915 1028 4984 τῇ
1073 4912 1243 4986 λόγχῃ
1271 4916 1556 4986 διώρυττε·
1590 4923 1686 4976 καὶ
1712 4924 1779 4991 τῇ
1808 4921 1945 4986 θίξει

2051 4920 2180 4988 plici
2213 4921 2530 4979 litterarum
2575 4940 2778 4995 genere
2811 4926 3113 4984 indicabat.
3145 4929 3225 4984 Ex
3275 4914 3636 5001 praedunibus
3695 4915 3697 4919 ί

368 4992 512 5064 αἷμα
545 5005 638 5053 καὶ
668 5001 815 5073 ὕδωρ
842 5007 1168 5074 παραδόξως
1199 5007 1481 5075 ἐξέϐλυζε.
1514 5013 1739 5066 Πάντων
1766 5014 1813 5066 δ’
1854 5017 1946 5069 ὲκ-

2049 5026 2184 5067 vcro
2207 5015 2370 5080 alter,
2401 5015 2580 5085 ipsum
2605 5019 2699 5088 qui
2727 5019 2808 5075 sic
2830 5021 3243 5082 condemnatus.
3259 5033 3427 5088 essu,
3466 5027 3633 5087 lteuut
3693 5032 3697 5041 ‘

367 5091 543 5144 ποδὼν
570 5097 881 5164 γενομένων
901 5100 980 5169 τῷ
1004 5101 1154 5170 φόϐῳ
1176 5101 1282 5155 τῶν
1308 5104 1605 5172 φονευτῶν,
1635 5105 1771 5177 μόνη
1796 5123 1941 5177 παρ-

2059 5106 2363 5175 professus,
2400 5111 2719 5177 paradisum
2763 5112 2929 5182 rapit,
2961 5129 3200 5184 etunque
3249 5133 3351 5186 per
3396 5118 3637 5172 vimin-

365 5182 498 5253 ἣνή
556 5189 738 5259 μήτηρ
792 5193 886 5248 καὶ
923 5193 953 5244 ὁ
1027 5194 1354 5266 φιλούμενος
1391 5197 1664 5266 μαθητὴς,
1711 5198 1782 5253 τὰ
1833 5200 1941 5267 πρὸ

2058 5201 2310 5268 greditur
2346 5220 2361 5257 :
2394 5205 2535 5259 alter
2572 5216 2780 5268 autem,
2813 5216 2874 5261 ut
2915 5182 3273 5278 blasphemus
3301 5209 3631 5279 despicitur.

367 5276 467 5345 τῆς
516 5282 839 5351 νεκρὼσεως
874 5286 969 5338 καὶ
1016 5289 1156 5356 μετὰ
1186 5289 1283 5359 τὴν
1330 5290 1596 5359 νέκρωσιν
1640 5290 1940 5362 ὀφθαλμοῖς

366 5370 589 5435 οἰκείοις
621 5373 833 5436 ἕκαστα
883 5376 1241 5446 θεωροῦντες.
1292 5380 1365 5432 Τό
1412 5398 1475 5449 γε
1516 5381 1625 5452 μὴν
1669 5377 1810 5452 αἷμα
1843 5384 1940 5436 καὶ

370 5459 538 5532 ὕδωρ.
570 5466 669 5534 τῆς
698 5469 938 5538 πλευρᾶς
973 5470 1164 5541 ὥσπερ
1188 5475 1268 5524 ἔτι
1299 5474 1503 5537 ζῶντος
1527 5476 1730 5539 καινῶς
1767 5478 1945 5547 άπορο

372 5556 585 5621 ῥέοντα,
620 5558 773 5613 ταῦτ’
808 5563 1007 5615 ἐκεῖνοι
1044 5563 1163 5616 λίαν
1193 5565 1435 5629 εὐλαϐῶς
1492 5583 1549 5619 τε
1580 5567 1695 5635 ἅμα
1724 5569 1821 5621 καὶ
1850 5586 1941 5638 cpt?

369 5642 608 5717 λοτίμως
664 5652 849 5706 σκ.ύει
893 5655 1188 5725 ἀρύονται.
1240 5657 1481 5719 Ἔπειται
1523 5660 1614 5711 καὶ
1669 5660 1856 5732 μήτηρ
1904 5663 1937 5733 ἡ

2056 5291 2329 5347 Caeterum
2348 5311 2471 5349 cum
2496 5299 2682 5353 omnia
2703 5300 2815 5371 jam
2838 5311 3215 5359 consummata
3239 5312 3447 5368 essent,
3474 5302 3632 5366 Silia,

2056 5383 2261 5454 inquit.
2294 5386 2370 5440 Illi
2404 5405 2572 5458 porro
2597 5374 2671 5446 ad
2701 5391 2964 5447 malitiam
2999 5395 3230 5455 celeres,
3259 5403 3476 5451 acetum
3506 5394 3634 5451 l‘clic

2053 5477 2274 5539 mistum
2311 5480 2601 5536 confestim
2631 5482 2873 5538 all‘erunt
2926 5504 2939 5539 :
2980 5485 3141 5555 109
3168 5485 3372 5554 quibus
3408 5485 3538 5539 olim
3574 5486 3630 5539 in

2048 5569 2187 5623 locis
2235 5571 2408 5626 aridis
2443 5572 2535 5626 siti
2568 5575 2797 5643 pressis,
2838 5587 2992 5646 petra
3029 5579 3241 5637 fontem
3272 5578 3629 5647 provolvens,

2049 5678 2249 5732 aquam
2277 5664 2822 5723 subministrarerat.
2869 5667 2933 5723 Et
2964 5670 3034 5725 fel
3068 5672 3335 5741 praibent,
3380 5671 3472 5741 qui
3522 5672 3628 5726 mel

441 5837 519 5901 (ί)
553 5855 576 5899 ι
611 5837 1036 5923 Μςιιεηνοιὶιιιιιιι
1090 5837 1196 5923 Dei
1229 5841 1570 5898 incarnarttm
1607 5859 1935 5905 suspensum
1970 5856 2053 5902 est
2122 5865 2288 5923 super
2323 5849 2552 5921 lignum.
2598 5868 2614 5901 ι
2660 5850 2852 5919 (lrcu.)
2898 5867 2914 5899 ι
2949 5849 3263 5907 Periculum
3312 5867 3443 5905 rere
3518 5849 3629 5905 1)-εο

370 5916 544 5964 Status
579 5926 657 5962 sui
699 5910 908 5969 nullum
937 5910 1056 5963 fuit.
1077 5930 1103 5963 ι,
1131 5909 1332 5982 t'l‘crt.)
