4032 6490
334 448 438 511 721
679 461 696 492 ⁵

1560 452 1737 512 NlCE
1748 452 1983 513 PHORI
2028 451 2340 512 CALLIST
2344 454 2371 513 Ι
3501 449 3604 512 723‘

336 573 605 629 nostram,
642 573 876 636 excepto
905 575 1154 637 peccato,
1204 575 1540 636 susceperat,
1566 567 1811 622 viviﬁcas
1867 576 1922 620 et

2056 567 2294 622 ωοποιδν
2334 568 2429 622 καὶ
2456 567 2757 638 τριήμερον
2794 569 2856 622 ἐκ
2891 565 3100 636 νεκρῶν
3133 566 3344 620 ἐκείνου
3366 567 3578 622 ἀνάστα

337 658 612 714 salutares
642 660 1028 728 perpessiones
1062 659 1115 713 in
1161 671 1458 730 conspectu
1497 660 1745 714 omnium
1796 673 1924 714 sus-

343 751 530 813 tinuit,
583 754 653 806 ita
686 764 746 806 ut
785 754 1186 808 recensuimus.
1247 753 1522 808 Casterum
1571 753 1792 809 vitalem
1823 753 1924 806 tri-

341 845 693 914 duanamque
714 859 782 900 ex
835 846 1068 899 mortuis
1099 846 1565 900 resurrectionem
1612 861 1788 911 suam,
1816 862 1924 900 non

343 937 605 992 omnibus
633 937 878 1006 profanis
902 938 1065 992 simul
1105 947 1158 993 et
1180 939 1351 993 sacris
1379 939 1572 992 eodem
1610 939 1774 994 modo
1805 955 1929 1009 per-

340 1029 678 1098 spiciendam
704 1031 997 1098 permisit:
1043 1031 1190 1100 quod
1232 1047 1335 1086 nec
1383 1047 1633 1101 aequum,
1685 1047 1785 1087 nec
1837 1047 1928 1086 su-

343 1123 549 1187 blimis,
573 1122 771 1186 divini,
795 1133 849 1179 et
874 1125 1220 1196 justijudieii
1255 1126 1350 1180 Dei
1377 1141 1497 1180 esse
1533 1125 1806 1180 creditum
1831 1125 1924 1188 sit,

345 1215 579 1285 impuris
603 1217 943 1287 ingratisque
967 1218 1146 1272 oeulis
1172 1218 1296 1272 talia
1323 1218 1694 1281 committere,
1721 1228 1776 1274 et
1800 1234 1923 1286 per-

345 1309 591 1362 versitati
626 1310 890 1364 cordisin
926 1311 1237 1380 periculum
1259 1320 1314 1365 et
1350 1310 1747 1380 experientiam
1801 1327 1927 1365 rur-

344 1415 466 1455 sum
498 1410 750 1456 sanctum
797 1402 1016 1458 lsraelis
1049 1402 1286 1470 tradere,
1343 1411 1401 1456 ut
1457 1404 1512 1457 in
1547 1403 1772 1473 ancipiti
1822 1403 1927 1456 du-

348 1492 550 1562 biaque
571 1495 937 1550 consistentes
955 1495 1239 1563 opinione,
1265 1495 1730 1566 quemadmodum
1763 1496 1928 1548 etiam

349 1597 535 1652 antea,
558 1595 615 1642 et
647 1587 700 1642 in
726 1589 1156 1653 cogitationibus
1187 1589 1526 1644 variantibus
1555 1604 1664 1643 non
1719 1598 1929 1643 rectum

353 1678 994 1748 adliibcntesjudicium,
1015 1696 1140 1735 eum
1168 1681 1533 1750 reprobarent
1571 1691 1737 1751 atque
1770 1696 1932 1750 repu-

353 1771 609 1824 diarent:
639 1770 748 1824 illis
765 1786 898 1826 vero
919 1773 1012 1841 qui
1040 1783 1278 1827 mentem
1315 1783 1520 1830 rectam
1551 1783 1608 1829 et
1645 1790 1742 1829 eor
1769 1788 1931 1845 quam

355 1860 590 1915 maxime
615 1877 812 1929 purum
851 1863 1188 1928 obtinerent,
1217 1866 1419 1920 claram
1470 1877 1527 1921 et
1557 1866 1626 1921 ab
1663 1867 1812 1922 omni
1837 1883 1933 1920 an-

353 1953 506 2022 cipiti
556 1953 902 2012 dub'talione
955 1955 1189 2012 alienam
1261 1959 1727 2016 resurrectionem
1777 1975 1934 2017 suam

354 2046 628 2106 exhibuit.
663 2047 876 2117 fideque
917 2059 1068 2103 certa
1104 2050 1513 2120 comprobavit:
1548 2051 1788 2121 primum
1814 2054 1938 2122 qui-

358 2141 482 2191 dem
541 2154 571 2193 a
611 2148 786 2196 matre
830 2152 884 2196 et
928 2141 1160 2212 reliquis
1211 2154 1541 2214 conspectus
1575 2145 1933 2212 mulieribus;

357 2230 559 2284 deinde
591 2246 629 2299 a_
685 2232 918 2288 delectis
974 2235 1284 2304 discipulis,
1343 2237 1478 2291 alias
1506 2237 1647 2304 aliis,
1681 2252 1778 2306 per
1823 2237 1940 2292 dies

358 2321 722 2392 quadraginta
747 2322 899 2379 visus
928 2343 943 2389 ;
982 2327 1140 2395 112
1176 2342 1240 2381 ac
1268 2327 1452 2382 verbis
1480 2331 1635 2383 novis
1666 2339 1830 2399 atque
1857 2329 1942 2383 in-

358 2415 558 2479 solitis,
591 2415 863 2485 simulque
889 2421 1132 2488 signisiet
1156 2421 1421 2492 prodigiis
1466 2419 1717 2477 naturam
1767 2438 1934 2492 supe-

364 2507 635 2573 rantibus,
666 2523 888 2563 omnem
940 2511 1051 2567 illis
1101 2513 1389 2584 (quantum
1445 2514 1560 2570 fieri
1591 2515 1792 2585 potuit)
1836 2517 1946 2574 sol-

362 2616 500 2656 Vens
534 2612 698 2672 atque
739 2605 991 2660 adimens
1037 2607 1464 2662 resurrectionis
1505 2608 1941 2679 ambiguitatem.

364 2693 484 2748 Non
508 2695 593 2750 his
613 2705 796 2752 autem
825 2697 1090 2763 solis,sed
1115 2699 1240 2754 aliis
1276 2687 1498 2770 quoque
1531 2702 1813 2757 miraculis
1860 2717 1946 2757 se-

367 2785 619 2852 pulcrum
648 2787 981 2853 consecutis,
1008 2785 1169 2842 fidem
1201 2788 1630 2843 resurrectionis
1687 2803 1798 2842 suae
1819 2804 1948 2842 cnn-

369 2879 625 2934 lirmavit.
653 2880 786 2944 Quae
809 2896 940 2936 vero
959 2896 1020 2936 ea
1052 2883 1183 2944 sint,
1218 2882 1450 2952 agedum
1513 2881 1778 2935 dicamus.
1827 2881 1948 2935 Pri-

371 2987 546 3036 mum,
577 2972 817 3041 sigillum
842 2972 1098 3043 sepulcro
1130 2975 1482 3042 impressum,
1509 2973 1656 3041 quod
1681 2973 1947 3026 intactum

373 3066 800 3133 permansitzet
851 3066 1104 3123 Custodia
1167 3066 1422 3120 militaris
1477 3066 1588 3129 illa,
1645 3076 1700 3118 et
1747 3081 1950 3134 genere

370 3155 702 3225 alienigena,
733 3171 854 3226 quae
877 3156 930 3210 in
958 3158 1274 3227 propinquo
1299 3156 1540 3228 sigillum
1600 3156 1651 3210 id
1688 3158 1952 3212 observa-

2030 677 2116 714 σιν
2145 661 2207 713 ού
2248 662 2417 713 πᾶσιν
2455 661 2626 729 ἀνῆκε
2666 660 2923 730 βεϐήλοις
2956 676 3017 711 τε
3054 659 3149 711 καὶ
3183 658 3360 726 ἁγίοις
3385 659 3445 710 ὲν
3473 676 3607 711 ταυ-

2027 752 2105 822 τῷ
2138 752 2378 805 κατιδεῖν
2400 767 2415 783 ⁶
2439 753 2633 821 ὅτιπερ
2667 751 2788 804 οὐδὲ
2825 751 2935 804 τῶν
2970 750 3197 803 δικαίων
3244 745 3387 803 εἷναι
3448 750 3612 802 τοῦτο

2026 845 2378 913 λελόγισταιτ
2412 844 2536 897 οὑδέ
2569 862 2633 912 γε
2666 843 2774 914 μὴν
2824 844 2922 912 τῆς
2981 842 3169 896 ἐνθέου
3240 844 3336 896 καὶ
3389 842 3608 912 ὑψηλῆς

2028 936 2434 1006 δικαιοκρισίας
2471 934 2609 987 Θεοῦ
2633 935 2886 1006 βεσήλοις
2925 935 3018 987 καὶ
3051 933 3351 1002 βασκάνοις
3407 931 3614 994 ὀφθαλ-

2033 1033 2162 1100 μοῖς
2223 1030 2292 1084 τὰ
2326 1029 2552 1084 τοιαῦτα
2589 1029 3041 1095 καταπιστεύειν,
3097 1030 3194 1083 καὶ
3255 1029 3612 1100 στρεϐλότητι

2030 1124 2261 1192 καρδίας
2308 1127 2388 1188 εἰς
2435 1126 2635 1194 πεῖραν
2690 1120 2849 1187 αὖθις
2912 1125 3006 1177 τὸν
3036 1124 3195 1191 ἅγιον
3247 1121 3341 1176 τοῦ
3393 1123 3610 1192 Ἰσραὴλ

2032 1217 2450 1284 ταραδίδοσθαι,
2483 1217 2626 1275 ὥστε
2657 1217 2752 1270 καὶ⁵
2773 1219 2829 1270 ὲν
2886 1218 3216 1286 ἀμφιῦόλοις
3273 1215 3613 1271 καθεστάναι

2032 1311 2178 1363 καθά
2229 1310 2321 1363 καὶ
2382 1310 2446 1363 τὸ
2490 1311 2782 1381 πρότερον,
2838 1295 3121 1380 λογισμοῖς
3165 1325 3224 1362 τε
3287 1308 3474 1378 κρίσιν
3540 1309 3615 1377 μὴ

2031 1401 2510 1472 προϐεϐλημένοις
2541 1402 2710 1472 ὀρθὴν
2753 1401 3268 1470 άποδοκιμάξεσθαι
3291 1419 3304 1433 ·
3341 1405 3455 1464 τοῖς
3481 1402 3536 1454 δέ
3554 1418 3617 1466 γε

2031 1504 2123 1556 τον
2150 1501 2274 1555 νοῦν
2326 1502 2513 1555 εύθέσι
2549 1503 2643 1555 καὶ
2675 1501 2775 1564 τὴν
2827 1501 3054 1570 καρῗίαν
3107 1501 3361 1570 καθαρὰν
3414 1499 3488 1562 ὡς
3523 1500 3618 1551 καὶ

2035 1594 2270 1665 μάλιστα
2311 1593 2675 1662 κεκτημένοις
2729 1593 2877 1663 σαφῆ
2933 1610 2994 1646 τε
3023 1592 3120 1645 καὶ
3159 1591 3495 1661 ἀμφιϐολίας
3538 1591 3615 1652 ὠς

2032 1685 2373 1758 πορρωτέρω
2407 1687 2507 1757 τὴν
2550 1684 2718 1738 αὑτοῦ
2767 1686 3070 1739 ἀνάστασιν
3119 1683 3370 1749 ὑπέδειξὲ
3426 1700 3485 1734 τε
3520 1683 3617 1734 καὶ

2034 1781 2383 1836 ἐπιστώσατο
2410 1797 2424 1812 ⁶
2469 1779 2690 1851 πρῶτον
2725 1779 2826 1850 μὲν
2874 1781 2943 1849 τῇ
2979 1780 3149 1849 μητρὶ
3179 1779 3276 1831 καὶ
3327 1778 3448 1836 ταῖς
3508 1773 3620 1826 λοι-

2043 1876 2175 1938 παῖς
2211 1874 2402 1943 ύφθεὶς
2425 1871 2677 1941 γυναιξίν
2699 1887 2712 1902 ·
2741 1865 2862 1925 εἶτα
2885 1874 3002 1934 τοῖς
3036 1869 3317 1938 ὲκκρίτοις
3365 1867 3476 1921 τῶν
3521 1882 3622 1935 μα-

2044 1962 2244 2034 θητῶν,
2289 1962 2382 2022 καὶ
2409 1959 2601 2026 ᾄλλοτε
2625 1958 2810 2021 ἄλλοις
2841 1957 2909 2011 δι’
2950 1956 3171 2027 ἡμερῶν
3221 1954 3274 2024 μ’
3314 1953 3595 2021 ὀπτανόμε

2040 2074 2126 2118 νος
2145 2070 2157 2084 ·
2205 2054 2386 2121 λόγοις
2412 2069 2474 2106 τε
2503 2049 2776 2118 ξενίζουσι
2801 2049 2895 2102 καὶ
2924 2048 3232 2118 ύπερφυέσι
3256 2045 3507 2116 σημείοις
3529 2042 3623 2095 καὶ

2021 2147 2270 2219 ,τέρασιν
2310 2146 2548 2216 ἐξαίρων
2578 2144 2655 2206 ὡς
2685 2144 2894 2211 ὲνόνγε
2927 2138 2994 2212 ἦν
3026 2141 3259 2203 ἐκείνοις
3300 2143 3396 2192 καὶ
3427 2139 3486 2191 τὸ
3512 2139 3622 2205 άμ-

2042 2238 2268 2307 φίϐολον
2319 2235 2557 2292 διαλύων
2585 2234 2686 2305 τῆς
2733 2233 3112 2296 ἀναστάσεως.
3178 2231 3254 2288 Οὐ
3300 2230 3515 2292 τούτοις
3569 2228 3625 2280 δὲ

2045 2334 2208 2404 μόνον
2239 2332 2339 2403 τὴν
2365 2331 2503 2385 ἰδίαν
2558 2327 2851 2383 ἑπιστοῦτο
2907 2329 3236 2388 ἀνάστασιν,
3277 2325 3419 2388 ἀλλά
3452 2339 3515 2390 γε
3561 2321 3627 2391 δὴ

2043 2426 2138 2479 καὶ
2189 2428 2300 2487 τοῖς
2361 2423 2439 2492 τῷ
2491 2421 2650 2491 τάφῳ
2699 2419 3228 2490 παρακολουθήσασι
3285 2413 3622 2486 τεραστίοις.

2045 2519 2182 2572 Τίνα
2210 2518 2265 2572 δὲ
2302 2515 2511 2582 “causa;
2544 2515 2772 2585 Πρῶτον
2823 2515 2922 2582 μὲν
2954 2515 2986 2585 ἡ
3019 2515 3112 2566 ἐπὶ
3141 2513 3219 2582 τῷ
3249 2513 3406 2580 τάφῳ
3457 2525 3631 2579 σφρα-

2047 2611 2160 2679 γὶς,
2216 2609 2414 2680 ἁθιγὴς
2445 2608 2922 2678 διαμεμενηκυῖα·
2955 2608 2990 2676 ἧ
3023 2622 3078 2658 τε
3105 2603 3413 2658 κουστωδία
3448 2603 3632 2669 ὲγγει-

2047 2704 2217 2756 τόνων
2271 2700 2480 2770 ταύτην
2555 2699 3090 2772 ιπαραφυλάττουσα,
3144 2693 3514 2767 στρατιωτική
3569 2708 3629 2744 τε

2048 2792 2183 2850 οὖσα
2211 2796 2306 2848 καὶ
2332 2795 2518 2848 ὀθνεῖα
2543 2793 2620 2863 τῷ
2669 2793 2845 2862 γένει,
2894 2794 2990 2846 καὶ
3018 2794 3047 2854 ὁ
3078 2790 3384 2860 πάμμεγας
3421 2787 3629 2849 ἐκείνης

2049 2888 2220 2952 λίθος,
2252 2889 2330 2955 τῷ
2360 2887 2591 2953 στόματι
2640 2884 2918 2946 ἐπιτεθεὶς
2970 2884 3069 2952 τῆς
3123 2879 3309 2949 σοροῦ,
3373 2876 3630 2929 κάκεῖθεν

2050 2982 2372 3050 ἀπορρυεὶς,
2425 2980 2632 3047 μᾶλλον
2691 2977 2748 3030 δὲ
2808 2975 2955 3047 χειρὶ
2997 2978 3094 3028 καὶ
3145 2972 3333 3025 σθένει
3394 2967 3631 3037 ἀγγέλου

2053 3073 2399 3135 ὲκκυλισθείς
2423 3089 2436 3103 ·
2475 3071 2662 3124 καὶτὸ
2687 3070 2782 3122 ἐπὶ
2819 3069 2955 3122 πᾶσι
3000 3065 3217 3128 τούτοις
3271 3064 3408 3131 δῆτα
3457 3061 3636 3130 παρά-

2053 3166 2225 3230 δοξον,
2271 3164 2408 3235 μηδὲ
2452 3163 2552 3234 τὴν
2625 3159 2825 3215 ἑαυτοῦ
2886 3158 3162 3230 σφραγῖδα
3203 3155 3298 3209 καὶ
3341 3153 3503 3215 αὐτὸς
3534 3151 3636 3204 κᾶν

377 3250 484 3300 ιιοι.
514 3249 782 3303 Praeterea
814 3248 1005 3320 ingens
1031 3248 1119 3302 ille
1161 3248 1302 3317 lapis
1332 3249 1396 3303 ad
1429 3263 1488 3303 os
1512 3247 1749 3318 sepulcri
1778 3263 1951 3318 appo-

2063 3258 2198 3328 πρὸς
2225 3257 2401 3330 βραχὺ
2444 3255 2944 3324 διαλυμηνάμενος·
2979 3251 3078 3306 καὶ⁹
3136 3250 3245 3319 γάρ
3276 3248 3336 3313 ἐξ
3394 3244 3636 3318 ἀρχαίων

375 3356 401 3394 s
429 3350 535 3403 tus,
583 3340 675 3410 qui
709 3342 834 3396 inde
875 3341 1144 3418 defluens,
1177 3357 1240 3397 ac
1272 3343 1454 3410 potius
1487 3357 1648 3395 manu
1667 3349 1722 3399 et
1755 3341 1954 3396 robore

377 3436 549 3508 angeli
587 3435 876 3496 devolutus
933 3439 1100 3506 (quod
1146 3452 1278 3500 sane
1326 3436 1380 3490 in
1431 3437 1513 3491 his
1545 3435 1803 3492 omnibus
1832 3435 1956 3505 opi-

378 3528 598 3587 nionem
632 3545 847 3583 omnem
877 3529 1224 3596 excedit),ne
1252 3530 1364 3599 ipse
1393 3529 1616 3598 quidem
1659 3528 1743 3583 vel
1793 3529 1958 3583 mini-

381 3637 528 3672 mum
556 3620 776 3694 signum
797 3639 958 3676 suum
989 3623 1264 3691 corrupit.
1296 3622 1584 3676 Traditum
1623 3621 1769 3678 enim
1797 3620 1960 3675 nobis

380 3721 467 3766 est
490 3713 555 3766 ab
583 3713 846 3783 antiquis,
873 3712 1092 3768 Judros
1119 3714 1354 3782 lapidem
1381 3729 1506 3768 eum
1531 3713 1625 3783 qui
1670 3714 1725 3767 in
1760 3712 1961 3767 saluti-

379 3804 556 3859 ferum
589 3805 718 3859 illud
767 3808 1081 3875 sepulcrum
1119 3822 1218 3875 pro
1255 3806 1514 3874 operculo
1546 3805 1756 3877 positus
1815 3805 1964 3859 {ue--

383 3905 490 3959 rat,
533 3897 599 3951 ad
655 3914 929 3952 summum
979 3901 1318 3956 monumenti
1365 3898 1606 3964 labrum,
1640 3907 1962 3967 petramque

386 3989 599 4044 inferne
642 3992 717 4052 illi
753 4009 811 4046 se
840 3992 1286 4061 conjuugentem,
1343 3992 1694 4048 ferramentis
1729 3992 1959 4062 quibus-

392 4087 516 4148 dam
578 4086 760 4149 fabrili
793 4085 1157 4156 lapicidarum
1186 4095 1302 4144 arto
1354 4087 1688 4156 perforasse,
1725 4086 1963 4140 ferrum~

392 4181 718 4249 queiugens
775 4195 802 4232 a
862 4178 1019 4232 fabro
1047 4196 1112 4232 ex
1165 4178 1478 4248 propinquo
1513 4187 1821 4246 acceptum,
1867 4191 1966 4248 per

389 4286 690 4342 utrumque
730 4273 976 4330 foramen
1013 4273 1327 4334 immisisse,
1364 4283 1419 4326 et
1450 4272 1504 4324 in
1538 4271 1670 4328 circi
1707 4272 1823 4326 sive
1864 4288 1965 4330 an-

391 4366 510 4418 nuli
576 4364 806 4417 formam
839 4364 1254 4434 circumcgisse:
1292 4375 1457 4434 atque
1497 4365 1569 4418 ita
1611 4364 1844 4419 ﬁrmiter
1880 4380 1971 4422 ca-

389 4456 595 4525 }.izibus
625 4455 957 4520 commissis,
998 4458 1146 4510 omni
1204 4471 1270 4512 ex
1311 4463 1464 4526 parte
1496 4457 1653 4526 quasi
1688 4456 1967 4509 vinculum

391 4547 857 4616 eireunnluxisse,
900 4557 957 4600 ut
983 4547 1144 4616 lapis,
1197 4548 1568 4617 qualicunque
1621 4545 1808 4609 modo,
1846 4546 1970 4606 loco

2061 3353 2193 3422 ἡμῖν
2211 3349 2596 3419 παραδέδοται,
2614 3348 2707 3400 τὸν
2728 3345 2822 3399 τὸν
2844 3343 3129 3415 ζωηφόρον
3150 3342 3320 3411 τάφον
3342 3341 3637 3405 ἐπιπωμα-

2060 3445 2281 3508 τίζοντα
2315 3443 2530 3496 τουτονὶ
2571 3439 2744 3507 λίθον,
2778 3439 2917 3510 πρὸς
2952 3436 3030 3507 τῷ
3059 3436 3217 3505 ἄκρῳ
3266 3432 3362 3486 τοῦ
3396 3431 3632 3502 χείλους,

2061 3538 2157 3591 καὶ
2185 3537 2285 3606 τὴν
2317 3537 2564 3590 κάτωθεν
2595 3533 2707 3588 ἀπὸ
2741 3532 2838 3585 τοῦ
2863 3531 3037 3598 τάφου
3067 3527 3402 3596 ἐγγίζουσαν
3427 3524 3632 3592 πέτραν

2062 3628 2370 3700 ἐργαλείοις
2425 3627 2539 3682 τισὶ
2593 3625 2816 3694 λατόμῳ
2873 3624 3044 3694 τέχνῃ
3067 3620 3466 3692 διατρήσαντες
3509 3613 3640 3668 Ἰου-

2061 3721 2225 3785 δαῖοι,
2257 3719 2480 3788 σίδηρόν
2508 3734 2565 3770 τε
2593 3717 2774 3787 παχὺν
2807 3715 3008 3785 χαλκεῖ
3031 3717 3096 3768 ὲκ
3122 3711 3217 3765 τοῦ
3246 3709 3437 3780 σχεδὸν
3471 3722 3641 3776 προσ-

2064 3813 2360 3883 γενόμενον
2421 3810 2491 3865 δι’
2540 3811 2748 3880 ἀμφοῖν
2801 3810 2914 3862 τῶν
2965 3805 3268 3878 τρημάτων
3321 3803 3636 3861 ἐλάσαντες,

2065 3907 2162 3959 καὶ
2195 3907 2275 3968 είς
2296 3903 2490 3974 κρίκου
2539 3902 2727 3972 σχῆμα
2755 3899 2968 3953 τουτονὶ
3021 3894 3484 3967 περιαγαγόντες,
3543 3887 3639 3942 καὶ

2066 3994 2239 4058 οὕτως
2266 3997 2324 4047 ἐν
2373 3993 2453 4064 τῷ
2481 3993 2722 4061 ἀσφαλεῖ
2765 3988 3084 4059 ἁπανταχοῦ
3123 3981 3642 4054 συγκεφαλαιώσαν-

2065 4089 2158 4151 τὲς
2196 4105 2254 4140 τε
2290 4088 2385 4140 καλ⁸
2413 4087 2835 4156 περιδήσαντες,
2871 4082 2947 4145 ὡς
2978 4080 3053 4152 μὴ
3100 4073 3212 4133 οἷόν
3253 4094 3314 4136 τε
3350 4072 3492 4129 εἶναι
3550 4071 3642 4124 τὸν

2067 4181 2216 4234 λίθον
2238 4179 2487 4233 ὁπωσοῦν
2519 4178 2619 4247 τῆς
2661 4177 2824 4245 ἔδρας
2864 4173 3146 4240 ἐκστῆναι,
3178 4170 3211 4239 ἢ
3242 4167 3375 4237 γοῦν
3409 4168 3557 4227 ὅπως
3576 4162 3641 4232 δή

2070 4279 2211 4333 ποτε
2227 4271 2514 4340 κινηθῆναι
2539 4311 2556 4334 ,
2619 4270 2668 4321 ει
2709 4269 2782 4337 μή
2807 4284 2916 4320 τινι
2944 4267 3052 4335 ἄρα
3080 4264 3276 4333 τέχνης
3314 4259 3530 4328 ἀνάγκῃ
3549 4255 3645 4308 καὶ

2073 4367 2165 4438 βία
2199 4365 2231 4435 ἢ
2270 4367 2298 4417 ὁ
2326 4364 2543 4433 σίδηρος
2569 4359 2987 4430 διαθραυσθείη,
3035 4357 3068 4427 ἢ
3109 4356 3142 4424 ἡ
3187 4355 3366 4424 πέτρα
3416 4353 3646 4420 διαρρα-

2070 4455 2197 4525 γείη
2225 4473 2237 4484 ·
2271 4453 2445 4516 οὕτως
2475 4451 2571 4505 οὖν
2601 4451 2848 4520 ἀκριϐῶς
2887 4445 3450 4516 ἐπισφραγισάςιενοι,
3478 4440 3648 4511 ᾣχον-

2071 4563 2154 4608 το,
2185 4543 2437 4614 φυλακὴν
2465 4543 2780 4612 ἀνήκουσαν
2811 4541 3125 4609 ὲπαφέντες
3159 4535 3334 4605 αὐτῷ.
3373 4535 3488 4587 Καὶ
3535 4533 3648 4585 τοί-

396 4655 497 4693 suo
531 4640 742 4704 revelli,
776 4649 870 4694 aut
902 4639 1094 4700 saltem
1124 4638 1338 4697 ratione
1374 4638 1560 4708 aliqua
1599 4637 1812 4692 moveri
1835 4636 1952 4704 (nisi

2056 4657 2174 4696 .νυν
2199 4637 2309 4689 τῶν
2334 4637 2579 4706 σημείων
2602 4635 2828 4687 ἐκείνων
2855 4633 3110 4700 οὐδαμῶς
3143 4627 3646 4700 μετακινηθέντων,

395 4741 512 4786 arte
546 4735 801 4802 quapiam
825 4741 880 4787 et
913 4732 965 4786 vi
992 4731 1260 4795 adhibita,
1297 4731 1608 4786 necessario
1631 4739 1727 4784 aut
1761 4730 1969 4790 ferrum

379 4813 866 4896 icmnfringeretur,
904 4834 999 4880 aut
1029 4835 1180 4895 petra
1223 4826 1698 4895 perrumperetur)
1739 4838 1846 4877 non
1871 4837 1972 4891 po-

401 4919 586 4975 tuerit.
624 4923 804 4988 Atque
837 4918 904 4974 ad
933 4918 1080 4976 hunc
1122 4919 1342 4974 modum
1376 4933 1500 4970 eum
1565 4931 1760 4985 magna
1815 4929 1972 4976 cura,

398 5023 563 5082 atque
592 5013 756 5066 etiam
793 5012 950 5083 signo
968 5027 1250 5086 appresso,
1282 5026 1405 5068 cum
1431 5009 1746 5080 sepulcrum
1780 5006 1979 5066 firmis-

400 5104 538 5160 sime
572 5105 1030 5168 communissent,
1081 5102 1332 5158 custodia
1368 5103 1592 5170 insuper
1637 5095 1975 5167 competenti

399 5194 667 5255 adhibita,
701 5210 796 5249 eos
833 5194 1057 5250 abiisse.
1084 5196 1449 5266 Quapropter,
1487 5207 1612 5245 eum
1651 5191 1786 5244 nihil
1817 5204 1980 5258 pror-

399 5305 493 5350 sus
525 5290 592 5343 de
620 5289 792 5353 signis
820 5289 928 5343 illis
966 5300 1174 5343 motum
1209 5295 1550 5351 Inutatumve
1591 5294 1754 5346 esset,
1809 5297 1866 5338 et
1898 5284 1978 5336 la-

402 5383 485 5450 μς
505 5383 711 5450 absque
739 5383 955 5450 fragore
995 5393 1049 5435 et
1085 5381 1266 5442 sonitu
1326 5379 1451 5432 inde
1508 5379 1828 5434 deﬂuxisset
1862 5376 1974 5446 (qui

403 5475 626 5542 quidem
656 5490 884 5544 magnus
920 5474 1085 5528 fuisse
1119 5474 1488 5542 perhibetur),
1521 5472 1591 5525 ita
1619 5482 1676 5524 ut
1701 5481 1977 5540 unguenta

405 5569 767 5626 atferentibns
807 5567 1150 5630 mulieribus,
1210 5576 1266 5620 et
1324 5565 1608 5633 discipulis
1639 5565 1771 5632 ipsis
1823 5577 1980 5616 acce-

406 5659 688 5724 dentibus,
721 5659 898 5712 locum
955 5659 1020 5722 is,
1057 5658 1148 5710 ubi
1187 5673 1387 5726 corpus
1419 5657 1730 5726 depositum
1779 5656 1980 5718 fuerat,

408 5753 783 5820 magnitudine
819 5769 916 5805 sua
940 5763 1136 5818 aperte
1197 5751 1309 5805 indi
1349 5752 1488 5804 arit:
1539 5750 1664 5819 quis
1709 5765 1818 5801 non
1869 5753 1982 5799 evi—

409 5845 628 5898 dentem
659 5847 798 5897 lianc
829 5855 883 5898 et
909 5846 1342 5914 irrefragaliilcm
1381 5841 1801 5898 resurrectionis
1857 5856 1983 5909 pro—

413 5935 687 6001 LL‘tionen:
715 5947 877 6016 atque
911 5937 1126 5994 tiClllUZl‘
1150 5939 1436 6002 tr.:!ionem
1484 5935 1773 6008 agnascaz?
1806 5934 1869 5998 lit
1907 5946 1981 5988 ta.-

2078 4728 2172 4782 τοῦ
2221 4728 2370 4780 λίθου
2406 4745 2464 4779 τε
2501 4727 2739 4796 ἀψοφητὶ
2796 4723 3008 4776 ἐκεῖθεν
3039 4723 3436 4792 ἀπορρυέντος,
3481 4715 3651 4787 μεγά-

2079 4823 2173 4879 λου
2207 4821 2410 4889 σφόδρα
2439 4819 2581 4878 εἶναι
2617 4818 3100 4889 μαρτυρουμένου,
3135 4815 3209 4876 ὡς
3232 4814 3327 4865 καὶ
3351 4813 3477 4872 ταῖς
3504 4808 3648 4877 μύρα

2083 4913 2462 4982 κομιζούσαις,
2500 4911 2592 4967 καὶ
2624 4913 2811 4972 αὐτοῖς
2849 4909 3144 4977 μαθηταῖς,
3179 4905 3270 4956 τὸν
3310 4901 3486 4972 χῶρον
3521 4898 3652 4953 ἔνθα

2081 5007 2143 5062 τὸ
2196 5007 2358 5074 σῶμα
2389 5006 2593 5064 ἕκειτο,
2628 5003 2932 5067 δι’ὲκείνου
2969 4997 3264 5068 προφανῶς
3299 4991 3653 5048 καταδείκνυ-

2085 5098 2208 5152 σθαι
2234 5097 2485 5168 προϊοῦσι
2512 5135 2528 5161 ,
2561 5097 2675 5159 πῶς
2704 5097 2806 5148 οὐκ
2839 5091 3077 5162 ἐναργὴς
3106 5089 3246 5157 αὕτη
3275 5085 3371 5138 καὶ
3399 5081 3653 5150 ἀναντίρ-

2085 5195 2246 5263 ρητος
2287 5192 2388 5259 τῆς
2417 5189 2830 5256 ἀναστάσεωςὴ
2887 5185 3204 5250 anesum;
3261 5177 3498 5233 Τοιαῦτα
3554 5175 3652 5243 μὲν

2083 5287 2148 5356 δὴ
2181 5287 2274 5337 καὶ
2320 5282 2518 5348 ταῦτα,
2551 5285 2650 5352 τῆς
2693 5279 3043 5338 ἀναστάσεως
3075 5274 3168 5327 τοῦ
3220 5270 3476 5340 Σωτῆρος
3527 5280 3656 5319 τεκ-

2089 5383 2263 5450 μήρια
2320 5375 2672 5445 ἐκδηλότατατ
2705 5373 2766 5426 τὸ
2804 5372 2861 5424 δὲ
2889 5371 3000 5423 τῶν
3028 5368 3250 5421 ὀθονίων
3279 5364 3456 5418 εἴτουν
3485 5359 3657 5412 σινδόο

2088 5491 2219 5534 νων,
2255 5474 2302 5523 εἰ
2332 5471 2387 5522 δὲ
2427 5469 2627 5537 βούλει,
2679 5467 2772 5519 καὶ
2805 5467 2864 5518 ἐν
2903 5466 2966 5533 τῇ
3003 5461 3212 5529 κεφαλῇ
3243 5455 3528 5522 σουδαρίου
3561 5449 3659 5503 αὗ-

2091 5565 2174 5626 θις
2202 5565 2420 5623 όποῖονς
2457 5560 2640 5614 Ταῦτα
2681 5561 2776 5612 καὶ
2806 5558 2914 5626 γάρ
2949 5558 3013 5623 τῇ
3051 5551 3266 5620 σμύρνῃ
3297 5549 3389 5600 καὶ
3415 5547 3548 5614 mn
3568 5545 3659 5594 καὶ

2087 5659 2166 5727 τῷ
2221 5655 2514 5725 ζωαρχικῷ
2563 5654 2776 5720 σώματι
2839 5649 3032 5714 ἐκεί-λῳ
3090 5642 3502 5712 προσαρηρότα,
3563 5635 3659 5689 καὶ

2089 5749 2254 5800 οἱονεὶ
2297 5746 2354 5796 ἒν
2393 5745 2554 5812 σῶμα
2586 5747 2650 5811 τῇ
2696 5740 2804 5794 τῶν
2830 5736 3142 5809 ἀρωμάτων
3173 5730 3466 5798 δυναστείᾳ
3501 5742 3659 5794 γεγε-

2090 5839 2320 5908 νημένα,
2350 5835 2600 5904 οὐδαμῶς
2648 5834 2752 5885 ὑπὸ
2819 5829 3024 5897 κλοπὴν
3077 5827 3137 5876 τὸ
3173 5823 3330 5889 σῶμα
3386 5819 3659 5888 συγχωρεί

2094 5930 2351 6000 γενέσθαι
2397 5927 2535 5981 κατὰ
2569 5925 2666 5996 τὴν
2701 5921 3002 5991 Ἰ-ιυδλϊκην
3051 5911 3500 5990 φρενοϐλάὸειαν.
3535 5907 3659 5980 Πῶς
