4032 6456
404 414 507 476 72]

1331 410 1930 473 ECCLESlASTIC/E
1964 414 2356 477 HISTORIA?
2390 416 2541 479 LIB.
2582 418 2634 479 Ι.

3560 419 3673 484 7.το

403 527 514 593 γὰρ
543 523 610 578 ἂν
664 522 761 577 καὶ
792 524 1085 593 ὲγύμνουν,
1116 521 1213 576 καὶ
1258 523 1431 577 ταῦτα
1493 522 1849 591 κλέπτοντες,
1881 523 2002 578 Mt-

2103 527 2176 582 lia
2207 526 2430 598 quidem
2468 527 2739 583 sunthaec
2785 527 3214 584 resurrectionis
3253 528 3561 586 Servatoris
3597 533 3650 586 in

402 619 518 685 γῶν
558 617 668 670 τῶν
694 617 978 687 ὲνταφίων
1011 617 1108 671 καὶ
1166 618 1312 671 κατὰ
1347 615 1534 686 χώραν
1600 617 1852 671 ἑκάστων
1883 635 1986 670 πα-

407 710 775 782 ρακειμένων,
808 712 915 764 καὶ⁴
945 709 1321 780 εὐσχημόνων,
1352 707 1535 771 καθὼς
1556 709 1670 778 ἄρα
1693 711 1791 763 καὶ
1821 726 1983 780 περι-

408 807 610 869 έκειτο,
644 803 737 858 τοῦ
770 820 830 856 τε
870 803 1160 873 σουδαρίου
1221 804 1297 872 μὴ
1349 802 1588 874 φύρδην,
1631 802 1747 856 ἀλλ’
1779 802 1987 872 ύφ⁹ἒνα

408 897 574 950 τύπον
626 896 926 967 σωφρόνως
973 897 1426 966 περιειλουμένου
1484 897 1624 967 πρὸς
1669 896 1766 949 τὸν
1818 896 1986 950 τόπον

407 990 509 1058 τῆς
541 989 789 1059 κεφαλῆς
817 1008 831 1052 ς
868 987 1218 1060 Παρίσταται
1247 987 1545 1060 τοιγαροῦν
1572 990 1687 1051 τοῖς
1733 988 1984 1042 συνιέναι

408 1084 616 1150 γνῶσιν
644 1081 949 1147 ἐθέλουσιν,
980 1082 1173 1152 ὅτιπερ
1198 1082 1258 1134 ού
1306 1082 1468 1149 μόνον
1500 1084 1805 1152 τριήμερος
1849 1081 1986 1150 μετὰ

413 1172 668 1243 σώματος
713 1174 919 1245 ἀνέστη
972 1176 1000 1226 ὁ
1028 1173 1264 1244 Κύριος,
1317 1173 1453 1227 ἀλλα
1493 1174 1633 1241 μετὰ
1670 1171 1870 1226 λεπτοῦ
1925 1189 1985 1225 τε

411 1262 506 1314 καὶ
536 1262 761 1331 κούφου,
799 1265 896 1314 καὶ
929 1262 1119 1316 οὐκέτι
1188 1262 1387 1329 θνητοῦ
1449 1265 1545 1316 καὶ
1586 1262 1832 1332 φθαρτοῦ
1889 1264 1988 1316 καὶ

415 1357 644 1423 παχέος,
714 1355 791 1419 ὡς
833 1355 1124 1426 πρότερον,
1180 1354 1468 1427 ἀφθάρτου
1518 1354 1577 1409 δὲ
1638 1355 1841 1424 μᾶλλον
1891 1354 1988 1408 καὶ

410 1446 682 1500 ἀθανάτου
709 1486 726 1513 ,
758 1447 851 1500 mi.
877 1446 937 1500 τὸ
967 1448 1088 1500 ὅλον
1119 1447 1311 1516 φάναι,
1350 1448 1870 1518 πνευματικωτέρου
1895 1445 1990 1500 καὶ

413 1537 716 1608 θειοτέρου,
756 1538 854 1590 καὶ
909 1537 1142 1608 ὀμοθέου
1173 1537 1357 1607 λέγειν
1421 1537 1634 1610 θαρρῶ,
1683 1536 1989 1609 κατάληψίν

411 1641 473 1675 τε
528 1626 715 1695 πάσης
783 1624 1098 1696 αίσθήσεως
1155 1624 1612 1692 ὑπερϐαίνοντος,
1655 1625 1881 1697 ἐσθῆτός
1926 1643 1989 1679 τε

413 1717 510 1768 καὶ
546 1716 805 1787 βρώσεως
853 1718 1180 1786 ὑπερτέρου,
1233 1718 1310 1783 ὡς
1335 1720 1430 1772 καὶ
1462 1716 1551 1774 διὰ
1580 1719 1990 1790 κεκλεισμένων

411 1811 554 1862 κατὰ
585 1808 750 1877 φύσιν
780 1808 966 1880 θυρῶν
989 1811 1223 1865 εἰσιέναι
1257 1824 1274 1841 ⁸
1307 1813 1359 1864 εί
1393 1813 1489 1865 καὶ
1520 1812 1989 1880 συγκαταϐἀσεως

413 1900 596 1969 λόγοις
649 1901 959 1971 ὑπερφυὲσι
988 1904 1102 1964 τοῖς
1161 1902 1388 1966 οἰκείοις
1451 1902 1753 1975 ὁρώμενος,
1776 1904 1876 1974 τήν
1926 1920 1987 1956 τε

412 1994 659 2063 πλευρὰν
680 1996 776 2047 καὶ
813 1994 912 2057 τὰς
941 1994 1052 2047 τῶν
1077 1995 1225 2065 ἥλων
1255 1996 1480 2065 τρήσεις
1524 1995 1864 2067 ἐψηλαφᾶτο,
1890 1996 1989 2049 καὶ

411 2083 622 2152 τροφῆς
656 2085 899 2152 μετεῖχε,
934 2088 1041 2138 καὶ
1065 2084 1246 2155 ἰχθύος
1278 2087 1374 2140 καὶ
1396 2087 1628 2154 ’μέλιτος
1657 2087 1988 2155 ἁπεγεύετο,

412 2173 474 2226 οῦ
509 2174 735 2239 πεινῶν,
773 2179 854 2238 εις
888 2178 1159 2230 πίστωσιν
1217 2178 1315 2245 μὲν
1353 2177 1451 2245 τῆς
1495 2180 1692 2245 καινῆς
1738 2174 1990 2230 ἀναστᾶυ

416 2284 577 2332 σεως,
611 2270 711 2337 τῆς
740 2270 797 2323 δὲ
821 2271 1127 2338 φαντασίας
1157 2269 1465 2340 ἀναίρεσιν,
1508 2271 1691 2338 λόγοις
1728 2272 1990 2343 ἀρρήτοις

412 2362 518 2428 τῆς
536 2363 747 2432 τροφῆς
779 2364 856 2435 τῷ
908 2366 1043 2433 πυρὶ
1085 2365 1184 2434 τῆς
1237 2365 1492 2435 θεότητος
1552 2365 1993 2434 ἁναλισκομένης

428 2454 752 2523 ὑπερφυῶς.

2087 618 2230 674 dicia
2290 620 2658 689 apertissima.
2720 619 2984 677 Sindonis
3044 637 3176 677 vero
3228 631 3283 676 et
3331 623 3673 690 linteorum,

2088 709 2369 779 ipsiusque
2401 712 2559 774 adeo,
2585 713 2630 766 si
2654 712 2853 782 placet,
2881 714 2935 766 in
2965 713 3143 781 capite
3175 714 3414 779 sudarii,
3445 732 3671 771 rursum

2087 802 2313 872 qualia?
2342 803 2467 858 [huc
2490 805 2696 859 etenim
2741 804 2998 876 myrrhae,
3025 815 3081 860 et
3113 806 3248 860 alose
3275 848 3288 870 ,
3319 815 3376 861 et
3410 808 3535 861 item
3597 809 3673 861 vi-

2088 894 2251 947 vitico
2281 896 2499 962 corpori
2537 895 2611 949 illi
2631 905 2936 964 compacta,
2971 905 3027 950 et
3059 898 3213 967 quasi
3245 914 3415 952 unum
3449 915 3675 969 corpus,

2090 992 2499 1054 unguentorum
2537 986 2587 1039 vi
2646 1001 2810 1056 atque
2845 986 3109 1053 ellicacia,
3171 987 3338 1053 facta,
3390 989 3675 1054 haudqua-

2088 1090 2252 1145 quam
2290 1092 2495 1146 corpus
2531 1075 2723 1130 furtim
2748 1076 2952 1130 auferri
2987 1078 3315 1148 permisere,
3372 1077 3524 1147 juxta
3576 1078 3673 1130 Ju~

2089 1165 2333 1221 diuorum
2368 1166 2614 1221 insanam
2649 1168 3011 1221 dementiam.
3042 1167 3199 1237 113
3220 1166 3506 1234 Quomodo
3526 1168 3674 1220 enim

2088 1273 2292 1328 corpus
2324 1258 2502 1328 ipsum
2522 1261 2812 1325 uolantes,
2847 1261 2961 1313 haec
2990 1258 3238 1330 fures.sic
3269 1258 3678 1314 detraxissent?

2089 1364 2215 1403 cum
2251 1350 2578 1420 scpulcralia
2628 1352 2798 1405 lintea
2834 1351 3060 1416 intacta,
3115 1360 3172 1405 et
3201 1351 3496 1412 decenter,
3550 1366 3675 1420 per-

2091 1444 2220 1499 inde
2246 1454 2412 1514 atque
2452 1445 2502 1500 ei
2533 1445 2872 1500 circumdata
2904 1444 3146 1509 fuerant,
3168 1459 3271 1500 suo
3298 1460 3529 1516 quaeque
3551 1446 3677 1500 loco

2091 1547 2310 1607 reperta
2340 1538 2493 1593 sint?
2514 1548 2570 1599 et
2605 1539 2890 1593 sudarium
2917 1555 3026 1594 non
3054 1546 3285 1603 temere,
3320 1539 3415 1592 sed
3450 1538 3503 1591 in
3535 1555 3669 1599 uno,

2089 1629 2286 1698 capitis
2311 1630 2529 1685 scilicet
2564 1630 2709 1694 loco,
2742 1632 2849 1686 rite
2898 1631 3368 1686 circumvolutum
3399 1630 3678 1703 jacuerit?

2088 1720 2312 1776 Certum
2370 1722 2558 1793 itaque
2592 1733 2674 1777 est
2709 1738 2772 1778 ac
2803 1738 3127 1793 persuasum
3158 1725 3436 1791 omnibus,
3469 1725 3561 1793 qui
3591 1725 3678 1776 in-

2094 1811 2340 1882 telligere
2371 1813 2859 1884 cognitionemque
2912 1815 3133 1884 assequi
3185 1824 3243 1870 et
3279 1822 3430 1870 recte
3484 1828 3677 1884 sapere

2095 1906 2307 1974 volunt,
2344 1905 2634 1962 Dominum
2677 1924 2785 1962 non
2833 1909 3010 1963 solum
3036 1908 3126 1964 die
3167 1910 3331 1963 tertio
3372 1924 3497 1963 eum
3549 1923 3680 1961 cor-

2097 2012 2230 2067 pore
2261 1999 2589 2063 surrexisse.
2619 1999 2714 2054 sed
2747 2003 2912 2054 etiam
2947 2015 3073 2055 cum
3123 2014 3354 2070 corpore
3407 1999 3560 2054 tenui
3615 2014 3680 2053 ac

2087 2090 2233 2155 levi;
2264 2106 2368 2146 nec
2403 2093 2642 2163 amplius
2668 2094 2882 2149 mortali
2917 2102 2974 2149 et
3011 2095 3356 2160 corruptibili
3385 2104 3441 2148 et
3463 2108 3676 2160 crasso,

2089 2190 2150 2236 ut
2184 2191 2366 2245 antea,
2402 2183 2496 2238 sed
2531 2199 2757 2254 prorsus
2810 2186 3226 2257 incorruptibili
3255 2195 3312 2242 et
3343 2186 3677 2254 immortali,

2089 2283 2256 2344 atque
2290 2274 2375 2345 (ut
2410 2277 2580 2330 semel
2633 2277 2834 2348 dicam)
2890 2277 3164 2347 spirituali
3213 2279 3388 2348 magis
3420 2288 3476 2333 et
3533 2279 3680 2334 divi-

2093 2365 2274 2431 niore,
2302 2367 2563 2437 quodque
2606 2369 2772 2424 simul
2812 2369 2955 2425 Deus
3006 2381 3153 2426 esset
3200 2370 3349 2441 (nam
3383 2372 3466 2427 sic
3493 2371 3680 2427 dicere

2094 2458 2317 2529 ausim),
2345 2471 2565 2528 captqu
2616 2476 2811 2517 sensus
2841 2463 3024 2519 omnis
3074 2463 3397 2529 excellente,
3449 2464 3683 2519 vestitu-

415 2563 518 2618 que
543 2559 595 2604 ct
625 2551 908 2631 alimento,
945 2565 1057 2619 quo
1094 2567 1199 2605 non
1226 2552 1515 2622 indigeret,
1555 2551 1877 2620 superiore‘,
1948 2552 2022 2609 ita
2066 2563 2126 2608 ut
2152 2566 2207 2610 et
2228 2555 2442 2612 clausas
2473 2557 2618 2613 fores
2651 2562 2976 2617 naturaliter
3037 2562 3436 2631 pertransiret,
3484 2574 3683 2630 quam-

414 2642 497 2696 vis
526 2629 754 2697 miriﬁca
785 2647 998 2699 ratione
1034 2645 1421 2727 submissionis
1464 2654 1628 2718 atque
1671 2644 2131 2703 confarreationis
2175 2649 2276 2719 (l),
2337 2650 2425 2733 eis
2485 2667 2627 2722 quos
2684 2654 2791 2709 sibi
2818 2656 2870 2709 in
2901 2629 3198 2711 aretiorem
3219 2629 3679 2710 consuetudinem

413 2733 708 2799 acciverat,
742 2746 1075 2806 conspectus
1129 2738 1222 2797 sit,
1253 2749 1308 2791 et
1360 2737 1501 2792 latus
1571 2738 1905 2808 ﬁssurasque
1972 2739 2254 2796 clavorum
2304 2746 2639 2800 contrectari
2709 2749 2926 2812 siverit,
2982 2749 3279 2819 cibumque
3333 2748 3565 2818 ceperit,
3614 2764 3682 2805 ac

415 2824 596 2893 pisces
626 2837 683 2882 et
711 2829 818 2882 mel
851 2830 1187 2900 gustaverit;
1247 2846 1357 2885 non
1407 2831 1498 2890 ille
1550 2832 1772 2901 quidem
1831 2833 1979 2902 quod
2021 2835 2278 2900 esuriret,
2315 2839 2408 2892 sed
2466 2849 2529 2893 ut
2587 2841 2746 2898 iidem
2794 2845 3222 2899 resurrectionis
3250 2859 3406 2898 nova:
3438 2844 3666 2909 faceret,

416 2932 474 2977 et
503 2922 900 2990 phantasmatis
921 2928 1237 2997 opinionem
1269 2928 1533 3001 aboleret,
1562 2927 1824 2990 ineﬂabili
1885 2929 2124 3001 quodam
2196 2934 2361 2991 modo
2392 2947 2594 3007 praeter
2646 2948 2903 2995 naturam
2968 2940 3233 2996 alimento
3281 2955 3313 2995 a
3376 2938 3684 3013 divinitatis

422 3017 545 3088 igne
573 3031 923 3091 consumpto,

984 3142 1240 3217 ΚΕΦΑΛ.
1285 3142 1416 3204 Kl".

2633 3143 2860 3202 CAPUT
2907 3143 3153 3200 XXXIII.

415 3259 558 3328 Περὶ
606 3256 726 3313 τῶν
761 3260 946 3329 ἁγίων
970 3257 1293 3329 ’τυνςᾳικῶν
1316 3259 1723 3328 ..μυροφόρων,
1777 3257 1997 3327 ὁσάκις

2102 3256 2180 3314 De
2205 3259 2404 3313 sanctis
2430 3258 2730 3329 mulieribus
2770 3267 3096 3329 unguentum
3125 3256 3433 3327 ferentibus.
3478 3256 3685 3327 quoties

487 3326 589 3384 ἐπὶ
618 3331 722 3384 τὸν
750 3326 1052 3400 ζώηφόρὸν
1076 3326 1231 3402 ἧκον
1258 3326 1451 3400 τάξασθ-
1468 3326 1751 3400 Χριστοῦ.

490 3449 608 3520 Οὐχ
634 3443 805 3522 ἦττον
841 3449 900 3503 δὲ
923 3449 1005 3512 είς
1026 3449 1323 3520 βεϐαίωσιν
1344 3451 1446 3520 τῆς
1493 3448 1733 3520 ἀληθοῦς
1761 3448 2001 3503 ἀναστά-

424 3557 562 3605 σεως
595 3543 690 3595 καὶ
719 3543 752 3613 ἡ
782 3543 936 3613 παρὰ
957 3540 1069 3595 τῶν
1104 3541 1437 3612 μυροφόρων
1465 3539 1747 3608 γυναικῶν
1777 3556 1998 3609 μαρτυ-
2048 3594 2055 3599 ,

428 3636 540 3702 pia.
575 3634 778 3688 Πισταὶ
830 3636 939 3707 γὰρ
971 3635 1128 3705 παρὰ
1154 3634 1276 3705 Θεῷ
1314 3635 1408 3688 καὶ
1456 3627 1641 3688 αὗται.
1712 3631 1867 3687 Ἐπεί
1915 3631 1999 3685 τοί

428 3743 493 3795 γε
523 3728 582 3781 ἐν
601 3727 825 3798 Χριστῷ
867 3727 1055 3796 Ἰησοῦ
1080 3726 1182 3780 ούκ
1205 3727 1394 3797 ἄρσεν,
1427 3727 1489 3779 οῦ
1524 3725 1683 3794 θῆλυ,
1713 3723 1839 3778 οὔτε
1880 3721 2002 3777 δοῦ-

426 3821 540 3884 λος,
572 3819 696 3874 οὔτε
727 3819 1047 3889 ἐλεύθερος·
1106 3818 1224 3873 ἀλλ’
1286 3812 1367 3882 εἷς
1415 3819 1474 3872 ὲν
1528 3819 1640 3878 τοῖς
1680 3816 1853 3883 ἀξίοις
1907 3815 2002 3869 καὶ

430 3912 523 3973 ἐπὶ
558 3912 729 3971 πᾶσιν
774 3912 802 3965 ὁ
835 3910 1065 3980 Κύριος,
1121 3910 1220 3980 μία
1255 3926 1315 3962 τε
1375 3909 1585 3976 πίστις,
1623 3908 1682 3969 ἒν
1730 3924 1790 3962 τε
1844 3907 2002 3976 ἅγιον

432 4004 678 4072 Πνεῦμα,
710 4004 771 4056 τὸ
811 4002 991 4061 πάντα
1020 4002 1304 4073 ἐνεργοῦν,
1326 4001 1402 4064 ὥς
1430 4017 1493 4067 γε
1518 3999 1829 4071 βουλομένῳ
1854 3999 2006 4053 ἐστὶν

440 4094 614 4166 αὐτῷ.
654 4095 742 4160 Ὠς
766 4096 901 4165 γοῦν
926 4096 977 4150 οἱ
1028 4095 1207 4158 εὐθείς
1246 4093 1359 4147 τῶν
1393 4092 1704 4163 ἀνθρώπων
1765 4091 2006 4162 παραδε-

434 4187 582 4247 κτέοι
630 4189 831 4258 μᾶλλον
861 4186 1047 4252 ἔδοξαν
1074 4187 1170 4242 καὶ
1199 4187 1401 4249 πιστοὶ,
1432 4185 1499 4239 δι’
1519 4179 1709 4248 ὤνκαὶ
1741 4187 1769 4238 ὁ
1800 4182 2005 4254 κόσμος

432 4282 556 4344 ὅλος
599 4283 669 4352 τῇ
705 4280 1040 4350 εύαγγελικῇ
1074 4278 1367 4351 ἐζωγρήθη
1418 4274 1669 4350 σαγήνῃ,
1731 4278 1828 4331 καὶ⁵
1888 4276 2007 4347 μετ’

2244 3330 2316 3386 ad
2334 3329 2598 3399 viviﬁcum
2627 3328 2821 3384 Christi
2848 3327 3148 3399 sepulcrum
3188 3331 3521 3383 accesserint.

2170 3441 2364 3511 Neque
2399 3456 2527 3497 vero
2556 3440 2740 3495 minus
2772 3440 2841 3495 ad
2870 3456 3052 3495 veram
3078 3449 3399 3510 certamque
3437 3457 3684 3499 resurre-

2100 3535 2336 3589 ctionem
2367 3531 2797 3588 conﬁrmandam
2834 3533 3040 3586 faciunt
3083 3532 3374 3587 mulierum
3408 3548 3685 3605 unguenta

2100 3623 2400 3681 ferentium
2425 3624 2739 3677 testimonia
2769 3623 2869 3692 (2).
2900 3622 3033 3677 Nam
3083 3633 3138 3678 et
3163 3624 3281 3678 hare
3320 3624 3482 3679 (idem
3536 3627 3682 3695 apud

2102 3715 2275 3771 Deum
2311 3726 2615 3772 merentur.
2674 3715 2731 3770 In
2764 3714 2984 3795 Qhristo
3045 3731 3283 3786 namque
3323 3717 3451 3773 Jesu
3504 3733 3687 3789 neque

2103 3808 2403 3873 masculus,
2468 3822 2648 3877 neque
2702 3806 2944 3873 femina,
3001 3823 3182 3876 neque
3216 3823 3448 3872 servus,
3504 3824 3686 3878 neque

2104 3900 2286 3956 liber:
2319 3899 2414 3955 sed
2484 3914 2628 3957 unus
2673 3900 2728 3954 in
2782 3899 2966 3969 dignis
3006 3911 3173 3969 atque
3230 3900 3464 3962 idoneis,
3520 3913 3687 3971 atque

2104 3994 2243 4050 adeo
2274 3994 2331 4049 iu
2362 3992 2624 4050 omnibus
2657 3991 2952 4049 Dominus:
2983 4010 3089 4048 una
3120 3994 3274 4061 tides,
3297 4011 3439 4051 unus
3465 4006 3686 4051 sanctus

2107 4084 2367 4155 Spiritus,
2402 4084 2496 4156 qui
2529 4084 2696 4139 edicit
2721 4093 2887 4154 atque
2908 4094 3173 4156 operatur
3219 4100 3319 4155 pro
3341 4084 3579 4141 arbitrio
3628 4095 3687 4141 et

2110 4178 2396 4233 voluntate
2450 4191 2548 4231 sua
2582 4178 2791 4231 omnia.
2820 4176 3011 4247 Itaque
3045 4176 3512 4247 quemadmodum
3542 4176 3685 4231 recti

2109 4269 2421 4340 integrique
2448 4269 2728 4332 homines,
2758 4284 2860 4340 per
2898 4286 3037 4341 quos
3067 4280 3124 4326 et
3171 4270 3413 4325 mundus
3462 4270 3688 4325 univer-

435 4373 634 4437 αὐτοὺς
662 4375 849 4444 ἕτεροι
877 4371 950 4427 τὰ
981 4373 1271 4442 δευτερεῖα
1294 4371 1431 4442 πρός
1453 4387 1515 4425 τε
1559 4370 1744 4424 πίστιν
1769 4369 1865 4423 καὶ
1908 4367 2002 4438 τὴν

2110 4377 2207 4417 sus
2263 4362 2579 4431 evangelica
2632 4377 2834 4432 sagena
2880 4372 3073 4432 captus
3126 4369 3230 4429 est,
3286 4372 3344 4419 et
3382 4363 3688 4419 secundum

436 4462 618 4533 ἀληθῆ
683 4464 890 4533 γνῶσιν
944 4462 1246 4531 φέροντεςο
1293 4459 1438 4514 οὕτω
1483 4459 1579 4514 καὶ
1637 4460 1896 4527 γυναῖκες
1925 4459 2002 4511 ὅτι

2113 4454 2213 4509 hos
2239 4453 2358 4519 ali,
2391 4452 2666 4508 secundas
2708 4454 2763 4507 in
2822 4452 2928 4508 ﬁde
2962 4452 3319 4521 veritatisque
3371 4454 3689 4523 cognitione

438 4556 694 4617 πλεῖσται
754 4554 1192 4627 παρελήφθησαν
1233 4553 1313 4624 τῷ
1352 4553 1577 4626 Χριστῷ
1637 4551 2002 4606 πιστεύσασαι

2115 4545 2374 4609 ferentes,
2410 4545 2504 4615 qui
2531 4559 2645 4614 pra:
2684 4545 2902 4600 caeteris
2934 4555 3159 4614 propter
3193 4544 3354 4599 ﬁdem
3411 4545 3689 4615 egregiam

443 4649 537 4701 καὶ
566 4647 637 4701 τὰ
670 4646 807 4717 πρὸς
864 4645 1057 4716 χρείαν
1084 4642 1457 4698 διακονοῦσαι.
1496 4642 1698 4698 Πασῶν
1728 4641 1774 4695 δ’
1804 4643 2010 4708 ἐπιση-
2054 4706 2058 4711 ρ

446 4741 651 4810 μοτάτη
679 4742 793 4792 ἐστὶ
817 4739 1024 4810 Μαρία,
1063 4738 1096 4808 ἢ
1143 4739 1209 4790 ἐκ
1248 4735 1561 4805 Μαγδάλων
1590 4733 1821 4805 ὥρμητο
1843 4749 1856 4761 '
1891 4733 2015 4804 ἥτις

443 4833 541 4887 καὶ
573 4834 862 4902 πρότερον,
896 4831 1038 4889 ἑπτὰ
1098 4829 1383 4899 πνεύμασι
1438 4828 1670 4897 κάτοχος
1724 4825 1882 4892 οῦσα,
1919 4824 2015 4881 καὶ

446 4926 554 4980 ὑπὸ
583 4926 678 4981 τοῦ
709 4926 888 4997 Ἰησοῦ
921 4925 1015 4979 τοῦ
1041 4926 1202 4996 ὄχλου
1239 4923 1465 4978 ἐκείνων
1488 4921 1895 4990 ἀπαλλαγεῖσα,
1916 4918 2015 4972 τοῦ

445 5023 633 5076 λοιποῦ
662 5025 904 5077 συνεῖναι
944 5025 1039 5076 καὶ
1088 5018 1492 5088 συνδιατρίῖειν
1558 5016 1639 5086 τῷ
1695 5014 2014 5086 θεραπευτῇ

443 5114 554 5168 δεῖν
578 5115 736 5185 ῷττο.
784 5115 946 5169 Ὅθεν
976 5113 1072 5166 καὶ
1109 5115 1174 5183 τῇ
1208 5110 1303 5164 τοῦ
1339 5110 1477 5163 Θεοῦ
1537 5112 1725 5181 Μητρὶ
1768 5113 1862 5164 καὶ
1908 5113 2018 5167 Σα-

444 5205 606 5278 λώμῃ
640 5206 732 5258 καὶ
765 5207 829 5273 τῇ
896 5203 1032 5276 ἄλλῃ
1082 5204 1295 5272 Μαρία,
1329 5202 1565 5272 θυγατρὶ
1604 5202 1705 5270 μὲν
1755 5201 1849 5255 τοῦ
1881 5204 2021 5272 μνήο

446 5315 635 5368 στορος
673 5297 897 5367 Ἰωσὴφ,
934 5300 999 5350 ἐκ
1029 5297 1222 5353 Κλοπᾱ
1273 5295 1329 5347 δὲ
1357 5295 1456 5363 τῆς
1487 5294 1581 5348 τοῦ
1630 5295 1866 5365 ἀδελφοῦ
1919 5313 2021 5364 γυο

517 5440 591 5500 (1)
631 5458 648 5491 ι
678 5438 753 5493 Ut
792 5436 1127 5497 resurrectio
1173 5437 1524 5497 crederetur,
1563 5436 1726 5490 talem
1761 5450 1817 5490 se
1864 5436 2020 5491 exhi-

449 5512 584 5564 nuit.
610 5529 628 5560 ι
660 5509 990 5579 (Chrysost.)
1020 5528 1036 5558 ι
1059 5507 1139 5561 Ex
1164 5506 1581 5579 dispensatione
1610 5522 1718 5560 non
1745 5506 1811 5579 iu_
1832 5507 2018 5561 debita

448 5575 695 5650 corporis
721 5581 804 5634 sui
826 5578 1024 5647 gloria,
1047 5578 1141 5632 sed
1161 5578 1214 5630 iu
1249 5577 1428 5650 prima
1442 5577 1543 5650 tigu
1555 5592 1609 5629 ra
1631 5575 2015 5645 cernebatur.»

452 5596 695 5650 corporis
721 5596 804 5634 Sili
826 5593 1024 5647 gloria,
1047 5593 1141 5632 seu
1162 5594 1214 5630 tu
1231 5593 1421 5700 Jit‘tllla
1442 5593 1543 5645 ugu
1555 5593 1609 5629 ra
1631 5593 2015 5645 cernebatur,»

452 5650 661 5721 (Cypr.)
697 5669 713 5699 ι
756 5649 864 5704 Sed
902 5663 1224 5721 nequeueam
1268 5661 1352 5699 em
1382 5645 1631 5721 gloriam,
1661 5661 1825 5721 quam
1856 5657 2019 5721 antea

452 5716 692 5776 ostendit
714 5716 1005 5790 apostolis,
1034 5717 1178 5790 illico
1209 5718 1483 5790 ostenzlit.‘
1504 5716 1611 5790 Sed
1645 5716 1800 5790 quod
1832 5717 2020 5790 videre

454 5786 878 5851 consueverant,
906 5790 1009 5845 hoc
1037 5789 1291 5842 viderunt
1317 5805 1329 5840 :
1369 5795 1424 5840 ct
1455 5787 1618 5847 dilata
1643 5797 1727 5840 est
1755 5786 2020 5844 claritatis

446 5861 761 5941 plenitudo,
797 5876 916 5929 qua:
947 5868 998 5916 in
1044 5878 1101 5915 se
1133 5868 1249 5915 erat
1285 5858 1547 5930 perfecta.
1593 5875 1612 5918 ι
1643 5856 1770 5932 tld.)

2116 4638 2530 4709 susciperentur
2564 4636 2713 4706 digni
2740 4637 2840 4690 visi
2866 4645 2995 4691 sunt
3019 4654 3032 4690 :
3084 4636 3166 4692 sic
3192 4645 3250 4692 et
3279 4636 3538 4691 mulieres
3565 4638 3691 4707 plu-

2117 4729 2272 4783 rimae
2327 4728 2634 4790 credentes,
2684 4736 2740 4782 et
2778 4728 3086 4785 necessaria
3140 4726 3192 4783 ei
3228 4726 3628 4791 ministrantes,
3658 4741 3688 4781 a

2116 4821 2338 4879 Christo
2362 4832 2491 4878 sunt
2520 4821 2789 4877 admissae.
2820 4822 2880 4876 In
2921 4821 3124 4892 quibus
3148 4820 3404 4876 omnibus
3446 4820 3687 4876 celeber-

2120 4916 2259 4971 rima
2297 4927 2379 4971 est
2394 4915 2563 4971 Maria
2583 4914 2842 4984 Magdalis
2871 4924 2990 4970 orta
3025 4916 3127 4984 (3i,
3179 4931 3302 4985 qua:
3337 4914 3565 4985 quidem
3594 4930 3694 4967 an-

2120 5020 2208 5065 tea
2241 5018 2451 5079 septem
2506 5008 2794 5079 spiritibus
2829 5008 3008 5067 aﬂlata
3056 5019 3223 5079 atque
3269 5009 3492 5063 detenta
3534 5007 3695 5078 11.5.

2119 5104 2310 5173 eisque
2345 5103 2415 5158 ab
2457 5102 2585 5157 Iesu
2640 5102 2893 5167 liberata,
2925 5103 2993 5158 de
3020 5112 3220 5157 caetero
3249 5104 3691 5156 conversandum

2124 5198 2528 5268 rivendumque
2580 5196 2687 5253 sibi
2737 5211 2862 5249 cum
2913 5205 3167 5250 curatore
3222 5210 3323 5247 suo
3370 5202 3692 5262 putaret-at.

2123 5290 2467 5362 Quapropter
2513 5306 2636 5346 cuin
2681 5288 2960 5345 Genitrice
2989 5288 3106 5350 Dei,
3139 5295 3196 5342 et
3228 5287 3466 5353 Salome,
3503 5294 3556 5340 et
3588 5285 3694 5340 alia

2194 5432 2271 5503 (τὶ)
2304 5451 2323 5484 ι
2363 5431 2648 5487 Perfectus
2672 5431 2928 5486 Christus
2966 5438 3066 5503 est,
3105 5434 3485 5503 nonpropter
3517 5425 3695 5479 dvita-

2125 5498 2233 5559 tem
2255 5498 2441 5565 modo,
2482 5517 2588 5570 qua
2622 5503 2757 5555 nihil
2797 5498 3114 5569 perfectius,
3146 5502 3240 5552 sed
3271 5498 3433 5550 etiam
3469 5505 3694 5570 propter

2122 5589 2344 5629 carnem
2390 5566 2762 5642 assumptam,
2794 5566 2916 5640 quin
2961 5571 3164 5624 deitate
3217 5578 3401 5642 uncta,
3438 5576 3495 5642 et
3530 5566 3693 5642 idem

2122 5645 2267 5713 quod
2297 5645 2484 5713 unctio
2524 5635 2660 5697 facta
2706 5635 3089 5711 esu-adeoque
3128 5639 3386 5694 ‘condeus
3422 5635 3698 5708 (ὁμόθεο)

2124 5712 2282 5769 facta.
2326 5733 2343 5764 ι
2386 5712 2566 5783 (Greg.
2600 5713 2952 5781 Theologus.)

2313 5784 2437 5839 llgt-c
2468 5781 2535 5838 ei
2556 5783 2598 5837 ll
2621 5783 2950 5854 igiographis
2990 5781 3268 5852 decerpta.
