4032 6478
353 383 464 448 739

1568 369 2009 435 NICEPIIOR!
2051 369 2407 430 CALLISTI

3538 369 3638 435 740

357 495 606 552 beriadis
663 495 803 548 mari
846 491 1135 563 capiendis
1168 489 1420 562 piscibus
1468 489 1781 559 occupatis,
1821 502 1942 541 cer-

2071 485 2147 552 ςῆς
2181 478 2508 552 Τ.6ερ;άδος
2561 479 2838 552 θαλάσσης
2879 483 3007 553 περὶ
3039 483 3138 553 τὴν
3167 485 3276 536 τῶν
3308 483 3504 554 ἑλούων
3534 487 3642 538 ata-

359 589 534 643 nitur.
571 587 691 643 Nox
718 601 854 640 vero
904 594 1016 639 tota
1053 584 1160 638 illis
1193 584 1429 647 abierat,
1465 598 1589 634 (unt
1646 579 1944 635 admodum

365 681 742 746 laborassem,
803 679 938 733 nihil
991 687 1178 732 autem
1227 691 1456 745 prorsus
1489 677 1607 746 eius
1637 674 1784 744 quod
1824 689 1949 742 spe-

368 783 591 830 rassent
639 775 924 828 consecuti
965 779 1172 825 essent.
1221 770 1493 824 Caeterum
1555 785 1663 823 una
1700 759 1823 823 cum
1871 768 1953 821 di-

366 866 553 920 lnculo
587 864 717 919 Jesu
777 871 1096 934 appetente,
1137 873 1194 917 et
1226 862 1565 915 verriculum
1599 858 1667 913 ad
1701 859 1949 913 dextram

370 958 671 1012 immittere
736 959 1029 1024 laxareqttc
1078 955 1331 1026 iubente,
1381 964 1532 1008 tanta
1583 955 1666 1008 vis
1713 953 1951 1023 piscium

368 1047 700 1111 extrahitur,
741 1056 801 1100 ιιι
854 1040 1111 1117 sagenam
1166 1045 1491 1115 pertrahere
1538 1058 1650 1097 non
1703 1049 1951 1112 possent.

367 1142 608 1196 Piscium
655 1140 824 1209 igitur
871 1140 1142 1192 immensa
1183 1136 1616 1207 opinionemque
1651 1133 1953 1188 excedente

367 1240 622 1300 captura,
677 1231 934 1298 quisnam
982 1237 1167 1291 esset,
1220 1228 1313 1297 qui
1370 1227 1423 1280 in
1474 1227 1662 1280 littore
1712 1223 1954 1289 astabat,

369 1322 749 1392 cognoscitur.
819 1321 885 1374 Et
939 1320 1139 1374 Petrus
1190 1319 1457 1372 continuo
1505 1323 1658 1370 natat
1712 1315 1959 1384 (circiter

369 1416 517 1469 enim
552 1415 823 1468 ducentos
872 1412 1092 1466 cubitos
1132 1425 1162 1464 a
1215 1419 1360 1464 terra
1408 1407 1687 1476 aberant),
1724 1405 1956 1460 Ardenti

371 1521 613 1576 namque
669 1504 953 1559 desiderio
1005 1502 1259 1558 concitus
1315 1502 1440 1565 ille,
1519 1515 1644 1555 cum
1725 1498 1955 1553 linteolo

372 1601 522 1670 quod
548 1601 598 1655 ei
629 1612 740 1654 tum
774 1598 961 1654 subito
992 1608 1207 1667 tempus
1238 1595 1710 1666 suppeditaverat,
1736 1593 1960 1649 lumbos

376 1693 744 1747 circumcirca
799 1691 1086 1756 cinxisset,
1132 1687 1296 1742 undis
1352 1687 1632 1748 innatans,
1689 1686 1959 1740 suavissi-

380 1803 581 1857 tneqne
610 1785 848 1841 subinde
881 1800 1080 1855 aquam
1109 1784 1312 1854 spiritu
1347 1783 1640 1837 attrahens
1675 1792 1842 1852 atque
1874 1796 1960 1836 re-

2054 577 2413 645 πονουμένοις
2454 576 2652 644 ἄγραν,
2700 576 3021 630 ὀπτάνεται.
3069 577 3187 642 Νὺξ
3237 582 3335 647 μὲν
3381 579 3490 648 γὰρ
3541 580 3639 648 ὅλη

2055 665 2239 729 αὐτοῖς
2272 667 2622 737 ἀνηλίσκετο,
2678 669 2911 723 πλεῖστα
2950 670 3304 739 πεπονηκόσι,
3373 669 3543 738 μηδὲν
3596 670 3640 724 δ’

2056 759 2190 820 ὅλως
2220 758 2326 810 τῶν
2349 758 2702 827 ήλπισμένων
2730 759 2963 829 ἔχουσιν.
2997 761 3146 829 Ἅμα
3170 760 3199 812 δ
3233 759 3306 828 ἕῳ
3331 759 3426 812 τοῦ
3466 759 3640 826 Ἰησοῦ

2057 851 2402 913 ἐπιστάντος,
2442 855 2537 906 καὶ
2567 852 2738 923 χαλᾷν
2769 853 2828 905 τὸ
2851 853 3067 906 δίκτυον
3120 857 3230 911 τοῖς
3261 851 3453 918 δεξιοῖς
3488 853 3646 919 ὲγκε-

2056 943 2369 1013 λευομένου,
2402 945 2605 1016 πλῆθος
2638 945 2896 1000 τοσοῦτον
2929 944 3127 1017 ἰχθύων
3147 945 3377 1010 εἵλκετο,
3405 943 3480 1008 ὡς
3515 943 3642 1014 μηδ’

2055 1036 2236 1091 ἕλκειν
2286 1038 2482 1098 αὐτοὺς
2564 1037 2665 1108 τήν
2742 1039 2987 1109 σαγήνην
3067 1039 3271 1100 ἱκανῶς
3325 1036 3490 1107 ἔχειν.
3552 1035 3642 1106 Τῷ

2057 1131 2238 1182 τοίνυν
2273 1130 2564 1200 παραδὲξῳ
2599 1133 2699 1200 τῆς
2742 1130 2918 1199 ἄγρας
2961 1130 3110 1194 ὅστις
3155 1131 3237 1201 εἴη
3299 1131 3564 1198 γνωσθεὶς
3613 1129 3642 1182 ό

2058 1221 2152 1272 ἐπὶ
2177 1221 2269 1273 τοῦ
2299 1221 2572 1290 αἰγιαλοῦ,
2609 1223 2816 1291 Πέτρον
2844 1223 2943 1291 μὲν
2969 1222 3167 1275 αὐτίκα
3193 1217 3341 1292 εἶχεν
3369 1223 3398 1274 ό
3433 1220 3598 1284 πλοῦς
3622 1238 3639 1253 ·

2062 1315 2266 1383 πήχεσι
2299 1316 2405 1384 γὲρ
2434 1314 2732 1378 διακοσίοις
2789 1315 2886 1382 τῆς
2915 1316 3019 1382 γῆς
3054 1316 3477 1385 ἀφειστήκεισαν
3503 1332 3518 1347 ο
3550 1313 3644 1367 καὶ

2059 1407 2137 1476 τῷ
2198 1407 2393 1476 θερμῷ
2454 1406 2548 1459 τοῦ
2607 1407 2771 1460 πόθου
2820 1407 3286 1476 διαπλοῖζόμενος,
3338 1407 3528 1477 ὀθονίῳ
3579 1411 3644 1460 ὲκ

2060 1501 2153 1554 τοῦ
2198 1501 2384 1571 σχεδὸν
2425 1500 2729 1570 εὑρεθέντι,
2761 1501 2831 1554 τὰ
2862 1502 2991 1572 περὶ
3033 1503 3160 1565 τοὺς
3215 1503 3424 1572 μηροὺς
3457 1501 3644 1571 κύκλῳ

2059 1594 2488 1664 διαζωσάμενος,
2526 1593 2822 1666 ἀναφυσ-ῶν
2869 1595 2946 1659 ὡς
2988 1594 3184 1664 ἥδιστα
3229 1597 3326 1648 καὶ
3394 1595 3644 1664 ἀναπεμ-

2060 1687 2317 1756 πόμενος,
2345 1693 2481 1759 πρὸς
2508 1687 2748 1758 Χριστὸν
2774 1689 2904 1746 ἵετο.
2931 1688 2992 1741 Oi
3028 1689 3207 1742 λοιποὶ
3233 1687 3292 1741 δὲ
3321 1689 3400 1758 τῷ
3431 1685 3642 1756 ἀκατίῳ

2061 1779 2202 1849 πρὸς
2220 1780 2281 1833 τὸ
2307 1779 2468 1851 ξηρὸν
2494 1779 2866 1844 διελαύνοντες
2900 1776 3054 1850 ἧκον.
3095 1781 3183 1844 Ὠς
3220 1780 3308 1834 οὖν
3336 1779 3639 1845 ἀπέϐησαν,

379 1847 629 1944 miliens,
659 1879 724 1932 ad
754 1878 1033 1932 Christum
1066 1875 1377 1931 centondit.
1411 1875 1633 1944 Reliqui
1666 1889 1801 1929 vero
1831 1873 1959 1928 navi

2071 1847 2157 1923 καὶ
2180 1867 2272 1922 τὸν
2302 1847 2642 1941 ποθούμενον
2675 1871 2849 1940 ἡδέως
2873 1847 3209 1942 ἠσπάζοντο,
3245 1872 3355 1924 ἰδοὺ
3383 1870 3472 1921 ἐπ’
3521 1869 3643 1924 ἐδά-

383 1972 683 2042 piscatoria
717 1973 1075 2040 remigantcs,
1117 1969 1180 2023 ad
1211 1969 1370 2022 littus
1418 1969 1729 2038 appellunt.
1761 1968 1802 2020 E
1834 1965 1961 2020 navi

379 2066 566 2134 itaque
607 2065 867 2133 digressi,
916 2063 1298 2116 desideratum
1352 2061 1504 2116 illum
1540 2062 1784 2116 suaviter
1811 2060 1964 2114 salu-

381 2168 497 2211 tant
536 2167 591 2211 et
643 2157 1080 2227 amplcctttntur.
1116 2157 1185 2209 Et
1223 2170 1377 2216 ecce,
1421 2155 1473 2207 in
1508 2154 1624 2209 solo
1673 2167 1878 2222 prunas
1911 2160 1967 2206 et

381 2251 589 2318 piscem
643 2265 767 2304 cum
833 2236 1269 2318 pane'posilum
1331 2259 1585 2312 cernunt,
1647 2254 1965 2300 sanctorum

382 2343 599 2396 scilicet
631 2342 978 2411 angelorum,
1031 2349 1091 2394 ut
1143 2350 1300 2410 puto,
1335 2339 1593 2393 manibus
1624 2338 1967 2406 ientaculum

383 2443 774 2505 przeparatnm.
805 2433 1082 2487 Jubentnr
1110 2441 1374 2501 praetcrea
1403 2439 1457 2484 et
1483 2447 1548 2485 ex
1577 2446 1769 2485 recens
1795 2431 1970 2500 captis

385 2530 642 2601 piscibus
667 2529 875 2598 aliquid
909 2525 1110 2582 afferre
1142 2526 1208 2581 ad
1243 2528 1456 2597 epulas.
1496 2527 1565 2582 At
1598 2527 1672 2581 illi
1706 2542 1970 2583 conscen-

384 2637 449 2676 so
493 2621 734 2688 navigio,
785 2628 901 2673 rete
953 2618 1284 2688 pertrahunt
1330 2617 1576 2687 piscibus
1621 2617 1967 2684 confertum,

383 2725 441 2768 et
473 2728 704 2767 numero
737 2723 794 2768 et
830 2712 1211 2783 magnitudine
1248 2713 1641 2782 prmstantibus
1675 2729 1688 2765 :
1727 2713 1793 2766 ad
1833 2727 1980 2766 cent

387 2817 503 2860 tttm
535 2807 682 2860 enim
718 2805 1119 2874 quinquaginta
1171 2813 1226 2858 ct
1282 2816 1394 2860 tres
1443 2813 1622 2858 erant.
1661 2805 1968 2859 Mirandum

387 2905 574 2948 autem
611 2902 752 2960 erat,
788 2908 914 2948 cum
952 2904 1032 2948 tot
1062 2904 1116 2948 et
1157 2896 1294 2949 tanti
1350 2895 1427 2950 illi
1473 2905 1683 2960 essent,
1721 2897 1971 2951 verricu-

385 2984 500 3038 lum
546 2994 769 3054 rupttttn
822 3000 1050 3053 prorsus
1090 3000 1201 3038 non
1251 3001 1374 3040 esse
1411 3004 1423 3038 :
1459 2987 1597 3040 adeo
1635 2995 1692 3040 ut
1736 3002 1803 3040 eo
1853 2989 1970 3057 ipso

385 3075 641 3146 prodigio
671 3086 820 3130 certo
853 3076 965 3130 illis
995 3076 1290 3130 Dominum
1320 3093 1446 3130 eum
1499 3093 1623 3132 esse
1663 3088 1966 3133 constaret.

2067 1981 2200 2033 φους
2227 1966 2428 2036 ὁρῶσιν
2463 1964 2774 2036 ἀνθρακιὰν
2798 1967 2892 2018 καὶ
2912 1964 3141 2035 ὀψάριον
3169 1965 3263 2018 καὶ
3303 1965 3470 2034 ἄρτον
3517 1979 3648 2033 προσ

2066 2058 2320 2128 κείμενα,
2357 2058 2548 2130 χερσὶν
2577 2058 2771 2126 ἁγίων,
2805 2053 2983 2128 οἶμαι,
3012 2058 3264 2126 ἀγγέλων
3317 2057 3378 2109 τὸ
3424 2057 3642 2123 ἄριστον

2067 2153 2245 2204 ἐκεῖνο
2298 2150 2765 2222 ἐξειργασμένων.
2843 2151 3122 2219 Ἑνεγκείν
3170 2150 3354 2219 μέντοι
3397 2147 3492 2201 καὶ
3537 2143 3643 2199 ἀπὸ

2067 2243 2177 2298 τῶν
2205 2243 2332 2312 ἄρτι
2354 2242 2560 2296 νεαλῶν
2581 2242 2782 2313 ἰχθύων
2805 2242 3173 2296 διεκελεύοντο
3205 2241 3339 2312 πρὸς
3365 2241 3605 2293 ἑστίασιν
3627 2255 3640 2269 ³

2069 2337 2162 2389 καὶ
2191 2335 2309 2405 δῆτ’
2365 2336 2686 2400 ἀναϐάντες,
2741 2330 2921 2390 εἷλκον
2950 2335 3010 2389 τὸ
3057 2335 3294 2388 δίκτυον.
3356 2331 3646 2401 Ἔμπλεων

2068 2426 2114 2478 δ’
2141 2427 2250 2497 ἄρα
2276 2423 2345 2498 ἦν
2378 2427 2576 2497 [χθύων
2605 2427 2826 2497 μεγέθει
2862 2445 2920 2480 τε
2981 2428 3257 2496 μεγίστων
3305 2426 3397 2478 καὶ
3429 2421 3646 2493 ἀριθμῷ

2072 2517 2339 2570 πλείστων
2366 2534 2380 2548 ·
2420 2520 2501 2580 εἰς
2542 2521 2691 2588 τρεῖς
2724 2519 2833 2588 γὰρ
2858 2518 2955 2572 καὶ
2985 2517 3026 2568 ν’
3052 2518 3142 2571 καὶ
3194 2514 3240 2586 ρ’
3282 2514 3370 2569 τὸν
3416 2513 3647 2587 ἀριθμὸν

2068 2610 2431 2681 διεπέραινον.
2463 2611 2572 2664 Καὶ
2591 2611 2652 2663 τὸ
2677 2611 2742 2682 δὴ
2769 2609 3093 2681 Θαυμάσιον,
3121 2612 3201 2664 ὅτι
3225 2626 3287 2677 γε
3318 2607 3411 2660 καὶ
3437 2603 3649 2659 πολλῶν

2069 2707 2164 2759 καὶ
2195 2704 2532 2775 τηλικούτων
2557 2705 2728 2757 ὄντων
2753 2705 2816 2758 τὸ
2847 2703 3101 2774 μέγεθος,
3155 2702 3216 2756 τὸ
3256 2701 3472 2754 δίκτυον
3510 2699 3652 2770 διερο

2075 2796 2250 2867 ρωγδς
2295 2796 2544 2867 οὐδαμῶς
2571 2792 2663 2868 ἦν.
2698 2795 2791 2859 Ὠς
2837 2795 3089 2850 ἐντεῦθεν
3120 2794 3395 2863 τάσφαλὲς
3423 2793 3653 2864 ἐσχηκός

2070 2904 2181 2940 των
2237 2886 2402 2939 αὑτὸν
2445 2882 2585 2940 εἶναι
2646 2888 2726 2959 τῷ
2777 2888 3053 2958 τεραστίῳ
3096 2888 3188 2940 τὸν
3229 2886 3458 2956 Κύριον,
3523 2880 3651 2957 παρ’

2072 2976 2318 3043 ἀλλήλων
2349 2977 2409 3031 ὲν
2443 2979 2660 3047 ἡδοναῖς
2703 2977 3057 3043 καθεστάναι,
3111 2980 3206 3032 καὶ
3255 2981 3424 3048 ἄμφω
3472 2980 3654 3043 αὐτοῖς

2074 3065 2284 3119 ἐκείνου
2311 3067 2419 3118 τῶν
2455 3068 2883 3137 παρακειμένων
2909 3069 2990 3132 είς
3023 3069 3228 3139 βρῶσιν
3257 3070 3651 3139 μεταδιδόντος.

389 3166 743 3237 Quapropter
779 3167 979 3248 magna
1010 3168 1154 3221 inter
1190 3183 1247 3221 se
1293 3168 1478 3222 affecti
1516 3179 1647 3224 sunt
1681 3171 1968 3240 voluptate

2089 3159 2244 3212 Ἐπεὶ
2271 3159 2326 3211 δὲ
2354 3159 2414 3212 τὸ
2454 3159 2766 3229 θαυμαστὸν
2816 3161 2993 3214 ἐκεῖνο
3023 3163 3243 3232 ἄριστον
3273 3163 3446 3233 πέρας
3485 3159 3653 3234 εἶχεν,

389 3269 556 3326 atque
589 3256 780 3312 laetitia
815 3274 830 3316 :
868 3266 925 3313 et
984 3257 1076 3312 ille
1120 3274 1246 3312 eum
1281 3259 1362 3314 eis
1391 3275 1456 3314 ex
1491 3275 1558 3314 eo
1591 3261 1736 3332 quod
1769 3277 1974 3333 propo-

389 3351 558 3404 situm
615 3349 843 3417 fuerat,
912 3350 1343 3407 communicavit
1399 3353 1604 3408 cibum.
1658 3355 1974 3422 Enimvero,

388 3458 516 3496 eum
565 3441 952 3496 admirandum
1012 3443 1147 3497 illud
1206 3444 1551 3512 ientaculum
1600 3447 1764 3500 finem
1814 3461 1977 3502 suum

392 3535 645 3598 haberet,
680 3550 789 3588 non
829 3535 1024 3600 semel,
1055 3536 1150 3590 sed
1185 3537 1387 3590 iterum
1421 3555 1484 3593 ac
1516 3538 1682 3592 tertio
1710 3539 1979 3596 Dominus

393 3621 678 3678 Simonem
724 3627 1108 3697 interrogavit,
1157 3643 1224 3682 an
1269 3645 1326 3683 se
1357 3628 1479 3698 plus
1523 3629 1980 3701 aliisdiligeret?

392 3717 502 3770 non
562 3718 652 3771 ille
707 3718 930 3786 quidem
994 3719 1198 3774 rescire
1250 3721 1356 3776 hoc
1430 3721 1622 3775 volens
1678 3723 1979 3792 (quomodo

393 3809 539 3861 enim
570 3809 623 3862 id
650 3809 702 3863 ei
736 3825 878 3879 opus
901 3811 1071 3874 esset,
1103 3813 1196 3881 qui
1231 3813 1524 3868 manifesta
1556 3826 1998 3891 compertaque,

393 3900 557 3954 etiam
609 3917 731 3969 quae
801 3903 1048 3955 nondum
1095 3904 1235 3958 facta
1283 3914 1491 3969 essent,
1519 3905 1837 3977 haberet?),
1870 3907 1966 3962 sed

396 4003 455 4044 ut
497 4007 593 4059 per
634 3993 909 4060 triplicem
947 4009 1271 4063 expressam
1311 3996 1726 4065 prosessionem
1771 3998 1977 4068 triplici

398 4084 719 4138 laederetur
755 4088 1058 4155 negationi.
1099 4087 1259 4156 120
1287 4087 1358 4142 Ut
1388 4099 1572 4143 autem
1620 4089 1711 4145 ille
1755 4092 1980 4147 celerri-

395 4192 484 4231 me
521 4192 764 4230 amorem
789 4187 874 4232 est
904 4177 1214 4248 professus,
1251 4179 1522 4236 hactenus
1553 4182 1771 4237 audivit
1796 4199 1856 4239 se
1886 4201 1980 4240 νοο-

396 4285 518 4322 rum
557 4270 763 4322 amoris
804 4267 1074 4324 indicium
1128 4271 1538 4337 exhibiturum,
1597 4285 1874 4342 quatenus
1919 4292 1978 4332 re

398 4361 514 4429 ipsa
543 4369 598 4414 et
625 4376 790 4431 Opere
816 4361 1118 4416 rationales
1147 4377 1280 4416 oves
1314 4372 1582 4431 pasceret.
1618 4363 1674 4418 ld
1699 4381 1830 4420 vero
1862 4380 1976 4422 tum

396 4453 620 4507 demum
655 4454 793 4520 fore,
834 4455 877 4510 si
915 4453 1156 4508 animum
1205 4470 1450 4525 quoque,
1496 4458 1656 4513 sicuti
1693 4459 1833 4530 ipse,
1877 4477 1976 4532 pro

2078 3253 2177 3321 οὐχ
2208 3250 2374 3315 ἅπαξ,
2407 3251 2545 3306 ἀλλὰ
2570 3256 2665 3306 καὶ
2691 3253 2773 3316 δὶς
2809 3255 2902 3306 καὶ
2954 3255 3076 3324 τρὶς
3105 3256 3134 3308 ό
3163 3254 3369 3326 Κύριος
3421 3257 3656 3310 ἀπεπει·

2082 3345 2216 3414 ρᾶτο
2232 3343 2325 3396 τοῦ
2361 3344 2628 3413 Σίμωνος,
2661 3345 2710 3398 εί
2743 3345 2916 3399 πλείω
2945 3347 3058 3401 τῶν
3083 3347 3262 3402 ἄλλων
3286 3348 3430 3419 ὲρῴη
3469 3349 3654 3412 αὐτοῦ,

2079 3438 2141 3489 οὐ
2175 3437 2381 3504 γνῶναι
2411 3436 2573 3489 τοῦτο
2627 3436 2954 3510 βουλόμενος
3005 3441 3146 3510 (πῶς
3173 3441 3282 3512 γὰρ
3311 3435 3356 3510 ᾧ
3380 3442 3514 3512 δῆλα
3562 3443 3655 3497 καὶ

2078 3527 2146 3581 τὰ
2171 3531 2336 3598 μήπω
2359 3529 2630 3598 γενόμενοι
2655 3547 2670 3596 ;
2707 3531 2746 3597 ),
2777 3531 2894 3585 ἀλλ’
2949 3533 3014 3586 ἵν’
3046 3535 3310 3607 ὁμολογίᾳ
3352 3539 3550 3608 τρισσῇ
3595 3538 3656 3590 τὸ

2078 3623 2296 3689 τριττὶν
2328 3623 2540 3675 ἰάσαιτο
2573 3627 2674 3692 τῆς
2710 3625 3015 3696 ἀρνήσεως.
3057 3628 3144 3691 Ὠς
3183 3628 3229 3682 δ’
3279 3631 3486 3695 ἐκεῖνος
3521 3631 3653 3685 θᾶτ-

2078 3734 2170 3770 τον
2205 3718 2494 3789 ὡμολόγει,
2532 3721 2590 3773 ὲν
2649 3720 2824 3791 τούτῳ
2884 3722 3082 3792 ἤκουεν
3132 3723 3334 3786 ἱκανῶς
3392 3724 3538 3794 ἔχειν
3596 3726 3657 3780 τὸ

2081 3811 2304 3879 γνήσιον
2343 3813 2640 3882 παριστᾷν,
2695 3813 2830 3881 εἴγε
2863 3814 3124 3884 ποιμάνοι
3171 3815 3317 3886 ἔργῳ
3354 3817 3423 3871 τὰ
3463 3817 3657 3886 λογικὰ

2081 3903 2352 3972 πρόϐατα.
2383 3905 2426 3957 Τ
2431 3905 2458 3957 ὺ
2478 3905 2526 3959 δ’
2553 3905 2727 3970 ἔσται,
2772 3909 2821 3960 εἰ
2866 3908 2961 3961 καὶ
2993 3907 3090 3978 τὴν
3118 3908 3298 3978 ψυχὴν
3327 3909 3402 3972 ὡς
3453 3909 3656 3974 ἐκεῖνος

2082 3995 2326 4066 βούλοιτο
2351 3998 2560 4052 τιθέναι
2599 4000 2738 4070 ὑπὲρ
2767 4001 2950 4055 αὐτῶν
2977 4017 2990 4030 ⁶
3025 4003 3222 4072 ἐπίσης
3249 4003 3360 4071 γὰρ
3385 4004 3481 4057 καὶ
3509 4001 3655 4071 αὖτῷ

2079 4088 2283 4142 ἑσεῖται
2310 4089 2418 4143 τῶν
2453 4089 2742 4158 προϐάτων
2799 4091 3242 4162 ὑπερισταμένιρ,
3299 4093 3388 4148 διὰ
3423 4087 3655 4164 σταυροῦ

2077 4181 2300 4244 δοξάσαι
2335 4181 2426 4234 τὸν
2463 4181 2596 4235 Θεόν
2619 4198 2634 4213 ο
2670 4180 2830 4236 τοῦτο
2883 4183 2990 4253 γὰρ
3033 4181 3253 4255 ᾐνίξατο
3291 4184 3353 4238 τὸ
3399 4186 3519 4238 νέον
3561 4186 3660 4254 μὲν

2079 4271 2206 4325 ὄντα
2237 4272 2369 4325 ὅπου
2402 4273 2454 4340 γ’
2486 4271 2690 4325 ἐθέλειν
2743 4272 2908 4339 ίέναι,
2964 4275 3220 4344 γηρῶντα
3246 4275 3302 4328 δὲ
3348 4274 3492 4346 ἄλλῳ
3522 4275 3660 4340 ζών-

2081 4365 2274 4417 νυσθαι
2312 4366 2504 4434 χεῖρας
2562 4363 2898 4432 ἐκτείνοντα,
2937 4367 3034 4418 καὶ
3089 4365 3191 4432 τὴν
3242 4366 3378 4436 πρὸς
3433 4367 3660 4420 θάνατον

2020 4523 2026 4528 _
2079 4457 2328 4524 ἄγεσθαι,
2379 4457 2513 4509 ὅπου
2543 4460 2608 4528 τῇ
2639 4458 2797 4525 φύσει
2825 4459 2903 4529 μὴ
2935 4458 3179 4529 θελητὺν,
3207 4459 3268 4512 τὸ
3291 4459 3390 4531 ζῇν
3415 4461 3663 4532 ἑφημένῃ

399 4545 510 4600 illis
547 4560 753 4613 ponere
792 4546 1000 4600 vellet:
1038 4547 1288 4601 futurum
1318 4547 1490 4612 enim,
1529 4559 1588 4604 ut
1627 4551 1743 4620 ipse
1777 4553 1970 4607 ovibus

2080 4545 2368 4616 διηνεκῶς.
2413 4545 2504 4610 Ὠς
2526 4547 2583 4599 δὲ
2614 4548 2724 4600 τῶν
2776 4548 3089 4619 εἰρημένων
3129 4550 3351 4620 συνῆκε,
3389 4551 3481 4604 τὸν
3505 4551 3664 4604 κατό-

401 4637 718 4705 praefectus,
765 4638 958 4692 itidem
996 4654 1097 4708 per
1127 4656 1348 4696 crucem
1405 4641 1578 4696 Deum
1619 4642 1976 4712 gloriﬁcaret.

399 4727 457 4781 Id
509 4743 745 4798 namque
781 4728 964 4784 innuit
995 4731 1228 4784 verbum
1279 4733 1436 4798 illttd,
1470 4734 1749 4805 iuniorem
1797 4735 1976 4806 ipsum

401 4816 651 4885 quidem,
680 4833 1013 4888 quocunque
1038 4821 1322 4882 voluisset,
1361 4823 1550 4888 ivisse,
1580 4839 1766 4879 senem
1795 4835 1977 4881 autem

399 4908 494 4962 alii
554 4923 749 4963 manus
804 4910 872 4964 ad
917 4911 1272 4967 vinciendum
1304 4914 1691 4984 praebiturum,
1722 4917 1980 4988 viamque

399 5000 469 5053 ad
504 5008 736 5054 mortem
789 5001 1082 5070 ferentem,
1129 5021 1294 5073 quam
1346 5018 1565 5072 natura,
1611 5009 1778 5063 vitam
1813 5024 1977 5079 quam

403 5089 725 5159 longissime
786 5092 1096 5162 producere
1149 5099 1403 5167 cupiens,
1471 5099 1818 5166 abhorreret,
1872 5102 1981 5154 itu-

402 5197 545 5235 rum.
613 5181 889 5239 lntellexit
948 5185 1039 5240 ille
1089 5203 1212 5256 quae
1266 5189 1413 5243 dicta
1460 5189 1722 5256 fuerant,
1787 5203 1846 5247 ct
1894 5194 1978 5247 di-

405 5272 684 5342 scipulum
726 5291 852 5328 cum
897 5277 991 5345 qui
1052 5294 1221 5347 super
1287 5290 1480 5349 peetus
1547 5281 1761 5337 Domini
1817 5300 1980 5338 recu-

401 5365 628 5429 buerat,
666 5381 811 5436 pone
850 5380 1175 5436 sequentem
1227 5373 1386 5427 vidit.
1432 5374 1624 5444 Itaque
1672 5386 1728 5431 et
1766 5376 1833 5430 de
1873 5377 1980 5431 fine

401 5456 673 5527 obituque
723 5459 844 5528 ejus
900 5461 1174 5527 qumsivit.
1223 5461 1499 5518 Caeterum
1561 5464 1850 5530 Dominus,
1891 5481 1981 5530 eo,

403 5548 551 5616 quod
583 5557 791 5605 temere
827 5557 884 5604 et
917 5549 1120 5604 frustra
1175 5567 1377 5606 arcana
1417 5555 1798 5610 insvrutahilis
1827 5556 1993 5626 judi-‘

403 5641 474 5695 cii
505 5639 598 5695 Dei
629 5641 912 5711 inquirere
959 5649 1017 5695 et
1060 5644 1394 5714 inVestigare
1431 5647 1618 5711 vellet,
1653 5647 1836 5702 acrius
1882 5648 1982 5703 οι)-

400 5731 652 5802 inrgato:
680 5734 736 5788 Si
767 5749 921 5797 eum,
952 5733 1154 5804 inquit,
1189 5737 1314 5792 volo
1340 5741 1394 5792 in
1431 5740 1689 5808 praesenti
1720 5743 1831 5795 vita
1853 5757 1980 5796 cum

406 5835 636 5892 eorpore
677 5839 922 5891 manere,
951 5825 1128 5884 donec
1167 5829 1381 5886 veniam
1418 5834 1626 5903 (casum
1667 5832 1980 5902 Hierosoly-

2081 4655 2178 4691 πιν
2199 4638 2473 4708 ἑπόμενον
2528 4639 2704 4708 Ἰησοῦ
2738 4641 3073 4711 θεασάμενος
3101 4641 3193 4696 τὸν
3221 4643 3536 4714 ὲπιστήθιον
3565 4661 3664 4714 μα-

2081 4729 2269 4800 θητὴν,
2296 4729 2392 4782 καὶ
2421 4731 2553 4803 περὶ
2585 4733 2680 4802 τῆς
2710 4732 2973 4804 τελευτῆς
3006 4733 3222 4787 ἐκείνου
3255 4734 3661 4789 διεπυνθάνετο.

2092 4822 2150 4874 ’0
2182 4823 2227 4875 δ’
2253 4823 2328 4885 ὡς
2348 4825 2526 4894 μάτην
2562 4825 2656 4878 καὶ
2683 4824 2812 4894 είκῆ
2865 4829 2978 4889 τοῖς
3026 4827 3342 4896 ἀνεφίκτοις
3378 4827 3488 4880 τῶν
3529 4825 3662 4880 Θειῦ

2080 4915 2368 4984 κριμάτων
2395 4916 2456 4968 τὸ
2490 4915 2653 4986 βάθος
2687 4917 2956 4988 ἀναδιφᾷν
2980 4919 3074 4972 καὶ
3105 4918 3432 4990 ἑξιχνιάζειν
3453 4919 3666 4973 ἐθέλον-

2079 5017 2150 5055 τα
2180 5001 2568 5068 ἐπισκώπτων,
2623 5003 2750 5056 Ἐὰν
2777 5004 2965 5071 αὑτὸν,
2994 5006 3150 5075 φησὶ,
3190 5006 3330 5060 θέλω
3358 5009 3421 5077 τῇ
3461 5009 3664 5079 παρού-

2083 5108 2152 5162 σῃ
2173 5092 2433 5162 ἐμμένειν
2461 5093 2575 5164 ζωῇ
2618 5095 2756 5162 μετὰ
2789 5093 3040 5164 σώματος
3088 5096 3194 5160 ἕως
3221 5097 3478 5168 ἔρχομαι,
3504 5099 3668 5164 ἐπεξ-

2086 5187 2269 5240 ιὼντὰ
2311 5187 2455 5240 κατὰ
2509 5189 2607 5260 τὴν
2640 5189 3018 5262 Ἰερουσαλὴμ,
3055 5191 3088 5263 ἢ
3124 5193 3217 5248 καὶ
3247 5196 3305 5247 ὲν
3343 5197 3408 5264 τῇ
3437 5195 3668 5266 δευτέρᾳ

2081 5280 2283 5350 δηλαδὴ
2329 5282 2623 5352 παρουσίᾳ,
2665 5284 2719 5335 τί
2780 5283 2939 5336 τοῦτο
2996 5287 3136 5355 πρὸς
3185 5287 3290 5353 σέ;
3350 5288 3447 5353 Σὺ,
3480 5286 3666 5350 καθὼς

2082 5373 2348 5443 ὡρίσθης,
2380 5374 2712 5444 ίὰκολούθως
2766 5376 2891 5444 ἐμοὶ
2943 5377 3081 5448 πρὸς
3131 5379 3225 5432 τὸν
3283 5379 3373 5432 διὰ
3428 5380 3665 5449 σταυροῦ

2084 5465 2316 5518 θάνατον
2367 5466 2714 5534 εὐτρεπίζου.
2754 5469 2894 5540 Περὶ
2921 5471 2978 5522 δὲ
3022 5472 3272 5526 Ἰωάννου
3307 5473 3340 5544 ή
3373 5490 3521 5537 τινος
3556 5473 3665 5524 τῶν

2081 5556 2257 5610 ἄλλων
2302 5559 2364 5610 οὐ
2409 5553 2514 5622 σοὶ,
2564 5560 2678 5612 ἀλλ’
2731 5563 2857 5630 ἐμοὶ
2917 5563 3166 5634 μελήσει.
3219 5564 3532 5617 Κάντεῦθεν
3573 5565 3665 5616 καὶ

2083 5649 2238 5719 φήμη
2285 5649 2504 5721 διέπτη,
2537 5653 2610 5722 μὴ
2637 5653 2729 5705 τὸν
2781 5654 3035 5725 μαθητὴν
3069 5657 3276 5712 ἐκεῖνον
3311 5657 3536 5712 θάνατον
3563 5675 3664 5711 κα-

2081 5742 2267 5798 τιδεῖν.
2303 5744 2416 5815 Τήν
2448 5762 2510 5812 γε
2566 5745 2674 5816 μὴν
2705 5748 2814 5800 τῶν
2846 5747 3058 5803 πολλῶν
3119 5751 3378 5805 ὑπόνοιαν
3427 5750 3665 5817 διορθού-

2088 5853 2248 5906 μενος
2270 5837 2343 5899 ὡς
2373 5838 2468 5890 οὐκ
2512 5839 2791 5910 ἐγκαίρως
2843 5841 3313 5913 ἐπαληθεύουσαν,
3343 5844 3456 5897 Οὐκ
3511 5839 3663 5895 εἶπεν
