4032 6458
391 395 489 465 741
1349 406 1959 469 ECCLESIASTltL‘E

2062 404 2390 468 [smnus
2428 406 2578 467 LIB.
2627 407 2670 470 l.
3557 409 3665 476 τίει

388 516 562 588 αὐτῷ,
602 517 792 588 φησὶν,
818 522 846 574 ὁ
910 515 1140 593 Ἰησοῦς,
1169 520 1253 576 ὅτι
1307 524 1410 577 οὐκ
1450 522 1792 595 ἀποθνήσκει
1818 540 1834 555 ·
1870 525 1959 579 καὶ

2070 539 2314 590 morum,
2357 531 2454 579 aut
2512 522 2820 580 secundum
2865 523 3167 581 adventum
3228 543 3393 582 suum
3442 530 3661 586 scilicet

386 610 497 679 γὰρ
522 609 767 666 θανεῖται
793 615 894 678 μὲν
935 614 1229 686 ἐπίσης-,τῇ
1282 616 1592 688 Θεομήτορι
1620 633 1635 648 °
1676 616 1876 671 αὐτίκα
1922 616 1959 670 δί

2085 617 2368 685 innuens),
2403 616 2535 687 quid
2566 616 2619 671 ii
2648 616 2716 671 ad
2745 619 2843 673 te?
2883 616 2988 685 Tu,
3020 620 3488 689 quemadmodum
3553 621 3656 678 tibi

388 701 619 771 ζήσεταί
646 721 703 758 τε
737 706 832 758 καὶ
853 707 1227 778 ἀναστήσεται
1251 710 1310 762 ὲν
1347 709 1618 783 ἀφθάρτῳ
1661 711 1824 765 οἱονεὶ
1867 712 1976 764 σώ-

388 810 544 863 ματι,
597 796 698 866 τὴν
747 797 1011 870 δευτέραν
1066 799 1162 855 τοῦ
1235 802 1559 856 διδασκάλου
1620 804 1976 874 ἐκδεχόμενος

387 888 722 959 παρουσίαν.

2082 711 2444 765 constitutum
2477 720 2582 770 est,
2612 709 2804 764 itidem
2851 720 2910 764 ut
2943 726 3065 780 ego,
3111 712 3176 765 ad
3209 713 3392 769 crucis
3421 725 3656 770 mortem
3686 750 3697 779 .-

2081 807 2136 854 te
2171 815 2324 867 para.
2362 798 2435 852 De
2466 798 2678 855 Joanne
2709 788 2862 865 vero,
2889 812 2985 854 aut
3013 802 3198 871 aliquo
3226 802 3488 870 aliorum,
3546 822 3656 858 non

2083 893 2206 957 tibi,
2239 891 2334 946 sed
2384 892 2518 946 mihi
2551 907 2696 946 curae
2747 892 2874 946 erit.
2925 892 3104 962 Atque
3137 892 3266 947 inde
3301 894 3441 947 latina
3476 893 3658 949 int-re.

394 985 533 1050 ltuit,
558 986 892 1057 discipulum
920 987 1079 1044 illum
1108 999 1342 1045 mortem
1370 1005 1479 1045 non
1504 990 1776 1045 visurum.
1829 989 2001 1055 Quam
2078 989 2298 1058 quidem
2340 988 2641 1042 multarunt
2696 989 3013 1058 opinionem
3067 997 3324 1057 tanquam
3383 989 3656 1058 importn-

387 1094 516 1135 nam
585 1083 882 1154 minusque
916 1099 1100 1140 veram
1136 1085 1255 1156 ipse
1298 1087 1605 1155 corrigens,
1632 1085 1750 1140 Non
1786 1084 1923 1138 dixit
1963 1085 2039 1149 ei,
2075 1084 2273 1153 inquit,
2325 1083 2506 1147 Jesns,
2533 1083 2678 1152 quod
2712 1083 3013 1138 moriturus
3040 1099 3151 1138 non
3206 1083 3317 1147 sit;
3348 1085 3658 1140 moriturus

310 1242 317 1249 _
386 1183 472 1229 cst
500 1175 649 1230 enim
698 1191 785 1241 eo,
831 1194 943 1246 quo
975 1178 1066 1233 Dei
1104 1178 1378 1245 Genitrix,
1422 1179 1629 1233 modo:
1709 1177 2002 1232 confestim
2044 1191 2177 1231 vero
2227 1175 2524 1229 reviviscet
2573 1190 2637 1229 ac
2694 1184 2969 1243 resurget,
3014 1173 3428 1244 incorruptibili
3501 1174 3644 1229 scili-

388 1280 479 1325 cet
538 1287 774 1343 corpore
822 1273 1056 1328 alterum
1093 1275 1342 1343 magistri
1391 1282 1815 1345 exspectaturus
1870 1274 2194 1327 adventum.

947 1386 1201 1441 ΚΕΦΑΛ.
1254 1384 1396 1454 Aq'.

395 1496 991 1583 'chsgevtazornslg
1019 1499 1135 1581 τῂν
1160 1502 1498 1583 Γαλιλαίαν
1546 1500 1733 1583 (twn,
1770 1498 1870 1583 νέαι

442 1568 538 1635 τῷ
565 1571 687 1640 ὄρει
720 1571 842 1625 τῶν
875 1568 1127 1626 Ἐλαιῶν
1154 1575 1502 1639 γενόμενος,
1528 1568 1840 1640 ἀνελήφθη
1877 1573 1967 1637 εἰς

455 1641 778 1710 οἰιρανοὺς,
818 1644 915 1698 καὶ
952 1642 1242 1697 ἐκάθισεν
1270 1641 1339 1694 ἐκ
1365 1640 1585 1704 δεξιῶν
1613 1641 1721 1695 τοῦ
1754 1640 1927 1694 Θεοῦ.

458 1758 718 1821 Ἔπειτα,
747 1757 890 1813 κατὰ
917 1758 1011 1811 τὸν
1057 1734 1262 1829 ὑψηλὸν
1292 1758 1595 1821 Ματθαῖον,
1642 1760 1700 1812 ἐν
1731 1758 1811 1830 τῷ
1867 1760 1969 1830 τῆς

2607 1385 2834 1441 CAPUT
2878 1383 3119 1441 XXXVI.

2081 1499 2143 1554 Ut
2172 1508 2434 1561 postremo
2460 1501 2514 1553 in
2545 1500 2770 1556 Galilaea
2799 1504 2867 1556 sit
2901 1505 3041 1556 visus
3071 1518 3090 1555 :
3113 1512 3302 1557 etcum
3332 1504 3385 1556 in
3419 1512 3648 1559 montem

2143 1568 2885 1643 QIivarum_conscendisset,
2947 1583 3183 1643 receptus
3230 1574 3283 1626 iu
3342 1580 3521 1628 castum
3580 1578 3649 1628 ad

2137 1639 2380 1694 dextram
2418 1639 2515 1694 Dei
2543 1643 2856 1697 consederit.

2140 1754 2374 1822 Deinde,
2408 1758 2563 1828 juxta
2595 1758 2890 1814 sublimem
2925 1759 3264 1828 Mattbazum,
3295 1760 3364 1816 ab
3397 1762 3479 1817 eis
3510 1777 3642 1816 con-

385 1850 682 1915 Γαλιλαίας
702 1850 820 1921 ὄρει
844 1848 1060 1915 τούτοις
1090 1852 1383 1905 ὀπτάνεται
1400 1867 1415 1880 ·
1443 1852 1505 1904 τό
1526 1869 1583 1904 τε
1606 1851 1702 1922 τῆς
1721 1852 1959 1917 ἐξουσίας

2072 1846 2308 1917 spicitur
2352 1849 2406 1903 in
2440 1849 2675 1905 Galilmm
2704 1859 2913 1916 monte,
2945 1859 3001 1905 et
3032 1851 3106 1906 ibi
3139 1868 3169 1907 a
3209 1853 3372 1908 Patre
3406 1864 3647 1923 potesta-

384 1944 587 2014 κράτος
611 1942 846 2012 οὐρανοῦ
884 1946 980 1997 καὶ
1011 1943 1114 2013 γῆς
1144 1944 1393 1998 δεδόσθαι
1430 1943 1568 2013 πρὸς
1597 1943 1691 1997 τοῦ
1730 1942 1966 2014 Πατρδς,

384 2037 528 2090 κατά
566 2035 628 2089 τὸ
675 2036 1020 2106 ἀνθρώπινον
1067 2037 1291 2108 δηλαδὴ,
1350 2037 1562 2101 τούτοις
1606 2036 1922 2091 ὲδεὸαιοῢτο
1950 2052 1963 2067 ·

380 2125 464 2190 εἷς
497 2143 558 2181 τε
583 2127 651 2180 τὰ
686 2126 814 2196 ἔθνη
862 2127 1056 2199 φοιτᾷν
1099 2128 1475 2199 προύτρέπετο
1502 2144 1517 2160 ο
1563 2127 1737 2198 μυοῢν
1770 2144 1829 2180 τε
1870 2128 1966 2207 ttat

382 2221 669 2292 βαπτίζειν
697 2222 777 2285 είς
829 2221 1002 2292 ὄνομα
1056 2221 1271 2293 Πατρὸς
1327 2222 1423 2276 καὶ
1475 2220 1607 2274 Υίοῢ
1664 2221 1761 2275 καὶ
1801 2222 1959 2289 ὠτίου

383 2311 699 2381 Πνεύματος
726 2312 854 2374 τοὺς
893 2312 1274 2378 πιστεύοντας,
1303 2309 1402 2375 τὰς
1431 2312 1650 2376 ἐντολάς
1667 2330 1725 2365 τε
1756 2313 1987 2383 φυλάτο.

380 2420 497 2456 τειν
521 2405 763 2469 ἁπάσας,
801 2407 895 2459 καὶ
936 2405 1056 2476 μετ’
1096 2405 1277 2461 αὐτῶν
1314 2405 1615 2475 διατρίϐειν
1663 2406 1842 2469 πάσας
1864 2405 1964 2470 τὰς

381 2497 596 2568 ἡμέρας
617 2498 723 2561 ἕως
764 2497 861 2569 τῆς
892 2497 987 2553 τοῦ
1024 2499 1118 2552 νῦν
1144 2501 1342 2562 αίῶνος
1375 2499 1872 2564 συντελείας.Μετὰ
1898 2499 1963 2563 δὲ

380 2589 540 2644 τοῦτο
566 2590 656 2644 διὰ
678 2590 782 2661 βῆς
809 2591 1083 2660 Βηθανίας
1130 2590 1318 2659 ἐξάγει
1356 2592 1456 2662 μὲν
1505 2592 1705 2656 αὐτοὺς
1759 2592 1855 2645 ἐπὶ
1900 2593 1962 2646 τὸ

380 2682 508 2752 ὅρος
530 2683 643 2739 τῶν
685 2682 916 2736 Ἐλαιῶν
942 2700 957 2716 ο
988 2683 1084 2736 καὶ
1110 2683 1211 2754 τὴν
1255 2684 1591 2753 ἐπαγγελίαν
1618 2684 1960 2755 ὑπισχνεῖται

378 2775 474 2830 τοῦ
513 2775 854 2847 Πνεύματος,
900 2779 959 2851 ὲν
996 2778 1353 2850 Ἰερουσαλὴμ
1374 2780 1573 2851 δηλαδὴ
1605 2781 1959 2851 καθημένοις,

378 2870 484 2932 ἔως
514 2868 574 2923 οὖ
608 2867 707 2943 τὴν
738 2869 946 2926 ἁ.ωθεν
978 2872 1277 2925 πανοπλίαν
1326 2873 1677 2929 ὲνδύσωνται.
1735 2875 1845 2936 Τάς
1896 2891 1960 2941 γε

385 2962 491 3034 μὴν
527 2961 768 3028 ὲξαισίας
807 2963 1191 3035 ὑπαγορεύσας
1239 2966 1339 3036 τῆς
1393 2966 1699 3038 ἀποστολῆς
1740 2966 1960 3033 ἐντολὰς

378 3056 632 3125 εὐλογίας
656 3074 740 3125 τε,
769 3055 846 3121 ὡς
871 3058 1063 3130 ἐχρῆν,
1105 3059 1289 3123 αὐτοῖς
1308 3060 1610 3130 μεταδοὺς,
1650 3060 1960 3130 βλεπόντων

379 3151 580 3215 αὐτῶν,
612 3152 692 3214 εἰς
721 3150 987 3223 οὐρανοὺς
1021 3151 1377 3222 ἀναφέρεται,
1437 3140 1761 3221 φωτωιδοῦς
1801 3153 1960 3222 νεφέ-

2073 1950 2182 1995 tem
2213 1956 2486 1996 summam
2520 1942 2646 1999 εωιί
2685 1951 2739 1997 ct
2787 1952 2946 2000 terra:
2976 1946 3106 2009 sibi,
3135 1946 3293 2015 juxta
3330 1946 3645 2000 humanita-

2070 2042 2180 2089 tem
2213 2033 2421 2089 scilicet
2467 2033 2567 2103 (l),
2608 2034 2866 2089 traditam
2894 2050 3016 2090 esse
3049 2035 3380 2091 continuat:
3434 2050 3642 2105 eosque

2068 2129 2414 2191 cohortatus,
2454 2127 2731 2197 proﬁcisci
2772 2129 2839 2183 ad
2868 2139 3062 2199 gentes
3096 2145 3288 2185 omnes
3336 2131 3517 2201 jubet,
3557 2146 3646 2184 ar-

2066 2219 2220 2271 canis
2250 2218 2767 2273 sacrisinitiaturos
2794 2236 2807 2272 :
2835 2220 3326 2291 baptizaturosque
3349 2222 3403 2275 in
3434 2237 3642 2276 nomen

2066 2309 2251 2366 Patris
2275 2319 2331 2366 et
2362 2311 2487 2365 Filii
2521 2320 2576 2366 et
2613 2312 2858 2382 Spiritus
2890 2314 3090 2380 sancti,
3119 2315 3435 2377 credentes,
3500 2329 3663 2393 prae—1

2066 2408 2339 2472 Ceptaqne
2392 2412 2712 2459 servaturos
2752 2399 2983 2460 omnia:
3022 2421 3081 2461 se
3128 2421 3350 2476 quoque
3383 2407 3638 2462 futurum

2067 2508 2193 2546 cum
2220 2495 2307 2548 eis
2345 2507 2445 2562 per
2477 2492 2595 2549 dies
2620 2509 2836 2561 omnes,
2869 2496 2937 2550 ad
2967 2498 3506 2552 consummationem
3544 2512 3639 2552 us-

2065 2599 2174 2654 que
2223 2586 2409 2641 δέρουιί
2460 2589 2770 2656 praesentis,
2810 2588 3129 2658 pollicetur.
3171 2589 3369 2645 Postea
3409 2605 3505 2658 per
3541 2590 3641 2645 Be-

2066 2675 2309 2730 thaniam
2338 2666 2435 2732 eos
2466 2678 2522 2732 in
2557 2689 2796 2734 montem
2823 2680 3083 2735 Olearum
3116 2681 3290 2747 ducit,
3320 2690 3376 2736 et
3406 2682 3640 2751 promis-

2063 2767 2275 2821 sionem
2314 2765 2557 2836 Spiritus
2602 2771 2899 2839 promittit,
2938 2774 2993 2827 in
3029 2770 3334 2828 Jerusalem
3373 2774 3640 2831 videlicet

2063 2858 2409 2926 sedentibus,
2445 2863 3032 2933 exspectantibusque,
3070 2865 3226 2933 121
3271 2865 3449 2920 donec
3484 2865 3641 2920 coeli-

2064 2961 2154 3006 tus
2191 2950 2505 3007 divinorum
2538 2955 2721 3010 omnis
2772 2956 2995 3025 generis
3031 2971 3314 3011 armorum
3359 2957 3637 3028 spirituali

2063 3054 2329 3112 apparatu
2390 3043 2831 3100 instruerentur.
2876 3046 2945 3100 Et
2986 3062 3110 3102 cum
3145 3049 3418 3118 praecipua
3476 3066 3636 3103 man-

2065 3135 2194 3191 data
2233 3146 2289 3192 et
2339 3152 2582 3192 munera
2628 3139 2928 3194 [unctionis
2954 3141 3268 3210 apostolicae
3300 3143 3638 3198 concionans

383 3246 485 3315 λης
506 3211 881 3316 περισγούσης
904 3211 1068 3298 αύτόν
1087 3260 1102 3275 ’
1119 3211 1212 3299 »ξαὶ
1238 3211 1478 3299 ἀνελθὼν
1505 3247 1643 3316 μετὰ
1667 3211 1761 3300 τού
1779 3211 1955 3314 προσ-

2062 3228 2431 3297 exposuisset,
2469 3227 3027 3300 benedictionemque
3061 3231 3164 3294 eis,
3202 3244 3303 3300 pro
3352 3244 3420 3285 eo
3469 3243 3636 3300 atque

376 3335 665 3409 λήμματος
680 3337 1007 3402 θεωθέντος,
1022 3338 1277 3393 ἐκάθισεν
1301 3339 1364 3391 ὲκ
1386 3337 1578 3403 δεξιῶν
1596 3338 1690 3392 τοῦ
1719 3339 1954 3410 Πατρός.

380 3431 506 3487 Ἵνα
537 3431 595 3485 δὲ
625 3432 701 3503 μὴ
738 3431 828 3485 διὰ
856 3430 1033 3503 λύπης
1077 3430 1264 3495 αὐτοῖς
1291 3433 1354 3485 τὸ
1384 3434 1622 3503 πρᾶγμα
1678 3432 1906 3503 γένηται
1937 3449 1952 3465 ο

374 3525 571 3594 ὀδύνην
603 3525 713 3596 γὰρ
743 3523 810 3597 ἦν
840 3525 988 3589 εἰκὸς
1031 3525 1292 3596 ἐμϐαλεῖν
1330 3526 1516 3589 αὐτοῖς
1572 3526 1820 3595 ἄπειρον,
1853 3522 1956 3596 τὴν

377 3621 472 3676 τοῦ
505 3620 823 3676 διδασκάλου
875 3620 1175 3691 στέρησινο
1215 3619 1311 3675 καὶ
1349 3619 1543 3672 τούτου
1591 3618 1826 3689 ἐμέλησε
1876 3616 1956 3688 τῷ

381 3711 530 3782 καλῷ
586 3713 844 3783 ποιμένιο
875 3711 1157 3780 ,ἀγγέλους
1205 3711 1317 3782 γὰρ
1364 3711 1577 3772 διττοὺς
1622 3711 1952 3780 ἐπιπέμπει,

378 3804 479 3874 τήν
507 3820 566 3856 τε
598 3803 733 3875 πρὸς
779 3802 1046 3873 οὐρανοὺς
1084 3801 1271 3856 ἄνοδον
1331 3800 1795 3870 ὑπεμφαίνοντας,
1857 3798 1955 3853 καὶ

379 3897 703 3967 θαυμαστῆς
751 3913 898 3959 τινος
949 3895 1046 3949 καὶ
1076 3895 1341 3967 ’ἀρρήτου
1405 3893 1800 3961 ὲμπιπλῶντας
1850 3891 1953 3962 τῆς

377 3987 684 4059 χαρμονῆς,
739 3986 817 4058 τῷ
867 3987 1029 4051 αὖθις
1082 3986 1521 4056 ἐπαγγείλασθαι
1587 3985 1751 4058 ἥκειν
1811 3985 1955 4040 οὕτω

376 4081 569 4135 τοῦτον
597 4080 737 4150 μετὰ
772 4079 1114 4150 περιφανοῦς
1159 4082 1260 4149 τῆς
1308 4077 1717 4149 λαμπρότητος.
1765 4078 1953 4152 Ταύτῃ

377 4191 462 4229 τοι
489 4174 583 4228 καὶ
614 4174 1125 4245 προσκυνήσαντες,
1159 4175 1388 4243 ἄσμενοι
1424 4171 1588 4226 πάλιν
1615 4171 1798 4225 οῐκαδε
1822 4174 1955 4233 ὲπαο

376 4267 597 4340 νῄεσαν,
618 4269 674 4320 ἐν
704 4264 785 4337 τῷ
818 4264 1053 4338 ὑπερῴῳ
1078 4265 1178 4339 τὴν
1212 4264 1307 4319 τοῦ
1348 4262 1709 4337 Παρακλήτου
1737 4264 1956 4335 ὲκδεχόο

381 4377 537 4429 μενοι
574 4358 901 4429 παρουσίαν.
956 4358 1105 4430 Εύχὴ
1138 4357 1194 4412 δὲ
1236 4354 1306 4431 ἦν
1348 4358 1531 4425 αὐτοῖς
1586 4359 1622 4430 ἠ
1680 4357 1952 4427 διατριϐὴ,

376 4454 453 4516 ὡς
483 4451 579 4507 καὶ
608 4454 792 4522 Λουκᾷ
820 4450 899 4520 τῷ
929 4450 1059 4522 θείῳ
1116 4450 1265 4506 δοκεῖ
1289 4466 1305 4481 ’
1351 4450 1444 4505 τὸν
1488 4450 1597 4522 γὰρ
1646 4449 1955 4517 κατάλογον

2058 3319 2314 3385 decebat,
2350 3320 2586 3392 largitus
2613 3330 2785 3386 esset,
2829 3323 3213 3392 spectantibus
3247 3322 3350 3388 eis,
3401 3322 3635 3379 lucidis-

2058 3416 2198 3471 sima
2226 3415 2372 3469 nube
2401 3415 2797 3480 circumdatus,
2833 3414 2887 3469 in
2921 3415 3091 3470 ctelos
3118 3416 3370 3471 sublatus
3397 3425 3481 3471 est
3515 3417 3591 3490 (2)
3616 3456 3637 3485 ,

2059 3520 2270 3565 etcum
2312 3523 2398 3571 ea,
2430 3523 2594 3578 quam
2645 3517 2949 3578 receperat,
2982 3510 3301 3564 accessione
3350 3511 3632 3578 deiﬁcata,

2059 3617 2321 3657 reversus
2370 3600 2439 3653 ad
2492 3601 2743 3655 dextram
2778 3600 2959 3654 Patris
2993 3601 3270 3657 consedit.
3321 3601 3402 3659 Ne
3441 3615 3632 3660 autem

2058 3710 2124 3752 ea
2176 3708 2269 3748 res
2315 3707 2610 3748 maerorem
2642 3693 2723 3747 eis
2754 3701 2970 3747 crearet
3005 3692 3178 3762 (quod
3224 3708 3333 3748 non
3377 3694 3631 3765 iniquum

2057 3795 2232 3853 esset,
2275 3802 2374 3843 eos
2424 3787 2690 3856 magistro
2719 3785 2945 3841 orbatos
2996 3786 3268 3842 immenso
3298 3788 3502 3858 corripi
3534 3789 3635 3845 do-
3712 3834 3715 3837 ,

2056 3882 2223 3953 lore),
2250 3890 2308 3937 et
2341 3880 2449 3946 hoc
2478 3880 2658 3950 ipsum
2688 3878 2899 3950 pastori
2931 3878 3078 3934 bono
3109 3896 3259 3935 curae
3284 3879 3410 3936 fuit.
3445 3882 3632 3952 Ange-
3693 3905 3709 3921 ο

2057 3977 2140 4032 los
2171 3976 2322 4032 enim
2361 3974 2505 4030 duos
2533 3973 2780 4037 demisit,
2813 3973 2908 4042 qui
2945 3973 3186 4028 reditum
3218 3973 3338 4045 ejus
3370 3973 3425 4030 in
3462 3977 3634 4032 eteius

2060 4067 2395 4131 indicarent.
2435 4064 2871 4134 admirandaque
2900 4073 2957 4119 et
2989 4064 3256 4120 ineﬂabili
3290 4080 3387 4121 eos
3410 4067 3634 4137 simple-

2059 4169 2186 4216 rent
2238 4159 2456 4226 laetitia,
2486 4159 2567 4214 sic
2597 4157 2756 4212 illum
2797 4171 2923 4211 cum
2965 4158 3173 4214 illustri
3219 4158 3631 4230 magniﬁcentia

2060 4254 2376 4311 rediturum
2404 4251 2823 4307 annuntiantes.
2852 4248 3045 4319 Itaque
3079 4249 3407 4306 adoratione
3472 4266 3633 4320 pera-

2062 4358 2176 4410 cta,
2207 4347 2449 4403 libentes
2478 4344 2704 4399 domutn
2747 4340 2987 4397 redeunt
3028 4342 3131 4413 (ὅ),
3162 4351 3218 4396 et
3243 4343 3315 4396 'in
3343 4344 3651 4399 caenaculo.

2059 4443 2155 4499 illo
2177 4439 2447 4497 Paracleti
2476 4447 2803 4508 exspectant
2822 4436 3145 4492 adventum.
3173 4436 3424 4496 Precatio
3443 4448 3629 4497 autem

378 4547 488 4599 τῶν
518 4544 718 4599 ἕνδεκα
774 4544 1340 4617 ἀπαριθμησάμενος,
1399 4543 1523 4597 εἶτα
1573 4543 1811 4612 ἐπάγεισ
1841 4542 1951 4598 Kal

2062 4548 2250 4589 eorum
2304 4539 2427 4588 erat
2473 4528 2825 4592 exercitium,
2865 4538 2927 4582 ut
2965 4527 3127 4584 divus
3165 4528 3344 4586 Lucas
3374 4541 3629 4591 testatur.

380 4633 547 4695 οὗτοι
593 4636 818 4702 πάντες
881 4631 1047 4708 ἦσαν
1107 4634 1696 4704 προσκαρτεροῦντες
1735 4636 1955 4704 ὁμοθυ-

377 4728 572 4798 μαδὸν
620 4727 697 4803 τῇ
727 4725 1043 4797 προσευχῇ
1095 4726 1194 4781 καὶ
1221 4724 1298 4794 τῇ
1320 4725 1526 4792 δεήσει
1564 4726 1689 4780 σύν
1715 4724 1956 4794 γυναιξὶ

379 4823 484 4879 καὶ
507 4826 703 4893 Μαρίᾳ
756 4821 832 4892 τῇ
860 4821 1040 4894 μητρί
1078 4821 1186 4877 τοῦ
1257 4820 1477 4890 Ἰησοῦ,
1522 4821 1619 4875 καὶ
1654 4819 1778 4875 σὺν
1829 4819 1956 4887 τοῖς

484 5009 531 5074 1)
558 5009 625 5064 Et
653 5004 1042 5064 exinanitionis
1070 5005 1327 5061 formam.

472 5078 528 5144 ἓ)
576 5094 597 5130 ο
639 5077 713 5135 Ut
744 5093 944 5146 corpus
971 5090 1079 5130 non
1109 5087 1217 5130 tam
1254 5076 1306 5128 in
1333 5076 1588 5146 terrenis,
1621 5074 1714 5146 sed
1749 5074 1810 5146 in;
1838 5091 1955 5133 ρας-

381 5144 634 5211 Ιοειίἰῢυε,
665 5158 721 5203 et
748 5150 803 5201 in
842 5144 1022 5202 Patris
1051 5147 1275 5201 dextera
1308 5145 1621 5202 collocaret.
1641 5166 1661 5197 ι
1700 5144 1955 5203 Ruﬁnus.

389 5238 410 5273 ι
449 5219 574 5274 Haec
591 5218 894 5287 evangelici
914 5220 1242 5271 sacramenti
1268 5225 1324 5269 et
1341 5215 1595 5287 humana:
1612 5217 1727 5285 spei
1753 5217 1956 5273 veritas

383 5299 490 5353 est,
529 5284 822 5345 humanam
857 5296 1107 5340 naturam
1147 5284 1676 5355 corruptibilemque
1708 5300 1953 5351 carnem,

384 5374 485 5428 per
513 5359 677 5429 hujus
719 5357 905 5429 gloria:
931 5355 1478 5429 _demutationem__in
1511 5366 1772 5429 aeternam
1833 5371 1975 5410 esse.

386 5422 829 5483 transformatam
861 5425 1245 5481 substantiam.
1284 5442 1303 5474 ι
1343 5424 1536 5492 (Hilar.
1572 5422 1718 5479 Psat.
1742 5432 1950 5492 cum.)

392 5514 412 5550 ι
450 5497 807 5569 γυιιίευιιίιιιδ
864 5494 1040 5569 Filius
1084 5495 1130 5549 si
1188 5495 1490 5569 quaeritur,
1561 5495 1618 5569 in
1647 5497 1794 5569 sinu
1853 5497 1957 5569 Pa—

389 5568 491 5639 tris
538 5564 854 5639 cv'angelico
908 5564 1105 5635 spiritu
1160 5567 1459 5639 reperitur.
1504 5583 1524 5617 ι
1584 5564 1823 5636 (Ambr.
1878 5565 1954 5620 De

387 5638 595 5694 incarn.
640 5632 793 5692 Dom.
826 5632 967 5690 sacf.
1002 5650 1121 5704 cap.
1156 5632 1269 5701 15.)
1307 5635 1548 5689 «Revera
1591 5632 1847 5702 magnum
1898 5646 1954 5692 ct

389 5708 712 5763 admirabile
740 5716 794 5763 et
825 5716 1050 5774 stupore
1080 5704 1300 5774 plenum
1321 5713 1425 5767 est,
1462 5719 1680 5759 carnem
1709 5713 1951 5760 nostram

388 5791 603 5831 sursum
633 5779 847 5843 sedere,
865 5773 933 5830 et
948 5774 1166 5829 adorari
1197 5774 1266 5844 ab
1300 5774 1505 5843 angelis
1525 5784 1581 5829 et
1610 5773 1951 5844 archangelis

390 5858 447 5902 et
467 5846 747 5905 Cherubin
777 5842 839 5903 et
860 5845 1154 5914 Seraphin.
1203 5842 1316 5914 lloc
1346 5842 1487 5912 sirpe
1523 5847 1578 5898 in
1609 5856 1793 5900 tuente
1822 5842 1952 5899 'me-

2058 4625 2320 4695 catalogo
2343 4636 2582 4690 namque
2612 4619 2868 4674 undecim
2894 4617 3295 4688 discipulorum
3328 4624 3630 4689 recensita,

2058 4718 2329 4785 deinceps
2354 4712 2509 4767 addit
2538 4727 2554 4765 :
2588 4708 2657 4763 Et
2688 4724 2867 4769 attines
2892 4707 2979 4763 isti
3009 4709 3283 4765 unanimes
3327 4721 3632 4769 constanter

2056 4808 2291 4864 orationi
2318 4814 2367 4860 et
2407 4803 2703 4873 precationi
2738 4800 3133 4866 incumbebant,
3163 4818 3270 4857 una
3293 4819 3413 4858 cum
3441 4806 3628 4861 multe-

2055 5012 2181 5052 cum
2204 5006 2455 5056 versans,
2477 5001 2759 5058 excessum
2785 4983 2988 5055 patior,
3009 4993 3068 5058 ct
3094 4986 3303 5058 majora
3339 4988 3405 5043 de
3425 5004 3631 5058 genere

2056 5069 2299 5122 humano
2348 5062 2648 5131 imaginor.
2690 5056 2893 5127 Majora
2928 5056 3131 5125 quippe
3162 5056 3327 5113 video
3378 5056 3449 5112 eti
3482 5062 3627 5117 clara

2055 5136 2305 5198 exordia,
2332 5130 2559 5186 multam
2590 5130 2701 5183 Deo
2732 5136 3011 5194 satagente
3040 5142 3137 5195 pro
3162 5140 3358 5182 natura
3378 5141 3625 5185 nostra.»

2056 5208 2523 5280 (Chrysostomus,
2546 5198 2705 5254 Hebr.
2726 5198 2817 5280 ιι.)
3314 5268 3349 5280 η

2128 5270 2310 5349 (ὖῖυι
2360 5272 2584 5349 quidem
2640 5271 2957 5349 conjectura
3003 5270 3282 5349 colligere
3312 5270 3631 5349 Ιίςριθιροει

2056 5338 2785 5410 ἀίέἐάυυςᾜίετοδοιγηιιι
2847 5356 2976 5400 sunt
3027 5338 3234 5410 reversi
3268 5339 3323 5391 in
3363 5338 3626 5410 sabbato.

2059 5414 2414 5489 llnjus_euim
2467 5414 2635 5489 gratia
2653 5408 2740 5489 ’ζει
2772 5412 2997 5470 Sabbati
3036 5408 3313 5489 habebant
3361 5409 3525 5470 viam,
3567 5419 3628 5463 ut

2055 5480 2216 5543 dtv'us
2246 5485 2424 5539 Lucas
2458 5481 2616 5537 dixit.
2649 5481 2747 5536 Est
2772 5495 2956 5539 autem
3017 5480 3243 5536 Sabbati
3285 5480 3394 5532 iter
3432 5493 3630 5548 passus

2055 5559 2140 5614 bis
2172 5557 2343 5620 mille,
2377 5563 2646 5624 quantum
2690 5553 2947 5609 videlicet
2997 5560 3178 5624 castra
3210 5567 3238 5601 a
3259 5549 3630 5624 tabernaculo

2058 5619 2360 5698 testimonii
2396 5619 2677 5698 'abe_raut;
2731 5622 3193 5698 quemadmodum
3240 5619 3466 5698 divinus
3496 5634 3630 5698 con-

2055 5698 2237 5753 Stituit
2272 5696 2466 5750 Muses.
2500 5693 2698 5748 Sancta
2740 5688 2904 5761 porro
2946 5701 3002 5749 et
3035 5691 3223 5746 divina
3254 5689 3505 5744 ascensio
3538 5688 3632 5743 die

2057 5771 2248 5838 quima
2275 5777 2360 5821 est
2386 5769 2548 5821 facta.
2583 5763 2858 5834 (Mceph.)
