  <div class='ocr_page' id='page_1' title='image "/cluster/home/n/w/nwhite01/storage/ocr_20150623/145:no.1/coo.31924054870500/380.png"; bbox 0 0 4032 6406; ppageno 0'>
   <div class='ocr_carea' id='block_1_1' title="bbox 387 427 496 491">
    <p class='ocr_par' dir='ltr' id='par_1_1' title="bbox 387 427 496 491">
     <span class='ocr_line' id='line_1_1' title="bbox 387 427 496 491; baseline -0.009 -1"><span class='ocrx_word' id='word_1_1' title='bbox 387 427 496 491; x_wconf 68' lang='grc'><strong>745</strong></span> 
     </span>
    </p>
   </div>
   <div class='ocr_carea' id='block_1_2' title="bbox 1358 432 2672 502">
    <p class='ocr_par' dir='ltr' id='par_1_2' title="bbox 1358 432 2672 502">
     <span class='ocr_line' id='line_1_2' title="bbox 1358 432 2672 502; baseline 0.004 -10"><span class='ocrx_word' id='word_1_2' title='bbox 1358 432 1962 493; x_wconf 71' lang='lat' dir='ltr'><strong>ECCLESIASTIC.E</strong></span> <span class='ocrx_word' id='word_1_3' title='bbox 2006 432 2396 495; x_wconf 63' lang='lat' dir='ltr'><strong>HISTORIA!</strong></span> <span class='ocrx_word' id='word_1_4' title='bbox 2436 436 2575 502; x_wconf 81' lang='lat' dir='ltr'><strong>LIB.</strong></span> <span class='ocrx_word' id='word_1_5' title='bbox 2624 436 2672 497; x_wconf 94' lang='grc' dir='ltr'><strong>Ι.</strong></span> 
     </span>
    </p>
   </div>
   <div class='ocr_carea' id='block_1_3' title="bbox 3482 435 3637 497">
    <p class='ocr_par' dir='ltr' id='par_1_3' title="bbox 3482 435 3637 497">
     <span class='ocr_line' id='line_1_3' title="bbox 3482 435 3637 497; baseline 0.006 -1"><span class='ocrx_word' id='word_1_6' title='bbox 3482 463 3496 477; x_wconf 76' lang='grc' dir='ltr'><em>ο</em></span> <span class='ocrx_word' id='word_1_7' title='bbox 3535 435 3637 497; x_wconf 73' lang='grc'><strong>746</strong></span> 
     </span>
    </p>
   </div>
   <div class='ocr_carea' id='block_1_4' title="bbox 386 548 3635 624">
    <p class='ocr_par' dir='ltr' id='par_1_4' title="bbox 386 548 3635 624">
     <span class='ocr_line' id='line_1_4' title="bbox 386 548 3635 624; baseline 0.001 -18"><span class='ocrx_word' id='word_1_8' title='bbox 386 548 778 620; x_wconf 61' lang='lat' dir='ltr'><strong>superi-mleste</strong></span> <span class='ocrx_word' id='word_1_9' title='bbox 850 550 1106 619; x_wconf 88' lang='lat' dir='ltr'><strong>nullaque</strong></span> <span class='ocrx_word' id='word_1_10' title='bbox 1160 566 1323 605; x_wconf 88' lang='lat' dir='ltr'><strong>manu</strong></span> <span class='ocrx_word' id='word_1_11' title='bbox 1379 552 1625 617; x_wconf 79' lang='lat' dir='ltr'><strong>factum,</strong></span> <span class='ocrx_word' id='word_1_12' title='bbox 1687 566 1901 606; x_wconf 89' lang='lat' dir='ltr'><strong>necnon</strong></span> <span class='ocrx_word' id='word_1_13' title='bbox 1976 551 2224 605; x_wconf 90' lang='lat' dir='ltr'><strong>omnium</strong></span> <span class='ocrx_word' id='word_1_14' title='bbox 2297 568 2580 610; x_wconf 85' lang='lat' dir='ltr'><strong>sacrorum</strong></span> <span class='ocrx_word' id='word_1_15' title='bbox 2633 554 3062 611; x_wconf 77' lang='lat' dir='ltr'><strong>sacratissimum</strong></span> <span class='ocrx_word' id='word_1_16' title='bbox 3125 553 3297 624; x_wconf 80' lang='lat' dir='ltr'><strong>ipsius</strong></span> <span class='ocrx_word' id='word_1_17' title='bbox 3374 554 3635 611; x_wconf 77' lang='lat' dir='ltr'><strong>Sanctum</strong></span> 
     </span>
    </p>
   </div>
   <div class='ocr_carea' id='block_1_5' title="bbox 386 642 2293 715">
    <p class='ocr_par' dir='ltr' id='par_1_5' title="bbox 386 642 2293 715">
     <span class='ocr_line' id='line_1_5' title="bbox 386 642 2293 715; baseline 0.001 -17"><span class='ocrx_word' id='word_1_18' title='bbox 386 652 701 698; x_wconf 88' lang='lat' dir='ltr'><strong>sanctorum</strong></span> <span class='ocrx_word' id='word_1_19' title='bbox 773 642 1063 709; x_wconf 73' lang='lat' dir='ltr'><strong>splendide</strong></span> <span class='ocrx_word' id='word_1_20' title='bbox 1121 659 1187 698; x_wconf 91' lang='lat' dir='ltr'><strong>ac</strong></span> <span class='ocrx_word' id='word_1_21' title='bbox 1250 644 1540 715; x_wconf 77' lang='lat' dir='ltr'><strong>magniﬁce</strong></span> <span class='ocrx_word' id='word_1_22' title='bbox 1608 643 1955 699; x_wconf 89' lang='lat' dir='ltr'><strong>contendens</strong></span> <span class='ocrx_word' id='word_1_23' title='bbox 2001 642 2293 713; x_wconf 76' lang='lat' dir='ltr'><strong>recipitur.</strong></span> 
     </span>
    </p>
   </div>
   <div class='ocr_carea' id='block_1_6' title="bbox 954 760 1388 816">
    <p class='ocr_par' dir='ltr' id='par_1_6' title="bbox 954 760 1388 816">
     <span class='ocr_line' id='line_1_6' title="bbox 954 760 1388 816; baseline 0.009 -4"><span class='ocrx_word' id='word_1_24' title='bbox 954 760 1207 816; x_wconf 78' lang='grc' dir='ltr'>ΚΕΦΔΛ.</span> <span class='ocrx_word' id='word_1_25' title='bbox 1256 763 1388 816; x_wconf 82' lang='lat' dir='ltr'><strong>AH&#39;.</strong></span> 
     </span>
    </p>
   </div>
   <div class='ocr_carea' id='block_1_7' title="bbox 386 872 1956 943">
    <p class='ocr_par' dir='ltr' id='par_1_7' title="bbox 386 872 1956 943">
     <span class='ocr_line' id='line_1_7' title="bbox 386 872 1956 943; baseline -0.013 0"><span class='ocrx_word' id='word_1_26' title='bbox 386 876 545 940; x_wconf 71' lang='grc' dir='ltr'><strong>Ποίφ</strong></span> <span class='ocrx_word' id='word_1_27' title='bbox 582 876 742 943; x_wconf 76' lang='grc' dir='ltr'>λόγῳ</span> <span class='ocrx_word' id='word_1_28' title='bbox 788 874 1179 941; x_wconf 78' lang='grc' dir='ltr'>πεντηκοστῇ</span> <span class='ocrx_word' id='word_1_29' title='bbox 1219 873 1338 943; x_wconf 76' lang='grc' dir='ltr'><strong>μὲν</strong></span> <span class='ocrx_word' id='word_1_30' title='bbox 1386 874 1538 942; x_wconf 77' lang='grc' dir='ltr'>μετὰ</span> <span class='ocrx_word' id='word_1_31' title='bbox 1566 872 1956 943; x_wconf 64' lang='grc' dir='ltr'>Ἀνάστασιν,</span> 
     </span>
    </p>
   </div>
   <div class='ocr_carea' id='block_1_8' title="bbox 455 942 1962 1012">
    <p class='ocr_par' dir='ltr' id='par_1_8' title="bbox 455 942 1962 1012">
     <span class='ocr_line' id='line_1_8' title="bbox 455 942 1962 1012; baseline -0.002 -14"><span class='ocrx_word' id='word_1_32' title='bbox 455 945 679 1012; x_wconf 78' lang='grc' dir='ltr'>δεκάτῃ</span> <span class='ocrx_word' id='word_1_33' title='bbox 704 943 772 996; x_wconf 80' lang='grc' dir='ltr'>δὲ</span> <span class='ocrx_word' id='word_1_34' title='bbox 802 944 948 1010; x_wconf 79' lang='grc' dir='ltr'>μετὰ</span> <span class='ocrx_word' id='word_1_35' title='bbox 976 943 1092 1009; x_wconf 80' lang='grc' dir='ltr'><strong>τὴν</strong></span> <span class='ocrx_word' id='word_1_36' title='bbox 1128 943 1186 997; x_wconf 84' lang='grc' dir='ltr'><em>Ἀ</em></span> <span class='ocrx_word' id='word_1_37' title='bbox 1196 944 1480 1011; x_wconf 67' lang='grc' dir='ltr'><strong>νάληψινί</strong></span> <span class='ocrx_word' id='word_1_38' title='bbox 1500 943 1689 1011; x_wconf 73' lang='grc' dir='ltr'>ἡμέρᾳ</span> <span class='ocrx_word' id='word_1_39' title='bbox 1714 945 1746 1012; x_wconf 83' lang='lat' dir='ltr'><strong>d</strong></span> <span class='ocrx_word' id='word_1_40' title='bbox 1769 942 1962 1012; x_wconf 77' lang='grc' dir='ltr'>Παρά-</span> 
     </span>
    </p>
   </div>
   <div class='ocr_carea' id='block_1_9' title="bbox 457 1010 1962 1083">
    <p class='ocr_par' dir='ltr' id='par_1_9' title="bbox 457 1010 1962 1083">
     <span class='ocr_line' id='line_1_9' title="bbox 457 1010 1962 1083; baseline -0.002 -15"><span class='ocrx_word' id='word_1_41' title='bbox 457 1010 683 1079; x_wconf 54' lang='lat' dir='ltr'><strong>ximat}</strong></span> <span class='ocrx_word' id='word_1_42' title='bbox 722 1014 790 1066; x_wconf 82' lang='grc' dir='ltr'>τὸ</span> <span class='ocrx_word' id='word_1_43' title='bbox 836 1014 1000 1066; x_wconf 80' lang='grc' dir='ltr'>θεῖον</span> <span class='ocrx_word' id='word_1_44' title='bbox 1031 1013 1282 1083; x_wconf 81' lang='grc' dir='ltr'><strong>Πνεῦμα</strong></span> <span class='ocrx_word' id='word_1_45' title='bbox 1326 1010 1635 1080; x_wconf 65' lang='grc' dir='ltr'><strong>οὖσιωὸὥζ·</strong></span> <span class='ocrx_word' id='word_1_46' title='bbox 1661 1011 1786 1078; x_wconf 83' lang='grc' dir='ltr'>τοῖς</span> <span class='ocrx_word' id='word_1_47' title='bbox 1815 1010 1962 1066; x_wconf 79' lang='grc' dir='ltr'>ἀπο-</span> 
     </span>
    </p>
   </div>
   <div class='ocr_carea' id='block_1_10' title="bbox 455 1083 1035 1151">
    <p class='ocr_par' dir='ltr' id='par_1_10' title="bbox 455 1083 1035 1151">
     <span class='ocr_line' id='line_1_10' title="bbox 455 1083 1035 1151; baseline 0.002 -15"><span class='ocrx_word' id='word_1_48' title='bbox 455 1084 706 1146; x_wconf 82' lang='grc' dir='ltr'><strong>στόλοις</strong></span> <span class='ocrx_word' id='word_1_49' title='bbox 738 1083 1035 1151; x_wconf 76' lang='grc' dir='ltr'><strong>ἐπιδημεῖ.</strong></span> 
     </span>
    </p>
   </div>
   <div class='ocr_carea' id='block_1_11' title="bbox 459 1195 1958 1277">
    <p class='ocr_par' dir='ltr' id='par_1_11' title="bbox 459 1195 1958 1277">
     <span class='ocr_line' id='line_1_11' title="bbox 459 1195 1958 1277; baseline 0 -28"><span class='ocrx_word' id='word_1_50' title='bbox 459 1197 575 1265; x_wconf 87' lang='grc' dir='ltr'><strong>Τήν</strong></span> <span class='ocrx_word' id='word_1_51' title='bbox 627 1212 691 1262; x_wconf 89' lang='grc' dir='ltr'><strong>γε</strong></span> <span class='ocrx_word' id='word_1_52' title='bbox 746 1196 854 1266; x_wconf 85' lang='grc' dir='ltr'>μὴν</span> <span class='ocrx_word' id='word_1_53' title='bbox 890 1195 1267 1266; x_wconf 77' lang='grc' dir='ltr'>πεντηκοστὴν</span> <span class='ocrx_word' id='word_1_54' title='bbox 1310 1197 1591 1277; x_wconf 57' lang='grc' dir='ltr'>εῇρίσκω,</span> <span class='ocrx_word' id='word_1_55' title='bbox 1624 1196 1724 1268; x_wconf 81' lang='grc' dir='ltr'><strong>οὐχ</strong></span> <span class='ocrx_word' id='word_1_56' title='bbox 1763 1197 1958 1268; x_wconf 82' lang='grc' dir='ltr'><strong>ὅτιπερ</strong></span> 
     </span>
    </p>
   </div>
   <div class='ocr_carea' id='block_1_12' title="bbox 388 1287 1959 1360">
    <p class='ocr_par' dir='ltr' id='par_1_12' title="bbox 388 1287 1959 1360">
     <span class='ocr_line' id='line_1_12' title="bbox 388 1287 1959 1360; baseline 0.002 -20"><span class='ocrx_word' id='word_1_57' title='bbox 388 1289 511 1360; x_wconf 74' lang='grc' dir='ltr'>ιερὰ</span> <span class='ocrx_word' id='word_1_58' title='bbox 551 1288 646 1341; x_wconf 77' lang='grc' dir='ltr'>καὶ</span> <span class='ocrx_word' id='word_1_59' title='bbox 688 1287 748 1352; x_wconf 81' lang='grc' dir='ltr'>ἐξ</span> <span class='ocrx_word' id='word_1_60' title='bbox 802 1289 953 1357; x_wconf 77' lang='grc' dir='ltr'>ἱερᾶς</span> <span class='ocrx_word' id='word_1_61' title='bbox 1003 1288 1162 1359; x_wconf 76' lang='grc' dir='ltr'>ῥίζης</span> <span class='ocrx_word' id='word_1_62' title='bbox 1193 1289 1303 1358; x_wconf 76' lang='grc' dir='ltr'>ἔχει</span> <span class='ocrx_word' id='word_1_63' title='bbox 1343 1289 1443 1360; x_wconf 81' lang='grc' dir='ltr'>τὴν</span> <span class='ocrx_word' id='word_1_64' title='bbox 1473 1289 1710 1357; x_wconf 85' lang='grc' dir='ltr'>γένεσιν,</span> <span class='ocrx_word' id='word_1_65' title='bbox 1739 1289 1959 1358; x_wconf 81' lang='grc' dir='ltr'>ἐκείνης</span> 
     </span>
    </p>
   </div>
   <div class='ocr_carea' id='block_1_13' title="bbox 383 1377 1960 1450">
    <p class='ocr_par' dir='ltr' id='par_1_13' title="bbox 383 1377 1960 1450">
     <span class='ocr_line' id='line_1_13' title="bbox 383 1377 1960 1450; baseline -0.001 -17"><span class='ocrx_word' id='word_1_66' title='bbox 383 1379 484 1449; x_wconf 81' lang='grc' dir='ltr'>τῆς</span> <span class='ocrx_word' id='word_1_67' title='bbox 527 1378 758 1448; x_wconf 84' lang='grc' dir='ltr'>ἡμέρας,</span> <span class='ocrx_word' id='word_1_68' title='bbox 795 1379 852 1431; x_wconf 86' lang='grc' dir='ltr'><strong>ἐν</strong></span> <span class='ocrx_word' id='word_1_69' title='bbox 875 1377 952 1448; x_wconf 86' lang='grc' dir='ltr'>τῷ</span> <span class='ocrx_word' id='word_1_70' title='bbox 974 1379 1111 1449; x_wconf 83' lang='grc' dir='ltr'>πρὸς</span> <span class='ocrx_word' id='word_1_71' title='bbox 1152 1379 1323 1450; x_wconf 77' lang='grc' dir='ltr'>αὐτὴν</span> <span class='ocrx_word' id='word_1_72' title='bbox 1365 1380 1796 1434; x_wconf 84' lang='grc' dir='ltr'>ἁνακυκλεῖσθαι</span> <span class='ocrx_word' id='word_1_73' title='bbox 1828 1379 1960 1434; x_wconf 87' lang='grc' dir='ltr'>ταύ-</span> 
     </span>
    </p>
   </div>
   <div class='ocr_carea' id='block_1_14' title="bbox 382 1464 1951 1542">
    <p class='ocr_par' dir='ltr' id='par_1_14' title="bbox 382 1464 1951 1542">
     <span class='ocr_line' id='line_1_14' title="bbox 382 1464 1951 1542; baseline 0 -19"><span class='ocrx_word' id='word_1_74' title='bbox 382 1486 485 1540; x_wconf 86' lang='grc' dir='ltr'><strong>την</strong></span> <span class='ocrx_word' id='word_1_75' title='bbox 532 1468 833 1537; x_wconf 85' lang='grc' dir='ltr'><strong>γεννώσης,</strong></span> <span class='ocrx_word' id='word_1_76' title='bbox 892 1464 1062 1541; x_wconf 81' lang='grc' dir='ltr'><strong>ᾖάπὸ</strong></span> <span class='ocrx_word' id='word_1_77' title='bbox 1116 1469 1336 1522; x_wconf 83' lang='grc' dir='ltr'>πάντων</span> <span class='ocrx_word' id='word_1_78' title='bbox 1390 1470 1737 1525; x_wconf 74' lang='grc' dir='ltr'><strong>ἀνεπαύσατο</strong></span> <span class='ocrx_word' id='word_1_79' title='bbox 1770 1472 1798 1524; x_wconf 89' lang='grc' dir='ltr'><strong>ό</strong></span> <span class='ocrx_word' id='word_1_80' title='bbox 1834 1473 1951 1542; x_wconf 89' lang='grc' dir='ltr'><strong>Δη-</strong></span> 
     </span>
    </p>
   </div>
   <div class='ocr_carea' id='block_1_15' title="bbox 385 1559 1953 1634">
    <p class='ocr_par' dir='ltr' id='par_1_15' title="bbox 385 1559 1953 1634">
     <span class='ocr_line' id='line_1_15' title="bbox 385 1559 1953 1634; baseline 0.003 -22"><span class='ocrx_word' id='word_1_81' title='bbox 385 1561 649 1630; x_wconf 84' lang='grc' dir='ltr'>μιουργδς</span> <span class='ocrx_word' id='word_1_82' title='bbox 683 1561 963 1631; x_wconf 78' lang='grc' dir='ltr'><strong>ὁποτέρων</strong></span> <span class='ocrx_word' id='word_1_83' title='bbox 990 1559 1172 1630; x_wconf 84' lang='grc' dir='ltr'>βούλει</span> <span class='ocrx_word' id='word_1_84' title='bbox 1200 1562 1309 1615; x_wconf 87' lang='grc' dir='ltr'><strong>τῶν</strong></span> <span class='ocrx_word' id='word_1_85' title='bbox 1335 1560 1535 1632; x_wconf 76' lang='grc' dir='ltr'>ἔργων,</span> <span class='ocrx_word' id='word_1_86' title='bbox 1568 1563 1676 1617; x_wconf 85' lang='grc' dir='ltr'><strong>τῶν</strong></span> <span class='ocrx_word' id='word_1_87' title='bbox 1707 1563 1809 1634; x_wconf 79' lang='grc' dir='ltr'>τῆς</span> <span class='ocrx_word' id='word_1_88' title='bbox 1833 1565 1953 1617; x_wconf 77' lang='grc' dir='ltr'>ἑπι-</span> 
     </span>
    </p>
   </div>
   <div class='ocr_carea' id='block_1_16' title="bbox 378 1651 1954 1723">
    <p class='ocr_par' dir='ltr' id='par_1_16' title="bbox 378 1651 1954 1723">
     <span class='ocr_line' id='line_1_16' title="bbox 378 1651 1954 1723; baseline 0.004 -18"><span class='ocrx_word' id='word_1_89' title='bbox 378 1653 617 1723; x_wconf 88' lang='grc' dir='ltr'>δημίας,</span> <span class='ocrx_word' id='word_1_90' title='bbox 667 1651 699 1720; x_wconf 83' lang='grc' dir='ltr'>ἢ</span> <span class='ocrx_word' id='word_1_91' title='bbox 755 1652 852 1720; x_wconf 80' lang='grc' dir='ltr'>τῆς</span> <span class='ocrx_word' id='word_1_92' title='bbox 896 1651 1297 1722; x_wconf 80' lang='grc' dir='ltr'><strong>δημιουργίας·</strong></span> <span class='ocrx_word' id='word_1_93' title='bbox 1351 1653 1467 1706; x_wconf 83' lang='grc' dir='ltr'>ἀλλ’</span> <span class='ocrx_word' id='word_1_94' title='bbox 1497 1655 1580 1707; x_wconf 88' lang='grc' dir='ltr'>ὅτι</span> <span class='ocrx_word' id='word_1_95' title='bbox 1638 1655 1734 1710; x_wconf 56' lang='grc' dir='ltr'><strong>καὶ⁵</strong></span> <span class='ocrx_word' id='word_1_96' title='bbox 1780 1655 1954 1711; x_wconf 84' lang='grc' dir='ltr'>τύπον</span> 
     </span>
    </p>
   </div>
   <div class='ocr_carea' id='block_1_17' title="bbox 380 1746 1956 1819">
    <p class='ocr_par' dir='ltr' id='par_1_17' title="bbox 380 1746 1956 1819">
     <span class='ocr_line' id='line_1_17' title="bbox 380 1746 1956 1819; baseline 0.001 -19"><span class='ocrx_word' id='word_1_97' title='bbox 380 1747 620 1816; x_wconf 79' lang='grc' dir='ltr'>ἐπλήρου</span> <span class='ocrx_word' id='word_1_98' title='bbox 669 1746 770 1817; x_wconf 83' lang='grc' dir='ltr'>τῆς</span> <span class='ocrx_word' id='word_1_99' title='bbox 803 1747 1079 1817; x_wconf 80' lang='grc' dir='ltr'>ἀφεσίμου</span> <span class='ocrx_word' id='word_1_100' title='bbox 1125 1748 1221 1800; x_wconf 78' lang='grc' dir='ltr'><strong>καὶ</strong></span> <span class='ocrx_word' id='word_1_101' title='bbox 1251 1749 1558 1819; x_wconf 82' lang='grc' dir='ltr'>ἀνεσπέρου</span> <span class='ocrx_word' id='word_1_102' title='bbox 1597 1750 1829 1819; x_wconf 84' lang='grc' dir='ltr'>ἡμέρας·</span> <span class='ocrx_word' id='word_1_103' title='bbox 1864 1749 1956 1803; x_wconf 80' lang='grc' dir='ltr'>διὰ</span> 
     </span>
    </p>
   </div>
   <div class='ocr_carea' id='block_1_18' title="bbox 377 1835 1952 1914">
    <p class='ocr_par' dir='ltr' id='par_1_18' title="bbox 377 1835 1952 1914">
     <span class='ocr_line' id='line_1_18' title="bbox 377 1835 1952 1914; baseline 0.003 -21"><span class='ocrx_word' id='word_1_104' title='bbox 377 1840 537 1893; x_wconf 80' lang='grc' dir='ltr'>τοῦτο</span> <span class='ocrx_word' id='word_1_105' title='bbox 562 1841 660 1893; x_wconf 73' lang='grc' dir='ltr'>καὶ</span> <span class='ocrx_word' id='word_1_106' title='bbox 691 1843 821 1910; x_wconf 85' lang='grc' dir='ltr'>παρ’</span> <span class='ocrx_word' id='word_1_107' title='bbox 855 1835 937 1905; x_wconf 78' lang='grc' dir='ltr'>οἷς</span> <span class='ocrx_word' id='word_1_108' title='bbox 962 1841 1024 1894; x_wconf 83' lang='grc' dir='ltr'>τὸ</span> <span class='ocrx_word' id='word_1_109' title='bbox 1061 1842 1294 1896; x_wconf 78' lang='grc' dir='ltr'>παλαιὸν</span> <span class='ocrx_word' id='word_1_110' title='bbox 1321 1843 1666 1897; x_wconf 76' lang='grc' dir='ltr'>ἐπολιτεύετο</span> <span class='ocrx_word' id='word_1_111' title='bbox 1693 1842 1952 1914; x_wconf 85' lang='grc' dir='ltr'>γράμμα,</span> 
     </span>
    </p>
   </div>
   <div class='ocr_carea' id='block_1_19' title="bbox 379 1918 1967 2004">
    <p class='ocr_par' dir='ltr' id='par_1_19' title="bbox 379 1918 1967 2004">
     <span class='ocr_line' id='line_1_19' title="bbox 379 1918 1967 2004; baseline 0.001 -17"><span class='ocrx_word' id='word_1_112' title='bbox 379 1932 570 2004; x_wconf 84' lang='grc' dir='ltr'>ὥσπερ</span> <span class='ocrx_word' id='word_1_113' title='bbox 608 1934 667 1987; x_wconf 89' lang='grc' dir='ltr'><strong>ἐν</strong></span> <span class='ocrx_word' id='word_1_114' title='bbox 697 1934 827 2004; x_wconf 79' lang='grc' dir='ltr'>σκιᾷ</span> <span class='ocrx_word' id='word_1_115' title='bbox 862 1934 1298 2004; x_wconf 82' lang='grc' dir='ltr'>προφαινομένη,</span> <span class='ocrx_word' id='word_1_116' title='bbox 1338 1934 1514 1988; x_wconf 89' lang='grc' dir='ltr'>ἐδίδου</span> <span class='ocrx_word' id='word_1_117' title='bbox 1548 1935 1770 1990; x_wconf 86' lang='grc' dir='ltr'>πάντων</span> <span class='ocrx_word' id='word_1_118' title='bbox 1798 1918 1967 1988; x_wconf 60' lang='grc' dir='ltr'>ἐλευθ</span> 
     </span>
    </p>
   </div>
   <div class='ocr_carea' id='block_1_20' title="bbox 378 2025 1952 2096">
    <p class='ocr_par' dir='ltr' id='par_1_20' title="bbox 378 2025 1952 2096">
     <span class='ocr_line' id='line_1_20' title="bbox 378 2025 1952 2096; baseline 0.001 -18"><span class='ocrx_word' id='word_1_119' title='bbox 378 2025 589 2094; x_wconf 78' lang='grc' dir='ltr'><strong>θερίαν,</strong></span> <span class='ocrx_word' id='word_1_120' title='bbox 619 2026 709 2078; x_wconf 76' lang='grc' dir='ltr'>ἐπὶ</span> <span class='ocrx_word' id='word_1_121' title='bbox 734 2025 893 2079; x_wconf 82' lang='grc' dir='ltr'>τοῦτο</span> <span class='ocrx_word' id='word_1_122' title='bbox 918 2025 1159 2096; x_wconf 81' lang='grc' dir='ltr'>ἀριθμοῦ</span> <span class='ocrx_word' id='word_1_123' title='bbox 1188 2026 1284 2079; x_wconf 82' lang='grc' dir='ltr'>τοῦ</span> <span class='ocrx_word' id='word_1_124' title='bbox 1315 2027 1425 2080; x_wconf 86' lang='grc' dir='ltr'><strong>τῶν</strong></span> <span class='ocrx_word' id='word_1_125' title='bbox 1450 2027 1717 2082; x_wconf 76' lang='grc' dir='ltr'>ἐνιαυτῶν</span> <span class='ocrx_word' id='word_1_126' title='bbox 1748 2027 1952 2081; x_wconf 84' lang='grc' dir='ltr'>κύκλου</span> 
     </span>
    </p>
   </div>
   <div class='ocr_carea' id='block_1_21' title="bbox 1985 757 2038 818">
    <p class='ocr_par' dir='ltr' id='par_1_21' title="bbox 1985 757 2038 818">
     <span class='ocr_line' id='line_1_21' title="bbox 1985 757 2038 818; baseline 0 0"><span class='ocrx_word' id='word_1_127' title='bbox 1985 757 2038 818; x_wconf 82' lang='grc' dir='ltr'><strong>Λ</strong></span> 
     </span>
    </p>
   </div>
   <div class='ocr_carea' id='block_1_22' title="bbox 2451 762 3198 833">
    <p class='ocr_par' dir='ltr' id='par_1_22' title="bbox 2451 762 3198 833">
     <span class='ocr_line' id='line_1_22' title="bbox 2451 762 3198 833; baseline -0.005 -10"><span class='ocrx_word' id='word_1_128' title='bbox 2451 763 2608 833; x_wconf 79' lang='grc'><strong>123</strong></span> <span class='ocrx_word' id='word_1_129' title='bbox 2647 762 2873 819; x_wconf 78' lang='lat' dir='ltr'><strong>CAPUT</strong></span> <span class='ocrx_word' id='word_1_130' title='bbox 2912 762 3198 819; x_wconf 77' lang='lat' dir='ltr'><strong>XXXVIII.</strong></span> 
     </span>
    </p>
   </div>
   <div class='ocr_carea' id='block_1_23' title="bbox 2070 870 3640 947">
    <p class='ocr_par' dir='ltr' id='par_1_23' title="bbox 2070 870 3640 947">
     <span class='ocr_line' id='line_1_23' title="bbox 2070 870 3640 947; baseline 0.003 -22"><span class='ocrx_word' id='word_1_131' title='bbox 2070 870 2230 947; x_wconf 68' lang='lat' dir='ltr'><strong>Quali</strong></span> <span class='ocrx_word' id='word_1_132' title='bbox 2257 874 2926 947; x_wconf 10' lang='lat' dir='ltr'><strong>rationerquinquagesima</strong></span> <span class='ocrx_word' id='word_1_133' title='bbox 2959 878 3167 945; x_wconf 82' lang='lat' dir='ltr'><strong>quidem</strong></span> <span class='ocrx_word' id='word_1_134' title='bbox 3210 886 3325 947; x_wconf 78' lang='lat' dir='ltr'><strong>post</strong></span> <span class='ocrx_word' id='word_1_135' title='bbox 3359 878 3640 932; x_wconf 73' lang='lat' dir='ltr'><strong>Resurrcc—</strong></span> 
     </span>
    </p>
   </div>
   <div class='ocr_carea' id='block_1_24' title="bbox 2136 944 3643 1012">
    <p class='ocr_par' dir='ltr' id='par_1_24' title="bbox 2136 944 3643 1012">
     <span class='ocr_line' id='line_1_24' title="bbox 2136 944 3643 1012; baseline 0.003 -15"><span class='ocrx_word' id='word_1_136' title='bbox 2136 944 2351 1012; x_wconf 84' lang='lat' dir='ltr'><strong>tionem,</strong></span> <span class='ocrx_word' id='word_1_137' title='bbox 2371 944 2572 1000; x_wconf 78' lang='lat' dir='ltr'><strong>decima</strong></span> <span class='ocrx_word' id='word_1_138' title='bbox 2606 944 2781 1000; x_wconf 64' lang='lat' dir='ltr'><strong>autem</strong></span> <span class='ocrx_word' id='word_1_139' title='bbox 2810 944 3309 1012; x_wconf 76' lang='lat' dir='ltr'><strong>postAscensionem</strong></span> <span class='ocrx_word' id='word_1_140' title='bbox 3335 949 3437 1010; x_wconf 86' lang='lat' dir='ltr'><strong>die,</strong></span> <span class='ocrx_word' id='word_1_141' title='bbox 3472 948 3643 1003; x_wconf 76' lang='lat' dir='ltr'><strong>Para-</strong></span> 
     </span>
    </p>
   </div>
   <div class='ocr_carea' id='block_1_25' title="bbox 2137 1011 3641 1089">
    <p class='ocr_par' dir='ltr' id='par_1_25' title="bbox 2137 1011 3641 1089">
     <span class='ocr_line' id='line_1_25' title="bbox 2137 1011 3641 1089; baseline 0.004 -25"><span class='ocrx_word' id='word_1_142' title='bbox 2137 1011 2556 1089; x_wconf 80' lang='lat' dir='ltr'><strong>cletus,_divinus</strong></span> <span class='ocrx_word' id='word_1_143' title='bbox 2584 1011 2819 1089; x_wconf 73' lang='lat' dir='ltr'><strong>uidelicet</strong></span> <span class='ocrx_word' id='word_1_144' title='bbox 2846 1014 3101 1089; x_wconf 76' lang='lat' dir='ltr'><strong>Spiritus,</strong></span> <span class='ocrx_word' id='word_1_145' title='bbox 3127 1020 3549 1072; x_wconf 76' lang='lat' dir='ltr'><strong>substantialiter</strong></span> <span class='ocrx_word' id='word_1_146' title='bbox 3572 1018 3641 1070; x_wconf 80' lang='lat' dir='ltr'><strong>ad</strong></span> 
     </span>
    </p>
   </div>
   <div class='ocr_carea' id='block_1_26' title="bbox 2139 1082 3579 1151">
    <p class='ocr_par' dir='ltr' id='par_1_26' title="bbox 2139 1082 3579 1151">
     <span class='ocr_line' id='line_1_26' title="bbox 2139 1082 3579 1151; baseline 0.003 -15"><span class='ocrx_word' id='word_1_147' title='bbox 2139 1082 2404 1151; x_wconf 75' lang='lat' dir='ltr'><strong>apostolos</strong></span> <span class='ocrx_word' id='word_1_148' title='bbox 2432 1086 2652 1140; x_wconf 83' lang='lat' dir='ltr'><strong>venerit.</strong></span> <span class='ocrx_word' id='word_1_149' title='bbox 2887 1082 2897 1089; x_wconf 85' lang='grc'><em>’</em></span> <span class='ocrx_word' id='word_1_150' title='bbox 3089 1082 3095 1084; x_wconf 44' lang='grc'>⁷</span> <span class='ocrx_word' id='word_1_151' title='bbox 3320 1098 3323 1101; x_wconf 85' lang='grc'><em>’</em></span> <span class='ocrx_word' id='word_1_152' title='bbox 3572 1092 3579 1099; x_wconf 81' lang='grc'><em>“</em></span> 
     </span>
    </p>
   </div>
   <div class='ocr_carea' id='block_1_27' title="bbox 2134 1192 3638 1266">
    <p class='ocr_par' dir='ltr' id='par_1_27' title="bbox 2134 1192 3638 1266">
     <span class='ocr_line' id='line_1_27' title="bbox 2134 1192 3638 1266; baseline 0 -17"><span class='ocrx_word' id='word_1_153' title='bbox 2134 1192 2408 1249; x_wconf 65' lang='grc' dir='ltr'>(Σωιετυω</span> <span class='ocrx_word' id='word_1_154' title='bbox 2457 1194 2971 1266; x_wconf 73' lang='lat' dir='ltr'><strong>quinquagesimam</strong></span> <span class='ocrx_word' id='word_1_155' title='bbox 3022 1196 3165 1251; x_wconf 87' lang='lat' dir='ltr'><strong>diem</strong></span> <span class='ocrx_word' id='word_1_156' title='bbox 3222 1197 3477 1265; x_wconf 87' lang='lat' dir='ltr'><strong>reperio,</strong></span> <span class='ocrx_word' id='word_1_157' title='bbox 3529 1212 3638 1250; x_wconf 92' lang='lat' dir='ltr'><strong>non</strong></span> 
     </span>
    </p>
   </div>
   <div class='ocr_carea' id='block_1_28' title="bbox 2066 1285 3640 1358">
    <p class='ocr_par' dir='ltr' id='par_1_28' title="bbox 2066 1285 3640 1358">
     <span class='ocr_line' id='line_1_28' title="bbox 2066 1285 3640 1358; baseline 0.001 -17"><span class='ocrx_word' id='word_1_158' title='bbox 2066 1285 2246 1342; x_wconf 87' lang='lat' dir='ltr'><strong>solum</strong></span> <span class='ocrx_word' id='word_1_159' title='bbox 2274 1287 2418 1355; x_wconf 90' lang='lat' dir='ltr'><strong>quod</strong></span> <span class='ocrx_word' id='word_1_160' title='bbox 2446 1289 2564 1358; x_wconf 88' lang='lat' dir='ltr'><strong>ipsa</strong></span> <span class='ocrx_word' id='word_1_161' title='bbox 2587 1304 2769 1357; x_wconf 89' lang='lat' dir='ltr'><strong>sacra,</strong></span> <span class='ocrx_word' id='word_1_162' title='bbox 2792 1306 2821 1344; x_wconf 89' lang='lat' dir='ltr'><strong>e</strong></span> <span class='ocrx_word' id='word_1_163' title='bbox 2845 1290 3031 1345; x_wconf 86' lang='lat' dir='ltr'><strong>radice</strong></span> <span class='ocrx_word' id='word_1_164' title='bbox 3052 1305 3208 1345; x_wconf 90' lang='lat' dir='ltr'><strong>sacra</strong></span> <span class='ocrx_word' id='word_1_165' title='bbox 3236 1302 3421 1345; x_wconf 89' lang='lat' dir='ltr'><strong>ortum</strong></span> <span class='ocrx_word' id='word_1_166' title='bbox 3453 1289 3640 1353; x_wconf 86' lang='lat' dir='ltr'><strong>ducat,</strong></span> 
     </span>
    </p>
   </div>
   <div class='ocr_carea' id='block_1_29' title="bbox 2063 1380 3644 1452">
    <p class='ocr_par' dir='ltr' id='par_1_29' title="bbox 2063 1380 3644 1452">
     <span class='ocr_line' id='line_1_29' title="bbox 2063 1380 3644 1452; baseline 0.001 -17"><span class='ocrx_word' id='word_1_167' title='bbox 2063 1393 2133 1435; x_wconf 76' lang='lat' dir='ltr'><strong>ex</strong></span> <span class='ocrx_word' id='word_1_168' title='bbox 2178 1380 2269 1435; x_wconf 90' lang='lat' dir='ltr'><strong>illa</strong></span> <span class='ocrx_word' id='word_1_169' title='bbox 2320 1381 2587 1435; x_wconf 88' lang='lat' dir='ltr'><strong>nimirum</strong></span> <span class='ocrx_word' id='word_1_170' title='bbox 2639 1381 2754 1445; x_wconf 92' lang='lat' dir='ltr'><strong>die,</strong></span> <span class='ocrx_word' id='word_1_171' title='bbox 2794 1398 2890 1437; x_wconf 83' lang='lat' dir='ltr'><strong>sua</strong></span> <span class='ocrx_word' id='word_1_172' title='bbox 2946 1382 3121 1452; x_wconf 89' lang='lat' dir='ltr'><strong>ipsius</strong></span> <span class='ocrx_word' id='word_1_173' title='bbox 3172 1382 3428 1437; x_wconf 85' lang='lat' dir='ltr'><strong>circulari</strong></span> <span class='ocrx_word' id='word_1_174' title='bbox 3474 1383 3527 1437; x_wconf 91' lang='lat' dir='ltr'><strong>in</strong></span> <span class='ocrx_word' id='word_1_175' title='bbox 3581 1397 3644 1436; x_wconf 88' lang='lat' dir='ltr'><strong>se</strong></span> 
     </span>
    </p>
   </div>
   <div class='ocr_carea' id='block_1_30' title="bbox 2064 1472 3643 1545">
    <p class='ocr_par' dir='ltr' id='par_1_30' title="bbox 2064 1472 3643 1545">
     <span class='ocr_line' id='line_1_30' title="bbox 2064 1472 3643 1545; baseline 0.002 -21"><span class='ocrx_word' id='word_1_176' title='bbox 2064 1473 2242 1541; x_wconf 80' lang='lat' dir='ltr'><strong>Ipsam</strong></span> <span class='ocrx_word' id='word_1_177' title='bbox 2278 1472 2623 1528; x_wconf 87' lang='lat' dir='ltr'><strong>revolutione</strong></span> <span class='ocrx_word' id='word_1_178' title='bbox 2653 1488 2968 1545; x_wconf 76' lang='lat' dir='ltr'><strong>emergens,</strong></span> <span class='ocrx_word' id='word_1_179' title='bbox 2996 1490 3103 1544; x_wconf 88' lang='lat' dir='ltr'><strong>qua</strong></span> <span class='ocrx_word' id='word_1_180' title='bbox 3133 1474 3244 1538; x_wconf 92' lang='lat' dir='ltr'><strong>die,</strong></span> <span class='ocrx_word' id='word_1_181' title='bbox 3275 1476 3344 1530; x_wconf 88' lang='lat' dir='ltr'><strong>ab</strong></span> <span class='ocrx_word' id='word_1_182' title='bbox 3382 1473 3643 1528; x_wconf 90' lang='lat' dir='ltr'><strong>omnibus</strong></span> 
     </span>
    </p>
   </div>
   <div class='ocr_carea' id='block_1_31' title="bbox 2064 1565 3642 1637">
    <p class='ocr_par' dir='ltr' id='par_1_31' title="bbox 2064 1565 3642 1637">
     <span class='ocr_line' id='line_1_31' title="bbox 2064 1565 3642 1637; baseline 0.003 -20"><span class='ocrx_word' id='word_1_183' title='bbox 2064 1578 2408 1635; x_wconf 69' lang='lat' dir='ltr'><strong>quaecunque</strong></span> <span class='ocrx_word' id='word_1_184' title='bbox 2463 1565 2727 1621; x_wconf 85' lang='lat' dir='ltr'><strong>voluisset</strong></span> <span class='ocrx_word' id='word_1_185' title='bbox 2772 1566 3077 1635; x_wconf 84' lang='lat' dir='ltr'><strong>cperibus,</strong></span> <span class='ocrx_word' id='word_1_186' title='bbox 3126 1582 3224 1621; x_wconf 84' lang='lat' dir='ltr'><strong>seu</strong></span> <span class='ocrx_word' id='word_1_187' title='bbox 3280 1567 3334 1621; x_wconf 92' lang='lat' dir='ltr'><strong>in</strong></span> <span class='ocrx_word' id='word_1_188' title='bbox 3391 1568 3642 1637; x_wconf 72' lang='lat' dir='ltr'><strong>peregri-</strong></span> 
     </span>
    </p>
   </div>
   <div class='ocr_carea' id='block_1_32' title="bbox 2063 1653 3640 1723">
    <p class='ocr_par' dir='ltr' id='par_1_32' title="bbox 2063 1653 3640 1723">
     <span class='ocr_line' id='line_1_32' title="bbox 2063 1653 3640 1723; baseline 0.004 -16"><span class='ocrx_word' id='word_1_189' title='bbox 2063 1653 2290 1709; x_wconf 85' lang='lat' dir='ltr'><strong>natione</strong></span> <span class='ocrx_word' id='word_1_190' title='bbox 2330 1670 2454 1720; x_wconf 89' lang='lat' dir='ltr'><strong>sua,</strong></span> <span class='ocrx_word' id='word_1_191' title='bbox 2487 1670 2585 1711; x_wconf 90' lang='lat' dir='ltr'><strong>seu</strong></span> <span class='ocrx_word' id='word_1_192' title='bbox 2626 1656 2679 1710; x_wconf 93' lang='lat' dir='ltr'><strong>in</strong></span> <span class='ocrx_word' id='word_1_193' title='bbox 2727 1656 2918 1712; x_wconf 89' lang='lat' dir='ltr'><strong>mundi</strong></span> <span class='ocrx_word' id='word_1_194' title='bbox 2966 1658 3366 1713; x_wconf 88' lang='lat' dir='ltr'><strong>constitutione</strong></span> <span class='ocrx_word' id='word_1_195' title='bbox 3404 1658 3640 1723; x_wconf 79' lang='lat' dir='ltr'><strong>eiicctis,</strong></span> 
     </span>
    </p>
   </div>
   <div class='ocr_carea' id='block_1_33' title="bbox 2060 1744 3644 1820">
    <p class='ocr_par' dir='ltr' id='par_1_33' title="bbox 2060 1744 3644 1820">
     <span class='ocr_line' id='line_1_33' title="bbox 2060 1744 3644 1820; baseline 0.002 -19"><span class='ocrx_word' id='word_1_196' title='bbox 2060 1744 2293 1801; x_wconf 85' lang='lat' dir='ltr'><strong>Creator</strong></span> <span class='ocrx_word' id='word_1_197' title='bbox 2335 1747 2452 1817; x_wconf 90' lang='lat' dir='ltr'><strong>ipse</strong></span> <span class='ocrx_word' id='word_1_198' title='bbox 2509 1747 2850 1819; x_wconf 87' lang='lat' dir='ltr'><strong>conquievit,</strong></span> <span class='ocrx_word' id='word_1_199' title='bbox 2881 1764 3075 1804; x_wconf 86' lang='lat' dir='ltr'><strong>verum</strong></span> <span class='ocrx_word' id='word_1_200' title='bbox 3121 1750 3288 1805; x_wconf 85' lang='lat' dir='ltr'><strong>etiam</strong></span> <span class='ocrx_word' id='word_1_201' title='bbox 3316 1790 3330 1815; x_wconf 93' lang='lat'><strong>,</strong></span> <span class='ocrx_word' id='word_1_202' title='bbox 3368 1749 3516 1820; x_wconf 91' lang='lat' dir='ltr'><strong>quod</strong></span> <span class='ocrx_word' id='word_1_203' title='bbox 3562 1759 3644 1818; x_wconf 86' lang='lat' dir='ltr'><strong>ty-</strong></span> 
     </span>
    </p>
   </div>
   <div class='ocr_carea' id='block_1_34' title="bbox 2062 1838 3643 1912">
    <p class='ocr_par' dir='ltr' id='par_1_34' title="bbox 2062 1838 3643 1912">
     <span class='ocr_line' id='line_1_34' title="bbox 2062 1838 3643 1912; baseline 0.004 -21"><span class='ocrx_word' id='word_1_204' title='bbox 2062 1853 2193 1908; x_wconf 89' lang='lat' dir='ltr'><strong>pum</strong></span> <span class='ocrx_word' id='word_1_205' title='bbox 2238 1848 2293 1893; x_wconf 90' lang='lat' dir='ltr'><strong>et</strong></span> <span class='ocrx_word' id='word_1_206' title='bbox 2330 1838 2624 1911; x_wconf 77' lang='lat' dir='ltr'><strong>imaginem</strong></span> <span class='ocrx_word' id='word_1_207' title='bbox 2666 1840 2918 1912; x_wconf 86' lang='lat' dir='ltr'><strong>implevit</strong></span> <span class='ocrx_word' id='word_1_208' title='bbox 2944 1853 3223 1912; x_wconf 71' lang='lat' dir='ltr'><strong>perpetua:</strong></span> <span class='ocrx_word' id='word_1_209' title='bbox 3256 1843 3405 1899; x_wconf 80' lang='lat' dir='ltr'><strong>illius</strong></span> <span class='ocrx_word' id='word_1_210' title='bbox 3432 1844 3643 1898; x_wconf 86' lang='lat' dir='ltr'><strong>omnis-</strong></span> 
     </span>
    </p>
   </div>
   <div class='ocr_carea' id='block_1_35' title="bbox 2062 1933 3642 2007">
    <p class='ocr_par' dir='ltr' id='par_1_35' title="bbox 2062 1933 3642 2007">
     <span class='ocr_line' id='line_1_35' title="bbox 2062 1933 3642 2007; baseline 0.004 -24"><span class='ocrx_word' id='word_1_211' title='bbox 2062 1944 2170 1999; x_wconf 92' lang='lat' dir='ltr'><strong>que</strong></span> <span class='ocrx_word' id='word_1_212' title='bbox 2200 1945 2444 2001; x_wconf 67' lang='lat' dir='ltr'><strong>vcspera:</strong></span> <span class='ocrx_word' id='word_1_213' title='bbox 2478 1933 2723 2003; x_wconf 78' lang='lat' dir='ltr'><strong>expertis</strong></span> <span class='ocrx_word' id='word_1_214' title='bbox 2753 1934 3098 1991; x_wconf 87' lang='lat' dir='ltr'><strong>remissionis</strong></span> <span class='ocrx_word' id='word_1_215' title='bbox 3130 1936 3261 1990; x_wconf 92' lang='lat' dir='ltr'><strong>diei.</strong></span> <span class='ocrx_word' id='word_1_216' title='bbox 3293 1935 3642 2007; x_wconf 78' lang='lat' dir='ltr'><strong>Quapropter</strong></span> 
     </span>
    </p>
   </div>
   <div class='ocr_carea' id='block_1_36' title="bbox 2062 2025 3646 2098">
    <p class='ocr_par' dir='ltr' id='par_1_36' title="bbox 2062 2025 3646 2098">
     <span class='ocr_line' id='line_1_36' title="bbox 2062 2025 3646 2098; baseline 0.004 -19"><span class='ocrx_word' id='word_1_217' title='bbox 2062 2025 2227 2079; x_wconf 89' lang='lat' dir='ltr'><strong>etiam</strong></span> <span class='ocrx_word' id='word_1_218' title='bbox 2277 2025 2360 2080; x_wconf 90' lang='lat' dir='ltr'><strong>eis</strong></span> <span class='ocrx_word' id='word_1_219' title='bbox 2411 2026 2508 2097; x_wconf 89' lang='lat' dir='ltr'><strong>qui</strong></span> <span class='ocrx_word' id='word_1_220' title='bbox 2547 2027 2704 2098; x_wconf 82' lang='lat' dir='ltr'><strong>juxta</strong></span> <span class='ocrx_word' id='word_1_221' title='bbox 2752 2036 2995 2083; x_wconf 84' lang='lat' dir='ltr'><strong>veterem</strong></span> <span class='ocrx_word' id='word_1_222' title='bbox 3046 2029 3287 2084; x_wconf 89' lang='lat' dir='ltr'><strong>litteram</strong></span> <span class='ocrx_word' id='word_1_223' title='bbox 3339 2026 3646 2097; x_wconf 76' lang='lat' dir='ltr'><strong>vivebant,</strong></span> 
     </span>
    </p>
   </div>
   <div class='ocr_carea' id='block_1_37' title="bbox 378 2110 1949 2191">
    <p class='ocr_par' dir='ltr' id='par_1_37' title="bbox 378 2115 1949 2191">
     <span class='ocr_line' id='line_1_37' title="bbox 378 2115 1949 2191; baseline 0.001 -22"><span class='ocrx_word' id='word_1_224' title='bbox 378 2116 811 2187; x_wconf 83' lang='grc' dir='ltr'>καθισταμένου,</span> <span class='ocrx_word' id='word_1_225' title='bbox 842 2117 1174 2188; x_wconf 85' lang='grc' dir='ltr'>δηλούντων,</span> <span class='ocrx_word' id='word_1_226' title='bbox 1229 2115 1406 2191; x_wconf 76' lang='grc' dir='ltr'>οἶμαι.</span> <span class='ocrx_word' id='word_1_227' title='bbox 1441 2118 1551 2171; x_wconf 84' lang='grc' dir='ltr'><strong>τῶν</strong></span> <span class='ocrx_word' id='word_1_228' title='bbox 1592 2118 1949 2189; x_wconf 82' lang='grc' dir='ltr'>τελουμένων,</span> 
     </span>
    </p>
   </div>
   <div class='ocr_carea' id='block_1_38' title="bbox 2053 2110 3639 2191">
    <p class='ocr_par' dir='ltr' id='par_1_38' title="bbox 2061 2116 3639 2184">
     <span class='ocr_line' id='line_1_38' title="bbox 2061 2116 3639 2184; baseline 0.004 -16"><span class='ocrx_word' id='word_1_229' title='bbox 2061 2121 2321 2183; x_wconf 89' lang='lat' dir='ltr'><strong>tanquam</strong></span> <span class='ocrx_word' id='word_1_230' title='bbox 2362 2129 2462 2184; x_wconf 91' lang='lat' dir='ltr'><strong>per</strong></span> <span class='ocrx_word' id='word_1_231' title='bbox 2502 2116 2756 2171; x_wconf 90' lang='lat' dir='ltr'><strong>umbram</strong></span> <span class='ocrx_word' id='word_1_232' title='bbox 2802 2116 3070 2184; x_wconf 77' lang='lat' dir='ltr'><strong>exhibita,</strong></span> <span class='ocrx_word' id='word_1_233' title='bbox 3102 2117 3414 2174; x_wconf 86' lang='lat' dir='ltr'><strong>libertatem</strong></span> <span class='ocrx_word' id='word_1_234' title='bbox 3450 2135 3639 2174; x_wconf 81' lang='lat' dir='ltr'><strong>rerum</strong></span> 
     </span>
    </p>
   </div>
   <div class='ocr_carea' id='block_1_39' title="bbox 375 2207 1956 2280">
    <p class='ocr_par' dir='ltr' id='par_1_39' title="bbox 375 2207 1956 2280">
     <span class='ocr_line' id='line_1_39' title="bbox 375 2207 1956 2280; baseline 0.002 -20"><span class='ocrx_word' id='word_1_235' title='bbox 375 2207 453 2269; x_wconf 80' lang='grc' dir='ltr'>ὡς</span> <span class='ocrx_word' id='word_1_236' title='bbox 502 2208 644 2277; x_wconf 83' lang='grc' dir='ltr'>μετὰ</span> <span class='ocrx_word' id='word_1_237' title='bbox 713 2209 813 2280; x_wconf 84' lang='grc' dir='ltr'>τὴν</span> <span class='ocrx_word' id='word_1_238' title='bbox 867 2209 1235 2279; x_wconf 79' lang='grc' dir='ltr'>ἐϐδοματικὴν</span> <span class='ocrx_word' id='word_1_239' title='bbox 1286 2209 1492 2279; x_wconf 88' lang='grc' dir='ltr'>ταύτην</span> <span class='ocrx_word' id='word_1_240' title='bbox 1546 2208 1802 2278; x_wconf 85' lang='grc' dir='ltr'>περίοδον</span> <span class='ocrx_word' id='word_1_241' title='bbox 1855 2210 1956 2280; x_wconf 79' lang='grc' dir='ltr'>τῆς</span> 
     </span>
    </p>
   </div>
   <div class='ocr_carea' id='block_1_40' title="bbox 322 2301 1955 2373">
    <p class='ocr_par' dir='ltr' id='par_1_40' title="bbox 322 2301 1955 2373">
     <span class='ocr_line' id='line_1_40' title="bbox 322 2301 1955 2373; baseline 0 -18"><span class='ocrx_word' id='word_1_242' title='bbox 322 2347 333 2355; x_wconf 87' lang='grc'><strong>.</strong></span> <span class='ocrx_word' id='word_1_243' title='bbox 375 2301 644 2371; x_wconf 81' lang='grc' dir='ltr'>ἐπικήρου</span> <span class='ocrx_word' id='word_1_244' title='bbox 700 2303 795 2355; x_wconf 78' lang='grc' dir='ltr'>καὶ</span> <span class='ocrx_word' id='word_1_245' title='bbox 858 2301 1112 2373; x_wconf 80' lang='grc' dir='ltr'>δουλικῆς</span> <span class='ocrx_word' id='word_1_246' title='bbox 1166 2303 1327 2372; x_wconf 81' lang='grc' dir='ltr'>ἡμῶν</span> <span class='ocrx_word' id='word_1_247' title='bbox 1396 2302 1544 2373; x_wconf 79' lang='grc' dir='ltr'>ζωῆς</span> <span class='ocrx_word' id='word_1_248' title='bbox 1594 2303 1955 2372; x_wconf 74' lang='grc' dir='ltr'>ἐπιστήσεται</span> 
     </span>
    </p>
   </div>
   <div class='ocr_carea' id='block_1_41' title="bbox 376 2393 1956 2466">
    <p class='ocr_par' dir='ltr' id='par_1_41' title="bbox 376 2393 1956 2466">
     <span class='ocr_line' id='line_1_41' title="bbox 376 2393 1956 2466; baseline 0.002 -21"><span class='ocrx_word' id='word_1_249' title='bbox 376 2394 562 2464; x_wconf 81' lang='grc' dir='ltr'>ἐκείνη</span> <span class='ocrx_word' id='word_1_250' title='bbox 599 2395 786 2464; x_wconf 88' lang='grc' dir='ltr'>ἡμέρα</span> <span class='ocrx_word' id='word_1_251' title='bbox 808 2436 823 2459; x_wconf 90' lang='grc'><strong>,</strong></span> <span class='ocrx_word' id='word_1_252' title='bbox 858 2393 985 2446; x_wconf 84' lang='grc' dir='ltr'>καθ’</span> <span class='ocrx_word' id='word_1_253' title='bbox 1012 2395 1081 2465; x_wconf 80' lang='grc' dir='ltr'><strong>ἡν</strong></span> <span class='ocrx_word' id='word_1_254' title='bbox 1111 2395 1210 2466; x_wconf 84' lang='grc' dir='ltr'>τὴν</span> <span class='ocrx_word' id='word_1_255' title='bbox 1245 2395 1323 2458; x_wconf 88' lang='grc' dir='ltr'><strong>είς</strong></span> <span class='ocrx_word' id='word_1_256' title='bbox 1370 2394 1431 2448; x_wconf 82' lang='grc' dir='ltr'>τὸ</span> <span class='ocrx_word' id='word_1_257' title='bbox 1473 2394 1704 2465; x_wconf 84' lang='grc' dir='ltr'>ἀρχαῖον</span> <span class='ocrx_word' id='word_1_258' title='bbox 1741 2395 1956 2449; x_wconf 79' lang='grc' dir='ltr'>ἀποκα·</span> 
     </span>
    </p>
   </div>
   <div class='ocr_carea' id='block_1_42' title="bbox 377 2486 1957 2558">
    <p class='ocr_par' dir='ltr' id='par_1_42' title="bbox 377 2486 1957 2558">
     <span class='ocr_line' id='line_1_42' title="bbox 377 2486 1957 2558; baseline 0.001 -22"><span class='ocrx_word' id='word_1_259' title='bbox 377 2487 645 2538; x_wconf 81' lang='grc' dir='ltr'>τάστασιν</span> <span class='ocrx_word' id='word_1_260' title='bbox 698 2486 983 2539; x_wconf 79' lang='grc' dir='ltr'>ἀναλαϐεῖν</span> <span class='ocrx_word' id='word_1_261' title='bbox 1037 2486 1245 2556; x_wconf 83' lang='grc' dir='ltr'>δεήσει,</span> <span class='ocrx_word' id='word_1_262' title='bbox 1305 2486 1402 2539; x_wconf 80' lang='grc' dir='ltr'>καὶ</span> <span class='ocrx_word' id='word_1_263' title='bbox 1449 2488 1549 2558; x_wconf 84' lang='grc' dir='ltr'>τὴν</span> <span class='ocrx_word' id='word_1_264' title='bbox 1602 2486 1809 2541; x_wconf 80' lang='grc' dir='ltr'>ἄνωθεν</span> <span class='ocrx_word' id='word_1_265' title='bbox 1862 2486 1957 2538; x_wconf 77' lang='grc' dir='ltr'>καὶ</span> 
     </span>
    </p>
   </div>
   <div class='ocr_carea' id='block_1_43' title="bbox 379 2573 1958 2651">
    <p class='ocr_par' dir='ltr' id='par_1_43' title="bbox 379 2573 1958 2651">
     <span class='ocr_line' id='line_1_43' title="bbox 379 2573 1958 2651; baseline 0.001 -26"><span class='ocrx_word' id='word_1_266' title='bbox 379 2573 573 2643; x_wconf 80' lang='grc' dir='ltr'>πρώην</span> <span class='ocrx_word' id='word_1_267' title='bbox 620 2573 952 2643; x_wconf 80' lang='grc' dir='ltr'>ἐλευθερίαν.</span> <span class='ocrx_word' id='word_1_268' title='bbox 993 2574 1148 2651; x_wconf 56' lang='grc' dir='ltr'>Ἐπεὶ</span> <span class='ocrx_word' id='word_1_269' title='bbox 1196 2573 1291 2627; x_wconf 80' lang='grc' dir='ltr'>οὖν</span> <span class='ocrx_word' id='word_1_270' title='bbox 1320 2576 1416 2628; x_wconf 71' lang='grc' dir='ltr'>καὶ</span> <span class='ocrx_word' id='word_1_271' title='bbox 1454 2574 1551 2628; x_wconf 83' lang='grc' dir='ltr'>νῦν</span> <span class='ocrx_word' id='word_1_272' title='bbox 1590 2576 1622 2644; x_wconf 90' lang='grc' dir='ltr'><strong>ἡ</strong></span> <span class='ocrx_word' id='word_1_273' title='bbox 1656 2573 1753 2627; x_wconf 85' lang='grc' dir='ltr'>τοῦ</span> <span class='ocrx_word' id='word_1_274' title='bbox 1792 2574 1958 2626; x_wconf 86' lang='grc' dir='ltr'>Πνεύ-</span> 
     </span>
    </p>
   </div>
   <div class='ocr_carea' id='block_1_44' title="bbox 382 2662 1956 2739">
    <p class='ocr_par' dir='ltr' id='par_1_44' title="bbox 382 2662 1956 2739">
     <span class='ocr_line' id='line_1_44' title="bbox 382 2662 1956 2739; baseline 0.001 -21"><span class='ocrx_word' id='word_1_275' title='bbox 382 2683 554 2736; x_wconf 85' lang='grc' dir='ltr'>ματος</span> <span class='ocrx_word' id='word_1_276' title='bbox 604 2667 874 2736; x_wconf 77' lang='grc' dir='ltr'>ἐπιδημία</span> <span class='ocrx_word' id='word_1_277' title='bbox 930 2668 1058 2722; x_wconf 83' lang='grc' dir='ltr'>νέαν</span> <span class='ocrx_word' id='word_1_278' title='bbox 1110 2669 1247 2737; x_wconf 86' lang='grc' dir='ltr'>ἡμῖν</span> <span class='ocrx_word' id='word_1_279' title='bbox 1294 2662 1426 2739; x_wconf 81' lang='grc' dir='ltr'>ἦλθε</span> <span class='ocrx_word' id='word_1_280' title='bbox 1460 2667 1581 2739; x_wconf 77' lang='grc' dir='ltr'>βίου</span> <span class='ocrx_word' id='word_1_281' title='bbox 1621 2668 1956 2721; x_wconf 81' lang='grc' dir='ltr'>κατάστασιν</span> 
     </span>
    </p>
   </div>
   <div class='ocr_carea' id='block_1_45' title="bbox 376 2756 1953 2829">
    <p class='ocr_par' dir='ltr' id='par_1_45' title="bbox 376 2756 1953 2829">
     <span class='ocr_line' id='line_1_45' title="bbox 376 2756 1953 2829; baseline 0.001 -19"><span class='ocrx_word' id='word_1_282' title='bbox 376 2756 735 2823; x_wconf 82' lang='grc' dir='ltr'>διαθήσουσα,</span> <span class='ocrx_word' id='word_1_283' title='bbox 770 2759 867 2810; x_wconf 74' lang='grc' dir='ltr'>καὶ</span> <span class='ocrx_word' id='word_1_284' title='bbox 896 2758 1034 2828; x_wconf 83' lang='grc' dir='ltr'>πρὸς</span> <span class='ocrx_word' id='word_1_285' title='bbox 1078 2758 1298 2829; x_wconf 86' lang='grc' dir='ltr'>ἐκείνην</span> <span class='ocrx_word' id='word_1_286' title='bbox 1341 2759 1440 2827; x_wconf 84' lang='grc' dir='ltr'>τὴν</span> <span class='ocrx_word' id='word_1_287' title='bbox 1465 2759 1680 2829; x_wconf 83' lang='grc' dir='ltr'>ἡμέραν</span> <span class='ocrx_word' id='word_1_288' title='bbox 1718 2759 1828 2812; x_wconf 78' lang='grc' dir='ltr'><strong>ἀπὸ</strong></span> <span class='ocrx_word' id='word_1_289' title='bbox 1859 2757 1953 2811; x_wconf 81' lang='grc' dir='ltr'>τοῦ</span> 
     </span>
    </p>
   </div>
   <div class='ocr_carea' id='block_1_46' title="bbox 376 2848 1952 2919">
    <p class='ocr_par' dir='ltr' id='par_1_46' title="bbox 376 2848 1952 2919">
     <span class='ocr_line' id='line_1_46' title="bbox 376 2848 1952 2919; baseline -0.001 -17"><span class='ocrx_word' id='word_1_290' title='bbox 376 2850 605 2912; x_wconf 83' lang='grc' dir='ltr'>σκότους</span> <span class='ocrx_word' id='word_1_291' title='bbox 633 2851 731 2919; x_wconf 82' lang='grc' dir='ltr'>τῆς</span> <span class='ocrx_word' id='word_1_292' title='bbox 756 2850 812 2902; x_wconf 81' lang='grc' dir='ltr'><strong>ἐν</strong></span> <span class='ocrx_word' id='word_1_293' title='bbox 850 2849 927 2919; x_wconf 84' lang='grc' dir='ltr'>τῷ</span> <span class='ocrx_word' id='word_1_294' title='bbox 964 2849 1200 2918; x_wconf 78' lang='grc' dir='ltr'>παρόντι</span> <span class='ocrx_word' id='word_1_295' title='bbox 1234 2848 1332 2919; x_wconf 84' lang='grc' dir='ltr'>βίῳ</span> <span class='ocrx_word' id='word_1_296' title='bbox 1367 2848 1559 2912; x_wconf 80' lang='grc' dir='ltr'>νυκτὸς</span> <span class='ocrx_word' id='word_1_297' title='bbox 1585 2849 1952 2919; x_wconf 79' lang='grc' dir='ltr'>διεγείρουσαο</span> 
     </span>
    </p>
   </div>
   <div class='ocr_carea' id='block_1_47' title="bbox 371 2940 1954 3014">
    <p class='ocr_par' dir='ltr' id='par_1_47' title="bbox 371 2940 1954 3014">
     <span class='ocr_line' id='line_1_47' title="bbox 371 2940 1954 3014; baseline 0.001 -20"><span class='ocrx_word' id='word_1_298' title='bbox 371 2941 463 2994; x_wconf 82' lang='grc' dir='ltr'>διὰ</span> <span class='ocrx_word' id='word_1_299' title='bbox 484 2941 641 2994; x_wconf 83' lang='grc' dir='ltr'>τοῦτο</span> <span class='ocrx_word' id='word_1_300' title='bbox 661 2944 718 2995; x_wconf 82' lang='grc' dir='ltr'><strong>ἐν</strong></span> <span class='ocrx_word' id='word_1_301' title='bbox 752 2942 929 3014; x_wconf 80' lang='grc' dir='ltr'>ταύτῃ</span> <span class='ocrx_word' id='word_1_302' title='bbox 955 2942 1324 3011; x_wconf 84' lang='grc' dir='ltr'>παραγίνεται</span> <span class='ocrx_word' id='word_1_303' title='bbox 1363 2944 1430 3012; x_wconf 80' lang='grc' dir='ltr'><strong>τῇ</strong></span> <span class='ocrx_word' id='word_1_304' title='bbox 1464 2941 1671 3013; x_wconf 78' lang='grc' dir='ltr'>ἡμέρᾳ.</span> <span class='ocrx_word' id='word_1_305' title='bbox 1697 2940 1770 2994; x_wconf 80' lang='grc' dir='ltr'>Τὸ</span> <span class='ocrx_word' id='word_1_306' title='bbox 1796 2941 1851 2993; x_wconf 82' lang='grc' dir='ltr'><strong>δέ</strong></span> <span class='ocrx_word' id='word_1_307' title='bbox 1888 2958 1954 3011; x_wconf 88' lang='grc' dir='ltr'><strong>γε</strong></span> 
     </span>
    </p>
   </div>
   <div class='ocr_carea' id='block_1_48' title="bbox 378 3029 1953 3103">
    <p class='ocr_par' dir='ltr' id='par_1_48' title="bbox 378 3029 1953 3103">
     <span class='ocr_line' id='line_1_48' title="bbox 378 3029 1953 3103; baseline -0.001 -19"><span class='ocrx_word' id='word_1_308' title='bbox 378 3032 519 3101; x_wconf 85' lang='grc' dir='ltr'>μετὰ</span> <span class='ocrx_word' id='word_1_309' title='bbox 547 3032 643 3102; x_wconf 78' lang='grc' dir='ltr'>τὴν</span> <span class='ocrx_word' id='word_1_310' title='bbox 674 3032 859 3086; x_wconf 81' lang='grc' dir='ltr'>ἄνοδον</span> <span class='ocrx_word' id='word_1_311' title='bbox 888 3029 1030 3088; x_wconf 75' lang='grc' dir='ltr'>εἶναι</span> <span class='ocrx_word' id='word_1_312' title='bbox 1059 3032 1317 3102; x_wconf 85' lang='grc' dir='ltr'>δεκάτην,</span> <span class='ocrx_word' id='word_1_313' title='bbox 1352 3032 1434 3085; x_wconf 84' lang='grc' dir='ltr'>ὅτι</span> <span class='ocrx_word' id='word_1_314' title='bbox 1460 3030 1652 3103; x_wconf 83' lang='grc' dir='ltr'>ὥσπερ</span> <span class='ocrx_word' id='word_1_315' title='bbox 1681 3032 1714 3102; x_wconf 85' lang='grc' dir='ltr'><strong>ἡ</strong></span> <span class='ocrx_word' id='word_1_316' title='bbox 1747 3030 1953 3101; x_wconf 77' lang='grc' dir='ltr'>ἑϐδόμη</span> 
     </span>
    </p>
   </div>
   <div class='ocr_carea' id='block_1_49' title="bbox 375 3125 1956 3197">
    <p class='ocr_par' dir='ltr' id='par_1_49' title="bbox 375 3125 1956 3197">
     <span class='ocr_line' id='line_1_49' title="bbox 375 3125 1956 3197; baseline -0.001 -18"><span class='ocrx_word' id='word_1_317' title='bbox 375 3125 462 3194; x_wconf 85' lang='grc' dir='ltr'>ἐφ’</span> <span class='ocrx_word' id='word_1_318' title='bbox 492 3127 695 3197; x_wconf 77' lang='grc' dir='ltr'>ἑαυτὴν</span> <span class='ocrx_word' id='word_1_319' title='bbox 731 3126 1106 3195; x_wconf 81' lang='grc' dir='ltr'>κυκλουμένη,</span> <span class='ocrx_word' id='word_1_320' title='bbox 1158 3126 1259 3197; x_wconf 72' lang='grc' dir='ltr'>τὴν</span> <span class='ocrx_word' id='word_1_321' title='bbox 1312 3125 1415 3195; x_wconf 82' lang='grc' dir='ltr'><strong>τῆς</strong></span> <span class='ocrx_word' id='word_1_322' title='bbox 1450 3125 1707 3195; x_wconf 80' lang='grc' dir='ltr'>ἀφέσεως</span> <span class='ocrx_word' id='word_1_323' title='bbox 1757 3143 1956 3195; x_wconf 89' lang='grc' dir='ltr'>πεντη-</span> 
     </span>
    </p>
   </div>
   <div class='ocr_carea' id='block_1_50' title="bbox 376 3216 1953 3290">
    <p class='ocr_par' dir='ltr' id='par_1_50' title="bbox 376 3216 1953 3290">
     <span class='ocr_line' id='line_1_50' title="bbox 376 3216 1953 3290; baseline -0.001 -19"><span class='ocrx_word' id='word_1_324' title='bbox 376 3218 574 3288; x_wconf 81' lang='grc' dir='ltr'>κοστῆς</span> <span class='ocrx_word' id='word_1_325' title='bbox 635 3219 846 3289; x_wconf 84' lang='grc' dir='ltr'>ἡμέραν</span> <span class='ocrx_word' id='word_1_326' title='bbox 899 3221 1286 3290; x_wconf 81' lang='grc' dir='ltr'>προήνεγκεν·</span> <span class='ocrx_word' id='word_1_327' title='bbox 1330 3217 1505 3283; x_wconf 79' lang='grc' dir='ltr'>οὕτως</span> <span class='ocrx_word' id='word_1_328' title='bbox 1555 3216 1712 3281; x_wconf 82' lang='grc' dir='ltr'>αὖθις</span> <span class='ocrx_word' id='word_1_329' title='bbox 1764 3217 1862 3271; x_wconf 75' lang='grc' dir='ltr'>καὶ</span> <span class='ocrx_word' id='word_1_330' title='bbox 1919 3218 1953 3286; x_wconf 89' lang='grc' dir='ltr'><strong>ή</strong></span> 
     </span>
    </p>
   </div>
   <div class='ocr_carea' id='block_1_51' title="bbox 375 3310 1954 3382">
    <p class='ocr_par' dir='ltr' id='par_1_51' title="bbox 375 3310 1954 3382">
     <span class='ocr_line' id='line_1_51' title="bbox 375 3310 1954 3382; baseline -0.001 -19"><span class='ocrx_word' id='word_1_331' title='bbox 375 3313 533 3380; x_wconf 87' lang='grc' dir='ltr'>τρίτη</span> <span class='ocrx_word' id='word_1_332' title='bbox 572 3310 658 3380; x_wconf 79' lang='grc' dir='ltr'>ἐφ’</span> <span class='ocrx_word' id='word_1_333' title='bbox 686 3311 889 3382; x_wconf 82' lang='grc' dir='ltr'>ἑαυτὴν</span> <span class='ocrx_word' id='word_1_334' title='bbox 925 3310 1402 3382; x_wconf 83' lang='grc' dir='ltr'>ἀνακυκλουμένη,</span> <span class='ocrx_word' id='word_1_335' title='bbox 1434 3311 1641 3382; x_wconf 88' lang='grc' dir='ltr'>ταύτην</span> <span class='ocrx_word' id='word_1_336' title='bbox 1683 3311 1816 3381; x_wconf 85' lang='grc' dir='ltr'>ἡμῖν</span> <span class='ocrx_word' id='word_1_337' title='bbox 1855 3311 1954 3379; x_wconf 82' lang='grc' dir='ltr'>τὴν</span> 
     </span>
    </p>
   </div>
   <div class='ocr_carea' id='block_1_52' title="bbox 378 3398 1954 3471">
    <p class='ocr_par' dir='ltr' id='par_1_52' title="bbox 378 3398 1954 3471">
     <span class='ocr_line' id='line_1_52' title="bbox 378 3398 1954 3471; baseline 0.001 -20"><span class='ocrx_word' id='word_1_338' title='bbox 378 3401 530 3469; x_wconf 73' lang='grc' dir='ltr'>ἱερὰν</span> <span class='ocrx_word' id='word_1_339' title='bbox 574 3401 789 3471; x_wconf 80' lang='grc' dir='ltr'>ἡμέραν</span> <span class='ocrx_word' id='word_1_340' title='bbox 846 3398 1121 3453; x_wconf 79' lang='grc' dir='ltr'>ἀνέτειλεν</span> <span class='ocrx_word' id='word_1_341' title='bbox 1166 3401 1268 3469; x_wconf 80' lang='grc' dir='ltr'>τῆς</span> <span class='ocrx_word' id='word_1_342' title='bbox 1312 3399 1608 3463; x_wconf 83' lang='grc' dir='ltr'>ούσιώδους</span> <span class='ocrx_word' id='word_1_343' title='bbox 1655 3400 1954 3470; x_wconf 77' lang='grc' dir='ltr'>ἐπιδημίας</span> 
     </span>
    </p>
   </div>
   <div class='ocr_carea' id='block_1_53' title="bbox 373 3488 1949 3564">
    <p class='ocr_par' dir='ltr' id='par_1_53' title="bbox 373 3488 1949 3564">
     <span class='ocr_line' id='line_1_53' title="bbox 373 3488 1949 3564; baseline 0.001 -18"><span class='ocrx_word' id='word_1_344' title='bbox 373 3494 468 3546; x_wconf 83' lang='grc' dir='ltr'><strong>τοῦ</strong></span> <span class='ocrx_word' id='word_1_345' title='bbox 528 3494 861 3563; x_wconf 83' lang='grc' dir='ltr'>Πνεύματος.</span> <span class='ocrx_word' id='word_1_346' title='bbox 903 3488 1014 3547; x_wconf 90' lang='grc' dir='ltr'>Ἦν</span> <span class='ocrx_word' id='word_1_347' title='bbox 1066 3492 1111 3545; x_wconf 88' lang='grc' dir='ltr'>δ’</span> <span class='ocrx_word' id='word_1_348' title='bbox 1150 3492 1446 3547; x_wconf 86' lang='grc' dir='ltr'>ἀκόλουθον</span> <span class='ocrx_word' id='word_1_349' title='bbox 1491 3492 1601 3564; x_wconf 81' lang='grc' dir='ltr'>ἄρα</span> <span class='ocrx_word' id='word_1_350' title='bbox 1637 3493 1949 3560; x_wconf 68' lang='grc' dir='ltr'>καὶτοῦτο,</span> 
     </span>
    </p>
   </div>
   <div class='ocr_carea' id='block_1_54' title="bbox 373 3583 1951 3655">
    <p class='ocr_par' dir='ltr' id='par_1_54' title="bbox 373 3583 1951 3655">
     <span class='ocr_line' id='line_1_54' title="bbox 373 3583 1951 3655; baseline 0.001 -19"><span class='ocrx_word' id='word_1_351' title='bbox 373 3583 435 3636; x_wconf 87' lang='grc' dir='ltr'><strong>ού</strong></span> <span class='ocrx_word' id='word_1_352' title='bbox 478 3585 640 3654; x_wconf 88' lang='grc' dir='ltr'>μόνον</span> <span class='ocrx_word' id='word_1_353' title='bbox 680 3584 770 3638; x_wconf 73' lang='grc' dir='ltr'><strong>διὰ</strong></span> <span class='ocrx_word' id='word_1_354' title='bbox 818 3585 917 3655; x_wconf 82' lang='grc' dir='ltr'>τὴν</span> <span class='ocrx_word' id='word_1_355' title='bbox 957 3586 1057 3654; x_wconf 84' lang='grc' dir='ltr'>τῆς</span> <span class='ocrx_word' id='word_1_356' title='bbox 1093 3584 1359 3655; x_wconf 81' lang='grc' dir='ltr'>θεαρχίας</span> <span class='ocrx_word' id='word_1_357' title='bbox 1405 3584 1657 3655; x_wconf 83' lang='grc' dir='ltr'>τριττὺν,</span> <span class='ocrx_word' id='word_1_358' title='bbox 1709 3583 1827 3637; x_wconf 86' lang='grc' dir='ltr'>ἀλλ’</span> <span class='ocrx_word' id='word_1_359' title='bbox 1867 3584 1951 3638; x_wconf 84' lang='grc' dir='ltr'>ὅτι</span> 
     </span>
    </p>
   </div>
   <div class='ocr_carea' id='block_1_55' title="bbox 377 3675 1951 3749">
    <p class='ocr_par' dir='ltr' id='par_1_55' title="bbox 377 3675 1951 3749">
     <span class='ocr_line' id='line_1_55' title="bbox 377 3675 1951 3749; baseline 0.001 -21"><span class='ocrx_word' id='word_1_360' title='bbox 377 3679 470 3728; x_wconf 76' lang='grc' dir='ltr'><strong>καὶ</strong></span> <span class='ocrx_word' id='word_1_361' title='bbox 503 3676 564 3729; x_wconf 85' lang='grc' dir='ltr'>τὸ</span> <span class='ocrx_word' id='word_1_362' title='bbox 602 3676 747 3746; x_wconf 83' lang='grc' dir='ltr'>μέγα</span> <span class='ocrx_word' id='word_1_363' title='bbox 795 3676 956 3730; x_wconf 82' lang='grc' dir='ltr'>τοῦτο</span> <span class='ocrx_word' id='word_1_364' title='bbox 996 3675 1290 3749; x_wconf 74' lang='grc' dir='ltr'>ἔργον“τῆς</span> <span class='ocrx_word' id='word_1_365' title='bbox 1316 3675 1412 3730; x_wconf 83' lang='grc' dir='ltr'><strong>τοῦ</strong></span> <span class='ocrx_word' id='word_1_366' title='bbox 1445 3677 1654 3743; x_wconf 84' lang='grc' dir='ltr'>κόσμου</span> <span class='ocrx_word' id='word_1_367' title='bbox 1679 3675 1951 3747; x_wconf 81' lang='grc' dir='ltr'>ἑγέρσεως</span> 
     </span>
    </p>
   </div>
   <div class='ocr_carea' id='block_1_56' title="bbox 373 3767 1951 3840">
    <p class='ocr_par' dir='ltr' id='par_1_56' title="bbox 373 3767 1951 3840">
     <span class='ocr_line' id='line_1_56' title="bbox 373 3767 1951 3840; baseline 0.001 -18"><span class='ocrx_word' id='word_1_368' title='bbox 373 3772 618 3838; x_wconf 82' lang='grc' dir='ltr'>τριταῖος</span> <span class='ocrx_word' id='word_1_369' title='bbox 667 3772 696 3822; x_wconf 84' lang='grc' dir='ltr'><strong>δ</strong></span> <span class='ocrx_word' id='word_1_370' title='bbox 727 3772 901 3837; x_wconf 86' lang='grc' dir='ltr'>Λόγος</span> <span class='ocrx_word' id='word_1_371' title='bbox 948 3767 1507 3840; x_wconf 81' lang='grc' dir='ltr'>διεπραγματεύσατο</span> <span class='ocrx_word' id='word_1_372' title='bbox 1537 3768 1717 3836; x_wconf 85' lang='grc' dir='ltr'>λόγοις</span> <span class='ocrx_word' id='word_1_373' title='bbox 1757 3785 1951 3838; x_wconf 87' lang='grc' dir='ltr'>μυστι-</span> 
     </span>
    </p>
   </div>
   <div class='ocr_carea' id='block_1_57' title="bbox 373 3859 1950 3932">
    <p class='ocr_par' dir='ltr' id='par_1_57' title="bbox 373 3859 1950 3932">
     <span class='ocr_line' id='line_1_57' title="bbox 373 3859 1950 3932; baseline 0 -18"><span class='ocrx_word' id='word_1_374' title='bbox 373 3860 659 3930; x_wconf 83' lang='grc' dir='ltr'>κωτέροις,</span> <span class='ocrx_word' id='word_1_375' title='bbox 702 3860 778 3924; x_wconf 80' lang='grc' dir='ltr'><strong>ὡς</strong></span> <span class='ocrx_word' id='word_1_376' title='bbox 824 3862 1027 3932; x_wconf 84' lang='grc' dir='ltr'>μικρὸν</span> <span class='ocrx_word' id='word_1_377' title='bbox 1067 3861 1277 3916; x_wconf 82' lang='grc' dir='ltr'>ἄνωθεν</span> <span class='ocrx_word' id='word_1_378' title='bbox 1327 3859 1676 3931; x_wconf 81' lang='grc' dir='ltr'>διελάδομεν.</span> <span class='ocrx_word' id='word_1_379' title='bbox 1719 3860 1950 3931; x_wconf 75' lang='grc' dir='ltr'>Εἴρηται</span> 
     </span>
    </p>
   </div>
   <div class='ocr_carea' id='block_1_58' title="bbox 376 3947 1947 4021">
    <p class='ocr_par' dir='ltr' id='par_1_58' title="bbox 376 3947 1947 4021">
     <span class='ocr_line' id='line_1_58' title="bbox 376 3947 1947 4021; baseline 0.001 -22"><span class='ocrx_word' id='word_1_380' title='bbox 376 3949 561 4017; x_wconf 84' lang='grc' dir='ltr'>μέντοι</span> <span class='ocrx_word' id='word_1_381' title='bbox 590 3951 721 4014; x_wconf 77' lang='grc' dir='ltr'>τισὶ,</span> <span class='ocrx_word' id='word_1_382' title='bbox 753 3949 826 4012; x_wconf 84' lang='grc' dir='ltr'>ὡς</span> <span class='ocrx_word' id='word_1_383' title='bbox 857 3950 1058 4021; x_wconf 77' lang='grc' dir='ltr'>δεκάτῃ</span> <span class='ocrx_word' id='word_1_384' title='bbox 1089 3947 1231 4018; x_wconf 85' lang='grc' dir='ltr'>μετὰ</span> <span class='ocrx_word' id='word_1_385' title='bbox 1256 3948 1356 4020; x_wconf 85' lang='grc' dir='ltr'><strong>τὴν</strong></span> <span class='ocrx_word' id='word_1_386' title='bbox 1390 3947 1579 4003; x_wconf 77' lang='grc' dir='ltr'>ἄνοδον</span> <span class='ocrx_word' id='word_1_387' title='bbox 1605 3948 1666 4001; x_wconf 81' lang='grc' dir='ltr'>τὸ</span> <span class='ocrx_word' id='word_1_388' title='bbox 1696 3948 1947 4018; x_wconf 85' lang='grc' dir='ltr'>Πνεῦμα,</span> 
     </span>
    </p>
   </div>
   <div class='ocr_carea' id='block_1_59' title="bbox 373 4039 1948 4111">
    <p class='ocr_par' dir='ltr' id='par_1_59' title="bbox 373 4039 1948 4111">
     <span class='ocr_line' id='line_1_59' title="bbox 373 4039 1948 4111; baseline 0 -19"><span class='ocrx_word' id='word_1_389' title='bbox 373 4040 406 4092; x_wconf 78' lang='grc' dir='ltr'><strong>ὁ</strong></span> <span class='ocrx_word' id='word_1_390' title='bbox 442 4040 599 4104; x_wconf 76' lang='grc' dir='ltr'>ἄλλος</span> <span class='ocrx_word' id='word_1_391' title='bbox 651 4042 1035 4111; x_wconf 86' lang='grc' dir='ltr'>Παράκλητος,</span> <span class='ocrx_word' id='word_1_392' title='bbox 1081 4041 1278 4111; x_wconf 81' lang='grc' dir='ltr'>ὅτιπερ</span> <span class='ocrx_word' id='word_1_393' title='bbox 1320 4039 1524 4094; x_wconf 86' lang='grc' dir='ltr'>ἀνιόντι</span> <span class='ocrx_word' id='word_1_394' title='bbox 1558 4040 1695 4109; x_wconf 77' lang='grc' dir='ltr'>μετὰ</span> <span class='ocrx_word' id='word_1_395' title='bbox 1727 4040 1823 4092; x_wconf 84' lang='grc' dir='ltr'><strong>τοῦ</strong></span> <span class='ocrx_word' id='word_1_396' title='bbox 1857 4056 1948 4092; x_wconf 88' lang='grc' dir='ltr'>τε-</span> 
     </span>
    </p>
   </div>
   <div class='ocr_carea' id='block_1_60' title="bbox 375 4130 1945 4203">
    <p class='ocr_par' dir='ltr' id='par_1_60' title="bbox 375 4130 1945 4203">
     <span class='ocr_line' id='line_1_60' title="bbox 375 4130 1945 4203; baseline 0 -17"><span class='ocrx_word' id='word_1_397' title='bbox 375 4130 649 4202; x_wconf 86' lang='grc' dir='ltr'>θεωμένου</span> <span class='ocrx_word' id='word_1_398' title='bbox 702 4133 1140 4202; x_wconf 80' lang='grc' dir='ltr'>προσλήμματος</span> <span class='ocrx_word' id='word_1_399' title='bbox 1200 4130 1281 4202; x_wconf 82' lang='grc' dir='ltr'>τῷ</span> <span class='ocrx_word' id='word_1_400' title='bbox 1334 4130 1453 4201; x_wconf 82' lang='grc' dir='ltr'><strong>Θεῷ</strong></span> <span class='ocrx_word' id='word_1_401' title='bbox 1504 4131 1688 4203; x_wconf 81' lang='grc' dir='ltr'>Λόγῳ,</span> <span class='ocrx_word' id='word_1_402' title='bbox 1741 4130 1945 4201; x_wconf 82' lang='grc' dir='ltr'>ἑκάστη</span> 
     </span>
    </p>
   </div>
   <div class='ocr_carea' id='block_1_61' title="bbox 368 4220 1946 4293">
    <p class='ocr_par' dir='ltr' id='par_1_61' title="bbox 368 4220 1946 4293">
     <span class='ocr_line' id='line_1_61' title="bbox 368 4220 1946 4293; baseline -0.003 -16"><span class='ocrx_word' id='word_1_403' title='bbox 368 4224 525 4290; x_wconf 82' lang='grc' dir='ltr'>τάξις</span> <span class='ocrx_word' id='word_1_404' title='bbox 567 4225 666 4291; x_wconf 79' lang='grc' dir='ltr'>τῆς</span> <span class='ocrx_word' id='word_1_405' title='bbox 708 4224 1066 4293; x_wconf 78' lang='grc' dir='ltr'>ἐννεαρίθμου</span> <span class='ocrx_word' id='word_1_406' title='bbox 1118 4221 1229 4275; x_wconf 85' lang='grc' dir='ltr'><strong>τῶν</strong></span> <span class='ocrx_word' id='word_1_407' title='bbox 1287 4220 1537 4290; x_wconf 82' lang='grc' dir='ltr'>ἀγγέλων</span> <span class='ocrx_word' id='word_1_408' title='bbox 1570 4220 1946 4291; x_wconf 87' lang='grc' dir='ltr'>τελεταρχίας,</span> 
     </span>
    </p>
   </div>
   <div class='ocr_carea' id='block_1_62' title="bbox 370 4314 1946 4387">
    <p class='ocr_par' dir='ltr' id='par_1_62' title="bbox 370 4314 1946 4387">
     <span class='ocr_line' id='line_1_62' title="bbox 370 4314 1946 4387; baseline -0.008 -17"><span class='ocrx_word' id='word_1_409' title='bbox 370 4316 672 4387; x_wconf 85' lang='grc' dir='ltr'>προσιοῦσα</span> <span class='ocrx_word' id='word_1_410' title='bbox 706 4316 830 4370; x_wconf 84' lang='grc' dir='ltr'>καθ’</span> <span class='ocrx_word' id='word_1_411' title='bbox 866 4316 1130 4385; x_wconf 77' lang='grc' dir='ltr'>ἑκάστην,</span> <span class='ocrx_word' id='word_1_412' title='bbox 1173 4315 1250 4379; x_wconf 88' lang='grc' dir='ltr'><strong>ὡς</strong></span> <span class='ocrx_word' id='word_1_413' title='bbox 1282 4314 1495 4385; x_wconf 84' lang='grc' dir='ltr'>δμοθέῳ</span> <span class='ocrx_word' id='word_1_414' title='bbox 1535 4314 1612 4386; x_wconf 88' lang='grc' dir='ltr'>τῷ</span> <span class='ocrx_word' id='word_1_415' title='bbox 1657 4317 1946 4386; x_wconf 83' lang='grc' dir='ltr'>προσλήμ-</span> 
     </span>
    </p>
   </div>
   <div class='ocr_carea' id='block_1_63' title="bbox 372 4405 1947 4479">
    <p class='ocr_par' dir='ltr' id='par_1_63' title="bbox 372 4405 1947 4479">
     <span class='ocr_line' id='line_1_63' title="bbox 372 4405 1947 4479; baseline -0.001 -16"><span class='ocrx_word' id='word_1_416' title='bbox 372 4427 504 4479; x_wconf 82' lang='grc' dir='ltr'>ματι</span> <span class='ocrx_word' id='word_1_417' title='bbox 563 4408 951 4478; x_wconf 62' lang='grc' dir='ltr'>γεγενημένῳξ,</span> <span class='ocrx_word' id='word_1_418' title='bbox 1008 4407 1226 4476; x_wconf 87' lang='grc' dir='ltr'>σύναμα</span> <span class='ocrx_word' id='word_1_419' title='bbox 1300 4406 1379 4476; x_wconf 82' lang='grc' dir='ltr'>τῷ</span> <span class='ocrx_word' id='word_1_420' title='bbox 1443 4405 1573 4478; x_wconf 84' lang='grc' dir='ltr'>θείῳ</span> <span class='ocrx_word' id='word_1_421' title='bbox 1635 4407 1797 4479; x_wconf 85' lang='grc' dir='ltr'>Λόγῳ</span> <span class='ocrx_word' id='word_1_422' title='bbox 1845 4408 1947 4477; x_wconf 83' lang='grc' dir='ltr'>τὴν</span> 
     </span>
    </p>
   </div>
   <div class='ocr_carea' id='block_1_64' title="bbox 369 4496 1947 4572">
    <p class='ocr_par' dir='ltr' id='par_1_64' title="bbox 369 4496 1947 4572">
     <span class='ocr_line' id='line_1_64' title="bbox 369 4496 1947 4572; baseline -0.002 -17"><span class='ocrx_word' id='word_1_423' title='bbox 369 4498 744 4572; x_wconf 83' lang='grc' dir='ltr'>προσκύνησιν</span> <span class='ocrx_word' id='word_1_424' title='bbox 765 4497 1031 4567; x_wconf 81' lang='grc' dir='ltr'>ἀφωσίου,</span> <span class='ocrx_word' id='word_1_425' title='bbox 1064 4497 1137 4550; x_wconf 84' lang='grc' dir='ltr'>τὰ</span> <span class='ocrx_word' id='word_1_426' title='bbox 1165 4497 1266 4567; x_wconf 84' lang='grc' dir='ltr'>τῆς</span> <span class='ocrx_word' id='word_1_427' title='bbox 1296 4496 1647 4567; x_wconf 79' lang='grc' dir='ltr'>καταλλαγῆς</span> <span class='ocrx_word' id='word_1_428' title='bbox 1679 4498 1773 4551; x_wconf 83' lang='grc' dir='ltr'>τοῦ</span> <span class='ocrx_word' id='word_1_429' title='bbox 1808 4499 1947 4568; x_wconf 87' lang='grc' dir='ltr'>ἡμε-</span> 
     </span>
    </p>
   </div>
   <div class='ocr_carea' id='block_1_65' title="bbox 368 4591 1946 4667">
    <p class='ocr_par' dir='ltr' id='par_1_65' title="bbox 368 4591 1946 4667">
     <span class='ocr_line' id='line_1_65' title="bbox 368 4591 1946 4667; baseline -0.004 -17"><span class='ocrx_word' id='word_1_430' title='bbox 368 4596 531 4667; x_wconf 86' lang='grc' dir='ltr'>τέρου</span> <span class='ocrx_word' id='word_1_431' title='bbox 565 4595 757 4664; x_wconf 83' lang='grc' dir='ltr'>γένους</span> <span class='ocrx_word' id='word_1_432' title='bbox 783 4591 1072 4660; x_wconf 79' lang='grc' dir='ltr'>πανσόφως</span> <span class='ocrx_word' id='word_1_433' title='bbox 1107 4591 1549 4661; x_wconf 79' lang='grc' dir='ltr'>οίκοδομήσαντι’</span> <span class='ocrx_word' id='word_1_434' title='bbox 1586 4591 1771 4644; x_wconf 76' lang='grc' dir='ltr'>καὶτὸ</span> <span class='ocrx_word' id='word_1_435' title='bbox 1806 4591 1946 4660; x_wconf 85' lang='grc' dir='ltr'>μετὰ</span> 
     </span>
    </p>
   </div>
   <div class='ocr_carea' id='block_1_66' title="bbox 364 4680 1941 4754">
    <p class='ocr_par' dir='ltr' id='par_1_66' title="bbox 364 4680 1941 4754">
     <span class='ocr_line' id='line_1_66' title="bbox 364 4680 1941 4754; baseline -0.001 -16"><span class='ocrx_word' id='word_1_436' title='bbox 364 4686 542 4739; x_wconf 82' lang='grc' dir='ltr'>ταῦτα</span> <span class='ocrx_word' id='word_1_437' title='bbox 581 4686 793 4754; x_wconf 84' lang='grc' dir='ltr'>πέμπει</span> <span class='ocrx_word' id='word_1_438' title='bbox 821 4685 912 4737; x_wconf 82' lang='grc' dir='ltr'>τὸν</span> <span class='ocrx_word' id='word_1_439' title='bbox 942 4682 1090 4735; x_wconf 87' lang='grc' dir='ltr'>θεῖον</span> <span class='ocrx_word' id='word_1_440' title='bbox 1120 4681 1481 4752; x_wconf 83' lang='grc' dir='ltr'>Παράκλητον</span> <span class='ocrx_word' id='word_1_441' title='bbox 1514 4680 1589 4745; x_wconf 81' lang='grc' dir='ltr'>ὡς</span> <span class='ocrx_word' id='word_1_442' title='bbox 1619 4682 1941 4753; x_wconf 77' lang='grc' dir='ltr'>ὑπόσχεσις.</span> 
     </span>
    </p>
   </div>
   <div class='ocr_carea' id='block_1_67' title="bbox 2060 2201 3637 2273">
    <p class='ocr_par' dir='ltr' id='par_1_67' title="bbox 2060 2201 3637 2273">
     <span class='ocr_line' id='line_1_67' title="bbox 2060 2201 3637 2273; baseline 0.004 -13"><span class='ocrx_word' id='word_1_443' title='bbox 2060 2205 2307 2260; x_wconf 91' lang='lat' dir='ltr'><strong>omnium</strong></span> <span class='ocrx_word' id='word_1_444' title='bbox 2342 2207 2706 2273; x_wconf 81' lang='lat' dir='ltr'><strong>concedebat,</strong></span> <span class='ocrx_word' id='word_1_445' title='bbox 2739 2208 2999 2264; x_wconf 84' lang='lat' dir='ltr'><strong>circulari</strong></span> <span class='ocrx_word' id='word_1_446' title='bbox 3048 2201 3317 2265; x_wconf 78' lang='lat' dir='ltr'><strong>annorum</strong></span> <span class='ocrx_word' id='word_1_447' title='bbox 3366 2226 3531 2265; x_wconf 89' lang='lat' dir='ltr'><strong>cursu</strong></span> <span class='ocrx_word' id='word_1_448' title='bbox 3583 2212 3637 2266; x_wconf 90' lang='lat' dir='ltr'><strong>in</strong></span> 
     </span>
    </p>
   </div>
   <div class='ocr_carea' id='block_1_68' title="bbox 2060 2296 3638 2369">
    <p class='ocr_par' dir='ltr' id='par_1_68' title="bbox 2060 2296 3638 2369">
     <span class='ocr_line' id='line_1_68' title="bbox 2060 2296 3638 2369; baseline 0.003 -20"><span class='ocrx_word' id='word_1_449' title='bbox 2060 2310 2295 2349; x_wconf 90' lang='lat' dir='ltr'><strong>numero</strong></span> <span class='ocrx_word' id='word_1_450' title='bbox 2340 2298 2443 2351; x_wconf 88' lang='lat' dir='ltr'><strong>isto</strong></span> <span class='ocrx_word' id='word_1_451' title='bbox 2484 2296 2826 2353; x_wconf 87' lang='lat' dir='ltr'><strong>consistente</strong></span> <span class='ocrx_word' id='word_1_452' title='bbox 2859 2317 2872 2352; x_wconf 88' lang='lat'><strong>:</strong></span> <span class='ocrx_word' id='word_1_453' title='bbox 2902 2299 3095 2368; x_wconf 87' lang='lat' dir='ltr'><strong>eisque</strong></span> <span class='ocrx_word' id='word_1_454' title='bbox 3140 2299 3325 2361; x_wconf 86' lang='lat' dir='ltr'><strong>rebus,</strong></span> <span class='ocrx_word' id='word_1_455' title='bbox 3358 2315 3478 2369; x_wconf 73' lang='lat' dir='ltr'><strong>qua:</strong></span> <span class='ocrx_word' id='word_1_456' title='bbox 3523 2310 3638 2355; x_wconf 89' lang='lat' dir='ltr'><strong>tum</strong></span> 
     </span>
    </p>
   </div>
   <div class='ocr_carea' id='block_1_69' title="bbox 2058 2384 3641 2458">
    <p class='ocr_par' dir='ltr' id='par_1_69' title="bbox 2058 2384 3641 2458">
     <span class='ocr_line' id='line_1_69' title="bbox 2058 2384 3641 2458; baseline 0.004 -19"><span class='ocrx_word' id='word_1_457' title='bbox 2058 2385 2385 2453; x_wconf 73' lang='lat' dir='ltr'><strong>agebantur,</strong></span> <span class='ocrx_word' id='word_1_458' title='bbox 2438 2384 2851 2454; x_wconf 89' lang='lat' dir='ltr'><strong>indicantibus,</strong></span> <span class='ocrx_word' id='word_1_459' title='bbox 2899 2397 3025 2457; x_wconf 90' lang='lat' dir='ltr'><strong>post</strong></span> <span class='ocrx_word' id='word_1_460' title='bbox 3069 2390 3439 2458; x_wconf 87' lang='lat' dir='ltr'><strong>septimanum</strong></span> <span class='ocrx_word' id='word_1_461' title='bbox 3489 2390 3641 2446; x_wconf 90' lang='lat' dir='ltr'><strong>hunc</strong></span> 
     </span>
    </p>
   </div>
   <div class='ocr_carea' id='block_1_70' title="bbox 2057 2477 3636 2547">
    <p class='ocr_par' dir='ltr' id='par_1_70' title="bbox 2057 2477 3636 2547">
     <span class='ocr_line' id='line_1_70' title="bbox 2057 2477 3636 2547; baseline 0.003 -16"><span class='ocrx_word' id='word_1_462' title='bbox 2057 2477 2184 2532; x_wconf 85' lang='lat' dir='ltr'><strong>fatis</strong></span> <span class='ocrx_word' id='word_1_463' title='bbox 2228 2492 2292 2532; x_wconf 89' lang='lat' dir='ltr'><strong>ac</strong></span> <span class='ocrx_word' id='word_1_464' title='bbox 2350 2477 2604 2533; x_wconf 84' lang='lat' dir='ltr'><strong>servituti</strong></span> <span class='ocrx_word' id='word_1_465' title='bbox 2636 2478 2889 2534; x_wconf 81' lang='lat' dir='ltr'><strong>obnoxiae</strong></span> <span class='ocrx_word' id='word_1_466' title='bbox 2927 2478 3055 2535; x_wconf 72' lang='lat' dir='ltr'><strong>vitm</strong></span> <span class='ocrx_word' id='word_1_467' title='bbox 3088 2489 3291 2535; x_wconf 77' lang='lat' dir='ltr'><strong>nostra:</strong></span> <span class='ocrx_word' id='word_1_468' title='bbox 3319 2482 3636 2547; x_wconf 86' lang='lat' dir='ltr'><strong>circuitum,</strong></span> 
     </span>
    </p>
   </div>
   <div class='ocr_carea' id='block_1_71' title="bbox 2059 2566 3640 2641">
    <p class='ocr_par' dir='ltr' id='par_1_71' title="bbox 2059 2566 3640 2641">
     <span class='ocr_line' id='line_1_71' title="bbox 2059 2566 3640 2641; baseline 0.004 -21"><span class='ocrx_word' id='word_1_469' title='bbox 2059 2566 2422 2621; x_wconf 84' lang='lat' dir='ltr'><strong>adventuram</strong></span> <span class='ocrx_word' id='word_1_470' title='bbox 2449 2581 2571 2622; x_wconf 90' lang='lat' dir='ltr'><strong>esse</strong></span> <span class='ocrx_word' id='word_1_471' title='bbox 2599 2567 2746 2622; x_wconf 91' lang='lat' dir='ltr'><strong>diem</strong></span> <span class='ocrx_word' id='word_1_472' title='bbox 2779 2568 2950 2635; x_wconf 89' lang='lat' dir='ltr'><strong>illam,</strong></span> <span class='ocrx_word' id='word_1_473' title='bbox 2984 2584 3092 2641; x_wconf 87' lang='lat' dir='ltr'><strong>qua</strong></span> <span class='ocrx_word' id='word_1_474' title='bbox 3127 2570 3181 2625; x_wconf 91' lang='lat' dir='ltr'><strong>in</strong></span> <span class='ocrx_word' id='word_1_475' title='bbox 3220 2572 3505 2641; x_wconf 90' lang='lat' dir='ltr'><strong>antiquum</strong></span> <span class='ocrx_word' id='word_1_476' title='bbox 3538 2589 3640 2627; x_wconf 76' lang='lat' dir='ltr'><strong>nos</strong></span> 
     </span>
    </p>
   </div>
   <div class='ocr_carea' id='block_1_72' title="bbox 2058 2657 3640 2731">
    <p class='ocr_par' dir='ltr' id='par_1_72' title="bbox 2058 2657 3640 2731">
     <span class='ocr_line' id='line_1_72' title="bbox 2058 2657 3640 2731; baseline 0.003 -18"><span class='ocrx_word' id='word_1_477' title='bbox 2058 2666 2260 2714; x_wconf 87' lang='lat' dir='ltr'><strong>statum</strong></span> <span class='ocrx_word' id='word_1_478' title='bbox 2295 2657 2489 2728; x_wconf 87' lang='lat' dir='ltr'><strong>recipi,</strong></span> <span class='ocrx_word' id='word_1_479' title='bbox 2552 2659 2954 2731; x_wconf 85' lang='lat' dir='ltr'><strong>pristinamque</strong></span> <span class='ocrx_word' id='word_1_480' title='bbox 2984 2669 3041 2716; x_wconf 90' lang='lat' dir='ltr'><strong>et</strong></span> <span class='ocrx_word' id='word_1_481' title='bbox 3080 2663 3360 2717; x_wconf 67' lang='lat' dir='ltr'><strong>caelestem</strong></span> <span class='ocrx_word' id='word_1_482' title='bbox 3410 2663 3640 2718; x_wconf 85' lang='lat' dir='ltr'><strong>liberta-</strong></span> 
     </span>
    </p>
   </div>
   <div class='ocr_carea' id='block_1_73' title="bbox 2060 2749 3640 2824">
    <p class='ocr_par' dir='ltr' id='par_1_73' title="bbox 2060 2749 3640 2824">
     <span class='ocr_line' id='line_1_73' title="bbox 2060 2749 3640 2824; baseline 0.004 -22"><span class='ocrx_word' id='word_1_483' title='bbox 2060 2758 2166 2803; x_wconf 90' lang='lat' dir='ltr'><strong>tem</strong></span> <span class='ocrx_word' id='word_1_484' title='bbox 2197 2749 2414 2804; x_wconf 91' lang='lat' dir='ltr'><strong>restitui</strong></span> <span class='ocrx_word' id='word_1_485' title='bbox 2439 2758 2739 2819; x_wconf 88' lang='lat' dir='ltr'><strong>oporteret.</strong></span> <span class='ocrx_word' id='word_1_486' title='bbox 2759 2750 2897 2806; x_wconf 88' lang='lat' dir='ltr'><strong>Cum</strong></span> <span class='ocrx_word' id='word_1_487' title='bbox 2924 2752 3115 2823; x_wconf 78' lang='lat' dir='ltr'><strong>itaque</strong></span> <span class='ocrx_word' id='word_1_488' title='bbox 3139 2763 3198 2808; x_wconf 91' lang='lat' dir='ltr'><strong>et</strong></span> <span class='ocrx_word' id='word_1_489' title='bbox 3224 2770 3370 2808; x_wconf 90' lang='lat' dir='ltr'><strong>nunc</strong></span> <span class='ocrx_word' id='word_1_490' title='bbox 3395 2754 3640 2824; x_wconf 85' lang='lat' dir='ltr'><strong>Spiritus</strong></span> 
     </span>
    </p>
   </div>
   <div class='ocr_carea' id='block_1_74' title="bbox 2057 2841 3640 2914">
    <p class='ocr_par' dir='ltr' id='par_1_74' title="bbox 2057 2841 3640 2914">
     <span class='ocr_line' id='line_1_74' title="bbox 2057 2841 3640 2914; baseline 0.004 -19"><span class='ocrx_word' id='word_1_491' title='bbox 2057 2842 2231 2896; x_wconf 89' lang='lat' dir='ltr'><strong>sancti</strong></span> <span class='ocrx_word' id='word_1_492' title='bbox 2268 2841 2543 2897; x_wconf 82' lang='lat' dir='ltr'><strong>adventus</strong></span> <span class='ocrx_word' id='word_1_493' title='bbox 2573 2842 2647 2897; x_wconf 87' lang='lat' dir='ltr'><strong>ita</strong></span> <span class='ocrx_word' id='word_1_494' title='bbox 2678 2855 3033 2914; x_wconf 88' lang='lat' dir='ltr'><strong>comparatus</strong></span> <span class='ocrx_word' id='word_1_495' title='bbox 3064 2847 3157 2912; x_wconf 87' lang='lat' dir='ltr'><strong>sit,</strong></span> <span class='ocrx_word' id='word_1_496' title='bbox 3195 2856 3255 2901; x_wconf 89' lang='lat' dir='ltr'><strong>ut</strong></span> <span class='ocrx_word' id='word_1_497' title='bbox 3301 2862 3500 2902; x_wconf 89' lang='lat' dir='ltr'><strong>novum</strong></span> <span class='ocrx_word' id='word_1_498' title='bbox 3542 2866 3640 2901; x_wconf 83' lang='lat' dir='ltr'><strong>no-</strong></span> 
     </span>
    </p>
   </div>
   <div class='ocr_carea' id='block_1_75' title="bbox 2057 2932 3635 3009">
    <p class='ocr_par' dir='ltr' id='par_1_75' title="bbox 2057 2932 3635 3009">
     <span class='ocr_line' id='line_1_75' title="bbox 2057 2932 3635 3009; baseline 0.004 -22"><span class='ocrx_word' id='word_1_499' title='bbox 2057 2932 2142 2987; x_wconf 92' lang='lat' dir='ltr'><strong>bis</strong></span> <span class='ocrx_word' id='word_1_500' title='bbox 2176 2933 2301 2987; x_wconf 80' lang='lat' dir='ltr'><strong>vitae</strong></span> <span class='ocrx_word' id='word_1_501' title='bbox 2347 2934 2573 2988; x_wconf 91' lang='lat' dir='ltr'><strong>modum</strong></span> <span class='ocrx_word' id='word_1_502' title='bbox 2620 2936 3027 3004; x_wconf 63' lang='lat' dir='ltr'><strong>praescriberet,</strong></span> <span class='ocrx_word' id='word_1_503' title='bbox 3055 2946 3112 2992; x_wconf 88' lang='lat' dir='ltr'><strong>et</strong></span> <span class='ocrx_word' id='word_1_504' title='bbox 3153 2938 3219 2991; x_wconf 91' lang='lat' dir='ltr'><strong>ad</strong></span> <span class='ocrx_word' id='word_1_505' title='bbox 3264 2940 3413 2993; x_wconf 89' lang='lat' dir='ltr'><strong>illam</strong></span> <span class='ocrx_word' id='word_1_506' title='bbox 3463 2939 3635 3009; x_wconf 74' lang='lat' dir='ltr'><strong>ipsum</strong></span> 
     </span>
    </p>
   </div>
   <div class='ocr_carea' id='block_1_76' title="bbox 2058 3025 3638 3099">
    <p class='ocr_par' dir='ltr' id='par_1_76' title="bbox 2058 3025 3638 3099">
     <span class='ocr_line' id='line_1_76' title="bbox 2058 3025 3638 3099; baseline 0.003 -18"><span class='ocrx_word' id='word_1_507' title='bbox 2058 3025 2246 3091; x_wconf 90' lang='lat' dir='ltr'><strong>diem,</strong></span> <span class='ocrx_word' id='word_1_508' title='bbox 2298 3040 2365 3080; x_wconf 79' lang='lat' dir='ltr'><strong>ex</strong></span> <span class='ocrx_word' id='word_1_509' title='bbox 2418 3027 2655 3083; x_wconf 90' lang='lat' dir='ltr'><strong>obscura</strong></span> <span class='ocrx_word' id='word_1_510' title='bbox 2709 3036 2766 3082; x_wconf 91' lang='lat' dir='ltr'><strong>et</strong></span> <span class='ocrx_word' id='word_1_511' title='bbox 2818 3029 3117 3099; x_wconf 78' lang='lat' dir='ltr'><strong>caliginosa</strong></span> <span class='ocrx_word' id='word_1_512' title='bbox 3173 3032 3462 3099; x_wconf 76' lang='lat' dir='ltr'><strong>prtesentis</strong></span> <span class='ocrx_word' id='word_1_513' title='bbox 3512 3032 3638 3086; x_wconf 73' lang='lat' dir='ltr'><strong>vita:</strong></span> 
     </span>
    </p>
   </div>
   <div class='ocr_carea' id='block_1_77' title="bbox 2056 3119 3636 3191">
    <p class='ocr_par' dir='ltr' id='par_1_77' title="bbox 2056 3119 3636 3191">
     <span class='ocr_line' id='line_1_77' title="bbox 2056 3119 3636 3191; baseline 0.004 -20"><span class='ocrx_word' id='word_1_514' title='bbox 2056 3128 2242 3183; x_wconf 87' lang='lat' dir='ltr'><strong>nocte,</strong></span> <span class='ocrx_word' id='word_1_515' title='bbox 2269 3133 2371 3173; x_wconf 91' lang='lat' dir='ltr'><strong>nos</strong></span> <span class='ocrx_word' id='word_1_516' title='bbox 2412 3120 2680 3174; x_wconf 80' lang='lat' dir='ltr'><strong>excitaret</strong></span> <span class='ocrx_word' id='word_1_517' title='bbox 2707 3138 2722 3173; x_wconf 90' lang='lat'><strong>:</strong></span> <span class='ocrx_word' id='word_1_518' title='bbox 2754 3119 2882 3175; x_wconf 87' lang='lat' dir='ltr'><strong>ideo</strong></span> <span class='ocrx_word' id='word_1_519' title='bbox 2934 3122 2989 3175; x_wconf 91' lang='lat' dir='ltr'><strong>in</strong></span> <span class='ocrx_word' id='word_1_520' title='bbox 3016 3121 3118 3176; x_wconf 87' lang='lat' dir='ltr'><strong>hac</strong></span> <span class='ocrx_word' id='word_1_521' title='bbox 3149 3120 3264 3191; x_wconf 87' lang='lat' dir='ltr'><strong>ipsa</strong></span> <span class='ocrx_word' id='word_1_522' title='bbox 3293 3122 3516 3178; x_wconf 85' lang='lat' dir='ltr'><strong>advenit</strong></span> <span class='ocrx_word' id='word_1_523' title='bbox 3545 3124 3636 3179; x_wconf 90' lang='lat' dir='ltr'><strong>ille</strong></span> 
     </span>
    </p>
   </div>
   <div class='ocr_carea' id='block_1_78' title="bbox 2057 3208 3631 3284">
    <p class='ocr_par' dir='ltr' id='par_1_78' title="bbox 2057 3208 3631 3284">
     <span class='ocr_line' id='line_1_78' title="bbox 2057 3208 3631 3284; baseline 0.004 -19"><span class='ocrx_word' id='word_1_524' title='bbox 2057 3209 2166 3265; x_wconf 89' lang='lat' dir='ltr'><strong>die.</strong></span> <span class='ocrx_word' id='word_1_525' title='bbox 2198 3208 2421 3265; x_wconf 90' lang='lat' dir='ltr'><strong>Decima</strong></span> <span class='ocrx_word' id='word_1_526' title='bbox 2462 3219 2648 3266; x_wconf 83' lang='lat' dir='ltr'><strong>autem</strong></span> <span class='ocrx_word' id='word_1_527' title='bbox 2694 3227 2760 3267; x_wconf 89' lang='lat' dir='ltr'><strong>ea</strong></span> <span class='ocrx_word' id='word_1_528' title='bbox 2790 3223 2876 3269; x_wconf 90' lang='lat' dir='ltr'><strong>est</strong></span> <span class='ocrx_word' id='word_1_529' title='bbox 2895 3222 3021 3284; x_wconf 90' lang='lat' dir='ltr'><strong>post</strong></span> <span class='ocrx_word' id='word_1_530' title='bbox 3058 3215 3451 3271; x_wconf 85' lang='lat' dir='ltr'><strong>Ascensionem</strong></span> <span class='ocrx_word' id='word_1_531' title='bbox 3493 3217 3631 3281; x_wconf 86' lang='lat' dir='ltr'><strong>dies,</strong></span> 
     </span>
    </p>
   </div>
   <div class='ocr_carea' id='block_1_79' title="bbox 2057 3301 3633 3380">
    <p class='ocr_par' dir='ltr' id='par_1_79' title="bbox 2057 3301 3633 3380">
     <span class='ocr_line' id='line_1_79' title="bbox 2057 3301 3633 3380; baseline 0.006 -24"><span class='ocrx_word' id='word_1_532' title='bbox 2057 3301 2229 3374; x_wconf 90' lang='lat' dir='ltr'><strong>quod,</strong></span> <span class='ocrx_word' id='word_1_533' title='bbox 2261 3303 2422 3358; x_wconf 87' lang='lat' dir='ltr'><strong>sicuti</strong></span> <span class='ocrx_word' id='word_1_534' title='bbox 2456 3305 2771 3375; x_wconf 88' lang='lat' dir='ltr'><strong>septenaria</strong></span> <span class='ocrx_word' id='word_1_535' title='bbox 2815 3306 2871 3361; x_wconf 92' lang='lat' dir='ltr'><strong>in</strong></span> <span class='ocrx_word' id='word_1_536' title='bbox 2918 3308 3150 3378; x_wconf 89' lang='lat' dir='ltr'><strong>seipsam</strong></span> <span class='ocrx_word' id='word_1_537' title='bbox 3192 3325 3293 3380; x_wconf 86' lang='lat' dir='ltr'><strong>per</strong></span> <span class='ocrx_word' id='word_1_538' title='bbox 3334 3309 3633 3366; x_wconf 89' lang='lat' dir='ltr'><strong>circuitum</strong></span> 
     </span>
    </p>
   </div>
   <div class='ocr_carea' id='block_1_80' title="bbox 2038 3398 3637 3473">
    <p class='ocr_par' dir='ltr' id='par_1_80' title="bbox 2038 3398 3637 3473">
     <span class='ocr_line' id='line_1_80' title="bbox 2038 3398 3637 3473; baseline 0.004 -23"><span class='ocrx_word' id='word_1_539' title='bbox 2038 3413 2311 3465; x_wconf 69' lang='lat' dir='ltr'><strong>reversa,</strong></span> <span class='ocrx_word' id='word_1_540' title='bbox 2359 3398 2869 3469; x_wconf 75' lang='lat' dir='ltr'><strong>quinquagesimum</strong></span> <span class='ocrx_word' id='word_1_541' title='bbox 2923 3402 3266 3457; x_wconf 88' lang='lat' dir='ltr'><strong>remissionis</strong></span> <span class='ocrx_word' id='word_1_542' title='bbox 3315 3402 3461 3457; x_wconf 87' lang='lat' dir='ltr'><strong>diem</strong></span> <span class='ocrx_word' id='word_1_543' title='bbox 3512 3419 3637 3473; x_wconf 89' lang='lat' dir='ltr'><strong>pro-</strong></span> 
     </span>
    </p>
   </div>
   <div class='ocr_carea' id='block_1_81' title="bbox 2056 3489 3731 3569">
    <p class='ocr_par' dir='ltr' id='par_1_81' title="bbox 2056 3489 3731 3569">
     <span class='ocr_line' id='line_1_81' title="bbox 2056 3489 3731 3569; baseline 0.005 -26"><span class='ocrx_word' id='word_1_544' title='bbox 2056 3489 2211 3544; x_wconf 79' lang='lat' dir='ltr'><strong>fert:</strong></span> <span class='ocrx_word' id='word_1_545' title='bbox 2244 3489 2436 3546; x_wconf 90' lang='lat' dir='ltr'><strong>itidem</strong></span> <span class='ocrx_word' id='word_1_546' title='bbox 2483 3498 2541 3545; x_wconf 87' lang='lat' dir='ltr'><strong>et</strong></span> <span class='ocrx_word' id='word_1_547' title='bbox 2591 3490 2750 3545; x_wconf 91' lang='lat' dir='ltr'><strong>tertia</strong></span> <span class='ocrx_word' id='word_1_548' title='bbox 2798 3490 2854 3545; x_wconf 89' lang='lat' dir='ltr'><strong>in</strong></span> <span class='ocrx_word' id='word_1_549' title='bbox 2897 3491 3135 3562; x_wconf 89' lang='lat' dir='ltr'><strong>seipsam</strong></span> <span class='ocrx_word' id='word_1_550' title='bbox 3178 3496 3450 3560; x_wconf 86' lang='lat' dir='ltr'><strong>revoluta,</strong></span> <span class='ocrx_word' id='word_1_551' title='bbox 3494 3497 3634 3552; x_wconf 88' lang='lat' dir='ltr'><strong>hanc</strong></span> <span class='ocrx_word' id='word_1_552' title='bbox 3721 3560 3731 3569; x_wconf 33' lang='lat'><em>.</em></span> 
     </span>
    </p>
   </div>
   <div class='ocr_carea' id='block_1_82' title="bbox 2056 3579 3633 3655">
    <p class='ocr_par' dir='ltr' id='par_1_82' title="bbox 2056 3579 3633 3655">
     <span class='ocr_line' id='line_1_82' title="bbox 2056 3579 3633 3655; baseline 0.006 -21"><span class='ocrx_word' id='word_1_553' title='bbox 2056 3579 2230 3649; x_wconf 88' lang='lat' dir='ltr'><strong>ipsam</strong></span> <span class='ocrx_word' id='word_1_554' title='bbox 2259 3580 2423 3636; x_wconf 83' lang='lat' dir='ltr'><strong>nobis</strong></span> <span class='ocrx_word' id='word_1_555' title='bbox 2447 3595 2660 3637; x_wconf 82' lang='lat' dir='ltr'><strong>sacram</strong></span> <span class='ocrx_word' id='word_1_556' title='bbox 2688 3581 3070 3639; x_wconf 84' lang='lat' dir='ltr'><strong>substantialis</strong></span> <span class='ocrx_word' id='word_1_557' title='bbox 3092 3583 3335 3655; x_wconf 85' lang='lat' dir='ltr'><strong>Spiritus</strong></span> <span class='ocrx_word' id='word_1_558' title='bbox 3364 3586 3633 3643; x_wconf 84' lang='lat' dir='ltr'><strong>adventus</strong></span> 
     </span>
    </p>
   </div>
   <div class='ocr_carea' id='block_1_83' title="bbox 2053 3671 3636 3744">
    <p class='ocr_par' dir='ltr' id='par_1_83' title="bbox 2053 3671 3636 3744">
     <span class='ocr_line' id='line_1_83' title="bbox 2053 3671 3636 3744; baseline 0.004 -19"><span class='ocrx_word' id='word_1_559' title='bbox 2053 3671 2199 3725; x_wconf 83' lang='lat' dir='ltr'><strong>diem</strong></span> <span class='ocrx_word' id='word_1_560' title='bbox 2228 3681 2401 3726; x_wconf 90' lang='lat' dir='ltr'><strong>creat.</strong></span> <span class='ocrx_word' id='word_1_561' title='bbox 2431 3671 2563 3726; x_wconf 83' lang='lat' dir='ltr'><strong>Erat</strong></span> <span class='ocrx_word' id='word_1_562' title='bbox 2584 3672 2788 3742; x_wconf 86' lang='lat' dir='ltr'><strong>quippe</strong></span> <span class='ocrx_word' id='word_1_563' title='bbox 2813 3673 2922 3729; x_wconf 83' lang='lat' dir='ltr'><strong>hoc</strong></span> <span class='ocrx_word' id='word_1_564' title='bbox 2949 3674 3027 3729; x_wconf 88' lang='lat' dir='ltr'><strong>sie</strong></span> <span class='ocrx_word' id='word_1_565' title='bbox 3052 3689 3396 3744; x_wconf 89' lang='lat' dir='ltr'><strong>consequens</strong></span> <span class='ocrx_word' id='word_1_566' title='bbox 3424 3686 3479 3732; x_wconf 88' lang='lat' dir='ltr'><strong>et</strong></span> <span class='ocrx_word' id='word_1_567' title='bbox 3504 3695 3636 3734; x_wconf 90' lang='lat' dir='ltr'><strong>con-</strong></span> 
     </span>
    </p>
   </div>
   <div class='ocr_carea' id='block_1_84' title="bbox 2052 3766 3629 3836">
    <p class='ocr_par' dir='ltr' id='par_1_84' title="bbox 2052 3766 3629 3836">
     <span class='ocr_line' id='line_1_84' title="bbox 2052 3766 3629 3836; baseline 0.003 -21"><span class='ocrx_word' id='word_1_568' title='bbox 2052 3771 2404 3828; x_wconf 85' lang='lat' dir='ltr'><strong>sentaneum,</strong></span> <span class='ocrx_word' id='word_1_569' title='bbox 2443 3779 2554 3818; x_wconf 92' lang='lat' dir='ltr'><strong>non</strong></span> <span class='ocrx_word' id='word_1_570' title='bbox 2602 3772 2815 3820; x_wconf 86' lang='lat' dir='ltr'><strong>tantum</strong></span> <span class='ocrx_word' id='word_1_571' title='bbox 2871 3775 3100 3836; x_wconf 85' lang='lat' dir='ltr'><strong>prepter</strong></span> <span class='ocrx_word' id='word_1_572' title='bbox 3147 3766 3392 3821; x_wconf 86' lang='lat' dir='ltr'><strong>divinam</strong></span> <span class='ocrx_word' id='word_1_573' title='bbox 3443 3782 3629 3823; x_wconf 86' lang='lat' dir='ltr'><strong>rerum</strong></span> 
     </span>
    </p>
   </div>
   <div class='ocr_carea' id='block_1_85' title="bbox 2052 3853 3629 3930">
    <p class='ocr_par' dir='ltr' id='par_1_85' title="bbox 2052 3853 3629 3930">
     <span class='ocr_line' id='line_1_85' title="bbox 2052 3853 3629 3930; baseline 0.007 -26"><span class='ocrx_word' id='word_1_574' title='bbox 2052 3853 2300 3907; x_wconf 90' lang='lat' dir='ltr'><strong>omnium</strong></span> <span class='ocrx_word' id='word_1_575' title='bbox 2338 3853 2610 3925; x_wconf 89' lang='lat' dir='ltr'><strong>principis</strong></span> <span class='ocrx_word' id='word_1_576' title='bbox 2644 3853 2997 3923; x_wconf 87' lang='lat' dir='ltr'><strong>Trinitatem,</strong></span> <span class='ocrx_word' id='word_1_577' title='bbox 3039 3871 3231 3911; x_wconf 85' lang='lat' dir='ltr'><strong>verum</strong></span> <span class='ocrx_word' id='word_1_578' title='bbox 3275 3861 3441 3913; x_wconf 88' lang='lat' dir='ltr'><strong>etiam</strong></span> <span class='ocrx_word' id='word_1_579' title='bbox 3482 3861 3629 3930; x_wconf 87' lang='lat' dir='ltr'><strong>quod</strong></span> 
     </span>
    </p>
   </div>
   <div class='ocr_carea' id='block_1_86' title="bbox 2052 3944 3629 4014">
    <p class='ocr_par' dir='ltr' id='par_1_86' title="bbox 2052 3944 3629 4014">
     <span class='ocr_line' id='line_1_86' title="bbox 2052 3944 3629 4014; baseline 0.005 -15"><span class='ocrx_word' id='word_1_580' title='bbox 2052 3945 2248 4014; x_wconf 79' lang='lat' dir='ltr'><strong>ingens</strong></span> <span class='ocrx_word' id='word_1_581' title='bbox 2295 3944 2401 3999; x_wconf 89' lang='lat' dir='ltr'><strong>hoc</strong></span> <span class='ocrx_word' id='word_1_582' title='bbox 2447 3946 2890 4002; x_wconf 83' lang='lat' dir='ltr'><strong>rcsnscitationis</strong></span> <span class='ocrx_word' id='word_1_583' title='bbox 2923 3956 2981 4003; x_wconf 92' lang='lat' dir='ltr'><strong>et</strong></span> <span class='ocrx_word' id='word_1_584' title='bbox 3018 3950 3393 4007; x_wconf 89' lang='lat' dir='ltr'><strong>restitutionis</strong></span> <span class='ocrx_word' id='word_1_585' title='bbox 3439 3954 3629 4007; x_wconf 79' lang='lat' dir='ltr'><strong>mutuli</strong></span> 
     </span>
    </p>
   </div>
   <div class='ocr_carea' id='block_1_87' title="bbox 2051 4036 3632 4108">
    <p class='ocr_par' dir='ltr' id='par_1_87' title="bbox 2051 4036 3632 4108">
     <span class='ocr_line' id='line_1_87' title="bbox 2051 4036 3632 4108; baseline 0.005 -17"><span class='ocrx_word' id='word_1_586' title='bbox 2051 4051 2191 4106; x_wconf 88' lang='lat' dir='ltr'><strong>opus</strong></span> <span class='ocrx_word' id='word_1_587' title='bbox 2234 4036 2382 4108; x_wconf 90' lang='lat' dir='ltr'><strong>quod</strong></span> <span class='ocrx_word' id='word_1_588' title='bbox 2437 4037 2660 4092; x_wconf 90' lang='lat' dir='ltr'><strong>tertium</strong></span> <span class='ocrx_word' id='word_1_589' title='bbox 2713 4036 2769 4093; x_wconf 91' lang='lat' dir='ltr'><strong>in</strong></span> <span class='ocrx_word' id='word_1_590' title='bbox 2805 4038 3082 4097; x_wconf 87' lang='lat' dir='ltr'><strong>Trinitate</strong></span> <span class='ocrx_word' id='word_1_591' title='bbox 3126 4049 3210 4096; x_wconf 89' lang='lat' dir='ltr'><strong>est</strong></span> <span class='ocrx_word' id='word_1_592' title='bbox 3241 4041 3505 4108; x_wconf 80' lang='lat' dir='ltr'><strong>Verbum,</strong></span> <span class='ocrx_word' id='word_1_593' title='bbox 3540 4060 3632 4099; x_wconf 89' lang='lat' dir='ltr'><strong>ar-</strong></span> 
     </span>
    </p>
   </div>
   <div class='ocr_carea' id='block_1_88' title="bbox 2051 4132 3630 4205">
    <p class='ocr_par' dir='ltr' id='par_1_88' title="bbox 2051 4132 3630 4205">
     <span class='ocr_line' id='line_1_88' title="bbox 2051 4132 3630 4205; baseline 0.004 -17"><span class='ocrx_word' id='word_1_594' title='bbox 2051 4148 2188 4188; x_wconf 86' lang='lat' dir='ltr'><strong>cana</strong></span> <span class='ocrx_word' id='word_1_595' title='bbox 2222 4132 2543 4200; x_wconf 84' lang='lat' dir='ltr'><strong>admodum,</strong></span> <span class='ocrx_word' id='word_1_596' title='bbox 2578 4142 2640 4188; x_wconf 89' lang='lat' dir='ltr'><strong>ut</strong></span> <span class='ocrx_word' id='word_1_597' title='bbox 2683 4135 2849 4203; x_wconf 91' lang='lat' dir='ltr'><strong>paulo</strong></span> <span class='ocrx_word' id='word_1_598' title='bbox 2893 4143 3020 4191; x_wconf 89' lang='lat' dir='ltr'><strong>ante</strong></span> <span class='ocrx_word' id='word_1_599' title='bbox 3062 4140 3506 4205; x_wconf 86' lang='lat' dir='ltr'><strong>memoravimus,</strong></span> <span class='ocrx_word' id='word_1_600' title='bbox 3545 4156 3630 4194; x_wconf 89' lang='lat' dir='ltr'><strong>ra-</strong></span> 
     </span>
    </p>
   </div>
   <div class='ocr_carea' id='block_1_89' title="bbox 2053 4224 3624 4296">
    <p class='ocr_par' dir='ltr' id='par_1_89' title="bbox 2053 4224 3624 4296">
     <span class='ocr_line' id='line_1_89' title="bbox 2053 4224 3624 4296; baseline 0.004 -17"><span class='ocrx_word' id='word_1_601' title='bbox 2053 4224 2203 4279; x_wconf 88' lang='lat' dir='ltr'><strong>tione</strong></span> <span class='ocrx_word' id='word_1_602' title='bbox 2253 4224 2491 4293; x_wconf 79' lang='lat' dir='ltr'><strong>peregit.</strong></span> <span class='ocrx_word' id='word_1_603' title='bbox 2540 4225 2753 4279; x_wconf 90' lang='lat' dir='ltr'><strong>Dictum</strong></span> <span class='ocrx_word' id='word_1_604' title='bbox 2808 4235 3070 4295; x_wconf 65' lang='lat' dir='ltr'><strong>prazterea</strong></span> <span class='ocrx_word' id='word_1_605' title='bbox 3117 4243 3147 4282; x_wconf 89' lang='lat' dir='ltr'><strong>a</strong></span> <span class='ocrx_word' id='word_1_606' title='bbox 3189 4231 3472 4285; x_wconf 88' lang='lat' dir='ltr'><strong>nonnullis</strong></span> <span class='ocrx_word' id='word_1_607' title='bbox 3519 4240 3624 4296; x_wconf 87' lang='lat' dir='ltr'><strong>est,</strong></span> 
     </span>
    </p>
   </div>
   <div class='ocr_carea' id='block_1_90' title="bbox 2050 4315 3627 4392">
    <p class='ocr_par' dir='ltr' id='par_1_90' title="bbox 2050 4315 3627 4392">
     <span class='ocr_line' id='line_1_90' title="bbox 2050 4315 3627 4392; baseline 0.004 -22"><span class='ocrx_word' id='word_1_608' title='bbox 2050 4316 2264 4370; x_wconf 90' lang='lat' dir='ltr'><strong>decima</strong></span> <span class='ocrx_word' id='word_1_609' title='bbox 2299 4315 2368 4369; x_wconf 87' lang='lat' dir='ltr'><strong>ab</strong></span> <span class='ocrx_word' id='word_1_610' title='bbox 2400 4316 2746 4370; x_wconf 83' lang='lat' dir='ltr'><strong>Ascensione</strong></span> <span class='ocrx_word' id='word_1_611' title='bbox 2781 4315 2871 4372; x_wconf 90' lang='lat' dir='ltr'><strong>die</strong></span> <span class='ocrx_word' id='word_1_612' title='bbox 2906 4316 3197 4385; x_wconf 88' lang='lat' dir='ltr'><strong>Spiritum,</strong></span> <span class='ocrx_word' id='word_1_613' title='bbox 3228 4320 3396 4374; x_wconf 89' lang='lat' dir='ltr'><strong>alium</strong></span> <span class='ocrx_word' id='word_1_614' title='bbox 3422 4322 3627 4392; x_wconf 87' lang='lat' dir='ltr'><strong>quippe</strong></span> 
     </span>
    </p>
   </div>
   <div class='ocr_carea' id='block_1_91' title="bbox 2046 4405 3626 4479">
    <p class='ocr_par' dir='ltr' id='par_1_91' title="bbox 2046 4405 3626 4479">
     <span class='ocr_line' id='line_1_91' title="bbox 2046 4405 3626 4479; baseline 0.004 -18"><span class='ocrx_word' id='word_1_615' title='bbox 2046 4405 2413 4472; x_wconf 85' lang='lat' dir='ltr'><strong>Paracletum,</strong></span> <span class='ocrx_word' id='word_1_616' title='bbox 2465 4414 2759 4476; x_wconf 87' lang='lat' dir='ltr'><strong>propterea</strong></span> <span class='ocrx_word' id='word_1_617' title='bbox 2812 4409 3053 4473; x_wconf 87' lang='lat' dir='ltr'><strong>venisse,</strong></span> <span class='ocrx_word' id='word_1_618' title='bbox 3100 4409 3251 4479; x_wconf 87' lang='lat' dir='ltr'><strong>quod</strong></span> <span class='ocrx_word' id='word_1_619' title='bbox 3309 4424 3626 4470; x_wconf 82' lang='lat' dir='ltr'><strong>revertente</strong></span> 
     </span>
    </p>
   </div>
   <div class='ocr_carea' id='block_1_92' title="bbox 2048 4495 3622 4569">
    <p class='ocr_par' dir='ltr' id='par_1_92' title="bbox 2048 4495 3622 4569">
     <span class='ocr_line' id='line_1_92' title="bbox 2048 4495 3622 4569; baseline 0.004 -19"><span class='ocrx_word' id='word_1_620' title='bbox 2048 4510 2175 4550; x_wconf 90' lang='lat' dir='ltr'><strong>cum</strong></span> <span class='ocrx_word' id='word_1_621' title='bbox 2213 4495 2464 4551; x_wconf 81' lang='lat' dir='ltr'><strong>deiﬁcata</strong></span> <span class='ocrx_word' id='word_1_622' title='bbox 2509 4495 2871 4552; x_wconf 88' lang='lat' dir='ltr'><strong>humanitatis</strong></span> <span class='ocrx_word' id='word_1_623' title='bbox 2917 4499 3232 4553; x_wconf 86' lang='lat' dir='ltr'><strong>accessione</strong></span> <span class='ocrx_word' id='word_1_624' title='bbox 3276 4500 3387 4557; x_wconf 90' lang='lat' dir='ltr'><strong>Deo</strong></span> <span class='ocrx_word' id='word_1_625' title='bbox 3418 4502 3622 4569; x_wconf 84' lang='lat' dir='ltr'><strong>Verbo,</strong></span> 
     </span>
    </p>
   </div>
   <div class='ocr_carea' id='block_1_93' title="bbox 2048 4587 3625 4659">
    <p class='ocr_par' dir='ltr' id='par_1_93' title="bbox 2048 4587 3625 4659">
     <span class='ocr_line' id='line_1_93' title="bbox 2048 4587 3625 4659; baseline 0.005 -17"><span class='ocrx_word' id='word_1_626' title='bbox 2048 4602 2117 4642; x_wconf 80' lang='lat' dir='ltr'><strong>ex</strong></span> <span class='ocrx_word' id='word_1_627' title='bbox 2167 4588 2466 4643; x_wconf 87' lang='lat' dir='ltr'><strong>novenaria</strong></span> <span class='ocrx_word' id='word_1_628' title='bbox 2518 4587 2829 4657; x_wconf 90' lang='lat' dir='ltr'><strong>principum</strong></span> <span class='ocrx_word' id='word_1_629' title='bbox 2883 4590 3204 4658; x_wconf 78' lang='lat' dir='ltr'><strong>angelorum</strong></span> <span class='ocrx_word' id='word_1_630' title='bbox 3249 4592 3445 4659; x_wconf 86' lang='lat' dir='ltr'><strong>classe,</strong></span> <span class='ocrx_word' id='word_1_631' title='bbox 3489 4597 3625 4650; x_wconf 90' lang='lat' dir='ltr'><strong>ordo</strong></span> 
     </span>
    </p>
   </div>
   <div class='ocr_carea' id='block_1_94' title="bbox 2049 4680 3626 4751">
    <p class='ocr_par' dir='ltr' id='par_1_94' title="bbox 2049 4680 3626 4751">
     <span class='ocr_line' id='line_1_94' title="bbox 2049 4680 3626 4751; baseline 0.006 -16"><span class='ocrx_word' id='word_1_632' title='bbox 2049 4680 2284 4751; x_wconf 90' lang='lat' dir='ltr'><strong>quilibet</strong></span> <span class='ocrx_word' id='word_1_633' title='bbox 2318 4694 2568 4735; x_wconf 64' lang='lat' dir='ltr'><strong>seorsum</strong></span> <span class='ocrx_word' id='word_1_634' title='bbox 2608 4680 2900 4746; x_wconf 85' lang='lat' dir='ltr'><strong>accedens,</strong></span> <span class='ocrx_word' id='word_1_635' title='bbox 2943 4684 3243 4738; x_wconf 85' lang='lat' dir='ltr'><strong>acccssioni</strong></span> <span class='ocrx_word' id='word_1_636' title='bbox 3276 4686 3326 4740; x_wconf 91' lang='lat' dir='ltr'><strong>ei</strong></span> <span class='ocrx_word' id='word_1_637' title='bbox 3359 4686 3626 4744; x_wconf 69' lang='lat' dir='ltr'><strong>deiﬁcatae</strong></span> 
     </span>
    </p>
   </div>
   <div class='ocr_carea' id='block_1_95' title="bbox 368 4772 1949 4851">
    <p class='ocr_par' dir='ltr' id='par_1_95' title="bbox 368 4773 1939 4848">
     <span class='ocr_line' id='line_1_95' title="bbox 368 4773 1939 4848; baseline -0.001 -17"><span class='ocrx_word' id='word_1_638' title='bbox 368 4778 530 4833; x_wconf 75' lang='grc' dir='ltr'>Οὕτω</span> <span class='ocrx_word' id='word_1_639' title='bbox 580 4779 680 4848; x_wconf 84' lang='grc' dir='ltr'>μὲν</span> <span class='ocrx_word' id='word_1_640' title='bbox 725 4773 819 4831; x_wconf 85' lang='grc' dir='ltr'>οὖν</span> <span class='ocrx_word' id='word_1_641' title='bbox 853 4776 1092 4845; x_wconf 82' lang='grc' dir='ltr'>ἐπῆλθεν</span> <span class='ocrx_word' id='word_1_642' title='bbox 1133 4775 1267 4845; x_wconf 85' lang='grc' dir='ltr'>ἡμῖν</span> <span class='ocrx_word' id='word_1_643' title='bbox 1304 4775 1435 4846; x_wconf 72' lang='grc' dir='ltr'>περὶ</span> <span class='ocrx_word' id='word_1_644' title='bbox 1476 4773 1686 4829; x_wconf 86' lang='grc' dir='ltr'>τούτων</span> <span class='ocrx_word' id='word_1_645' title='bbox 1727 4777 1939 4845; x_wconf 57' lang='grc' dir='ltr'>είπεῖνς</span> 
     </span>
    </p>
   </div>
   <div class='ocr_carea' id='block_1_96' title="bbox 2053 4772 3681 4851">
    <p class='ocr_par' dir='ltr' id='par_1_96' title="bbox 2053 4772 3681 4851">
     <span class='ocr_line' id='line_1_96' title="bbox 2053 4772 3681 4851; baseline 0.006 -23"><span class='ocrx_word' id='word_1_646' title='bbox 2053 4788 2159 4828; x_wconf 88' lang='lat' dir='ltr'><strong>una</strong></span> <span class='ocrx_word' id='word_1_647' title='bbox 2187 4788 2314 4828; x_wconf 91' lang='lat' dir='ltr'><strong>cum</strong></span> <span class='ocrx_word' id='word_1_648' title='bbox 2346 4772 2533 4827; x_wconf 89' lang='lat' dir='ltr'><strong>divino</strong></span> <span class='ocrx_word' id='word_1_649' title='bbox 2565 4772 2746 4828; x_wconf 81' lang='lat' dir='ltr'><strong>Verbo</strong></span> <span class='ocrx_word' id='word_1_650' title='bbox 2780 4772 2882 4843; x_wconf 82' lang='lat' dir='ltr'><strong>(l),</strong></span> <span class='ocrx_word' id='word_1_651' title='bbox 2915 4773 3154 4830; x_wconf 90' lang='lat' dir='ltr'><strong>debitam</strong></span> <span class='ocrx_word' id='word_1_652' title='bbox 3191 4780 3423 4834; x_wconf 90' lang='lat' dir='ltr'><strong>sacrarit</strong></span> <span class='ocrx_word' id='word_1_653' title='bbox 3460 4790 3627 4851; x_wconf 82' lang='lat' dir='ltr'><strong>atque</strong></span> <span class='ocrx_word' id='word_1_654' title='bbox 3676 4846 3681 4851; x_wconf 39' lang='grc'><strong>,</strong></span> 
     </span>
    </p>
   </div>
   <div class='ocr_carea' id='block_1_97' title="bbox 365 4866 1939 4938">
    <p class='ocr_par' dir='ltr' id='par_1_97' title="bbox 365 4866 1939 4938">
     <span class='ocr_line' id='line_1_97' title="bbox 365 4866 1939 4938; baseline -0.001 -14"><span class='ocrx_word' id='word_1_655' title='bbox 365 4872 521 4924; x_wconf 76' lang='grc' dir='ltr'>οὐδὲν</span> <span class='ocrx_word' id='word_1_656' title='bbox 556 4873 669 4938; x_wconf 74' lang='grc' dir='ltr'><strong>γὰρ</strong></span> <span class='ocrx_word' id='word_1_657' title='bbox 713 4871 837 4938; x_wconf 78' lang='grc' dir='ltr'>εἰκῆ</span> <span class='ocrx_word' id='word_1_658' title='bbox 871 4870 997 4922; x_wconf 76' lang='grc' dir='ltr'>οὐδὲ</span> <span class='ocrx_word' id='word_1_659' title='bbox 1042 4866 1365 4938; x_wconf 82' lang='grc' dir='ltr'>ἀθεώρητον</span> <span class='ocrx_word' id='word_1_660' title='bbox 1404 4868 1433 4920; x_wconf 86' lang='grc' dir='ltr'>ὁ</span> <span class='ocrx_word' id='word_1_661' title='bbox 1472 4866 1650 4935; x_wconf 89' lang='grc' dir='ltr'>Λόγος</span> <span class='ocrx_word' id='word_1_662' title='bbox 1678 4867 1939 4938; x_wconf 77' lang='grc' dir='ltr'>ἐπλήρου.</span> 
     </span>
    </p>
   </div>
   <div class='ocr_carea' id='block_1_98' title="bbox 368 4959 1942 5030">
    <p class='ocr_par' dir='ltr' id='par_1_98' title="bbox 368 4959 1942 5030">
     <span class='ocr_line' id='line_1_98' title="bbox 368 4959 1942 5030; baseline -0.003 -14"><span class='ocrx_word' id='word_1_663' title='bbox 368 4964 430 5016; x_wconf 81' lang='lat' dir='ltr'><strong>Et</strong></span> <span class='ocrx_word' id='word_1_664' title='bbox 469 4964 525 5017; x_wconf 88' lang='grc' dir='ltr'><strong>δέ</strong></span> <span class='ocrx_word' id='word_1_665' title='bbox 558 4981 614 5016; x_wconf 91' lang='grc' dir='ltr'><strong>τι</strong></span> <span class='ocrx_word' id='word_1_666' title='bbox 653 4964 749 5016; x_wconf 82' lang='grc' dir='ltr'>καὶ</span> <span class='ocrx_word' id='word_1_667' title='bbox 782 4961 911 5015; x_wconf 74' lang='grc' dir='ltr'>ἄλλο</span> <span class='ocrx_word' id='word_1_668' title='bbox 941 4959 1326 5030; x_wconf 68' lang='grc' dir='ltr'>μυστηριῶδες</span> <span class='ocrx_word' id='word_1_669' title='bbox 1377 4960 1549 5025; x_wconf 78' lang='grc' dir='ltr'>ἐστιν,</span> <span class='ocrx_word' id='word_1_670' title='bbox 1584 4960 1814 5024; x_wconf 80' lang='grc' dir='ltr'>ἐπάξιον</span> <span class='ocrx_word' id='word_1_671' title='bbox 1839 4960 1942 5027; x_wconf 83' lang='grc' dir='ltr'>τῆς</span> 
     </span>
    </p>
   </div>
   <div class='ocr_carea' id='block_1_99' title="bbox 376 5047 1940 5125">
    <p class='ocr_par' dir='ltr' id='par_1_99' title="bbox 376 5047 1940 5125">
     <span class='ocr_line' id='line_1_99' title="bbox 376 5047 1940 5125; baseline -0.004 -17"><span class='ocrx_word' id='word_1_672' title='bbox 376 5054 552 5125; x_wconf 76' lang='grc' dir='ltr'>Ἰησοῦ</span> <span class='ocrx_word' id='word_1_673' title='bbox 599 5052 840 5124; x_wconf 81' lang='grc' dir='ltr'>Χριστοῦ</span> <span class='ocrx_word' id='word_1_674' title='bbox 878 5051 1200 5119; x_wconf 79' lang='grc' dir='ltr'>φιλότητος,</span> <span class='ocrx_word' id='word_1_675' title='bbox 1231 5047 1423 5101; x_wconf 78' lang='grc' dir='ltr'>εἰδεῖεν</span> <span class='ocrx_word' id='word_1_676' title='bbox 1454 5049 1522 5101; x_wconf 71' lang='grc' dir='ltr'>ἂν</span> <span class='ocrx_word' id='word_1_677' title='bbox 1563 5049 1614 5102; x_wconf 80' lang='grc' dir='ltr'>οἱ</span> <span class='ocrx_word' id='word_1_678' title='bbox 1663 5050 1742 5111; x_wconf 84' lang='grc' dir='ltr'><strong>είς</strong></span> <span class='ocrx_word' id='word_1_679' title='bbox 1776 5047 1940 5117; x_wconf 79' lang='grc' dir='ltr'>βάθος</span> 
     </span>
    </p>
   </div>
   <div class='ocr_carea' id='block_1_100' title="bbox 368 5139 1943 5216">
    <p class='ocr_par' dir='ltr' id='par_1_100' title="bbox 368 5139 1943 5216">
     <span class='ocr_line' id='line_1_100' title="bbox 368 5139 1943 5216; baseline -0.001 -18"><span class='ocrx_word' id='word_1_680' title='bbox 368 5146 595 5216; x_wconf 81' lang='grc' dir='ltr'>θεωροῖς</span> <span class='ocrx_word' id='word_1_681' title='bbox 643 5145 947 5215; x_wconf 74' lang='grc' dir='ltr'>ὀφθαλμοῖς</span> <span class='ocrx_word' id='word_1_682' title='bbox 995 5144 1109 5206; x_wconf 89' lang='grc' dir='ltr'>τοῖς</span> <span class='ocrx_word' id='word_1_683' title='bbox 1166 5141 1504 5212; x_wconf 76' lang='grc' dir='ltr'>ἀπορρήτοις</span> <span class='ocrx_word' id='word_1_684' title='bbox 1562 5139 1671 5193; x_wconf 84' lang='grc' dir='ltr'><strong>τῶν</strong></span> <span class='ocrx_word' id='word_1_685' title='bbox 1726 5140 1943 5207; x_wconf 86' lang='grc' dir='ltr'>θεωδῶς</span> 
     </span>
    </p>
   </div>
   <div class='ocr_carea' id='block_1_101' title="bbox 361 5236 1136 5308">
    <p class='ocr_par' dir='ltr' id='par_1_101' title="bbox 361 5236 1136 5308">
     <span class='ocr_line' id='line_1_101' title="bbox 361 5236 1136 5308; baseline -0.005 -17"><span class='ocrx_word' id='word_1_686' title='bbox 361 5240 708 5308; x_wconf 80' lang='grc' dir='ltr'>τελουμένων</span> <span class='ocrx_word' id='word_1_687' title='bbox 742 5236 1078 5304; x_wconf 82' lang='grc' dir='ltr'>ὲγκύπτοντε</span> <span class='ocrx_word' id='word_1_688' title='bbox 1088 5250 1136 5297; x_wconf 90' lang='grc' dir='ltr'><strong>ς.</strong></span> 
     </span>
    </p>
   </div>
   <div class='ocr_carea' id='block_1_102' title="bbox 2046 4864 3626 4941">
    <p class='ocr_par' dir='ltr' id='par_1_102' title="bbox 2046 4864 3626 4941">
     <span class='ocr_line' id='line_1_102' title="bbox 2046 4864 3626 4941; baseline -0.002 -20"><span class='ocrx_word' id='word_1_689' title='bbox 2046 4865 2367 4936; x_wconf 64' lang='lat' dir='ltr'><strong>praestiterit</strong></span> <span class='ocrx_word' id='word_1_690' title='bbox 2411 4864 2791 4921; x_wconf 87' lang='lat' dir='ltr'><strong>adorationem</strong></span> <span class='ocrx_word' id='word_1_691' title='bbox 2828 4883 2844 4921; x_wconf 88' lang='lat'><strong>:</strong></span> <span class='ocrx_word' id='word_1_692' title='bbox 2884 4866 3090 4938; x_wconf 86' lang='lat' dir='ltr'><strong>quippe</strong></span> <span class='ocrx_word' id='word_1_693' title='bbox 3136 4886 3257 4941; x_wconf 74' lang='lat' dir='ltr'><strong>quae</strong></span> <span class='ocrx_word' id='word_1_694' title='bbox 3293 4889 3383 4929; x_wconf 91' lang='lat' dir='ltr'><strong>res</strong></span> <span class='ocrx_word' id='word_1_695' title='bbox 3429 4891 3626 4930; x_wconf 87' lang='lat' dir='ltr'><strong>recon-</strong></span> 
     </span>
    </p>
   </div>
   <div class='ocr_carea' id='block_1_103' title="bbox 2047 4957 3687 5036">
    <p class='ocr_par' dir='ltr' id='par_1_103' title="bbox 2047 4957 3687 5036">
     <span class='ocr_line' id='line_1_103' title="bbox 2047 4957 3687 5036; baseline 0.004 -21"><span class='ocrx_word' id='word_1_696' title='bbox 2047 4958 2383 5015; x_wconf 87' lang='lat' dir='ltr'><strong>ciliationem</strong></span> <span class='ocrx_word' id='word_1_697' title='bbox 2422 4957 2640 5027; x_wconf 79' lang='lat' dir='ltr'><strong>generis</strong></span> <span class='ocrx_word' id='word_1_698' title='bbox 2688 4960 2863 5012; x_wconf 90' lang='lat' dir='ltr'><strong>nostri</strong></span> <span class='ocrx_word' id='word_1_699' title='bbox 2925 4962 3333 5031; x_wconf 84' lang='lat' dir='ltr'><strong>sapientissime</strong></span> <span class='ocrx_word' id='word_1_700' title='bbox 3385 4967 3623 5036; x_wconf 90' lang='lat' dir='ltr'><strong>optime-</strong></span> <span class='ocrx_word' id='word_1_701' title='bbox 3678 4994 3687 5000; x_wconf 94' lang='lat'><strong>-</strong></span> 
     </span>
    </p>
   </div>
   <div class='ocr_carea' id='block_1_104' title="bbox 2046 5048 3625 5127">
    <p class='ocr_par' dir='ltr' id='par_1_104' title="bbox 2046 5048 3625 5127">
     <span class='ocr_line' id='line_1_104' title="bbox 2046 5048 3625 5127; baseline 0.003 -21"><span class='ocrx_word' id='word_1_702' title='bbox 2046 5066 2157 5122; x_wconf 90' lang='lat' dir='ltr'><strong>que</strong></span> <span class='ocrx_word' id='word_1_703' title='bbox 2197 5048 2634 5105; x_wconf 87' lang='lat' dir='ltr'><strong>administrarit:</strong></span> <span class='ocrx_word' id='word_1_704' title='bbox 2675 5048 2836 5121; x_wconf 67' lang='grc'><strong>124</strong></span> <span class='ocrx_word' id='word_1_705' title='bbox 2867 5057 2925 5105; x_wconf 91' lang='lat' dir='ltr'><strong>et</strong></span> <span class='ocrx_word' id='word_1_706' title='bbox 2956 5062 3147 5120; x_wconf 87' lang='lat' dir='ltr'><strong>postea</strong></span> <span class='ocrx_word' id='word_1_707' title='bbox 3193 5056 3347 5126; x_wconf 84' lang='lat' dir='ltr'><strong>juxta</strong></span> <span class='ocrx_word' id='word_1_708' title='bbox 3389 5060 3625 5127; x_wconf 88' lang='lat' dir='ltr'><strong>promis-</strong></span> 
     </span>
    </p>
   </div>
   <div class='ocr_carea' id='block_1_105' title="bbox 2046 5140 3621 5209">
    <p class='ocr_par' dir='ltr' id='par_1_105' title="bbox 2046 5140 3621 5209">
     <span class='ocr_line' id='line_1_105' title="bbox 2046 5140 3621 5209; baseline 0.003 -10"><span class='ocrx_word' id='word_1_709' title='bbox 2046 5145 2293 5209; x_wconf 87' lang='lat' dir='ltr'><strong>sionem,</strong></span> <span class='ocrx_word' id='word_1_710' title='bbox 2343 5140 2596 5196; x_wconf 88' lang='lat' dir='ltr'><strong>divinum</strong></span> <span class='ocrx_word' id='word_1_711' title='bbox 2655 5142 2886 5196; x_wconf 89' lang='lat' dir='ltr'><strong>missum</strong></span> <span class='ocrx_word' id='word_1_712' title='bbox 2945 5159 3069 5200; x_wconf 73' lang='lat' dir='ltr'><strong>esse</strong></span> <span class='ocrx_word' id='word_1_713' title='bbox 3118 5147 3483 5204; x_wconf 89' lang='lat' dir='ltr'><strong>Paracletum.</strong></span> <span class='ocrx_word' id='word_1_714' title='bbox 3541 5152 3621 5206; x_wconf 82' lang='lat' dir='ltr'><strong>Ad</strong></span> 
     </span>
    </p>
   </div>
   <div class='ocr_carea' id='block_1_106' title="bbox 2048 5233 3621 5305">
    <p class='ocr_par' dir='ltr' id='par_1_106' title="bbox 2048 5233 3621 5305">
     <span class='ocr_line' id='line_1_106' title="bbox 2048 5233 3621 5305; baseline 0.004 -17"><span class='ocrx_word' id='word_1_715' title='bbox 2048 5238 2198 5294; x_wconf 90' lang='lat' dir='ltr'><strong>hunc</strong></span> <span class='ocrx_word' id='word_1_716' title='bbox 2222 5234 2447 5305; x_wconf 90' lang='lat' dir='ltr'><strong>quidem</strong></span> <span class='ocrx_word' id='word_1_717' title='bbox 2489 5233 2712 5288; x_wconf 83' lang='lat' dir='ltr'><strong>modum</strong></span> <span class='ocrx_word' id='word_1_718' title='bbox 2745 5235 2905 5291; x_wconf 86' lang='lat' dir='ltr'><strong>nobis</strong></span> <span class='ocrx_word' id='word_1_719' title='bbox 2936 5237 3052 5292; x_wconf 64' lang='lat' dir='ltr'><strong>haec</strong></span> <span class='ocrx_word' id='word_1_720' title='bbox 3083 5238 3270 5295; x_wconf 86' lang='lat' dir='ltr'><strong>dicere</strong></span> <span class='ocrx_word' id='word_1_721' title='bbox 3301 5239 3353 5294; x_wconf 89' lang='lat' dir='ltr'><strong>in</strong></span> <span class='ocrx_word' id='word_1_722' title='bbox 3383 5254 3621 5297; x_wconf 79' lang='lat' dir='ltr'><strong>utentem</strong></span> 
     </span>
    </p>
   </div>
   <div class='ocr_carea' id='block_1_107' title="bbox 364 5329 3623 5412">
    <p class='ocr_par' dir='ltr' id='par_1_107' title="bbox 364 5329 3623 5412">
     <span class='ocr_line' id='line_1_107' title="bbox 364 5329 3623 5412; baseline 0.003 -25"><span class='ocrx_word' id='word_1_723' title='bbox 364 5334 555 5398; x_wconf 86' lang='lat' dir='ltr'><strong>venit;</strong></span> <span class='ocrx_word' id='word_1_724' title='bbox 585 5333 721 5387; x_wconf 84' lang='lat' dir='ltr'><strong>nihil</strong></span> <span class='ocrx_word' id='word_1_725' title='bbox 752 5332 900 5387; x_wconf 89' lang='lat' dir='ltr'><strong>enim</strong></span> <span class='ocrx_word' id='word_1_726' title='bbox 935 5340 1167 5395; x_wconf 90' lang='lat' dir='ltr'><strong>temere,</strong></span> <span class='ocrx_word' id='word_1_727' title='bbox 1232 5339 1328 5385; x_wconf 90' lang='lat' dir='ltr'><strong>aut</strong></span> <span class='ocrx_word' id='word_1_728' title='bbox 1392 5329 1531 5385; x_wconf 86' lang='lat' dir='ltr'><strong>citra</strong></span> <span class='ocrx_word' id='word_1_729' title='bbox 1604 5330 1943 5401; x_wconf 77' lang='lat' dir='ltr'><strong>singularem</strong></span> <span class='ocrx_word' id='word_1_730' title='bbox 1980 5334 2214 5406; x_wconf 79' lang='lat' dir='ltr'><strong>insignis</strong></span> <span class='ocrx_word' id='word_1_731' title='bbox 2258 5332 2720 5393; x_wconf 86' lang='lat' dir='ltr'><strong>considerationis</strong></span> <span class='ocrx_word' id='word_1_732' title='bbox 2771 5341 3331 5412; x_wconf 81' lang='lat' dir='ltr'><strong>contemplationem,</strong></span> <span class='ocrx_word' id='word_1_733' title='bbox 3387 5344 3623 5398; x_wconf 66' lang='lat' dir='ltr'><strong>Verbum</strong></span> 
     </span>
    </p>
   </div>
   <div class='ocr_carea' id='block_1_108' title="bbox 440 5472 1940 5546">
    <p class='ocr_par' dir='ltr' id='par_1_108' title="bbox 440 5472 1940 5546">
     <span class='ocr_line' id='line_1_108' title="bbox 440 5472 1940 5546; baseline 0.002 -20"><span class='ocrx_word' id='word_1_734' title='bbox 440 5473 515 5546; x_wconf 87' lang='lat' dir='ltr'><strong>(I)</strong></span> <span class='ocrx_word' id='word_1_735' title='bbox 556 5473 837 5546; x_wconf 71' lang='lat' dir='ltr'><strong>Descripta</strong></span> <span class='ocrx_word' id='word_1_736' title='bbox 873 5484 1001 5546; x_wconf 84' lang='lat' dir='ltr'><strong>sunt</strong></span> <span class='ocrx_word' id='word_1_737' title='bbox 1027 5474 1224 5546; x_wconf 70' lang='lat' dir='ltr'><strong>haece:</strong></span> <span class='ocrx_word' id='word_1_738' title='bbox 1255 5473 1536 5529; x_wconf 88' lang='lat' dir='ltr'><strong>veteribus</strong></span> <span class='ocrx_word' id='word_1_739' title='bbox 1560 5472 1763 5546; x_wconf 81' lang='lat' dir='ltr'><strong>Graecis</strong></span> <span class='ocrx_word' id='word_1_740' title='bbox 1786 5473 1940 5529; x_wconf 84' lang='lat' dir='ltr'><strong>theo-</strong></span> 
     </span>
    </p>
   </div>
   <div class='ocr_carea' id='block_1_109' title="bbox 364 5543 1940 5615">
    <p class='ocr_par' dir='ltr' id='par_1_109' title="bbox 364 5543 1940 5615">
     <span class='ocr_line' id='line_1_109' title="bbox 364 5543 1940 5615; baseline 0 -17"><span class='ocrx_word' id='word_1_741' title='bbox 364 5543 521 5615; x_wconf 77' lang='lat' dir='ltr'><strong>logis.</strong></span> <span class='ocrx_word' id='word_1_742' title='bbox 552 5543 692 5610; x_wconf 81' lang='lat' dir='ltr'><strong>Quid</strong></span> <span class='ocrx_word' id='word_1_743' title='bbox 729 5560 862 5599; x_wconf 88' lang='lat' dir='ltr'><strong>vero</strong></span> <span class='ocrx_word' id='word_1_744' title='bbox 892 5544 958 5615; x_wconf 87' lang='lat' dir='ltr'><strong>ad</strong></span> <span class='ocrx_word' id='word_1_745' title='bbox 1003 5559 1068 5615; x_wconf 84' lang='lat' dir='ltr'><strong>ea</strong></span> <span class='ocrx_word' id='word_1_746' title='bbox 1094 5544 1305 5615; x_wconf 67' lang='lat' dir='ltr'><strong>dicent</strong></span> <span class='ocrx_word' id='word_1_747' title='bbox 1336 5553 1538 5597; x_wconf 73' lang='lat' dir='ltr'><strong>nostra:</strong></span> <span class='ocrx_word' id='word_1_748' title='bbox 1570 5543 1750 5615; x_wconf 82' lang='lat' dir='ltr'><strong>aetatis</strong></span> <span class='ocrx_word' id='word_1_749' title='bbox 1785 5546 1940 5615; x_wconf 87' lang='lat' dir='ltr'><strong>theo-</strong></span> 
     </span>
    </p>
   </div>
   <div class='ocr_carea' id='block_1_110' title="bbox 360 5613 1938 5684">
    <p class='ocr_par' dir='ltr' id='par_1_110' title="bbox 360 5613 1938 5684">
     <span class='ocr_line' id='line_1_110' title="bbox 360 5613 1938 5684; baseline 0.003 -21"><span class='ocrx_word' id='word_1_750' title='bbox 360 5613 491 5684; x_wconf 71' lang='lat' dir='ltr'><strong>logi,</strong></span> <span class='ocrx_word' id='word_1_751' title='bbox 524 5616 616 5683; x_wconf 84' lang='lat' dir='ltr'><strong>qui</strong></span> <span class='ocrx_word' id='word_1_752' title='bbox 649 5629 869 5668; x_wconf 86' lang='lat' dir='ltr'><strong>carnem</strong></span> <span class='ocrx_word' id='word_1_753' title='bbox 899 5614 1105 5684; x_wconf 79' lang='lat' dir='ltr'><strong>Christi</strong></span> <span class='ocrx_word' id='word_1_754' title='bbox 1133 5613 1515 5684; x_wconf 77' lang='lat' dir='ltr'><strong>gloriﬁcatam,</strong></span> <span class='ocrx_word' id='word_1_755' title='bbox 1542 5623 1677 5675; x_wconf 86' lang='lat' dir='ltr'><strong>etc.,</strong></span> <span class='ocrx_word' id='word_1_756' title='bbox 1703 5613 1938 5684; x_wconf 82' lang='lat' dir='ltr'><strong>inordi-</strong></span> 
     </span>
    </p>
   </div>
   <div class='ocr_carea' id='block_1_111' title="bbox 278 5682 1930 5753">
    <p class='ocr_par' dir='ltr' id='par_1_111' title="bbox 278 5682 1930 5753">
     <span class='ocr_line' id='line_1_111' title="bbox 278 5682 1930 5753; baseline -0.001 -15"><span class='ocrx_word' id='word_1_757' title='bbox 278 5712 295 5725; x_wconf 91' lang='lat'><strong>-</strong></span> <span class='ocrx_word' id='word_1_758' title='bbox 361 5682 487 5738; x_wconf 64' lang='lat' dir='ltr'><strong>nein</strong></span> <span class='ocrx_word' id='word_1_759' title='bbox 525 5692 901 5753; x_wconf 87' lang='lat' dir='ltr'><strong>creaturarum</strong></span> <span class='ocrx_word' id='word_1_760' title='bbox 935 5683 1208 5753; x_wconf 77' lang='lat' dir='ltr'><strong>redigunt,</strong></span> <span class='ocrx_word' id='word_1_761' title='bbox 1244 5692 1299 5737; x_wconf 89' lang='lat' dir='ltr'><strong>et</strong></span> <span class='ocrx_word' id='word_1_762' title='bbox 1323 5682 1701 5737; x_wconf 86' lang='lat' dir='ltr'><strong>adorationem</strong></span> <span class='ocrx_word' id='word_1_763' title='bbox 1729 5683 1930 5753; x_wconf 86' lang='lat' dir='ltr'><strong>ejusin</strong></span> 
     </span>
    </p>
   </div>
   <div class='ocr_carea' id='block_1_112' title="bbox 359 5752 1932 5821">
    <p class='ocr_par' dir='ltr' id='par_1_112' title="bbox 359 5752 1932 5821">
     <span class='ocr_line' id='line_1_112' title="bbox 359 5752 1932 5821; baseline 0 -15"><span class='ocrx_word' id='word_1_764' title='bbox 359 5753 590 5808; x_wconf 87' lang='lat' dir='ltr'><strong>dubium</strong></span> <span class='ocrx_word' id='word_1_765' title='bbox 624 5752 863 5807; x_wconf 77' lang='lat' dir='ltr'><strong>vocant?</strong></span> <span class='ocrx_word' id='word_1_766' title='bbox 908 5772 926 5805; x_wconf 78' lang='grc' dir='ltr'><strong>ι</strong></span> <span class='ocrx_word' id='word_1_767' title='bbox 976 5752 1160 5821; x_wconf 81' lang='lat' dir='ltr'><strong>Agunt</strong></span> <span class='ocrx_word' id='word_1_768' title='bbox 1193 5754 1247 5806; x_wconf 92' lang='lat' dir='ltr'><strong>in</strong></span> <span class='ocrx_word' id='word_1_769' title='bbox 1293 5752 1613 5807; x_wconf 70' lang='lat' dir='ltr'><strong>cmlestibus</strong></span> <span class='ocrx_word' id='word_1_770' title='bbox 1652 5752 1932 5820; x_wconf 88' lang='lat' dir='ltr'><strong>paschalia</strong></span> 
     </span>
    </p>
   </div>
   <div class='ocr_carea' id='block_1_113' title="bbox 362 5822 1928 5894">
    <p class='ocr_par' dir='ltr' id='par_1_113' title="bbox 362 5822 1928 5894">
     <span class='ocr_line' id='line_1_113' title="bbox 362 5822 1928 5894; baseline 0 -16"><span class='ocrx_word' id='word_1_771' title='bbox 362 5824 556 5893; x_wconf 78' lang='lat' dir='ltr'><strong>gaudia</strong></span> <span class='ocrx_word' id='word_1_772' title='bbox 593 5822 695 5894; x_wconf 90' lang='lat' dir='ltr'><strong>ipsi</strong></span> <span class='ocrx_word' id='word_1_773' title='bbox 721 5823 952 5892; x_wconf 78' lang='lat' dir='ltr'><strong>angelici</strong></span> <span class='ocrx_word' id='word_1_774' title='bbox 976 5822 1227 5891; x_wconf 88' lang='lat' dir='ltr'><strong>spiritus,</strong></span> <span class='ocrx_word' id='word_1_775' title='bbox 1247 5831 1305 5876; x_wconf 87' lang='lat' dir='ltr'><strong>et</strong></span> <span class='ocrx_word' id='word_1_776' title='bbox 1338 5822 1680 5894; x_wconf 73' lang='lat' dir='ltr'><strong>resurgentis</strong></span> <span class='ocrx_word' id='word_1_777' title='bbox 1710 5822 1928 5878; x_wconf 86' lang='lat' dir='ltr'><strong>Domini</strong></span> 
     </span>
    </p>
   </div>
   <div class='ocr_carea' id='block_1_114' title="bbox 680 5921 1409 5985">
    <p class='ocr_par' dir='ltr' id='par_1_114' title="bbox 680 5921 1409 5985">
     <span class='ocr_line' id='line_1_114' title="bbox 680 5921 1409 5985; baseline 0.005 -3"><span class='ocrx_word' id='word_1_778' title='bbox 680 5922 951 5983; x_wconf 72' lang='lat' dir='ltr'><strong>Pnaoc.</strong></span> <span class='ocrx_word' id='word_1_779' title='bbox 998 5921 1114 5984; x_wconf 80' lang='lat' dir='ltr'><strong>Gn.</strong></span> <span class='ocrx_word' id='word_1_780' title='bbox 1165 5922 1409 5985; x_wconf 77' lang='lat' dir='ltr'><strong>CXLV.</strong></span> 
     </span>
    </p>
   </div>
   <div class='ocr_carea' id='block_1_115' title="bbox 2045 5475 3618 5548">
    <p class='ocr_par' dir='ltr' id='par_1_115' title="bbox 2045 5475 3618 5548">
     <span class='ocr_line' id='line_1_115' title="bbox 2045 5475 3618 5548; baseline 0.005 -19"><span class='ocrx_word' id='word_1_781' title='bbox 2045 5475 2275 5548; x_wconf 82' lang='lat' dir='ltr'><strong>gloriam</strong></span> <span class='ocrx_word' id='word_1_782' title='bbox 2306 5476 2651 5532; x_wconf 89' lang='lat' dir='ltr'><strong>admirantur</strong></span> <span class='ocrx_word' id='word_1_783' title='bbox 2680 5479 2975 5535; x_wconf 76' lang='lat' dir='ltr'><strong>:laetantur</strong></span> <span class='ocrx_word' id='word_1_784' title='bbox 3004 5492 3061 5537; x_wconf 94' lang='lat' dir='ltr'><strong>et</strong></span> <span class='ocrx_word' id='word_1_785' title='bbox 3088 5482 3431 5541; x_wconf 85' lang='lat' dir='ltr'><strong>delectantur</strong></span> <span class='ocrx_word' id='word_1_786' title='bbox 3456 5483 3507 5536; x_wconf 90' lang='lat' dir='ltr'><strong>in</strong></span> <span class='ocrx_word' id='word_1_787' title='bbox 3530 5499 3618 5548; x_wconf 82' lang='lat' dir='ltr'><strong>co,</strong></span> 
     </span>
    </p>
   </div>
   <div class='ocr_carea' id='block_1_116' title="bbox 2042 5546 3624 5615">
    <p class='ocr_par' dir='ltr' id='par_1_116' title="bbox 2042 5546 3624 5615">
     <span class='ocr_line' id='line_1_116' title="bbox 2042 5546 3624 5615; baseline 0.007 -17"><span class='ocrx_word' id='word_1_788' title='bbox 2042 5547 2191 5615; x_wconf 92' lang='lat' dir='ltr'><strong>quod</strong></span> <span class='ocrx_word' id='word_1_789' title='bbox 2230 5546 2407 5600; x_wconf 81' lang='lat' dir='ltr'><strong>forma</strong></span> <span class='ocrx_word' id='word_1_790' title='bbox 2454 5548 2598 5600; x_wconf 86' lang='lat' dir='ltr'><strong>servi</strong></span> <span class='ocrx_word' id='word_1_791' title='bbox 2656 5565 2876 5604; x_wconf 84' lang='lat' dir='ltr'><strong>reversa</strong></span> <span class='ocrx_word' id='word_1_792' title='bbox 2914 5553 2988 5604; x_wconf 90' lang='lat' dir='ltr'><strong>sit</strong></span> <span class='ocrx_word' id='word_1_793' title='bbox 3017 5553 3071 5605; x_wconf 91' lang='lat' dir='ltr'><strong>in</strong></span> <span class='ocrx_word' id='word_1_794' title='bbox 3121 5552 3351 5606; x_wconf 82' lang='lat' dir='ltr'><strong>formam</strong></span> <span class='ocrx_word' id='word_1_795' title='bbox 3412 5553 3531 5613; x_wconf 84' lang='lat' dir='ltr'><strong>Dei.</strong></span> <span class='ocrx_word' id='word_1_796' title='bbox 3564 5546 3624 5609; x_wconf 80' lang='lat' dir='ltr'><strong>et</strong></span> 
     </span>
    </p>
   </div>
   <div class='ocr_carea' id='block_1_117' title="bbox 2041 5617 3623 5690">
    <p class='ocr_par' dir='ltr' id='par_1_117' title="bbox 2041 5617 3623 5690">
     <span class='ocr_line' id='line_1_117' title="bbox 2041 5617 3623 5690; baseline 0.008 -24"><span class='ocrx_word' id='word_1_797' title='bbox 2041 5617 2708 5690; x_wconf 59' lang='lat' dir='ltr'><strong>esinariitio_humilitatis</strong></span> <span class='ocrx_word' id='word_1_798' title='bbox 2761 5620 2830 5673; x_wconf 90' lang='lat' dir='ltr'><strong>ad</strong></span> <span class='ocrx_word' id='word_1_799' title='bbox 2878 5622 3141 5690; x_wconf 79' lang='lat' dir='ltr'><strong>depositae</strong></span> <span class='ocrx_word' id='word_1_800' title='bbox 3171 5621 3484 5677; x_wconf 88' lang='lat' dir='ltr'><strong>altitudinis</strong></span> <span class='ocrx_word' id='word_1_801' title='bbox 3532 5640 3623 5677; x_wconf 86' lang='lat' dir='ltr'><strong>re-</strong></span> 
     </span>
    </p>
   </div>
   <div class='ocr_carea' id='block_1_118' title="bbox 2038 5685 3621 5763">
    <p class='ocr_par' dir='ltr' id='par_1_118' title="bbox 2038 5685 3621 5763">
     <span class='ocr_line' id='line_1_118' title="bbox 2038 5685 3621 5763; baseline 0.006 -25"><span class='ocrx_word' id='word_1_802' title='bbox 2038 5685 2207 5763; x_wconf 53' lang='lat' dir='ltr'><strong>dierit</strong></span> <span class='ocrx_word' id='word_1_803' title='bbox 2256 5686 2616 5763; x_wconf 65' lang='lat' dir='ltr'><strong>tltajcstateui.</strong></span> <span class='ocrx_word' id='word_1_804' title='bbox 2657 5706 2686 5763; x_wconf 28' lang='grc' dir='ltr'><strong>ρ-</strong></span> <span class='ocrx_word' id='word_1_805' title='bbox 2717 5691 2901 5763; x_wconf 82' lang='lat' dir='ltr'><strong>(Cypr.</strong></span> <span class='ocrx_word' id='word_1_806' title='bbox 2953 5685 3136 5763; x_wconf 69' lang='lat' dir='ltr'><strong>Serm.</strong></span> <span class='ocrx_word' id='word_1_807' title='bbox 3174 5691 3459 5763; x_wconf 77' lang='lat' dir='ltr'><strong>Paschai.)</strong></span> <span class='ocrx_word' id='word_1_808' title='bbox 3490 5694 3621 5748; x_wconf 81' lang='lat' dir='ltr'><strong>inde</strong></span> 
     </span>
    </p>
   </div>
   <div class='ocr_carea' id='block_1_119' title="bbox 2037 5753 3621 5833">
    <p class='ocr_par' dir='ltr' id='par_1_119' title="bbox 2037 5753 3621 5833">
     <span class='ocr_line' id='line_1_119' title="bbox 2037 5753 3621 5833; baseline 0.007 -26"><span class='ocrx_word' id='word_1_809' title='bbox 2037 5753 2354 5833; x_wconf 55' lang='lat' dir='ltr'><strong>Incolumis</strong></span> <span class='ocrx_word' id='word_1_810' title='bbox 2403 5756 2604 5833; x_wconf 80' lang='lat' dir='ltr'><strong>Pascha</strong></span> <span class='ocrx_word' id='word_1_811' title='bbox 2656 5753 2866 5814; x_wconf 69' lang='lat' dir='ltr'><strong>Donfini</strong></span> <span class='ocrx_word' id='word_1_812' title='bbox 2934 5762 3069 5816; x_wconf 86' lang='lat' dir='ltr'><strong>dicit</strong></span> <span class='ocrx_word' id='word_1_813' title='bbox 3120 5776 3275 5833; x_wconf 51' lang='grc' dir='ltr'>θεεοῄ</span> <span class='ocrx_word' id='word_1_814' title='bbox 3298 5753 3466 5833; x_wconf 65' lang='grc' dir='ltr'>τιμὴν</span> <span class='ocrx_word' id='word_1_815' title='bbox 3517 5765 3621 5833; x_wconf 74' lang='grc' dir='ltr'>τῆς</span> 
     </span>
    </p>
   </div>
   <div class='ocr_carea' id='block_1_120' title="bbox 2036 5824 3546 5895">
    <p class='ocr_par' dir='ltr' id='par_1_120' title="bbox 2036 5824 3546 5895">
     <span class='ocr_line' id='line_1_120' title="bbox 2036 5824 3546 5895; baseline 0.007 -18"><span class='ocrx_word' id='word_1_816' title='bbox 2036 5824 2290 5895; x_wconf 83' lang='grc' dir='ltr'>Τριάδος,</span> <span class='ocrx_word' id='word_1_817' title='bbox 2317 5826 2419 5881; x_wconf 86' lang='lat' dir='ltr'><strong>hoc</strong></span> <span class='ocrx_word' id='word_1_818' title='bbox 2449 5837 2553 5893; x_wconf 85' lang='lat' dir='ltr'><strong>est,</strong></span> <span class='ocrx_word' id='word_1_819' title='bbox 2589 5828 2851 5885; x_wconf 84' lang='lat' dir='ltr'><strong>honorem</strong></span> <span class='ocrx_word' id='word_1_820' title='bbox 2886 5833 3000 5888; x_wconf 87' lang='lat' dir='ltr'><strong>sive</strong></span> <span class='ocrx_word' id='word_1_821' title='bbox 3036 5833 3204 5890; x_wconf 89' lang='lat' dir='ltr'><strong>decus</strong></span> <span class='ocrx_word' id='word_1_822' title='bbox 3235 5824 3546 5888; x_wconf 75' lang='lat' dir='ltr'><strong>Trinitatis.</strong></span> 
     </span>
    </p>
   </div>
   <div class='ocr_carea' id='block_1_121' title="bbox 3217 5933 3292 5994">
    <p class='ocr_par' dir='ltr' id='par_1_121' title="bbox 3217 5933 3292 5994">
     <span class='ocr_line' id='line_1_121' title="bbox 3217 5933 3292 5994; baseline 0 0"><span class='ocrx_word' id='word_1_823' title='bbox 3217 5933 3292 5994; x_wconf 70' lang='grc' dir='ltr'>Ξίι</span> 
     </span>
    </p>
   </div>
  </div>
