4032 6416
354 393 457 463 ’147

1576 390 1997 452 NICEPHORI
2035 389 2386 452 CALLISTI

3510 379 3616 441 748

355 519 488 572 fecit
533 524 699 586 atque
736 512 1002 584 implevit.
1037 510 1092 565 Si
1137 509 1267 580 quid
1344 523 1474 563 vero
1519 519 1604 563 est
1673 508 1901 561 alterius
1971 506 2154 561 arcani
2209 504 2488 577 mystcrii,
2544 502 2855 557 abditarum
2916 506 3368 566 secretarumque
3431 511 3616 549 rerum

355 611 483 666 Jesu
530 606 896 678 amplitudine
930 605 1179 675 dignum,
1218 602 1270 656 id
1309 601 1386 655 illi
1429 601 1695 664 viderint,
1731 602 1938 670 quibus
1973 599 2300 671 profundam
2372 596 2724 651 altitudinem
2798 609 2986 648 rerum
3026 589 3390 646 ineﬂahilium
3422 588 3621 642 divini-

358 716 559 774 tusque
626 711 1009 772 peractarnm,
1075 696 1388 751 acrioribus
1448 695 1934 764 contemplationis
1971 695 2149 751 oculis
2177 693 2493 763 perspicere
2523 700 2607 745 est
2633 703 2980 744 concessum.

894 838 1116 894 CAPUT
1160 837 1406 892 XXXIX.

360 968 512 1035 Quod
532 977 582 1023 et
609 970 718 1039 ipse
746 968 1006 1039 Iosephus
1033 967 1333 1024 Senatoris
1365 970 1536 1023 nostri
1573 968 1699 1023 Jesu
1741 968 1939 1023 Christi

428 1042 485 1092 in
528 1042 728 1093 decimo
752 1048 934 1092 octavo
962 1038 1094 1091 libro
1133 1038 1491 1093 Historiarum
1532 1055 1754 1093 suarum
1797 1054 1944 1092 men-

430 1111 623 1163 tionem
658 1110 861 1179 fecerit,
890 1117 937 1161 et
971 1108 1155 1178 quibus
1188 1112 1249 1163 de
1274 1126 1334 1163 eo
1364 1109 1531 1163 verbis
1558 1110 1623 1163 sit
1653 1126 1799 1164 usus.

428 1244 611 1313 Atque
688 1243 947 1313 equidem
1001 1258 1123 1311 quae
1174 1242 1242 1297 dc
1291 1241 1513 1298 Christo
1562 1243 1613 1295 in
1659 1257 1944 1297 sacrorum

361 1334 787 1405 Evangeliorum
842 1335 1048 1389 librum
1106 1335 1275 1389 relata
1338 1345 1501 1399 sunt,
1555 1346 1615 1390 ut
1663 1351 1726 1389 ea
1780 1351 1943 1405 quam

362 1405 690 1484 brevissime
717 1425 919 1492 exponi
950 1434 1275 1495 potuerunt,
1305 1427 1372 1480 ad
1408 1431 1555 1481 hunc
1588 1442 1708 1481 sese
1740 1426 1948 1481 habent

369 1519 619 1574 modum.
653 1520 947 1589 Reliquum
977 1535 1124 1573 nunc
1154 1533 1276 1573 esse
1306 1528 1458 1587 puto.
1490 1518 1786 1587 Joscphum
1815 1533 1951 1586 quo-

371 1627 502 1681 que.
539 1611 791 1666 veritatis
818 1619 1089 1664 amantem
1127 1610 1269 1679 apud
1306 1609 1565 1664 Hebraeos
1602 1610 1947 1678 historicum,

372 1703 427 1755 in
465 1701 707 1754 medium
742 1699 1074 1769 producere,
1105 1708 1156 1753 et
1190 1714 1311 1768 qua:
1344 1699 1391 1752 is
1427 1701 1480 1754 in
1511 1699 1727 1754 decimo
1754 1708 1951 1755 octavo

368 1793 757 1861 Antiquitatum
780 1791 925 1844 libro
950 1791 1018 1844 de
1043 1789 1341 1845 Servatore
1360 1800 1551 1845 nostro
1572 1791 1703 1847 Jesu
1728 1789 1952 1847 Christo

369 1885 574 1952 scripta
615 1863 928 1950 reliquerit,
964 1880 1142 1951 primo
1193 1881 1323 1936 huic
1373 1882 1735 1938 historiarum
1780 1882 1946 1950 libro,

370 1986 632 2046 tanquam
677 1973 999 2029 coronidem
1036 1988 1335 2043 apponere.
1364 1973 1503 2030 Cum
1536 1976 1685 2029 enim
1719 1977 1784 2030 de
1818 1991 1956 2045 pra:-

371 2085 598 2125 cursore
630 2067 862 2131 Joanne,
892 2084 957 2124 ea
1000 2084 1122 2138 qua:
1167 2068 1333 2138 paulo
1378 2077 1505 2121 ante
1550 2067 1950 2129 recensuimus,

368 2160 763 2230 exposuisset,
814 2158 1014 2214 deinde
1063 2158 1131 2212 de
1178 2158 1399 2213 Christo
1440 2158 1627 2212 verbis
1684 2160 1833 2213 hisce
1885 2160 1957 2212 ita

2616 834 2869 886 ΚΕΦᾹΛ.
2907 828 3031 886 ΔΘ’.

2043 965 2165 1017 Ὅτι
2189 962 2286 1016 καὶ
2316 963 2350 1015 ό
2391 960 2678 1028 Ἰώσηπος
2698 958 2995 1028 μέμνηται
3027 955 3135 1010 τοῦ
3159 953 3423 1028 Σωτῆρος
3454 952 3624 1028 ήμῷν

2125 1031 2335 1097 Ἰησοῦ
2377 1023 2663 1097 Χριστοῦ
2692 1023 2891 1096 ἐν’τῆ
2928 1035 3006 1094 ιη’
3045 1026 3232 1097 αὐτοῦ
3264 1023 3619 1097 συγγραφῇ·

2113 1095 2214 1157 καί
2248 1097 2345 1155 οἷα
2373 1095 2508 1169 περὶ
2540 1098 2729 1154 αὐτοῦ
2760 1097 2972 1163 αὐταῖς
2994 1096 3249 1160 λέξεσιν
3272 1095 3519 1163 ἱστορεῖ.

2121 1238 2262 1291 Ὅσα
2292 1238 2392 1306 μὲν
2422 1239 2490 1309 τῇ
2524 1225 2644 1306 Θείᾳ
2693 1237 2801 1289 τῶν
2855 1234 3019 1304 ίερῶν
3066 1233 3419 1301 Εὐαγγελίων
3458 1231 3626 1301 βίϐλῳ

2047 1330 2174 1401 περὶ
2234 1328 2469 1401 Χριστοῦ
2526 1330 2984 1397 ἀναγέγραπται,
3042 1328 3119 1390 ὡς
3171 1326 3509 1395 συντεμόντα
3560 1320 3627 1395 ἦν

2049 1424 2251 1487 εἰπεῖν,
2276 1423 2468 1475 τοῦτον
2502 1420 2628 1491 ἔσχε
2659 1422 2750 1473 τὸν
2774 1420 2996 1489 τρόπον.
3032 1416 3352 1472 ’Δκόλουϐον
3378 1415 3424 1469 δ’
3451 1409 3626 1485 οἶμαι,

2050 1516 2146 1569 ml.
2194 1514 2286 1567 τὸν
2326 1512 2604 1582 φιλαλήθη
2640 1514 2769 1582 παρ’
2812 1511 3091 1579 Ἑϐραίοις
3137 1508 3411 1578 ἱστορικὸν
3444 1507 3626 1577 Ἰώση-

2051 1625 2154 1659 πον
2186 1606 2264 1670 ei;
2318 1606 2481 1676 μέσον
2532 1605 2892 1675 προθέμενον,
2931 1597 3023 1657 οἷα
3067 1601 3197 1673 περὶ
3245 1599 3343 1654 τοῦ
3375 1600 3630 1669 Σωτῆρος

2053 1699 2213 1770 ἡμῶν
2259 1697 2441 1768 Ἰησοῦ
2476 1696 2713 1766 Χριστοῦ
2747 1695 3007 1761 διέξεισιν
3049 1696 3107 1747 ὲν
3144 1693 3223 1764 τῷ
3262 1699 3330 1763 ιη’
3352 1693 3452 1761 τῆς
3505 1691 3630 1758 Ἀρ.

2058 1792 2439 1869 χαιολογίιις,
2474 1789 2665 1860 ὥσπερ
2704 1792 2828 1843 τινὰ
2863 1787 3155 1859 κορωνίδα,
3202 1789 3268 1858 τῇ
3301 1785 3494 1856 πρώτῃ
3544 1800 3633 1855 μοι

2056 1885 2166 1939 τῶν
2210 1884 2468 1955 ἱστοριῶν
2518 1881 2814 1935 ἐπιθεῖναι*
2864 1882 2997 1951 περὶ
3038 1881 3146 1950 γὰρ
3176 1877 3273 1930 τοῦ
3317 1875 3631 1949 Προδρόμου

2069 1978 2317 2030 Ἰωάννου
2352 1975 2661 2041 διεξελθὼν,
2681 1975 2784 2028 ὅσα
2818 1972 3014 2043 μικρὸν
3053 1969 3260 2025 ἄνωθεν
3294 1968 3631 2035 διελάὁομεν,

2059 2066 2176 2119 εἶτα
2233 2064 2498 2135 καὶπερὶ
2546 2065 2641 2117 τοῦ
2694 2063 2935 2133 Χριστοῦ
2983 2064 3176 2126 αὐταῖς
3229 2061 3439 2126 λέξεσιν
3494 2058 3635 2112 οὕτω

2063 2162 2218 2231 φησί’
2257 2178 2275 2211 ι
2308 2159 2524 2212 Γίνεται
2549 2158 2604 2211 δὲ
2636 2158 2781 2211 κατὰ
2812 2157 3005 2211 τοῦτον
3030 2156 3123 2208 τὸν
3161 2155 3351 2225 χρόνον
3400 2152 3631 2220 Ἰησοῦς»

373 2253 567 2309 scribit
604 2268 619 2307 :
659 2271 678 2303 ι
716 2250 942 2307 Exstitit
974 2266 1041 2306 eo
1077 2239 1325 2320 tempore
1364 2250 1546 2316 Jesus,
1581 2251 1665 2303 vir
1712 2253 1951 2319 sapiens,

2073 2222 2204 2322 ἐν’ὴρ
2235 2253 2422 2320 σοφὸς,
2457 2253 2509 2305 ei
2536 2269 2600 2320 γε
2622 2252 2792 2322 ἄνδρα
2817 2251 3001 2319 λέγειν
3031 2222 3356 2319 αὐτὸν-χρή.
3387 2243 3497 2299 Ἦν
3531 2244 3637 2313 γὰρ

372 2347 420 2400 si
467 2346 689 2414 quidem
736 2347 913 2400 virum
950 2360 1076 2399 eum
1128 2344 1314 2398 dicere
1363 2343 1444 2397 fas
1483 2353 1586 2398 est.
1635 2343 1763 2397 Erat
1804 2344 1952 2397 enim

375 2453 633 2506 operum,
658 2438 977 2507 Opinionem
1004 2436 1277 2504 fidemque
1301 2449 1521 2489 omnem
1547 2434 1953 2497 excedentium,

372 2530 629 2595 elfector,
681 2537 740 2584 et
779 2527 1065 2583 hominum
1109 2542 1301 2581 eurum
1343 2527 1435 2597 qui
1485 2526 1719 2582 libenter
1750 2528 1954 2581 verita-

377 2630 488 2674 tem
521 2621 1042 2688 complecterentur,
1074 2618 1352 2687 magister.
1391 2617 1590 2672 Multos
1618 2617 1763 2671 enim
1794 2616 1957 2670 simul

377 2722 439 2767 et
483 2729 549 2766 ex
596 2711 825 2771 iudicis.
859 2719 917 2766 et
971 2726 1037 2765 ex
1088 2709 1402 2764 Graecorum
1448 2708 1863 2778 superstitione,
1903 2710 1960 2763 in

376 2804 729 2874 disciplinam
771 2818 927 2857 suam
959 2803 1175 2856 aseivit.
1209 2801 1464 2856 Christus
1496 2801 1542 2855 is
1573 2800 1701 2855 fuit.
1743 2799 1806 2855 Et
1837 2816 1961 2853 cum

383 2912 542 2962 cum,
575 2897 887 2966 principum
922 2894 1067 2965 apud
1091 2910 1191 2949 nos
1225 2893 1465 2946 virorum
1499 2892 1793 2958 delatioae,
1826 2892 1968 2945 Pila-

385 2998 476 3042 tus
503 2988 688 3042 erucis
718 2986 992 3055 supplicio
1017 2984 1315 3045 affecisset,
1344 2999 1453 3037 non
1487 2994 1693 3046 tamen,
1718 2984 1809 3053 qui
1838 2994 1967 3037 ante

378 3094 512 3133 eum
569 3086 731 3131 erant
786 3075 1094 3146 complexi,
1147 3075 1453 3131 consectari
1511 3077 1963 3145 supersederunt.

385 3169 656 3238 Apparuit
698 3167 903 3238 quippe
942 3166 1052 3221 illis
1095 3167 1262 3222 tertio
1307 3177 1429 3237 post
1461 3166 1550 3222 die
1583 3176 1865 3236 superstes
1903 3184 1967 3221 ac

388 3261 689 3325 redivivus,
734 3257 1180 3329 quandoquidem
1217 3259 1387 3312 divini
1436 3257 1715 3327 prephetie
1753 3267 1806 3312 et
1864 3258 1970 3313 hoc

387 3366 445 3407 et
484 3352 588 3406 alia
636 3354 705 3407 de
749 3367 817 3407 eo
847 3352 1169 3406 admiranda
1223 3351 1504 3405 vaticinati
1534 3351 1774 3407 fuerant.
1802 3353 1870 3407 Et
1901 3353 1968 3407 ad

2063 2346 2381 2415 παραδόξων
2420 2344 2599 2415 ἔργων
2651 2341 2919 2415 ποιητὴς,
2966 2342 3285 2402 διδάσκαλος
3334 2338 3639 2409 ἀνθρώπων

2062 2440 2171 2491 τῶν
2199 2438 2365 2509 ἡδονῇ
2401 2436 2610 2506 τάληθῆ
2642 2435 2971 2507 δεχομένων.
3003 2434 3117 2488 Καὶ
3146 2432 3374 2495 πολλοὺς
3406 2432 3501 2500 μὲν
3531 2428 3639 2481 τῶν

2075 2530 2391 2594 Ἰουδαίων,
2428 2528 2661 2591 πολλοὺς
2702 2527 2759 2581 δὲ
2809 2528 2905 2581 καὶ
2956 2525 3063 2579 ἀπὸ
3113 2524 3208 2578 τοῦ
3280 2518 3639 2593 Ἑλληνισμοῦ

2065 2624 2401 2691 ἐπηγάγετο.
2452 2622 2512 2676 '0
2546 2623 2784 2693 Χριστὸς
2832 2615 2988 2683 οὗτος
3036 2616 3123 2690 ἦν.
3194 2618 3306 2671 Καὶ
3340 2616 3526 2681 αὑτὸν,
3558 2616 3642 2665 ἐν-

2063 2715 2225 2780 δείξει
2259 2714 2367 2765 τὼν
2413 2711 2880 2781 «pomata-159m
2909 2711 3041 2780 mp‘
3076 2713 3234 2780 ἡμῖν,
3266 2708 3485 2777 σταυρῷ
3525 2709 3644 2757 ἐπι-

2066 2806 2425 2876 τετιμηκότος
2460 2806 2724 2871 Πιλάτου,
2756 2806 2858 2858 οὑκ
2901 2806 3209 2857 ἐπαύσαντο
3239 2803 3289 2855 oi
3320 2802 3379 2853 τὸ
3426 2800 3643 2866 πρῶτον

2068 2900 2234 2952 αὑτὸν
2300 2900 2713 2968 ἀγαπήσαντες.
2761 2898 2968 2966 Ἐφάνη
3023 2898 3132 2967 γὰρ
3191 2895 3398 2959 αὐτοῖς,
3449 2892 3645 2963 τρίτην

2072 2990 2210 3061 ἔχων
2243 2992 2458 3062 ἡμέραν
2487 2991 2654 3045 πόλιν
2692 2989 2822 3054 ζῶν,
2855 2989 2964 3042 τῶν
2996 2988 3155 3042 Θείων
3189 2985 3483 3057 προφητῶν
3516 2982 3648 3035 ταῦ-

2074 3081 2145 3132 τά
2183 3096 2241 3132 τε
2276 3083 2373 3134 καὶ
2426 3080 2561 3134 ἄλλα
2601 3083 2731 3150 περὶ
2770 3080 2936 3134 αὑτοῦ
2990 3079 3271 3148 θαυμάσια
3325 3076 3642 3144 εἰρηκότων.

2078 3171 2259 3224 Είσέτι
2298 3187 2357 3223 τε
2397 3170 2490 3223 νῦν
2535 3172 2644 3224 τῶν
2691 3171 3040 3242 Χριστιανῶν
3082 3170 3191 3223 ἀπὸ
3242 3169 3397 3222 τοῦδε
3434 3167 3649 3234 ὠνομα-

2079 3263 2296 3330 σμένων
2353 3263 2454 3315 οὐκ
2507 3263 2738 3316 ἐπέλιπε
2792 3263 2853 3316 τὺ
2906 3262 3096 3333 φῦλον.
3156 3280 3175 3313 ι
3238 3259 3428 3314 Ταῦτα
3478 3258 3575 3313 καὶ
3619 3257 3648 3308 ὁ

2090 3355 2372 3425 Ἰώσηπος.

393 3446 733 3528 hodiernum
773 3461 948 3515 usque
990 3445 1162 3509 diem,
1236 3459 1356 3514 quae
1402 3445 1470 3499 ab
1515 3460 1582 3500 eo
1651 3455 1736 3500 est
1770 3447 2190 3516 cognominata,
2229 3447 2673 3506 Christianorum
2724 3465 2860 3522 gens
2909 3465 3019 3504 non
3068 3448 3292 3505 defecit.
3324 3466 3343 3500 ι
3381 3446 3507 3503 Haec
3553 3444 3650 3502 Jo-

389 3540 618 3608 cephus.

900 3679 1059 3751 125
1096 3679 1321 3737 CAPUT
1359 3680 1474 3736 XL.

395 3807 475 3863 De
499 3810 677 3865 divina
698 3817 1035 3891 hunmanoque
1050 3815 1156 3866 oris
1176 3817 1710 3891 corporisqueﬁgura
1729 3827 1777 3874 et
1802 3821 1975 3891 forma

747 3880 1047 3935 Servatoris
1078 3887 1245 3939 nostri
1265 3880 1391 3939 Iesu
1410 3880 1623 3943 Christi.

472 4016 647 4071 Porro
675 4015 1101 4088 efﬁgiesformze
1132 4019 1347 4076 Domini
1379 4025 1554 4079 nostri
1587 4024 1717 4082 Jesu
1747 4026 1976 4093 ChriSti,

399 4107 564 4162 sicuti
609 4124 637 4163 a
683 4111 965 4165 veteribus
1013 4113 1349 4182 accepimus,
1390 4117 1514 4172 talis
1556 4121 1977 4189 propemodum,

400 4209 677 4268 quatenus
702 4217 821 4255 eam
851 4203 1095 4260 crassius
1122 4207 1310 4261 verbis
1334 4211 1799 4277 comprehendere
1825 4214 1977 4282 licet,

400 4292 528 4348 fuit.
556 4292 789 4365 Egregio
819 4296 864 4350 is
894 4296 1190 4366 vividoque
1229 4301 1386 4354 vultu
1420 4300 1542 4356 fuit.
1573 4302 1834 4374 Corporis
1872 4316 1983 4362 sta-

404 4393 527 4440 tura
562 4387 629 4440 ad
667 4387 879 4456 palmos
920 4404 1153 4459 prorsus
1188 4400 1420 4460 septem.
1457 4392 1751 4450 Caesariem
1787 4396 1984 4454 habuit

403 4476 731 4545 subﬂavam,
759 4495 825 4533 ac
854 4494 963 4533 non
1000 4481 1297 4535 admodum
1331 4482 1582 4551 densam,
1615 4485 1815 4541 leniter
1847 4459 1985 4557 quo-

404 4571 701 4625 dammodo
723 4572 789 4627 ad
816 4572 1027 4643 crispos
1050 4574 1420 4630 declinantem
1447 4593 1460 4629 :
1483 4580 1781 4647 supercilia
1805 4581 1983 4651 nigra,

406 4679 515 4716 non
538 4663 767 4729 perinde
790 4664 1009 4720 inﬂexa.
1039 4666 1114 4729 Ex
1133 4667 1309 4721 oculis
1325 4668 1490 4724 fulvis
1506 4679 1560 4723 et
1577 4671 1986 4729 subﬂavescen-

407 4754 558 4808 tibus
585 4755 813 4809 miriﬁca
843 4759 1191 4825 prominebat
1216 4761 1388 4828 gratia
1422 4761 1516 4831 (Ι).
1549 4764 1717 4818 Acres
1742 4765 1777 4818 ii
1804 4775 1984 4831 erant,

407 4855 461 4897 et
497 4861 663 4898 nasus
696 4846 930 4917 longior.
965 4848 1153 4905 Barbae
1183 4851 1420 4920 capillus
1444 4853 1640 4919 ﬂavus,
1669 4872 1772 4912 nec
1799 4857 1989 4914 admo-

410 4938 542 4990 dum
571 4938 866 4994 demissus.
892 4939 1100 5011 Capitis
1129 4957 1297 5012 porro
1318 4947 1548 5015 capillos
1573 4949 1699 5003 tulit
1726 4952 1990 5018 prolixio-

2691 3680 2941 3735 ΚΕΦΔΛ.
2979 3680 3065 3736 Μ’.

2079 3818 2218 3883 Περὶ
2264 3816 2371 3883 τῆς
2414 3815 2521 3870 τοῦ
2565 3815 2842 3885 Σωτῆρος
2903 3817 3072 3885 ἡμῶν
3135 3815 3339 3883 Ἰησοῦ
3394 3817 3653 3885 Χριστοῦ
3696 3840 3700 3844 ’

2151 3887 2509 3953 θεανδρικῆς
2536 3888 2777 3956 μορφῆς
2807 3903 2871 3939 τε
2897 3890 2996 3941 καὶ
3020 3887 3423 3953 διαπλάσεως.

2162 4025 2227 4077 Ἥ
2288 4024 2472 4093 μέντοι
2522 4024 2812 4087 διάπλασις
2872 4025 2971 4092 τῆς
3032 4027 3250 4096 μορφῆς
3300 4027 3397 4080 τοῦ
3448 4026 3655 4096 Κυρίου

2083 4117 2243 4187 ἡμῶν
2284 4116 2461 4187 Ἰησοῦ
2496 4118 2759 4188 Χριστοῦ,
2810 4117 2884 4181 ὼς
2919 4116 2982 4181 ἐξ
3025 4119 3274 4189 ἀρχαίων
3315 4122 3657 4191 παρειλήφα-

2037 4208 2040 4212 “
2086 4226 2224 4279 μεν,
2282 4209 2464 4262 τοιάδε
2513 4226 2642 4274 τις,
2699 4210 2774 4272 ὡς
2823 4214 2882 4265 ὲν
2947 4211 3104 4280 τύπῳ
3156 4211 3512 4280 περιλαϐεῖν,
3570 4208 3655 4282 ἦν.

2096 4300 2312 4371 Ὤραῖος
2359 4303 2459 4369 μὲν
2504 4296 2571 4372 ἦν
2605 4304 2706 4370 τὴν
2736 4302 2862 4371 ὅφιν
2905 4304 3128 4373 σφόδρα·
3170 4304 3270 4373 τήν
3303 4320 3366 4371 γε
3397 4305 3504 4373 μὴν
3543 4305 3660 4374 ηλι-

2086 4399 2235 4458 κίαν,
2274 4394 2452 4446 εἴτουν
2489 4395 2801 4463 ἀναδρομὴν
2833 4395 2929 4447 τοῦ
2964 4397 3245 4465 σώματος,
3289 4396 3432 4450 ἑπτὰ
3467 4396 3662 4449 σπιθα-

2090 4486 2206 4554 μῶν
2239 4481 2306 4556 ἦν
2337 4486 2583 4552 τελείων,
2630 4486 2922 4550 ὲπίξανθον
2957 4488 3101 4557 ἔχων
3138 4490 3237 4556 τὴν
3280 4491 3446 4559 τρίχα
3478 4493 3573 4543 καὶ
3601 4491 3661 4543 οὐ

2089 4577 2232 4629 πάνυ
2289 4576 2515 4629 δασεῖαν
2543 4616 2560 4643 ,
2601 4576 2802 4646 μᾶλλον
2845 4576 2944 4643 μὲν
2988 4572 3083 4629 οὖν
3122 4576 3218 4629 καὶ
3254 4578 3390 4646 πρὸς
3418 4577 3479 4629 τὸ
3510 4574 3665 4631 οὖλον
3754 4604 3757 4607 λ

2091 4668 2331 4740 μετρίως
2389 4685 2507 4732 πως
2554 4667 2980 4721 ἀποκλίνουσαν.
3037 4668 3317 4730 Μελαίνας
3363 4669 3421 4721 δέ
3458 4684 3523 4735 γε
3561 4669 3660 4729 τὰς

2087 4761 2259 4832 ὀφρῦς
2287 4756 2422 4830 εἶχε,
2448 4762 2543 4813 καὶ
2568 4760 2631 4812 οὐ
2659 4759 2801 4813 πάνυ
2831 4761 3194 4829 ἐπικαμπεῖς·
3217 4761 3344 4822 τοὺς
3369 4761 3426 4812 δὲ
3460 4761 3659 4829 ὀφθαλ-

2093 4855 2229 4924 μοὺς
2281 4855 2559 4924 χαροπούς
2599 4870 2754 4916 τινας
2808 4855 2905 4908 καὶ⁴
2950 4855 3133 4925 ἡρέμα
3191 4854 3662 4919 ὲπιξανοίζοντας.

2093 4945 2449 5014 Εὐὸφθαλμος
2479 4942 2616 5017 δ’ἦν
2666 4948 2761 4999 καὶ
2804 4947 3047 5017 ὲπίρριν.
3101 4947 3213 5017 Τὴν
3270 4950 3455 5015 μέντοι
3509 4948 3669 5017 τρίχα

412 5041 476 5079 re
487 5044 526 5078 4;
548 5025 823 5082 Novacula
841 5029 985 5083 enim
1006 5031 1060 5084 in
1081 5034 1380 5104 caputeius
1397 5051 1505 5090 non
1524 5039 1795 5105 ascendit,
1812 5056 1967 5111 neqm

2096 5038 2189 5090 τοῦ
2227 5038 2488 5106 πώγωνος
2529 5036 2900 5109 ξανθήν’τινα
2939 5035 3090 5109 εἶχε,
3136 5045 3231 5095 καὶ
3276 5042 3376 5094 οὐκ
3425 5043 3506 5104 είς
3536 5040 3669 5093 πολὺ

414 5133 610 5172 manus
626 5119 808 5189 aliqua
830 5123 1090 5189 hominis,
1107 5134 1469 5196 praeterquam
1492 5129 1708 5193 matris,
1729 5133 1780 5184 in
1802 5141 1988 5188 tenera

411 5208 686 5263 duntaxat
724 5223 882 5266 mtate
929 5215 1070 5282 ejus.
1106 5214 1320 5270 Collum
1363 5218 1466 5272 fuit
1505 5221 1710 5275 sensim
1756 5222 1991 5291 declive,

418 5303 489 5353 ita
523 5311 582 5356 ut
614 5317 720 5355 non
749 5307 924 5358 arduo
952 5316 1008 5359 et
1035 5317 1261 5363 extento
1291 5310 1522 5365 nimium
1558 5314 1810 5382 corporis
1843 5324 1990 5369 statu

410 5402 585 5447 esset.
626 5393 798 5449 Porro
839 5396 1007 5451 tritici
1051 5398 1296 5454 referens
1338 5401 1577 5457 colorem
1619 5404 1722 5474 (“2),
1753 5422 1863 5460 non
1905 5422 1994 5460 ro-

496 5593 571 5678 gi)
594 5593 898 5678 999.}th
925 5600 998 5678 _de
1030 5598 1419 5678 Judadicitur,
1453 5604 1686 5678 χαροποὶ
1714 5612 1763 5678 οι
1787 5605 1992 5673 ὀςρθαλο

425 5666 518 5733 μοὶ
548 5666 716 5742 αὐτοῦ
753 5668 864 5718 ἀπ’
893 5670 1061 5742 οζνου,
1094 5670 1245 5723 Fulvi
1284 5666 1420 5726 oculi
1453 5666 1572 5742 'ejus
1596 5692 1629 5727 α
1675 5666 1990 5730 υἰηο.ἰ⁴“ιιθ-

423 5747 553 5811 runt
577 5747 631 5811 et
657 5736 889 5791 Domino
913 5738 1135 5793 Christo
1168 5742 1311 5795 oculi
1349 5736 1601 5811 χαροποὶ,
1629 5746 1679 5798 id
1703 5757 1809 5809 est,
1831 5747 1987 5809 fulvi,

425 5806 872 5870 splendescentes
896 5844 911 5871 ,
949 5811 1184 5879 nigroris
1222 5806 1492 5870 habentes
1539 5806 1769 5885 aliquid.
1796 5806 1989 5872 Theo;

2099 5131 2458 5201 καθειμένην.
2510 5133 2880 5204 Μακροτέραν
2918 5133 2977 5186 δὲ
3026 5135 3127 5201 τὴν
3164 5135 3326 5203 τρίχα
3354 5134 3457 5201 τῆς
3501 5150 3670 5202 κεφα-

2101 5223 2201 5290 λῆς
2239 5222 2587 5294 περιέφερεν.
2644 5225 2782 5277 υῠδέ
2835 5240 2971 5277 ποτε
3025 5227 3137 5296 γὰρ
3183 5224 3346 5296 ξυρὸς
3380 5225 3553 5294 ἀνέὸη
3580 5223 3675 5276 ἐπὶ

2101 5318 2200 5382 τὴν
2225 5315 2470 5384 κεφαλὴν
2503 5317 2692 5381 αὑτοῦ,
2729 5316 2850 5369 οὐδὲ
2888 5318 3015 5389 χεὶρ
3056 5319 3373 5389 ἀνθρώπου,
3402 5317 3542 5388 πλὴν
3578 5319 3674 5384 τῆς

2105 5408 2316 5479 μητρὸς
2367 5409 2535 5461 αὐτοῦ
2581 5412 2964 5478 νηπιάζοντος.
3007 5413 3222 5483 Ἡρέμα
3266 5411 3551 5479 ἐπικλινὴς
3585 5412 3676 5462 τὸν

2102 5609 2272 5688 dorus
2300 5611 2443 5688 Gaza
2477 5613 2651 5682 fuluos
2680 5620 2847 5688 vertit
2893 5618 2946 5671 in
2977 5617 3299 5683 Aristotele,
3339 5618 3431 5688 qui
3461 5618 3674 5674 leonem

2098 5683 2528 5758 ocuﬂlnshabere
2558 5687 2780 5753 scripsit
2811 5689 3107 5758 χαροπούς.

2171 5750 2247 5819 (2)
2281 5753 2567 5831 Decolore
2603 5750 2769 5833 tritici
2805 5750 3226 5834 u'ia'turescentis
3250 5758 3354 5834 hoc
3377 5761 3679 5834 intelligen-

2026 5900 2045 5901 η
2099 5821 2252 5887 dunt,
2287 5826 2378 5890 qui
2406 5839 2529 5879 cum
2559 5832 2770 5881 mouica
2809 5830 3091 5884 l'useedine
3119 5830 3387 5884 rubescit.
