4032 6410
368 416 477 479 ’149

1288 401 1899 469 ECCLESIASTlC/E
1936 396 2334 461 HISTORLE
2374 395 2524 458 LIB.
2563 369 2619 456 Ιζ

3510 389 3617 453 750

368 523 594 594 αὐχένα,
646 522 721 586 ὥς
783 523 919 593 μηδὲ
966 522 1108 575 πάνυ
1173 519 1358 590 ὄρθιον
1425 517 1521 571 καὶ
1572 514 1941 583 ἐντεταμένην

2061 510 2273 566 .undam
2316 518 2411 564 aut
2444 514 2661 562 acutam
2698 501 2894 558 habuit
2920 501 3138 568 faciem,
3163 501 3261 559 sed
3294 502 3474 573 qualis
3501 517 3621 557 ma-

368 619 518 688 ἔχειν
554 616 654 685 τὴν
679 614 899 684 ἡλικίαν
935 611 1031 665 τοῦ
1072 610 1349 681 σώματος.
1416 607 1704 676 Σιτόχροος
1726 604 1806 669 δὲ,
1839 603 1938 658 καὶ

365 710 428 763 οὑ
494 705 837 777 στρογγύλην
888 703 1029 774 ἔχων
1077 704 1177 772 τὴν
1237 700 1362 768 ὄψιν
1418 699 1719 767 ἐτύγχανεν
1749 734 1767 760 ,
1821 692 1938 748 ἀλλ’

366 801 557 868 ὥσπερ
588 798 686 867 τῆς
724 795 929 867 μητρὸς
946 791 1112 848 αὐτοῦ
1140 793 1337 863 μικρὸν
1365 789 1941 853 ὑποκατασαένουσαν,

368 892 553 957 ὀλίγον
605 890 649 943 δ’
712 887 1259 955 ὲπιφοινισσομένην,
1324 888 1449 940 ὅσον
1503 882 1826 951 ὑποφαίνειν
1884 879 1947 934 τὸ

378 983 578 1047 σεμνόν
625 998 685 1034 τε
735 980 830 1032 καὶ
872 978 1095 1031 συνετὸν
1134 977 1227 1030 τοῦ
1262 976 1430 1048 ήθους
1458 975 1558 1028 καὶ
1587 974 1818 1043 ἥμερον,
1846 972 1946 1028 καὶ

373 1074 434 1127 τὸ
500 1069 760 1133 καθάπαξ
806 1069 1099 1139 ἀόργητον.
1144 1068 1306 1142 Κατὰ
1354 1066 1537 1121 πάντα
1598 1064 1656 1116 δὲ
1719 1058 1791 1133 ἦν
1845 1064 1947 1133 ἒμ-

373 1164 545 1234 φερὴς
598 1165 665 1232 τῇ
732 1160 854 1231 θείᾳ
912 1159 1009 1212 καὶ
1072 1156 1399 1227 πανασπίὶῳ
1455 1154 1670 1208 ἐκείνου
1754 1150 1944 1221 μητρί.

372 1252 556 1305 Ταῦτα
594 1251 693 1318 μὲν
744 1251 802 1303 ὲν
846 1249 1081 1312 τούτοις.
1112 1246 1361 1317 Περιέχει
1397 1244 1516 1316 δὲὴ
1558 1240 1814 1313 παροῦσά
1857 1257 1948 1307 μοι

374 1344 568 1413 πρώτη
612 1342 724 1395 τῶν
763 1341 1020 1410 ἱστοριῶν
1079 1340 1270 1410 χρόνον
1316 1337 1453 1390 ἑτῶν
1500 1335 1668 1423 trp,th
1711 1333 1851 1404 πρὸς
1878 1332 1948 1396 λ’,

373 1434 660 1504 ἀρξαμένη
714 1434 815 1504 μὲν
861 1434 969 1487 ἀπὸ
1029 1431 1125 1486 τοῦ
1180 1428 1630 1499 τεσσαρακοστοῦ
1688 1428 1949 1497 δευτέρου

374 1528 528 1589 ἔτους
558 1526 657 1596 τῆς
689 1526 986 1596 μοναρχίας
1031 1524 1342 1592 Αὐγούστου
1375 1522 1681 1591 Καίσαρος,
1721 1521 1825 1592 ἢδη
1855 1520 1952 1590 λή-

375 1634 604 1685 γοντος,
657 1618 746 1670 ὅτε
797 1618 893 1670 καὶ
938 1620 967 1670 ὁ
1003 1617 1211 1687 Κύριος
1263 1614 1423 1686 ἡμῶν
1466 1614 1675 1684 Ἰησοῦς
1706 1611 1951 1684 Χριστὸς

384 1709 525 1780 μετὰ
581 1712 787 1780 σαρκὸς
850 1710 916 1763 ὲκ
960 1710 1062 1779 τῆς
1118 1707 1284 1777 ἁγίας
1334 1705 1576 1778 προῆλθε
1631 1706 1950 1775 Παρθένουο

386 1802 748 1871 καταὶήξασα
788 1801 847 1854 δὲ
881 1801 1010 1871 ἄχρι
1043 1801 1140 1853 καὶ
1169 1799 1263 1854 τοῦ
1287 1798 1773 1854 ὲννεακαιδεκάτου
1800 1788 1959 1877 ἔτους

2045 602 2148 657 tris
2172 602 2291 672 ejus
2313 608 2456 663 erat,
2482 597 2707 668 paulum
2741 596 2998 651 deorsum
3028 608 3251 650 versum
3274 601 3620 664 vergentem,

2043 709 2108 751 ac
2139 692 2353 749 modice
2384 688 2751 748 rubicundam
2784 705 2800 743 :
2828 688 3152 760 gravitatem
3185 696 3353 758 atque
3382 687 3621 755 pruden-

2050 784 2183 839 tiam
2228 798 2355 838 cum
2405 783 2631 837 lenitate
2671 780 3044 850 coniunctam,
3080 778 3623 848 placabilitatemque

2049 874 2353 931 iracundiae
2393 880 2678 943 expertem
2734 885 2848 941 prae
2886 885 2947 925 se
2986 870 3276 925 ferentem.
3314 868 3625 924 Persimilis

2050 965 2292 1036 denique
2319 979 2419 1035 per
2447 962 2633 1018 omnia
2660 962 2760 1017 fuit
2786 962 2986 1017 divinas
3019 968 3076 1016 et
3115 962 3481 1017 immaculata
3511 977 3627 1016 suae

2049 1057 2339 1115 Genitrici.
2372 1057 2451 1113 Ac
2480 1057 2599 1113 haec
2632 1056 2851 1127 quidem
2887 1055 3178 1109 hactenus.
3221 1053 3627 1123 Complectitur

2052 1161 2236 1205 autem
2262 1151 2476 1221 primus
2502 1148 2593 1203 hic
2617 1147 2972 1203 historiarum
3001 1146 3142 1202 liber
3174 1160 3350 1201 annos
3399 1145 3626 1213 triginta

2055 1252 2190 1309 tres,
2253 1243 2414 1298 initio
2442 1251 2663 1313 sumpto
2701 1256 2731 1295 a
2766 1240 3190 1312 quadragesimo
3232 1236 3477 1294 secundo
3509 1235 3628 1291 Au-

2052 1335 2200 1405 gusti
2244 1333 2478 1389 Caesaris
2514 1333 2625 1404 jam
2674 1332 3015 1388 senescentis
3058 1330 3276 1401 imperii
3318 1344 3486 1393 anno,
3518 1341 3632 1398 quo

2054 1427 2323 1482 Dominus
2377 1434 2565 1482 noster
2611 1425 2771 1481 Jesus
2817 1424 3075 1480 Christus
3151 1438 3278 1478 cum
3330 1435 3498 1477 carne
3566 1422 3635 1474 c'x

2055 1530 2244 1577 sancta
2299 1519 2567 1590 processit
2603 1518 2824 1589 Virgine
2856 1536 2870 1572 :
2922 1517 3030 1571 ﬁne
3059 1525 3244 1570 autem
3268 1514 3324 1569 in
3356 1513 3635 1568 decimum

2056 1628 2264 1669 nonum
2297 1612 2372 1682 (Ι)
2406 1611 2613 1667 Tiberii
2642 1610 2876 1667 Caesaris
2903 1608 3228 1679 imperantis
3258 1622 3463 1661 annum
3491 1604 3640 1659 desi-

2056 1710 2245 1758 nente.
2271 1701 2373 1769 Qui
2400 1700 2625 1771 quidem
2654 1716 2684 1756 a
2714 1699 2921 1755 mundo
2947 1700 3175 1755 condito
3215 1698 3292 1767 (Ξ)
3340 1695 3637 1768 quinquies

2058 1794 2384 1850 millesimus
2409 1793 2889 1865 quingentesimus
2918 1791 3235 1847 tricesimus
3261 1805 3462 1857 nonus,
3484 1805 3514 1843 a
3541 1803 3641 1842 na-

378 1891 634 1959 Τιϐερῖου
694 1891 976 1961 Καίσαρος
1046 1890 1149 1962 ήδη
1199 1890 1656 1962 καταρχομένου·
1713 1888 1956 1961 ὁπηνίκα

2061 1889 2274 1944 tivitate
2300 1898 2483 1943 autem
2514 1887 2729 1944 Domini
2761 1885 3080 1941 tricesimus
3111 1884 3309 1941 tertius
3340 1881 3446 1939 fuit
3477 1882 3580 1953 (3).

379 1987 587 2055 κόσμου
641 1986 740 2052 μὲν
813 1987 932 2051 ἔτος
989 1986 1177 2056 ,εφλθ’.
1238 1986 1348 2040 ἀπὸ
1402 1985 1462 2039 δὲ
1526 1987 1628 2056 τῆς
1686 1984 1841 2049 θείας
1890 1986 1986 2039 τοῦ
2062 1986 2273 2058 Κυρίου
2350 1985 2662 2057 γεννήσεως
2722 1984 2909 2055 τρίτον
2973 1982 3112 2052 πρὸς
3169 1983 3284 2046 τοῖς
3339 1980 3638 2053 τριάκοντα

381 2079 731 2156 examinem;

456 2298 533 2368 (1)
574 2296 937 2368 Nicephorus,
968 2306 1135 2366 atque
1173 2298 1264 2353 alii
1295 2297 1482 2353 itidem
1512 2306 1790 2368 auctores,
1835 2311 1960 2367 pas-

385 2367 597 2423 siOnem
619 2367 826 2421 Christi
856 2367 984 2423 Jesu
1014 2367 1317 2421 Salvatoris
1351 2367 1547 2430 nostri,
1570 2368 1626 2422 in
1679 2368 1959 2423 decimum

380 2453 588 2492 nonum
628 2438 954 2504 imperantis
1003 2437 1212 2492 Tiberii
1257 2453 1462 2491 annum
1512 2436 1811 2492 referunt:
1849 2452 1959 2504 quo

383 2523 529 2562 anno
550 2509 804 2561 consules
839 2507 991 2561 fuere
1030 2509 1161 2562 Fur.
1192 2507 1413 2562 Camill.
1443 2506 1709 2561 Aruntius
1739 2506 1962 2562 Scribo—

386 2579 602 2635 nianus.
628 2586 686 2629 ct
717 2576 816 2630 Cn.
840 2578 1108 2631 Domitius
1129 2576 1504 2631 Ainobarbus.
1524 2578 1592 2629 At
1617 2576 1955 2642 Lactantius,

385 2648 567 2702 lnstit.
597 2647 762 2701 divin.
798 2648 896 2704 lib.
946 2664 1023 2711 tv,
1064 2647 1291 2709 Tiberii.
1339 2649 1552 2716 inquit,
1604 2663 1749 2701 anno
1799 2648 1961 2716 quin-

389 2718 629 2778 decimo,
670 2716 723 2770 id
752 2727 870 2782 est,
904 2718 1123 2772 duobus
1152 2718 1400 2773 Geminis
1434 2718 1753 2772 consulibus
1776 2758 1791 2782 ,
1827 2729 1958 2771 ante

389 2787 535 2840 diem
555 2788 847 2856 septimum
872 2788 1288 2856 Cal.Apri|ium,
1313 2787 1482 2842 Judaei
1501 2785 1780 2841 Christum
1806 2786 1960 2856 cruci

390 2856 697 2911 aﬂixeruut.
741 2855 942 2911 Eorum
978 2855 1267 2911 consulum
1305 2860 1515 2926 integra
1562 2856 1786 2926 nomina
1840 2855 1961 2912 fue-

389 2935 521 2998 runt
545 2944 559 2980 :
581 2926 642 2998 C.
675 2927 961 2998 Rubellius
984 2926 1267 2993 Geminus,
1293 2924 1654 2998 etiCJFusius
1674 2924 1961 2981 Geminus.

392 2993 711 3051 Lactantius
742 2996 1068 3051 Tertulliani
1111 2993 1439 3052 sententiam
1467 3006 1551 3050 est
1582 3007 1807 3051 secutus
1828 3035 1844 3060 ,
1866 3010 1964 3050 cu-

393 3066 477 3122 ius
511 3067 625 3121 haec
656 3068 822 3121 verba
854 3079 982 3121 sunt
1016 3067 1070 3120 in
1106 3067 1205 3121 lib.
1241 3068 1500 3122 Adversus
1526 3063 1744 3119 Judwos
1771 3081 1789 3119 :
1824 3085 1842 3117 ‹
1873 3065 1966 3120 Τί-

431 3137 530 3189 erii
547 3137 959 3205 quintodecimo
974 3152 1118 3191 anno
1137 3135 1350 3206 imperii
1376 3152 1571 3205 passus
1590 3145 1672 3190 est
1687 3136 1962 3202 Christus,

391 3220 566 3259 annos
618 3206 827 3261 habens
859 3207 1016 3277 quasi
1050 3207 1120 3261 50
1140 3245 1177 3277 ,ί
1205 3222 1329 3261 cum
1368 3214 1672 3276 pateretur,
1703 3218 1813 3261 etc.
1836 3206 1969 3271 Quae

394 3277 577 3341 passio
606 3277 850 3341 perfecta
878 3276 967 3331 est
1006 3276 1360 3332 sub-Tiberio
1391 3278 1628 3340 Caesare,
1665 3291 1809 3331 coss.
1852 3276 1965 3329 Hu-

391 3346 558 3401 bellio
592 3346 846 3410 Gemino,
895 3355 951 3401 et
999 3347 1201 3401 Rufino
1234 3347 1487 3408 Gemino,
1533 3361 1723 3401 mense
1748 3347 1965 3410 Martio,

320 3432 325 3437 ‘
393 3416 737 3484 temporibus
803 3416 1061 3479 Pasclue,
1102 3417 1195 3471 die
1234 3426 1429 3472 octavo
1470 3415 1610 3480 Cal.|
1645 3416 1819 3485 April.
1875 3419 1967 3472 die

394 3487 570 3555 prima
591 3486 921 3557 Azymornm
943 3506 958 3541 :
980 3502 1089 3556 quo
1110 3503 1310 3551 agnum
1349 3496 1407 3539 ut
1430 3488 1744 3542 occiderent
1776 3487 1845 3542 ad
1874 3504 1967 3545 ve-

395 3571 632 3625 speram.
669 3556 699 3611 ἐι
737 3556 885 3626 Moser
905 3556 1080 3611 fuerat
1119 3568 1474 3626 prmceptum.
1514 3577 1534 3610 ι

469 3626 545 3697 (2)
587 3626 684 3683 Hic
714 3628 847 3700 mihi
875 3625 1421 3700 ingenue’fatendum
1466 3636 1587 3691 est,
1624 3642 1747 3700 cum
1779 3629 1971 3700 ingen-

398 3704 507 3751 tem
524 3712 647 3751 esse
665 3698 910 3771 viderem
930 3698 1074 3753 inter
1092 3707 1310 3771 veteres
1325 3706 1381 3752 et
1410 3712 1581 3771 novos
1601 3698 1669 3754 ch
1679 3698 1972 3771 ronologos

395 3776 453 3821 et
484 3777 793 3837 temporum
825 3769 1211 3822 observatores
1258 3768 1657 3824 dissonantiam
1685 3807 1701 3833 ,
1751 3768 1914 3825 annis
1940 3787 1969 3827 a

398 3837 621 3909 condito
674 3837 881 3909 mundo
910 3836 1317 3909 no_tandis_,me
1348 3838 1402 3893 in
1441 3838 1737 3909 Nicephori
1795 3847 1971 3897 nostri

401 3906 604 3978 prioris
635 3906 893 3978 editionis
937 3906 1096 3961 libris
1133 3906 1339 3978 ubique
1383 3908 1532 3963 mille
1579 3906 1762 3966 annos
1789 3911 1975 3967 detra-

403 3977 568 4043 xisse,
604 3985 663 4033 ut
714 3976 926 4034 notatio
958 3978 1079 4050 ejus
1144 3985 1201 4033 et
1247 3976 1582 4051 computatio
1631 3980 1859 4052 propius
1905 3983 1973 4038 ad

3491 2275 3635 2294 ﬁ

2064 2302 2438 2357 recentiorum
2464 2313 2601 2369 quas
2624 2313 2655 2352 e
2680 2297 2853 2369 sacris
2878 2296 3441 2369 Bibliis'_acceperunt
3472 2297 3643 2369 raptio-

2064 2386 2184 2429 nes.
2204 2365 2517 2426 accederet.
2542 2370 2649 2423 Sed
2676 2368 2731 2421 in
2754 2367 3058 2437 posteriore
3089 2365 3191 2421 ista
3214 2365 3271 2421 et
3297 2367 3643 2423 accuratiore

2065 2441 2333 2502 editione,
2365 2440 2620 2494 millenos
2645 2452 2743 2492 eos
2760 2436 2948 2492 annos
2968 2436 3173 2505 ubique
3201 2437 3445 2501 restitui,
3480 2437 3552 2492 ita
3582 2448 3645 2492 ut

2065 2510 2121 2565 in
2155 2509 2344 2565 Gru-co
2376 2508 2675 2577 exemplari
2725 2506 2932 2577 positos
2965 2508 3169 2577 reperi.
3204 2505 3331 2577 Feci
3372 2507 3426 2561 id
3462 2522 3525 2561 ea
3548 2522 3646 2576 po-

2068 2581 2340 2635 tissimum
2371 2574 2642 2633 adductus
2668 2574 2904 2641 ratione,
2941 2574 3089 2644 quOd
3119 2586 3177 2630 et
3208 2574 3563 2632 Lactantium
3585 2586 3644 2631 et

2063 2651 2432 2718 Augustinum
2468 2645 3059 2718 videremscripsisse,
3082 2655 3250 2718 aetate
3274 2661 3477 2718 eorum
3510 2661 3640 2718 sex-

2064 2715 2180 2774 tum
2221 2719 2411 2774 mundi
2466 2717 2834 2774 millenarium
2869 2716 3208 2773 cucurrisse.
3272 2715 3595 2771 Lactantius
3621 2758 3637 2783 ,

2060 2790 2160 2869 li_b_.
2193 2790 2383 2869 Insfit.
2409 2805 2507 2854 vn,
2545 2803 2665 2869 cap.
2710 2786 2816 2840 Ηυξ
2864 2803 2900 2869 ξ.
2925 2784 3133 2869 Sciant,
3170 2786 3647 2869 inqttit,_phiioso-

2064 2860 2183 2926 phi,
2213 2860 2308 2930 qui
2335 2861 2406 2915 ab
2436 2856 2669 2914 exordio
2713 2856 2904 2909 mundi
2930 2856 3261 2930 saeculorum
3301 2858 3474 2912 millia
3501 2871 3648 2912 enu-

2066 2926 2315 2993 merant,
2349 2930 2591 2983 nondum
2647 2934 2862 2981 sextum
2899 2926 3251 2980 millesimum
3281 2942 3488 2987 annum
3521 2942 3646 2982 esse

2067 3001 2414 3063 conclusum,
2446 3014 2556 3068 quo
2584 3010 2818 3068 numero
2846 2996 3065 3063 expleto
3109 2998 3643 3068 consummationem

2072 3070 2192 3123 ﬁeri
2225 3065 2591 3134 necesse—est,
2621 3076 2678 3122 et
2720 3065 3083 3134 humanarum
3126 3081 3310 3121 rerum
3355 3077 3554 3121 statum
3590 3067 3650 3121 in

2070 3141 2271 3194 melius
2324 3133 2634 3193 reformari.
2670 3155 2688 3188 ι
2711 3138 2957 3205 _August.
2986 3133 3061 3188 De
3092 3136 3238 3191 civit.
3269 3137 3367 3193 lib.
3401 3153 3489 3196 xx.
3515 3153 3565 3192 c.
3590 3138 3647 3201 7,

2070 3209 2139 3265 de
2164 3211 2314 3265 mille
2330 3210 2491 3264 annis
2517 3200 2923 3278 Apocalyps'eos
2954 3205 3226 3278 scribens,
3277 3227 3295 3260 ι
3322 3209 3380 3264 In
3415 3208 3650 3270 ultimis.

2070 3279 2273 3350 in‘quit,
2309 3279 2470 3333 annis
2494 3275 2643 3334 mille
2674 3275 2779 3332 ista
2808 3290 2899 3330 res
2927 3275 3129 3345 agitur,
3148 3276 3201 3350 id
3234 3287 3340 3343 est,
3371 3288 3530 3350 sexto
3552 3295 3650 3333 an-

2067 3347 2269 3405 norum
2304 3350 2581 3416 milliario,
2619 3359 2879 3417 tanquam
2925 3356 3081 3400 sexm
3128 3347 3239 3413 die,
3291 3349 3452 3418 cujus
3500 3363 3654 3418 nunc

2069 3421 2246 3489 spatia
2278 3421 2586 3489 posteriora
2606 3418 2912 3489 .volvuntur
2935 3455 2949 3479 ,
2982 3424 3244 3474 secuturo
3275 3417 3477 3474 deinde
3501 3417 3647 3473 Sab-

2071 3492 2223 3554 bato,
2267 3488 2417 3559 quod
2462 3505 2573 3544 non
2608 3488 2776 3559 habet
2805 3499 3113 3559 yesperam.
3164 3506 3184 3540 ι
3218 3489 3264 3543 Α
3295 3504 3401 3559 qua
3437 3490 3654 3559 ratione

2073 3577 2184 3686 gon
2215 3555 2452 3614 multum
2494 3558 2778 3614 aunotatio
2805 3555 3105 3625 Nicephori
3149 3555 3426 3616 annorum
3460 3558 3655 3614 mundi

2116 3639 2378 3686 iscrenat.

2116 3631 2378 3685 iscrenat.

2149 3647 2193 3683 5‘
2301 3647 2378 3684 al.

2149 3647 2535 3771 (Egegeoterici
2583 3699 2907 3769 chronologi
2965 3699 3261 3757 admodum
3292 3714 3324 3754 a
3372 3697 3657 3771 veteribus

2077 3768 2414 3839 discrepant.
2457 3772 2703 3837 Quorum
2730 3768 2954 3841 quidam
3001 3773 3149 3827 hunc
3200 3785 3403 3825 annum
3463 3768 3657 3841 mundi

2076 3844 2565 3968 ggiilrillit‘iwpﬁnsent
2608 3838 2924 3900 esse'5995.
2970 3842 3299 3900 Theodorus
3336 3838 3657 3898 Bibliander

2153 3931 2168 3967 Ι
2409 3956 2423 3968 .

2078 3923 2233 3983 ponit
2261 3923 2423 3969 wn.
