4032 6410
418 334 529 399 ’751

1655 335 2080 400 NICEPHORI
2121 339 2467 402 CALLISTI

3554 322 3696 416 λιες

1030 628 2038 767 ΝΙΚΗΦΟΡΟΥ
2115 538 3123 774 ΚΑᾸΛΙΣΤΟΥ

1800 869 2330 927 ΧΑΝΘΟΠΟΥΛΟΥ

781 1033 2399 1163 ΕΚΚΑΗΣΙΑΣΤΙΚΗΣ
2511 1052 3222 1171 ΙΣΤΟΡΙΑ
3259 1059 3347 1170 Σ

1786 1279 2177 1369 ΤΟΜΟΣ
2250 1275 2333 1366 B'
2351 1334 2378 1361 .

1038 1649 2098 1809 NICEPHORI
2221 1552 3098 1853 CALLISTI

1792 1922 2322 1989 XANTHOPULI

842 2109 2238 2231 ECCLESIASTICAE
2387 2116 3245 2233 HISTORUE

1739 2355 2151 2447 TOMUS
2227 2356 2366 2445 ΙΙ.

870 2676 1087 2799 i130
1121 2725 1349 2783 CAPUT
1392 2725 1433 2782 1.

418 2845 489 2902 Ut
516 2853 632 2916 post
661 2843 1020 2916 ascensionem
1051 2840 1263 2895 Domini
1321 2837 1591 2916 _Hatthias
1637 2854 1734 2909 pro
1770 2837 1917 2893 Juda
1947 2839 2005 2893 in

491 2910 776 2971 tiumerum
801 2913 1077 2967 duodecim
1121 2910 1490 2981 apostolorum
1527 2911 1598 2965 sit
1630 2917 1930 2979 cooptatus.

493 3099 684 3155 Primo
708 3096 877 3159 libro,
904 3109 1028 3165 qua:
1062 3083 1204 3164 opus
1239 3091 1362 3154 fuit,
1397 3090 1467 3146 de
1496 3089 1658 3147 Verbi
1691 3089 2006 3155 divinitate,

420 3202 479 3247 et
507 3191 774 3246 doctrina:
801 3184 1130 3244 Christiana:
1169 3184 1561 3254 antiquissima
1589 3185 1828 3253 origine,
1859 3183 2008 3253 quod

419 3284 681 3339 videlicet
727 3281 1041 3336 institutum
1099 3293 1167 3333 ex
1211 3275 1539 3346 praescripto
1591 3275 1877 3345 Evangelii
1929 3275 2012 3330 vi-

419 3377 610 3442 vendi,
643 3391 751 3430 una
797 3389 923 3429 cum
957 3373 1078 3443 ipso
1109 3369 1318 3424 mundo
1348 3369 1584 3430 exstitit,
1656 3383 1685 3423 a
1731 3367 2010 3423 veteribus

423 3469 538 3525 Deo
589 3468 810 3523 dilectis
861 3464 1205 3527 hominibus,
1239 3462 1399 3533 quasi
1449 3478 1548 3532 per
1596 3452 1849 3517 nmbrain
1902 3459 2014 3513 fre-

422 3570 752 3632 quentatum
787 3568 1096 3626 :praaterea
1133 3553 1282 3625 quod
1323 3554 1722 3625 appellationes
1753 3551 2012 3607 Servato—

418 3658 505 3709 τῖε
536 3652 708 3707 nostri
747 3652 799 3705 in
840 3664 1101 3720 magnum
1133 3648 1446 3719 antiquitus
1476 3646 1685 3702 fuerint
1716 3646 2008 3711 honorem,

420 3757 477 3804 et
520 3744 801 3817 quomodo
828 3742 1146 3799 Iudaeorum
1180 3757 1410 3813 regnum
1433 3740 1547 3812 jam
1581 3739 1712 3796 inde
1750 3739 1821 3792 ab
1849 3739 2010 3794 initio

422 3840 491 3894 ad
535 3838 810 3895 Ilerodem
848 3851 1027 3908 usque
1073 3835 1149 3889 sit
1189 3834 1540 3890 deductum:
1573 3843 1691 3888 tum
1721 3844 1905 3886 autem
1941 3832 2012 3886 de

426 3932 778 4003 apparitione
809 3939 866 3982 et
905 3927 1196 4003 praesentia
1231 3926 1545 3981 Servatoris
1572 3925 1776 3981 Christi
1808 3924 1863 3978 in
1897 3932 2011 3977 ter-

425 4000 527 4086 ris,
563 4022 841 4088 simulque
867 4019 935 4073 de
962 4019 1075 4072 vita
1100 4000 1160 4072 et
1187 4016 1457 4071 institutis
1482 4018 1603 4087 ejus
1634 4034 1648 4070 :
1683 4016 1915 4085 insuper
1942 4015 2011 4069 de

426 4115 807 4186 apostolorum
855 4111 1153 4177 electione,
1199 4111 1264 4165 de
1311 4109 1610 4180 baptismo,
1654 4109 1840 4165 divina
1888 4124 2013 4179 pas-
2046 4091 2090 4147 Β

426 4212 606 4273 sione,
640 4206 1071 4271 resurrectione,
1100 4213 1157 4260 et
1179 4204 1363 4259 reditu
1390 4205 1514 4273 ejus
1547 4204 1601 4258 in
1633 4202 1827 4269 caelos,
1859 4201 2017 4257 deni-

426 4318 536 4373 que
562 4302 645 4356 'de
688 4298 1046 4353 restitutione
1091 4297 1285 4352 mundi
1331 4297 1709 4366 exposuimus.
1744 4296 2017 4365 Deinceps

392 4407 409 4413 “
427 4411 492 4450 ea
518 4409 642 4465 quae
669 4404 793 4463 post
824 4390 1209 4446 ascensionem
1235 4388 1548 4444 Servatoris
1576 4396 1696 4444 acta
1728 4387 1866 4451 sint,
1891 4387 2018 4442 bre-

426 4490 572 4543 viter
606 4470 1029 4558 percurramus,
1065 4482 1233 4537 rebus
1276 4481 1657 4552 apostolorum
1688 4480 1859 4551 gestis
1892 4495 2019 4535 sua-

428 4582 576 4636 viter
606 4580 993 4639 immorantes,
1022 4576 1248 4631 ubinam
1282 4582 1338 4629 et
1367 4574 1647 4644 quomodo
1668 4573 2017 4629 salutiferum

428 4675 674 4728 Verbum
707 4686 806 4741 per
834 4669 1196 4724 habitabilem
1230 4666 1421 4722 orbem
1455 4666 1822 4728 increbuerit,
1854 4681 2021 4735 quas-

429 4769 568 4824 libet
591 4767 757 4821 etiam
791 4764 1233 4833 uniuscujusque
1263 4776 1457 4818 eorum
1483 4776 1582 4832 per
1601 4759 1866 4830 Spiritum
1890 4760 2022 4815 οπο-

431 4864 646 4915 ctiunes
671 4867 727 4913 et
755 4871 944 4926 Opera,
986 4865 1042 4910 et
1085 4868 1250 4924 quem
1289 4853 1527 4924 quisque
1569 4851 1696 4907 vitae
1727 4851 1890 4906 ﬁnem
1926 4853 2024 4906 ha-

432 4952 640 5015 interit,
681 4963 888 5019 quasve
916 4962 983 5001 ex
1009 4947 1268 5016 gentibus
1313 4943 1668 4999 constituerit
1712 4943 2018 5012 Ecclesias;

429 5053 714 5114 postremo
731 5040 936 5110 quibus
967 5036 1274 5092 functionis
1290 5051 1405 5091 suae
1423 5036 1499 5090 illi
1530 5036 1867 5106 reliquerint
1896 5052 2023 5092 suc-

418 5132 739 5187 cessiones.
773 5127 961 5199 anue
989 5128 1190 5197 partim
1215 5142 1281 5181 ex
1309 5125 1517 5181 divinis
1541 5125 1771 5181 Litteris
1795 5127 2022 5196 collige-

433 5242 582 5290 mus,
609 5223 809 5295 partim
841 5238 907 5277 ex
939 5221 1063 5276 aliis
1101 5219 1404 5286 historicis,
1431 5229 1494 5274 ut
1524 5234 1647 5275 sese
1685 5220 1840 5291 131
1873 5222 2026 5289 quis—

420 5333 542 5388 quc
577 5318 734 5372 locus
773 5313 952 5379 dabit,
997 5312 1315 5367 aﬂ‘eremus.
1365 5311 1557 5382 Itaque
1586 5312 1731 5366 sacri
1764 5321 1820 5367 et
1849 5311 2022 5366 divini

2033 2740 2079 2789 Δ

3194 2386 3220 2419 Ι

2713 2731 2964 2786 ΚΕΦᾹΛ.
3001 2729 3081 2786 A'.

2119 2843 2220 2910 Ὠς
2235 2846 2386 2914 μετὰ
2437 2847 2553 2912 τὴν
2597 2847 2707 2917 τοῦ
2771 2847 2995 2913 Κυρίου
3045 2846 3366 2917 ἀνάληψιν
3435 2850 3693 2915 Ματθίας

2180 2917 2317 2970 ἀντὶ
2350 2919 2549 2991 Ἰούδα
2576 2916 2657 2982 τῷ
2677 2917 2816 2991 ,τῶν
2854 2917 3085 2972 δώδεκα
3138 2916 3508 2975 ἀποστόλων
3553 2936 3696 2991 συγ-

2182 2987 2514 3057 κατελέχθη
2549 2988 2727 3057 χορῷ.

2199 3103 2330 3174 ’ἰδίᾳ
2382 3104 2482 3174 μὲν
2518 3100 2613 3159 οὖν
2661 3105 2762 3159 ὅσα
2810 3105 2864 3173 γ’
2900 3104 3071 3175 ἐχρῆν
3120 3103 3254 3174 περί
3302 3121 3371 3159 τε
3419 3105 3694 3175 θεολογίας

2114 3199 2210 3251 καὶ
2253 3199 2352 3268 τῆς
2384 3199 2755 3269 ἀρχαιότητος
2797 3195 2894 3251 τοῦ
2945 3197 3071 3251 καθ’
3104 3198 3254 3266 ἡμᾶς
3293 3198 3594 3268 δόγματος·
3620 3197 3696 3249 ἔτι

2112 3289 2171 3343 δὲ
2223 3289 2298 3352 ὡς
2354 3290 2656 3359 σύγχρονος
2684 3285 2752 3361 ἧν
2785 3289 2819 3359 ἡ
2862 3287 3007 3343 κατὰ
3047 3289 3109 3342 τὸ
3155 3290 3503 3358 Εὑαγγέλιον
3554 3288 3697 3343 mit—

2113 3384 2238 3437 τεία
2268 3383 2346 3453 τῷ
2375 3387 2589 3455 κόσμῳ,
2628 3382 2785 3455 παρά
2808 3383 2920 3438 τῶν
2951 3383 3121 3436 πάλαι
3152 3383 3412 3449 σκιωδῶς
3443 3382 3699 3453 θεοφιλῶν

2114 3478 2487 3548 ἐνεργουμένη
2511 3477 2747 3547 ἀνδρῶν’
2787 3479 2886 3532 καὶ
2921 3478 2999 3539 ὡς
3027 3479 3084 3530 αἱ
3125 3477 3365 3548 κλήσεις
3394 3477 3489 3531 τοῦ
3525 3475 3697 3544 Σωτῆ-

2119 3587 2214 3638 ρος
2240 3569 2400 3638 ήμῶν
2435 3568 2505 3622 δι’
2540 3566 2726 3633 αίδοῦς
2772 3569 2975 3641 ἦγοντο
3022 3571 3119 3624 καὶ
3151 3571 3265 3632 τοῖς
3290 3570 3567 3631 παλαιοῖςο
3604 3567 3693 3620 καὶ

2118 3664 2254 3734 περὶ
2304 3662 2405 3731 τῆς
2464 3663 2680 3718 ἄνωθεν
2744 3663 2802 3726 ἐς
2859 3664 3028 3717 αὐτὸν
3078 3660 3339 3733 Ἡρώδην
3412 3660 3694 3726 κατιούσης

2117 3757 2315 3828 ἀρχῆςο
2350 3756 2443 3810 ναὶ
2482 3757 2592 3827 μὴν
2622 3759 2717 3810 καὶ
2776 3756 2908 3827 περὶ
2962 3756 3062 3825 τῆς
3114 3757 3196 3817 εἰς
3237 3755 3347 3827 γῆν
3377 3754 3694 3822 ἐπιφανείας

2115 3847 2212 3901 τοῦ
2258 3848 2509 3918 Σωτῆρος
2552 3845 2815 3919 Χριστοῦ,
2864 3846 2966 3915 τῆς
3015 3862 3076 3899 τε
3114 3846 3395 3909 πολιτείας
3425 3848 3516 3899 καὶ
3550 3845 3690 3912 ἀγω-

2116 3944 2219 4011 γῆς
2245 3978 2260 4005 ,
2313 3942 2410 3993 καὶ
2464 3941 2565 4009 τῆς
2596 3939 2704 3993 τῶν
2743 3940 3066 3994 ἀποστόλων
3106 3939 3371 4009 ἐκλογῆς,
3407 3942 3467 3995 οὐ
3505 3940 3609 4010 μὴν
3639 3936 3694 3989 δὲ

2119 4034 2258 4088 ἀλλὰ
2299 4034 2395 4087 καὶ
2440 4034 2573 4103 περὶ
2631 4032 2727 4087 τοῦ
2784 4033 3189 4104 βαπτίσματος.
3239 4038 3342 4091 καὶ
3400 4032 3496 4089 τοῦ
3556 4033 3693 4085 θείου

2120 4126 2331 4188 πάθους
2362 4126 2555 4188 αὐτοῦ,
2596 4126 2694 4179 καὶ
2727 4124 2833 4194 τῆς
2861 4126 3242 4191 ἀναστάσεως,
3278 4129 3381 4180 καὶ
3422 4129 3501 4190 εἰς
3538 4127 3695 4195 οὐρα-

2119 4219 2246 4283 νοὺς
2268 4218 2427 4282 αὖθις
2454 4219 2646 4271 ἀνόδου
2694 4217 2889 4271 τούτου
2937 4220 3034 4272 καὶ
3083 4220 3611 4280 ἀποκαταστάσεως,
3642 4219 3697 4268 ὲν

2119 4310 2197 4380 τῷ
2247 4311 2455 4381 πρώτῳ
2499 4309 2858 4381 διεξήλθομεν
2902 4310 3079 4381 τόμῳ.
3126 4311 3289 4379 Ἑξῆς
3327 4312 3373 4366 δ’
3399 4312 3466 4366 ἂν
3507 4310 3591 4379 εἴη
3633 4309 3697 4361 τὰ

2123 4405 2265 4474 μετά
2308 4402 2408 4475 τὴν
2446 4402 2720 4471 ἀνάληψιν
2757 4402 2850 4457 τοῦ
2894 4404 3145 4473 Σωτῆρος
3186 4407 3536 4474 γεγενημένα
3576 4418 3697 4456 συνο

2121 4495 2387 4563 τεμόντας
2432 4492 2774 4564 διαδραμεῖν.
2831 4495 3075 4563 Πράξεσι
3117 4496 3227 4548 τῶν
3262 4497 3582 4549 ἀποστόλων
3610 4495 3701 4561 ἐμ·-

2122 4583 2591 4655 φιλοχωροῦντας,
2623 4586 2733 4655 ὅπη
2771 4602 2833 4638 τε
2872 4586 2967 4638 καὶ
3006 4586 3153 4645 ὅπως
3182 4587 3210 4640 ό
3242 4589 3513 4658 σωτήριος
3551 4586 3697 4651 λόγος

2121 4676 2224 4742 τὴν
2259 4674 2594 4744 οἰκουμένην
2628 4675 2911 4745 διέδραμε,
2946 4675 3047 4738 τάς
3092 4691 3153 4727 τε
3200 4674 3326 4727 καθ’
3347 4666 3577 4729 ἕκαστον
3608 4672 3701 4727 αὐ-

2122 4767 2231 4819 τῶν
2268 4766 2361 4818 τοῦ
2401 4766 2722 4836 Πνεύματος
2754 4768 3062 4837 ἐνεργείας·
3115 4767 3213 4819 καὶ
3273 4768 3375 4836 οἴῳ
3430 4768 3526 4820 καὶ
3558 4764 3699 4819 οὗτοι

2122 4859 2269 4911 τέλει
2298 4859 2662 4929 χρησάμενοι,
2698 4858 2798 4921 τὰς
2829 4859 2888 4923 ἑξ
2921 4858 3098 4913 ἐθνῶν
3120 4860 3536 4930 κατεστήσαντο
3579 4858 3698 4910 Ἐκ·-

2124 4950 2384 5019 κλησίας,
2409 4950 2622 5020 ἑτέροις
2658 4951 2756 5013 τὰς
2783 4933 2970 5003 αὐτῶν
3000 4950 3402 5013 καταλιπόντες
3428 4953 3698 5020 διαδοχὰς.

2126 5044 2195 5093 τὰ
2223 5042 2322 5111 μὲν
2365 5044 2431 5095 ὲκ
2478 5042 2590 5094 τῶν
2639 5042 2803 5095 θείων
2829 5044 3182 5113 γραμμάτων
3216 5044 3614 5114 ὲρανιζόμενοι,
3636 5040 3699 5092 τὰ

2125 5129 2181 5184 δὲ
2211 5133 2306 5185 καὶ
2351 5133 2412 5196 ἐξ
2462 5132 2640 5185 ἄλλων
2677 5132 2973 5202 ίστοριπεῶν
3007 5134 3381 5205 ποριζόμενοι,
3415 5135 3492 5197 ὡς
3514 5138 3571 5188 έν
3594 5134 3701 5193 τοῖς

2127 5225 2315 5287 τόποις
2369 5228 2658 5293 γενόμενοι
2703 5222 2970 5293 λέξομεν·
3026 5228 3121 5280 καὶ
3175 5228 3356 5279 τοίνυν
3392 5227 3503 5279 τῶν
3550 5226 3702 5278 θείων

2127 5319 2222 5371 καὶ
2271 5318 2429 5388 ιερῶν
2484 5317 2852 5388 μυστηπόλων
2896 5319 3004 5369 ἀπὸ
3058 5318 3153 5371 τοῦ
3196 5318 3487 5380 Ἐλαιῶνος
3532 5318 3701 5370 ὀπίσω

429 5406 693 5479 apostoli,
721 5419 846 5459 cum
883 5419 949 5458 ex
1001 5410 1189 5458 monte
1215 5399 1418 5457 Oliveti
1451 5401 1505 5457 in
1541 5402 1767 5458 domum
1797 5402 2018 5458 Joannis

2129 5410 2600 5480 ἀναστραφέντων
2637 5413 2717 5473 εἰς
2768 5411 2861 5462 τὸν
2894 5412 2953 5463 ὲν
3004 5413 3071 5481 τῇ
3104 5410 3244 5483 Σιῲν
3270 5408 3421 5464 οἷκον
3462 5412 3702 5465 Ἰωάννου

433 5500 785 5571 evangelista:
823 5497 891 5552 ad
930 5496 1061 5551 Sion
1110 5496 1269 5551 sitam
1303 5495 1419 5565 (ubi
1454 5511 1677 5567 quoque
1718 5495 1817 5551 Dei
1850 5496 2021 5552 Geni-

2132 5501 2227 5555 τοῦ
2273 5502 2701 5569 Εὑαγγελιστοῦ,
2736 5502 2875 5556 ὅπου
2905 5503 2969 5572 δὴ
3008 5504 3105 5555 καὶ
3132 5505 3234 5572 τὴν
3264 5503 3547 5569 Θεοτόκον,
3575 5499 3704 5568 πρὸς

436 5595 542 5647 trix
571 5609 598 5647 a
656 5591 868 5660 virgine
891 5589 1198 5659 eodemque
1221 5588 1494 5658 discipulo
1516 5598 1731 5644 servata
1758 5605 1931 5659 usque
1955 5589 2018 5643 ad

2132 5593 2227 5646 τοῦ
2262 5594 2535 5665 παρθένου
2568 5597 2665 5649 καὶ
2706 5596 2954 5667 μαθητοῦ
3008 5597 3461 5669 φυλαττομένην,
3492 5599 3615 5666 ἄχρι
3643 5593 3702 5661 δὴ

437 5689 664 5743 vitalem
704 5687 918 5743 obitum
965 5687 1105 5755 ejus,
1146 5693 1208 5738 ut
1247 5684 1556 5753 antiquitus
1601 5686 1744 5738 fama
1784 5683 2022 5746 obtinet,

434 5777 612 5853 vixit)
659 5781 869 5837 reversi
927 5788 1151 5845 essent,
1203 5777 1554 5848 orationique
1610 5787 1663 5833 et
1716 5777 2023 5848 precationi

2135 5687 2232 5739 καὶ
2281 5687 2383 5757 τῆς
2419 5687 2710 5758 ζωηφόρου
2767 5690 2940 5759 αὐτῆς
2978 5690 3238 5761 τελευτῆς
3281 5690 3441 5756 λόγος
3486 5688 3702 5758 ἀρχαῖος

2136 5780 2234 5850 τὴν
2268 5780 2560 5852 διατριϐὴν
2594 5783 2737 5853 ἔχειν
2762 5781 2844 5835 ἔτι
2877 5786 3092 5852 κρατεῑ’
3121 5783 3307 5850 δεήσει
3338 5800 3399 5837 τε
3433 5803 3463 5835 κ
3502 5784 3704 5851 lupos-
