4032 6428
344 396 450 458 753

1275 404 1884 465 ECCLESIASTICE
1925 404 2313 467 IIISTORLE
2354 407 2505 476 LIB.
2545 410 2631 475 Il.

3518 413 3637 475 πᾶα

342 509 478 577 ευχῇ
536 509 990 579 προσανεχόντων
1028 511 1164 579 μετὰ
1203 512 1402 583 μικρὸν
1441 512 1580 565 ὡσεὶ
1615 520 1697 583 ρκ’
1733 512 1924 583 ἠθροι-

2038 528 2329 584 vacarent;
2373 521 2538 587 paulo
2573 528 2731 591 post,
2781 535 2908 577 cum
2959 537 3027 580 eo
3070 524 3231 593 quasi
3288 532 3511 579 centum
3561 538 3624 582 et

347 599 587 667 σμένων,
632 601 840 672 Πέτρος
867 601 1202 673 δημηγορῶν
1231 605 1473 674 πρῶτος,
1506 607 1599 658 τὸν
1627 607 1936 660 δωδέκατον

351 691 588 762 ἀριθμὸν
663 694 763 763 τῆς
831 695 1201 761 ἀποστολικῆς
1270 697 1506 766 ἐκλογῆς
1580 697 1937 769 ἀναπληροῦν

347 783 486 854 ῷετο
529 785 668 838 δεῖν·
700 786 797 839 καὶ
845 786 910 858 δὴ
968 789 1096 851 τοὺς
1128 790 1274 858 λόγῳ
1326 790 1425 844 καὶ
1467 791 1614 861 ἔργῳ
1653 791 1937 859 διαφανεῖς

347 878 413 928 ἐκ
463 877 575 929 τῶν
610 878 1012 948 ἐϐδομήκοντα,
1047 881 1141 933 δύο
1189 881 1246 934 δὲ
1295 877 1439 953 ἦσαν
1483 882 1655 948 οὗτοι,
1697 885 1936 954 προῖστα

349 968 636 1039 ἑκάτερον.
673 968 807 1023 ὥσθ’
833 971 930 1024 ἕνα
968 972 1177 1024 τούτων
1236 973 1357 1027 ἀντὶ
1390 973 1559 1028 Ἰούδα
1579 1011 1598 1040 ,
1629 974 1688 1038 ὃς
1735 976 1826 1029 τὸν
1856 977 1935 1030 ot-

366 1062 512 1114 κεϊον
542 1062 835 1131 παρεδίδου
870 1063 1227 1130 Διδάσκαλον,
1263 1065 1354 1118 τὸν
1400 1066 1568 1121 τόπον
1609 1067 1708 1136 τῆς
1745 1068 1934 1121 διακο-

347 1154 470 1216 νίας
508 1155 865 1225 μεταλαχεῖν.
919 1156 1154 1221 Ἰοῦστος
1190 1157 1249 1211 δέ
1288 1159 1385 1211 καὶ
1433 1159 1684 1222 Ματθίας
1723 1159 1775 1213 oi
1815 1163 1936 1213 ἐπι-

345 1245 601 1312 λεγέντες
655 1244 818 1319 ἦσαν.
871 1249 1059 1319 Ἱερῶν
1111 1250 1168 1304 δὲ
1202 1250 1425 1322 κλήρων
1474 1252 1610 1323 εὐχῇ
1662 1254 1728 1320 τῇ
1765 1270 1934 1324 προσ-

340 1335 555 1408 ηκούσῃ
592 1339 1001 1410 γεγενημένων,
1041 1339 1188 1395 ὥστε
1240 1341 1306 1411 δὴ
1363 1343 1456 1397 τὸν
1504 1344 1836 1416 ἀποχρῶντα
1863 1349 1930 1419 τῇ

345 1429 596 1500 διακονίᾳ
626 1431 724 1485 τοῦ
778 1431 941 1501 λόγου
988 1433 1156 1504 ψήφῳ
1193 1437 1261 1506 τῇ
1294 1435 1504 1490 ἄνωθεν
1531 1438 1829 1510 τεκμηρίῳ
1863 1441 1928 1511 δή

342 1539 444 1575 τινι
473 1523 684 1594 ἐκφανῆ
726 1540 792 1592 γε
840 1520 1009 1591 εἶναι,
1053 1525 1083 1578 ό
1128 1525 1334 1598 κλῆρος
1364 1528 1458 1580 ἐπὶ
1490 1528 1745 1584 Ματθίαν
1790 1532 1931 1602 ἐχώ-

346 1631 450 1684 ρει·
487 1618 583 1670 καὶ
616 1617 778 1679 εὐθὺς
817 1619 910 1671 τὸν
943 1620 1102 1687 ἅγιον
1155 1618 1401 1691 ἐπλήρου
1454 1621 1642 1692 χορὸν,
1669 1625 1736 1694 τῇ
1768 1623 1932 1677 δωδε-

344 1710 471 1762 κάδι
499 1710 612 1766 τῶν
642 1712 965 1769 ἀποστόλων
1001 1712 1324 1786 ἐναρίθμιος
1352 1716 1634 1780 καταστὰς
1678 1718 1796 1780 ταῖς
1819 1716 1931 1772 τῶν

344 1804 546 1876 χειρῶν
576 1806 864 1862 ἐπιθέσεσι

948 1950 1202 2009 ΚΕΦΔΛ.
1246 1949 1324 2006 B’.

339 2056 479 2126 Περὶ
502 2057 612 2135 τῆς
654 2059 763 2135 τοῦ
784 2064 1093 2135 ᾲπανατίου
1117 2064 1468 2135 Πνεύματος
1496 2065 1568 2119 ἐν
1590 2063 1670 2135 τῇ
1704 2067 1928 2126 Hert??-

408 2129 605 2206 κου’τῇ
638 2129 1033 2206 ,ἐπελεύσεως
1054 2150 1067 2165 ο
1124 2135 1225 2188 καί
1260 2129 1386 2206 ,τῶν
1411 2129 1755 2206 γενομένων
1800 2135 1928 2206 τοῖς

408 2199 781 2273 ἀποστόλοις
824 2205 1131 2270 σημείων*
1172 2205 1273 2259 καὶ
1330 2199 1464 2273 περὶ
1525 2199 1645 2260 ἐῶν
1693 2199 1929 2259 πιστῶν

409 2272 695 2338 όμονοΙας
735 2273 832 2324 καί
867 2274 1166 2344 διαγωγῆς
1186 2291 1201 2307 ο
1234 2274 1336 2329 καί
1368 2272 1478 2344 τῆς
1505 2274 1628 2330 τῶν
1648 2273 1692 2336 ζ’
1727 2275 1927 2330 διακό-

408 2355 535 2393 νων
566 2357 682 2409 προ
685 2345 1021 2411 χειρίσεως.

415 2456 521 2508 Καὶ
551 2457 614 2525 δὴ
642 2458 846 2529 δεκάτη
882 2460 982 2530 μὲν
1007 2460 1191 2532 ἡμέρα
1220 2461 1411 2532 παρῆν
1446 2463 1587 2532 μετὰ
1614 2463 1716 2535 τὴν
1762 2462 1926 2518 ’Δνά-

339 2549 504 2619 ληψιν
533 2591 551 2617 ,
591 2553 941 2623 πεντηκοστὴ
1004 2554 1063 2607 δὲ
1112 2555 1252 2624 μετὰ
1310 2555 1409 2628 τὴν
1446 2554 1795 2625 ’Δνάστασιν,
1830 2558 1925 2611 καὶ

286 2682 289 2685 .
338 2642 524 2713 ἀθρόοι
571 2646 775 2708 πάντες
805 2645 883 2716 τῷ
912 2646 1152 2720 ὑπερῴῳ
1184 2645 1350 2718 ἦσαν.
1384 2649 1497 2703 Καὶ
1545 2649 1729 2715 εὐθὺς,
1762 2651 1922 2722 τρίτη

336 2737 396 2789 δὲ
431 2738 552 2808 ὥρα
588 2740 690 2809 τῆς
742 2742 964 2812 ἡμέρας
993 2738 1087 2810 ἦν,
1132 2738 1269 2813 ἦχός
1317 2759 1403 2806 τις
1439 2743 1613 2814 βίαιος
1638 2743 1921 2815 ζέξηχεῖτο,

341 2830 575 2898 ῥεούσης
599 2830 795 2904 ὥσπερ
836 2836 1037 2903 αἴφνης
1072 2834 1265 2903 πνοῆς,
1300 2834 1394 2887 τόν
1423 2851 1485 2887 τε
1525 2831 1675 2887 οἷκον
1706 2835 1926 2889 ἅπαντα

339 2921 635 2989 ἐμπιπλῶν
675 2939 690 2957 ο
722 2925 820 2977 καὶ
871 2925 1044 2995 πυρὸς
1080 2924 1136 2978 δὲ
1180 2925 1429 2993 γλῶσσαι
1478 2927 1594 2989 τοῖς
1653 2926 1926 2997 μαθηταῖς

341 3014 623 3085 ίσάριθμοι
686 3015 1160 3097 διαμερισθεῖσαι,
1209 3018 1297 3089 ἐφ’
1335 3017 1416 3071 ἐνὶ
1457 3019 1668 3074 τούτων
1709 3021 1927 3092 ἑκάστῳ

336 3110 458 3172 ταῖς
491 3112 764 3180 κορυφαῖς
797 3111 1262 3183 προσκαθήμεναι
1289 3111 1562 3182 ἑωρῶντο.
1609 3112 1929 3168 Κάντεῦθεν

2038 611 2232 680 viginti
2285 615 2677 669 convenissent
2727 616 3016 678 homines,
3069 618 3300 679 Petrus,
3352 619 3626 674 concinne

2038 703 2249 768 habita,
2287 706 2502 775 primus
2532 707 2940 762 duodenarinm
2977 710 3297 778 apostolica:
3328 710 3625 764 electionis

2036 811 2332 850 numerum
2403 799 2772 866 supplendum
2837 814 2960 854 esse
3023 800 3330 853 arbitratur
3380 817 3392 851 :
3442 808 3499 855 et
3553 817 3623 854 ex

2037 888 2389 958 septuaginta
2423 889 2552 953 illis,
2586 890 2679 958 qui
2713 899 2770 945 et
2803 905 3061 944 sermone
3092 899 3148 944 et
3177 904 3346 959 Opere
3376 890 3623 944 illustres

2036 987 2245 1043 essent,
2284 979 2425 1035 duos
2474 980 2752 1051 producit,
2786 990 2846 1035 ut
2896 998 2961 1035 ex
3002 983 3084 1036 eis
3127 983 3268 1036 alter
3315 998 3413 1051 pro
3457 983 3620 1048 Jnda,

2035 1074 2129 1141 qui
2175 1089 2336 1127 suum
2390 1076 2508 1144 ipse
2551 1075 2873 1145 prodiderat
2908 1076 3254 1146 Magistrum,
3286 1077 3470 1131 locum
3518 1078 3622 1128 mi-

2036 1167 2283 1251 nisterii]
2302 1170 2624 1224 sortiretur.
2663 1171 2858 1225 Justus
2898 1181 2954 1225 et
2993 1170 3251 1225 Matthias
3292 1170 3490 1225 (lt-lecti
3535 1170 3625 1223 isti

2033 1268 2214 1315 erant.
2251 1259 2389 1317 Cum
2440 1270 2625 1316 autem
2675 1273 2858 1319 sortes
2908 1265 3088 1318 missae
3129 1272 3335 1325 eSSent,
3374 1263 3624 1317 adhibita

2035 1357 2363 1424 congruenti
2394 1356 2661 1421 oratione,
2690 1365 2770 1420 ut,
2801 1358 2894 1427 qui
2926 1357 3164 1411 idoneus
3194 1358 3347 1411 verbi
3378 1357 3628 1409 ministe-

2033 1447 2119 1502 rio
2148 1458 2317 1507 esset.
2350 1449 2560 1503 caelesti
2595 1449 2861 1519 suffragio
2891 1459 2948 1505 et
2979 1450 3186 1504 indicio
3220 1450 3623 1513 deelararetur,

2034 1555 2156 1596 sors
2192 1541 2245 1595 in
2282 1541 2570 1596 Matthiam
2607 1543 2882 1612 pervenit.
2919 1543 2996 1596 Ita
3032 1552 3279 1597 sacratus
3308 1542 3397 1596 ille
3427 1557 3626 1595 nume-

2033 1647 2131 1687 rus
2169 1636 2483 1703 suppletur,
2537 1633 2904 1704 Matthiasqne
2957 1635 3315 1707 impositione
3363 1648 3641 1689 manuum

2033 1726 2326 1783 duodecim
2353 1729 2621 1797 aposlolis
2651 1728 3016 1785 adscribitur.

2670 1958 2895 2017 CAPUT
2938 1959 3007 2014 ll.

2037 2073 2117 2130 De
2145 2073 2377 2146 Spiritus
2393 2076 2566 2129 sancti
2589 2078 2700 2144 ipso
2722 2076 2803 2129 die
2819 2074 3155 2146 Pentecostes
3174 2068 3347 2146 subito
3371 2069 3626 2146 aduentu,

2108 2155 2159 2199 et
2187 2138 2473 2200 'miraculis
2527 2138 2622 2214 per
2686 2144 2965 2211 Apostolus
3016 2142 3194 2214 editis.
3256 2140 3328 2192 De
3387 2138 3626 2208 ﬁdelium

2109 2215 2466 2269 unanimitate
2494 2213 2543 2268 et
2566 2217 2699 2280 vita,
2740 2225 2785 2268 et
2816 2215 2878 2268 de
2916 2222 3116 2282 septem
3143 2213 3493 2265 diaconatum
3533 2224 3626 2262 seu

2107 2286 2473 2341 ministrorum
2500 2285 2772 2340 electione.

2119 2470 2299 2526 Etiam
2344 2469 2559 2525 decima
2607 2467 2678 2524 ab
2729 2467 3110 2527 Ascensione,
3159 2461 3628 2534 quinquagesima

2036 2573 2223 2620 autem
2263 2563 2331 2617 ab
2352 2563 2787 2618 Rcsurrectione
2805 2560 2998 2615 aderat
3023 2558 3163 2622 dies,
3185 2569 3492 2624 omnesque
3521 2571 3629 2607 una

2038 2658 2093 2712 in
2145 2659 2439 2713 cmnaculo
2509 2653 2827 2726 congregati
2883 2658 3101 2707 erant:
3147 2664 3271 2704 cum
3327 2648 3631 2716 derepente

2039 2751 2208 2805 tertia
2245 2750 2355 2805 diei
2414 2750 2548 2804 hora
2612 2748 2831 2803 sonitus
2889 2745 3106 2815 ingens,
3163 2752 3421 2810 tanquam
3466 2748 3639 2791 vento

2035 2842 2227 2898 subito
2273 2852 2328 2897 et
2350 2842 2665 2897 vehementi
2703 2838 2889 2903 ﬂante,
2930 2836 3248 2899 exauditur,
3278 2841 3561 2901 totamque
3586 2831 3633 2885 is

2035 2934 2279 3003 complet
2311 2932 2536 2988 domum
2565 2971 2580 2996 ,
2613 2942 2668 2986 et
2702 2931 2903 3001 linguae
2939 2928 3114 2999 igneae
3157 2927 3274 2996 pari
3305 2940 3428 2980 cum
3461 2923 3631 2977 disci-

2035 3025 2448 3097 pulis'numero
2483 3024 2812 3095 dispertitze,
2850 3023 2907 3077 in
2946 3019 3387 3090 uniuscujusque
3417 3015 3634 3070 vertice

2037 3117 2333 3173 considere
2364 3117 2648 3172 videntur.
2687 3116 2878 3185 Itaque
2915 3113 2992 3168 illi
3027 3110 3380 3167 sanctissimo
3416 3106 3629 3176 Spiritu

338 3202 575 3274 πλήρεις
604 3202 700 3257 τοῦ
732 3204 1010 3273 παναγίου
1042 3206 1330 3273 γενόμενοι
1372 3205 1720 3274 Πνεύματος,
1749 3205 1929 3275 γλώσ-

2038 3210 2208 3282 pleni,
2239 3210 2411 3264 variis
2455 3208 2659 3279 linguis
2695 3207 2928 3279 gloriam
2965 3204 3062 3259 Dei
3106 3204 3440 3273 loquuntur,
3486 3199 3632 3253 divi-

343 3311 466 3359 σαις
517 3296 804 3368 διαφόροις
856 3295 1083 3350 ἐλάκουν
1133 3298 1234 3368 τὴν
1277 3296 1375 3351 τοῦ
1422 3297 1561 3351 Θεοῦ
1612 3298 1794 3366 δόξαν,
1831 3299 1929 3352 καὶ

338 3389 436 3459 τὴν
482 3387 664 3458 Ἰησοῦ
714 3388 948 3459 θεότητα
1009 3393 1124 3454 τοῖς
1179 3389 1544 3461 ἐνδραμοῦσιν
1597 3391 1926 3463 ἐκήρυττον.

340 3482 620 3553 Συνεχύθη
651 3481 788 3553 γὰρ,
844 3482 1002 3553 φησὶ,
1049 3483 1111 3536 τὸ
1148 3482 1353 3553 πλῆθος
1406 3481 1486 3552 τῷ
1539 3485 1641 3553 τῆς
1696 3483 1930 3553 βροντῆς

234 3604 243 3611 ι
338 3576 476 3646 tum,
523 3577 618 3629 καὶ
681 3577 813 3644 περὶ
867 3576 926 3629 τὸ
983 3576 1260 3645 δωμάτιον
1314 3575 1490 3641 ἔθεον,
1549 3576 1613 3630 τὸ
1664 3576 1930 3646 διάφορον

339 3668 727 3741 ἐνωτιζόμενοι
757 3670 866 3724 τῶν
903 3669 1195 3738 γλωσσῶν.
1235 3669 1500 3742 Παρῆσαν
1539 3671 1649 3741 γὰρ
1684 3671 1742 3737 ἐξ
1783 3673 1931 3726 ἀπάο

337 3780 437 3834 σης
482 3765 591 3832 γῆς
642 3764 831 3835 σχεδὸν
862 3765 951 3816 διὰ.
987 3764 1048 3816 τὸ
1081 3762 1183 3833 τῆς
1223 3764 1443 3833 ἡμέρας
1474 3764 1747 3839 ἐπίσημον
1782 3765 1930 3831 Πάρ-

338 3856 445 3922 θοι,
474 3856 651 3926 Μῆδοι
680 3859 775 3910 καὶ
817 3856 1130 3926 Ἐλαμῖται,
1174 3856 1340 3926 Σύροι
1374 3873 1434 3909 τε
1470 3856 1587 3926 ἅμα
1616 3858 1713 3910 καὶ
1758 3857 1931 3928 Ἀρα-

339 3947 454 4011 6ες,
490 3948 753 4017 Ῥωμαῖοι
796 3947 894 4001 καὶ
944 3947 1231 4013 Ἰουδαῖοι,
1279 3945 1497 4017 Φρύγες
1550 3947 1644 4000 καὶ
1682 3947 1930 4001 Καππα-

337 4038 512 4091 δόκαι⁶
550 4038 647 4093 καὶ
684 4038 948 4092 τοσοῦτον
972 4037 1358 4108 κατάπληκτοι
1383 4032 1529 4109 ἦσαν
1550 4036 1630 4107 τῷ
1658 4037 1927 4108 θαύματι,

339 4131 417 4202 τῷ
449 4133 578 4196 τοὺς
615 4132 717 4202 μὲν
767 4132 1035 4199 συνιέναι,
1073 4131 1204 4194 τοὺς
1233 4130 1291 4184 δὲ
1335 4133 1436 4200 μὴ,
1488 4129 1567 4195 ὡς
1619 4132 1718 4185 καὶ
1754 4131 1930 4203 μέθην

339 4227 595 4295 ἐγκαλεῖν
637 4227 894 4293 ἐκείνοις,
930 4226 1026 4278 καὶ
1074 4223 1530 4296 διαλοιδορεῖσθαι
1580 4227 1646 4295 τῇ
1704 4225 1927 4298 ποικίλῃ

339 4322 435 4374 καὶ
481 4321 729 4392 διαφόρῳ
781 4319 891 4374 τῶν
959 4318 1390 4389 πυνθανομένων
1450 4318 1719 4391 διομιλίᾳ.
1762 4313 1859 4384 Οἷς
1897 4322 1927 4375 ὁ

342 4415 486 4478 θεῖος
511 4414 717 4485 Πέτρος
758 4412 1053 4468 θεσπέσιον
1084 4411 1308 4476 ἀνοίξας
1352 4410 1551 4482 στόμα,
1585 4412 1683 4465 καὶ
1719 4414 1780 4465 τὸ
1821 4412 1932 4467 τῶν

340 4507 609 4578 γλωσσῶν
641 4507 971 4570 ὑποδεικνὺς
1026 4505 1224 4572 αἴτιον,
1260 4507 1337 4576 μὴ
1384 4505 1480 4558 τὸν
1536 4501 1684 4559 οἶνον
1742 4505 1933 4575 ἔλεγεν

340 4599 504 4667 εἶναι,
544 4600 607 4654 τδ
658 4600 886 4671 Πνεῦμα
915 4600 974 4653 δέ
1005 4599 1067 4653 τὸ
1116 4601 1300 4670 ἅγιον,
1347 4599 1377 4653 ὃ
1421 4600 1511 4654 διὰ
1550 4599 1646 4654 τοῦ
1694 4599 1929 4654 θεόπτου

339 4693 684 4762 ἐπήγγελται
725 4692 902 4766 Ἰωὴλ,
929 4694 1049 4754 ταῖς
1095 4693 1356 4757 ὑστάταις
1408 4693 1517 4746 τῶν
1566 4692 1795 4765 ἡμερῶν
1828 4694 1926 4746 ἐκ-

339 4785 490 4855 χὲειν
518 4784 652 4839 Θεὸν
693 4785 788 4839 ἐπὶ
822 4786 1010 4838 πᾶσαν
1048 4784 1232 4854 σάρκα
1260 4797 1276 4814 ⁶
1306 4782 1402 4838 καὶ
1433 4784 1680 4855 παρίστα
1709 4784 1803 4838 τὸν
1832 4783 1929 4837 λό-

338 4895 456 4946 γον,
486 4877 663 4944 λόγοις
693 4877 1085 4949 ἀδαμαντίνοις
1124 4875 1196 4931 τὰ
1232 4877 1378 4931 κατὰ
1433 4876 1528 4931 τὸν
1577 4876 1813 4947 Σωτῆρα
1847 4876 1930 4930 δι-

337 4966 663 5034 εξιών.Καὶ
711 4968 1096 5042 προύτρέπετο
1144 4970 1282 5023 πᾶσι
1329 4969 1628 5039 μεταμέλῳ
1661 4969 1926 5042 χρῆσθαι,

343 5066 440 5119 καὶ
491 5063 588 5117 ἐπὶ
647 5064 729 5135 τῷ
790 5063 1048 5134 σωτηρίῳ
1109 5061 1207 5117 τοῦ
1253 5060 1432 5132 Ἰησοῦ
1466 5062 1694 5133 ὀνόματι
1729 5061 1931 5132 βαπτί-

346 5155 558 5222 ζεσθαι,
610 5157 720 5219 ,καὶ
791 5155 852 5209 τὸ
917 5157 1143 5226 Πνεῦμα
1196 5154 1533 5226 λαμϐάνειν*
1592 5156 1780 5233 αὐτοῖς
1821 5159 1928 5229 γὰρ

345 5246 487 5303 εἶναι
530 5250 629 5321 τὴν
667 5248 1009 5318 ἐπαγγελίαν
1048 5250 1144 5302 καὶ
1176 5251 1290 5312 τοῖς
1324 5247 1541 5311 τέκνοις
1572 5247 1783 5303 τούτων
1813 5249 1924 5303 διε-

343 5342 597 5406 ϐεϐαίου,
627 5343 726 5396 καὶ
753 5340 848 5404 οὒς
875 5340 942 5395 ἂν
984 5345 1012 5394 ό
1058 5340 1267 5412 Κύριος
1305 5340 1782 5411 προσκαλέσηται.
1814 5343 1928 5396 Καὶ

342 5436 547 5489 αὐτίκα
594 5434 733 5488 ὡσεὶ
770 5433 1065 5505 τρισχίλιοι
1097 5433 1179 5502 τῷ
1219 5432 1352 5503 θείῳ
1392 5432 1702 5504 προσῆλθον
1729 5433 1928 5504 βαπτί-

348 5546 543 5598 σματι,
577 5527 625 5582 οἳ
655 5530 750 5581 καὶ
778 5530 845 5598 τῇ
881 5526 1141 5580 κοινωνία
1165 5525 1357 5596 διδαχῇ
1387 5542 1449 5579 τε
1481 5526 1601 5595 ἅμα
1628 5527 1724 5579 καὶ
1758 5543 1931 5597 προσ-

345 5624 479 5690 ευχῇ
521 5622 621 5674 καὶ
664 5619 1013 5674 συνεστιάσει
1047 5617 1158 5673 τῶν
1202 5618 1522 5673 ἀποστόλων
1561 5618 1931 5690 προσέμενον.

347 5713 462 5767 Καὶ
520 5698 737 5767 πολλῶν
790 5713 1034 5783 σημείων
1077 5710 1166 5765 διὰ
1221 5709 1331 5765 τῶν
1389 5711 1553 5765 θείων
1613 5712 1935 5766 ἀποστόλων

421 5874 460 5901 ’⁸
503 5873 616 5929 Jocl
650 5886 709 5934 tl.
741 5871 830 5927 ‘28.

2034 3302 2379 3371 nitatemque
2409 3300 2539 3357 Jesu
2578 3299 2662 3354 eis
2691 3298 2784 3367 qui
2810 3296 3188 3364 conﬂuebant,
3228 3295 3628 3365 depraedicanl.

2032 3393 2376 3450 Accurrebat
2430 3393 2603 3457 enim,
2653 3389 2856 3459 inquit,
2910 3388 3212 3443 multitudo
3266 3387 3336 3441 ad
3394 3385 3631 3440 tonitrui

2032 3483 2301 3548 sonitum,
2334 3488 2391 3534 et
2429 3481 2640 3536 circum
2682 3478 2910 3533 domum
2956 3494 3079 3533 eam
3124 3478 3411 3539 currebat.
3444 3476 3633 3532 varic-

2034 3583 2203 3628 tatem
2234 3572 2474 3627 audiens
2506 3570 3107 3643 linguarntn.Aderant
3141 3571 3348 3640 quippe
3380 3578 3494 3645 tum
3530 3568 3633 3633 ibi,

2034 3674 2261 3736 propter
2305 3665 2414 3720 diei
2463 3665 2870 3729 celebritatem,
2909 3678 2977 3717 ex
3031 3664 3181 3717 omni
3235 3678 3407 3733 prope
3468 3662 3628 3725 orbe,

2032 3758 2245 3826 Parthi,
2284 3756 2426 3812 Medi
2466 3767 2525 3813 et
2580 3758 2854 3824 Elamitaa,
2907 3756 3031 3829 Syri
3082 3756 3245 3810 simul
3288 3764 3345 3810 et
3392 3756 3635 3821 Arabes,

2034 3851 2267 3907 Romani
2312 3860 2369 3906 et
2413 3851 2614 3918 Judaei,
2652 3851 2896 3923 Phryges
2938 3859 2996 3906 et
3030 3850 3405 3920 Cappadoces.
3441 3850 3511 3905 Et
3549 3848 3633 3903 illi

2034 3959 2211 4014 usque
2262 3944 2403 4000 adeo
2454 3943 2724 3999 miraculo
2768 3958 2837 3998 eo
2884 3951 3017 3998 sunt
3066 3943 3436 4009 consternati,
3475 3940 3627 4013 quod

2035 4037 2263 4107 quidam
2306 4040 2600 4107 loquentes
2638 4035 3037 4106 intelligerent,
3082 4036 3307 4107 quidam
3347 4050 3481 4091 vero
3527 4035 3633 4089 mi-

2035 4145 2164 4197 nus,
2189 4140 2251 4185 ut
2278 4131 2607 4187 ebrietatem
2639 4145 2864 4200 quoque
2890 4131 2974 4186 eis
3001 4132 3269 4200 probrose
3298 4129 3632 4198 obiicerem,

2035 4231 2094 4280 et
2138 4224 2295 4279 vario
2348 4224 2759 4294 multiplicique
2810 4222 3297 4292 percunctantium
3350 4221 3633 4290 colloquio

2036 4317 2508 4372 conviciarent‘ur.
2534 4317 2615 4371 Ad
2646 4330 2787 4387 quos
2810 4317 2975 4372 divus
3000 4316 3218 4379 Petrus,
3250 4314 3409 4384 132
3439 4315 3633 4369 divino

2037 4416 2232 4479 aperto
2262 4423 2383 4472 ore,
2418 4422 2641 4463 causam
2676 4408 2965 4462 varietatis
2998 4406 3313 4476 linguarum
3353 4405 3635 4473 indicans,

2037 4515 2151 4555 non
2183 4500 2374 4555 vinum
2407 4499 2484 4563 id,
2513 4498 2608 4554 sed
2641 4499 2914 4570 Spiritum
2944 4506 3198 4553 sanctum
3229 4512 3352 4552 esse
3382 4498 3627 4566 dicebat,

2039 4592 2133 4662 qui
2167 4607 2267 4662 per
2300 4600 2671 4661 spectatorem
2728 4590 2825 4645 Dei
2874 4589 2992 4645 Joel
3016 4590 3057 4623 "
3094 4589 3405 4660 promissus
3438 4599 3628 4654 esset,

2038 4682 2305 4739 extremis
2327 4682 2587 4736 videlicet
2612 4681 2808 4738 diebus
2854 4696 2979 4737 eum
3005 4695 3035 4735 a
3061 4681 3172 4736 Deo
3205 4695 3375 4745 super
3402 4697 3630 4737 carnem

2038 4790 2263 4831 omnem
2301 4773 2540 4829 effusum
2573 4773 2661 4829 iri.
2695 4772 3109 4844 Oraculumque
3141 4773 3197 4829 id
3233 4774 3501 4845 allegans,
3536 4774 3631 4828 ﬁr—

2039 4869 2305 4925 missimis
2341 4866 2698 4923 sermonibus
2744 4866 3061 4923 Servatoris
3091 4882 3180 4923 res
3207 4878 3390 4939 gestas
3423 4868 3632 4923 contir-

2037 4962 2225 5018 rnabat
2252 5005 2267 5031 ,
2303 4975 2611 5031 onmesque
2654 4961 3076 5028 cohortabatur,
3114 4970 3175 5018 ut
3212 4978 3311 5033 per
3353 4963 3632 5034 paeniten-

2039 5059 2173 5115 tiam
2234 5055 2673 5125 resipiscerent,
2730 5055 2787 5110 in
2855 5055 3144 5112 salutifero
3201 5054 3331 5112 Jesu
3401 5059 3629 5112 nomine

2040 5151 2484 5222 baptizarentur,
2516 5155 2575 5202 et
2603 5147 2875 5219 Spiritum
2909 5149 3250 5218 acciperent.
3280 5149 3419 5220 Ipsis
3452 5148 3629 5212 enim,

2039 5242 2343 5312 liberisque
2386 5254 2605 5304 eorum,
2642 5248 2700 5295 et
2749 5254 2891 5310 quos
2921 5251 3189 5310 praeterea
3225 5240 3494 5295 Dominus
3533 5255 3630 5295 vo-

2036 5343 2236 5400 casset,
2261 5334 2682 5403 promissionem
2701 5334 3041 5405 peculiarem
3067 5349 3189 5390 esse
3234 5333 3627 5389 confirmabat.

2037 5436 2103 5488 Et
2131 5434 2425 5490 confestim
2469 5432 2534 5488 ad
2581 5433 2686 5489 tria
2743 5432 2914 5487 millia
2955 5432 3238 5486 hominum
3271 5429 3341 5485 ad
3372 5430 3626 5485 divinum

2031 5528 2302 5583 accedunt
2353 5527 2717 5598 baptismum,
2749 5526 2845 5596 qui
2886 5524 3053 5581 etiam
3087 5524 3214 5579 inde
3245 5538 3343 5593 per
3363 5538 3625 5577 commu-

2034 5622 2261 5675 nionem
2294 5620 2348 5674 in
2381 5619 2635 5675 doctrina
2666 5618 2832 5673 simul
2861 5627 2918 5674 et
2948 5616 3225 5682 oratione,
3255 5625 3424 5686 atque
3456 5618 3624 5670 etiam

2040 5727 2245 5767 mensae
2265 5711 2693 5781 participatione
2720 5726 2846 5766 cum
2881 5708 3147 5781 apostolis
3173 5707 3624 5778 perseverabant.
