4032 6404
473 364 581 430 ’755
1705 379 2128 444 NICEPIIORI
2175 386 2260 444 CA
2272 385 2525 444 LLISTI
2845 437 2864 456 .
3631 395 3727 460 756

476 479 546 533 Et
569 493 696 535 eum
722 480 894 536 multa
918 481 1184 540 miracula
1215 498 1315 555 per
1341 485 1498 543 divos
1523 489 1802 558 apostolos
1824 491 2061 549 ederen-

2172 500 2578 566 γεγενημένων,
2617 497 2738 561 δέος
2784 498 2879 552 ἐπὶ
2941 501 3093 573 πάσῃ
3125 500 3275 573 ψυχῇ
3320 496 3411 573 ἦν.
3448 502 3635 557 Πολλοὶ
3677 507 3728 560 δι

481 583 593 638 tur,
621 572 788 629 timor
818 577 1061 632 animum
1094 592 1314 633 omnem
1349 582 1676 651 occupabat.
1712 583 1868 640 Multi
1896 601 2061 656 porro

2172 588 2235 641 τὰ
2263 589 2546 656 προσόντα
2584 591 3089 661 διαπιπράσκοντες
3110 633 3125 660 ,
3153 596 3269 657 τοῖς
3302 572 3429 648 ποσὶ
3467 595 3573 648 τῶν
3602 597 3728 649 ἀπο·

480 664 774 722 facultates
820 682 950 723 suas
999 670 1326 739 vendentes,
1362 672 1433 727 ad
1480 676 1856 746 apostolorum
1893 679 2064 747 pedes

2172 680 2369 735 στόλων
2415 680 2629 735 ἐτίθουν
2655 723 2672 749 ,
2702 686 2798 737 zeal.
2832 684 2894 738 τὸ
2929 684 3069 755 πρὸς
3103 685 3301 754 χρείαν
3339 684 3499 754 μόνον
3527 686 3730 756 λαμϐά-

483 768 719 827 ponunt,
786 768 841 814 et
897 775 1020 829 quae
1070 763 1135 816 ad
1188 764 1566 821 necessarium
1622 783 1786 823 usum
1838 779 2059 835 essent,

2172 789 2358 837 νοντες
2386 769 2552 843 ἦσαν.
2591 774 2766 830 Κοινὰ
2797 776 2854 829 δὲ
2896 776 3079 832 πάντα
3124 772 3195 847 ἦν
3233 778 3351 840 τοῖς
3380 779 3570 841 πᾶσιν,
3599 777 3728 847 ὁμοῦ

486 848 751 906 duntaxat
798 853 1048 923 capiunt.
1085 853 1415 913 Communia
1448 860 1653 931 quippe
1688 860 1872 915 omnia
1907 870 2065 917 erant

2172 882 2225 918 τε
2254 860 2397 936 ἦσαν
2422 904 2436 930 ,
2469 866 2647 921 οὐδενί
2680 885 2740 923 τε
2776 868 2904 938 ἐξῆν
2947 870 3125 923 εἱπεῖν
3156 869 3287 924 ίδιόν
3320 886 3374 922 τι
3408 871 3726 940 κεκτῆσθαι⁸

481 942 754 1005 omnium.
780 954 836 998 et
868 959 980 998 uno
1013 946 1277 1002 vivebant
1307 948 1363 1003 in
1394 949 1517 1004 loco
1546 968 1560 1005 :
1596 967 1774 1022 neque
1807 952 2061 1023 cuiquam

2172 955 2194 1008 Β
2222 955 2341 1023 δῆτ’
2380 956 2636 1020 Ἀνανίας
2665 960 2759 1011 καὶ
2783 959 3072 1030 Σάπφειρα
3096 960 3363 1031 πράττειν
3393 961 3730 1029 νομίσαντες,

482 1034 667 1089 dicere
699 1035 923 1104 licebat,
953 1052 1013 1092 se
1047 1039 1351 1110 quidquam
1393 1042 1601 1099 habere
1641 1045 1873 1115 proprii.
1906 1044 2064 1112 Quod

2172 1048 2240 1111 ὥς
2267 1049 2347 1119 τῷ
2373 1047 2502 1119 θείῳ
2531 1050 2962 1122 διαψευσάμενοι
2996 1051 3300 1121 Πνεύματι,
3325 1052 3537 1127 ἀἴφνης
3572 1054 3732 1123 ἀνάρ-

482 1141 616 1181 sane
645 1142 769 1182 cum
801 1130 1046 1186 Ananias
1071 1141 1129 1186 et
1154 1132 1389 1204 Saphira
1417 1135 1734 1191 audendum
1764 1137 1870 1194 sibi
1902 1149 2066 1209 puta-

486 1228 632 1284 rent,
668 1230 729 1275 ut
761 1222 856 1291 qui
893 1222 1084 1278 divino
1124 1226 1340 1281 mentiti
1369 1238 1556 1284 essent
1585 1228 1836 1299 Spiritui,
1871 1246 2067 1301 repen-

485 1315 600 1365 tina
635 1322 813 1368 morte
845 1314 1139 1372 tolluntur.
1174 1318 1237 1372 In
1271 1320 1474 1391 templo
1507 1336 1728 1392 quoque
1767 1322 2067 1379 convenie—

483 1403 640 1471 bant,
671 1404 933 1462 laudibus
990 1408 1162 1463 Deum
1208 1412 1513 1479 vehentes,
1559 1420 1614 1469 et
1663 1414 1849 1481 cibum
1885 1415 2068 1470 cordis

486 1495 841 1566 simplicitate
904 1515 1255 1558 communem
1316 1503 1605 1559 habentes.
1659 1505 2064 1576 Quamplurimi

487 1597 671 1642 autem
721 1587 792 1643 ad
840 1590 1088 1646 divinum
1145 1594 1586 1651 admittebantur
1636 1595 1960 1663 lavacrum,
2009 1606 2067 1653 et

487 1680 676 1736 divina
719 1681 805 1736 vis
841 1691 1006 1754 atque
1041 1686 1221 1741 virtus
1264 1689 1546 1757 apostolos
1577 1691 2063 1761 consequebatur:

2165 1157 2367 1194 παστοι
2402 1140 2620 1213 Θανάτῳ
2662 1143 2930 1211 ἐγένοντο.
2960 1142 3072 1197 Kal.
3106 1143 3185 1214 τῷ
3217 1144 3347 1213 ἱερῷ
3378 1143 3436 1196 δὲ
3472 1143 3586 1213 ἅμα
3617 1161 3734 1196 συν-

2168 1236 2390 1301 ήγοντο,
2424 1232 2710 1298 αἰνοῦντες
2742 1234 2841 1305 μὲν
2876 1236 2966 1288 τὸν
2997 1235 3155 1299 Θεὸν,
3198 1235 3433 1306 καρδίας
3478 1234 3535 1288 δὲ
3572 1234 3732 1289 ἁπλό-

2165 1341 2291 1394 τητι
2329 1325 2429 1395 τῆς
2476 1325 2685 1396 τροφῆς
2742 1328 3210 1396 συμμετέχοντες.
3253 1327 3344 1388 Ὧς
3395 1325 3634 1380 πλεῖστοι
3681 1323 3735 1377 δὲ

2169 1422 2483 1487 προσῄεσαν
2517 1415 2614 1469 τοῦ
2651 1416 2800 1470 θείου
2836 1417 3219 1488 βαπτίσματος
3248 1417 3586 1488 ἀξιούμενοι,
3620 1417 3735 1470 θεία

2167 1526 2227 1562 τε
2262 1508 2495 1579 δύναμις
2536 1511 2653 1573 τοῖς
2689 1509 3015 1573 ἀποστόλοις
3061 1510 3370 1579 παρείπετο
3395 1528 3412 1545 ’
3451 1512 3546 1564 καὶ
3588 1510 3737 1563 οὐδὲν

2167 1596 2236 1668 ἦν
2267 1601 2377 1655 τῶν
2408 1601 2619 1667 δεινῶν,
2652 1602 2680 1654 δ
2722 1600 2798 1672 μὴ
2822 1604 2889 1672 τῇ
2921 1602 3202 1673 παρουσίᾳ
3241 1603 3334 1656 καὶ
3358 1603 3471 1672 ἀφῇ
3522 1601 3739 1655 ἐκείνων

2168 1690 2245 1753 ὡς
2271 1690 2508 1761 τάχιστα
2540 1690 2902 1761 ἐδραπέτευε.
2946 1690 3281 1761 Προῦκειντο
3320 1695 3506 1745 τοίνυν
3529 1692 3621 1743 ἐπὶ
3651 1691 3740 1742 θυ-

488 1771 627 1825 nihil
657 1788 889 1843 prorsus
932 1785 1054 1832 erat
1094 1778 1389 1844 malorum,
1430 1781 1577 1849 quod
1617 1796 1727 1837 non
1774 1784 2066 1852 praesentia

2172 1779 2281 1851 ρῶν
2314 1782 2409 1832 καὶ
2452 1782 2511 1833 ὲν
2540 1779 2830 1849 ὑπαίθροις
2854 1780 2903 1832 οἱ
2928 1780 3171 1850 χρονίαις
3217 1781 3396 1842 νόσοις
3430 1779 3741 1834 ὲκδαπανώ-

487 1870 544 1916 et
580 1872 786 1939 attactu
822 1867 1043 1922 illorum
1079 1869 1368 1925 celerrime
1398 1844 1712 1943 diffugerat.
1742 1844 1933 1945 Itaque
1963 1890 2066 1945 pro

2172 1844 2353 1941 μενοι,
2386 1870 2461 1933 ὡς
2515 1869 2581 1922 ἄν
2620 1844 2896 1938 γεξσκιᾶς
2928 1844 3033 1922 ’τοῦ
3082 1869 3290 1941 Πέτρου
3324 1871 3740 1940 ηὺμοιρηκὸτες,

489 1954 706 2010 foribus
755 1966 812 2012 et
857 1959 961 2013 sub
1012 1959 1106 2015 dio
1135 1960 1191 2015 in
1236 1964 1437 2032 plateis
1477 1964 1923 2036 deponebantur,
1972 1969 2069 2038 qui

487 2047 767 2102 diuturnis
794 2048 1029 2105 confecti
1059 2061 1217 2107 erant
1246 2053 1478 2120 morbis,
1532 2065 1591 2110 ut
1625 2056 1819 2111 saltem
1855 2056 2070 2113 umbra

488 2141 633 2195 Petri
654 2143 953 2214 participes
981 2144 1134 2210 facti,
1163 2146 1230 2201 ab
1262 2162 1325 2201 ea
1356 2164 1462 2217 qua
1493 2150 1885 2219 premebantur
1913 2151 2070 2221 aegri-

488 2234 684 2290 tudine
710 2236 1109 2292 liberarentur.
1138 2237 1195 2293 In
1222 2239 1426 2309 quibus
1457 2239 1547 2296 ille
1574 2256 1795 2312 quoque
1823 2242 1946 2308 fuit,
1974 2245 2069 2313 qui

488 2342 519 2381 a
552 2328 841 2383 nativitate
873 2344 971 2385 sua
1011 2330 1213 2400 pedum
1250 2347 1354 2387 usu
1399 2333 1665 2401 privatus,
1697 2333 1765 2388 ad
1804 2324 2067 2404 templum

488 2418 888 2476 decumbehat:
912 2430 1121 2477 attactu
1147 2422 1295 2477 enim
1325 2424 1755 2490 apostolicarum
1782 2439 2065 2491 manuum,

488 2515 721 2568 artubus
768 2514 1112 2585 recuperatis
1144 2514 1379 2572 exsilire
1421 2525 1507 2572 est
1545 2516 1714 2572 visus.
1768 2517 1901 2572 inde
1941 2534 2069 2575 vero

488 2616 685 2660 contra
721 2622 815 2663 eos
855 2608 1064 2664 invidia
1098 2610 1366 2677 exoritur,
1395 2626 1517 2681 quae
1548 2626 1751 2666 nomen
1780 2610 1911 2668 Jesu
1938 2627 2068 2680 pro-

489 2697 662 2755 fundo
695 2700 919 2757 silentio
950 2703 1317 2772 premendum
1356 2703 1704 2759 hortabatur.
1740 2704 1850 2759 lllis
1884 2713 2068 2759 autem

488 2791 545 2848 id
574 2791 1006 2865 haudquaquam
1040 2796 1389 2851 tolerandum
1418 2797 1548 2852 fuit.
1571 2796 1709 2853 Cum
1736 2812 1871 2868 ergo
1897 2798 2067 2853 multa

486 2900 614 2940 cum
650 2887 906 2943 libertate
957 2888 1190 2943 verbum
1239 2888 1542 2959 publicitus
1585 2891 1972 2960 praedicarent,
2011 2891 2067 2946 in

484 2980 766 3050 publicam
826 2982 1208 3052 conjiciuntur
1259 2982 1597 3038 custodiam.
1642 2981 1912 3038 Caeterum
1969 2998 2065 3052 per

486 3075 712 3145 angelos
771 3073 902 3128 inde
953 3073 1161 3139 educti,
1200 3083 1257 3129 et
1309 3075 1572 3144 templum
1622 3057 1878 3145 ingressi,
1921 3076 2068 3132 idem

2173 1962 2234 2015 τὸ
2283 1960 2477 2025 πιέζον
2520 1960 2857 2015 ἀπόθωνταν
2894 1962 2991 2015 σὺν
3020 1957 3103 2026 οἷς
3138 1965 3236 2017 καὶ
3265 1964 3293 2016 ό
3318 1963 3447 2024 τοὺς
3486 1960 3646 2019 πόδας
3681 1961 3739 2011 ἐκ

2173 2053 2445 2122 γενέσεως
2473 2053 2904 2121 πεπηρωμένος,
2942 2054 3039 2105 καὶ
3070 2053 3148 2122 τῷ
3179 2052 3312 2124 ἱερῷ
3343 2051 3738 2122 προσεδρεύων,

2174 2148 2242 2216 τῇ
2274 2145 2387 2197 τῶν
2441 2143 2825 2198 ἀποστολικῶν
2866 2146 3070 2216 χειρῶν
3126 2146 3240 2216 ἀφῇ
3296 2145 3600 2215 ἀρτιμελὴς
3654 2142 3743 2196 καὶ

2171 2236 2469 2306 ἁλλόμενος
2498 2234 2864 2289 ἀνεδείκνυτο.
2906 2236 3188 2290 Ἐντεῦθεν
3217 2240 3313 2290 καὶ
3368 2238 3583 2298 τούτοις
3620 2236 3741 2301 φθό-

2173 2343 2260 2389 νος
2295 2327 2515 2395 ὲφύετο,
2547 2330 2644 2380 καὶ
2697 2326 2760 2379 τὸ
2798 2326 2894 2379 τοῦ
2944 2326 3128 2395 Ἰησοῦ
3165 2326 3337 2397 ὄνομα
3376 2330 3535 2397 σιγῆς
3568 2325 3743 2396 βυθοῑς

2175 2416 2533 2484 ὲγκαταδύειν
2588 2417 3022 2488 προύτρέποντο.
3073 2417 3200 2482 Τοῖς
3244 2417 3290 2472 δ’
3333 2417 3636 2489 ἀνασχετὸν
3679 2410 3742 2484 ἦν

2171 2507 2469 2577 οὐδαμῶς·
2508 2507 2623 2562 ἀλλ’
2657 2503 2819 2570 αὖθις
2859 2509 2954 2560 τὸν
2998 2508 3157 2576 λόγον
3206 2508 3497 2580 παρρησία
3546 2504 3745 2575 κηρύτ⁴

2171 2617 2381 2665 τοντες,
2418 2602 2477 2652 ἐν
2507 2601 2740 2672 τηρήσει
2768 2600 3013 2671 δημοσίᾳ
3036 2602 3419 2656 καθίστανται.
3465 2596 3745 2668 Ἀγγελικῇ

2171 2689 2230 2743 δὲ
2258 2689 2556 2759 δυναστείᾳ
2592 2687 2917 2761 ἐξάγονταιο
2975 2693 3072 2745 καὶ
3133 2691 3212 2762 τῷ
3276 2691 3412 2763 ἱερῷ
3446 2691 3745 2760 γενόμενοι,

2170 2780 2241 2834 τά
2274 2780 2442 2848 ὃμοια
2487 2781 2907 2851 διεπράττοντο.
2938 2781 3228 2852 Συνέδριον
3262 2783 3359 2835 ἐπὶ
3407 2782 3616 2842 τούτοις
3644 2780 3748 2837 τοῖς

2171 2872 2300 2945 περὶ
2332 2873 2423 2929 τὸν
2457 2874 2663 2927 Ἀνναν
2697 2874 2793 2927 καὶ
2824 2873 3081 2942 Καϊάφαν
3112 2873 3380 2944 καθῆστοο
3422 2874 3516 2926 καὶ
3545 2871 3573 2923 ὁ
3625 2860 3750 2936 παρ’

2171 2966 2401 3030 ἐκείνοις
2423 2967 2492 3019 τὰ
2515 2967 2711 3037 πρῶτα
2733 2967 2873 3037 ἔχων
2898 3007 2913 3034 ,
2970 2966 3255 3037 Γαμαλιὴλ
3297 2958 3458 3029 οὗτος
3512 2961 3749 3026 ἐλέγετο,

2172 3057 2391 3125 ἀφεῖναι
2454 3055 2670 3123 μᾶλλον
2736 3056 2797 3108 τὸ
2854 3054 2998 3108 κατά
3041 3054 3168 3118 τοὺς
3223 3053 3566 3113 ἀποστόλους
3596 3049 3748 3118 ἔργον

486 3141 634 3236 quod
680 3174 842 3220 antea
890 3165 1074 3222 facere
1123 3179 1387 3235 pergunt.
1423 3141 1644 3223 VDeiude
1686 3141 1754 3223 ab
1800 3168 1961 3224 Anna
2008 3180 2064 3226 et

2175 3146 2416 3220 παρῄνει
2444 3147 2540 3201 καὶ
2573 3146 2949 3200 συνεϐούλευε·
2988 3145 3350 3200 συνίστασθαι
3390 3145 3501 3215 γὰρ
3527 3141 3748 3207 ἀνάγκη,

2203 3242 2214 3254 ι
2250 3240 2286 3254 Λ
2330 3239 2354 3251 -ι
2399 3239 2425 3254 n
2497 3239 2515 3254 ς
2615 3239 2625 3254 ο
2739 3239 2761 3254 Ι
2936 3239 3012 3254 ιιι
3122 3240 3136 3254 ι
3178 3237 3203 3254 Λ
3252 3253 3255 3254 ,
3427 3239 3473 3254 v,
3518 3230 3748 3254 (-_!_.-..'a

425 3257 430 3262 ’
485 3235 697 3328 Caipha
723 3256 1020 3313 concilium
1049 3256 1266 3327 cogitur
1297 3274 1310 3310 :
1348 3257 1503 3328 133
1526 3267 1583 3312 et
1609 3258 1703 3328 qui
1733 3258 1891 3314 facile
1920 3258 2064 3330 apud

2172 3242 2216 3293 εἶ
2247 3239 2366 3309 θεῷ
2397 3239 2708 3309 βουλομένῳ
2735 3239 2852 3292 ἐστι
2877 3255 2891 3270 ⁶
2936 3239 3030 3309 Μὴ
3054 3240 3146 3292 καὶ
3178 3237 3476 3307 θεομαχεῖν
3511 3235 3636 3303 ὑμῖν
3664 3235 3755 3330 ys.-

484 3364 585 3406 eos
628 3349 889 3419 princeps
938 3356 1059 3403 erat
1095 3346 1363 3403 Gamaliel
1393 3350 1463 3415 “,
1502 3364 1612 3404 non
1658 3348 2066 3420 prohibendum

486 3440 863 3509 apostolorum
907 3453 1046 3510 opus
1090 3453 1214 3494 esse
1249 3438 1516 3493 suadebat
1549 3480 1563 3506 ,
1603 3438 2065 3508 hortabaturque,

485 3530 800 3587 coalescere
841 3541 899 3586 et
943 3531 1195 3586 obtinere
1246 3530 1300 3585 id
1345 3530 1657 3586 necessario
1702 3541 1979 3600 oportere,
2020 3529 2067 3584 si

486 3626 564 3681 ita
593 3625 704 3681 Deo
729 3625 909 3680 visum
941 3632 1089 3680 esset
1120 3642 1134 3678 :
1168 3626 1447 3693 etiamque
1480 3631 1645 3693 atque
1674 3623 1842 3678 etiam
1873 3622 2070 3676 viden-

488 3717 622 3773 dum
648 3716 729 3772 eis
757 3730 880 3771 esse
907 3713 1121 3781 dicens,
1145 3728 1215 3768 ne
1243 3713 1443 3768 bellum
1470 3722 1664 3767 contra
1691 3712 1865 3767 Deum
1895 3712 2072 3767 susei-

487 3818 707 3879 perent.
730 3806 1015 3862 Theudam
1052 3821 1274 3875 quoque
1326 3804 1624 3875 quemdam
1656 3813 1708 3860 et
1732 3804 1933 3861 Judam
1964 3803 2073 3859 Ga-

484 3901 694 3957 lilaeum
746 3899 803 3954 in
854 3895 1097 3953 medium
1145 3896 1440 3961 afferebat,
1481 3897 1577 3965 qui
1626 3897 1819 3953 censui
1870 3907 1926 3951 et
1979 3896 2074 3953 de-

486 3992 778 4062 scriptioni
812 3991 1021 4062 primm,
1055 3989 1429 4044 multitudinis
1468 4004 1635 4044 manu
1666 3999 1877 4055 coacta,
1906 3989 2071 4045 resti-

491 4086 646 4140 tisset
672 4100 685 4137 :
718 4091 794 4147 et,
821 4081 967 4152 quod
999 4090 1191 4136 contra
1222 4079 1570 4135 voluntatem
1599 4081 1699 4135 Dei
1734 4089 1934 4136 conatu
1971 4096 2074 4137 suo

488 4179 757 4242 venisset,
789 4177 1071 4247 periisset.
1105 4176 1247 4231 Tum
1279 4176 1357 4230 illi
1391 4173 1674 4245 apostolos
1719 4172 1893 4243 plagis
1934 4173 2075 4227 mul—

487 4271 723 4327 ctantlos
768 4278 970 4326 curant
1001 4286 1015 4322 :
1049 4277 1103 4324 et
1142 4266 1436 4332 absolutis,
1472 4280 1541 4321 ne
1578 4263 1712 4335 quid
1748 4264 1978 4334 posthac
2019 4263 2073 4318 in

486 4361 717 4416 nomine
742 4359 871 4416 Jesu
899 4359 984 4416 vel
1014 4359 1284 4424 dicerent,
1312 4357 1397 4412 vel
1427 4356 1695 4419 facerent,
1723 4356 2071 4426 praecipiunt.

487 4452 792 4510 Sed~enim
838 4467 963 4508 cum
1009 4452 1207 4522 ingens
1251 4450 1428 4520 magis
1463 4448 1748 4518 magisque
1792 4448 1863 4502 ad
1910 4447 2074 4502 ﬁdem

2169 3350 2332 3398 νοιτο,
2365 3334 2589 3386 σκοπεῖν
2617 3332 2745 3402 χρὴ,
2791 3331 3081 3398 ἐπιλέγων.
3127 3329 3238 3383 Καὶ
3268 3328 3478 3382 Θευδᾶν
3512 3341 3630 3380 τινα
3662 3318 3752 3372 καὶ

2168 3426 2264 3478 τὸν
2323 3425 2607 3478 Γαλιλαῖον
2648 3423 2851 3478 Ἰούδαν
2882 3422 2958 3492 τῷ
2988 3422 3138 3492 μέσῳ
3180 3421 3405 3491 παρῆγε
3461 3419 3526 3488 τῇ
3560 3412 3744 3484 πρώτῃ

2172 3519 2507 3573 ἀντιστάντα
2536 3517 2862 3586 ἀπογραφῇ,
2902 3516 2997 3568 καὶ
3028 3513 3231 3583 πλῆθος
3266 3512 3712 3581 ὲφελκυσάμενον
3734 3517 3747 3532 ·

2172 3610 2736 3681 καὶδιαφθαρέντας,
2788 3607 2867 3677 τῷ
2902 3607 2979 3677 μὴ
3017 3607 3161 3660 κατά
3210 3604 3478 3674 βούλησιν
3519 3603 3751 3669 ἐνηργη.

2174 3708 2330 3759 κέναι
2360 3704 2521 3757 Θεοῦ.
2569 3699 2674 3753 Kal.
2715 3700 2764 3752 οἱ
2809 3697 2910 3768 μὲν
2956 3697 3197 3765 πληγαῖς
3233 3694 3608 3754 ὑποϐαλόντες
3635 3688 3755 3747 τοὺς

2176 3797 2514 3859 ἀποστόλους
2546 3836 2560 3862 ,
2601 3792 2840 3848 ἀπέλυον
2867 3832 2881 3856 ,
2925 3789 3002 3861 μὴ
3050 3789 3143 3843 ἐπὶ
3194 3787 3273 3858 τῷ
3315 3787 3501 3857 Ἰησοῦ
3546 3783 3756 3849 ὀνόματι

2176 3893 2441 3964 πράττειν
2484 3906 2539 3941 τι
2588 3887 2620 3956 ἢ
2672 3886 2853 3957 λέγειν
2902 3880 3395 3952 παρεγγυώμενοι.
3436 3877 3662 3942 Στίεεους
3699 3882 3756 3964 γε

2178 3958 2285 4056 thin!
2316 3985 2391 4046 ὡς
2423 3980 2679 4035 πλείστου
2727 3978 2796 4047 τῇ
2833 3974 3017 4028 πίστει
3056 3971 3415 4044 συρρέοντος,
3448 3958 3755 4037 γογγυσμὸς

2179 4079 2317 4150 πρὸς
2339 4077 2447 4129 τῶν
2479 4071 2846 4142 Ἐλληνιστων
2872 4064 2960 4138 ἦν,
2989 4064 3062 4129 ὡς
3087 4064 3197 4118 τῶν
3229 4064 3518 4134 σφετέρων
3546 4068 3755 4150 παρεωο

2181 4144 2437 4243 ραμένων
2465 4163 2673 4235 χηρῶν.
2716 4159 2829 4215 Kal.
2857 4158 2995 4228 δῆτα
3039 4157 3089 4208 οἱ
3124 4158 3256 4224 περὶ
3291 4154 3570 4221 Στέφανον
3614 4144 3752 4243 θείου

2182 4233 2403 4332 μέτοχοι
2440 4233 2784 4325 Ηνεύματος,
2835 4248 2976 4303 ἑπτὰ
3023 4248 3080 4300 δὲ
3134 4243 3311 4316 ἦσαν,
3366 4247 3500 4314 εὐχῇ
3557 4257 3615 4295 τε
3670 4233 3754 4289 καὶ

2179 4350 2428 4406 ὲπιθέσει
2460 4347 2664 4419 χειρῶν
2712 4342 2984 4396 διακονεῖν
3017 4341 3133 4400 τοῖς
3182 4339 3390 4400 κοινοῖς
3430 4333 3750 4403 ἐπιτρέπον-

2181 4456 2297 4497 ται·
2334 4442 2535 4495 ἐκεῖνοι
2586 4435 2645 4490 δὲ
2678 4434 2771 4488 τοῦ
2807 4433 2956 4486 θείου
2991 4430 3154 4500 λόγου
3209 4429 3378 4499 μόνου
3428 4422 3751 4493 προεστάναι

486 4545 798 4601 conﬂueret
834 4544 1155 4609 multitudo,
1184 4541 1496 4612 indignatio
1533 4541 1588 4594 in
1625 4555 1691 4615 ea
1725 4548 1781 4595 et
1822 4556 2068 4594 murmur

2178 4541 2288 4594 δεῖν
2319 4535 2560 4607 ἔκρινον.
3458 4612 3471 4622 ,
3511 4610 3524 4622 ,
3610 4606 3643 4622 ..
3670 4600 3752 4622 ..ηε

486 4640 805 4697 Graecorum
850 4608 1333 4706 exoritur,quodv
1362 4632 1541 4688 vidua:
1588 4608 1781 4688 eorum
1855 4633 2302 4704 despicerentur.
2370 4629 2451 4683 lta
2484 4621 2820 4694 Stephanus,
2890 4625 3103 4719 etcum
3168 4629 3235 4719 eo
3281 4630 3378 4719 sex
3419 4610 3549 4719 viri,

488 4731 790 4803 participes
824 4730 1085 4801 Spiritus,
1116 4704 1434 4801 precatione
1472 4738 1530 4785 et
1562 4744 1824 4784 manuum
1858 4728 2220 4799 impositione
2285 4726 2355 4781 ad
2420 4717 2788 4777 ministerium
2818 4712 3097 4783 publicum
3149 4708 3348 4765 delecti
3415 4704 3752 4801 ordinantur.

494 4826 602 4899 Ipsi
643 4840 772 4881 vero
817 4824 1047 4896 apostoli
1091 4824 1194 4880 soli
1235 4823 1342 4881 sibi
1382 4822 1554 4880 verbo
1594 4822 1903 4879 vacandum
1946 4838 2069 4879 esse
2107 4830 2378 4878 statuunt.

1105 4947 1332 5004 CAPUT
1373 4947 1462 5003 Ill.

2786 4937 3041 4993 ΚΕΦΑΛ.
3078 4934 3151 4989 Γ.

494 5068 573 5122 De
604 5067 941 5138 ordinatione
985 5063 1174 5138 Jacobi
1205 5064 1393 5138 [ratiis
1421 5062 1881 5138 Dei,_etea:p_osi_tio
1906 5062 1969 5138 de
1989 5076 2068 5130 ge-

2179 5055 2464 5138 "8pl_tﬁ(:
2490 5050 2863 5138 χειροτονίας
2896 5046 3172 5138 ’ζακεόϐου

565 5099 571 5116 ἲ
604 5099 940 5121 υιιιυιηυυιιυ
985 5099 1172 5118 vacuus
1205 5099 1393 5134 Ιιυιιιο
1421 5099 1537 5129 υιι,
1560 5099 1878 5134 construct-Iv
1906 5099 1967 5114 ων
1989 5099 2050 5130 νιν

565 5155 690 5192 uere
717 5137 953 5206 Iosephi,
988 5136 1169 5219 sponsi
1211 5133 1430 5227 Hlarin
1447 5132 1758 5227 et'doanm'a
1789 5131 2068 5227 Baptifttg,

2179 5099 2652 5192 ":al'diiiﬁozc
2677 5122 2810 5188 περὶ
2834 5099 2946 5172 τοῦ
2976 5119 3194 5186 γένους
3228 5115 3454 5193 Ἰωσὴφ
3484 5109 3589 5164 τοῦ
3607 5099 3725 5178 μνῄ

2252 5214 2469 5227 ινα-’.ΛΛΛ
2494 5194 2590 5227 νη)
2641 5190 2921 5227 ’1...Αννηιη
2953 5188 3059 5227 rm‘:
3099 5190 3472 5227 anrm'rnn-
3513 5175 3610 5227 καὶ
3648 5189 3743 5227 της

710 5225 815 5261 non
844 5189 1213 5261 sanctissima:
1250 5203 1349 5257 Dei
1389 5205 1671 5261 Genitricis
1706 5219 1724 5257 :
1753 5217 1818 5254 ea:
1865 5189 2068 5269 scripti:

2250 5189 2593 5263 στοροςοιαὶ
2641 5190 2921 5269 νζωοίνινου
2953 5189 3059 5269 τοῦ
3094 5189 3437 5269 Quart-gf?!)
3458 5220 3473 5243 ο
3495 5189 3610 5269 ,ξιξῑι

565 5247 850 5334 Eminentia
1250 5247 1498 5338 "1550355:
1525 5247 1581 5327 et
1629 5247 1932 5342 .Hi'ppolyti,
1975 5247 2068 5339 ’φη

2255 5247 2461 5334 ἀπῆκέ
2502 5260 2920 5342 θεομήτεροςζ,
2962 5259 3029 5310 έκ
3225 5324 3236 5342 .
3262 5247 3743 5342 eaeaeae;

567 5306 850 5334 uwmcuuo
905 5306 1224 5335 ιυιισικιυηῠ,
1280 5306 1486 5338 υυυυιι,
1534 5306 1579 5327 σε
1640 5306 1932 5342 ιιιμμυιυη,
1989 5306 2068 5339 ιμιι

567 5348 929 5421 apostolorum
952 5361 1275 5400 successores
1310 5344 1565 5414 fuerunt,
1597 5345 1865 5413 decerpta.

2720 5306 2994 5421 ξτὺιιῖδίρμ
3033 5343 3097 5379 τε
3110 5324 3241 5421 λκΞὶ
3289 5306 3671 5377 Ἱππολύτου.
3700 5306 3753 5359 οὶ

2264 5395 2535 5473 διᾶδόχοι
2560 5395 2678 5455 τῶν
2710 5399 3078 5454 ἀποστόλων
3104 5395 3408 5465 ἐγένοντο.

571 5531 716 5587 Sane
749 5528 977 5601 quidem
1005 5534 1063 5583 et
1095 5525 1385 5591 Iacobum,
1418 5524 1509 5595 qui
1544 5522 1713 5578 frater
1748 5519 1965 5576 Domini
1996 5518 2068 5575 di-

2262 5518 2374 5571 Καὶ
2406 5515 2471 5585 δὴ
2504 5515 2597 5567 καὶ
2645 5509 2922 5574 Ἰάκωσον,
2951 5507 3011 5572 ὃς
3034 5508 3131 5561 τοῦ
3161 5507 3370 5578 Κυρίου
3399 5499 3623 5607 ἀδελςρδς
3642 5490 3750 5546 ἐλέ-

505 5595 953 5695 rellatum-quod
1002 5618 1189 5692 sponsi
1225 5618 1449 5690 Iosephi
1494 5617 1643 5674 ﬁlius
1686 5616 1765 5681 is,
1807 5626 1863 5670 et
1910 5626 2068 5669 male:

2192 5627 2340 5680 γετο,
2373 5609 2567 5677 ὅτιπερ
2599 5603 2694 5660 τοῦ
2735 5604 3038 5671 μνήστορος
3077 5599 3275 5669 Ἰωσὴφ
3306 5596 3442 5697 παῖς
3473 5595 3753 5697 ἐτύγχανεν

505 5718 635 5775 Jcsu
679 5687 878 5788 sponsa
927 5687 1158 5786 Iosephi
1206 5687 1387 5779 esset,
1444 5718 1671 5784 pr0pter
1720 5707 2068 5764 excellentem

2194 5703 2290 5770 ὢν,
2327 5699 2541 5772 μνηστὴ
2568 5700 2624 5753 δέ
2654 5700 2702 5753 οἱ
2736 5696 2886 5766 αὐτῷ
2910 5698 2945 5766 ἡ
2988 5696 3171 5766 μήτηρ
3200 5692 3294 5747 τοῦ
3337 5687 3516 5758 Ἰησοῦ
3535 5701 3549 5716 ο
3579 5687 3754 5736 τοῦτον

580 5840 623 5871 ²¹
648 5838 770 5892 Act.
802 5853 855 5903 v,
904 5836 993 5891 '59.
