4032 6414
481 345 586 411 757

1405 337 2020 417 ΕσοιΕεῐΑεΤιεκΕ
2060 360 2456 439 HISTORIA;
2496 365 2648 429 LIB.
2700 366 2788 430 II.

3634 366 3741 432 758

478 463 572 519 οὖν
599 467 694 520 τὸν
721 465 999 531 Ἰάκωϐον,
1025 466 1083 519 δν
1110 466 1189 538 τῷ
1209 468 1453 541 περιόντι
1481 472 1584 542 τῆς
1609 474 1808 542 ἀρετῆς
1829 474 1923 529 καὶ
1953 477 2051 538 τοῖς

2167 480 2287 549 ejus
2310 482 2569 555 virtutem
2603 494 2660 539 et
2690 484 2967 554 praecipua
3009 483 3113 539 alia
3143 494 3491 547 ornamenta,
3522 485 3739 541 Justum

476 560 686 624 λοιποῖς
738 561 1123 631 προτερήμασι
1170 562 1392 618 Δίκαιον
1439 564 1680 628 ἅπαντες
1724 567 2050 633 ἐπεκάλουν,

475 651 574 718 τῆς
600 652 660 703 ὲν
701 649 1097 722 Ἱεροσολύμοις
1133 652 1464 723 Ἐκκλησιας
1484 655 1687 727 πρώτῳ
1715 657 1815 728 τὴν
1832 661 2056 713 ἐπισκο-

475 743 581 811 πὴν
613 742 999 811 ἐγχειρίζουσι.
1030 744 1141 797 Καὶ
1173 748 1446 816 μαρωρεῖ
1494 749 1726 817 Κλήμης
1765 750 1822 801 ὲν
1852 757 1908 815 ς’
1942 752 2053 805 τῶν

484 831 925 887 ’Υποτυπὼσεων
953 836 981 886 6
1005 838 1383 907 στρωματεὺς,
1412 839 1614 892 οὑτωσὶ
1635 841 1883 909 γράφων·
1917 843 2054 895 «Πέ-

473 942 601 994 τρον
637 926 730 977 καὶ
765 925 1022 980 Ἰάκωϐον
1053 928 1151 981 καὶ
1199 927 1451 999 Ἰωάννην
1484 929 1626 999 μετὰ
1656 932 1757 1003 τὴν
1785 933 2052 1003 ἀνάληψιν

473 1015 567 1069 τοῦ
594 1015 746 1084 Σωτῆ
757 1033 868 1087 ρος,
895 1017 969 1080 ὡς
992 1016 1057 1071 ἂν
1086 1021 1184 1073 καὶ
1217 1019 1323 1073 ὑπὸ
1356 1021 1451 1074 τοῦ
1484 1022 1692 1091 Κυρίου
1718 1040 2053 1094 προτετιμηο

475 1109 696 1175 μένους,
735 1112 812 1181 μὴ
837 1110 1253 1175 ἐπιδικάζεσθαι
1275 1112 1434 1179 δόξης
1456 1129 1470 1145 ·
1507 1114 1643 1168 ἀλλὰ
1680 1116 1939 1171 Ἰάκωϐον
1959 1119 2052 1173 τὸν

473 1201 718 1267 Δίκαιον,
744 1203 1167 1258 ἐπίσκοποντῶν
1212 1205 1602 1277 Ἰεροσολύμων
1634 1207 1871 1263 ἑλέσθαι.
1906 1227 1926 1261 ι
1964 1211 2052 1263 Ἐν

471 1292 528 1345 δὲ
559 1293 637 1361 τῷ
671 1293 888 1364 ἑϐδόμῳ
918 1296 1019 1363 τῆς
1058 1297 1231 1366 αὐτῆς
1273 1297 1585 1361 ὑποθέσεως
1636 1298 1716 1350 ἔτι
1750 1298 1845 1353 καὶ
1876 1300 2052 1353 ταῦτα

473 1385 601 1454 περὶ
641 1385 807 1439 αὐτοῦ
839 1387 1175 1459 διεξέρχεται
1202 1405 1217 1419 ο
1260 1407 1281 1442 ι
1329 1389 1574 1461 Ἰακώϐῳ
1610 1389 1688 1458 τῷ
1717 1392 1922 1462 Δικαίῳ
1960 1395 2051 1446 καὶ

483 1475 704 1548 Ἰωάννῃ
748 1477 842 1531 καὶ
885 1478 1079 1551 Πέτρῳ
1111 1479 1254 1548 μετὰ
1282 1478 1382 1550 τὴν
1434 1480 1734 1535 ἀνάστασιν
1765 1481 2052 1548 παρέδωκε

471 1567 571 1638 τὴν
598 1568 801 1634 γνῶσιν
821 1570 848 1621 6
874 1569 1101 1637 Κύριος.
1136 1563 1301 1625 Οὗτοι
1330 1572 1388 1626 δὲ
1436 1575 1547 1635 τοῖς
1579 1572 1785 1636 λοιποῖς
1813 1575 2051 1626 ἀποστό-

470 1658 583 1722 λοις
612 1659 941 1729 παρέδωκαν
965 1675 980 1692 ο
1012 1661 1062 1713 oi
1086 1660 1143 1714 δὲ
1163 1661 1339 1714 λοιποὶ
1365 1660 1652 1716 ἀπόστολοι
1674 1665 1788 1726 τοῖς
1819 1664 2052 1735 ἐϐδομή-

472 1764 671 1803 κοντα*
703 1744 780 1805 ὧν
817 1746 898 1814 εἷς
939 1747 1009 1822 ἦν
1040 1752 1135 1804 καὶ
1184 1753 1496 1823 Βαρνάϐας.
1529 1754 1635 1806 Δύο
1665 1754 1725 1807 δὲ
1759 1754 2052 1822 γεγόνασιν

483 1842 732 1897 Ἰάκωϐοι
752 1859 767 1875 ·
801 1836 881 1908 εἷς
912 1846 940 1898 6
973 1844 1212 1910 Δίκαιος,
1234 1846 1262 1898 6
1297 1846 1439 1899 κατὰ
1467 1845 1562 1898 τοῦ
1596 1847 1895 1918 πτερυγίου
1927 1845 2046 1917 βλη.

470 1933 607 1999 θεὶς,
643 1936 737 1989 καὶ
770 1936 878 1989 ὑπὸ
916 1938 1169 2006 κναφέως
1200 1937 1342 2009 ξύλῳ
1372 1938 1603 2009 πληγεὶς
1656 1941 1736 2002 είς
1783 1939 2045 1994 θάνατον’

469 2028 656 2097 ἔτερος
684 2028 743 2081 66
783 2030 814 2083 6
838 2029 1266 2101 καρατομηθείς.
1310 2049 1329 2081 ι
1366 2030 1540 2084 Αὑτοῦ
1574 2030 1637 2101 δὴ
1683 2029 1781 2084 τοῦ
1823 2033 2048 2086 Δικαίου

470 2121 563 2173 καὶ
589 2123 618 2173 6
643 2118 852 2183 Παῦλος
888 2122 1217 2192 μνημονεύει
1248 2121 1507 2191 γράφωνι
1546 2124 1798 2191 Ἕτερον
1831 2123 1900 2176 δὲ
1930 2123 2052 2177 τῶν

467 2213 829 2268 ἀποστόλων
875 2216 988 2270 οὐκ
1014 2212 1178 2270 εἶδον
1205 2217 1256 2270 st
1296 2215 1380 2285 μὴ
1431 2215 1703 2272 Ἰάκωϐον
1735 2218 1844 2272 τὸν
1870 2217 2051 2272 ἀδελ-

466 2308 587 2376 φὸν
611 2309 718 2364 τοῦ
747 2311 994 2378 Κυρίου.
1035 2311 1096 2364 '0
1125 2311 1182 2365 δὲ
1212 2310 1380 2374 πολὺς
1412 2311 1478 2364 τὰ
1501 2310 1620 2364 θεῖα
1657 2311 1914 2376 Εύώδιος,
1940 2313 2051 2367 τῶν

471 2395 632 2464 ἰερῶν
662 2397 707 2450 δ’
741 2397 1058 2451 ἀποστόλων
1086 2398 1181 2452 καὶ
1218 2391 1373 2463 οὗτος
1408 2398 1672 2469 διάδοχος,
1707 2403 1766 2453 ὲν
1808 2404 1922 2464 τοῖς
1950 2402 2051 2454 αὒ-

469 2488 564 2541 τοῦ
615 2477 1048 2560 συγγράμμασι,
1096 2490 1335 2560 μάλιστα
1372 2491 1429 2545 δὲ
1470 2491 1526 2544 ὲν
1571 2494 1635 2562 τῇ
1688 2491 1947 2563 ἂπιστολῇ
1981 2492 2050 2563 ἢν

470 2578 598 2645 Φῶς
620 2580 921 2650 ἐπέγραψε,
946 2580 1038 2634 καὶ
1060 2579 1234 2634 ταῦτα
1255 2581 1631 2652 προστίθησιν,
1669 2599 1689 2634 ι
1711 2582 1768 2634 Ὀ
1798 2580 2048 2651 Χριστὸς,

470 2670 667 2739 λέγων,
734 2671 889 2734 ἰδίαις
938 2673 1099 2742 χερσὶ
1146 2673 1238 2727 τὸν
1277 2674 1485 2742 Πέτρον
1526 2674 1689 2740 μόνον
1740 2673 2004 2727 ὲϐάπτισε
2032 2691 2047 2705 ⁸

473 2762 682 2830 Πέτρος
746 2765 804 2817 δὲ
875 2764 1132 2832 Ἀνδρέαν
1186 2763 1284 2818 καὶ
1336 2767 1463 2824 τοὺς
1519 2764 1806 2818 Ζεϐεδαίου
1862 2764 2044 2827 υἰούςο

484 2858 743 2928 Ἀνδρέας
799 2858 857 2911 δὲ
915 2861 1007 2912 καὶ
1056 2858 1108 2911 οἰ
1151 2857 1244 2911 τοῦ
1305 2857 1592 2912 Ζεϐεδαίου
1642 2861 1767 2923 τοὺς
1826 2861 2049 2924 λοιποὺς

468 2950 809 3005 ἀποστόλων.
841 2949 981 3014 Τοὺς
1010 2950 1068 3004 δὲ
1092 2949 1470 3021 ἐϐδομήκοντα
1502 2952 1708 3023 Πέτρος
1730 2953 1826 3007 καὶ
1863 2952 2046 3006 Ἰωάν-

467 3062 568 3113 νης
621 3044 651 3097 6
688 3043 941 3113 θεολόγος
993 3042 1364 3114 βαπτίζουσι·
1414 3062 1433 3095 ι
1488 3024 1909 3116 προσεπιλέγων
1954 3046 2049 3101 καὶ

2157 575 2227 629 ab
2260 576 2517 631 omnibus
2549 577 2995 648 cognominatum
3017 616 3031 642 ,
3070 577 3308 647 primum
3344 576 3740 649 HiCI'OSOiylltio

2160 675 2304 720 tuna!
2357 666 2616 722 Ecclesiae
2667 667 2989 737 episcopum
3049 676 3261 723 creant.
3318 668 3576 722 Testatur
3634 669 3739 722 hoc

2155 754 2411 812 Clemens
2461 766 2751 812 contextor
2798 756 2853 811 in
2908 765 3064 812 sexto
3108 757 3525 827 Dispositionum
3571 758 3737 823 libro,

2156 846 2225 901 ad
2262 846 2413 903 hunc
2446 848 2674 903 modum
2710 848 3002 904 scribens:
3044 866 3063 899 ι
3098 850 3294 904 Petrus
3322 860 3378 903 et
3417 848 3656 903 Jacohus
3683 861 3737 904 σι

2155 939 2396 995 Joannes
2419 982 2434 1008 ,
2474 956 2615 1010 quos
2648 942 2915 996 Dominus
2947 942 3226 1011 pracipuo
3265 940 3523 1009 dignatus
3558 941 3739 993 fuerat

2154 1031 2390 1099 honore,
2423 1042 2548 1104 post
2572 1036 2950 1089 ascensionem
3016 1034 3157 1102 ejus,
3190 1033 3421 1104 gloriam
3456 1048 3563 1086 non
3599 1034 3737 1086 afre-

2155 1130 2396 1189 ctarunt,
2422 1123 2520 1178 sed
2552 1121 2814 1178 Jacobum
2852 1123 3070 1179 Justum
3113 1124 3433 1192 episcopum
3480 1122 3738 1176 Hieroso-

2155 1212 2429 1282 lymorum
2453 1214 2758 1283 elegerunt.
2796 1213 2858 1269 In
2888 1215 3123 1283 septimo
3154 1223 3336 1268 autem
3362 1214 3607 1282 ejusdem
3643 1228 3737 1266 ar-

2154 1304 2400 1373 gumenti
2452 1304 2594 1359 libro
2642 1306 2758 1360 haec
2805 1319 3026 1374 quoque
3069 1306 3137 1359 de
3177 1319 3245 1359 eo
3294 1313 3732 1359 commemorat:

2159 1413 2180 1448 ι
2229 1396 2443 1451 Jacobo
2471 1396 2651 1461 Justo,
2681 1406 2738 1451 et
2765 1397 2984 1463 Joanni,
3023 1406 3078 1451 et
3117 1398 3280 1452 Petro
3320 1406 3443 1465 post
3478 1411 3732 1450 resurre-

2152 1489 2391 1544 ctionem
2417 1488 2682 1543 Dominus
2706 1488 3073 1557 cognitionem
3094 1497 3147 1541 et
3170 1489 3453 1543 scientiam
3485 1488 3733 1542 tradidit.

2154 1579 2306 1634 Hanc
2344 1579 2420 1634 illi
2453 1581 2682 1651 reliquis
2716 1580 3016 1650 apostolis,
3069 1588 3234 1650 atque
3277 1580 3313 1635 ii
3350 1596 3572 1634 rursum
3608 1581 3735 1634 aliis
3815 1633 3822 1641 ,

2155 1666 2535 1737 septuaginta,
2585 1683 2821 1736 quorum
2869 1684 3013 1724 unus
3043 1684 3264 1739 quoque
3294 1670 3574 1723 Barnabas
3604 1669 3731 1734 fuit,

2157 1757 2530 1814 tradiderunt.
2558 1761 2674 1813 Duo
2698 1771 2880 1814 autem
2914 1759 3069 1815 fuere
3090 1760 3281 1816 Jacobi
3309 1779 3322 1815 :
3352 1762 3494 1817 alter
3518 1761 3731 1826 Justus,

2158 1850 2251 1919 qui
2279 1866 2346 1905 ex
2374 1853 2561 1921 templi
2587 1853 2882 1921 pinnaculo
2910 1853 3183 1923 dejectus,
3207 1864 3261 1908 et
3288 1868 3316 1906 a
3348 1854 3554 1909 fullone
3590 1854 3733 1909 fuste

2158 1940 2225 1996 ad
2258 1955 2452 1996 necem
2487 1958 2660 2012 usque
2688 1958 2864 1998 caesus
2889 1953 3009 2005 est;
3044 1943 3183 1998 alter
3211 1953 3393 1997 autem
3424 1945 3514 2012 qui
3552 1945 3732 2012 capite

2158 2040 2242 2088 est
2277 2032 2363 2087 ab'
2382 2034 2603 2088 Herode
2624 2035 2836 2103 plexus.
2876 2054 2895 2087 ι
2941 2035 3099 2107 134
3129 2034 3266 2090 Justi
3288 2051 3451 2105 porro
3484 2036 3645 2090 istius
3676 2044 3736 2090 et

2156 2124 2359 2179 Paulus
2394 2124 2731 2180 mentionem
2781 2125 2950 2191 facit,
2998 2126 3286 2180 scribens:
3335 2125 3516 2180 Alium
3555 2136 3736 2179 autem

2156 2231 2222 2269 ea:
2265 2215 2516 2287 apostolis
2563 2233 2885 2287 quamquam
2919 2233 3024 2271 non
3063 2218 3201 2280 vidi,
3246 2226 3440 2287 prwler
3484 2216 3733 2269 Iacobum

2158 2309 2383 2380 fratrem
2421 2311 2631 2364 Domini
2661 2310 2727 2363 ".
2761 2311 2934 2365 Porro
2967 2310 3189 2364 divinus
3223 2309 3502 2370 Evodius,
3539 2310 3635 2376 qui
3679 2317 3734 2362 et

2157 2403 2276 2472 ipse
2329 2410 2648 2457 sanctorum
2705 2402 3085 2471 apostolorum
3146 2414 3436 2455 successor
3482 2400 3617 2462 fuit,
3676 2398 3733 2453 in

2157 2494 2588 2550 Commentariis
2637 2497 2775 2559 suis,
2827 2495 3105 2565 pracipue
3154 2505 3338 2549 autem
3399 2495 3451 2546 in
3501 2493 3736 2562 epistola

2157 2601 2323 2656 quam
2347 2585 2545 2641 Lucem
2572 2587 2874 2657 inscripsit,
2894 2588 3009 2642 haec
3037 2602 3256 2658 quoque
3282 2587 3485 2657 posuit,
3525 2605 3543 2636 ι
3573 2587 3737 2641 Chri-

2157 2687 2297 2741 stus,
2330 2677 2611 2747 inquiens,
2646 2679 2899 2733 manibus
2925 2680 3041 2749 ipse
3075 2681 3192 2735 suis
3226 2680 3450 2734 Petrum
3489 2688 3736 2733 tantum~

2158 2767 2323 2822 modo
2360 2767 2678 2836 baptizavit.
2720 2768 2921 2823 Petrus
2952 2783 3115 2838 porro
3150 2769 3464 2834 Andream,
3503 2779 3559 2822 et
3593 2767 3735 2822 filios

2159 2858 2433 2916 Zebedaai.
2481 2859 2521 2914 li
2565 2860 2826 2929 deinceps
2863 2861 3106 2930 reliquos
3150 2861 3451 2929 apostolos.
3494 2860 3733 2929 Septua-

2159 2950 2310 3020 ginta
2361 2960 2544 3006 autem
2606 2952 2726 3006 illos
2775 2952 2972 3007 Petrus
3026 2961 3080 3006 et
3125 2951 3367 3007 Joannes
3423 2951 3735 3022 Theologus

2157 3044 2339 3100 dictus
2395 3045 2763 3113 baptizarunt.
2823 3063 2842 3097 ι
2903 3045 3106 3117 Adjicit
3155 3045 3203 3100 is
3263 3053 3531 3116 praeterea
3584 3045 3675 3098 illa
3719 3059 3733 3095 :

468 3135 647 3190 ταῦτα
674 3152 688 3167 ·
725 3153 744 3187 ι
793 3136 927 3189 Ἀπὸ
981 3137 1077 3189 τοῦ
1135 3134 1510 3205 βαπτίσματος
1553 3135 1657 3200 ἕως
1699 3136 1794 3190 τοῦ
1842 3136 2049 3201 πάθους

2162 3155 2181 3189 ι
2220 3138 2264 3191 Α
2310 3136 2589 3206 baptismo
2636 3151 2812 3206 usque
2849 3136 2915 3190 ad
2967 3136 3278 3206 passionem
3312 3135 3518 3191 Christi
3564 3136 3734 3189 inter-

471 3229 709 3298 Χριστοῦ
749 3228 846 3298 ἐτη
875 3229 1108 3282 διελθεῖν
1138 3228 1268 3300 τρία
1289 3245 1303 3259 ·
1355 3228 1464 3282 ἀπὸ
1495 3229 1552 3283 δὲ
1580 3229 1675 3281 τοῦ
1711 3229 1920 3293 πάθους
1953 3232 2050 3285 καὶ

470 3320 567 3388 τῆς
600 3321 950 3384 ἀναστάσεως
996 3321 1090 3373 καὶ
1133 3321 1458 3391 ἀναλήψεως
1485 3321 1567 3384 είς
1588 3322 1854 3389 οὐρανοὺς
1887 3324 2050 3393 μέχρι

469 3412 566 3480 τῆς
595 3412 898 3475 λιθοϐολίας
926 3414 1202 3481 Στεφάνου
1236 3415 1328 3483 ἐτη
1353 3413 1494 3468 εἰναι
1517 3415 1657 3469 ἑπτά
1684 3428 1701 3445 ⁶
1728 3418 1836 3472 ἀπὸ
1864 3418 1923 3471 δὲ
1950 3420 2051 3489 τῆς

473 3503 781 3574 μαρτυρίας
813 3505 1089 3574 Στεφάνου
1124 3506 1287 3576 μέχρι
1324 3506 1419 3560 τοῦ
1453 3508 1715 3575 φανέντος
1747 3510 1825 3580 τῷ
1853 3509 2050 3581 Παύλῳ

469 3595 648 3663 φωτὸς
678 3596 845 3666 μῆνες
874 3597 934 3660 ἒξ
958 3612 972 3626 ’
1005 3598 1113 3650 ἀπὸ
1142 3599 1239 3651 τοῦ
1276 3601 1538 3667 φανέντος
1571 3602 1649 3671 τῷ
1686 3602 1887 3674 Παύλῳ
1935 3621 2051 3671 φω-

467 3691 559 3749 τὸς
591 3690 752 3760 μέχρι
773 3689 870 3755 τῆς
900 3687 1234 3752 τελειώσεως
1256 3691 1356 3761 τῆς
1376 3692 1542 3758 ἁγίας
1560 3677 1948 3765 Θεοτόκουσετη
1978 3693 2045 3764 γ’.

470 3780 552 3831 Τὰ
586 3780 645 3833 δὲ
690 3782 869 3833 πάντα
900 3781 1008 3834 ἀπὸ
1035 3782 1130 3850 τῆς
1162 3784 1484 3854 γεννήσεως
1503 3783 1596 3838 τοῦ
1630 3785 1872 3855 Χριστοῦ
1921 3788 2050 3858 ἄχρι

338 3867 357 3891 ⁸
467 3876 569 3945 τῆς
612 3875 1001 3943 μεταστάσεως
1046 3877 1150 3945 τῆς
1181 3877 1344 3943 ἁγίας
1371 3877 1643 3932 Θεοτόκου
1672 3879 1765 3949 ἔτη
1799 3880 1946 3948 λέγει
1973 3876 2052 3935 εῖ-

470 3984 559 4021 ναι
610 3967 715 4036 μδ’.
761 3969 866 4020 Τὸν
907 3968 965 4021 δὲ
999 3969 1120 4022 ὅλον
1166 3971 1266 4040 τῆς
1314 3971 1463 4041 ζωῆς
1499 3972 1672 4041 αὐτῆς
1708 3974 1903 4043 χρόνον
1954 3974 2048 4044 ἔτη

472 4052 611 4111 εἶναι
637 4056 734 4112 νϐ’.
759 4058 994 4128 Τριετὴς
1022 4058 1132 4130 γὰρ
1165 4062 1439 4130 γενομένη
1468 4061 1547 4131 τῷ
1579 4062 1706 4131 ίερῷ
1738 4065 2049 4136 προσήχθη,

469 4151 562 4204 καὶ
590 4153 771 4217 ἐντοῖς
807 4152 1011 4218 ’Δγίοις
1039 4155 1148 4207 τῶν
1172 4154 1346 4222 ἁγίων
1397 4156 1490 4224 ἔτη
1524 4155 1717 4210 ἕνδεκα
1744 4158 2048 4224 διεϐίϐασε,

469 4248 565 4297 καὶ
611 4245 776 4309 εὐθὺς
801 4247 890 4301 διὰ
922 4246 1107 4318 χειρὸς
1146 4246 1256 4301 τῶν
1291 4249 1485 4318 ἱερέων
1528 4249 1609 4311 τῷ
1664 4249 1863 4319 Ἰωσὴφ
1913 4251 2052 4320 πρὸς

470 4341 721 4410 φυλακὴν
754 4340 1057 4411 παρεδόθη.
1088 4340 1374 4411 Τέσσαρας
1399 4340 1455 4392 δὲ
1492 4340 1670 4411 μῆνας
1701 4343 1758 4393 ἐν
1787 4345 1853 4412 τῇ
1899 4343 2052 4411 οἰκίᾳ

468 4435 563 4486 τοῦ
586 4434 782 4504 Ἰωσὴφ
811 4432 1103 4485 διετέλεσε’
1129 4432 1224 4485 καὶ
1254 4432 1358 4485 ὑπὸ
1385 4432 1480 4484 τοῦ
1506 4433 1852 4503 ἀρχαγγέλου
1884 4434 2049 4504 εὐαγ-

2153 3228 2385 3285 cessisse
2424 3244 2599 3283 annos
2648 3237 2757 3284 tres
2795 3245 2809 3281 :
2847 3243 2876 3282 a
2920 3230 3178 3297 passione
3239 3243 3408 3293 vero,
3454 3243 3737 3281 ressurrc-

2152 3323 2365 3387 ctione,
2388 3331 2444 3376 et
2471 3321 2795 3376 ascensione
2827 3324 2947 3391 ejus
2986 3321 3036 3375 in
3070 3321 3261 3384 ccelos,
3285 3335 3457 3390 usque
3494 3319 3561 3373 ad
3592 3319 3735 3387 lapio

2152 3416 2435 3470 dationem
2500 3413 2767 3482 Stephani
2830 3428 3006 3468 annos
3061 3424 3327 3483 septem:
3387 3429 3417 3466 a
3473 3412 3734 3481 Stephani

2152 3506 2351 3560 deinde
2386 3507 2684 3576 martyrio,
2720 3521 2892 3573 usque
2923 3505 3052 3559 dum
3097 3507 3327 3560 Paulum
3359 3505 3450 3559 lux
3491 3506 3734 3560 circum-
3793 3524 3800 3531 ·

2153 3597 2316 3660 fudit,
2342 3610 2562 3651 menses
2590 3611 2706 3651 sex.
2742 3597 2871 3651 lnde
2907 3612 3081 3666 usque
3107 3597 3174 3651 ad
3206 3607 3411 3652 sancta:
3444 3597 3539 3651 Dei
3571 3596 3736 3651 Geni-

2154 3687 2307 3741 tricis
2329 3686 2645 3750 decessum,
2675 3700 2851 3738 annos
2877 3693 3007 3739 tres.
3034 3684 3304 3740 Caeterum
3332 3697 3544 3757 tempus
3571 3702 3736 3740 omne

2153 3797 2183 3831 a
2217 3777 2506 3831 nativitate
2532 3777 2739 3832 Christi
2768 3793 2944 3848 usque
2973 3779 3039 3833 ad
3074 3779 3168 3834 Dei
3199 3776 3504 3835 Gcnitricis
3533 3780 3736 3850 migra-

2155 3871 2401 3934 tionem,
2444 3884 2622 3924 annos
2667 3868 2836 3925 fuisse
2878 3871 3015 3928 dicit
3060 3873 3424 3942 quadraginta
3468 3883 3731 3944 quatuor.

2154 3959 2348 4014 Totius
2371 3969 2555 4014 autem
2578 3962 2703 4015 vita:
2724 3963 2864 4033 ejus,
2888 3977 3062 4017 annos
3090 3964 3485 4034 quinquaginta
3512 3979 3732 4019 novem.

2156 4052 2442 4123 Siquidem
2478 4054 2701 4109 trimula
2733 4070 2858 4110 cum
2892 4065 3061 4121 esset,
3091 4056 3147 4110 in
3187 4058 3449 4127 templum
3482 4070 3567 4113 est
3597 4075 3737 4128 pra:-

2156 4154 2392 4209 sentata,
2427 4155 2483 4199 et
2515 4147 2587 4199 ibi
2616 4147 2673 4200 in
2705 4147 2912 4203 sanctis
2941 4158 3261 4204 sanctorum
3291 4149 3532 4205 traduxit
3562 4165 3740 4205 annos

2156 4237 2440 4291 undecim.
2492 4238 2704 4292 Deinde
2764 4256 2895 4295 vero
2945 4241 3293 4295 sacerdotum
3342 4241 3598 4297 manibus
3647 4243 3741 4298 Jo-

2156 4326 2329 4397 sepho
2362 4328 2432 4383 ad
2478 4331 2790 4383 custodiam
2823 4339 2907 4384 est
2947 4331 3149 4386 tradita
3178 4350 3192 4385 :
3234 4334 3377 4401 apud
3413 4349 3577 4402 quem
3609 4349 3735 4387 cum

2156 4435 2376 4476 menses
2429 4421 2732 4490 peregisset
2780 4432 3060 4491 quatuor,
3114 4412 3183 4476 ab
3231 4424 3428 4492 angelo
3478 4424 3739 4479 Gabriele

469 4493 1023 4594 γελίζεταίΤαϐριήλ
1047 4540 1061 4557 ο
1097 4524 1190 4576 καὶ
1226 4525 1403 4576 τίκτει
1427 4522 1488 4576 τὸ
1666 4493 1780 4576 τοῦ
1815 4493 2047 4595 κόσμου,

2158 4515 2341 4571 laetum
2362 4514 2515 4569 illum
2543 4515 2758 4583 accepit
2783 4515 3063 4568 nuntium.
3088 4513 3311 4583 Peperit
3331 4525 3517 4569 autem
3544 4518 3736 4571 mundi

473 4618 678 4688 χρόνων
713 4616 1036 4687 ὑπάρχουσα
1076 4619 1162 4678 ιε’,
1206 4616 1272 4684 τῇ
1307 4616 1528 4686 εἰκοστῇ
1562 4616 1791 4687 πέμπτῃ
1823 4617 1919 4670 τοῦ
1954 4622 2053 4670 As-

473 4690 742 4778 κεμϐρίου
769 4707 961 4779 μηνός.
991 4701 1124 4760 Εἶτα
1153 4704 1322 4777 ἔτερα
1344 4705 1424 4775 λγ¹
1449 4706 1542 4774 ἔτη
1563 4706 1651 4778 ζῇ·
1672 4706 1709 4761 ἃ
1739 4707 1834 4761 καὶ
1861 4708 1892 4760 6
1918 4690 2053 4776 προσ

474 4800 690 4866 animo;
717 4802 890 4868 Λόγος
911 4801 1007 4854 καὶ
1024 4799 1150 4863 Υίδς
1167 4799 1338 4869 αὐτῆς
1366 4798 1460 4852 ἐπὶ
1482 4799 1583 4867 τῆς
1607 4800 1707 4869 γῆς
1738 4799 2016 4855 διεϐίϐασε
2037 4818 2051 4836 ο

474 4900 570 4951 καὶ
621 4894 761 4967 μετὰ
808 4897 908 4964 τὴν
938 4893 1252 4964 σταύρωσιν
1294 4893 1354 4945 ὲν
1383 4895 1451 4962 τῇ
1482 4891 1580 4947 τοῦ
1623 4894 1876 4947 Ἰωάννου
1906 4893 2056 4965 οἰκίᾳ

474 4991 571 5060 ετη
602 4988 905 5044 διετέλεσεν
954 4985 1022 5041 ια’
1051 5004 1064 5020 ·
1103 4986 1180 5050 ὡς
1215 4987 1351 5056 όμοῦ
1381 4987 1451 5040 τὰ
1495 4985 1589 5056 ἔτη
1626 4987 1834 5056 ταύτης
1865 4985 1905 5039 ν’
1957 4992 2051 5041 καὶ

475 5087 522 5140 θ’
555 5082 912 5153 συνάγεσθαι.
955 5064 1044 5135 Ἐν
1077 5081 1133 5134 δὲ
1161 5083 1227 5150 τῇ
1260 5080 1529 5151 εἰρημένῃ
1561 5080 1708 5151 οἰκίᾳ
1734 5080 1829 5134 τοῦ
1866 5082 2053 5134 Ἰωάν-

475 5195 569 5231 νου
612 5178 674 5229 τὸ
703 5176 923 5248 πρῶτον
952 5175 1043 5228 τοῦ
1078 5175 1270 5243 Πάσχα
1305 5173 1607 5242 μυστήριον
1636 5175 1664 5226 6
1712 5173 1915 5244 Κύριος
1955 5177 2052 5228 σὺν

477 5273 591 5335 τοῖς
628 5268 899 5340 μαθηταῖς
928 5269 1185 5339 πράσσει.
1223 5267 1466 5321 Ἐκεῖθεν
1495 5267 1864 5339 ὑμνήσαντες,
1897 5267 2057 5338 ὲξῆλο

480 5363 574 5417 θον
608 5366 690 5425 εἰς
729 5362 792 5416 τὸ
825 5361 953 5432 ὅρος
986 5360 1096 5414 τῶν
1136 5360 1333 5414 ὲλαιῶν
1362 5362 1442 5422 είς
1473 5358 1675 5431 χωρίον
1710 5358 2058 5434 Γευτεμανὴ.

490 5456 643 5511 Ἐκεῖ
691 5456 777 5512 διὰ
829 5455 921 5508 τὸν
959 5452 1125 5523 φόϐον
1159 5453 1267 5505 τῶν
1313 5452 1588 5507 Ἰουδαίων
1632 5453 2057 5524 περιεκλείοντο.

490 5550 637 5603 Ἐκεῖ
659 5550 769 5602 τῶν
804 5549 984 5618 θυρῶν
1016 5547 1447 5617 κεκλεισμένων.
1480 5547 1720 5608 ἀναστὰς
1754 5544 1911 5615 ὤφθη
1948 5546 2063 5608 τοῖς

485 5641 786 5711 μαθηταῖςο
821 5642 917 5695 καὶ
945 5643 1025 5704 εις
1051 5640 1345 5712 πρόσωπον
1376 5637 1561 5693 αὐτῶν
1595 5638 1837 5708 ἐμφυσᾷ,
1873 5638 1966 5690 καὶ
2004 5637 2065 5689 τὸ

555 5802 601 5836 ’³
631 5800 809 5858 Galat.
840 5818 913 5869 iv,
950 5800 1031 5857 19.

2158 4607 2334 4677 ipsius
2359 4609 2560 4669 lucem,
2581 4622 2788 4660 animm
2813 4621 2984 4676 agens
3007 4606 3448 4676 quindecimum,
3470 4607 3738 4662 vicesima

2159 4700 2353 4769 quinta
2378 4698 2468 4753 die
2494 4698 2702 4753 mensis
2729 4698 3066 4753 Decembris.
3093 4699 3365 4769 Deinceps
3394 4699 3533 4753 alios
3562 4715 3741 4755 annos

2160 4793 2375 4863 peregit
2407 4792 2632 4862 triginta
2663 4801 2799 4856 tres,
2832 4806 2973 4861 quos
3000 4791 3170 4846 etiam
3201 4801 3468 4847 aeternum
3502 4800 3560 4846 et
3587 4803 3745 4846 ante-

2163 4885 2426 4940 saeculare
2478 4885 2711 4939 Verbum
2765 4893 2821 4940 et
2864 4883 3036 4939 Filius
3077 4886 3197 4956 ejus
3228 4884 3282 4939 in
3333 4888 3497 4941 terris
3535 4888 3741 4956 exegit.

2165 4979 2296 5034 Post
2318 4978 2499 5034 crucis
2529 4988 2710 5034 autem
2742 4979 3076 5048 supplicium
3110 4979 3241 5034 illud
3296 4980 3353 5034 in
3385 4982 3547 5034 domo
3576 4982 3746 5035 Joan-

2166 5073 2255 5125 nis
2285 5086 2461 5125 annos
2499 5071 2749 5140 implevit
2790 5072 3049 5128 undecim
3082 5092 3096 5128 :
3143 5084 3203 5128 ut
3247 5072 3426 5128 aetatis
3456 5076 3575 5143 ejus
3614 5075 3746 5128 anni

2166 5166 2328 5220 simul
2388 5166 2606 5221 collecti
2652 5165 2765 5221 sint
2804 5166 3205 5237 quinquaginta
3239 5175 3295 5222 et
3329 5182 3549 5221 novem.
3586 5167 3643 5220 In
3681 5183 3746 5221 ea

2163 5261 2278 5331 ipsa
2307 5262 2535 5316 Joannis
2573 5262 2739 5315 domo
2772 5261 3010 5330 primum
3049 5261 3254 5314 Pascha
3289 5260 3579 5328 mysticum
3613 5276 3749 5313 con-

2163 5354 2370 5410 v’ivium
2430 5353 2696 5409 Dominus
2753 5370 2879 5408 cum
2941 5354 3230 5423 discipulis
3287 5352 3553 5407 instituit.
3613 5352 3746 5407 inde

2162 5448 2367 5518 hymno
2419 5447 2571 5503 dicto
2622 5449 2676 5502 in
2732 5457 2973 5502 montem
3022 5447 3306 5504 Olivarum
3355 5446 3633 5512 exierunt,
3679 5447 3747 5501 ad

2162 5543 2344 5597 villam
2387 5541 2729 5598 Getsemani.
2771 5542 2983 5596 Ibidem
3021 5553 3247 5613 propter
3282 5549 3490 5596 metum
3521 5540 3741 5595 Judaeo-
3832 5593 3837 5599 ,

2164 5650 2289 5690 rum
2321 5635 2579 5705 discipuli
2612 5633 3036 5690 claudebantur.
3081 5633 3290 5691 Ibidem
3327 5633 3495 5689 etiam
3534 5630 3752 5686 foribus
