4032 6440
388 372 495 438 759
1440 394 1445 397 '
1613 378 2034 439 NICEPllOlil
2079 378 2428 437 fJALLiSTI
3577 374 3692 441 760

388 484 614 551 clausis,
648 499 776 541 cum
802 486 1216 552 resurrexisset,
1250 488 1319 542 ab
1344 487 1479 558 ipsis
1530 498 1615 544 est
1649 489 1816 555 visus,
1842 505 1965 543 cum

2097 487 2304 558 1νεῦμα
2339 490 2400 540 τι
2434 487 2590 553 άγιον
2621 484 2854 538 δίδωσιν.
2899 483 3049 537 Ἐκεῖ
3081 484 3147 552 τῇ
3176 481 3339 553 ὀγδόῃ
3377 482 3581 553 ἡμέρᾳ
3619 486 3690 538 τά

390 577 450 630 in
487 576 683 631 faciem
724 593 946 648 quoque
989 594 1180 634 eorum
1230 579 1558 650 inspiravit,
1604 589 1661 635 et
1701 580 1969 650 Spiritum

2097 579 2219 632 ιατὰ
2248 580 2337 631 τὸν
2358 578 2565 648 Θωμᾶν
2591 576 2903 629 ὲπιστοῦτο.
2923 575 3073 627 Ἐκεῖ
3089 575 3147 627 τὸ
3168 573 3397 663 Πνεῦμα
3427 574 3497 627 τὸ
3524 574 3693 642 ἅγιον

390 669 475 723 eis
506 678 756 725 sanctum
784 671 960 726 dedit.
987 672 1063 727 lbi
1096 684 1290 727 octavo
1316 684 1440 744 post
1467 676 1560 730 die
1587 676 1809 731 Thomas
1838 677 1973 731 ﬁdes

2097 689 2139 722 ιν
2162 669 2293 722 εῖδει
2322 667 2587 736 γλωσσῶν
2604 669 2744 721 κατὰ
2762 666 2860 737 τὴν
2879 665 3263 735 Πεντηκοστὴν
3292 666 3692 734 ἐπεδήμησεν.

388 775 473 818 est
505 763 868 819 confirmata:
920 767 1076 835 135
1120 781 1189 822 eo
1232 766 1472 837 Spiritus
1512 779 1760 835 sanctus,
1788 771 1973 840 specie

2097 764 2235 815 Ἐκεῖ
2268 762 2364 814 καὶ
2394 762 2488 814 τὸν
2534 760 2747 813 δίκαιον
2807 757 3066 811 Ἰάκωϐον
3100 756 3317 827 πρῶτον
3360 757 3687 810 ἐπίσκοπον

390 854 706 924 linguarum
729 895 744 919 ,
783 857 898 925 ipsa
933 857 1256 913 Pentecoste
1288 859 1532 916 advenit.
1575 861 1784 916 Ibidem
1816 861 1978 917 Jaco-

2097 853 2186 906 ιῶν
2229 851 2623 922 Ἰεροσολύμων
2652 850 3098 921 ἐχειροτόνησαν,
3133 851 3229 900 καὶ
3267 848 3559 915 Στέφανον
3589 856 3697 907 καὶ

394 947 525 1000 hum
559 948 776 1001 Justutn
820 948 1061 1017 primum
1101 950 1610 1023 Hierosolymorum
1651 954 1974 1023 episcopum

2097 946 2203 1011 ςοὺς
2234 944 2294 1011 ἓξ
2322 946 2605 1007 διακόνους
2634 941 3059 1010 προύϐάλοντο.»
3082 941 3198 1009 Τὴν
3226 939 3283 993 δὲ
3322 940 3519 993 οἰκίαν
3563 939 3696 992 ταύ-

391 1039 626 1106 apostoli
675 1040 1031 1107 ordinarunt,
1085 1050 1138 1096 et
1172 1040 1519 1112 Stephanum
1565 1058 1691 1098 cum
1744 1044 1977 1114 reliquis

2097 1052 2198 1104 την
2228 1036 2320 1088 τὸν
2335 1033 2591 1103 Ἰωάννην
2623 1032 2889 1103 πρίασθαι
2922 1031 3065 1102 μετὰ
3084 1030 3340 1095 θάνατον,
3374 1031 3569 1097 λόγος,
3594 1029 3694 1080 τοῦ

392 1142 489 1179 sex
516 1128 770 1183 diaconis
797 1129 1073 1197 legerunt.
1117 1150 1135 1184 ι
1174 1134 1327 1188 Hanc
1357 1149 1521 1203 porro
1556 1135 1781 1189 domum
1811 1134 1981 1190 Joan-

390 1233 491 1271 nes
512 1218 689 1272 fertur
714 1235 1063 1290 comparasse
1086 1233 1209 1291 post
1232 1234 1463 1278 mortem
1489 1225 1665 1295 patris
1694 1226 1775 1279 sui
1802 1225 1978 1281 Zebe-

391 1309 530 1373 daei,
570 1310 665 1378 qui
709 1311 932 1383 quidem
970 1315 1209 1384 propria:
1238 1316 1398 1371 navis
1430 1324 1615 1371 rector
1651 1315 1820 1371 fuisse
1856 1332 1980 1385 per-

396 1401 649 1469 hibetur,
688 1403 931 1458 celebris
965 1404 1111 1460 inter
1154 1405 1388 1461 Galilaue
1424 1407 1635 1461 incolas
1669 1408 1773 1462 vir.
1812 1406 1980 1461 Deceo

393 1494 535 1547 dens
586 1505 769 1561 autem
817 1497 869 1549 in
905 1497 1165 1564 Galilaea,
1210 1499 1336 1554 ﬁliis
1374 1500 1645 1554 ambobus
1685 1500 1892 1555 Jacobo
1929 1510 1985 1554 et

393 1584 594 1639 ἔδειιηί
617 1586 995 1642 hereditatem
1020 1590 1265 1659 reliquit.
1293 1590 1536 1646 Joannes
1564 1592 1739 1661 igitur
1771 1602 1985 1661 partem

396 1692 578 1741 suam,
606 1693 728 1746 qua:
767 1694 834 1732 ex
873 1679 1193 1735 haereditate
1237 1681 1284 1734 ei
1314 1692 1581 1747 cesserat,
1613 1680 1837 1750 Caipha:
1866 1683 1987 1753 ejus

396 1768 527 1820 anni
574 1765 820 1836 pontifici
872 1769 1216 1824 vendiderat.
1261 1769 1626 1840 Quapmpter,
1657 1786 1754 1842 per
1796 1771 1986 1825 vendi-

2081 1126 2293 1197 πατρδς
2320 1126 2486 1179 αὐτοῦ
2522 1124 2832 1190 Ζεϐεδαίου,
2872 1122 2931 1186 ὃς
2960 1121 3379 1191 ίδιοναύκληρος
3413 1121 3649 1189 λέγεται
3677 1138 3691 1151 ·

2082 1219 2354 1287 ἐπίσημος
2373 1215 2418 1269 δ’
2436 1212 2504 1286 ἦν
2524 1216 2635 1268 τῶν
2655 1216 2713 1268 ἐν
2735 1212 2995 1284 Γαλιλαίᾳ
3022 1210 3429 1282 μετοικούντων
3448 1211 3694 1280 ἀνδρῶν.

2084 1309 2369 1362 Τελευτῶν
2417 1309 2549 1378 γὰρ,
2583 1308 2750 1376 άμφω
2788 1309 2903 1368 τοῖς
2933 1307 3074 1361 υἱέσι
3100 1307 3193 1358 τὸν
3223 1308 3280 1359 ἐν
3309 1306 3381 1372 τῇ
3420 1303 3696 1372 Γαλιλαία

2084 1399 2286 1469 κλῆρον
2335 1397 2540 1462 είασεν,
2594 1394 2837 1465 Ἰακώϐῳ
2882 1394 2977 1447 καὶ
3041 1392 3286 1466 Ἰωάννῃ.
3352 1390 3418 1445 Ὅ
3449 1393 3558 1460 μὲν
3601 1391 3697 1444 οὖν

2098 1492 2357 1562 Ἰωάννης
2394 1490 2497 1560 τὴν
2526 1489 2671 1542 κατὰ
2708 1487 2915 1557 κλῆρον
2943 1485 3096 1558 αύτῷ
3129 1486 3518 1555 διαφέρουσαν
3554 1483 3697 1552 κτῆ-

2091 1601 2176 1637 σιν
2212 1583 2438 1654 Καϊάφα
2458 1581 2538 1652 τῷ
2565 1578 2660 1635 τοῦ
2693 1579 2943 1636 ἐνιαυτοῦ
2971 1579 3184 1633 ἐκείνου
3208 1580 3471 1649 ἀρχιερεῖ
3499 1579 3698 1646 ἀπημ-

2089 1676 2265 1730 πόλει.
2315 1668 2390 1728 Ού
2426 1675 2588 1745 χάριν
2620 1675 2710 1727 διὰ
2754 1677 2852 1745 τὴν
2901 1672 3251 1743 καταλλαγὴν
3287 1672 3389 1724 καὶ
3437 1670 3696 1738 γνωστὸς

2089 1766 2240 1837 αὐτῷ
2282 1761 2381 1836 ἦν,
2408 1765 2482 1828 ώς
2515 1769 2573 1820 ὲν
2620 1766 2699 1837 τῷ
2745 1768 2866 1820 κατ’
2914 1766 3080 1820 αὐτὸν
3129 1763 3461 1833 Εὐαγγελίῳ
3497 1761 3692 1828 φησίν.

397 1856 568 1911 tionis
613 1858 736 1928 ejus
780 1858 1189 1923 addictionem,
1243 1869 1408 1915 notus
1455 1876 1679 1931 quoque
1723 1861 1774 1916 ei
1819 1872 1983 1927 erat,

2106 1856 2541 1926 Ἀποϐαλὸμενος
2572 1855 2628 1909 δὲ
2662 1855 2764 1928 τὴν
2797 1857 2857 1910 ἐν
2889 1858 2957 1927 τῇ
2986 1854 3251 1926 Γαλιλαίᾳ,
3277 1852 3505 1920 κτῆσιν,
3542 1847 3697 1902 οἷκον

398 1950 559 2003 sicuti
596 1950 710 2019 ipse
746 1953 801 2004 in
834 1951 1132 2024 Evangelia
1181 1967 1284 2006 suo
1326 1951 1483 2008 dicit.
1514 1953 1769 2008 Alienata
1800 1962 1985 2008 autem

397 2040 466 2093 ad
516 2055 641 2093 eum
698 2040 960 2105 modum,
1015 2057 1137 2113 qua:
1177 2043 1227 2097 ei
1276 2041 1580 2098 obvenerat
1629 2044 1685 2097 in
1738 2043 1984 2110 Galilaea,

407 2130 795 2198 possessione,
828 2132 994 2186 aliam
1053 2134 1276 2188 domum
1317 2133 1717 2205 Hierosolymis
1754 2135 1821 2189 ad
1863 2150 1991 2191 san-

402 2232 548 2277 ctam
580 2222 679 2290 (ita
703 2223 848 2276 enim
881 2223 1027 2279 dicta
1057 2225 1198 2294 erat)
1228 2223 1509 2289 Sion,sibi
1541 2227 1900 2295 comparavit,
1933 2227 1989 2281 in

400 2326 513 2380 qua
545 2311 746 2367 deinde
778 2312 1075 2382 purissima
1109 2322 1286 2369 mater
1313 2313 1543 2377 Christi,
1578 2315 1646 2370 ad
1678 2328 1987 2373 extremum

403 2417 582 2473 usque
609 2404 753 2458 diem
786 2420 947 2459 suum
973 2405 1143 2459 vitam
1177 2407 1410 2477 peregit.
1448 2407 1827 2463 Consimiliter
1858 2423 1988 2465 vero

400 2504 459 2549 et
499 2495 670 2551 frater
711 2497 950 2553 Iacobus
998 2498 1164 2566 fecit;
1209 2515 1333 2555 nam
1377 2510 1434 2555 et
1470 2501 1539 2566 is,
1575 2502 1737 2557 bonis
1783 2503 1900 2557 suis
1935 2504 1989 2556 in

402 2587 625 2642 Galilaea
655 2589 931 2656 alienatis,
962 2590 1361 2665 Hierosolymis
1393 2591 1517 2655 fuit,
1549 2604 1714 2663 atque
1739 2595 1812 2648 ibi
1840 2594 1988 2649 salu-

405 2688 525 2733 tare
570 2680 804 2735 verbum
836 2681 1128 2738 duodecim
1154 2683 1413 2739 tribubus
1443 2684 1608 2739 Israel
1641 2684 1986 2755 praedicavit.

403 2770 526 2825 Non
576 2760 959 2841 importunum
1001 2774 1284 2843 equidem,
1323 2784 1377 2828 ut
1425 2784 1580 2844 puto,
1617 2775 1808 2843 fuerit,
1848 2793 1987 2846 pra:-

406 2862 552 2916 senti
604 2863 853 2920 inserere
903 2864 1184 2929 historiae,
1231 2881 1354 2935 quae
1397 2864 1618 2921 divinus
1665 2865 1990 2937 Hippolytus

407 2954 610 3009 Portus
632 2956 837 3010 veteris
861 2956 1048 3011 Romae
1070 2958 1390 3027 episcopus,
1408 2957 1475 3013 de
1496 2957 1703 3013 Jacobo
1721 2959 1797 3029 (1)
1819 2959 1988 3014 fratre

410 3045 506 3101 Dei
534 3050 814 3101 memoria:
835 3047 1092 3102 mandata
1114 3049 1375 3119 reliquit:
1410 3068 1428 3101 ι
1457 3049 1685 3120 Joseph,
1711 3050 1986 3120 inquiens,

2096 1951 2151 2002 ὲν
2200 1948 2597 2020 Ἰεροσολύμοις
2630 1949 2690 2001 ἐν
2722 1951 2789 2019 τῇ
2838 1947 3111 2020 λεγομένῃ
3157 1946 3291 2015 ἁγίᾳ
3335 1943 3487 1998 Σιὼν
3522 1959 3694 2013 προσ-

2094 2037 2367 2108 εκτήσατο
2395 2036 2615 2105 ἕτερον’
2647 2034 2778 2087 ἔνθα
2821 2035 2854 2105 η
2886 2036 3161 2102 πάναγνος
3214 2032 3408 2103 μήτηρ
3446 2029 3694 2101 Χριστοῦ

2094 2131 2224 2201 ἄχρι
2252 2129 2470 2199 καὶτῆς
2500 2127 2743 2199 ἐσχάτης
2767 2128 2941 2196 αὐτῆς
2972 2128 3161 2197 διῆγεν
3189 2126 3438 2197 ἡμέρας.
3460 2124 3693 2193 Ἐπίσης

2094 2224 2152 2277 δὲ
2197 2223 2292 2277 καὶ
2319 2225 2349 2277 ὁ
2377 2224 2608 2291 ἁδελφὸς
2655 2222 2913 2285 Ἰάκωϐος
2948 2222 3185 2290 ἔπραττε
3210 2238 3224 2253 ⁸
3264 2223 3363 2275 καὶ
3393 2214 3555 2283 οὗτος
3583 2220 3695 2287 γάρ

2095 2313 2196 2385 τὴν
2226 2315 2284 2367 ὲν
2314 2317 2382 2386 τῇ
2417 2313 2679 2385 Γαλιλαίᾳ
2712 2314 2910 2384 κτῆσιν
2940 2315 3373 2384 παρωσάμενος,
3406 2315 3489 2377 είς
3531 2310 3696 2382 Ἰερο-

2097 2404 2308 2474 σόλυμα
2351 2401 2616 2471 γεγονὼς,
2653 2403 2946 2474 κηρύσσων
2977 2398 3047 2473 ἦν
3078 2403 3179 2475 τὸν.
3219 2405 3500 2473 σωτήριον
3534 2403 3695 2470 λόγον

2095 2497 2215 2556 ταῖς
2264 2491 2475 2547 δώδεκα
2507 2493 2706 2563 φυλαῖς
2756 2494 2853 2546 τοῦ
2908 2493 3150 2562 Ἰσραήλ.
3186 2495 3303 2548 Οὐκ
3358 2494 3597 2564 ἄκαιρον
3636 2491 3691 2544 δὲ

2095 2579 2251 2655 οἴμαι
2280 2584 2373 2637 καὶ
2400 2582 2577 2637 ταῦτα
2606 2586 2933 2655 παρενεῖραι
2953 2588 3019 2657 τῇ
3054 2586 3283 2654 ἱστορίᾳ,
3307 2586 3390 2656 τῷ
3413 2585 3547 2655 θείῳ
3588 2584 3693 2637 Ὕπ-

2097 2677 2336 2745 πολύτῳ,
2355 2676 2415 2738 ὃς
2435 2677 2644 2749 Πόρτου
2666 2680 2765 2745 τῆς
2798 2678 3175 2749 πρεσϐυτέρας
3210 2678 3438 2749 Ῥώμης
3467 2677 3691 2731 ἐπίσκο-

2099 2787 2202 2834 πος
2234 2769 2536 2841 ἐτύγχανεν
2577 2768 2673 2833 ὢν,
2697 2770 2989 2840 εἰρημένα,
3033 2772 3163 2839 περὶ
3209 2769 3303 2824 τοῦ
3360 2768 3691 2839 άδελιροθέου

2108 2859 2397 2916 Ἰακώϐου.
2436 2881 2453 2913 ι
2478 2860 2702 2931 Ἰωσὴφ,
2726 2860 2924 2929 λέγων,
2953 2864 2982 2915 ὁ
3010 2861 3243 2925 τέκτων,
3264 2863 3334 2915 ὲκ
3366 2862 3469 2932 τῆς
3499 2876 3690 2930 γυναι-

2097 2956 2194 3021 κδς
2250 2957 2416 3012 αὐτοῦ
2460 2958 2753 3031 Σαλώμης,
2798 2960 2924 3031 ἥτις
2963 2954 3030 3032 ἦν
3085 2959 3342 3030 θυγάτηρ
3406 2958 3688 3027 ’Δγγαίουν

2097 3046 2330 3116 ἀδελφοῦ
2385 3049 2662 3118 Ζαχαρίου
2713 3049 2809 3104 τοῦ
2854 3051 3139 3121 προφήτου
3179 3052 3274 3103 καὶ
3329 3051 3543 3119 πατρὸς
3594 3046 3688 3099 τοῦ

411 3138 591 3204 faber,
619 3153 688 3194 ex
720 3154 890 3193 uxore
924 3154 1023 3194 sua
1064 3139 1282 3195 Salome
1310 3144 1453 3212 (quae
1483 3142 1707 3212 quidem
1739 3143 1850 3197 tilia
1885 3143 1990 3198 fuit

2102 3137 2401 3210 βαπτιποῦ
2430 3140 2709 3206 Ἰωάννου,
2743 3142 2771 3193 ὁ
2798 3141 2855 3195 δὲ
2878 3142 3155 3211 Ζαχαρίας
3183 3143 3279 3194 καὶ
3298 3139 3568 3210 Ἀγγαῖος
3588 3138 3691 3192 υίοί

406 3230 628 3301 Aggazi,
682 3230 870 3287 fratris
920 3232 1202 3287 Zachariae
1252 3204 1576 3304 pro-phetm,
1628 3236 1991 3308 ejusdemque

2097 3204 2238 3303 ἦσαν
2283 3231 2566 3303 Βαραχίου
2596 3204 2703 3285 τοῦθ
2747 3204 3081 3304 ἀρχιερέως,
3118 3204 3690 3304 τέσσαρας-ἄρρενας

409 3322 641 3377 Joannis
673 3311 930 3393 Baptistae
959 3325 1131 3395 patris
1160 3343 1171 3378 :
1200 3325 1498 3382 Zacharias
1525 3341 1657 3383 vero
1679 3335 1736 3382 et
1760 3327 1993 3398 Aggaaus

413 3415 508 3468 lilii
559 3423 720 3470 erant
767 3416 1049 3474 Barachite
1099 3418 1436 3487 sacerdotis)
1479 3430 1718 3489 quatuor
1759 3421 1994 3491 suscipit

412 3506 687 3561 masculos
732 3506 905 3575 filios,
954 3508 1261 3577 Jacobum,
1309 3509 1649 3578 Simeonem,
1688 3513 1906 3573 Judam.
1939 3523 1995 3568 et

409 3598 578 3651 .Iosen
601 3613 615 3649 :
639 3599 846 3653 etitem
889 3600 1029 3655 tilias
1057 3601 1216 3667 duas,
1249 3600 1446 3657 Esther
1462 3602 1995 3673 et1‘ltantar(‘2):tta

414 3694 474 3741 ut
505 3687 722 3743 Salome
763 3689 901 3758 ipsa,
941 3699 999 3744 et
1025 3691 1264 3746 Joannes
1285 3691 1557 3761 Baptista.
1601 3693 1840 3747 duorum
1884 3692 1995 3746 fra-

415 3792 561 3834 trum
592 3783 828 3837 marium
870 3783 1032 3839 liberi
1076 3783 1305 3840 fuerint.
1351 3786 1564 3841 Etenim
1588 3787 1817 3855 Aggteus
1850 3787 1996 3840 [ilius

411 3872 631 3941 quidem
663 3884 749 3929 est
795 3873 1108 3940 Barachite,
1149 3885 1378 3946 patruus
1413 3887 1596 3932 autem
1628 3876 1879 3933 Joannis.
1909 3870 1995 3932 Si;

410 3965 620 4020 iniliter
647 3974 703 4020 et
730 3965 1024 4021 Zacharias
1044 3966 1214 4023 frater
1254 3968 1475 4037 quidem
1516 3967 1696 4037 Aggrei
1718 4006 1733 4032 ,
1767 3977 1996 4037 patruus

414 4066 601 4110 autem
653 4056 884 4111 Saloma:
927 4057 1153 4126 Iosephi
1198 4060 1467 4129 conjugis.
1515 4059 1770 4114 Salomen
1831 4072 1996 4127 porro

416 4148 584 4214 dico,
630 4165 741 4204 non
799 4151 946 4204 illam
1024 4151 1078 4204 in
1132 4150 1414 4206 Bethleem
1480 4150 1836 4205 obstetricem
1885 4148 1996 4220 (illa

415 4242 566 4295 enim
596 4241 1037 4305 Bethleemitica,
1060 4242 1388 4297 consobrina
1417 4241 1749 4297 Elizabetha:
1769 4248 1908 4303 erat,
1941 4249 1998 4294 et

415 4334 547 4387 item
579 4340 788 4389 sancta:
831 4333 1061 4403 virginis
1107 4332 1311 4399 Mariae,
1357 4345 1417 4387 ut
1447 4332 1554 4387 hoc
1581 4346 1800 4387 sacrum
1834 4330 1999 4385 Lucae

414 4424 774 4496 Evangelium
829 4425 1094 4493 indicat),
1140 4424 1302 4496 136
1351 4424 1625 4494 siquidem
1675 4433 1786 4478 tres
1837 4421 1995 4477 fuere

2097 3323 2251 3387 υίοὺς
2282 3325 2471 3394 γεννᾷ,
2510 3324 2795 3391 Ἰάκωϐον,
2823 3326 3071 3396 Σίμωνα,
3120 3326 3322 3379 Ἰούδαν
3356 3326 3456 3379 καὶ
3497 3323 3649 3391 Ἰωσῆ
3674 3337 3687 3350 ·

2097 3418 2193 3471 καὶ
2225 3417 2537 3487 θυγατέρας
2565 3417 2679 3483 δύο,
2710 3418 2813 3488 τὴν
2858 3418 3060 3488 Ἐσθήρ
3092 3435 3150 3471 τε
3188 3420 3285 3472 καὶ
3320 3419 3434 3483 -τὴν
3464 3418 3688 3484 Θάμαρ⁶

2094 3510 2171 3574 ὡς
2202 3506 2346 3564 εἶναι
2371 3510 2473 3579 τὴν
2502 3508 2776 3581 Σαλώμην
2807 3510 2902 3564 καὶ
2947 3510 3039 3563 τὸν
3067 3511 3394 3579 Βαπτιστὴν
3437 3509 3688 3575 Ἰωάννην

2096 3602 2344 3670 ἀδελφῶν
2374 3601 2470 3655 δύο
2507 3602 2678 3656 τέκνα
2709 3602 2977 3673 ἀρρένων.
3027 3603 3084 3655 '0
3123 3602 3232 3673 γὰρ
3278 3602 3540 3671 Ἀγγαῖος
3571 3599 3681 3658 υίὸς

2100 3693 2211 3764 μένκ
2232 3690 2348 3748 ἐστι
2376 3694 2675 3764 Βαραχίου,
2706 3694 2854 3756 θεῖος
2885 3694 2943 3746 δὲ
3001 3694 3254 3747 Ἰωάννου
3286 3711 3300 3724 ε
3359 3694 3563 3764 ὁμοίως
3595 3690 3685 3742 καὶ

2099 3785 2402 3857 Ζαχαρίας,
2440 3786 2669 3855 άδελφδς
2701 3785 2803 3851 μὲν
2846 3787 3128 3854 Ἀγγαίου,
3156 3786 3427 3856 Σαλώμης
3461 3785 3517 3838 δὲ
3549 3784 3685 3843 θεῖος

2097 3877 2196 3946 τῆς
2244 3877 2511 3946 γυναικὸς
2552 3878 2778 3948 Ἰωσήφ.
2812 3877 3084 3948 Σαλώμην
3119 3877 3175 3930 δέ
3220 3894 3369 3947 φημι
3402 3878 3462 3930 ού
3495 3875 3592 3938 τὴν
3631 3875 3684 3924 ὲν

2101 3967 2353 4039 Βηθλεὲμ
2403 3971 2605 4039 μαῖαν
2647 3970 2833 4040 ὲκείνὴ
2895 3970 3004 4039 γάρ
3061 3969 3200 4040 duo]
3219 3970 3477 4039 Βηθλεὲμ
3532 3963 3681 4028 οὖσα,

2099 4061 2298 4131 ἀνεψιὰ
2351 4062 2452 4131 τῆς
2499 4060 2786 4115 Ἐλισάϐετ
2824 4056 2913 4133 ἦν,
2953 4061 3050 4114 καὶ
3087 4063 3187 4130 τῆς
3218 4061 3386 4129 ἁγίας
3418 4057 3683 4129 παρθένου

2098 4155 2339 4224 Μαρίας,
2370 4154 2444 4219 ώς
2466 4155 2619 4225 δηλοῖ
2645 4156 2705 4209 τὸ
2735 4155 2880 4210 κατὰ
2907 4156 3123 4209 Λουκᾶν
3153 4156 3300 4225 ίερὸν
3334 4153 3681 4221 Εὑαγγέλιον.

2100 4245 2265 4314 Τρεῖς
2324 4246 2435 4314 γάρ
2463 4241 2606 4316 ἦσαν
2661 4246 2893 4315 ἀδελφαὶ
2927 4247 3037 4300 άπὸ
3069 4246 3344 4316 Βηθλεὲμ,
3388 4241 3684 4312 θυγατέρες

2100 4333 2333 4388 Ματθάν
2358 4335 2454 4388 τοῦ
2487 4334 2696 4404 ἱερέως,
2728 4336 2820 4389 καὶ
2839 4336 3059 4406 Μαρίας
3086 4338 3187 4405 τῆς
3212 4336 3384 4389 αὐτοῦ
3412 4329 3683 4403 γυναικὸς»

2102 4427 2196 4480 ἐπὶ
2225 4427 2325 4497 τῆς
2355 4426 2637 4495 βασιλείας
2670 4416 3031 4500 Κλεοπάτρας
3085 4429 3179 4482 καὶ
3210 4429 3559 4495 Κασώπαρος
3591 4417 3681 4472 τοῦ

413 4531 636 4571 sorores
666 4516 1119 4582 Bethleemitiem,
1154 4516 1277 4570 ﬁliae
1308 4514 1553 4570 Matthan
1580 4511 1906 4575 sacerdotis,
1940 4520 1991 4566 et

2105 4516 2318 4586 Πέρσου
2371 4518 2479 4588 πρὸ
2516 4520 2615 4589 τῆς
2660 4518 2940 4589 βασιλείας
2988 4519 3233 4589 Ἡρώδου
3276 4518 3395 4571 υἱοῦ
3438 4510 3684 4569 ’Δντιπά-

415 4606 603 4663 Maria;
650 4609 901 4680 conjugis
946 4609 1089 4679 ejus,
1126 4609 1230 4663 sub
1259 4606 1567 4677 Cleopatrae
1607 4614 1664 4660 et
1704 4602 1998 4673 Casoparis

415 4702 599 4756 Persa
630 4714 825 4767 regno,
858 4711 984 4755 ante
1020 4699 1253 4756 Herodis
1292 4698 1571 4769 Antipatri
1606 4697 1700 4752 lilii
1747 4709 1995 4765 regnum.

420 4792 621 4847 Primae
664 4791 871 4857 Mariae,
898 4792 1157 4847 secundae
1185 4792 1368 4859 Sohae,
1400 4791 1573 4847 tertiae
1602 4789 1772 4844 Anna:
1797 4800 1999 4843 nomen

422 4893 564 4939 erat.
598 4884 799 4955 Nupsit
833 4886 1008 4954 prima
1041 4886 1096 4939 in
1129 4886 1442 4941 Beethleetn
1477 4883 1667 4949 Maria,
1696 4891 1754 4937 et
1784 4880 2001 4951 peperit

416 4978 677 5033 Salomen
722 4977 1100 5034 obstetricem.
1141 4978 1341 5049 Nupsit
1371 4991 1594 5047 quoque
1624 4974 1868 5030 secunda
1902 4970 1994 5026 iti-

414 5073 540 5126 dem
596 5070 651 5125 in
703 5070 980 5126 Bethleem
1029 5071 1210 5138 Sohe,
1257 5079 1313 5125 et
1356 5069 1544 5141 genuit
1589 5066 1991 5123 Elizabetham.

415 5163 616 5233 Nupsit
658 5171 938 5232 postremo
972 5174 1029 5218 et
1073 5166 1234 5218 tertia
1268 5169 1422 5217 Anna
1461 5163 1520 5217 in
1561 5168 1710 5217 terra
1752 5156 1998 5219 Galilaea,

414 5270 468 5315 et
500 5259 737 5331 protulit
775 5259 1003 5314 Mariam
1048 5258 1146 5313 Dei
1180 5255 1521 5313 Genitricem
1544 5297 1561 5323 ,
1592 5270 1661 5311 ex
1695 5266 1800 5325 qua
1839 5246 2002 5305 nobis

484 5408 563 5479 (1)
594 5406 957 5476 Epiphanius,
983 5405 1247 5479 adversus
1269 5405 1589 5479 Nazaraeos,
1617 5402 1812 5479 scribit
1831 5398 1995 5454 Jaco-

416 5474 553 5532 imm
587 5474 735 5530 hunc
770 5474 1203 5545 primogenitum
1259 5476 1432 5529 filium
1487 5474 1734 5543 Josephi,
1772 5488 1884 5528 non
1931 5482 2000 5521 ex

2100 4610 2473 4678 τρου.’¹ονομα
2505 4614 2573 4682 τῇ
2610 4611 2806 4685 πρώτῃ
2832 4612 3024 4683 Μαρία
3050 4613 3144 4666 καὶ
3166 4613 3229 4681 τῇ
3258 4611 3492 4678 δευτέρᾳ
3524 4601 3679 4668 Σόδη»

2100 4699 2167 4768 τῇ
2208 4697 2268 4751 δὲ
2300 4700 2461 4771 τρίτῃ
2497 4701 2668 4754 ’Ἅννα
2703 4701 2877 4769 ονομα
2906 4696 2995 4770 ἦν.
3033 4699 3285 4768 Ἐγημεν
3315 4700 3349 4767 ή
3386 4691 3576 4765 πρώτη
3626 4688 3681 4735 ὲν

2104 4788 2361 4861 Βηθλεὲμ
2390 4792 2424 4862 ὴ
2458 4792 2670 4863 Μαρία,
2713 4793 2812 4846 καὶ⁵
2837 4792 2992 4845 ἔτεκε
3036 4789 3308 4858 Σαλώμην
3339 4787 3439 4855 τὴν
3486 4781 3675 4850 μαῖαν·

2100 4881 2313 4953 ἔγημεν
2342 4886 2373 4953 ἢ
2404 4886 2635 4955 δευτέρα
2660 4887 2720 4938 ὲν
2753 4883 3007 4952 Βηθλεὲμ
3040 4884 3073 4953 ή
3098 4881 3265 4951 Σόϐη,
3289 4881 3387 4932 καὶ
3425 4873 3678 4943 ἐγέννησε

2099 4970 2200 5042 τὴν
2248 4972 2557 5027 Ἐλισάϐετ.
2590 4974 2809 5043 Ἕγημε
2848 4972 2942 5025 καὶ
2977 4971 3224 5043 η-τρίτη
3262 4971 3433 5021 Ἀννα
3470 4964 3548 5023 εἰς
3580 4956 3676 5024 γῆν

2106 5062 2210 5132 τῆς
2240 5063 2559 5131 Γαλιλαίας,
2593 5065 2687 5119 καὶ
2720 5065 2995 5141 ¹ἐγέννησε
3020 5062 3246 5133 Μαρίαν
3272 5060 3374 5130 τὴν
3401 5052 3676 5141 Θεοτόκονν

2107 5151 2167 5219 ἐξ
2195 5148 2262 5225 ἦς
2289 5156 2563 5211 ἀνέτειλεν
2590 5137 2723 5227 ἡμῖν
2767 5157 3001 5229 Χριστὸς
3038 5158 3070 5226 ἠ
3120 5155 3369 5224 ἀλήθεια.
3425 5149 3511 5209 Ὠς
3542 5137 3674 5194 εῖναι

2106 5248 2211 5319 τήν
2236 5265 2295 5301 τε
2323 5249 2593 5322 Σαλώμην
2615 5250 2834 5321 εκείνην
2860 5250 2962 5321 τὴν
3002 5250 3190 5319 μαῖαν,
3223 5247 3326 5318 τὴν
3365 5232 3638 5297 Ἐλιπάδετ
3659 5282 3674 5306 ο

2103 5398 2713 5457 Antidicomarianitas.
2755 5399 3127 5471 Hieronymus
3162 5414 3177 5451 ε
3215 5419 3233 5451 ‹
3268 5392 3551 5471 Jacobus.
3582 5377 3669 5471 illi!

2103 5474 2417 5540 appellatur
2455 5474 2629 5528 frater
2666 5471 2924 5534 Domini,
2962 5463 3327 5540 cognomento
3377 5463 3580 5518 Justus,
3614 5464 3669 5540 ξξξ

418 5524 1997 5616 Κιξήὴήἣῖῴξξὶὶῖεῑιῖιὲζξέιῑεῐιὲὶὦίὶιεξᾷιίῖιίέὰεὲέριψη
2038 5572 2069 5593 ο
2101 5524 3061 5616 ιιοῖιίιυῖίίἶοῇῖειίνιιιοηι,Ᾰοέοριιῖ
3103 5555 3171 5616 ex
3213 5541 3320 5593 alia
3366 5524 3667 5616 _u§pf_f_3f:_“:l

419 5627 476 5669 et
506 5616 908 5669 sanctificatum
947 5616 1157 5668 fuisse:
1200 5613 1494 5685 eidemque
1551 5614 1754 5685 fratres
1819 5613 1994 5672 addit,

420 5687 607 5754 .losen,
636 5685 833 5740 ludam
863 5693 919 5738 et
951 5685 1278 5754 Symeooem
1304 5706 1316 5749 ;
1347 5684 1533 5739 itidem
1561 5694 1620 5736 ut
1650 5684 1997 5753 Hippolytus.

428 5753 542 5809 Hoc
607 5758 783 5825 ipsum
846 5753 1065 5824 quoque
1128 5755 1462 5825 Epiphanius
1504 5755 1695 5810 scribit
1731 5755 1998 5808 adversus

2101 5585 2452 5669 iiﬂténi‘h'ttﬁt
2487 5585 2729 5674 videtur,
2758 5585 2946 5666 ’Maria:
2962 5585 3179 5665 sororis
3219 5605 3412 5663 matris
3436 5593 3664 5652 Dotuinl.

2100 5687 2260 5754 cujus
2282 5685 2524 5739 Joannes
2558 5682 2793 5754 injiibro
2828 5679 3240 5754 suo‘tnetniuit,
3276 5676 3439 5734 ﬁlius.
3471 5687 3488 5719 ι

2174 5751 2250 5822 (2)
2278 5755 2498 5809 Mariam
2533 5763 2587 5808 et
2614 5752 2893 5808 Salomon.
2934 5751 3135 5808 Eoioh.
3241 5782 3252 5815 ι
