4032 6414
386 360 485 416 ιω

1344 317 1955 413 ECCLESIASTICE.
2000 346 2394 408 HlS’I‘ORI/E
2428 348 2590 410 LIB.
2631 346 2717 410 ιι.

3549 343 3659 406 762

383 467 477 520 καὶ
507 464 604 534 τὴν
650 463 936 532 Θεοτόκον,
966 463 1215 532 ἀδελφῶν
1240 463 1411 533 τριῶν
1467 462 1702 533 θηλειῶν
1736 462 1965 532 θυγατέ-

2079 467 2292 512 :xortus
2338 467 2424 511 est
2465 456 2747 519 Christus,
2787 446 2918 524 ipsa
2950 452 3177 509 veritas.
3222 450 3303 507 fta
3336 459 3394 506 ut
3436 450 3658 507 Salnme

385 575 509 628 ρας.
553 556 840 609 Ἐντεῦθεν
870 552 964 611 οὖν
986 560 1012 610 6
1038 557 1359 626 Βαπτιστὴς
1410 556 1682 626 Ἰωάννης,
1716 556 1810 609 καὶ
1856 555 1962 626 Ἰη-

383 649 511 712 σοῦς
548 649 577 702 6
611 649 863 719 ἀληθινὸς
888 650 1020 711 Θεὸς
1049 648 1227 719 ἡμῶν,
1253 650 1465 718 ἀνεψιοὶ
1508 649 1759 717 λέγονται
1793 645 1956 714 εἶναι,

381 744 561 798 εῐτουν
591 740 895 809 ἐξάδελφοι.
940 740 1069 804 Υἱὸς
1095 740 1151 792 δὲ
1185 741 1278 793 τοῦ
1321 740 1519 812 Ἰωσὴφ
1553 743 1581 794 6
1611 742 1846 809 Χριστὸς
1877 741 1964 796 λέ-

382 851 540 902 γεται
572 829 739 898 εἶναι,
771 834 964 905 ἐπειδὴ
997 833 1107 886 τῶν
1142 834 1275 889 υἱῶν
1306 833 1472 888 αὐτοῦ
1506 834 1733 902 ἁδελφός
1768 836 1919 888 ἐστιν
1944 876 1958 901 ,

382 929 446 980 ὲκ
473 927 572 995 τῆς
604 925 1056 995 συναναπροφῆς
1076 927 1171 979 καὶ
1199 927 1524 995 συγγενείας
1546 926 1640 979 106
1678 927 1962 995 Ἀγγαίου,

382 1017 614 1085 ἀδελφοῦ
646 1019 924 1089 Ζαχαρίου
960 1017 1053 1072 τοῦ
1090 1019 1304 1090 ἱερέως.
1345 1039 1364 1073 ι
1412 1018 1600 1075 Ταῦτα
1630 1021 1730 1091 μὲν
1763 1004 1832 1090 δή
1869 1022 1962 1073 καὶ.

392 1108 734 1175 Ἱππόλυτος.
1358 1102 1366 1110 ’

982 1333 1237 1387 ΚΕΦΑΔ.
1285 1335 1359 1387 Δ’.

384 1441 524 1510 Περὶ
579 1442 702 1496 τῶν
751 1442 891 1512 παρ’
945 1443 1245 1511 Ἑϐραίοις
1294 1443 1640 1512 ἀρχιερέων.
1680 1440 1815 1496 ὅσοι
1847 1439 1967 1512 ἀπὸ

469 1514 685 1581 Ἀαρὼν·
705 1511 884 1582 μέχρι
920 1513 1202 1568 Ἰακώϐου
1224 1513 1331 1567 τοῦ
1357 1511 1589 1581 πρώτου
1622 1511 1961 1578 Ἰεροσολύ-

448 1601 585 1653 μων
610 1585 971 1650 ἐπισκόπου,
992 1583 1090 1637 καὶ
1123 1581 1316 1652 αὐτῆς
1344 1583 1627 1650 ἁλώσεως
1664 1584 1967 1652 Ἰερουσα-

454 1654 580 1722 λὴμ
608 1654 972 1722 διεγένοντο.

2068 549 2170 602 ista
2200 548 2489 614 obstetrix,
2539 555 2599 601 et
2630 546 2953 609 Elizabetb,
2987 556 3043 600 et
3089 545 3184 599 Dei
3228 554 3428 609 mater,
3485 544 3656 597 trium

2073 654 2330 695 sororum
2382 639 2735 708 reperiantur
2784 637 2928 691 filias.
2985 636 3227 691 Proinde
3278 635 3518 690 Joannes
3552 634 3658 686 Ba-

2068 732 2256 802 ptista,
2281 740 2336 786 et
2362 731 2525 787 Jesus
2555 746 2726 785 verus
2754 732 2900 785 Deus
2929 739 3141 791 noster,
3179 727 3518 783 consobrini-
3533 740 3655 780 esse

2069 823 2352 879 dicuntur.
2391 824 2618 893 Josephi
2652 838 2785 878 vero
2814 822 2958 876 filius
2982 820 3239 875 Christus
3269 833 3393 871 esse
3419 817 3649 869 dicitur.

2069 916 2217 987 quod
2251 916 2492 970 ﬁliorum
2525 916 2646 985 ejus
2689 915 2859 969 frater
2891 921 3058 972 esset,
3098 921 3324 980 propter
3357 924 3656 961 conversa-

2071 1009 2276 1060 tionem
2314 1006 2644 1059 familiarem
2685 1016 2742 1060 et
2783 1004 3181 1073 cognationem
3217 1000 3396 1069 Aggmi
3420 1037 3433 1061 ,
3470 997 3656 1049 fratris

2070 1097 2350 1153 Zachariae
2396 1097 2722 1153 sacerdotis.
2762 1115 2779 1146 ι
2817 1098 2998 1166 Atque
3025 1096 3139 1149 haec
3169 1094 3395 1165 quidem
3447 1090 3657 1160 Hippo-

2072 1190 2242 1262 lytus.

2644 1340 3066 1421 .CAPUT.IV.

2074 1461 2153 1516 De
2180 1459 2509 1531 pontiﬁcibus
2549 1457 2809 1531 Hehrwis,
2837 1458 2928 1531 qui
2968 1457 3032 1531 ub
3070 1457 3181 1525 ipso
3240 1456 3418 1531 Aaron
3454 1457 3524 1509 ad
3556 1452 3656 1531 Ja-s

2144 1526 2333 1585 cbbtmt
2356 1533 2587 1600 primum
2635 1526 3180 1600 Hierosolymitanum
3241 1526 3540 1595 episcopum
3581 1530 3658 1600 _et

2149 1603 2321 1671 ipsam
2352 1595 2714 1670 captivitatem
2756 1595 3253 1666 Hierosolymorum
3281 1611 3447 1664 usque
3474 1595 3661 1648 ordine

2151 1680 2535 1725 successerunt.

468 1786 611 1862 Ἐγὼ
636 1792 693 1847 δὲ
724 1793 817 1847 καὶ
847 1793 964 1847 ὅσοι
988 1794 1266 1865 ἀρχιερεῖς
1283 1792 1584 1863 ἀρξάμενοι
1605 1793 1715 1849 ἀπὸ
1750 1790 1962 1863 Ἀαρὼν

2139 1808 2253 1879 Ego
2283 1819 2417 1861 vero
2457 1804 2662 1868 etiam,
2706 1802 2802 1873 qui
2839 1800 3133 1874 pontifices
3156 1840 3171 1865 ,
3219 1798 3289 1853 ab
3323 1799 3441 1867 ipso
3476 1796 3663 1851 Aaron

387 1890 445 1952 ἐς
488 1888 749 1941 Ἰάκωϐον
775 1888 841 1958 δὴ
870 1889 1060 1941 τοῦτον
1100 1887 1192 1941 τὸν
1221 1887 1451 1957 ἀδελφὺν
1477 1886 1575 1940 τοῦ
1609 1886 1840 1958 Κυρίου,
1872 1886 1965 1940 καὶ

385 1984 544 2052 ἄχρις
582 1982 644 2035 06
672 1983 707 2051 ἡ
738 1981 893 2045 πόλις
924 1982 1087 2047 ἑάλω,
1122 1983 1189 2052 τῇ
1224 1981 1515 2051 συγγραφῇ
1545 1979 1962 2049 παραθήσομαι.

388 2074 496 2125 Τοῦ
544 2072 736 2127 Ἰακὼϐ
783 2074 967 2144 τρίτος
1013 2077 1145 2137 παῖς
1183 2075 1408 2144 γέγονεν
1450 2076 1479 2127 6
1508 2074 1642 2129 Λευῖ
1667 2088 1681 2102 ⁸
1709 2071 1802 2125 τοῦ
1834 2070 1967 2126 Λευῒ

390 2164 544 2218 Καάθ
574 2181 587 2194 ·
613 2165 708 2217 τοῦ
739 2164 797 2216 δὲ
821 2164 977 2218 Καάθ
1015 2164 1266 2236 Ἀϐραὰμ
1294 2165 1506 2233 ἔτερος,
1533 2164 1591 2231 ἐξ
1616 2157 1789 2235 οὗπερ
1820 2163 1970 2233 γίνε-

384 2273 475 2309 ται
503 2257 709 2327 Μωσῆς
740 2273 799 2309 τε
832 2257 929 2311 καὶ
972 2256 1207 2327 Ἀαρών.
1240 2257 1353 2311 Καὶ
1373 2260 1402 2310 6
1440 2258 1541 2328 μὲν
1565 2258 1810 2327 Μωῦσῆς
1837 2258 1969 2328 ήγευ

390 2350 619 2416 μόνευσε
672 2350 771 2419 τῆς
828 2348 925 2403 τοῦ
978 2349 1111 2404 λαοῦ
1159 2350 1389 2422 πορείας
1433 2351 1494 2418 ἐξ
1553 2351 1831 2419 Αἰγύπτου
1890 2349 1969 2421 τῷ

400 2442 616 2511 Ἰσραήλ
643 2458 657 2473 ο
677 2442 891 2514 Ἀαρὼν
913 2443 970 2497 δὲ
997 2443 1217 2515 πρῶτος
1248 2445 1543 2515 ἀρχιερεὺς
1568 2444 1672 2498 ὑπὸ
1691 2443 1788 2498 106
1812 2443 1969 2497 ἁδελ-

387 2536 489 2603 φοῦ
513 2537 758 2599 Μωσέως
786 2535 1023 2606 χρίεται.
1050 2537 1279 2606 Πρῶτος
1304 2532 1399 2590 οὖν
1433 2538 1648 2606 ’Δαρών
1668 2554 1685 2569 ·
1715 2537 1970 2608 δεύτερος

400 2628 662 2697 Ἐλεάζαρ
687 2644 701 2660 ·
730 2632 913 2699 τρίτος
942 2628 1127 2692 Φινεές
1155 2646 1170 2661 ο
1199 2629 1464 2701 τέταρτος
1501 2627 1744 2697 Ἐλιέζερ
1769 2644 1783 2659 ⁸
1823 2627 1972 2697 πέμ-

387 2737 521 2782 πτος
570 2719 696 2789 Βοχί
723 2735 737 2750 ο
790 2719 951 2783 ἕκτος
1002 2721 1181 2784 Ὀξείο
1239 2719 1475 2791 ἕϐδομος
1539 2719 1720 2773 Ἠλεί·
1782 2719 1971 2788 ὄγδοος

401 2811 662 2882 Ἀχιτώϐ·
709 2809 796 2881 ἐφ’
826 2807 889 2867 06
917 2812 947 2865 6
977 2814 1266 2884 προφήτης
1295 2810 1551 2883 Σαμουὴλ
1580 2812 1871 2882 προφήτης
1901 2806 1972 2881 ἦν

389 2905 510 2971 ἅμα
548 2908 642 2958 καὶ
673 2906 877 2975 ἱερεὺς,
909 2907 1004 2960 καὶ
1032 2907 1231 2977 κριτὴς
1265 2904 1362 2959 τοῦ
1404 2904 1570 2960 λαοῦο
1598 2906 1787 2968 ἔνατος
1825 2905 1974 2959 Ἀϐι-

392 2997 576 3067 μέλεχ,
601 2998 662 3050 ὃν
686 2998 865 3052 ἀνεῖλε
890 2998 1067 3051 Σαοὺλ
1105 3000 1244 3069 μετὰ
1266 2999 1377 3052 τῶν
1404 2998 1597 3069 ἱερέων
1627 2998 1718 3053 διὰ
1754 2998 1855 3069 τὴν
1879 2996 1973 3053 τοῦ

2067 1899 2375 1970 incipiens,
2421 1895 2487 1951 ad
2521 1895 2791 1951 Jacobum
2836 1893 3007 1947 istum
3038 1891 3270 1945 fratrem
3311 1888 3564 1950 Domini,
3596 1896 3656 1942 et

2066 1987 2134 2041 ad
2188 1994 2403 2054 captam
2458 1997 2633 2051 usque
2695 1981 2891 2036 urbem
2941 1979 3193 2042 fuerint,
3250 1978 3498 2031 historiae
3534 1976 3666 2030 huic

2067 2084 2327 2133 attexam.
2357 2075 2530 2131 Jacob
2561 2073 2736 2142 ipsius
2765 2074 2964 2127 tertius
2998 2070 3146 2125 filius
3176 2069 3278 2123 fuit
3310 2069 3468 2134 Levi,
3497 2069 3665 2139 hujus

2068 2177 2254 2224 autem
2288 2167 2489 2229 Caath,
2529 2165 2696 2236 hujus
2725 2179 2948 2218 rursum
2979 2162 3257 2217 Abraham
3296 2160 3373 2231 (Ι)
3404 2162 3566 2227 alter,
3596 2176 3666 2214 ex

2068 2279 2182 2334 quo
2208 2262 2391 2317 Moses
2413 2268 2471 2315 et
2499 2260 2683 2314 Aaron
2716 2258 2887 2330 geniti
2919 2267 3073 2312 sunt.
3108 2256 3179 2310 Et
3219 2255 3401 2309 Moses
3437 2254 3666 2322 quidem

2070 2356 2182 2411 dux
2244 2351 2612 2424 profectionis
2670 2351 2860 2421 populi
2915 2349 3086 2406 Israel
3140 2363 3207 2402 ex
3257 2345 3489 2417 Egypto
3539 2345 3663 2399 fuit.

2070 2445 2253 2500 Aaron
2283 2442 2360 2512 (l)
2398 2452 2584 2497 autem
2616 2442 2834 2513 primus
2867 2440 3119 2511 pontifex
3144 2455 3173 2495 a
3204 2439 3373 2494 fratre
3404 2438 3552 2493 Mose
3582 2452 3669 2499 est

2072 2547 2300 2594 unctus.
2337 2537 2561 2592 Primus
2600 2536 2789 2604 itaque
2831 2535 3013 2588 Aaron
3037 2575 3051 2598 ,
3093 2532 3375 2588 secundus
3410 2531 3667 2594 Eleazar,

2073 2635 2276 2689 tertius
2310 2632 2582 2698 Phinees,
2619 2641 2854 2700 quartus
2893 2631 3133 2695 Eliezer,
3179 2629 3411 2698 quintus
3440 2627 3667 2688 Bocchi,

2073 2737 2261 2781 sextus
2310 2725 2441 2790 Ozi,
2491 2724 2764 2794 septimus
2794 2723 2917 2789 Eli,
2963 2731 3193 2777 octavus
3263 2720 3526 2783 Achitob,
3565 2721 3672 2774 sub

2074 2833 2188 2889 quo
2222 2825 2379 2872 vates
2416 2816 2677 2880 Samuel,
2715 2814 2881 2871 simul
2916 2813 3186 2883 pr0pheta
3221 2821 3279 2866 et
3316 2810 3577 2865 sacerdos
3614 2818 3675 2863 et

2071 2909 2238 2981 judex
2285 2907 2478 2977 populi
2530 2905 2657 2960 fuit.
2710 2905 2902 2960 Nonus
2934 2904 3301 2966 Abimelech,
3348 2916 3512 2971 quem
3562 2914 3671 2954 una

2076 3016 2205 3057 cum
2236 2999 2622 3057 sacerdotibus
2685 2997 2841 3062 Saul,
2874 3007 3104 3068 propter
3132 2993 3398 3049 Davidem
3435 2991 3674 3061 benigne

389 3082 554 3136 Δαυῖδ
588 3083 870 3151 δεξίωσιν·
908 3086 1134 3149 δέκατος
1169 3086 1459 3157 Ἀϐιάθαρ,
1487 3086 1547 3151 ὃς
1583 3085 1747 3154 μόνος
1778 3085 1974 3139 διασω-

2079 3092 2151 3148 ab
2184 3106 2253 3148 eo
2282 3097 2596 3160 acceptum,
2631 3088 2855 3144 occidit.
2893 3087 3052 3158 137
3084 3086 3345 3141 Decimus
3375 3083 3667 3148 Abiathar,

390 3171 506 3234 θεὶς
536 3173 647 3224 ἀπὸ
687 3172 799 3226 τῶν
838 3173 1246 3239 ἀναιρεθέντων
1277 3152 1469 3245 ἱερέων
1498 3152 1713 3243 παρῆν⁸
1748 3174 1974 3228 ἑνδέκα-

2082 3185 2179 3255 qui
2216 3197 2360 3238 unus
2398 3197 2464 3237 ex
2499 3180 2658 3237 caesis
2698 3181 2806 3235 illis
2845 3179 3237 3235 sacerdotibus
3260 3177 3448 3230 salvus
3477 3192 3673 3245 super-

390 3280 481 3325 τος
509 3263 719 3329 Σαδὼκ,
743 3264 830 3335 ἐφ’
852 3260 915 3320 οὗ
936 3268 965 3319 6
995 3265 1253 3336 ναὺςιὺπὺ
1277 3267 1373 3321 τοῦ
1401 3266 1752 3338 Σολομῶντος
1772 3268 1975 3340 ᾠκοδο-

395 3356 588 3428 μήθη*
642 3358 766 3412 εἶτα
825 3357 1143 3430 Ἀχιμάαςο
1191 3361 1646 3430 τρισκαιδέκατος
1694 3361 1973 3431 Ἀζαρίας,

390 3449 596 3521 Ἰωρὰμ
620 3453 712 3505 ἐπὶ
739 3450 920 3522 τούτῳ
937 3468 952 3484 ·
977 3452 1392 3520 ἔπειταῚωδᾶς,
1423 3454 1482 3516 δς
1510 3454 1605 3522 ἐτη
1629 3451 1706 3525 ρλ¹
1737 3454 1935 3522 ἔζησεν
1957 3466 1972 3482 ⁵

389 3534 544 3606 οὗτος
573 3546 668 3596 καὶ
691 3546 791 3615 τὴν
812 3546 1070 3599 Γοδολίαν
1097 3545 1379 3615 ἐξαλεῖψαι
1406 3545 1469 3599 τὸ
1499 3546 1594 3599 τοῦ
1622 3544 1787 3600 Δαυῒδ
1817 3546 1977 3613 γένος

395 3634 728 3708 βουλομένην
757 3637 937 3691 ἀνεῖλε
962 3653 980 3671 ο
1016 3639 1155 3705 μετὰ
1172 3637 1368 3692 τοῦτον
1384 3638 1672 3708 Ἀξιωράμ
1698 3654 1712 3669 ⁸
1745 3638 1977 3701 Φαδαῖος

393 3729 481 3780 ἐπ’
517 3730 752 3799 ἐκείνῳ·
790 3730 887 3784 καὶ
933 3729 1095 3793 ἄλλος
1129 3730 1386 3794 Σουδαῖος
1408 3744 1423 3761 ’
1470 3729 1705 3793 Ἰκοῦλος
1746 3729 1934 3800 ἕτερος
1957 3745 1972 3760 ο

395 3821 490 3873 καὶ
523 3822 771 3884 εἰκοστὸς
812 3824 1116 3893 Ἰωάθαμος
1144 3840 1159 3856 ·
1212 3823 1418 3894 Οὐρίας
1457 3823 1516 3886 ὃς
1545 3824 1638 3877 ἐπὶ
1672 3822 1853 3893 Ἀχαζ
1881 3823 1977 3877 καὶ

409 3911 649 3976 Ἐζεκίου
685 3914 954 3984 ἱερατεύει
983 3932 996 3944 ·
1022 3915 1169 3986 Νηρὶ
1189 3954 1205 3982 ,
1242 3914 1399 3978 Ἰωᾶς
1418 3952 1435 3980 ,
1459 3915 1664 3985 Σελμὰ,
1713 3914 1975 3979 Χελκίας,

394 4004 453 4068 ὃς
483 4006 573 4058 ἐπὶ
608 4007 814 4061 Ἰωσίου
835 4008 931 4062 τοῦ
965 4007 1228 4071 εὐσεϐοῦς
1259 4008 1513 4079 ίεράτευε
1543 4022 1559 4039 ο
1592 4007 1832 4078 Σαρέας,
1859 4006 1979 4059 Ἰω-

400 4099 577 4162 σεδὲκ,
616 4100 701 4169 ἐφ’
730 4096 792 4155 οὗ
821 4102 849 4154 6
879 4101 1008 4163 λαὸς
1040 4102 1393 4173 αίχμάλωτος
1428 4102 1537 4155 ὑπὸ
1568 4101 1663 4155 106
1693 4101 1980 4170 Ναϐουχο-

397 4191 616 4263 διινόζορ
649 4194 794 4265 ἢχθη
814 4210 828 4224 ·
858 4192 1066 4257 Ἰησοῦς
1084 4197 1111 4248 6
1145 4195 1420 4263 Ἰωσεδὲκ,
1455 4193 1543 4265 ἐφ’
1567 4186 1629 4247 οὗ
1658 4196 1708 4248 οί
1731 4194 1980 4248 Ἰουδαῖοι

397 4282 503 4336 ὑπὸ
544 4285 639 4354 τῆς
686 4285 1069 4355 αἰχμαλωσίας
1122 4286 1228 4340 ὑπὸ
1280 4285 1468 4357 Κύρου
1530 4283 1849 4354 ἀνείθησαν,
1885 4284 1982 4337 καὶ

401 4376 540 4445 μετὰ
589 4375 685 4429 τοῦ
721 4377 1030 4447 Ζοροϐάϐελ
1056 4379 1152 4434 τοῦ
1198 4379 1331 4433 λαοῦ
1372 4377 1610 4448 προέστη
1641 4391 1657 4407 ⁸
1693 4377 1980 4447 Ἰωακεὶμ,

2076 3280 2206 3337 fuit.
2241 3279 2586 3336 Undecimus
2619 3276 2823 3341 Sadoc,
2860 3275 2967 3330 sub
3007 3290 3119 3344 quo
3154 3274 3417 3341 templum
3451 3286 3480 3324 a
3517 3271 3677 3325 Solo-

2076 3388 2242 3429 mone
2275 3380 2657 3427 constructum
2694 3377 2820 3424 est:
2855 3366 2987 3422 huic
3030 3365 3299 3422 successit
3358 3364 3673 3425 Achimaas,

2075 3466 2155 3520 illi
2205 3481 2429 3520 rursum
2489 3463 2829 3518 tredecimus
2891 3460 3142 3515 Azarias.
3213 3461 3375 3514 Hunc
3442 3467 3674 3512 secutus

2076 3558 2266 3613 Joram
2295 3572 2309 3610 :
2336 3556 2491 3609 illum
2520 3553 2686 3608 Jodas
2712 3594 2727 3617 ,
2755 3552 2850 3622 qui
2896 3568 3076 3607 annos
3101 3561 3324 3607 centum
3356 3560 3411 3605 et
3454 3549 3673 3618 triginta

2078 3652 2247 3716 vixit,
2276 3657 2333 3704 et
2361 3647 2648 3704 Godoliam
2686 3645 2916 3701 Davidis
2968 3660 3146 3714 genus
3194 3644 3548 3713 exstinguere
3578 3655 3676 3692 vo-

2077 3744 2282 3798 lentem
2320 3737 2628 3794 interemit.
2662 3735 2805 3789 Huic
2835 3733 3034 3788 ordine
3072 3739 3469 3788 successerunt
3507 3730 3674 3785 Axin-

2079 3850 2220 3899 ram,
2253 3831 2545 3894 Phadaeus,
2581 3828 2836 3894 Sudzeus,
2868 3827 3055 3882 lculus
3095 3827 3254 3889 alter,
3285 3834 3341 3879 et
3374 3824 3681 3879 vicesimus

2080 3925 2448 3981 Joatbamus:
2504 3922 2654 3976 hunc
2705 3927 2934 3975 secutus
2968 3917 3155 3981 Urias,
3193 3916 3287 3986 qui
3330 3913 3677 3983 temporibus

2081 4019 2265 4073 Acltaz
2288 4028 2343 4073 et
2377 4015 2627 4071 Ezechiae
2652 4015 2825 4069 sacris
2852 4010 3076 4083 praefuit
3103 4028 3117 4067 :
3150 4012 3305 4064 illum
3340 4009 3492 4071 Neri,
3524 4008 3678 4073 Joas,

2085 4111 2301 4176 Solam,
2340 4109 2630 4172 Chclcias,
2681 4107 2777 4176 qui
2823 4106 2929 4160 sub
2975 4105 3069 4175 pio
3101 4103 3249 4159 Josia
3296 4102 3678 4172 pontificatum

2083 4201 2512 4258 administravit.
2557 4200 2688 4254 Post
2733 4198 2884 4252 hunc
2915 4196 3022 4251 fuit
3055 4195 3253 4251 Sareas
3284 4212 3297 4248 :
3334 4193 3536 4248 deinde
3584 4191 3681 4248 Jo-

2086 4296 2290 4361 sedec,
2325 4293 2427 4348 sub
2463 4307 2574 4361 quo
2606 4291 2849 4362 populus
2882 4304 2911 4342 a
2945 4287 3467 4342 Nabuchodonosor
3504 4286 3682 4354 capti-

2084 4401 2186 4440 vus
2220 4393 2306 4440 est
2333 4383 2652 4437 abductus:
2699 4390 2894 4450 postea
2932 4377 3062 4433 Jesu
3103 4377 3340 4432 Josedec
3373 4376 3540 4438 filius,
3575 4376 3684 4430 sub

398 4467 483 4536 ἐφ’
510 4467 570 4522 οὗ
613 4470 849 4561 Ἔσδρας
888 4471 1101 4538 ἀνέγνω
1139 4472 1268 4534 τοὺς
1315 4473 1546 4541 νόμους·
1582 4470 1911 4541 τριακοστὸς
1953 4473 1974 4524 6

2086 4492 2197 4549 quo
2256 4474 2433 4531 Judaai
2486 4489 2518 4529 e
2574 4472 2900 4543 captivitate
2968 4486 2999 4525 a
3046 4469 3190 4539 Cyro
3245 4468 3410 4522 liberi
3465 4467 3680 4522 dimissi

412 4561 675 4633 Ἐλιασήφ
696 4579 713 4595 ο
731 4560 851 4617 εἶτα
894 4564 1141 4635 Ἰωάχας,
1173 4565 1260 4635 ἐφ’
1289 4561 1353 4621 οὗ
1381 4567 1448 4618 τὰ
1476 4566 1618 4620 κατὰ
1645 4565 1747 4636 τὴν
1777 4563 1974 4636 Ἐσθὴρ

2087 4576 2259 4624 sunt:
2296 4568 2342 4621 is
2373 4581 2484 4621 una
2514 4580 2641 4619 cum
2671 4562 2979 4619 Zorobabel
3007 4560 3327 4616 Judaeorum
3360 4561 3510 4629 genti
3542 4574 3683 4627 pras-

399 4657 497 4709 καὶ
548 4657 641 4710 τὸν
709 4658 1056 4729 Μαρδοχαῖον
1112 4659 1401 4727 ἐγένοντοο
1451 4659 1729 4724 Ἰωάννας,
1787 4657 1984 4713 ἔπειτα

400 4750 647 4818 Ἰαδαῖος,
671 4752 757 4821 ἐφ’
779 4745 841 4807 οὗ
863 4756 890 4807 6
910 4754 969 4807 ὲν
994 4753 1220 4825 Γαριζὶν
1237 4752 1561 4827 ᾠκοδομήθη
1591 4755 1716 4818 ναός
1739 4753 1942 4819 ’Ὀνίας
1965 4792 1983 4820 ,

401 4845 625 4913 Σίμων,
686 4845 997 4917 Ἐλεάζαρ,
1030 4847 1114 4915 ἐφ’
1164 4840 1226 4902 06
1255 4848 1312 4902 αί
1352 4848 1529 4916 βίϐλοι
1578 4848 1686 4901 ὑπὸ
1732 4846 1843 4901 τῶν
1881 4845 1984 4917 οβ’,

400 4938 744 5007 Πτολεμαίου
789 4940 886 4993 106
936 4941 1193 5011 δευτέρου
1259 4939 1647 5009 βουληθέντος,
1709 4940 1845 5012 πρὸς
1884 4939 1986 5010 τὴν

412 5032 640 5086 Ἐλλάδα
665 5035 1084 5106 μετεϐλήθησαν
1101 5034 1353 5103 γλῶσσαν
1372 5050 1385 5064 ·
1406 5033 1736 5104 Μανάσσης,
1763 5033 1946 5097 Ὀνίας
1967 5073 1984 5100 ,

402 5126 606 5196 Σίμων.
642 5128 1095 5197 Τεσσαρακοστὸς
1120 5127 1166 5182 δ’
1190 5121 1260 5197 ἦν
1295 5125 1479 5189 Ὀνίας
1501 5141 1517 5159 σ
1554 5124 1764 5196 Ἰησοῦς
1794 5124 1987 5178 ἔπειτα

402 5220 495 5270 καὶ
537 5219 716 5282 Ὀνίας
747 5220 956 5289 ἕτερος,
977 5219 1062 5288 ἐφ’
1099 5211 1160 5272 οὗ
1191 5217 1265 5274 τὰ
1303 5217 1454 5273 δεινὰ
1482 5217 1588 5272 ὑπὸ
1614 5217 1711 5271 106
1756 5216 1990 5285 Ἐπιφα-

402 5310 527 5374 νοῦς
563 5312 842 5380 Ἀντιόχου
875 5310 954 5381 τῷ
992 5312 1106 5382 λαῷ
1143 5309 1380 5382 συνέϐηο
1417 5309 1719 5380 Ἄλκιμος,
1759 5309 1819 5363 ὃν
1848 5323 1987 5362 κατ-

475 5519 556 5589 (i)
593 5517 815 5589 Amram
857 5517 906 5572 is
935 5514 1142 5589 dicitur
1171 5514 1355 5589 Exod.
1381 5530 1429 5589 \’_i
1450 5552 1465 5575 ,
1494 5511 1659 5567 Num.
1690 5525 1774 5589 ut:

478 5579 555 5663 (2}
579 5588 873 5658 Catalogus
900 5586 1220 5663 pontificum
1253 5584 1607 5663 Judaicorum
1639 5590 1696 5637 et
1732 5579 1992 5663 {limoso-

406 5651 822 5741 typri-itanoruni,
850 5651 1025 5728 usque
1077 5658 1145 5711 ad
1175 5655 1445 5711 Iacobum
1479 5653 1711 5712 fratrem
1742 5651 1986 5719 Domini,

408 5731 566 5786 initio
583 5730 652 5784 ab
689 5731 909 5783 Aarone
938 5739 1178 5797 sumpto.

482 5802 557 5873 (3)
589 5801 720 5856 Post
755 5798 1021 5854 Joannem
1063 5794 1266 5862 istum,
1312 5796 1405 5851 alii
1458 5794 1655 5852 Iudam
1707 5807 1986 5848 sumntum

2088 4660 2215 4717 fuit.
2244 4658 2384 4715 Huic
2421 4657 2692 4714 successit
2720 4654 3000 4718 Joachim,
3036 4654 3140 4709 sub
3165 4669 3275 4723 quo
3300 4651 3503 4707 Esdras
3532 4653 3681 4721 leges

2087 4752 2361 4808 recitavit.
2412 4751 2574 4805 Hunc
2616 4758 2846 4803 secutus
2891 4746 3210 4802 tricesimus
3257 4744 3537 4813 Eliaseph.
3595 4743 3685 4798 Illi

2085 4845 2345 4907 Joachaz,
2380 4844 2436 4898 in
2472 4856 2639 4913 quem
2682 4856 2772 4896 res
2813 4841 2990 4911 ipsius
3023 4838 3224 4894 Esther
3253 4847 3311 4893 et
3347 4836 3687 4892 Mardochaai

2086 4938 2426 4994 inciderunt.
2478 4935 2690 4991 Deinde
2732 4935 2961 4990 fuerunt
3008 4932 3251 4988 Joannes
3278 4932 3378 5004 (5),
3434 4932 3684 5000 itemque

2086 5032 2302 5089 Jadatus
2324 5031 2423 5101 (4),
2447 5045 2558 5099 quo
2581 5038 2830 5099 tempore
2854 5028 3122 5097 templum
3148 5027 3205 5080 in
3230 5025 3474 5082 Garizim
3507 5025 3683 5078 aedifi—

2088 5133 2278 5181 catum
2303 5133 2409 5191 est,
2436 5122 2625 5188 Onias,
2659 5123 2851 5177 Simon
2885 5122 2985 5192 (5),
3019 5121 3248 5174 Eleazar
3275 5136 3289 5173 :
3324 5117 3430 5172 sub
3462 5133 3570 5186 quo
3603 5116 3680 5187 (ti)

2087 5215 2218 5271 libri
2247 5213 2392 5269 sacri
2421 5213 2487 5268 de
2516 5211 2798 5268 Ptolemaei
2830 5211 3061 5267 secundi
3088 5211 3364 5265 sententia
3395 5225 3424 5262 ει
3459 5222 3683 5275 septua-

2089 5308 2241 5380 ginta
2268 5306 2486 5363 duobus
2513 5305 2915 5377 interpretibus
2949 5307 3004 5360 in
3033 5304 3287 5360 Graecum
3322 5310 3453 5356 sunt
3491 5313 3680 5354 trans-

2089 5506 2436 5565 sacerdotem
2471 5511 2709 5573 ponunt,
2741 5503 2836 5573 qui
2867 5499 3054 5573 Iesum
3092 5495 3321 5573 fratrem
3361 5507 3522 5573 suum
3556 5507 3685 5564 ger-

2090 5593 2317 5635 manum
2346 5565 2833 5638 Hierosolymis'in
2862 5569 3068 5638 templo
3097 5565 3466 5622 interfecerit.

2162 5648 2239 5719 (4)
2272 5646 2430 5719 Hune
2463 5644 2556 5698 alii
2588 5644 2801 5719 ludant
2823 5647 3043 5696 vocant.

2164 5712 2244 5788 (5)
2276 5718 2374 5771 llic
2400 5714 2593 5788 Justus
2624 5712 2958 5788 appellatus.

2164 5782 2239 5861 (6)
2272 5785 2499 5857 Joseph.
2523 5784 2620 5839 lib.
2657 5798 2715 5848 tt,
2755 5796 2876 5852 cap.
2908 5782 2967 5835 8.
