4032 6410
464 343 576 411 ’763

1698 354 2140 415 NlCEPHORI
2184 355 2544 431 CALLISTI

3641 378 3734 441 ’⁷δί

459 466 559 521 lati
592 479 933 523 sermonem.
989 466 1292 537 Manasses,
1322 470 1492 527 Onias
1522 473 1625 543 (1),
1657 472 1873 528 Simon.
1902 473 2041 540 Qua-

2156 471 2388 543 ἐστησεν
2419 475 2447 527 6
2498 473 2794 546 Ἀντίοχος,
2833 479 2910 552 μὴ
2951 479 3083 534 ὄντα
3122 483 3186 537 ὲκ
3220 486 3393 557 φυλῆς
3434 468 3720 562 ἱερατικῆς,

464 559 809 628 dragesimus
866 575 1100 615 numero
1152 560 1342 627 Onias,
1398 564 1562 620 Jesus
1595 565 1709 636 (2),
1762 575 1820 621 et
1877 566 2048 622 Onias

462 649 644 704 alius:
677 666 787 720 quo
817 660 1065 721 tempore
1094 654 1331 722 populus
1362 656 1432 711 ab
1457 657 1731 713 Antiocho
1759 659 2048 729 Epiphaue

462 740 705 807 graviter
731 750 817 796 est
853 741 1108 800 amictus.
1144 746 1394 802 Alcimus
1422 748 1525 819 (5),
1564 764 1897 819 quem,cum
1934 766 2047 806 non

462 841 608 886 esset
635 847 702 887 ex
732 834 877 888 tribu
902 837 1234 893 sacerdotali
1264 841 1507 910 genitus,
1538 842 1870 905 Antiochus,
1907 844 2048 901 Onia

463 939 628 991 caeso,
656 918 971 995 pontiﬁcem
1002 934 1311 989 constituit.
1339 936 1513 1006 Hujus
1540 946 1703 993 aetate
1730 940 1835 996 fuit
1855 940 2046 1007 Onias,

462 1012 615 1068 Onia:
647 1015 811 1081 ﬁlius,
845 1020 938 1087 qui
975 1021 1029 1075 in
1067 1022 1362 1095 Egyplum
1394 1029 1741 1099 profugiens,
1781 1035 2048 1104 templum

464 1105 543 1159 ibi
580 1106 1086 1181 Hierosolymitano
1116 1117 1297 1170 simile
1327 1119 1381 1171 in
1418 1119 1871 1191 lleliopolitarum
1905 1141 2050 1195 prte-

462 1197 675 1255 fectura
697 1206 990 1259 exstruxit.
1019 1206 1147 1261 Post
1178 1209 1327 1262 hunc
1347 1212 1799 1283 quadragesimus
1818 1228 2050 1287 quartus

463 1305 531 1343 ex
563 1290 875 1349 Asamomei
912 1298 1071 1364 ﬁliis,
1105 1299 1280 1356 Judas
1312 1304 1694 1362 Machabaeus:
1731 1312 1819 1364 cui
1855 1312 2050 1367 ordine

464 1394 885 1449 successerunt,
909 1388 1178 1446 Jonathas
1200 1393 1396 1455 frater.
1425 1413 1617 1453 rursus
1640 1401 1830 1455 Simon
1854 1402 2046 1459 frater:

459 1469 725 1536 Joannes,
761 1477 854 1544 qui
888 1488 945 1533 et
972 1479 1262 1550 Hyrcanus
1294 1487 1518 1545 dictus:
1550 1489 1920 1560 Aristobulus,
1952 1498 2049 1566 qui

461 1562 679 1630 primus
706 1566 960 1623 diadema
989 1574 1097 1626 sibi
1126 1574 1428 1643 imposuit:
1459 1579 1731 1648 Jannaeas,
1765 1587 1854 1639 cui
1879 1587 2046 1644 etiam

460 1653 761 1712 Alexandri
800 1675 1000 1716 nomen
1037 1664 1163 1718 fuit.
1199 1667 1705 1739 Quinquagesimus
1740 1692 1911 1745 porro
1941 1679 2050 1736 fuit

461 1743 769 1815 Hyrcanus,
795 1751 898 1807 sub
942 1769 1052 1823 quo
1083 1756 1379 1827 Pompeius
1416 1761 1696 1821 Romanus
1730 1743 1863 1832 dux,
1908 1773 2043 1825 urbe

460 1843 701 1905 vastata,
733 1855 889 1895 sacra
912 1859 1135 1914 quoque
1168 1850 1357 1918 templi
1389 1850 1616 1906 donaria
1639 1869 1829 1909 secum
1857 1856 2046 1912 abstu-

460 1926 546 1983 lit.
598 1929 1101 2004 Quinquagesimus
1150 1941 1362 2008 primus
1407 1942 1717 2014 Antigonus
1774 1948 1883 2017 (4),
1950 1951 2047 2020 qui

459 2018 700 2078 Parthos
726 2035 956 2095 propter
985 2026 1227 2101 Hyrcani
1261 2032 1585 2091 inimicitias
1610 2038 1878 2092 adversus
1909 2018 2050 2098 tem-

458 2111 611 2180 plum
652 2114 916 2181 adduxit,
955 2127 1013 2174 et
1052 2123 1123 2175 ab
1172 2121 1392 2179 Herode
1425 2127 1751 2195 pontiﬁcatu
1795 2130 2047 2200 dejectus

457 2213 565 2257 est.
599 2203 1103 2279 Quinquagesimus
1132 2216 1409 2270 secundus
1438 2219 1679 2275 Anaelus
1707 2221 1776 2275 ab
1807 2221 2043 2290 Herode,

457 2310 586 2351 cum
670 2314 784 2354 non
854 2315 1005 2358 esset
1063 2308 1423 2367 sacerdotalis
1489 2314 1743 2381 generis,
1800 2317 2045 2385 pontifex

460 2398 686 2445 creatus
718 2401 824 2447 est.
865 2396 1026 2466 138
1062 2398 1565 2472 Quinquagesimus
1608 2406 1801 2461 tertius
1837 2408 2050 2464 Aristo-

462 2477 648 2548 huius,
683 2499 847 2553 quem
880 2488 1126 2547 lierodes
1147 2531 1162 2556 ,
1194 2494 1402 2548 Anaelu
1439 2497 1669 2564 rejecto,
1721 2499 2041 2557 substituit:

460 2575 719 2647 idemque
766 2584 1331 2649 rursus,Aristobulo
1376 2588 1504 2643 dolo
1552 2605 1726 2655 caeso,
1773 2592 2042 2649 Anaelum

457 2670 720 2723 restituit.
750 2674 959 2728 Anaelo
985 2675 1148 2733 Jesus
1193 2678 1365 2733 Phabi
1403 2680 1550 2735 ﬁlius
1584 2680 1661 2751 (5)
1736 2688 2043 2743 successit:

457 2760 661 2817 deinde
714 2762 906 2821 Simon
962 2768 1198 2825 Herodis
1252 2786 1413 2847 socer
1464 2774 1716 2844 pontifex
1770 2776 1864 2832 ﬁt:
1919 2790 2045 2847 post

460 2857 611 2912 hunc
644 2857 924 2926 Matthias,
960 2863 1162 2919 deinde
1193 2844 1505 2935 Josephus,
1535 2868 1623 2922 cui
1657 2870 1890 2925 Jozarus
1919 2844 2047 2928 suc-

457 2949 648 3003 cessit.
680 2951 1070 3023 Sexagesimus
1095 2957 1404 3026 porro_fuit
1435 2958 1765 3026 Eleazarus,
1800 2962 1904 3019 sub
1931 2981 2043 3034 quo

459 3038 710 3098 Herodes
752 3046 992 3114 pessime
1034 3050 1223 3117 periit.
1259 3050 1321 3104 Ei
1352 3066 1487 3106 vero
1524 3052 1721 3108 ordine
1761 3069 2043 3112 successe-

2155 564 2364 617 ἀνελὼν
2412 566 2504 618 τὸν
2547 566 2749 624 Ὀνίαν.
2798 571 2924 625 Ἐπὶ
2961 572 3155 628 τούτου
3198 577 3292 630 καὶ
3355 579 3535 645 Ὀνίας
3562 584 3591 636 6
3637 589 3725 640 τοῦ

2164 656 2343 709 Ὀνίου
2370 657 2505 724 υίδς,
2544 659 2732 729 φυγὼν
2765 664 2846 726 εἰς
2876 665 3178 734 Αἴγυπτον,
3211 669 3337 723 ναὸν
3367 672 3553 739 ὅμοιον
3571 677 3644 747 τῷ
3672 681 3725 731 ὲν

2165 747 2569 820 Ἰεροσολύμοις
2609 754 2896 824 οἰκοδομεῖ
2916 758 2974 811 ἐν
3013 759 3092 829 τῷ
3139 761 3515 837 Ἡλιουπολίτῃ
3553 772 3727 839 νομῷο

2157 838 2243 909 μδ¹
2287 840 2488 905 Ἰούδας
2522 842 2551 894 6
2583 845 2968 911 Μακκαϐαῖος,
3002 852 3065 902 ὲκ
3096 852 3214 905 τῶν
3243 855 3456 908 παίδων
3492 838 3729 930 amt...

2156 930 2309 983 ναίου
2359 930 2456 986 ὢν.
2507 930 2642 989 Εἶτα
2684 937 2942 992 Ἰωνάθαν
2980 942 3009 994 6
3057 943 3322 1013 ἀδελφός⁶
3355 951 3448 1001 καὶ
3492 951 3668 1019 Σίμων
3706 958 3729 1007 ὁ

2155 1021 2418 1090 ἀδελφός·
2460 1025 2738 1098 Ἰωάννης,
2765 1032 2792 1081 6
2821 1030 2917 1083 καὶ
2949 1033 3217 1104 Ὑρκανός
3242 1052 3254 1067 ·
3301 1037 3727 1107 Ἀριστόϐουλος,

2150 1111 2210 1177 ὃς
2239 1116 2335 1168 καὶ
2352 1115 2589 1187 διάδημα
2619 1121 2832 1189 πρῶτος
2859 1123 3035 1194 ἑαυτῴ
3059 1126 3402 1199 περιτίθησιν
3428 1144 3443 1160 ⁶
3479 1130 3723 1196 ’1αννέας,

2151 1206 2180 1257 6
2210 1207 2305 1258 καὶ
2352 1208 2731 1281 Ἀλέξανδρος⁹
2764 1218 3136 1284 πεντηκοστὸς
3156 1218 3203 1271 δ’
3231 1216 3298 1290 ἦν
3347 1220 3730 1294 ’Υρκανὸς,ὲφ⁹

2153 1291 2214 1351 οὗ
2244 1301 2532 1369 Πομπήϊος
2568 1304 2596 1355 6
2639 1303 2930 1374 Ῥωμαίων
2948 1310 3279 1379 στρατηγὸς,
3304 1317 3403 1383 τὴν
3430 1314 3580 1368 πόλιν
3602 1291 3731 1387 πορ-

2154 1390 2349 1459 θήσας,
2390 1394 2459 1447 τά
2502 1393 2599 1448 τοῦ
2642 1398 2790 1466 ίεροῦ
2846 1403 3111 1471 κειμήλια
3170 1407 3606 1474 προσαφείλετο·
3655 1416 3731 1461 va.’

2164 1482 2495 1550 Ἀντίγονος,
2525 1486 2584 1549 ὃς
2619 1489 2872 1560 Πάρθους
2919 1496 3061 1547 κατὰ
3097 1496 3192 1548 τοῦ
3224 1497 3374 1565 ἱεροῦ
3404 1500 3730 1567 ἐπηγάγετο,

2153 1578 2300 1630 κατὰ
2329 1577 2650 1649 Ὑρκανοῦ,
2688 1584 2795 1636 ὑπὸ
2824 1585 2881 1637 δὲ
2912 1585 3160 1655 Ἡρώδου
3187 1589 3285 1658 τῆς
3320 1592 3621 1661 ἱερωσύνης
3653 1597 3736 1645 ὲκο

2153 1669 2441 1726 ϐάλλεται·
2490 1674 2566 1743 νβ’
2609 1674 2895 1746 Ἀνάηλος,
2932 1680 3037 1732 ὑπὸ
3078 1681 3322 1751 Ἡρώδου
3348 1688 3648 1752 καταστὰς,
3677 1689 3732 1739 οὐ

2154 1762 2249 1814 τοῦ
2281 1764 2676 1834 ἀρχιερατικοῦ
2700 1770 2894 1837 γένους
2920 1768 2989 1841 ἦν
3008 1788 3023 1804 ο
3043 1772 3459 1844 Ἀριστόϐουλος
3477 1778 3535 1830 ὃν
3571 1779 3735 1847 Ἡρώ-

2150 1852 2246 1923 δης
2282 1855 2599 1927 καθίστησι,
2625 1859 2717 1913 τὸν
2748 1861 3011 1932 Ἀνάηλον
3045 1866 3386 1936 διωσάμενος
3412 1885 3424 1900 ·
3460 1871 3551 1923 καὶ
3587 1869 3734 1934 αὖθις

2149 1945 2516 2017 δολοφονήσας
2540 1950 2634 2005 τὸν
2657 1951 3096 2023 Ἀριστόϐουλον,
3121 1960 3356 2032 καθίστη
3367 1977 3417 2014 σι
3441 1966 3529 2015 τὸν
3551 1963 3711 2032 ’Δνάη
3726 1992 3738 2004 ε

2150 2035 2262 2101 λον.
2295 2039 2499 2093 Τοῦτον
2529 2042 2592 2111 δὴ
2617 2043 2709 2098 τὸν
2734 2045 2999 2117 Ἀνάηλον
3039 2049 3250 2119 Ἰησοῦς
3276 2054 3304 2105 6
3337 2052 3432 2105 τοῦ
3466 2054 3603 2107 Φαϐὶ
3629 2055 3737 2107 δια-

2149 2126 2384 2197 δέχεται.
2418 2126 2553 2184 Εἶτα
2605 2131 2792 2203 Σίμων
2825 2137 2853 2189 6
2890 2136 3141 2208 Ἡρώδου
3180 2140 3458 2211 κηδεστὴς
3486 2143 3731 2211 γίνεται·

2153 2220 2276 2288 μεθ’
2306 2219 2364 2272 ὃν
2386 2223 2643 2301 ,Ματθίας
2669 2241 2684 2257 ο
2717 2223 2839 2280 εἷτα
2880 2228 3165 2298 Ἰώσηπος,
3191 2231 3253 2285 6v
3294 2232 3548 2303 Ἰώζαρος
3574 2236 3735 2288 διεδέ-

2152 2311 2302 2375 ξατο.
2344 2294 2673 2382 Ἕξηκοστὸς
2698 2316 2744 2370 δ’
2774 2312 2844 2387 ἧν
2885 2294 3235 2392 Ἐλεάζαρος,
3273 2326 3363 2394 ἐφ’
3391 2294 3468 2379 ὦ
3501 2294 3737 2397 Ἡρώδης

2151 2404 2407 2458 ἐτελεύτα
2434 2408 2644 2470 κακῶςο
2689 2409 2895 2480 Ἰησοῦς
2925 2414 2954 2464 6
2980 2414 3073 2467 τοῦ
3105 2415 3222 2478 Σεὲ,
3264 2417 3388 2487 μεθ’
3422 2418 3482 2471 ὃν
3513 2421 3735 2482 Ἀνανος

2110 2555 2120 2567 ,
2149 2496 2176 2546 6
2196 2493 2291 2546 τοῦ
2319 2497 2540 2566 Καῖάφα
2560 2501 2822 2570 πενθερός
2840 2520 2857 2536 ο
2878 2504 3169 2575 Ἰσμάηλος
3188 2509 3215 2560 6
3238 2506 3333 2561 τοῦ
3357 2510 3499 2563 Φαϐί
3525 2526 3538 2541 ⁸
3559 2511 3737 2565 Ἐλεά-

2152 2584 2319 2654 ζαρος
2357 2589 2385 2641 6
2438 2589 2535 2643 τοῦ
2602 2593 2851 2660 Ἀνάνου,
2891 2596 3073 2666 Σίμων
3126 2601 3169 2662 δῖ
3206 2601 3491 2670 Καμίθου.
3534 2604 3609 2668 ξζ¹
3670 2600 3735 2671 ἧν

2150 2679 2433 2747 Καϊάφας,
2466 2682 2494 2733 6
2521 2684 2616 2735 καὶ
2663 2684 2950 2756 Ἰώσηπος,
2974 2688 3059 2757 ἐφ’
3089 2684 3152 2744 οὗ
3182 2693 3243 2743 τὸ
3269 2699 3545 2766 σωτήριον
3569 2697 3732 2760 πάθος

2151 2773 2179 2823 6
2217 2770 2424 2841 Κύριος
2462 2775 2621 2843 ἡμῶν
2658 2777 2801 2849 ὑπὲρ
2838 2780 2995 2849 ἡμῶν
3023 2783 3376 2849 κατεδέξατο.
3426 2787 3678 2857 Ἰωνάθης
3708 2792 3734 2841 6

2162 2864 2411 2934 Ἀνάνου,
2429 2866 2692 2938 Θεόφιλος
2713 2873 2740 2925 6
2763 2872 2931 2926 αὐτοῦ
2960 2875 3209 2945 ἀδελφὸς,
3240 2879 3431 2948 Σίμων
3454 2882 3483 2933 6
3512 2882 3730 2952 Βοητοῦ,

2149 2955 2555 3027 ἑϐδομηκοστὸς
2601 2960 2659 3014 δὲ
2699 2962 2863 3015 πάλιν
2926 2965 3190 3036 Ἰωνάθης
3240 2971 3269 3021 6
3298 2968 3528 3024 Ἀνάνου
3557 2988 3572 3003 ·
3618 2970 3730 3024 εἷτα

2148 3046 2400 3110 Ματθίας
2433 3048 2461 3100 6
2510 3048 2763 3120 ἁδελφὸς,
2813 3053 3082 3119 Ἠλιναίος
3111 3073 3126 3088 ’
3193 3057 3465 3130 Ἰώσηπός
3493 3079 3554 3115 τε
3587 3067 3615 3115 6
3643 3063 3731 3116 τοῦ

458 3143 609 3200 runt,
635 3136 796 3196 Jesus
837 3140 970 3198 Sacae
1003 3144 1172 3211 filius,
1202 3145 1431 3201 Ananus
1458 3147 1684 3218 Caiphae
1736 3167 1898 3209 socer
1939 3155 2041 3227 (6),

2152 3136 2319 3205 Καμή
2342 3156 2355 3170 ·
2391 3140 2622 3204 Ἀνανος
2687 3143 2932 3212 Ἀνάνου,
2987 3145 3046 3210 ὃς
3087 3148 3350 3204 Ἰάκωϐον
3381 3155 3475 3206 τὸν
3502 3154 3595 3207 τοῦ
3632 3156 3734 3206 Ku-

456 3224 721 3286 lsmaelus
765 3233 909 3290 ﬁlius
948 3237 1125 3292 Phabi
1151 3239 1256 3306 (7),
1325 3237 1623 3297 Eleazarus
1657 3244 1836 3301 Anani
1869 3224 2037 3315 ﬁlius,

459 3320 653 3407 Simon
685 3326 927 3384 Camithi
975 3329 1145 3386 ﬁlius.
1192 3330 1582 3402 Sexagesimus
1623 3338 1891 3407 septimus
1936 3341 2042 3396 fuit

455 3406 726 3482 Caiphas,
759 3420 853 3486 qui
893 3418 1059 3474 etiam
1098 3421 1372 3489 Josephus
1403 3424 1586 3479 dictus
1628 3406 1744 3496 est,
1784 3431 1888 3486 sub
1930 3447 2040 3501 quo

456 3517 560 3571 pro
591 3505 753 3561 nobis
784 3507 1124 3564 salutiferam
1160 3522 1390 3567 mortem
1423 3515 1690 3573 Dominus
1720 3519 1876 3574 obiit.
1909 3522 2043 3578 Post

455 3593 604 3649 hunc
630 3595 897 3652 Jonathas
941 3600 1017 3671 (8)
1090 3602 1268 3657 Anani
1300 3604 1478 3671 ﬁlius,
1532 3609 1875 3679 Theophilus
1916 3615 2040 3684 ejus

453 3685 654 3753 frater,
687 3687 880 3745 Simon
904 3692 1099 3750 Boethi
1140 3696 1307 3762 ﬁlius,
1331 3699 1532 3756 deinde
1557 3701 1825 3758 Jonathas
1857 3706 2036 3761 Anani

451 3775 622 3842 filius,
649 3787 775 3847 post
806 3779 949 3837 hunc
976 3783 1147 3840 frater
1173 3788 1293 3858 ejus
1318 3787 1596 3859 Matthias,
1621 3809 1747 3848 mox
1767 3795 2031 3853 Elinaeus:

454 3879 676 3919 rursum
709 3866 983 3938 Iosephus
1011 3873 1192 3930 Camaa
1224 3877 1368 3932 ﬁlius
1396 3896 1410 3933 :
1443 3896 1607 3949 quem
1638 3881 1923 3941 insecutus
1953 3896 2039 3942 est

450 3955 682 4012 Ananus
718 3958 895 4015 Anani
928 3962 1074 4022 ﬁlius
1118 3967 1227 4039 (9),
1260 3971 1354 4040 qui
1379 3971 1647 4028 Jacobum
1670 3974 1899 4031 fratrem
1933 3978 2040 4034 Do-

2144 3229 2262 3298 ρίου
2285 3230 2515 3299 ἀδελφὸν
2537 3234 2629 3286 καὶ
2652 3235 2869 3305 πρῶτον
2910 3238 3174 3309 ίεράρχην
3207 3243 3315 3295 τῶν
3349 3244 3736 3317 Ἰεροσολύμων

2142 3322 2356 3374 ἀνεῖλεν
2383 3338 2397 3354 ⁸
2442 3320 2486 3392 ᾧ
2512 3328 2608 3378 καὶ
2655 3327 2871 3393 Παῦλος
2906 3334 3455 3404 παρρησιαζόμενος,
3492 3340 3735 3392 Τύπτειν

2142 3429 2217 3467 σε
2262 3416 2478 3482 μέλλει
2524 3420 2557 3471 ό
2598 3421 2765 3486 Θεὸς,
2798 3422 2963 3490 τοῖχε
3004 3427 3422 3495 κεκονιαμένε,
3478 3431 3730 3497 ἐξεῖπενο

2153 3505 2364 3576 Ἰησοῦς
2406 3510 2434 3560 6
2462 3509 2770 3581 Γαμαλιήλ’
2805 3513 3168 3583 ὀγδοηκοστὸς
3212 3518 3304 3572 ἐπὶ
3337 3521 3556 3587 τούτοις
3587 3522 3733 3575 Ματ-

2144 3597 2264 3661 Θίας
2309 3601 2337 3652 6
2364 3598 2647 3668 Θεοφίλου,
2683 3604 2771 3673 ἐφ’
2801 3605 2861 3658 οὗ
2897 3609 2925 3659 6
2968 3608 3109 3678 πρὸς
3146 3609 3464 3681 Ῥωμαίους
3503 3614 3734 3683 πόλεμος

2139 3691 2252 3747 ἔτει
2305 3692 2478 3765 ὀγδόῳ
2511 3696 2604 3749 τοῦ
2638 3698 2923 3771 Καίσαρος
2951 3701 3221 3755 Κλαυδίου
3253 3703 3353 3773 τὴν
3391 3706 3570 3775 ἀρχὴν
3594 3706 3733 3773 είλή-

2141 3801 2232 3853 (per
2251 3801 2266 3817 θ
2291 3787 2386 3840 καὶ
2408 3789 2500 3839 ἐπὶ
2525 3790 2662 3842 πᾶσι
2690 3789 3007 3855 τελευταῖος
3038 3794 3254 3858 Φιναίος
3284 3797 3376 3864 ἐφ’
3396 3795 3459 3853 οὗ
3492 3801 3525 3867 ἡ
3559 3816 3616 3850 τε
3642 3798 3731 3851 πό-

2140 3876 2224 3941 λις
2257 3880 2350 3932 καὶ
2395 3882 2424 3932 6
2455 3882 2580 3944 ναὸς
2609 3882 2706 3934 καὶ
2735 3882 2796 3934 τὸ
2838 3883 2993 3947 ἔθνος
3025 3884 3173 3939 ἅπαν
3211 3887 3315 3940 ὑπὸ
3357 3891 3528 3943 Τίτου
3569 3890 3727 3950 ἑάλω,

2142 3973 2238 4025 καὶ
2271 3974 2451 4027 πάντα
2478 3975 2547 4028 τὰ
2589 3975 2686 4029 τοῦ
2714 3977 2842 4031 ναοῦ
2875 3980 2972 4032 καὶ
3018 3979 3114 4032 τοῦ
3150 3980 3343 4049 νόμου,
3387 3984 3731 4036 παντάπασιν

452 4048 612 4113 mini,
639 4050 876 4119 primum
905 4054 1412 4130 Hierosolymorum
1445 4063 1795 4134 episcopum,
1826 4067 2035 4149 interc-

2152 4066 2359 4138 άπὲσϐη
2409 4070 2504 4120 καὶ
2529 4068 2849 4140 διερρύηκε.
2890 4071 3001 4124 Καὶ
3035 4048 3352 4143 ταῦταμὲν
3384 4077 3445 4128 ὲν
3482 4077 3727 4136 τούτο-ς’

453 4140 574 4195 mit.
596 4142 736 4199 Huic
753 4161 997 4217 quoque,
1022 4168 1217 4219 magna
1234 4154 1456 4211 dicendi
1474 4157 1730 4213 libertate
1749 4140 1881 4214 usus
1897 4161 2037 4216 Pau-

446 4232 559 4302 lus,
584 4234 935 4297 Percussurus
963 4253 1040 4298 est
1073 4255 1119 4298 te
1141 4245 1301 4310 Deus,
1330 4246 1492 4314 dixit,
1511 4251 1684 4316 paries
1710 4252 1952 4308 dealbale
1965 4253 2032 4307 “.

2144 4159 2308 4226 ἡμεῖς
2353 4159 2411 4212 δὲ
2441 4156 2597 4223 αὖθις
2644 4160 2740 4213 ἐπὶ
2778 4162 2877 4232 τὴν
2907 4161 3016 4215 τῶν
3054 4164 3448 4221 ἁποστολικὼν
3473 4167 3731 4237 Πράξεων

2144 4252 2245 4321 τὴν
2272 4252 2372 4320 τῆς
2408 4253 2646 4324 ἱστορίας
2683 4255 2866 4325 ῥύμην
2899 4257 3213 4325 ἀνάγωμεν.

448 4324 513 4380 Εἰ
535 4343 702 4397 porro
732 4338 1003 4391 successit
1024 4337 1343 4396 Gamalielis
1373 4343 1516 4398 filius
1544 4344 1727 4411 Jesus,
1749 4345 1881 4400 huic
1913 4346 2145 4401 Mathias
2166 4345 2462 4416 TheOphili
2495 4346 2642 4402 ﬁlius
2664 4324 2689 4402 :7
2716 4351 2819 4405 sub
2852 4368 2997 4419 quo,
3029 4324 3226 4408 octavo
3254 4352 3479 4408 Claudii
3501 4352 3730 4409 Caesaris

447 4434 613 4486 anno,
645 4420 848 4478 bellum
878 4436 1071 4482 contra
1095 4430 1373 4487 Romanos
1393 4445 1738 4505 susceptum,
1762 4437 1983 4493 initium
2016 4437 2232 4494 habuit.
2257 4439 2580 4507 Postremus
2600 4442 2844 4496 omnium
2868 4443 3128 4499 Phinaeus
3152 4444 3274 4507 fuit,
3302 4446 3408 4500 sub
3441 4460 3555 4514 quo
3580 4445 3726 4502 urhs,

449 4513 713 4581 lemplum
736 4555 751 4579 ν
799 4528 856 4573 et
898 4536 1034 4589 gens
1058 4533 1258 4580 cuncta
1304 4541 1332 4580 a
1379 4527 1505 4582 Tito
1537 4540 1717 4600 capta,
1745 4545 2052 4601 omnesque
2090 4544 2147 4588 et
2180 4534 2368 4603 templi
2408 4546 2464 4589 et
2488 4535 2624 4606 legis
2661 4552 2748 4590 res
2779 4552 3006 4620 prorsus
3041 4537 3331 4594 exstinctae
3370 4545 3726 4594 corruerunt.

444 4599 625 4672 Atque
670 4606 788 4664 haec
816 4614 1040 4683 quidem
1076 4615 1157 4672 sic
1191 4632 1252 4674 se
1291 4620 1517 4677 habent.
1549 4599 1660 4680 Nos
1689 4640 1824 4680 vero
1856 4626 1924 4680 ad
1958 4599 2388 4696 apostolicarum
2415 4644 2598 4685 rerum
2630 4615 2916 4686 historiam
2948 4646 3015 4686 ex
3048 4632 3381 4689 diverticulo
3415 4635 3725 4689 redeamus-

518 4808 565 4839 ³⁸
589 4809 713 4867 Act.
739 4828 895 4880 xxul,
921 4815 972 4872 5.

515 4982 788 5084 (ωλι)υέ
820 4993 960 5047 alios
1002 4992 1173 5084 Quia}
1199 4997 1315 5084 iste
1349 5001 1479 5054 'non
1528 5008 1892 5068 recensetur,
1934 5002 2031 5059 sed
2066 4988 2110 5043 Ῑ)
2135 5006 2337 5084 scidit.
2360 5008 2676 5084 (Hegesipp.
2710 5012 2808 5084 lib.
2843 5013 3141 5083 i;Joseph.
3176 5014 3276 5070 lib.
3299 5030 3412 5079 xiv,
3451 5029 3579 5084 cap.
3608 5013 3725 5083 ‘26.)

442 5064 707 5121 Manassae
735 5062 924 5116 Simon
950 5065 1330 5123 substituitur.

502 5131 581 5200 (2)
616 5128 715 5201 Hac
745 5132 911 5187 etiam
966 5134 1128 5189 Jason
1177 5138 1376 5193 dictus.
1412 5140 1555 5196 lluic
1597 5142 1905 5201 Antiochus
1938 5157 2027 5196 sa-

439 5200 750 5280 cerdotium
787 5202 1036 5280 abstulit,
1067 5217 1125 5280 et
1150 5208 1203 5261 id
1231 5207 1405 5280 Oniae,
1430 5212 1523 5280 qui
1555 5220 1612 5267 et
1642 5200 2027 5280 Menelanshli-

444 5279 588 5336 ctus,
625 5275 920 5353 concessit.
977 5276 1132 5353 Unde
1165 5277 1368 5334 seditio
1399 5275 1567 5348 mota,
1612 5294 1838 5353 pr0pter
1867 5275 2025 5339 ,1³⁷80-

444 5352 569 5393 nem
597 5350 652 5396 ct
685 5343 990 5401 Menelaum
1021 5346 1241 5402 fratres.

515 5413 593 5480 (5)
629 5414 874 5471 Alcimus
924 5433 955 5471 a
1003 5417 1167 5488 Lysia
1224 5433 1474 5476 summus
1507 5422 1768 5480 sacerdos
1815 5427 2022 5480 consti-

444 5489 621 5538 tutus.

516 5555 593 5620 (4)
630 5555 869 5613 Pacorus
901 5558 1235 5614 Parthorum
1315 5576 1406 5615 rex
1452 5563 1661 5618 Judmis
1695 5565 1901 5620 bellum
1939 5568 2029 5621 in-

2313 5080 2423 5165 ᾼΙίί
2462 5081 2687 5165 habent.
2724 5082 2930 5164 Supetis
2963 5080 3060 5152 [ἱίί
3357 5155 3391 5165 r_

2203 5148 2280 5218 (6)
2308 5152 2571 5223 Ananumi
2609 5152 2882 5223 Cyrenius
2930 5148 3207 5208 summum
3241 5154 3563 5223 pontiﬁcem
3594 5170 3726 5210 con-

2130 5221 2334 5293 stituit.
2371 5222 2620 5291 (Ioseph.
2656 5221 2753 5276 lib.
2790 5240 2947 5286 xvm,
2985 5238 3107 5291 cap.
3141 5221 3255 5293 5)
3320 5292 3325 5293 γ
3773 5260 3780 5267 .

2197 5292 2276 5361 (7)
2311 5292 2594 5373 Ismaelem
2617 5293 2746 5347 labi
2804 5295 3003 5373 filium,
3026 5292 3509 5373 Valeriusﬁratus
3531 5295 3721 5373 Anaﬁnno

2129 5371 2353 5432 amoto.
2372 5362 2689 5432 pontiﬁcem
2723 5365 2957 5425 creavit,
2993 5373 3052 5417 ut
3084 5379 3248 5430 supra
3282 5363 3377 5418 lib.
3414 5380 3454 5425 ι,
3482 5362 3727 5432 cap._29.

2196 5432 2283 5503 (8);
2317 5431 2423 5486 Sed
2470 5446 2579 5485 noa
2645 5435 3000 5503 pontificatus
3051 5434 3217 5503 hujus
3268 5430 3726 5503 teinpuremNam

2140 5500 2230 5555 hic
2271 5501 2325 5554 in
2357 5516 2564 5554 annum
2597 5517 2626 5556 a
2664 5502 2869 5559 Christi
2898 5500 3186 5558 nativitate
3216 5505 3286 5557 22
3317 5500 3541 5555 incidit.
3566 5502 3724 5556 Anno

2138 5585 2307 5643 porro
2335 5570 2543 5626 Christi
2576 5574 2646 5626 '55
2699 5573 2842 5629 idem
2879 5572 3117 5643 Caiphas
3159 5572 3406 5643 pontifex
3441 5572 3572 5635 fuit,
3601 5583 3725 5625 cum

444 5618 627 5710 dixit:
664 5627 975 5710 Antigonus
1015 5646 1045 5684 a
1097 5630 1540 5710 Parthis,_victis
1570 5618 2029 5710 etmcaptiswPl—iae
2570 5618 2909 5706 nobisTetc.

446 5692 559 5745 seio
604 5706 660 5750 et
715 5692 989 5768 Hyrcano,
1041 5716 1137 5754 rex
1190 5692 1568 5757 constituitur.
1627 5692 1889 5762 Phasellus
1922 5708 2026 5762 sibi

448 5771 683 5819 mortem
726 5770 1014 5836 conscivit,
1048 5769 1353 5844 Antigonus
1386 5772 1636 5844 Hyrcano
1686 5792 1847 5833 aures
1894 5795 2028 5848 prau-

2209 5711 2285 5782 (9)
2323 5712 2425 5766 Pro
2451 5711 2754 5786 Ananoin
2828 5714 3037 5786 Evang.
3090 5716 3288 5784 legitur
3335 5712 3543 5775 Amans,
3572 5720 3625 5764 et
3673 5723 3724 5762 ιιι

2138 5781 2258 5837 Act.
2288 5792 2464 5851 apost.
2501 5782 2764 5838 Ammius.

3744 4760 3767 4799 Κ
