4032 6442
389 383 501 448 765

996 489 1253 565 ΚΕΦΑἈ.

385 622 530 692 Περὶ
561 622 879 705 Στεφάνου
906 624 1566 705 τοῦ-πρωτομάρττξροςλ
1598 630 1698 682 καὶ
1731 630 1974 685 Παύλου

739 695 849 747 τοῦ
889 695 1153 762 σκεύους
1187 695 1300 766 τῆς
1336 698 1618 768 ἐκλογῆς.

458 810 719 880 Στεφάνῳ
754 811 987 882 πλείστη
1022 813 1187 884 χάρις
1211 815 1307 870 τοῦ
1356 816 1682 885 Πνεῦματος
1723 810 1814 886 ἦν,
1846 816 1979 869 πολι

387 903 500 958 λῶν
529 920 588 956 τε
617 904 925 976 αὐτουργὸς
956 908 1178 975 ἐγένετο
1205 909 1534 981 τεραστίων.
1591 908 1749 962 Ἐπεὶ
1793 908 1848 962 δὲ
1881 908 1979 962 καὶ¹

388 995 551 1063 λόγου
599 995 836 1065 δυνάμει
883 1001 1104 1069 κρατῶν
1144 1001 1481 1071 δημηγορῶν
1528 1001 1628 1054 οὐκ
1658 1001 1818 1064 ἀνίει,
1854 1000 1977 1052 πεί-

391 1089 499 1142 θων
523 1088 734 1153 πάντας
767 1089 948 1146 σέϐειν
968 1092 1058 1144 τὸν
1083 1093 1319 1161 Σωτῆρα
1343 1095 1439 1147 καὶ
1470 1092 1678 1161 Κύριον
1702 1107 1717 1123 ·
1752 1093 1978 1159 ἐξάπτει

395 1183 496 1251 μὲν
535 1182 616 1245 είς
650 1183 850 1252 μανίαν
882 1185 947 1237 τὸ
1011 1185 1330 1239 Ἰουδαϊκόν·
1373 1186 1469 1240 καὶ
1515 1185 1775 1254 ἀφθόνοις
1805 1185 1979 1248 λίθοις

391 1272 526 1341 παρ’
564 1272 790 1326 ἐκείνων
843 1273 1084 1343 βληθεὶς,
1132 1277 1352 1345 πρῶτος
1398 1275 1494 1329 τὸν
1544 1275 1686 1344 ὑπὲρ
1738 1274 1977 1344 Χριστοῦ

395 1359 695 1428 ἀνεδήσατο
753 1363 1046 1430 στέφανον.
1108 1365 1232 1418 Ἔτι
1285 1365 1328 1417 δ’
1374 1361 1470 1419 οῦν
1522 1366 1798 1430 ἐμπνέων,
1850 1365 1977 1436 δόξῃ

397 1449 520 1521 θεία
570 1456 1004 1521 καταυγασθεὶς,
1057 1457 1434 1529 διερρωγότας
1493 1459 1596 1526 μὲν
1648 1457 1797 1529 ἐώρα
1847 1459 1977 1521 τοὺς

394 1545 684 1614 οὐρανοὺς,
734 1548 826 1601 τὸν
875 1549 932 1601 δὲ
977 1550 1209 1620 Σωτῆρα
1242 1553 1306 1603 ὲκ
1342 1550 1533 1615 δεξιῶν
1568 1550 1783 1604 ἑστῶτα
1816 1550 1976 1617 Θεοῦ,

394 1636 817 1708 ἐπιρρωννύντα
859 1640 1024 1711 δῆθεν
1051 1643 1238 1696 αὐτόν.
1300 1643 1542 1706 Ἐκεῖνος
1591 1641 1668 1708 δὲ,
1699 1642 1796 1713 ὅλῃ
1833 1641 1979 1712 ψυχῇ

399 1728 535 1797 πρὸς
569 1730 661 1783 τὸν
685 1727 1024 1802 ποθούμενον
1049 1735 1362 1799 διαϐαίνων,
1401 1731 1542 1805 ὑπὲρ
1566 1735 1676 1788 τῶν
1703 1734 1979 1803 φονευτῶν

1352 399 1974 463 ECCLESIASTICA?
2019 404 2415 469 HISTORIA!
2452 409 2606 474 LIB.
2656 412 2741 473 II.

2006 521 2055 578 Α

2658 419 2741 473 ll.
3570 419 3680 485 766

2626 522 2788 593 139
2827 522 3056 582 CAPUT
3086 522 3158 581 ν.
3562 550 3567 557 -

2192 631 2271 686 De
2301 631 2575 703 Stephano
2606 637 2776 691 primo
2808 648 3077 705 martyre,
3123 646 3174 691 et
3226 636 3402 694 Paulo
3443 657 3569 696 vase

2740 706 3036 762 electionis.

2162 814 2450 887 Stephano
2475 818 2714 887 plurima
2745 818 2980 890 Spiritus
3009 820 3183 891 gratia
3215 831 3356 884 erat,
3388 821 3677 892 multaque

2082 907 2133 963 is
2178 907 2453 978 lprodigia
2498 909 2699 964 edebat
2738 926 2752 963 :
2801 920 2858 966 et
2909 927 3034 966 cum
3073 912 3386 981 eloquentia
3434 913 3674 965 multum

2083 999 2314 1066 valeret,
2355 1000 2785 1070 coneionarique
2820 1016 2931 1055 non
2958 1010 3219 1066 cessaret,
3249 1001 3506 1056 omnibus
3541 1001 3675 1056 Ser-

2081 1091 2289 1146 vatoris
2333 1102 2388 1145 et
2435 1092 2650 1146 Domini
2695 1093 2902 1147 cultum
2955 1092 3221 1154 suadens,
3260 1091 3449 1145 furore
3485 1092 3665 1147 Judaei

2090 1184 2496 1240 accenduntur.
2542 1184 2586 1238 A
2617 1185 2819 1254 quibus
2862 1185 3071 1254 ingenti
3123 1185 3177 1238 vi
3226 1183 3469 1253 lapidum
3502 1183 3678 1237 obru-

2084 1286 2193 1342 tus,
2222 1278 2439 1348 primus
2492 1277 2608 1347 ipse
2645 1292 2745 1346 pro
2789 1277 3014 1332 Christo
3058 1287 3331 1342 mortuus,
3383 1278 3678 1344 στέφανον,

2084 1373 2189 1428 hoc
2253 1381 2338 1426 est
2389 1385 2651 1425 coronam
2711 1369 2948 1439 accepit.
2996 1369 3271 1422 (la‘terum
3322 1382 3447 1421 cum
3495 1366 3680 1420 adhuc

2084 1466 2343 1534 spiraret,
2407 1463 2594 1517 divina
2638 1462 2945 1515 illustratus
2985 1460 3176 1529 gloria,
3223 1459 3394 1513 ccelos
3432 1466 3675 1527 apertos,

2083 1566 2140 1611 et
2169 1556 2519 1609 Servatorem
2545 1548 2611 1607 ad
2643 1553 2898 1607 dextram
2924 1552 3018 1605 Dei
3046 1560 3309 1616 stantem,
3342 1563 3513 1618 seque
3548 1563 3681 1601 con-

2085 1647 2397 1702 ﬁrmantem
2427 1646 2583 1699 vidit.
2618 1644 2806 1715 Itaque
2840 1646 2955 1715 ipse
2988 1644 3171 1699 anima
3202 1652 3315 1697 tota
3344 1646 3409 1697 ad
3452 1641 3681 1696 deside-

2084 1751 2263 1796 ratum
2308 1739 2460 1792 illum
2511 1738 2797 1799 anhelans,
2826 1752 2924 1807 pro
2966 1735 3392 1805 percussoribus
3422 1733 3557 1797 suis,
3609 1748 3678 1786 ne

395 1822 619 1892 ηὔχετο,
653 1825 788 1893 μήτι
813 1824 913 1895 τὴν
950 1828 1240 1897 ἁμαρτάδα
1279 1826 1485 1881 τούτων
1520 1832 1578 1880 ὲν
1620 1826 1769 1896 λόγῳ
1809 1828 1985 1878 ποιεῖ-

2100 1846 2281 1886 sorum
2307 1841 2530 1900 peccata
2559 1830 2704 1884 Deus
2759 1829 2814 1881 in
2861 1827 3129 1881 rationem
3166 1828 3411 1893 aliquam
3450 1839 3681 1892 compu-

397 1913 524 1966 σθαι
577 1914 733 1968 Θεόν.
779 1917 841 1969 Ὀ
893 1918 993 1986 μὲν
1046 1914 1141 1973 οῦν
1189 1920 1336 1973 οὕτω
1384 1919 1626 1974 διέϐαινε
1654 1921 1793 1991 πρὸς
1826 1916 1979 1971 Θεόν.

394 2008 674 2077 Μεγίστου
701 2011 747 2063 δ’
774 2010 1027 2065 ἐντεῦθεν
1051 2013 1162 2065 καὶ.
1182 2012 1403 2083 πρώτου
1437 2010 1682 2081 διωγμοῦ
1716 2011 1859 2081 πρὸς
1890 2011 1987 2065 αὑ-

394 2100 506 2154 τῶν
549 2100 829 2156 Ἰουδαίων
863 2103 1004 2157 κατά
1043 2104 1143 2174 τῆς
1201 2105 1259 2158 ὲν
1303 2104 1708 2175 Ἰεροσολύμοις
1750 2102 1985 2171 Ἐκκλη-

397 2195 523 2257 σίας
550 2195 951 2266 γεγενημένου,
992 2200 1087 2250 καὶ
1118 2197 1229 2251 τῶν
1262 2198 1524 2267 μαθητῶν
1555 2197 1815 2250 ἁπάντων
1845 2194 1987 2263 πλὴν

399 2289 509 2341 τῶν
537 2287 751 2341 δώδεκα
780 2289 885 2342 ἀνά
904 2304 966 2340 τε
998 2288 1098 2359 τὴν
1133 2289 1396 2343 Ἰουδαίαν
1419 2288 1518 2342 καὶ
1547 2288 1648 2356 τὴν
1670 2285 1988 2356 Σαμάρειαν

398 2375 835 2447 διασπαρέντων,
888 2378 1040 2442 τινὲς
1084 2377 1299 2432 τούτων
1340 2380 1437 2432 καὶ
1465 2379 1567 2440 ἕως
1604 2378 1860 2439 Φοινίκης
1894 2377 1988 2430 καὶ

401 2466 632 2537 Κύπρου
657 2470 752 2523 καὶ
808 2470 1145 2542 Ἀντιοχείας
1169 2466 1331 2542 ἧκον,
1364 2469 1523 2525 οὔπω
1556 2474 1653 2542 μὲν
1679 2470 1990 2540 τολμῶντες

401 2560 514 2621 τοῖς
547 2559 726 2613 ἔθνεσι
755 2559 849 2612 τοῦ
874 2561 975 2630 τῆς
1004 2562 1247 2625 πίστεως
1286 2562 1449 2630 λόγου
1483 2562 1846 2632 μεταδιδόναι·
1891 2561 1990 2630 μό-

403 2667 515 2712 νοις
547 2667 610 2719 γε
639 2651 746 2721 μὴν
791 2653 1068 2717 Ἰουδαίοις
1098 2654 1287 2708 τοῦτον
1321 2654 1686 2724 κατήγγελον.
1718 2652 1991 2722 Τηνικάδε

403 2743 499 2794 καὶ
527 2743 738 2806 Παῦλος
762 2745 826 2795 ὲκ
853 2744 1072 2815 Ταρσοῦ
1110 2743 1210 2814 μὲν
1241 2747 1342 2814 τῆς
1373 2744 1583 2805 πόλεως
1631 2741 1727 2805 ὢν,
1755 2742 1836 2808 τῷ
1881 2757 1989 2793 πα-

403 2832 541 2904 τρίῳ
569 2831 627 2884 δὲ
674 2833 844 2903 νόμῳ,
889 2835 1191 2905 Φαρισαῖος
1239 2836 1351 2905 γὰρ
1398 2831 1490 2906 ἦν,
1531 2834 1638 2887 ὑπὸ
1681 2832 1991 2902 διδασκάλῳ

403 2926 692 2998 Γαμαλιήλ
717 2929 776 2991 ἐς
804 2929 1099 3000 ἀκρίϐειαν
1142 2928 1478 2993 παιδευθεὶς,
1524 2929 1622 2982 καὶ
1651 2927 1731 2997 τῷ
1783 2928 1993 2998 νομικῷ

404 3018 553 3089 ζήλῳ
581 3020 990 3088 διακαιόμενος,
1024 3019 1168 3092 ὀρῶν
1213 3020 1408 3074 τοῦτον
1438 3020 1540 3092 ἤδη
1587 3022 1708 3083 ταῖς
1754 3021 1994 3073 ἀποστο-

404 3112 586 3177 λικαῖς
646 3114 1083 3182 κατασειόμενον
1138 3115 1400 3184 ἐμϐολαῖς
1426 3155 1441 3181 ,
1495 3114 1597 3184 τὴν
1661 3114 1995 3185 Ἐκκλησίαν

2093 1932 2255 1991 taret,
2296 1937 2484 1987 orans,
2534 1922 2605 1976 ita
2639 1921 2702 1974 ad
2738 1921 2909 1974 Deum
2956 1921 3232 1990 migravit.
3281 1918 3516 1972 Maxima
3547 1931 3681 1970 vero

2088 2014 2215 2068 inde
2244 2024 2300 2068 et
2335 2014 2511 2083 prima
2540 2028 2568 2065 a
2597 2012 2801 2067 Iuda-is
2858 2010 3116 2066 Ecclesiae
3164 2008 3679 2078 llierosol‘ymitanaa

2087 2113 2277 2159 coorta
2306 2112 2392 2157 est
2420 2103 2754 2172 persecutio.
2786 2101 2960 2155 Porro
2982 2099 3240 2169 discipuli
3276 2112 3486 2158 omnes,
3521 2107 3678 2151 extra

2089 2195 2382 2252 duodecim
2409 2195 2551 2259 illos,
2587 2210 2685 2262 per
2711 2193 2954 2248 Iudaeam
2982 2203 3039 2247 et
3062 2192 3383 2262 ,Samariam
3429 2189 3678 2255 dispersi

2091 2297 2239 2344 sunt.
2286 2285 2520 2353 Quidam
2552 2287 2720 2340 etiam
2750 2300 2944 2340 eorum
2989 2283 3054 2338 ad
3098 2283 3448 2342 Phoenicem,
3491 2291 3546 2334 et
3575 2278 3683 2349 Cy-

2091 2394 2277 2449 prum,
2305 2388 2362 2431 et
2386 2376 2737 2431 Antiochiam
2763 2391 2938 2445 usque
2955 2387 3289 2445 pervenere,
3319 2372 3562 2426 nondum
3601 2372 3678 2426 illi

2093 2472 2348 2543 gentibus
2380 2471 2515 2542 ipsis
2541 2472 2668 2527 ﬁdei
2700 2471 2929 2525 verbum
2975 2466 3387 2525 communicare
3417 2466 3562 2529 ausi,
3588 2479 3682 2518 so-

2092 2564 2273 2632 lisque
2302 2573 2512 2617 tantum
2544 2561 2754 2617 Iudaeis
2782 2561 2833 2615 id
2860 2560 3276 2614 annuntiantes.
3310 2556 3449 2611 Tum
3478 2557 3684 2611 Paulus

2093 2671 2336 2726 quoque,
2378 2656 2551 2709 Tarso
2605 2656 2830 2710 civitate
2869 2662 3047 2719 ortus,
3078 2668 3204 2707 cum
3248 2652 3303 2706 in
3346 2651 3463 2721 lege
3505 2650 3684 2717 patria
3774 2700 3778 2704 Α

2095 2750 2436 2818 (Phariszeus
2487 2748 2632 2800 enim
2680 2746 2819 2813 erat)
2871 2755 3131 2800 accurate
3183 2751 3240 2797 et
3299 2742 3593 2811 diligenter
3653 2753 3685 2792 a

2095 2849 2436 2910 praeceptore
2470 2839 2768 2902 Gamalieje
2799 2838 3053 2891 eruditus
3100 2845 3272 2899 esset,
3328 2834 3679 2888 aemulatione

2096 2935 2232 3003 legis
2268 2933 2523 3005 ﬂagrans,
2556 2948 2791 3001 eamque
2825 2931 3129 3002 apostolico
3168 2938 3341 2983 marte
3384 2928 3685 2982 admodum

2099 3028 2321 3082 concuti
2352 3027 2564 3091 videns,
2594 3026 2827 3080 multum
2856 3022 3171 3079 detrimenti
3201 3021 3464 3076 Ecclesiis
3491 3019 3688 3074 affere-

2101 3116 2213 3170 bat.
2247 3115 2327 3170 Ac
2374 3116 2616 3186 primum
2667 3113 2890 3184 quidem
2956 3112 3124 3167 caedis
3180 3109 3445 3179 Stephani
3491 3123 3688 3163 suasor

407 3205 653 3275 σφοδρῶς
681 3206 1028 3277 ἐλυμαίνετο.
1064 3207 1174 3260 Καὶ
1201 3206 1266 3276 δὴ
1297 3207 1492 3276 πρῶτα
1526 3206 1627 3277 μὲν
1669 3209 1735 3276 τῇ
1776 3206 1993 3274 ἀναιρέ-

2100 3218 2243 3273 erat,
2285 3223 2591 3276 eorumque
2628 3214 2830 3268 vestes,
2870 3205 2965 3275 qui
2999 3204 3211 3270 lapides
3257 3203 3311 3256 in
3359 3200 3686 3270 illumjece—

409 3315 494 3352 σει
543 3299 820 3367 Στεφάνου
868 3299 1181 3369 σύμϐουλος
1227 3297 1326 3364 ῶν,
1365 3299 1433 3353 τά
1473 3298 1584 3352 τῶν
1626 3296 1798 3361 λίθοις
1832 3298 1995 3350 αὐτὸν

408 3390 681 3462 βαλόντων
710 3392 904 3461 ἱμάτια
929 3392 1195 3462 διετήρειο
1226 3394 1340 3453 τοῖς
1371 3391 1542 3454 οἴκοις
1575 3390 1635 3443 δὲ
1662 3390 1772 3444 τῶν
1790 3388 1998 3441 πιστῶν

409 3485 794 3557 προσϐάλλων,
838 3478 929 3538 οἷά
968 3502 1056 3549 τις
1088 3485 1195 3556 θὴρ
1228 3484 1379 3556 ὠμός
1413 3501 1475 3537 τε
1512 3484 1606 3537 καὶ
1654 3484 1870 3553 ἄγριος,
1906 3482 1999 3536 ἀν-

410 3577 545 3649 δρας
591 3595 651 3630 τε
708 3578 805 3631 καὶ
850 3566 1121 3647 γυναῖκας
1173 3573 1348 3642 εἷλκε,
1408 3576 1504 3629 καὶ
1537 3575 1787 3645 φυλακῆς
1827 3575 2000 3636 οἴκοις

414 3670 733 3738 παρεδίδου,
764 3671 869 3724 κᾶν
899 3671 957 3734 ἐς
1007 3670 1234 3740 ὕστερον
1265 3668 1365 3739 ὀψέ
1392 3684 1528 3721 ποτε
1560 3667 1807 3738 σφοδρῶς
1839 3670 2001 3718 ἐπαι-

416 3762 610 3831 γίζων,
658 3763 954 3824 ἐπιστολὰς
1008 3762 1147 3833 πρὸς
1181 3762 1292 3816 τῶν
1351 3761 1544 3833 ἱερέων
1597 3760 1769 3813 αἰτῶν
1815 3759 2002 3813 ἄδειαν

416 3856 597 3923 τούτῳ
629 3854 983 3923 ὲπαφιείσας,
1015 3854 1079 3906 τὸ
1110 3854 1249 3924 πρὸς
1278 3853 1477 3923 βουλῆς
1509 3851 1679 3906 κακὸν
1719 3854 1784 3923 τῇ
1817 3853 1876 3904 ὲν
1904 3852 2002 3902 Δα-

421 3945 618 4017 μασκῷ
664 3945 963 4016 Ἐκκλησία
1008 3945 1480 4016 διαπράττεσθαιο
1532 3944 1765 4013 ἐκλογῆς
1809 3942 2004 4006 σκεῦος

2102 3312 2246 3368 rant,
2299 3308 2636 3356 servaverat.
2670 3299 2882 3354 Deinde
2907 3299 2963 3352 in
2995 3300 3185 3353 domos
3220 3296 3464 3350 ﬁdelium
3513 3294 3688 3364 impe-

2103 3404 2240 3457 tum,
2296 3403 2558 3462 tanquam
2585 3390 2818 3460 agrestis
2878 3388 3144 3458 quaepiam
3171 3398 3227 3442 et
3262 3386 3518 3441 imu‘ianis
3549 3385 3686 3445 fera.

2100 3484 2327 3546 faciens,
2362 3483 2515 3537 viros
2554 3482 2716 3535 simul
2745 3489 2801 3533 et
2824 3479 3055 3534 feminas
3084 3479 3298 3533 vinctas
3329 3477 3601 3533 trahebat.
3632 3487 3687 3529 et

2104 3578 2157 3630 in
2196 3589 2473 3629 carcerem
2497 3573 2857 3643 conjiciebat.
2910 3571 3016 3628 Sed
3047 3572 3092 3626 is
3113 3582 3326 3641 postea,
3374 3571 3554 3625 serius
3585 3568 3689 3622 ali—

2109 3676 2338 3735 quanto,
2371 3665 2621 3735 ingentes
2652 3663 2949 3718 admodum
2986 3664 3165 3717 minas
3205 3663 3443 3732 spirans,
3477 3663 3688 3731 episto-

2104 3756 2296 3824 lasque
2319 3772 2346 3807 ιι
2378 3754 2783 3818 sacerdotibus,
2818 3754 3042 3822 impune
3070 3753 3120 3807 ei
3156 3753 3272 3806 fore
3297 3752 3564 3821 quidquid
3597 3752 3694 3806 ad-

2103 3848 2272 3909 versi.
2298 3847 2529 3901 arbitrio
2565 3862 2684 3905 suo,
2725 3846 2780 3898 in
2814 3845 3120 3900 Ecclesiam
3146 3845 3537 3899 Damascenam
3560 3859 3694 3898 con-

2109 3939 2346 4003 tulisset,
2376 3948 2591 4009 petens,
2652 3938 2951 3992 Electionis
2976 3952 3093 4012 vas,
3125 3952 3235 3991 non
3253 3952 3319 3991 ex
3348 3936 3687 4003 hominibus,

418 4034 520 4088 οὐκ
545 4034 602 4099 ἐξ
634 4034 966 4104 ἀνθρώπων,
1004 4033 1128 4088 οὐδὲ
1158 4033 1226 4087 δι’
1253 4034 1587 4103 ἀνθρώπων,
1615 4033 1751 4087 ἀλλά
1779 4033 1845 4086 δι’
1873 4034 1993 4085 ἀπο-

2108 4050 2288 4105 neque
2321 4049 2420 4104 per
2475 4034 2753 4099 homines,
2821 4033 2917 4087 sed
2963 4048 3063 4104 per
3098 4031 3490 4088 revelationem
3559 4034 3691 4087 Jesu

421 4125 709 4196 καλύψεως
749 4128 931 4196 Ἰησοῦ
978 4126 1245 4198 Χριστοῦ,
1303 4130 1401 4183 καὶ
1445 4128 1583 4181 Θεοῦ
1641 4127 1879 4198 Πατρὺς,
1908 4125 1993 4179 τοῐ

2107 4128 2312 4186 Christi
2364 4126 2524 4201 140
2556 4139 2611 4183 et
2641 4128 2737 4182 Dei
2767 4126 2946 4183 Patris
2972 4167 2986 4191 ,
3033 4127 3128 4196 qui
3160 4126 3416 4181 illumex
3451 4116 3695 4181 mortuis

420 4219 736 4291 ἐγείραντος
770 4222 936 4274 αὐτὸν
981 4223 1047 4273 ὲκ
1101 4223 1336 4292 νεκρῶν,
1385 4226 1480 4274 καὶ
1512 4220 1816 4284 ἀπόστολος
1851 4221 1993 4290 μέγι·

2110 4225 2418 4286 suscitavit,
2444 4222 2825 4290 maximusque
2869 4221 3165 4291 Apostolus
3198 4220 3540 4289 designatur,
3561 4229 3697 4277 eum

425 4329 551 4372 στος
576 4313 982 4376 ἀναδείκνυται,
1011 4314 1258 4385 οὐρανίῳ
1288 4316 1429 4381 φωτὶ
1459 4313 1559 4383 τὴν
1584 4311 1708 4382 ὄψιν
1734 4311 1993 4366 κατασϐε·

2112 4315 2333 4384 quidem
2381 4313 2592 4368 caelesti
2638 4313 2846 4367 ldmiue
2868 4312 3020 4367 ‘oculi
3045 4315 3166 4381 ejus
3203 4313 3482 4382 perstricti
3527 4324 3717 4381 atque.

426 4404 703 4470 σθεὶς,καὶ
725 4409 878 4478 φωνῇ
905 4409 1116 4461 ἐκεῖθεν
1138 4407 1512 4472 ἀνελκυσθεὶς,
1537 4405 1761 4467 Σαοὺλ,
1783 4405 1993 4468 Σαοὺλ,

2114 4405 2397 4470 exstincti,
2428 4417 2485 4459 et
2552 4420 2690 4459 voce
2727 4407 2944 4460 coalitus
2988 4406 3055 4459 ab
3091 4405 3344 4458 instituto
3375 4419 3476 4459 suo
3516 4416 3701 4458 retra-

423 4497 678 4571 λεγούσῃ,
725 4499 785 4551 τί
829 4515 901 4563 με
943 4497 1215 4562 διώκεις;
1249 4495 1332 4561 ὃς,
1381 4496 1629 4550 Ἀνανίου
1681 4496 1783 4560 τὰς
1819 4498 1993 4567 χεῖρας

2114 4512 2243 4557 ctus
2270 4508 2440 4566 esset,
2476 4495 2630 4562 Saul,
2660 4496 2812 4565 Saul,
2847 4498 3067 4553 dicente
3090 4539 3106 4561 ,
3144 4499 3269 4568 quid
3308 4513 3387 4551 me
3419 4513 3721 4568 peraeque-

427 4567 781 4652 ἐπιϐαλόντος
816 4589 884 4643 δι’
932 4588 1359 4658 ἀποκαλύψεως,
1404 4582 1548 4641 εἶδεν
1598 4584 1780 4651 αὖθιςο
1814 4587 1910 4640 καὶ
1939 4584 1993 4637 τὸ

2114 4593 2189 4646 ris
2233 4591 2324 4643 "?
2370 4590 2491 4656 Hic,
2542 4605 2668 4645 cum
2692 4590 2742 4644 ei
2771 4589 3010 4645 Ananias
3053 4605 3150 4660 per
3184 4604 3439 4645 arcanam
3477 4589 3711 4643 revela-7

429 4681 576 4735 ἔνδον
608 4683 809 4752 μᾶλλον
845 4681 1277 4751 καταυγασθεὶς,
1324 4680 1526 4735 αὐτίκα
1554 4675 1667 4744 οἷος
1694 4678 1819 4734 καθ’
1850 4679 1993 4748 ἡμῶη

2116 4686 2324 4742 tionem
2372 4700 2572 4740 manus
2616 4684 2993 4755 imposuisset,
3032 4683 3211 4737 visum
3260 4666 3586 4753 recipitzet
3639 4681 3721 4736 im

430 4774 607 4842 ἔπνει,
657 4776 903 4839 τοιοῦτος
931 4775 1074 4846 ὑπὲρ
1124 4774 1284 4844 ἡμῶν
1312 4768 1404 4844 ἦν·
1460 4775 1536 4838 ὡς
1582 4774 1815 4844 τάχιστα
1847 4774 1993 4827 ιιταντ¹

2115 4780 2424 4835 animosuo
2458 4780 2617 4849 longe
2645 4780 2811 4833 etiam
2842 4778 3015 4847 magis
3042 4777 3367 4835 illustratus.
3397 4773 3713 4829 confestim.

429 4867 509 4936 τῷ
562 4868 927 4938 προστυχόντι
982 4869 1258 4938 παριστᾷν
1298 4866 1443 4936 ἔχειν
1476 4870 1539 4919 ὲκ
1586 4865 1695 4919 τῶν
1749 4866 2007 4938 Γραφῶν,

431 4959 607 5030 ἀληθῆ
631 4960 765 5013 Θεὸν
793 4956 935 5014 εἶναι
968 4960 1228 5030 Χριστόν·
1258 4960 1315 5021 ἐς
1348 4959 1607 5013 τοσοῦτον
1628 4959 1684 5012 δὲ
1718 4961 1876 5029 μῖσος
1896 4960 2012 5021 τοῖς

434 5052 730 5120 ὁμοφύλοις
764 5053 965 5118 ἐλθεῖν,
1014 5056 1134 5116 ταῖς
1169 5053 1279 5106 τῶν
1302 5052 1479 5118 λόγων
1509 5053 1843 5116 πλεκτάναις
1876 5054 2015 5121 ἀφυ-

434 5160 559 5197 κτον
589 5144 774 5214 έχουσι
803 5144 901 5217 τὴν
931 5145 1258 5213 ἀπολογίαν,
1310 5145 1386 5206 ὡς
1422 5146 1518 5199 καὶ
1545 5145 1731 5215 κρύφα
1782 5144 2014 5198 θάνατον

433 5236 583 5319 αὑτῴ
633 5236 922 5305 βούλεσθαι
971 5240 1289 5304 σκαιωρεῖνο
1320 5238 1622 5309 ἐφήδρευόν
1651 5255 1710 5291 τε
1742 5240 1875 5302 ,ταῖς
1907 5238 2015 5290 πύ-

432 5328 552 5391 λαις
598 5331 697 5400 τῆς
743 5329 953 5394 πόλεως
1000 5330 1299 5401 Δαμασκοῦ
1342 5347 1356 5361 ·
1412 5331 1518 5385 κᾶν
1573 5335 1623 5384 oi
1672 5331 1918 5401 μαθηταὶ
1952 5332 2015 5384 τὸ

431 5419 619 5491 δρᾶμα
647 5422 1026 5489 διεγνωκότες,
1063 5424 1317 5495 καθῆκαν
1346 5424 1437 5479 διὰ
1482 5424 1579 5478 τοῦ
1606 5424 1822 5495 τείχους
1847 5424 2015 5495 χαλά-

435 5528 625 5577 σαντες
652 5517 707 5569 ὲν
732 5517 971 5588 σπυρίδι·
1002 5517 1061 5582 ὃς
1092 5520 1187 5573 καὶ
1218 5522 1276 5572 ὲν
1331 5518 1731 5591 Ἰεροσολύμοις
1780 5518 2011 5588 γενόμε-

437 5621 548 5668 νος,
581 5611 777 5678 πεῖραν
805 5611 1083 5681 προσῆγεν
1107 5614 1164 5675 ἐς
1198 5611 1363 5664 ταυτὸ
1395 5614 1637 5665 συνιέναι
1680 5613 1795 5676 τοῖς
1838 5609 2015 5680 μαθη-

437 5702 579 5764 ταῖς.
602 5701 762 5755 Δόλον
789 5703 835 5756 δ’
860 5706 1056 5758 ἐκεῖνοι
1097 5706 1164 5759 τὰ
1197 5705 1411 5759 Παύλου
1468 5704 1731 5777 οἰόμενοι,
1786 5702 2010 5773 ἐξετρέ-

515 5848 559 5879 ³⁵
599 5847 720 5899 Act.
774 5863 848 5911 ix,
901 5848 954 5900 4.

2115 4889 2279 4945 quam
2339 4882 2501 4929 antea
2545 4883 2735 4929 contra
2795 4886 2897 4928 nos
2944 4872 3202 4928 ferociter
3260 4869 3526 4942 spirabat,
3587 4878 3719 4922 tam

2115 4967 2318 5022 acriter
2363 4980 2463 5036 pro
2504 4965 2666 5021 nobis
2722 4976 2868 5020 stare
2922 4965 3139 5035 incipit,
3192 4964 3267 5019 ita
3315 4972 3376 5017 ut
3408 4961 3700 5017 celerrime

2117 5058 2375 5114 omnibus
2395 5057 2489 5127 qui
2515 5072 2640 5112 cum
2669 5073 2734 5112 eo
2757 5072 3068 5113 sermonem
3096 5067 3368 5120 sererent,
3402 5065 3695 5121 astrueret,

2118 5161 2281 5222 atque
2317 5165 2386 5206 ex
2415 5150 2714 5221 Seripturis
2746 5152 3030 5222 probaret,
3055 5151 3335 5207 Christum
3364 5166 3553 5205 verum
3578 5165 3701 5203 esse

2121 5247 2315 5301 Deum.
2350 5245 2410 5300 In
2442 5253 2647 5300 tantam
2684 5255 2868 5300 autem
2904 5247 3050 5316 apud
3096 5247 3391 5316 populares
3418 5258 3569 5303 suos.
3602 5243 3697 5313 qui

2123 5338 2179 5391 in
2231 5335 2578 5406 perpleaibili
2623 5337 2875 5391 oratione
2903 5353 3171 5391 summam
3219 5346 3275 5391 et
3324 5334 3713 5389 inevitabilem

2119 5428 2500 5499 defensionem
2556 5428 2920 5495 collocabant,
2976 5422 3229 5499 pervenit
3282 5426 3568 5492 invidiam,
3640 5433 3725 5480 ut:

2120 5536 2219 5591 per
2250 5520 2436 5574 dolum
2476 5522 2692 5576 occulte
2725 5523 2928 5577 caedem
2962 5523 3014 5577 ei
3073 5531 3373 5582 struerem,
3407 5535 3583 5590 eaque
3631 5519 3723 5572 de-

2120 5625 2285 5664 eausa
2317 5610 2381 5664 ad
2413 5619 2595 5680 portas
2630 5611 2868 5665 civitatis
2898 5612 3144 5666 Damasci
3183 5611 3239 5666 in
3280 5608 3497 5665 insidiis
3529 5623 3717 5663 excu-r
3792 5617 3799 5625 '

2122 5704 2335 5759 barcnt.
2375 5703 2480 5760 Sed
2532 5703 2680 5758 enim
2732 5703 3011 5772 discipuli,
3045 5716 3204 5759 terna
3242 5720 3309 5759 ea
3378 5704 3637 5775 cognita,
3668 5718 3729 5757 es
