4032 6476
346 414 454 481 767
1571 417 1621 477 N
1635 417 1995 478 ICEPHORI
2041 419 2387 481 CALLISTI
3520 419 3623 485 768

356 540 518 583 muro
541 539 667 581 eum
698 525 755 581 in
799 534 985 597 sporta
1028 527 1394 584 demiserunt.
1430 526 1534 593 Qui
1576 542 1703 582 cum
1736 528 1932 582 lliero-

2064 533 2203 585 ιοντό
2281 549 2341 586 τε
2396 533 2505 598 καὶ,
2553 532 2757 604 ἥκιστα
2810 532 3104 587 πείθεσθαι
3160 528 3329 611 εἶχον,
3391 532 3624 586 ἐκείνοις

354 622 564 692 solyma
599 621 965 690 pervenisset,
997 621 1443 691 periculumque,
1474 629 1533 675 ut
1567 623 1619 675 ei
1658 637 1783 676 cum
1847 622 1937 675 di-

356 712 590 781 svipulis
655 712 953 767 convenire
1010 712 1228 777 liceret,
1287 712 1528 777 fecisset,
1559 712 1941 768 fraudulenter

352 819 478 858 eum
528 804 603 857 illi
629 820 793 873 agere
835 804 1122 860 credentes
1152 807 1572 871 aversabantur,
1600 821 1780 876 neque
1815 821 1941 876 per-

355 897 573 951 suaderi
614 906 888 966 poterant,
948 899 1139 954 eadem
1169 915 1294 954 eum
1344 915 1470 955 cum
1529 902 1661 969 ipsis
1712 899 1940 955 sentire.

356 990 522 1044 Certo
548 993 751 1059 quippe
801 991 1072 1057 sciebant,
1109 1008 1272 1062 quam
1304 994 1575 1048 adversus
1599 994 1724 1048 illos
1752 991 1943 1058 fuerit,

355 1081 450 1146 qui
487 1081 655 1133 veluti
689 1081 868 1150 ignem
902 1098 1131 1150 prorsus
1164 1092 1358 1139 contra
1394 1084 1672 1139 Ecclesias
1698 1084 1943 1151 spirarit.

359 1174 437 1224 Ac
482 1173 585 1225 nisi
641 1172 946 1234 Barnabas.
983 1176 1166 1229 clarus
1225 1176 1280 1228 in
1332 1176 1682 1246 septuaginta
1721 1175 1942 1229 illorum

359 1265 598 1331 ascripto
627 1265 825 1320 ordine
858 1267 943 1320 vir
965 1309 978 1331 ,
1012 1269 1259 1323 oratione
1290 1282 1389 1321 sua
1410 1305 1428 1331 ,
1475 1282 1604 1323 vera
1632 1282 1777 1333 esse,
1824 1282 1949 1337 quae

361 1355 450 1408 ille
476 1370 589 1422 prze
633 1371 691 1410 se
731 1356 925 1419 ferret,
956 1359 1361 1422 confirmasset,
1413 1368 1468 1414 et
1507 1375 1629 1428 qua:
1666 1360 1821 1413 illum
1865 1358 1948 1414 fa-

358 1446 598 1498 cientem
628 1446 879 1510 vidisset,
910 1449 1234 1504 testificatus
1261 1459 1430 1510 esset,
1461 1464 1522 1505 re
1551 1450 1753 1504 infecta
1780 1450 1949 1505 abiis-

358 1546 460 1592 sct.
492 1537 683 1607 itaque
718 1540 983 1595 Barnabas
1013 1557 1181 1596 suasu
1220 1542 1564 1596 admittitur:
1591 1541 1686 1611 qui
1721 1541 1946 1608 deinde,

358 1631 553 1684 eadem
619 1644 744 1701 quia:
782 1633 874 1687 alii
911 1633 1120 1688 faciens
1147 1674 1162 1692 .
1192 1634 1587 1704 Hierosolymis
1607 1633 1948 1705 disputabat,

358 1724 816 1793 argutnentisque
839 1724 1123 1780 Christum
1148 1740 1338 1779 verum
1391 1724 1562 1779 Deum
1594 1739 1715 1780 esse
1746 1725 1951 1780 confir-

359 1816 564 1870 mabat.
611 1816 883 1871 Caeterum
915 1832 1040 1872 cum
1079 1816 1392 1872 Hellenista:
1417 1817 1465 1871 ei
1495 1818 1949 1883 adversarentur,

2043 622 2329 694 ὁμόφρονα
2353 624 2715 690 καθεστάναι,
2741 626 2988 697 ἀκριϐῶς
3026 642 3092 695 γε
3117 624 3343 688 ειδότες,
3366 623 3443 686 ὡς
3475 624 3626 676 ἀντι-

2045 716 2248 768 ϐαίνων
2300 711 2402 787 ἦν,
2458 719 2554 770 καὶ
2608 718 2721 789 πῦρ
2771 718 3038 789 ἄντικρυς
3089 718 3271 770 πνέων
3327 714 3472 770 κατά
3528 718 3628 783 τῆς

2056 806 2406 879 Ἐκκλησίας·
2437 809 2569 865 ὥστ’
2605 812 2655 864 εί
2689 813 2763 883 μὴ
2803 811 3110 883 Βαρνάϐας
3149 811 3422 880 ἐπίσημος
3449 809 3506 862 δὲ
3538 802 3629 861 οῦ-

2044 918 2138 964 τος
2169 901 2249 971 τῷ
2287 904 2398 956 τῶν
2429 909 2473 957 o'
2505 904 2927 975 κατειλεγμένος
2959 903 3129 976 χορῷ⁵
3166 904 3415 967 συνίστα,
3445 901 3628 969 λόγοις

2046 994 2225 1063 ἀληθῆ
2254 1011 2318 1059 γε
2346 992 2487 1048 εἶναι
2513 996 2583 1047 τὰ
2610 995 2732 1048 κατ’
2767 996 2932 1049 αὑτὸν
2961 997 3186 1059 πείθων,
3215 993 3312 1046 καὶ
3341 992 3444 1045 ὅσα
3477 990 3630 1062 ἑώρα

2050 1085 2367 1156 πράττοντα
2398 1086 2937 1157 διαμαρτυρόμενος,
2979 1089 3085 1141 κᾶν
3118 1088 3274 1149 κενὸς
3305 1086 3626 1156 ἀπηλλάγη.

2047 1179 2190 1233 Νυνὶ
2213 1180 2271 1232 δὲ
2293 1179 2389 1231 καὶ
2415 1181 2739 1249 εἰσδέχεται·
2765 1183 2863 1236 καὶ
2893 1184 2963 1234 τὰ
3005 1179 3099 1233 ἴσα
3131 1183 3394 1249 πράττων
3418 1173 3487 1249 ἦν
3517 1180 3631 1238 τοῖς

2048 1272 2109 1324 ὲν
2169 1270 2573 1341 Ἰεροσολύμοις
2638 1272 3069 1342 διαλεγόμενος,
3123 1271 3218 1325 καὶ
3279 1270 3483 1324 πείθων
3537 1269 3631 1323 τὸν

2049 1364 2291 1434 Χριστὸν
2314 1364 2490 1434 ἀληθῆ
2528 1364 2662 1417 Θεὸν
2697 1360 2862 1418 εἶναι.
2898 1363 3022 1416 Τῶν
3051 1363 3096 1415 δ’
3134 1360 3501 1431 Ἑλληνιστῶν
3537 1361 3634 1412 ἀν-

2049 1453 2532 1521 τικαθισταμένων
2589 1454 2779 1525 αὐτῷ,
2843 1457 2941 1509 καὶ
2996 1456 3210 1507 κτεῖναι
3275 1450 3509 1521 μελέτην
3566 1450 3630 1519 δὴ

2051 1547 2398 1615 ποιουμένων
2425 1550 2519 1599 τὸν
2551 1547 2744 1617 ἄνδρα,
2778 1547 2881 1616 τῆς
2912 1547 3020 1599 ἀπὸ
3064 1545 3172 1599 τῶν
3208 1543 3469 1615 μαθητῶν
3498 1559 3634 1611 προ-

2054 1637 2294 1707 μηθείας
2323 1642 2526 1708 τυχὼν,
2561 1640 2867 1708 κατάγεται
2899 1641 2980 1703 είς
3012 1638 3380 1706 Καισάρειανο
3416 1631 3533 1687 εἶτα
3554 1638 3636 1694 είς

2052 1728 2269 1798 Ταρσὸν
2336 1730 2773 1799 ἀναπέμπεται,
2828 1731 2930 1802 τὴν
2996 1730 3330 1799 Ἐκκλησίαν
3380 1726 3636 1792 ὲπαῦξων

2053 1821 2331 1890 Χριστοῦ,
2384 1822 2482 1876 καὶ
2531 1821 2848 1892 προστιθεὶς
2904 1822 2996 1876 ἀεὶ
3047 1823 3176 1885 τοὺς
3230 1818 3636 1881 πιστεύοντας.

358 1908 676 1979 caedemque
720 1910 934 1970 homini
998 1910 1352 1971 molirentur.
1391 1910 1789 1981 discipulorum
1819 1926 1947 1981 pro-

2065 1884 2229 1968 ’Ᾰλλά
2254 1884 2437 1968 ταῦτα
2468 1884 2587 1985 μὲν.
2605 1884 2858 1987 ὕστερον.

359 2000 602 2056 videntia
661 2002 961 2059 Caesaream
990 2004 1305 2060 deducitur.
1356 2004 1488 2060 Inde
1527 2020 1692 2075 porro
1716 2005 1949 2060 Tarsum
1984 2008 2244 2076 mittitur,
2286 2009 2492 2067 Christi
2527 2010 2826 2067 Ecclesium
2876 2010 3179 2083 adtingens,
3225 2019 3279 2065 et
3310 2007 3525 2078 aliquos
3557 2003 3639 2066 illi

358 2092 654 2149 credentes
696 2109 917 2166 semper
946 2096 1243 2166 adiiciens.
1276 2096 1384 2153 Sed
1423 2096 1493 2153 de
1525 2096 1613 2152 his
1643 2104 1857 2166 postea.

984 2214 1211 2273 CAPUT
1253 2217 1342 2275 Vl.

356 2303 455 2377 De,
479 2304 723 2376 Philippo
771 2325 877 2362 uno
923 2324 988 2363 ea;
1015 2317 1215 2377 septem
1246 2309 1509 2376 diaconis,
1540 2320 1591 2365 et
1638 2310 1702 2363 de
1735 2308 1954 2365 Simone

334 2384 337 2389 '
432 2376 662 2451 glagoJ
670 2389 770 2432 tem
789 2380 851 2431 de
874 2376 1121 2451 Candoce
1140 2384 1375 2451 dynastg
1404 2384 1598 2450 regina:
1615 2379 1953 2451 JEtliiopum.

427 2446 563 2500 Item
593 2449 658 2500 de
680 2449 952 2502 miraculis
989 2449 1096 2501 divi
1124 2446 1295 2502 Petri.
1326 2446 1595 2504 Praeterea
1618 2452 1681 2503 de
1706 2446 1954 2505 Cornelio

426 2519 761 2589 centurione,
806 2528 854 2572 et
893 2521 966 2573 eis
998 2521 1089 2589 qui
1145 2535 1211 2572 ea:
1256 2523 1475 2573 ethnicis
1506 2522 1743 2574 animum
1779 2519 1956 2589 appli-

431 2591 635 2639 cuerint
695 2588 926 2643 Christo.
978 2588 1048 2642 Et
1106 2597 1167 2641 ut
1224 2591 1516 2645 Antiochim
1567 2588 1859 2643 Barnabas
1904 2598 1955 2643 et

430 2656 853 2781 Paulus‘primi
901 2660 1086 2728 ﬁdeles
1121 2661 1261 2729 ipsos
1304 2659 1639 2716 Christianos
1684 2659 1953 2731 cognomi-

432 2743 651 2781 naverm
682 2769 696 2781 .

432 2743 696 2784 navermt.

437 2909 828 2969 Persecutione
858 2914 912 2968 in
948 2914 1143 2984 primis
1172 2924 1367 2970 contra
1417 2916 1759 2987 Stephanum
1793 2917 1948 2971 exci-

2655 2218 2914 2274 ΚΕΦΑΛ.
2957 2214 3046 2284 ς’.

2050 2311 2192 2380 Περὶ
2227 2309 2532 2365 Φιλίππου
2553 2309 2695 2373 ἐνὸς
2724 2309 2842 2363 τῶν
2866 2308 3019 2380 ἑπτὰ
3049 2309 3382 2380 διακόνων]
3412 2307 3505 2380 καί
3534 2308 3641 2364 τοῦ

2121 2378 2319 2451 μάγου
2347 2383 2613 2448 Σίμωνος
2635 2397 2648 2411 ·
2670 2380 2759 2432 ἔτι
2783 2397 2847 2433 τε
2869 2378 3186 2451 Κανδάκου
3207 2380 3311 2433 τοῦ
3333 2378 3642 2451 δυγάστου

2123 2448 2236 2518 τῆξ
2256 2451 2644 2516 βασιλίσσης
2665 2451 2963 2504 Αἰθιόπων
2987 2465 3001 2478 ·
3042 2449 3140 2501 καὶ
3182 2451 3302 2501 τῶν
3334 2448 3441 2500 τοῦ
3472 2450 3639 2502 θείου

2125 2521 2354 2587 Πέτρου
2389 2520 2649 2587 τεράτων
2680 2535 2693 2549 ⁸
2727 2520 2865 2587 περί
2901 2536 2964 2571 τε
2993 2518 3336 2587 Κορνηλίου
3362 2518 3469 2571 τοῦ
3497 2518 3638 2571 ἐκα-

2125 2592 2482 2657 τοντάρχου,
2529 2590 2627 2641 καὶ
2678 2588 2799 2643 τῶν
2841 2588 2907 2653 ἐξ
2940 2588 3132 2641 ἐθνῶν·
3177 2592 3639 2656 προσελθόντων

2126 2660 2363 2730 Χριστῷ
2390 2676 2401 2687 ·
2432 2659 2531 2730 καί
2576 2659 2652 2725 ὡς
2681 2660 2752 2730 ἐν
2804 2659 3138 2725 Ἀντιοχείᾳ
3186 2660 3500 2730 Βαρνάϐας
3537 2657 3637 2710 καὶ

2126 2728 2371 2796 Παῦλος
2393 2729 2611 2798 πρῶτοι
2632 2728 2777 2795 τοὺς
2797 2729 3056 2794 πιστοὺς
3075 2728 3474 2797 Χριστιανοὺς
3498 2744 3638 2780 κατ-

2127 2802 2471 2871 ωνόμασαν.

2124 2918 2262 2971 Τότε
2301 2918 2358 2971 δὲ
2387 2916 2483 2970 τοῦ
2517 2916 2661 2970 κατὰ
2696 2916 2971 2984 Στέφανον
3017 2914 3264 2983 διωγμοῦ
3314 2913 3635 2983 γενομένου,

360 3012 499 3070 tata,
534 3005 825 3076 Philippus
865 3022 934 3063 ex
961 3009 1050 3062 his
1084 3025 1249 3075 unus,
1286 3011 1382 3079 qui
1412 3026 1537 3064 cum
1573 3009 1852 3079 Stephano
1879 3007 1948 3064 ad

2064 2997 2323 3073 βίλιππος
2355 3005 2439 3073 εἷς
2467 3010 2578 3063 τῶν
2632 3011 2750 3079 ἅμα
2779 3008 3045 3077 Στεφάνῳ
3093 3007 3175 3069 είς
3212 3004 3310 3076 τὴν
3364 3006 3641 3057 διακονίαν

362 3098 715 3152 diaconatum
748 3108 911 3154 erant
957 3100 1143 3166 electi,
1178 3116 1276 3171 per
1310 3101 1709 3171 dispersionem
1734 3114 1855 3154 eam
1894 3100 1948 3154 in

2064 3102 2555 3173 προχειρισθέντων
2607 3102 2664 3154 ὲν
2716 3101 2831 3164 τοῖς
2885 3099 3247 3169 διασπαρετσι
3306 3097 3641 3165 γενόμενος,

365 3189 616 3246 Samaria
650 3202 812 3257 erat,
843 3193 1190 3248 edendorum
1224 3194 1625 3250 miraculorum
1664 3193 1717 3248 vi
1745 3192 1948 3263 oppido

2064 3196 2348 3266 Σαμαρείᾳ
2400 3192 2718 3264 προσίσχει,
2766 3192 2930 3245 θείων
2973 3191 3279 3262 τεραστίων
3325 3188 3642 3257 πεπλουτη-

365 3297 532 3352 quam
562 3283 798 3352 pollens.
841 3283 1127 3355 Siquidem
1166 3294 1386 3340 tantum
1430 3285 1501 3340 ab
1523 3300 1589 3340 ea
1619 3285 1826 3340 virtute
1852 3299 1948 3339 va-

2064 3288 2173 3353 κὼς
2200 3288 2455 3357 δύναμιν.
2509 3285 2779 3341 Τοσοῦτον
2824 3286 2872 3338 δ’
2927 3281 2996 3356 ἦν
3026 3284 3223 3353 ἐκείνῳ
3273 3281 3334 3334 τὸ
3378 3282 3642 3350 περισσὸν

361 3374 488 3440 luit,
514 3383 575 3430 ut
602 3384 659 3430 et
691 3375 905 3432 Simoni
936 3377 1041 3431 arti
1072 3392 1186 3433 sua:
1229 3378 1483 3433 nuntium
1522 3377 1806 3432 remittere
1831 3391 1948 3446 per-

2064 3381 2158 3450 τῆς
2189 3381 2498 3449 δύναμεως,
2534 3378 2613 3441 ὡς
2656 3380 2753 3431 καὶ
2797 3377 3048 3446 Σίμωνος
3086 3374 3395 3442 ἀποστῆναι
3428 3375 3644 3439 πεῖσαι,

366 3468 627 3532 suaserit,
656 3468 752 3539 qui
786 3468 1013 3539 magicis
1035 3468 1328 3540 praestigiis
1366 3468 1534 3538 longo
1576 3476 1824 3537 tempore
1850 3482 1954 3536 po-

369 3561 558 3630 pulum
608 3561 924 3616 seduxerat.
976 3559 1163 3630 Usque
1203 3561 1344 3615 adeo
1363 3560 1513 3615 enim
1550 3559 1873 3631 imposturis
1899 3565 1958 3612 et

365 3652 797 3708 incantamentis
823 3652 1079 3707 homines
1108 3652 1269 3724 139
1304 3660 1549 3723 ceperat,
1582 3664 1638 3709 et
1665 3661 1774 3706 tam
1809 3652 1957 3706 cele-

364 3743 520 3799 brem
544 3759 607 3798 ea
651 3754 811 3800 aetate
853 3746 1061 3814 magica
1087 3755 1206 3801 arte
1236 3744 1436 3800 famam
1478 3752 1813 3800 consecutus
1834 3745 1957 3800 fue-

366 3844 476 3903 rat,
502 3845 564 3892 ut
618 3835 905 3894 Simonem
956 3840 1036 3897 illi
1088 3854 1341 3909 magnam
1390 3839 1654 3893 virtutem
1703 3836 1801 3892 Dei
1830 3850 1955 3891 esse

368 3928 800 3985 arbitrarentur.
834 3930 1094 4001 lsZigitur
1120 3932 1311 3987 Simon
1347 3931 1471 3985 talis
1500 3946 1627 3987 cum
1650 3919 1820 3997 esset,
1855 3928 1958 3983 ini-

373 4022 551 4078 rilicis
573 4033 756 4078 tamen
788 4024 1033 4095 Philippi
1061 4024 1419 4093 rebus,'quas
1439 4038 1607 4093 supra
1635 4022 1956 4092 opinionem

373 4115 652 4185 fidemque
717 4117 1005 4170 hominum
1047 4116 1270 4183 edebat,
1302 4125 1712 4180 consternatus,
1775 4114 1957 4184 bapti-

366 4223 546 4263 smum
590 4222 698 4262 una
732 4222 857 4263 cum
897 4207 1112 4276 reliqua
1143 4206 1387 4263 Samaria
1420 4207 1593 4273 subit,
1623 4215 1678 4262 et
1705 4207 1957 4262 verbote-

367 4315 475 4355 nus
519 4300 918 4370 professionem
971 4311 1028 4356 et
1062 4300 1225 4375 tidem
1280 4300 1335 4354 in
1385 4292 1676 4356 Christum
1734 4300 1956 4371 egregie

366 4392 631 4447 simulat:
664 4393 719 4447 id
773 4392 922 4463 quod
963 4402 1020 4446 et
1065 4392 1181 4455 alii,
1225 4393 1321 4462 qui
1370 4392 1800 4448 abominandam
1836 4394 1956 4464 ejus

366 4495 575 4540 sectam
621 4493 782 4538 erant
815 4483 1089 4553 complexi
1145 4483 1245 4555 (ί),
1312 4484 1610 4550 faciebant,
1651 4483 1849 4538 fraude
1898 4493 1956 4539 et

365 4573 496 4628 dolo
546 4576 793 4629 auctoris
822 4574 911 4630 sui
944 4590 1222 4630 venenum
1258 4573 1586 4645 pestiferum
1620 4574 1675 4629 in
1702 4575 1833 4644 ipsis
1859 4590 1953 4630 oc—

367 4667 658 4733 cultatum,
710 4667 894 4737 quoad
926 4678 1177 4737 possent,
1211 4667 1293 4722 eis
1325 4667 1421 4737 qui
1454 4666 1509 4721 id
1549 4666 1950 4737 suscipiebant,

368 4759 847 4815 communicantes
877 4777 892 4819 :
922 4760 1018 4829 qui
1071 4769 1255 4815 tamen
1308 4769 1520 4828 postea,
1579 4773 1704 4814 cum
1746 4759 1955 4814 malitia

368 4851 814 4920 perversitasque
868 4866 1065 4906 eorum
1121 4851 1469 4922 deprehensa
1533 4860 1700 4917 esset,
1758 4852 1958 4908 merito

369 4954 500 4999 sunt
535 4944 747 5015 rejecti.
777 4943 1255 5010 Quemadmodum
1289 4954 1345 4999 et
1386 4943 1578 4999 Simon
1622 4943 1725 4998 iste
1758 4958 1788 4998 a
1828 4943 1957 4998 divo

372 5038 557 5101 Petro,
593 5036 688 5106 qui
737 5037 1091 5106 impositione
1143 5051 1401 5091 manuum
1438 5034 1704 5106 Spiritum
1747 5035 1959 5090 contri-

373 5131 597 5195 buebat,
651 5129 943 5184 manifesto
976 5129 1359 5198 deprehensus
1406 5138 1489 5184 est
1548 5130 1780 5198 gratiam
1836 5145 1959 5184 eam

370 5223 620 5277 venalem
647 5236 769 5277 esse
797 5222 1057 5276 arbitrari
1085 5239 1098 5275 :
1131 5237 1309 5292 eoque
1366 5226 1609 5285 nomine,
1633 5231 1697 5276 ut
1754 5221 1962 5277 nullius

373 5316 454 5371 rei
479 5318 648 5371 homo
674 5315 1007 5384 reprobatus
1040 5326 1206 5385 atquc
1243 5316 1497 5385 repulsus
1524 5324 1632 5370 est.
1651 5314 1837 5383 itaque
1873 5313 1963 5368 iile

372 5410 724 5467 aemulatione
776 5409 1023 5479 percitus
1078 5417 1269 5463 contra
1323 5405 1604 5477 apostolos
1661 5420 1967 5471 eorumque

378 5506 688 5559 doctrinam
735 5518 794 5558 se
844 5504 1099 5560 armavit.
1157 5503 1352 5570 Porro,
1380 5515 1505 5569 cum
1549 5498 1735 5554 divina
1767 5497 1968 5569 praedi-

380 5599 524 5652 catio
548 5600 720 5654 instar
752 5594 990 5654 incendii
1027 5612 1124 5668 per
1157 5609 1381 5650 omnem
1416 5594 1527 5665 jam
1560 5600 1811 5663 serperet
1857 5602 1968 5646 ter-

391 5705 529 5756 ram,
563 5692 871 5757 Candaces,
909 5699 1131 5761 satrapa
1167 5689 1488 5757 [Ethi0pum
1524 5687 1730 5756 reginae
1764 5684 1968 5755 (patrio

1983 4621 2033 4683 υ

2060 3472 2321 3543 μαγείαις
2349 3472 2413 3524 ὲκ
2444 3469 2643 3523 πολλοῦ
2676 3468 3003 3533 ὲξιστῶντος
3029 3469 3092 3520 τὸ
3112 3467 3286 3530 ἔθνος.
3326 3467 3452 3521 Ἐπὶ
3484 3467 3645 3519 τόσον

2056 3564 2165 3633 γὰρ
2195 3565 2316 3625 ταῖς
2342 3560 2621 3632 γοητείαις
2646 3562 2827 3614 ἐκεῖνο
2857 3556 3259 3628 χειρώσασθαι,
3294 3557 3391 3611 καὶ
3423 3557 3647 3626 διαϐόη-

2057 3673 2149 3711 τον
2176 3658 2301 3719 ταίς
2342 3654 2647 3720 ὲξαπάταις
2673 3650 2798 3707 κατ’
2842 3653 3024 3705 ἐκεῖνο
3068 3647 3213 3703 εἶναι
3245 3649 3468 3719 καιροῦ,
3511 3648 3625 3702 ὥστ

2058 3748 2304 3812 ἐκείνους
2327 3747 2421 3800 τὸν
2446 3746 2670 3817 Σίμωνα
2701 3744 2804 3815 τὴν
2837 3743 3091 3816 μεγάλην
3129 3742 3386 3810 ἡγεῖσθαι
3411 3741 3646 3809 δύναμιν

2056 3841 2154 3895 τοῦ
2182 3839 2340 3894 Θεοῦ.
2370 3839 2554 3908 Σίμων
2588 3838 2634 3892 δ’
2678 3831 2771 3890 οῦν
2803 3837 2984 3907 ὅμως,
3021 3836 3227 3906 καίπερ
3262 3836 3503 3897 τοιοῦτος
3545 3832 3645 3899 ὢν,

2056 3936 2171 3997 τοῖς
2199 3930 2524 4002 παραδόξοις
2553 3928 2664 3984 τῶν
2716 3930 2823 3982 ὑπὸ
2863 3928 3140 3981 Φιλίππου
3176 3928 3491 3996 γενομένων
3541 3942 3643 3977 κα-

2057 4020 2383 4089 ταπλαγεὶς,
2433 4019 2738 4092 ὑπέρχεται
2770 4018 2867 4071 καὶ
2925 4010 3086 4081 οὗτος
3114 4017 3174 4071 τὸ
3226 4017 3513 4086 βάπτισμα
3541 4018 3641 4067 σὺν

2057 4117 2126 4185 τῇ
2156 4113 2319 4185 λοιπῇ
2342 4113 2652 4184 Σαμαρείᾳ,
2676 4112 2771 4165 καὶ
2802 4111 2965 4181 μέχρι
2991 4109 3153 4179 λόγου
3180 4110 3282 4179 τὴν
3303 4110 3383 4172 είς
3405 4106 3644 4178 Χριστὸν

2059 4206 2245 4261 πίστιν
2280 4205 2741 4275 καθυπεκρίνετο·
2783 4203 2812 4257 δ
2842 4203 2940 4256 καὶ
2975 4204 3025 4255 oi
3067 4202 3167 4272 τὴν
3203 4201 3462 4271 μυσαρὰν
3506 4199 3645 4252 ὲκεί-

2059 4315 2150 4352 νου
2174 4298 2559 4366 διαδεξάμενοι
2603 4297 2820 4366 αἵρεσιν
2852 4294 3195 4366 πράττοντες
3236 4290 3402 4364 ἦσαν,
3439 4295 3503 4362 τῇ
3550 4291 3643 4343 τοῦ

2061 4390 2216 4459 σφῶν
2245 4389 2601 4461 προπάτορος
2651 4386 2859 4457 μεθόδῳ
2904 4386 3004 4456 τῆς
3053 4386 3216 4438 νόσου
3268 4382 3648 4453 μεταδιδόντες

2059 4485 2154 4537 τὸν
2192 4485 2249 4537 ὲν
2292 4483 2527 4544 ἐκείνοις
2570 4478 3029 4550 ἐγκεκρυμμένον
3082 4479 3180 4531 ίόν⁶
3219 4476 3295 4539 ὡς
3340 4476 3406 4528 ἂν
3455 4470 3557 4526 οἷοί
3588 4488 3646 4524 τε

2060 4578 2215 4640 ὄντες
2245 4578 2358 4640 τοῖς
2396 4573 2742 4645 δεχομένοις,
2788 4572 2894 4626 κᾶν
2944 4569 3124 4624 ὁποῖοί
3170 4585 3318 4631 τινες
3362 4567 3516 4627 ὅντες
3548 4566 3669 4645 τὴν,

2062 4667 2387 4740 μοχθηρίαν,
2424 4669 2482 4731 ἐς
2512 4665 2744 4735 ὕστερον
2773 4665 3020 4728 ἁλόντες,
3054 4661 3419 4729 ἀπώσθησανο
3455 4656 3671 4757 ὥσπερέ

2059 4758 2153 4817 οὖν
2183 4761 2281 4816 καὶ
2306 4760 2494 4830 Σίμων
2529 4759 2718 4824 αὐτὸς,
2749 4757 2888 4829 πρὸς
2921 4756 3017 4810 τοῦ
3045 4755 3193 4809 θείου
3224 4750 3667 4830 καταφωραθεὶςξ

2060 4808 2299 4924 Πνέτρου,
2317 4808 2520 4925 τῇΓτῶν
2543 4808 2748 4922 χειρΞν
2765 4808 3010 4904 ἐπιθέσει
3036 4847 3099 4901 τὸ
3124 4844 3355 4914 Πνεῦμα
3380 4808 3708 4910 κοιταῖον-Ὢ

2060 4964 2174 5011 τος,
2207 4946 2372 5001 ὢνιον
2415 4946 2719 5017 χρημάτων
2770 4943 2870 5014 τὴν
2914 4944 3077 5014 χάριν
3122 4938 3457 5010 ἡγούμενος,
3504 4939 3651 5002 ἀπη-

2061 5039 2269 5112 λέγχθη
2303 5038 2475 5110 μηδὲν
2519 5036 2618 5091 ὥν·
2671 5033 2972 5092 κάντεῦθεν
3012 5031 3162 5103 ζήλῳ
3204 5028 3461 5101 τρωθεὶς,
3510 5025 3651 5080 κατά

2067 5150 2132 5185 τε
2164 5131 2276 5187 τῶν
2306 5129 2627 5186 ἀποστόλων
2669 5129 2765 5181 καὶ
2809 5125 2906 5179 τοῦ
2939 5124 3206 5193 δόγματος
3237 5116 3637 5180 καθωπλίζετο.
3719 5153 3723 5155 .

2070 5227 2181 5280 Τοῦ
2214 5226 2272 5280 δὲ
2313 5225 2459 5278 θείου
2511 5222 2872 5293 κηρύγματος
2907 5216 3080 5288 πυρὸς
3128 5214 3289 5283 δίκην
3338 5209 3444 5265 ἀνὰ
3475 5210 3655 5261 πᾶσαν

2071 5316 2175 5388 ἤδη
2202 5315 2300 5387 τὴν
2330 5314 2437 5385 γῆν
2462 5313 2752 5383 ἕρποντος,
2796 5307 3093 5374 Κανδάκης
3121 5306 3150 5359 ό
3197 5305 3295 5370 τῆς
3331 5299 3653 5388 βασιλίσσης

2067 5387 2344 5461 Αἰθιόπων
2372 5408 2672 5476 δυνάστης·
2703 5400 2850 5455 κατά
2882 5418 2936 5454 τι
2970 5399 3080 5470 γὰρ
3124 5397 3356 5466 πάτριον
3395 5392 3516 5453 ἔθος
3550 5387 3654 5441 ὑπὸ

2071 5498 2330 5566 γυναικὸς
2362 5498 2420 5551 τὸ
2459 5497 2611 5561 ἔθνος
2639 5492 3019 5548 ἐϐασιλεύετο·
3060 5488 3185 5559 θείᾳ
3228 5486 3338 5540 τινὶ
3370 5477 3654 5548 οἰκονομίᾳ

2071 5589 2305 5661 ἀπαρχὴ
2331 5590 2441 5644 τῶν
2469 5588 2529 5654 ἐξ
2572 5588 2745 5641 ἐθνῶν
2788 5584 3130 5657 προσιόντων
3162 5577 3389 5651 Χριστῷ
3426 5576 3651 5645 γίνεται·

2068 5683 2136 5736 δι’
2163 5682 2490 5752 ἐπιφανείας
2522 5683 2631 5753 γὰρ
2662 5681 2919 5749 Φιλίππῳ
2954 5677 3054 5748 τὴν
3113 5675 3232 5728 ὁδὸν
3265 5670 3457 5725 διιόντι
3487 5677 3655 5738 προσ-

462 5811 538 5877 (i‘;
566 5811 774 5869 Omnes
798 5811 892 5881 qui
924 5824 1150 5880 quoquo
1186 5807 1348 5862 modo
1398 5804 1712 5860 adulteram
1761 5801 2071 5862 veritatem,
2128 5813 2183 5857 ct
2213 5802 2550 5873 praeconium
2583 5798 2844 5855 Ecclesia:
2903 5794 3130 5860 laedunt,
3172 5788 3413 5847 Simonis
3473 5783 3659 5845 Sama-

395 5882 554 5936 ritant
582 5886 720 5953 magi
752 5881 1011 5952 d.scipuli
1051 5892 1105 5935 ct
1131 5892 1482 5936 successores
1510 5887 1657 5931 sunt.

3930 1298 3945 1499 μ

3928 1552 3946 1937 ἰ
