4032 6412
371 375 477 439 769

1325 364 1937 489 ECCLESIASTlC/E
1978 363 2375 423 HISTORI/E
2412 362 2555 422 LIB.
2602 360 2680 419 Il.

3534 350 3642 414 770

371 487 682 556 κολληθεὶς,
739 487 830 540 καὶ
853 484 942 539 διὰ
990 484 1123 555 μιᾶς
1165 482 1381 552 ῥήσεως
1423 479 1651 533 Ἡσαΐου
1682 480 1780 533 τοῦ
1796 466 1951 549 ’προ-

2063 477 2259 547 quippe
2295 491 2445 530 more
2480 488 2613 544 gens
2650 486 2760 527 eaa
2798 470 3030 525 muliere
3069 467 3413 540 regebatur),
3454 466 3642 521 divina

376 583 552 649 φήτου
583 581 651 632 τὰ
678 580 840 651 ὄργια
868 579 963 631 τοῦ
990 577 1116 631 καθ’
1152 576 1305 646 ἡμᾶς
1335 574 1495 641 λόγου
1563 573 1815 642 μυηθεὶς,
1861 574 1956 626 καὶ

328 698 339 723 ε
376 674 437 725 τὸ
468 671 756 741 βάπτισμα
805 670 1209 738 είσδεξάμενος,
1253 666 1377 720 ἐπεὶ
1420 666 1559 735 πρὸς
1590 666 1689 736 τὴν
1722 665 1956 734 πάτριον

377 765 481 834 γῆν
522 763 889 826 ἐπαλινόστει,
915 765 1028 825 τοῖς
1056 763 1114 813 ἐν
1143 758 1406 830 Αἰθιοπίᾳ
1445 757 1667 828 πρῶτος
1691 755 1791 826 τὴν
1814 754 1958 810 κατὰ

377 856 620 910 τὸνθεόν
652 874 713 909 τε
771 858 866 910 καὶ
910 857 1002 909 τὸν
1038 854 1271 923 Σωτῆρα
1310 853 1513 922 γνῶσιν
1543 848 1956 919 εὐηγγελίζετο.

377 949 616 1001 Κάκείνο
638 947 699 1001 τὸ
728 950 825 1017 τῆς
858 946 1201 1017 προφητείας
1226 944 1375 1020 ἔργῳ
1405 943 1634 1012 πληρῶν
1668 938 1737 1012 ἦν
1769 942 1836 994 δι’
1865 942 1961 995 αύ-

373 1039 493 1103 τοῦ,
530 1039 614 1103 τὸ,
641 1040 918 1093 Αῑθιοπία
940 1036 1278 1107 προφθάσει
1303 1035 1473 1106 χεῖρα
1501 1036 1692 1103 αὐτῆς
1718 1032 1798 1100 τῷ
1814 1033 1957 1099 Θεῷ*

374 1130 468 1181 ἐπὶ
496 1130 713 1191 τούτοις
742 1128 813 1180 τὰ
843 1129 989 1181 κατὰ
1017 1128 1108 1181 τὸν
1147 1124 1384 1186 Παῦλον,
1414 1127 1489 1187 ὠς
1521 1126 1720 1196 μικρὸν
1752 1124 1961 1178 ἄνωθεν

373 1220 722 1289 διελάϐομεν,
750 1220 1006 1273 ἐτελεῖτο.
1038 1219 1242 1288 Πέτρος
1275 1217 1332 1269 δὲ
1387 1218 1468 1279 είς
1494 1216 1701 1270 Λύδδαν
1746 1215 1961 1270 καὶτὸν

388 1313 710 1380 Ἆσσάρωνα
735 1312 886 1381 ἥκει·
919 1311 1016 1364 καὶ
1064 1312 1272 1382 ῥήματι
1305 1308 1397 1362 τὸν
1427 1310 1724 1378 κλινοπετῆ
1760 1310 1960 1363 Δίνέαν

376 1402 471 1455 ἐπὶ
508 1401 593 1470 λη’
642 1400 824 1454 ἐτεσιν
854 1401 1086 1465 ἐξιᾶται.
1157 1401 1246 1458 Ἐν
1292 1401 1350 1454 δὲ
1409 1401 1607 1473 Ἰόππῃ
1642 1400 1957 1472 γενόμενος,

376 1491 761 1564 περιστάντων
806 1492 968 1544 αὐτὸν
1017 1491 1270 1562 πενητων
1319 1509 1379 1545 τε
1429 1493 1528 1546 καὶ
1589 1492 1715 1546 ὅσαι
1761 1493 1960 1565 χηρείᾳ

377 1583 652 1649 συνέζων,
708 1584 852 1653 ὑπὲρ
902 1584 1002 1653 τῆς
1036 1584 1309 1655 θανούσης
1364 1584 1609 1638 ἱκέτευον
1657 1584 1956 1657 Ταϐηθᾶς,

377 1673 568 1739 ἱμάτια
598 1674 692 1725 καὶ
722 1672 839 1725 ἄλλ’
884 1674 1024 1726 ἄττα
1056 1673 1159 1726 ὅσα
1205 1689 1269 1740 γε
1319 1671 1379 1727 εὖ
1411 1672 1647 1727 ποιοῦσα
1676 1676 1708 1744 ή
1749 1675 1960 1744 Δορκὰς

372 1762 568 1826 ἐδίδου,
601 1763 1043 1833 ἐπιδεικνύμενοι
1068 1782 1082 1797 ν
1116 1768 1211 1819 καὶ
1241 1765 1342 1836 τὴν
1375 1767 1475 1835 μὲν
1511 1766 1767 1838 θᾶττονῆ
1799 1767 1958 1835 λόγος

2058 568 2443 639 dispositione,
2469 564 2727 636 primitiae
2752 580 2816 618 ex
2844 562 3103 634 gentibus
3126 564 3181 617 in
3211 561 3494 617 Christum
3522 576 3643 616 cre-

2057 660 2320 716 dentibus
2373 659 2453 713 ﬁt.
2486 658 2626 714 Cum
2673 657 2821 711 enim
2875 655 2930 710 in
2964 656 3279 725 Philippum
3318 655 3422 709 iter
3459 669 3527 709 ex
3554 654 3642 707 vi-

2058 754 2213 808 sione
2246 752 2535 808 facientem
2586 750 2891 813 incidisset,
2923 758 2980 804 et
3028 763 3125 818 per
3194 748 3421 802 unicum
3486 747 3642 801 Isaia».

2058 843 2346 913 prophetae
2389 834 2699 904 oraculum,
2732 841 2952 896 arcanis
2976 856 3264 896 sacrorum
3322 850 3642 896 nostrorum

2057 933 2335 1004 mysteriis
2379 932 2447 987 ab
2491 947 2561 988 eo
2599 933 2847 988 initiatus
2895 940 2951 987 et
2989 932 3300 1001 baptizatus
3331 934 3548 995 fuisset.
3587 934 3643 987 in

2059 1024 2293 1094 patriam
2343 1025 2459 1094 ipse
2489 1039 2643 1079 suam
2682 1040 2957 1089 reversus,
2998 1027 3214 1095 primus
3246 1026 3298 1079 in
3358 1024 3642 1095 Ethiopia

2061 1116 2383 1170 hominibus
2419 1115 2516 1171 Dei
2585 1115 3010 1185 Servatorisque
3060 1116 3235 1170 nostri
3270 1116 3643 1185 cognitionem

2059 1208 2186 1263 laeto
2214 1208 2399 1262 attulit
2430 1209 2645 1262 nuntio.
2695 1208 2800 1262 Per
2831 1224 2994 1277 quem
3025 1209 3312 1277 prophetia
3346 1208 3438 1263 illa
3462 1211 3643 1277 reipsa

2060 1308 2147 1355 est
2194 1299 2490 1367 adimpleta
2529 1317 2541 1352 :
2574 1296 2849 1363 Ethiopia
2898 1300 3177 1363 praeveniet
3226 1316 3445 1354 manum
3490 1316 3645 1352 suam

2063 1389 2175 1444 Deo
2201 1389 2300 1462 (i).
2333 1390 2515 1459 Atque
2547 1389 2603 1443 in
2629 1390 2696 1444 iis
2729 1390 2952 1459 quidem
2989 1406 3077 1446 res
3104 1392 3279 1455 Pauli,
3318 1407 3454 1461 quas
3483 1392 3646 1460 paulo

2066 1490 2194 1536 ante
2244 1481 2692 1551 perSIrinximus.
2742 1483 3141 1539 consistebant.
3190 1484 3392 1549 Petrus
3429 1493 3643 1548 autem,

2062 1570 2304 1644 Lyddam
2362 1581 2420 1627 et
2463 1574 2798 1629 Assaronem
2851 1575 3104 1640 veniens,
3137 1574 3366 1630 Aineam
3418 1578 3645 1647 triginta

2063 1672 2189 1719 octo
2213 1678 2387 1719 annos
2414 1665 2556 1719 lecto
2578 1663 2800 1719 aﬂixum
2859 1666 3029 1721 verbo
3065 1670 3183 1722 solo
3214 1677 3369 1723 sanat
3391 1684 3455 1724 ac
3483 1669 3646 1722 resti-
3734 1665 3748 1675 ”

2066 1759 2190 1811 tuit.
2238 1755 2424 1826 Joppte
2468 1766 2653 1813 autem
2686 1773 2814 1812 cum
2860 1766 3025 1824 esset,
3063 1775 3304 1829 cumque
3365 1760 3556 1830 inopes
3588 1770 3646 1815 et

372 1854 587 1907 ἀνίστα·
607 1862 669 1906 τὸ
689 1854 746 1907 δέ
766 1855 971 1923 πλῆθος
987 1856 1135 1909 ἆπαν
1153 1855 1229 1925 τῷ
1250 1859 1505 1927 σωτηρίῳ
1523 1858 1708 1928 ὑπῆγε
1722 1858 1954 1930 λουτρῷ.

2063 1848 2243 1903 viduae
2274 1849 2715 1910 circumstantes,
2740 1866 2839 1921 pro
2869 1850 3134 1906 defuncta
3168 1851 3422 1917 Tabitba,
3468 1862 3644 1908 vestes

384 1944 630 1997 Ἐκεῖθεν
661 1946 742 2006 είς
775 1946 1122 2015 Καισάρειαν
1153 1946 1223 1998 τὰ
1254 1946 1396 1999 κατά
1425 1947 1517 2001 τὸν
1545 1948 1960 2020 ἑκατοντάρχην

373 2037 683 2107 Κορνήλιον
714 2039 981 2107 ἔπραττε,
1019 2037 1119 2108 τὴν
1151 2039 1214 2090 ἐκ
1259 2039 1549 2108 τεσσάρων
1580 2039 1774 2108 ὀθόνην
1816 2042 1960 2095 ἄνωο

373 2128 465 2182 θεν
496 2129 838 2200 καθιεμένην
870 2130 1161 2200 ἑωρακώς.
1204 2132 1317 2184 Καὶ
1355 2130 1494 2201 δῆτα
1542 2132 1836 2205 Κορνηλίῳ
1864 2134 1961 2188 καὶ

370 2222 483 2282 τοῖς
535 2222 666 2290 περὶ
731 2222 944 2273 ἐκεῖνον
1015 2219 1459 2291 διομιλουμένῳ,
1518 2221 1718 2291 ἀθρόον
1779 2224 1812 2292 ἠ
1863 2223 1959 2277 τοῦ

369 2310 696 2383 Πνεύματος
740 2311 905 2382 χάρις
951 2312 1250 2379 ἐφίπτατο·
1277 2312 1373 2365 καὶ
1422 2315 1488 2383 τῇ
1534 2314 1644 2367 τῶν
1695 2314 1960 2382 γλωσσῶν

370 2404 619 2474 ποικιλία
670 2405 706 2476 ἡ
764 2403 931 2475 χάρις
984 2402 1267 2474 ὰριδήλως
1318 2403 1595 2473 ἐφαίνετο.
1643 2403 1867 2458 Τούτων
1914 2406 1960 2459 δ’

371 2495 516 2549 οὕτω
548 2496 702 2565 παρὰ
738 2494 901 2562 δόξαν
925 2493 1341 2565 γεγενημένων,
1378 2495 1472 2549 καὶ⁹
1497 2495 1560 2548 τὸ
1586 2496 1675 2549 διὰ
1706 2497 1803 2549 τοῦ
1828 2495 1966 2549 ὓδα-
2005 2566 2009 2570 φ

372 2603 468 2649 τος
492 2586 636 2639 θεῖον
683 2585 974 2656 ἠκολούθει
1020 2587 1270 2657 λουτρόψ
1302 2586 1406 2640 κᾶν
1431 2588 1480 2640 οί
1525 2587 1590 2640 ἐκ
1627 2587 1956 2659 περιτομῆς,

378 2678 456 2750 μὴ
495 2679 594 2748 τὴν
643 2679 805 2749 χάριν
855 2680 1160 2746 συνιέντες,
1209 2680 1270 2733 ἐν
1326 2678 1735 2750 Ἱεροσολύμοις
1767 2681 1961 2751 Πέτρῳ

376 2770 860 2840 παλινοστήσαντι,
911 2771 1234 2840 περιοργεῖς
1267 2765 1431 2840 ἦσαν,
1489 2769 1641 2824 ἁλῶν
1708 2771 1807 2824 καὶ
1857 2788 1962 2839 μυ-

378 2862 619 2932 στηρίων
685 2864 1119 2933 κεκοινωνηκότι
1166 2859 1398 2934 ἀνδράσι
1460 2862 1956 2934 περιϐεϐλημένοις

377 2953 751 3024 ἀκροϐυστίαν
776 2969 792 2986 ο
840 2949 923 3018 οἷς
976 2954 1215 3025 μαθοῦσι
1248 2957 1349 3026 τὴν
1396 2954 1620 3023 πρᾶξιν,
1661 2956 1959 3026 ἡσυχάζειν

375 3041 471 3116 ἦν,
502 3046 984 3117 ἐκπεπληγμένοις
1011 3048 1087 3110 ὡς
1116 3048 1224 3118 ἄρα
1251 3064 1315 3115 γε
1344 3047 1479 3109 Θεὸς
1507 3050 1603 3101 καὶ
1633 3050 1747 3111 τοῖς
1779 3047 1960 3102 ἔθνεσι

374 3141 473 3212 τὴν
505 3143 800 3209 μετάνοιαν
835 3142 1038 3194 ἔδωκεν
1071 3143 1151 3201 εἰς
1182 3140 1349 3211 ζωήν.
1386 3141 1454 3194 Ol
1481 3158 1545 3210 γε
1577 3141 1687 3212 μὴν
1728 3141 1963 3196 διασπα-
1986 3170 2033 3233 c

375 3229 561 3301 ρέντες
587 3228 644 3284 ἐν
676 3248 735 3284 τε
760 3233 983 3302 Φοινίκη
1012 3230 1105 3283 καὶ
1132 3231 1345 3301 Κύπρῳ
1377 3231 1473 3286 καὶ
1516 3229 1841 3301 Ἀντιοχείᾳ,
1870 3232 1966 3301 μό-

374 3340 493 3386 νοις
536 3323 817 3388 Ἰουδαίοις
848 3325 1158 3394 ἐκήρυττον
1185 3324 1251 3377 τὰ
1291 3326 1390 3393 τῆς
1431 3323 1689 3387 πίστεως’
1723 3325 1963 3393 Κύπριοι

371 3414 430 3468 δέ
480 3432 628 3477 τινες
681 3416 776 3469 καὶ
829 3417 1137 3485 Κυρηναῖοι
1188 3416 1247 3467 ἐν
1299 3415 1606 3485 Ἀντιοχείᾳ
1655 3414 1961 3482 γενόμενοι,

373 3510 563 3579 χειρὸς
595 3509 780 3563 αὐτῶν
809 3509 958 3572 θείας
985 3507 1556 3577 ἀντιλαμϐανομένης,
1582 3506 1717 3559 πολύ
1742 3524 1794 3560 τι
1823 3506 1965 3574 πλῆ-

374 3600 464 3661 θος
504 3601 871 3670 Ἑλληνιστῶν
908 3602 1004 3653 καὶ
1047 3599 1287 3670 ἀριθμοῦ
1317 3601 1570 3669 κρεῖττον
1613 3598 1905 3669 ἠγάγοντο·
1934 3598 1965 3650 δ

371 3696 440 3763 τῇ
472 3695 529 3746 ἐν
570 3691 935 3762 Ἰερουσαλὴμ
964 3691 1266 3761 Ἐκκλησία
1291 3690 1451 3761 δῆλον
1472 3690 1789 3759 γενόμενον,
1820 3690 1963 3757 Βαρ-

373 3784 551 3838 νάϐαν
585 3783 831 3836 στέλλειν
858 3782 989 3852 ἄχρι
1017 3781 1081 3852 δὴ
1116 3782 1211 3834 καὶ
1245 3781 1582 3850 Ἀντιοχείας
1623 3781 1875 3851 ἦπειγεν,
1903 3778 1961 3843 ὃς

373 3874 440 3944 δὴ
470 3876 693 3944 χάριτος
719 3873 868 3936 θείας
894 3873 1149 3942 ἔμπλεως
1182 3866 1275 3942 ἦν.
1307 3872 1418 3925 Καὶ
1441 3871 1504 3942 δὴ
1535 3873 1601 3924 ἐκ
1626 3870 1844 3940 Ταρσοῦ
1870 3870 1963 3923 τὸν

375 3966 591 4018 Παῦλον
612 3965 989 4036 ἀναζητήσας,
1017 3965 1186 4035 ἄμφω
1224 3967 1292 4035 τῇ
1340 3965 1644 4036 ’Δντιοχεία
1684 3964 1963 4034 προσϐάλ-

376 4054 590 4105 λουσινσ
636 4052 845 4121 ἄπειρά
891 4069 950 4104 τε
992 4053 1350 4122 προσήγαγον
1394 4054 1472 4122 τῷ
1501 4053 1723 4123 Χριστῷ
1754 4054 1960 4123 πλήθη,

376 4142 464 4195 ἐπ’
509 4143 768 4196 ἐνιαυτοῦ
812 4143 913 4206 τὰς
961 4144 1317 4206 διδασκαλίας
1353 4144 1697 4215 ποιούμενον
1735 4146 1964 4199 κάκεῖσε

375 4234 506 4295 τοὺς
551 4235 807 4304 μαθητὰς
843 4236 1209 4305 Χριστιανοὺς
1254 4232 1543 4289 καλεῖσθαι
1590 4234 1824 4306 πρώτως
1877 4236 1967 4289 θε-

378 4324 654 4388 σπίζουσι.
682 4328 795 4380 Καὶ
829 4328 1073 4396 ’Ἄγαϐος
1106 4327 1205 4397 μὲν
1237 4323 1317 4391 εἷς
1341 4327 1450 4381 τῶν
1481 4327 1750 4381 συνόντων
1778 4328 1965 4392 αὐτοῖς

375 4420 678 4489 προφητῶν
709 4420 803 4473 τὸν
858 4420 1122 4489 ἐσόμενον
1169 4420 1330 4490 λιμὸν
1379 4423 1717 4491 προεμήνυε.
1750 4419 1963 4483 Παῦλος

373 4509 431 4563 δὲ
463 4509 528 4564 αὖ
562 4512 656 4564 καὶ
679 4512 964 4580 Βαρνάϐας
989 4514 1056 4583 τῇ
1080 4512 1189 4564 τῶν
1212 4511 1463 4581 ἀδελφῶν
1481 4511 1729 4582 διακονίᾳ
1762 4510 1968 4581 ἐξυπη-

379 4607 738 4674 ρετησόμενοι
770 4604 863 4657 διὰ
896 4604 987 4657 τὸν
1037 4607 1478 4675 εἰσκωμάσαντα
1521 4604 1681 4675 λιμὸν
1710 4604 1966 4658 ἁπαντα-

374 4696 471 4766 χοῦ
497 4700 950 4769 παρεπέμποντο.

2064 1941 2314 2011 aliasque
2349 1956 2458 2007 res,
2492 1956 2628 2011 quas
2666 1943 2748 1997 eis
2783 1943 3006 2005 Dorcas,
3042 1959 3143 2013 pro
3180 1957 3248 1998 eo
3271 1953 3437 2014 atque
3471 1945 3645 1999 debe-

2063 2033 2178 2099 bat,
2225 2032 2477 2098 dederat,
2519 2033 2876 2088 ostendentes
2925 2034 3301 2103 supplicarent
3336 2053 3349 2088 :
3387 2035 3535 2089 dicto
3567 2037 3646 2090 ci-

2065 2127 2174 2181 tius
2205 2127 2351 2181 illam
2391 2126 2616 2197 quidem
2656 2128 2968 2193 resuscitat,
3011 2128 3425 2183 multitudinem
3456 2139 3643 2184 autem

2064 2234 2184 2272 eam
2244 2234 2464 2274 omnem
2522 2234 2684 2275 sacro
2737 2219 2913 2275 initiat
2957 2220 3197 2276 lavacro.
3254 2222 3412 2293 142
3439 2224 3646 2278 Deinde

2061 2309 2326 2365 Caesareae
2359 2311 2675 2398 centurioni
2723 2310 2979 2367 Cornelio
3010 2313 3251 2367 oﬁicium
3313 2329 3474 2369 suum
3510 2331 3648 2383 prae-

2068 2411 2200 2463 stat.
2237 2416 2361 2455 cum
2395 2400 2623 2457 linteum
2650 2401 2784 2456 illud
2811 2418 2839 2456 a
2874 2413 3114 2472 quatuor
3131 2405 3378 2473 partibus
3408 2421 3646 2475 superne

2063 2492 2363 2549 demissum
2411 2493 2664 2549 vidisset.
2719 2494 2796 2549 Ita
2854 2493 3139 2561 Cornelio,
3193 2505 3248 2551 et
3296 2499 3544 2566 quicum
3577 2514 3644 2552 eo

2062 2594 2239 2650 erant,
2278 2599 2377 2654 per
2404 2583 2715 2640 doctrinam
2743 2586 2977 2641 initiatis
3001 2587 3282 2653 omnibus,
3317 2589 3491 2660 gratia
3518 2590 3641 2659 Spi-

2064 2678 2209 2734 ritus
2265 2679 2443 2734 sancti
2500 2682 2847 2749 supervenit,
2908 2689 2965 2736 et
3018 2681 3331 2751 linguarum
3381 2684 3646 2737 varietate

2064 2768 2241 2840 gratia
2269 2785 2333 2825 ea
2369 2771 2663 2825 manifesto
2693 2780 2924 2841 apparet
2969 2788 2984 2827 :
3016 2773 3221 2843 quibus
3254 2773 3321 2828 ad
3368 2790 3493 2829 eum
3527 2791 3648 2829 mo-

2063 2862 2194 2917 dum
2224 2862 2456 2919 miriﬁce
2519 2865 2781 2933 peractis,
2840 2864 3089 2920 divinum
3153 2865 3359 2921 deinde
3417 2867 3494 2921 illi
3549 2884 3648 2936 per

2064 2968 2264 3023 aquam
2303 2964 2724 3025 consequuntur
2780 2955 3088 3013 lavacrum.
3140 2956 3437 3011 Enimvero
3485 2959 3648 3012 Petro

2064 3046 2409 3114 revertenti,
2480 3048 2574 3117 qui
2627 3047 3031 3118 Hierosolymis
3084 3064 3153 3103 ex
3224 3049 3649 3105 circumcisione

2064 3146 2245 3207 erant,
2282 3138 2514 3209 gratiam
2541 3138 2715 3208 ipsam
2743 3156 2853 3195 non
2883 3140 3017 3196 satis
3046 3141 3416 3213 intelligenles
3435 3183 3449 3207 ,
3479 3147 3650 3199 maxi-

2068 3247 2293 3303 mopere
2323 3232 2730 3287 suscensebant
2763 3272 2778 3298 ,
2807 3232 2954 3301 quod
2988 3233 3156 3288 salem
3182 3249 3246 3288 ac
3282 3249 3527 3289 mensam
3560 3250 3651 3288 ar-

2068 3338 2317 3391 canaque
2343 3324 2603 3394 mysteria
2654 3323 2789 3377 viris
2820 3324 3089 3393 praeputio
3118 3325 3373 3379 obductis
3401 3340 3651 3380 commu-

2067 3415 2329 3470 nieasset.
2366 3414 2469 3480 Qui
2498 3429 2629 3469 sane
2658 3429 2777 3469 rem
2809 3429 2930 3468 eam
2965 3414 3145 3469 edocti
3174 3416 3356 3470 statim
3387 3416 3701 3486 conquie-'~

2065 3518 2215 3570 vere,
2248 3504 2447 3558 animis
2464 3518 2657 3557 eorum
2687 3504 3054 3559 admiratione
3081 3507 3467 3568 consternatis,
3491 3506 3646 3575 quod

2066 3596 2212 3651 Deus
2232 3595 2398 3651 etiam
2423 3595 2684 3666 gentibus
2704 3597 3086 3665 paenitentiam
3117 3597 3451 3652 concesserit
3474 3598 3543 3652 ad
3565 3598 3647 3652 vi-

2068 3697 2202 3745 tam.
2243 3686 2347 3754 Qui
2391 3703 2523 3742 vero
2548 3689 2751 3758 passim
2797 3688 3033 3758 dispersi
3064 3699 3225 3744 erant
3256 3690 3308 3742 in
3338 3690 3646 3754 thnicia.

2065 3786 2122 3834 et
2150 3778 2351 3850 Cypro,
2400 3788 2457 3835 et
2495 3779 2809 3843 Antiochia,
2836 3779 2995 3834 ﬁdem
3038 3780 3169 3836 solis
3197 3780 3402 3837 ludatis
3448 3781 3647 3851 praedi-

2034 3870 2286 3925 ‘cabant.
2312 3869 2502 3940 Cyprii
2537 3881 2718 3925 tamen
2751 3870 3001 3939 quidam,
3030 3878 3088 3925 et
3129 3868 3401 3943 Cyrenaai,
3453 3872 3651 3925 Antio-

2065 3962 2206 4017 chia:
2240 4001 2255 4027 ,
2285 3962 2473 4017 divina
2525 3964 2609 4017 eis
2658 3961 2966 4032 opitulante
3000 3978 3164 4016 manu
3191 4007 3203 4026 ,
3237 3963 3646 4017 multitudinem

2068 4054 2343 4127 ingentem
2387 4071 2456 4111 ex
2511 4053 2826 4111 Hellenistis
2887 4070 3232 4124 numeroque
3305 4056 3647 4122 superiorem

2067 4147 2135 4200 ad
2165 4146 2329 4201 ﬁdem
2371 4146 2743 4202 adduxerant.
2771 4145 2927 4213 Quod
2960 4161 3086 4201 cum
3109 4145 3370 4201 Ecclesia:
3395 4145 3653 4200 [lieres--

2065 4238 2349 4309 lymitanae
2394 4237 2749 4304 innotuisset,
2794 4238 3102 4293 Barnabam
3137 4237 3487 4292 Antiochiam
3527 4239 3651 4291 mit-

2069 4340 2183 4384 tere
2234 4330 2666 4399 properat:qui
2721 4344 2855 4384 sane
2908 4329 3091 4383 divina
3162 4327 3399 4382 refertus
3451 4330 3647 4397 gratia,

2066 4415 2326 4474 Tarsensi
2381 4421 2697 4490 conquisito
2755 4421 2947 4484 Paulo,
3004 4435 3129 4473 cum
3184 4434 3253 4473 eo
3298 4418 3649 4473 Antiochiam

2066 4511 2463 4582 proﬁciscitur.
2495 4511 2677 4580 Atque
2724 4512 2798 4566 ibi
2836 4527 2981 4565 anno
3015 4520 3130 4564 toto
3163 4511 3448 4571 docentes,
3487 4512 3652 4563 innu.

2066 4604 2390 4660 merabilem
2424 4602 2492 4658 ad
2527 4602 2812 4659 Christum
2854 4602 3184 4673 pertrahunt
3215 4602 3646 4662 multitudinem,

2065 4697 2258 4768 ibique
2318 4698 2561 4767 primum
2593 4695 2896 4764 discipulos
2947 4694 3291 4750 Christianos
3335 4694 3519 4749 vocari
3555 4696 3652 4747 de-

376 4786 508 4841 bere
535 4792 816 4845 sanciunt.
866 4790 1124 4863 Spdenim
1167 4788 1409 4859 Agabus,
1484 4802 1629 4842 unus
1673 4801 1739 4842 ex
1779 4787 1866 4843 his
1899 4791 1996 4859 qui
2035 4803 2160 4843 cum
2202 4788 2283 4843 eis
2338 4796 2496 4844 erant
2522 4787 2842 4857 prophetis,
2874 4787 3074 4842 famem
3109 4786 3349 4841 futuram
3378 4787 3647 4856 praedicit.

377 4884 581 4941 Paulus
616 4903 784 4954 porro
807 4897 864 4943 et
931 4889 1213 4943 Barnabas
1260 4885 1492 4940 fratrum
1559 4870 1871 4941 ministerio
1942 4886 2614 4956 subserviturirpropter
2687 4884 2887 4940 famem
2933 4884 3303 4955 ingruentem,
3351 4885 3549 4955 passim
3593 4886 3650 4940 in

375 4973 497 5029 loca
527 4980 711 5035 omnia
748 4982 1071 5038 mittuntur.

452 5156 530 5227 (l)
561 5157 840 5229 .IEthiopia
867 5162 1151 5230 prazveniet
1185 5174 1375 5214 manus
1406 5159 1522 5229 ejus
1542 5156 1683 5230 Deo,
1716 5156 1823 5215 hoc
1851 5164 1957 5225 est,
1999 5153 2095 5212 ﬁlii
2128 5140 2423 5225 Ethiopiai
2445 5162 2672 5210 current
2693 5152 2760 5210 ad
2787 5152 3212 5227 expandendqu
3274 5166 3469 5206 manus
3521 5168 3655 5208 suas

382 5228 440 5284 in
474 5230 723 5284 oratione
744 5228 932 5284 coram
964 5231 1096 5286 Deo.
1131 5230 1303 5305 (Ρεαί.
1340 5228 1507 5297 tum,
1539 5228 1655 5298 52.)

1974 5437 2051 5451 ’ἡ
