4046 6458
410 373 507 432 771

905 487 1060 559 143
1093 487 1318 543 CAPUT
1370 488 1481 541 vn.

413 604 638 675 Eaﬁquw
663 605 727 657 ab
750 609 979 674 Abgaro,
1001 607 1055 657 in
1079 604 1287 658 civitate
1309 603 1527 666 Edessa.
1561 623 1656 674 per
1687 604 1983 666 apostolum

483 674 804 727 Thaddnzum
834 684 969 743 sunt
1008 683 1126 727 acta
1152 689 1171 726 :
1206 682 1255 725 et
1303 676 1366 726 de
1409 677 1642 743 imagine
1686 674 1982 731 Servatoris

484 744 700 807 Christi,
724 742 873 803 nulla
910 760 1074 797 manu
1101 745 1499 808 interveniente,
1524 742 1700 813 picta.

483 858 676 926 Operae
708 859 948 926 pretium
978 868 1201 926 quoque
1232 858 1332 927 (l).
1371 867 1430 912 ut
1454 860 1683 922 sciatur,
1714 858 1847 913 illud
1878 868 1985 924 est,

415 949 562 1018 quod
594 948 905 1003 Servatoris
938 949 1114 1003 nostri
1156 948 1422 1004 divinitas
1470 960 1527 1005 et
1555 966 1784 1021 operum
1818 968 1986 1022 supra

418 1044 577 1096 ﬁdem
625 1051 680 1096 et
722 1042 1040 1111 opinionem
1086 1043 1338 1097 omnium
1380 1042 1628 1098 eﬂectrix
1661 1045 1861 1112 virtus,
1892 1061 1990 1116 per

417 1145 617 1187 terram
677 1134 987 1188 universam
1036 1134 1367 1200 decantata,
1417 1135 1619 1190 multos
1669 1151 1890 1206 quoque
1920 1152 1988 1190 ex

416 1224 890 1293 longinquissimis
948 1225 1267 1294 regionibus
1350 1227 1649 1281 sanationis
1715 1226 1993 1282 incurabi-

417 1317 550 1369 lium
607 1317 929 1371 morborum
982 1332 1082 1385 spe
1124 1318 1480 1386 permoyerit.
1540 1318 1694 1374 Unde
1729 1320 1993 1387 toparcba

417 1408 667 1477 Abgarus
724 1408 990 1462 ditionem
1046 1423 1202 1463 suam
1244 1414 1391 1464 ultra
1457 1409 1793 1478 Euphratem
1863 1428 1990 1467 cum

418 1499 581 1553 laude
612 1499 1032 1563 administrans,
1079 1515 1146 1555 eo
1183 1501 1328 1570 quod
1364 1501 1656 1556 incurabili
1705 1511 1995 1573 torquere-

424 1600 516 1644 tur
540 1590 757 1653 morbe,
793 1606 917 1645 cum
947 1607 1148 1646 nomen
1178 1593 1306 1647 Jesu
1332 1593 1545 1646 celebre
1567 1608 1666 1662 per
1689 1602 1887 1648 terram
1915 1595 1996 1648 in—

311 1688 323 1699 '
422 1683 781 1738 crebrescens
798 1683 1046 1737 audisset
1090 1683 1511 1754 (testiﬁcabatur
1537 1684 1795 1739 nimirum
1837 1685 1995 1742 famae

421 1782 478 1827 et
508 1790 594 1827 res
629 1774 790 1843 ipsa),
814 1776 1042 1843 supplex
1071 1776 1121 1829 ei
1156 1790 1255 1844 per
1286 1776 1573 1845 epistolam
1604 1776 1680 1841 ﬁt,
1713 1777 1995 1833 liberatio—

422 1882 549 1920 nem
579 1884 609 1921 a
634 1869 827 1921 morbo
855 1882 923 1922 eo
954 1882 1176 1938 rogans.
1215 1867 1308 1922 Ille
1338 1883 1473 1923 vero
1507 1867 1576 1923 ad
1608 1885 1735 1924 eum
1768 1870 1992 1940 quidem

424 1959 614 2012 venire
664 1959 991 2027 supersedit,
1053 1972 1151 2028 per
1179 1959 1470 2028 epistolam
1518 1967 1703 2015 tamen
1736 1961 1995 2017 manibus

422 2050 538 2105 suis
581 2050 838 2120 scriptam
883 2050 934 2105 ei
967 2049 1293 2119 respondit:
1328 2060 1581 2121 oportere
1635 2065 1718 2114 se,
1759 2066 2001 2108 comme—

426 2145 648 2196 morans
673 2181 690 2207 ,
726 2132 859 2197 cuni
876 2157 1001 2212 qua:
1029 2142 1081 2197 ei
1117 2157 1147 2196 a
1172 2142 1340 2196 Patre
1360 2143 1629 2211 imperata
1661 2155 1851 2199 essent
1875 2159 1999 2213 per-

423 2235 664 2298 fecisset,
695 2233 763 2290 ad
801 2251 928 2290 eum
965 2237 1190 2291 reverti.
1214 2235 1568 2291 Profectione
1609 2251 1745 2291 vero
1775 2251 1836 2291 ea
1867 2252 2001 2291 con-

425 2323 587 2382 fecta.
619 2341 686 2379 ex
709 2324 1074 2380 sectatoribus
1096 2326 1212 2383 suis
1250 2342 1442 2390 unum,
1463 2326 1796 2381 Thaddaeum
1825 2327 2004 2382 nomi-

425 2431 516 2477 ne.
569 2417 635 2470 ad
668 2416 817 2469 illum
871 2418 1194 2482 missurum,
1229 2419 1322 2487 qui
1371 2398 1496 2473 cu‘m
1553 2419 1806 2474 morbum
1847 2419 2000 2473 illum

422 2515 741 2573 sanaturus,
770 2516 883 2561 tum
917 2509 1043 2563 vitae
1100 2508 1203 2563 sibi
1235 2510 1460 2577 suisque
1489 2511 1734 2565 melioris
1769 2512 2003 2567 admini—

425 2609 538 2654 ster
573 2599 789 2655 futurus
822 2610 988 2656 esset.
1059 2600 1252 2670 Itaque
1296 2610 1422 2672 post
1465 2604 1925 2660 resurrectionem
1972 2623 2002 2661 a

425 2690 682 2753 mortuis,
717 2702 772 2745 et
798 2692 1180 2748 ascensionem
1215 2694 1270 2748 in
1292 2695 1481 2761 caelos,
1509 2695 1748 2750 Thomas
1777 2712 1842 2751 ex
1869 2696 2005 2753 duo-

425 2782 606 2837 decim
662 2798 808 2837 unus
841 2822 857 2846 ,
892 2785 1081 2839 divino
1133 2786 1370 2854 quodam
1427 2797 1601 2853 motu,
1643 2788 2002 2854 Tbaddaaum,

425 2874 521 2942 qui
558 2890 624 2928 ex
651 2875 998 2945 septuaginta
1028 2878 1139 2931 illis
1166 2893 1286 2932 esse
1317 2880 1572 2947 cognitus
1600 2889 1702 2944 est,
1739 2881 1802 2934 ad
1831 2880 2005 2936 Edesc

425 2978 541 3017 sam
597 2977 902 3031 praeconem
937 2977 993 3019 et
1022 2965 1424 3036 Evangelistam
1452 2968 1642 3035 mittit,
1666 2977 1725 3023 ut
1759 2985 1856 3038 per
1878 2986 2004 3026 eum

429 3069 552 3123 quae
612 3054 868 3109 Christus
922 3057 1280 3124 promiserat,
1342 3059 1527 3114 omnia
1578 3061 1783 3115 exitum
1844 3077 2004 3115 suum

1621 374 2048 434 NICEPHORI
2094 377 2439 437 CALLIS'I‘I

3547 378 3649 439 7'12

2688 489 2936 543 ΚΕΦΑΛ.
2984 486 3055 544 Ζ’.

2554 623 2625 659 ου
2655 605 2725 658 ἐν
2765 603 3028 669 Ἔδέσσῃ
3061 602 3134 670 τῇ
3167 605 3345 657 πόλει
3366 607 3653 674 γενόμενα

2156 677 2254 729 διὰ
2310 677 2416 728 τοῦ
2457 677 2806 729 ἀποστόλου
2845 674 3160 737 Θαδδαῖον,
3214 675 3313 726 καὶ
3359 675 3493 740 περὶ
3547 677 3655 741 τῆς

2156 746 2618 813 ἁχειροποιιξτου
2644 747 2880 810 εἰκόνος
2913 743 3024 797 τοῦ
3053 742 3325 811 Σωτῆρος
3373 746 3651 812 Χριστοῦ.

2092 606 2167 661 Τὰ
2199 605 2318 660 ὑπὸ
2350 606 2551 675 Αὐτὰρ

2160 854 2373 908 Εὶδέναι
2410 855 2509 923 μέν
2538 871 2621 906 τοι
2652 857 2746 911 καὶ
2778 852 2936 906 τοῦτο
2974 854 3083 907 τῶν
3124 854 3446 913 ἀναγκαίων
3484 856 3652 919 ἐστὶν,

2089 945 2164 1008 ὡς
2196 947 2229 1014 ἡ
2261 944 2355 997 τοῦ
2388 944 2643 1014 Σωτῆρος
2677 945 2834 1015 ἡμῶν
2881 946 3073 1013 θεότης
3110 948 3204 999 καὶ
3235 946 3656 1013 παραδοξοποιδς

2089 1036 2319 1106 δύναμις
2371 1036 2685 1105 ἅπανταχοῦ
2729 1036 2831 1105 τῆς
2874 1038 2982 1106 γῆς
3025 1037 3392 1108 διαϐοωμένη,
3434 1038 3662 1098 πολλοὺς

2092 1132 2181 1182 καὶ
2214 1128 2323 1180 τῶν
2356 1127 2415 1192 ἐξ
2441 1127 2747 1197 ἀλλοδαπῆς
2792 1128 2968 1203 ἐλπίδι
3017 1130 3188 1183 νόσων
3222 1130 3461 1183 ἀνιάτων
3501 1130 3660 1200 θερα-

2094 1225 2253 1284 πείας
2285 1221 2547 1290 ἠγάγετο*
2580 1221 2735 1274 ἐνθεν
2765 1239 2848 1274 τοι
2890 1222 2983 1275 καὶ
3011 1222 3040 1274 ὁ
3075 1223 3356 1292 τοπάρχης
3389 1222 3660 1291 Αῦγαρος,

2092 1314 2203 1368 τῶν
2246 1294 2382 1382 ὑπὲρ
2415 1314 2710 1383 Εὐφράτην
2757 1313 3048 1382 ἐπισήμοις
3091 1313 3461 1377 δυναστεύων,
3504 1312 3662 1367 πάθει

2094 1407 2301 1477 ἀνιάτῳ
2323 1407 2420 1460 καὶ
2444 1398 2602 1468 οὗτος
2634 1405 3047 1474 ὲκπιεζόμενος,
3082 1405 3207 1459 ἐπεὶ
3242 1405 3303 1457 τὸ
3347 1405 3525 1477 Ἰησοῦ
3551 1406 3665 1459 δια-

2096 1498 2346 1551 κούσειεν
2373 1498 2547 1567 ὄνομα
2577 1497 2715 1552 πολύ
2749 1514 2802 1549 τι
2829 1495 3042 1550 διαθέον
3069 1496 3170 1567 τὴν
3198 1497 3325 1565 γῆν,
3365 1498 3667 1568 ἐμαρτύρει

2093 1587 2150 1640 δὲ
2179 1589 2290 1658 ἀρα
2318 1588 2416 1643 καὶ
2441 1590 2507 1657 τῇ
2534 1588 2696 1660 φήμῃ
2725 1587 2798 1640 τὰ
2828 1586 3155 1657 πράγματα,
3188 1587 3376 1657 ἱκέτης
3409 1586 3577 1641 αὐτοῦ
3600 1587 3665 1639 δι’

2096 1679 2389 1745 ἐπιστολῆς
2414 1679 2659 1747 ἐγένετο,
2688 1677 2785 1749 τὴν
2808 1679 2908 1746 τῆς
2937 1677 3096 1731 νόσου
3122 1677 3451 1748 ἀπαλλαγὴν
3482 1677 3664 1740 ἀξιῶν.

2108 1770 2167 1823 '0
2213 1770 2259 1824 δ’
2310 1771 2468 1840 ἥκειν
2524 1769 2599 1841 μὴ
2649 1770 2985 1837 ὑπακούσας,
3038 1770 3385 1839 ἀντίγραφον
3430 1770 3476 1822 δ’
3518 1770 3667 1839 ὅμως

2099 1864 2327 1927 οἰκείαις
2350 1863 2694 1934 διασημήνας
2712 1863 2919 1934 χερσὶν,
2940 1863 3279 1928 ἀποστέλλει,
3300 1865 3427 1916 Δεῖν
3456 1863 3666 1927 ἑαυτὸν,

2097 1955 2335 2022 διεξιὼν,
2367 1956 2468 2009 ὅσα
2517 1973 2582 2025 γε
2625 1957 2762 2026 πρὸς
2792 1954 2888 2008 τοῦ
2922 1955 3138 2026 Πατρδς
3186 1955 3520 2024 ἔντέταλμαι
3554 1955 3670 2008 δια-

2099 2048 2358 2112 νύσαντα,
2413 2046 2551 2117 πρὸς
2595 2047 2761 2101 αὐτὸν
2795 2045 3059 2101 ἀνελθεῖν.
3096 2047 3289 2101 Ἦνίκα
3317 2046 3363 2099 δ’
3396 2041 3491 2099 οὖν
3538 2044 3672 2114 πρὸς

2099 2141 2309 2194 ὶκεῖνον
2337 2138 2656 2193 στείλασθαί
2682 2155 2772 2210 μοι
2797 2139 3011 2208 γένοιτο
3038 2140 3140 2207 τὴν
3171 2139 3425 2207 πορείαν,
3455 2139 3552 2192 ἕνα
3589 2151 3671 2188 σοι

2100 2230 2211 2282 τῶν
2259 2229 2412 2299 ιμῶν
2458 2228 2678 2283 ὀπαδῶν
2721 2229 3042 2297 ιπιπέμψω,
3083 2228 3347 2282 Θαδδαῖον
3396 2227 3587 2298 δνομα’
3615 2227 3674 2288 ὃς

2101 2321 2197 2374 καὶ¹
2224 2319 2285 2373 τὸ
2319 2320 2412 2373 σὺν
2449 2321 2746 2388 ἰασάμενος
2777 2320 2974 2383 πάθος,
2997 2321 3094 2373 καὶ
3121 2319 3267 2389 ζωῆς
3294 2319 3541 2389 μείζονος
3562 2322 3673 2383 σοῖς

2100 2427 2162 2463 τε
2197 2412 2292 2465 καὶ
2331 2412 2448 2472 τοῖς
2484 2410 2581 2465 σὺν
2640 2411 2725 2463 eoi.
2762 2410 2993 2479 γένηται
3037 2412 3293 2481 χορηγός.
3343 2412 3456 2465 Καὶ
3500 2411 3673 2463 τοίνυν

2107 2502 2246 2573 μετά
2293 2502 2393 2572 τὴν
2440 2503 2506 2555 εκ
2554 2502 2765 2571 νεκρῶν
2812 2503 3115 2556 ἀνάστασιν
3142 2504 3237 2556 καὶ
3287 2505 3373 2566 είς
3418 2501 3673 2572 οὐρανοὺς

2103 2594 2291 2650 ἄνοδον
2330 2595 2531 2664 Θωμᾶς
2568 2596 2597 2648 ὁ
2640 2595 2749 2647 τῶν
2784 2594 2996 2648 δώδεκα
3042 2590 3145 2660 εἷς,
3177 2595 3298 2666 θείᾳ
3338 2598 3447 2649 τινὶ
3473 2597 3674 2665 κινήσει

2103 2689 2389 2754 Θαδδαῖον,
2441 2685 2523 2752 εἷς
2558 2689 2617 2743 δὲ
2665 2688 2773 2741 τῶν
2832 2696 2873 2743 o'
2923 2681 3081 2750 οὗτος
3134 2690 3559 2761 ἀνεγνωρίζετο,
3608 2692 3672 2759 τῇ

2117 2780 2341 2850 Ἐδὲσσῃ
2364 2780 2582 2849 κήρυκα
2607 2780 2817 2848 πέμπει
2846 2781 2943 2833 καὶ
2972 2781 3391 2852 εὖαγγελιστὴν,
3414 2783 3491 2846 ὡς
3520 2780 3586 2835 άν
3613 2796 3674 2846 γε

2105 2872 2175 2925 δι’
2214 2873 2404 2937 αὐτοῦ,
2444 2874 2612 2943 πέρας
2645 2873 2714 2927 τά
2752 2874 2898 2928 κατά
2941 2874 3181 2945 Χριστὸν
3230 2874 3452 2929 ἅπαντα
3498 2875 3672 2945 σχοίη.

2109 2966 2220 3021 Καὶ
2247 2967 2312 3036 δὴ
2342 2967 2604 3029 Θαδδαῖος
2633 2968 2814 3020 ἐκεῖσε
2847 2968 3160 3037 γενόμενος,
3190 2969 3346 3039 παρά
3371 2987 3476 3023 τινι
3501 2967 3677 3035 Τωὸίᾳ

2107 3059 2483 3123 εἰσοικισθεὶς,
2514 3061 2697 3113 πᾶσαν
2731 3059 2886 3112 νόσον
2917 3061 3147 3129 ἰώμενος
3179 3055 3268 3131 ἦν.
3302 3063 3373 3115 Ὃ
3400 3062 3464 3130 δὴ
3494 3063 3675 3113 ἑνωτι-

431 3155 925 3215 consequerentur.
977 3148 1157 3217 Atque
1213 3148 1289 3205 ibi
1330 3149 1636 3207 Thaddazus
1687 3167 1810 3207 cum
1838 3162 2003 3221 esset,

2113 3152 2350 3221 σάμενος
2373 3150 2651 3223 Αΰγαρος,
2679 3154 2773 3206 καὶ
2805 3155 2864 3206 ὲν
2901 3155 3089 3225 μνήμῃ
3112 3153 3221 3206 τῶν
3250 3154 3679 3224 ἀπεσταλμένων

427 3235 614 3290 Tobiae
638 3236 920 3307 cujusdam
955 3238 1194 3308 hospitio
1221 3250 1520 3309 exceptus,
1578 3258 1800 3301 omnem
1838 3261 2004 3301 cura-

427 3325 523 3380 bat
562 3328 968 3398 aagritudinem.
1003 3332 1162 3398 Quod
1216 3334 1308 3390 ubi
1366 3335 1675 3392 audivisset
1732 3339 2002 3410 Abgarus,

427 3434 550 3487 quae
597 3421 647 3475 ei
704 3437 734 3475 a
768 3421 896 3478 Jesu
948 3439 1047 3494 per
1091 3425 1379 3496 epistolam
1428 3429 1631 3500 scripta
1680 3430 1921 3498 fuerant,
1949 3431 2006 3486 in

428 3512 756 3567 memoriam
790 3529 1078 3579 revocans,
1111 3518 1297 3573 statim
1336 3520 1488 3575 illum
1524 3522 1758 3577 accersit
1799 3540 1814 3578 :
1848 3523 2006 3593 cujus

428 3619 553 3657 eum
599 3605 795 3660 faciem
836 3609 1234 3677 conspexisset,
1268 3620 1325 3666 et
1369 3612 1438 3667 ad
1474 3613 1828 3684 splendorem
1875 3615 2007 3669 inde

427 3698 717 3753 cmicantis
761 3700 903 3755 lucis
932 3701 1336 3772 obstupuisset,
1370 3706 1426 3759 in
1471 3717 1768 3778 conspectu
1800 3707 2020 3777 prima-'

428 3788 639 3841 riorum
673 3789 820 3843 circa
850 3805 910 3845 se
938 3791 1185 3846 virorum
1218 3793 1535 3863 procidens,
1564 3796 1906 3854 adorationis
1928 3813 2011 3854 re—

429 3881 728 3933 verentiam
798 3881 1074 3938 Tbaddzeo
1155 3896 1402 3955 praestat,
1435 3889 1879 3960 diligenterque,
1937 3906 2007 3946 an

431 3972 553 4039 ejus
579 3973 671 4040 qui
708 3974 996 4042 epistolam
1029 3978 1096 4031 ad
1128 3992 1187 4032 se
1218 3978 1462 4036 misisset
1497 3980 1625 4036 Jesu
1653 4022 1667 4045 ,
1709 3983 2009 4051 discipulus

432 4071 603 4125 esset,
641 4065 891 4132 inquirit.
923 4065 1061 4119 Tum
1093 4067 1186 4122 ille
1239 4069 1358 4138 ejus
1389 4086 1451 4126 se
1500 4087 1621 4127 esse
1645 4073 1802 4141 dicit,
1844 4089 2010 4146 prop—

434 4162 699 4221 tereaque
725 4151 938 4219 venire,
966 4164 1026 4209 ut
1057 4155 1182 4212 ﬁdei
1211 4156 1316 4214 ﬁde
1339 4158 1501 4230 digna
1522 4172 1824 4231 praestaret.
1850 4162 2010 4231 Quod

432 4246 476 4295 si
513 4243 564 4295 in
600 4245 784 4313 priore
809 4259 1189 4314 perseveraret
1220 4253 1497 4307 sententia
1529 4261 1586 4308 et
1628 4253 1760 4321 fide,
1800 4258 2010 4327 majora

430 4349 557 4387 cum
586 4335 833 4390 visurum
864 4375 880 4401 ,
912 4349 967 4392 et
996 4348 1181 4410 eptata
1207 4343 1388 4398 cordis
1426 4344 1545 4414 ejus
1572 4346 1640 4401 ad
1671 4346 1919 4403 debitum
1949 4348 2012 4404 ﬁ-

430 4442 558 4481 nem
591 4442 752 4482 suum
777 4442 1133 4499 perventura.
1160 4435 1412 4504 Abgarus
1440 4452 1594 4502 vero,
1627 4457 1645 4491 ι
1684 4439 1763 4494 Ea
1790 4450 1898 4504 est,
1928 4441 2012 4495 in-

2110 3244 2188 3314 τῷ
2229 3244 2406 3313 Ἰησοῦ
2458 3245 2775 3315 γενόμενος,
2817 3245 2981 3309 εὐθὺς
3020 3246 3185 3300 αὐτὸν
3234 3248 3676 3317 μεταστέλλεται.

2110 3334 2224 3388 Καὶ
2262 3334 2326 3404 δὴ
2359 3335 2457 3397 τὰς
2491 3334 2641 3403 ὄψεις
2680 3335 2832 3405 αὐτῷ
2859 3334 3207 3407 προσϐαλὼν,
3247 3338 3350 3391 καὶ
3377 3341 3444 3409 τῇ
3479 3334 3678 3388 ἐκεῖθεν

2110 3423 2499 3495 ἀστραπτούσῃ
2549 3424 2714 3496 αἴγλῃ
2760 3425 3157 3493 καταπλαγεὶς,
3212 3427 3403 3481 πεσὼν
3457 3426 3683 3480 ἐνώπιον

2109 3514 2221 3567 τῶν
2253 3515 2635 3587 ὑπερεχόντων
2669 3516 2844 3586 αὐτῷ,
2874 3517 2974 3587 τὴν
3011 3517 3397 3588 προσκύνησιν
3438 3520 3515 3589 τῷ
3547 3517 3680 3571 Θαδ-

2110 3608 2247 3679 δαίῳ
2275 3610 2567 3675 ἀπένειμε,
2600 3610 2701 3664 καὶ
2732 3610 2975 3679 ἀκριϐῶς
3010 3611 3304 3682 ἀνηρεύνα,
3344 3613 3394 3664 εἰ
3426 3610 3518 3664 τοῦ
3557 3609 3683 3680 γρά-

2074 3697 2078 3702 ’
2109 3700 2317 3771 ψαντος
2359 3700 2537 3769 Ἰησοῦ
2568 3701 2671 3771 τὴν
2702 3702 3000 3772 ἐπιστολήν
3036 3704 3155 3755 ἐστι
3186 3704 3464 3775 μαθητής.
3499 3703 3599 3755 Τὸν
3628 3702 3683 3754 δὲ

2117 3791 2308 3861 φάναι,
2339 3791 2551 3845 ἐκείνου
2600 3808 2661 3844 τε
2707 3789 2870 3856 εἶναι,
2905 3794 3000 3846 καὶ
3029 3792 3097 3846 δι’
3143 3794 3275 3846 αὐτὸ
3320 3814 3391 3864 γε
3437 3796 3590 3867 ἥκειν
3619 3795 3680 3861 τῇ

2111 3885 2317 3939 πίστει,
2342 3885 2413 3940 τά
2458 3886 2628 3941 πιστά
2669 3886 2874 3943 δοῦναι.
2915 3889 3027 3942 Καὶ
3079 3890 3193 3958 εῐγε
3248 3884 3367 3957 τοῖς
3405 3891 3681 3961 προτέροις

2111 3976 2363 4047 ἐμμένοι,
2397 3977 2622 4047 μείζονά
2645 3995 2704 4032 τε
2738 3979 2890 4045 ἰδεῖν,
2922 3980 3018 4034 καὶ
3043 3982 3112 4035 τὰ
3136 3983 3235 4052 τῆς
3272 3985 3501 4055 καρδίας
3527 3981 3680 4049 αἰτή-

2116 4082 2263 4135 ματα
2315 4066 2507 4137 ὲντελῆ
2548 4068 2894 4127 καθεστῶτα.
2935 4073 2993 4123 Ὀ
3029 4072 3107 4138 δὲ,
3160 4090 3180 4123 ι
3218 4074 3380 4129 Οὕτω
3424 4070 3678 4134 πιστεύω,

2114 4159 2308 4231 φησὶν,
2338 4161 2414 4223 ὡς
2445 4161 2540 4214 καὶ
2582 4161 2811 4231 δύναμιν
2855 4164 3225 4219 ἀναλαϐέσθαι
3264 4165 3562 4237 αἱρεῖσθαι,
3592 4163 3682 4215 καὶ

2115 4254 2258 4307 κατά
2301 4254 2414 4308 τῶν
2462 4254 2899 4325 σταυρωσάντων
2937 4260 3166 4325 ἐκεῖνον,
3194 4258 3438 4331 πόλεμον
3474 4261 3680 4325 ἀνεγει-

2116 4363 2254 4416 ρειν,
2286 4348 2334 4400 εί
2361 4346 2439 4418 μή
2466 4347 2587 4412 δέος
2616 4343 2684 4419 ἦν
2713 4351 2777 4402 ὲκ
2813 4347 3127 4421 Ῥωμαίων,
3157 4353 3316 4423 ήμῶν
3346 4352 3571 4413 ἐκείνοις
3595 4349 3683 4400 τὸν

2115 4438 2323 4509 αὐχένα
2371 4439 2695 4495 κλινάντων.
2727 4458 2748 4492 ι
2802 4442 2864 4496 '0
2912 4442 2971 4495 δὲ
3017 4443 3300 4511 Θαδδαῖος,
3332 4465 3351 4498 ι
3394 4445 3453 4497 ’0
3486 4440 3682 4509 Κύριος

425 4518 573 4585 quit,
604 4518 736 4574 ﬁdes
760 4532 817 4576 et
854 4525 1141 4591 persuasio
1169 4542 1314 4590 mea,
1352 4536 1411 4581 ut
1449 4528 1614 4583 etiam
1645 4546 1755 4585 non
1786 4531 2003 4588 dubita-

2118 4532 2297 4604 ἡμῶν,
2324 4536 2515 4604 φησὶν,
2545 4534 2754 4606 Ἰησοῦς
2783 4537 2884 4591 οὐκ
2915 4537 3136 4608 ὲπιδεής
3159 4539 3308 4592 ἐστιν
3340 4534 3682 4607 ἀνθρωπίνης

426 4624 571 4670 rem,
597 4612 844 4666 exercitu
876 4625 1067 4669 coacto
1094 4654 1110 4680 ,
1142 4627 1333 4670 contra
1366 4632 1465 4673 eos
1488 4620 1582 4688 qui
1618 4619 1769 4675 illum
1799 4622 1852 4675 in
1885 4636 2012 4677 cru-

430 4715 555 4754 cem
603 4714 856 4771 egerunt,
889 4705 1093 4760 bellum
1135 4710 1459 4779 suscipere:
1493 4712 1601 4767 nisi
1643 4729 1674 4767 a
1727 4713 2010 4781 Romanis,

422 4792 637 4860 quibus
663 4795 801 4848 colla
840 4797 942 4865 ipsi
972 4799 1353 4858 submittimus
1376 4804 1477 4876 (2),
1507 4813 1687 4861 metus
1713 4816 1768 4861 et
1795 4807 2013 4876 pericu-

433 4882 545 4935 lum
574 4882 939 4937 immineret.»
962 4884 1270 4944 Thaddaeus
1288 4905 1439 4956 vero,
1473 4910 1491 4944 ι
1521 4892 1789 4949 Dominus
1815 4905 2010 4952 noster

430 4973 615 5037 Jesus,
632 4974 829 5043 inquit,
859 4975 1019 5048 144
1039 4993 1203 5033 manu
1227 4988 1283 5034 et
1311 4982 1515 5037 auxilio
1535 4983 1777 5040 humano
1795 5003 1905 5042 non
1933 4989 2016 5048 iu-

434 5065 607 5135 digct,
641 5068 736 5135 qui
764 5068 1046 5124 voluntate
1083 5071 1263 5127 Patris
1285 5074 1367 5127 sui
1401 5076 1696 5146 completa,
1730 5078 1797 5131 ad
1832 5079 2012 5148 ipsum

430 5164 521 5210 est
579 5172 853 5211 reversus.
917 5177 935 5209 ι
970 5161 1223 5231 Abgarus
1279 5178 1520 5229 rursum,
1561 5184 1581 5216 ι
1619 5166 1726 5222 Sed
1760 5183 1886 5238 ego,
1913 5170 2011 5235 ait,

438 5246 541 5316 ipsi
574 5248 833 5318 Patrique
878 5251 1018 5321 ejus.
1052 5267 1173 5321 qua:
1203 5251 1328 5306 ﬁdei
1379 5264 1531 5320 sunt,
1568 5258 1952 5319 rependerem.
1989 5278 2007 5312 ι

442 5358 459 5390 ι
504 5339 562 5395 Si
590 5342 693 5396 hoc
728 5343 801 5395 ita
832 5351 938 5407 est,
964 5342 1128 5397 infert
1172 5343 1505 5411 ThadJaeus,
1567 5362 1637 5401 en
1676 5348 1774 5402 tibi
1816 5350 1870 5403 in
1913 5366 2013 5405 no-

437 5430 586 5487 mine
615 5432 744 5489 Jesu
770 5434 975 5489 Christi
1000 5450 1222 5488 manum
1258 5450 1434 5491 meam
1470 5439 1716 5508 impono.
1757 5457 1775 5491 ι
1808 5442 2011 5495 Sitqu-

356 5544 364 5557 ν
428 5537 545 5591 que
576 5540 701 5580 cum
732 5535 939 5581 attactu
967 5535 1023 5581 et
1058 5527 1285 5583 morbus
1338 5530 1655 5601 profugiens
1686 5536 1967 5590 evanescit
1993 5577 2007 5601 ,

626 5710 1073 5795 Hagiographunt
1106 5716 1489 5795 h_oe._(E;useb.
1526 5723 1627 5795 lib.
1672 5738 1710 5785 ι,
1745 5741 1866 5795 cap.
1906 5727 2017 5793 l5.)

2118 4625 2324 4695 χειρός*
2354 4626 2415 4678 τὸ
2454 4626 2672 4698 θέλημα
2710 4626 2805 4681 τοῦ
2853 4629 2988 4682 ίδίου
3037 4630 3253 4700 Πατρὸς
3298 4626 3679 4697 ἐκπληρώσας.

2119 4717 2255 4786 πρὸς
2296 4711 2459 4770 αὐτὸν
2503 4720 2862 4791 ἀνελήφθη.»
2912 4702 3165 4793 Ᾱῦγαρος
3206 4723 3284 4790 δὲ,
3322 4741 3342 4775 ι
3382 4719 3524 4773 Ἀλλ’
3555 4712 3678 4782 ἐγὼ,

2119 4809 2308 4879 φησὶν,
2339 4811 2493 4882 αὐτῷ
2531 4829 2591 4866 τε
2638 4813 2709 4867 τὰ
2744 4814 2843 4884 τῆς
2873 4814 3110 4878 πίστεως
3140 4817 3445 4887 ἀπεδόμην,
3474 4812 3568 4865 καὶ
3607 4804 3679 4873 τῷ

2119 4900 2286 4955 αὐτοῦ
2324 4901 2520 4973 Πατρί.
2557 4923 2575 4956 ι
2622 4921 2644 4957 ε
2674 4905 2787 4958 Καὶ
2837 4906 2887 4958 εί
2934 4905 3113 4971 τοῦτο,
3163 4907 3362 4977 ἐπάγει
3409 4900 3676 4957 Θαδδαῖος.

2125 4992 2235 5048 nos
2266 4994 2325 5047 ἐν
2366 4993 2448 5065 τῷ
2492 4996 2716 5066 ὀνόματι
2759 4995 2935 5066 Ἰησοῦ
2969 4997 3210 5068 Χριστοῦ
3237 4998 3337 5070 τὴν
3366 4996 3507 5066 ἐμὴν
3530 4983 3680 5062 χεῖρά

2120 5101 2204 5138 οτι
2235 5086 2548 5157 ἐπιτίθημι.
2576 5106 2595 5140 ι
2628 5087 2780 5159 ’Δμα
2813 5088 2869 5142 δὲ
2906 5092 2971 5160 τῇ
3003 5090 3114 5161 ἀφῇ
3151 5092 3248 5144 καὶ
3279 5094 3337 5160 in
3369 5088 3525 5146 νόσος
3557 5081 3679 5149 δρα·

2119 5175 2427 5230 πετεύουσα
2455 5173 2541 5248 ἦν.
2571 5179 2679 5231 Καὶ
2709 5179 2873 5241 αὐτὸς
2896 5181 3092 5249 ἀκαρεὶ
3125 5180 3316 5253 ὥσπερ
3343 5177 3411 5252 ἦν
3446 5173 3551 5244 πρὸ
3583 5165 3678 5236 τῆς

2117 5263 2274 5317 νόσου
2317 5267 2737 5338 ἀνεγνωρίζετο.
2768 5271 2883 5323 Οὐκ
2911 5269 3078 5335 αὐτὸς
3117 5271 3174 5326 δὲ
3210 5274 3392 5344 μόνος,
3425 5266 3561 5323 ἀλλὰ
3590 5256 3677 5310 καὶ

2122 5351 2292 5420 Αὖδος
2333 5359 2361 5410 ὃ
2387 5363 2537 5425 παῖς,
2569 5362 2712 5433 νόσῳ
2750 5363 2845 5416 καὶ
2896 5362 3062 5427 αὐτὸς
3107 5367 3235 5429 τοὺς
3280 5365 3448 5424 πόδας
3479 5350 3673 5421 ἀλγῶν·

2126 5448 2317 5501 Πολλοὶ
2345 5450 2402 5503 δὲ
2429 5452 2524 5505 καὶ
2545 5452 2697 5506 ἄλλοι
2720 5455 2828 5508 τῶν
2851 5454 2949 5523 τῆς
2977 5456 3187 5520 πόλεως
3210 5458 3387 5519 νόσοις
3414 5445 3676 5505 ποικίλαις

2126 5540 2472 5610 παλαίοντες,
2523 5544 2657 5616 εὐχῇ
2693 5563 2750 5597 τε
2787 5547 2905 5616 ἅμα
2939 5548 3033 5602 καὶ
3071 5552 3136 5620 τῇ
3175 5551 3286 5623 ἁφῇ
3340 5547 3528 5602 θᾶττον
3577 5527 3675 5584 τῶν

499 5778 590 5846 »(2)
626 5778 857 5838 Εεῐιιόο
873 5778 1656 5849 summissionisOrientalium
1680 5778 2014 5866 ῥορυτιοίυὶὲί
2049 5798 2361 5855 (Euvaeorum
2391 5810 2447 5857 ct
2479 5800 2883 5859 Rutbenorum.
