  <div class='ocr_page' id='page_1' title='image "/cluster/home/n/w/nwhite01/storage/ocr_20150623/145:no.1/coo.31924054870500/394.png"; bbox 0 0 4046 6450; ppageno 0'>
   <div class='ocr_carea' id='block_1_1' title="bbox 392 385 501 446">
    <p class='ocr_par' dir='ltr' id='par_1_1' title="bbox 392 385 501 446">
     <span class='ocr_line' id='line_1_1' title="bbox 392 385 501 446; baseline 0 0"><span class='ocrx_word' id='word_1_1' title='bbox 392 385 501 446; x_wconf 77' lang='lat'><strong>773</strong></span> 
     </span>
    </p>
   </div>
   <div class='ocr_carea' id='block_1_2' title="bbox 1357 378 2703 443">
    <p class='ocr_par' dir='ltr' id='par_1_2' title="bbox 1357 378 2703 443">
     <span class='ocr_line' id='line_1_2' title="bbox 1357 378 2703 443; baseline 0.004 -6"><span class='ocrx_word' id='word_1_2' title='bbox 1357 378 1964 441; x_wconf 64' lang='lat' dir='ltr'><strong>ECCL‘ESIASTICAE</strong></span> <span class='ocrx_word' id='word_1_3' title='bbox 2007 380 2399 440; x_wconf 66' lang='lat' dir='ltr'><strong>HISTORIA!</strong></span> <span class='ocrx_word' id='word_1_4' title='bbox 2434 382 2579 443; x_wconf 82' lang='lat' dir='ltr'><strong>LIB.</strong></span> <span class='ocrx_word' id='word_1_5' title='bbox 2624 385 2703 443; x_wconf 91' lang='grc' dir='ltr'><strong>ΙΙ.</strong></span> 
     </span>
    </p>
   </div>
   <div class='ocr_carea' id='block_1_3' title="bbox 3554 388 3661 456">
    <p class='ocr_par' dir='ltr' id='par_1_3' title="bbox 3554 388 3661 456">
     <span class='ocr_line' id='line_1_3' title="bbox 3554 388 3661 456; baseline 0.056 -7"><span class='ocrx_word' id='word_1_6' title='bbox 3554 388 3661 456; x_wconf 73' lang='grc'><strong>774</strong></span> 
     </span>
    </p>
   </div>
   <div class='ocr_carea' id='block_1_4' title="bbox 391 485 1987 570">
    <p class='ocr_par' dir='ltr' id='par_1_4' title="bbox 391 492 1970 568">
     <span class='ocr_line' id='line_1_4' title="bbox 391 492 1970 568; baseline -0.005 -18"><span class='ocrx_word' id='word_1_7' title='bbox 391 497 671 568; x_wconf 74' lang='grc' dir='ltr'><strong>δυσχερῶν</strong></span> <span class='ocrx_word' id='word_1_8' title='bbox 701 494 1136 561; x_wconf 76' lang='grc' dir='ltr'>ἀπηλλάττοντο.</span> <span class='ocrx_word' id='word_1_9' title='bbox 1181 492 1307 545; x_wconf 79' lang='grc' dir='ltr'>Ἐπὶ</span> <span class='ocrx_word' id='word_1_10' title='bbox 1344 493 1400 546; x_wconf 87' lang='grc' dir='ltr'><strong>δὲ</strong></span> <span class='ocrx_word' id='word_1_11' title='bbox 1432 492 1643 548; x_wconf 83' lang='grc' dir='ltr'>τούτοις</span> <span class='ocrx_word' id='word_1_12' title='bbox 1677 492 1777 562; x_wconf 76' lang='grc' dir='ltr'>τὴν</span> <span class='ocrx_word' id='word_1_13' title='bbox 1815 494 1970 545; x_wconf 75' lang='grc' dir='ltr'>πόλιν</span> 
     </span>
    </p>
   </div>
   <div class='ocr_carea' id='block_1_5' title="bbox 2088 485 3713 570">
    <p class='ocr_par' dir='ltr' id='par_1_5' title="bbox 2088 485 3713 570">
     <span class='ocr_line' id='line_1_5' title="bbox 2088 485 3713 570; baseline 0.009 -23"><span class='ocrx_word' id='word_1_14' title='bbox 2088 506 2133 549; x_wconf 74' lang='lat' dir='ltr'><strong>3t</strong></span> <span class='ocrx_word' id='word_1_15' title='bbox 2158 485 2277 563; x_wconf 70' lang='lat' dir='ltr'><strong>ipse</strong></span> <span class='ocrx_word' id='word_1_16' title='bbox 2312 497 2461 549; x_wconf 83' lang='lat' dir='ltr'><strong>brevi</strong></span> <span class='ocrx_word' id='word_1_17' title='bbox 2492 508 2792 563; x_wconf 81' lang='lat' dir='ltr'><strong>momento,</strong></span> <span class='ocrx_word' id='word_1_18' title='bbox 2822 500 2997 568; x_wconf 83' lang='lat' dir='ltr'><strong>qualis</strong></span> <span class='ocrx_word' id='word_1_19' title='bbox 3024 509 3149 555; x_wconf 88' lang='lat' dir='ltr'><strong>ante</strong></span> <span class='ocrx_word' id='word_1_20' title='bbox 3180 503 3429 559; x_wconf 84' lang='lat' dir='ltr'><strong>morbum</strong></span> <span class='ocrx_word' id='word_1_21' title='bbox 3453 504 3658 570; x_wconf 80' lang='lat' dir='ltr'><strong>fuerat,</strong></span> <span class='ocrx_word' id='word_1_22' title='bbox 3710 530 3713 533; x_wconf 93' lang='grc'><strong>·</strong></span> 
     </span>
    </p>
   </div>
   <div class='ocr_carea' id='block_1_6' title="bbox 396 582 1976 655">
    <p class='ocr_par' dir='ltr' id='par_1_6' title="bbox 396 582 1976 655">
     <span class='ocr_line' id='line_1_6' title="bbox 396 582 1976 655; baseline -0.004 -11"><span class='ocrx_word' id='word_1_23' title='bbox 396 594 618 645; x_wconf 76' lang='grc' dir='ltr'>ἃπασαν</span> <span class='ocrx_word' id='word_1_24' title='bbox 642 582 1039 653; x_wconf 77' lang='grc' dir='ltr'>ἐκκλησιάσας,</span> <span class='ocrx_word' id='word_1_25' title='bbox 1067 586 1166 655; x_wconf 84' lang='grc' dir='ltr'><strong>τὴν</strong></span> <span class='ocrx_word' id='word_1_26' title='bbox 1199 587 1341 638; x_wconf 87' lang='grc' dir='ltr'><strong>κατά</strong></span> <span class='ocrx_word' id='word_1_27' title='bbox 1366 586 1458 638; x_wconf 83' lang='grc' dir='ltr'><strong>τὸν</strong></span> <span class='ocrx_word' id='word_1_28' title='bbox 1485 585 1712 655; x_wconf 79' lang='grc' dir='ltr'>Σωτῆρα</span> <span class='ocrx_word' id='word_1_29' title='bbox 1740 585 1976 654; x_wconf 79' lang='grc' dir='ltr'>Χριστὸν</span> 
     </span>
    </p>
   </div>
   <div class='ocr_carea' id='block_1_7' title="bbox 396 668 1977 751">
    <p class='ocr_par' dir='ltr' id='par_1_7' title="bbox 396 668 1977 751">
     <span class='ocr_line' id='line_1_7' title="bbox 396 668 1977 751; baseline -0.004 -13"><span class='ocrx_word' id='word_1_30' title='bbox 396 680 716 751; x_wconf 71' lang='grc' dir='ltr'><strong>οἰκονομίαν</strong></span> <span class='ocrx_word' id='word_1_31' title='bbox 761 668 983 733; x_wconf 77' lang='grc' dir='ltr'>δι’πασαν</span> <span class='ocrx_word' id='word_1_32' title='bbox 1018 681 1045 732; x_wconf 88' lang='grc' dir='ltr'><strong>ό</strong></span> <span class='ocrx_word' id='word_1_33' title='bbox 1074 679 1373 739; x_wconf 78' lang='grc' dir='ltr'><strong>ἀπόστολος</strong></span> <span class='ocrx_word' id='word_1_34' title='bbox 1424 677 1650 748; x_wconf 82' lang='grc' dir='ltr'>διεξῄει’</span> <span class='ocrx_word' id='word_1_35' title='bbox 1681 678 1749 731; x_wconf 89' lang='grc' dir='ltr'><strong>τά</strong></span> <span class='ocrx_word' id='word_1_36' title='bbox 1776 678 1977 732; x_wconf 84' lang='grc' dir='ltr'>τελεώ-</span> 
     </span>
    </p>
   </div>
   <div class='ocr_carea' id='block_1_8' title="bbox 398 767 1980 846">
    <p class='ocr_par' dir='ltr' id='par_1_8' title="bbox 398 767 1980 846">
     <span class='ocr_line' id='line_1_8' title="bbox 398 767 1980 846; baseline -0.003 -20"><span class='ocrx_word' id='word_1_37' title='bbox 398 792 534 846; x_wconf 83' lang='grc' dir='ltr'>τερα</span> <span class='ocrx_word' id='word_1_38' title='bbox 574 772 629 826; x_wconf 83' lang='grc' dir='ltr'><strong>δὲ</strong></span> <span class='ocrx_word' id='word_1_39' title='bbox 672 772 889 834; x_wconf 79' lang='grc' dir='ltr'>τούτοις</span> <span class='ocrx_word' id='word_1_40' title='bbox 920 772 1161 840; x_wconf 67' lang='grc' dir='ltr'>ομυήσας,</span> <span class='ocrx_word' id='word_1_41' title='bbox 1203 769 1298 823; x_wconf 89' lang='grc' dir='ltr'><strong>τοῦ</strong></span> <span class='ocrx_word' id='word_1_42' title='bbox 1344 786 1404 823; x_wconf 84' lang='grc' dir='ltr'><strong>τε</strong></span> <span class='ocrx_word' id='word_1_43' title='bbox 1440 769 1589 822; x_wconf 82' lang='grc' dir='ltr'>θείου</span> <span class='ocrx_word' id='word_1_44' title='bbox 1627 767 1980 834; x_wconf 81' lang='grc' dir='ltr'><strong>καταξιώσας</strong></span> 
     </span>
    </p>
   </div>
   <div class='ocr_carea' id='block_1_9' title="bbox 398 860 1979 937">
    <p class='ocr_par' dir='ltr' id='par_1_9' title="bbox 398 860 1979 937">
     <span class='ocr_line' id='line_1_9' title="bbox 398 860 1979 937; baseline -0.005 -16"><span class='ocrx_word' id='word_1_45' title='bbox 398 865 652 937; x_wconf 80' lang='grc' dir='ltr'><strong>λουτροῦ,</strong></span> <span class='ocrx_word' id='word_1_46' title='bbox 688 863 867 933; x_wconf 82' lang='grc' dir='ltr'><strong>ἱερέας</strong></span> <span class='ocrx_word' id='word_1_47' title='bbox 914 880 975 916; x_wconf 86' lang='grc' dir='ltr'><strong>τε</strong></span> <span class='ocrx_word' id='word_1_48' title='bbox 1024 862 1520 931; x_wconf 78' lang='grc' dir='ltr'>καταστησάμενος</span> <span class='ocrx_word' id='word_1_49' title='bbox 1563 860 1659 922; x_wconf 85' lang='grc' dir='ltr'><strong>οῦς</strong></span> <span class='ocrx_word' id='word_1_50' title='bbox 1696 877 1762 928; x_wconf 83' lang='grc' dir='ltr'><strong>γε</strong></span> <span class='ocrx_word' id='word_1_51' title='bbox 1797 860 1979 931; x_wconf 82' lang='grc' dir='ltr'>χρεὼν</span> 
     </span>
    </p>
   </div>
   <div class='ocr_carea' id='block_1_10' title="bbox 401 946 1980 1030">
    <p class='ocr_par' dir='ltr' id='par_1_10' title="bbox 401 946 1980 1030">
     <span class='ocr_line' id='line_1_10' title="bbox 401 946 1980 1030; baseline -0.001 -20"><span class='ocrx_word' id='word_1_52' title='bbox 401 956 489 1030; x_wconf 78' lang='grc' dir='ltr'>ἦν,</span> <span class='ocrx_word' id='word_1_53' title='bbox 536 959 634 1012; x_wconf 70' lang='grc' dir='ltr'><strong>καὶ</strong></span> <span class='ocrx_word' id='word_1_54' title='bbox 684 956 854 1011; x_wconf 78' lang='grc' dir='ltr'>τᾶλλα</span> <span class='ocrx_word' id='word_1_55' title='bbox 917 955 1101 1009; x_wconf 85' lang='grc' dir='ltr'>πάντα</span> <span class='ocrx_word' id='word_1_56' title='bbox 1152 955 1337 1018; x_wconf 86' lang='grc' dir='ltr'>καλῶς</span> <span class='ocrx_word' id='word_1_57' title='bbox 1396 946 1744 1025; x_wconf 80' lang='grc' dir='ltr'>διαθέμενος,</span> <span class='ocrx_word' id='word_1_58' title='bbox 1796 957 1980 1009; x_wconf 80' lang='grc' dir='ltr'>πᾶσαν</span> 
     </span>
    </p>
   </div>
   <div class='ocr_carea' id='block_1_11' title="bbox 398 1048 1980 1122">
    <p class='ocr_par' dir='ltr' id='par_1_11' title="bbox 398 1048 1980 1122">
     <span class='ocr_line' id='line_1_11' title="bbox 398 1048 1980 1122; baseline -0.001 -17"><span class='ocrx_word' id='word_1_59' title='bbox 398 1053 614 1122; x_wconf 77' lang='grc' dir='ltr'>ἐκείνην</span> <span class='ocrx_word' id='word_1_60' title='bbox 635 1051 909 1119; x_wconf 82' lang='grc' dir='ltr'>ἁφιέρωσε</span> <span class='ocrx_word' id='word_1_61' title='bbox 987 1048 1066 1119; x_wconf 82' lang='grc' dir='ltr'>τῷ</span> <span class='ocrx_word' id='word_1_62' title='bbox 1112 1048 1253 1118; x_wconf 82' lang='grc' dir='ltr'>Θεῷ.</span> <span class='ocrx_word' id='word_1_63' title='bbox 1288 1048 1603 1120; x_wconf 79' lang='grc' dir='ltr'><strong>Χρημάτων</strong></span> <span class='ocrx_word' id='word_1_64' title='bbox 1648 1049 1696 1101; x_wconf 88' lang='grc' dir='ltr'><strong>δ’</strong></span> <span class='ocrx_word' id='word_1_65' title='bbox 1727 1048 1980 1103; x_wconf 80' lang='grc' dir='ltr'>ἐντεῦθεν</span> 
     </span>
    </p>
   </div>
   <div class='ocr_carea' id='block_1_12' title="bbox 397 1140 1977 1211">
    <p class='ocr_par' dir='ltr' id='par_1_12' title="bbox 397 1140 1977 1211">
     <span class='ocr_line' id='line_1_12' title="bbox 397 1140 1977 1211; baseline -0.004 -12"><span class='ocrx_word' id='word_1_66' title='bbox 397 1146 486 1199; x_wconf 82' lang='grc' dir='ltr'><strong>διὰ</strong></span> <span class='ocrx_word' id='word_1_67' title='bbox 508 1144 684 1198; x_wconf 88' lang='grc' dir='ltr'>ταῦτα</span> <span class='ocrx_word' id='word_1_68' title='bbox 705 1144 784 1210; x_wconf 77' lang='grc' dir='ltr'>τῷ</span> <span class='ocrx_word' id='word_1_69' title='bbox 812 1142 1099 1210; x_wconf 85' lang='grc' dir='ltr'>ἀποστόλῳ</span> <span class='ocrx_word' id='word_1_70' title='bbox 1124 1140 1260 1211; x_wconf 84' lang='grc' dir='ltr'>πρὸς</span> <span class='ocrx_word' id='word_1_71' title='bbox 1286 1141 1543 1210; x_wconf 86' lang='grc' dir='ltr'>Λύγάρου</span> <span class='ocrx_word' id='word_1_72' title='bbox 1571 1141 1977 1211; x_wconf 81' lang='grc' dir='ltr'><strong>κομιζομένων,</strong></span> 
     </span>
    </p>
   </div>
   <div class='ocr_carea' id='block_1_13' title="bbox 397 1232 1981 1303">
    <p class='ocr_par' dir='ltr' id='par_1_13' title="bbox 397 1232 1981 1303">
     <span class='ocr_line' id='line_1_13' title="bbox 397 1232 1981 1303; baseline -0.004 -11"><span class='ocrx_word' id='word_1_73' title='bbox 397 1238 675 1293; x_wconf 77' lang='grc' dir='ltr'><strong>ἀπείπατο</strong></span> <span class='ocrx_word' id='word_1_74' title='bbox 705 1234 984 1298; x_wconf 78' lang='grc' dir='ltr'>δέξασθαι,</span> <span class='ocrx_word' id='word_1_75' title='bbox 1026 1250 1044 1283; x_wconf 80' lang='lat' dir='ltr'><strong>t</strong></span> <span class='ocrx_word' id='word_1_76' title='bbox 1076 1234 1139 1287; x_wconf 82' lang='grc' dir='ltr'><strong>Εἰ</strong></span> <span class='ocrx_word' id='word_1_77' title='bbox 1173 1235 1239 1287; x_wconf 84' lang='grc' dir='ltr'>τὰ</span> <span class='ocrx_word' id='word_1_78' title='bbox 1280 1234 1545 1303; x_wconf 87' lang='grc' dir='ltr'>ἡμέτερα,</span> <span class='ocrx_word' id='word_1_79' title='bbox 1580 1232 1774 1297; x_wconf 76' lang='grc' dir='ltr'>εἰπὼν,</span> <span class='ocrx_word' id='word_1_80' title='bbox 1819 1250 1981 1286; x_wconf 86' lang='grc' dir='ltr'>κατε-</span> 
     </span>
    </p>
   </div>
   <div class='ocr_carea' id='block_1_14' title="bbox 397 1324 1980 1401">
    <p class='ocr_par' dir='ltr' id='par_1_14' title="bbox 397 1324 1980 1401">
     <span class='ocr_line' id='line_1_14' title="bbox 397 1324 1980 1401; baseline -0.006 -16"><span class='ocrx_word' id='word_1_81' title='bbox 397 1330 687 1401; x_wconf 80' lang='grc' dir='ltr'>λείψαμεν,</span> <span class='ocrx_word' id='word_1_82' title='bbox 719 1328 835 1388; x_wconf 83' lang='grc' dir='ltr'><strong>πῶς</strong></span> <span class='ocrx_word' id='word_1_83' title='bbox 865 1324 1156 1396; x_wconf 77' lang='grc' dir='ltr'><strong>ληψόμεθα</strong></span> <span class='ocrx_word' id='word_1_84' title='bbox 1188 1326 1257 1379; x_wconf 86' lang='grc' dir='ltr'>τὰ</span> <span class='ocrx_word' id='word_1_85' title='bbox 1291 1325 1583 1395; x_wconf 84' lang='grc' dir='ltr'>ἀλλότρια;</span> <span class='ocrx_word' id='word_1_86' title='bbox 1617 1344 1637 1377; x_wconf 67' lang='grc' dir='ltr'><strong>ι</strong></span> <span class='ocrx_word' id='word_1_87' title='bbox 1674 1325 1748 1377; x_wconf 86' lang='grc' dir='ltr'><strong>’Ἡ</strong></span> <span class='ocrx_word' id='word_1_88' title='bbox 1779 1341 1844 1393; x_wconf 88' lang='grc' dir='ltr'><strong>γε</strong></span> <span class='ocrx_word' id='word_1_89' title='bbox 1871 1327 1980 1395; x_wconf 82' lang='grc' dir='ltr'>μὴν</span> 
     </span>
    </p>
   </div>
   <div class='ocr_carea' id='block_1_15' title="bbox 397 1410 1978 1490">
    <p class='ocr_par' dir='ltr' id='par_1_15' title="bbox 397 1410 1978 1490">
     <span class='ocr_line' id='line_1_15' title="bbox 397 1410 1978 1490; baseline -0.005 -13"><span class='ocrx_word' id='word_1_90' title='bbox 397 1421 493 1477; x_wconf 90' lang='grc' dir='ltr'><strong>τοῦ</strong></span> <span class='ocrx_word' id='word_1_91' title='bbox 514 1420 766 1490; x_wconf 78' lang='grc' dir='ltr'>Αὐγάρου</span> <span class='ocrx_word' id='word_1_92' title='bbox 796 1410 1056 1488; x_wconf 74' lang='grc' dir='ltr'>ἐπιστολῆ</span> <span class='ocrx_word' id='word_1_93' title='bbox 1083 1417 1220 1487; x_wconf 81' lang='grc' dir='ltr'>πρὸς</span> <span class='ocrx_word' id='word_1_94' title='bbox 1246 1417 1501 1487; x_wconf 77' lang='grc' dir='ltr'>Χριστὸν,</span> <span class='ocrx_word' id='word_1_95' title='bbox 1529 1417 1598 1487; x_wconf 79' lang='grc' dir='ltr'>ἢν</span> <span class='ocrx_word' id='word_1_96' title='bbox 1621 1417 1690 1471; x_wconf 87' lang='grc' dir='ltr'><strong>δι’</strong></span> <span class='ocrx_word' id='word_1_97' title='bbox 1732 1418 1978 1470; x_wconf 81' lang='grc' dir='ltr'>Ἀνανίου</span> 
     </span>
    </p>
   </div>
   <div class='ocr_carea' id='block_1_16' title="bbox 398 1502 1979 1583">
    <p class='ocr_par' dir='ltr' id='par_1_16' title="bbox 398 1502 1979 1583">
     <span class='ocr_line' id='line_1_16' title="bbox 398 1502 1979 1583; baseline -0.004 -16"><span class='ocrx_word' id='word_1_98' title='bbox 398 1514 741 1583; x_wconf 81' lang='grc' dir='ltr'>ταχυδρόμου</span> <span class='ocrx_word' id='word_1_99' title='bbox 788 1512 886 1564; x_wconf 77' lang='grc' dir='ltr'>καὶ</span> <span class='ocrx_word' id='word_1_100' title='bbox 951 1509 1268 1581; x_wconf 85' lang='grc' dir='ltr'>κούρσωρος</span> <span class='ocrx_word' id='word_1_101' title='bbox 1320 1502 1731 1575; x_wconf 68' lang='grc' dir='ltr'>ἐξαπέστειλεν,</span> <span class='ocrx_word' id='word_1_102' title='bbox 1795 1511 1871 1571; x_wconf 85' lang='grc' dir='ltr'>ὠς</span> <span class='ocrx_word' id='word_1_103' title='bbox 1920 1510 1979 1562; x_wconf 83' lang='grc' dir='ltr'>ὲν</span> 
     </span>
    </p>
   </div>
   <div class='ocr_carea' id='block_1_17' title="bbox 398 1600 1976 1677">
    <p class='ocr_par' dir='ltr' id='par_1_17' title="bbox 398 1600 1976 1677">
     <span class='ocr_line' id='line_1_17' title="bbox 398 1600 1976 1677; baseline -0.004 -17"><span class='ocrx_word' id='word_1_104' title='bbox 398 1607 557 1677; x_wconf 84' lang='grc' dir='ltr'>τύπῳ</span> <span class='ocrx_word' id='word_1_105' title='bbox 617 1602 913 1668; x_wconf 87' lang='grc' dir='ltr'>διαλαϐεῖν,</span> <span class='ocrx_word' id='word_1_106' title='bbox 980 1604 1108 1657; x_wconf 85' lang='grc' dir='ltr'>τάδε</span> <span class='ocrx_word' id='word_1_107' title='bbox 1173 1600 1386 1667; x_wconf 72' lang='grc' dir='ltr'>λέξεσιν</span> <span class='ocrx_word' id='word_1_108' title='bbox 1450 1602 1647 1665; x_wconf 82' lang='grc' dir='ltr'>αὑταῖς</span> <span class='ocrx_word' id='word_1_109' title='bbox 1708 1605 1976 1672; x_wconf 81' lang='grc' dir='ltr'>περιεῖχε·</span> 
     </span>
    </p>
   </div>
   <div class='ocr_carea' id='block_1_18' title="bbox 407 1694 1982 1768">
    <p class='ocr_par' dir='ltr' id='par_1_18' title="bbox 407 1694 1982 1768">
     <span class='ocr_line' id='line_1_18' title="bbox 407 1694 1982 1768; baseline -0.003 -15"><span class='ocrx_word' id='word_1_110' title='bbox 407 1718 426 1753; x_wconf 75' lang='lat' dir='ltr'><strong>t</strong></span> <span class='ocrx_word' id='word_1_111' title='bbox 464 1699 602 1768; x_wconf 76' lang='grc' dir='ltr'>Περὶ</span> <span class='ocrx_word' id='word_1_112' title='bbox 634 1697 730 1750; x_wconf 88' lang='grc' dir='ltr'><strong>σοῦ</strong></span> <span class='ocrx_word' id='word_1_113' title='bbox 763 1699 856 1751; x_wconf 78' lang='grc' dir='ltr'><strong>καὶ</strong></span> <span class='ocrx_word' id='word_1_114' title='bbox 894 1696 1005 1748; x_wconf 87' lang='grc' dir='ltr'><strong>τῶν</strong></span> <span class='ocrx_word' id='word_1_115' title='bbox 1037 1695 1151 1748; x_wconf 86' lang='grc' dir='ltr'><strong>σῶν</strong></span> <span class='ocrx_word' id='word_1_116' title='bbox 1193 1696 1390 1749; x_wconf 82' lang='grc' dir='ltr'>ίάσεων</span> <span class='ocrx_word' id='word_1_117' title='bbox 1426 1694 1699 1768; x_wconf 85' lang='grc' dir='ltr'>ἀκηκοὼς,</span> <span class='ocrx_word' id='word_1_118' title='bbox 1735 1697 1811 1758; x_wconf 85' lang='grc' dir='ltr'>ὼς</span> <span class='ocrx_word' id='word_1_119' title='bbox 1842 1713 1982 1766; x_wconf 73' lang='grc' dir='ltr'>φαρ·</span> 
     </span>
    </p>
   </div>
   <div class='ocr_carea' id='block_1_19' title="bbox 404 1786 1976 1861">
    <p class='ocr_par' dir='ltr' id='par_1_19' title="bbox 404 1786 1976 1861">
     <span class='ocr_line' id='line_1_19' title="bbox 404 1786 1976 1861; baseline -0.003 -16"><span class='ocrx_word' id='word_1_120' title='bbox 404 1792 599 1861; x_wconf 87' lang='grc' dir='ltr'>μάκων</span> <span class='ocrx_word' id='word_1_121' title='bbox 624 1789 755 1844; x_wconf 78' lang='grc' dir='ltr'>ἄνευ</span> <span class='ocrx_word' id='word_1_122' title='bbox 784 1788 879 1842; x_wconf 76' lang='grc' dir='ltr'>καὶ</span> <span class='ocrx_word' id='word_1_123' title='bbox 910 1787 1172 1853; x_wconf 83' lang='grc' dir='ltr'>βοτανῶν,</span> <span class='ocrx_word' id='word_1_124' title='bbox 1198 1786 1343 1856; x_wconf 85' lang='grc' dir='ltr'>λόγῳ</span> <span class='ocrx_word' id='word_1_125' title='bbox 1367 1788 1422 1842; x_wconf 81' lang='grc' dir='ltr'><strong>δὲ</strong></span> <span class='ocrx_word' id='word_1_126' title='bbox 1450 1788 1598 1858; x_wconf 83' lang='grc' dir='ltr'>μόνῳ</span> <span class='ocrx_word' id='word_1_127' title='bbox 1626 1788 1852 1856; x_wconf 82' lang='grc' dir='ltr'>τυφλοῖς</span> <span class='ocrx_word' id='word_1_128' title='bbox 1878 1788 1976 1858; x_wconf 82' lang='grc' dir='ltr'>μὲν</span> 
     </span>
    </p>
   </div>
   <div class='ocr_carea' id='block_1_20' title="bbox 401 1880 1976 1952">
    <p class='ocr_par' dir='ltr' id='par_1_20' title="bbox 401 1880 1976 1952">
     <span class='ocr_line' id='line_1_20' title="bbox 401 1880 1976 1952; baseline -0.002 -15"><span class='ocrx_word' id='word_1_129' title='bbox 401 1883 463 1937; x_wconf 85' lang='grc' dir='ltr'>τὺ</span> <span class='ocrx_word' id='word_1_130' title='bbox 492 1882 735 1952; x_wconf 83' lang='grc' dir='ltr'>βλέπειν,</span> <span class='ocrx_word' id='word_1_131' title='bbox 765 1881 957 1951; x_wconf 75' lang='grc' dir='ltr'>χωλοῖς</span> <span class='ocrx_word' id='word_1_132' title='bbox 990 1881 1048 1932; x_wconf 80' lang='grc' dir='ltr'><strong>δὲ</strong></span> <span class='ocrx_word' id='word_1_133' title='bbox 1080 1880 1140 1932; x_wconf 82' lang='grc' dir='ltr'><strong>τὸ</strong></span> <span class='ocrx_word' id='word_1_134' title='bbox 1171 1881 1513 1950; x_wconf 83' lang='grc' dir='ltr'>περιπατεῖν,</span> <span class='ocrx_word' id='word_1_135' title='bbox 1546 1880 1769 1951; x_wconf 86' lang='grc' dir='ltr'>λεπροῖς</span> <span class='ocrx_word' id='word_1_136' title='bbox 1793 1880 1850 1934; x_wconf 79' lang='grc' dir='ltr'><strong>δὲ</strong></span> <span class='ocrx_word' id='word_1_137' title='bbox 1877 1881 1976 1952; x_wconf 83' lang='grc' dir='ltr'><strong>τὴν</strong></span> 
     </span>
    </p>
   </div>
   <div class='ocr_carea' id='block_1_21' title="bbox 402 1970 1979 2043">
    <p class='ocr_par' dir='ltr' id='par_1_21' title="bbox 402 1970 1979 2043">
     <span class='ocr_line' id='line_1_21' title="bbox 402 1970 1979 2043; baseline -0.003 -16"><span class='ocrx_word' id='word_1_138' title='bbox 402 1974 696 2043; x_wconf 82' lang='grc' dir='ltr'>κάθαρσιν,</span> <span class='ocrx_word' id='word_1_139' title='bbox 751 1973 848 2025; x_wconf 80' lang='grc' dir='ltr'>καὶ</span> <span class='ocrx_word' id='word_1_140' title='bbox 911 1973 1022 2034; x_wconf 88' lang='grc' dir='ltr'>τοῖς</span> <span class='ocrx_word' id='word_1_141' title='bbox 1082 1973 1323 2041; x_wconf 80' lang='grc' dir='ltr'>μακραῖς</span> <span class='ocrx_word' id='word_1_142' title='bbox 1396 1971 1575 2035; x_wconf 84' lang='grc' dir='ltr'>νόσοις</span> <span class='ocrx_word' id='word_1_143' title='bbox 1631 1970 1979 2040; x_wconf 79' lang='grc' dir='ltr'>πιεζομένοις</span> 
     </span>
    </p>
   </div>
   <div class='ocr_carea' id='block_1_22' title="bbox 402 2062 1976 2134">
    <p class='ocr_par' dir='ltr' id='par_1_22' title="bbox 402 2062 1976 2134">
     <span class='ocr_line' id='line_1_22' title="bbox 402 2062 1976 2134; baseline -0.003 -15"><span class='ocrx_word' id='word_1_144' title='bbox 402 2065 740 2134; x_wconf 85' lang='grc' dir='ltr'>κατάλληλον</span> <span class='ocrx_word' id='word_1_145' title='bbox 763 2062 864 2133; x_wconf 84' lang='grc' dir='ltr'>τὴν</span> <span class='ocrx_word' id='word_1_146' title='bbox 889 2063 1135 2133; x_wconf 76' lang='grc' dir='ltr'>ἰατρείαν</span> <span class='ocrx_word' id='word_1_147' title='bbox 1155 2063 1354 2133; x_wconf 82' lang='grc' dir='ltr'>ἀμισθὶ</span> <span class='ocrx_word' id='word_1_148' title='bbox 1378 2062 1668 2117; x_wconf 79' lang='grc' dir='ltr'>καὶταῦτα</span> <span class='ocrx_word' id='word_1_149' title='bbox 1694 2064 1976 2133; x_wconf 77' lang='grc' dir='ltr'>παρέχεις,</span> 
     </span>
    </p>
   </div>
   <div class='ocr_carea' id='block_1_23' title="bbox 402 2152 1981 2223">
    <p class='ocr_par' dir='ltr' id='par_1_23' title="bbox 402 2152 1981 2223">
     <span class='ocr_line' id='line_1_23' title="bbox 402 2152 1981 2223; baseline -0.002 -13"><span class='ocrx_word' id='word_1_150' title='bbox 402 2158 501 2210; x_wconf 71' lang='grc' dir='ltr'>καὶ</span> <span class='ocrx_word' id='word_1_151' title='bbox 538 2156 674 2211; x_wconf 77' lang='grc' dir='ltr'>ἄλλα</span> <span class='ocrx_word' id='word_1_152' title='bbox 708 2154 882 2209; x_wconf 86' lang='grc' dir='ltr'>πολλά</span> <span class='ocrx_word' id='word_1_153' title='bbox 916 2153 1091 2223; x_wconf 75' lang='grc' dir='ltr'>μείζω</span> <span class='ocrx_word' id='word_1_154' title='bbox 1123 2153 1216 2207; x_wconf 75' lang='grc' dir='ltr'><strong>καὶ</strong></span> <span class='ocrx_word' id='word_1_155' title='bbox 1253 2152 1563 2223; x_wconf 73' lang='grc' dir='ltr'>ὑπερτέρας</span> <span class='ocrx_word' id='word_1_156' title='bbox 1596 2153 1629 2223; x_wconf 82' lang='grc' dir='ltr'>ἦ</span> <span class='ocrx_word' id='word_1_157' title='bbox 1670 2154 1796 2206; x_wconf 85' lang='grc' dir='ltr'>καθ’</span> <span class='ocrx_word' id='word_1_158' title='bbox 1829 2155 1981 2223; x_wconf 83' lang='grc' dir='ltr'>ἡμᾶς</span> 
     </span>
    </p>
   </div>
   <div class='ocr_carea' id='block_1_24' title="bbox 401 2244 1980 2318">
    <p class='ocr_par' dir='ltr' id='par_1_24' title="bbox 401 2244 1980 2318">
     <span class='ocr_line' id='line_1_24' title="bbox 401 2244 1980 2318; baseline -0.003 -15"><span class='ocrx_word' id='word_1_159' title='bbox 401 2249 688 2318; x_wconf 77' lang='grc' dir='ltr'>δυνάμεως</span> <span class='ocrx_word' id='word_1_160' title='bbox 734 2248 871 2318; x_wconf 81' lang='grc' dir='ltr'>ἔργα</span> <span class='ocrx_word' id='word_1_161' title='bbox 910 2248 1112 2309; x_wconf 87' lang='grc' dir='ltr'>ποιεῖς,</span> <span class='ocrx_word' id='word_1_162' title='bbox 1140 2245 1285 2298; x_wconf 84' lang='grc' dir='ltr'>κατὰ</span> <span class='ocrx_word' id='word_1_163' title='bbox 1325 2244 1449 2299; x_wconf 85' lang='grc' dir='ltr'>νοῦν</span> <span class='ocrx_word' id='word_1_164' title='bbox 1484 2244 1711 2315; x_wconf 66' lang='grc' dir='ltr'>ἐθέμην,</span> <span class='ocrx_word' id='word_1_165' title='bbox 1753 2244 1980 2316; x_wconf 87' lang='grc' dir='ltr'>θάτερον</span> 
     </span>
    </p>
   </div>
   <div class='ocr_carea' id='block_1_25' title="bbox 404 2333 1982 2407">
    <p class='ocr_par' dir='ltr' id='par_1_25' title="bbox 404 2333 1982 2407">
     <span class='ocr_line' id='line_1_25' title="bbox 404 2333 1982 2407; baseline -0.002 -13"><span class='ocrx_word' id='word_1_166' title='bbox 404 2340 515 2394; x_wconf 87' lang='grc' dir='ltr'><strong>τῶν</strong></span> <span class='ocrx_word' id='word_1_167' title='bbox 548 2340 640 2394; x_wconf 85' lang='grc' dir='ltr'><strong>δύο</strong></span> <span class='ocrx_word' id='word_1_168' title='bbox 669 2336 812 2393; x_wconf 81' lang='grc' dir='ltr'>εἷναί</span> <span class='ocrx_word' id='word_1_169' title='bbox 840 2356 900 2392; x_wconf 83' lang='grc' dir='ltr'><strong>σε</strong></span> <span class='ocrx_word' id='word_1_170' title='bbox 926 2338 1263 2405; x_wconf 73' lang='grc' dir='ltr'><strong>λογίζεσθαι⁸</strong></span> <span class='ocrx_word' id='word_1_171' title='bbox 1290 2337 1321 2407; x_wconf 75' lang='grc' dir='ltr'><strong>ἢ</strong></span> <span class='ocrx_word' id='word_1_172' title='bbox 1353 2339 1435 2389; x_wconf 86' lang='grc' dir='ltr'><strong>ὅτι</strong></span> <span class='ocrx_word' id='word_1_173' title='bbox 1470 2339 1533 2391; x_wconf 83' lang='grc' dir='ltr'><strong>σὺ</strong></span> <span class='ocrx_word' id='word_1_174' title='bbox 1566 2333 1618 2390; x_wconf 80' lang='grc' dir='ltr'>εἶ</span> <span class='ocrx_word' id='word_1_175' title='bbox 1640 2340 1667 2388; x_wconf 87' lang='grc' dir='ltr'>ὁ</span> <span class='ocrx_word' id='word_1_176' title='bbox 1702 2337 1856 2405; x_wconf 80' lang='grc' dir='ltr'>Θεὸς,</span> <span class='ocrx_word' id='word_1_177' title='bbox 1884 2338 1982 2391; x_wconf 77' lang='grc' dir='ltr'><strong>καὶ</strong></span> 
     </span>
    </p>
   </div>
   <div class='ocr_carea' id='block_1_26' title="bbox 404 2427 1980 2501">
    <p class='ocr_par' dir='ltr' id='par_1_26' title="bbox 404 2427 1980 2501">
     <span class='ocr_line' id='line_1_26' title="bbox 404 2427 1980 2501; baseline 0.001 -15"><span class='ocrx_word' id='word_1_178' title='bbox 404 2431 582 2486; x_wconf 87' lang='grc' dir='ltr'>λιπὼν</span> <span class='ocrx_word' id='word_1_179' title='bbox 628 2431 755 2494; x_wconf 85' lang='grc' dir='ltr'>τοὺς</span> <span class='ocrx_word' id='word_1_180' title='bbox 802 2430 1071 2501; x_wconf 81' lang='grc' dir='ltr'>οὐρανοὺς</span> <span class='ocrx_word' id='word_1_181' title='bbox 1125 2428 1515 2499; x_wconf 79' lang='grc' dir='ltr'>ὲπεχωρίασας</span> <span class='ocrx_word' id='word_1_182' title='bbox 1570 2428 1707 2497; x_wconf 78' lang='grc' dir='ltr'>πρὸς</span> <span class='ocrx_word' id='word_1_183' title='bbox 1741 2427 1980 2499; x_wconf 76' lang='grc' dir='ltr'><strong>ήμᾶς⁶ἢ</strong></span> 
     </span>
    </p>
   </div>
   <div class='ocr_carea' id='block_1_27' title="bbox 405 2520 1982 2591">
    <p class='ocr_par' dir='ltr' id='par_1_27' title="bbox 405 2520 1982 2591">
     <span class='ocr_line' id='line_1_27' title="bbox 405 2520 1982 2591; baseline -0.002 -12"><span class='ocrx_word' id='word_1_184' title='bbox 405 2525 534 2587; x_wconf 78' lang='grc' dir='ltr'>Υἱὸς</span> <span class='ocrx_word' id='word_1_185' title='bbox 561 2520 613 2579; x_wconf 76' lang='grc' dir='ltr'>εἴ</span> <span class='ocrx_word' id='word_1_186' title='bbox 643 2523 738 2577; x_wconf 84' lang='grc' dir='ltr'><strong>τοῦ</strong></span> <span class='ocrx_word' id='word_1_187' title='bbox 771 2522 928 2589; x_wconf 80' lang='grc' dir='ltr'>Θεοῦ,</span> <span class='ocrx_word' id='word_1_188' title='bbox 977 2520 1209 2576; x_wconf 85' lang='grc' dir='ltr'>τοιαῦτα</span> <span class='ocrx_word' id='word_1_189' title='bbox 1256 2521 1539 2591; x_wconf 78' lang='grc' dir='ltr'>παράδοξα</span> <span class='ocrx_word' id='word_1_190' title='bbox 1583 2521 1982 2591; x_wconf 76' lang='grc' dir='ltr'>ἐργαζόμενος,</span> 
     </span>
    </p>
   </div>
   <div class='ocr_carea' id='block_1_28' title="bbox 408 2611 1980 2683">
    <p class='ocr_par' dir='ltr' id='par_1_28' title="bbox 408 2611 1980 2683">
     <span class='ocr_line' id='line_1_28' title="bbox 408 2611 1980 2683; baseline -0.003 -14"><span class='ocrx_word' id='word_1_191' title='bbox 408 2615 474 2669; x_wconf 84' lang='grc' dir='ltr'><strong>δι’</strong></span> <span class='ocrx_word' id='word_1_192' title='bbox 503 2614 539 2669; x_wconf 81' lang='grc' dir='ltr'><strong>ἆ</strong></span> <span class='ocrx_word' id='word_1_193' title='bbox 567 2632 649 2668; x_wconf 90' lang='grc' dir='ltr'><strong>τοι</strong></span> <span class='ocrx_word' id='word_1_194' title='bbox 673 2615 769 2668; x_wconf 76' lang='grc' dir='ltr'><strong>καὶ</strong></span> <span class='ocrx_word' id='word_1_195' title='bbox 801 2612 1040 2683; x_wconf 79' lang='grc' dir='ltr'>γράψας,</span> <span class='ocrx_word' id='word_1_196' title='bbox 1069 2611 1262 2681; x_wconf 87' lang='grc' dir='ltr'>δέομαί</span> <span class='ocrx_word' id='word_1_197' title='bbox 1295 2628 1388 2665; x_wconf 89' lang='grc' dir='ltr'><strong>σου</strong></span> <span class='ocrx_word' id='word_1_198' title='bbox 1423 2612 1689 2679; x_wconf 84' lang='grc' dir='ltr'>σκυλῆναι</span> <span class='ocrx_word' id='word_1_199' title='bbox 1721 2612 1856 2680; x_wconf 86' lang='grc' dir='ltr'>πρός</span> <span class='ocrx_word' id='word_1_200' title='bbox 1890 2630 1980 2680; x_wconf 88' lang='grc' dir='ltr'><strong>με,</strong></span> 
     </span>
    </p>
   </div>
   <div class='ocr_carea' id='block_1_29' title="bbox 409 2703 1982 2774">
    <p class='ocr_par' dir='ltr' id='par_1_29' title="bbox 409 2703 1982 2774">
     <span class='ocr_line' id='line_1_29' title="bbox 409 2703 1982 2774; baseline -0.001 -15"><span class='ocrx_word' id='word_1_201' title='bbox 409 2707 505 2759; x_wconf 81' lang='grc' dir='ltr'>καὶ</span> <span class='ocrx_word' id='word_1_202' title='bbox 532 2706 628 2759; x_wconf 85' lang='grc' dir='ltr'><strong>τοῦ</strong></span> <span class='ocrx_word' id='word_1_203' title='bbox 676 2705 849 2759; x_wconf 85' lang='grc' dir='ltr'>πάλαι</span> <span class='ocrx_word' id='word_1_204' title='bbox 898 2723 966 2774; x_wconf 90' lang='grc' dir='ltr'><strong>με</strong></span> <span class='ocrx_word' id='word_1_205' title='bbox 1020 2703 1303 2767; x_wconf 75' lang='grc' dir='ltr'>πιέζοντος</span> <span class='ocrx_word' id='word_1_206' title='bbox 1352 2703 1720 2757; x_wconf 82' lang='grc' dir='ltr'>ἀπαλλάττειν</span> <span class='ocrx_word' id='word_1_207' title='bbox 1751 2704 1982 2767; x_wconf 77' lang='grc' dir='ltr'>πάθους.</span> 
     </span>
    </p>
   </div>
   <div class='ocr_carea' id='block_1_30' title="bbox 407 2795 1985 2869">
    <p class='ocr_par' dir='ltr' id='par_1_30' title="bbox 407 2795 1985 2869">
     <span class='ocr_line' id='line_1_30' title="bbox 407 2795 1985 2869; baseline -0.003 -17"><span class='ocrx_word' id='word_1_208' title='bbox 407 2799 721 2869; x_wconf 87' lang='grc' dir='ltr'>Πέπεισμαι</span> <span class='ocrx_word' id='word_1_209' title='bbox 766 2798 823 2851; x_wconf 78' lang='grc' dir='ltr'><strong>δὲ</strong></span> <span class='ocrx_word' id='word_1_210' title='bbox 871 2799 956 2850; x_wconf 81' lang='grc' dir='ltr'>ὅτι</span> <span class='ocrx_word' id='word_1_211' title='bbox 997 2795 1092 2850; x_wconf 79' lang='grc' dir='ltr'>καὶ</span> <span class='ocrx_word' id='word_1_212' title='bbox 1149 2797 1393 2850; x_wconf 83' lang='grc' dir='ltr'>Ἰουδαῖοι</span> <span class='ocrx_word' id='word_1_213' title='bbox 1439 2796 1692 2865; x_wconf 79' lang='grc' dir='ltr'>πονήρως</span> <span class='ocrx_word' id='word_1_214' title='bbox 1729 2796 1867 2864; x_wconf 84' lang='grc' dir='ltr'>πρὸς</span> <span class='ocrx_word' id='word_1_215' title='bbox 1925 2795 1985 2848; x_wconf 79' lang='grc' dir='ltr'><strong>σὲ</strong></span> 
     </span>
    </p>
   </div>
   <div class='ocr_carea' id='block_1_31' title="bbox 406 2885 1984 2958">
    <p class='ocr_par' dir='ltr' id='par_1_31' title="bbox 406 2885 1984 2958">
     <span class='ocr_line' id='line_1_31' title="bbox 406 2885 1984 2958; baseline -0.002 -15"><span class='ocrx_word' id='word_1_216' title='bbox 406 2890 767 2958; x_wconf 82' lang='grc' dir='ltr'>διακείμενοι,</span> <span class='ocrx_word' id='word_1_217' title='bbox 814 2892 875 2943; x_wconf 80' lang='grc' dir='ltr'><strong>οὐ</strong></span> <span class='ocrx_word' id='word_1_218' title='bbox 922 2888 1066 2947; x_wconf 84' lang='grc' dir='ltr'><strong>καλά</strong></span> <span class='ocrx_word' id='word_1_219' title='bbox 1110 2888 1237 2955; x_wconf 80' lang='grc' dir='ltr'>περὶ</span> <span class='ocrx_word' id='word_1_220' title='bbox 1284 2886 1378 2939; x_wconf 90' lang='grc' dir='ltr'><strong>σοῦ</strong></span> <span class='ocrx_word' id='word_1_221' title='bbox 1417 2885 1730 2957; x_wconf 82' lang='grc' dir='ltr'>φρονοῦσιν·</span> <span class='ocrx_word' id='word_1_222' title='bbox 1776 2886 1905 2957; x_wconf 74' lang='grc' dir='ltr'>ἐμοὶ</span> <span class='ocrx_word' id='word_1_223' title='bbox 1939 2887 1984 2940; x_wconf 86' lang='grc' dir='ltr'><strong>δ’</strong></span> 
     </span>
    </p>
   </div>
   <div class='ocr_carea' id='block_1_32' title="bbox 408 2978 1987 3054">
    <p class='ocr_par' dir='ltr' id='par_1_32' title="bbox 408 2978 1987 3054">
     <span class='ocr_line' id='line_1_32' title="bbox 408 2978 1987 3054; baseline -0.003 -18"><span class='ocrx_word' id='word_1_224' title='bbox 408 2983 527 3037; x_wconf 78' lang='grc' dir='ltr'>ἐστι</span> <span class='ocrx_word' id='word_1_225' title='bbox 562 2983 737 3046; x_wconf 87' lang='grc' dir='ltr'>πόλις,</span> <span class='ocrx_word' id='word_1_226' title='bbox 772 2982 946 3054; x_wconf 82' lang='grc' dir='ltr'>μικρά</span> <span class='ocrx_word' id='word_1_227' title='bbox 972 2999 1031 3034; x_wconf 83' lang='grc' dir='ltr'><strong>τε</strong></span> <span class='ocrx_word' id='word_1_228' title='bbox 1067 2981 1163 3034; x_wconf 76' lang='grc' dir='ltr'><strong>καὶ</strong></span> <span class='ocrx_word' id='word_1_229' title='bbox 1197 2980 1433 3049; x_wconf 79' lang='grc' dir='ltr'>ἄσημος·</span> <span class='ocrx_word' id='word_1_230' title='bbox 1476 2978 1620 3050; x_wconf 81' lang='grc' dir='ltr'>πλὴν</span> <span class='ocrx_word' id='word_1_231' title='bbox 1676 2980 1772 3035; x_wconf 76' lang='grc' dir='ltr'>καὶ</span> <span class='ocrx_word' id='word_1_232' title='bbox 1801 2980 1987 3049; x_wconf 85' lang='grc' dir='ltr'>ἀμφο-</span> 
     </span>
    </p>
   </div>
   <div class='ocr_carea' id='block_1_33' title="bbox 408 3070 2029 3146">
    <p class='ocr_par' dir='ltr' id='par_1_33' title="bbox 408 3070 2029 3146">
     <span class='ocr_line' id='line_1_33' title="bbox 408 3070 2029 3146; baseline -0.002 -17"><span class='ocrx_word' id='word_1_233' title='bbox 408 3077 591 3146; x_wconf 82' lang='grc' dir='ltr'>τέροις</span> <span class='ocrx_word' id='word_1_234' title='bbox 613 3076 861 3145; x_wconf 84' lang='grc' dir='ltr'>ἀρκέσει.</span> <span class='ocrx_word' id='word_1_235' title='bbox 888 3094 908 3127; x_wconf 72' lang='grc' dir='ltr'><strong>ι</strong></span> <span class='ocrx_word' id='word_1_236' title='bbox 945 3074 1097 3127; x_wconf 74' lang='grc' dir='ltr'>Ἐπεὶ</span> <span class='ocrx_word' id='word_1_237' title='bbox 1120 3073 1176 3126; x_wconf 83' lang='grc' dir='ltr'><strong>δὲ</strong></span> <span class='ocrx_word' id='word_1_238' title='bbox 1199 3074 1227 3126; x_wconf 85' lang='grc' dir='ltr'>ὁ</span> <span class='ocrx_word' id='word_1_239' title='bbox 1249 3070 1503 3142; x_wconf 78' lang='grc' dir='ltr'>Αῦγαρος</span> <span class='ocrx_word' id='word_1_240' title='bbox 1525 3074 1757 3143; x_wconf 86' lang='grc' dir='ltr'>γράφων</span> <span class='ocrx_word' id='word_1_241' title='bbox 1781 3072 1986 3142; x_wconf 79' lang='grc' dir='ltr'>ἥκιστα</span> <span class='ocrx_word' id='word_1_242' title='bbox 2024 3111 2029 3118; x_wconf 88' lang='grc'><strong><em>-</em></strong></span> 
     </span>
    </p>
   </div>
   <div class='ocr_carea' id='block_1_34' title="bbox 2078 591 3664 663">
    <p class='ocr_par' dir='ltr' id='par_1_34' title="bbox 2078 591 3664 663">
     <span class='ocr_line' id='line_1_34' title="bbox 2078 591 3664 663; baseline 0.006 -19"><span class='ocrx_word' id='word_1_243' title='bbox 2078 591 2420 656; x_wconf 80' lang='lat' dir='ltr'><strong>agnoscitur.</strong></span> <span class='ocrx_word' id='word_1_244' title='bbox 2458 593 2533 645; x_wconf 86' lang='lat' dir='ltr'><strong>Ac</strong></span> <span class='ocrx_word' id='word_1_245' title='bbox 2565 608 2670 646; x_wconf 91' lang='lat' dir='ltr'><strong>non</strong></span> <span class='ocrx_word' id='word_1_246' title='bbox 2693 594 2812 663; x_wconf 87' lang='lat' dir='ltr'><strong>ipse</strong></span> <span class='ocrx_word' id='word_1_247' title='bbox 2838 595 3025 655; x_wconf 85' lang='lat' dir='ltr'><strong>modo.</strong></span> <span class='ocrx_word' id='word_1_248' title='bbox 3054 610 3245 650; x_wconf 88' lang='lat' dir='ltr'><strong>verum</strong></span> <span class='ocrx_word' id='word_1_249' title='bbox 3268 597 3436 650; x_wconf 87' lang='lat' dir='ltr'><strong>etiam</strong></span> <span class='ocrx_word' id='word_1_250' title='bbox 3471 599 3664 654; x_wconf 83' lang='lat' dir='ltr'><strong>Andus</strong></span> 
     </span>
    </p>
   </div>
   <div class='ocr_carea' id='block_1_35' title="bbox 2081 679 3664 758">
    <p class='ocr_par' dir='ltr' id='par_1_35' title="bbox 2081 679 3664 758">
     <span class='ocr_line' id='line_1_35' title="bbox 2081 679 3664 758; baseline 0.008 -25"><span class='ocrx_word' id='word_1_251' title='bbox 2081 679 2230 735; x_wconf 84' lang='lat' dir='ltr'><strong>filius</strong></span> <span class='ocrx_word' id='word_1_252' title='bbox 2262 682 2404 751; x_wconf 87' lang='lat' dir='ltr'><strong>ejus,</strong></span> <span class='ocrx_word' id='word_1_253' title='bbox 2435 683 2639 751; x_wconf 89' lang='lat' dir='ltr'><strong>pedum</strong></span> <span class='ocrx_word' id='word_1_254' title='bbox 2670 685 2870 739; x_wconf 89' lang='lat' dir='ltr'><strong>morbo</strong></span> <span class='ocrx_word' id='word_1_255' title='bbox 2895 685 3172 750; x_wconf 85' lang='lat' dir='ltr'><strong>laborans,</strong></span> <span class='ocrx_word' id='word_1_256' title='bbox 3226 689 3496 758; x_wconf 76' lang='lat' dir='ltr'><strong>multique</strong></span> <span class='ocrx_word' id='word_1_257' title='bbox 3524 705 3664 755; x_wconf 64' lang='lat' dir='ltr'><strong>pra:-</strong></span> 
     </span>
    </p>
   </div>
   <div class='ocr_carea' id='block_1_36' title="bbox 2084 772 3663 844">
    <p class='ocr_par' dir='ltr' id='par_1_36' title="bbox 2084 772 3663 844">
     <span class='ocr_line' id='line_1_36' title="bbox 2084 772 3663 844; baseline 0.007 -21"><span class='ocrx_word' id='word_1_258' title='bbox 2084 780 2233 825; x_wconf 87' lang='lat' dir='ltr'><strong>terea</strong></span> <span class='ocrx_word' id='word_1_259' title='bbox 2264 772 2358 826; x_wconf 86' lang='lat' dir='ltr'><strong>alii</strong></span> <span class='ocrx_word' id='word_1_260' title='bbox 2382 773 2622 828; x_wconf 75' lang='lat' dir='ltr'><strong>civitatis</strong></span> <span class='ocrx_word' id='word_1_261' title='bbox 2654 775 2796 844; x_wconf 74' lang='lat' dir='ltr'><strong>eius,</strong></span> <span class='ocrx_word' id='word_1_262' title='bbox 2820 776 2988 830; x_wconf 85' lang='lat' dir='ltr'><strong>variis</strong></span> <span class='ocrx_word' id='word_1_263' title='bbox 3019 776 3403 834; x_wconf 80' lang='lat' dir='ltr'><strong>conﬂictantes</strong></span> <span class='ocrx_word' id='word_1_264' title='bbox 3432 776 3663 844; x_wconf 76' lang='lat' dir='ltr'><strong>morbis,</strong></span> 
     </span>
    </p>
   </div>
   <div class='ocr_carea' id='block_1_37' title="bbox 2079 864 3663 939">
    <p class='ocr_par' dir='ltr' id='par_1_37' title="bbox 2079 864 3663 939">
     <span class='ocr_line' id='line_1_37' title="bbox 2079 864 3663 939; baseline 0.009 -24"><span class='ocrx_word' id='word_1_265' title='bbox 2079 864 2330 918; x_wconf 84' lang='lat' dir='ltr'><strong>oratione</strong></span> <span class='ocrx_word' id='word_1_266' title='bbox 2354 864 2515 919; x_wconf 88' lang='lat' dir='ltr'><strong>simul</strong></span> <span class='ocrx_word' id='word_1_267' title='bbox 2545 876 2602 922; x_wconf 90' lang='lat' dir='ltr'><strong>et</strong></span> <span class='ocrx_word' id='word_1_268' title='bbox 2629 875 2833 922; x_wconf 84' lang='lat' dir='ltr'><strong>attactu</strong></span> <span class='ocrx_word' id='word_1_269' title='bbox 2887 870 3142 938; x_wconf 74' lang='lat' dir='ltr'><strong>celeriter</strong></span> <span class='ocrx_word' id='word_1_270' title='bbox 3171 873 3488 939; x_wconf 76' lang='lat' dir='ltr'><strong>gravamine</strong></span> <span class='ocrx_word' id='word_1_271' title='bbox 3511 875 3663 929; x_wconf 88' lang='lat' dir='ltr'><strong>omni</strong></span> 
     </span>
    </p>
   </div>
   <div class='ocr_carea' id='block_1_38' title="bbox 2078 956 3667 1025">
    <p class='ocr_par' dir='ltr' id='par_1_38' title="bbox 2078 956 3667 1025">
     <span class='ocr_line' id='line_1_38' title="bbox 2078 956 3667 1025; baseline 0.007 -16"><span class='ocrx_word' id='word_1_272' title='bbox 2078 956 2413 1012; x_wconf 85' lang='lat' dir='ltr'><strong>liberantur.</strong></span> <span class='ocrx_word' id='word_1_273' title='bbox 2451 960 2582 1014; x_wconf 85' lang='lat' dir='ltr'><strong>Post</strong></span> <span class='ocrx_word' id='word_1_274' title='bbox 2615 960 2753 1025; x_wconf 64' lang='lat' dir='ltr'><strong>haec,</strong></span> <span class='ocrx_word' id='word_1_275' title='bbox 2784 973 3086 1017; x_wconf 85' lang='lat' dir='ltr'><strong>convocata</strong></span> <span class='ocrx_word' id='word_1_276' title='bbox 3127 966 3197 1020; x_wconf 88' lang='lat' dir='ltr'><strong>ad</strong></span> <span class='ocrx_word' id='word_1_277' title='bbox 3231 965 3556 1020; x_wconf 89' lang='lat' dir='ltr'><strong>concionem</strong></span> <span class='ocrx_word' id='word_1_278' title='bbox 3587 968 3667 1020; x_wconf 88' lang='lat' dir='ltr'><strong>ci-</strong></span> 
     </span>
    </p>
   </div>
   <div class='ocr_carea' id='block_1_39' title="bbox 2079 1051 3668 1123">
    <p class='ocr_par' dir='ltr' id='par_1_39' title="bbox 2079 1051 3668 1123">
     <span class='ocr_line' id='line_1_39' title="bbox 2079 1051 3668 1123; baseline 0.006 -19"><span class='ocrx_word' id='word_1_279' title='bbox 2079 1051 2249 1106; x_wconf 83' lang='lat' dir='ltr'><strong>vitate</strong></span> <span class='ocrx_word' id='word_1_280' title='bbox 2280 1053 2432 1106; x_wconf 91' lang='lat' dir='ltr'><strong>omni</strong></span> <span class='ocrx_word' id='word_1_281' title='bbox 2460 1092 2475 1114; x_wconf 94' lang='lat'><strong>,</strong></span> <span class='ocrx_word' id='word_1_282' title='bbox 2510 1055 2793 1123; x_wconf 88' lang='lat' dir='ltr'><strong>apostolus</strong></span> <span class='ocrx_word' id='word_1_283' title='bbox 2824 1056 3031 1111; x_wconf 89' lang='lat' dir='ltr'><strong>obitam</strong></span> <span class='ocrx_word' id='word_1_284' title='bbox 3067 1058 3264 1113; x_wconf 89' lang='lat' dir='ltr'><strong>salutis</strong></span> <span class='ocrx_word' id='word_1_285' title='bbox 3298 1067 3506 1114; x_wconf 66' lang='lat' dir='ltr'><strong>nostra:</strong></span> <span class='ocrx_word' id='word_1_286' title='bbox 3535 1060 3668 1114; x_wconf 83' lang='lat' dir='ltr'><strong>Scr-</strong></span> 
     </span>
    </p>
   </div>
   <div class='ocr_carea' id='block_1_40' title="bbox 2079 1145 3668 1222">
    <p class='ocr_par' dir='ltr' id='par_1_40' title="bbox 2079 1145 3668 1222">
     <span class='ocr_line' id='line_1_40' title="bbox 2079 1145 3668 1222; baseline 0.006 -24"><span class='ocrx_word' id='word_1_287' title='bbox 2079 1145 2256 1199; x_wconf 88' lang='lat' dir='ltr'><strong>vatori</strong></span> <span class='ocrx_word' id='word_1_288' title='bbox 2288 1145 2514 1202; x_wconf 88' lang='lat' dir='ltr'><strong>Christo</strong></span> <span class='ocrx_word' id='word_1_289' title='bbox 2568 1146 2913 1203; x_wconf 78' lang='lat' dir='ltr'><strong>iunctionem</strong></span> <span class='ocrx_word' id='word_1_290' title='bbox 2950 1166 3167 1205; x_wconf 86' lang='lat' dir='ltr'><strong>onmem</strong></span> <span class='ocrx_word' id='word_1_291' title='bbox 3205 1153 3452 1221; x_wconf 75' lang='lat' dir='ltr'><strong>exponit.</strong></span> <span class='ocrx_word' id='word_1_292' title='bbox 3488 1153 3668 1222; x_wconf 90' lang='lat' dir='ltr'><strong>perfe-</strong></span> 
     </span>
    </p>
   </div>
   <div class='ocr_carea' id='block_1_41' title="bbox 2081 1238 3664 1306">
    <p class='ocr_par' dir='ltr' id='par_1_41' title="bbox 2081 1238 3664 1306">
     <span class='ocr_line' id='line_1_41' title="bbox 2081 1238 3664 1306; baseline 0.001 -12"><span class='ocrx_word' id='word_1_293' title='bbox 2081 1238 2350 1294; x_wconf 89' lang='lat' dir='ltr'><strong>ctioribus</strong></span> <span class='ocrx_word' id='word_1_294' title='bbox 2380 1254 2475 1295; x_wconf 81' lang='lat' dir='ltr'><strong>eos</strong></span> <span class='ocrx_word' id='word_1_295' title='bbox 2510 1240 2681 1295; x_wconf 86' lang='lat' dir='ltr'><strong>sacris</strong></span> <span class='ocrx_word' id='word_1_296' title='bbox 2705 1240 2925 1306; x_wconf 83' lang='lat' dir='ltr'><strong>imbuit,</strong></span> <span class='ocrx_word' id='word_1_297' title='bbox 2962 1243 3029 1297; x_wconf 86' lang='lat' dir='ltr'><strong>ad</strong></span> <span class='ocrx_word' id='word_1_298' title='bbox 3061 1258 3279 1298; x_wconf 89' lang='lat' dir='ltr'><strong>sacrum</strong></span> <span class='ocrx_word' id='word_1_299' title='bbox 3309 1244 3554 1297; x_wconf 83' lang='lat' dir='ltr'><strong>admittit</strong></span> <span class='ocrx_word' id='word_1_300' title='bbox 3583 1244 3664 1297; x_wconf 88' lang='lat' dir='ltr'><strong>la—</strong></span> 
     </span>
    </p>
   </div>
   <div class='ocr_carea' id='block_1_42' title="bbox 2081 1335 3668 1407">
    <p class='ocr_par' dir='ltr' id='par_1_42' title="bbox 2081 1335 3668 1407">
     <span class='ocr_line' id='line_1_42' title="bbox 2081 1335 3668 1407; baseline 0.003 -22"><span class='ocrx_word' id='word_1_301' title='bbox 2081 1346 2331 1394; x_wconf 89' lang='lat' dir='ltr'><strong>vacrum,</strong></span> <span class='ocrx_word' id='word_1_302' title='bbox 2376 1336 2719 1407; x_wconf 79' lang='lat' dir='ltr'><strong>sacerdotes,</strong></span> <span class='ocrx_word' id='word_1_303' title='bbox 2794 1350 2937 1402; x_wconf 88' lang='lat' dir='ltr'><strong>quos</strong></span> <span class='ocrx_word' id='word_1_304' title='bbox 2988 1350 3127 1402; x_wconf 92' lang='lat' dir='ltr'><strong>opus</strong></span> <span class='ocrx_word' id='word_1_305' title='bbox 3172 1344 3314 1397; x_wconf 88' lang='lat' dir='ltr'><strong>erat,</strong></span> <span class='ocrx_word' id='word_1_306' title='bbox 3348 1344 3519 1398; x_wconf 85' lang='lat' dir='ltr'><strong>creat,</strong></span> <span class='ocrx_word' id='word_1_307' title='bbox 3558 1335 3668 1389; x_wconf 87' lang='lat' dir='ltr'><strong>alia</strong></span> 
     </span>
    </p>
   </div>
   <div class='ocr_carea' id='block_1_43' title="bbox 2080 1425 3664 1499">
    <p class='ocr_par' dir='ltr' id='par_1_43' title="bbox 2080 1425 3664 1499">
     <span class='ocr_line' id='line_1_43' title="bbox 2080 1425 3664 1499; baseline 0.003 -20"><span class='ocrx_word' id='word_1_308' title='bbox 2080 1425 2267 1479; x_wconf 88' lang='lat' dir='ltr'><strong>omnia</strong></span> <span class='ocrx_word' id='word_1_309' title='bbox 2293 1426 2397 1481; x_wconf 90' lang='lat' dir='ltr'><strong>rite</strong></span> <span class='ocrx_word' id='word_1_310' title='bbox 2429 1437 2486 1481; x_wconf 92' lang='lat' dir='ltr'><strong>et</strong></span> <span class='ocrx_word' id='word_1_311' title='bbox 2521 1428 2717 1481; x_wconf 90' lang='lat' dir='ltr'><strong>ordine</strong></span> <span class='ocrx_word' id='word_1_312' title='bbox 2747 1427 3060 1491; x_wconf 82' lang='lat' dir='ltr'><strong>constituit,</strong></span> <span class='ocrx_word' id='word_1_313' title='bbox 3095 1429 3401 1499; x_wconf 88' lang='lat' dir='ltr'><strong>urbemque</strong></span> <span class='ocrx_word' id='word_1_314' title='bbox 3443 1446 3664 1484; x_wconf 90' lang='lat' dir='ltr'><strong>omnem</strong></span> 
     </span>
    </p>
   </div>
   <div class='ocr_carea' id='block_1_44' title="bbox 2082 1517 3664 1591">
    <p class='ocr_par' dir='ltr' id='par_1_44' title="bbox 2082 1517 3664 1591">
     <span class='ocr_line' id='line_1_44' title="bbox 2082 1517 3664 1591; baseline 0.004 -21"><span class='ocrx_word' id='word_1_315' title='bbox 2082 1517 2194 1571; x_wconf 84' lang='lat' dir='ltr'><strong>Deo</strong></span> <span class='ocrx_word' id='word_1_316' title='bbox 2227 1529 2537 1574; x_wconf 85' lang='lat' dir='ltr'><strong>consecrat.</strong></span> <span class='ocrx_word' id='word_1_317' title='bbox 2579 1518 2715 1575; x_wconf 89' lang='lat' dir='ltr'><strong>Cum</strong></span> <span class='ocrx_word' id='word_1_318' title='bbox 2743 1534 2875 1574; x_wconf 90' lang='lat' dir='ltr'><strong>vero</strong></span> <span class='ocrx_word' id='word_1_319' title='bbox 2899 1520 2969 1573; x_wconf 89' lang='lat' dir='ltr'><strong>ab</strong></span> <span class='ocrx_word' id='word_1_320' title='bbox 3003 1519 3223 1589; x_wconf 78' lang='lat' dir='ltr'><strong>Abgaro</strong></span> <span class='ocrx_word' id='word_1_321' title='bbox 3255 1521 3321 1575; x_wconf 87' lang='lat' dir='ltr'><strong>ad</strong></span> <span class='ocrx_word' id='word_1_322' title='bbox 3350 1523 3664 1591; x_wconf 83' lang='lat' dir='ltr'><strong>apostolum</strong></span> 
     </span>
    </p>
   </div>
   <div class='ocr_carea' id='block_1_45' title="bbox 2081 1611 3665 1681">
    <p class='ocr_par' dir='ltr' id='par_1_45' title="bbox 2081 1611 3665 1681">
     <span class='ocr_line' id='line_1_45' title="bbox 2081 1611 3665 1681; baseline 0.003 -18"><span class='ocrx_word' id='word_1_323' title='bbox 2081 1611 2287 1666; x_wconf 86' lang='lat' dir='ltr'><strong>deinde</strong></span> <span class='ocrx_word' id='word_1_324' title='bbox 2313 1612 2566 1681; x_wconf 81' lang='lat' dir='ltr'><strong>pecuniae</strong></span> <span class='ocrx_word' id='word_1_325' title='bbox 2600 1612 2952 1667; x_wconf 90' lang='lat' dir='ltr'><strong>mitterentur</strong></span> <span class='ocrx_word' id='word_1_326' title='bbox 2974 1652 2989 1676; x_wconf 94' lang='lat'><strong>,</strong></span> <span class='ocrx_word' id='word_1_327' title='bbox 3025 1613 3277 1681; x_wconf 87' lang='lat' dir='ltr'><strong>accipere</strong></span> <span class='ocrx_word' id='word_1_328' title='bbox 3303 1628 3398 1668; x_wconf 90' lang='lat' dir='ltr'><strong>eas</strong></span> <span class='ocrx_word' id='word_1_329' title='bbox 3434 1616 3620 1668; x_wconf 89' lang='lat' dir='ltr'><strong>renuit</strong></span> <span class='ocrx_word' id='word_1_330' title='bbox 3650 1632 3665 1668; x_wconf 89' lang='lat'><strong>:</strong></span> 
     </span>
    </p>
   </div>
   <div class='ocr_carea' id='block_1_46' title="bbox 2082 1699 3669 1772">
    <p class='ocr_par' dir='ltr' id='par_1_46' title="bbox 2082 1699 3669 1772">
     <span class='ocr_line' id='line_1_46' title="bbox 2082 1699 3669 1772; baseline 0.002 -17"><span class='ocrx_word' id='word_1_331' title='bbox 2082 1699 2137 1755; x_wconf 84' lang='lat' dir='ltr'><strong>Si</strong></span> <span class='ocrx_word' id='word_1_332' title='bbox 2173 1701 2344 1767; x_wconf 89' lang='lat' dir='ltr'><strong>enim,</strong></span> <span class='ocrx_word' id='word_1_333' title='bbox 2400 1701 2679 1770; x_wconf 85' lang='lat' dir='ltr'><strong>inquiens,</strong></span> <span class='ocrx_word' id='word_1_334' title='bbox 2740 1713 2932 1756; x_wconf 89' lang='lat' dir='ltr'><strong>nostra</strong></span> <span class='ocrx_word' id='word_1_335' title='bbox 2983 1702 3337 1772; x_wconf 87' lang='lat' dir='ltr'><strong>reliquimus,</strong></span> <span class='ocrx_word' id='word_1_336' title='bbox 3387 1707 3669 1772; x_wconf 77' lang='lat' dir='ltr'><strong>quomodo</strong></span> 
     </span>
    </p>
   </div>
   <div class='ocr_carea' id='block_1_47' title="bbox 2081 1794 3671 1864">
    <p class='ocr_par' dir='ltr' id='par_1_47' title="bbox 2081 1794 3671 1864">
     <span class='ocr_line' id='line_1_47' title="bbox 2081 1794 3671 1864; baseline 0.001 -17"><span class='ocrx_word' id='word_1_337' title='bbox 2081 1794 2416 1863; x_wconf 79' lang='lat' dir='ltr'><strong>accipiemus</strong></span> <span class='ocrx_word' id='word_1_338' title='bbox 2444 1794 2664 1849; x_wconf 81' lang='lat' dir='ltr'><strong>aliena?</strong></span> <span class='ocrx_word' id='word_1_339' title='bbox 2690 1794 2860 1849; x_wconf 92' lang='lat' dir='ltr'><strong>Porro</strong></span> <span class='ocrx_word' id='word_1_340' title='bbox 2888 1795 3089 1864; x_wconf 83' lang='lat' dir='ltr'><strong>Abgari</strong></span> <span class='ocrx_word' id='word_1_341' title='bbox 3126 1796 3358 1864; x_wconf 86' lang='lat' dir='ltr'><strong>epistola</strong></span> <span class='ocrx_word' id='word_1_342' title='bbox 3411 1796 3478 1850; x_wconf 91' lang='lat' dir='ltr'><strong>ad</strong></span> <span class='ocrx_word' id='word_1_343' title='bbox 3508 1796 3671 1850; x_wconf 88' lang='lat' dir='ltr'><strong>Chri-</strong></span> 
     </span>
    </p>
   </div>
   <div class='ocr_carea' id='block_1_48' title="bbox 2090 1885 3666 1956">
    <p class='ocr_par' dir='ltr' id='par_1_48' title="bbox 2090 1885 3666 1956">
     <span class='ocr_line' id='line_1_48' title="bbox 2090 1885 3666 1956; baseline 0.001 -17"><span class='ocrx_word' id='word_1_344' title='bbox 2090 1894 2263 1952; x_wconf 77' lang='lat' dir='ltr'><strong>stum,</strong></span> <span class='ocrx_word' id='word_1_345' title='bbox 2303 1902 2467 1956; x_wconf 91' lang='lat' dir='ltr'><strong>quam</strong></span> <span class='ocrx_word' id='word_1_346' title='bbox 2520 1901 2620 1956; x_wconf 91' lang='lat' dir='ltr'><strong>per</strong></span> <span class='ocrx_word' id='word_1_347' title='bbox 2667 1887 2936 1941; x_wconf 86' lang='lat' dir='ltr'><strong>Ananiam</strong></span> <span class='ocrx_word' id='word_1_348' title='bbox 2985 1885 3321 1956; x_wconf 73' lang='lat' dir='ltr'><strong>expeditum-</strong></span> <span class='ocrx_word' id='word_1_349' title='bbox 3355 1896 3411 1941; x_wconf 90' lang='lat' dir='ltr'><strong>et</strong></span> <span class='ocrx_word' id='word_1_350' title='bbox 3429 1887 3666 1942; x_wconf 90' lang='lat' dir='ltr'><strong>celerem</strong></span> 
     </span>
    </p>
   </div>
   <div class='ocr_carea' id='block_1_49' title="bbox 2079 1978 3671 2048">
    <p class='ocr_par' dir='ltr' id='par_1_49' title="bbox 2079 1978 3671 2048">
     <span class='ocr_line' id='line_1_49' title="bbox 2079 1978 3671 2048; baseline -0.001 -15"><span class='ocrx_word' id='word_1_351' title='bbox 2079 1992 2362 2033; x_wconf 88' lang='lat' dir='ltr'><strong>cursorem</strong></span> <span class='ocrx_word' id='word_1_352' title='bbox 2391 1978 2561 2042; x_wconf 89' lang='lat' dir='ltr'><strong>misit,</strong></span> <span class='ocrx_word' id='word_1_353' title='bbox 2594 1978 2774 2048; x_wconf 86' lang='lat' dir='ltr'><strong>quoad</strong></span> <span class='ocrx_word' id='word_1_354' title='bbox 2806 1978 3079 2033; x_wconf 80' lang='lat' dir='ltr'><strong>crassiore</strong></span> <span class='ocrx_word' id='word_1_355' title='bbox 3109 1978 3274 2033; x_wconf 92' lang='lat' dir='ltr'><strong>modo</strong></span> <span class='ocrx_word' id='word_1_356' title='bbox 3307 1978 3526 2047; x_wconf 91' lang='lat' dir='ltr'><strong>concipi</strong></span> <span class='ocrx_word' id='word_1_357' title='bbox 3571 1994 3671 2048; x_wconf 89' lang='lat' dir='ltr'><strong>po—</strong></span> 
     </span>
    </p>
   </div>
   <div class='ocr_carea' id='block_1_50' title="bbox 2082 2071 3663 2141">
    <p class='ocr_par' dir='ltr' id='par_1_50' title="bbox 2082 2071 3663 2141">
     <span class='ocr_line' id='line_1_50' title="bbox 2082 2071 3663 2141; baseline 0 -19"><span class='ocrx_word' id='word_1_358' title='bbox 2082 2071 2186 2125; x_wconf 87' lang='lat' dir='ltr'><strong>ttiit</strong></span> <span class='ocrx_word' id='word_1_359' title='bbox 2211 2112 2227 2138; x_wconf 83' lang='lat'><strong>,</strong></span> <span class='ocrx_word' id='word_1_360' title='bbox 2267 2071 2452 2126; x_wconf 84' lang='lat' dir='ltr'><strong>verbis</strong></span> <span class='ocrx_word' id='word_1_361' title='bbox 2503 2071 2620 2126; x_wconf 88' lang='lat' dir='ltr'><strong>suis</strong></span> <span class='ocrx_word' id='word_1_362' title='bbox 2671 2071 2814 2127; x_wconf 88' lang='lat' dir='ltr'><strong>hanc</strong></span> <span class='ocrx_word' id='word_1_363' title='bbox 2843 2072 3129 2141; x_wconf 82' lang='lat' dir='ltr'><strong>complexa</strong></span> <span class='ocrx_word' id='word_1_364' title='bbox 3159 2079 3248 2126; x_wconf 88' lang='lat' dir='ltr'><strong>est</strong></span> <span class='ocrx_word' id='word_1_365' title='bbox 3273 2071 3607 2126; x_wconf 84' lang='lat' dir='ltr'><strong>sententiam</strong></span> <span class='ocrx_word' id='word_1_366' title='bbox 3647 2087 3663 2123; x_wconf 92' lang='lat'><strong>:</strong></span> 
     </span>
    </p>
   </div>
   <div class='ocr_carea' id='block_1_51' title="bbox 2085 2160 3670 2233">
    <p class='ocr_par' dir='ltr' id='par_1_51' title="bbox 2085 2160 3670 2233">
     <span class='ocr_line' id='line_1_51' title="bbox 2085 2160 3670 2233; baseline 0.001 -18"><span class='ocrx_word' id='word_1_367' title='bbox 2085 2183 2103 2215; x_wconf 74' lang='grc' dir='ltr'><strong>ι</strong></span> <span class='ocrx_word' id='word_1_368' title='bbox 2141 2163 2277 2217; x_wconf 87' lang='lat' dir='ltr'><strong>Cum</strong></span> <span class='ocrx_word' id='word_1_369' title='bbox 2320 2163 2387 2217; x_wconf 92' lang='lat' dir='ltr'><strong>de</strong></span> <span class='ocrx_word' id='word_1_370' title='bbox 2412 2172 2467 2217; x_wconf 92' lang='lat' dir='ltr'><strong>te</strong></span> <span class='ocrx_word' id='word_1_371' title='bbox 2496 2163 2986 2233; x_wconf 88' lang='lat' dir='ltr'><strong>curationibusque</strong></span> <span class='ocrx_word' id='word_1_372' title='bbox 3016 2164 3126 2217; x_wconf 86' lang='lat' dir='ltr'><strong>tuis</strong></span> <span class='ocrx_word' id='word_1_373' title='bbox 3154 2162 3422 2228; x_wconf 73' lang='lat' dir='ltr'><strong>audirem,</strong></span> <span class='ocrx_word' id='word_1_374' title='bbox 3461 2171 3515 2217; x_wconf 88' lang='lat' dir='ltr'><strong>te</strong></span> <span class='ocrx_word' id='word_1_375' title='bbox 3547 2160 3670 2217; x_wconf 88' lang='lat' dir='ltr'><strong>sine</strong></span> 
     </span>
    </p>
   </div>
   <div class='ocr_carea' id='block_1_52' title="bbox 2084 2252 3672 2319">
    <p class='ocr_par' dir='ltr' id='par_1_52' title="bbox 2084 2252 3672 2319">
     <span class='ocr_line' id='line_1_52' title="bbox 2084 2252 3672 2319; baseline 0 -12"><span class='ocrx_word' id='word_1_376' title='bbox 2084 2254 2340 2308; x_wconf 87' lang='lat' dir='ltr'><strong>remediis</strong></span> <span class='ocrx_word' id='word_1_377' title='bbox 2368 2263 2424 2309; x_wconf 91' lang='lat' dir='ltr'><strong>et</strong></span> <span class='ocrx_word' id='word_1_378' title='bbox 2445 2253 2658 2319; x_wconf 85' lang='lat' dir='ltr'><strong>herbis,</strong></span> <span class='ocrx_word' id='word_1_379' title='bbox 2683 2254 2800 2308; x_wconf 90' lang='lat' dir='ltr'><strong>solo</strong></span> <span class='ocrx_word' id='word_1_380' title='bbox 2829 2254 3023 2317; x_wconf 87' lang='lat' dir='ltr'><strong>verbo,</strong></span> <span class='ocrx_word' id='word_1_381' title='bbox 3054 2256 3214 2308; x_wconf 85' lang='lat' dir='ltr'><strong>caecis</strong></span> <span class='ocrx_word' id='word_1_382' title='bbox 3235 2254 3437 2315; x_wconf 89' lang='lat' dir='ltr'><strong>visum,</strong></span> <span class='ocrx_word' id='word_1_383' title='bbox 3466 2252 3672 2307; x_wconf 83' lang='lat' dir='ltr'><strong>c‘ausis</strong></span> 
     </span>
    </p>
   </div>
   <div class='ocr_carea' id='block_1_53' title="bbox 2081 2341 3673 2412">
    <p class='ocr_par' dir='ltr' id='par_1_53' title="bbox 2081 2341 3673 2412">
     <span class='ocr_line' id='line_1_53' title="bbox 2081 2341 3673 2412; baseline -0.001 -16"><span class='ocrx_word' id='word_1_384' title='bbox 2081 2342 2252 2412; x_wconf 88' lang='lat' dir='ltr'><strong>pedes</strong></span> <span class='ocrx_word' id='word_1_385' title='bbox 2290 2358 2442 2408; x_wconf 90' lang='lat' dir='ltr'><strong>suos,</strong></span> <span class='ocrx_word' id='word_1_386' title='bbox 2483 2341 2722 2410; x_wconf 88' lang='lat' dir='ltr'><strong>leprosis</strong></span> <span class='ocrx_word' id='word_1_387' title='bbox 2751 2342 3260 2411; x_wconf 74' lang='lat' dir='ltr'><strong>corpus,mundum</strong></span> <span class='ocrx_word' id='word_1_388' title='bbox 3284 2383 3299 2406; x_wconf 91' lang='lat'><strong>,</strong></span> <span class='ocrx_word' id='word_1_389' title='bbox 3335 2352 3393 2397; x_wconf 89' lang='lat' dir='ltr'><strong>et</strong></span> <span class='ocrx_word' id='word_1_390' title='bbox 3423 2341 3520 2410; x_wconf 89' lang='lat' dir='ltr'><strong>qui</strong></span> <span class='ocrx_word' id='word_1_391' title='bbox 3549 2341 3673 2395; x_wconf 89' lang='lat' dir='ltr'><strong>diu-</strong></span> 
     </span>
    </p>
   </div>
   <div class='ocr_carea' id='block_1_54' title="bbox 2088 2432 3672 2504">
    <p class='ocr_par' dir='ltr' id='par_1_54' title="bbox 2088 2432 3672 2504">
     <span class='ocr_line' id='line_1_54' title="bbox 2088 2432 3672 2504; baseline -0.001 -17"><span class='ocrx_word' id='word_1_392' title='bbox 2088 2432 2267 2487; x_wconf 89' lang='lat' dir='ltr'><strong>turnis</strong></span> <span class='ocrx_word' id='word_1_393' title='bbox 2307 2446 2641 2502; x_wconf 82' lang='lat' dir='ltr'><strong>premuntur</strong></span> <span class='ocrx_word' id='word_1_394' title='bbox 2690 2434 2903 2490; x_wconf 83' lang='lat' dir='ltr'><strong>morbis</strong></span> <span class='ocrx_word' id='word_1_395' title='bbox 2945 2443 3341 2504; x_wconf 77' lang='lat' dir='ltr'><strong>congruentem</strong></span> <span class='ocrx_word' id='word_1_396' title='bbox 3398 2433 3672 2489; x_wconf 84' lang='lat' dir='ltr'><strong>valetudi-</strong></span> 
     </span>
    </p>
   </div>
   <div class='ocr_carea' id='block_1_55' title="bbox 2084 2525 3671 2598">
    <p class='ocr_par' dir='ltr' id='par_1_55' title="bbox 2084 2525 3671 2598">
     <span class='ocr_line' id='line_1_55' title="bbox 2084 2525 3671 2598; baseline 0.002 -18"><span class='ocrx_word' id='word_1_397' title='bbox 2084 2542 2236 2590; x_wconf 87' lang='lat' dir='ltr'><strong>nem,</strong></span> <span class='ocrx_word' id='word_1_398' title='bbox 2288 2534 2343 2580; x_wconf 87' lang='lat' dir='ltr'><strong>et</strong></span> <span class='ocrx_word' id='word_1_399' title='bbox 2386 2525 2609 2596; x_wconf 89' lang='lat' dir='ltr'><strong>quidem</strong></span> <span class='ocrx_word' id='word_1_400' title='bbox 2655 2529 2898 2595; x_wconf 81' lang='lat' dir='ltr'><strong>gratuito</strong></span> <span class='ocrx_word' id='word_1_401' title='bbox 2942 2527 3212 2598; x_wconf 77' lang='lat' dir='ltr'><strong>praebere,</strong></span> <span class='ocrx_word' id='word_1_402' title='bbox 3243 2528 3462 2598; x_wconf 85' lang='lat' dir='ltr'><strong>aliaque</strong></span> <span class='ocrx_word' id='word_1_403' title='bbox 3498 2529 3671 2583; x_wconf 89' lang='lat' dir='ltr'><strong>multa</strong></span> 
     </span>
    </p>
   </div>
   <div class='ocr_carea' id='block_1_56' title="bbox 2084 2615 3670 2686">
    <p class='ocr_par' dir='ltr' id='par_1_56' title="bbox 2084 2615 3670 2686">
     <span class='ocr_line' id='line_1_56' title="bbox 2084 2615 3670 2686; baseline 0.001 -17"><span class='ocrx_word' id='word_1_404' title='bbox 2084 2615 2297 2671; x_wconf 88' lang='lat' dir='ltr'><strong>viribus</strong></span> <span class='ocrx_word' id='word_1_405' title='bbox 2352 2618 2557 2670; x_wconf 86' lang='lat' dir='ltr'><strong>nostris</strong></span> <span class='ocrx_word' id='word_1_406' title='bbox 2588 2617 2803 2686; x_wconf 80' lang='lat' dir='ltr'><strong>majora.</strong></span> <span class='ocrx_word' id='word_1_407' title='bbox 2832 2616 3050 2671; x_wconf 72' lang='lat' dir='ltr'><strong>allicere</strong></span> <span class='ocrx_word' id='word_1_408' title='bbox 3083 2631 3275 2685; x_wconf 86' lang='lat' dir='ltr'><strong>opera,</strong></span> <span class='ocrx_word' id='word_1_409' title='bbox 3323 2619 3378 2671; x_wconf 89' lang='lat' dir='ltr'><strong>in</strong></span> <span class='ocrx_word' id='word_1_410' title='bbox 3428 2627 3670 2673; x_wconf 87' lang='lat' dir='ltr'><strong>mentem</strong></span> 
     </span>
    </p>
   </div>
   <div class='ocr_carea' id='block_1_57' title="bbox 2086 2709 3674 2773">
    <p class='ocr_par' dir='ltr' id='par_1_57' title="bbox 2086 2709 3674 2773">
     <span class='ocr_line' id='line_1_57' title="bbox 2086 2709 3674 2773; baseline 0.001 -11"><span class='ocrx_word' id='word_1_411' title='bbox 2086 2709 2219 2763; x_wconf 92' lang='lat' dir='ltr'><strong>mihi</strong></span> <span class='ocrx_word' id='word_1_412' title='bbox 2250 2709 2422 2771; x_wconf 87' lang='lat' dir='ltr'><strong>venit,</strong></span> <span class='ocrx_word' id='word_1_413' title='bbox 2448 2710 2681 2763; x_wconf 89' lang='lat' dir='ltr'><strong>alterum</strong></span> <span class='ocrx_word' id='word_1_414' title='bbox 2716 2718 2769 2764; x_wconf 90' lang='lat' dir='ltr'><strong>te</strong></span> <span class='ocrx_word' id='word_1_415' title='bbox 2792 2709 3028 2773; x_wconf 91' lang='lat' dir='ltr'><strong>duorum</strong></span> <span class='ocrx_word' id='word_1_416' title='bbox 3082 2710 3315 2764; x_wconf 88' lang='lat' dir='ltr'><strong>istorum</strong></span> <span class='ocrx_word' id='word_1_417' title='bbox 3354 2725 3476 2765; x_wconf 90' lang='lat' dir='ltr'><strong>esse</strong></span> <span class='ocrx_word' id='word_1_418' title='bbox 3525 2710 3674 2764; x_wconf 88' lang='lat' dir='ltr'><strong>arbi-</strong></span> 
     </span>
    </p>
   </div>
   <div class='ocr_carea' id='block_1_58' title="bbox 2088 2800 3674 2869">
    <p class='ocr_par' dir='ltr' id='par_1_58' title="bbox 2088 2800 3674 2869">
     <span class='ocr_line' id='line_1_58' title="bbox 2088 2800 3674 2869; baseline 0.002 -14"><span class='ocrx_word' id='word_1_419' title='bbox 2088 2800 2220 2855; x_wconf 87' lang='lat' dir='ltr'><strong>trari</strong></span> <span class='ocrx_word' id='word_1_420' title='bbox 2257 2819 2270 2854; x_wconf 92' lang='lat'><strong>:</strong></span> <span class='ocrx_word' id='word_1_421' title='bbox 2300 2801 2383 2855; x_wconf 85' lang='lat' dir='ltr'><strong>vel</strong></span> <span class='ocrx_word' id='word_1_422' title='bbox 2423 2800 2615 2865; x_wconf 84' lang='lat' dir='ltr'><strong>Deum,</strong></span> <span class='ocrx_word' id='word_1_423' title='bbox 2641 2800 2733 2869; x_wconf 90' lang='lat' dir='ltr'><strong>qui</strong></span> <span class='ocrx_word' id='word_1_424' title='bbox 2781 2801 2936 2856; x_wconf 72' lang='lat' dir='ltr'><strong>cosiis</strong></span> <span class='ocrx_word' id='word_1_425' title='bbox 2961 2802 3165 2856; x_wconf 86' lang='lat' dir='ltr'><strong>relictis</strong></span> <span class='ocrx_word' id='word_1_426' title='bbox 3199 2802 3267 2856; x_wconf 90' lang='lat' dir='ltr'><strong>ad</strong></span> <span class='ocrx_word' id='word_1_427' title='bbox 3289 2817 3392 2856; x_wconf 92' lang='lat' dir='ltr'><strong>nos</strong></span> <span class='ocrx_word' id='word_1_428' title='bbox 3421 2816 3674 2858; x_wconf 85' lang='lat' dir='ltr'><strong>secesse-</strong></span> 
     </span>
    </p>
   </div>
   <div class='ocr_carea' id='block_1_59' title="bbox 2086 2890 3670 2962">
    <p class='ocr_par' dir='ltr' id='par_1_59' title="bbox 2086 2890 3670 2962">
     <span class='ocr_line' id='line_1_59' title="bbox 2086 2890 3670 2962; baseline 0.001 -17"><span class='ocrx_word' id='word_1_429' title='bbox 2086 2891 2189 2956; x_wconf 89' lang='lat' dir='ltr'><strong>ris,</strong></span> <span class='ocrx_word' id='word_1_430' title='bbox 2217 2891 2301 2945; x_wconf 87' lang='lat' dir='ltr'><strong>vel</strong></span> <span class='ocrx_word' id='word_1_431' title='bbox 2330 2890 2525 2945; x_wconf 87' lang='lat' dir='ltr'><strong>saltem</strong></span> <span class='ocrx_word' id='word_1_432' title='bbox 2558 2890 2649 2945; x_wconf 88' lang='lat' dir='ltr'><strong>Dei</strong></span> <span class='ocrx_word' id='word_1_433' title='bbox 2682 2891 2905 2956; x_wconf 88' lang='lat' dir='ltr'><strong>Filium,</strong></span> <span class='ocrx_word' id='word_1_434' title='bbox 2944 2896 3035 2947; x_wconf 80' lang='lat' dir='ltr'><strong>res</strong></span> <span class='ocrx_word' id='word_1_435' title='bbox 3066 2900 3249 2946; x_wconf 89' lang='lat' dir='ltr'><strong>tantas</strong></span> <span class='ocrx_word' id='word_1_436' title='bbox 3296 2907 3460 2962; x_wconf 91' lang='lat' dir='ltr'><strong>supra</strong></span> <span class='ocrx_word' id='word_1_437' title='bbox 3504 2893 3670 2946; x_wconf 85' lang='lat' dir='ltr'><strong>ﬁdem</strong></span> 
     </span>
    </p>
   </div>
   <div class='ocr_carea' id='block_1_60' title="bbox 2087 2982 3674 3052">
    <p class='ocr_par' dir='ltr' id='par_1_60' title="bbox 2087 2982 3674 3052">
     <span class='ocr_line' id='line_1_60' title="bbox 2087 2982 3674 3052; baseline 0.001 -16"><span class='ocrx_word' id='word_1_438' title='bbox 2087 2990 2143 3036; x_wconf 91' lang='lat' dir='ltr'><strong>et</strong></span> <span class='ocrx_word' id='word_1_439' title='bbox 2171 2982 2489 3051; x_wconf 81' lang='lat' dir='ltr'><strong>Opinionem</strong></span> <span class='ocrx_word' id='word_1_440' title='bbox 2547 2997 2768 3036; x_wconf 91' lang='lat' dir='ltr'><strong>omnem</strong></span> <span class='ocrx_word' id='word_1_441' title='bbox 2830 2991 3138 3052; x_wconf 80' lang='lat' dir='ltr'><strong>gerentem.</strong></span> <span class='ocrx_word' id='word_1_442' title='bbox 3200 2982 3393 3052; x_wconf 84' lang='lat' dir='ltr'><strong>Itaque</strong></span> <span class='ocrx_word' id='word_1_443' title='bbox 3456 2993 3509 3037; x_wconf 88' lang='lat' dir='ltr'><strong>te</strong></span> <span class='ocrx_word' id='word_1_444' title='bbox 3565 2983 3674 3039; x_wconf 90' lang='lat' dir='ltr'><strong>hoc</strong></span> 
     </span>
    </p>
   </div>
   <div class='ocr_carea' id='block_1_61' title="bbox 2089 3072 3672 3144">
    <p class='ocr_par' dir='ltr' id='par_1_61' title="bbox 2089 3072 3672 3144">
     <span class='ocr_line' id='line_1_61' title="bbox 2089 3072 3672 3144; baseline -0.004 -14"><span class='ocrx_word' id='word_1_445' title='bbox 2089 3075 2298 3144; x_wconf 78' lang='lat' dir='ltr'><strong>scripto</strong></span> <span class='ocrx_word' id='word_1_446' title='bbox 2322 3089 2444 3135; x_wconf 89' lang='lat' dir='ltr'><strong>oro,</strong></span> <span class='ocrx_word' id='word_1_447' title='bbox 2480 3083 2543 3126; x_wconf 92' lang='lat' dir='ltr'><strong>ut</strong></span> <span class='ocrx_word' id='word_1_448' title='bbox 2575 3074 2819 3128; x_wconf 88' lang='lat' dir='ltr'><strong>laborem</strong></span> <span class='ocrx_word' id='word_1_449' title='bbox 2848 3074 3117 3142; x_wconf 88' lang='lat' dir='ltr'><strong>suscipias</strong></span> <span class='ocrx_word' id='word_1_450' title='bbox 3138 3072 3204 3127; x_wconf 91' lang='lat' dir='ltr'><strong>ad</strong></span> <span class='ocrx_word' id='word_1_451' title='bbox 3232 3088 3319 3128; x_wconf 92' lang='lat' dir='ltr'><strong>me</strong></span> <span class='ocrx_word' id='word_1_452' title='bbox 3347 3073 3672 3143; x_wconf 79' lang='lat' dir='ltr'><strong>accedendi,</strong></span> 
     </span>
    </p>
   </div>
   <div class='ocr_carea' id='block_1_62' title="bbox 411 3164 1987 3251">
    <p class='ocr_par' dir='ltr' id='par_1_62' title="bbox 411 3164 1985 3238">
     <span class='ocr_line' id='line_1_62' title="bbox 411 3164 1985 3238; baseline -0.001 -18"><span class='ocrx_word' id='word_1_453' title='bbox 411 3165 528 3237; x_wconf 77' lang='grc' dir='ltr'>εἶχε</span> <span class='ocrx_word' id='word_1_454' title='bbox 553 3167 786 3231; x_wconf 82' lang='grc' dir='ltr'>πείθειν,</span> <span class='ocrx_word' id='word_1_455' title='bbox 817 3167 1042 3235; x_wconf 80' lang='grc' dir='ltr'>ἀπέγνω</span> <span class='ocrx_word' id='word_1_456' title='bbox 1074 3168 1184 3238; x_wconf 90' lang='grc' dir='ltr'><strong>γάρ</strong></span> <span class='ocrx_word' id='word_1_457' title='bbox 1223 3166 1326 3238; x_wconf 81' lang='grc' dir='ltr'>τὴν</span> <span class='ocrx_word' id='word_1_458' title='bbox 1365 3165 1543 3236; x_wconf 84' lang='grc' dir='ltr'>Ἰησοῦ</span> <span class='ocrx_word' id='word_1_459' title='bbox 1584 3164 1890 3235; x_wconf 88' lang='grc' dir='ltr'>παρουσίαν</span> <span class='ocrx_word' id='word_1_460' title='bbox 1917 3167 1985 3236; x_wconf 76' lang='grc' dir='ltr'>τῇ</span> 
     </span>
    </p>
   </div>
   <div class='ocr_carea' id='block_1_63' title="bbox 2088 3164 3679 3251">
    <p class='ocr_par' dir='ltr' id='par_1_63' title="bbox 2093 3165 3679 3237">
     <span class='ocr_line' id='line_1_63' title="bbox 2093 3165 3679 3237; baseline 0.001 -16"><span class='ocrx_word' id='word_1_461' title='bbox 2093 3182 2314 3236; x_wconf 85' lang='lat' dir='ltr'><strong>meque,</strong></span> <span class='ocrx_word' id='word_1_462' title='bbox 2347 3166 2442 3236; x_wconf 89' lang='lat' dir='ltr'><strong>qui</strong></span> <span class='ocrx_word' id='word_1_463' title='bbox 2470 3167 2581 3237; x_wconf 89' lang='lat' dir='ltr'><strong>jam</strong></span> <span class='ocrx_word' id='word_1_464' title='bbox 2621 3166 2830 3222; x_wconf 91' lang='lat' dir='ltr'><strong>dudum</strong></span> <span class='ocrx_word' id='word_1_465' title='bbox 2866 3165 3106 3237; x_wconf 59' lang='lat' dir='ltr'><strong>afﬂigit},</strong></span> <span class='ocrx_word' id='word_1_466' title='bbox 3134 3167 3444 3222; x_wconf 90' lang='lat' dir='ltr'><strong>inveterato</strong></span> <span class='ocrx_word' id='word_1_467' title='bbox 3481 3167 3679 3229; x_wconf 24' lang='lat' dir='ltr'><strong>morbo,</strong></span> 
     </span>
    </p>
   </div>
   <div class='ocr_carea' id='block_1_64' title="bbox 412 3255 1989 3331">
    <p class='ocr_par' dir='ltr' id='par_1_64' title="bbox 412 3255 1989 3331">
     <span class='ocr_line' id='line_1_64' title="bbox 412 3255 1989 3331; baseline -0.006 -15"><span class='ocrx_word' id='word_1_468' title='bbox 412 3260 795 3331; x_wconf 81' lang='grc' dir='ltr'>ἀντεπιστολῇ,</span> <span class='ocrx_word' id='word_1_469' title='bbox 857 3261 1045 3313; x_wconf 84' lang='grc' dir='ltr'>λοιπὸν</span> <span class='ocrx_word' id='word_1_470' title='bbox 1100 3262 1160 3313; x_wconf 80' lang='grc' dir='ltr'>ἐν</span> <span class='ocrx_word' id='word_1_471' title='bbox 1220 3259 1493 3329; x_wconf 82' lang='grc' dir='ltr'>ἀμηχάνῳ</span> <span class='ocrx_word' id='word_1_472' title='bbox 1552 3255 1855 3321; x_wconf 84' lang='grc' dir='ltr'>καθεστὼς,</span> <span class='ocrx_word' id='word_1_473' title='bbox 1910 3258 1989 3328; x_wconf 80' lang='grc' dir='ltr'>τῷ</span> 
     </span>
    </p>
   </div>
   <div class='ocr_carea' id='block_1_65' title="bbox 413 3350 1990 3423">
    <p class='ocr_par' dir='ltr' id='par_1_65' title="bbox 413 3350 1990 3423">
     <span class='ocr_line' id='line_1_65' title="bbox 413 3350 1990 3423; baseline -0.002 -17"><span class='ocrx_word' id='word_1_474' title='bbox 413 3352 552 3423; x_wconf 77' lang='grc' dir='ltr'>πρὸς</span> <span class='ocrx_word' id='word_1_475' title='bbox 598 3353 835 3423; x_wconf 82' lang='grc' dir='ltr'>Χριστὸν</span> <span class='ocrx_word' id='word_1_476' title='bbox 875 3351 922 3406; x_wconf 83' lang='grc' dir='ltr'>δ’</span> <span class='ocrx_word' id='word_1_477' title='bbox 969 3353 1120 3422; x_wconf 87' lang='grc' dir='ltr'>ὅμως</span> <span class='ocrx_word' id='word_1_478' title='bbox 1161 3351 1497 3422; x_wconf 88' lang='grc' dir='ltr'>βεϐλημένος</span> <span class='ocrx_word' id='word_1_479' title='bbox 1541 3350 1714 3422; x_wconf 84' lang='grc' dir='ltr'>πόθῳ,</span> <span class='ocrx_word' id='word_1_480' title='bbox 1756 3351 1990 3421; x_wconf 78' lang='grc' dir='ltr'>γράφειν</span> 
     </span>
    </p>
   </div>
   <div class='ocr_carea' id='block_1_66' title="bbox 414 3440 1989 3513">
    <p class='ocr_par' dir='ltr' id='par_1_66' title="bbox 414 3440 1989 3513">
     <span class='ocr_line' id='line_1_66' title="bbox 414 3440 1989 3513; baseline -0.002 -17"><span class='ocrx_word' id='word_1_481' title='bbox 414 3442 475 3497; x_wconf 83' lang='grc' dir='ltr'><strong>εὖ</strong></span> <span class='ocrx_word' id='word_1_482' title='bbox 507 3445 686 3497; x_wconf 79' lang='grc' dir='ltr'>εἰδότα</span> <span class='ocrx_word' id='word_1_483' title='bbox 724 3444 896 3513; x_wconf 77' lang='grc' dir='ltr'>ἄνδρα</span> <span class='ocrx_word' id='word_1_484' title='bbox 933 3443 1227 3513; x_wconf 53' lang='grc' dir='ltr'>διέπεμπε»</span> <span class='ocrx_word' id='word_1_485' title='bbox 1271 3445 1366 3496; x_wconf 80' lang='grc' dir='ltr'><strong>καὶ</strong></span> <span class='ocrx_word' id='word_1_486' title='bbox 1405 3444 1497 3496; x_wconf 81' lang='grc' dir='ltr'><strong>τὸν</strong></span> <span class='ocrx_word' id='word_1_487' title='bbox 1544 3442 1641 3495; x_wconf 89' lang='grc' dir='ltr'><strong>τοῦ</strong></span> <span class='ocrx_word' id='word_1_488' title='bbox 1694 3440 1989 3510; x_wconf 85' lang='grc' dir='ltr'>προσώπου</span> 
     </span>
    </p>
   </div>
   <div class='ocr_carea' id='block_1_67' title="bbox 415 3532 1991 3604">
    <p class='ocr_par' dir='ltr' id='par_1_67' title="bbox 415 3532 1991 3604">
     <span class='ocr_line' id='line_1_67' title="bbox 415 3532 1991 3604; baseline -0.003 -16"><span class='ocrx_word' id='word_1_489' title='bbox 415 3536 589 3588; x_wconf 81' lang='grc' dir='ltr'>τύπον</span> <span class='ocrx_word' id='word_1_490' title='bbox 627 3534 874 3604; x_wconf 88' lang='grc' dir='ltr'>ἀκριϐῶς</span> <span class='ocrx_word' id='word_1_491' title='bbox 907 3535 1143 3604; x_wconf 78' lang='grc' dir='ltr'>γράφειν</span> <span class='ocrx_word' id='word_1_492' title='bbox 1182 3533 1471 3596; x_wconf 79' lang='grc' dir='ltr'>ἐπέταττε,</span> <span class='ocrx_word' id='word_1_493' title='bbox 1499 3532 1595 3586; x_wconf 78' lang='grc' dir='ltr'>καὶ</span> <span class='ocrx_word' id='word_1_494' title='bbox 1631 3532 1781 3600; x_wconf 81' lang='grc' dir='ltr'>αὐτῷ</span> <span class='ocrx_word' id='word_1_495' title='bbox 1817 3534 1991 3585; x_wconf 76' lang='grc' dir='ltr'>ἐκεῖνο</span> 
     </span>
    </p>
   </div>
   <div class='ocr_carea' id='block_1_68' title="bbox 416 3623 1991 3693">
    <p class='ocr_par' dir='ltr' id='par_1_68' title="bbox 416 3623 1991 3693">
     <span class='ocr_line' id='line_1_68' title="bbox 416 3623 1991 3693; baseline -0.003 -13"><span class='ocrx_word' id='word_1_496' title='bbox 416 3626 478 3679; x_wconf 78' lang='grc' dir='ltr'>τὸ</span> <span class='ocrx_word' id='word_1_497' title='bbox 508 3624 645 3688; x_wconf 80' lang='grc' dir='ltr'>εἶδος</span> <span class='ocrx_word' id='word_1_498' title='bbox 677 3628 801 3680; x_wconf 81' lang='grc' dir='ltr'>ἀντὶ</span> <span class='ocrx_word' id='word_1_499' title='bbox 849 3626 943 3679; x_wconf 84' lang='grc' dir='ltr'><strong>τοῦ</strong></span> <span class='ocrx_word' id='word_1_500' title='bbox 993 3625 1328 3693; x_wconf 84' lang='grc' dir='ltr'>ποθουμένου</span> <span class='ocrx_word' id='word_1_501' title='bbox 1364 3625 1635 3692; x_wconf 75' lang='grc' dir='ltr'>κομίζειν.</span> <span class='ocrx_word' id='word_1_502' title='bbox 1670 3624 1781 3676; x_wconf 75' lang='grc' dir='ltr'><strong>Καὶ</strong></span> <span class='ocrx_word' id='word_1_503' title='bbox 1821 3625 1848 3676; x_wconf 86' lang='grc' dir='ltr'>ὁ</span> <span class='ocrx_word' id='word_1_504' title='bbox 1889 3623 1991 3691; x_wconf 86' lang='grc' dir='ltr'><strong>μὲν</strong></span> 
     </span>
    </p>
   </div>
   <div class='ocr_carea' id='block_1_69' title="bbox 419 3714 1994 3788">
    <p class='ocr_par' dir='ltr' id='par_1_69' title="bbox 419 3714 1994 3788">
     <span class='ocr_line' id='line_1_69' title="bbox 419 3714 1994 3788; baseline -0.003 -17"><span class='ocrx_word' id='word_1_505' title='bbox 419 3714 544 3788; x_wconf 71' lang='grc' dir='ltr'><strong>¹ἧκε,</strong></span> <span class='ocrx_word' id='word_1_506' title='bbox 579 3721 672 3771; x_wconf 66' lang='grc' dir='ltr'><strong>καὶ</strong></span> <span class='ocrx_word' id='word_1_507' title='bbox 699 3718 833 3781; x_wconf 83' lang='grc' dir='ltr'>στάς</span> <span class='ocrx_word' id='word_1_508' title='bbox 862 3718 955 3771; x_wconf 69' lang='grc' dir='ltr'><strong>ἐπὶ</strong></span> <span class='ocrx_word' id='word_1_509' title='bbox 988 3715 1293 3786; x_wconf 83' lang='grc' dir='ltr'>μετεώρου,</span> <span class='ocrx_word' id='word_1_510' title='bbox 1325 3715 1561 3785; x_wconf 86' lang='grc' dir='ltr'>γράφειν</span> <span class='ocrx_word' id='word_1_511' title='bbox 1588 3715 1665 3778; x_wconf 82' lang='grc' dir='ltr'><strong>ὡς</strong></span> <span class='ocrx_word' id='word_1_512' title='bbox 1689 3715 1835 3776; x_wconf 76' lang='grc' dir='ltr'>εἰκὸς</span> <span class='ocrx_word' id='word_1_513' title='bbox 1864 3719 1994 3768; x_wconf 74' lang='grc' dir='ltr'>ἐπε-</span> 
     </span>
    </p>
   </div>
   <div class='ocr_carea' id='block_1_70' title="bbox 418 3808 2025 3881">
    <p class='ocr_par' dir='ltr' id='par_1_70' title="bbox 418 3808 2025 3881">
     <span class='ocr_line' id='line_1_70' title="bbox 418 3808 2025 3881; baseline 0 -18"><span class='ocrx_word' id='word_1_514' title='bbox 418 3814 611 3881; x_wconf 78' lang='grc' dir='ltr'>χείρει·</span> <span class='ocrx_word' id='word_1_515' title='bbox 665 3813 788 3864; x_wconf 73' lang='grc' dir='ltr'>ἐπεὶ</span> <span class='ocrx_word' id='word_1_516' title='bbox 834 3811 881 3865; x_wconf 84' lang='grc' dir='ltr'><strong>δ’</strong></span> <span class='ocrx_word' id='word_1_517' title='bbox 915 3810 1014 3863; x_wconf 85' lang='grc' dir='ltr'><strong>οὐκ</strong></span> <span class='ocrx_word' id='word_1_518' title='bbox 1048 3811 1326 3878; x_wconf 72' lang='grc' dir='ltr'>ἐφικνεῖτο</span> <span class='ocrx_word' id='word_1_519' title='bbox 1358 3810 1453 3861; x_wconf 91' lang='grc' dir='ltr'><strong>τοῦ</strong></span> <span class='ocrx_word' id='word_1_520' title='bbox 1502 3808 1689 3878; x_wconf 75' lang='grc' dir='ltr'>ἔργου,</span> <span class='ocrx_word' id='word_1_521' title='bbox 1736 3809 2025 3878; x_wconf 60' lang='grc' dir='ltr'>ἐμποδὼνε</span> 
     </span>
    </p>
   </div>
   <div class='ocr_carea' id='block_1_71' title="bbox 418 3897 1991 3968">
    <p class='ocr_par' dir='ltr' id='par_1_71' title="bbox 418 3897 1991 3968">
     <span class='ocr_line' id='line_1_71' title="bbox 418 3897 1991 3968; baseline 0 -17"><span class='ocrx_word' id='word_1_522' title='bbox 418 3899 827 3968; x_wconf 87' lang='grc' dir='ltr'>καθισταμένης</span> <span class='ocrx_word' id='word_1_523' title='bbox 857 3898 1050 3968; x_wconf 79' lang='grc' dir='ltr'>ἐκείνῳ</span> <span class='ocrx_word' id='word_1_524' title='bbox 1078 3899 1180 3967; x_wconf 82' lang='grc' dir='ltr'>τῆς</span> <span class='ocrx_word' id='word_1_525' title='bbox 1211 3897 1422 3951; x_wconf 75' lang='grc' dir='ltr'>ἐκεῖθεν</span> <span class='ocrx_word' id='word_1_526' title='bbox 1460 3898 1883 3967; x_wconf 81' lang='grc' dir='ltr'>άστρατιτούσης</span> <span class='ocrx_word' id='word_1_527' title='bbox 1913 3897 1991 3967; x_wconf 87' lang='grc' dir='ltr'>τῷ</span> 
     </span>
    </p>
   </div>
   <div class='ocr_carea' id='block_1_72' title="bbox 417 3991 1992 4063">
    <p class='ocr_par' dir='ltr' id='par_1_72' title="bbox 417 3991 1992 4063">
     <span class='ocr_line' id='line_1_72' title="bbox 417 3991 1992 4063; baseline 0.001 -20"><span class='ocrx_word' id='word_1_528' title='bbox 417 3992 698 4063; x_wconf 79' lang='grc' dir='ltr'>προσώπῳ</span> <span class='ocrx_word' id='word_1_529' title='bbox 727 3992 879 4055; x_wconf 81' lang='grc' dir='ltr'>θείας</span> <span class='ocrx_word' id='word_1_530' title='bbox 920 3991 1117 4060; x_wconf 73' lang='grc' dir='ltr'>αἴγλης</span> <span class='ocrx_word' id='word_1_531' title='bbox 1161 3992 1257 4045; x_wconf 80' lang='grc' dir='ltr'>καὶ</span> <span class='ocrx_word' id='word_1_532' title='bbox 1307 3991 1554 4061; x_wconf 88' lang='grc' dir='ltr'>χάριτος,</span> <span class='ocrx_word' id='word_1_533' title='bbox 1599 3991 1660 4044; x_wconf 83' lang='grc' dir='ltr'>τὸ</span> <span class='ocrx_word' id='word_1_534' title='bbox 1711 3991 1992 4062; x_wconf 85' lang='grc' dir='ltr'>δρώμενον</span> 
     </span>
    </p>
   </div>
   <div class='ocr_carea' id='block_1_73' title="bbox 418 4082 1989 4154">
    <p class='ocr_par' dir='ltr' id='par_1_73' title="bbox 418 4082 1989 4154">
     <span class='ocr_line' id='line_1_73' title="bbox 418 4082 1989 4154; baseline 0.001 -18"><span class='ocrx_word' id='word_1_535' title='bbox 418 4086 580 4151; x_wconf 81' lang='grc' dir='ltr'>γνοὺς</span> <span class='ocrx_word' id='word_1_536' title='bbox 601 4085 629 4136; x_wconf 82' lang='grc' dir='ltr'><strong>ὀ</strong></span> <span class='ocrx_word' id='word_1_537' title='bbox 659 4085 870 4154; x_wconf 79' lang='grc' dir='ltr'>Σωτὴρ,</span> <span class='ocrx_word' id='word_1_538' title='bbox 907 4083 1134 4153; x_wconf 81' lang='grc' dir='ltr'>ὕφασμα</span> <span class='ocrx_word' id='word_1_539' title='bbox 1164 4084 1230 4136; x_wconf 81' lang='grc' dir='ltr'>ὲκ</span> <span class='ocrx_word' id='word_1_540' title='bbox 1251 4082 1400 4136; x_wconf 88' lang='grc' dir='ltr'>λίνου</span> <span class='ocrx_word' id='word_1_541' title='bbox 1428 4083 1803 4153; x_wconf 84' lang='grc' dir='ltr'>πεποιημένον</span> <span class='ocrx_word' id='word_1_542' title='bbox 1827 4086 1989 4138; x_wconf 75' lang='grc' dir='ltr'>αίτεῖο</span> 
     </span>
    </p>
   </div>
   <div class='ocr_carea' id='block_1_74' title="bbox 417 4172 1994 4246">
    <p class='ocr_par' dir='ltr' id='par_1_74' title="bbox 417 4172 1994 4246">
     <span class='ocr_line' id='line_1_74' title="bbox 417 4172 1994 4246; baseline -0.001 -17"><span class='ocrx_word' id='word_1_543' title='bbox 417 4176 715 4246; x_wconf 69' lang='grc' dir='ltr'>νιψάμενος</span> <span class='ocrx_word' id='word_1_544' title='bbox 744 4175 801 4229; x_wconf 82' lang='grc' dir='ltr'>δὲ</span> <span class='ocrx_word' id='word_1_545' title='bbox 826 4175 920 4228; x_wconf 74' lang='grc' dir='ltr'>καὶ</span> <span class='ocrx_word' id='word_1_546' title='bbox 953 4175 1051 4242; x_wconf 82' lang='grc' dir='ltr'><strong>τὴν</strong></span> <span class='ocrx_word' id='word_1_547' title='bbox 1083 4175 1221 4228; x_wconf 80' lang='grc' dir='ltr'>ίδίαν</span> <span class='ocrx_word' id='word_1_548' title='bbox 1246 4172 1369 4242; x_wconf 75' lang='grc' dir='ltr'>ὄψιν</span> <span class='ocrx_word' id='word_1_549' title='bbox 1395 4177 1460 4244; x_wconf 78' lang='grc' dir='ltr'>τῇ</span> <span class='ocrx_word' id='word_1_550' title='bbox 1489 4174 1651 4244; x_wconf 84' lang='grc' dir='ltr'>ὀθόνῃ</span> <span class='ocrx_word' id='word_1_551' title='bbox 1682 4175 1994 4245; x_wconf 76' lang='grc' dir='ltr'>ἀπομορξά-</span> 
     </span>
    </p>
   </div>
   <div class='ocr_carea' id='block_1_75' title="bbox 421 4265 1992 4337">
    <p class='ocr_par' dir='ltr' id='par_1_75' title="bbox 421 4265 1992 4337">
     <span class='ocr_line' id='line_1_75' title="bbox 421 4265 1992 4337; baseline -0.001 -17"><span class='ocrx_word' id='word_1_552' title='bbox 421 4284 605 4336; x_wconf 78' lang='grc' dir='ltr'>μενος,</span> <span class='ocrx_word' id='word_1_553' title='bbox 642 4267 720 4337; x_wconf 82' lang='grc' dir='ltr'>τῷ</span> <span class='ocrx_word' id='word_1_554' title='bbox 761 4268 1002 4337; x_wconf 86' lang='grc' dir='ltr'>Αὑγάρῳ</span> <span class='ocrx_word' id='word_1_555' title='bbox 1036 4265 1355 4320; x_wconf 83' lang='grc' dir='ltr'>ἀπέστειλε.</span> <span class='ocrx_word' id='word_1_556' title='bbox 1393 4266 1565 4334; x_wconf 89' lang='grc' dir='ltr'>Λόγος</span> <span class='ocrx_word' id='word_1_557' title='bbox 1604 4283 1670 4334; x_wconf 90' lang='grc' dir='ltr'><strong>γε</strong></span> <span class='ocrx_word' id='word_1_558' title='bbox 1705 4265 1811 4336; x_wconf 84' lang='grc' dir='ltr'>μὴν</span> <span class='ocrx_word' id='word_1_559' title='bbox 1855 4266 1992 4335; x_wconf 72' lang='grc' dir='ltr'>ἔχει,</span> 
     </span>
    </p>
   </div>
   <div class='ocr_carea' id='block_1_76' title="bbox 420 4358 1996 4431">
    <p class='ocr_par' dir='ltr' id='par_1_76' title="bbox 420 4358 1996 4431">
     <span class='ocr_line' id='line_1_76' title="bbox 420 4358 1996 4431; baseline -0.002 -16"><span class='ocrx_word' id='word_1_560' title='bbox 420 4362 630 4415; x_wconf 76' lang='grc' dir='ltr'>καὶτὸν</span> <span class='ocrx_word' id='word_1_561' title='bbox 659 4361 885 4430; x_wconf 86' lang='grc' dir='ltr'>Περσῶν</span> <span class='ocrx_word' id='word_1_562' title='bbox 922 4359 1170 4431; x_wconf 88' lang='grc' dir='ltr'>βασιλέα,</span> <span class='ocrx_word' id='word_1_563' title='bbox 1200 4359 1378 4428; x_wconf 86' lang='grc' dir='ltr'>εὐφυᾶ</span> <span class='ocrx_word' id='word_1_564' title='bbox 1412 4361 1511 4422; x_wconf 89' lang='grc' dir='ltr'><strong>τάς</strong></span> <span class='ocrx_word' id='word_1_565' title='bbox 1549 4361 1739 4429; x_wconf 83' lang='grc' dir='ltr'>χεῖρας</span> <span class='ocrx_word' id='word_1_566' title='bbox 1779 4358 1996 4429; x_wconf 78' lang='grc' dir='ltr'>ζωγρά-</span> 
     </span>
    </p>
   </div>
   <div class='ocr_carea' id='block_1_77' title="bbox 419 4447 1996 4522">
    <p class='ocr_par' dir='ltr' id='par_1_77' title="bbox 419 4447 1996 4522">
     <span class='ocr_line' id='line_1_77' title="bbox 419 4447 1996 4522; baseline 0.001 -17"><span class='ocrx_word' id='word_1_567' title='bbox 419 4470 520 4521; x_wconf 86' lang='grc' dir='ltr'><strong>φον</strong></span> <span class='ocrx_word' id='word_1_568' title='bbox 550 4452 1021 4522; x_wconf 79' lang='grc' dir='ltr'>διαπεμψάμενον,</span> <span class='ocrx_word' id='word_1_569' title='bbox 1054 4450 1220 4504; x_wconf 80' lang='grc' dir='ltr'>αὐτοῦ</span> <span class='ocrx_word' id='word_1_570' title='bbox 1257 4467 1317 4504; x_wconf 86' lang='grc' dir='ltr'><strong>τε</strong></span> <span class='ocrx_word' id='word_1_571' title='bbox 1353 4450 1597 4522; x_wconf 88' lang='grc' dir='ltr'>Χριστοῦ</span> <span class='ocrx_word' id='word_1_572' title='bbox 1631 4451 1692 4505; x_wconf 82' lang='grc' dir='ltr'><strong>τὸ</strong></span> <span class='ocrx_word' id='word_1_573' title='bbox 1729 4447 1871 4515; x_wconf 82' lang='grc' dir='ltr'>εἶδος</span> <span class='ocrx_word' id='word_1_574' title='bbox 1898 4452 1996 4506; x_wconf 73' lang='grc' dir='ltr'>καὶ</span> 
     </span>
    </p>
   </div>
   <div class='ocr_carea' id='block_1_78' title="bbox 2091 3256 3684 3330">
    <p class='ocr_par' dir='ltr' id='par_1_78' title="bbox 2091 3256 3684 3330">
     <span class='ocr_line' id='line_1_78' title="bbox 2091 3256 3684 3330; baseline -0.001 -16"><span class='ocrx_word' id='word_1_575' title='bbox 2091 3260 2315 3315; x_wconf 85' lang='lat' dir='ltr'><strong>liberes.</strong></span> <span class='ocrx_word' id='word_1_576' title='bbox 2353 3260 2685 3315; x_wconf 86' lang='lat' dir='ltr'><strong>Persuasum</strong></span> <span class='ocrx_word' id='word_1_577' title='bbox 2731 3273 2897 3329; x_wconf 88' lang='lat' dir='ltr'><strong>porro</strong></span> <span class='ocrx_word' id='word_1_578' title='bbox 2946 3259 3144 3323; x_wconf 89' lang='lat' dir='ltr'><strong>habeo,</strong></span> <span class='ocrx_word' id='word_1_579' title='bbox 3174 3274 3298 3314; x_wconf 90' lang='lat' dir='ltr'><strong>cum</strong></span> <span class='ocrx_word' id='word_1_580' title='bbox 3346 3258 3518 3315; x_wconf 73' lang='lat' dir='ltr'><strong>Judaei</strong></span> <span class='ocrx_word' id='word_1_581' title='bbox 3562 3256 3684 3330; x_wconf 43' lang='lat' dir='ltr'><strong>ini-‘1</strong></span> 
     </span>
    </p>
   </div>
   <div class='ocr_carea' id='block_1_79' title="bbox 2092 3338 3684 3421">
    <p class='ocr_par' dir='ltr' id='par_1_79' title="bbox 2092 3338 3684 3421">
     <span class='ocr_line' id='line_1_79' title="bbox 2092 3338 3684 3421; baseline 0.001 -19"><span class='ocrx_word' id='word_1_582' title='bbox 2092 3365 2200 3419; x_wconf 87' lang='lat' dir='ltr'><strong>quo</strong></span> <span class='ocrx_word' id='word_1_583' title='bbox 2229 3366 2356 3421; x_wconf 82' lang='lat' dir='ltr'><strong>erga</strong></span> <span class='ocrx_word' id='word_1_584' title='bbox 2400 3360 2451 3405; x_wconf 90' lang='lat' dir='ltr'><strong>te</strong></span> <span class='ocrx_word' id='word_1_585' title='bbox 2492 3352 2605 3406; x_wconf 88' lang='lat' dir='ltr'><strong>sint</strong></span> <span class='ocrx_word' id='word_1_586' title='bbox 2633 3349 2838 3411; x_wconf 89' lang='lat' dir='ltr'><strong>animo,</strong></span> <span class='ocrx_word' id='word_1_587' title='bbox 2874 3365 2987 3404; x_wconf 89' lang='lat' dir='ltr'><strong>non</strong></span> <span class='ocrx_word' id='word_1_588' title='bbox 3028 3350 3239 3419; x_wconf 91' lang='lat' dir='ltr'><strong>optima</strong></span> <span class='ocrx_word' id='word_1_589' title='bbox 3264 3365 3361 3405; x_wconf 87' lang='lat' dir='ltr'><strong>eos</strong></span> <span class='ocrx_word' id='word_1_590' title='bbox 3400 3350 3469 3405; x_wconf 91' lang='lat' dir='ltr'><strong>de</strong></span> <span class='ocrx_word' id='word_1_591' title='bbox 3499 3359 3553 3404; x_wconf 88' lang='lat' dir='ltr'><strong>te</strong></span> <span class='ocrx_word' id='word_1_592' title='bbox 3584 3338 3684 3404; x_wconf 38' lang='lat' dir='ltr'><strong>ca:</strong></span> 
     </span>
    </p>
   </div>
   <div class='ocr_carea' id='block_1_80' title="bbox 2093 3440 3676 3511">
    <p class='ocr_par' dir='ltr' id='par_1_80' title="bbox 2093 3440 3676 3511">
     <span class='ocr_line' id='line_1_80' title="bbox 2093 3440 3676 3511; baseline 0.001 -16"><span class='ocrx_word' id='word_1_593' title='bbox 2093 3457 2226 3511; x_wconf 83' lang='lat' dir='ltr'><strong>pere</strong></span> <span class='ocrx_word' id='word_1_594' title='bbox 2255 3443 2513 3496; x_wconf 82' lang='lat' dir='ltr'><strong>consilia.</strong></span> <span class='ocrx_word' id='word_1_595' title='bbox 2548 3442 2682 3496; x_wconf 82' lang='lat' dir='ltr'><strong>Mihi</strong></span> <span class='ocrx_word' id='word_1_596' title='bbox 2715 3457 2848 3496; x_wconf 90' lang='lat' dir='ltr'><strong>vero</strong></span> <span class='ocrx_word' id='word_1_597' title='bbox 2882 3441 3076 3496; x_wconf 88' lang='lat' dir='ltr'><strong>civitas</strong></span> <span class='ocrx_word' id='word_1_598' title='bbox 3103 3451 3187 3496; x_wconf 92' lang='lat' dir='ltr'><strong>est</strong></span> <span class='ocrx_word' id='word_1_599' title='bbox 3213 3442 3425 3496; x_wconf 91' lang='lat' dir='ltr'><strong>modica</strong></span> <span class='ocrx_word' id='word_1_600' title='bbox 3448 3440 3676 3510; x_wconf 87' lang='lat' dir='ltr'><strong>quidem</strong></span> 
     </span>
    </p>
   </div>
   <div class='ocr_carea' id='block_1_81' title="bbox 2094 3530 3678 3600">
    <p class='ocr_par' dir='ltr' id='par_1_81' title="bbox 2094 3530 3678 3600">
     <span class='ocr_line' id='line_1_81' title="bbox 2094 3530 3678 3600; baseline 0.001 -16"><span class='ocrx_word' id='word_1_601' title='bbox 2094 3547 2195 3587; x_wconf 91' lang='lat' dir='ltr'><strong>nec</strong></span> <span class='ocrx_word' id='word_1_602' title='bbox 2281 3530 2576 3585; x_wconf 88' lang='lat' dir='ltr'><strong>admodum</strong></span> <span class='ocrx_word' id='word_1_603' title='bbox 2675 3531 2946 3594; x_wconf 87' lang='lat' dir='ltr'><strong>celebris,</strong></span> <span class='ocrx_word' id='word_1_604' title='bbox 3021 3531 3241 3600; x_wconf 87' lang='lat' dir='ltr'><strong>utrique</strong></span> <span class='ocrx_word' id='word_1_605' title='bbox 3321 3542 3500 3586; x_wconf 90' lang='lat' dir='ltr'><strong>tamen</strong></span> <span class='ocrx_word' id='word_1_606' title='bbox 3573 3547 3678 3585; x_wconf 85' lang='lat' dir='ltr'><strong>no-</strong></span> 
     </span>
    </p>
   </div>
   <div class='ocr_carea' id='block_1_82' title="bbox 2095 3620 3675 3694">
    <p class='ocr_par' dir='ltr' id='par_1_82' title="bbox 2095 3620 3675 3694">
     <span class='ocr_line' id='line_1_82' title="bbox 2095 3620 3675 3694; baseline 0.003 -19"><span class='ocrx_word' id='word_1_607' title='bbox 2095 3630 2271 3676; x_wconf 87' lang='lat' dir='ltr'><strong>strqu</strong></span> <span class='ocrx_word' id='word_1_608' title='bbox 2320 3620 2727 3691; x_wconf 83' lang='lat' dir='ltr'><strong>percommoda.</strong></span> <span class='ocrx_word' id='word_1_609' title='bbox 2769 3641 2790 3674; x_wconf 75' lang='grc' dir='ltr'><strong>ι</strong></span> <span class='ocrx_word' id='word_1_610' title='bbox 2847 3623 3143 3691; x_wconf 86' lang='lat' dir='ltr'><strong>Postquam</strong></span> <span class='ocrx_word' id='word_1_611' title='bbox 3184 3632 3369 3677; x_wconf 87' lang='lat' dir='ltr'><strong>autem</strong></span> <span class='ocrx_word' id='word_1_612' title='bbox 3425 3624 3675 3694; x_wconf 77' lang='lat' dir='ltr'><strong>Abgarus</strong></span> 
     </span>
    </p>
   </div>
   <div class='ocr_carea' id='block_1_83' title="bbox 2095 3706 3678 3786">
    <p class='ocr_par' dir='ltr' id='par_1_83' title="bbox 2095 3706 3678 3786">
     <span class='ocr_line' id='line_1_83' title="bbox 2095 3706 3678 3786; baseline 0.002 -17"><span class='ocrx_word' id='word_1_613' title='bbox 2095 3715 2307 3783; x_wconf 86' lang='lat' dir='ltr'><strong>scripto</strong></span> <span class='ocrx_word' id='word_1_614' title='bbox 2356 3727 2460 3767; x_wconf 89' lang='lat' dir='ltr'><strong>suo</strong></span> <span class='ocrx_word' id='word_1_615' title='bbox 2489 3713 2828 3782; x_wconf 86' lang='lat' dir='ltr'><strong>persuadere</strong></span> <span class='ocrx_word' id='word_1_616' title='bbox 2857 3715 2907 3768; x_wconf 90' lang='lat' dir='ltr'><strong>ei</strong></span> <span class='ocrx_word' id='word_1_617' title='bbox 2942 3714 3090 3782; x_wconf 93' lang='lat' dir='ltr'><strong>quod</strong></span> <span class='ocrx_word' id='word_1_618' title='bbox 3128 3706 3397 3770; x_wconf 84' lang='lat' dir='ltr'><strong>voluisset</strong></span> <span class='ocrx_word' id='word_1_619' title='bbox 3432 3732 3540 3770; x_wconf 94' lang='lat' dir='ltr'><strong>non</strong></span> <span class='ocrx_word' id='word_1_620' title='bbox 3581 3733 3678 3786; x_wconf 87' lang='lat' dir='ltr'><strong>po-</strong></span> 
     </span>
    </p>
   </div>
   <div class='ocr_carea' id='block_1_84' title="bbox 2095 3805 3675 3876">
    <p class='ocr_par' dir='ltr' id='par_1_84' title="bbox 2095 3805 3675 3876">
     <span class='ocr_line' id='line_1_84' title="bbox 2095 3805 3675 3876; baseline 0.001 -15"><span class='ocrx_word' id='word_1_621' title='bbox 2095 3807 2222 3870; x_wconf 87' lang='lat' dir='ltr'><strong>tuit,</strong></span> <span class='ocrx_word' id='word_1_622' title='bbox 2256 3805 2550 3875; x_wconf 89' lang='lat' dir='ltr'><strong>desperato</strong></span> <span class='ocrx_word' id='word_1_623' title='bbox 2579 3806 2736 3871; x_wconf 85' lang='lat' dir='ltr'><strong>Jesu,</strong></span> <span class='ocrx_word' id='word_1_624' title='bbox 2764 3816 2996 3876; x_wconf 89' lang='lat' dir='ltr'><strong>propter</strong></span> <span class='ocrx_word' id='word_1_625' title='bbox 3029 3822 3385 3876; x_wconf 84' lang='lat' dir='ltr'><strong>responsum,</strong></span> <span class='ocrx_word' id='word_1_626' title='bbox 3413 3809 3675 3871; x_wconf 74' lang='lat' dir='ltr'><strong>adventu.</strong></span> 
     </span>
    </p>
   </div>
   <div class='ocr_carea' id='block_1_85' title="bbox 2099 3898 3678 3971">
    <p class='ocr_par' dir='ltr' id='par_1_85' title="bbox 2099 3898 3678 3971">
     <span class='ocr_line' id='line_1_85' title="bbox 2099 3898 3678 3971; baseline 0.005 -22"><span class='ocrx_word' id='word_1_627' title='bbox 2099 3898 2256 3969; x_wconf 66' lang='grc'><strong>145</strong></span> <span class='ocrx_word' id='word_1_628' title='bbox 2286 3898 2414 3967; x_wconf 91' lang='lat' dir='ltr'><strong>quid</strong></span> <span class='ocrx_word' id='word_1_629' title='bbox 2448 3907 2671 3967; x_wconf 89' lang='lat' dir='ltr'><strong>caperet</strong></span> <span class='ocrx_word' id='word_1_630' title='bbox 2702 3899 2919 3953; x_wconf 89' lang='lat' dir='ltr'><strong>consilii</strong></span> <span class='ocrx_word' id='word_1_631' title='bbox 2956 3900 3222 3961; x_wconf 87' lang='lat' dir='ltr'><strong>incertus,</strong></span> <span class='ocrx_word' id='word_1_632' title='bbox 3254 3914 3321 3954; x_wconf 91' lang='lat' dir='ltr'><strong>eo</strong></span> <span class='ocrx_word' id='word_1_633' title='bbox 3355 3908 3535 3955; x_wconf 89' lang='lat' dir='ltr'><strong>tamen</strong></span> <span class='ocrx_word' id='word_1_634' title='bbox 3565 3916 3678 3971; x_wconf 88' lang='lat' dir='ltr'><strong>quo</strong></span> 
     </span>
    </p>
   </div>
   <div class='ocr_carea' id='block_1_86' title="bbox 2094 3989 3678 4060">
    <p class='ocr_par' dir='ltr' id='par_1_86' title="bbox 2094 3989 3678 4060">
     <span class='ocr_line' id='line_1_86' title="bbox 2094 3989 3678 4060; baseline -0.003 -13"><span class='ocrx_word' id='word_1_635' title='bbox 2094 3990 2152 4047; x_wconf 87' lang='lat' dir='ltr'><strong>in</strong></span> <span class='ocrx_word' id='word_1_636' title='bbox 2179 3990 2458 4045; x_wconf 85' lang='lat' dir='ltr'><strong>Christum</strong></span> <span class='ocrx_word' id='word_1_637' title='bbox 2489 3990 2785 4045; x_wconf 88' lang='lat' dir='ltr'><strong>tenebatur</strong></span> <span class='ocrx_word' id='word_1_638' title='bbox 2829 3989 3109 4045; x_wconf 89' lang='lat' dir='ltr'><strong>desiderio</strong></span> <span class='ocrx_word' id='word_1_639' title='bbox 3155 3990 3463 4059; x_wconf 87' lang='lat' dir='ltr'><strong>perculsus,</strong></span> <span class='ocrx_word' id='word_1_640' title='bbox 3502 3991 3678 4060; x_wconf 79' lang='lat' dir='ltr'><strong>picto-</strong></span> 
     </span>
    </p>
   </div>
   <div class='ocr_carea' id='block_1_87' title="bbox 2094 4082 3677 4152">
    <p class='ocr_par' dir='ltr' id='par_1_87' title="bbox 2094 4082 3677 4152">
     <span class='ocr_line' id='line_1_87' title="bbox 2094 4082 3677 4152; baseline 0.001 -15"><span class='ocrx_word' id='word_1_641' title='bbox 2094 4098 2210 4138; x_wconf 88' lang='lat' dir='ltr'><strong>rem</strong></span> <span class='ocrx_word' id='word_1_642' title='bbox 2242 4082 2505 4138; x_wconf 78' lang='lat' dir='ltr'><strong>eximium</strong></span> <span class='ocrx_word' id='word_1_643' title='bbox 2540 4082 2607 4137; x_wconf 89' lang='lat' dir='ltr'><strong>ad</strong></span> <span class='ocrx_word' id='word_1_644' title='bbox 2642 4097 2769 4137; x_wconf 89' lang='lat' dir='ltr'><strong>eum</strong></span> <span class='ocrx_word' id='word_1_645' title='bbox 2796 4083 2967 4146; x_wconf 90' lang='lat' dir='ltr'><strong>misit,</strong></span> <span class='ocrx_word' id='word_1_646' title='bbox 3015 4082 3177 4151; x_wconf 90' lang='lat' dir='ltr'><strong>eique</strong></span> <span class='ocrx_word' id='word_1_647' title='bbox 3207 4092 3267 4137; x_wconf 91' lang='lat' dir='ltr'><strong>ut</strong></span> <span class='ocrx_word' id='word_1_648' title='bbox 3297 4082 3589 4152; x_wconf 82' lang='lat' dir='ltr'><strong>diligenter</strong></span> <span class='ocrx_word' id='word_1_649' title='bbox 3618 4094 3677 4138; x_wconf 90' lang='lat' dir='ltr'><strong>et</strong></span> 
     </span>
    </p>
   </div>
   <div class='ocr_carea' id='block_1_88' title="bbox 2096 4174 3677 4246">
    <p class='ocr_par' dir='ltr' id='par_1_88' title="bbox 2096 4174 3677 4246">
     <span class='ocr_line' id='line_1_88' title="bbox 2096 4174 3677 4246; baseline -0.001 -16"><span class='ocrx_word' id='word_1_650' title='bbox 2096 4186 2352 4231; x_wconf 86' lang='lat' dir='ltr'><strong>accurate</strong></span> <span class='ocrx_word' id='word_1_651' title='bbox 2396 4176 2590 4231; x_wconf 83' lang='lat' dir='ltr'><strong>faciem</strong></span> <span class='ocrx_word' id='word_1_652' title='bbox 2630 4176 2753 4246; x_wconf 83' lang='lat' dir='ltr'><strong>ejus</strong></span> <span class='ocrx_word' id='word_1_653' title='bbox 2791 4177 2846 4229; x_wconf 91' lang='lat' dir='ltr'><strong>in</strong></span> <span class='ocrx_word' id='word_1_654' title='bbox 2880 4176 3110 4244; x_wconf 89' lang='lat' dir='ltr'><strong>&#39;pictura</strong></span> <span class='ocrx_word' id='word_1_655' title='bbox 3143 4174 3444 4245; x_wconf 78' lang='lat' dir='ltr'><strong>eiiingeret,</strong></span> <span class='ocrx_word' id='word_1_656' title='bbox 3481 4174 3677 4245; x_wconf 75' lang='lat' dir='ltr'><strong>imagi-</strong></span> 
     </span>
    </p>
   </div>
   <div class='ocr_carea' id='block_1_89' title="bbox 2096 4265 3675 4336">
    <p class='ocr_par' dir='ltr' id='par_1_89' title="bbox 2096 4265 3675 4336">
     <span class='ocr_line' id='line_1_89' title="bbox 2096 4265 3675 4336; baseline -0.001 -15"><span class='ocrx_word' id='word_1_657' title='bbox 2096 4282 2334 4336; x_wconf 88' lang='lat' dir='ltr'><strong>nemque</strong></span> <span class='ocrx_word' id='word_1_658' title='bbox 2360 4281 2461 4336; x_wconf 92' lang='lat' dir='ltr'><strong>pro</strong></span> <span class='ocrx_word' id='word_1_659' title='bbox 2484 4267 2797 4322; x_wconf 89' lang='lat' dir='ltr'><strong>desiderato</strong></span> <span class='ocrx_word' id='word_1_660' title='bbox 2830 4266 2925 4320; x_wconf 88' lang='lat' dir='ltr'><strong>illo</strong></span> <span class='ocrx_word' id='word_1_661' title='bbox 2948 4266 3050 4321; x_wconf 89' lang='lat' dir='ltr'><strong>sibi</strong></span> <span class='ocrx_word' id='word_1_662' title='bbox 3079 4266 3322 4329; x_wconf 74' lang='lat' dir='ltr'><strong>afferret,</strong></span> <span class='ocrx_word' id='word_1_663' title='bbox 3359 4265 3675 4334; x_wconf 87' lang='lat' dir='ltr'><strong>imperavit.</strong></span> 
     </span>
    </p>
   </div>
   <div class='ocr_carea' id='block_1_90' title="bbox 2094 4356 3679 4427">
    <p class='ocr_par' dir='ltr' id='par_1_90' title="bbox 2094 4356 3679 4427">
     <span class='ocr_line' id='line_1_90' title="bbox 2094 4356 3679 4427; baseline -0.001 -14"><span class='ocrx_word' id='word_1_664' title='bbox 2094 4357 2163 4413; x_wconf 81' lang='lat' dir='ltr'><strong>Et</strong></span> <span class='ocrx_word' id='word_1_665' title='bbox 2209 4359 2302 4413; x_wconf 90' lang='lat' dir='ltr'><strong>ille</strong></span> <span class='ocrx_word' id='word_1_666' title='bbox 2354 4358 2577 4427; x_wconf 87' lang='lat' dir='ltr'><strong>quidem</strong></span> <span class='ocrx_word' id='word_1_667' title='bbox 2630 4358 2802 4423; x_wconf 81' lang='lat' dir='ltr'><strong>venit,</strong></span> <span class='ocrx_word' id='word_1_668' title='bbox 2864 4367 3031 4426; x_wconf 89' lang='lat' dir='ltr'><strong>atque</strong></span> <span class='ocrx_word' id='word_1_669' title='bbox 3074 4356 3298 4410; x_wconf 84' lang='lat' dir='ltr'><strong>inloco</strong></span> <span class='ocrx_word' id='word_1_670' title='bbox 3353 4356 3679 4412; x_wconf 86' lang='lat' dir='ltr'><strong>sublimiore</strong></span> 
     </span>
    </p>
   </div>
   <div class='ocr_carea' id='block_1_91' title="bbox 2096 4446 3679 4519">
    <p class='ocr_par' dir='ltr' id='par_1_91' title="bbox 2096 4446 3679 4519">
     <span class='ocr_line' id='line_1_91' title="bbox 2096 4446 3679 4519; baseline -0.004 -14"><span class='ocrx_word' id='word_1_671' title='bbox 2096 4460 2248 4507; x_wconf 87' lang='lat' dir='ltr'><strong>stans</strong></span> <span class='ocrx_word' id='word_1_672' title='bbox 2305 4450 2533 4519; x_wconf 81' lang='lat' dir='ltr'><strong>pingere</strong></span> <span class='ocrx_word' id='word_1_673' title='bbox 2561 4448 2765 4504; x_wconf 86' lang='lat' dir='ltr'><strong>Christi</strong></span> <span class='ocrx_word' id='word_1_674' title='bbox 2799 4449 3034 4514; x_wconf 87' lang='lat' dir='ltr'><strong>vultum,</strong></span> <span class='ocrx_word' id='word_1_675' title='bbox 3064 4447 3397 4507; x_wconf 87' lang='lat' dir='ltr'><strong>ut‘decebat,</strong></span> <span class='ocrx_word' id='word_1_676' title='bbox 3434 4446 3679 4500; x_wconf 87' lang='lat' dir='ltr'><strong>conaba-</strong></span> 
     </span>
    </p>
   </div>
   <div class='ocr_carea' id='block_1_92' title="bbox 416 4525 1987 4615">
    <p class='ocr_par' dir='ltr' id='par_1_92' title="bbox 416 4528 1987 4615">
     <span class='ocr_line' id='line_1_92' title="bbox 416 4528 1987 4615; baseline -0.001 -18"><span class='ocrx_word' id='word_1_677' title='bbox 416 4547 515 4615; x_wconf 83' lang='grc' dir='ltr'>τῆς</span> <span class='ocrx_word' id='word_1_678' title='bbox 538 4546 703 4597; x_wconf 70' lang='grc' dir='ltr'>αὐτον</span> <span class='ocrx_word' id='word_1_679' title='bbox 726 4528 1018 4614; x_wconf 77' lang='grc' dir='ltr'>ὑπερφυῶς</span> <span class='ocrx_word' id='word_1_680' title='bbox 1039 4542 1328 4604; x_wconf 82' lang='grc' dir='ltr'>τετοκυίας</span> <span class='ocrx_word' id='word_1_681' title='bbox 1353 4541 1533 4607; x_wconf 83' lang='grc' dir='ltr'>ζέοντι</span> <span class='ocrx_word' id='word_1_682' title='bbox 1559 4543 1798 4607; x_wconf 85' lang='grc' dir='ltr'>πίστεως</span> <span class='ocrx_word' id='word_1_683' title='bbox 1820 4543 1987 4612; x_wconf 72' lang='grc' dir='ltr'>πόθῳ,</span> 
     </span>
    </p>
   </div>
   <div class='ocr_carea' id='block_1_93' title="bbox 2088 4525 3679 4615">
    <p class='ocr_par' dir='ltr' id='par_1_93' title="bbox 2103 4537 3679 4608">
     <span class='ocr_line' id='line_1_93' title="bbox 2103 4537 3679 4608; baseline -0.003 -14"><span class='ocrx_word' id='word_1_684' title='bbox 2103 4550 2208 4595; x_wconf 91' lang='lat' dir='ltr'><strong>tur.</strong></span> <span class='ocrx_word' id='word_1_685' title='bbox 2262 4540 2398 4595; x_wconf 90' lang='lat' dir='ltr'><strong>Cum</strong></span> <span class='ocrx_word' id='word_1_686' title='bbox 2429 4555 2560 4595; x_wconf 89' lang='lat' dir='ltr'><strong>vero</strong></span> <span class='ocrx_word' id='word_1_687' title='bbox 2593 4550 2835 4608; x_wconf 85' lang='lat' dir='ltr'><strong>coeptum</strong></span> <span class='ocrx_word' id='word_1_688' title='bbox 2874 4554 3013 4608; x_wconf 82' lang='lat' dir='ltr'><strong>Opus</strong></span> <span class='ocrx_word' id='word_1_689' title='bbox 3043 4554 3152 4591; x_wconf 90' lang='lat' dir='ltr'><strong>non</strong></span> <span class='ocrx_word' id='word_1_690' title='bbox 3204 4537 3529 4592; x_wconf 89' lang='lat' dir='ltr'><strong>succederet</strong></span> <span class='ocrx_word' id='word_1_691' title='bbox 3573 4537 3679 4606; x_wconf 89' lang='lat' dir='ltr'><strong>(di-</strong></span> 
     </span>
    </p>
   </div>
   <div class='ocr_carea' id='block_1_94' title="bbox 419 4634 1993 4706">
    <p class='ocr_par' dir='ltr' id='par_1_94' title="bbox 419 4634 1993 4706">
     <span class='ocr_line' id='line_1_94' title="bbox 419 4634 1993 4706; baseline 0.001 -16"><span class='ocrx_word' id='word_1_692' title='bbox 419 4639 501 4690; x_wconf 81' lang='grc' dir='ltr'><strong>ὄτι</strong></span> <span class='ocrx_word' id='word_1_693' title='bbox 555 4638 788 4706; x_wconf 87' lang='grc' dir='ltr'>τάχιστα</span> <span class='ocrx_word' id='word_1_694' title='bbox 843 4634 1052 4706; x_wconf 76' lang='grc' dir='ltr'>γράψαι</span> <span class='ocrx_word' id='word_1_695' title='bbox 1113 4635 1208 4689; x_wconf 76' lang='grc' dir='ltr'>καὶ</span> <span class='ocrx_word' id='word_1_696' title='bbox 1265 4634 1560 4688; x_wconf 86' lang='grc' dir='ltr'>ἀπολαϐεῖν</span> <span class='ocrx_word' id='word_1_697' title='bbox 1623 4635 1993 4705; x_wconf 85' lang='grc' dir='ltr'>κτησάμενον.</span> 
     </span>
    </p>
   </div>
   <div class='ocr_carea' id='block_1_95' title="bbox 419 4725 1995 4798">
    <p class='ocr_par' dir='ltr' id='par_1_95' title="bbox 419 4725 1995 4798">
     <span class='ocr_line' id='line_1_95' title="bbox 419 4725 1995 4798; baseline 0.001 -18"><span class='ocrx_word' id='word_1_698' title='bbox 419 4729 607 4782; x_wconf 85' lang='grc' dir='ltr'>Ταῦτα</span> <span class='ocrx_word' id='word_1_699' title='bbox 634 4727 678 4781; x_wconf 84' lang='grc' dir='ltr'><strong>δ’</strong></span> <span class='ocrx_word' id='word_1_700' title='bbox 707 4731 772 4782; x_wconf 84' lang='grc' dir='ltr'>ὲκ</span> <span class='ocrx_word' id='word_1_701' title='bbox 798 4728 908 4782; x_wconf 89' lang='grc' dir='ltr'><strong>τῶν</strong></span> <span class='ocrx_word' id='word_1_702' title='bbox 942 4725 1047 4782; x_wconf 89' lang='grc' dir='ltr'><strong>ἀνά</strong></span> <span class='ocrx_word' id='word_1_703' title='bbox 1077 4727 1178 4795; x_wconf 82' lang='grc' dir='ltr'><strong>τὴν</strong></span> <span class='ocrx_word' id='word_1_704' title='bbox 1210 4725 1478 4781; x_wconf 86' lang='grc' dir='ltr'>Ἔδεσσαν</span> <span class='ocrx_word' id='word_1_705' title='bbox 1508 4727 1813 4797; x_wconf 83' lang='grc' dir='ltr'>τηνικαῦτα</span> <span class='ocrx_word' id='word_1_706' title='bbox 1839 4727 1995 4798; x_wconf 87' lang='grc' dir='ltr'>βασι-</span> 
     </span>
    </p>
   </div>
   <div class='ocr_carea' id='block_1_96' title="bbox 417 4817 1999 4889">
    <p class='ocr_par' dir='ltr' id='par_1_96' title="bbox 417 4817 1999 4889">
     <span class='ocr_line' id='line_1_96' title="bbox 417 4817 1999 4889; baseline -0.006 -16"><span class='ocrx_word' id='word_1_707' title='bbox 417 4820 722 4888; x_wconf 85' lang='grc' dir='ltr'>λευομένην</span> <span class='ocrx_word' id='word_1_708' title='bbox 773 4820 932 4872; x_wconf 89' lang='grc' dir='ltr'>πόλιν</span> <span class='ocrx_word' id='word_1_709' title='bbox 975 4817 1594 4887; x_wconf 78' lang='grc' dir='ltr'>γραμματοφυλακείων</span> <span class='ocrx_word' id='word_1_710' title='bbox 1630 4818 1865 4889; x_wconf 76' lang='grc' dir='ltr'>ἐλήφθη·</span> <span class='ocrx_word' id='word_1_711' title='bbox 1900 4819 1999 4889; x_wconf 84' lang='grc' dir='ltr'><strong>δη-</strong></span> 
     </span>
    </p>
   </div>
   <div class='ocr_carea' id='block_1_97' title="bbox 422 4907 1997 4982">
    <p class='ocr_par' dir='ltr' id='par_1_97' title="bbox 422 4907 1997 4982">
     <span class='ocr_line' id='line_1_97' title="bbox 422 4907 1997 4982; baseline -0.001 -18"><span class='ocrx_word' id='word_1_712' title='bbox 422 4913 634 4981; x_wconf 73' lang='grc' dir='ltr'>μοσίοις</span> <span class='ocrx_word' id='word_1_713' title='bbox 661 4913 769 4979; x_wconf 83' lang='grc' dir='ltr'>γὰρ</span> <span class='ocrx_word' id='word_1_714' title='bbox 798 4907 940 4982; x_wconf 85' lang='grc' dir='ltr'>ἦσαν</span> <span class='ocrx_word' id='word_1_715' title='bbox 970 4912 1201 4981; x_wconf 84' lang='grc' dir='ltr'>χάρταις</span> <span class='ocrx_word' id='word_1_716' title='bbox 1229 4909 1763 4981; x_wconf 77' lang='grc' dir='ltr'>ἐμπεριειλημμένα.</span> <span class='ocrx_word' id='word_1_717' title='bbox 1782 4910 1864 4962; x_wconf 85' lang='grc' dir='ltr'><strong>Τὰ</strong></span> <span class='ocrx_word' id='word_1_718' title='bbox 1886 4910 1997 4981; x_wconf 76' lang='grc' dir='ltr'><strong>γάρ</strong></span> 
     </span>
    </p>
   </div>
   <div class='ocr_carea' id='block_1_98' title="bbox 420 5001 1997 5074">
    <p class='ocr_par' dir='ltr' id='par_1_98' title="bbox 420 5001 1997 5074">
     <span class='ocr_line' id='line_1_98' title="bbox 420 5001 1997 5074; baseline 0.001 -20"><span class='ocrx_word' id='word_1_719' title='bbox 420 5004 565 5057; x_wconf 83' lang='grc' dir='ltr'><strong>κατά</strong></span> <span class='ocrx_word' id='word_1_720' title='bbox 603 5005 693 5057; x_wconf 77' lang='grc' dir='ltr'>τὸν</span> <span class='ocrx_word' id='word_1_721' title='bbox 724 5001 977 5074; x_wconf 79' lang='grc' dir='ltr'>Αῦγαρον</span> <span class='ocrx_word' id='word_1_722' title='bbox 1021 5001 1334 5073; x_wconf 78' lang='grc' dir='ltr'>πραχθέντα</span> <span class='ocrx_word' id='word_1_723' title='bbox 1369 5001 1554 5072; x_wconf 87' lang='grc' dir='ltr'>βιϐλία</span> <span class='ocrx_word' id='word_1_724' title='bbox 1586 5002 1682 5055; x_wconf 78' lang='grc' dir='ltr'>καὶ</span> <span class='ocrx_word' id='word_1_725' title='bbox 1718 5002 1892 5056; x_wconf 89' lang='grc' dir='ltr'>ταῦτα</span> <span class='ocrx_word' id='word_1_726' title='bbox 1931 5002 1997 5074; x_wconf 83' lang='grc' dir='ltr'><strong>δὴ</strong></span> 
     </span>
    </p>
   </div>
   <div class='ocr_carea' id='block_1_99' title="bbox 424 5092 2000 5167">
    <p class='ocr_par' dir='ltr' id='par_1_99' title="bbox 424 5092 2000 5167">
     <span class='ocr_line' id='line_1_99' title="bbox 424 5092 2000 5167; baseline -0.001 -18"><span class='ocrx_word' id='word_1_727' title='bbox 424 5099 719 5167; x_wconf 78' lang='grc' dir='ltr'>περιεῖχον,</span> <span class='ocrx_word' id='word_1_728' title='bbox 755 5099 819 5150; x_wconf 85' lang='grc' dir='ltr'>ὲκ</span> <span class='ocrx_word' id='word_1_729' title='bbox 843 5095 944 5166; x_wconf 82' lang='grc' dir='ltr'>τῆς</span> <span class='ocrx_word' id='word_1_730' title='bbox 971 5095 1163 5165; x_wconf 84' lang='grc' dir='ltr'>Σύρων</span> <span class='ocrx_word' id='word_1_731' title='bbox 1183 5093 1627 5163; x_wconf 80' lang='grc' dir='ltr'>μεταληφθέντα</span> <span class='ocrx_word' id='word_1_732' title='bbox 1655 5093 1941 5165; x_wconf 53' lang='grc' dir='ltr'>γλώσσηςομ</span> <span class='ocrx_word' id='word_1_733' title='bbox 1960 5092 2000 5148; x_wconf 75' lang='grc' dir='ltr'>ἃ</span> 
     </span>
    </p>
   </div>
   <div class='ocr_carea' id='block_1_100' title="bbox 424 5185 1658 5259">
    <p class='ocr_par' dir='ltr' id='par_1_100' title="bbox 424 5185 1658 5259">
     <span class='ocr_line' id='line_1_100' title="bbox 424 5185 1658 5259; baseline -0.001 -18"><span class='ocrx_word' id='word_1_734' title='bbox 424 5190 522 5241; x_wconf 76' lang='grc' dir='ltr'>καὶ</span> <span class='ocrx_word' id='word_1_735' title='bbox 554 5189 941 5259; x_wconf 84' lang='grc' dir='ltr'>προσηκόντως</span> <span class='ocrx_word' id='word_1_736' title='bbox 970 5186 1206 5242; x_wconf 82' lang='grc' dir='ltr'>ἐνταῦθά</span> <span class='ocrx_word' id='word_1_737' title='bbox 1241 5202 1333 5258; x_wconf 91' lang='grc' dir='ltr'><strong>μοι</strong></span> <span class='ocrx_word' id='word_1_738' title='bbox 1366 5185 1658 5240; x_wconf 81' lang='grc' dir='ltr'>τέθεινται.</span> 
     </span>
    </p>
   </div>
   <div class='ocr_carea' id='block_1_101' title="bbox 2102 4628 3727 4701">
    <p class='ocr_par' dir='ltr' id='par_1_101' title="bbox 2102 4628 3727 4701">
     <span class='ocr_line' id='line_1_101' title="bbox 2102 4628 3727 4701; baseline -0.004 -13"><span class='ocrx_word' id='word_1_739' title='bbox 2102 4634 2265 4689; x_wconf 89' lang='lat' dir='ltr'><strong>vinus</strong></span> <span class='ocrx_word' id='word_1_740' title='bbox 2311 4632 2517 4701; x_wconf 89' lang='lat' dir='ltr'><strong>quippe</strong></span> <span class='ocrx_word' id='word_1_741' title='bbox 2568 4633 2831 4700; x_wconf 87' lang='lat' dir='ltr'><strong>splendor</strong></span> <span class='ocrx_word' id='word_1_742' title='bbox 2875 4631 3140 4697; x_wconf 68' lang='lat' dir='ltr'><strong>et&#39;gratia</strong></span> <span class='ocrx_word' id='word_1_743' title='bbox 3178 4628 3230 4684; x_wconf 91' lang='lat' dir='ltr'><strong>in</strong></span> <span class='ocrx_word' id='word_1_744' title='bbox 3263 4630 3415 4683; x_wconf 86' lang='lat' dir='ltr'><strong>vultu</strong></span> <span class='ocrx_word' id='word_1_745' title='bbox 3441 4630 3561 4699; x_wconf 87' lang='lat' dir='ltr'><strong>ejus</strong></span> <span class='ocrx_word' id='word_1_746' title='bbox 3585 4645 3682 4682; x_wconf 66' lang='lat' dir='ltr'><strong>eo-</strong></span> <span class='ocrx_word' id='word_1_747' title='bbox 3724 4688 3727 4693; x_wconf 27' lang='lat' dir='ltr'>l</span> 
     </span>
    </p>
   </div>
   <div class='ocr_carea' id='block_1_102' title="bbox 2102 4718 3682 4791">
    <p class='ocr_par' dir='ltr' id='par_1_102' title="bbox 2102 4718 3682 4791">
     <span class='ocr_line' id='line_1_102' title="bbox 2102 4718 3682 4791; baseline -0.003 -14"><span class='ocrx_word' id='word_1_748' title='bbox 2102 4737 2332 4779; x_wconf 86' lang='lat' dir='ltr'><strong>ruscans</strong></span> <span class='ocrx_word' id='word_1_749' title='bbox 2365 4722 2761 4791; x_wconf 65' lang='lat' dir='ltr'><strong>impedimento</strong></span> <span class='ocrx_word' id='word_1_750' title='bbox 2782 4726 2945 4787; x_wconf 88' lang='lat' dir='ltr'><strong>erat),</strong></span> <span class='ocrx_word' id='word_1_751' title='bbox 2982 4734 3039 4773; x_wconf 90' lang='lat' dir='ltr'><strong>re</strong></span> <span class='ocrx_word' id='word_1_752' title='bbox 3074 4734 3137 4773; x_wconf 91' lang='lat' dir='ltr'><strong>ea</strong></span> <span class='ocrx_word' id='word_1_753' title='bbox 3177 4719 3393 4789; x_wconf 76' lang='lat' dir='ltr'><strong>cognita</strong></span> <span class='ocrx_word' id='word_1_754' title='bbox 3427 4718 3682 4773; x_wconf 83' lang='lat' dir='ltr'><strong>Salvator</strong></span> 
     </span>
    </p>
   </div>
   <div class='ocr_carea' id='block_1_103' title="bbox 2101 4783 3681 4884">
    <p class='ocr_par' dir='ltr' id='par_1_103' title="bbox 2101 4783 3681 4884">
     <span class='ocr_line' id='line_1_103' title="bbox 2101 4783 3681 4884; baseline -0.004 -13"><span class='ocrx_word' id='word_1_755' title='bbox 2101 4824 2310 4871; x_wconf 80' lang='lat' dir='ltr'><strong>textum</strong></span> <span class='ocrx_word' id='word_1_756' title='bbox 2364 4815 2569 4869; x_wconf 89' lang='lat' dir='ltr'><strong>liueum</strong></span> <span class='ocrx_word' id='word_1_757' title='bbox 2628 4783 2786 4884; x_wconf 58' lang='lat' dir='ltr'><strong>peftt,</strong></span> <span class='ocrx_word' id='word_1_758' title='bbox 2825 4813 2879 4867; x_wconf 92' lang='lat' dir='ltr'><strong>in</strong></span> <span class='ocrx_word' id='word_1_759' title='bbox 2920 4828 3097 4882; x_wconf 89' lang='lat' dir='ltr'><strong>eoque</strong></span> <span class='ocrx_word' id='word_1_760' title='bbox 3141 4813 3294 4882; x_wconf 91' lang='lat' dir='ltr'><strong>prius</strong></span> <span class='ocrx_word' id='word_1_761' title='bbox 3340 4812 3454 4866; x_wconf 87' lang='lat' dir='ltr'><strong>lot‘o</strong></span> <span class='ocrx_word' id='word_1_762' title='bbox 3482 4810 3681 4866; x_wconf 81' lang='lat' dir='ltr'><strong>faciem</strong></span> 
     </span>
    </p>
   </div>
   <div class='ocr_carea' id='block_1_104' title="bbox 2101 4905 3687 4978">
    <p class='ocr_par' dir='ltr' id='par_1_104' title="bbox 2101 4905 3687 4978">
     <span class='ocr_line' id='line_1_104' title="bbox 2101 4905 3687 4978; baseline -0.004 -14"><span class='ocrx_word' id='word_1_763' title='bbox 2101 4924 2258 4964; x_wconf 89' lang='lat' dir='ltr'><strong>suam</strong></span> <span class='ocrx_word' id='word_1_764' title='bbox 2286 4907 2569 4978; x_wconf 76' lang='lat' dir='ltr'><strong>exprimit,</strong></span> <span class='ocrx_word' id='word_1_765' title='bbox 2592 4917 2649 4961; x_wconf 89' lang='lat' dir='ltr'><strong>et</strong></span> <span class='ocrx_word' id='word_1_766' title='bbox 2679 4906 2748 4962; x_wconf 91' lang='lat' dir='ltr'><strong>ad</strong></span> <span class='ocrx_word' id='word_1_767' title='bbox 2773 4906 3053 4976; x_wconf 79' lang='lat' dir='ltr'><strong>Abgarum</strong></span> <span class='ocrx_word' id='word_1_768' title='bbox 3083 4905 3276 4960; x_wconf 90' lang='lat' dir='ltr'><strong>mittit.</strong></span> <span class='ocrx_word' id='word_1_769' title='bbox 3314 4905 3523 4959; x_wconf 89' lang='lat' dir='ltr'><strong>Dicitur</strong></span> <span class='ocrx_word' id='word_1_770' title='bbox 3544 4919 3687 4973; x_wconf 86' lang='lat' dir='ltr'><strong>quo-</strong></span> 
     </span>
    </p>
   </div>
   <div class='ocr_carea' id='block_1_105' title="bbox 2099 4996 3681 5075">
    <p class='ocr_par' dir='ltr' id='par_1_105' title="bbox 2099 4996 3681 5075">
     <span class='ocr_line' id='line_1_105' title="bbox 2099 4996 3681 5075; baseline -0.002 -24"><span class='ocrx_word' id='word_1_771' title='bbox 2099 5015 2206 5071; x_wconf 88' lang='lat' dir='ltr'><strong>que</strong></span> <span class='ocrx_word' id='word_1_772' title='bbox 2248 5001 2538 5056; x_wconf 85' lang='lat' dir='ltr'><strong>Persarum</strong></span> <span class='ocrx_word' id='word_1_773' title='bbox 2586 5014 2680 5054; x_wconf 81' lang='lat' dir='ltr'><strong>rex</strong></span> <span class='ocrx_word' id='word_1_774' title='bbox 2734 5013 2924 5075; x_wconf 74' lang='lat' dir='ltr'><strong>manu</strong></span> <span class='ocrx_word' id='word_1_775' title='bbox 2955 4996 3292 5067; x_wconf 78' lang='lat' dir='ltr'><strong>ingenioque</strong></span> <span class='ocrx_word' id='word_1_776' title='bbox 3364 5004 3681 5065; x_wconf 86' lang='lat' dir='ltr'><strong>promptum</strong></span> 
     </span>
    </p>
   </div>
   <div class='ocr_carea' id='block_1_106' title="bbox 2102 5076 3681 5161">
    <p class='ocr_par' dir='ltr' id='par_1_106' title="bbox 2102 5076 3681 5161">
     <span class='ocr_line' id='line_1_106' title="bbox 2102 5076 3681 5161; baseline -0.004 -15"><span class='ocrx_word' id='word_1_777' title='bbox 2102 5092 2376 5161; x_wconf 91' lang='lat' dir='ltr'><strong>pictorem</strong></span> <span class='ocrx_word' id='word_1_778' title='bbox 2411 5090 2653 5154; x_wconf 87' lang='lat' dir='ltr'><strong>misisse,</strong></span> <span class='ocrx_word' id='word_1_779' title='bbox 2681 5098 2737 5143; x_wconf 88' lang='lat' dir='ltr'><strong>et</strong></span> <span class='ocrx_word' id='word_1_780' title='bbox 2781 5104 2880 5159; x_wconf 89' lang='lat' dir='ltr'><strong>per</strong></span> <span class='ocrx_word' id='word_1_781' title='bbox 2905 5089 3072 5153; x_wconf 85' lang='lat' dir='ltr'><strong>hunc,</strong></span> <span class='ocrx_word' id='word_1_782' title='bbox 3100 5076 3332 5141; x_wconf 83' lang='lat' dir='ltr'><strong>ferventi</strong></span> <span class='ocrx_word' id='word_1_783' title='bbox 3364 5086 3491 5141; x_wconf 80' lang='lat' dir='ltr'><strong>ﬁdei</strong></span> <span class='ocrx_word' id='word_1_784' title='bbox 3529 5086 3681 5140; x_wconf 87' lang='lat' dir='ltr'><strong>desi-</strong></span> 
     </span>
    </p>
   </div>
   <div class='ocr_carea' id='block_1_107' title="bbox 2101 5179 3687 5252">
    <p class='ocr_par' dir='ltr' id='par_1_107' title="bbox 2101 5179 3687 5252">
     <span class='ocr_line' id='line_1_107' title="bbox 2101 5179 3687 5252; baseline -0.004 -11"><span class='ocrx_word' id='word_1_785' title='bbox 2101 5186 2281 5251; x_wconf 88' lang='lat' dir='ltr'><strong>derio,</strong></span> <span class='ocrx_word' id='word_1_786' title='bbox 2314 5185 2479 5239; x_wconf 91' lang='lat' dir='ltr'><strong>simul</strong></span> <span class='ocrx_word' id='word_1_787' title='bbox 2518 5193 2572 5240; x_wconf 89' lang='lat' dir='ltr'><strong>et</strong></span> <span class='ocrx_word' id='word_1_788' title='bbox 2600 5183 2778 5252; x_wconf 88' lang='lat' dir='ltr'><strong>ipsius</strong></span> <span class='ocrx_word' id='word_1_789' title='bbox 2825 5181 3068 5248; x_wconf 87' lang='lat' dir='ltr'><strong>Christi,</strong></span> <span class='ocrx_word' id='word_1_790' title='bbox 3096 5190 3152 5236; x_wconf 88' lang='lat' dir='ltr'><strong>et</strong></span> <span class='ocrx_word' id='word_1_791' title='bbox 3178 5196 3302 5250; x_wconf 70' lang='lat' dir='ltr'><strong>qua:</strong></span> <span class='ocrx_word' id='word_1_792' title='bbox 3331 5197 3457 5236; x_wconf 89' lang='lat' dir='ltr'><strong>eum</strong></span> <span class='ocrx_word' id='word_1_793' title='bbox 3494 5179 3687 5234; x_wconf 89' lang='lat' dir='ltr'><strong>divino</strong></span> 
     </span>
    </p>
   </div>
   <div class='ocr_carea' id='block_1_108' title="bbox 423 5273 3689 5354">
    <p class='ocr_par' dir='ltr' id='par_1_108' title="bbox 423 5273 3689 5354">
     <span class='ocr_line' id='line_1_108' title="bbox 423 5273 3689 5354; baseline -0.004 -18"><span class='ocrx_word' id='word_1_794' title='bbox 423 5284 587 5339; x_wconf 92' lang='lat' dir='ltr'><strong>modo</strong></span> <span class='ocrx_word' id='word_1_795' title='bbox 624 5285 833 5354; x_wconf 74' lang='lat' dir='ltr'><strong>genuit,</strong></span> <span class='ocrx_word' id='word_1_796' title='bbox 887 5276 1103 5347; x_wconf 87' lang='lat' dir='ltr'><strong>matris,</strong></span> <span class='ocrx_word' id='word_1_797' title='bbox 1136 5296 1301 5352; x_wconf 87' lang='lat' dir='ltr'><strong>quam</strong></span> <span class='ocrx_word' id='word_1_798' title='bbox 1336 5280 1625 5336; x_wconf 88' lang='lat' dir='ltr'><strong>celerrime</strong></span> <span class='ocrx_word' id='word_1_799' title='bbox 1667 5279 1964 5349; x_wconf 80' lang='lat' dir='ltr'><strong>imaginem</strong></span> <span class='ocrx_word' id='word_1_800' title='bbox 2008 5279 2282 5350; x_wconf 87' lang='lat' dir='ltr'><strong>depictam</strong></span> <span class='ocrx_word' id='word_1_801' title='bbox 2318 5278 2618 5348; x_wconf 86' lang='lat' dir='ltr'><strong>accepisse.</strong></span> <span class='ocrx_word' id='word_1_802' title='bbox 2649 5280 2832 5348; x_wconf 83' lang='lat' dir='ltr'><strong>Atque</strong></span> <span class='ocrx_word' id='word_1_803' title='bbox 2875 5276 2990 5331; x_wconf 67' lang='lat' dir='ltr'><strong>haec</strong></span> <span class='ocrx_word' id='word_1_804' title='bbox 3022 5275 3240 5344; x_wconf 81' lang='lat' dir='ltr'><strong>quidem</strong></span> <span class='ocrx_word' id='word_1_805' title='bbox 3280 5290 3348 5329; x_wconf 82' lang='lat' dir='ltr'><strong>ex</strong></span> <span class='ocrx_word' id='word_1_806' title='bbox 3396 5273 3689 5328; x_wconf 83' lang='lat' dir='ltr'><strong>tabulariis</strong></span> 
     </span>
    </p>
   </div>
   <div class='ocr_carea' id='block_1_109' title="bbox 421 5366 3684 5444">
    <p class='ocr_par' dir='ltr' id='par_1_109' title="bbox 421 5366 3684 5444">
     <span class='ocr_line' id='line_1_109' title="bbox 421 5366 3684 5444; baseline -0.003 -13"><span class='ocrx_word' id='word_1_807' title='bbox 421 5388 479 5431; x_wconf 90' lang='lat' dir='ltr'><strong>et</strong></span> <span class='ocrx_word' id='word_1_808' title='bbox 543 5376 784 5432; x_wconf 85' lang='lat' dir='ltr'><strong>archivis</strong></span> <span class='ocrx_word' id='word_1_809' title='bbox 817 5375 1059 5430; x_wconf 86' lang='lat' dir='ltr'><strong>civitatis</strong></span> <span class='ocrx_word' id='word_1_810' title='bbox 1096 5374 1338 5439; x_wconf 61' lang='lat' dir='ltr'><strong>Edessa,</strong></span> <span class='ocrx_word' id='word_1_811' title='bbox 1371 5388 1493 5444; x_wconf 68' lang='lat' dir='ltr'><strong>quae</strong></span> <span class='ocrx_word' id='word_1_812' title='bbox 1521 5383 1633 5427; x_wconf 91' lang='lat' dir='ltr'><strong>tum</strong></span> <span class='ocrx_word' id='word_1_813' title='bbox 1679 5371 1828 5441; x_wconf 74' lang='lat' dir='ltr'><strong>regia</strong></span> <span class='ocrx_word' id='word_1_814' title='bbox 1857 5371 2344 5427; x_wconf 88' lang='lat' dir='ltr'><strong>administrabatur</strong></span> <span class='ocrx_word' id='word_1_815' title='bbox 2386 5380 2680 5442; x_wconf 89' lang='lat' dir='ltr'><strong>potestate,</strong></span> <span class='ocrx_word' id='word_1_816' title='bbox 2729 5380 2860 5426; x_wconf 91' lang='lat' dir='ltr'><strong>sunt</strong></span> <span class='ocrx_word' id='word_1_817' title='bbox 2904 5373 3216 5440; x_wconf 85' lang='lat' dir='ltr'><strong>desumpta.</strong></span> <span class='ocrx_word' id='word_1_818' title='bbox 3257 5367 3499 5421; x_wconf 88' lang='lat' dir='ltr'><strong>Fuerant</strong></span> <span class='ocrx_word' id='word_1_819' title='bbox 3535 5366 3684 5420; x_wconf 90' lang='lat' dir='ltr'><strong>enim</strong></span> 
     </span>
    </p>
   </div>
   <div class='ocr_carea' id='block_1_110' title="bbox 425 5455 3689 5538">
    <p class='ocr_par' dir='ltr' id='par_1_110' title="bbox 425 5455 3689 5538">
     <span class='ocr_line' id='line_1_110' title="bbox 425 5455 3689 5538; baseline -0.004 -17"><span class='ocrx_word' id='word_1_820' title='bbox 425 5468 478 5521; x_wconf 87' lang='lat' dir='ltr'><strong>iu</strong></span> <span class='ocrx_word' id='word_1_821' title='bbox 506 5469 722 5538; x_wconf 89' lang='lat' dir='ltr'><strong>publica</strong></span> <span class='ocrx_word' id='word_1_822' title='bbox 765 5468 1034 5524; x_wconf 89' lang='lat' dir='ltr'><strong>librorum</strong></span> <span class='ocrx_word' id='word_1_823' title='bbox 1080 5475 1436 5522; x_wconf 83' lang='lat' dir='ltr'><strong>monumenta</strong></span> <span class='ocrx_word' id='word_1_824' title='bbox 1464 5466 1655 5523; x_wconf 89' lang='lat' dir='ltr'><strong>relata.</strong></span> <span class='ocrx_word' id='word_1_825' title='bbox 1686 5464 1757 5519; x_wconf 87' lang='lat' dir='ltr'><strong>Et</strong></span> <span class='ocrx_word' id='word_1_826' title='bbox 1778 5464 1906 5519; x_wconf 90' lang='lat' dir='ltr'><strong>libri</strong></span> <span class='ocrx_word' id='word_1_827' title='bbox 1937 5464 2005 5519; x_wconf 92' lang='lat' dir='ltr'><strong>de</strong></span> <span class='ocrx_word' id='word_1_828' title='bbox 2053 5463 2252 5534; x_wconf 77' lang='lat' dir='ltr'><strong>Abgari</strong></span> <span class='ocrx_word' id='word_1_829' title='bbox 2312 5464 2481 5519; x_wconf 90' lang='lat' dir='ltr'><strong>rebus</strong></span> <span class='ocrx_word' id='word_1_830' title='bbox 2524 5463 2820 5534; x_wconf 85' lang='lat' dir='ltr'><strong>conseripti</strong></span> <span class='ocrx_word' id='word_1_831' title='bbox 2844 5463 2965 5519; x_wconf 79' lang='lat' dir='ltr'><strong>haec</strong></span> <span class='ocrx_word' id='word_1_832' title='bbox 2992 5474 3214 5532; x_wconf 90' lang='lat' dir='ltr'><strong>quoque</strong></span> <span class='ocrx_word' id='word_1_833' title='bbox 3241 5455 3689 5526; x_wconf 83' lang='lat' dir='ltr'><strong>complecteban-</strong></span> 
     </span>
    </p>
   </div>
   <div class='ocr_carea' id='block_1_111' title="bbox 427 5555 3073 5633">
    <p class='ocr_par' dir='ltr' id='par_1_111' title="bbox 427 5555 3073 5633">
     <span class='ocr_line' id='line_1_111' title="bbox 427 5555 3073 5633; baseline -0.001 -18"><span class='ocrx_word' id='word_1_834' title='bbox 427 5569 538 5628; x_wconf 88' lang='lat' dir='ltr'><strong>tur,</strong></span> <span class='ocrx_word' id='word_1_835' title='bbox 564 5578 631 5617; x_wconf 81' lang='lat' dir='ltr'><strong>ex</strong></span> <span class='ocrx_word' id='word_1_836' title='bbox 673 5559 936 5633; x_wconf 82' lang='lat' dir='ltr'><strong>Syrorum</strong></span> <span class='ocrx_word' id='word_1_837' title='bbox 973 5559 1161 5628; x_wconf 84' lang='lat' dir='ltr'><strong>iinqua</strong></span> <span class='ocrx_word' id='word_1_838' title='bbox 1192 5559 1479 5614; x_wconf 88' lang='lat' dir='ltr'><strong>translata.</strong></span> <span class='ocrx_word' id='word_1_839' title='bbox 1505 5558 1637 5625; x_wconf 84' lang='lat' dir='ltr'><strong>Qua:</strong></span> <span class='ocrx_word' id='word_1_840' title='bbox 1665 5573 1696 5612; x_wconf 89' lang='lat' dir='ltr'><strong>a</strong></span> <span class='ocrx_word' id='word_1_841' title='bbox 1742 5572 1829 5612; x_wconf 89' lang='lat' dir='ltr'><strong>me</strong></span> <span class='ocrx_word' id='word_1_842' title='bbox 1885 5565 2036 5612; x_wconf 88' lang='lat' dir='ltr'><strong>recte</strong></span> <span class='ocrx_word' id='word_1_843' title='bbox 2091 5557 2199 5612; x_wconf 91' lang='lat' dir='ltr'><strong>hoc</strong></span> <span class='ocrx_word' id='word_1_844' title='bbox 2235 5555 2361 5611; x_wconf 88' lang='lat' dir='ltr'><strong>loco</strong></span> <span class='ocrx_word' id='word_1_845' title='bbox 2390 5556 2590 5626; x_wconf 87' lang='lat' dir='ltr'><strong>opinor</strong></span> <span class='ocrx_word' id='word_1_846' title='bbox 2630 5571 2754 5613; x_wconf 85' lang='lat' dir='ltr'><strong>esse</strong></span> <span class='ocrx_word' id='word_1_847' title='bbox 2794 5556 3073 5626; x_wconf 80' lang='lat' dir='ltr'><strong>exposita.</strong></span> 
     </span>
    </p>
   </div>
   <div class='ocr_carea' id='block_1_112' title="bbox 2002 5762 2077 5778">
    <p class='ocr_par' dir='ltr' id='par_1_112' title="bbox 2002 5762 2077 5778">
     <span class='ocr_line' id='line_1_112' title="bbox 2002 5762 2077 5778; baseline 0 0"><span class='ocrx_word' id='word_1_848' title='bbox 2002 5762 2077 5778; x_wconf 58' lang='grc' dir='ltr'><strong>ειη</strong></span> 
     </span>
    </p>
   </div>
  </div>
