4046 6472
388 388 498 453 775
1136 426 1141 431 -

984 498 1211 555 CAPUT
1241 495 1380 551 VIII.

394 620 457 675 Ut
477 619 711 675 Tiberius
732 617 935 677 Ccesar,
966 614 1116 667 rebus
1142 611 1442 665 Seruatoris
1465 607 1666 662 Christi
1689 623 1752 660 ex
1776 606 1971 677 litteris

465 691 631 744 Pilati
660 689 905 758 cognitis,
925 675 1002 738 sit
1033 692 1339 758 permotus;
1367 690 1415 733 et
1439 695 1557 750 qua:
1586 679 1649 731 de
1680 693 1740 731 eo
1766 675 1974 732 Tertul-

463 763 639 815 lianus
665 752 928 811 memoria:
963 752 1366 807 commendarit.

462 877 534 931 Et
582 876 692 946 jam
727 874 934 942 ubique
966 880 1238 925 terrarum
1295 867 1531 921 miriﬁco
1581 865 1753 921 verbo
1797 864 1973 931 disse-,-

395 970 629 1029 minato,
678 964 1035 1020 sermonibus
1068 977 1322 1016 omnium
1363 960 1726 1022 resurrectio,
1776 972 1974 1012 ascen-

395 1061 499 1123 sio,
538 1066 595 1112 et
625 1057 733 1110 alia
769 1055 1014 1109 divinam
1050 1052 1356 1124 petentiam
1393 1050 1653 1105 testantia
1704 1048 1972 1103 miracula

393 1150 616 1219 publice
650 1148 996 1203 ferebantur.
1031 1144 1393 1199 Consuetudo
1426 1152 1610 1196 autem
1639 1142 1750 1211 jam
1785 1140 1914 1194 inde
1940 1153 1969 1192 a

392 1242 650 1312 plurimis
684 1240 845 1294 annis
879 1239 1193 1303 obtinebat,
1242 1246 1303 1290 ut
1338 1236 1431 1305 qui
1483 1234 1841 1305 praefecturas
1878 1238 1976 1285 aut

392 1335 707 1405 provincias
746 1332 931 1386 sortiti
980 1338 1189 1392 essent,
1225 1345 1315 1385 res
1349 1343 1541 1393 novas,
1588 1342 1709 1395 quae
1740 1326 1844 1380 sub
1894 1326 1976 1379 eis

392 1427 733 1481 accidissent
765 1423 1034 1491 singulas,
1069 1435 1348 1474 summum
1402 1419 1699 1487 imperium
1744 1415 1972 1470 babenti

392 1517 598 1573 Ctesari
631 1514 1035 1584 significarent,
1075 1522 1136 1565 ut
1163 1511 1316 1564 illum
1349 1509 1485 1563 nihil
1519 1521 1751 1578 prorsus
1784 1520 1972 1559 rerum

394 1611 643 1663 omnium
679 1609 898 1661 lateret.
936 1605 1129 1672 Itaque
1171 1603 1240 1657 de
1280 1601 1690 1655 resurrectione
1731 1615 1797 1653 ex
1829 1614 1975 1651 mor-

394 1699 529 1760 tuis,
564 1698 800 1763 aliisque
852 1692 1126 1763 prodigiis
1155 1692 1285 1747 Jesu
1315 1690 1547 1751 Christi,
1581 1690 1810 1744 Tiberio
1853 1689 1974 1743 Cae-

1613 370 2047 435 NICEPIIORI
2089 370 2177 428 CA
2193 370 2444 430 LLISTI

3548 369 3651 434 776

2684 485 2933 539 ΚΕΦΑΛ.
2978 483 3060 539 Η’.

2091 598 2190 664 Ὠς
2224 601 2257 672 ό
2281 598 2512 672 Καῖσαρ
2538 598 2797 672 Τιϐέριος
2819 600 2909 672 τὰ.
2929 600 3080 653 κατὰ
3111 599 3219 654 τὸν
3248 600 3493 672 Σωτῆρα
3519 604 3655 671 Χρι-

2144 670 2297 743 στρν
2320 671 2457 743 imo
2480 670 2739 723 Πιλάτου
2769 670 3063 743 γενόμενα
3119 671 3321 743 γνοὺς,
3371 670 3649 743 ammon-

2145 738 2246 792 καί
2279 736 2376 792 οἶα
2416 736 2849 808 Τερτυλλιαγὸς
2872 736 3009 808 περὶ
3034 736 3225 796 αὐτοῦ
3258 736 3506 811 ιστορεῖ.

2150 855 2287 926 Ἤδη
2311 855 2368 909 δὲ
2403 858 2502 926 τῆς
2533 855 2640 926 γῆς
2667 856 3008 927 ὁπουδήποτε
3030 855 3127 910 τοῦ
3158 857 3469 927 παραδόξου
3494 858 3653 925 λόγου

2075 936 2505 1019 διεσπαρμένου,
2545 949 2873 1018 περιϐόητος
2928 948 3028 1019 μὲν
3081 950 3113 1019 ἠ
3167 949 3485 1015 ἀνάστασις,
3536 949 3656 1014 ἑξά-

2075 1057 2307 1102 κουστος
2331 1039 2388 1092 δὲ
2417 1040 2449 1110 ὴ
2491 1039 2784 1109 ἀνάληψις,
2811 1040 2907 1094 καὶ
2945 1039 3117 1093 τᾶλλα
3148 1039 3259 1091 τῶν
3294 1039 3652 1108 θεοσημειῶν.

2080 1131 2282 1195 Ἔθους
2311 1131 2357 1185 δ’
2391 1132 2456 1185 ἐκ
2491 1132 2691 1184 πολλοῦ
2727 1132 3134 1203 κεκρατηκότος
3182 1134 3295 1194 τοῖς
3325 1131 3517 1202 ἄρχειν
3558 1132 3654 1184 λα-

2076 1228 2266 1295 χοῦσιν
2317 1224 2505 1287 ἔθνους
2552 1225 2623 1277 τὰ
2675 1226 2829 1293 παρὰ
2875 1224 3029 1293 σφίσι
3064 1225 3542 1294 καινοτομούμενα
3579 1225 3657 1295 τῷ

2079 1296 2269 1385 ἄρχειν
2291 1315 2513 1385 λαχόντι
2536 1314 2838 1385 βασιλικῶς
2856 1315 3069 1369 ἕκαστά
3089 1332 3155 1383 γε
3181 1316 3653 1387 παρασημαίνειν,

2076 1405 2151 1467 ὡς
2179 1405 2248 1459 ἂν
2280 1406 2447 1475 μηδὲν
2474 1408 2683 1460 ἐκεῖνον
2711 1407 2827 1476 ἔχοι
2850 1406 3272 1475 διαδιδράσκειν,
3303 1407 3371 1461 τὰ
3396 1409 3529 1478 περὶ
3557 1410 3660 1477 τῆς

2078 1498 2141 1549 ὲκ
2171 1497 2382 1569 νεκρῶν
2432 1496 2821 1575 ἀναστάσεως,
2853 1497 2949 1550 καὶ
2992 1498 3163 1552 τᾶλλα
3211 1498 3322 1551 τῶν
3355 1500 3662 1568 τεραστίων

2090 1588 2265 1660 Ἰησοῦ
2294 1589 2553 1660 Χριστοῦ,
2593 1590 2823 1659 γράφων
2845 1591 2925 1661 τῷ
2954 1590 3192 1660 Καίσαρι
3219 1590 3461 1663 Τιϐερίῳ
3492 1592 3662 1645 Πιλᾶ-

2077 1686 2171 1746 τος
2201 1682 2552 1752 ἀνήγγειλεν,
2589 1684 2740 1747 ὅπως
2767 1699 2829 1736 τε
2877 1684 2947 1736 τὰ
2981 1682 3106 1737 κατ’
3133 1683 3298 1737 αὐτὸν
3336 1678 3424 1754 ἦν,
3458 1686 3553 1736 καὶ
3582 1684 3662 1747 ὡς

393 1788 504 1845 sari
556 1788 810 1842 scribens
860 1786 1072 1839 Pilatus
1103 1825 1119 1849 ,
1180 1798 1305 1837 cum
1346 1798 1436 1837 res
1486 1783 1605 1852 ejus
1659 1783 1971 1852 plerasque,

2082 1777 2145 1828 ὲκ
2189 1775 2403 1844 νεκρῶν
2433 1774 2699 1840 ἀναστάς,
2743 1774 2879 1838 Θεὸς
2928 1775 3028 1845 ήδη
3074 1775 3228 1845 παρὰ
3264 1774 3481 1837 πολλοῖς
3518 1770 3665 1829 εἶναι

393 1890 536 1939 tum,
571 1878 717 1947 quod
751 1892 818 1931 ex
862 1876 1097 1930 mortuis
1132 1874 1439 1935 redivivus,
1491 1873 1712 1942 sibique
1746 1872 1850 1940 ipsi
1883 1885 1977 1924 su-

395 1985 630 2040 perstes,
671 1969 818 2024 Deus
846 1970 959 2038 jam
1012 1985 1041 2022 a
1083 1968 1297 2031 multis,
1331 1965 1637 2035 etquidem
1667 1963 1979 2034 praecipuus

395 2064 542 2116 inter
608 2062 747 2117 alios
808 2060 954 2115 Deus
1007 2075 1131 2115 esse
1189 2058 1541 2122 crederetur,
1604 2055 1976 2110 renuntiavit.

394 2157 567 2221 Quam
618 2170 733 2209 rem
773 2154 1038 2208 Tiberius
1074 2154 1141 2207 ad
1177 2160 1431 2207 senatum
1463 2150 1772 2204 Romanum
1823 2154 1978 2201 retu-

392 2251 480 2305 lit.
513 2249 754 2303 Senatus
796 2257 1007 2312 autem,
1044 2261 1153 2299 non
1185 2259 1309 2300 esse
1336 2240 1762 2297 deliberandum
1811 2238 1881 2291 de
1912 2252 1979 2291 ea

393 2342 638 2403 censuit,
676 2343 778 2394 sub
814 2339 909 2395 illo
956 2338 1183 2408 quidem
1216 2344 1507 2405 praetextu,
1549 2332 1697 2402 quod
1737 2331 1829 2385 ille
1864 2344 1979 2384 non

395 2435 576 2503 prius,
629 2430 802 2485 veteri
852 2444 1032 2492 more,
1067 2428 1243 2498 ipsius
1290 2434 1518 2481 senatus
1572 2424 1872 2486 sententia,
1923 2423 1978 2475 in

399 2525 534 2577 deos
564 2530 713 2575 esset
740 2519 952 2574 relatus
984 2538 997 2571 :
1033 2518 1200 2589 146
1226 2532 1286 2572 re
1322 2525 1508 2571 autem
1546 2515 1686 2584 ipsa,
1718 2514 1866 2583 quod
1894 2512 1980 2568 di-

394 2616 537 2667 vina:
570 2614 841 2666 doctrina:
873 2611 1170 2680 disciplina
1203 2609 1446 2663 humano
1477 2621 1709 2676 prorsus
1739 2621 1849 2660 non
1893 2605 1979 2658 in-

395 2704 614 2771 digeret
644 2703 875 2757 auxilio.
913 2703 1019 2756 Sed
1054 2702 1203 2756 enim
1232 2701 1457 2756 etiamsi
1489 2709 1718 2754 senatus
1749 2697 1817 2751 ad
1849 2712 1977 2753 eum

396 2794 621 2847 modum
655 2794 886 2849 verbum
914 2793 982 2847 de
1012 2792 1306 2848 Servatore
1337 2791 1643 2863 rejecisset,
1673 2789 1857 2844 Caesar
1899 2798 1980 2843 ta-

398 2901 524 2938 men
558 2886 611 2938 in
645 2884 923 2939 sententia
951 2901 1048 2938 sua
1099 2883 1367 2953 perstitit,
1396 2882 1740 2951 salutarique
1773 2880 1977 2950 praedi-

397 2977 603 3032 cationi
641 2976 1038 3044 impedimento
1068 2991 1178 3029 non
1204 2976 1331 3029 fuit.
1368 2974 1648 3042 Scriptum
1691 2974 1797 3029 hoc
1817 2971 1979 3026 nobis

2080 1868 2178 1920 καὶ
2203 1866 2385 1937 ἔξοχος
2415 1867 2523 1920 τῶν
2552 1866 2731 1922 ἄλλων
2758 1866 3102 1920 πιστεύεται.
3135 1867 3246 1921 Καὶ
3272 1867 3526 1939 Τιϐέριον
3561 1868 3663 1937 μὲν

2079 1962 2172 2014 τὸν
2202 1962 2361 2028 λόγον
2388 1961 2753 2015 κοινώσασθαι
2785 1962 2850 2031 τῇ
2887 1961 3177 2030 Ῥωμαίων
3211 1960 3399 2032 βουλῇ·
3439 1961 3664 2032 ἐκείνην

2079 2052 2137 2105 δὲ
2175 2053 2409 2121 μισῆσαι
2440 2052 2783 2118 ἀκούσασαν,
2813 2051 2894 2122 τῷ
2931 2054 3245 2123 φαινομένῳ
3291 2054 3413 2123 μὲν,
3457 2056 3543 2108 ὅτι
3590 2054 3665 2125 μὴ

2082 2146 2349 2214 πρότερον
2382 2144 2603 2214 ικείνης
2631 2144 2818 2215 ψήφῳ,
2849 2146 2994 2201 κατά
3023 2162 3085 2214 γε
3108 2147 3170 2198 τὸ
3199 2146 3484 2217 κρατῆσαν
3508 2146 3661 2214 ἔθος,

2081 2236 2217 2298 Θεὸς
2243 2237 2603 2307 ἀνηγόρευτο⁶
2630 2237 2694 2289 τδ
2720 2236 2766 2288 δ’
2792 2237 3013 2306 ἀληθὲς,
3040 2238 3125 2291 ὅτι
3151 2238 3275 2308 μηδ’
3306 2236 3677 2309 ἀνθρωπίνης,

2082 2327 2408 2395 ιπικουρὶας
2436 2329 2470 2397 ή
2498 2326 2594 2380 τοῦ
2626 2327 2776 2381 θείου
2805 2328 3079 2398 δόγματος
3111 2329 3285 2383 ἐδεῖτο
3313 2330 3665 2386 διδασκαλία.

2083 2417 2245 2473 Οὕτω
2273 2419 2331 2472 δὲ
2370 2418 2474 2487 τῆς
2525 2419 2832 2490 συγκλήτου
2874 2419 3076 2489 βουλῆς
3108 2422 3532 2493 ἀποσαλομένης
3574 2423 3666 2476 τὸν

2083 2511 2213 2579 περὶ
2252 2507 2347 2563 τοῦ
2380 2509 2636 2579 Σωτῆρος
2672 2509 2851 2578 λόγον,
2882 2510 2977 2564 τὸν
3021 2513 3279 2582 Καίσαρα
3335 2515 3518 2583 μεῖναι
3563 2515 3666 2586 μὲν

2082 2603 2171 2655 ἐπ’
2196 2599 2365 2655 αὐτοῦ
2392 2601 2490 2654 καὶ
2521 2600 2696 2666 αὖθις,
2728 2601 2823 2654 καὶ
2853 2602 3021 2671 μηδὲν
3041 2602 3295 2669 ἐμποδὼν
3325 2604 3668 2661 καθεστάναι

2080 2693 2160 2763 τῷ
2206 2694 2462 2762 σωτηρίῳ
2506 2692 2851 2764 κηρύγματι.
2899 2694 3297 2765 Τερτυλλιανὸς
3336 2696 3490 2751 ταῦθ’
3530 2700 3669 2768 ἡμῖν

2084 2787 2313 2857 ἱστορεῖ,
2345 2785 2485 2856 ἀνὴρ
2523 2785 2801 2857 ἐπιφανὴς
2836 2787 2931 2840 καὶ
2974 2787 3083 2840 τῶν
3135 2788 3229 2840 ἐπὶ
3269 2786 3489 2858 Ῥώμης
3525 2788 3671 2858 λαμ-

2084 2877 2239 2947 πρῶν
2267 2877 2411 2931 κατά
2438 2877 2620 2946 νόμων
2651 2878 2963 2947 ἀκρίϐειαν,
2988 2879 3046 2931 ἐν
3072 2881 3139 2950 τῇ
3173 2880 3307 2948 παρ’
3329 2879 3498 2935 αὑτοῦ
3533 2879 3672 2935 Ῥω-

2085 2972 2263 3039 μαίων
2297 2968 2521 3041 γλώσσῃ
2551 2972 2852 3042 γραφείσῃ,
2888 2974 2968 3034 είς
2999 2972 3100 3040 τὴν
3144 2971 3376 3026 Ἐλλάδα
3401 2973 3460 3027 δι
3487 2975 3673 3043 γλῶσ-

396 3068 623 3138 reliquit
679 3066 1082 3129 Tertullianus,
1139 3067 1227 3119 vir
1284 3065 1543 3134 insignis,
1602 3073 1978 3134 accurataq-te

2084 3077 2185 3114 σαν
2214 3060 2621 3134 μεταϐληθείσῃ
2661 3063 2803 3130 ὑπὲρ
2837 3065 3184 3133 Χριστιανῶν
3215 3065 3512 3137 ἀπολογίᾳο
3539 3068 3603 3123 ὲν
3638 3062 3671 3140 ᾗ

397 3161 583 3229 legum
632 3168 687 3213 et
737 3168 989 3213 actorum
1030 3156 1409 3211 Romanorum
1441 3157 1643 3227 peritia
1673 3158 1882 3220 clarus,
1921 3159 1976 3211 in

2083 3152 2182 3205 xci.
2213 3151 2390 3207 ταῦτα
2416 3152 2697 3221 διέξεισιν,
2733 3155 2936 3209 οὑτωσὶ
2969 3156 3169 3226 λέγων·
3206 3175 3226 3209 ι
3258 3156 3378 3214 Ἵνα
3394 3157 3451 3212 δὲ
3481 3161 3580 3212 καὶ
3612 3163 3673 3214 ὲκ

400 3269 465 3306 ea
489 3266 616 3321 qua:
662 3253 731 3307 ab
783 3251 902 3320 ipso
933 3250 1128 3304 Latina
1166 3251 1391 3320 quidem
1432 3250 1620 3320 lingua
1653 3249 1881 3319 scripta,
1922 3250 1977 3304 in

2082 3247 2185 3317 τῆς
2238 3247 2510 3315 γενέσεως
2560 3247 2938 3319 διαλεχθῶμεν
2987 3249 3099 3303 τῶν
3152 3250 3411 3305 τοιούτων
3460 3252 3671 3323 νόμων,

270 3350 297 3365 ’
402 3341 647 3397 Graecam
678 3355 811 3394 vero
836 3341 1104 3395 translata
1133 3352 1238 3395 εει.
1283 3354 1381 3408 pro
1409 3338 1743 3394 Christianis
1774 3338 1982 3408 Apolo-

398 3436 530 3505 gia:
581 3434 636 3488 in
688 3449 799 3503 qua
851 3434 968 3487 haec
1018 3447 1241 3502 quoque
1271 3440 1689 3499 commemorat,
1720 3431 1794 3487 ita
1838 3432 1981 3487 scri-

400 3528 554 3583 bens
584 3543 600 3581 :
633 3544 650 3577 ι
689 3527 761 3583 Ut
794 3527 863 3581 de
904 3527 1117 3596 origine
1165 3526 1374 3593 aliquid
1422 3534 1787 3581 retractemus
1828 3527 1981 3598 ejus—

401 3619 550 3673 modi
605 3617 813 3687 legum,
850 3627 1013 3673 vetus
1043 3627 1164 3672 erat
1204 3616 1518 3681 decretum,
1556 3631 1626 3672 ne
1668 3617 1793 3687 quis
1835 3617 1983 3673 Deus

400 3711 471 3763 ab
501 3711 835 3779 imperatore
883 3718 1332 3773 consecraretur,
1368 3709 1476 3764 nisi
1516 3724 1546 3763 a
1600 3720 1794 3765 senatu
1830 3723 1983 3765 eom-

400 3804 760 3872 probaretur.
793 3803 1061 3858 Tiberius
1087 3818 1241 3873 ergo,
1288 3802 1449 3873 cujus
1493 3812 1743 3872 tempore
1778 3817 1980 3857 nomen

398 3897 781 3952 Christianum
843 3897 900 3950 in
936 3897 1202 3951 saeculum
1261 3896 1536 3960 introivit,
1590 3897 1979 3950 annnntiatam

400 3990 508 4057 sibi
558 4005 626 4044 ex
684 3988 974 4043 Palaestina
1021 3989 1314 4043 veritatem
1361 3988 1634 4057 dogmatis
1669 3988 1834 4041 istius
1881 3989 1981 4052 (ibi

400 4083 550 4136 enim
586 4080 762 4150 prima
797 4080 957 4133 initia
982 4081 1317 4147 sumpserat)
1365 4080 1432 4134 ad
1471 4089 1727 4134 senatum
1764 4081 1979 4145 retulit,

403 4187 530 4226 eum
575 4169 939 4239 praerogativa
970 4168 1214 4239 sull‘ragii
1250 4169 1360 4223 sui.
1404 4168 1668 4234 Senatus,
1702 4170 1831 4237 quia
1866 4170 1982 4240 ipse

400 4278 513 4317 non
546 4262 901 4332 probaverat,
932 4262 1164 4331 respuit.
1197 4260 1381 4315 Caesar
1421 4260 1475 4314 in
1519 4264 1795 4317 sententia
1829 4279 1985 4317 man-

402 4357 496 4421 sit,
530 4355 901 4410 comminatus
928 4364 1163 4407 mortem
1201 4352 1648 4408 Christianorum
1685 4363 1980 4410 accusato-

2084 3341 2317 3395 παλαιὸν
2365 3335 2435 3411 ἦν
2463 3340 2669 3411 δόγμα,
2719 3342 2927 3412 μηδένα
2973 3342 3097 3396 θεὸν
3132 3343 3237 3396 ὑπὸ
3270 3342 3535 3412 βασιλέως
3566 3363 3671 3399 κα-

2085 3431 2426 3505 θιεροῦσθαι,
2469 3432 2603 3504 πρὶν
2639 3434 2745 3487 ὑπὸ
2770 3433 2873 3504 τῆς
2904 3433 3210 3503 συγκλήτου
3246 3435 3671 3507 δοκιμασθῆναι.

2086 3527 2341 3595 Τιῦέριος
2384 3519 2480 3581 οὖν
2519 3527 2602 3595 ἐφ’
2638 3526 2698 3580 οὗ
2734 3527 2795 3581 τδ
2836 3526 2947 3584 τῶν
2982 3528 3330 3597 Χριστιανῶν
3378 3530 3554 3600 ὄνομα
3597 3534 3675 3596 είς

2089 3618 2182 3672 τὸν
2225 3620 2431 3690 κόσμον
2460 3617 2837 3690 εἰσελήλυθεν,
2873 3620 3234 3688 ἀγγελθέντος
3270 3623 3421 3693 αύτῷ
3452 3623 3517 3676 ικ
3553 3624 3676 3677 Πα-

2082 3710 2365 3783 λαιστίνης
2390 3711 2484 3765 τοῦ
2508 3710 2781 3780 δόγματος
2803 3710 2995 3765 τούτου
3022 3711 3150 3766 ἔνθα
3177 3714 3415 3782 πρώτως
3441 3715 3673 3787 ἤρξατο,

2083 3805 2150 3875 τῇ
2186 3805 2478 3875 συγκλήτῳ
2520 3804 2949 3871 ἀνεκοινώσατο,
2982 3805 3145 3876 δῆλος
3181 3804 3259 3859 ὢν
3305 3807 3558 3869 ἐκείνοις,
3602 3809 3677 3873 ὡς

2083 3895 2164 3965 τῷ
2196 3895 2431 3965 δόγματι
2475 3894 2802 3965 ἀρέσκεται.
2848 3894 2917 3949 Ἦ
2961 3896 3020 3949 δὲ
3052 3896 3357 3969 σύγκλητος
3400 3899 3522 3952 ἐπεὶ
3571 3904 3674 3955 ούκ

2084 3986 2230 4057 αὑτὴ
2282 3986 2657 4056 δεδοκιμάκει,
2706 3986 2996 4041 ἀπώσατο.
3037 3987 3097 4041 '0
3151 3988 3211 4041 δὲ
3266 3990 3436 4060 εν,τῇ
3499 3992 3672 4059 αὐτῆς

2084 4078 2365 4147 ἀποφάσει
2396 4063 2636 4146 ἔμεινεν,
2667 4078 2975 4147 ἀπειλήσας
3001 4078 3232 4134 θάνατον
3258 4082 3373 4143 τοῖς
3400 4080 3511 4133 τῶν
3541 4083 3673 4153 Χρι-

2087 4171 2319 4225 στιανῶν
2349 4170 2686 4240 κατηγόροις
2714 4186 2727 4203 ’
2769 4189 2789 4223 ι
2824 4172 2923 4239 τῆς
2953 4172 3207 4238 οὐρανίου
3251 4175 3510 4243 προνοίας
3553 4174 3671 4227 κατ’

2083 4262 2426 4332 οἰκονομίαν,
2451 4261 2599 4315 τοῦτ’
2629 4262 2763 4315 αὐτὸ
2795 4261 2935 4334 πρὸς
2966 4262 3091 4317 νοῦ-ι
3127 4263 3459 4335 βαλομένης·
3491 4265 3568 4327 ὡς
3604 4266 3670 4319 ἂν

2085 4352 2548 4422 ἀπαραποδίστως
2575 4352 2715 4423 ἔχων
2740 4355 2769 4406 ό
2797 4354 2892 4407 τοῦ
2914 4354 3252 4424 Εὐαγγελίου
3282 4355 3439 4424 λόγος
3465 4374 3674 4410 παντα-

401 4449 576 4502 ribus.
618 4465 637 4499 ι
672 4446 896 4524 Caelesti
931 4446 1195 4500 nimirum
1226 4445 1597 4515 providentia,
1629 4463 1730 4516 per
1756 4447 1978 4502 ordina-

2086 4444 2215 4515 χόσε
2252 4444 2358 4512 γῆς
2388 4444 2709 4514 διαδράμοι.
2757 4446 2917 4499 Οὕτω
2963 4447 3104 4515 δῆτα
3148 4447 3389 4517 οὐρανίῳ
3435 4450 3668 4520 δυνάμει

401 4542 611 4593 tionem
644 4547 811 4607 atque
837 4538 1258 4607 dispositionem
1291 4548 1727 4607 competentem,
1763 4540 1867 4594 hoc
1903 4540 1982 4596 illi

399 4628 829 4697 suppeditante,
884 4638 944 4681 ut
1000 4628 1153 4680 nullo
1211 4629 1472 4683 obstante
1538 4628 1981 4700 impedimento,

398 4718 678 4788 Evangelii
730 4721 959 4773 verbum
1012 4735 1107 4787 per
1148 4728 1324 4774 terras
1352 4722 1568 4817 passim
1625 4738 1820 4779 omnes
1855 4740 1983 4779 cur-

401 4826 525 4865 sum
558 4826 721 4865 suum
763 4821 1000 4865 teneret.
1040 4810 1133 4866 Sic
1178 4810 1395 4868 scilicet
1427 4814 1477 4866 vi
1515 4824 1572 4869 et
1601 4815 1846 4871 eﬂicacia
1874 4832 1987 4872 cas—

398 4902 526 4956 lesti
558 4902 798 4955 salutare
825 4904 1077 4966 verbum,
1098 4904 1257 4971 quasi
1299 4905 1578 4974 quoddam
1610 4908 1746 4962 solis
1770 4910 1982 4977 lumen,

400 4996 724 5050 universum
760 4994 1122 5049 habitabilem
1167 4997 1357 5051 orbem
1395 5012 1623 5066 prorsus
1659 5000 1977 5055 illustravit.

396 5085 698 5144 Confestim
729 5103 988 5154 namque,
1019 5089 1173 5156 juxta
1201 5088 1519 5143 divinarum
1552 5090 1975 5160 Seripturarum

397 5182 800 5253 pra~scriptum.
833 5180 898 5234 In
922 5198 1128 5235 onmem
1157 5193 1360 5237 terram
1390 5186 1548 5239 exivit
1569 5202 1727 5239 sonus
1755 5187 1979 5241 divino-

399 5283 522 5321 rum
577 5268 1046 5338 evangelistarum
1108 5280 1164 5326 et
1202 5274 1584 5340 apostolorum
1635 5276 1778 5344 ejus,
1813 5286 1863 5330 et
1921 5278 1978 5329 in

396 5360 530 5428 ﬁnes
565 5359 702 5414 orbis
739 5368 896 5415 terra:
923 5368 1076 5416 verba
1102 5380 1285 5418 eorum
1311 5367 1382 5419 ".
1415 5366 1656 5420 Proinde
1682 5383 1778 5436 per
1815 5369 1979 5425 urbes

396 5463 449 5505 et
484 5452 634 5507 vicos
684 5468 899 5518 omnes,
937 5457 1340 5525 copiosissima:
1378 5460 1576 5513 messis
1610 5460 1809 5525 instar,
1867 5465 1977 5519 fre-

399 5542 781 5607 quentissimae
828 5546 1408 5617 numerosissimzeque
1459 5556 1661 5619 passim
1719 5551 1977 5608 Ecclesiae

399 5644 529 5687 sunt
558 5637 877 5691 constitutae
907 5654 922 5693 :
960 5648 1017 5693 et
1052 5639 1148 5709 qui
1184 5641 1455 5713 majorum
1488 5657 1715 5698 suorum
1750 5660 1974 5701 succes-

473 5807 519 5839 "
578 5809 723 5865 Psal.
764 5828 921 5875 xvut,
955 5813 1005 5859 δε.

2089 4538 2184 4591 καὶ
2213 4536 2479 4607 συνεργία
2514 4537 2749 4608 ἀθρόως,
2787 4534 2876 4592 οἷά
2898 4555 2986 4601 τις
3011 4538 3169 4607 ἡλίου
3211 4538 3366 4610 βολὴ,
3392 4539 3491 4611 τὴν
3527 4545 3665 4609 σύμ-

2047 4646 2271 4685 ’πασαν
2323 4630 2658 4702 οἰκουμένην
2708 4632 2738 4683 ό
2797 4632 3070 4701 σωτήριος
3124 4632 3446 4701 κατηύγαζε
3486 4633 3666 4699 λόγος.

2087 4719 2299 4772 Αὐτίκα
2324 4720 2381 4772 δὲ
2407 4721 2529 4782 ταῖς
2551 4719 2728 4783 θείαις
2759 4720 3043 4791 ἑπομένως
3068 4720 3316 4791 Γραφαίς
3339 4723 3438 4775 ἐπὶ
3462 4722 3669 4779 πᾶσαν

2087 4811 2296 4878 προῄει
2322 4810 2438 4879 τὴν
2466 4809 2587 4880 γῆν
2610 4811 2644 4864 ὁ
2667 4810 2932 4880 φθόγγος
2960 4812 3069 4864 τῶν
3102 4812 3406 4866 θεσπεσίων
3437 4816 3669 4882 εύαγγε-

2087 4890 2288 4957 λὶστῶν
2323 4920 2384 4956 τε
2414 4891 2704 4956 αὑτοῦκαὶ
2732 4903 3071 4970 ἀποστόλων,
3105 4906 3205 4958 καὶ
3233 4906 3321 4970 είς
3343 4906 3415 4960 τὰ
3442 4905 3668 4973 πέρατα

2088 4996 2199 5063 τῆς
2228 4995 2591 5065 οἰκουμένης
2632 4992 2707 5048 τὰ
2730 4993 2972 5064 ῥήματα
3001 4996 3222 5051 αὐτῶν.
3261 4998 3367 5051 Καὶ
3398 4997 3533 5068 δῆτα
3566 4999 3666 5049 ἀνα

2089 5090 2270 5150 πάσας
2316 5088 2415 5150 τὰς
2451 5087 2634 5150 πόλεις
2685 5089 2781 5140 καὶ
2822 5085 3043 5156 κώμας,
3089 5087 3407 5159 πληθούσης
3459 5090 3664 5151 ἅλωνος

2087 5181 2266 5251 δίκην,
2297 5178 2620 5251 μυρίανδροι
2644 5177 2742 5231 καὶ
2765 5177 3358 5249 παμπληθεῖςάθρόως
3379 5181 3663 5250 ἐκκλησίαι

2089 5275 2451 5344 συνέστησαν·
2486 5272 2539 5324 οἵ
2580 5271 2629 5325 τ’
2671 5272 2735 5324 ὲκ
2790 5271 3073 5338 προγόνων
3119 5272 3372 5343 διαδοχῆς
3421 5272 3517 5325 καὶ
3565 5274 3661 5342 τῆς

2086 5365 2354 5419 ἀνέκαθεν
2382 5364 2595 5435 πλάνης
2628 5363 2839 5434 παλαιᾷ
2876 5364 3017 5433 νόσῳ
3056 5364 3480 5433 δεισιδαιμονίας
3511 5362 3661 5417 είδώ-

2084 5457 2193 5511 λων
2231 5456 2329 5517 τὰς
2353 5454 2535 5525 ψυχὰς
2566 5454 2958 5525 πεποιωμένοι,
2993 5454 3131 5524 πρὸς
3167 5455 3267 5525 τῆς
3299 5453 3395 5508 τοῦ
3426 5450 3661 5525 Χριστοῦ

2083 5554 2391 5619 δυνέιμεως,
2422 5547 2511 5602 διά
2535 5548 2634 5618 τῆς
2658 5548 2769 5602 τῶν
2804 5547 3079 5618 φοιτητῶν
3106 5546 3274 5601 αὑτοῦ
3313 5543 3660 5604 διδασκαλίας

2086 5664 2142 5699 τε
2179 5643 2314 5714 ὁμοῦ
2361 5643 2457 5698 καὶ
2488 5640 2974 5711 παραδοξοποιίας,
3006 5640 3193 5711 ὥσπερ
3240 5639 3432 5695 δεινῶν
3474 5638 3659 5692 δεσπο-
3751 5665 3764 5679 ε
