4046 6472
293 423 421 503 '781

1281 438 1884 501 ECCLEQIASTICIE
1924 438 2311 501 HISTOBLE
2348 441 2490 503 LIB.
2535 441 2611 502 II.

2818 387 2848 403 γ

3457 436 3580 507 ’782

310 555 623 625 γράμματι,
666 545 711 620 ᾧ
743 552 1027 625 ἐπέγραψε
1093 552 1238 622 Περι
1276 553 1526 622 ἀρετῶν,
1591 557 1648 607 ὲν
1710 552 1898 623 εἴρωνι

2008 553 2258 609 secundo
2290 554 2459 619 libro,
2508 552 2599 608 cui
2648 551 2845 608 titulus
2885 563 2970 607 est
3001 552 3077 607 De
3118 542 3418 618 virtutibus,
3460 569 3581 607 scr-

309 648 456 718 λόγῳ
486 648 710 717 ἱστορεῖ.
764 645 1062 717 Σύμφωνος
1112 644 1158 700 δ’
1207 645 1359 718 αὑτῷ
1419 648 1515 701 καὶ
1581 646 1844 714 Ἰώσηπος
1873 659 1890 675 ·

312 741 515 811 ὁμοίως
547 738 656 792 ἀπὸ
682 738 791 791 τῶν
821 739 1032 809 χρόνων
1065 737 1299 793 Πιλάτου
1332 737 1426 791 καὶ
1455 736 1565 789 τῶν
1604 737 1747 791 κατὰ
1793 734 1892 790 τοῦ

316 832 573 901 Σωτῆρος
633 829 1053 899 τετολμημένων
1082 830 1181 896 τὴν
1219 828 1422 884 είσοδον
1471 831 1617 897 σχεῖν
1639 829 1736 891 τὰς
1786 828 1896 881 τῶν

330 924 601 978 Ἰουδαίων
634 922 871 993 μάλιστα
911 923 1221 992 συμφοράς.
1269 920 1370 974 Οἷα
1404 920 1535 989 γοῦν
1577 921 1673 973 καὶ
1733 921 1897 982 αὐτὸς

316 1018 375 1070 ὲν
425 1015 664 1086 δευτέρῳ
713 1012 808 1066 τοῦ
877 1012 1218 1067 Ἰουδαϊκοῦ
1272 1011 1548 1081 Πολέμου
1614 1011 1893 1077 διέξεισιν,

314 1102 533 1157 ἀκούειν
560 1101 739 1172 χρεών
772 1117 787 1132 ο
836 1120 853 1153 ι
893 1100 1193 1170 Πεμφθεὶς,
1247 1102 1434 1170 φησὶν,
1483 1102 1563 1164 είς
1635 1100 1897 1153 Ἰουδαίαν

314 1193 607 1264 ἐπίτροπος
633 1193 738 1248 ὑπὸ
771 1192 1026 1263 Τιϐερίου
1064 1192 1316 1259 Πιλᾶτος,
1350 1192 1566 1263 νύκτωρ
1616 1192 1899 1262 κεκαλυμο

317 1289 485 1359 μένας
516 1288 598 1349 είς
654 1286 1008 1358 Ἰεροσόλυμα
1071 1284 1504 1355 παρεισκομίζει
1552 1283 1650 1348 τὰς
1689 1284 1899 1340 Καίσα-

317 1395 411 1447 ρος
446 1379 664 1441 εἰκόνας
698 1394 713 1409 ·
753 1380 985 1449 σημαῖαι
1017 1376 1313 1432 καλοῦνται
1342 1393 1357 1409 ο
1393 1376 1553 1431 τοῦτο
1599 1379 1720 1449 μεθ’
1755 1378 1898 1448 ἠμέ-

316 1486 419 1542 ραν
456 1471 727 1541 μεγίστην
759 1468 1007 1541 ταραχὴν
1032 1470 1226 1540 ἦγειρε
1250 1472 1363 1534 τοῖς
1399 1469 1677 1534 Ἰουδαίοις
1707 1487 1722 1501 ·
1757 1471 1810 1524 οἵ
1839 1487 1897 1524 τε

314 1560 426 1629 γὰρ
455 1560 625 1628 ἐγγὺς
655 1559 791 1630 πρὸς
822 1560 924 1630 τὴν
955 1559 1085 1630 ὄψιν
1112 1559 1511 1630 ἐξεπλάγησαν,
1541 1561 1617 1624 ὡς
1650 1578 1898 1630 πεπατη-

316 1651 495 1721 μένων
526 1653 709 1715 αύτοῖς
744 1652 852 1704 τῶν
879 1651 1059 1721 νόμων
1081 1669 1097 1685 ο
1129 1654 1280 1705 οὐδὲν
1312 1654 1421 1726 γάρ
1444 1653 1687 1719 ἀξιοῦσιν
1726 1656 1783 1709 ὲν
1821 1657 1889 1727 τῇ

313 1743 461 1796 πόλει
495 1742 744 1811 δείκηλον
764 1742 1034 1799 τίθεσθαι.
1074 1762 1093 1796 ι
1125 1743 1312 1798 Ταῦτα
1338 1743 1385 1799 δ’
1425 1744 1580 1809 εῐτις
1605 1749 1715 1809 τοῖς
1739 1746 1902 1815 εὐαγ-

313 1835 550 1905 γελικοῑς
590 1835 769 1904 λόγοις
800 1835 1117 1907 παράθοιτο,
1136 1834 1368 1908 τάληθὲς
1397 1837 1641 1908 εύρήσεν
1666 1838 1900 1909 μετῆλθε

314 1898 424 2003 γάρ
458 1898 761 1994 αὑτοὺς-ὼς
784 1898 1011 2002 τάξοςή
1058 1898 1185 2000 δίκη
1220 1945 1236 1961 '
1259 1898 1356 1984 ’δι’
1402 1898 1479 2001 ἢν.
1514 1898 1756 2002 ὲρρηἐαν
1791 1898 1897 1985 ,ἐπ’
1933 1898 1978 1965 Β

314 2023 481 2078 αὑτοῦ
524 2023 758 2075 Πιλάτου
796 2020 1001 2091 φωνὴν,
1038 2021 1112 2092 μή
1143 2038 1265 2075 τινα
1314 2020 1475 2076 ἄλλον
1503 2020 1652 2091 ἔχειν
1677 2021 1900 2092 βασιλέα

316 2114 669 2187 κεκραγότων
701 2114 751 2165 εί
802 2112 879 2184 μὴ
915 2112 1194 2182 Καίσαρα.
1258 2112 1409 2167 Μετὰ
1451 2114 1650 2185 μικρὸν
1705 2115 1764 2168 δὲ
1807 2116 1902 2169 καὶ

314 2209 484 2279 ἄλλην
521 2206 808 2277 συμφορὰν
841 2206 1044 2269 αὐτοὺς
1077 2205 1360 2276 μετελθεῖν
1413 2208 1441 2258 ὁ
1487 2207 1651 2270 αὐτὸς
1717 2207 1902 2276 Ἰώση-

316 2319 417 2365 πος
465 2302 669 2371 ἱστορεῖ
734 2299 910 2366 λέγων
947 2313 961 2328 ο
991 2326 1007 2366 ι
1040 2316 1058 2350 ι
1094 2299 1251 2352 Μετὰ
1310 2297 1370 2351 δὲ
1425 2298 1601 2351 ταῦτα
1659 2299 1901 2369 ταραχὴν

316 2394 515 2463 ἑτέραν
546 2382 721 2447 ἒκίνει
747 2391 981 2451 Πιλᾶτος
1016 2406 1032 2421 ⁸
1065 2389 1157 2442 τὸν
1186 2384 1332 2460 ἱερὸν
1369 2388 1668 2459 θησαυρὸν,
1718 2391 1900 2443 καλεῖ.

317 2502 410 2539 ται
454 2486 511 2538 δὲ
539 2484 836 2552 κορϐανᾶς,
887 2483 969 2544 είς
1024 2485 1360 2551 καταγωγὴν
1402 2482 1627 2536 ὑδάτων
1656 2483 1904 2550 ἐξαναλί-

322 2593 489 2630 σκων.
525 2575 736 2646 Κατῄει
792 2576 850 2628 δὲ
889 2574 997 2628 ἀπὸ
1048 2575 1378 2645 τριακοσίων
1434 2575 1689 2631 σταδίων.
1757 2575 1900 2645 Πρὸς

320 2668 479 2723 τοῦτο
508 2667 597 2723 τοῦ
631 2669 874 2738 πλήθους
901 2668 1285 2737 ἀγανάκτησις
1326 2660 1414 2739 ἦν.
1449 2669 1489 2721 Κ
1502 2671 1560 2723 αὶ
1579 2668 1675 2722 τοῦ
1734 2669 1904 2723 Πιλά-

319 2778 417 2815 του
449 2761 713 2830 παρόντος
735 2762 814 2823 είς
860 2760 1233 2831 Ἰεροσόλυμα,
1265 2762 1629 2830 περιστάντες
1666 2761 1727 2815 τὸ
1749 2758 1902 2833 βῆμα

316 2854 617 2909 κατεϐόων.
663 2852 720 2906 '0
758 2852 816 2905 δὲ
849 2846 1098 2922 (προῄδει
1120 2852 1230 2923 γὰρ
1257 2851 1441 2905 αὐτῶν
1479 2853 1583 2923 τὴν
1616 2853 1893 2924 ταραχὴν)

316 2948 417 3000 καὶ
450 2944 528 3015 τῷ
562 2947 763 3013 πλήθει
801 2944 928 3009 τοὺς
953 2943 1295 3016 στρατιώτας
1335 2944 1594 3010 ἐνόπλους
1646 2945 1903 3017 ἐσθήσεσι

324 3039 747 3107 στρατιωτικαῖς
759 3036 1207 3109 κεκαλυμμένους
1226 3038 1622 3110 ἐγκαταμίξας,
1643 3039 1737 3092 καὶ
1761 3036 1904 3108 ξ’φει

320 3129 420 3198 μὲν
437 3127 746 3200 χρήσασθαι
767 3127 1045 3193 κωλύσας,
1071 3126 1253 3193 ξύλοις
1274 3128 1333 3182 δὲ
1358 3124 1540 3182 παίειν
1556 3126 1681 3197 τοὺς
1698 3148 1903 3199 κεκρα-

317 3220 483 3287 γότας
506 3219 993 3288 ἐγκελευσάμενος,
1023 3218 1277 3289 σύνθημα
1301 3218 1517 3272 δίδωσιν
1551 3218 1772 3273 ἀπὸτοῦ
1805 3222 1904 3291 βή-
1932 3250 1974 3305 c

319 3326 512 3380 ματος.
559 3329 578 3361 ι
616 3311 960 3380 Τυπτόμενοι
1000 3309 1059 3364 δὲ
1115 3311 1166 3364 οἱ
1227 3310 1498 3377 Ἰουδαῖοι,
1562 3312 1749 3366 πολλοὶ
1800 3313 1901 3382 μὲν

318 3403 428 3455 ὑπὸ
461 3403 570 3455 τῶν
595 3402 842 3473 πληγῶν,
875 3398 1066 3457 πολλοὶ
1098 3403 1157 3477 δε
1190 3402 1296 3457 ὑπὸ
1328 3403 1485 3473 σφῶν
1507 3404 1691 3458 αὐτῶν
1734 3423 1903 3460 κατα-

319 3490 654 3561 πατηθέντες
690 3491 992 3547 ἀπώλοντο.
1034 3492 1177 3562 Πρὸς
1200 3492 1259 3546 δὲ
1309 3492 1411 3564 τὴν
1459 3494 1749 3565 συμφορὰν
1789 3494 1902 3548 τῶν

319 3582 686 3665 ἀνῃρημένων
712 3583 1065 3652 καταπλαγὲν
1102 3585 1164 3636 τὸ
1199 3582 1404 3653 πλῆθος
1435 3582 1770 3654 ἐσιώπησεν.
1790 3584 1901 3638 Καὶ

321 3673 488 3737 ἄλλας
522 3675 578 3728 δὲ
609 3675 805 3746 μυρίας
831 3679 1260 3747 νεωτεροποιίας
1291 3677 1320 3729 ό
1340 3675 1504 3740 αὐτὸς
1540 3677 1747 3747 ιστορεί
1774 3692 1901 3745 συγ-

320 3767 568 3836 γραφεύς
601 3783 615 3798 ο
642 3767 711 3821 δι’
730 3785 805 3821 ων
850 3767 1206 3839 παρίσταται,
1238 3766 1314 3830 ὡς
1370 3766 1625 3838 οὐδαμῶς
1681 3767 1747 3820 ἐκ
1801 3766 1902 3839 τῆς

320 3861 462 3914 κατὰ
493 3863 581 3913 τὸν
608 3860 841 3932 Σωτῆρα
866 3860 1072 3930 τόλμης
1111 3859 1356 3913 διέλιπον
1395 3859 1495 3930 τήν
1520 3876 1582 3912 τε
1611 3858 1769 3914 πόλιν
1812 3859 1903 3913 αύ-

316 3958 420 4026 τὴν
461 3957 556 4009 καὶ
595 3956 696 4027 τήν
754 3956 927 4027 ἄλλην
979 3954 1200 4009 ἃπασαν
1250 3954 1517 4008 Ἰουδαίαν
1549 3952 1771 4016 στάσεις
1805 3951 1903 4006 καὶ

321 4047 519 4117 μάχαι,
567 4049 663 4100 καὶ
691 4048 884 4101 κακῶν
912 4046 1208 4116 ἀφορήτων
1239 4043 1538 4114 ἐπάλληλοι
1575 4042 1900 4114 προσϐολαὶ,

318 4141 480 4210 ἄχρις
504 4138 564 4192 οὗ
600 4141 633 4209 ὴ
652 4141 873 4194 πάντων
897 4139 1107 4209 ὑστάτη
1141 4137 1433 4208 πολιορκία
1464 4135 1611 4190 κατὰ
1641 4136 1900 4190 Οὐεσπα-

319 4232 503 4283 σιανὸν
525 4230 750 4293 τούτους
783 4228 1039 4301 μετῆλθε,
1073 4228 1168 4282 καὶ
1201 4229 1437 4300 πάμπαν
1476 4226 1766 4297 ἠφάνισεν.
1799 4221 1902 4279 Ὦν

323 4322 425 4393 μὲν
462 4321 557 4376 οὖν
597 4323 675 4385 εἰς
707 4324 943 4393 Χριστὸν
975 4322 1288 4391 ἐξήμαρτον
1332 4321 1606 4385 Ἰουδαῖοι,
1655 4318 1802 4375 οὓτω
1832 4320 1904 4373 τά

319 4416 420 4484 τῆς
443 4416 594 4479 θείας
620 4417 926 4486 ἐπειρῶντο
977 4416 1159 4486 δίκης,
1184 4414 1371 4486 ἠρέμα
1413 4415 1788 4485 ὲπαγομένης.
1824 4414 1900 4471 Οὔ

323 4509 433 4578 μὴν
468 4508 526 4561 δὲ
557 4507 694 4563 ἀλλὰ
729 4512 823 4562 καὶ
871 4508 1036 4570 αὐτὸς
1078 4509 1109 4560 ό
1143 4507 1236 4560 ἐπὶ
1254 4505 1349 4563 τοῦ
1379 4505 1636 4578 Σωτῆρος
1674 4505 1904 4568 Πιλᾶτος

2002 658 2165 699 mone
2214 644 2542 699 assimulato
2587 652 3022 707 commemorat;
3068 643 3161 700 cui
3203 654 3260 700 et
3303 643 3583 714 Iosephus

1996 735 2276 790 consentit
2310 753 2325 790 :
2364 735 2559 790 itidem
2597 751 2629 789 a
2659 734 2846 799 Pilati,
2881 745 2938 791 et
2970 735 3024 790 in
3053 734 3409 791 Servatorcm
3432 752 3582 790 com-

1999 829 2150 882 missi
2204 828 2406 897 piaculi
2458 829 2822 899 temporibus,
2864 829 3212 885 calamitates
3257 828 3578 885 Judworum

1999 919 2220 974 initium
2254 920 2562 989 sumpsisse
2593 936 2921 976 memorans.
2947 921 3138 987 Qualia
3172 923 3342 993 igitur
3370 933 3422 977 et
3449 924 3492 976 is
3522 923 3581 976 in

1994 1009 2244 1065 secundo
2294 1008 2509 1064 Iudaici
2572 1010 2709 1066 Belli
2764 1012 2908 1068 libro
2956 1013 3186 1077 scribat,
3246 1012 3441 1067 audire
3496 1023 3583 1068 est

2000 1115 2181 1170 operae
2222 1102 2460 1169 pretium
2490 1119 2508 1157 :
2552 1121 2571 1154 ι
2624 1102 2854 1171 Pilatus,
2891 1104 3095 1175 inquit,
3125 1121 3153 1158 a
3188 1104 3415 1161 Tiberio
3450 1122 3581 1174 pro-

2000 1202 2226 1247 curator
2257 1193 2315 1247 in
2362 1194 2608 1250 Iudaeam
2644 1197 2870 1262 missus,
2920 1206 3087 1252 noctu
3122 1199 3331 1254 velatas
3376 1208 3580 1254 tectas-

2001 1299 2107 1353 que
2140 1279 2583 1356 Hierosolymam
2627 1286 2797 1343 infert
2839 1270 3071 1343 Caesaris
3124 1296 3374 1355 statuas;
3424 1289 3579 1359 signa

2000 1390 2079 1430 etc
2113 1386 2405 1431 vocantur.
2438 1375 2557 1443 Qua
2588 1379 2669 1433 rei
2702 1379 2946 1434 novitate
2977 1379 3222 1434 interdiu
3280 1382 3514 1435 maxima
3551 1399 3582 1435 a

1999 1466 2205 1524 Judazis
2239 1471 2402 1524 turba
2432 1480 2520 1525 est
2547 1472 2808 1526 excitata.
2840 1471 2945 1538 Qui
2975 1473 3122 1527 enim
3150 1473 3381 1543 propius
3440 1476 3584 1527 assi-

2007 1560 2264 1628 Stebant,
2302 1560 2369 1617 ad
2418 1572 2773 1633 conspectum
2828 1579 3019 1619 earum
3068 1567 3407 1619 consternati
3454 1580 3585 1620 sunt

2003 1658 2268 1723 tanquam
2300 1662 2493 1724 aperte
2518 1650 2736 1725 legibus
2757 1669 2952 1712 eorum
2978 1655 3314 1726 proculcatis
3340 1672 3354 1709 :
3379 1656 3585 1726 quippe

2003 1743 2365 1801 simulacrum
2403 1746 2631 1817 aliquod
2683 1746 2739 1802 in
2784 1746 3011 1804 civitate
3043 1748 3274 1814 habere,
3316 1748 3427 1802 illis
3460 1751 3585 1803 reli-

2004 1835 2096 1904 gio
2129 1842 2269 1891 erat.
2317 1854 2337 1889 ι
2388 1834 2517 1894 Haec
2546 1838 2593 1895 si
2636 1838 2764 1909 quis
2804 1838 3141 1910 evangelicis
3179 1839 3346 1893 addat
3376 1841 3582 1902 verbis,

2008 1926 2296 1982 veritatem
2331 1928 2506 1999 ipsam
2542 1929 2831 1985 inveniet:
2866 1930 3127 1986 celeriter
3154 1930 3303 1986 enim
3335 1946 3431 1986 eos
3465 1932 3586 1987 vin-

2002 2016 2152 2074 dicta
2184 2026 2268 2075 est
2297 2032 2618 2084 consecuta.
2651 2032 2873 2093 propter
2897 2038 3045 2089 eam,
3076 2038 3239 2093 quam
3269 2026 3411 2092 apud
3447 2024 3588 2079 Pila-

2003 2119 2122 2166 tum
2157 2112 2462 2169 insolenter
2483 2112 2711 2170 edidere
2745 2128 2975 2171 vocem:
3010 2130 3121 2171 non
3153 2116 3320 2170 alium
3353 2131 3433 2180 se,
3463 2117 3584 2171 cla-

2004 2218 2259 2273 mantes,
2315 2208 2525 2265 habere
2577 2226 2796 2283 regem,
2857 2219 3227 2282 prteterquam
3280 2211 3580 2267 Caesarem.

2002 2296 2175 2353 Paulo
2222 2308 2348 2368 post
2396 2300 2505 2355 alia
2541 2316 2765 2371 quoque
2798 2302 3115 2357 calamitate
3146 2316 3390 2372 pressos,
3435 2302 3582 2357 idem

2002 2387 2279 2459 Josepltus
2310 2391 2508 2447 scribit
2541 2410 2554 2446 :
2596 2411 2614 2444 ι
2657 2393 2790 2448 Post
2822 2393 2963 2460 haec,
2997 2393 3208 2458 dicens,
3249 2395 3412 2448 aliam
3447 2410 3587 2464 quo-

2006 2482 2115 2552 qu‘e
2152 2482 2375 2538 turbam
2419 2484 2667 2540 concivit
2694 2484 2928 2551 Pilatus,
2969 2500 3131 2541 sacro
3169 2485 3432 2540 thesauro
3469 2485 3583 2549 (cui

2005 2590 2207 2630 nomen
2244 2574 2528 2648 Corbona)
2573 2577 2628 2631 in
2680 2576 3043 2645 aquaeductus
3097 2579 3585 2633 constructionem

2004 2679 2355 2739 consumpto,
2400 2669 2497 2739 qui
2538 2669 2760 2737 quidem
2811 2668 2878 2723 ad
2931 2677 3181 2725 trecenta
3235 2671 3586 2740 dirigebatur

2004 2759 2213 2816 stadia.
2247 2757 2408 2829 150
2438 2756 2605 2829 IEgre
2645 2758 2998 2814 ferebatcam
3032 2760 3416 2830 indignitatem
3446 2762 3587 2815 mul-

2007 2848 2207 2915 titudo,
2238 2860 2294 2904 et
2342 2862 2618 2918 praesente
2659 2848 3059 2920 Hierosolymis
3104 2850 3299 2913 Pilato,
3335 2851 3586 2905 tribunal

2005 2940 2489 2997 circumsistentes
2534 2938 3008 2996 vociTerabantur.
3062 2940 3157 2996 llle
3198 2957 3385 3013 porro,
3433 2945 3584 3014 quod

2006 3031 2729 3107 Judazorumprasvidisset
2780 3032 3104 3098 tumultum,
3166 3032 3339 3088 turbas
3392 3051 3584 3091 eorum

2006 3121 2212 3191 milites
2246 3134 2512 3189 armatos,
2544 3123 2636 3193 qui
2671 3121 3008 3178 militaribus
3065 3125 3244 3194 operti
3273 3137 3465 3181 essent
3495 3143 3591 3182 ve-

2007 3218 2206 3283 stibus,
2242 3214 2583 3279 immiscens,
2605 3213 2754 3269 ferro
2780 3214 3005 3285 quidem
3040 3226 3228 3285 petere
3251 3233 3584 3291 quemquam

2005 3307 2332 3379 prohibuit,
2392 3306 2637 3362 fustibus
2695 3313 2881 3362 autem
2941 3309 3314 3365 vociferantes
3360 3315 3587 3382 pulsare

2005 3403 2321 3475 praecepit:
2364 3403 2598 3473 ejusque
2634 3402 2711 3457 rei
2744 3417 2910 3459 causa
2962 3404 3204 3475 signum,
3252 3406 3332 3460 uti
3383 3423 3588 3464 conve-

2004 3504 2185 3559 nerat,
2223 3493 2305 3550 eis
2325 3509 2431 3566 pro
2463 3494 2726 3549 tribunali
2763 3494 2941 3552 dedit.
2975 3515 2994 3549 ι
3029 3497 3384 3568 Quapropter
3408 3499 3583 3555 Judaei

2003 3582 2072 3638 ad
2113 3597 2242 3639 eum
2270 3583 2503 3639 modum
2538 3585 2747 3640 ictibus
2775 3585 2927 3649 caesi,
2957 3588 3114 3642 multi
3144 3588 3320 3658 plagis
3342 3598 3472 3643 sunt
3499 3591 3587 3643 in-

2009 3675 2290 3744 terempti,
2327 3675 2485 3745 multi
2521 3675 2689 3730 etiam
2726 3692 2759 3730 δ
2790 3680 2909 3732 suis
2948 3677 3096 3732 inter
3125 3679 3420 3733 tumultum
3456 3695 3588 3749 pro-

2009 3769 2128 3824 triti
2159 3769 2516 3826 interierunt.
2546 3770 2838 3826 Multitudo
2864 3786 3030 3842 porro
3074 3772 3216 3843 ipsa,
3253 3780 3405 3827 tanta
3427 3773 3584 3829 clade

2005 3860 2285 3930 perculsa,
2333 3858 2672 3930 conquievit.
2734 3861 2888 3917 Alias
2934 3862 3065 3917 item
3126 3864 3584 3925 innumerabiles,

2008 3951 2285 4005 novandis
2345 3950 2533 4015 rebus,
2565 3951 2835 4006 excitatas
2894 3952 3254 4017 calamitates,
3295 3953 3439 4007 idem
3502 3953 3587 4007 bi-

2005 4042 2248 4099 s‘toricus
2294 4043 2670 4113 persequitur,
2700 4058 2796 4112 per
2823 4059 2960 4114 quas
3011 4045 3205 4100 astruit
3260 4055 3425 4115 atque
3462 4060 3585 4114 pro-

2004 4135 2121 4198 bat,
2172 4137 2320 4206 quod
2371 4151 2400 4190 a
2456 4144 2776 4207 perpetrato
2819 4139 2885 4205 ιι
2936 4136 3281 4192 8.·Ινιιιοτοιιι
3339 4140 3580 4207 piaculo,

2006 4243 2293 4299 nunquam
2326 4236 2385 4284 et
2414 4228 2473 4283 in
2505 4228 2643 4283 urbe
2679 4229 2820 4298 ipsa,
2852 4240 2909 4284 et
2939 4230 2992 4283 in
3027 4230 3213 4285 Iudaea
3250 4231 3427 4292 omni,
3456 4247 3582 4286 esse

2006 4319 2281 4374 desierint
2311 4318 2639 4386 seditiones,
2670 4321 2962 4387 tumultus,
2987 4337 3205 4391 pugnae.
3233 4323 3586 4392 aliarumque

2009 4409 2445 4467 intolerabilium
2480 4410 2721 4467 cladium
2767 4412 2890 4466 alia:
2922 4427 3089 4481 super
3120 4412 3258 4466 alias
3304 4413 3585 4469 incursio-

2007 4521 2129 4572 nes,
2161 4506 2341 4560 donec
2367 4512 2644 4573 postrema
2667 4504 2916 4558 omnium
2945 4506 3101 4558 urbis
3120 4506 3222 4561 sub
3249 4505 3589 4575 VeSpasiano

320 4602 411 4653 ent
439 4618 493 4653 τε
525 4603 806 4672 Τιϐερίου,
838 4602 937 4673 τῆς
957 4602 1022 4654 ἐκ
1040 4600 1354 4668 Μαγδάλων
1380 4598 1599 4668 Μαρίας
1627 4596 1819 4668 Ῥώμῃ
1841 4613 1901 4649 τε

2007 4599 2229 4654 obsidio
2269 4613 2367 4653 eos
2412 4597 2638 4663 invasit,
2685 4614 2750 4653 ac
2796 4611 3029 4667 prorsus
3078 4600 3370 4652 esstinxit.
3405 4602 3589 4670 Atque

319 4696 738 4765 προσϐαλούσης
768 4696 866 4749 καὶ
892 4696 964 4749 τὰ
1013 4694 1157 4749 κατὰ
1176 4695 1272 4746 τὸν
1307 4691 1547 4762 Σωτῆρα
1573 4688 1903 4758 ἀνενεγκσύ-

320 4802 443 4856 σης,
477 4787 704 4840 πλεῖστα
730 4787 830 4857 μὲν
852 4785 1318 4858 περιυϐρισθῆναι
1334 4783 1559 4852 λέγεται
1586 4797 1603 4815 ⁸
1648 4782 1739 4837 ναὶ
1794 4783 1902 4853 μὴν

273 4920 287 4937 ι
317 4881 411 4931 καὶ
445 4879 587 4932 κατὰ
618 4880 778 4933 Γάϊον
810 4879 1041 4950 ὕστερον
1066 4878 1362 4940 τοσαύταις
1395 4878 1710 4947 συμφοραῖς
1741 4874 1904 4943 λόγος

319 4969 433 5040 ἔχει
463 4970 661 5024 τοῦτον
709 4971 1133 5040 περιληφθῆναι,
1162 4968 1237 5032 ὥς
1265 4984 1432 5038 φασιν
1459 4968 1512 5021 οἱ
1560 4968 1663 5031 τὰς
1708 4967 1903 5036 Ἐλλή-

320 5078 428 5115 νων
464 5063 842 5133 Ὀλυμπιάδας
873 5066 969 5117 καὶ
1022 5062 1093 5115 τὰ
1148 5063 1237 5116 ἐπ’
1267 5060 1481 5124 ιιὺαιῖαῖς⁷
1531 5059 1903 5132 πεπραγμένα

319 5155 734 5224 συντεταχότες,
763 5160 821 5218 ὲς
842 5156 998 5208 τόσον
1022 5156 1180 5226 ἥκειν
1199 5154 1448 5222 ἀνάγκης
1475 5151 1708 5205 Πιλᾶτον
1739 5166 1902 5221 περι-

321 5248 515 5316 πετείᾳ
544 5248 652 5301 τῶν
687 5248 1009 5318 συμφορῶν,
1053 5248 1128 5311 ὡς
1169 5246 1467 5315 αὐτόχειρα
1507 5245 1604 5300 καὶ
1650 5245 1898 5314 τιμωρὸν

319 5338 482 5392 αὑτὸν
512 5339 693 5409 ἑαυτῷ
714 5341 1099 5410 καταστῆναι⁹
1137 5341 1236 5410 τῆς
1284 5338 1437 5400 θείας
1465 5337 1646 5405 δίκης,
1702 5334 1779 5399 ὣς
1833 5351 1899 5405 γε

320 5430 570 5493 εἰκάζειν
599 5430 799 5500 χρεὼν,
828 5431 931 5483 οὐκ
961 5433 1039 5494 είς
1065 5430 1288 5502 μακράν
1316 5429 1684 5500 μετελθούσης
1719 5427 1906 5493 αὐτὸν,

321 5521 465 5574 καθὰ
493 5522 669 5591 δήπου
692 5524 789 5576 καὶ
819 5525 1046 5588 Ἄνναν,
1072 5523 1170 5576 καὶ
1197 5513 1478 5591 Καϊάφαν,
1512 5520 1609 5573 καὶ
1653 5521 1770 5573 ὅσοι
1799 5522 1907 5572 τῶν

319 5613 706 5684 γραμματέων
727 5613 870 5690 ἦσαν
892 5616 985 5670 καὶ
1013 5616 1327 5686 Φαρισαίων
1358 5631 1375 5648 ο
1409 5615 1503 5669 καὶ
1529 5613 1710 5667 αὐτῶν
1748 5611 1906 5680 ἀξίαν

386 5797 467 5872 (ι)
502 5798 569 5855 L.
605 5799 859 5857 Vitellius
889 5800 1058 5872 Syriae
1074 5802 1364 5871 praefectus
1390 5797 1631 5872 Pilatum
1663 5806 1892 5868 propter

318 5860 635 5927 Juliaéorum
699 5860 1108 5929 accusationem
1166 5873 1394 5928 Romam
1453 5870 1534 5925 ire
1596 5860 1802 5936 jussit',
1844 5878 1901 5924 et

2008 4705 2203 4746 eorum
2234 4705 2359 4760 quae
2393 4688 2572 4744 Judai
2628 4690 2683 4743 in
2725 4688 3009 4744 Christum
3045 4688 3468 4754 commiserunt,
3506 4701 3589 4744 ta-

2006 4782 2115 4837 lem
2158 4781 2240 4836 illi
2274 4780 2549 4835 divinitus
2590 4789 2720 4834 sunt
2764 4778 2980 4849 experti
3014 4778 3340 4844 vindictam.
3381 4780 3587 4835 sensim

2004 4889 2104 4930 eos
2160 4851 2502 4944 carpentem.
2534 4873 2742 4927 Verum
2772 4872 3059 4927 enimvero
3086 4881 3141 4927 et
3173 4872 3289 4943 ipse
3331 4872 3592 4928 Servato-

1952 4972 1958 4976 '
2006 4964 2086 5020 ris
2105 4965 2274 5036 iudex
2301 4965 2512 5019 Pilatus
2546 4963 2648 5034 (l),
2685 4979 2812 5017 cum
2839 4963 2943 5017 sub
2969 4961 3195 5018 Tiberio
3218 4964 3386 5034 (quod
3415 4962 3589 5018 Maria

2010 5058 2325 5130 Magdalena
2375 5059 2610 5113 Romam
2649 5058 2884 5123 adierat,
2920 5068 2977 5113 et
3026 5058 3342 5115 Servatoris
3382 5076 3471 5117 res
3510 5060 3590 5116 ibi

2009 5153 2305 5223 retulerat)
2337 5152 2594 5207 maximis
2630 5150 2861 5207 affectus
2902 5168 3025 5208 esse
3059 5154 3265 5209 dicitur
3295 5169 3590 5210 contume-

2007 5248 2139 5302 liis:
2172 5256 2290 5300 tum
2323 5245 2444 5300 Caii
2480 5247 2825 5317 temporibus
2862 5256 3052 5316 postea
3089 5257 3333 5303 extrema
3362 5247 3593 5303 calami-

2009 5344 2123 5391 tate
2149 5345 2455 5406 Oppressus
2477 5352 2600 5392 esse
2634 5337 2810 5392 fertur
2840 5357 2854 5392 :
2883 5338 3356 5407 quemadmodum
3392 5338 3447 5394 id
3472 5347 3589 5393 tra-

2011 5431 2175 5496 dunt,
2213 5430 2306 5498 qui
2354 5428 2673 5485 Graecorum
2719 5431 3099 5503 Olympiadas,
3151 5450 3386 5503 quaeque
3420 5434 3477 5487 in
3512 5434 3594 5488 eis

2013 5531 2135 5579 acta
2172 5530 2323 5585 sunt,
2360 5536 2747 5593 composuere.
2799 5526 2880 5579 Aul
2920 5541 3016 5581 eas
3046 5526 3194 5580 enim
3242 5527 3595 5582 necessitatis

2010 5612 2297 5686 angustias
2322 5612 2495 5668 variis
2535 5614 2902 5686 adversisque
2931 5618 3155 5674 casibus
3188 5629 3275 5675 est
3307 5621 3595 5687 redactus,

2393 5792 2599 5852 Iudaeis
2656 5796 2922 5866 praefecit.
2974 5799 3379 5872 (Ioseph.,lib.
3433 5818 3591 5876 xvm,
