4046 6434
1544 306 1613 320 εκ..
1652 319 1693 326 __
1716 313 1837 327 _-.’...

277 438 385 501 785

1242 442 1844 510 ECCLESIASTICJE
1885 435 2470 513 tns'ronmua.
2516 454 2600 514 ΙΙ.

3454 444 3558 509 786

277 551 546 622 μαχαίρᾳ.
576 571 593 604 ι
632 553 769 624 Περὶ
800 554 860 608 οὗ
891 555 983 609 καὶ
1014 556 1246 629 Κλήμης
1269 560 1297 613 ὁ
1325 563 1681 631 στρωματεῦς
1711 564 1767 617 ἐν
1802 566 1869 632 τῇ

1982 567 2089 621 dio.
2135 586 2153 620 ι
2195 568 2271 623 De
2310 584 2421 639 quo
2472 568 2727 625 Clemens
2760 581 2984 637 quoque
3016 564 3395 636 στρωματεὺς,
3457 578 3555 619 seu

276 643 482 715 ἑϐδόμῃ
515 643 623 698 τῶν
662 645 1134 703 Ὑποτυπὼσεων
1186 653 1406 724 μνήμης
1440 653 1591 720 ἄξιον
1642 656 1867 725 ἱστορεῖ,

276 736 345 789 ἐκ
373 736 693 805 τῆεζᾶνωθεν
725 740 1076 809 παραδόσεως
1102 743 1380 814 εἴληφέναι
1398 749 1622 814 φάσκων
1650 750 1713 799 αύ
1726 750 1819 819 τήν
1850 764 1865 779 ο

286 827 549 901 (Ὀτιπερ
578 830 701 894 δεῖς
731 832 791 885 τὸ
818 835 1120 905 μαρτύριον
1147 835 1372 904 αγαγὼν
1386 838 1568 903 αὑτὸν,
1600 838 1726 892 ίδὼν
1757 841 1872 893 αύ-

279 925 377 980 τδν
432 926 662 997 γενναίῳ
705 927 883 998 ψυχῆς
952 936 1343 1002 παραστήματι
1389 936 1864 1007 διαγωνιζόμενον,

282 1015 612 1086 Χριστιανὸν
667 1018 761 1072 καὶ
796 1021 960 1085 αὐτὸς
985 1023 1177 1076 ἑαυτὸν
1196 1022 1336 1079 εἶναι
1363 1028 1702 1099 ἀνωμολόγει
1733 1045 1750 1061 ο
1778 1032 1871 1084 καὶ

282 1106 450 1176 ἄμφω
473 1105 589 1174 οὖν,
633 1114 788 1178 φησι,
833 1116 1265 1187 συναπήχθησαν
1301 1136 1315 1149 ·
1346 1136 1364 1170 ι
1417 1121 1512 1174 καὶ
1581 1121 1721 1175 κατά
1771 1121 1870 1193 τὴν

280 1199 401 1253 ὁδὸν
433 1202 669 1272 ἠξίωσεν
700 1203 849 1273 αὖτῷ
885 1207 1156 1278 ἀφεθῆναι
1210 1210 1314 1262 ὑπὸ
1368 1210 1659 1267 Ἰακώϐου.
1706 1214 1765 1268 Ὀ
1824 1214 1870 1268 δ’

282 1289 469 1360 ὀλίγον
501 1292 871 1363 σκεψάμενος,
893 1297 1097 1367 Εἰρήνη
1132 1315 1235 1362 σοι,
1284 1295 1406 1352 εἷπε
1440 1320 1457 1335 ο
1509 1301 1604 1354 καὶ
1649 1302 1873 1370 κατεφί-

285 1377 453 1447 λησεν
478 1381 642 1434 αὐτόν
661 1399 677 1413 ·
700 1384 797 1437 καὶ
820 1383 993 1450 οὕτως
1019 1386 1322 1459 ἀμφότεροι
1347 1390 1738 1462 ἐκαρατομήθη
1749 1410 1866 1448 σαν.

295 1469 445 1524 Ἰδών
491 1489 554 1540 γε
583 1473 692 1544 μὴν
733 1474 1003 1546 Ἡρώδης,
1043 1476 1119 1538 ὥς
1153 1481 1368 1549 φησινὴ
1399 1479 1521 1533 θεία
1549 1481 1762 1551 Γραφὴ,
1795 1482 1870 1545 ὡς

262 1565 426 1649 [πρὸς
451 1566 647 1635 ἡδονῆς
680 1562 748 1637 ἦν
792 1568 1073 1633 Ἰουδαίοις
1116 1571 1150 1640 ἡ
1195 1571 1287 1624 τοῦ
1342 1571 1604 1626 Ἰακώϐου
1649 1574 1871 1644 ἀναίρε-

286 1672 391 1721 σις,
424 1659 516 1711 καὶ
545 1658 749 1730 Πέτρον
774 1661 1013 1731 συσχὼν,
1050 1663 1154 1715 ὑπὸ
1186 1665 1432 1735 φρουρὰν
1461 1666 1654 1733 ἐτίθει,
1682 1666 1870 1721 ἁλύσει

289 1750 485 1823 βαρείᾳ
532 1753 864 1824 περιϐαλὼν,
906 1758 998 1809 καὶ
1047 1758 1147 1830 τὴν
1202 1757 1414 1813 ἐκείνου
1477 1760 1765 1830 ἀναίρεσιν
1813 1762 1872 1814 ἐν

293 1841 491 1913 μελέτῃ
549 1841 614 1913 δὴ
678 1838 814 1913 εἶχε.
878 1844 999 1899 Κᾶν
1048 1846 1259 1918 ἔπραξε
1313 1848 1375 1903 τὸ
1424 1850 1660 1916 ἀνόσιον,
1712 1853 1762 1905 εἰ
1797 1852 1871 1923 μὴ

293 1931 512 2003 νύκτωρ
546 1931 778 2001 ἄγγελος
806 1935 1061 2000 ἐπιστὰς,
1081 1938 1189 1991 τῶν
1225 1940 1324 2009 μὲν
1356 1938 1575 2012 δεσμῶν
1614 1942 1823 2010 ἀνῆκεν
1855 1959 1869 1973 ’

290 2023 367 2086 είς
388 2024 560 2096 δὲτὴν
583 2027 674 2080 τοῦ
714 2028 1074 2100 κηρύγματος
1102 2029 1257 2094 αὖθις
1282 2032 1537 2088 ὡδοποίει
1571 2034 1870 2089 διακονίαν.

292 2117 403 2171 Καὶ
425 2119 491 2171 τὰ
516 2118 618 2189 μὲν
654 2121 754 2189 τῆς
800 2123 942 2175 κατὰ
970 2124 1180 2194 Πέτρον
1239 2125 1394 2189 θείας
1457 2127 1768 2199 οῑκονομίας
1815 2131 1874 2180 ἐν

286 2209 500 2272 τούτοις
538 2225 554 2241 ⁸
594 2213 663 2264 τὰ
696 2213 752 2266 δὲ
784 2215 884 2285 τῆς
910 2218 1056 2271 κατὰ
1088 2217 1197 2270 τῶν
1225 2218 1546 2273 ἀποστόλων
1592 2223 1877 2293 ἐπιχειρή-

292 2319 433 2364 σεως
480 2303 722 2374 Ἡρώδου
748 2307 928 2360 οὐκέτ’
984 2309 1042 2362 ἐν
1082 2309 1377 2374 ἀναϐολαῖς
1423 2306 1563 2382 ἦσαν
1616 2316 1682 2384 τῇ
1724 2314 1871 2387 δίκῃ,

291 2394 497 2460 ἁλλ’ὲξ
554 2398 725 2470 αὐτῆς
785 2400 997 2472 μετῄει,
1059 2401 1261 2474 καίπερ
1305 2404 1528 2458 εἰωθυῖα
1587 2405 1872 2477 βραδύνειν

292 2485 368 2549 ὡς
389 2487 459 2540 τὰ
485 2489 679 2543 πολλὰ.

1973 650 2585 726 (ξοηῑθχιοισ,ἠιειηονία
2616 657 2878 731 quiddam
2941 657 3168 728 dignum
3206 657 3259 710 in
3312 656 3557 727 septimo

1972 753 2394 823 Dispositionum
2442 754 2584 810 libro
2637 771 2705 811 ex
2764 755 3033 825 majorum
3066 750 3360 807 traditione
3402 763 3561 805 acce-

1972 853 2127 916 ptum
2161 846 2421 917 scripsit:
2468 865 2487 898 ι
2521 845 2680 914 Quod
2714 846 2783 912 is,
2817 846 2909 916 qui
2943 846 3097 900 illum
3138 842 3204 898 ad
3231 841 3557 913 martyrium

1972 938 2228 1006 ducebat,
2265 955 2391 995 cum
2427 954 2552 995 eum
2601 924 2868 1009 generose
2920 935 3238 998 admodum,
3274 943 3331 989 et
3360 946 3556 1002 magna

1971 1047 2097 1086 cum
2140 1032 2449 1087 constantia
2477 1030 2543 1087 ad
2567 1030 2898 1101 supplicium
2937 1031 3015 1083 ire
3039 1028 3275 1089 videret,
3312 1040 3370 1080 se
3417 1040 3557 1092 quo-

1975 1140 2084 1194 que
2117 1123 2496 1179 Christianum
2529 1139 2649 1179 esse
2675 1123 2954 1192 professus
2975 1123 3064 1177 sit.
3090 1122 3335 1190 Uterque
3362 1117 3552 1188 igitur.

1974 1217 2176 1286 inquit,
2206 1215 2373 1271 simul
2402 1215 2630 1270 abducti
2652 1224 2803 1270 sunt.
2849 1233 2867 1266 ι
2908 1215 3088 1283 Atque
3114 1215 3258 1266 inter
3283 1208 3553 1273 eundum,

1972 1322 2169 1362 noxam
2205 1306 2309 1361 sibi
2337 1306 2427 1361 ille
2457 1321 2487 1360 a
2529 1303 2738 1361 Jacobo
2774 1304 2980 1360 remitti
3012 1302 3252 1373 rogavit.
3286 1299 3552 1355 Jacobum

1972 1413 2141 1468 porro
2164 1398 2449 1467 paululum
2481 1398 3106 1468 deliberasse:moxque
3133 1395 3202 1451 ad
3234 1394 3411 1459 illum,
3446 1392 3565 1447 Pax.

1971 1489 2095 1555 tibi,
2124 1489 2351 1545 dixisse:
2379 1491 2745 1562 osculumque
2778 1489 2847 1545 ad
2877 1504 3069 1545 vocem
3097 1503 3218 1544 eam
3252 1485 3573 1547 addidisse,

1972 1583 2127 1638 etsic
2157 1592 2454 1654 utrumque
2489 1584 2673 1654 capite
2725 1593 3049 1639 truncatum
3108 1595 3253 1636 esse.
3313 1579 3561 1634 Herodes

1972 1681 2179 1737 autem,
2217 1682 2277 1729 ut
2310 1689 2468 1730 saera
2497 1674 2681 1745 inquit
2710 1675 3020 1749 Scriptura,
3052 1688 3175 1729 eum
3208 1683 3422 1743 gratam
3442 1686 3564 1726 esse

1971 1764 2173 1821 Judaeis
2188 1764 2377 1823 Jacobi
2408 1767 2616 1823 caedem
2671 1768 2907 1836 videret,
2939 1767 3165 1822 Petrum
3186 1765 3380 1819 itidem
3411 1780 3566 1817 com-

1956 1857 2340 1933 prehensum,
2401 1859 2669 1930 gravique
2706 1868 2899 1916 eatena
2946 1859 3218 1920 vinctum,
3266 1856 3323 1911 in
3373 1861 3563 1909 custo-

1977 1949 2124 2004 diam
2162 1950 2421 2021 conjecit,
2457 1951 2749 2022 eidemque
2784 1952 3117 2023 supplicium
3163 1948 3355 2004 itidem
3411 1947 3564 2014 capi-

1974 2039 2080 2094 tale
2113 2039 2339 2095 molitus
2368 2050 2474 2097 est.
2511 2042 2579 2096 Et
2616 2040 2937 2112 perfecisset
2991 2039 3086 2095 ille
3136 2041 3359 2109 impiam
3400 2035 3552 2089 illam

1975 2133 2203 2198 eadem,
2239 2134 2345 2189 nisi
2369 2135 2601 2205 angelus
2614 2144 2778 2190 noctu
2798 2133 3125 2197 adveniens,
3151 2129 3556 2186 vinculisillum

1942 2222 2289 2293 'libcrasset,
2326 2235 2383 2283 et
2440 2228 2496 2281 in
2530 2227 2830 2297 pristinum
2871 2224 3209 2297 prmdicandi
3268 2221 3423 2276 verbi
3462 2219 3565 2273 mi-

1978 2315 2275 2370 nisterium
2324 2317 2660 2373 reduxisset.
2713 2318 2891 2388 Atque
2922 2317 3179 2386 equidem
3240 2329 3329 2368 res
3361 2311 3563 2366 divinm

1979 2407 2362 2478 dispositionis
2393 2410 2461 2465 de
2491 2412 2679 2476 Petro,
2710 2409 2788 2466 sic
2826 2426 2885 2465 se
2915 2418 3031 2464 tum
3083 2409 3346 2463 habuere.
3389 2404 3562 2459 (Ζωιοο

1980 2513 2102 2554 rum
2128 2499 2372 2556 vindicm
2398 2511 2658 2556 conatum
2718 2500 2951 2554 llerodis
2999 2499 3053 2553 in
3091 2495 3371 2567 apostolos
3403 2489 3563 2545 ncla-

293 2582 437 2636 rium
463 2596 837 2660 persecutura,
880 2590 1107 2647 minime
1137 2592 1431 2659 cessabat;
1478 2592 1575 2649 sed
1605 2609 1728 2665 qua:
1773 2594 1909 2650 alias
1953 2604 2010 2651 ut
2076 2597 2375 2668 plurimum
2419 2597 2622 2653 tardior
2655 2611 2775 2652 esse
2826 2596 3136 2660 consuevit,
3197 2601 3309 2646 tun]
3363 2592 3565 2660 prmslo

294 2679 480 2735 statim
509 2680 686 2738 affuit.

889 2813 1141 2868 ΚΕΦΔΛ.
1180 2813 1286 2878 II".

301 2921 404 2988 Ὧς
434 2924 786 2995 Ἀγρίππας,
815 2927 848 2981 d
870 2926 969 2980 παι
995 2926 1291 2995 Ἡρώδης,
1318 2927 1460 2992 τοὺς
1485 2927 1875 2994 ἀποστόλους

363 2994 617 3062 ἐλάσας,
653 2998 817 3063 θείας
846 2997 1021 3065 δίκης
1045 2994 1262 3053 αὐτίκα
1295 2999 1670 3068 πεπείραται.

379 3180 537 3234 Ἐπεὶ
569 3181 678 3250 γὰρ
735 3181 874 3250 μετὰ
898 3180 998 3252 τὴν
1038 3181 1184 3236 κατά
1216 3182 1327 3236 τῶν
1387 3180 1704 3235 ἀποστόλων
1740 3180 1872 3233 ἑπι-

2563 2813 2788 2872 CAPUT
2841 2812 2983 2867 Xlll.

1987 2929 2050 2985 Ut
2086 2930 2341 2999 Agn’ppa,
2382 2929 2470 2998 qui
2513 2938 2563 2982 et
2598 2927 2830 2983 Herodes
2870 2928 3035 2981 dictus
3063 2933 3159 2999 est,
3206 2923 3565 2999 perserutioue

2052 3001 2110 3053 in
2132 2995 2411 3070 apostolos
2449 3008 2615 3069 coepta
2638 3038 2654 3065 ,
2703 2999 2937 3053 divinam
2961 2998 3148 3052 statim
3184 2995 3468 3049 vindictam
3500 2995 3567 3045 sit

2055 3078 2321 3139 expertus.

2052 3182 2192 3238 Cum
2222 3182 2429 3237 etenim
2463 3189 2587 3252 post
2640 3196 2766 3243 eum
2793 3221 2808 3245 ,
2848 3179 2941 3251 qui
2977 3178 3160 3235 dictus
3196 3187 3306 3243 est,
3338 3179 3391 3231 in
3443 3193 3575 3248 apo-

294 3275 547 3346 χείρησιν
578 3276 656 3337 εἰς
685 3273 1035 3345 Καισάρειαν
1077 3272 1361 3345 ὥρμησεν,
1421 3276 1479 3328 ἐν
1528 3273 1714 3345 ἡμέρα
1767 3274 1878 3327 τῶν

1982 3276 2154 3331 stolos
2211 3284 2535 3344 susceptum
2594 3282 2880 3338 conatum,
2937 3273 3242 3328 Caesaream
3304 3271 3570 3335 venisset,

293 3365 588 3436 ἐπισήμων
630 3364 822 3432 ὲσθῆτι
863 3367 1156 3435 περιφανεῖ
1195 3365 1639 3435 κοσμησάμενον,
1700 3364 1879 3417 διάτο-

299 3464 393 3531 ρόν
426 3477 485 3513 τε
515 3461 613 3514 καὶ
654 3459 909 3532 λαμπρὸν
960 3459 1070 3531 πρὸ
1118 3458 1213 3514 τοῦ
1258 3458 1578 3513 δικαστικοῦ
1634 3457 1878 3528 βήματος
1922 3494 1937 3507 ι

299 3549 741 3623 δημηγοροῦντα,
773 3551 870 3605 καὶ
912 3550 1089 3623 ταύτῃ
1117 3551 1184 3620 δὴ
1238 3550 1333 3604 τοῦ
1392 3550 1567 3620 δήμου
1616 3546 1882 3601 ἐπιϐοῶν-

297 3660 410 3708 τος,
441 3643 589 3698 Θεοῦ
610 3644 783 3715 φωνῂ
819 3644 919 3698 καὶ
959 3644 1073 3697 οὐκ
1120 3643 1476 3711 ἀνθρώπου·
1536 3638 1761 3706 αὐτίκα,
1818 3637 1881 3691 τὸ

242 3730 249 3733 “
304 3737 448 3807 ἱερόν
471 3755 602 3809 φησι
633 3737 838 3808 λόγιον,
895 3736 1132 3806 ἄγγελον
1178 3733 1370 3788 τοῦτον
1419 3733 1642 3805 ἀοράτῳ
1695 3732 1880 3803 πληγῇ

298 3827 541 3892 πατάξαι
569 3845 586 3862 ·
628 3827 929 3882 κάντεῦθεν
957 3826 1235 3896 ἁποψύξαι
1263 3826 1561 3896 γενόμενον
1599 3824 1882 3893 σκωληκό-

296 3921 530 3990 ϐρωτον.
567 3922 677 3976 Καὶ
705 3920 768 3992 δὴ
825 3923 926 3975 σὺν
975 3920 1158 3981 ἄλλοις
1204 3920 1301 3974 καὶ
1355 3918 1515 3973 τοῦτο
1575 3917 1882 3987 θαυμάζειν

302 4032 393 4084 μοι
434 4014 667 4075 ἔπεισιν.
700 4016 849 4076 ὅπως
875 4016 902 4067 ὀ
927 4014 1057 4084 παρ’
1097 4011 1374 4084 Ἑϐραίοις
1418 4010 1685 4079 Ἰώσηπος
1713 4010 1884 4065 καθά·-

300 4123 413 4159 παν
443 4107 693 4177 συνᾴδειν
727 4107 876 4159 ἔοικε
918 4108 985 4176 τῇ
1022 4104 1145 4177 θείᾳ
1196 4105 1394 4176 Γραφῇ
1434 4119 1449 4135 ⁸
1508 4096 1598 4159 οἷα
1633 4103 1741 4173 γὰρ
1789 4104 1883 4157 καὶ

300 4199 552 4272 περὶτῆς
583 4199 847 4268 τελευτῆς
893 4195 1136 4268 Ἡρώδου
1162 4197 1221 4251 ὲν
1254 4195 1333 4267 τῷ
1367 4193 1434 4251 ιθ¹
1466 4199 1567 4267 τῆς
1618 4196 1885 4265 Ἀρχαιο·

297 4293 512 4362 ,λογίας
582 4291 888 4355 διέξεισιν,
957 4292 1157 4353 αὑταῖς
1221 4288 1403 4357 λέξεσι
1463 4289 1880 4361 παραθήσομαι.

302 4403 322 4439 t
353 4386 575 4455 Τρίτον,
610 4385 799 4455 φησὶν,
827 4384 948 4445 ἔτος
977 4382 1133 4453 αὐτῷ
1159 4383 1259 4452 τῆς
1312 4382 1444 4453 ὅλης
1475 4382 1747 4460 Ἰουδαίας
1781 4381 1880 4453 βα-

298 4477 566 4533 σιλεύοντι
599 4478 930 4548 πεπλήρωτο
965 4493 978 4507 ·
1016 4476 1109 4529 καὶ
1156 4476 1339 4546 παρῆν
1365 4476 1444 4540 είς
1487 4476 1643 4528 πόλιν
1672 4474 1883 4527 Καισά-

299 4590 468 4645 ρειαν,
500 4572 535 4643 ἢ
574 4571 635 4625 τὸ
679 4570 950 4641 πρότερον
995 4569 1316 4637 Στράτωνος
1347 4568 1559 4637 πύργος
1613 4567 1880 4622 ἐκαλεῖτο.
1916 4600 1960 4656 D

297 4666 580 4720 Συνετέλει
614 4664 662 4721 δῗ
685 4662 923 4719 ἐνταῦθα
951 4663 1186 4735 θεωρίας
1217 4665 1298 4725 εἰς
1357 4661 1457 4731 τὴν
1483 4662 1763 4732 Καίσαρος
1803 4678 1886 4715 τι-

303 4759 431 4830 μὴν,
460 4758 601 4828 ὑπὲρ
633 4759 733 4827 τῆς
759 4756 973 4811 ἐκείνου
1009 4756 1290 4826 σωτηρίας
1333 4753 1531 4824 ἑορτήν
1567 4770 1692 4806 τινα
1747 4752 1884 4806 ταύ-

297 4868 396 4917 την
418 4852 775 4920 ἐπιστάμενος
796 4868 809 4880 ·
831 4851 926 4902 καὶ
957 4847 1086 4918 παρ’
1120 4848 1290 4917 αὐτὴν
1326 4848 1584 4918 ἤθροιστο
1621 4847 1765 4902 κατὰ
1784 4845 1885 4917 τὴν

299 4945 571 5017 ἐπαρχίαν
609 4946 666 4997 ὲν
691 4945 841 5004 τέλει
867 4949 962 4996 και
990 4941 1418 5014 προϐεϐηκότων
1448 4940 1531 5005 είς
1555 4939 1714 5005 ἀξίαν
1750 4937 1889 5007 πλῆ-

301 5040 414 5102 θος.
454 5036 695 5110 Δειιτέρίι⁷
724 5038 782 5092 δὲ
806 5037 914 5090 τῶν
944 5036 1191 5105 θεωριῶν
1219 5035 1424 5105 ἡμέρᾳ,
1476 5033 1671 5102 στολὴν
1733 5030 1886 5084 ἔνδυ-

292 5135 538 5202 ,σάμενος
567 5130 628 5195 ἐξ
651 5130 895 5199 ἀργύρου
930 5129 1311 5200 πεποιημένην
1368 5129 1574 5191 πᾶσαν,
1620 5127 1696 5190 ὡς
1747 5126 1881 5180 θαυ·

306 5225 664 5295 μάσιονύ’,ςὴν
692 5219 858 5283 εῖναι,
889 5223 1173 5292 παρῆλθεν
1221 5224 1302 5286 είς
1332 5222 1391 5275 τὸ
1442 5220 1677 5290 θέατρον
1706 5220 1880 5291 ἀρχο-

305 5321 471 5390 μένης
490 5315 903 5389 ήμέρας.Ἔνθα
923 5319 1044 5380 ταῖς
1063 5314 1311 5385 πρώταις
1332 5315 1439 5368 τῶν
1463 5315 1705 5385 ἡλιακῶν
1730 5316 1884 5369 ἀκτί-

308 5428 414 5465 νων
450 5410 732 5473 ὲπιϐολαῖς
764 5407 1052 5478 όᾶργυρος
1092 5407 1519 5476 καταυγασθεὶς,
1558 5406 1883 5477 θαυμασίως

303 5500 628 5557 ἁπέστιλϐε”
655 5500 983 5573 μαρμαίρων
1008 5516 1062 5552 τι
1092 5500 1323 5569 φοϐερδν
1344 5501 1570 5560 καὶτοῖς
1601 5500 1681 5562 είς
1716 5497 1884 5552 αὐτὸν

306 5593 622 5658 ἀτενίζουσι
650 5592 942 5665 φρικῶδες.
978 5592 1154 5656 Εὐθὺς
1175 5592 1232 5645 δὲ
1264 5593 1313 5645 οἱ
1363 5592 1596 5655 κόλακες
1629 5592 1728 5651 τὰς
1777 5590 1887 5644 οὐδ’

306 5687 505 5756 ἐκείνῳ
526 5686 667 5754 πρὸς
694 5683 902 5753 ἀγαθοῦ
936 5684 1096 5747 ἄλλος
1127 5683 1354 5737 ἄλλοθεν
1387 5681 1574 5751 φωνὰς
1616 5682 1883 5749 ἀνεϐόων,

304 5778 440 5835 Θεὸν
469 5777 974 5853 προσαγορεύοντες
1008 5793 1020 5806 ·
1058 5777 1307 5849 Εὐμενὴς
1333 5776 1474 5845 εἴης,
1510 5775 1877 5843 ἐπιλέγοντες

1983 3372 2188 3426 celebri
2223 3370 2465 3442 quodam
2496 3371 2607 3434 die,
2645 3370 2935 3441 splendida
2962 3377 3198 3427 ornatus
3233 3366 3412 3430 veste,
3455 3382 3572 3419 ma.-

1984 3478 2090 3534 gna
2151 3463 2309 3518 vocis
2342 3464 2701 3518 contentione
2746 3461 3129 3517 vehementius
3180 3459 3576 3535 copiosiusque

1983 3570 2085 3625 pro
2114 3555 2374 3611 tribunali
2405 3554 2474 3609 ad
2529 3555 2795 3625 populum
2848 3553 3018 3609 verba
3081 3552 3234 3608 fecit.
3276 3551 3357 3605 Ad
3411 3551 3576 3619 cujus

1984 3647 2295 3705 orationem
2351 3661 2477 3700 cum
2534 3645 2694 3715 plebs
2738 3646 3130 3700 acclamasset:
3192 3643 3287 3697 Dei
3312 3659 3431 3701 vox.
3469 3658 3575 3695 non

1983 3741 2235 3803 hominis,
2267 3738 2584 3804 confestim,
2646 3748 2707 3792 ut.
2748 3753 2920 3793 sacrae
2981 3736 3206 3792 Litterze
3266 3736 3570 3806 inquiunt.

1983 3832 2213 3905 angelus
2242 3831 2459 3887 occulta
2497 3831 2657 3901 plaga
2687 3847 2813 3887 eum
2846 3831 3173 3886 mulctavit:
3229 3829 3376 3884 unde
3406 3829 3571 3886 etiam

1984 3939 2015 3979 a
2043 3924 2324 3979 vermibus
2366 3936 2636 3977 corrosus
2689 3930 2856 3991 atque
2888 3928 3258 3991 consumptus
3285 3957 3299 3983 ,
3334 3916 3572 3971 animam

1984 4018 2116 4088 egit.
2145 4017 2444 4071 Enimvero
2470 4026 2672 4086 praeter
2724 4015 2854 4078 alia,
2910 4014 3046 4068 illud
3104 4026 3327 4083 quoque
3385 4010 3572 4064 mirari

1986 4112 2121 4166 mihi
2164 4112 2218 4166 in
2260 4117 2502 4165 mentem
2535 4110 2708 4173 venit,
2740 4107 2889 4179 quod
2936 4106 3297 4161 Hebraeorum
3350 4100 3577 4157 histori-

1987 4220 2087 4261 cus
2110 4203 2410 4273 Iosephus,
2432 4203 2490 4257 in
2523 4202 2849 4256 universum
2873 4199 3071 4255 divina:
3102 4196 3405 4267 Scriptura:
3443 4209 3579 4251 con.

1988 4312 2122 4353 sona
2158 4296 2410 4350 scribere
2443 4294 2690 4349 videtur.
2727 4292 2922 4358 Qualia
2964 4304 3202 4359 namque
3228 4287 3298 4342 de
3345 4285 3578 4342 Herodis

1992 4391 2148 4466 153
2180 4388 2335 4445 obitu
2364 4387 2419 4440 in
2453 4386 2672 4441 decimo
2699 4399 2849 4439 nono
2872 4384 3271 4452 Antiquitatum
3292 4378 3436 4433 libro
3461 4394 3577 4432 me-

1988 4491 2167 4538 moret
2197 4481 2302 4552 (l),
2332 4478 2520 4534 verbis
2553 4478 2730 4546 ipsius
2770 4476 2983 4531 referre
3033 4474 3203 4529 libet:
3268 4486 3290 4524 ἰ
3328 4469 3576 4532 Tertius,

1990 4573 2189 4643 inquit,
2219 4586 2417 4637 annus,
2449 4586 2516 4625 ex
2538 4584 2649 4640 quo
2682 4577 2849 4623 totam
2871 4566 3114 4623 Judteam
3143 4564 3390 4635 regebat,
3420 4575 3579 4631 pera-

1986 4674 2109 4720 ctus
2147 4664 2350 4727 fuerat.
2383 4678 2509 4718 cum
2540 4661 2587 4717 is
2623 4661 2908 4727 Caesareae,
2943 4674 3066 4729 qua:
3096 4666 3259 4712 antea
3295 4652 3579 4711 Stratonis

1983 4758 2158 4813 turris
2179 4765 2373 4813 vocata
2405 4757 2608 4820 fuerat,
2642 4762 2812 4817 esset,
2849 4752 3049 4808 edebat
3082 4749 3159 4804 ibi
3196 4753 3251 4803 in
3299 4748 3575 4804 honorem

1982 4851 2239 4917 Caesaris,
2276 4865 2377 4920 pro
2405 4850 2564 4921 cujus
2594 4850 2796 4913 salute,
2824 4845 2996 4901 festos
3015 4843 3286 4914 quosdam
3321 4839 3579 4895 institue-

1983 4954 2070 5000 rat
2098 4944 2241 5009 dies,
2271 4944 2609 5014 spectacula.
2671 4940 3001 4997 Conﬂuebat
3059 4946 3175 4992 tum
3206 4951 3276 4991 ex
3322 4948 3389 4989 ea
3448 4947 3581 5004 pro-

1982 5037 2191 5097 vincia.
2234 5052 2428 5092 eorum
2462 5036 2558 5106 qui
2612 5036 2972 5106 magiStratus
3029 5042 3091 5087 ct-
3124 5032 3364 5085 honores
3419 5040 3577 5099 gere-

1992 5129 2147 5197 bant,
2170 5128 2245 5182 ad
2272 5144 2399 5183 eum
2434 5126 2757 5182 multitudo.
2787 5125 2961 5180 Porro
2992 5122 3239 5178 secundo
3288 5128 3577 5191 Spectacu-

1988 5222 2169 5275 lorum
2205 5221 2294 5277 die
2332 5231 2537 5276 vestem
2586 5235 2653 5274 ex
2710 5229 2939 5287 argento
2969 5218 3111 5271 miro
3149 5214 3388 5268 artificio
3440 5226 3573 5267 con-

1992 5327 2195 5374 textam
2229 5314 2430 5379 induit,
2465 5321 2522 5366 et
2550 5313 2606 5367 in
2650 5312 2927 5366 theatrum
2962 5324 3087 5363 cum
3117 5310 3294 5377 prima
3324 5307 3445 5360 luee
3476 5320 3574 5360 ve-

1992 5411 2093 5465 nit.
2116 5410 2197 5464 lbi
2227 5408 2425 5479 primis
2446 5406 2711 5462 solarium
2739 5404 3026 5459 radiorum
3052 5403 3254 5456 ictibus
3283 5407 3573 5471 argentum

1996 5504 2334 5556 illustratum
2389 5498 2704 5552 mirandum
2740 5497 2796 5552 in
2828 5498 3050 5550 modum
3088 5492 3432 5555 coruscabat,
3464 5504 3580 5543 me-

1998 5593 2264 5647 tuendum
2298 5602 2466 5661 atque
2488 5588 2829 5651 horrendum
2866 5587 3129 5657 quiddam
3162 5583 3575 5653 inspicientium

1996 5686 2171 5741 oculis
2205 5683 2499 5754 splendore
2518 5697 2617 5737 suo
2655 5680 2914 5735 inferens.
2951 5677 3165 5748 Itaque
3206 5685 3583 5732 assentatores

1998 5777 2129 5833 hinc
2166 5788 2220 5834 ct
2250 5776 2398 5847 inde,
2428 5774 2657 5832 vocibus
2686 5788 2754 5829 ne
2781 5771 2881 5845 ipsi
2909 5770 3131 5841 quidem
3165 5771 3309 5825 bono
3352 5766 3581 5832 futuris,

378 5914 623 5999 ςυρψ.
654 5915 726 5985 8;
759 5928 815 5974 et.
866 5916 938 5972 De
970 5916 1091 5974 bell.
1148 5916 1357 5973 Jugiuic.
1411 5917 1512 5972 lii).
1565 5933 1626 5982 tt,
1683 5934 1802 5989 cap.
1865 5921 1923 5986 4,
1971 5918 2065 5979 10.
