4046 6472
488 425 591 486 ’ῙὸἹ

1500 464 1585 512 η
1709 435 2528 501 NICEPHORICALLISTI
2627 518 2631 522 _

3645 442 3745 506 πει

483 541 903 617 acelamabant:
933 543 1103 597 Deum
1129 542 1279 599 enim
1308 531 1681 615 appellabant,
1714 555 1772 601 et
1806 556 1864 601 ut
1898 546 2052 603 bene-

2171 552 2219 604 εί
2261 554 2355 605 καὶ
2387 554 2550 623 μέχρι
2582 549 2675 606 νῦν
2707 550 2781 617 ὡς
2834 551 3124 624 ἄνθρωπον
3157 549 3544 625 ἐφοϐήθημεν·
3612 555 3742 610 ἀλλὰ

483 636 643 689 \olus
687 636 1069 705 propitiusque
1115 637 1196 692 eis
1235 649 1402 702 esset.
1449 640 1752 709 rogabant:
1785 640 1832 694 si
1862 638 2069 696 hucus-

481 740 590 793 qua
619 741 746 781 eum
776 737 837 781 ut
866 726 1144 781 hominem
1187 727 1347 782 veriti
1377 739 1586 795 essent,
1618 730 1688 785 de
1713 740 1917 785 caetero
1965 733 2067 785 hu-

481 832 645 873 mana
677 828 875 872 natura
930 819 1280 888 superiorem
1335 823 1890 894 prwstantiorentque
1939 841 2067 894 pro-

480 910 724 965 fesmros
749 926 891 973 esse,
932 913 1282 982 pollicentes.
1313 913 1432 969 Non
1468 915 1746 986 increpuit
1795 931 1893 971 eos
1945 933 2062 984 rex,

480 1018 658 1069 neque
714 1013 825 1056 tam
886 1004 1110 1073 impiam
1168 1006 1599 1075 assentationem
1647 1016 1732 1063 est
1780 1009 2062 1064 amolitus.

480 1094 586 1148 Sed
619 1094 786 1162 paulo
815 1105 936 1164 post
973 1106 1139 1165 caput
1170 1114 1331 1151 suum
1381 1101 1626 1165 sustulit,
1681 1111 1738 1155 et
1784 1100 2061 1156 bubonem

478 1186 728 1241 funiculo
767 1189 991 1241 cuidam
1042 1189 1378 1246 insidentem
1423 1193 1733 1263 conspexit,
1768 1203 1823 1248 et
1876 1193 2061 1248 statim

478 1281 746 1332 malorum
782 1281 928 1333 hunc
968 1298 1090 1336 esse
1144 1283 1424 1347 nuntium,
1463 1284 1556 1354 qui
1605 1284 1877 1339 bonorum
1930 1286 2061 1339 olim

475 1370 683 1437 fuerat,
710 1373 1128 1433 animadvertit.
1161 1373 1346 1443 Itaque
1369 1376 1674 1431 immensus
1695 1377 1839 1432 illius
1866 1386 2062 1448 pectus

478 1467 677 1532 dolor,
738 1478 1101 1540 ventremque
1155 1462 1474 1536 cruciatus,
1528 1486 1655 1527 cum
1713 1472 2061 1529 vehementia

474 1573 689 1612 summa
717 1560 957 1626 invasit;
1006 1570 1061 1615 ct
1101 1564 1167 1617 ad
1202 1563 1413 1618 amicos
1446 1580 1747 1620 conversus
1777 1584 1792 1620 :
1832 1566 1911 1620 En
1936 1582 2059 1638 ego,

475 1652 680 1721 inquit,
706 1654 848 1708 Dens
886 1665 1093 1720 vester,
1129 1655 1298 1711 vitam
1330 1658 1644 1726 relinquere
1677 1674 1866 1728 cogor,
1930 1674 2058 1713 cum

469 1743 581 1813 jam
606 1743 790 1799 fatalis
816 1753 871 1800 et
898 1746 1088 1803 divina
1122 1747 1210 1802 vis
1241 1749 1541 1804 ementitas
1575 1749 1628 1802 in
1658 1764 1745 1803 me
1774 1764 1941 1805 voces
1965 1765 2059 1803 ve-

472 1839 619 1886 stras
645 1842 1053 1903 coarguatztet
1081 1835 1176 1904 qui
1240 1836 1410 1893 modo
1448 1854 1478 1891 a
1510 1837 1671 1893 vobis
1732 1838 2059 1892 immortalis

2172 645 2498 698 τούντεῦθεν
2531 644 2737 717 θνητῆς
2764 646 2982 716 φύσεως
3015 645 3305 717 κρείσσονά
3334 661 3400 714 γε
3450 644 3739 717 ὁμολογῶ·

2173 755 2293 807 μεν.
2325 739 2440 792 Οὐκ
2471 738 2751 810 ἐπέπληξε
2788 739 2999 803 τούτοις
3050 741 3078 793 δ
3135 738 3413 809 βασιλεὺς,
3477 737 3603 794 οὐδὲ
3652 740 3743 810 τὴν

2171 829 2463 884 κολακείαν
2529 830 2842 886 ἀσεϐοῦσαν
2904 831 3274 904 ἀπετρίψατο.
3344 831 3656 902 ’Δνακύψας
3700 834 3743 887 δ’

2170 919 2265 976 οὖν
2302 924 2423 994 μετ’
2452 924 2634 994 ὀλίγον
2684 926 2776 978 τὸν
2810 925 3063 993 βουϐῶνα
3091 927 3190 992 τῆς
3245 923 3444 980 ἑαυτοῦ
3506 926 3741 998 κεφαλῆς

2169 1017 2678 1089 ὀπερκαθεξόμενον
2718 1015 2860 1075 εἶδεν
2887 1020 2980 1074 ἐπὶ
3010 1020 3245 1092 σχοινίου
3298 1020 3462 1084 τινὸς,
3514 1020 3738 1090 ἄγγελον

2166 1108 2355 1161 τοῦτον
2385 1109 2548 1173 εὐθὺς
2577 1112 2766 1177 ἐνόησε
2799 1111 2985 1165 κακῶν
3019 1106 3181 1177 εἶναι,
3208 1112 3300 1165 τὸν
3350 1108 3445 1165 καί
3473 1126 3606 1164 ποτε
3636 1110 3736 1164 τῶν

2168 1199 2388 1265 ἀγαθῶν
2420 1204 2738 1270 γενόμενον.
2768 1201 2880 1255 Καὶ
2932 1200 3251 1272 διακάρδιον
3309 1200 3468 1271 ἔσχεν
3501 1199 3694 1269 ὀδύνην
3714 1214 3728 1231 ⁸

2166 1293 2365 1362 ἀθρόον
2415 1292 2461 1346 δ’
2491 1293 2641 1364 αὑτῷ
2707 1293 2807 1363 τῆς
2851 1293 3060 1356 κοιλίας
3116 1291 3464 1362 προσέφυσεν
3517 1291 3735 1361 ἄλγημα

2168 1387 2308 1455 μετά
2339 1385 2700 1455 σφοδρότητος
2731 1386 3059 1458 ἀρξάμενον.
3104 1385 3460 1457 Ἀναθεωρῶν
3488 1384 3580 1440 οὖν
3608 1382 3735 1455 πρὸς

2163 1478 2292 1540 τοὺς
2325 1477 2537 1545 φίλους,
2578 1476 2638 1528 '0
2678 1476 2797 1536 θεῦς
2836 1475 2968 1546 ὑμῖν
3012 1473 3147 1543 ἐγὼ,
3191 1477 3385 1545 φησιν,
3433 1474 3537 1545 ἤδη
3576 1490 3736 1527 κατα-

2166 1568 2424 1639 στρέφειν
2458 1569 2825 1639 ἐπιτάττομαι
2856 1568 2947 1622 τὸν
2977 1567 3114 1638 βίον,
3149 1565 3493 1637 παραχρῆμα
3546 1566 3645 1636 τῆς
3670 1564 3739 1618 εί⁴

2166 1665 2453 1734 μαρμένης
2520 1663 2622 1723 τάς
2680 1663 2806 1733 ἄρτι
2871 1680 2974 1732 μου
3038 1661 3488 1731 κατεψευσμένας
3561 1659 3736 1729 φωνὰς

2163 1755 2495 1826 ἐλεγχούσης
2526 1767 2540 1783 ⁸
2571 1758 2667 1810 καὶ
2697 1757 2725 1809 ὁ
2750 1755 2969 1827 κληθεὶς
2995 1752 3267 1817 ἀθάνατος
3316 1753 3408 1821 ὑφ’
3456 1750 3611 1822 ὑμῶν
3640 1750 3734 1821 ἤδη

2164 1846 2349 1899 θανεῖν
2377 1848 2694 1916 ἀπάγομαι.
2744 1847 2980 1900 Δεκτέον
3024 1846 3081 1899 δὲ
3132 1845 3233 1913 τὴν
3282 1834 3733 1914 πεπρωμένην,ᾗ

470 1935 593 1974 sum
614 1920 818 1987 dictus,
858 1938 1007 1979 nunc
1035 1926 1101 1979 ad
1153 1935 1390 1981 mortem
1426 1926 1695 1982 abducor.
1752 1927 1858 1982 Sed
1911 1929 2052 1983 acci-

2158 1940 2298 2003 Beb;
2333 1905 2660 2010 βεϐούληται
2688 1956 2703 1972 θ
2730 1939 2826 1994 καὶ
2860 1939 2970 2010 γὰρ
3000 1905 3345 2009 βεϐιώκαμεν
3367 1905 3577 2006 οίδδαμῆ
3604 1905 3733 2003 ίραύζ

472 2012 735 2081 piendum
764 2016 935 2080 venit,
973 2018 1122 2086 quod
1181 2017 1290 2073 Deo
1336 2032 1420 2074 εει
1452 2020 1657 2087 visum,
1689 2021 1884 2075 fatum.
1935 2021 2057 2076 Non

469 2104 765 2160 obscuram
807 2115 989 2163 tatnen
1014 2123 1135 2173 nos,
1169 2110 1264 2165 sed
1319 2109 1585 2166 felicioris
1636 2112 2058 2183 splendidioris—

469 2212 577 2265 que
608 2198 779 2253 sortis
804 2200 1092 2269 ext-gimus
1115 2201 1310 2257 vitam.
1350 2202 1476 2258 Haec
1510 2204 1601 2259 ubi
1654 2204 1903 2269 dixisset,
1958 2205 2059 2261 do-

468 2288 619 2344 lores
684 2304 813 2344 eum
886 2291 1221 2348 intensiores
1289 2294 1634 2348 cruciabam.
1714 2295 2057 2366 Quapropter

468 2396 663 2450 magna
687 2382 970 2438 celeritate
1000 2384 1052 2438 in
1084 2386 1283 2455 regiam
1306 2387 1754 2456 estldeportatus.
1793 2389 1864 2444 Et
1905 2391 2054 2445 {auia

467 2472 614 2540 apud
643 2488 841 2528 omnes
864 2475 1075 2543 passim
1102 2478 1397 2540 increbnit,
1424 2479 1588 2545 paulo
1622 2490 1746 2549 post
1781 2497 1910 2536 eum
1938 2500 2059 2539 om-

470 2564 602 2617 nino
634 2567 965 2620 moriturum
1000 2583 1145 2624 esse.
1187 2567 1326 2623 Tum
1376 2571 1672 2626 multitudo
1713 2574 1896 2629 omnis
1950 2591 2058 2631 una

468 2672 593 2711 cum
643 2662 973 2729 coniugibus
1020 2671 1075 2715 et
1137 2663 1347 2729 liberis,
1404 2666 1640 2735 sumptis
1675 2669 1853 2736 patrio
1902 2685 2058 2724 more

468 2750 664 2815 saccis,
722 2750 970 2820 locisque
1021 2756 1280 2809 omnibus
1327 2756 1458 2811 fietu
1497 2768 1552 2811 ct
1580 2759 1733 2813 luctu
1786 2762 2057 2830 repletis,

467 2844 579 2896 Deo
620 2861 715 2911 pro
748 2846 925 2899 salute
962 2849 1106 2917 regis
1123 2849 1528 2917 supplicarunt.
1585 2851 1650 2905 Et
1680 2868 1804 2906 cum
1838 2854 1894 2908 in
1921 2856 2055 2912 sub-

470 2935 688 2990 limiore
771 2938 1028 2993 cubiculo
1087 2941 1131 2994 is
1189 2942 1572 3005 decumberet,
1620 2944 1781 3016 154
1811 2946 2059 3017 οιιῖιιιίθ

469 3029 731 3082 homines
774 3032 1008 3098 supinos
1070 3032 1502 3100 procumbentes
1559 3035 1938 3103 prospiceret,
1989 3054 2059 3093 ne

454 3123 583 3221 ‘ipse
619 3123 841 3189 quidem
879 3124 1148 3194 lacrymas
1182 3125 1472 3178 continere
1526 3128 1735 3194 potuit:
1792 3144 1855 3182 ac
1895 3131 2058 3199 quin-

2160 2034 2290 2098 λως,
2335 2033 2456 2086 ἀλλ’
2509 2035 2602 2087 ἐπὶ
2658 2034 2763 2105 τῆς
2830 2031 3284 2105 μακαριζομένης
3335 2029 3733 2100 λαμπρότητος.

2162 2128 2331 2182 Ταῦθ’
2367 2129 2486 2198 ἆμα
2508 2128 2709 2197 λέγων,
2738 2118 3114 2194 ὲπιτάσειτῆς
3132 2125 3327 2196 ὀδύνης
3363 2125 3731 2180 κατεπονεῖτο.

2161 2222 2319 2275 Μετά
2358 2220 2603 2291 σπουδῆς
2629 2216 2724 2275 οὖν
2761 2221 2844 2284 είς
2867 2219 2929 2272 τὸ
2957 2218 3234 2290 βασίλειον
3275 2216 3571 2287 ἐκομίσθη.
3627 2216 3733 2269 Καὶ

2159 2314 2310 2383 διῇξε
2335 2313 2493 2381 λόγος
2524 2316 2607 2376 είς
2638 2312 2871 2376 πάντας,
2900 2311 2975 2374 ὡς
3003 2310 3117 2384 ἔχοι
3150 2308 3244 2365 τοῦ
3299 2308 3555 2365 τεθνάναι
3601 2324 3736 2363 παν-

2160 2407 2369 2460 τάπασι
2405 2405 2521 2475 μετ’
2552 2405 2756 2473 ὀλίγον.
2804 2404 2872 2458 Ἠ
2894 2403 3106 2475 πληθὺς
3132 2404 3180 2457 δ’
3201 2403 3402 2458 αὐτίκα
3434 2403 3584 2457 πᾶσα
3634 2400 3730 2454 σὺν

2162 2497 2379 2568 γυναιξὶ
2412 2498 2504 2552 καὶ
2533 2498 2720 2551 παισὶν
2745 2496 2841 2551 ἐπὶ
2888 2497 3095 2551 σάκκου
3124 2496 3453 2549 καθεσθεῖσα
3498 2493 3578 2565 τῷ
3636 2509 3739 2546 πα-

2161 2593 2300 2663 τρίῳ
2324 2592 2496 2662 νόμῳ,
2527 2590 2621 2645 τὸν
2658 2590 2792 2644 Θεὸν
2842 2590 3086 2644 ἱκέτευον
3148 2589 3290 2659 ὑπὲρ
3321 2588 3416 2642 τοῦ
3451 2587 3735 2659 βασιλέως.

2161 2684 2421 2755 Οίμωγῆς
2472 2701 2532 2737 τε
2589 2686 2769 2737 πάντα
2806 2678 2871 2754 ἦν
2891 2682 3149 2736 ἀνάπλεω
3210 2682 3305 2735 και
3348 2680 3585 2752 θρήνων.
3650 2679 3736 2731 Ἐν

2162 2776 2352 2846 ὑψηλῷ
2371 2775 2427 2829 δὲ
2457 2775 2708 2846 βασιλεὺς
2729 2773 2988 2845 δωματίῳ
3013 2774 3438 2841 κατακείμενος,
3464 2773 3559 2825 καὶ
3589 2770 3735 2825 κάτω

2163 2868 2379 2938 βλέπων
2424 2869 2625 2931 αὐτοὺς
2674 2869 2907 2938 πρηνεῖς
2959 2866 3433 2938 προσπίπτοντας,
3498 2864 3735 2936 ἄδακρυς

2162 2962 2273 3015 οὐδ’
2303 2961 2466 3024 αὐτὸς
2490 2960 2671 3030 ἔμενε.
2718 2958 2968 3030 Συνεχῶς
2997 2959 3044 3012 δ’
3072 2960 3160 3027 ἐφ’
3185 2958 3399 3029 ἡμέρας
3451 2957 3612 3011 πέντε
3659 2956 3734 3026 τῷ

2161 3053 2260 3123 τῆς
2293 3054 2531 3124 γαστρὸς
2559 3053 2839 3123 ἀλγήματι
2863 3050 3234 3122 διεργασθεὶς,
3268 3050 3361 3101 τὸν
3400 3048 3517 3119 βίον
3573 3046 3732 3101 κατέ-

2165 3145 2422 3217 στρεψεν,
2453 3145 2562 3199 ἀπὸ
2599 3145 2870 3213 γενέσεως
2900 3145 3051 3212 ἄγων
3096 3143 3465 3213 πεντηκοστὸν
3494 3141 3613 3205 ἔτος
3641 3141 3732 3195 καὶ

464 3213 574 3282 quo
596 3215 889 3267 continuos
917 3214 1036 3268 dies
1059 3214 1269 3268 ventris
1303 3213 1591 3270 doloribus
1617 3216 1928 3285 confectus,
1972 3221 2052 3274 vi-

2160 3213 2446 3305 τέταρτον,
2474 3233 2569 3305 τῆς
2615 3234 2670 3287 δὲ
2705 3233 2988 3304 βασιλείας
3017 3233 3269 3303 εεδομον.
3314 3232 3601 3301 Τέσσαρας
3636 3231 3733 3301 μὲν

468 3316 573 3358 tam
633 3306 819 3359 ﬁnivit
853 3306 953 3375 (l);
990 3306 1169 3360 aetatis
1205 3305 1722 3377 quinquagesimum
1754 3320 2010 3378 quartum
2036 3353 2051 3377 ,

466 3400 618 3469 regni
654 3401 949 3470 septimum
979 3415 1147 3469 agens
1169 3416 1399 3455 annum.
1434 3400 1685 3477 Quatuor
1706 3405 1929 3474 quidem
1960 3407 2052 3462 ille

464 3494 567 3547 sub
604 3493 737 3547 Caio
790 3495 1040 3562 regnavit
1091 3509 1266 3548 annos
1309 3492 1387 3564 (‘2)
1414 3536 1429 3560 ,
1473 3499 1775 3553 tetrarchia
1811 3499 2051 3571 Philippi

467 3588 645 3639 tribus
691 3589 852 3640 annis
881 3588 1286 3654 administrata,
1346 3588 1579 3646 llerodis
1624 3602 1810 3647 autem
1853 3606 2052 3663 quarto

462 3696 609 3732 anno
635 3687 878 3748 recepta.
905 3678 1043 3734 Tres
1075 3696 1239 3749 porro
1265 3682 1510 3751 reliquos
1548 3697 1720 3739 annos
1756 3685 1860 3739 sub
1884 3684 2045 3740 Clau-

460 3773 538 3826 dti
573 3772 807 3841 imperio
841 3775 1209 3842 consumpsit.
1249 3794 1267 3826 ι
1305 3774 1510 3846 Dignus
1535 3786 1684 3831 certe
1719 3779 1941 3847 quidem
1968 3790 2052 3835 est

458 3868 736 3935 Jnscpitus
763 3868 865 3917 iste
892 3866 1284 3933 admiratione,
1312 3870 1403 3939 qui
1430 3869 1513 3924 sic
1551 3869 1757 3926 dixinis
1804 3887 2047 3928 consona

460 3960 691 4017 Litteris
718 3958 943 4013 scribat.

1057 4076 1284 4134 CAPUT
1318 4078 1456 4133 XIV.

464 4186 543 4241 De
575 4187 793 4264 Simone
831 4192 1011 4264 Mago,
1038 4195 1261 4263 ejusque
1304 4194 1515 4253 Iurresi,
1549 4204 1596 4246 et
1632 4204 1684 4249 ut
1715 4198 1764 4250 ei
1793 4197 2046 4251 restiterit

636 4262 691 4314 in
716 4265 904 4331 primis
926 4262 1131 4321 nam
1166 4266 1315 4318 dirus
1360 4264 1627 4334 apostolus
1658 4267 1870 4320 νεεδ-ιω.

529 4448 667 4506 Cum
695 4449 759 4504 ad
789 4466 916 4503 eum
956 4451 1180 4505 modum
1215 4452 1505 4519 persuasio
1558 4463 1614 4509 et
1646 4453 1780 4508 fides
1811 4454 1864 4508 in
1916 4454 2044 4510 Ser-

459 4554 703 4600 vatorem
757 4561 854 4612 per
882 4560 1105 4599 onmem
1161 4553 1558 4615 propagaretur
1610 4554 1811 4600 terram
1840 4587 1855 4611 ,
1898 4549 2041 4602 anti-

458 4635 730 4703 quus-ille
755 4635 977 4704 generis
1028 4636 1336 4707 salutisque
1372 4647 1575 4691 nostrae
1614 4638 1787 4693 hostis
1812 4679 1826 4704 ,
1891 4642 2042 4695 omni

459 4739 660 4782 conatu
695 4728 966 4782 etfraude
1001 4729 1193 4783 urbem
1220 4744 1369 4795 eam,
1394 4730 1446 4783 in
1477 4745 1585 4799 qua
1622 4738 1736 4785 tum
1761 4747 2041 4787 summum

456 4826 605 4872 esset
635 4817 970 4887 imperium,
1030 4821 1329 4890 praeripere
1377 4833 1542 4891 atque
1591 4837 1865 4893 occupare
1912 4840 2044 4879 con-

459 4911 713 4974 tendens,
738 4912 1014 4968 Simonem
1070 4914 1192 4967 vico
1226 4913 1452 4970 Gitthon
1504 4924 1708 4983 ortum,
1745 4917 1839 4985 qui
1866 4928 2040 4983 .antca

457 5001 738 5057 Orientem
778 5021 1100 5076 peragrans,
1128 5008 1558 5065 incantamentis
1583 5024 1708 5064 cum
1737 5016 1904 5078 atque
1936 5010 2042 5063 im-

455 5098 700 5165 postnris
730 5100 1127 5166 compleverat,
1165 5114 1230 5155 eo
1267 5101 1462 5164 mittit,
1519 5100 1709 5172 ibique
1756 5101 1847 5156 ille
1888 5102 2037 5157 brevi

453 5190 604 5244 cives
631 5190 908 5245 Romanos
951 5191 1164 5259 (paucis
1191 5193 1461 5262 exceptis)
1516 5194 1726 5264 magica
1771 5209 1870 5248 sua
1921 5204 2040 5247 arte

452 5282 696 5337 seducit.
728 5283 806 5337 Eo
861 5291 1045 5338 autem
1100 5285 1402 5354 impietatis
1438 5286 1735 5356 pervenit.
1796 5296 1856 5339 ut
1913 5301 2036 5340 cum

449 5373 589 5427 deus
616 5388 738 5426 esse
778 5373 1117 5440 crederetur,
1151 5383 1266 5429 tum
1301 5384 1482 5430 statua
1518 5375 1803 5445 magnifica
1833 5376 1884 5431 in
1935 5375 2038 5429 ﬂu-

450 5467 603 5519 mine
634 5464 822 5520 Tiberi
866 5466 1008 5520 inter
1033 5467 1173 5522 duos
1207 5478 1404 5537 pontes
1459 5468 1850 5537 honoraretur,
1908 5486 2033 5524 cum

450 5556 811 5627 inscriptione
847 5558 937 5612 tali
978 5575 995 5612 :
1042 5556 1247 5612 Simoni
1277 5564 1376 5611 deo
1425 5544 1629 5613 sancto.
1667 5562 1845 5630 Atque
1907 5544 2034 5615 inde

446 5647 584 5704 deus
611 5664 720 5703 non
753 5659 963 5705 tantum
995 5650 1137 5720 apud
1160 5650 1561 5712 Samaritanus,
1594 5667 1784 5706 verum
1820 5652 1873 5707 in
1900 5652 2030 5707 aliis

520 5823 596 5894 (l)
621 5824 738 5901 Sub
775 5827 1010 5901 Herodis
1044 5827 1268 5901 nomine
1303 5827 1480 5883 Lucas
1507 5829 1761 5901 Agrippa:
1794 5830 2033 5888 senioris

448 5907 641 5949 necem
672 5895 985 5954 describere
1013 5899 1249 5963 videtur,
1288 5900 1409 5955 Act.
1443 5916 1539 5955 xu.

2155 3325 2249 3382 οὖν
2279 3330 2369 3382 ἐπὶ
2408 3329 2571 3382 Γαΐου
2606 3328 2888 3399 Καίσαρος
2923 3326 3274 3383 ὲὸασίλευσεν
3304 3325 3605 3387 ἐνιαυτοὺς,
3633 3323 3735 3392 τῆς

2155 3422 2425 3476 Φιλίππου
2453 3422 2552 3490 μὲν
2583 3421 2915 3493 τετραρχίας
2974 3420 3056 3482 είς
3102 3420 3351 3490 τριετίαν
3396 3419 3603 3488 ἄρξας
3655 3418 3734 3486 τῷ

2153 3515 2400 3586 τετάρτῳ
2425 3516 2481 3567 δὲ
2508 3516 2602 3568 καὶ
2634 3516 2733 3586 τὴν
2774 3513 3019 3582 Ἡρώδου
3081 3512 3472 3584 προσειληφώς
3504 3523 3521 3543 ⁹
3585 3510 3732 3578 τρεῖς

2153 3606 2198 3659 δ’
2252 3606 2528 3659 ὲπιλαεὼν
2592 3606 2691 3675 τῆς
2750 3606 3019 3660 Κλαυδίου
3080 3605 3360 3675 Καίσαρος
3406 3604 3734 3673 αὐτοκρατο-

2157 3697 2297 3767 ρίας.
2334 3719 2350 3749 ι
2398 3698 2688 3767 Θαύματος
2721 3697 2814 3751 οὖν
2865 3698 3021 3763 ἄξιος
3068 3699 3164 3752 καὶ
3227 3698 3524 3769 Ἰώσηπος,
3586 3694 3734 3748 οὕτω

2151 3792 2272 3853 ταῖς
2307 3789 2479 3855 θείαις
2514 3792 2758 3863 συνᾴδων
2789 3791 3056 3862 Γραφαίς.

2750 4081 3006 4136 ΚΕΦΛΔ.
3039 4080 3134 4135 1Δ’.

2147 4193 2287 4260 Περὶ
2323 4192 2429 4246 τοῦ
2458 4193 2673 4265 γόῃτος
2698 4195 2991 4265 Σίμωνος,
3049 4196 3148 4248 καί
3181 4194 3287 4263 τῆς
3328 4176 3544 4249 τούτου
3568 4178 3729 4265 rure;

2218 4281 2371 4337 ᾳεως
2392 4280 2419 4337 Ἀ
2442 4262 2650 4337 amid);
2676 4263 3043 4337 ἀντέπραττε
3065 4262 3255 4331 τούτῳ
3277 4307 3290 4329 ,
3337 4266 3435 4319 καὶ
3455 4262 3727 4337 μάλιστα

2216 4332 2287 4385 ἐν
2319 4333 2512 4402 Ῥώμῃ
2541 4334 2768 4400 Πέτρος
2797 4335 2965 4400 θεῖοςν
2988 4335 3357 4403 ἀπόστολος.

2216 4447 2373 4502 Οὕτω
2403 4448 2533 4517 γοῦν
2552 4449 2649 4518 τῆς
2703 4449 2846 4503 κατά
2904 4450 2995 4504 τὸν
3039 4451 3274 4521 Σωτῆρα
3330 4452 3572 4517 πίστεως
3621 4453 3728 4509 ἀνὰ

2149 4540 2332 4592 πᾶσαν
2359 4539 2741 4612 διαδεδομένης
2773 4540 2871 4612 τὴν
2894 4542 3022 4611 γῆν,
3055 4545 3083 4596 ὁ
3121 4544 3349 4615 ἀρχαῖος
3382 4546 3475 4598 τοῦ
3531 4546 3729 4614 γένους

2151 4636 2248 4684 καὶ
2278 4624 2378 4702 τῆς
2404 4633 2682 4704 σωτηρίας
2714 4635 2874 4704 ἡμῶν
2899 4635 3181 4706 πολέμιος,
3220 4641 3439 4709 μηχανῇ
3472 4632 3537 4711 τῇ
3575 4638 3726 4709 πάσῃ

2147 4723 2247 4796 τὴν
2300 4725 2561 4793 τηνικάδε
2622 4726 3023 4795 βασιλεύουσαν
3068 4731 3427 4798 προαρπάσαι
3479 4728 3733 4782 σπεύδων

2149 4816 2327 4879 πόλιν,
2362 4819 2479 4872 ἐκεῖ
2518 4818 2582 4888 δὴ
2616 4819 2707 4872 τὸν
2745 4820 2968 4887 Σίμωνα
2994 4820 3086 4873 τὸν
3114 4823 3225 4876 ἀπὸ
3267 4821 3461 4891 κώμης
3493 4820 3731 4884 Γιτθῶν,

2144 4907 2238 4963 τὸν
2289 4908 2387 4979 τὴν
2424 4910 2540 4964 Ἕω
2574 4909 2855 4963 διελθόντα
2883 4912 3146 4984 πρότερον
3179 4915 3274 4966 καὶ
3305 4912 3413 4966 τῶν
3460 4912 3731 4982 γοητειῶν

2147 4994 2535 5073 ἐμπλήσαντα,
2568 5004 2882 5059 συνελαύνει
2912 5019 2927 5037 ⁶
2957 5005 3015 5068 ὃς
3047 5006 3107 5058 ὲν
3164 5006 3224 5061 οὐ
3274 5006 3472 5079 μακρῷ
3524 5006 3728 5075 χρόνον.

2149 5097 2287 5166 πλὴν
2317 5096 2538 5165 ὀλίγων,
2614 5100 2740 5161 τοὺς
2780 5097 3088 5167 Ῥωμαίους
3143 5102 3208 5170 τῇ
3258 5101 3499 5171 σφετέρᾳ
3562 5114 3733 5150 συνυ-

2146 5189 2381 5257 πάγεται
2414 5190 2665 5260 γοητεία.
2718 5191 2807 5253 Ἐς
2838 5192 3093 5245 τοσοῦτον
3115 5191 3172 5245 δὲ
3206 5190 3409 5263 ἧλασεν
3440 5190 3727 5254 ἀσεόείας,

2144 5282 2219 5343 ὡς
2261 5282 2355 5335 καὶ
2393 5282 2515 5346 θεὸς
2579 5282 2932 5354 νομισθῆναι.
2978 5283 3230 5337 ἀναθέσει
3278 5301 3339 5336 τε
3403 5282 3732 5355 ἀνδριάντος

2142 5375 2461 5445 περιφανῶς
2480 5374 2781 5447 τιμηθῆναι
2810 5376 2868 5427 ἐν
2897 5375 2974 5445 τῷ
2995 5372 3218 5445 Τιϐέρει
3248 5374 3483 5446 ποταμῷ
3515 5372 3729 5445 μεταξὺ

2140 5466 2249 5517 τῶν
2285 5466 2378 5518 δύο
2404 5467 2661 5535 γεφυρῶν
2691 5482 2705 5495 ·
2743 5469 2801 5521 ὲν
2839 5462 2883 5537 ᾧ
2910 5469 3004 5521 καὶ
3051 5469 3337 5539 ἐπιγραφὴ
3365 5469 3505 5538 αὕτη
3553 5468 3672 5521 ἐστί
3706 5485 3725 5498 ⁸

2141 5558 2359 5622 Σίμωνι
2394 5556 2506 5609 δέω
2533 5558 2775 5627 σὰγκτω
2806 5574 2823 5591 ⁸
2877 5559 3124 5613 τουτέστι
3172 5559 3378 5629 Σίμωνι
3402 5559 3506 5629 θεῷ
3550 5559 3730 5629 ἁγίῳ.

2141 5647 2421 5703 Ἐντεῑθεν
2446 5650 2563 5713 θεὸς
2598 5651 2660 5703 οὐ
2695 5652 2857 5721 μόνον
2880 5669 2955 5704 πα
2966 5652 3033 5723 ρὰ
3059 5653 3449 5727 Σαμαρείταις,
3465 5654 3599 5707 ἀλλά
3621 5653 3734 5708 καὶ

2211 5827 2297 5906 (Ξ).
2322 5825 2585 5906 piandius
2606 5839 2813 5906 postea
2839 5828 3093 5901 Agrippae
3122 5831 3329 5902 juniori
3362 5831 3599 5906 Philippi
3631 5836 3730 5891 tuo

2140 5898 2433 5954 trarchiam
2459 5898 2911 5955 Traehonitideni
2932 5898 3225 5959 concessit.
