4046 6440
363 387 470 451 789

1238 380 1273 421 ὐ
1334 394 1945 457 ECCLEstasncm
1985 399 2380 460 Htsronm
2411 401 2562 463 LIB.
2596 401 2681 464 II.

3537 402 3666 463 790“

367 504 428 558 ἐν
486 503 669 568 ἄλλοις
726 504 908 561 ἔθνεσι
957 506 1049 562 καὶ
1096 507 1309 580 πρῶτος
1354 509 1479 576 θεὸς
1534 515 1950 582 προσκυνεῖται.

2066 529 2280 584 quoque
2325 514 2649 572 nationibus
2684 513 2897 584 primus
2928 512 3067 568 deus
3118 510 3344 569 colitur.
3398 512 3545 580 Quin
3584 524 3643 571 et

368 595 482 652 κει
525 596 715 669 Ἑλένη
746 599 803 654 δέ
828 617 910 664 τις
944 604 1507 673 συμπερινοστήσασα
1554 604 1755 674 τούτῳ,
1808 604 1946 676 πρό-

368 703 529 759 τερον
552 687 600 742 δ’
628 689 721 742 ἐπὶ
748 690 842 743 τοῦ
876 690 1070 760 τέγους
1092 693 1353 747 σταθεῖσα
1384 694 1443 748 ἑν
1486 693 1653 765 Τύρῳ
1699 696 1800 765 τῆς
1829 695 1951 748 Φοι-

375 781 555 852 νίκης,
574 778 683 835 τῶν
713 781 845 836 ἴσων
871 782 1020 854 αὑτῷ
1042 784 1288 850 ἀξιοῦται
1321 785 1502 855 γερῶν
1533 804 1547 819 ·
1590 788 1659 857 ἣν
1709 786 1809 858 τὴν
1851 785 1949 840 ἀπ’

377 873 544 928 αὐτοῦ
574 873 803 945 πρώτην
830 875 1041 930 ἔννοιαν
1083 877 1325 946 λέγουσι.
1375 876 1563 931 Ταῦτα
1595 879 1651 931 ἒν
1696 879 1765 947 τῇ
1812 876 1952 946 πρὸς

389 962 705 1018 Ἀντωνῖνον
735 965 878 1037 ὑπὲρ
906 967 1001 1021 τοῦ
1022 966 1148 1021 καθ’
1179 968 1330 1038 ἡμᾶς
1357 968 1634 1038 δόγματος
1676 966 1951 1039 ἀπολογίᾳ

375 1059 405 1110 6
442 1058 499 1112 ὲν
523 1057 763 1129 μάρτυσι
790 1058 1081 1130 φιλόσοφος
1115 1062 1407 1127 Ἰουστῖνος
1438 1061 1663 1125 διέξεισι
1697 1077 1713 1095 ο
1754 1060 1825 1115 τά
1854 1062 1950 1115 ῖσα

374 1147 433 1201 δὲ
464 1149 562 1202 καὶ
612 1150 908 1221 Εἰρηναῖος
943 1153 973 1206 6
1011 1152 1367 1221 Λουγδούνων
1395 1156 1452 1206 ἐν
1507 1152 1585 1224 τῷ
1632 1152 1792 1222 Πρὸς
1844 1153 1952 1220 τὰς

373 1242 638 1310 αἰρέσεις
671 1245 876 1316 πρώτῳ
918 1244 1063 1315 λόγῳ
1095 1245 1288 1309 αὑτοῦ,
1312 1245 1376 1299 οὗ
1396 1246 1533 1300 πολὺ
1581 1246 1690 1299 τῶν
1720 1247 1954 1299 ἀποστόο

375 1335 486 1388 λων
510 1334 729 1407 ὕστεροι
761 1338 1085 1407 γεγονότες·
1120 1337 1249 1410 περὶ
1281 1332 1357 1393 ὧν
1393 1340 1452 1393 ιν
1494 1337 1574 1410 τῷ
1620 1338 1952 1411 προσήκοντι

316 1416 321 1435 ³
376 1428 528 1499 τόπῳ
550 1428 620 1483 τά
645 1429 834 1483 εἰκότα
869 1429 1192 1501 διέλθωμεν.
1216 1431 1405 1505 Πάσης
1438 1432 1536 1502 μὲν
1563 1427 1656 1487 οὖν
1687 1431 1955 1503 αἱρέσεως

376 1520 621 1590 ἀρχηγὸς
663 1521 771 1575 καὶ·
814 1522 1037 1593 πρῶτος
1089 1523 1118 1576 6
1167 1523 1354 1592 Σίμων
1410 1517 1553 1578 εῖναι
1592 1523 1953 1577 πιστεύεταιο

379 1613 439 1679 ἐξ
465 1609 526 1668 οὗ
556 1616 652 1667 καὶ
680 1615 729 1669 οί
762 1616 821 1679 ἐς
865 1615 1027 1685 δεῦρο
1072 1615 1173 1686 τὴν
1225 1617 1391 1670 αὐτοῦ
1442 1617 1721 1689 μετιόντες
1771 1616 1954 1684 δόξαν,

377 1707 478 1775 τὴν
500 1710 754 1777 σώφρονα
781 1710 875 1762 καλ⁵
901 1708 1200 1779 ἀκίϐδηλον
1224 1708 1323 1779 τῆς
1359 1710 1504 1764 κατὰ
1536 1710 1774 1780 Χριστὸν
1807 1709 1958 1779 φιλο-

382 1800 581 1870 σοφίας
627 1799 910 1855 πολιτείαν
951 1801 1395 1873 ὑποκρινόμενοι,
1450 1802 1797 1875 ἀπηλλάχθαι
1854 1804 1958 1867 μὲν

377 1895 479 1963 τῆς
534 1893 662 1965 περι
713 1893 783 1948 τὰ
848 1894 1048 1949 εἴδωλα
1102 1871 1319 1966 πλάνης
1375 1871 1628 1952 δοκοῦσιν
1659 1871 1872 1952 σ”οιδὲν
1899 1898 1957 1951 δὲ
1986 1871 2034 1933 Β

376 1980 542 2057 ἦττον
574 1986 783 2055 ταύτης
809 1988 1155 2058 ἀντέχονται,
1192 1988 1389 2043 εῐδωλα
1436 1991 1532 2044 καὶ
1580 1990 1798 2055 εἰκόνας
1857 1990 1958 2043 αὐ-

378 2079 476 2134 τοῦ
511 2096 574 2133 τε
603 2077 854 2150 Σίμωνος
885 2081 980 2135 καὶ
1025 2081 1247 2151 Ἑλένης
1275 2083 1376 2154 τῆς
1407 2083 1750 2155 δηλωθείσης
1792 2101 1960 2138 σπον-

376 2171 494 2236 δαῖς
524 2171 618 2226 καὶ
649 2171 977 2243 θρησκείαις
1017 2173 1351 2244 θρησκεύειν
1411 2175 1821 2247 ἐπιχειροῦντες
1865 2176 1963 2230 αὐ-

377 2265 533 2327 τούς.
565 2265 646 2319 Τὰ
675 2266 732 2321 δὲ
757 2269 966 2321 τούτων
1002 2266 1424 2339 ἀπορρητότερα
1449 2269 1699 2339 θάμϐους
1719 2269 1797 2333 ὡς
1828 2269 1962 2341 ἀλη-

378 2357 489 2423 θῶς
521 2360 617 2413 καὶ
647 2360 970 2431 ἐκπλήξεως
1000 2363 1189 2433 γέμει,
1213 2362 1440 2417 τοιαῦτά
1472 2380 1541 2432 γε
1570 2363 1722 2424 ὄντα.
1781 2362 1856 2427 ὡς
1885 2364 1959 2434 μὴ

377 2450 619 2520 γραφαῖς
654 2449 813 2503 ἰκανά
841 2449 1083 2504 δίδοσθαι
1102 2447 1246 2505 εἶναι
1283 2467 1298 2484 ⁸
1332 2452 1514 2522 πολλῷ
1558 2469 1624 2522 γε
1659 2453 1768 2524 μὴν
1822 2453 1963 2507 ἐνδεῖ

385 2539 683 2609 σωφρόνων
708 2539 917 2611 χείλεσι
955 2541 1021 2595 δι’
1047 2542 1358 2615 ὑπερϐολὴν
1410 2544 1811 2616 ἀρῥητοποιίας
1859 2544 1961 2598 λαο

384 2631 612 2686 λεῖσθαι.
642 2633 711 2686 ’0
742 2651 795 2687 τι
822 2632 954 2688 ποτὲ
978 2637 1088 2702 γὰρ
1121 2635 1187 2689 ἂν
1224 2631 1284 2707 ᾖ,
1308 2637 1342 2706 ἢ
1371 2636 1711 2707 ἐπινοηθείη,
1759 2638 1963 2702 παντὸς

383 2723 613 2796 αίσχροῦ
651 2724 1186 2798 μιαρώτερον,τοῦτο
1203 2730 1309 2782 πᾶν
1333 2729 1811 2799 ὑπερηκόντισενξή
1821 2729 1962 2784 τῶν-ι

378 2815 836 2890 δεμυσαρωτάτη
896 2821 1132 2889 αἵρεσις,
1182 2822 1306 2884 ταῖς
1351 2820 1569 2885 ἀθλίαις
1619 2823 1718 2876 καὶ
1774 2823 1961 2894 ἀμαρ-

377 2911 531 2976 τίαις
559 2913 1004 2984 σεσωρευμέναις
1026 2912 1278 2982 γυναιξὶν
1323 2913 1727 2983 ὶμπαιζόντων.
1769 2910 1963 2967 Τοιοῦ-

383 3020 477 3058 τον
511 3006 724 3075 πατέρα
770 3005 864 3058 καὶ
918 3005 1163 3076 ἀρχηγὸν
1208 3005 1316 3060 τῶν
1355 3006 1612 3075 μεγάλων
1667 3006 1962 3061 ἀντίπαλον

378 3099 620 3167 Χριστοῦ
685 3098 948 3169 μαθητῶν
991 3098 1157 3159 εὐθὺς
1208 3099 1304 3150 καὶ
1355 3100 1420 3152 ὲκ
1455 3099 1762 3170 προοιμίων
1794 3101 1826 3169 ἡ
1860 3099 1961 3169 τῆς

2055 607 2263 662 Helena
2295 607 2371 677 (l)
2411 608 2662 678 quaedam
2688 604 3060 676 comos'ejus,
3095 621 3220 676 qua:
3250 604 3380 677 Tyri
3417 606 3645 662 Phoeni-

2057 713 2206 765 cum,
2251 708 2378 757 ante
2409 700 2513 754 hac
2538 699 2592 754 in
2620 697 2877 770 lupanari
2897 713 3132 769 corpore
3166 699 3465 769 prostituto
3493 714 3644 769 qua:—

2057 799 2203 847 stum
2233 791 2463 857 fecerat,
2494 807 2682 862 parem
2714 807 2839 846 cum
2877 806 2943 847 eo
2983 794 3250 846 honorem
3303 799 3599 846 consecuta
3628 831 3643 855 ,

2056 884 2250 954 prima:
2272 885 2471 939 mentis
2496 899 2696 938 nomen
2717 883 2954 939 obtinet.
2986 881 3110 937 Haec
3133 883 3211 937 sic
3237 876 3289 936 in
3323 884 3654 938 defensione-

2057 974 2418 1044 professionis
2434 984 2634 1030 nostra:
2650 974 2716 1030 ad
2734 976 3069 1030 Antoninum
3092 974 3452 1045 philosophus
3475 974 3648 1030 idem-

2059 1081 2168 1138 que
2198 1076 2408 1139 martyr
2430 1060 2690 1123 Justinus
2719 1076 3145 1122 commemorat.
3181 1067 3395 1130 Quibus
3443 1068 3646 1121 similia

2060 1173 2282 1229 quoque
2312 1159 2511 1214 scribit
2545 1159 2600 1213 in
2634 1160 2814 1229 primo
2840 1175 2938 1215 suo
2963 1159 3166 1216 Contra
3217 1162 3438 1214 ἡαπ-θεας
3499 1160 3645 1213 libro

2059 1249 2297 1307 lrenmus
2334 1250 2724 1323 Lugdunensis
2771 1253 3087 1324 episcopus.
3150 1253 3401 1323 Uterque
3455 1262 3638 1307 autem

2062 1357 2173 1397 non
2204 1342 2365 1413 longe
2407 1354 2527 1415 post
2559 1345 2937 1415 apostolorum
2968 1355 3214 1417 tempora
3234 1347 3407 1400 vixit:
3434 1348 3500 1400 de
3518 1345 3645 1415 qui-

2062 1433 2168 1491 bus
2199 1450 2299 1490 suo
2329 1435 2476 1501 loco,
2504 1452 2626 1507 quae
2655 1453 2756 1508 par
2796 1448 2904 1505 est,
2936 1453 3298 1510 exponemus.
3342 1437 3643 1491 Ha‘resium

2061 1542 2231 1597 porro
2256 1525 2505 1582 omnium
2539 1528 2651 1583 dux
2679 1537 2732 1585 et
2758 1530 3018 1601 princeps
3036 1530 3223 1586 Simon
3251 1531 3355 1585 iste
3387 1531 3642 1584 habetur.

2069 1618 2225 1675 Unde
2255 1618 2310 1674 in
2344 1620 2680 1676 hodiernum
2709 1637 2887 1693 usque
2919 1623 3088 1686 diem,
3121 1623 3215 1693 qui
3253 1624 3374 1694 ejus
3400 1630 3530 1675 sunt
3553 1636 3643 1676 se-

2064 1719 2165 1766 ctze
2193 1719 2250 1765 et
2287 1712 2567 1782 Opinionis
2599 1713 2700 1785 (2),
2755 1715 3024 1779 sobrium,
3067 1714 3225 1786 155
3281 1724 3338 1770 et
3365 1714 3642 1769 sincerum

2063 1802 2393 1860 Christianas
2449 1804 2817 1876 philosophiae
2855 1807 3170 1862 institutum
3231 1812 3451 1877 egregie
3505 1806 3645 1861 assi-

2060 1896 2360 1961 mulantes,
2402 1898 2760 1954 renuntiasse
2784 1898 3011 1969 quidem
3039 1897 3313 1953 idolorum
3347 1896 3525 1951 errori
3562 1896 3645 1949 vi-

2060 1988 2292 2045 dentur:
2326 1989 2692 2046 nihilominus
2725 2000 2910 2046 tamen
2962 2006 3085 2046 eam
3120 1990 3363 2045 retinere
3413 1999 3654 2044 conten,-

2060 2079 2220 2147 duut,
2263 2080 2559 2137 simulacra
2610 2090 2668 2137 et
2716 2081 2987 2153 imagines
3037 2080 3280 2137 Simonis
3318 2089 3375 2136 et
3427 2079 3649 2135 Helena

2061 2171 2223 2227 istius
2256 2173 2554 2243 erigentes,
2582 2172 3055 2244 libationibusque
3084 2183 3141 2229 et
3170 2172 3514 2229 caeremoniis
3537 2187 3635 2227 eos

2063 2264 2252 2319 colere
2283 2264 2598 2320 studentes.
2624 2264 2833 2321 Horum
2864 2280 2955 2322 res
2974 2265 3319 2336 turpissimae
3366 2271 3661 2332 stuporem

2060 2364 2118 2412 et
2169 2358 2682 2413 consternationem
2746 2359 2952 2414 mentis
3008 2358 3335 2414 hominibus
3384 2357 3646 2412 atl‘erunt.

2062 2447 2275 2519 Quippe
2316 2462 2438 2519 quae
2473 2448 2610 2505 tales
2666 2449 2800 2515 sint,
2850 2457 2914 2504 ut
2943 2458 3155 2505 tantum
3207 2449 3353 2504 absit
3392 2458 3453 2503 ut
3507 2448 3651 2517 ston

2063 2539 2285 2608 scriptis
2312 2549 2460 2596 recte
2493 2541 2747 2597 mandari
2775 2541 3012 2612 possint,
3054 2549 3117 2597 ut
3146 2548 3375 2612 propter
3398 2539 3651 2594 obscenae
3716 2576 3717 2579 η

2061 2631 2328 2693 foeditatis
2356 2633 2802 2698 exuberantiam,
2842 2634 3057 2689 nullum
3095 2644 3190 2689 eas
3219 2631 3534 2688 modestum
3593 2636 3652 2683 et

2061 2726 2324 2796 pudicum
2356 2740 2420 2790 os
2454 2727 2771 2797 eloquatur.
2809 2725 3093 2797 Quidquid
3127 2727 3279 2782 enim
3311 2731 3532 2780 exstare
3554 2732 3653 2778 aut

2062 2814 2401 2885 cogitatione
2431 2816 2651 2887 concipi
2686 2825 2891 2887 potest,
2913 2817 3061 2886 quod
3086 2814 3434 2886 turpitudine
3458 2812 3653 2883 quavis

2061 2909 2135 2964 sit
2165 2909 2459 2979 impurius,
2516 2907 2589 2965 id:
2606 2924 2770 2964 omne
2816 2909 3043 2964 haeresis
3096 2908 3199 2963 ista
3236 2908 3487 2963 omnium
3527 2919 3651 2959 sce-

2061 3002 2357 3056 lestissima
2398 3008 2564 3071 atque
2604 3000 3003 3055 nefandissima
3039 3000 3352 3062 hominum,
3410 2996 3505 3066 qui
3542 2997 3652 3050 mi-

2063 3095 2203 3150 seris
2257 3103 2314 3149 et
2372 3093 2611 3164 peccatis
2670 3094 2918 3151 oneratis
2978 3092 3326 3148 mulierculis
3381 3089 3648 3155 illudunt,

377 3190 490 3244 τῶν
520 3190 829 3259 ἀνθρώπων
858 3189 1134 3260 σωτηρίας
1161 3190 1451 3254 ἐπίϐουλος
1481 3192 1578 3245 καὶ
1609 3191 1824 3263 πονηρά
1870 3192 1963 3244 δύο

2066 3187 2225 3257 longe
2252 3190 2555 3257 superavit.
2585 3186 2824 3241 Tantum
2886 3194 3203 3257 parentem,
3239 3195 3544 3247 auctorem,
3597 3191 3655 3237 et

380 3299 547 3352 ναμις
584 3282 941 3349 προεϐάλετο.
986 3282 1128 3335 Ἀλλ’
1170 3283 1202 3353 ἡ
1249 3281 1368 3336 θεία
1401 3282 1561 3353 χάρις
1613 3284 1710 3337 καὶ
1753 3283 1965 3354 ἄμαχος

380 3375 613 3447 δύναμις
634 3377 748 3439 τοῖς
777 3375 992 3444 ἐκείνης
1042 3375 1312 3438 διακόνοις
1358 3379 1425 3446 τῇ
1488 3374 1642 3443 σφῶν
1687 3376 1964 3448 παρουσίᾳ

379 3469 481 3537 τὴν
510 3468 622 3522 τῶν
648 3467 838 3521 κακῶν
864 3468 1043 3536 φλόγα
1094 3467 1376 3538 πανταχοῦ
1431 3467 1801 3538 ῥιπιζομένην
1844 3468 1969 3521 ὅσον

381 3561 548 3630 τάχος
578 3560 858 3624 ὲσϐέννυε,
897 3560 1005 3612 πᾶν
1045 3557 1248 3628 ὕψωμα
1271 3558 1640 3627 ἐπαιρόμενον
1670 3558 1816 3612 κατὰ
1864 3557 1968 3626 τῆς

387 3652 639 3721 γνώσεως
667 3651 762 3705 τοῦ
788 3651 925 3706 Θεοῦ
956 3651 1296 3706 ταπεινοῦσα
1343 3651 1439 3705 καὶ
1480 3651 1964 3723 καταῤῥίπτουσα.

387 3744 478 3796 Διὸ
528 3745 620 3798 καὶ
661 3742 819 3797 οὐδέν
876 3760 927 3796 τι
987 3742 1099 3797 τῶν
1145 3743 1268 3797 κατ’
1316 3742 1560 3806 ἐκείνους
1622 3741 1968 3810 ὲπιφυέντων

380 3834 508 3897 τοὺς
533 3835 759 3905 χρόνους
789 3834 871 3898 εἰς
901 3833 1203 3888 ὑπόστασιν
1236 3834 1426 3905 ἦγετο.
1450 3835 1525 3887 Τὸ
1564 3834 1673 3903 γὰρ
1707 3833 1810 3905 τῆς
1839 3834 1970 3905 ἀλη-

387 3923 539 3988 θείας
626 3925 828 3993 φέγγος
908 3925 1204 3994 ὑπερφυῶς
1263 3924 1487 3995 λάμπον
1542 3923 1966 3994 ὲξήστραπτεν·

383 4017 679 4088 οὐρανόθεν
704 4034 766 4070 τε
789 4018 921 4089 ἄρτιι
945 4016 1223 4085 αὐγάζων,
1245 4017 1478 4086 ἀκμαῖὸς
1504 4034 1590 4079 τις
1608 4011 1676 4090 ἦν
1703 4017 1798 4071 καὶ
1830 4018 1971 4073 ἀκαο

385 4110 723 4180 ταγὼνιστος
775 4114 802 4165 6
854 4111 1034 4179 λόγος,
1083 4114 1152 4182 τῇ
1200 4110 1312 4163 τῶν
1357 4111 1676 4165 ἀποστόλων
1718 4110 1969 4182 πολιτείᾳ

383 4203 800 4279 διαφαινόμενος
829 4216 844 4232 ⁸
885 4203 1012 4255 ὅθεν
1045 4203 1139 4256 καὶ
1166 4202 1194 4254 6
1226 4202 1524 4273 εἰρημένος
1552 4204 1705 4273 γόης,
1749 4204 1968 4275 πρῶτον

386 4298 481 4349 ἐπὶ
524 4294 785 4356 Ἰουδαίας
808 4294 948 4365 πρὸς
991 4293 1084 4347 τοῦ
1123 4293 1268 4348 θείου
1309 4295 1522 4367 Πέτρου
1565 4295 1642 4358 ὡς
1700 4296 1763 4348 ἔκ
1821 4312 1969 4361 τινος

389 4388 701 4456 κρείττονος
724 4385 921 4455 αἴγλης
943 4385 1043 4448 τάς
1081 4386 1182 4456 τῆς
1207 4387 1449 4450 διανοίας
1491 4387 1659 4457 κόρας
1705 4387 1965 4457 πληγεὶς,

386 4474 653 4544 πρίασθαι
682 4474 785 4543 τὴν
814 4474 974 4543 χάριν
999 4476 1026 4527 ό
1047 4473 1279 4535 δείλαιος
1304 4474 1535 4542 οἰηθεὶς,
1561 4473 1839 4545 μεγίστην
1869 4474 1967 4528 καὶ

2073 3279 2293 3344 ducem,
2318 3279 2696 3335 adversarium
2726 3278 2941 3349 magnis
2967 3278 3177 3332 Christi
3202 3276 3516 3347 discipulis,
3538 3275 3652 3346 jam

2072 3371 2202 3426 inde
2229 3373 2296 3426 ab
2330 3372 2488 3427 initio
2517 3371 2771 3426 humanae
2817 3370 3012 3425 salutis
3059 3368 3376 3425 insidiatrix
3429 3376 3652 3422 versuta

2070 3464 2164 3517 illa
2194 3464 2274 3518 vis
2302 3464 2526 3533 objecit.
2560 3466 2631 3518 At
2657 3465 2842 3518 divina
2871 3478 2901 3519 e
2933 3463 3158 3518 diverso
3178 3462 3356 3533 gratia
3404 3470 3462 3515 et
3495 3462 3656 3515 ines-

2070 3556 2386 3626 pugnabilis
2416 3550 2616 3620 virtus,
2653 3555 2925 3621 ministris
2955 3555 3072 3624 ipsa
3110 3555 3225 3609 suis
3268 3552 3464 3610 sedulo
3518 3552 3657 3607 assi-

2068 3658 2240 3716 stens,
2277 3657 2555 3703 tantorum
2587 3648 2861 3702 malorum
2898 3647 3076 3701 facem
3109 3646 3312 3716 ubique
3334 3643 3653 3699 incendium

2071 3749 2442 3810 spargentem,
2479 3755 2646 3809 quam
2676 3739 2969 3795 celerrime
2999 3739 3284 3804 exstinxit,
3341 3737 3657 3792 sublimita-

2073 3842 2181 3889 tem
2208 3848 2434 3888 omnem
2464 3844 2589 3903 quae
2621 3844 2681 3888 se
2709 3832 2981 3888 adversus
3009 3830 3386 3902 cognitionem
3419 3828 3517 3883 Dei
3570 3828 3657 3883 ef-

2071 3920 2262 3991 ferret,
2321 3927 2608 3999 disjiciens
2659 3936 2828 3998 atque
2890 3924 3274 3997 pessumdans.
3308 3923 3657 3993 Quapropter

2069 4017 2207 4072 nihil
2235 4032 2429 4073 eorum
2471 4032 2595 4088 qua:
2622 4024 2737 4072 tum
2766 4016 3033 4086 temporis
3068 4030 3418 4071 succrescere
3466 4026 3654 4083 θαιρο-

2072 4098 2204 4165 runt
2232 4110 2528 4175 malorum,
2560 4109 2626 4164 ad
2648 4118 2858 4165 statum
2891 4118 2948 4163 et
2980 4107 3223 4179 vigorem
3257 4121 3420 4161 suum
3453 4119 3654 4175 perve-

2071 4205 2174 4260 nit.
2211 4205 2471 4261 Veritatis
2497 4204 2645 4259 enim
2670 4202 2845 4273 ipsius
2871 4201 2986 4268 lux,
3012 4199 3245 4255 miriﬁce
3271 4197 3654 4269 resplendens,

2071 4296 2400 4354 coruscabat
2423 4303 2501 4358 ,et
2530 4308 2729 4350 recens
2754 4293 2976 4349 caelitus
3006 4292 3262 4347 relucens
3299 4288 3665 4344 ineluctabile-

2070 4388 2292 4459 vigebat
2325 4387 2578 4451 verbum,
2608 4386 2982 4455 apostolorum
3014 4383 3382 4439 concionibus
3409 4389 3467 4436 et
3496 4382 3655 4435 iusti-

2073 4481 2209 4536 tutis
2230 4479 2407 4550 magis
2428 4478 2712 4548 magisque
2735 4478 3105 4533 invalescens.
3161 4475 3401 4531 Proinde
3438 4483 3496 4528 et
3538 4489 3659 4528 rna-

386 4567 755 4637 ὑπερπόντιον
782 4566 1012 4637 πορείαν
1037 4566 1280 4636 ἀπάρας.
1309 4567 1375 4618 ὲκ
1411 4565 1514 4636 τῆς
1545 4567 1662 4621 Ἐω
1691 4567 1829 4638 πρὸς
1860 4570 1964 4619 Δυ-

2072 4594 2172 4650 gus
2201 4577 2329 4645 iste,
2364 4576 2593 4648 gratiam
2630 4575 2798 4630 miser
2833 4574 3080 4629 Venalem
3142 4587 3265 4628 esse
3307 4571 3650 4635 existimans,

388 4660 535 4729 σμάς
569 4658 792 4730 ἐχώρει.
820 4656 1307 4728 Προκατασχὼνδὲ
1334 4657 1435 4726 τὴν
1473 4658 1765 4728 Ῥωμαίων
1790 4658 1970 4722 πόλιν,

390 4753 654 4822 συνήργει
686 4752 742 4805 δὲ
766 4752 877 4822 ἄρα
910 4750 1062 4821 αὐτῷ
1086 4752 1157 4804 τὰ
1181 4750 1417 4819 μέγιστα
1440 4751 1538 4803 καὶ
1581 4752 1614 4822 ή
1665 4752 1848 4805 ἐκεῖσε
1872 4766 1973 4805 κα-

384 4845 663 4913 τάρχουσα
688 4842 931 4909 ἐξουσία,
961 4843 1020 4896 ἑν
1069 4837 1263 4914 βραχεῖ
1285 4840 1542 4896 τοσοῦτον
1575 4841 1725 4913 αὑτῷ
1744 4843 1815 4896 τὰ
1836 4838 1973 4914 πρὸς

286 4938 301 4943 ’
391 4934 589 5001 βουλῆς
620 4936 970 5005 ἐπεραίνετο,
1005 4933 1081 4998 ὡς
1111 4936 1297 4988 πᾶσαν
1331 4935 1482 5005 αὐτῷ
1512 4935 1613 5005 τὴν
1662 4936 1820 4991 πόλιν
1866 4936 1972 4990 ὑπὸ

390 5029 551 5097 χεῖρα
585 5027 777 5082 θέσθαι
808 5030 931 5091 ταῖς
969 5028 1361 5098 μαγγανείαις,
1411 5028 1509 5081 καὶ
1566 5028 1842 5098 ἀναθέσει,
1893 5029 1970 5096 ὥς

386 5137 450 5189 γε
484 5120 727 5191 είρηται,
760 5120 1109 5189 ἀνδριάντος,
1139 5114 1228 5174 οἷα
1260 5119 1383 5191 θεῷ
1420 5122 1517 5174 καὶ
1550 5120 1702 5192 αὑτῷ
1739 5123 1808 5175 τὰ
1868 5123 1970 5194 τῆς

386 5212 645 5283 λατρείας
675 5212 956 5281 ἀφοσιοῦν.
1000 5212 1265 5267 Ἀλλ⁸οὒκ
1310 5214 1391 5277 είς
1443 5212 1663 5282 μακρὰν
1715 5213 1974 5269 ἀπώνατο

387 5306 487 5375 τῆς
517 5306 760 5378 ἀπάτης.
805 5307 933 5359 Ἐπὶ
962 5306 1071 5376 γὰρ
1100 5307 1200 5376 τῆς
1231 5306 1402 5376 αὐτῆς
1439 5307 1740 5378 βασιλείας,
1788 5307 1969 5361 Κλαύ-

388 5396 501 5460 διος
538 5398 596 5450 δὲ
634 5399 744 5469 ἄρα
765 5393 854 5470 ἦν,
892 5398 926 5468 ἡ
952 5398 1023 5451 τὰ
1059 5399 1239 5452 πάντα
1283 5399 1461 5467 σοφῶς
1510 5397 1604 5451 καὶ
1662 5416 1699 5468 φ
1722 5397 1970 5468 λανθρώ-

312 5532 329 5541 -
390 5504 509 5551 πως
541 5489 866 5558 διεξάγουσα
896 5489 1132 5560 πρόνοια
1184 5489 1276 5542 τὸν
1313 5489 1602 5560 πρόμαχον
1658 5490 1754 5544 καὶ
1807 5490 1973 5543 οἱονεὶ

391 5579 614 5650 ἀρραγῆ
642 5578 741 5650 τῆς
788 5579 1027 5642 πίστεως
1075 5578 1365 5648 πρόϐολον,
1419 5579 1511 5632 τὸν
1554 5579 1758 5651 ἀρετῆς
1806 5579 1974 5633 ἔνεκα

469 5718 543 5784 (1)
573 5716 834 5772 Nonnulli
869 5716 1012 5773 hanc
1041 5717 1194 5773 Selcn
1223 5727 1440 5774 vocant.

464 5788 542 5858 (2)
576 5786 812 5859 llzeresis
854 5788 1098 5844 Simonis
1142 5789 1493 5859 spurcissima
1535 5797 1591 5844 et
1639 5789 1962 5851 foedissima,

394 5875 513 5930 quae
540 5858 748 5914 Christi
791 5861 1015 5916 nomine
1053 5858 1313 5930 tanquam
1356 5860 1669 5916 obtentuet
1700 5869 1969 5932 praetextu

2068 4669 2308 4739 primum
2330 4668 2385 4721 in
2415 4666 2599 4722 Iudaea
2639 4680 2667 4718 a
2692 4664 2824 4719 divo
2855 4664 3046 4728 Petro,
3081 4670 3347 4731 tanquam
3381 4660 3505 4715 luce
3537 4659 3658 4714 cla-

2069 4760 2242 4827 riore,
2291 4759 2492 4814 mentis
2537 4758 2729 4814 oculos
2775 4757 3135 4827 perstrictus,
3176 4753 3415 4807 maxima
3479 4763 3657 4819 eaque

2068 4848 2346 4905 maritima
2375 4848 2723 4920 profectione
2781 4853 3065 4916 suscepta,
3117 4859 3195 4899 ex
3220 4844 3447 4898 Oriente
3492 4842 3657 4897 Occi-

2069 4943 2291 4999 dentem
2321 4956 2518 4999 versus
2540 4942 2760 5012 migrat,
2786 4943 3204 5008 Romanamque
3225 4937 3418 4992 urbem
3451 4950 3659 5006 praeoc-

2071 5043 2254 5103 cupat.
2289 5032 2469 5102 Atque
2502 5033 2579 5086 ibi
2600 5048 2735 5087 cum.
2759 5032 2955 5101 emptis
2984 5033 3106 5103 ejus
3132 5030 3370 5084 maxime
3396 5041 3654 5097 suprmna

2071 5122 2368 5178 inserviret
2388 5131 2661 5191 potestas,
2696 5122 2850 5178 brevi
2881 5121 3655 5188 admodum-temporeusque

2073 5216 2212 5271 adeo
2235 5230 2325 5269 res
2353 5230 2421 5269 ex
2456 5216 2731 5271 sententia
2789 5215 3120 5279 succedunt,
3179 5219 3239 5266 ut
3265 5226 3389 5265 cum
3436 5208 3538 5263 sibi
3575 5207 3657 5262 in-

2077 5307 2484 5363 cantationibus
2501 5318 2555 5363 et
2584 5306 2874 5378 praestigiis
2904 5314 3072 5362 totam
3091 5303 3415 5359 conciliaret
3436 5301 3655 5355 urbem:

2080 5406 2194 5452 tum
2243 5407 2422 5453 statua
2459 5400 2658 5468 posita,
2713 5406 2775 5454 ut
2809 5397 3019 5452 dictum
3072 5404 3176 5460 est,
3219 5394 3390 5449 divini
3432 5392 3497 5446 ei.
3535 5401 3656 5444 tan-

2079 5505 2244 5560 quam
2271 5491 2384 5545 Deo
2435 5490 2838 5546 exhiberentur
2886 5491 3068 5544 cultus
3119 5496 3177 5543 et
3223 5489 3485 5541 honores.
3546 5482 3657 5538 Sed

2080 5583 2230 5637 enim
2261 5596 2369 5637 non
2400 5580 2498 5637 diu
2556 5581 2637 5636 illi
2689 5580 2884 5644 fraude
2913 5596 2979 5637 ea
3026 5581 3106 5635 uti
3156 5592 3482 5635 concessum
3531 5583 3654 5630 est:

2078 5723 2317 5849 {utetiam
2351 5723 2418 5780 ad
2465 5723 2668 5797 ﬂagitia
2711 5730 2766 5779 et
2798 5720 3003 5792 probra
3050 5718 3233 5776 omnia
3263 5717 3495 5791 tegenda
3521 5715 3660 5773 abu-

2102 5810 2131 5849 (ι
2173 5810 2201 5849 a
2233 5811 2317 5849 ur.

2102 5810 2317 5851 (κοιλιην.
