4046 6422
350 392 456 459 795

1579 388 2010 450 NlCEPIIORI
2055 389 2276 449 CALLI
2289 387 2409 449 STI

2719 343 2809 351 ὀυ’
2844 340 3176 359 -θκν-η-ν--νφκ

3436 402 3450 413 ·
3530 390 3637 454 796

353 516 535 562 autem
576 505 642 561 ad
683 504 942 561 tenebras
970 506 1248 576 pertinere
1286 519 1400 569 eas,
1433 519 1555 573 qua:
1591 503 1656 557 ad
1688 518 1939 556 necessa-

2068 506 2156 572 ιὴν
2188 504 2300 556 τῶν
2326 502 2492 574 ἱερῶν
2513 500 2811 574 ἐξηγήσεις
2839 501 3041 571 λογίων
3074 502 3133 557 ὲν
3162 470 3515 575 ἀλληγορίαις
3543 508 3641 560 αὐ-

356 602 503 655 rium
559 601 813 670 corporis
860 615 1020 654 usum
1074 609 1394 659 sumuntur,
1450 612 1614 651 curas
1660 595 1937 667 iudicant.

359 694 504 747 Sunt
551 703 736 747 autem
767 694 860 762 qui
905 699 1029 761 post
1067 699 1181 745 tres
1224 698 1317 743 aut
1350 690 1536 758 plures
1564 689 1684 743 dies
1717 688 1941 741 demum

359 787 473 842 cibi
507 787 960 843 reminiscuntur,
997 783 1200 852 quibus
1232 783 1484 837 videlicet
1517 782 1693 852 major
1738 779 1945 834 doctri-

359 895 446 933 na:
492 880 633 932 inest
678 877 973 943 cupiditas.
1027 875 1287 930 Nonnulli
1325 875 1491 928 etiam
1541 876 1612 929 ita
1663 874 1943 937 lmtantur,

290 1014 297 1019 .
362 971 685 1039 deliciisque
718 970 948 1023 amuunt
982 970 1128 1023 circa
1178 968 1463 1038 sapientize
1502 966 1717 1036 epulas,
1768 964 1945 1036 pluri-

362 1079 480 1118 mas
519 1062 939 1131 suppeditantes
967 1050 1270 1122 doctrinas,
1307 1067 1365 1111 ut
1402 1057 1743 1127 duplicatum
1778 1057 1947 1110 etiam

344 1156 414 1208 'id
446 1166 658 1223 tempus
694 1169 752 1207 se
772 1154 1109 1214 abstineant,
1139 1161 1194 1206 et
1226 1160 1381 1205 sexto
1414 1151 1501 1204 vix
1533 1148 1623 1204 (lie
1650 1149 1717 1202 de
1751 1163 1948 1202 neces-

363 1248 510 1299 sario
543 1246 807 1296 alimento
864 1243 1199 1311 participare
1248 1239 1663 1303 consueverint.
1719 1237 1951 1307 ExpOsi-

366 1336 545 1391 tiones
581 1352 748 1404 porro
793 1349 1076 1389 sacrorum
1128 1336 1479 1389 oraculorum
1529 1350 1625 1401 per
1660 1331 1951 1401 allegorias

366 1445 596 1482 arcanas
628 1429 986 1499 occultasque
1036 1429 1359 1492 sententias,
1408 1436 1463 1482 et
1515 1441 1788 1495 anagogas
1835 1425 1951 1479 sive

368 1525 856 1590 contemplatrices
913 1531 969 1575 et
1034 1522 1293 1593 mysdcas
1350 1519 1740 1588 intelligentias
1794 1515 1953 1570 insti-

369 1621 553 1667 tuunt.
592 1612 846 1667 Studium
873 1611 1169 1680 siquidem,
1198 1624 1250 1664 et
1284 1610 1440 1672 quasi
1472 1609 1558 1662 lex
1591 1604 1953 1677 philosopho-

369 1722 492 1759 rum
532 1706 763 1760 istorum
800 1703 1064 1758 animanti
1107 1702 1387 1773 persimile
1420 1710 1525 1764 est,
1560 1700 1720 1766 cujus
1752 1713 1956 1767 corpus

369 1800 516 1854 nuda
543 1799 707 1854 verba
744 1799 875 1860 sint,
913 1798 1094 1851 anima
1133 1808 1315 1850 autem
1351 1794 1642 1849 abstrusus
1669 1793 1723 1847 in
1761 1792 1870 1846 illis
1899 1798 1955 1847 et

370 1891 665 1946 invisibilis
693 1906 904 1947 sensus.
939 1890 1079 1945 Sunt
1118 1903 1340 1959 quoque
1373 1886 1516 1957 apud
1547 1901 1644 1941 eos
1672 1894 1725 1939 et
1760 1884 1953 1939 mulie-

368 2003 459 2042 res
490 1986 770 2048 solirariae,
806 1983 1214 2055 θεραπευτίδες,
1240 1983 1343 2037 hoc
1373 1992 1457 2035 est
1480 1980 1742 2035 cultrices
1771 1977 1955 2041 dictae,

369 2096 493 2152 quae
530 2096 741 2136 sacram
777 2080 915 2135 hanc
945 2080 1114 2134 vitam
1161 2085 1216 2133 et
1260 2075 1575 2132 institutum
1607 2082 1893 2130 sectantur
1938 2091 1953 2128 :

367 2189 603 2242 quarum
662 2174 940 2243 pleraeque
1000 2174 1245 2225 modesta
1299 2178 1356 2224 et
1410 2168 1597 2222 sobria
1661 2174 1957 2221 senectute

370 2273 602 2325 ornatae,
632 2263 931 2332 puritatem
968 2270 1026 2316 et
1057 2259 1429 2329 virginitatem
1462 2274 1570 2312 non
1602 2256 1956 2319 necessitate,

371 2355 468 2409 sed
505 2362 810 2423 spontanea
846 2350 1015 2406 animi
1049 2349 1423 2406 desdnatione
1457 2348 1681 2412 colunt;
1719 2344 1958 2399 nullam-

369 2464 480 2517 que
519 2447 765 2515 corporis
804 2445 1145 2514 voluptatum
1190 2457 1379 2498 curam
1412 2449 1507 2494 aut
1543 2440 1817 2494 rationem
1859 2438 1960 2492 ha-

371 2538 594 2596 bentes.
617 2552 728 2592 non
754 2536 1091 2596 mortalium,
1113 2531 1208 2589 sed
1238 2531 1630 2587 immortalium
1658 2531 1959 2585 liberorum

372 2632 775 2703 gignendorum
817 2629 1175 2699 cupiditatem
1217 2627 1493 2691 obtinent,
1524 2624 1717 2694 quales
1749 2622 1960 2677 liberos

374 2726 491 2781 sola
528 2741 597 2780 ex
631 2725 808 2794 seipsa
842 2723 937 2777 Dei
972 2737 1162 2775 amans
1201 2720 1382 2774 anima
1422 2732 1716 2790 procreare
1755 2725 1958 2787 potest.

374 2818 577 2873 Verum
605 2818 887 2872 enimvero
921 2831 1045 2869 cum
1074 2814 1185 2869 duo
1219 2813 1329 2868 sint
1377 2811 1665 2867 hominum
1706 2811 1829 2864 vitae
1862 2810 1962 2863 in—

377 2909 553 2964 stituti
586 2925 784 2979 genera
822 2927 834 2963 :
874 2908 1041 2961 unius
1076 2907 1363 2967 nimirum.
1401 2905 1631 2982 ejusque
1678 2903 1964 2957 inferioris

379 3003 683 3073 coniugalis
732 3000 1157 3058 consuetudinis
1205 3019 1219 3053 :
1266 2998 1494 3053 alterius
1537 3004 1725 3052 autem
1764 3012 1963 3061 super-

381 3095 675 3150 mundante
712 3104 769 3150 et
800 3094 1079 3165 angelicm,
1120 3093 1233 3147 Deo
1262 3090 1519 3145 videlicet
1550 3089 1766 3144 dilectae
1797 3089 1966 3159 virgi-

381 3188 595 3255 nitatis,
644 3204 707 3243 ac
750 3188 1008 3243 solitariae
1059 3185 1412 3256 puriorisque
1464 3184 1959 3238 conversationis:

386 3283 431 3335 si
467 3282 591 3350 quis
620 3280 926 3353 legitimum
964 3296 1028 3335 ac
1072 3280 1420 3349 impollutum
1467 3276 1736 3347 sequatur
1767 3275 1961 3329 matri-

383 3375 651 3437 monium,
678 3374 840 3444 longe
868 3373 959 3427 ille
998 3372 1218 3441 quidem
1253 3387 1281 3425 a
1310 3370 1739 3446 reprehensione
1774 3368 1955 3432 abest,

384 3466 482 3520 sed
523 3468 785 3535 pauciora
820 3467 881 3520 ei
932 3466 1265 3534 contingunt
1311 3464 1643 3518 charismata
1698 3473 1754 3516 et
1793 3460 1962 3516 dona.

386 3558 584 3621 Sobrie
617 3559 763 3613 enim
796 3558 1105 3627 pudiceque
1139 3567 1193 3609 et
1223 3557 1269 3610 is
1298 3556 1483 3610 vivere
1516 3556 1740 3621 dicitur,
1785 3566 1842 3609 et
1873 3552 1968 3607 tri-

386 3651 676 3723 gecuplum
724 3650 942 3704 virtutis
993 3649 1100 3703 fert
1157 3648 1419 3712 fructum,
1468 3647 1765 3702 difﬁculter
1812 3657 1964 3702 certe

386 3746 609 3813 quidem
643 3742 1085 3810 sexagecuplum.
1120 3739 1280 3809 159
1308 3739 1406 3794 Cui
1441 3756 1572 3793 vero
1603 3741 1822 3794 sincere
1863 3754 1967 3793 an-

386 3831 613 3901 gelicam
649 3830 814 3883 vitam
848 3829 1043 3898 degere
1071 3829 1144 3883 sit
1174 3829 1385 3890 datum,
1411 3830 1575 3883 etiam
1605 3829 1648 3882 si
1685 3845 1749 3883 ea
1776 3845 1968 3897 aspera

385 3924 459 3979 sit
484 3934 536 3977 et
563 3923 756 3985 ardua,
792 3921 951 3976 facile
987 3931 1170 3975 tamen
1204 3920 1253 3975 ei
1301 3921 1463 3974 fuerit
1509 3922 1967 3991 sexagecuplum,

386 4026 552 4085 atque
573 4016 736 4069 etiam
766 4016 1083 4083 centuplum
1110 4013 1254 4067 ferre
1280 4012 1547 4079 fructum,
1577 4023 1731 4069 certo
1759 4014 1971 4069 scilicet

390 4108 460 4163 ad
510 4108 896 4176 pertectionem
950 4116 1004 4160 et
1054 4120 1330 4162 summum
1380 4106 1586 4161 bonum
1640 4108 1965 4162 collimanti.

391 4201 610 4270 Scripta
646 4209 827 4255 autem
864 4200 929 4254 iis
952 4196 1073 4254 esse
1101 4199 1236 4253 dicit
1275 4206 1549 4264 Veterum,
1583 4200 1678 4269 qui
1716 4210 1972 4256 auctores

387 4303 446 4350 et
486 4292 659 4349 duces
706 4291 1068 4363 professionis
1117 4307 1309 4347 eorum
1361 4293 1646 4358 exstitere,
1688 4302 1744 4348 et
1800 4295 1972 4350 multa

390 4396 745 4441 monumenta
778 4384 915 4440 ideae
948 4393 1004 4487 εδ
1030 4385 1219 4439 formae
1257 4385 1377 4455 ejus
1407 4400 1531 4455 qua:
1560 4387 1840 4457 allegoriis
1873 4389 1973 4441 de—

388 4475 627 4530 lectatur
651 4485 773 4545 post
793 4491 853 4531 se
884 4475 1256 4544 reliquerunt,
1289 4477 1539 4531 virorum
1570 4494 1585 4530 :
1616 4478 1683 4531 iis
1709 4478 1786 4532 illi
1813 4480 1971 4549 quasi

2049 601 2164 662 τοῖς
2193 598 2261 653 δι’
2288 599 2563 651 ὑπονοιῶν
2586 600 2680 652 xui.
2705 599 3022 669 ἀναγωγαῖς
3044 600 3269 655 ἐννοιῶν
3294 603 3640 658 κατασκευά-

2049 691 2256 758 ζονται.
2303 692 2367 747 Ἦ
2419 693 2530 765 γὰρ
2567 694 2865 762 νομοθεσία
2920 695 3036 758 τοῖς
3069 694 3385 763 φιλοσόφοις
3426 694 3639 759 τούτοις

2050 786 2177 857 ζώῳ
2216 787 2620 857 προσείκασται
2641 802 2656 819 ⁸
2700 770 2794 842 καὶ
2827 786 2990 857 σῶμα
3022 786 3170 858 αὑτῷ
3201 791 3233 860 ἡ
3282 788 3426 858 ῥητὴ
3451 787 3597 852 λέξις
3619 803 3635 819 ο

2051 878 2198 951 ψυχὴ
2231 880 2285 932 δέ
2308 883 2458 933 ἐστιν
2487 883 2515 933 ό
2549 880 2979 950 ἑναποκείμενος
3010 880 3186 954 ταύτῃ
3217 880 3448 947 ἀόρατος
3488 879 3634 944 νοῦς.

2053 973 2179 1026 Εἰσὶ
2207 970 2262 1025 δὲ
2298 954 2433 1042 παρ’
2463 971 2698 1035 ἐκείνοις
2738 973 2835 1026 καὶ
2878 977 3140 1043 γυναῖκες
3190 974 3514 1043 μονάστριαι
3545 972 3638 1026 καὶ

2054 1064 2447 1135 θεραπευτίδες
2496 1063 2864 1132 καλούμεναι,
2922 1064 3021 1134 τὴν
3072 1065 3243 1135 αὐτὴν
3297 1063 3453 1135 ἱερὰν
3491 1063 3639 1115 πολι-

2054 1157 2209 1209 τείαν
2249 1156 2344 1210 καὶ
2372 1155 2713 1210 κατάστασιν
2754 1152 3189 1227 μετερχόμὲναιο
3220 1149 3296 1209 ὧν
3335 1157 3388 1208 ui
3424 1154 3641 1218 πλείους

2056 1253 2205 1321 γήρα
2275 1248 2614 1318 κοσμοῦνται
2672 1247 2953 1319 σώφρονι,
3025 1252 3123 1304 καὶ
3179 1247 3641 1320 παρθενίανῖκαὶ

2057 1341 2303 1409 ἁγνείαν,
2342 1341 2444 1395 οὐκ
2472 1341 2709 1412 ἀνάγκη,
2744 1342 2860 1396 ἀλλ’
2895 1344 2957 1395 ὲκ
2985 1343 3367 1413 προαιρέσεως
3394 1341 3639 1395 ἑκουσίου

2056 1432 2311 1499 ἀσκοῦσι,
2336 1434 2430 1486 καὶ
2461 1432 2571 1487 τῶν
2596 1434 2725 1504 περὶ
2755 1438 2818 1487 τὸ
2849 1435 3011 1505 σῶμα
3040 1434 3245 1505 ἡδονῶν
3274 1434 3639 1501 ἀλογήσασαι,

2058 1528 2119 1580 οὐ
2158 1528 2396 1599 θνητῶν,
2454 1529 2571 1583 ἀλλ’
2602 1528 2891 1582 ἀθανάτων
2935 1527 3175 1596 ἐκγόνων
3215 1527 3571 1598 ὠρέχθησαν
3608 1525 3646 1580 ἃ

2063 1620 2202 1690 μόνα
2242 1622 2451 1675 τίκτειν
2504 1621 2598 1692 ἀφ’
2640 1621 2844 1690 ἑαυτῆς
2892 1620 2982 1675 οἶα
3036 1620 3097 1674 τέ
3133 1621 3284 1673 ἐστιν
3330 1616 3644 1689 ήθεοφιλὴς

2058 1713 2230 1786 ψυχή.
2263 1715 2375 1769 Καὶ
2403 1715 2587 1768 τοίιυν
2612 1715 2706 1769 δύο
2738 1712 3032 1767 πολιτειῶν
3060 1712 3136 1782 τῷ
3173 1711 3273 1783 βίῳ
3303 1712 3412 1764 τῶν
3440 1709 3649 1780 ἀνθρώ-

2064 1824 2183 1861 πων
2210 1806 2412 1873 οὐσῶν,
2451 1809 2581 1878 μιᾶς
2615 1808 2713 1878 μὲν
2736 1810 2830 1861 καὶ
2858 1806 3237 1877 μετριωτέρας
3268 1806 3366 1874 τῆς
3396 1805 3455 1857 ἐν
3483 1802 3646 1872 γάμῳ

2062 1892 2362 1971 διαγωγῆς,
2400 1901 2600 1971 ἑτέρας
2634 1900 2692 1953 δὲ
2739 1900 2838 1970 τῆς
2868 1898 3248 1970 ὑπερκοσμίου
3293 1898 3387 1950 καὶ
3431 1896 3649 1963 ἀγγελι-

2060 1989 2187 2059 κῆς,
2218 1990 2319 2059 τῆς
2359 1988 2653 2059 θεοφιλοῦς
2683 1988 2890 2060 δηλαδὴ
2917 1986 3218 2058 παρθενίας
3237 2003 3252 2019 ο
3298 1985 3396 2055 τῆς
3432 1984 3649 2056 μοναδι-

2060 2080 2165 2151 κῆς
2197 2081 2403 2152 δηλαδὴ
2435 2081 2532 2135 καὶ
2563 2080 2814 2153 καθαρᾶς
2853 2080 3095 2152 βιώσεως
3117 2095 3133 2112 ⁸
3167 2077 3223 2132 εῐ
3264 2094 3347 2142 τις
3377 2076 3469 2129 τὸν
3497 2075 3644 2128 ἐννο-

2067 2191 2167 2246 μον
2195 2176 2292 2228 καὶ
2312 2176 2579 2244 ἀμίαντον
2596 2175 2775 2228 ἕλοιτο
2796 2177 2998 2246 γάμον.
3029 2172 3293 2246 μέμψεως
3318 2170 3418 2242 μὲν
3437 2170 3645 2241 πόρρω.

2063 2264 2207 2336 πλὴν
2246 2265 2492 2335 ἡττόνων
2543 2267 2907 2337 χαρισμάτων
2958 2265 3228 2337 ἐπιτυχὴς
3255 2265 3501 2331 γίνεται·
3543 2277 3652 2312 σω-

2064 2355 2279 2425 φρόνως
2304 2355 2416 2434 γὰρ
2464 2355 2562 2409 καὶ
2595 2350 2752 2419 οὗτος
2780 2354 2934 2426 βιοῦν
2962 2354 3217 2420 λέγεται,
3248 2352 3346 2405 καὶ
3396 2352 3455 2402 ὲν
3498 2346 3654 2417 τριά-

2057 2463 2230 2501 κοντα
2256 2447 2349 2501 τὸν
2391 2446 2492 2517 τῆς
2542 2447 2751 2517 ἀρετῆς
2800 2447 3151 2517 καρποφορεῖ
3188 2445 3462 2512 ἄσταχυν·
3503 2437 3653 2508 μόλις

2064 2539 2175 2609 γὰρ
2218 2539 2281 2591 ὲν
2317 2538 2618 2607 ἑξήκοντα·
2672 2531 2718 2605 ᾧ
2769 2537 2828 2591 δὲ
2878 2538 3121 2606 μετιέναι
3177 2533 3501 2606 ἀκραιφνῶς
3555 2532 3653 2601 τὴν

2065 2633 2375 2702 ἀγγελικὴν
2402 2632 2550 2703 ζωὴν
2585 2631 2818 2701 γένοιτο,
2846 2632 2893 2683 εί
2924 2630 3020 2683 καὶ
3049 2630 3280 2699 τραχεῖά
3313 2645 3398 2691 τις
3429 2627 3522 2679 καὶ
3554 2626 3652 2679 ἀν-

2067 2728 2261 2795 άντης,
2296 2724 2481 2797 ρᾴῐιόν
2520 2740 2582 2791 γε
2629 2722 2785 2777 ἔσται
2814 2723 2931 2791 ,καὶ
2972 2724 3033 2775 ὲν
3066 2723 3338 2792 ἑξήκοντα
3378 2735 3656 2788 καρποφο-

2020 2876 2041 2895 ο
2077 2822 2246 2893 ρῆσαι
2279 2819 2374 2873 καὶ
2420 2817 2640 2880 ἑκατὸν,
2673 2812 2734 2871 εὖ
2774 2816 2923 2887 μάλα
2961 2816 3059 2886 τῆς
3094 2814 3432 2883 τελειότητος
3474 2814 3656 2865 εὐστο-

2067 2914 2321 2985 χήσαντι.
2377 2911 2806 2980 Συγγράμματα
2862 2909 2918 2962 δὲ
2966 2909 3154 2969 αὐτοῖς
3214 2904 3355 2960 εἶναι
3410 2904 3655 2958 παλαιῶν

2066 3004 2279 3076 ἀνδρῶν
2313 3002 2488 3071 λέγει,
2514 3004 2564 3055 οἳ
2599 3002 2841 3074 ἀρχηγοὶ
2882 3004 2983 3071 τῆς
3019 3001 3202 3053 αὐτῶν
3231 3000 3390 3069 δόξης
3426 2997 3654 3066 γενόμε-

2068 3114 2172 3160 νοι,
2207 3096 2381 3149 πολλὰ
2420 3097 2663 3165 μνημεῖα
2691 3097 2791 3163 τῆς
2842 3094 2975 3164 παρ’
3016 3093 3202 3156 αὐτοῖς
3245 3089 3654 3161 ἀλληγορουμέ-

2070 3209 2167 3261 νης
2188 3190 2331 3252 ἰδέας
2357 3187 2628 3240 ἀπέλιπον
2645 3174 2669 3219 ί
2708 3182 2795 3249 οἷς
2837 3181 2924 3239 οἷά
2952 3202 3099 3239 τισιν
3132 3185 3465 3255 ἀρχετύποις
3510 3180 3653 3252 χρώ-

2076 3301 2248 3353 μενοι,
2288 3282 2382 3335 τὸν
2433 3280 2638 3350 τρόπον
2692 3278 3019 3351 μιμοῦνται,
3067 3279 3267 3346 Οίομαι
3320 3275 3365 3329 δ’
3396 3272 3537 3327 εἶναι
3586 3272 3652 3325 τὰ

2070 3373 2186 3426 θεία
2238 3371 2347 3422 τῶν
2402 3367 2721 3422 ἀποστόλων
2766 3367 3097 3436 Εὐαγγέλια,
3139 3373 3234 3419 καὶ
3283 3365 3380 3427 τὰς
3439 3363 3651 3416 Παύλου

2070 3463 2382 3528 ἐπιστολὰς,
2415 3464 2739 3532 ἑρμηνείαν·
2768 3460 3000 3534 γραφῶν
3049 3457 3429 3528 παλαιοτέρων
3474 3456 3551 3516 ὡς
3578 3455 3655 3507 εί-

2071 3556 2165 3617 κὸς
2188 3554 2548 3625 διηγούμενα.
2582 3552 2659 3607 υὺ
2702 3552 2865 3622 μόνον
2892 3551 2947 3607 δὲ
2975 3550 3267 3621 θεωροῦσι,
3304 3551 3490 3618 φησὶν,
3521 3546 3657 3600 ἀλλὰ

2073 3649 2168 3702 καὶ
2201 3643 2403 3718 ὕμνους
2456 3648 2612 3709 νέους
2663 3645 2935 3710 ποιοῦσιν,
2990 3642 3215 3715 ᾅσματα
3261 3643 3355 3695 καὶ
3402 3640 3544 3713 ᾠδὰς
3578 3640 3657 3703 εἱς

2072 3740 2204 3794 Θεὸν
2226 3742 2313 3794 διὰ
2355 3742 2626 3794 παντοίων
2667 3740 2884 3809 μέτρων
2917 3739 3013 3790 καὶ
3045 3735 3270 3808 ῥυθμῶν
3318 3734 3658 3804 σεμνοτέρων

2072 3835 2471 3904 χαράσσοντες.
2529 3830 2590 3884 Εἰ
2639 3831 2697 3884 δέ
2743 3849 2819 3901 τῳ
2851 3827 2993 3894 δόξει
3039 3828 3116 3898 μὴ
3163 3826 3255 3880 τὸν
3290 3824 3500 3879 Φίλωνα
3532 3823 3659 3894 περὶ

2072 3928 2171 3995 τῆς
2230 3926 2374 3978 κατὰ
2409 3927 2468 3979 τὸ
2504 3924 2836 3991 Εὐαγγέλιον
2881 3921 3159 3983 πολιτείας
3188 3919 3362 3973 ταῦτα
3407 3918 3658 3982 διεξιέναι

2075 4020 2371 4094 ἁρμόττειν
2416 4019 2474 4072 δὲ
2533 4017 2628 4071 καὶ
2672 4017 2857 4078 ἄλλοις
2905 4015 3209 4069 δύνασθαι·
3270 4014 3409 4067 ἀλλὰ
3450 4029 3512 4080 γε
3553 4009 3656 4080 μὴν

2075 4114 2313 4169 πειθέτω
2345 4113 2764 4181 ἁναμφήριστον
2791 4106 2959 4175 εἶναι,
3001 4110 3079 4170 ὡς
3112 4108 3211 4179 τὴν
3245 4104 3407 4176 ἡμῶν
3440 4103 3661 4174 διαγρά-

2077 4224 2238 4278 φεται
2268 4205 2585 4258 πολιτείαν
2622 4203 2698 4265 ὡς
2744 4203 2841 4255 καὶ
2890 4205 2947 4265 ἐς
3000 4199 3164 4270 δεῦρο
3197 4199 3271 4270 μὴ
3321 4196 3452 4267 παρ’
3482 4196 3662 4256 ἄλλοις

2076 4301 2216 4355 ἀλλὰ
2267 4296 2400 4369 παρ’
2441 4295 2598 4367 ἡμῶν
2661 4295 2847 4366 μόνοις
2904 4294 3096 4348 τούσδε
3143 4296 3267 4355 τοὺς
3309 4292 3539 4350 κανόνας
3570 4288 3661 4340 καὶ

2076 4395 2203 4456 τοὺς
2248 4391 2485 4460 τρόπους
2540 4387 2641 4456 τῆς
2691 4386 2970 4449 πολιτείας
3017 4384 3420 4454 διατηρεῐσθαι,
3472 4382 3572 4442 τάς
3604 4396 3661 4432 τε

2078 4479 2175 4532 ἐπὶ
2203 4477 2403 4529 ταυτὸν
2452 4475 2725 4535 συνόδους,
2780 4471 2877 4524 καὶ
2926 4472 3024 4534 τὰς
3073 4469 3181 4539 ἰδίᾳ
3231 4469 3330 4537 μὲν
3362 4464 3658 4535 γυναικῶν,

397 4567 731 4637 archetypis,
772 4567 1078 4637 primisque
1116 4568 1528 4638 exemplaribus
1570 4579 1811 4634 utentes,
1860 4587 1964 4625 mo-

2083 4572 2190 4642 ἰδίᾳ
2221 4570 2278 4623 δὲ
2308 4567 2523 4638 ἀνδρῶν
2571 4564 2891 4634 διατριϐάς*
2927 4562 3023 4616 καὶ
3058 4562 3157 4624 τὰς
3193 4561 3253 4625 ἐξ
3294 4559 3454 4622 ἔθους
3494 4558 3663 4626 duxq-

394 4672 513 4711 rem
546 4658 882 4726 modumque
921 4671 1046 4711 eum
1083 4656 1392 4711 imitantur.
1437 4658 1514 4712 Ea
1561 4673 1730 4728 porro
1779 4675 1979 4714 monu-

394 4756 579 4800 menta
627 4748 809 4802 divina
864 4752 1242 4818 apostolorum
1295 4748 1630 4819 Evangelia,
1714 4761 1769 4805 et
1822 4750 1978 4806 Pauli

397 4838 675 4908 Epislolas
707 4855 832 4895 esse
864 4848 1023 4910 puto,
1061 4842 1577 4910 interpretationem
1620 4845 1978 4914 antiquarum

401 4931 814 5001 Seripturarum
852 4944 1052 4989 rectam
1085 4936 1455 4992 continentes.
1488 4937 1612 4993 Non
1660 4938 1839 4993 solum
1882 4954 1982 4993 au-

392 5030 530 5092 tem,
557 5023 755 5094 inquit,
778 5028 1230 5097 contemplationi
1254 5039 1472 5092 vacant,
1500 5029 1595 5086 sed
1619 5045 1789 5084 novos
1810 5031 1987 5085 etiam

395 5115 654 5187 hymnos,
684 5121 951 5183 carmina,
985 5130 1041 5177 et
1070 5122 1266 5178 laudes
1294 5125 1351 5180 in
1382 5124 1554 5179 Deum
1596 5124 1748 5178 omni
1779 5138 1982 5195 genere
2032 5130 2035 5135 '

393 5211 708 5279 graviorum
769 5226 1125 5267 numerorum
1172 5223 1336 5282 atque
1385 5213 1771 5284 rhythmorum
1825 5226 1981 5266 com-

397 5311 633 5372 ponunt.
661 5303 953 5360 Videbitur
985 5306 1222 5361 fortasse
1251 5303 1516 5375 cuipiam.
1548 5303 1837 5360 Philonem
1868 5319 1979 5358 non

398 5395 515 5450 haec
539 5397 608 5450 de
651 5399 981 5469 evangelica:
1013 5400 1139 5454 vitae
1180 5398 1452 5454 institutis
1485 5398 1714 5464 dixisse,
1759 5405 1823 5453 ut
1859 5413 1983 5468 quae

397 5487 524 5542 aliis
567 5503 792 5557 quoque
823 5489 1230 5545 accommodari
1262 5500 1468 5560 queant
1501 5508 1516 5544 :
1554 5491 1650 5545 sed
1683 5491 1731 5544 is
1768 5498 1981 5544 certum

400 5576 884 5650 indubitatumque
906 5597 1028 5637 esse
1051 5581 1154 5635 sibi
1182 5582 1530 5651 persuadeat,
1554 5592 1799 5638 nostram
1828 5580 1981 5635 illum

404 5668 721 5739 depinxisse
746 5672 966 5728 vivendi
994 5672 1480 5730 consuetudinem.
1509 5673 1645 5730 Cum
1671 5673 1736 5728 ad
1763 5672 1981 5726 hodier-

407 5773 539 5814 num
571 5778 747 5832 usque
782 5764 929 5819 diem
984 5780 1097 5820 non
1140 5766 1286 5834 apud
1332 5765 1468 5820 alios
1498 5780 1662 5835 quam
1698 5761 1842 5833 apud
1883 5778 1982 5817 no-

407 5858 552 5907 stros
612 5853 865 5911 homines
919 5854 1139 5926 regulas
1214 5856 1349 5915 tales
1403 5856 1741 5928 vivendique
1800 5870 1983 5909 mores

2084 4676 2198 4721 σεις
2234 4657 2315 4711 ἔτι
2360 4656 2460 4710 νῦν
2494 4656 2625 4727 παρ’
2671 4658 2806 4724 ἡμῖν
2847 4655 3029 4723 μόνοις
3075 4649 3407 4719 τελουμένας
3431 4664 3447 4680 ”
3475 4648 3542 4707 ἃς
3570 4645 3662 4700 καὶ

2086 4753 2291 4825 μᾶλλον
2329 4751 2568 4813 ἀσιτίας,
2604 4749 2704 4802 καὶ
2747 4748 2987 4819 δεήσεις,
3020 4747 3115 4799 xui.
3148 4745 3280 4815 περὶ
3307 4746 3378 4797 τι
3425 4743 3545 4796 θεῖα
3573 4740 3662 4793 λό-

2081 4861 2175 4910 για
2211 4843 2409 4914 σχολὴν
2443 4846 2499 4896 ἐν
2521 4841 2855 4905 ὀλονυκτίοις
2887 4840 3244 4910 προσευχαῖς,
3273 4837 3417 4890 κατὰ
3442 4836 3541 4906 τὴν
3573 4831 3661 4888 τοῦ

2085 4936 2359 5007 σωτηρίου
2387 4935 2591 4998 πάθους
2617 4934 2814 5004 ἑορτὴν
2846 4933 2941 4986 καὶ
2969 4932 3075 5002 πρό
3108 4949 3172 4999 γε
3199 4930 3379 4983 αὐτῶν
3426 4928 3663 4983 ἐκτελεῖν

2082 5028 2381 5093 εἰώθαμεν.
2437 5026 2530 5079 Ἔν
2581 5021 2666 5088 οἷς
2715 5025 3074 5094 προσιστορεῖ
3121 5024 3153 5077 ό
3196 5022 3458 5085 δηλωθεὶς
3505 5020 3665 5089 σοφὸς

2081 5121 2208 5182 τούς
2254 5137 2313 5172 τε
2348 5117 2606 5187 λέγεσθαι
2644 5116 2906 5179 εἰωθότας
2933 5098 3256 5187 παρ’ὶήμῶν
3291 5113 3498 5184 ὕμνους
3519 5129 3535 5143 ·
3569 5111 3664 5166 καὶ

2083 5211 2158 5274 ὡς
2189 5211 2308 5274 ἑνὸς
2332 5212 2472 5279 μετὰ
2513 5199 2724 5281 ῥυθμοῦ
2759 5209 3010 5279 κοσμίως
3044 5208 3439 5273 ἑπιψάλλοντος
3468 5208 3518 5262 οἱ
3560 5207 3669 5259 λοι-

2085 5303 2178 5359 ποὶ
2205 5301 2328 5356 καθ’
2361 5303 2596 5374 ἡσυχίαν
2617 5300 2963 5372 ἀκροώμενοι
2985 5302 3097 5355 τῶν
3125 5300 3312 5370 ὓμνων
3338 5300 3407 5353 τὰ
3429 5301 3658 5369 ἁκροτε-

2085 5394 2273 5445 λεύτια
2301 5392 2675 5463 συνεξηχοῦσι·
2707 5392 2803 5446 καὶ
2823 5392 2899 5455 ὡς
2920 5391 3042 5445 κατ’
3067 5392 3233 5445 αὐτόν
3263 5393 3314 5460 γ’
3341 5392 3549 5443 ἐκεῖνον
3576 5389 3665 5441 τὸν

2089 5486 2308 5557 καιρὸν,
2346 5489 2440 5540 ἐπὶ
2491 5484 2761 5540 στιῦάδων
2815 5484 3247 5555 χαμευνοῦντες,
3292 5484 3440 5540 οἴνου
3483 5483 3583 5553 μὲν
3610 5481 3669 5534 τὸ

2087 5579 2376 5650 παράπαν,
2412 5579 2488 5642 ὡς
2520 5578 2685 5640 αὐτὸς
2719 5578 2908 5642 αὐτοῖς
2942 5580 3187 5649 ῥήμασιν
3211 5577 3548 5647 ἐπέγραψεν,
3574 5575 3669 5629 οὐ-

2087 5672 2145 5725 δὲ
2176 5670 2581 5737 ἀπογεύονται·
2609 5671 2729 5725 ἀλλ’
2758 5671 2881 5723 οὐδὲ
2903 5669 3015 5723 τῶν
3048 5669 3294 5737 ἐναίμων
3324 5668 3499 5731 τινός’
3524 5666 3668 5734 ὕδωρ

2088 5763 2144 5816 δὲ
2181 5764 2342 5834 μόνον
2384 5762 2537 5817 ἔστιν
2569 5764 2755 5827 αὐτοῖς
2805 5763 3005 5816 ποτόν·
3043 5763 3139 5816 καὶ
3171 5760 3503 5832 προσέψημα
3550 5756 3668 5829 μετ’

2092 5856 2259 5929 ἄρτου
2290 5856 2415 5921 ὀλες
2464 5857 2557 5910 καὶ
2605 5855 2881 5910 ὕσσωπον.
2928 5855 3053 5911 Ἐπὶ
3089 5857 3303 5920 τούτοις
3340 5856 3434 5908 τὸν
3468 5853 3679 5910 τρόπον
