4046 6428
501 387 607 473 797

1463 400 2076 462 ECCLESIASTIC.’E
2117 402 2513 463 IlISTORIrE
2550 404 2702 464 LIB.
2744 406 2826 470 ΙῙ.

3666 409 3775 475 798

496 520 698 592 γράφει
736 519 836 589 τῆς
865 518 1228 589 προστασίας,
1258 515 1370 572 τῶν
1410 516 1510 581 τὰς
1555 515 1887 585 Ἐἰ-πλησίας
1923 518 2081 584 ἐγκε-

2201 518 2504 573 :onservari
2555 530 2904 591 compertum
2947 522 3020 577 sit
3069 540 3083 578 :
3118 532 3428 581 conventus
3468 525 3683 581 scilicet
3714 526 3770 581 in

495 609 866 685 χειρισμένων
890 625 903 640 ⁶
940 609 1040 674 τάς
1072 627 1132 665 τε
1175 608 1343 672 ἄλλας
1372 606 1671 669 διακονίας,
1720 606 1815 659 καὶ
1858 607 1957 670 τὰς
1987 609 2081 659 ἐπὶ

496 707 663 759 πᾶσιν
698 702 964 757 ἀνωτάτω
992 703 1090 772 τῆς
1139 701 1453 770 ἐπισκοπῆς
1494 700 1808 768 προεδρίας.
1859 698 1983 752 "Ott
2016 717 2080 766 γε

502 793 608 865 μὴν
639 793 769 863 περὶ
802 793 911 845 τῶν
946 794 1181 863 πρώτων
1214 790 1475 862 κηρύκων
1517 791 1616 859 τῆς
1644 790 1951 852 εὐσεϐείας,
1984 790 2076 843 καὶ

496 883 606 936 τῶν
646 885 780 955 παρ’
813 884 1044 947 ἐκείνοις
1080 882 1320 955 ἀρχῆθεν
1357 880 1815 953 παραδεδομένων
1863 880 2025 944 ὲοῶν,
2051 882 2080 933 6

495 977 676 1031 Φίλων
705 975 858 1030 ταῦτ’
884 977 1148 1047 ἔγραφεν,
1186 975 1406 1043 εὔδηλον
1432 992 1444 1005 ·
1474 975 1524 1028 εί
1562 991 1638 1045 τῳ
1672 974 1791 1041 μετ’
1819 973 2082 1041 ἀκριϐοῦς

2187 626 2378 677 unum,
2403 622 2457 665 et
2480 616 2710 667 seorsim
2737 613 2962 683 quidem
2994 616 3310 682 mulierum,
3340 609 3578 672 seorsim
3605 619 3768 673 etiam

2185 702 2459 769 virorum,
2491 704 2868 774 frequentatae
2895 710 3369 772 conversationes,
3407 710 3682 778 solitaque
3711 718 3772 764 et

2184 804 2330 849 Stata
2369 797 2658 863 exercitia,
2704 814 2827 867 quae
2877 800 3041 853 etiam
3085 816 3234 855 nunc
3267 817 3367 856 nos
3397 803 3521 867 soli,
3568 812 3624 855 et
3656 819 3770 854 ma-

2184 887 2327 940 xime
2385 903 2490 941 una
2533 905 2658 943 cum
2713 890 2898 946 inedia
2953 893 3176 961 cibique
3228 894 3589 958 abstinentia,
3640 908 3765 946 eum

2183 980 2465 1048 precibus,
2513 990 2569 1034 et
2603 996 2731 1035 cum
2768 983 3084 1038 divinorum
3133 986 3481 1039 oraculorum
3531 987 3766 1038 medita-

496 1069 823 1132 ἐπιστασίας
854 1068 954 1141 τὴν
987 1068 1325 1141 δηλωθεῖσαν
1380 1065 1623 1137 ἱστορίαν
1670 1064 1894 1135 τάνδρὸς
1926 1067 2082 1119 ἐπελ-

2201 1073 2355 1134 ione,
2385 1080 2441 1126 et
2475 1074 2783 1143 pervigiliis
2822 1058 2879 1129 et
2917 1078 3284 1136 orationibus.
3315 1078 3609 1130 salutifera).
3645 1079 3770 1130 Pas-

497 1160 613 1215 θεῖν
645 1162 882 1229 γένοιτο.

2201 1164 2363 1217 tionis
2394 1163 2576 1229 feriis,
2614 1175 2779 1236 atque
2812 1168 2978 1221 etiam
3013 1178 3140 1223 ante
3169 1186 3263 1223 eas
3294 1172 3456 1222 ferias
3483 1172 3767 1224 celebrare

495 1256 908 1311 consuevimus.
942 1250 1109 1306 Addit
1134 1249 1361 1318 insuper
1388 1249 1545 1303 Philo
1580 1257 1635 1303 et
1665 1249 1795 1304 illud
1830 1269 1843 1306 :
1876 1251 2070 1307 Solere
2111 1256 2252 1323 apud
2300 1272 2402 1311 nos
2476 1257 2552 1311 ita
2617 1261 2829 1313 cantari
2863 1260 3118 1331 hymnos.
3158 1271 3216 1314 ut
3258 1278 3381 1316 cum
3419 1279 3560 1314 unus
3603 1265 3769 1314 certis

496 1350 836 1403 conservatis
879 1346 1147 1409 numeris,
1193 1345 1296 1398 rite
1344 1351 1510 1413 atque
1557 1343 1817 1407 decenter
1844 1358 2070 1414 praeerit,
2114 1348 2314 1419 reliqui
2364 1340 2527 1405 tacite
2576 1350 2735 1405 illum
2782 1356 3117 1423 audientes,
3185 1354 3509 1425 hymnorum
3550 1360 3765 1407 tandem

495 1448 772 1493 extremas
818 1450 1003 1509 partes
1053 1439 1373 1493 conciuant.
1455 1438 1731 1492 Praeterea
1780 1441 2123 1508 temporibus
2164 1444 2283 1497 suis
2344 1445 2469 1499 illos
2520 1447 2671 1500 butni
2752 1448 2808 1501 in
2856 1449 3110 1503 stibadtis
3164 1452 3407 1519 terisque
3455 1450 3767 1502 stranuneis

489 1529 672 1597 jacere
703 1532 913 1596 Solitos,
939 1533 1126 1589 vinum
1155 1545 1403 1600 prorsus.
1432 1539 1489 1582 ut
1520 1529 1693 1599 ipsius
1718 1532 1903 1587 verbis
1936 1542 2079 1597 utar,
2122 1551 2231 1589 non
2265 1546 2537 1607 gustasse,
2596 1555 2778 1611 neque
2814 1542 3115 1611 qttidquatn
3154 1542 3442 1610 sanguinei
3511 1542 3763 1609 attigisse

495 1622 689 1676 refert.
735 1622 933 1677 Potutn
970 1623 1175 1694 quippe
1207 1623 1317 1679 illis
1360 1621 1532 1676 fuisse
1577 1637 1774 1690 aquam
1830 1636 2063 1694 tantum,
2105 1628 2290 1682 cibum
2352 1641 2533 1685 autem
2574 1647 2697 1686 cum
2730 1650 2870 1702 pane
2896 1636 3064 1688 salem
3100 1645 3156 1688 et
3187 1634 3506 1704 hyssopum.
3532 1634 3611 1686 Ad
3652 1634 3766 1685 luec

497 1731 707 1770 morem
748 1733 969 1788 quoque
1004 1719 1266 1774 Et-clesiis
1308 1718 1723 1788 praesidentium
1766 1723 2065 1791 praesulum
2109 1724 2424 1782 describit:
2494 1738 2658 1797 atque
2699 1727 2755 1783 in
2824 1731 2913 1795 iis,
2950 1746 3075 1786 cum
3119 1721 3448 1785 ozetero'rum
3484 1729 3766 1780 ministro-

504 1825 628 1863 rum
703 1811 913 1873 munia,
988 1818 1101 1865 tum
1153 1826 1383 1882 summae
1432 1818 1680 1869 omnium
1752 1815 2081 1886 episr‘Opalis
2125 1818 2413 1887 dignitatis
2464 1826 2884 1880 sublimitatem.
2956 1821 3110 1888 Quod
3157 1835 3288 1875 vero
3340 1823 3454 1875 ltazc
3501 1819 3657 1873 Philo
3701 1819 3771 1875 de

496 1901 694 1972 primis
726 1902 948 1971 pietatis
991 1906 1343 1973 praaeonibus
1415 1917 1471 1962 et
1542 1909 1757 1963 traditis
1820 1909 1890 1962 ab
1939 1911 2022 1963 eis
2084 1911 2401 1980 antiquitus
2460 1919 2713 1973 moribus
2764 1921 3090 1992 scripserit.
3148 1920 3283 1975 satis
3332 1918 3385 1975 ei
3443 1931 3772 1990 persuasum

496 1996 682 2078 fuerit,
704 1996 806 2085 ‘qui
834 1997 1126 2068 diligenter
1152 2002 1207 2055 et
1249 2016 1527 2065 accurate,
1561 2019 1729 2074 quam
1760 2003 2024 2069 diximus,
2056 2004 2350 2065 biStoriam
2375 2012 2497 2083 ejus
2526 2013 2627 2069 viri
2658 2015 2843 2087 legere
2865 2016 3129 2072 voluerit.

1094 2132 1343 2188 ΚΕΦΑΛ.
1382 2135 1482 2191 IZ'.

508 2245 648 2316 Περὶ
675 2245 793 2302 τῶν
817 2251 1300 2320 συγγραμμάτων
1333 2252 1441 2306 τοῦ
1475 2255 1743 2318 Φίλωνος
1763 2270 1778 2284 ο
1837 2257 1930 2306 καὶ
1958 2248 2086 2320 οἷος

1037 2318 1116 2391 ἦν
1142 2321 1248 2373 τὸν
1272 2325 1518 2389 τρόπον.

585 2428 647 2484 Ὀ
676 2429 735 2484 δὲ
756 2430 930 2485 Φίλων
962 2431 1130 2496 πολύς
1157 2434 1274 2487 last
1302 2434 1382 2504 τῷ
1411 2434 1558 2503 λόγῳ
1592 2435 1689 2487 καὶ
1715 2436 1921 2500 πλατὺς
1947 2439 2089 2506 ῥέων

501 2522 625 2584 ταῖς
651 2522 920 2586 διανοίαις
943 2539 957 2554 ο
987 2524 1268 2593 μετέωρος
1300 2526 1358 2579 δέ
1391 2544 1476 2590 τις
1512 2528 1606 2581 καὶ
1651 2528 1855 2598 ὑψηλὸς
1883 2530 1940 2581 ἐν
1967 2531 2088 2593 ταῖς

501 2614 602 2684 τῆς
636 2612 789 2678 θείας
833 2615 1059 2686 Γραφῆς
1089 2616 1369 2685 θεωρίαις,
1417 2621 1673 2689 ποικίλην
1712 2622 1833 2675 τινὰ
1874 2622 1968 2673 καὶ
1994 2636 2090 2673 πο-

500 2705 770 2778 λύτροπον
797 2709 907 2760 τῶν
949 2709 1113 2776 ιερῶν
1145 2710 1337 2773 Λόγων
1369 2709 1698 2780 ποιούμενος
1745 2713 1842 2784 τὴν
1877 2714 2092 2782 ὑφήγη-

507 2815 624 2854 σινο
663 2799 758 2852 καὶ
784 2799 1026 2855 δείκνυσι
1056 2800 1216 2853 τοῦτο
1249 2801 1347 2871 μὲν
1378 2804 1436 2854 ὲν
1466 2807 1584 2865 ταῖς
1631 2806 1711 2866 εἰς
1742 2806 1843 2875 τὴν
1869 2806 2090 2861 Γένεσιν

509 2892 916 2961 πραγματείαις
965 2892 1156 2955 αὐτοῦ,
1202 2892 1267 2951 ἃς
1327 2892 1529 2961 Ἱερῶν
1558 2895 1758 2964 νόμων
1804 2895 2091 2964 Ἀλληγο-

502 2981 639 3049 ρίας
667 2981 982 3054 ἐπέγραψεθ
1021 2982 1179 3035 τοῦτο
1202 2981 1258 3035 δὲ
1298 2985 1392 3037 καὶ
1441 2985 1499 3041 ἐν
1543 2978 1624 3043 οἷς
1660 2986 1948 3047 διαστολὰς
1982 2988 2090 3037 τῶν

507 3074 565 3126 ὲν
591 3077 712 3137 ταῖς
750 3076 998 3145 Γραφαῇ
1032 3075 1383 3144 ζητουμένων
1419 3076 1604 3140 λύσεις
1639 3096 1696 3131 τε
1731 3082 1823 3131 καὶ
1857 3079 2091 3150 ἀπορίας

507 3167 897 3239 κεφαλαιωδῶς
928 3169 1164 3236 εἰσάγει.
1200 3168 1322 3222 Εἰσὶ
1350 3170 1406 3222 δὲ
1431 3169 1582 3238 αὑτῷ
1618 3171 1714 3223 καὶ
1743 3171 1909 3240 ἕτερα
1944 3171 2093 3233 ἰδίως

506 3257 854 3327 πεποιημένα
883 3259 1303 3328 σπουδάσματα.
1339 3261 1419 3312 Τὰ
1459 3261 1598 3326 Περὶ
1632 3263 1927 3329 γεωργίας
1955 3261 2048 3312 δύο
2073 3277 2089 3291 ·

507 3349 601 3401 καὶ
633 3348 880 3418 τὰΠερ)
927 3351 1117 3419 μέθης
1165 3351 1438 3404 τοσαῦτα*
1492 3353 1586 3405 καὶ
1637 3352 1771 3405 ἄλλα
1822 3353 2093 3420 διαφόρων

505 3440 834 3511 ὲπιγραψῶν
868 3443 1183 3512 ἠξιωμένα*
1240 3439 1374 3509 οἷον,
1432 3444 1492 3495 '0
1536 3445 1674 3511 Περὶ
1705 3438 1791 3498 ὧν
1821 3443 2029 3511 νήψας
2061 3448 2094 3498 ό

506 3533 675 3600 νοῦς,
706 3534 948 3602 εὔχεται
973 3536 1073 3588 καὶ
1121 3534 1554 3603 καταρᾶται·κὸ
1586 3553 1645 3589 τε
1691 3536 1832 3603 Περὶ
1863 3537 2095 3605 συγχὺο

509 3640 666 3692 σεως
690 3626 808 3680 τῶν
832 3626 1168 3682 διαλέκτων
1187 3644 1200 3658 ·
1238 3629 1334 3683 καὶ¹
1364 3629 1391 3680 6
1414 3628 1555 3696 Περὶ
1587 3629 1791 3697 φυγῆς
1825 3630 1918 3682 καὶ
1950 3629 2096 3696 αἱρέ-

510 3733 692 3783 σεωςο
719 3718 799 3772 ἔτι
830 3737 890 3773 τε
930 3722 955 3772 6
989 3720 1129 3788 Περὶ
1166 3720 1413 3789 φύσεως
1447 3722 1545 3773 καὶ
1581 3722 1880 3788 εὑρέσεως
1902 3736 1915 3749 ·
1949 3720 2045 3772 καὶ
2068 3719 2097 3771 6

511 3813 651 3882 Περὶ
686 3810 794 3880 τῆς
838 3810 973 3879 περὶ
1007 3814 1077 3865 τὰ
1108 3811 1487 3880 παιδεύματα
1517 3813 1827 3866 συνόδου’
1863 3814 1957 3866 καὶ
2009 3812 2100 3866 ἆ)-

509 3905 599 3970 λος
627 3906 775 3976 αὐτῷ
804 3905 1133 3976 πεπόνηται,
1175 3904 1278 3972 Τίς
1311 3908 1342 3958 ό
1372 3903 1494 3958 τῶν
1522 3906 1698 3959 θείων
1720 3904 1852 3957 ἐστὶ
1880 3907 2100 3973 κληρο-

514 3997 780 4067 νόμος,ἢ
808 3998 1065 4068 περὶτῆς
1111 3998 1192 4060 εἰς
1237 3995 1308 4049 τὰ
1350 3997 1443 4048 ἴσα
1483 3998 1578 4053 καὶ
1625 3997 1845 4051 ἐναντία
1885 3998 2095 4066 τομῆς⁶

516 4091 611 4143 καὶ
645 4091 673 4143 6
702 4092 840 4157 Περὶ
888 4089 1010 4143 τῶν
1056 4084 1237 4158 τριῶν
1278 4087 1536 4157 ἀρετῶνο
1589 4089 1688 4142 καὶ
1717 4087 1878 4151 ἄλλος
1917 4090 1945 4141 6
1979 4087 2101 4143 Τῶν

510 4179 1102 4253 μετονομαζοιιένων,
1135 4183 1231 4235 καὶ
1264 4174 1338 4236 ὧν
1382 4183 1547 4236 ἕνεκα
1601 4182 2096 4253 μετονομάζονται·

517 4275 574 4353 ἐν
670 4276 766 4328 καὶ
810 4274 949 4344 Περὶ
993 4273 1306 4343 Διαθηκῶν
1337 4275 1488 4343 λέγει
1533 4275 1918 4345 συντεταχέναι
1953 4274 2103 4346 πρῶ-

513 4385 608 4421 τον
641 4368 737 4423 καὶ
761 4369 1049 4438 δεύτερον’
1089 4368 1184 4422 καὶ
1219 4366 1359 4436 Περὶ
1402 4369 1687 4434 ἀποικίας
1723 4367 1781 4421 δὲ
1822 4367 1970 4437 αὑτῴ
2003 4365 2101 4419 καὶ

508 4463 656 4527 ,Βίου
710 4460 909 4531 σοφοῦ
954 4460 1141 4533 ἕτερος
1193 4460 1544 4531 ἐσπουδάσθη
1589 4460 1786 4528 λόγος·
1825 4459 1918 4512 καὶ
1960 4457 2101 4526 Περὶ

492 4553 810 4625 ,γιγάντων
845 4554 1034 4618 ἄλλος·
1090 4555 1235 4624 Περί
1270 4570 1333 4608 τε
1364 4554 1473 4609 τοῦ
1509 4554 1663 4608 κατὰ
1709 4553 1927 4609 Μωσέα
1974 4556 2104 4606 θεο-

516 4648 828 4719 π-ἐμπτους
852 4642 1009 4701 εἶναι
1041 4644 1187 4713 τοὺς
1230 4646 1502 4719 ὀνείρους
1548 4646 1789 4717 πρῶτος,
1824 4643 2101 4713 δεύτερος,

517 4716 722 4819 τρίτος,
752 4740 1044 4811 τέταρτος,
1100 4716 1375 4803 πέμπτος.
1413 4739 1523 4793 Καὶ
1573 4716 1681 4792 τῶν
1729 4738 1832 4808 μὲν
1871 4739 1951 4801 εις
2000 4739 2103 4804 τὴν

2670 2149 2828 2220 160
2865 2148 3092 2207 CAPUT
3132 2149 3296 2205 xvu.

2301 2259 2381 2314 De
2428 2260 2919 2332 Pliilonisseriplis,
2954 2273 3003 2318 et
3045 2265 3109 2317 de
3143 2264 3371 2318 moribus
3410 2263 3664 2333 ejusdem.

2264 2436 2425 2494 Philo
2459 2454 2625 2509 porro
2652 2438 2768 2509 ipse
2810 2446 2866 2492 et
2892 2437 3074 2493 verbis
3120 2444 3206 2491 est
3242 2435 3522 2504 cepiosns,
3556 2442 3613 2490 et
3645 2448 3771 2489 sen-

2197 2532 2383 2585 tentiis
2406 2532 2643 2586 dit't‘usus
2673 2551 2687 2585 :
2721 2531 3067 2600 exponendis
3097 2538 3283 2584 autem
3312 2544 3409 2598 per
3435 2542 3690 2581 arcanam
3718 2533 3776 2578 et

2196 2622 2483 2690 mysticam
2516 2620 3027 2691 interpretationem
3057 2620 3260 2674 divinis
3293 2618 3597 2688 Seriptnris
3627 2618 3776 2670 altus

2196 2719 2253 2766 et
2312 2711 2606 2773 sublimis.
2677 2711 3022 2781 plurifariam
3071 2725 3356 2765 sacrorum
3419 2707 3771 2762 oraculorum

2198 2811 2389 2858 texens
2426 2803 2862 2858 enarrationem.
2899 2801 3152 2857 Ostendit
3189 2803 3251 2856 id
3279 2801 3479 2871 partim
3527 2800 3580 2854 in
3616 2812 3773 2852 eom-

2199 2893 2484 2946 mentariis
2505 2894 2622 2947 suis
2657 2894 2709 2946 in
2736 2892 3015 2956 Genesim,
3055 2892 3259 2961 quibus
3292 2891 3508 2945 titulum
3549 2888 3772 2951 indidit,

2201 2987 2495 3042 Sacrorum
2544 2988 2714 3057 legum
2765 2987 3057 3056 allegorice,
3110 2991 3310 3055 partim
3362 2985 3416 3038 in
3461 2981 3776 3037 distinctio-

2199 3084 2382 3145 nibus,
2415 3081 2889 3151 ambiguitatibus,
2927 3090 2981 3135 et
3009 3079 3387 3134 solutionibus
3413 3090 3601 3131 earum
3630 3068 3776 3131 Scri-

2200 3184 2511 3244 pturarutn,
2541 3189 2660 3242 quee
2707 3176 2760 3227 in
2791 3174 3152 3242 quaestionem
3187 3171 3498 3231 trahuntur,
3528 3183 3774 3223 summa-

2203 3269 2299 3319 tim
2355 3277 2411 3320 et
2474 3282 2573 3334 per
2628 3265 2808 3334 capita
2868 3265 3081 3318 relatis.
3141 3263 3282 3318 Sunt
3341 3272 3601 3331 praeterea
3659 3260 3779 3315 alite

2201 3375 2424 3428 quoque
2452 3359 2573 3428 ejus
2597 3357 2831 3412 seorsitn
2864 3355 3024 3410 editze
3056 3355 3491 3409 lucubrationes.
3525 3352 3599 3406 De
3630 3343 3778 3421 agri-

2202 3448 2414 3502 cultura
2452 3448 2613 3512 dum;
2643 3448 2720 3501 De
2749 3448 2999 3501 ebrietate
3031 3445 3279 3501 totidem.
3316 3445 3434 3498 Alia
3469 3444 3596 3497 item
3633 3443 3780 3496 vari-

2198 3556 2359 3594 orum
2394 3540 2680 3593 titulorum
2713 3539 2918 3607 scripta
2946 3554 2961 3602 ;
2998 3538 3161 3607 quale
3192 3544 3302 3599 est,
3341 3534 3485 3601 Quas
3519 3551 3603 3588 res
3633 3550 3782 3587 mens

2196 3635 2374 3688 sobria
2408 3650 2504 3702 per
2545 3630 2840 3686 orationem
2880 3627 2961 3685 vel
2999 3637 3277 3697 precetur,
3315 3629 3398 3681 re!
3437 3630 3783 3697 deprecetur;
3860 3686 3866 3691 η

2199 3726 2328 3780 item
2363 3725 2437 3778 De
2468 3725 2773 3794 linguarum
2804 3723 3157 3791 confusione;
3187 3723 3265 3776 De
3294 3722 3448 3775 rebus
3476 3720 3784 3788 expetendis

2198 3826 2247 3868 et
2279 3816 2580 3884 fugiendis;
2615 3813 2690 3866 De
2727 3822 2926 3867 natura
2962 3821 3011 3865 et
3033 3813 3366 3877 inventione;
3397 3811 3469 3865 De
3501 3825 3785 3879 congressu

2199 3907 2499 3979 quwrendw
2533 3907 2845 3961 eruditionis
2877 3908 3077 3977 gratia.
3116 3905 3276 3960 Alius
3311 3912 3583 3974 praeterea
3621 3903 3784 3966 liber,

2201 4000 2331 4066 Quis
2364 4002 2432 4054 sit
2470 4016 2648 4054 rerum
2684 4000 2989 4053 divinarum
3024 4000 3212 4063 lateres,
3243 3997 3330 4053 vel
3364 3995 3433 4051 de
3467 4011 3529 4050 ea
3577 4010 3698 4064 quae
3729 3994 3788 4047 tit

2203 4094 2257 4148 in
2294 4092 2526 4163 aequalia
2552 4101 2646 4145 aut
2680 4090 2976 4161 inaequalia
3005 4090 3255 4147 set-tione
3284 4107 3299 4155 ;
3332 4090 3484 4153 item,
3513 4088 3586 4141 De
3618 4086 3784 4140 tribus

2201 4186 2484 4241 virtutibus
2509 4201 2524 4249 ;
2552 4184 2684 4238 item
2704 4182 2780 4237 De
2806 4183 2871 4237 iis
2906 4197 3132 4252 quorum
3160 4190 3443 4236 mutantur
3464 4181 3703 4239 nomina.
3731 4187 3789 4231 et

2202 4279 2408 4348 quibus
2452 4293 2519 4332 ex
2563 4277 2752 4332 causis
2788 4286 3074 4332 mutantur
3125 4292 3141 4329 :
3192 4274 3248 4328 in
3294 4286 3407 4343 quo
3456 4287 3517 4328 se
3567 4285 3789 4340 quoque
3853 4277 3857 4281 '

2203 4370 2491 4438 scripsisse
2521 4370 2586 4423 de
2624 4367 2973 4423 Testamentis
3018 4366 3259 4436 primum
3297 4374 3355 4420 et
3388 4363 3691 4419 secundum
3727 4363 3792 4417 li-

2202 4461 2364 4515 brum
2404 4468 2658 4514 testatur.
2681 4459 3007 4533 Composuit
3035 4457 3203 4512 etiam
3237 4456 3447 4511 librum
3482 4454 3556 4507 De
3582 4470 3791 4508 secessu

2204 4559 2253 4603 et
2277 4552 2383 4606 vita
2406 4551 2659 4618 sapientis
2680 4550 2887 4616 ;a|ium
2917 4562 3140 4618 quoque
3166 4547 3241 4601 De
3269 4545 3597 4617 gigantibus.
3634 4544 3709 4597 De
3729 4559 3793 4600 eo

2206 4644 2362 4716 quod,
2387 4654 2442 4697 ut
2467 4652 2544 4697 est
2566 4644 2709 4714 apud
2738 4641 2962 4708 Mosem,
2982 4641 3190 4696 somnia
3212 4640 3467 4693 divinitus
3490 4639 3791 4692 immittun—

2209 4748 2316 4802 tur,
2349 4737 2525 4791 libros
2553 4737 2821 4806 quinque.
2852 4736 3031 4805 Atque
3058 4735 3175 4789 haec
3198 4732 3456 4804 equidem
3484 4742 3636 4795 sunt,
3668 4745 3794 4800 quas

518 4830 741 4884 Γένεσιν
778 4831 860 4892 εἰς
915 4830 1066 4900 ἡμᾶς
1109 4828 1380 4882 ελοόντων
1423 4826 1698 4901 τοσαῦταο
1751 4827 1833 4889 εἰς
1886 4826 1945 4879 δὲ
2000 4827 2095 4895 τὴν

2210 4830 2265 4884 in
2295 4829 2552 4885 Genesim
2589 4829 2658 4884 ab
2689 4844 2758 4884 eo
2791 4830 3021 4899 scripta,
3055 4828 3123 4883 ad
3158 4843 3261 4883 nos
3292 4834 3693 4896 pervenerunt.
3723 4824 3788 4878 In

520 4921 744 4987 Ἐξοδον
798 4920 1134 4997 ζητημάτων
1181 4923 1276 4974 καὶ
1330 4920 1539 4973 λύσεων
1591 4919 1755 4972 πέντε
1812 4917 2096 4987 ἔγνωμεν*

420 5043 425 5047 -
517 5015 613 5067 καὶ
642 5013 702 5065 τὸ
730 5013 873 5085 Περὶ
906 5012 1017 5083 τῆς
1060 5011 1335 5082 σκηνῆς·
1382 5012 1443 5065 τὸ
1484 5011 1625 5080 Περὶ
1667 5011 1785 5066 τῶν
1812 5009 1960 5064 δέκα
1997 5012 2102 5063 .10-

516 5106 696 5175 γίων·
733 5107 830 5161 καὶ
858 5106 928 5160 τὰ
981 5105 1119 5176 Περὶ
1170 5103 1290 5160 τῶν
1344 5094 1819 5175 ἀναφερομένων
1861 5105 1933 5157 ἐν
1954 5100 2104 5155 εῖδει

516 5201 720 5270 νόμων
760 5201 848 5268 εἰς
894 5198 969 5253 τὰ
998 5201 1402 5255 συντείνοντα
1456 5197 1756 5265 κεφάλαια
1804 5195 1927 5249 τῶν
1955 5195 2105 5249 δέκα

518 5293 737 5363 λόγων,
761 5290 834 5359 α’,
864 5289 932 5363 β’,
956 5298 1026 5359 γ’,
1055 5288 1096 5344 δ’
1117 5307 1133 5324 ο
1159 5293 1256 5345 καὶ
1281 5291 1343 5344 τὸ
1372 5292 1474 5358 Είς
1500 5289 1608 5355 τὰς
1633 5289 1967 5358 ἱερουργίας
1988 5288 2108 5341 τῶν

520 5383 710 5446 ζώωνο
742 5383 1017 5440 καὶτινα
1053 5382 1186 5452 είδη
1226 5380 1348 5436 τῶν
1384 5380 1634 5436 θυσιῶν.
1676 5381 1785 5434 Καὶ
1812 5379 1951 5447 Περὶ
1987 5378 2109 5432 τῶν

520 5476 936 5548 προκειμένων
966 5476 1039 5530 ἐν
1073 5473 1154 5540 τῷ
1193 5478 1357 5544 νόμῳ
1388 5474 1612 5539 ἄθλων,
1639 5473 1740 5527 καὶ
1772 5469 2108 5542 ἐπιθυμιῶν

520 5572 617 5625 καὶ
656 5571 841 5639 ἀρῶν.
875 5568 1121 5640 Εὕρηται
1167 5569 1221 5622 δὲ
1251 5569 1422 5623 αὑτοῦ
1475 5569 1572 5623 καὶ
1624 5566 1950 5639 μονόδιϐλαο
1995 5561 2106 5631 οἷος

521 5667 550 5718 6
582 5652 721 5732 Περὶ
750 5663 1064 5731 Προνοίας,
1093 5664 1120 5716 6
1149 5647 1316 5715 Κατὰ
1354 5661 1685 5724 Ἰουδαίων,
1711 5658 1809 5714 καί
1846 5658 1911 5712 '0
1935 5662 2107 5713 πολι-

520 5757 724 5823 τικόςτ
757 5755 841 5811 ιτι
869 5758 928 5812 δὲ
990 5755 1054 5809 '0
1097 5755 1512 5824 Ἀλέξανδρος,
1539 5755 1579 5824 ἢ
1604 5752 1746 5824 Περὶ
1774 5752 1881 5807 τοῦ
1919 5754 2105 5822 λόγον

523 5850 690 5920 ἔχειν
748 5850 821 5907 τὰ
877 5847 1069 5921 ἄλογα
1129 5846 1270 5909 ζῶα·
1333 5847 1468 5919 πρὸς
1505 5847 1718 5914 τούτοις
1759 5847 1787 5900 6
1826 5844 1964 5915 Περὶ
1996 5844 2104 5899 τοῦ

2211 4922 2459 4976 Exodum
2512 4936 2647 4976 vero
2674 4920 3039 4992 quaestionum
3065 4920 3517 4987 solutionumque
3545 4916 3792 4986 quinque

2209 5012 2386 5068 libros
2403 5010 2523 5080 ejus
2540 5024 2664 5064 esse
2690 5009 3053 5079 cognovimus
3078 5024 3094 5063 :
3119 5022 3289 5060 unum
3316 5006 3397 5059 De
3422 4999 3795 5063 tabernaculo,

2213 5119 2387 5161 unum
2419 5102 2492 5156 De
2518 5101 2818 5172 Decalogo;
2840 5101 2915 5155 De
2945 5102 3008 5159 iis
3037 5116 3151 5170 quae
3173 5099 3269 5154 sub
3288 5099 3458 5169 specie
3479 5096 3654 5164 legum
3678 5093 3791 5147 lata

2215 5198 2284 5252 ad
2308 5194 2636 5265 Decaloqum
2662 5194 2987 5264 releruntur,
3019 5194 3455 5262 libroquuatuor
3483 5206 3499 5256 ;
3534 5190 3605 5242 De
3626 5187 3790 5242 sacri-

2213 5289 2350 5358 ﬁciis
2394 5286 2735 5349 animalium,
2767 5295 2816 5340 et
2857 5303 2974 5357 qua:
3008 5289 3113 5340 sint
3152 5284 3541 5353 sacriﬁciorum
3571 5284 3790 5353 genera,

2213 5384 2418 5438 librum
2456 5395 2649 5435 unum.
2679 5379 2814 5434 ltem
2860 5378 2935 5433 De
2970 5378 3253 5448 propositis
3286 5379 3340 5430 in
3382 5375 3493 5445 lege
3537 5373 3794 5443 prmmiis,

2215 5475 2498 5531 honoribus
2520 5473 2716 5528 scilicet
2751 5481 2800 5525 et
2832 5473 3022 5541 pomis.
3051 5470 3423 5525 Inveniuntur
3466 5469 3633 5523 etiam
3681 5465 3798 5520 sin-

2215 5570 2434 5640 gulares
2458 5569 2578 5638 ejus
2602 5565 2726 5620 libri
2762 5583 2777 5620 :
2813 5564 3053 5635 161m
3085 5561 3160 5616 De
3186 5561 3556 5625 Providentia,
3590 5556 3796 5614 Contra

2210 5660 2449 5722 Juda'os,
2486 5658 2561 5712 De
2596 5656 2900 5727 republica;
2935 5653 3264 5720 Alexander,
3293 5653 3402 5708 sive
3437 5653 3515 5707 De
3543 5652 3794 5706 animan-

2214 5753 2348 5807 tibus
2371 5750 2778 5807 irrationalibus
2804 5751 3070 5805 rationem
3098 5747 3409 5802 habentibus
3431 5762 3452 5812 ;
3474 5744 3630 5811 item,
3668 5741 3771 5799 Ser

2213 5859 2301 5900 t'os
2353 5857 2461 5897 esse
2505 5841 2674 5897 malos
2727 5857 2926 5898 omnes.
2977 5840 3042 5895 Et
3078 5839 3171 5913 qui
3221 5839 3370 5896 hunc
3407 5833 3795 5908 consequitur,
