  <div class='ocr_page' id='page_1' title='image "/cluster/home/n/w/nwhite01/storage/ocr_20150623/145:no.1/coo.31924054870500/408.png"; bbox 0 0 4046 6450; ppageno 0'>
   <div class='ocr_carea' id='block_1_1' title="bbox 480 364 583 426">
    <p class='ocr_par' dir='ltr' id='par_1_1' title="bbox 480 364 583 426">
     <span class='ocr_line' id='line_1_1' title="bbox 480 364 583 426; baseline 0.01 -1"><span class='ocrx_word' id='word_1_1' title='bbox 480 364 583 426; x_wconf 84' lang='grc'><strong>801</strong></span> 
     </span>
    </p>
   </div>
   <div class='ocr_carea' id='block_1_2' title="bbox 1439 361 2795 423">
    <p class='ocr_par' dir='ltr' id='par_1_2' title="bbox 1439 361 2795 423">
     <span class='ocr_line' id='line_1_2' title="bbox 1439 361 2795 423; baseline -0.002 -3"><span class='ocrx_word' id='word_1_2' title='bbox 1439 362 2050 423; x_wconf 54' lang='grc' dir='ltr'><strong>ΕϐίῖἰιΕΞΙΑΒΤΙΠλἘ</strong></span> <span class='ocrx_word' id='word_1_3' title='bbox 2093 361 2485 419; x_wconf 62' lang='grc' dir='ltr'>ιιιδΤοιιΗῖ</span> <span class='ocrx_word' id='word_1_4' title='bbox 2523 361 2669 420; x_wconf 75' lang='lat' dir='ltr'><strong>LIB.</strong></span> <span class='ocrx_word' id='word_1_5' title='bbox 2716 361 2795 419; x_wconf 85' lang='lat' dir='ltr'><strong>ll.</strong></span> 
     </span>
    </p>
   </div>
   <div class='ocr_carea' id='block_1_3' title="bbox 3633 360 3741 424">
    <p class='ocr_par' dir='ltr' id='par_1_3' title="bbox 3633 360 3741 424">
     <span class='ocr_line' id='line_1_3' title="bbox 3633 360 3741 424; baseline -0.028 0"><span class='ocrx_word' id='word_1_6' title='bbox 3633 360 3741 424; x_wconf 72' lang='lat'><strong>202</strong></span> 
     </span>
    </p>
   </div>
   <div class='ocr_carea' id='block_1_4' title="bbox 472 475 2059 549">
    <p class='ocr_par' dir='ltr' id='par_1_4' title="bbox 472 475 2044 549">
     <span class='ocr_line' id='line_1_4' title="bbox 472 475 2044 549; baseline -0.005 -13"><span class='ocrx_word' id='word_1_7' title='bbox 472 486 566 537; x_wconf 56' lang='grc' dir='ltr'>τὴν</span> <span class='ocrx_word' id='word_1_8' title='bbox 602 480 760 543; x_wconf 80' lang='grc' dir='ltr'>Θεὸν,</span> <span class='ocrx_word' id='word_1_9' title='bbox 793 478 886 534; x_wconf 69' lang='grc' dir='ltr'>καὶ</span> <span class='ocrx_word' id='word_1_10' title='bbox 919 480 1029 538; x_wconf 76' lang='grc' dir='ltr'>τοῖς</span> <span class='ocrx_word' id='word_1_11' title='bbox 1077 476 1395 549; x_wconf 75' lang='grc' dir='ltr'>ἀνθρώποις</span> <span class='ocrx_word' id='word_1_12' title='bbox 1439 477 1726 547; x_wconf 76' lang='grc' dir='ltr'><strong>ὑποθήκας</strong></span> <span class='ocrx_word' id='word_1_13' title='bbox 1762 476 1865 530; x_wconf 80' lang='grc' dir='ltr'>-τοῦ</span> <span class='ocrx_word' id='word_1_14' title='bbox 1926 475 2044 546; x_wconf 78' lang='grc' dir='ltr'><strong>βῖου</strong></span> 
     </span>
    </p>
   </div>
   <div class='ocr_carea' id='block_1_5' title="bbox 2161 475 3736 549">
    <p class='ocr_par' dir='ltr' id='par_1_5' title="bbox 2161 476 3736 547">
     <span class='ocr_line' id='line_1_5' title="bbox 2161 476 3736 547; baseline 0.003 -20"><span class='ocrx_word' id='word_1_15' title='bbox 2161 492 2281 530; x_wconf 82' lang='lat' dir='ltr'><strong>rero</strong></span> <span class='ocrx_word' id='word_1_16' title='bbox 2316 476 2391 542; x_wconf 80' lang='grc' dir='ltr'><strong>(ι)</strong></span> <span class='ocrx_word' id='word_1_17' title='bbox 2433 491 2462 529; x_wconf 89' lang='lat' dir='ltr'><strong>a</strong></span> <span class='ocrx_word' id='word_1_18' title='bbox 2496 476 2658 531; x_wconf 71' lang='lat' dir='ltr'><strong>illusis</strong></span> <span class='ocrx_word' id='word_1_19' title='bbox 2689 485 2863 530; x_wconf 89' lang='lat' dir='ltr'><strong>morte</strong></span> <span class='ocrx_word' id='word_1_20' title='bbox 2910 490 3083 545; x_wconf 63' lang='lat' dir='ltr'><strong>usque</strong></span> <span class='ocrx_word' id='word_1_21' title='bbox 3135 476 3204 530; x_wconf 87' lang='lat' dir='ltr'><strong>ad</strong></span> <span class='ocrx_word' id='word_1_22' title='bbox 3251 477 3599 543; x_wconf 68' lang='lat' dir='ltr'><strong>Artaxerxis,</strong></span> <span class='ocrx_word' id='word_1_23' title='bbox 3642 477 3736 547; x_wconf 89' lang='lat' dir='ltr'><strong>qui</strong></span> 
     </span>
    </p>
   </div>
   <div class='ocr_carea' id='block_1_6' title="bbox 475 567 2048 645">
    <p class='ocr_par' dir='ltr' id='par_1_6' title="bbox 475 567 2048 645">
     <span class='ocr_line' id='line_1_6' title="bbox 475 567 2048 645; baseline -0.006 -15"><span class='ocrx_word' id='word_1_24' title='bbox 475 575 852 645; x_wconf 76' lang='grc' dir='ltr'>περιέχουσιν.</span> <span class='ocrx_word' id='word_1_25' title='bbox 903 571 1032 624; x_wconf 68' lang='grc' dir='ltr'><strong>Ἀπὸ</strong></span> <span class='ocrx_word' id='word_1_26' title='bbox 1069 570 1124 624; x_wconf 78' lang='grc' dir='ltr'>δὲ</span> <span class='ocrx_word' id='word_1_27' title='bbox 1165 567 1531 638; x_wconf 78' lang='grc' dir='ltr'>’Δρταξέρξου</span> <span class='ocrx_word' id='word_1_28' title='bbox 1573 568 1738 640; x_wconf 85' lang='grc' dir='ltr'>μέχρι</span> <span class='ocrx_word' id='word_1_29' title='bbox 1791 568 1884 621; x_wconf 83' lang='grc' dir='ltr'><strong>τοῦ</strong></span> <span class='ocrx_word' id='word_1_30' title='bbox 1926 568 2048 621; x_wconf 83' lang='grc' dir='ltr'>καθ’</span> 
     </span>
    </p>
   </div>
   <div class='ocr_carea' id='block_1_7' title="bbox 470 660 2050 737">
    <p class='ocr_par' dir='ltr' id='par_1_7' title="bbox 470 660 2050 737">
     <span class='ocr_line' id='line_1_7' title="bbox 470 660 2050 737; baseline -0.004 -17"><span class='ocrx_word' id='word_1_31' title='bbox 470 668 625 737; x_wconf 78' lang='grc' dir='ltr'>ἡμᾶς</span> <span class='ocrx_word' id='word_1_32' title='bbox 677 667 872 736; x_wconf 80' lang='grc' dir='ltr'>χρόνου</span> <span class='ocrx_word' id='word_1_33' title='bbox 916 664 1232 734; x_wconf 68' lang='grc' dir='ltr'>γέγραπται</span> <span class='ocrx_word' id='word_1_34' title='bbox 1270 660 1369 730; x_wconf 80' lang='grc' dir='ltr'><strong>μὲν</strong></span> <span class='ocrx_word' id='word_1_35' title='bbox 1421 660 1663 713; x_wconf 69' lang='grc' dir='ltr'>ἕκαστα*</span> <span class='ocrx_word' id='word_1_36' title='bbox 1718 660 1952 722; x_wconf 77' lang='grc' dir='ltr'>πίστεως</span> <span class='ocrx_word' id='word_1_37' title='bbox 1994 660 2050 713; x_wconf 82' lang='grc' dir='ltr'>δὲ</span> 
     </span>
    </p>
   </div>
   <div class='ocr_carea' id='block_1_8' title="bbox 475 744 2050 829">
    <p class='ocr_par' dir='ltr' id='par_1_8' title="bbox 475 744 2050 829">
     <span class='ocr_line' id='line_1_8' title="bbox 475 744 2050 829; baseline -0.006 -17"><span class='ocrx_word' id='word_1_38' title='bbox 475 763 576 827; x_wconf 71' lang='grc' dir='ltr'>οὐχ</span> <span class='ocrx_word' id='word_1_39' title='bbox 602 760 794 829; x_wconf 75' lang='grc' dir='ltr'>ὁμοίας</span> <span class='ocrx_word' id='word_1_40' title='bbox 846 756 1075 826; x_wconf 68' lang='grc' dir='ltr'>ἠξίωται</span> <span class='ocrx_word' id='word_1_41' title='bbox 1105 756 1218 817; x_wconf 86' lang='grc' dir='ltr'>τοῖς</span> <span class='ocrx_word' id='word_1_42' title='bbox 1249 754 1356 824; x_wconf 86' lang='grc' dir='ltr'><strong>πρὸ</strong></span> <span class='ocrx_word' id='word_1_43' title='bbox 1405 744 1720 817; x_wconf 54' lang='grc' dir='ltr'>αὑτῶνξδιὰ</span> <span class='ocrx_word' id='word_1_44' title='bbox 1752 750 1817 804; x_wconf 81' lang='grc' dir='ltr'>τὸ</span> <span class='ocrx_word' id='word_1_45' title='bbox 1847 752 1921 822; x_wconf 82' lang='grc' dir='ltr'>μὴ</span> <span class='ocrx_word' id='word_1_46' title='bbox 1952 769 2050 819; x_wconf 60' lang='grc' dir='ltr'><strong>γε-</strong></span> 
     </span>
    </p>
   </div>
   <div class='ocr_carea' id='block_1_9' title="bbox 479 843 2051 919">
    <p class='ocr_par' dir='ltr' id='par_1_9' title="bbox 479 843 2051 919">
     <span class='ocr_line' id='line_1_9' title="bbox 479 843 2051 919; baseline -0.006 -14"><span class='ocrx_word' id='word_1_47' title='bbox 479 850 661 907; x_wconf 74' lang='grc' dir='ltr'>νέσθαι</span> <span class='ocrx_word' id='word_1_48' title='bbox 701 851 801 918; x_wconf 85' lang='grc' dir='ltr'><strong>τὴν</strong></span> <span class='ocrx_word' id='word_1_49' title='bbox 830 849 939 901; x_wconf 83' lang='grc' dir='ltr'>τῶν</span> <span class='ocrx_word' id='word_1_50' title='bbox 974 846 1277 919; x_wconf 79' lang='grc' dir='ltr'><strong>προφητῶν</strong></span> <span class='ocrx_word' id='word_1_51' title='bbox 1307 844 1515 916; x_wconf 76' lang='grc' dir='ltr'>ἀκριϐῆ</span> <span class='ocrx_word' id='word_1_52' title='bbox 1562 843 1840 913; x_wconf 83' lang='grc' dir='ltr'>διαδοχήν.</span> <span class='ocrx_word' id='word_1_53' title='bbox 1880 843 2051 914; x_wconf 81' lang='grc' dir='ltr'>Δῆλον</span> 
     </span>
    </p>
   </div>
   <div class='ocr_carea' id='block_1_10' title="bbox 478 935 2050 1009">
    <p class='ocr_par' dir='ltr' id='par_1_10' title="bbox 478 935 2050 1009">
     <span class='ocr_line' id='line_1_10' title="bbox 478 935 2050 1009; baseline -0.006 -15"><span class='ocrx_word' id='word_1_54' title='bbox 478 942 524 996; x_wconf 88' lang='grc' dir='ltr'>δ’</span> <span class='ocrx_word' id='word_1_55' title='bbox 553 941 671 993; x_wconf 73' lang='grc' dir='ltr'>ἐστὶ</span> <span class='ocrx_word' id='word_1_56' title='bbox 702 940 822 1002; x_wconf 85' lang='grc' dir='ltr'>πῶς</span> <span class='ocrx_word' id='word_1_57' title='bbox 848 941 1007 1009; x_wconf 80' lang='grc' dir='ltr'>ἡμεῖς</span> <span class='ocrx_word' id='word_1_58' title='bbox 1033 938 1179 1008; x_wconf 72' lang='grc' dir='ltr'>ἔργῳ</span> <span class='ocrx_word' id='word_1_59' title='bbox 1220 938 1491 1008; x_wconf 81' lang='grc' dir='ltr'><strong>πρόσιμεν</strong></span> <span class='ocrx_word' id='word_1_60' title='bbox 1514 939 1629 999; x_wconf 87' lang='grc' dir='ltr'>τοῖς</span> <span class='ocrx_word' id='word_1_61' title='bbox 1674 935 1832 998; x_wconf 78' lang='grc' dir='ltr'><strong>ἰδίοις</strong></span> <span class='ocrx_word' id='word_1_62' title='bbox 1865 935 2050 1006; x_wconf 82' lang='grc' dir='ltr'>γράμ-</span> 
     </span>
    </p>
   </div>
   <div class='ocr_carea' id='block_1_11' title="bbox 482 1028 2052 1104">
    <p class='ocr_par' dir='ltr' id='par_1_11' title="bbox 482 1028 2052 1104">
     <span class='ocr_line' id='line_1_11' title="bbox 482 1028 2052 1104; baseline -0.004 -17"><span class='ocrx_word' id='word_1_63' title='bbox 482 1050 647 1104; x_wconf 87' lang='grc' dir='ltr'>μασι·</span> <span class='ocrx_word' id='word_1_64' title='bbox 684 1031 941 1084; x_wconf 74' lang='grc' dir='ltr'>τοσούτου</span> <span class='ocrx_word' id='word_1_65' title='bbox 976 1034 1086 1101; x_wconf 80' lang='grc' dir='ltr'><strong>γὰρ</strong></span> <span class='ocrx_word' id='word_1_66' title='bbox 1112 1031 1308 1092; x_wconf 76' lang='grc' dir='ltr'>αἰῶνος</span> <span class='ocrx_word' id='word_1_67' title='bbox 1336 1029 1438 1100; x_wconf 66' lang='grc' dir='ltr'>ἤδη</span> <span class='ocrx_word' id='word_1_68' title='bbox 1471 1028 1894 1098; x_wconf 75' lang='grc' dir='ltr'>παρῳχηκότος,</span> <span class='ocrx_word' id='word_1_69' title='bbox 1925 1028 2052 1081; x_wconf 76' lang='grc' dir='ltr'>οὔτε</span> 
     </span>
    </p>
   </div>
   <div class='ocr_carea' id='block_1_12' title="bbox 478 1118 2053 1196">
    <p class='ocr_par' dir='ltr' id='par_1_12' title="bbox 478 1118 2053 1196">
     <span class='ocr_line' id='line_1_12' title="bbox 478 1118 2053 1196; baseline -0.004 -19"><span class='ocrx_word' id='word_1_70' title='bbox 478 1124 801 1196; x_wconf 88' lang='grc' dir='ltr'>προσθεῖναί</span> <span class='ocrx_word' id='word_1_71' title='bbox 831 1141 913 1187; x_wconf 89' lang='grc' dir='ltr'><strong>τις</strong></span> <span class='ocrx_word' id='word_1_72' title='bbox 940 1121 1067 1176; x_wconf 70' lang='grc' dir='ltr'>οὔτε</span> <span class='ocrx_word' id='word_1_73' title='bbox 1095 1121 1319 1191; x_wconf 75' lang='grc' dir='ltr'><strong>ἀφελεῖν</strong></span> <span class='ocrx_word' id='word_1_74' title='bbox 1350 1120 1448 1174; x_wconf 84' lang='grc' dir='ltr'><strong>ἀπ’</strong></span> <span class='ocrx_word' id='word_1_75' title='bbox 1492 1119 1674 1173; x_wconf 75' lang='grc' dir='ltr'>αὐτῶν</span> <span class='ocrx_word' id='word_1_76' title='bbox 1726 1118 1852 1172; x_wconf 75' lang='grc' dir='ltr'>οὔτε</span> <span class='ocrx_word' id='word_1_77' title='bbox 1884 1136 2053 1189; x_wconf 86' lang='grc' dir='ltr'>μετα-</span> 
     </span>
    </p>
   </div>
   <div class='ocr_carea' id='block_1_13' title="bbox 480 1209 2052 1287">
    <p class='ocr_par' dir='ltr' id='par_1_13' title="bbox 480 1209 2052 1287">
     <span class='ocr_line' id='line_1_13' title="bbox 480 1209 2052 1287; baseline -0.005 -16"><span class='ocrx_word' id='word_1_78' title='bbox 480 1219 652 1272; x_wconf 81' lang='grc' dir='ltr'>θεῖναι</span> <span class='ocrx_word' id='word_1_79' title='bbox 685 1217 1013 1287; x_wconf 76' lang='grc' dir='ltr'><strong>τετόλμηκε.</strong></span> <span class='ocrx_word' id='word_1_80' title='bbox 1052 1216 1195 1269; x_wconf 85' lang='grc' dir='ltr'>Πᾶσι</span> <span class='ocrx_word' id='word_1_81' title='bbox 1225 1215 1282 1267; x_wconf 79' lang='grc' dir='ltr'>δὲ</span> <span class='ocrx_word' id='word_1_82' title='bbox 1310 1213 1593 1283; x_wconf 86' lang='grc' dir='ltr'>σύμφυτόν</span> <span class='ocrx_word' id='word_1_83' title='bbox 1623 1215 1772 1266; x_wconf 80' lang='grc' dir='ltr'>ἐστιν</span> <span class='ocrx_word' id='word_1_84' title='bbox 1800 1213 1865 1264; x_wconf 78' lang='grc' dir='ltr'>ὲκ</span> <span class='ocrx_word' id='word_1_85' title='bbox 1895 1209 2052 1282; x_wconf 82' lang='grc' dir='ltr'>πρώ-</span> 
     </span>
    </p>
   </div>
   <div class='ocr_carea' id='block_1_14' title="bbox 479 1304 2055 1380">
    <p class='ocr_par' dir='ltr' id='par_1_14' title="bbox 479 1304 2055 1380">
     <span class='ocr_line' id='line_1_14' title="bbox 479 1304 2055 1380; baseline -0.004 -17"><span class='ocrx_word' id='word_1_86' title='bbox 479 1328 575 1380; x_wconf 89' lang='grc' dir='ltr'><strong>της</strong></span> <span class='ocrx_word' id='word_1_87' title='bbox 609 1310 878 1380; x_wconf 82' lang='grc' dir='ltr'>γενέσεως</span> <span class='ocrx_word' id='word_1_88' title='bbox 918 1308 1189 1373; x_wconf 75' lang='grc' dir='ltr'><strong>Ἰουδαίοις</strong></span> <span class='ocrx_word' id='word_1_89' title='bbox 1218 1308 1278 1361; x_wconf 86' lang='grc' dir='ltr'><strong>τὸ</strong></span> <span class='ocrx_word' id='word_1_90' title='bbox 1320 1306 1567 1371; x_wconf 78' lang='grc' dir='ltr'>νομίζειν</span> <span class='ocrx_word' id='word_1_91' title='bbox 1600 1305 1742 1359; x_wconf 81' lang='grc' dir='ltr'>αὐτὰ.</span> <span class='ocrx_word' id='word_1_92' title='bbox 1771 1304 1892 1358; x_wconf 87' lang='grc' dir='ltr'>θεῖα</span> <span class='ocrx_word' id='word_1_93' title='bbox 1931 1306 2055 1372; x_wconf 81' lang='grc' dir='ltr'>δόγ-</span> 
     </span>
    </p>
   </div>
   <div class='ocr_carea' id='block_1_15' title="bbox 484 1397 2053 1471">
    <p class='ocr_par' dir='ltr' id='par_1_15' title="bbox 484 1397 2053 1471">
     <span class='ocr_line' id='line_1_15' title="bbox 484 1397 2053 1471; baseline -0.003 -18"><span class='ocrx_word' id='word_1_94' title='bbox 484 1419 654 1471; x_wconf 81' lang='grc' dir='ltr'>ματα,</span> <span class='ocrx_word' id='word_1_95' title='bbox 703 1402 799 1455; x_wconf 73' lang='grc' dir='ltr'>καὶ</span> <span class='ocrx_word' id='word_1_96' title='bbox 828 1403 1036 1463; x_wconf 80' lang='grc' dir='ltr'><strong>τούτοις</strong></span> <span class='ocrx_word' id='word_1_97' title='bbox 1082 1401 1405 1470; x_wconf 74' lang='grc' dir='ltr'>ἐπιμένειν,</span> <span class='ocrx_word' id='word_1_98' title='bbox 1459 1400 1553 1452; x_wconf 80' lang='grc' dir='ltr'><strong>καὶ</strong></span> <span class='ocrx_word' id='word_1_99' title='bbox 1605 1397 1744 1468; x_wconf 85' lang='grc' dir='ltr'>ὑπὲρ</span> <span class='ocrx_word' id='word_1_100' title='bbox 1765 1397 1968 1461; x_wconf 82' lang='grc' dir='ltr'>αὐτῶν,</span> <span class='ocrx_word' id='word_1_101' title='bbox 2003 1397 2053 1450; x_wconf 86' lang='grc' dir='ltr'><strong>εί</strong></span> 
     </span>
    </p>
   </div>
   <div class='ocr_carea' id='block_1_16' title="bbox 481 1488 2055 1564">
    <p class='ocr_par' dir='ltr' id='par_1_16' title="bbox 481 1488 2055 1564">
     <span class='ocr_line' id='line_1_16' title="bbox 481 1488 2055 1564; baseline -0.001 -18"><span class='ocrx_word' id='word_1_102' title='bbox 481 1494 611 1559; x_wconf 77' lang='grc' dir='ltr'>δέοι,</span> <span class='ocrx_word' id='word_1_103' title='bbox 641 1493 899 1564; x_wconf 77' lang='grc' dir='ltr'>θνήσκειν</span> <span class='ocrx_word' id='word_1_104' title='bbox 923 1493 1111 1564; x_wconf 77' lang='grc' dir='ltr'>ἡδέως.</span> <span class='ocrx_word' id='word_1_105' title='bbox 1153 1512 1172 1546; x_wconf 69' lang='grc' dir='ltr'><strong>ι</strong></span> <span class='ocrx_word' id='word_1_106' title='bbox 1217 1492 1360 1563; x_wconf 74' lang='grc' dir='ltr'>Πρὸς</span> <span class='ocrx_word' id='word_1_107' title='bbox 1385 1491 1441 1544; x_wconf 82' lang='grc' dir='ltr'>δὲ</span> <span class='ocrx_word' id='word_1_108' title='bbox 1470 1490 1548 1562; x_wconf 84' lang='grc' dir='ltr'>τῷ</span> <span class='ocrx_word' id='word_1_109' title='bbox 1570 1490 1718 1544; x_wconf 86' lang='grc' dir='ltr'>τέλει</span> <span class='ocrx_word' id='word_1_110' title='bbox 1747 1490 1847 1560; x_wconf 82' lang='grc' dir='ltr'>τῆς</span> <span class='ocrx_word' id='word_1_111' title='bbox 1877 1488 1926 1544; x_wconf 87' lang='grc' dir='ltr'>κ’</span> <span class='ocrx_word' id='word_1_112' title='bbox 1951 1491 2055 1557; x_wconf 85' lang='grc' dir='ltr'><strong>ἁρ-</strong></span> 
     </span>
    </p>
   </div>
   <div class='ocr_carea' id='block_1_17' title="bbox 482 1581 2053 1655">
    <p class='ocr_par' dir='ltr' id='par_1_17' title="bbox 482 1581 2053 1655">
     <span class='ocr_line' id='line_1_17' title="bbox 482 1581 2053 1655; baseline -0.004 -15"><span class='ocrx_word' id='word_1_113' title='bbox 482 1585 835 1655; x_wconf 76' lang='grc' dir='ltr'>χαιολογίας</span> <span class='ocrx_word' id='word_1_114' title='bbox 899 1585 1155 1653; x_wconf 77' lang='grc' dir='ltr'><strong>ἐμφαίνει</strong></span> <span class='ocrx_word' id='word_1_115' title='bbox 1200 1585 1257 1636; x_wconf 82' lang='grc' dir='ltr'>ὲν</span> <span class='ocrx_word' id='word_1_116' title='bbox 1301 1583 1566 1653; x_wconf 82' lang='grc' dir='ltr'>τέσσαρσι</span> <span class='ocrx_word' id='word_1_117' title='bbox 1620 1582 1938 1653; x_wconf 74' lang='grc' dir='ltr'>συγγράψαι</span> <span class='ocrx_word' id='word_1_118' title='bbox 1969 1581 2053 1651; x_wconf 85' lang='grc' dir='ltr'><strong>βι-</strong></span> 
     </span>
    </p>
   </div>
   <div class='ocr_carea' id='block_1_18' title="bbox 483 1672 2052 1745">
    <p class='ocr_par' dir='ltr' id='par_1_18' title="bbox 483 1672 2052 1745">
     <span class='ocr_line' id='line_1_18' title="bbox 483 1672 2052 1745; baseline -0.001 -15"><span class='ocrx_word' id='word_1_119' title='bbox 483 1677 652 1740; x_wconf 74' lang='grc' dir='ltr'>ϐλῐοις</span> <span class='ocrx_word' id='word_1_120' title='bbox 686 1676 823 1745; x_wconf 73' lang='grc' dir='ltr'>Περὶ</span> <span class='ocrx_word' id='word_1_121' title='bbox 851 1675 1026 1741; x_wconf 83' lang='grc' dir='ltr'><strong>Θεοῦ,</strong></span> <span class='ocrx_word' id='word_1_122' title='bbox 1058 1675 1182 1729; x_wconf 81' lang='grc' dir='ltr'>ὅσαι</span> <span class='ocrx_word' id='word_1_123' title='bbox 1211 1675 1443 1742; x_wconf 82' lang='grc' dir='ltr'>πάτριαι</span> <span class='ocrx_word' id='word_1_124' title='bbox 1464 1673 1635 1741; x_wconf 85' lang='grc' dir='ltr'>δόξαι,</span> <span class='ocrx_word' id='word_1_125' title='bbox 1672 1675 1765 1727; x_wconf 78' lang='grc' dir='ltr'>καὶ</span> <span class='ocrx_word' id='word_1_126' title='bbox 1799 1672 1928 1744; x_wconf 79' lang='grc' dir='ltr'>περὶ</span> <span class='ocrx_word' id='word_1_127' title='bbox 1956 1673 2052 1742; x_wconf 84' lang='grc' dir='ltr'><strong>τῆς</strong></span> 
     </span>
    </p>
   </div>
   <div class='ocr_carea' id='block_1_19' title="bbox 483 1764 2055 1839">
    <p class='ocr_par' dir='ltr' id='par_1_19' title="bbox 483 1764 2055 1839">
     <span class='ocr_line' id='line_1_19' title="bbox 483 1764 2055 1839; baseline -0.004 -16"><span class='ocrx_word' id='word_1_128' title='bbox 483 1770 669 1832; x_wconf 77' lang='grc' dir='ltr'>οὐσίας</span> <span class='ocrx_word' id='word_1_129' title='bbox 698 1769 884 1836; x_wconf 82' lang='grc' dir='ltr'>αὐτοῦ,</span> <span class='ocrx_word' id='word_1_130' title='bbox 921 1769 1016 1823; x_wconf 76' lang='grc' dir='ltr'><strong>καὶ</strong></span> <span class='ocrx_word' id='word_1_131' title='bbox 1044 1769 1174 1839; x_wconf 71' lang='grc' dir='ltr'>περὶ</span> <span class='ocrx_word' id='word_1_132' title='bbox 1198 1769 1309 1821; x_wconf 85' lang='grc' dir='ltr'>τῶν</span> <span class='ocrx_word' id='word_1_133' title='bbox 1341 1768 1527 1838; x_wconf 87' lang='grc' dir='ltr'>νόμων</span> <span class='ocrx_word' id='word_1_134' title='bbox 1548 1785 1561 1799; x_wconf 91' lang='grc'><strong>·</strong></span> <span class='ocrx_word' id='word_1_135' title='bbox 1600 1766 1687 1820; x_wconf 71' lang='grc' dir='ltr'>διὰ</span> <span class='ocrx_word' id='word_1_136' title='bbox 1725 1767 1780 1819; x_wconf 90' lang='grc' dir='ltr'><strong>τί</strong></span> <span class='ocrx_word' id='word_1_137' title='bbox 1808 1764 1930 1819; x_wconf 83' lang='grc' dir='ltr'>κατ’</span> <span class='ocrx_word' id='word_1_138' title='bbox 1959 1765 2055 1818; x_wconf 79' lang='grc' dir='ltr'><strong>αὐ-</strong></span> 
     </span>
    </p>
   </div>
   <div class='ocr_carea' id='block_1_20' title="bbox 432 1850 2057 1931">
    <p class='ocr_par' dir='ltr' id='par_1_20' title="bbox 432 1850 2057 1931">
     <span class='ocr_line' id='line_1_20' title="bbox 432 1850 2057 1931; baseline -0.002 -20"><span class='ocrx_word' id='word_1_139' title='bbox 432 1850 443 1861; x_wconf 79' lang='grc'><em>’</em></span> <span class='ocrx_word' id='word_1_140' title='bbox 483 1861 611 1922; x_wconf 73' lang='grc' dir='ltr'>τοὺς</span> <span class='ocrx_word' id='word_1_141' title='bbox 659 1860 726 1913; x_wconf 81' lang='grc' dir='ltr'>τὰ</span> <span class='ocrx_word' id='word_1_142' title='bbox 759 1859 860 1929; x_wconf 76' lang='grc' dir='ltr'>μὲν</span> <span class='ocrx_word' id='word_1_143' title='bbox 888 1858 1065 1924; x_wconf 78' lang='grc' dir='ltr'>ἔξεστι</span> <span class='ocrx_word' id='word_1_144' title='bbox 1091 1860 1374 1931; x_wconf 75' lang='grc' dir='ltr'>πράττειν,</span> <span class='ocrx_word' id='word_1_145' title='bbox 1404 1861 1475 1912; x_wconf 81' lang='grc' dir='ltr'>τὰ</span> <span class='ocrx_word' id='word_1_146' title='bbox 1502 1857 1560 1912; x_wconf 82' lang='grc' dir='ltr'>δὲ</span> <span class='ocrx_word' id='word_1_147' title='bbox 1586 1855 2057 1911; x_wconf 65' lang='grc' dir='ltr'>κεκώλυται.ιΚαὶ</span> 
     </span>
    </p>
   </div>
   <div class='ocr_carea' id='block_1_21' title="bbox 485 1949 2051 2024">
    <p class='ocr_par' dir='ltr' id='par_1_21' title="bbox 485 1949 2051 2024">
     <span class='ocr_line' id='line_1_21' title="bbox 485 1949 2051 2024; baseline -0.003 -18"><span class='ocrx_word' id='word_1_148' title='bbox 485 1951 620 2006; x_wconf 76' lang='grc' dir='ltr'>ἄλλα</span> <span class='ocrx_word' id='word_1_149' title='bbox 665 1951 720 2005; x_wconf 82' lang='grc' dir='ltr'>δὲ</span> <span class='ocrx_word' id='word_1_150' title='bbox 751 1951 901 2023; x_wconf 82' lang='grc' dir='ltr'>αὐτῷ</span> <span class='ocrx_word' id='word_1_151' title='bbox 935 1953 1340 2024; x_wconf 78' lang='grc' dir='ltr'><strong>σπουδασθῆναι</strong></span> <span class='ocrx_word' id='word_1_152' title='bbox 1371 1954 1399 2006; x_wconf 87' lang='grc' dir='ltr'><strong>ό</strong></span> <span class='ocrx_word' id='word_1_153' title='bbox 1427 1952 1590 2015; x_wconf 76' lang='grc' dir='ltr'>αὐτὸς</span> <span class='ocrx_word' id='word_1_154' title='bbox 1640 1954 1700 2004; x_wconf 81' lang='grc' dir='ltr'>ὲν</span> <span class='ocrx_word' id='word_1_155' title='bbox 1740 1952 1855 2014; x_wconf 87' lang='grc' dir='ltr'>τοῖς</span> <span class='ocrx_word' id='word_1_156' title='bbox 1884 1949 2051 2003; x_wconf 69' lang='grc' dir='ltr'>αἰτοῦ</span> 
     </span>
    </p>
   </div>
   <div class='ocr_carea' id='block_1_22' title="bbox 485 2043 2052 2114">
    <p class='ocr_par' dir='ltr' id='par_1_22' title="bbox 485 2043 2052 2114">
     <span class='ocr_line' id='line_1_22' title="bbox 485 2043 2052 2114; baseline -0.001 -16"><span class='ocrx_word' id='word_1_157' title='bbox 485 2044 771 2111; x_wconf 78' lang='grc' dir='ltr'>καταλέγει</span> <span class='ocrx_word' id='word_1_158' title='bbox 829 2046 1285 2114; x_wconf 80' lang='grc' dir='ltr'>συγγράμμασιν.</span> <span class='ocrx_word' id='word_1_159' title='bbox 1330 2044 1417 2097; x_wconf 86' lang='grc' dir='ltr'>Ἐν</span> <span class='ocrx_word' id='word_1_160' title='bbox 1442 2043 1499 2098; x_wconf 78' lang='grc' dir='ltr'>δὲ</span> <span class='ocrx_word' id='word_1_161' title='bbox 1549 2043 1628 2113; x_wconf 86' lang='grc' dir='ltr'>τῷ</span> <span class='ocrx_word' id='word_1_162' title='bbox 1656 2044 1754 2111; x_wconf 81' lang='grc' dir='ltr'>τῆς</span> <span class='ocrx_word' id='word_1_163' title='bbox 1780 2043 2052 2112; x_wconf 83' lang='grc' dir='ltr'>Ἀρχαιο-</span> 
     </span>
    </p>
   </div>
   <div class='ocr_carea' id='block_1_23' title="bbox 484 2127 2055 2199">
    <p class='ocr_par' dir='ltr' id='par_1_23' title="bbox 484 2127 2055 2199">
     <span class='ocr_line' id='line_1_23' title="bbox 484 2127 2055 2199; baseline -0.001 -17"><span class='ocrx_word' id='word_1_164' title='bbox 484 2131 696 2199; x_wconf 74' lang='grc' dir='ltr'>λογίας</span> <span class='ocrx_word' id='word_1_165' title='bbox 718 2128 860 2181; x_wconf 84' lang='grc' dir='ltr'>τέλει</span> <span class='ocrx_word' id='word_1_166' title='bbox 891 2128 1199 2184; x_wconf 72' lang='grc' dir='ltr'>διαϐάλλων</span> <span class='ocrx_word' id='word_1_167' title='bbox 1215 2128 1449 2182; x_wconf 83' lang='grc' dir='ltr'>Ἰοῦστον</span> <span class='ocrx_word' id='word_1_168' title='bbox 1478 2129 1737 2198; x_wconf 78' lang='grc' dir='ltr'>Τιϐεριέα</span> <span class='ocrx_word' id='word_1_169' title='bbox 1766 2130 1889 2182; x_wconf 83' lang='grc' dir='ltr'>τινὰ</span> <span class='ocrx_word' id='word_1_170' title='bbox 1912 2127 2055 2182; x_wconf 81' lang='grc' dir='ltr'>κατά</span> 
     </span>
    </p>
   </div>
   <div class='ocr_carea' id='block_1_24' title="bbox 486 2221 2052 2294">
    <p class='ocr_par' dir='ltr' id='par_1_24' title="bbox 486 2221 2052 2294">
     <span class='ocr_line' id='line_1_24' title="bbox 486 2221 2052 2294; baseline -0.001 -19"><span class='ocrx_word' id='word_1_171' title='bbox 486 2222 615 2285; x_wconf 79' lang='grc' dir='ltr'>τοὺς</span> <span class='ocrx_word' id='word_1_172' title='bbox 661 2222 859 2280; x_wconf 69' lang='grc' dir='ltr'>αὐτοὺς</span> <span class='ocrx_word' id='word_1_173' title='bbox 889 2221 1039 2293; x_wconf 82' lang='grc' dir='ltr'>αὐτῷ</span> <span class='ocrx_word' id='word_1_174' title='bbox 1072 2223 1301 2293; x_wconf 78' lang='grc' dir='ltr'>καιροὺς</span> <span class='ocrx_word' id='word_1_175' title='bbox 1356 2222 1431 2293; x_wconf 82' lang='grc' dir='ltr'>μὴ</span> <span class='ocrx_word' id='word_1_176' title='bbox 1484 2222 1658 2294; x_wconf 80' lang='grc' dir='ltr'><strong>ἀληθῆ</strong></span> <span class='ocrx_word' id='word_1_177' title='bbox 1711 2222 2052 2292; x_wconf 70' lang='grc' dir='ltr'>γεγραφότα,</span> 
     </span>
    </p>
   </div>
   <div class='ocr_carea' id='block_1_25' title="bbox 491 2313 2058 2386">
    <p class='ocr_par' dir='ltr' id='par_1_25' title="bbox 491 2313 2058 2386">
     <span class='ocr_line' id='line_1_25' title="bbox 491 2313 2058 2386; baseline 0 -20"><span class='ocrx_word' id='word_1_178' title='bbox 491 2313 590 2366; x_wconf 76' lang='grc' dir='ltr'><strong>σὺν</strong></span> <span class='ocrx_word' id='word_1_179' title='bbox 626 2314 849 2377; x_wconf 83' lang='grc' dir='ltr'>πολλαῖς</span> <span class='ocrx_word' id='word_1_180' title='bbox 882 2315 977 2370; x_wconf 78' lang='grc' dir='ltr'>καὶ</span> <span class='ocrx_word' id='word_1_181' title='bbox 1027 2314 1219 2378; x_wconf 80' lang='grc' dir='ltr'>ἄλλαις</span> <span class='ocrx_word' id='word_1_182' title='bbox 1250 2314 1317 2378; x_wconf 75' lang='grc' dir='ltr'>ἃς</span> <span class='ocrx_word' id='word_1_183' title='bbox 1353 2314 1550 2384; x_wconf 73' lang='grc' dir='ltr'>ἐπάγει</span> <span class='ocrx_word' id='word_1_184' title='bbox 1602 2314 1780 2386; x_wconf 78' lang='grc' dir='ltr'>τούτῳ</span> <span class='ocrx_word' id='word_1_185' title='bbox 1824 2315 2058 2376; x_wconf 78' lang='grc' dir='ltr'>εὐθύνας</span> 
     </span>
    </p>
   </div>
   <div class='ocr_carea' id='block_1_26' title="bbox 489 2406 2059 2478">
    <p class='ocr_par' dir='ltr' id='par_1_26' title="bbox 489 2406 2059 2478">
     <span class='ocr_line' id='line_1_26' title="bbox 489 2406 2059 2478; baseline 0 -20"><span class='ocrx_word' id='word_1_186' title='bbox 489 2409 584 2458; x_wconf 79' lang='grc' dir='ltr'><strong>καὶ</strong></span> <span class='ocrx_word' id='word_1_187' title='bbox 615 2406 805 2470; x_wconf 86' lang='grc' dir='ltr'>αὐταῖς</span> <span class='ocrx_word' id='word_1_188' title='bbox 840 2406 1014 2473; x_wconf 73' lang='grc' dir='ltr'>λέξεσι</span> <span class='ocrx_word' id='word_1_189' title='bbox 1045 2406 1223 2462; x_wconf 89' lang='grc' dir='ltr'>ταῦτα</span> <span class='ocrx_word' id='word_1_190' title='bbox 1251 2408 1416 2478; x_wconf 87' lang='grc' dir='ltr'>φησίν</span> <span class='ocrx_word' id='word_1_191' title='bbox 1437 2423 1451 2440; x_wconf 78' lang='grc' dir='ltr'><strong>ο</strong></span> <span class='ocrx_word' id='word_1_192' title='bbox 1508 2425 1528 2458; x_wconf 80' lang='grc' dir='ltr'><strong>ι</strong></span> <span class='ocrx_word' id='word_1_193' title='bbox 1566 2410 1641 2461; x_wconf 81' lang='grc' dir='ltr'><strong>Οὐ</strong></span> <span class='ocrx_word' id='word_1_194' title='bbox 1676 2407 1784 2478; x_wconf 80' lang='grc' dir='ltr'><strong>μὴν</strong></span> <span class='ocrx_word' id='word_1_195' title='bbox 1831 2406 1944 2475; x_wconf 79' lang='grc' dir='ltr'><strong>ἐγώ</strong></span> <span class='ocrx_word' id='word_1_196' title='bbox 1975 2423 2059 2459; x_wconf 89' lang='grc' dir='ltr'><strong>σοι</strong></span> 
     </span>
    </p>
   </div>
   <div class='ocr_carea' id='block_1_27' title="bbox 486 2498 2053 2570">
    <p class='ocr_par' dir='ltr' id='par_1_27' title="bbox 486 2498 2053 2570">
     <span class='ocr_line' id='line_1_27' title="bbox 486 2498 2053 2570; baseline 0.003 -22"><span class='ocrx_word' id='word_1_197' title='bbox 486 2498 579 2549; x_wconf 82' lang='grc' dir='ltr'><strong>τὸν</strong></span> <span class='ocrx_word' id='word_1_198' title='bbox 606 2498 768 2551; x_wconf 82' lang='grc' dir='ltr'>αὐτὸν</span> <span class='ocrx_word' id='word_1_199' title='bbox 801 2501 1006 2569; x_wconf 88' lang='grc' dir='ltr'>τρόπον</span> <span class='ocrx_word' id='word_1_200' title='bbox 1028 2498 1154 2570; x_wconf 76' lang='grc' dir='ltr'>περὶ</span> <span class='ocrx_word' id='word_1_201' title='bbox 1183 2499 1283 2570; x_wconf 84' lang='grc' dir='ltr'>τῆς</span> <span class='ocrx_word' id='word_1_202' title='bbox 1317 2499 1561 2569; x_wconf 77' lang='grc' dir='ltr'>ἐμαυτοῦ</span> <span class='ocrx_word' id='word_1_203' title='bbox 1595 2500 1810 2570; x_wconf 82' lang='grc' dir='ltr'>γραφῆς</span> <span class='ocrx_word' id='word_1_204' title='bbox 1839 2498 2053 2552; x_wconf 79' lang='grc' dir='ltr'>έδεισα’</span> 
     </span>
    </p>
   </div>
   <div class='ocr_carea' id='block_1_28' title="bbox 488 2589 2050 2664">
    <p class='ocr_par' dir='ltr' id='par_1_28' title="bbox 488 2589 2050 2664">
     <span class='ocr_line' id='line_1_28' title="bbox 488 2589 2050 2664; baseline 0.001 -23"><span class='ocrx_word' id='word_1_205' title='bbox 488 2589 600 2641; x_wconf 80' lang='grc' dir='ltr'>ἀλλ’</span> <span class='ocrx_word' id='word_1_206' title='bbox 632 2589 814 2654; x_wconf 79' lang='grc' dir='ltr'>αὐτοῖς</span> <span class='ocrx_word' id='word_1_207' title='bbox 852 2591 1103 2644; x_wconf 70' lang='grc' dir='ltr'>ἐπέδωκα</span> <span class='ocrx_word' id='word_1_208' title='bbox 1131 2594 1240 2654; x_wconf 88' lang='grc' dir='ltr'>τοῖς</span> <span class='ocrx_word' id='word_1_209' title='bbox 1296 2592 1696 2664; x_wconf 79' lang='grc' dir='ltr'>αὐτοκράτορσι</span> <span class='ocrx_word' id='word_1_210' title='bbox 1742 2601 1809 2643; x_wconf 83' lang='grc' dir='ltr'><strong>τα</strong></span> <span class='ocrx_word' id='word_1_211' title='bbox 1838 2590 2050 2660; x_wconf 75' lang='grc' dir='ltr'>βιϐλία,</span> 
     </span>
    </p>
   </div>
   <div class='ocr_carea' id='block_1_29' title="bbox 492 2680 2056 2753">
    <p class='ocr_par' dir='ltr' id='par_1_29' title="bbox 492 2680 2056 2753">
     <span class='ocr_line' id='line_1_29' title="bbox 492 2680 2056 2753; baseline 0.002 -21"><span class='ocrx_word' id='word_1_212' title='bbox 492 2680 716 2750; x_wconf 78' lang='grc' dir='ltr'>μονονοὺ</span> <span class='ocrx_word' id='word_1_213' title='bbox 752 2684 864 2736; x_wconf 77' lang='grc' dir='ltr'>τῶν</span> <span class='ocrx_word' id='word_1_214' title='bbox 899 2682 1077 2753; x_wconf 72' lang='grc' dir='ltr'>ἔργων</span> <span class='ocrx_word' id='word_1_215' title='bbox 1098 2683 1200 2753; x_wconf 69' lang='grc' dir='ltr'>ἤδη</span> <span class='ocrx_word' id='word_1_216' title='bbox 1232 2683 1608 2753; x_wconf 84' lang='grc' dir='ltr'><strong>βλεπομένων.</strong></span> <span class='ocrx_word' id='word_1_217' title='bbox 1659 2681 1914 2752; x_wconf 85' lang='grc' dir='ltr'>Συνῄδειν</span> <span class='ocrx_word' id='word_1_218' title='bbox 1948 2684 2056 2753; x_wconf 79' lang='grc' dir='ltr'><strong>γὰρ</strong></span> 
     </span>
    </p>
   </div>
   <div class='ocr_carea' id='block_1_30' title="bbox 489 2774 2055 2847">
    <p class='ocr_par' dir='ltr' id='par_1_30' title="bbox 489 2774 2055 2847">
     <span class='ocr_line' id='line_1_30' title="bbox 489 2774 2055 2847; baseline 0.003 -24"><span class='ocrx_word' id='word_1_219' title='bbox 489 2774 712 2843; x_wconf 78' lang='grc' dir='ltr'>ἐμαυτῷ</span> <span class='ocrx_word' id='word_1_220' title='bbox 748 2775 1077 2846; x_wconf 81' lang='grc' dir='ltr'>τετηρηκότι</span> <span class='ocrx_word' id='word_1_221' title='bbox 1125 2774 1225 2846; x_wconf 82' lang='grc' dir='ltr'><strong>τὴν</strong></span> <span class='ocrx_word' id='word_1_222' title='bbox 1256 2778 1357 2847; x_wconf 85' lang='grc' dir='ltr'>τῆς</span> <span class='ocrx_word' id='word_1_223' title='bbox 1412 2774 1675 2845; x_wconf 74' lang='grc' dir='ltr'>ἀληθείας</span> <span class='ocrx_word' id='word_1_224' title='bbox 1720 2775 2055 2846; x_wconf 70' lang='grc' dir='ltr'>παράδοσινε</span> 
     </span>
    </p>
   </div>
   <div class='ocr_carea' id='block_1_31' title="bbox 495 2862 2061 2940">
    <p class='ocr_par' dir='ltr' id='par_1_31' title="bbox 495 2862 2061 2940">
     <span class='ocr_line' id='line_1_31' title="bbox 495 2862 2061 2940; baseline 0.003 -23"><span class='ocrx_word' id='word_1_225' title='bbox 495 2862 643 2939; x_wconf 77' lang='grc' dir='ltr'><strong>ἐφ’ᾖ</strong></span> <span class='ocrx_word' id='word_1_226' title='bbox 681 2870 992 2939; x_wconf 73' lang='grc' dir='ltr'>μαρτυρίας</span> <span class='ocrx_word' id='word_1_227' title='bbox 1023 2867 1311 2933; x_wconf 81' lang='grc' dir='ltr'>τεύξεσθαι</span> <span class='ocrx_word' id='word_1_228' title='bbox 1372 2868 1777 2940; x_wconf 82' lang='grc' dir='ltr'>προσδοκήσας,</span> <span class='ocrx_word' id='word_1_229' title='bbox 1832 2867 1893 2921; x_wconf 85' lang='grc' dir='ltr'>οὐ</span> <span class='ocrx_word' id='word_1_230' title='bbox 1944 2868 2061 2937; x_wconf 87' lang='grc' dir='ltr'>διή-</span> 
     </span>
    </p>
   </div>
   <div class='ocr_carea' id='block_1_32' title="bbox 499 2958 2061 3031">
    <p class='ocr_par' dir='ltr' id='par_1_32' title="bbox 499 2958 2061 3031">
     <span class='ocr_line' id='line_1_32' title="bbox 499 2958 2061 3031; baseline 0 -19"><span class='ocrx_word' id='word_1_231' title='bbox 499 2975 726 3028; x_wconf 83' lang='grc' dir='ltr'>μαρτον.</span> <span class='ocrx_word' id='word_1_232' title='bbox 760 2960 871 3013; x_wconf 74' lang='grc' dir='ltr'>Καὶ</span> <span class='ocrx_word' id='word_1_233' title='bbox 914 2960 1099 3023; x_wconf 77' lang='grc' dir='ltr'>ἄλλοις</span> <span class='ocrx_word' id='word_1_234' title='bbox 1133 2960 1188 3014; x_wconf 81' lang='grc' dir='ltr'>δὲ</span> <span class='ocrx_word' id='word_1_235' title='bbox 1239 2960 1456 3024; x_wconf 80' lang='grc' dir='ltr'>πολλοῖς</span> <span class='ocrx_word' id='word_1_236' title='bbox 1485 2959 1735 3013; x_wconf 76' lang='grc' dir='ltr'>ἐπέδωκα</span> <span class='ocrx_word' id='word_1_237' title='bbox 1766 2958 1863 3031; x_wconf 82' lang='grc' dir='ltr'>τὴν</span> <span class='ocrx_word' id='word_1_238' title='bbox 1911 2960 2061 3013; x_wconf 87' lang='grc' dir='ltr'>ἱστο-</span> 
     </span>
    </p>
   </div>
   <div class='ocr_carea' id='block_1_33' title="bbox 497 3045 2059 3123">
    <p class='ocr_par' dir='ltr' id='par_1_33' title="bbox 497 3045 2059 3123">
     <span class='ocr_line' id='line_1_33' title="bbox 497 3045 2059 3123; baseline 0 -22"><span class='ocrx_word' id='word_1_239' title='bbox 497 3049 638 3120; x_wconf 85' lang='grc' dir='ltr'>ρίαν,</span> <span class='ocrx_word' id='word_1_240' title='bbox 671 3045 748 3105; x_wconf 84' lang='grc' dir='ltr'>ὧν</span> <span class='ocrx_word' id='word_1_241' title='bbox 795 3051 926 3105; x_wconf 74' lang='grc' dir='ltr'>ἔνιοι</span> <span class='ocrx_word' id='word_1_242' title='bbox 973 3052 1067 3105; x_wconf 83' lang='grc' dir='ltr'><strong>καὶ</strong></span> <span class='ocrx_word' id='word_1_243' title='bbox 1116 3051 1645 3123; x_wconf 71' lang='grc' dir='ltr'>παρατεῖυχήκεσαν</span> <span class='ocrx_word' id='word_1_244' title='bbox 1693 3051 1773 3122; x_wconf 82' lang='grc' dir='ltr'>τῷ</span> <span class='ocrx_word' id='word_1_245' title='bbox 1813 3050 2059 3121; x_wconf 75' lang='grc' dir='ltr'>πολέμῳ,</span> 
     </span>
    </p>
   </div>
   <div class='ocr_carea' id='block_1_34' title="bbox 2160 566 3738 641">
    <p class='ocr_par' dir='ltr' id='par_1_34' title="bbox 2160 566 3738 641">
     <span class='ocr_line' id='line_1_34' title="bbox 2160 566 3738 641; baseline 0.001 -19"><span class='ocrx_word' id='word_1_246' title='bbox 2160 568 2303 637; x_wconf 89' lang='lat' dir='ltr'><strong>apud</strong></span> <span class='ocrx_word' id='word_1_247' title='bbox 2361 568 2555 623; x_wconf 85' lang='lat' dir='ltr'><strong>Persas</strong></span> <span class='ocrx_word' id='word_1_248' title='bbox 2601 566 2770 622; x_wconf 75' lang='lat' dir='ltr'><strong>Xerxi</strong></span> <span class='ocrx_word' id='word_1_249' title='bbox 2821 569 3112 634; x_wconf 86' lang='lat' dir='ltr'><strong>successit,</strong></span> <span class='ocrx_word' id='word_1_250' title='bbox 3157 583 3406 640; x_wconf 83' lang='lat' dir='ltr'><strong>regnum,</strong></span> <span class='ocrx_word' id='word_1_251' title='bbox 3462 570 3556 639; x_wconf 93' lang='lat' dir='ltr'><strong>qui</strong></span> <span class='ocrx_word' id='word_1_252' title='bbox 3612 580 3738 641; x_wconf 87' lang='lat' dir='ltr'><strong>post</strong></span> 
     </span>
    </p>
   </div>
   <div class='ocr_carea' id='block_1_35' title="bbox 2159 658 3733 730">
    <p class='ocr_par' dir='ltr' id='par_1_35' title="bbox 2159 658 3733 730">
     <span class='ocr_line' id='line_1_35' title="bbox 2159 658 3733 730; baseline 0.001 -17"><span class='ocrx_word' id='word_1_253' title='bbox 2159 658 2341 713; x_wconf 78' lang='lat' dir='ltr'><strong>Mosen</strong></span> <span class='ocrx_word' id='word_1_254' title='bbox 2380 658 2625 725; x_wconf 79' lang='lat' dir='ltr'><strong>fuerunt,</strong></span> <span class='ocrx_word' id='word_1_255' title='bbox 2672 659 2976 728; x_wconf 70' lang='grc' dir='ltr'>ρτορῖιειεῐι,</span> <span class='ocrx_word' id='word_1_256' title='bbox 3023 660 3367 729; x_wconf 77' lang='lat' dir='ltr'><strong>temporibus</strong></span> <span class='ocrx_word' id='word_1_257' title='bbox 3403 661 3486 715; x_wconf 86' lang='lat' dir='ltr'><strong>eis</strong></span> <span class='ocrx_word' id='word_1_258' title='bbox 3533 666 3733 730; x_wconf 83' lang='lat' dir='ltr'><strong>gestas,</strong></span> 
     </span>
    </p>
   </div>
   <div class='ocr_carea' id='block_1_36' title="bbox 2160 748 3733 820">
    <p class='ocr_par' dir='ltr' id='par_1_36' title="bbox 2160 748 3733 820">
     <span class='ocr_line' id='line_1_36' title="bbox 2160 748 3733 820; baseline 0.002 -16"><span class='ocrx_word' id='word_1_259' title='bbox 2160 760 2291 804; x_wconf 90' lang='lat' dir='ltr'><strong>sunt</strong></span> <span class='ocrx_word' id='word_1_260' title='bbox 2322 753 2600 820; x_wconf 86' lang='lat' dir='ltr'><strong>persecuti</strong></span> <span class='ocrx_word' id='word_1_261' title='bbox 2634 752 2798 805; x_wconf 87' lang='lat' dir='ltr'><strong>libris</strong></span> <span class='ocrx_word' id='word_1_262' title='bbox 2828 751 3116 815; x_wconf 84' lang='lat' dir='ltr'><strong>tredecim,</strong></span> <span class='ocrx_word' id='word_1_263' title='bbox 3144 751 3247 818; x_wconf 86' lang='lat' dir='ltr'><strong>Qui</strong></span> <span class='ocrx_word' id='word_1_264' title='bbox 3281 748 3410 808; x_wconf 79' lang='lat' dir='ltr'><strong>vero</strong></span> <span class='ocrx_word' id='word_1_265' title='bbox 3444 763 3571 807; x_wconf 88' lang='lat' dir='ltr'><strong>sunt</strong></span> <span class='ocrx_word' id='word_1_266' title='bbox 3605 754 3733 807; x_wconf 82' lang='lat' dir='ltr'><strong>reli-</strong></span> 
     </span>
    </p>
   </div>
   <div class='ocr_carea' id='block_1_37' title="bbox 2159 842 3741 916">
    <p class='ocr_par' dir='ltr' id='par_1_37' title="bbox 2159 842 3741 916">
     <span class='ocr_line' id='line_1_37' title="bbox 2159 842 3741 916; baseline 0 -19"><span class='ocrx_word' id='word_1_267' title='bbox 2159 842 2254 912; x_wconf 87' lang='lat' dir='ltr'><strong>qui</strong></span> <span class='ocrx_word' id='word_1_268' title='bbox 2289 853 2555 913; x_wconf 80' lang='lat' dir='ltr'><strong>quatuor,</strong></span> <span class='ocrx_word' id='word_1_269' title='bbox 2586 844 2818 916; x_wconf 82' lang='lat' dir='ltr'><strong>hymnos</strong></span> <span class='ocrx_word' id='word_1_270' title='bbox 2855 853 2910 899; x_wconf 89' lang='lat' dir='ltr'><strong>et</strong></span> <span class='ocrx_word' id='word_1_271' title='bbox 2956 845 3152 900; x_wconf 89' lang='lat' dir='ltr'><strong>laudes</strong></span> <span class='ocrx_word' id='word_1_272' title='bbox 3194 845 3251 899; x_wconf 92' lang='lat' dir='ltr'><strong>in</strong></span> <span class='ocrx_word' id='word_1_273' title='bbox 3303 845 3473 899; x_wconf 89' lang='lat' dir='ltr'><strong>Deum</strong></span> <span class='ocrx_word' id='word_1_274' title='bbox 3517 862 3741 915; x_wconf 83' lang='lat' dir='ltr'><strong>compu-</strong></span> 
     </span>
    </p>
   </div>
   <div class='ocr_carea' id='block_1_38' title="bbox 2161 926 3739 1007">
    <p class='ocr_par' dir='ltr' id='par_1_38' title="bbox 2161 926 3739 1007">
     <span class='ocr_line' id='line_1_38' title="bbox 2161 926 3739 1007; baseline 0.002 -16"><span class='ocrx_word' id='word_1_275' title='bbox 2161 938 2317 1001; x_wconf 86' lang='lat' dir='ltr'><strong>sitas,</strong></span> <span class='ocrx_word' id='word_1_276' title='bbox 2356 946 2412 990; x_wconf 92' lang='lat' dir='ltr'><strong>et</strong></span> <span class='ocrx_word' id='word_1_277' title='bbox 2442 946 2711 1007; x_wconf 68' lang='lat' dir='ltr'><strong>praecepta</strong></span> <span class='ocrx_word' id='word_1_278' title='bbox 2742 938 3028 992; x_wconf 86' lang='lat' dir='ltr'><strong>hominum</strong></span> <span class='ocrx_word' id='word_1_279' title='bbox 3056 939 3182 993; x_wconf 65' lang='lat' dir='ltr'><strong>vitae</strong></span> <span class='ocrx_word' id='word_1_280' title='bbox 3210 938 3437 994; x_wconf 80' lang='lat' dir='ltr'><strong>habent.</strong></span> <span class='ocrx_word' id='word_1_281' title='bbox 3458 926 3542 995; x_wconf 75' lang='lat' dir='ltr'><strong>Ab</strong></span> <span class='ocrx_word' id='word_1_282' title='bbox 3573 942 3739 994; x_wconf 86' lang='lat' dir='ltr'><strong>Arta-</strong></span> 
     </span>
    </p>
   </div>
   <div class='ocr_carea' id='block_1_39' title="bbox 2160 1031 3739 1100">
    <p class='ocr_par' dir='ltr' id='par_1_39' title="bbox 2160 1031 3739 1100">
     <span class='ocr_line' id='line_1_39' title="bbox 2160 1031 3739 1100; baseline 0.001 -17"><span class='ocrx_word' id='word_1_283' title='bbox 2160 1043 2328 1084; x_wconf 75' lang='lat' dir='ltr'><strong>xerxe</strong></span> <span class='ocrx_word' id='word_1_284' title='bbox 2357 1039 2542 1082; x_wconf 88' lang='lat' dir='ltr'><strong>autem</strong></span> <span class='ocrx_word' id='word_1_285' title='bbox 2575 1031 2641 1082; x_wconf 90' lang='lat' dir='ltr'><strong>ad</strong></span> <span class='ocrx_word' id='word_1_286' title='bbox 2677 1038 2922 1083; x_wconf 86' lang='lat' dir='ltr'><strong>nostram</strong></span> <span class='ocrx_word' id='word_1_287' title='bbox 2958 1044 3134 1098; x_wconf 87' lang='lat' dir='ltr'><strong>usque</strong></span> <span class='ocrx_word' id='word_1_288' title='bbox 3162 1039 3380 1084; x_wconf 65' lang='lat' dir='ltr'><strong>tetatem</strong></span> <span class='ocrx_word' id='word_1_289' title='bbox 3418 1032 3739 1100; x_wconf 80' lang='lat' dir='ltr'><strong>perscriptae</strong></span> 
     </span>
    </p>
   </div>
   <div class='ocr_carea' id='block_1_40' title="bbox 2160 1120 3733 1191">
    <p class='ocr_par' dir='ltr' id='par_1_40' title="bbox 2160 1120 3733 1191">
     <span class='ocr_line' id='line_1_40' title="bbox 2160 1120 3733 1191; baseline 0.004 -19"><span class='ocrx_word' id='word_1_290' title='bbox 2160 1121 2380 1191; x_wconf 87' lang='lat' dir='ltr'><strong>quidem</strong></span> <span class='ocrx_word' id='word_1_291' title='bbox 2406 1129 2535 1174; x_wconf 91' lang='lat' dir='ltr'><strong>sunt</strong></span> <span class='ocrx_word' id='word_1_292' title='bbox 2561 1134 2649 1174; x_wconf 90' lang='lat' dir='ltr'><strong>res</strong></span> <span class='ocrx_word' id='word_1_293' title='bbox 2677 1120 2947 1175; x_wconf 78' lang='lat' dir='ltr'><strong>universze</strong></span> <span class='ocrx_word' id='word_1_294' title='bbox 2972 1141 2986 1175; x_wconf 90' lang='lat'><strong>:</strong></span> <span class='ocrx_word' id='word_1_295' title='bbox 3011 1121 3106 1176; x_wconf 88' lang='lat' dir='ltr'><strong>sed</strong></span> <span class='ocrx_word' id='word_1_296' title='bbox 3135 1137 3240 1176; x_wconf 90' lang='lat' dir='ltr'><strong>non</strong></span> <span class='ocrx_word' id='word_1_297' title='bbox 3266 1137 3385 1176; x_wconf 86' lang='lat' dir='ltr'><strong>eam</strong></span> <span class='ocrx_word' id='word_1_298' title='bbox 3419 1123 3545 1177; x_wconf 91' lang='lat' dir='ltr'><strong>libri</strong></span> <span class='ocrx_word' id='word_1_299' title='bbox 3577 1123 3733 1189; x_wconf 85' lang='lat' dir='ltr'><strong>tales,</strong></span> 
     </span>
    </p>
   </div>
   <div class='ocr_carea' id='block_1_41' title="bbox 2161 1210 3737 1281">
    <p class='ocr_par' dir='ltr' id='par_1_41' title="bbox 2161 1210 3737 1281">
     <span class='ocr_line' id='line_1_41' title="bbox 2161 1210 3737 1281; baseline 0.001 -17"><span class='ocrx_word' id='word_1_300' title='bbox 2161 1227 2324 1281; x_wconf 84' lang='lat' dir='ltr'><strong>quam</strong></span> <span class='ocrx_word' id='word_1_301' title='bbox 2359 1210 2577 1273; x_wconf 84' lang='lat' dir='ltr'><strong>illorum</strong></span> <span class='ocrx_word' id='word_1_302' title='bbox 2615 1212 2708 1279; x_wconf 91' lang='lat' dir='ltr'><strong>qui</strong></span> <span class='ocrx_word' id='word_1_303' title='bbox 2749 1225 2844 1264; x_wconf 86' lang='lat' dir='ltr'><strong>eos</strong></span> <span class='ocrx_word' id='word_1_304' title='bbox 2871 1220 3270 1280; x_wconf 72' lang='lat' dir='ltr'><strong>pra~cesserunt</strong></span> <span class='ocrx_word' id='word_1_305' title='bbox 3302 1211 3445 1280; x_wconf 88' lang='lat' dir='ltr'><strong>apud</strong></span> <span class='ocrx_word' id='word_1_306' title='bbox 3478 1228 3580 1266; x_wconf 91' lang='lat' dir='ltr'><strong>nos</strong></span> <span class='ocrx_word' id='word_1_307' title='bbox 3621 1227 3737 1266; x_wconf 82' lang='lat' dir='ltr'><strong>me-</strong></span> 
     </span>
    </p>
   </div>
   <div class='ocr_carea' id='block_1_42' title="bbox 2163 1301 3738 1373">
    <p class='ocr_par' dir='ltr' id='par_1_42' title="bbox 2163 1301 3738 1373">
     <span class='ocr_line' id='line_1_42' title="bbox 2163 1301 3738 1373; baseline 0.002 -19"><span class='ocrx_word' id='word_1_308' title='bbox 2163 1308 2397 1355; x_wconf 88' lang='lat' dir='ltr'><strong>ruerunt</strong></span> <span class='ocrx_word' id='word_1_309' title='bbox 2443 1301 2607 1356; x_wconf 74' lang='lat' dir='ltr'><strong>fidem</strong></span> <span class='ocrx_word' id='word_1_310' title='bbox 2656 1320 2669 1355; x_wconf 91' lang='lat'><strong>:</strong></span> <span class='ocrx_word' id='word_1_311' title='bbox 2718 1314 3008 1371; x_wconf 84' lang='lat' dir='ltr'><strong>propterea</strong></span> <span class='ocrx_word' id='word_1_312' title='bbox 3055 1304 3202 1373; x_wconf 89' lang='lat' dir='ltr'><strong>quod</strong></span> <span class='ocrx_word' id='word_1_313' title='bbox 3251 1319 3361 1357; x_wconf 89' lang='lat' dir='ltr'><strong>non</strong></span> <span class='ocrx_word' id='word_1_314' title='bbox 3420 1313 3530 1357; x_wconf 90' lang='lat' dir='ltr'><strong>tam</strong></span> <span class='ocrx_word' id='word_1_315' title='bbox 3584 1314 3738 1359; x_wconf 78' lang='lat' dir='ltr'><strong>certa</strong></span> 
     </span>
    </p>
   </div>
   <div class='ocr_carea' id='block_1_43' title="bbox 2160 1394 3744 1464">
    <p class='ocr_par' dir='ltr' id='par_1_43' title="bbox 2160 1394 3744 1464">
     <span class='ocr_line' id='line_1_43' title="bbox 2160 1394 3744 1464; baseline 0.001 -17"><span class='ocrx_word' id='word_1_316' title='bbox 2160 1403 2323 1463; x_wconf 88' lang='lat' dir='ltr'><strong>atque</strong></span> <span class='ocrx_word' id='word_1_317' title='bbox 2343 1395 2620 1463; x_wconf 85' lang='lat' dir='ltr'><strong>explorata</strong></span> <span class='ocrx_word' id='word_1_318' title='bbox 2643 1394 3028 1464; x_wconf 88' lang='lat' dir='ltr'><strong>prophetarmn</strong></span> <span class='ocrx_word' id='word_1_319' title='bbox 3053 1400 3415 1464; x_wconf 76' lang='lat' dir='ltr'><strong>posteriorum</strong></span> <span class='ocrx_word' id='word_1_320' title='bbox 3435 1396 3506 1451; x_wconf 85' lang='lat' dir='ltr'><strong>sit</strong></span> <span class='ocrx_word' id='word_1_321' title='bbox 3524 1412 3715 1451; x_wconf 83' lang='lat' dir='ltr'><strong>succos</strong></span> <span class='ocrx_word' id='word_1_322' title='bbox 3729 1425 3744 1437; x_wconf 88' lang='lat'><strong>-</strong></span> 
     </span>
    </p>
   </div>
   <div class='ocr_carea' id='block_1_44' title="bbox 2161 1471 3743 1557">
    <p class='ocr_par' dir='ltr' id='par_1_44' title="bbox 2161 1471 3743 1557">
     <span class='ocr_line' id='line_1_44' title="bbox 2161 1471 3743 1557; baseline 0.001 -17"><span class='ocrx_word' id='word_1_323' title='bbox 2161 1486 2266 1540; x_wconf 86' lang='lat' dir='ltr'><strong>sio.</strong></span> <span class='ocrx_word' id='word_1_324' title='bbox 2301 1483 2447 1540; x_wconf 79' lang='lat' dir='ltr'><strong>Satis</strong></span> <span class='ocrx_word' id='word_1_325' title='bbox 2487 1500 2657 1556; x_wconf 88' lang='lat' dir='ltr'><strong>porro</strong></span> <span class='ocrx_word' id='word_1_326' title='bbox 2705 1502 2793 1541; x_wconf 85' lang='lat' dir='ltr'><strong>res</strong></span> <span class='ocrx_word' id='word_1_327' title='bbox 2830 1487 2947 1555; x_wconf 87' lang='lat' dir='ltr'><strong>ipsa</strong></span> <span class='ocrx_word' id='word_1_328' title='bbox 3007 1471 3271 1553; x_wconf 73' lang='lat' dir='ltr'><strong>declarat,</strong></span> <span class='ocrx_word' id='word_1_329' title='bbox 3323 1503 3430 1557; x_wconf 88' lang='lat' dir='ltr'><strong>qua</strong></span> <span class='ocrx_word' id='word_1_330' title='bbox 3475 1488 3743 1556; x_wconf 82' lang='lat' dir='ltr'><strong>religione</strong></span> 
     </span>
    </p>
   </div>
   <div class='ocr_carea' id='block_1_45' title="bbox 2162 1575 3741 1645">
    <p class='ocr_par' dir='ltr' id='par_1_45' title="bbox 2162 1575 3741 1645">
     <span class='ocr_line' id='line_1_45' title="bbox 2162 1575 3741 1645; baseline 0 -16"><span class='ocrx_word' id='word_1_331' title='bbox 2162 1590 2262 1631; x_wconf 86' lang='lat' dir='ltr'><strong>nos</strong></span> <span class='ocrx_word' id='word_1_332' title='bbox 2285 1575 2457 1631; x_wconf 89' lang='lat' dir='ltr'><strong>libros</strong></span> <span class='ocrx_word' id='word_1_333' title='bbox 2489 1584 2708 1631; x_wconf 87' lang='lat' dir='ltr'><strong>nostros</strong></span> <span class='ocrx_word' id='word_1_334' title='bbox 2750 1577 2904 1631; x_wconf 87' lang='lat' dir='ltr'><strong>adire</strong></span> <span class='ocrx_word' id='word_1_335' title='bbox 2955 1585 3120 1645; x_wconf 87' lang='lat' dir='ltr'><strong>atqtte</strong></span> <span class='ocrx_word' id='word_1_336' title='bbox 3178 1592 3393 1631; x_wconf 83' lang='lat' dir='ltr'><strong>versare</strong></span> <span class='ocrx_word' id='word_1_337' title='bbox 3441 1576 3741 1631; x_wconf 79' lang='lat' dir='ltr'><strong>soleamus.</strong></span> 
     </span>
    </p>
   </div>
   <div class='ocr_carea' id='block_1_46' title="bbox 2161 1668 3741 1741">
    <p class='ocr_par' dir='ltr' id='par_1_46' title="bbox 2161 1668 3741 1741">
     <span class='ocr_line' id='line_1_46' title="bbox 2161 1668 3741 1741; baseline -0.003 -18"><span class='ocrx_word' id='word_1_338' title='bbox 2161 1668 2305 1741; x_wconf 89' lang='lat' dir='ltr'><strong>Cum</strong></span> <span class='ocrx_word' id='word_1_339' title='bbox 2335 1669 2482 1723; x_wconf 90' lang='lat' dir='ltr'><strong>enim</strong></span> <span class='ocrx_word' id='word_1_340' title='bbox 2518 1676 2598 1723; x_wconf 88' lang='lat' dir='ltr'><strong>tot</strong></span> <span class='ocrx_word' id='word_1_341' title='bbox 2623 1669 2736 1739; x_wconf 89' lang='lat' dir='ltr'><strong>jam</strong></span> <span class='ocrx_word' id='word_1_342' title='bbox 2768 1669 2966 1724; x_wconf 64' lang='lat' dir='ltr'><strong>saecula</strong></span> <span class='ocrx_word' id='word_1_343' title='bbox 3000 1669 3393 1738; x_wconf 73' lang='lat' dir='ltr'><strong>praeterierint,</strong></span> <span class='ocrx_word' id='word_1_344' title='bbox 3442 1682 3603 1722; x_wconf 90' lang='lat' dir='ltr'><strong>nemo</strong></span> <span class='ocrx_word' id='word_1_345' title='bbox 3639 1682 3741 1720; x_wconf 82' lang='lat' dir='ltr'><strong>un-</strong></span> 
     </span>
    </p>
   </div>
   <div class='ocr_carea' id='block_1_47' title="bbox 2164 1758 3746 1829">
    <p class='ocr_par' dir='ltr' id='par_1_47' title="bbox 2164 1758 3746 1829">
     <span class='ocr_line' id='line_1_47' title="bbox 2164 1758 3746 1829; baseline 0 -17"><span class='ocrx_word' id='word_1_346' title='bbox 2164 1774 2327 1828; x_wconf 88' lang='lat' dir='ltr'><strong>quam</strong></span> <span class='ocrx_word' id='word_1_347' title='bbox 2362 1760 2619 1815; x_wconf 89' lang='lat' dir='ltr'><strong>inventus</strong></span> <span class='ocrx_word' id='word_1_348' title='bbox 2664 1768 2770 1822; x_wconf 87' lang='lat' dir='ltr'><strong>est,</strong></span> <span class='ocrx_word' id='word_1_349' title='bbox 2807 1760 2900 1829; x_wconf 88' lang='lat' dir='ltr'><strong>qui</strong></span> <span class='ocrx_word' id='word_1_350' title='bbox 2933 1759 3019 1814; x_wconf 88' lang='lat' dir='ltr'><strong>vel</strong></span> <span class='ocrx_word' id='word_1_351' title='bbox 3054 1759 3263 1814; x_wconf 83' lang='lat' dir='ltr'><strong>addere</strong></span> <span class='ocrx_word' id='word_1_352' title='bbox 3297 1758 3624 1828; x_wconf 89' lang='lat' dir='ltr'><strong>quidquam,</strong></span> <span class='ocrx_word' id='word_1_353' title='bbox 3657 1773 3746 1812; x_wconf 84' lang='lat' dir='ltr'><strong>ve.</strong></span> 
     </span>
    </p>
   </div>
   <div class='ocr_carea' id='block_1_48' title="bbox 2096 1840 3749 1918">
    <p class='ocr_par' dir='ltr' id='par_1_48' title="bbox 2096 1840 3749 1918">
     <span class='ocr_line' id='line_1_48' title="bbox 2096 1840 3749 1918; baseline 0 -16"><span class='ocrx_word' id='word_1_354' title='bbox 2096 1840 2132 1892; x_wconf 83' lang='grc' dir='ltr'><strong><em>Β</em></strong></span> <span class='ocrx_word' id='word_1_355' title='bbox 2165 1850 2478 1915; x_wconf 83' lang='lat' dir='ltr'><strong>detrahere,</strong></span> <span class='ocrx_word' id='word_1_356' title='bbox 2505 1850 2589 1904; x_wconf 85' lang='lat' dir='ltr'><strong>vel</strong></span> <span class='ocrx_word' id='word_1_357' title='bbox 2623 1860 2838 1904; x_wconf 88' lang='lat' dir='ltr'><strong>mutare</strong></span> <span class='ocrx_word' id='word_1_358' title='bbox 2867 1849 3106 1918; x_wconf 87' lang='lat' dir='ltr'><strong>denique</strong></span> <span class='ocrx_word' id='word_1_359' title='bbox 3143 1850 3196 1906; x_wconf 93' lang='lat' dir='ltr'><strong>in</strong></span> <span class='ocrx_word' id='word_1_360' title='bbox 3224 1852 3595 1903; x_wconf 56' lang='lat' dir='ltr'><strong>sacrosancte</strong></span> <span class='ocrx_word' id='word_1_361' title='bbox 3623 1862 3749 1902; x_wconf 33' lang='lat' dir='ltr'><strong>oras</strong></span> 
     </span>
    </p>
   </div>
   <div class='ocr_carea' id='block_1_49' title="bbox 2154 1940 3742 2011">
    <p class='ocr_par' dir='ltr' id='par_1_49' title="bbox 2154 1940 3742 2011">
     <span class='ocr_line' id='line_1_49' title="bbox 2154 1940 3742 2011; baseline -0.003 -16"><span class='ocrx_word' id='word_1_362' title='bbox 2154 1940 2297 1996; x_wconf 86' lang='lat' dir='ltr'><strong>culis</strong></span> <span class='ocrx_word' id='word_1_363' title='bbox 2327 1956 2497 1996; x_wconf 91' lang='lat' dir='ltr'><strong>ausus</strong></span> <span class='ocrx_word' id='word_1_364' title='bbox 2534 1941 2725 1996; x_wconf 79' lang='lat' dir='ltr'><strong>fuerit.</strong></span> <span class='ocrx_word' id='word_1_365' title='bbox 2762 1941 3038 1996; x_wconf 87' lang='lat' dir='ltr'><strong>Omnibus</strong></span> <span class='ocrx_word' id='word_1_366' title='bbox 3071 1942 3297 2011; x_wconf 90' lang='lat' dir='ltr'><strong>quippe,</strong></span> <span class='ocrx_word' id='word_1_367' title='bbox 3336 1940 3404 1994; x_wconf 87' lang='lat' dir='ltr'><strong>ab</strong></span> <span class='ocrx_word' id='word_1_368' title='bbox 3438 1940 3561 2010; x_wconf 90' lang='lat' dir='ltr'><strong>ipso</strong></span> <span class='ocrx_word' id='word_1_369' title='bbox 3591 1949 3742 2005; x_wconf 87' lang='lat' dir='ltr'><strong>ortu,</strong></span> 
     </span>
    </p>
   </div>
   <div class='ocr_carea' id='block_1_50' title="bbox 2151 2031 3747 2103">
    <p class='ocr_par' dir='ltr' id='par_1_50' title="bbox 2151 2031 3747 2103">
     <span class='ocr_line' id='line_1_50' title="bbox 2151 2031 3747 2103; baseline -0.002 -16"><span class='ocrx_word' id='word_1_370' title='bbox 2151 2032 2355 2088; x_wconf 63' lang='lat' dir='ltr'><strong>Judaeis</strong></span> <span class='ocrx_word' id='word_1_371' title='bbox 2383 2032 2686 2103; x_wconf 84' lang='lat' dir='ltr'><strong>ingenitum</strong></span> <span class='ocrx_word' id='word_1_372' title='bbox 2717 2045 2821 2097; x_wconf 88' lang='lat' dir='ltr'><strong>est,</strong></span> <span class='ocrx_word' id='word_1_373' title='bbox 2866 2032 3135 2087; x_wconf 87' lang='lat' dir='ltr'><strong>divinitus</strong></span> <span class='ocrx_word' id='word_1_374' title='bbox 3162 2031 3432 2100; x_wconf 87' lang='lat' dir='ltr'><strong>proditam</strong></span> <span class='ocrx_word' id='word_1_375' title='bbox 3477 2046 3595 2084; x_wconf 90' lang='lat' dir='ltr'><strong>eam</strong></span> <span class='ocrx_word' id='word_1_376' title='bbox 3622 2045 3747 2086; x_wconf 79' lang='lat' dir='ltr'><strong>esse</strong></span> 
     </span>
    </p>
   </div>
   <div class='ocr_carea' id='block_1_51' title="bbox 2138 2121 3742 2195">
    <p class='ocr_par' dir='ltr' id='par_1_51' title="bbox 2138 2121 3742 2195">
     <span class='ocr_line' id='line_1_51' title="bbox 2138 2121 3742 2195; baseline -0.002 -15"><span class='ocrx_word' id='word_1_377' title='bbox 2138 2121 2468 2180; x_wconf 88' lang='lat' dir='ltr'><strong>&#39;doctrinam</strong></span> <span class='ocrx_word' id='word_1_378' title='bbox 2505 2126 2759 2193; x_wconf 88' lang='lat' dir='ltr'><strong>credere,</strong></span> <span class='ocrx_word' id='word_1_379' title='bbox 2812 2125 2867 2179; x_wconf 90' lang='lat' dir='ltr'><strong>in</strong></span> <span class='ocrx_word' id='word_1_380' title='bbox 2904 2139 3079 2195; x_wconf 87' lang='lat' dir='ltr'><strong>eaque</strong></span> <span class='ocrx_word' id='word_1_381' title='bbox 3114 2132 3433 2178; x_wconf 79' lang='lat' dir='ltr'><strong>constanter</strong></span> <span class='ocrx_word' id='word_1_382' title='bbox 3481 2137 3742 2191; x_wconf 74' lang='lat' dir='ltr'><strong>perseve-</strong></span> 
     </span>
    </p>
   </div>
   <div class='ocr_carea' id='block_1_52' title="bbox 2162 2216 3743 2288">
    <p class='ocr_par' dir='ltr' id='par_1_52' title="bbox 2162 2216 3743 2288">
     <span class='ocr_line' id='line_1_52' title="bbox 2162 2216 3743 2288; baseline -0.001 -18"><span class='ocrx_word' id='word_1_383' title='bbox 2162 2233 2311 2281; x_wconf 84' lang='lat' dir='ltr'><strong>rare,</strong></span> <span class='ocrx_word' id='word_1_384' title='bbox 2340 2228 2508 2288; x_wconf 85' lang='lat' dir='ltr'><strong>atque</strong></span> <span class='ocrx_word' id='word_1_385' title='bbox 2550 2219 2711 2281; x_wconf 85' lang='lat' dir='ltr'><strong>adeo,</strong></span> <span class='ocrx_word' id='word_1_386' title='bbox 2754 2219 2799 2273; x_wconf 89' lang='lat' dir='ltr'><strong>si</strong></span> <span class='ocrx_word' id='word_1_387' title='bbox 2834 2234 2976 2288; x_wconf 88' lang='lat' dir='ltr'><strong>opus</strong></span> <span class='ocrx_word' id='word_1_388' title='bbox 3027 2219 3255 2286; x_wconf 78' lang='lat' dir='ltr'><strong>sit,‘pro</strong></span> <span class='ocrx_word' id='word_1_389' title='bbox 3310 2231 3373 2270; x_wconf 88' lang='lat' dir='ltr'><strong>ea</strong></span> <span class='ocrx_word' id='word_1_390' title='bbox 3413 2216 3578 2269; x_wconf 89' lang='lat' dir='ltr'><strong>etiam</strong></span> <span class='ocrx_word' id='word_1_391' title='bbox 3631 2228 3743 2268; x_wconf 92' lang='lat' dir='ltr'><strong>non</strong></span> 
     </span>
    </p>
   </div>
   <div class='ocr_carea' id='block_1_53' title="bbox 2156 2306 3745 2380">
    <p class='ocr_par' dir='ltr' id='par_1_53' title="bbox 2156 2306 3745 2380">
     <span class='ocr_line' id='line_1_53' title="bbox 2156 2306 3745 2380; baseline -0.001 -18"><span class='ocrx_word' id='word_1_392' title='bbox 2156 2322 2378 2380; x_wconf 81' lang='lat' dir='ltr'><strong>gravate</strong></span> <span class='ocrx_word' id='word_1_393' title='bbox 2427 2311 2603 2380; x_wconf 86' lang='lat' dir='ltr'><strong>ipsam</strong></span> <span class='ocrx_word' id='word_1_394' title='bbox 2667 2313 2820 2365; x_wconf 89' lang='lat' dir='ltr'><strong>adire</strong></span> <span class='ocrx_word' id='word_1_395' title='bbox 2869 2321 2928 2366; x_wconf 90' lang='lat' dir='ltr'><strong>et</strong></span> <span class='ocrx_word' id='word_1_396' title='bbox 2983 2311 3229 2380; x_wconf 80' lang='lat' dir='ltr'><strong>perferre</strong></span> <span class='ocrx_word' id='word_1_397' title='bbox 3278 2319 3534 2364; x_wconf 89' lang='lat' dir='ltr'><strong>mortem.</strong></span> <span class='ocrx_word' id='word_1_398' title='bbox 3594 2327 3614 2361; x_wconf 73' lang='grc' dir='ltr'><strong>ι</strong></span> <span class='ocrx_word' id='word_1_399' title='bbox 3660 2306 3745 2360; x_wconf 86' lang='lat' dir='ltr'><strong>Ad</strong></span> 
     </span>
    </p>
   </div>
   <div class='ocr_carea' id='block_1_54' title="bbox 2158 2399 3740 2471">
    <p class='ocr_par' dir='ltr' id='par_1_54' title="bbox 2158 2399 3740 2471">
     <span class='ocr_line' id='line_1_54' title="bbox 2158 2399 3740 2471; baseline -0.001 -17"><span class='ocrx_word' id='word_1_400' title='bbox 2158 2402 2322 2455; x_wconf 85' lang='lat' dir='ltr'><strong>linem</strong></span> <span class='ocrx_word' id='word_1_401' title='bbox 2369 2412 2550 2456; x_wconf 87' lang='lat' dir='ltr'><strong>autem</strong></span> <span class='ocrx_word' id='word_1_402' title='bbox 2602 2402 2853 2458; x_wconf 87' lang='lat' dir='ltr'><strong>vicesimi</strong></span> <span class='ocrx_word' id='word_1_403' title='bbox 2907 2403 3307 2471; x_wconf 80' lang='lat' dir='ltr'><strong>Antiquitatum</strong></span> <span class='ocrx_word' id='word_1_404' title='bbox 3340 2400 3465 2454; x_wconf 89' lang='lat' dir='ltr'><strong>libri</strong></span> <span class='ocrx_word' id='word_1_405' title='bbox 3510 2399 3740 2465; x_wconf 83' lang='lat' dir='ltr'><strong>indicat,</strong></span> 
     </span>
    </p>
   </div>
   <div class='ocr_carea' id='block_1_55' title="bbox 2164 2492 3751 2564">
    <p class='ocr_par' dir='ltr' id='par_1_55' title="bbox 2164 2492 3751 2564">
     <span class='ocr_line' id='line_1_55' title="bbox 2164 2492 3751 2564; baseline -0.001 -18"><span class='ocrx_word' id='word_1_406' title='bbox 2164 2500 2404 2562; x_wconf 85' lang='lat' dir='ltr'><strong>quatuor</strong></span> <span class='ocrx_word' id='word_1_407' title='bbox 2443 2508 2503 2548; x_wconf 89' lang='lat' dir='ltr'><strong>se</strong></span> <span class='ocrx_word' id='word_1_408' title='bbox 2533 2496 2907 2564; x_wconf 86' lang='lat' dir='ltr'><strong>composuisse</strong></span> <span class='ocrx_word' id='word_1_409' title='bbox 2936 2494 3109 2549; x_wconf 90' lang='lat' dir='ltr'><strong>libros</strong></span> <span class='ocrx_word' id='word_1_410' title='bbox 3132 2493 3204 2547; x_wconf 86' lang='lat' dir='ltr'><strong>De</strong></span> <span class='ocrx_word' id='word_1_411' title='bbox 3231 2493 3358 2559; x_wconf 85' lang='lat' dir='ltr'><strong>Deo,</strong></span> <span class='ocrx_word' id='word_1_412' title='bbox 3378 2502 3500 2562; x_wconf 72' lang='lat' dir='ltr'><strong>qua:</strong></span> <span class='ocrx_word' id='word_1_413' title='bbox 3524 2492 3751 2546; x_wconf 47' lang='lat' dir='ltr'><strong>Judaei</strong></span> 
     </span>
    </p>
   </div>
   <div class='ocr_carea' id='block_1_56' title="bbox 2155 2585 3736 2657">
    <p class='ocr_par' dir='ltr' id='par_1_56' title="bbox 2155 2585 3736 2657">
     <span class='ocr_line' id='line_1_56' title="bbox 2155 2585 3736 2657; baseline -0.001 -19"><span class='ocrx_word' id='word_1_414' title='bbox 2155 2600 2277 2639; x_wconf 88' lang='lat' dir='ltr'><strong>rum</strong></span> <span class='ocrx_word' id='word_1_415' title='bbox 2319 2585 2386 2640; x_wconf 90' lang='lat' dir='ltr'><strong>de</strong></span> <span class='ocrx_word' id='word_1_416' title='bbox 2435 2601 2502 2640; x_wconf 90' lang='lat' dir='ltr'><strong>eo</strong></span> <span class='ocrx_word' id='word_1_417' title='bbox 2549 2586 2663 2641; x_wconf 89' lang='lat' dir='ltr'><strong>sint</strong></span> <span class='ocrx_word' id='word_1_418' title='bbox 2707 2587 2900 2655; x_wconf 65' lang='lat' dir='ltr'><strong>patriae</strong></span> <span class='ocrx_word' id='word_1_419' title='bbox 2949 2587 3256 2657; x_wconf 85' lang='lat' dir='ltr'><strong>opiniones,</strong></span> <span class='ocrx_word' id='word_1_420' title='bbox 3312 2588 3379 2642; x_wconf 89' lang='lat' dir='ltr'><strong>de</strong></span> <span class='ocrx_word' id='word_1_421' title='bbox 3422 2585 3736 2640; x_wconf 87' lang='lat' dir='ltr'><strong>substantia</strong></span> 
     </span>
    </p>
   </div>
   <div class='ocr_carea' id='block_1_57' title="bbox 2154 2673 3738 2747">
    <p class='ocr_par' dir='ltr' id='par_1_57' title="bbox 2154 2673 3738 2747">
     <span class='ocr_line' id='line_1_57' title="bbox 2154 2673 3738 2747; baseline 0.001 -19"><span class='ocrx_word' id='word_1_422' title='bbox 2154 2675 2298 2745; x_wconf 87' lang='lat' dir='ltr'><strong>ejus,</strong></span> <span class='ocrx_word' id='word_1_423' title='bbox 2331 2682 2397 2741; x_wconf 83' lang='lat' dir='ltr'><strong>et</strong></span> <span class='ocrx_word' id='word_1_424' title='bbox 2428 2674 2496 2728; x_wconf 83' lang='lat' dir='ltr'><strong>de</strong></span> <span class='ocrx_word' id='word_1_425' title='bbox 2527 2673 2760 2745; x_wconf 80' lang='lat' dir='ltr'><strong>legibus.</strong></span> <span class='ocrx_word' id='word_1_426' title='bbox 2798 2675 3147 2745; x_wconf 85' lang='lat' dir='ltr'><strong>Quapropter</strong></span> <span class='ocrx_word' id='word_1_427' title='bbox 3171 2677 3315 2747; x_wconf 89' lang='lat' dir='ltr'><strong>apud</strong></span> <span class='ocrx_word' id='word_1_428' title='bbox 3346 2692 3443 2732; x_wconf 89' lang='lat' dir='ltr'><strong>eos</strong></span> <span class='ocrx_word' id='word_1_429' title='bbox 3483 2676 3738 2747; x_wconf 74' lang='lat' dir='ltr'><strong>qnacdam</strong></span> 
     </span>
    </p>
   </div>
   <div class='ocr_carea' id='block_1_58' title="bbox 2159 2770 3735 2843">
    <p class='ocr_par' dir='ltr' id='par_1_58' title="bbox 2159 2770 3735 2843">
     <span class='ocr_line' id='line_1_58' title="bbox 2159 2770 3735 2843; baseline 0.001 -19"><span class='ocrx_word' id='word_1_430' title='bbox 2159 2770 2495 2840; x_wconf 86' lang='lat' dir='ltr'><strong>permissum</strong></span> <span class='ocrx_word' id='word_1_431' title='bbox 2521 2771 2593 2826; x_wconf 87' lang='lat' dir='ltr'><strong>sit</strong></span> <span class='ocrx_word' id='word_1_432' title='bbox 2617 2770 2822 2837; x_wconf 84' lang='lat' dir='ltr'><strong>facere,</strong></span> <span class='ocrx_word' id='word_1_433' title='bbox 2850 2774 3098 2843; x_wconf 82' lang='lat' dir='ltr'><strong>quaedam</strong></span> <span class='ocrx_word' id='word_1_434' title='bbox 3130 2788 3263 2828; x_wconf 87' lang='lat' dir='ltr'><strong>vero</strong></span> <span class='ocrx_word' id='word_1_435' title='bbox 3290 2773 3401 2827; x_wconf 90' lang='lat' dir='ltr'><strong>sint</strong></span> <span class='ocrx_word' id='word_1_436' title='bbox 3429 2771 3735 2842; x_wconf 86' lang='lat' dir='ltr'><strong>prohibita.</strong></span> 
     </span>
    </p>
   </div>
   <div class='ocr_carea' id='block_1_59' title="bbox 2164 2863 3749 2935">
    <p class='ocr_par' dir='ltr' id='par_1_59' title="bbox 2164 2863 3749 2935">
     <span class='ocr_line' id='line_1_59' title="bbox 2164 2863 3749 2935; baseline 0.001 -17"><span class='ocrx_word' id='word_1_437' title='bbox 2164 2863 2285 2918; x_wconf 82' lang='lat' dir='ltr'><strong>Alia</strong></span> <span class='ocrx_word' id='word_1_438' title='bbox 2320 2863 2553 2934; x_wconf 86' lang='lat' dir='ltr'><strong>insuper</strong></span> <span class='ocrx_word' id='word_1_439' title='bbox 2583 2878 2613 2917; x_wconf 91' lang='lat' dir='ltr'><strong>a</strong></span> <span class='ocrx_word' id='word_1_440' title='bbox 2642 2879 2700 2919; x_wconf 90' lang='lat' dir='ltr'><strong>se</strong></span> <span class='ocrx_word' id='word_1_441' title='bbox 2738 2865 2885 2919; x_wconf 89' lang='lat' dir='ltr'><strong>edita</strong></span> <span class='ocrx_word' id='word_1_442' title='bbox 2917 2880 3037 2919; x_wconf 90' lang='lat' dir='ltr'><strong>esse</strong></span> <span class='ocrx_word' id='word_1_443' title='bbox 3069 2865 3212 2919; x_wconf 82' lang='lat' dir='ltr'><strong>idem</strong></span> <span class='ocrx_word' id='word_1_444' title='bbox 3247 2866 3367 2935; x_wconf 87' lang='lat' dir='ltr'><strong>ipse</strong></span> <span class='ocrx_word' id='word_1_445' title='bbox 3396 2866 3451 2919; x_wconf 89' lang='lat' dir='ltr'><strong>in</strong></span> <span class='ocrx_word' id='word_1_446' title='bbox 3483 2866 3749 2935; x_wconf 86' lang='lat' dir='ltr'><strong>operibus</strong></span> 
     </span>
    </p>
   </div>
   <div class='ocr_carea' id='block_1_60' title="bbox 2161 2953 3747 3025">
    <p class='ocr_par' dir='ltr' id='par_1_60' title="bbox 2161 2953 3747 3025">
     <span class='ocr_line' id='line_1_60' title="bbox 2161 2953 3747 3025; baseline 0.001 -18"><span class='ocrx_word' id='word_1_447' title='bbox 2161 2955 2278 3009; x_wconf 87' lang='lat' dir='ltr'><strong>suis</strong></span> <span class='ocrx_word' id='word_1_448' title='bbox 2331 2963 2628 3009; x_wconf 85' lang='lat' dir='ltr'><strong>asseverat.</strong></span> <span class='ocrx_word' id='word_1_449' title='bbox 2686 2953 2905 3025; x_wconf 82' lang='lat' dir='ltr'><strong>Verum</strong></span> <span class='ocrx_word' id='word_1_450' title='bbox 2938 2954 2992 3007; x_wconf 92' lang='lat' dir='ltr'><strong>in</strong></span> <span class='ocrx_word' id='word_1_451' title='bbox 3043 2953 3150 3008; x_wconf 79' lang='lat' dir='ltr'><strong>fine</strong></span> <span class='ocrx_word' id='word_1_452' title='bbox 3213 2956 3643 3023; x_wconf 80' lang='lat' dir='ltr'><strong>Antiquitatum,</strong></span> <span class='ocrx_word' id='word_1_453' title='bbox 3690 2954 3747 3008; x_wconf 88' lang='lat' dir='ltr'><strong>in</strong></span> 
     </span>
    </p>
   </div>
   <div class='ocr_carea' id='block_1_61' title="bbox 2161 3043 3747 3116">
    <p class='ocr_par' dir='ltr' id='par_1_61' title="bbox 2161 3043 3747 3116">
     <span class='ocr_line' id='line_1_61' title="bbox 2161 3043 3747 3116; baseline 0.001 -18"><span class='ocrx_word' id='word_1_454' title='bbox 2161 3043 2386 3100; x_wconf 72' lang='lat' dir='ltr'><strong>Iustum</strong></span> <span class='ocrx_word' id='word_1_455' title='bbox 2432 3046 2726 3116; x_wconf 68' lang='lat' dir='ltr'><strong>quemdam</strong></span> <span class='ocrx_word' id='word_1_456' title='bbox 2782 3062 2849 3101; x_wconf 80' lang='lat' dir='ltr'><strong>ex</strong></span> <span class='ocrx_word' id='word_1_457' title='bbox 2898 3045 3207 3108; x_wconf 88' lang='lat' dir='ltr'><strong>Tiberiade,</strong></span> <span class='ocrx_word' id='word_1_458' title='bbox 3260 3048 3353 3115; x_wconf 91' lang='lat' dir='ltr'><strong>qui</strong></span> <span class='ocrx_word' id='word_1_459' title='bbox 3397 3048 3465 3101; x_wconf 89' lang='lat' dir='ltr'><strong>de</strong></span> <span class='ocrx_word' id='word_1_460' title='bbox 3517 3047 3747 3111; x_wconf 78' lang='lat' dir='ltr'><strong>eisdem,</strong></span> 
     </span>
    </p>
   </div>
   <div class='ocr_carea' id='block_1_62' title="bbox 495 3137 2059 3231">
    <p class='ocr_par' dir='ltr' id='par_1_62' title="bbox 495 3142 2059 3215">
     <span class='ocr_line' id='line_1_62' title="bbox 495 3142 2059 3215; baseline 0.001 -21"><span class='ocrx_word' id='word_1_461' title='bbox 495 3142 746 3213; x_wconf 76' lang='grc' dir='ltr'>καθάπερ</span> <span class='ocrx_word' id='word_1_462' title='bbox 781 3142 1037 3213; x_wconf 77' lang='grc' dir='ltr'>βασιλεὺς</span> <span class='ocrx_word' id='word_1_463' title='bbox 1076 3143 1412 3215; x_wconf 81' lang='grc' dir='ltr'>Ἀγρίππας,</span> <span class='ocrx_word' id='word_1_464' title='bbox 1447 3143 1539 3195; x_wconf 87' lang='grc' dir='ltr'><strong>καί</strong></span> <span class='ocrx_word' id='word_1_465' title='bbox 1573 3159 1719 3205; x_wconf 88' lang='grc' dir='ltr'>τινες</span> <span class='ocrx_word' id='word_1_466' title='bbox 1763 3142 1929 3196; x_wconf 83' lang='grc' dir='ltr'>αὐτοῦ</span> <span class='ocrx_word' id='word_1_467' title='bbox 1954 3142 2059 3195; x_wconf 83' lang='grc' dir='ltr'><strong>τῶν</strong></span> 
     </span>
    </p>
   </div>
   <div class='ocr_carea' id='block_1_63' title="bbox 2161 3137 3747 3231">
    <p class='ocr_par' dir='ltr' id='par_1_63' title="bbox 2171 3137 3747 3207">
     <span class='ocr_line' id='line_1_63' title="bbox 2171 3137 3747 3207; baseline -0.001 -16"><span class='ocrx_word' id='word_1_468' title='bbox 2171 3138 2374 3207; x_wconf 87' lang='lat' dir='ltr'><strong>quibus</strong></span> <span class='ocrx_word' id='word_1_469' title='bbox 2398 3138 2516 3207; x_wconf 87' lang='lat' dir='ltr'><strong>ipse</strong></span> <span class='ocrx_word' id='word_1_470' title='bbox 2549 3138 2895 3207; x_wconf 87' lang='lat' dir='ltr'><strong>temporibus</strong></span> <span class='ocrx_word' id='word_1_471' title='bbox 2929 3146 2983 3190; x_wconf 71' lang='lat' dir='ltr'><strong>et</strong></span> <span class='ocrx_word' id='word_1_472' title='bbox 3021 3139 3205 3202; x_wconf 88' lang='lat' dir='ltr'><strong>rebus,</strong></span> <span class='ocrx_word' id='word_1_473' title='bbox 3239 3137 3423 3191; x_wconf 87' lang='lat' dir='ltr'><strong>minus</strong></span> <span class='ocrx_word' id='word_1_474' title='bbox 3452 3153 3575 3191; x_wconf 78' lang='lat' dir='ltr'><strong>vera</strong></span> <span class='ocrx_word' id='word_1_475' title='bbox 3606 3138 3747 3192; x_wconf 84' lang='lat' dir='ltr'><strong>scri-</strong></span> 
     </span>
    </p>
   </div>
   <div class='ocr_carea' id='block_1_64' title="bbox 497 3225 2069 3296">
    <p class='ocr_par' dir='ltr' id='par_1_64' title="bbox 497 3225 2069 3296">
     <span class='ocr_line' id='line_1_64' title="bbox 497 3225 2069 3296; baseline 0.001 -21"><span class='ocrx_word' id='word_1_476' title='bbox 497 3225 801 3292; x_wconf 81' lang='grc' dir='ltr'>συγγενῶν.</span> <span class='ocrx_word' id='word_1_477' title='bbox 852 3227 910 3280; x_wconf 92' lang='grc' dir='ltr'><strong>Ὀ</strong></span> <span class='ocrx_word' id='word_1_478' title='bbox 952 3228 1049 3295; x_wconf 82' lang='grc' dir='ltr'>μὲν</span> <span class='ocrx_word' id='word_1_479' title='bbox 1078 3227 1186 3296; x_wconf 82' lang='grc' dir='ltr'><strong>γὰρ</strong></span> <span class='ocrx_word' id='word_1_480' title='bbox 1223 3227 1584 3296; x_wconf 67' lang='grc' dir='ltr'>αὐτοκράτωρ</span> <span class='ocrx_word' id='word_1_481' title='bbox 1614 3226 1769 3286; x_wconf 79' lang='grc' dir='ltr'>Τῖτος</span> <span class='ocrx_word' id='word_1_482' title='bbox 1797 3227 1972 3289; x_wconf 80' lang='grc' dir='ltr'>οὕτως</span> <span class='ocrx_word' id='word_1_483' title='bbox 2006 3227 2069 3277; x_wconf 82' lang='grc' dir='ltr'>ὲκ</span> 
     </span>
    </p>
   </div>
   <div class='ocr_carea' id='block_1_65' title="bbox 501 3317 2070 3389">
    <p class='ocr_par' dir='ltr' id='par_1_65' title="bbox 501 3317 2070 3389">
     <span class='ocr_line' id='line_1_65' title="bbox 501 3317 2070 3389; baseline 0.001 -22"><span class='ocrx_word' id='word_1_484' title='bbox 501 3318 680 3384; x_wconf 83' lang='grc' dir='ltr'>μόνων</span> <span class='ocrx_word' id='word_1_485' title='bbox 714 3317 895 3370; x_wconf 82' lang='grc' dir='ltr'>αὐτῶν</span> <span class='ocrx_word' id='word_1_486' title='bbox 931 3318 1202 3388; x_wconf 73' lang='grc' dir='ltr'>ἐϐουλήθη</span> <span class='ocrx_word' id='word_1_487' title='bbox 1233 3317 1333 3388; x_wconf 82' lang='grc' dir='ltr'>τὴν</span> <span class='ocrx_word' id='word_1_488' title='bbox 1367 3318 1571 3385; x_wconf 82' lang='grc' dir='ltr'>γνῶσιν</span> <span class='ocrx_word' id='word_1_489' title='bbox 1613 3320 1725 3380; x_wconf 85' lang='grc' dir='ltr'>τοῖς</span> <span class='ocrx_word' id='word_1_490' title='bbox 1759 3317 2070 3389; x_wconf 75' lang='grc' dir='ltr'>ἀνθρώποις</span> 
     </span>
    </p>
   </div>
   <div class='ocr_carea' id='block_1_66' title="bbox 499 3407 2066 3480">
    <p class='ocr_par' dir='ltr' id='par_1_66' title="bbox 499 3407 2066 3480">
     <span class='ocr_line' id='line_1_66' title="bbox 499 3407 2066 3480; baseline 0 -20"><span class='ocrx_word' id='word_1_491' title='bbox 499 3408 836 3479; x_wconf 63' lang='grc' dir='ltr'>παραδοῦναι</span> <span class='ocrx_word' id='word_1_492' title='bbox 882 3409 992 3464; x_wconf 84' lang='grc' dir='ltr'><strong>τῶν</strong></span> <span class='ocrx_word' id='word_1_493' title='bbox 1021 3410 1297 3479; x_wconf 75' lang='grc' dir='ltr'>πράξεων,</span> <span class='ocrx_word' id='word_1_494' title='bbox 1332 3408 1475 3462; x_wconf 82' lang='grc' dir='ltr'>ὥστε</span> <span class='ocrx_word' id='word_1_495' title='bbox 1517 3409 1765 3480; x_wconf 79' lang='grc' dir='ltr'>χαράξας</span> <span class='ocrx_word' id='word_1_496' title='bbox 1797 3411 1863 3479; x_wconf 82' lang='grc' dir='ltr'>τῇ</span> <span class='ocrx_word' id='word_1_497' title='bbox 1899 3407 2066 3461; x_wconf 82' lang='grc' dir='ltr'>αὑτοῦ</span> 
     </span>
    </p>
   </div>
   <div class='ocr_carea' id='block_1_67' title="bbox 2176 3230 3746 3302">
    <p class='ocr_par' dir='ltr' id='par_1_67' title="bbox 2176 3230 3746 3302">
     <span class='ocr_line' id='line_1_67' title="bbox 2176 3230 3746 3302; baseline 0.001 -18"><span class='ocrx_word' id='word_1_498' title='bbox 2176 3230 2308 3298; x_wconf 86' lang='lat' dir='ltr'><strong>psit,</strong></span> <span class='ocrx_word' id='word_1_499' title='bbox 2335 3232 2478 3302; x_wconf 75' lang='lat' dir='ltr'><strong>Stylo</strong></span> <span class='ocrx_word' id='word_1_500' title='bbox 2505 3232 2791 3297; x_wconf 82' lang='lat' dir='ltr'><strong>invehens,</strong></span> <span class='ocrx_word' id='word_1_501' title='bbox 2822 3245 2945 3284; x_wconf 90' lang='lat' dir='ltr'><strong>cum</strong></span> <span class='ocrx_word' id='word_1_502' title='bbox 2969 3231 3074 3284; x_wconf 88' lang='lat' dir='ltr'><strong>alia</strong></span> <span class='ocrx_word' id='word_1_503' title='bbox 3102 3238 3374 3298; x_wconf 85' lang='lat' dir='ltr'><strong>permulta</strong></span> <span class='ocrx_word' id='word_1_504' title='bbox 3397 3232 3445 3284; x_wconf 78' lang='lat' dir='ltr'><strong>ei</strong></span> <span class='ocrx_word' id='word_1_505' title='bbox 3473 3232 3603 3286; x_wconf 82' lang='lat' dir='ltr'><strong>vitio</strong></span> <span class='ocrx_word' id='word_1_506' title='bbox 3631 3232 3746 3294; x_wconf 84' lang='lat' dir='ltr'><strong>dat,</strong></span> 
     </span>
    </p>
   </div>
   <div class='ocr_carea' id='block_1_68' title="bbox 2175 3321 3746 3391">
    <p class='ocr_par' dir='ltr' id='par_1_68' title="bbox 2175 3321 3746 3391">
     <span class='ocr_line' id='line_1_68' title="bbox 2175 3321 3746 3391; baseline 0.001 -16"><span class='ocrx_word' id='word_1_507' title='bbox 2175 3329 2288 3375; x_wconf 90' lang='lat' dir='ltr'><strong>tum</strong></span> <span class='ocrx_word' id='word_1_508' title='bbox 2324 3321 2471 3376; x_wconf 86' lang='lat' dir='ltr'><strong>hisce</strong></span> <span class='ocrx_word' id='word_1_509' title='bbox 2518 3322 2690 3375; x_wconf 88' lang='lat' dir='ltr'><strong>utitur</strong></span> <span class='ocrx_word' id='word_1_510' title='bbox 2741 3322 2922 3376; x_wconf 79' lang='lat' dir='ltr'><strong>verbis</strong></span> <span class='ocrx_word' id='word_1_511' title='bbox 2959 3341 2970 3374; x_wconf 90' lang='lat'><strong>:</strong></span> <span class='ocrx_word' id='word_1_512' title='bbox 3009 3340 3027 3373; x_wconf 89' lang='grc'>‹</span> <span class='ocrx_word' id='word_1_513' title='bbox 3064 3323 3181 3377; x_wconf 81' lang='lat' dir='ltr'><strong>Non</strong></span> <span class='ocrx_word' id='word_1_514' title='bbox 3227 3324 3506 3391; x_wconf 82' lang='lat' dir='ltr'><strong>equidem,</strong></span> <span class='ocrx_word' id='word_1_515' title='bbox 3541 3324 3746 3391; x_wconf 85' lang='lat' dir='ltr'><strong>inquit,</strong></span> 
     </span>
    </p>
   </div>
   <div class='ocr_carea' id='block_1_69' title="bbox 2170 3411 3747 3484">
    <p class='ocr_par' dir='ltr' id='par_1_69' title="bbox 2170 3411 3747 3484">
     <span class='ocr_line' id='line_1_69' title="bbox 2170 3411 3747 3484; baseline 0 -18"><span class='ocrx_word' id='word_1_516' title='bbox 2170 3411 2360 3466; x_wconf 86' lang='lat' dir='ltr'><strong>itidem</strong></span> <span class='ocrx_word' id='word_1_517' title='bbox 2394 3422 2559 3481; x_wconf 88' lang='lat' dir='ltr'><strong>atque</strong></span> <span class='ocrx_word' id='word_1_518' title='bbox 2587 3422 2667 3477; x_wconf 90' lang='lat' dir='ltr'><strong>tu,</strong></span> <span class='ocrx_word' id='word_1_519' title='bbox 2704 3414 2929 3484; x_wconf 90' lang='lat' dir='ltr'><strong>scriptis</strong></span> <span class='ocrx_word' id='word_1_520' title='bbox 2968 3415 3105 3469; x_wconf 85' lang='lat' dir='ltr'><strong>meis</strong></span> <span class='ocrx_word' id='word_1_521' title='bbox 3138 3416 3318 3469; x_wconf 88' lang='lat' dir='ltr'><strong>timui.</strong></span> <span class='ocrx_word' id='word_1_522' title='bbox 3364 3416 3470 3468; x_wconf 88' lang='lat' dir='ltr'><strong>Sed</strong></span> <span class='ocrx_word' id='word_1_523' title='bbox 3506 3417 3747 3484; x_wconf 84' lang='lat' dir='ltr'><strong>impera-</strong></span> 
     </span>
    </p>
   </div>
   <div class='ocr_carea' id='block_1_70' title="bbox 497 3495 2059 3575">
    <p class='ocr_par' dir='ltr' id='par_1_70' title="bbox 497 3495 2059 3573">
     <span class='ocr_line' id='line_1_70' title="bbox 497 3495 2059 3573; baseline -0.003 -20"><span class='ocrx_word' id='word_1_524' title='bbox 497 3502 644 3573; x_wconf 77' lang='grc' dir='ltr'>χειρὶ</span> <span class='ocrx_word' id='word_1_525' title='bbox 693 3501 760 3555; x_wconf 64' lang='grc' dir='ltr'>τὶ</span> <span class='ocrx_word' id='word_1_526' title='bbox 805 3501 1011 3572; x_wconf 74' lang='grc' dir='ltr'>βιϐλία,</span> <span class='ocrx_word' id='word_1_527' title='bbox 1065 3501 1490 3572; x_wconf 85' lang='grc' dir='ltr'>δημοσιεύεσθαι</span> <span class='ocrx_word' id='word_1_528' title='bbox 1541 3499 1915 3571; x_wconf 80' lang='grc' dir='ltr'>προσέταξεν·</span> <span class='ocrx_word' id='word_1_529' title='bbox 1951 3495 2059 3552; x_wconf 75' lang='grc' dir='ltr'>δ’δὲ</span> 
     </span>
    </p>
   </div>
   <div class='ocr_carea' id='block_1_71' title="bbox 2161 3495 3747 3575">
    <p class='ocr_par' dir='ltr' id='par_1_71' title="bbox 2170 3503 3747 3575">
     <span class='ocr_line' id='line_1_71' title="bbox 2170 3503 3747 3575; baseline 0.003 -18"><span class='ocrx_word' id='word_1_530' title='bbox 2170 3503 2389 3558; x_wconf 79' lang='lat' dir='ltr'><strong>toribus</strong></span> <span class='ocrx_word' id='word_1_531' title='bbox 2435 3506 2564 3573; x_wconf 86' lang='lat' dir='ltr'><strong>ipsis</strong></span> <span class='ocrx_word' id='word_1_532' title='bbox 2618 3505 2793 3560; x_wconf 88' lang='lat' dir='ltr'><strong>libros</strong></span> <span class='ocrx_word' id='word_1_533' title='bbox 2844 3521 2996 3561; x_wconf 89' lang='lat' dir='ltr'><strong>meos</strong></span> <span class='ocrx_word' id='word_1_534' title='bbox 3041 3507 3239 3571; x_wconf 87' lang='lat' dir='ltr'><strong>obtuli,</strong></span> <span class='ocrx_word' id='word_1_535' title='bbox 3295 3523 3421 3561; x_wconf 89' lang='lat' dir='ltr'><strong>cum</strong></span> <span class='ocrx_word' id='word_1_536' title='bbox 3473 3522 3561 3560; x_wconf 88' lang='lat' dir='ltr'><strong>res</strong></span> <span class='ocrx_word' id='word_1_537' title='bbox 3614 3508 3747 3575; x_wconf 82' lang='lat' dir='ltr'><strong>ipsae</strong></span> 
     </span>
    </p>
   </div>
   <div class='ocr_carea' id='block_1_72' title="bbox 501 3590 2059 3667">
    <p class='ocr_par' dir='ltr' id='par_1_72' title="bbox 501 3590 2059 3665">
     <span class='ocr_line' id='line_1_72' title="bbox 501 3590 2059 3665; baseline -0.003 -18"><span class='ocrx_word' id='word_1_538' title='bbox 501 3594 757 3664; x_wconf 77' lang='grc' dir='ltr'>βασιλεὺς</span> <span class='ocrx_word' id='word_1_539' title='bbox 792 3595 1103 3664; x_wconf 80' lang='grc' dir='ltr'>Ἀγρίππας</span> <span class='ocrx_word' id='word_1_540' title='bbox 1136 3592 1177 3658; x_wconf 78' lang='grc' dir='ltr'><strong>ξ’</strong></span> <span class='ocrx_word' id='word_1_541' title='bbox 1211 3594 1303 3647; x_wconf 77' lang='grc' dir='ltr'><strong>καὶ</strong></span> <span class='ocrx_word' id='word_1_542' title='bbox 1368 3594 1413 3662; x_wconf 83' lang='grc' dir='ltr'><strong>β’</strong></span> <span class='ocrx_word' id='word_1_543' title='bbox 1457 3592 1699 3665; x_wconf 75' lang='grc' dir='ltr'>ἔγραψεν</span> <span class='ocrx_word' id='word_1_544' title='bbox 1752 3590 2059 3651; x_wconf 73' lang='grc' dir='ltr'>ἐπιστολὰς,</span> 
     </span>
    </p>
   </div>
   <div class='ocr_carea' id='block_1_73' title="bbox 2161 3590 3751 3667">
    <p class='ocr_par' dir='ltr' id='par_1_73' title="bbox 2170 3598 3751 3667">
     <span class='ocr_line' id='line_1_73' title="bbox 2170 3598 3751 3667; baseline 0.003 -17"><span class='ocrx_word' id='word_1_545' title='bbox 2170 3606 2335 3667; x_wconf 75' lang='lat' dir='ltr'><strong>gesta:</strong></span> <span class='ocrx_word' id='word_1_546' title='bbox 2376 3598 2772 3666; x_wconf 89' lang='lat' dir='ltr'><strong>propemodum</strong></span> <span class='ocrx_word' id='word_1_547' title='bbox 2819 3599 3001 3654; x_wconf 84' lang='lat' dir='ltr'><strong>adhuc</strong></span> <span class='ocrx_word' id='word_1_548' title='bbox 3047 3611 3428 3653; x_wconf 82' lang='lat' dir='ltr'><strong>cernerentur.</strong></span> <span class='ocrx_word' id='word_1_549' title='bbox 3478 3599 3751 3656; x_wconf 84' lang='lat' dir='ltr'><strong>Conscius</strong></span> 
     </span>
    </p>
   </div>
   <div class='ocr_carea' id='block_1_74' title="bbox 495 3674 2059 3757">
    <p class='ocr_par' dir='ltr' id='par_1_74' title="bbox 495 3674 2059 3755">
     <span class='ocr_line' id='line_1_74' title="bbox 495 3674 2059 3755; baseline 0.001 -22"><span class='ocrx_word' id='word_1_550' title='bbox 495 3686 562 3752; x_wconf 75' lang='grc' dir='ltr'>τῇ</span> <span class='ocrx_word' id='word_1_551' title='bbox 616 3683 713 3752; x_wconf 83' lang='grc' dir='ltr'><strong>τῆς</strong></span> <span class='ocrx_word' id='word_1_552' title='bbox 757 3681 1019 3755; x_wconf 78' lang='grc' dir='ltr'>ἀληθείας</span> <span class='ocrx_word' id='word_1_553' title='bbox 1051 3683 1350 3755; x_wconf 82' lang='grc' dir='ltr'>παραδόσει</span> <span class='ocrx_word' id='word_1_554' title='bbox 1409 3684 1734 3754; x_wconf 83' lang='grc' dir='ltr'>μαρτυρῶν.</span> <span class='ocrx_word' id='word_1_555' title='bbox 1777 3701 1798 3735; x_wconf 73' lang='grc' dir='ltr'><strong>ι</strong></span> <span class='ocrx_word' id='word_1_556' title='bbox 1843 3682 1960 3750; x_wconf 83' lang='grc' dir='ltr'><strong>Ἀφ’</strong></span> <span class='ocrx_word' id='word_1_557' title='bbox 1994 3674 2059 3734; x_wconf 57' lang='grc' dir='ltr'>ὧν</span> 
     </span>
    </p>
   </div>
   <div class='ocr_carea' id='block_1_75' title="bbox 2161 3674 3749 3757">
    <p class='ocr_par' dir='ltr' id='par_1_75' title="bbox 2170 3687 3749 3757">
     <span class='ocr_line' id='line_1_75' title="bbox 2170 3687 3749 3757; baseline 0.002 -16"><span class='ocrx_word' id='word_1_558' title='bbox 2170 3688 2319 3741; x_wconf 86' lang='lat' dir='ltr'><strong>enim</strong></span> <span class='ocrx_word' id='word_1_559' title='bbox 2371 3687 2488 3757; x_wconf 87' lang='lat' dir='ltr'><strong>ipse</strong></span> <span class='ocrx_word' id='word_1_560' title='bbox 2539 3701 2661 3741; x_wconf 90' lang='lat' dir='ltr'><strong>sum</strong></span> <span class='ocrx_word' id='word_1_561' title='bbox 2717 3687 2875 3752; x_wconf 88' lang='lat' dir='ltr'><strong>mihi,</strong></span> <span class='ocrx_word' id='word_1_562' title='bbox 2931 3704 3016 3742; x_wconf 87' lang='lat' dir='ltr'><strong>me</strong></span> <span class='ocrx_word' id='word_1_563' title='bbox 3063 3689 3317 3744; x_wconf 86' lang='lat' dir='ltr'><strong>veritatis</strong></span> <span class='ocrx_word' id='word_1_564' title='bbox 3367 3694 3749 3745; x_wconf 78' lang='lat' dir='ltr'><strong>consectandae</strong></span> 
     </span>
    </p>
   </div>
   <div class='ocr_carea' id='block_1_76' title="bbox 498 3770 2059 3848">
    <p class='ocr_par' dir='ltr' id='par_1_76' title="bbox 498 3770 2059 3848">
     <span class='ocr_line' id='line_1_76' title="bbox 498 3770 2059 3848; baseline -0.003 -20"><span class='ocrx_word' id='word_1_565' title='bbox 498 3773 720 3828; x_wconf 74' lang='grc' dir='ltr'>καὶδύο</span> <span class='ocrx_word' id='word_1_566' title='bbox 765 3775 1124 3848; x_wconf 79' lang='grc' dir='ltr'>παρατίθησι.</span> <span class='ocrx_word' id='word_1_567' title='bbox 1175 3774 1451 3828; x_wconf 80' lang='grc' dir='ltr'>Τοσοῦτον</span> <span class='ocrx_word' id='word_1_568' title='bbox 1497 3774 1553 3826; x_wconf 79' lang='grc' dir='ltr'>δὲ</span> <span class='ocrx_word' id='word_1_569' title='bbox 1589 3773 1671 3845; x_wconf 79' lang='grc' dir='ltr'>τῷ</span> <span class='ocrx_word' id='word_1_570' title='bbox 1705 3770 2059 3842; x_wconf 78' lang='grc' dir='ltr'>συγγραφικᾷ</span> 
     </span>
    </p>
   </div>
   <div class='ocr_carea' id='block_1_77' title="bbox 2161 3770 3748 3848">
    <p class='ocr_par' dir='ltr' id='par_1_77' title="bbox 2170 3774 3748 3844">
     <span class='ocr_line' id='line_1_77' title="bbox 2170 3774 3748 3844; baseline 0.004 -16"><span class='ocrx_word' id='word_1_571' title='bbox 2170 3786 2441 3843; x_wconf 69' lang='lat' dir='ltr'><strong>praecepta</strong></span> <span class='ocrx_word' id='word_1_572' title='bbox 2473 3788 2846 3830; x_wconf 82' lang='lat' dir='ltr'><strong>conservasse.</strong></span> <span class='ocrx_word' id='word_1_573' title='bbox 2887 3774 3056 3844; x_wconf 83' lang='lat' dir='ltr'><strong>Cujus</strong></span> <span class='ocrx_word' id='word_1_574' title='bbox 3087 3793 3211 3831; x_wconf 92' lang='lat' dir='ltr'><strong>cum</strong></span> <span class='ocrx_word' id='word_1_575' title='bbox 3251 3794 3337 3834; x_wconf 86' lang='lat' dir='ltr'><strong>rnc</strong></span> <span class='ocrx_word' id='word_1_576' title='bbox 3372 3781 3748 3834; x_wconf 85' lang='lat' dir='ltr'><strong>testimonium</strong></span> 
     </span>
    </p>
   </div>
   <div class='ocr_carea' id='block_1_78' title="bbox 474 3853 2059 3944">
    <p class='ocr_par' dir='ltr' id='par_1_78' title="bbox 474 3864 2059 3939">
     <span class='ocr_line' id='line_1_78' title="bbox 474 3864 2059 3939; baseline -0.003 -18"><span class='ocrx_word' id='word_1_577' title='bbox 474 3864 820 3939; x_wconf 50' lang='grc' dir='ltr'>ἀαρακτῆρι</span> <span class='ocrx_word' id='word_1_578' title='bbox 851 3868 1022 3935; x_wconf 83' lang='grc' dir='ltr'>ἀνθεῖ,</span> <span class='ocrx_word' id='word_1_579' title='bbox 1076 3868 1170 3922; x_wconf 72' lang='grc' dir='ltr'>τὸν</span> <span class='ocrx_word' id='word_1_580' title='bbox 1222 3867 1556 3936; x_wconf 81' lang='grc' dir='ltr'>Θουκυδίδην</span> <span class='ocrx_word' id='word_1_581' title='bbox 1590 3865 1950 3937; x_wconf 73' lang='grc' dir='ltr'>μιμούμενος,</span> <span class='ocrx_word' id='word_1_582' title='bbox 1993 3864 2059 3927; x_wconf 80' lang='grc' dir='ltr'>ὼς</span> 
     </span>
    </p>
   </div>
   <div class='ocr_carea' id='block_1_79' title="bbox 2161 3853 3748 3944">
    <p class='ocr_par' dir='ltr' id='par_1_79' title="bbox 2172 3853 3748 3944">
     <span class='ocr_line' id='line_1_79' title="bbox 2172 3853 3748 3944; baseline 0.006 -23"><span class='ocrx_word' id='word_1_583' title='bbox 2172 3853 2603 3921; x_wconf 73' lang='lat' dir='ltr'><strong>consecuturum</strong></span> <span class='ocrx_word' id='word_1_584' title='bbox 2654 3883 2958 3939; x_wconf 87' lang='lat' dir='ltr'><strong>sperarem,</strong></span> <span class='ocrx_word' id='word_1_585' title='bbox 3004 3886 3112 3924; x_wconf 88' lang='lat' dir='ltr'><strong>non</strong></span> <span class='ocrx_word' id='word_1_586' title='bbox 3173 3888 3259 3925; x_wconf 86' lang='lat' dir='ltr'><strong>me</strong></span> <span class='ocrx_word' id='word_1_587' title='bbox 3306 3873 3498 3929; x_wconf 77' lang='lat' dir='ltr'><strong>fefellit</strong></span> <span class='ocrx_word' id='word_1_588' title='bbox 3540 3876 3748 3944; x_wconf 86' lang='lat' dir='ltr'><strong>Opinio.</strong></span> 
     </span>
    </p>
   </div>
   <div class='ocr_carea' id='block_1_80' title="bbox 501 3955 2070 4030">
    <p class='ocr_par' dir='ltr' id='par_1_80' title="bbox 501 3955 2070 4030">
     <span class='ocr_line' id='line_1_80' title="bbox 501 3955 2070 4030; baseline -0.004 -17"><span class='ocrx_word' id='word_1_589' title='bbox 501 3959 707 4030; x_wconf 83' lang='grc' dir='ltr'>μηδένα</span> <span class='ocrx_word' id='word_1_590' title='bbox 734 3963 795 4013; x_wconf 82' lang='grc' dir='ltr'><strong>τὸ</strong></span> <span class='ocrx_word' id='word_1_591' title='bbox 835 3961 896 4025; x_wconf 72' lang='grc' dir='ltr'><strong>ἐξ</strong></span> <span class='ocrx_word' id='word_1_592' title='bbox 936 3962 1148 4016; x_wconf 77' lang='grc' dir='ltr'>ἐκείνου</span> <span class='ocrx_word' id='word_1_593' title='bbox 1176 3961 1335 4015; x_wconf 81' lang='grc' dir='ltr'>ὲᾶσαι</span> <span class='ocrx_word' id='word_1_594' title='bbox 1369 3958 1432 4012; x_wconf 82' lang='grc' dir='ltr'>τὸ</span> <span class='ocrx_word' id='word_1_595' title='bbox 1478 3958 1747 4029; x_wconf 84' lang='grc' dir='ltr'>πρωτεῖον</span> <span class='ocrx_word' id='word_1_596' title='bbox 1781 3955 2070 4026; x_wconf 75' lang='grc' dir='ltr'>κληρώσα-</span> 
     </span>
    </p>
   </div>
   <div class='ocr_carea' id='block_1_81' title="bbox 501 4047 2072 4122">
    <p class='ocr_par' dir='ltr' id='par_1_81' title="bbox 501 4047 2072 4122">
     <span class='ocr_line' id='line_1_81' title="bbox 501 4047 2072 4122; baseline -0.003 -19"><span class='ocrx_word' id='word_1_597' title='bbox 501 4052 650 4113; x_wconf 68' lang='lat' dir='ltr'><strong>adat,</strong></span> <span class='ocrx_word' id='word_1_598' title='bbox 681 4053 802 4115; x_wconf 84' lang='grc' dir='ltr'>ταῖς</span> <span class='ocrx_word' id='word_1_599' title='bbox 836 4054 1052 4115; x_wconf 78' lang='grc' dir='ltr'>καιναῖς</span> <span class='ocrx_word' id='word_1_600' title='bbox 1098 4052 1187 4106; x_wconf 77' lang='grc' dir='ltr'>ἀεὶ</span> <span class='ocrx_word' id='word_1_601' title='bbox 1218 4051 1428 4122; x_wconf 88' lang='grc' dir='ltr'>χαίρων</span> <span class='ocrx_word' id='word_1_602' title='bbox 1458 4050 1567 4104; x_wconf 86' lang='grc' dir='ltr'><strong>τῶν</strong></span> <span class='ocrx_word' id='word_1_603' title='bbox 1607 4048 1944 4109; x_wconf 79' lang='grc' dir='ltr'>ὑποθέσεων,</span> <span class='ocrx_word' id='word_1_604' title='bbox 1976 4047 2072 4099; x_wconf 53' lang='grc' dir='ltr'><strong>καὶ</strong></span> 
     </span>
    </p>
   </div>
   <div class='ocr_carea' id='block_1_82' title="bbox 503 4142 2071 4216">
    <p class='ocr_par' dir='ltr' id='par_1_82' title="bbox 503 4142 2071 4216">
     <span class='ocr_line' id='line_1_82' title="bbox 503 4142 2071 4216; baseline -0.001 -22"><span class='ocrx_word' id='word_1_605' title='bbox 503 4142 623 4213; x_wconf 86' lang='grc' dir='ltr'>μετ’</span> <span class='ocrx_word' id='word_1_606' title='bbox 647 4143 900 4208; x_wconf 75' lang='grc' dir='ltr'>εὐκολίας</span> <span class='ocrx_word' id='word_1_607' title='bbox 938 4147 1120 4214; x_wconf 80' lang='grc' dir='ltr'>πάσης</span> <span class='ocrx_word' id='word_1_608' title='bbox 1141 4162 1158 4179; x_wconf 74' lang='grc' dir='ltr'><strong><em>ο</em></strong></span> <span class='ocrx_word' id='word_1_609' title='bbox 1198 4146 1275 4216; x_wconf 81' lang='grc' dir='ltr'>μὴ</span> <span class='ocrx_word' id='word_1_610' title='bbox 1309 4144 1403 4197; x_wconf 89' lang='grc' dir='ltr'><strong>τοῦ</strong></span> <span class='ocrx_word' id='word_1_611' title='bbox 1431 4144 1533 4213; x_wconf 82' lang='grc' dir='ltr'><strong>τῆς</strong></span> <span class='ocrx_word' id='word_1_612' title='bbox 1561 4142 1757 4212; x_wconf 84' lang='grc' dir='ltr'>τέχνης</span> <span class='ocrx_word' id='word_1_613' title='bbox 1777 4142 1936 4195; x_wconf 82' lang='grc' dir='ltr'>τόνου</span> <span class='ocrx_word' id='word_1_614' title='bbox 1970 4157 2071 4212; x_wconf 67' lang='grc' dir='ltr'>χαι</span> 
     </span>
    </p>
   </div>
   <div class='ocr_carea' id='block_1_83' title="bbox 499 4234 2071 4307">
    <p class='ocr_par' dir='ltr' id='par_1_83' title="bbox 499 4234 2071 4307">
     <span class='ocr_line' id='line_1_83' title="bbox 499 4234 2071 4307; baseline 0.002 -21"><span class='ocrx_word' id='word_1_615' title='bbox 499 4234 630 4300; x_wconf 85' lang='grc' dir='ltr'>λῶν,</span> <span class='ocrx_word' id='word_1_616' title='bbox 662 4237 842 4306; x_wconf 74' lang='grc' dir='ltr'>ἠπίως</span> <span class='ocrx_word' id='word_1_617' title='bbox 881 4234 1029 4306; x_wconf 86' lang='grc' dir='ltr'>μάλα</span> <span class='ocrx_word' id='word_1_618' title='bbox 1073 4238 1170 4291; x_wconf 79' lang='grc' dir='ltr'>καὶ</span> <span class='ocrx_word' id='word_1_619' title='bbox 1200 4236 1401 4307; x_wconf 75' lang='grc' dir='ltr'>ἱλαρῶς</span> <span class='ocrx_word' id='word_1_620' title='bbox 1440 4236 1738 4307; x_wconf 76' lang='grc' dir='ltr'>διέρχεται,</span> <span class='ocrx_word' id='word_1_621' title='bbox 1771 4235 2071 4305; x_wconf 81' lang='grc' dir='ltr'>ὑπερφυῶς</span> 
     </span>
    </p>
   </div>
   <div class='ocr_carea' id='block_1_84' title="bbox 500 4327 2072 4403">
    <p class='ocr_par' dir='ltr' id='par_1_84' title="bbox 500 4327 2072 4403">
     <span class='ocr_line' id='line_1_84' title="bbox 500 4327 2072 4403; baseline -0.001 -21"><span class='ocrx_word' id='word_1_622' title='bbox 500 4328 818 4400; x_wconf 72' lang='grc' dir='ltr'>ὲκφράζων,</span> <span class='ocrx_word' id='word_1_623' title='bbox 855 4333 956 4384; x_wconf 82' lang='grc' dir='ltr'><strong>κάν</strong></span> <span class='ocrx_word' id='word_1_624' title='bbox 989 4331 1068 4399; x_wconf 86' lang='grc' dir='ltr'>τῷ</span> <span class='ocrx_word' id='word_1_625' title='bbox 1100 4332 1439 4403; x_wconf 86' lang='grc' dir='ltr'>δημηγορεῖν</span> <span class='ocrx_word' id='word_1_626' title='bbox 1471 4327 1868 4401; x_wconf 79' lang='grc' dir='ltr'>ἀϐρυνόμενος.</span> <span class='ocrx_word' id='word_1_627' title='bbox 1889 4327 1948 4380; x_wconf 90' lang='lat'><strong>&#39;0</strong></span> <span class='ocrx_word' id='word_1_628' title='bbox 1974 4328 2072 4398; x_wconf 81' lang='grc' dir='ltr'>μὲν</span> 
     </span>
    </p>
   </div>
   <div class='ocr_carea' id='block_1_85' title="bbox 499 4419 2072 4494">
    <p class='ocr_par' dir='ltr' id='par_1_85' title="bbox 499 4419 2072 4494">
     <span class='ocr_line' id='line_1_85' title="bbox 499 4419 2072 4494; baseline -0.003 -19"><span class='ocrx_word' id='word_1_629' title='bbox 499 4422 592 4476; x_wconf 79' lang='grc' dir='ltr'><strong>οὖν</strong></span> <span class='ocrx_word' id='word_1_630' title='bbox 626 4423 801 4476; x_wconf 81' lang='grc' dir='ltr'>Φίλων</span> <span class='ocrx_word' id='word_1_631' title='bbox 835 4425 902 4494; x_wconf 82' lang='grc' dir='ltr'>τῇ</span> <span class='ocrx_word' id='word_1_632' title='bbox 934 4423 1227 4494; x_wconf 76' lang='grc' dir='ltr'>φιλοτοφίᾳ</span> <span class='ocrx_word' id='word_1_633' title='bbox 1251 4423 1503 4491; x_wconf 80' lang='grc' dir='ltr'>φαίνεται</span> <span class='ocrx_word' id='word_1_634' title='bbox 1533 4422 1596 4475; x_wconf 78' lang='grc' dir='ltr'><strong>τὸ</strong></span> <span class='ocrx_word' id='word_1_635' title='bbox 1634 4420 1799 4474; x_wconf 86' lang='grc' dir='ltr'>πλέον</span> <span class='ocrx_word' id='word_1_636' title='bbox 1841 4419 2072 4489; x_wconf 78' lang='grc' dir='ltr'>ἑσχολα-</span> 
     </span>
    </p>
   </div>
   <div class='ocr_carea' id='block_1_86' title="bbox 2171 3959 3752 4042">
    <p class='ocr_par' dir='ltr' id='par_1_86' title="bbox 2171 3959 3752 4042">
     <span class='ocr_line' id='line_1_86' title="bbox 2171 3959 3752 4042; baseline 0.008 -27"><span class='ocrx_word' id='word_1_637' title='bbox 2171 3959 2311 4015; x_wconf 86' lang='lat' dir='ltr'><strong>Cum</strong></span> <span class='ocrx_word' id='word_1_638' title='bbox 2344 3964 2543 4019; x_wconf 88' lang='lat' dir='ltr'><strong>multis</strong></span> <span class='ocrx_word' id='word_1_639' title='bbox 2583 3980 2827 4037; x_wconf 88' lang='lat' dir='ltr'><strong>namque</strong></span> <span class='ocrx_word' id='word_1_640' title='bbox 2864 3967 2988 4022; x_wconf 89' lang='lat' dir='ltr'><strong>aliis</strong></span> <span class='ocrx_word' id='word_1_641' title='bbox 3018 3967 3305 4029; x_wconf 86' lang='lat' dir='ltr'><strong>historiam</strong></span> <span class='ocrx_word' id='word_1_642' title='bbox 3348 3986 3524 4025; x_wconf 87' lang='lat' dir='ltr'><strong>meam</strong></span> <span class='ocrx_word' id='word_1_643' title='bbox 3563 3973 3752 4042; x_wconf 80' lang='lat' dir='ltr'><strong>legen-</strong></span> 
     </span>
    </p>
   </div>
   <div class='ocr_carea' id='block_1_87' title="bbox 2136 4053 3748 4134">
    <p class='ocr_par' dir='ltr' id='par_1_87' title="bbox 2136 4053 3748 4134">
     <span class='ocr_line' id='line_1_87' title="bbox 2136 4053 3748 4134; baseline 0.006 -26"><span class='ocrx_word' id='word_1_644' title='bbox 2136 4064 2139 4067; x_wconf 76' lang='lat'>‘</span> <span class='ocrx_word' id='word_1_645' title='bbox 2175 4053 2300 4109; x_wconf 83' lang='lat' dir='ltr'><strong>dam</strong></span> <span class='ocrx_word' id='word_1_646' title='bbox 2331 4056 2583 4122; x_wconf 73' lang='lat' dir='ltr'><strong>exhibui,</strong></span> <span class='ocrx_word' id='word_1_647' title='bbox 2616 4072 2683 4112; x_wconf 78' lang='lat' dir='ltr'><strong>ex</strong></span> <span class='ocrx_word' id='word_1_648' title='bbox 2715 4059 2922 4128; x_wconf 86' lang='lat' dir='ltr'><strong>quibus</strong></span> <span class='ocrx_word' id='word_1_649' title='bbox 2949 4061 3205 4114; x_wconf 90' lang='lat' dir='ltr'><strong>nonnulii</strong></span> <span class='ocrx_word' id='word_1_650' title='bbox 3240 4063 3295 4116; x_wconf 92' lang='lat' dir='ltr'><strong>in</strong></span> <span class='ocrx_word' id='word_1_651' title='bbox 3333 4064 3532 4117; x_wconf 79' lang='lat' dir='ltr'><strong>bellum</strong></span> <span class='ocrx_word' id='word_1_652' title='bbox 3570 4065 3748 4134; x_wconf 69' lang='lat' dir='ltr'><strong>ipsum</strong></span> 
     </span>
    </p>
   </div>
   <div class='ocr_carea' id='block_1_88' title="bbox 2174 4147 3751 4225">
    <p class='ocr_par' dir='ltr' id='par_1_88' title="bbox 2174 4147 3751 4225">
     <span class='ocr_line' id='line_1_88' title="bbox 2174 4147 3751 4225; baseline 0.006 -25"><span class='ocrx_word' id='word_1_653' title='bbox 2174 4147 2339 4202; x_wconf 89' lang='lat' dir='ltr'><strong>etiam</strong></span> <span class='ocrx_word' id='word_1_654' title='bbox 2378 4148 2722 4216; x_wconf 88' lang='lat' dir='ltr'><strong>inciderunt,</strong></span> <span class='ocrx_word' id='word_1_655' title='bbox 2755 4151 3221 4220; x_wconf 85' lang='lat' dir='ltr'><strong>quemadmodum</strong></span> <span class='ocrx_word' id='word_1_656' title='bbox 3253 4156 3492 4225; x_wconf 79' lang='lat' dir='ltr'><strong>Agrippa</strong></span> <span class='ocrx_word' id='word_1_657' title='bbox 3526 4171 3616 4209; x_wconf 78' lang='lat' dir='ltr'><strong>rex</strong></span> <span class='ocrx_word' id='word_1_658' title='bbox 3651 4157 3751 4225; x_wconf 74' lang='lat'><strong>(2),</strong></span> 
     </span>
    </p>
   </div>
   <div class='ocr_carea' id='block_1_89' title="bbox 2179 4240 3753 4319">
    <p class='ocr_par' dir='ltr' id='par_1_89' title="bbox 2179 4240 3753 4319">
     <span class='ocr_line' id='line_1_89' title="bbox 2179 4240 3753 4319; baseline 0.006 -26"><span class='ocrx_word' id='word_1_659' title='bbox 2179 4240 2337 4310; x_wconf 78' lang='lat'><strong>163</strong></span> <span class='ocrx_word' id='word_1_660' title='bbox 2384 4250 2440 4295; x_wconf 90' lang='lat' dir='ltr'><strong>et</strong></span> <span class='ocrx_word' id='word_1_661' title='bbox 2489 4242 2714 4311; x_wconf 90' lang='lat' dir='ltr'><strong>quidam</strong></span> <span class='ocrx_word' id='word_1_662' title='bbox 2762 4246 2981 4315; x_wconf 77' lang='lat' dir='ltr'><strong>cognati</strong></span> <span class='ocrx_word' id='word_1_663' title='bbox 3033 4247 3150 4314; x_wconf 83' lang='lat' dir='ltr'><strong>ejus</strong></span> <span class='ocrx_word' id='word_1_664' title='bbox 3202 4266 3217 4302; x_wconf 87' lang='lat'><strong>:</strong></span> <span class='ocrx_word' id='word_1_665' title='bbox 3271 4257 3386 4303; x_wconf 90' lang='lat' dir='ltr'><strong>tum</strong></span> <span class='ocrx_word' id='word_1_666' title='bbox 3449 4250 3753 4319; x_wconf 84' lang='lat' dir='ltr'><strong>imperator</strong></span> 
     </span>
    </p>
   </div>
   <div class='ocr_carea' id='block_1_90' title="bbox 2138 4332 3754 4407">
    <p class='ocr_par' dir='ltr' id='par_1_90' title="bbox 2138 4332 3754 4407">
     <span class='ocr_line' id='line_1_90' title="bbox 2138 4332 3754 4407; baseline 0.007 -22"><span class='ocrx_word' id='word_1_667' title='bbox 2138 4402 2143 4407; x_wconf 11' lang='grc' dir='ltr'><em>ἡ</em></span> <span class='ocrx_word' id='word_1_668' title='bbox 2176 4332 2339 4386; x_wconf 86' lang='lat' dir='ltr'><strong>Titus</strong></span> <span class='ocrx_word' id='word_1_669' title='bbox 2365 4373 2379 4398; x_wconf 92' lang='lat'><strong>,</strong></span> <span class='ocrx_word' id='word_1_670' title='bbox 2421 4335 2560 4389; x_wconf 83' lang='lat' dir='ltr'><strong>adeo</strong></span> <span class='ocrx_word' id='word_1_671' title='bbox 2592 4350 2692 4405; x_wconf 85' lang='lat' dir='ltr'><strong>per</strong></span> <span class='ocrx_word' id='word_1_672' title='bbox 2734 4338 3060 4406; x_wconf 80' lang='lat' dir='ltr'><strong>scriptorum</strong></span> <span class='ocrx_word' id='word_1_673' title='bbox 3101 4353 3345 4392; x_wconf 86' lang='lat' dir='ltr'><strong>meorum</strong></span> <span class='ocrx_word' id='word_1_674' title='bbox 3396 4355 3754 4396; x_wconf 85' lang='lat' dir='ltr'><strong>monumenta</strong></span> 
     </span>
    </p>
   </div>
   <div class='ocr_carea' id='block_1_91' title="bbox 2179 4426 3755 4499">
    <p class='ocr_par' dir='ltr' id='par_1_91' title="bbox 2179 4426 3755 4499">
     <span class='ocr_line' id='line_1_91' title="bbox 2179 4426 3755 4499; baseline 0.006 -21"><span class='ocrx_word' id='word_1_675' title='bbox 2179 4426 2564 4480; x_wconf 86' lang='lat' dir='ltr'><strong>tantummodo</strong></span> <span class='ocrx_word' id='word_1_676' title='bbox 2604 4442 2790 4481; x_wconf 85' lang='lat' dir='ltr'><strong>rerum</strong></span> <span class='ocrx_word' id='word_1_677' title='bbox 2843 4436 3120 4498; x_wconf 84' lang='lat' dir='ltr'><strong>gestarum</strong></span> <span class='ocrx_word' id='word_1_678' title='bbox 3154 4431 3528 4499; x_wconf 87' lang='lat' dir='ltr'><strong>cognitionem</strong></span> <span class='ocrx_word' id='word_1_679' title='bbox 3572 4435 3622 4487; x_wconf 91' lang='lat' dir='ltr'><strong>in</strong></span> <span class='ocrx_word' id='word_1_680' title='bbox 3655 4436 3755 4488; x_wconf 82' lang='lat' dir='ltr'><strong>ho-</strong></span> 
     </span>
    </p>
   </div>
   <div class='ocr_carea' id='block_1_92' title="bbox 500 4496 2059 4587">
    <p class='ocr_par' dir='ltr' id='par_1_92' title="bbox 500 4508 2059 4584">
     <span class='ocr_line' id='line_1_92' title="bbox 500 4508 2059 4584; baseline -0.003 -18"><span class='ocrx_word' id='word_1_681' title='bbox 500 4512 612 4577; x_wconf 84' lang='grc' dir='ltr'>κώς</span> <span class='ocrx_word' id='word_1_682' title='bbox 634 4528 648 4543; x_wconf 91' lang='grc'><strong>·</strong></span> <span class='ocrx_word' id='word_1_683' title='bbox 700 4513 966 4582; x_wconf 77' lang='grc' dir='ltr'>Ἰώσηπος</span> <span class='ocrx_word' id='word_1_684' title='bbox 994 4512 1051 4565; x_wconf 82' lang='grc' dir='ltr'>δὲ</span> <span class='ocrx_word' id='word_1_685' title='bbox 1084 4513 1194 4566; x_wconf 85' lang='grc' dir='ltr'><strong>τῶν</strong></span> <span class='ocrx_word' id='word_1_686' title='bbox 1230 4508 1651 4584; x_wconf 60' lang='grc' dir='ltr'>τῆξρητορείας</span> <span class='ocrx_word' id='word_1_687' title='bbox 1677 4511 1884 4582; x_wconf 83' lang='grc' dir='ltr'>ὀργίων</span> <span class='ocrx_word' id='word_1_688' title='bbox 1926 4510 2059 4563; x_wconf 75' lang='grc' dir='ltr'>ἔοικε</span> 
     </span>
    </p>
   </div>
   <div class='ocr_carea' id='block_1_93' title="bbox 2161 4496 3753 4587">
    <p class='ocr_par' dir='ltr' id='par_1_93' title="bbox 2180 4516 3753 4587">
     <span class='ocr_line' id='line_1_93' title="bbox 2180 4516 3753 4587; baseline 0.007 -17"><span class='ocrx_word' id='word_1_689' title='bbox 2180 4518 2357 4572; x_wconf 88' lang='lat' dir='ltr'><strong>mines</strong></span> <span class='ocrx_word' id='word_1_690' title='bbox 2393 4516 2607 4587; x_wconf 80' lang='lat' dir='ltr'><strong>vulgari</strong></span> <span class='ocrx_word' id='word_1_691' title='bbox 2660 4519 2857 4585; x_wconf 86' lang='lat' dir='ltr'><strong>voluit,</strong></span> <span class='ocrx_word' id='word_1_692' title='bbox 2896 4527 2956 4572; x_wconf 93' lang='lat' dir='ltr'><strong>ut</strong></span> <span class='ocrx_word' id='word_1_693' title='bbox 3002 4536 3199 4576; x_wconf 87' lang='lat' dir='ltr'><strong>manus</strong></span> <span class='ocrx_word' id='word_1_694' title='bbox 3240 4538 3353 4577; x_wconf 73' lang='lat' dir='ltr'><strong>sua:</strong></span> <span class='ocrx_word' id='word_1_695' title='bbox 3396 4525 3753 4583; x_wconf 89' lang='lat' dir='ltr'><strong>adnotatione</strong></span> 
     </span>
    </p>
   </div>
   <div class='ocr_carea' id='block_1_94' title="bbox 500 4603 2074 4677">
    <p class='ocr_par' dir='ltr' id='par_1_94' title="bbox 500 4603 2074 4677">
     <span class='ocr_line' id='line_1_94' title="bbox 500 4603 2074 4677; baseline -0.002 -19"><span class='ocrx_word' id='word_1_696' title='bbox 500 4605 686 4659; x_wconf 84' lang='grc' dir='ltr'>πλεῖον</span> <span class='ocrx_word' id='word_1_697' title='bbox 726 4607 1162 4676; x_wconf 64' lang='grc' dir='ltr'>μετεσχηκέναν</span> <span class='ocrx_word' id='word_1_698' title='bbox 1206 4607 1456 4669; x_wconf 79' lang='grc' dir='ltr'>κάκεῖνος</span> <span class='ocrx_word' id='word_1_699' title='bbox 1504 4606 1605 4677; x_wconf 78' lang='grc' dir='ltr'><strong>μὲν</strong></span> <span class='ocrx_word' id='word_1_700' title='bbox 1643 4604 1782 4676; x_wconf 81' lang='grc' dir='ltr'>πρὸς</span> <span class='ocrx_word' id='word_1_701' title='bbox 1809 4603 2074 4657; x_wconf 83' lang='grc' dir='ltr'>Πλάτωνα</span> 
     </span>
    </p>
   </div>
   <div class='ocr_carea' id='block_1_95' title="bbox 500 4692 2075 4769">
    <p class='ocr_par' dir='ltr' id='par_1_95' title="bbox 500 4692 2075 4769">
     <span class='ocr_line' id='line_1_95' title="bbox 500 4692 2075 4769; baseline 0 -20"><span class='ocrx_word' id='word_1_702' title='bbox 500 4698 734 4769; x_wconf 77' lang='grc' dir='ltr'>ἀφορᾷν,</span> <span class='ocrx_word' id='word_1_703' title='bbox 765 4693 924 4761; x_wconf 76' lang='grc' dir='ltr'>οὗτος</span> <span class='ocrx_word' id='word_1_704' title='bbox 972 4692 1032 4750; x_wconf 74' lang='grc' dir='ltr'>δὲ</span> <span class='ocrx_word' id='word_1_705' title='bbox 1080 4697 1218 4769; x_wconf 78' lang='grc' dir='ltr'>πρὸς</span> <span class='ocrx_word' id='word_1_706' title='bbox 1250 4698 1344 4751; x_wconf 82' lang='grc' dir='ltr'><strong>τὸν</strong></span> <span class='ocrx_word' id='word_1_707' title='bbox 1395 4697 1751 4768; x_wconf 81' lang='grc' dir='ltr'>Θουκυδίδην.</span> <span class='ocrx_word' id='word_1_708' title='bbox 1793 4695 2075 4751; x_wconf 56' lang='lat' dir='ltr'><strong>uitans</strong></span> 
     </span>
    </p>
   </div>
   <div class='ocr_carea' id='block_1_96' title="bbox 504 4789 2076 4861">
    <p class='ocr_par' dir='ltr' id='par_1_96' title="bbox 504 4789 2076 4861">
     <span class='ocr_line' id='line_1_96' title="bbox 504 4789 2076 4861; baseline 0.002 -20"><span class='ocrx_word' id='word_1_709' title='bbox 504 4790 604 4859; x_wconf 78' lang='grc' dir='ltr'>μὲν</span> <span class='ocrx_word' id='word_1_710' title='bbox 634 4790 779 4843; x_wconf 82' lang='grc' dir='ltr'>κατὰ</span> <span class='ocrx_word' id='word_1_711' title='bbox 830 4790 1043 4845; x_wconf 76' lang='grc' dir='ltr'>Φίλωνα</span> <span class='ocrx_word' id='word_1_712' title='bbox 1075 4790 1169 4844; x_wconf 81' lang='grc' dir='ltr'>καὶ</span> <span class='ocrx_word' id='word_1_713' title='bbox 1213 4789 1477 4861; x_wconf 81' lang='grc' dir='ltr'>Ἰώσηπον</span> <span class='ocrx_word' id='word_1_714' title='bbox 1512 4793 1571 4844; x_wconf 75' lang='grc' dir='ltr'>ὲν</span> <span class='ocrx_word' id='word_1_715' title='bbox 1606 4792 1845 4852; x_wconf 82' lang='grc' dir='ltr'>τούτοις.</span> <span class='ocrx_word' id='word_1_716' title='bbox 1881 4790 2076 4861; x_wconf 78' lang='grc' dir='ltr'>Ἡμεῖς</span> 
     </span>
    </p>
   </div>
   <div class='ocr_carea' id='block_1_97' title="bbox 2181 4608 3756 4684">
    <p class='ocr_par' dir='ltr' id='par_1_97' title="bbox 2181 4608 3756 4684">
     <span class='ocr_line' id='line_1_97' title="bbox 2181 4608 3756 4684; baseline 0.007 -21"><span class='ocrx_word' id='word_1_717' title='bbox 2181 4608 2468 4664; x_wconf 85' lang='lat' dir='ltr'><strong>historiam</strong></span> <span class='ocrx_word' id='word_1_718' title='bbox 2516 4610 2896 4682; x_wconf 86' lang='lat' dir='ltr'><strong>consignatam</strong></span> <span class='ocrx_word' id='word_1_719' title='bbox 2947 4612 3215 4682; x_wconf 89' lang='lat' dir='ltr'><strong>publicari</strong></span> <span class='ocrx_word' id='word_1_720' title='bbox 3259 4617 3601 4684; x_wconf 65' lang='lat' dir='ltr'><strong>prarcepcrit.</strong></span> <span class='ocrx_word' id='word_1_721' title='bbox 3639 4618 3756 4674; x_wconf 80' lang='lat' dir='ltr'><strong>Rex</strong></span> 
     </span>
    </p>
   </div>
   <div class='ocr_carea' id='block_1_98' title="bbox 2180 4700 3759 4779">
    <p class='ocr_par' dir='ltr' id='par_1_98' title="bbox 2180 4700 3759 4779">
     <span class='ocr_line' id='line_1_98' title="bbox 2180 4700 3759 4779; baseline 0.008 -27"><span class='ocrx_word' id='word_1_722' title='bbox 2180 4708 2446 4769; x_wconf 67' lang='lat' dir='ltr'><strong>praeterea</strong></span> <span class='ocrx_word' id='word_1_723' title='bbox 2488 4700 2722 4771; x_wconf 83' lang='lat' dir='ltr'><strong>Agrippa</strong></span> <span class='ocrx_word' id='word_1_724' title='bbox 2761 4702 3041 4772; x_wconf 77' lang='lat' dir='ltr'><strong>sexaginta</strong></span> <span class='ocrx_word' id='word_1_725' title='bbox 3090 4713 3146 4759; x_wconf 87' lang='lat' dir='ltr'><strong>et</strong></span> <span class='ocrx_word' id='word_1_726' title='bbox 3179 4706 3319 4761; x_wconf 88' lang='lat' dir='ltr'><strong>duas</strong></span> <span class='ocrx_word' id='word_1_727' title='bbox 3366 4709 3589 4776; x_wconf 87' lang='lat' dir='ltr'><strong>scripsit</strong></span> <span class='ocrx_word' id='word_1_728' title='bbox 3640 4711 3759 4779; x_wconf 88' lang='lat' dir='ltr'><strong>epi-</strong></span> 
     </span>
    </p>
   </div>
   <div class='ocr_carea' id='block_1_99' title="bbox 2182 4795 3759 4866">
    <p class='ocr_par' dir='ltr' id='par_1_99' title="bbox 2182 4795 3759 4866">
     <span class='ocr_line' id='line_1_99' title="bbox 2182 4795 3759 4866; baseline 0.006 -18"><span class='ocrx_word' id='word_1_729' title='bbox 2182 4795 2372 4858; x_wconf 83' lang='lat' dir='ltr'><strong>stolas,</strong></span> <span class='ocrx_word' id='word_1_730' title='bbox 2403 4795 2605 4863; x_wconf 87' lang='lat' dir='ltr'><strong>quibus</strong></span> <span class='ocrx_word' id='word_1_731' title='bbox 2650 4795 2777 4849; x_wconf 85' lang='lat' dir='ltr'><strong>lidei</strong></span> <span class='ocrx_word' id='word_1_732' title='bbox 2828 4805 2994 4866; x_wconf 88' lang='lat' dir='ltr'><strong>atque</strong></span> <span class='ocrx_word' id='word_1_733' title='bbox 3026 4798 3273 4852; x_wconf 85' lang='lat' dir='ltr'><strong>veritatis</strong></span> <span class='ocrx_word' id='word_1_734' title='bbox 3319 4798 3573 4856; x_wconf 68' lang='lat' dir='ltr'><strong>Historiae</strong></span> <span class='ocrx_word' id='word_1_735' title='bbox 3621 4818 3759 4857; x_wconf 68' lang='lat' dir='ltr'><strong>mem</strong></span> 
     </span>
    </p>
   </div>
   <div class='ocr_carea' id='block_1_100' title="bbox 500 4881 2059 4965">
    <p class='ocr_par' dir='ltr' id='par_1_100' title="bbox 500 4881 2059 4953">
     <span class='ocr_line' id='line_1_100' title="bbox 500 4881 2059 4953; baseline 0.002 -19"><span class='ocrx_word' id='word_1_736' title='bbox 500 4881 558 4934; x_wconf 86' lang='grc' dir='ltr'>δὲ</span> <span class='ocrx_word' id='word_1_737' title='bbox 620 4882 784 4936; x_wconf 87' lang='grc' dir='ltr'>πάλιν</span> <span class='ocrx_word' id='word_1_738' title='bbox 840 4883 933 4935; x_wconf 72' lang='grc' dir='ltr'><strong>ἐπὶ</strong></span> <span class='ocrx_word' id='word_1_739' title='bbox 984 4883 1084 4953; x_wconf 82' lang='grc' dir='ltr'>τὴν</span> <span class='ocrx_word' id='word_1_740' title='bbox 1150 4883 1475 4937; x_wconf 83' lang='grc' dir='ltr'>ἀκολουθίαν</span> <span class='ocrx_word' id='word_1_741' title='bbox 1528 4884 1639 4938; x_wconf 82' lang='grc' dir='ltr'>τῶν</span> <span class='ocrx_word' id='word_1_742' title='bbox 1706 4884 2059 4939; x_wconf 79' lang='grc' dir='ltr'>ἀποστολικῶ</span> 
     </span>
    </p>
   </div>
   <div class='ocr_carea' id='block_1_101' title="bbox 2161 4881 3756 4965">
    <p class='ocr_par' dir='ltr' id='par_1_101' title="bbox 2182 4886 3756 4965">
     <span class='ocr_line' id='line_1_101' title="bbox 2182 4886 3756 4965; baseline 0.007 -26"><span class='ocrx_word' id='word_1_743' title='bbox 2182 4886 2436 4956; x_wconf 87' lang='lat' dir='ltr'><strong>perhibet</strong></span> <span class='ocrx_word' id='word_1_744' title='bbox 2471 4888 2869 4943; x_wconf 85' lang='lat' dir='ltr'><strong>testimonium.</strong></span> <span class='ocrx_word' id='word_1_745' title='bbox 2910 4907 2929 4939; x_wconf 73' lang='grc' dir='ltr'><strong>ι</strong></span> <span class='ocrx_word' id='word_1_746' title='bbox 2985 4888 3060 4942; x_wconf 76' lang='lat' dir='ltr'><strong>Ex</strong></span> <span class='ocrx_word' id='word_1_747' title='bbox 3104 4891 3306 4960; x_wconf 79' lang='lat' dir='ltr'><strong>quibus</strong></span> <span class='ocrx_word' id='word_1_748' title='bbox 3356 4893 3495 4947; x_wconf 83' lang='lat' dir='ltr'><strong>duas</strong></span> <span class='ocrx_word' id='word_1_749' title='bbox 3534 4911 3756 4965; x_wconf 81' lang='lat' dir='ltr'><strong>quoque</strong></span> 
     </span>
    </p>
   </div>
   <div class='ocr_carea' id='block_1_102' title="bbox 502 4974 2059 5061">
    <p class='ocr_par' dir='ltr' id='par_1_102' title="bbox 502 4974 2059 5050">
     <span class='ocr_line' id='line_1_102' title="bbox 502 4974 2059 5050; baseline 0.004 -25"><span class='ocrx_word' id='word_1_750' title='bbox 502 4974 893 5046; x_wconf 77' lang='grc' dir='ltr'>ἐπανέλθωμεν</span> <span class='ocrx_word' id='word_1_751' title='bbox 940 4978 1217 5046; x_wconf 76' lang='grc' dir='ltr'>πράξεων,</span> <span class='ocrx_word' id='word_1_752' title='bbox 1259 4978 1319 5030; x_wconf 80' lang='grc' dir='ltr'>ἐν</span> <span class='ocrx_word' id='word_1_753' title='bbox 1366 4978 1620 5048; x_wconf 79' lang='grc' dir='ltr'>ὲπιτόμῳ</span> <span class='ocrx_word' id='word_1_754' title='bbox 1653 4977 1823 5041; x_wconf 81' lang='grc' dir='ltr'>αὐτὰς</span> <span class='ocrx_word' id='word_1_755' title='bbox 1867 4978 2059 5050; x_wconf 76' lang='grc' dir='ltr'>διερχό</span> 
     </span>
    </p>
   </div>
   <div class='ocr_carea' id='block_1_103' title="bbox 2161 4974 3756 5061">
    <p class='ocr_par' dir='ltr' id='par_1_103' title="bbox 2181 4981 3756 5061">
     <span class='ocr_line' id='line_1_103' title="bbox 2181 4981 3756 5061; baseline 0.008 -27"><span class='ocrx_word' id='word_1_756' title='bbox 2181 4981 2431 5050; x_wconf 86' lang='lat' dir='ltr'><strong>apponit.</strong></span> <span class='ocrx_word' id='word_1_757' title='bbox 2476 4981 2790 5053; x_wconf 89' lang='lat' dir='ltr'><strong>Tantopere</strong></span> <span class='ocrx_word' id='word_1_758' title='bbox 2826 4993 3011 5039; x_wconf 88' lang='lat' dir='ltr'><strong>autem</strong></span> <span class='ocrx_word' id='word_1_759' title='bbox 3060 4986 3346 5051; x_wconf 83' lang='lat' dir='ltr'><strong>historico,</strong></span> <span class='ocrx_word' id='word_1_760' title='bbox 3386 4990 3554 5044; x_wconf 84' lang='lat' dir='ltr'><strong>rebus</strong></span> <span class='ocrx_word' id='word_1_761' title='bbox 3587 4993 3756 5061; x_wconf 83' lang='lat' dir='ltr'><strong>gestis</strong></span> 
     </span>
    </p>
   </div>
   <div class='ocr_carea' id='block_1_104' title="bbox 506 5072 3753 5152">
    <p class='ocr_par' dir='ltr' id='par_1_104' title="bbox 506 5072 3753 5152">
     <span class='ocr_line' id='line_1_104' title="bbox 506 5072 3753 5152; baseline 0.008 -41"><span class='ocrx_word' id='word_1_762' title='bbox 506 5082 682 5134; x_wconf 72' lang='grc' dir='ltr'>μενοι,</span> <span class='ocrx_word' id='word_1_763' title='bbox 2181 5073 2245 5125; x_wconf 88' lang='lat' dir='ltr'><strong>ad</strong></span> <span class='ocrx_word' id='word_1_764' title='bbox 2274 5072 2637 5127; x_wconf 77' lang='lat' dir='ltr'><strong>imitationem</strong></span> <span class='ocrx_word' id='word_1_765' title='bbox 2667 5074 3009 5145; x_wconf 78' lang='lat' dir='ltr'><strong>Thucydidis</strong></span> <span class='ocrx_word' id='word_1_766' title='bbox 3041 5079 3375 5146; x_wconf 86' lang='lat' dir='ltr'><strong>scribendis,</strong></span> <span class='ocrx_word' id='word_1_767' title='bbox 3400 5082 3539 5152; x_wconf 87' lang='lat' dir='ltr'><strong>ston</strong></span> <span class='ocrx_word' id='word_1_768' title='bbox 3558 5082 3753 5145; x_wconf 88' lang='lat' dir='ltr'><strong>enitet,</strong></span> 
     </span>
    </p>
   </div>
   <div class='ocr_carea' id='block_1_105' title="bbox 508 5162 3757 5242">
    <p class='ocr_par' dir='ltr' id='par_1_105' title="bbox 508 5162 3757 5242">
     <span class='ocr_line' id='line_1_105' title="bbox 508 5162 3757 5242; baseline 0.005 -31"><span class='ocrx_word' id='word_1_769' title='bbox 508 5162 862 5215; x_wconf 83' lang='lat' dir='ltr'><strong>utneminem</strong></span> <span class='ocrx_word' id='word_1_770' title='bbox 899 5164 950 5217; x_wconf 91' lang='lat' dir='ltr'><strong>in</strong></span> <span class='ocrx_word' id='word_1_771' title='bbox 990 5178 1053 5218; x_wconf 88' lang='lat' dir='ltr'><strong>ea</strong></span> <span class='ocrx_word' id='word_1_772' title='bbox 1089 5162 1249 5219; x_wconf 87' lang='lat' dir='ltr'><strong>laude</strong></span> <span class='ocrx_word' id='word_1_773' title='bbox 1281 5164 1488 5233; x_wconf 90' lang='lat' dir='ltr'><strong>primas</strong></span> <span class='ocrx_word' id='word_1_774' title='bbox 1560 5163 1704 5220; x_wconf 89' lang='lat' dir='ltr'><strong>l&#39;erre</strong></span> <span class='ocrx_word' id='word_1_775' title='bbox 1770 5167 2036 5235; x_wconf 88' lang='lat' dir='ltr'><strong>patiatur.</strong></span> <span class='ocrx_word' id='word_1_776' title='bbox 2112 5164 2395 5235; x_wconf 86' lang='lat' dir='ltr'><strong>Siquidem</strong></span> <span class='ocrx_word' id='word_1_777' title='bbox 2452 5168 2608 5221; x_wconf 85' lang='lat' dir='ltr'><strong>novis</strong></span> <span class='ocrx_word' id='word_1_778' title='bbox 2656 5168 2893 5224; x_wconf 88' lang='lat' dir='ltr'><strong>subinde</strong></span> <span class='ocrx_word' id='word_1_779' title='bbox 2950 5172 3194 5241; x_wconf 81' lang='lat' dir='ltr'><strong>gaudens</strong></span> <span class='ocrx_word' id='word_1_780' title='bbox 3229 5175 3589 5242; x_wconf 78' lang='lat' dir='ltr'><strong>argumentis,</strong></span> <span class='ocrx_word' id='word_1_781' title='bbox 3631 5190 3757 5228; x_wconf 91' lang='lat' dir='ltr'><strong>cum</strong></span> 
     </span>
    </p>
   </div>
   <div class='ocr_carea' id='block_1_106' title="bbox 505 5252 3759 5326">
    <p class='ocr_par' dir='ltr' id='par_1_106' title="bbox 505 5252 3759 5326">
     <span class='ocr_line' id='line_1_106' title="bbox 505 5252 3759 5326; baseline 0.006 -21"><span class='ocrx_word' id='word_1_782' title='bbox 505 5252 765 5307; x_wconf 80' lang='lat' dir='ltr'><strong>facilitate</strong></span> <span class='ocrx_word' id='word_1_783' title='bbox 811 5258 977 5308; x_wconf 85' lang='lat' dir='ltr'><strong>multa</strong></span> <span class='ocrx_word' id='word_1_784' title='bbox 1004 5296 1018 5321; x_wconf 94' lang='lat'><strong>,</strong></span> <span class='ocrx_word' id='word_1_785' title='bbox 1056 5257 1195 5311; x_wconf 81' lang='lat' dir='ltr'><strong>nihil</strong></span> <span class='ocrx_word' id='word_1_786' title='bbox 1240 5258 1307 5309; x_wconf 88' lang='lat' dir='ltr'><strong>de</strong></span> <span class='ocrx_word' id='word_1_787' title='bbox 1344 5257 1483 5310; x_wconf 87' lang='lat' dir='ltr'><strong>artis</strong></span> <span class='ocrx_word' id='word_1_788' title='bbox 1520 5256 1707 5326; x_wconf 87' lang='lat' dir='ltr'><strong>vigore</strong></span> <span class='ocrx_word' id='word_1_789' title='bbox 1756 5258 2069 5322; x_wconf 87' lang='lat' dir='ltr'><strong>remittens,</strong></span> <span class='ocrx_word' id='word_1_790' title='bbox 2111 5258 2298 5313; x_wconf 73' lang='lat' dir='ltr'><strong>suavis</strong></span> <span class='ocrx_word' id='word_1_791' title='bbox 2358 5259 2652 5313; x_wconf 86' lang='lat' dir='ltr'><strong>admodum</strong></span> <span class='ocrx_word' id='word_1_792' title='bbox 2685 5272 2739 5315; x_wconf 90' lang='lat' dir='ltr'><strong>et</strong></span> <span class='ocrx_word' id='word_1_793' title='bbox 2806 5262 2963 5317; x_wconf 75' lang='lat' dir='ltr'><strong>lzetus</strong></span> <span class='ocrx_word' id='word_1_794' title='bbox 2997 5264 3247 5320; x_wconf 83' lang='lat' dir='ltr'><strong>incedit:</strong></span> <span class='ocrx_word' id='word_1_795' title='bbox 3285 5275 3340 5320; x_wconf 88' lang='lat' dir='ltr'><strong>ct</strong></span> <span class='ocrx_word' id='word_1_796' title='bbox 3369 5281 3493 5319; x_wconf 86' lang='lat' dir='ltr'><strong>cum</strong></span> <span class='ocrx_word' id='word_1_797' title='bbox 3528 5268 3759 5324; x_wconf 85' lang='lat' dir='ltr'><strong>mirilica</strong></span> 
     </span>
    </p>
   </div>
   <div class='ocr_carea' id='block_1_107' title="bbox 504 5347 3757 5432">
    <p class='ocr_par' dir='ltr' id='par_1_107' title="bbox 504 5347 3757 5432">
     <span class='ocr_line' id='line_1_107' title="bbox 504 5347 3757 5432; baseline 0.005 -32"><span class='ocrx_word' id='word_1_798' title='bbox 504 5347 621 5418; x_wconf 83' lang='lat' dir='ltr'><strong>ejus</strong></span> <span class='ocrx_word' id='word_1_799' title='bbox 661 5359 744 5402; x_wconf 84' lang='lat' dir='ltr'><strong>est</strong></span> <span class='ocrx_word' id='word_1_800' title='bbox 782 5351 1044 5415; x_wconf 84' lang='lat' dir='ltr'><strong>elocutio,</strong></span> <span class='ocrx_word' id='word_1_801' title='bbox 1086 5360 1199 5405; x_wconf 91' lang='lat' dir='ltr'><strong>tum</strong></span> <span class='ocrx_word' id='word_1_802' title='bbox 1272 5352 1326 5405; x_wconf 90' lang='lat' dir='ltr'><strong>in</strong></span> <span class='ocrx_word' id='word_1_803' title='bbox 1387 5351 1752 5407; x_wconf 83' lang='lat' dir='ltr'><strong>conciouibus</strong></span> <span class='ocrx_word' id='word_1_804' title='bbox 1802 5353 2034 5423; x_wconf 82' lang='lat' dir='ltr'><strong>gloriam</strong></span> <span class='ocrx_word' id='word_1_805' title='bbox 2082 5364 2139 5408; x_wconf 89' lang='lat' dir='ltr'><strong>et</strong></span> <span class='ocrx_word' id='word_1_806' title='bbox 2176 5353 2395 5409; x_wconf 77' lang='lat' dir='ltr'><strong>laudent</strong></span> <span class='ocrx_word' id='word_1_807' title='bbox 2451 5358 2656 5409; x_wconf 90' lang='lat' dir='ltr'><strong>meruit</strong></span> <span class='ocrx_word' id='word_1_808' title='bbox 2704 5358 3064 5429; x_wconf 85' lang='lat' dir='ltr'><strong>singularem.</strong></span> <span class='ocrx_word' id='word_1_809' title='bbox 3124 5361 3280 5415; x_wconf 85' lang='lat' dir='ltr'><strong>Philo</strong></span> <span class='ocrx_word' id='word_1_810' title='bbox 3331 5370 3484 5414; x_wconf 84' lang='lat' dir='ltr'><strong>certe</strong></span> <span class='ocrx_word' id='word_1_811' title='bbox 3533 5365 3757 5432; x_wconf 74' lang='lat' dir='ltr'><strong>quidem</strong></span> 
     </span>
    </p>
   </div>
   <div class='ocr_carea' id='block_1_108' title="bbox 506 5443 3758 5526">
    <p class='ocr_par' dir='ltr' id='par_1_108' title="bbox 506 5443 3758 5526">
     <span class='ocr_line' id='line_1_108' title="bbox 506 5443 3758 5526; baseline 0.006 -29"><span class='ocrx_word' id='word_1_812' title='bbox 506 5443 866 5516; x_wconf 75' lang='lat' dir='ltr'><strong>philosophia:</strong></span> <span class='ocrx_word' id='word_1_813' title='bbox 896 5448 1194 5517; x_wconf 83' lang='lat' dir='ltr'><strong>plurimum</strong></span> <span class='ocrx_word' id='word_1_814' title='bbox 1229 5462 1409 5518; x_wconf 78' lang='lat' dir='ltr'><strong>Opera:</strong></span> <span class='ocrx_word' id='word_1_815' title='bbox 1437 5464 1687 5513; x_wconf 84' lang='lat' dir='ltr'><strong>navasse,</strong></span> <span class='ocrx_word' id='word_1_816' title='bbox 1753 5459 1811 5504; x_wconf 88' lang='lat' dir='ltr'><strong>at</strong></span> <span class='ocrx_word' id='word_1_817' title='bbox 1871 5449 2149 5521; x_wconf 87' lang='lat' dir='ltr'><strong>Josephus</strong></span> <span class='ocrx_word' id='word_1_818' title='bbox 2187 5463 2471 5509; x_wconf 74' lang='lat' dir='ltr'><strong>oratorum</strong></span> <span class='ocrx_word' id='word_1_819' title='bbox 2508 5467 2662 5506; x_wconf 88' lang='lat' dir='ltr'><strong>sacra</strong></span> <span class='ocrx_word' id='word_1_820' title='bbox 2706 5456 2878 5526; x_wconf 87' lang='lat' dir='ltr'><strong>magis</strong></span> <span class='ocrx_word' id='word_1_821' title='bbox 2917 5458 3154 5512; x_wconf 55' lang='lat' dir='ltr'><strong>coluis-te</strong></span> <span class='ocrx_word' id='word_1_822' title='bbox 3192 5458 3426 5512; x_wconf 73' lang='lat' dir='ltr'><strong>videtur.</strong></span> <span class='ocrx_word' id='word_1_823' title='bbox 3465 5459 3532 5512; x_wconf 84' lang='lat' dir='ltr'><strong>Et</strong></span> <span class='ocrx_word' id='word_1_824' title='bbox 3567 5461 3658 5515; x_wconf 91' lang='lat' dir='ltr'><strong>ille</strong></span> <span class='ocrx_word' id='word_1_825' title='bbox 3689 5461 3758 5514; x_wconf 81' lang='lat' dir='ltr'><strong>ad</strong></span> 
     </span>
    </p>
   </div>
   <div class='ocr_carea' id='block_1_109' title="bbox 580 5628 2080 5703">
    <p class='ocr_par' dir='ltr' id='par_1_109' title="bbox 580 5628 2080 5703">
     <span class='ocr_line' id='line_1_109' title="bbox 580 5628 2080 5703; baseline 0.003 -18"><span class='ocrx_word' id='word_1_826' title='bbox 580 5628 659 5697; x_wconf 69' lang='grc' dir='ltr'><strong>(ί)</strong></span> <span class='ocrx_word' id='word_1_827' title='bbox 688 5630 892 5687; x_wconf 79' lang='lat' dir='ltr'><strong>Euseb.</strong></span> <span class='ocrx_word' id='word_1_828' title='bbox 927 5631 1028 5689; x_wconf 85' lang='lat' dir='ltr'><strong>lib.</strong></span> <span class='ocrx_word' id='word_1_829' title='bbox 1062 5648 1143 5698; x_wconf 88' lang='lat' dir='ltr'><strong>Ill,</strong></span> <span class='ocrx_word' id='word_1_830' title='bbox 1176 5650 1297 5703; x_wconf 86' lang='lat' dir='ltr'><strong>cap.</strong></span> <span class='ocrx_word' id='word_1_831' title='bbox 1344 5633 1431 5689; x_wconf 66' lang='grc'><strong>10.</strong></span> <span class='ocrx_word' id='word_1_832' title='bbox 1480 5634 1806 5690; x_wconf 83' lang='lat' dir='ltr'><strong>Theodorus</strong></span> <span class='ocrx_word' id='word_1_833' title='bbox 1839 5632 2080 5690; x_wconf 84' lang='lat' dir='ltr'><strong>Biblian-</strong></span> 
     </span>
    </p>
   </div>
   <div class='ocr_carea' id='block_1_110' title="bbox 506 5700 2081 5825">
    <p class='ocr_par' dir='ltr' id='par_1_110' title="bbox 506 5700 2081 5825">
     <span class='ocr_line' id='line_1_110' title="bbox 506 5700 2081 5825; baseline 0.008 -75"><span class='ocrx_word' id='word_1_834' title='bbox 506 5700 682 5825; x_wconf 44' lang='grc' dir='ltr'><strong>ἔξξὲοέ</strong></span> <span class='ocrx_word' id='word_1_835' title='bbox 699 5704 923 5825; x_wconf 34' lang='lat' dir='ltr'><strong>&quot;gzung</strong></span> <span class='ocrx_word' id='word_1_836' title='bbox 964 5706 1188 5760; x_wconf 83' lang='lat' dir='ltr'><strong>condito</strong></span> <span class='ocrx_word' id='word_1_837' title='bbox 1223 5700 1291 5761; x_wconf 81' lang='lat' dir='ltr'><strong>ad</strong></span> <span class='ocrx_word' id='word_1_838' title='bbox 1321 5705 1483 5760; x_wconf 68' lang='lat' dir='ltr'><strong>Mosae</strong></span> <span class='ocrx_word' id='word_1_839' title='bbox 1534 5706 1771 5794; x_wconf 82' lang='lat' dir='ltr'><strong>obitum,</strong></span> <span class='ocrx_word' id='word_1_840' title='bbox 1824 5717 2081 5762; x_wconf 86' lang='lat' dir='ltr'><strong>numerat</strong></span> 
     </span>
    </p>
   </div>
   <div class='ocr_carea' id='block_1_111' title="bbox 2261 5634 3764 5713">
    <p class='ocr_par' dir='ltr' id='par_1_111' title="bbox 2261 5634 3764 5713">
     <span class='ocr_line' id='line_1_111' title="bbox 2261 5634 3764 5713; baseline 0.007 -26"><span class='ocrx_word' id='word_1_841' title='bbox 2261 5636 2336 5704; x_wconf 71' lang='grc' dir='ltr'><strong>(εὶ)</strong></span> <span class='ocrx_word' id='word_1_842' title='bbox 2374 5634 2472 5713; x_wconf 75' lang='lat' dir='ltr'><strong>llic</strong></span> <span class='ocrx_word' id='word_1_843' title='bbox 2500 5636 2737 5713; x_wconf 76' lang='lat' dir='ltr'><strong>Agrippa</strong></span> <span class='ocrx_word' id='word_1_844' title='bbox 2772 5652 2946 5713; x_wconf 84' lang='lat' dir='ltr'><strong>usque</strong></span> <span class='ocrx_word' id='word_1_845' title='bbox 2980 5643 3044 5693; x_wconf 85' lang='lat' dir='ltr'><strong>ad</strong></span> <span class='ocrx_word' id='word_1_846' title='bbox 3078 5641 3583 5713; x_wconf 58' lang='lat' dir='ltr'><strong>Hierusolymontm</strong></span> <span class='ocrx_word' id='word_1_847' title='bbox 3611 5646 3764 5700; x_wconf 73' lang='lat' dir='ltr'><strong>exci-</strong></span> 
     </span>
    </p>
   </div>
   <div class='ocr_carea' id='block_1_112' title="bbox 2184 5706 3763 5786">
    <p class='ocr_par' dir='ltr' id='par_1_112' title="bbox 2184 5706 3763 5786">
     <span class='ocr_line' id='line_1_112' title="bbox 2184 5706 3763 5786; baseline 0.009 -30"><span class='ocrx_word' id='word_1_848' title='bbox 2184 5706 2334 5786; x_wconf 79' lang='lat' dir='ltr'><strong>dtum</strong></span> <span class='ocrx_word' id='word_1_849' title='bbox 2377 5706 2649 5786; x_wconf 38' lang='lat' dir='ltr'><strong>.duraytt,</strong></span> <span class='ocrx_word' id='word_1_850' title='bbox 2687 5709 2917 5786; x_wconf 64' lang='lat' dir='ltr'><strong>llr-rudis</strong></span> <span class='ocrx_word' id='word_1_851' title='bbox 2948 5715 3199 5786; x_wconf 66' lang='lat' dir='ltr'><strong>Agrippa:</strong></span> <span class='ocrx_word' id='word_1_852' title='bbox 3229 5706 3474 5786; x_wconf 50' lang='lat' dir='ltr'><strong>(de&#39;quo</strong></span> <span class='ocrx_word' id='word_1_853' title='bbox 3527 5717 3660 5771; x_wconf 79' lang='lat' dir='ltr'><strong>Luc.</strong></span> <span class='ocrx_word' id='word_1_854' title='bbox 3706 5733 3763 5770; x_wconf 55' lang='lat' dir='ltr'><strong>in</strong></span> 
     </span>
    </p>
   </div>
   <div class='ocr_carea' id='block_1_113' title="bbox 2184 5778 3123 5847">
    <p class='ocr_par' dir='ltr' id='par_1_113' title="bbox 2184 5778 3123 5847">
     <span class='ocr_line' id='line_1_113' title="bbox 2184 5778 3123 5847; baseline 0.005 -16"><span class='ocrx_word' id='word_1_855' title='bbox 2184 5783 2305 5831; x_wconf 82' lang='lat' dir='ltr'><strong>Act.</strong></span> <span class='ocrx_word' id='word_1_856' title='bbox 2343 5778 2486 5831; x_wconf 78' lang='lat' dir='ltr'><strong>circa</strong></span> <span class='ocrx_word' id='word_1_857' title='bbox 2528 5778 2922 5847; x_wconf 72' lang='lat' dir='ltr'><strong>linetnst:ribrt)</strong></span> <span class='ocrx_word' id='word_1_858' title='bbox 2956 5778 3123 5836; x_wconf 74' lang='lat' dir='ltr'><strong>littus.</strong></span> 
     </span>
    </p>
   </div>
  </div>
