4046 6452
328 408 442 475 803
1556 392 1985 456 NICEPHORI
2028 393 2381 455 CALLISTI
3501 394 3604 459 804

333 523 643 590 Platonem,
698 520 793 576 hic
840 516 908 573 ad
956 512 1333 587 Thucydidem
1384 512 1649 580 respexit.
1700 509 1807 565 Sed
1853 510 1922 565 de
1962 510 2195 567 Philone
2254 509 2579 581 etJosepho
2642 508 2798 565 satis.
2833 509 2914 566 Ad
2944 484 3193 567 ordinem
3215 510 3363 567 enim
3392 523 3449 569 et
3472 528 3608 570 con-

340 628 548 676 textum
573 627 822 674 actorum
849 611 1280 682 apostolicorum
1299 604 1480 660 redire
1518 618 1620 661 nos
1646 603 1928 670 convenit,
1955 612 2015 658 ut
2054 619 2152 675 per
2180 603 2570 675 compendium
2605 603 2922 658 summatim
2952 620 3017 659 ea
3048 621 3463 676 percurramus.

927 749 1157 806 CAPUT
1183 746 1330 803 XIX.

2622 746 2878 799 ΚΕΦΛΛ.
2901 743 3005 800 ΙΘ’.

346 873 410 929 Ut
462 870 665 926 Paulus
708 876 901 937 gentes,
927 865 996 916 ad
1026 861 1402 930 professionem
1436 857 1566 937 fidei
1601 855 1922 937 Christiana:

2049 859 2233 937 Ὀπως
2261 860 2294 911 ὁ
2324 856 2565 937 Παῦλος
2590 856 2663 911 τὰ
2693 857 2838 937 ἔρνη
2867 857 2942 937 τῇ
2973 857 3122 937 κέιτὰ
3145 859 3406 937 Χριστὸν
3430 874 3619 937 st:qu-

413 927 731 1014 perduxerit'
743 954 761 991 :
792 944 840 989 et
869 936 932 988 de
955 927 1416 1014 lqu‘wstionenipta
1444 930 1507 981 de
1531 928 1654 1014 llege
1686 927 1922 981 Mosaica

2102 929 2365 996 ηγάγετο
2391 930 2594 1014 πίστει
2616 944 2629 958 ’
2660 930 2755 981 καὶ
2786 930 2921 1007 περὶ
2946 928 3420 1014 ,τῆρ’ζεγςμέγης
3450 929 3621 1014 ζητῇ-

412 999 446 1065 ἃ
472 1010 706 1081 gentibus
740 999 1001 1087 seruando
1025 1023 1039 1057 :
1064 1013 1112 1056 et
1131 1003 1265 1087 ποιά
1296 999 1678 1087 Πίενοξοίῃιηίδ
1703 1012 1923 1087 congre-

2099 1016 2259 1087 σεως
2324 999 2452 1087 περὶ
2488 999 2597 1087 τοῦ
2632 999 3008 1087 τηρειῑνντοὺρ⁸
3048 1000 3117 1087 ξε
3151 999 3341 1087 {urebar
3372 1003 3481 1087 καὶ,
3515 1004 3621 1055 τὸν

411 1068 523 1153 ραῖί
562 1077 786 1149 apostoli
815 1078 878 1130 de
902 1092 966 1130 ea
994 1089 1089 1146 per
1122 1068 1423 1140 Epistolam
1454 1068 1797 1123 decreverint.

2100 1072 2291 1153 ιςόμρν
2328 1068 2625 1153 ἂξωσέωςς
2670 1069 2771 1153 κιίὶ
2804 1068 2914 1153 οἶα·
2930 1072 2997 1153 01'
3046 1070 3116 1122 ἐν
3149 1068 3622 1153 ⁸Ἰεροσονῑύμιῖυις

2070 1141 2442 1205 ,ἀπόστολοι
2470 1138 2602 1205 περὶ
2635 1139 2855 1192 τούτου
2890 1139 3273 1194 ἐπέστειλαν.

414 1277 783 1343 Posteaquam
847 1268 1051 1323 Paulus
1102 1274 1159 1321 et
1214 1263 1494 1317 Barnabas
1547 1256 1921 1314 ministerium

2101 1254 2260 1310 Μετά
2309 1254 2370 1307 τὸ
2418 1234 2986 1324 πληρῶσαιΠαῦλον
3033 1258 3131 1308 καὶ
3190 1256 3488 1325 Βαρνάϐαν
3524 1258 3622 1327 τὴν
3678 1320 3697 1336 θ

343 1369 575 1425 fratrum
624 1362 992 1432 complevere,
1041 1367 1099 1413 et
1145 1355 1520 1424 Hierosolyma
1565 1359 1865 1413 revertere,
1893 1362 1924 1401 ιι

2049 1347 2313 1403 Βιακονίαν
2349 1346 2454 1399 τῶν
2488 1347 2757 1415 ἀδελφῶν,
2786 1348 3131 1416 ὑποστρέψαι
3166 1365 3225 1401 τε
3266 1352 3349 1412 είς
3392 1351 3465 1402 Ίε
3508 1351 3627 1402 οπό-

343 1461 557 1531 Spiritu
593 1466 783 1523 sancto
839 1453 1004 1507 ambo
1057 1451 1422 1519 designantur
1463 1455 1630 1514 atque
1676 1442 1925 1513 deligun-

2049 1456 2203 1512 tupa,
2236 1440 2406 1509 ἄμφω
2440 1439 2545 1490 ύπό
2585 1439 2680 1491 τοῦ
2712 1440 2872 1506 ἁγίου
2902 1439 3222 1506 Πνεύματος
3257 1441 3621 1509 ἀφορίζονται

347 1529 460 1617 tur,
510 1551 577 1605 ad
631 1546 778 1618 quod
814 1546 993 1600 vocati
1058 1544 1282 1598 fuerant
1311 1555 1472 1610 opus.
1505 1543 1581 1592 Ac
1607 1553 1705 1608 per
1737 1535 1927 1591 Seleu-

2049 1534 2111 1595 ιίς
2132 1533 2192 1585 τὸ
2216 1531 2377 1600 ἔργον
2399 1530 2427 1584 ὃ
2458 1529 2887 1598 προεκλήθησαν
2912 1547 2924 1560 ·
2950 1531 3049 1583 καὶ
3086 1532 3173 1584 διὰ
3207 1532 3535 1595 Σελευκείας
3558 1535 3623 1602 τῇ

345 1645 488 1698 ciam
551 1642 607 1696 iu
658 1640 894 1693 insulam
936 1636 1201 1707 Cyprum,
1273 1634 1557 1703 ipsamque
1589 1627 1926 1685 Salaminem

2049 1624 2185 1695 νήσῳ
2234 1623 2448 1694 Κύπρῳ
2493 1623 2935 1693 προσϐάλλουσι,
2986 1625 3080 1677 καὶ
3137 1627 3274 1694 αὐτῇ
3330 1626 3624 1693 Σαλαμῖνι,

345 1736 597 1797 veniunt,
645 1732 851 1787 Iudaeis
910 1730 1082 1785 divini
1110 1726 1278 1782 Verbi
1316 1722 1668 1794 Evangelium
1713 1734 1929 1774 annun-

348 1828 578 1881 Iiantes:
627 1822 857 1887 Joanne,
887 1822 974 1892 cpi
1022 1813 1080 1875 e't
1116 1819 1278 1873 Marci
1309 1832 1510 1872 nomen
1542 1815 1668 1881 fuit,
1726 1812 1806 1867 eis
1838 1812 1927 1866 inv

347 1913 774 1982 serviente:qui
810 1911 1007 1966 deinde
1055 1910 1280 1979 aPerga
1323 1921 1571 1962 reversus
1617 1904 1705 1959 est'
1732 1902 1929 1958 Hiero-

348 2010 578 2079 solyma.
611 2005 782 2075 Paphi
834 2014 1017 2059 autem
1086 2001 1302 2072 Elytnas
1362 2014 1574 2069 magus,
1640 1996 1734 2067 qui
1785 1995 1930 2050 idem

348 2192 416 2246 ad
467 2190 779 2246 czecitatem
842 2201 1018 2257 usque
1068 2183 1482 2255 perstringitur.
1516 2181 1583 2235 Et
1635 2177 1934 2250 proconsul

346 2283 575 2352 Sergius
595 2279 962 2336 concionibus
987 2277 1145 2332 Pauli
1171 2274 1368 2329 credit.
1408 2272 1540 2328 Inde
1570 2287 1740 2341 porro
1775 2268 1937 2341 164

347 2373 697 2437 Antiochiam
718 2369 934 2425 Pisidia
963 2366 1233 2439 pervenit,
1259 2375 1314 2421 et
1346 2365 1402 2421 in
1430 2378 1702 2435 synagoga
1741 2363 1934 2416 saluti.

351 2466 533 2519 ferum
587 2462 821 2517 verbum
876 2458 1162 2531 praedicat.
1213 2457 1282 2511 Et
1317 2458 1428 2526 jam
1476 2470 1542 2510 ex
1585 2454 1840 2524 gentibus
1869 2450 1937 2505 ad

301 2553 321 2569 ‘
351 2558 479 2612 ﬁdei
514 2554 917 2625 professionem
974 2549 1247 2605 accedunt
1313 2562 1424 2601 non
1470 2545 1654 2616 pauci.
1720 2541 1937 2613 Oppor-

351 2658 490 2704 ωηο
520 2655 704 2700 autem
742 2654 989 2713 tempore
1042 2640 1249 2703 oblato,
1286 2638 1485 2693 Paulus
1528 2652 1750 2692 rursum
1807 2651 1941 2691 con-

355 2741 633 2796 ciouatur.
693 2736 777 2791 Ad
806 2750 970 2805 quem
1000 2748 1125 2790 cum
1149 2731 1363 2786 infinita
1392 2730 1700 2787 conﬂueret
1757 2728 1940 2793 turba,

352 2830 707 2886 aemulatione
746 2827 987 2897 maligna
1028 2825 1218 2881 "Judaei
1249 2822 1653 2888 accenduntur,
1676 2830 1736 2876 et
1768 2819 1940 2877 Paulo

353 2921 713 2976 adversantes
763 2918 1052 2972 resistunt.
1114 2916 1210 2971 llle
1250 2914 1389 2969 vero’
1432 2914 1650 2968 ardoris
1706 2922 1765 2969 et
1838 2913 1940 2968 zeli

355 3013 604 3068 melioris
657 3011 874 3081 plenus,
929 3009 1171 3064 aversari
1197 3008 1419 3078 quidem
1460 3009 1631 3077 ipsos,
1664 3016 1720 3062 et
1772 3022 1832 3063 se
1874 3007 1943 3062 ad

2049 1715 2328 1777 Ἰουδαίοις
2360 1717 2451 1768 τὸν
2482 1714 2625 1767 θεῖον
2653 1716 2811 1782 λόγον
2839 1716 3355 1784 εὐαγγελιζόμενοι,
3375 1718 3623 1770 Ἰωάννου

2038 1808 2134 1861 τοῦ
2168 1810 2261 1861 καὶ
2292 1809 2526 1878 Μάρκου
2553 1808 2963 1877 ὑπηρετοῦντος
2992 1811 3177 1870 αὐτοῖς
3200 1826 3213 1839 ·
3242 1808 3347 1862 κᾶν
3380 1810 3437 1871 ἐς
3473 1807 3623 1860 ὕστε-

2040 1918 2133 1972 ρον
2166 1902 2277 1955 ἀπὸ
2311 1903 2527 1971 Πέργης
2563 1901 2897 1970 ἀνέστρεψεν
2924 1902 3006 1964 είς
3036 1902 3417 1970 Ἰεροσόλυμα.
3454 1902 3543 1953 Ἑν
3572 1902 3626 1954 δὲ

2038 1998 2106 2062 τῇ
2141 1994 2318 2064 Πάφῳ
2353 1993 2643 2063 Ἐλύμαςό
2665 1994 2839 2063 μάγος
2865 2009 2879 2024 ⁸
2915 1989 3071 2056 οὗτος
3102 1998 3210 2062 γὰρ
3234 1997 3263 2047 ό
3295 1994 3625 2063 Βαριησοῦς,

218 2130 241 2142 -
348 2101 603 2171 Baijesus
640 2106 746 2162 est,
796 2095 1176 2164 increpatione
1232 2091 1442 2148 acriore
1500 2088 1679 2152 Pauli,
1740 2086 1931 2141 oculos

2049 2085 2362 2155 ἐπιτιμήσει
2418 2085 2656 2148 Παύλου,
2692 2087 2785 2146 τὰς
2812 2086 2980 2155 κόρας
3002 2086 3110 2139 τῶν
3147 2087 3451 2156 ὀφθαλμῶν
3477 2086 3630 2137 σϐέν-

2038 2192 2217 2231 νυται.
2248 2181 2319 2231 ‘0
2364 2176 2422 2231 δὲ
2459 2176 2770 2240 ἀνθύπατος
2804 2179 3026 2250 Σέργιος
3065 2182 3177 2240 τοῖς
3216 2180 3324 2232 ὑπὸ
3358 2179 3451 2232 τοῦ
3491 2178 3632 2230 Παύ-

2036 2269 2131 2323 λου
2163 2271 2590 2340 κηρυττομένοις
2633 2269 2901 2323 πιστεύει.
2948 2270 3230 2325 Ἐντεῦθεν
3276 2273 3363 2332 είς
3392 2273 3493 2342 τὴν
3531 2271 3630 2339 τῆς

2039 2360 2287 2424 Πισιδίας
2342 2362 2707 2431 παραγίνεται
2775 2362 3129 2432 Ἀντιόχειαν,
3171 2365 3263 2417 καὶ
3298 2366 3361 2417 ὲν
3398 2367 3463 2434 τῇ
3506 2378 3629 2416 συν·

2037 2455 2233 2523 αγωγῇ
2281 2451 2374 2505 τὸν
2426 2456 2698 2524 σωτήριον
2754 2455 2913 2522 λόγον
2958 2456 3288 2525 δημηγορεῖ.
3355 2457 3465 2509 Καὶ
3522 2454 3631 2507 τῶν

2040 2545 2212 2599 ἐθνῶν
2242 2547 2537 2615 προσίασιν
2573 2548 2676 2601 οὐκ
2710 2548 2881 2616 ὀλίγοι
2907 2562 2919 2576 ’
2957 2554 3051 2605 καὶ
3079 2551 3269 2617 καιροῦ
3299 2552 3625 2619 γενομένου,

2043 2638 2261 2702 Παῦλος
2296 2638 2452 2702 αὖθις
2479 2639 2835 2710 ἐδημηγόρει.
2877 2642 3132 2714 Ἀπείρου
3155 2644 3213 2696 δὲ
3243 2644 3477 2711 στίφους
3500 2644 3631 2712 συρ-

2043 2733 2282 2803 ῥέοντος,
2326 2730 2479 2803 ζήλῳ
2513 2733 2769 2787 Ἰουδαῖοι
2814 2736 3159 2794 ἐκκαίονται.
3197 2740 3294 2791 καὶ
3352 2734 3630 2789 ἀντικαθί-

2045 2842 2244 2880 σταντο
2269 2811 2491 2895 Παύλιρ.
2533 2826 2590 2879 Ὀ
2628 2826 2686 2879 δὲ
2716 2826 2883 2894 ζήλου
2920 2829 3204 2896 πλησθεὶς,
3240 2828 3632 2898 ἀπεστράφθαι

2049 2917 2149 2985 μὲν
2178 2916 2398 2981 αὐτοὺς,
2434 2917 2569 2989 πρὸς
2592 2918 2646 2971 δὲ
2677 2917 2746 2970 τά
2766 2917 2893 2987 ἔθνη
2924 2919 3278 2988 ἐπιστρέφειν
3303 2920 3402 2973 ἕλε
3416 2936 3492 2987 γε.
3524 2919 3631 2970 Καὶ

2043 3008 2191 3079 χαρά
2227 3008 2326 3078 μὲν
2350 3004 2418 3080 ἦν
2451 3010 2562 3061 τῶν
2586 3009 2759 3062 ἐθνῶν
2791 3010 2937 3062 οὕτω
2963 3015 3373 3080 προσιεμένων.
3408 3014 3631 3063 Ἐκεῖνοι

356 3115 552 3178 gentes
582 3110 910 3159 convertere
947 3101 1103 3156 dicit.
1164 3100 1356 3170 itaque
1412 3099 1609 3170 ingens
1643 3109 1834 3154 coorta
1858 3108 1944 3154 est

2049 3100 2103 3153 δὲ
2130 3102 2468 3170 τεχνηέντως
2494 3101 2564 3153 τὰ
2590 3101 2768 3176 πλήθη
2800 3102 2910 3155 τῶν
2932 3105 2990 3155 ἐν
3027 3103 3332 3175 ὑπεροχαῖς
3370 3102 3633 3171 ἀνασοϐή-

358 3198 566 3263 Ιωιίιίο,
634 3211 758 3266 quae
816 3195 892 3250 ita
942 3191 1374 3262 recipiebantur,
1435 3192 1703 3260 gentium.
1770 3188 1942 3244 Judaei

2049 3209 2278 3257 σαντες,
2324 3191 2542 3246 διώκειν
2585 3193 2757 3255 λίθοις
2809 3197 2939 3258 τοὺς
2982 3196 3322 3261 ἀποστόλους
3387 3198 3628 3251 ἔπεισαν.

356 3297 541 3343 autem
601 3287 798 3342 techna
849 3285 1084 3356 quadam
1144 3282 1558 3338 multitudinem
1601 3297 1797 3336 eorum
1848 3281 1944 3351 qui

2049 3284 2161 3337 Καὶ
2191 3284 2243 3337 οἱ
2279 3285 2378 3352 μὲν
2419 3284 2633 3337 ἐκεῖθεν
2660 3286 2741 3348 εἰς
2788 3285 3008 3339 Ἰκόνιον
3031 3282 3188 3359 ἧκον,
3224 3290 3321 3341 καὶ
3362 3290 3633 3357 Λύστραν,

357 3380 602 3435 honores
621 3379 914 3449 gerebant,
940 3377 1338 3447 primariorum
1367 3376 1612 3429 virorum
1640 3378 1943 3439 concitant,

2051 3379 2148 3430 καὶ
2180 3374 2541 3447 Ἀντιόχειαν,
2580 3378 2832 3432 Πισιδίαν
2884 3382 2983 3432 καὶ
3036 3381 3417 3451 Παμφυλία-νο
3448 3383 3539 3435 καὶ
3576 3380 3638 3432 ὲκ

358 3472 749 3542 lapidibusque
838 3468 1117 3539 apostolus
1174 3477 1363 3538 petere
1443 3476 1609 3536 atque
1693 3467 1944 3537 persequi

2056 3471 2277 3540 Πέργης
2311 3471 2393 3532 είς
2416 3469 2752 3541 Ἀντιόχειαν
2779 3473 2880 3541 τὴν
2912 3472 3179 3542 μεγίστην
3210 3470 3381 3546 ἦχον,
3418 3475 3638 3536 καὶτοῖς

355 3565 715 3634 persuadent.
739 3560 919 3627 Quare
953 3559 1189 3631 apostoli
1231 3558 1361 3612 inde
1414 3558 1665 3614 Iconium
1689 3598 1705 3622 ,
1745 3558 1944 3614 deinde

2051 3563 2236 3614 ἐκεῖσε
2268 3562 2367 3632 τὴν
2391 3563 2501 3615 τῶν
2531 3561 2705 3617 ἐθνῶν
2728 3565 2917 3619 πίστιν
2939 3566 3294 3635 ἀνήγγειλαν.
3322 3569 3632 3623 Mettium

358 3654 637 3726 Lystram,
668 3664 724 3709 et
744 3652 1117 3719 Antiochiam,
1146 3650 1417 3706 Pisidiam
1443 3659 1507 3706 ‘et
1530 3648 1943 3722 Pamphyliam:

359 3757 420 3802 et
463 3763 532 3801 ex
558 3747 731 3816 Perga
758 3745 1021 3815 deinceps
1050 3742 1401 3799 Antiochiam
1431 3741 1724 3796 maximam
1753 3757 1949 3812 perve-

360 3838 546 3905 niunt,
570 3849 736 3907 atque
771 3837 850 3892 ibi
876 3820 1146 3892 fratribus
1168 3835 1415 3906 gentium
1435 3833 1601 3890 fidem
1634 3844 1943 3903 erponunt.

360 3931 725 3988 Postmodum
755 3946 881 3985 cum
913 3944 981 3984 ex
1019 3927 1204 3983 Judaaa
1243 3929 1468 3993 quidam
1500 3926 1806 3993 venissent,
1849 3924 1946 3995 qui

361 4040 430 4080 ex
463 4024 784 4094 przescripto
812 4022 952 4092 legis
974 4021 1244 4086 Mosaicae,
1265 4034 1361 4075 eos
1412 4018 1510 4089 qui
1564 4034 1633 4073 ex
1688 4018 1947 4088 gentibus

363 4120 433 4171 ad
490 4114 621 4169 fidei
659 4113 1063 4185 professionem
1125 4112 1476 4178 accederent,
1536 4108 1777 4181 primum
1834 4109 1947 4164 cir-

359 4207 626 4275 cumcidi,
675 4214 842 4277 atque
903 4205 980 4260 ita
1031 4204 1253 4260 demum
1276 4204 1332 4259 in
1374 4204 1657 4260 Christum
1694 4201 1944 4267 credere,

360 4309 648 4370 totamque
695 4298 864 4353 Mosis
892 4298 1066 4369 legem
1104 4312 1329 4354 servare
1376 4296 1600 4361 debere,
1644 4293 1948 4349 contende-

359 4403 519 4459 rent;
561 4392 837 4448 Barnabas
884 4401 941 4447 et
999 4392 1203 4447 Paulus
1236 4390 1675 4457 Hierosolymam
1730 4395 1947 4457 petunt,

361 4488 731 4554 quaestionem
786 4499 909 4540 eam
963 4483 1033 4539 ad
1075 4485 1345 4554 majorum
1378 4484 1625 4553 gentium
1667 4480 1950 4551 apostolos

359 4578 608 4633 relaturi.
636 4578 817 4648 Atque
857 4577 936 4632 ibi
988 4577 1043 4631 in
1073 4585 1348 4632 conventu
1411 4575 1713 4628 multorum
1750 4574 1949 4627 Petrus

358 4669 497 4740 legis
524 4672 716 4741 iugum
778 4670 1151 4739 deprecatur:
1200 4678 1258 4724 et
1289 4668 1536 4744 Jacobua
1610 4666 1948 4722 concinnans

360 4761 550 4826 edicit,
592 4776 702 4814 non
727 4775 851 4815 esse
876 4760 1255 4823 facesseudam
1282 4762 1595 4818 molestiam
1631 4761 1714 4817 eis
1761 4762 1857 4831 qui
1881 4775 1948 4814 ex

2050 3653 2109 3706 δὲ
2147 3653 2311 3707 τινῶν
2346 3654 2405 3719 ἐξ
2436 3655 2702 3718 Ἰουδαίας
2745 3648 3015 3726 ἡκόντων,
3046 3660 3142 3711 καὶ
3179 3661 3327 3714 κατὰ
3357 3659 3449 3714 τὸν
3473 3660 3630 3726 νόμον

2049 3744 2301 3808 Μωσέως
2329 3746 2759 3816 περιτέμνεσθαι
2794 3749 3017 3818 πρῶτον
3054 3750 3478 3823 διατεινομένων
3508 3753 3631 3812 τοὺς

2049 3838 2110 3903 ἐξ
2148 3836 2321 3891 ἐθνῶν
2348 3839 2698 3906 προσιόντας,
2729 3843 2827 3896 καὶ
2872 3841 3021 3896 οὕτω
3074 3843 3364 3898 πιστεύειν
3400 3846 3478 3907 εἰς
3501 3843 3631 3910 Χρι-

2053 3931 2180 3984 στὸν
2206 3968 2222 3995 ,
2260 3934 2451 4001 τηρεῖν
2486 3949 2546 3985 τε
2573 3936 2671 3988 καὶ
2701 3934 2820 3988 ὅλον
2856 3937 2947 3986 τὸν
2975 3935 3139 4005 νόμον
3188 3937 3433 3999 Μωσέως
3452 3951 3466 3967 ο
3495 3935 3633 4000 Βαρ-

2052 4023 2226 4088 νάϐας
2256 4026 2353 4077 καὶ
2377 4025 2595 4090 Παῦλος
2626 4028 2754 4096 περὶ
2784 4026 2887 4097 τῆς
2912 4028 3173 4098 τοιαύτης
3206 4029 3492 4100 ζητήσεως
3513 4023 3633 4078 άνέ-

2053 4116 2230 4185 ϐησαν
2248 4117 2714 4187 εὶςίεροσόλυμα.
2738 4120 2850 4172 Καὶ
2882 4119 3088 4188 Πέτρος
3117 4120 3237 4185 μὲν,
3266 4118 3634 4176 συνελεύσεως

2053 4199 2265 4252 πολλῶν
2299 4200 2623 4270 γενομένης,
2650 4204 2950 4271 παρῃτεῖτο
2979 4204 3070 4256 τὸν
3105 4204 3198 4257 τοῦ
3224 4206 3392 4273 νόμου
3422 4203 3587 4270 ζυγόν
3616 4213 3631 4227 ⁶

2064 4292 2325 4355 Ἰάκωϐος
2354 4292 2412 4346 δὲ
2440 4293 2802 4364 δημηγορῶν,
2838 4294 2916 4365 μὴ
2964 4296 3327 4365 παρενοχλεῖν
3364 4294 3484 4358 ’τοῖς
3528 4293 3632 4345 ἀπὸ

2052 4385 2159 4438 τῶν
2207 4384 2377 4438 ἐθνῶν
2430 4386 2758 4438 πιστεύουσι
2820 4387 3155 4456 παρηγγύαο
3217 4386 3527 4441 ἐπιστεῖλαί
3573 4397 3635 4449 γε

2056 4477 2164 4548 μὴν
2201 4477 2390 4538 αὐτοῖς
2425 4477 2731 4546 ἀπέχεσθαι
2765 4478 2876 4531 τῶν
2906 4480 3308 4550 ἀλισγημάτων
3351 4479 3457 4531 et?»
3486 4475 3636 4528 ειδώ-

2053 4571 2185 4637 λων,
2244 4573 2342 4642 τῆς
2392 4573 2677 4642 πορνείας,
2724 4575 2822 4626 καὶ
2860 4573 2957 4626 τοῦ
3009 4573 3260 4627 πνικτοῦ.
3310 4569 3539 4638 Σύναμά
3576 4581 3634 4616 τε

2056 4666 2252 4735 Παύλῳ
2290 4666 2385 4719 καὶ⁵
2432 4665 2695 4737 Βαρνάϐᾳ.
2740 4665 2965 4730 Ἰούδας,
3001 4667 3029 4718 ὀ
3080 4668 3172 4718 καὶ
3222 4662 3511 4734 Βαρσαϐᾶς
3545 4660 3635 4710 καὶ

2054 4758 2236 4820 Σίλας,
2274 4760 2385 4820 τοῖς
2415 4758 2496 4822 είς
2553 4758 2893 4827 Ἀντιόχειαν
2922 4757 3175 4826 ἀδελφοῖς
3210 4758 3625 4825 ἀνεπέμποντοο

361 4852 623 4922 gentibus
705 4852 867 4906 fidem
920 4854 1315 4923 susciperent:
1373 4855 1469 4909 sed
1508 4871 1605 4924 per
1652 4854 1944 4923 epistolam

2058 4852 2149 4904 καὶ
2200 4851 2269 4902 τὰ
2318 4851 2620 4919 δεδογμένα
2667 4855 2781 4914 τοῖς
2813 4852 2872 4904 ἐν
2910 4851 3279 4921 Ἰερουσαλὴμ
3316 4842 3633 4904 ἀποστόλοις

364 4946 478 5000 illis
505 4944 953 5014 significandum,
987 4957 1048 5000 ut
1081 4963 1141 5003 se
1203 4963 1232 5001 a
1261 4949 1727 5002 contaminatioue
1758 4963 1952 5001 eorum

363 5052 487 5105 quae
545 5036 708 5092 idolis
739 5047 925 5092 essent
964 5039 1290 5106 sacrilicata,
1323 5056 1352 5094 a
1395 5039 1780 5105 fornicatione,
1816 5050 1866 5094 et
1923 5055 1955 5095 a

364 5129 649 5185 suffocatis
699 5129 1039 5185 abStiueant.
1080 5131 1159 5186 lta
1199 5146 1325 5185 cum
1362 5129 1533 5185 Paulo
1592 5141 1648 5186 et
1702 5132 1954 5186 Barnaba

363 5219 559 5284 ludas.
591 5222 687 5292 qui
736 5225 900 5276 etiam
937 5222 1208 5278 Barsabas
1261 5223 1442 5276 dictus
1475 5232 1578 5289 est,
1608 5232 1664 5277 et
1693 5222 1855 5287 Silas,
1885 5222 1955 5277 ad

366 5314 569 5369 fratres
631 5314 1010 5371 Antiochenos
1063 5316 1353 5386 legantur:
1404 5314 1750 5385 eisdemque,
1834 5330 1955 5384 quae

368 5407 600 5475 apostoli
638 5406 1038 5478 Hierosolymis
1090 5406 1493 5473 decrevissent,
1532 5425 1630 5478 per
1659 5410 1953 5478 epistolam

367 5498 673 5555 insinuant.
735 5501 928 5570 Neque
985 5501 1059 5553 ita
1121 5502 1297 5555 multo
1344 5510 1468 5571 post
1515 5502 1805 5556 Antiochia
1874 5500 1952 5555 illi

370 5607 584 5648 rursum
657 5593 971 5650 discedunt.
1036 5595 1211 5650 Porro
1272 5594 1475 5650 Paulus
1546 5605 1603 5651 et
1670 5595 1952 5649 Barnabas

367 5683 578 5740 oﬂ‘ensa
599 5695 656 5740 et
676 5688 1102 5743 exacerbatione
1126 5687 1511 5745 intercedente
1540 5689 1908 5759 sejunguntur
1936 5702 1951 5743 :

371 5784 427 5824 ct
458 5774 736 5832 Barnabas
759 5780 985 5849 quidem
1026 5779 1211 5834 Marco
1271 5790 1555 5851 assumpto
1616 5781 1672 5834 in
1707 5779 1949 5850 Cyprum

376 5865 600 5932 trajicil,
641 5868 841 5925 Paulus
894 5882 1077 5928 autem
1134 5871 1246 5927 Sila
1276 5872 1379 5928 sibi
1414 5874 1676 5943 adjuncto
1729 5871 1945 5941 Syriam

2051 4942 2120 4995 δι’
2144 4943 2437 5013 ἐπιστολῆς
2484 4943 2694 5010 ἔλεγον.
2734 4944 2844 4996 Καὶ
2896 4942 3014 5011 μετ’
3050 4942 3232 5010 ὀλίγον
3288 4942 3446 5001 αὖθις
3497 4930 3632 4988 ἀπέ’

2056 5052 2316 5105 στρεφον.
2355 5038 2641 5090 Διίσταται
2665 5037 2723 5089 δὲ
2759 5035 3118 5105 παροξυσμοῦ
3151 5036 3451 5109 γενομένου
3492 5022 3633 5079 Παῦ-

2055 5126 2146 5190 λος
2182 5128 2464 5200 Βαρνάϐᾳ.
2510 5128 2622 5182 Καὶ
2655 5129 2681 5178 ὀ
2730 5128 2828 5198 μὲν
2876 5128 2970 5180 τὸν
3006 5128 3236 5195 Μάρκον
3285 5116 3631 5194 παραλαϐὼν,

2054 5224 2135 5284 είς
2179 5221 2407 5293 Κύπρον
2451 5222 2730 5275 ἀπέπλεε·
2779 5221 2979 5292 Παύλῳ
3020 5223 3078 5274 δέ
3128 5220 3290 5283 Σίλας
3338 5208 3629 5277 ἐπιλεγεὶςν

2058 5314 2244 5366 εἵπετο
2304 5317 2384 5377 εἰς
2425 5315 2627 5386 Συρίαν
2648 5331 2662 5347 '
2701 5315 2960 5386 Λύστραν
2986 5315 3042 5366 δὲ
3098 5318 3192 5368 καὶ
3219 5311 3433 5384 Δέρϐην
3462 5301 3629 5357 διιὼν,

2062 5409 2157 5460 καὶ
2204 5407 2295 5459 τὸν
2344 5407 2613 5477 Ἰίμόθεον
2669 5407 3184 5476 προσλαμϐάνεται,
3228 5407 3347 5458 υἱὸν
3385 5399 3634 5463 Ἕλληνος

2065 5501 2189 5571 μὲν,
2224 5498 2489 5563 Ἰουδαίας
2537 5500 2597 5553 δὲ
2645 5502 2846 5568 πιστῆς
2887 5500 3018 5553 ὄντα
3070 5501 3277 5552 παῖδα·
3313 5498 3376 5551 ὃν
3430 5483 3634 5544 καὶδιὰ

2058 5600 2187 5657 τοὺς
2229 5592 2521 5653 Ἰουδαίους
2575 5593 2862 5664 οἰκονομία
2906 5594 3194 5664 χρώμενος
3230 5590 3558 5664 περιέτεμεν
3608 5574 3636 5627 ὁ

2052 5687 2153 5755 τῆς
2187 5687 2491 5756 περιτομῆς
2518 5687 2843 5757 ἀναιρὲτης.
2868 5688 3076 5750 Πάντες
3103 5688 3214 5759 γὰρ
3235 5688 3283 5739 οἱ
3301 5672 3641 5748 ὲξἸουδαῖων

2055 5776 2242 5829 πιστοὶ
2274 5775 2501 5845 ᾔδεισαν
2533 5776 2743 5847 πατρὸς
2790 5777 2923 5830 ὄντα
2956 5778 3249 5851 Ἕλληνος.
3290 5764 3642 5841 Διερχόμενοι

2052 5868 2110 5923 δὲ
2144 5869 2241 5932 τὰς
2276 5868 2485 5937 πόλεις,
2517 5869 2587 5925 τὰ
2634 5870 2970 5925 ἀποστολικά
3008 5872 3364 5944 ύπέσπειροιν
3392 5862 3653 5928 δόγματι.
