4046 6424
468 347 578 413 805
647 312 651 315 ’

1435 345 2046 407 ΕΕΕΕΕΞΙΑΞΤῙΟ.²Ε
2087 347 2489 407 ΙΙΙΞΤΟΠΙΕΕ
2524 348 2677 410 LIB.
2725 348 2807 409 II.

3632 350 3740 415 ξοδ

465 467 683 540 Φρυγίᾳ
709 465 840 536 γοῦν
865 468 960 522 καὶ
991 466 1231 539 Γαλατίᾳ
1264 468 1624 538 κηρύξαντες,
1655 469 1751 522 καὶ
1794 468 1897 542 τὴν
1925 470 2037 523 Μυ-

2152 471 2324 539 petit:
2394 469 2758 541 Lystramque
2823 480 2879 525 et
2920 469 3132 527 Derben
3185 488 3511 545 peragrans,
3550 474 3741 529 Timo-

465 563 591 617 σίαν
617 561 679 615 δὲ
704 561 840 615 είσω
868 562 979 616 τῶν
1011 560 1190 628 λόγων
1220 560 1464 631 θέμενοι,
1497 561 1638 615 κατὰ
1691 559 1792 631 τὴν
1816 561 1925 616 τῶν
1957 563 2049 615 Βι-

462 654 641 709 θυνῶν
657 654 930 725 ἐπαρχίαν
959 653 1095 725 πρὸς
1118 654 1316 724 βουλῆς
1333 649 1400 724 ἦν
1421 654 1655 716 ἐκείνοις
1679 652 2014 722 πορεύεσθαι
2029 672 2045 689 ο

460 746 561 801 οὐκ
591 746 780 799 είκασε
837 745 945 815 μὴν
976 746 1181 809 αὐτοὺς
1232 745 1295 799 τὸ
1342 744 1574 816 Πνεῦμα
1608 745 1708 817 τὴν
1746 749 1932 800 ἐκεῖσε
1980 748 2047 818 δὴ

466 837 811 893 στέλλεσθαι.
870 839 965 900 Εἰς
1012 836 1248 909 Τρωάδα
1304 836 1398 891 οὖν
1453 840 1793 908 γενομένοις,
1848 840 2047 911 ὀνείρῳ

465 930 676 984 Παύλου
712 930 1054 994 πεισθέντες,
1087 932 1168 995 εἰς
1214 930 1561 985 Μακεδονίαν
1609 931 1897 986 διέϐαινον.
1937 934 2047 986 Καὶ

459 1022 523 1094 δὴ
553 1021 862 1085 ἁποὸἀντες
901 1023 1001 1092 τῆς
1044 1019 1205 1085 νεὼς,
1256 1022 1346 1076 διὰ
1404 1022 1773 1094 Σαμοθρᾴκης
1818 1025 1915 1076 καὶ
1943 1026 2045 1095 τῆς

458 1114 789 1177 Νεαπόλεως
818 1116 899 1178 είς
934 1113 1034 1185 τὴν
1065 1113 1294 1184 πρώτην
1325 1112 1433 1166 τῶν
1481 1114 1817 1168 Μακεδόνων
1846 1114 2044 1184 ἥκουσι

458 1205 614 1266 πόλιν
639 1220 653 1233 ·
675 1204 836 1275 ἡτῶν
862 1203 1147 1258 Φιλίππων
1169 1202 1308 1273 αῦτη
1326 1201 1611 1256 κολώνεια.
1631 1202 1874 1256 Ἐκεῖθεν
1888 1202 1943 1255 δὲ
1962 1204 2044 1266 είς

458 1295 864 1368 θεσσαλονίκην
891 1299 987 1351 καὶ
1018 1297 1117 1367 τὴν
1158 1298 1362 1368 ὅμορον
1391 1296 1568 1370 ταύτῃ
1600 1296 1873 1368 Βέρροιαν
1900 1295 2043 1366 ἐχώ-

459 1405 589 1459 ρουν
611 1404 625 1420 °
656 1388 847 1443 ἔπειτα
878 1392 958 1453 εἰς
998 1388 1228 1458 Ἀθήνας
1249 1404 1265 1420 ο
1308 1389 1405 1442 καὶ
1467 1387 1709 1456 καθεξῆς
1739 1388 1838 1459 τὴν
1878 1388 2044 1440 ἑσπέ-

461 1500 564 1554 ραν
610 1482 690 1554 τῷ
734 1481 1057 1552 Εὑαγγελίῳ
1099 1483 1348 1554 διῄεσαν.
1384 1482 1451 1535 Ἡ
1484 1482 1671 1552 μέντοι
1708 1482 1766 1548 ἐξ
1812 1482 2042 1552 Ἱεροσο-

459 1580 647 1650 λύμων
679 1579 963 1649 ἐπιστολὴ,
988 1579 1057 1651 ἢν
1083 1583 1195 1643 τοῖς
1218 1581 1276 1634 ὲν
1310 1580 1638 1652 ’Δντιοχείᾳ,
1670 1582 1843 1653 Συρίᾳ
1872 1598 1923 1634 τε
1946 1581 2042 1634 καὶ

458 1673 707 1743 Κιλικίᾳ,
736 1672 834 1726 καὶ
854 1675 990 1727 πᾶσι
1036 1674 1149 1735 τοῖς
1176 1672 1235 1738 ἐξ
1268 1674 1436 1727 ἐθνῶν
1470 1672 1826 1727 πιστεύσασιν
1857 1672 2040 1726 ἔστελ-

456 1765 550 1819 λον
597 1763 689 1818 διά
719 1763 873 1829 Σίλα,
910 1763 1086 1827 οὕτως
1139 1764 1234 1818 ἐπὶ
1283 1764 1483 1831 λέξεως
1524 1760 1703 1834 εἶχενο
1746 1784 1766 1818 ‹
1818 1766 2037 1835 Ἐπειδὴ

2161 562 2347 617 theum
2380 579 2601 634 quoque
2632 562 2884 633 suscipit,
2923 563 3098 620 Graeci
3128 566 3348 637 quidem
3378 567 3569 636 patris,
3600 567 3740 622 ﬁde-

2154 655 2221 710 lis
2244 665 2426 710 autem
2453 655 2655 711 Iudaeae
2676 657 2871 711 matris
2896 655 3090 711 ﬁlium.
3133 657 3308 723 Quem
3344 671 3474 713 sane
3514 669 3740 728 propter

2154 744 2400 809 Judaeos,
2452 746 2748 801 consilium
2793 761 2896 816 pro
2951 758 3221 816 tempore-
3246 747 3488 815 capiens,
3526 757 3583 802 et
3620 747 3740 801 illo-

2156 852 2278 890 rum
2327 851 2387 892 se
2444 837 2681 908 ingeniis
2715 838 3162 902 accommodans,
3195 855 3317 892 cum
3356 838 3470 908 ipse
3501 840 3740 894 circum-

2154 930 2423 985 cisionem
2450 931 2764 999 abrogaret,
2799 931 3168 985 nihilominus
3207 943 3389 986 tamen
3444 931 3738 986 circumci-

2153 1021 2255 1077 dit.
2317 1022 2522 1078 Omnes
2576 1040 2816 1092 namque
2884 1038 2952 1078 ex
3005 1023 3211 1078 Judaeis
3267 1023 3458 1079 ﬁdeles
3525 1032 3734 1092 patrem

2150 1113 2271 1185 eius
2317 1113 2567 1169 Graecum
2599 1115 2882 1169 hominem
2914 1130 3033 1170 esse
3059 1116 3330 1169 sciebant.
3388 1114 3579 1186 Itaque
3644 1118 3724 1169 illi

2151 1208 2404 1262 civitates
2458 1209 2662 1277 passim
2726 1207 2957 1270 adeunt,
3024 1215 3081 1262 et
3128 1207 3435 1277 apostolica
3507 1208 3732 1263 decreta

2149 1299 2519 1366 promulgant.
2593 1296 2653 1350 ln
2710 1297 2944 1368 Phrygia
2965 1307 3149 1352 autem
3180 1307 3237 1352 et
3266 1296 3499 1358 Galatia,
3554 1304 3731 1368 atque

2148 1392 2315 1447 etiam
2369 1393 2425 1447 in
2481 1391 2678 1463 Mysia,
2723 1408 2847 1447 cum
2912 1394 3147 1448 verbum
3205 1394 3616 1464 praedic-assem,
3674 1395 3728 1447 in

2148 1488 2333 1539 animo
2352 1484 2558 1539 habent
2587 1483 2929 1553 provinciam
2958 1502 3177 1556 quoque
3209 1485 3516 1557 Bithyniam
3544 1487 3729 1542 adire:

2152 1575 2309 1648 165
2351 1577 2445 1631 sed
2498 1592 2608 1647 quo
2642 1576 2828 1632 minus
2854 1577 2906 1632 id
2946 1576 3170 1640 faciant,
3212 1577 3449 1648 Spiritus
3470 1578 3551 1633 eis
3589 1579 3733 1633 obsi-

2147 1670 2263 1725 stit.
2345 1668 2620 1725 Caeterum
2679 1669 2893 1726 Troade
2943 1686 3072 1724 cum
3127 1680 3336 1733 esseut,
3401 1671 3462 1725 in
3520 1671 3732 1725 somnis

2147 1760 2316 1816 Paulo
2365 1762 2667 1823 admonito,
2725 1762 3099 1817 Macedoniam
3171 1764 3301 1819 inde
3366 1772 3582 1833 petunt.
3663 1764 3734 1819 Et

454 1850 776 1921 ἠκούσαμεν
806 1851 890 1905 ὅτι
940 1852 1088 1913 τινὲς
1142 1851 1388 1916 usam;
1428 1852 1705 1923 ἐτάραξαν
1748 1853 1913 1921 ὑμᾶς,
1950 1850 2037 1906 λέ-

2143 1852 2268 1906 navi
2316 1853 2545 1923 egressi,
2588 1869 2685 1924 per
2715 1853 3134 1910 Samothracem
3161 1864 3217 1910 et
3243 1856 3556 1925 Neapolim,
3587 1867 3641 1911 et
3673 1856 3733 1910 in

454 1962 669 2015 γοντες,
699 1946 785 1999 ὅτι
815 1945 898 1999 δεῖ
923 1945 1354 2017 περιτέμνεσθαι
1388 1947 1484 1999 καὶ
1509 1946 1702 2015 τηρεῖν
1733 1945 1826 1999 τὸν
1850 1946 2041 2015 νόμον,

455 2034 538 2101 οίς
561 2038 620 2092 οὐ
652 2037 1074 2107 διεστειλάμεθα
1094 2052 1110 2071 ⁸
1159 2038 1304 2106 ἔδοξε
1338 2036 1417 2108 τῷ
1454 2038 1595 2109 ἁγίῳ
1631 2036 1916 2106 Πνεύματι
1948 2039 2043 2090 καὶ

454 2130 589 2199 ἡμῖν
626 2129 976 2200 ὁμοθυμαδὸν
1019 2130 1337 2202 γενομένοις
1375 2132 1545 2202 μηδὲν
1596 2130 1762 2184 πλέον
1798 2131 2033 2185 ἐπιτίθει

454 2218 578 2273 σθαι
603 2218 731 2289 ύμῖν
766 2219 935 2291 βάρος
965 2220 1106 2294 πλὴν
1128 2221 1237 2276 τῶν
1265 2221 1582 2292 ἐπάναγκες
1615 2222 1823 2276 τούτων
1846 2237 1862 2253 ο
1905 2223 2043 2274 ἀπέ-

452 2312 649 2384 χεσθαι
668 2314 1065 2380 εἰδωλοθύτων,
1090 2316 1186 2371 καὶ
1213 2316 1471 2387 αἵματος,
1493 2318 1590 2370 καὶ
1623 2318 1721 2385 τῆς
1751 2314 2036 2387 πορνείας,

454 2407 669 2461 καὶτοῦ
706 2408 959 2465 πνικτοῦ.
1005 2409 1099 2475 Ἐξ
1131 2405 1209 2465 ὧν
1254 2408 1645 2480 διατηροῦντες
1685 2409 1934 2475 ἑαυτοὺς,
1974 2407 2034 2462 εὖ

454 2498 712 2568 πράξετε.
744 2498 1554 2569 ἘρρωσθειἊπεστάλκαμεν
1606 2498 1662 2551 δὲ
1698 2497 1903 2551 Ἰούδαν
1939 2498 2033 2550 καὶ

451 2591 616 2645 Σίλαν
677 2593 1021 2663 ἡγουμένους
1080 2592 1137 2645 ὲν
1171 2593 1285 2656 τοῖς
1323 2590 1576 2660 ἀδελφοῖς
1634 2590 1731 2643 σὺν
1772 2589 2034 2663 Βαρνάϐα

454 2686 548 2740 καὶ
574 2686 794 2755 Παύλῳ,
827 2688 903 2752 ὠς
937 2688 1248 2756 ἀγαπητοῖς
1290 2686 1453 2757 ἡμῶν
1504 2684 1777 2753 ἀδελφοῖς,
1821 2681 2035 2752 ἀνθρὼ-

456 2793 580 2841 ποις
605 2779 1024 2849 παραδεδωκόσι
1044 2779 1142 2842 τὰς
1173 2777 1355 2849 ψυχὰς
1391 2776 1573 2831 αὐτῶν
1608 2775 1749 2844 ὑπὲρ
1785 2773 1878 2828 τοῦ
1922 2774 2035 2826 όνό·

461 2883 626 2936 ματος
659 2869 752 2924 τοῦ
792 2871 999 2941 Κυρίου
1034 2870 1193 2943 ἡμῶν
1236 2868 1413 2941 Ἰησοῦ
1442 2864 1710 2939 Χριστοῦ,
1750 2864 1893 2919 ὥστε
1928 2880 2035 2919 πα-

458 2963 757 3031 ρακαλέσαι
786 2963 930 3034 ὑμᾶς
961 2966 1019 3018 ὲν
1046 2966 1161 3028 τοῖς
1182 2962 1365 3032 λόγοις
1389 2961 1624 3024 τούτοις.
1662 2978 1680 3012 ι

2150 1945 2381 2014 primam
2418 1946 2785 2001 Macedonicae
2841 1961 2953 2001 orae
3005 1947 3283 2003 civitatem
3348 1948 3728 2018 Philipporum

2140 2036 2412 2091 coloniam
2442 2040 2799 2107 perveniunt.
2846 2037 2981 2095 Inde
3049 2055 3217 2110 porro
3246 2039 3723 2107 Thessalonicam,

2139 2139 2194 2183 et
2219 2128 2508 2183 ﬁnitimam
2540 2132 2588 2185 ei
2654 2131 2999 2198 Bcrrbteam,
3026 2148 3153 2187 mox
3215 2148 3435 2203 quoque
3483 2133 3728 2189 Athenas

2139 2219 2383 2275 adeunt:
2416 2235 2481 2274 ac
2520 2221 2781 2291 deinceps
2809 2224 3156 2277 occidentem
3210 2239 3430 2286 versus,
3480 2225 3727 2294 Evange-

2137 2310 2272 2364 lium
2314 2310 2745 2376 annuntiantes,
2788 2313 3239 2383 proﬁciscuntur.
3276 2313 3570 2385 Enimvero
3605 2316 3726 2383 epi-

2140 2403 2282 2458 stola
2331 2404 2422 2457 illa
2467 2420 2588 2473 quae
2631 2405 3027 2478 Hierosolymis
3058 2406 3127 2461 ad
3159 2423 3256 2462 eos
3295 2408 3386 2477 qui
3419 2408 3728 2463 Antiochia:

2142 2494 2198 2549 iu
2239 2495 2394 2566 Syria
2418 2506 2474 2551 et
2495 2496 2713 2561 Cilicia,
2744 2498 2997 2569 locisque
3021 2500 3144 2554 aliis
3162 2500 3421 2555 omnibus
3449 2499 3521 2555 ad
3557 2500 3721 2554 (idem

2140 2600 2200 2643 se
2224 2603 2289 2642 ex
2326 2588 2586 2658 gentibus
2616 2589 3008 2655 contulissent,
3046 2606 3145 2660 per
3193 2590 3361 2647 Silam
3398 2591 3561 2645 missa
3612 2602 3719 2657 est,

2142 2680 2198 2735 in
2230 2681 2347 2736 haec
2371 2681 2540 2736 verba
2562 2688 2647 2735 est
2670 2691 2937 2752 concepta
2964 2698 2980 2737 :
3025 2701 3043 2732 ‹
3071 2682 3531 2751 Quandoquidem
3565 2683 3726 2736 audi-

2139 2770 2341 2835 vimus,
2392 2771 2542 2842 quod
2603 2772 2832 2842 quidam
2890 2773 3176 2828 venientes
3243 2789 3340 2828 vos
3421 2774 3724 2839 turbarint,

2141 2862 2722 2934 dicentes:0portere
2774 2880 2872 2920 vos
2902 2864 3249 2931 circumcidi,
3287 2866 3573 2937 legemque
3610 2881 3725 2921 ser-

2147 2972 2303 3023 vare,
2334 2956 2539 3026 quibus
2578 2957 2634 3013 id
2671 2971 2784 3012 non
2816 2958 3239 3014 mandavimus:
3272 2962 3450 3014 visum
3483 2971 3567 3017 est
3602 2960 3726 3030 Spi-

454 3054 587 3111 ritui
619 3069 812 3112 sancto
869 3065 928 3113 et
986 3057 1151 3114 nobis
1197 3056 1537 3113 unanimiter
1575 3052 1951 3125 congregatis,
2000 3049 2143 3106 nihil
2182 3050 2343 3106 vobis
2398 3049 2541 3105 ultra
2594 3049 2881 3120 imponere
2918 3054 3127 3117 oneris,
3178 3041 3545 3123 praeterquam
3610 3055 3726 3108 lucc

451 3151 783 3221 necessaria,
846 3160 908 3206 ut
981 3167 1080 3209 vos
1152 3150 1477 3208 abstineatis
1530 3149 1602 3205 ab
1683 3146 2051 3204 immolatitiis
2119 3145 2570 3211 simulacrorum,
2632 3152 2689 3200 et
2743 3145 3033 3215 sanguine,
3085 3154 3142 3200 et
3219 3146 3607 3210 fornicatione,
3666 3157 3725 3201 et

451 3247 740 3304 suﬂ‘ocato.
799 3250 843 3305 A
868 3249 1071 3318 quibus
1122 3263 1222 3304 vos
1281 3246 1682 3313 custodientes,
1708 3245 1851 3301 bene
1878 3243 2073 3315 agetis.
2117 3242 2327 3299 Valete.
2366 3242 2617 3297 Misimus
2651 3252 2835 3298 autem
2874 3240 3070 3298 Judam
3106 3251 3164 3298 et
3210 3243 3404 3307 Silain,
3434 3245 3723 3314 primarius

450 3356 517 3397 ex
555 3342 823 3398 fratribus
862 3341 1032 3408 viros,
1068 3357 1195 3397 cum
1240 3339 1491 3394 Barnaba
1532 3348 1590 3394 et
1633 3338 1827 3402 Paulo,
1868 3336 2088 3391 dilectis
2142 3334 2305 3391 nobis
2336 3334 2623 3405 fratribus,
2675 3336 2996 3392 hominibus
3044 3336 3139 3406 qui
3192 3337 3403 3391 animas
3456 3352 3583 3393 suas
3625 3353 3723 3408 pro

448 3439 674 3497 neruiue
731 3439 952 3495 Domini
1006 3437 1184 3495 nostri
1250 3436 1382 3494 Iesu
1448 3435 1655 3493 Christi
1708 3432 2084 3501 tradiderunt,
2147 3443 2211 3487 ut
2255 3433 2445 3489 verbis
2481 3434 2635 3489 hisce
2683 3449 2783 3491 vos
2816 3434 3236 3489 consolarentur
3284 3435 3399 3488 ³⁸.»

1051 3584 1306 3641 ΚΕΦΑΔ.
1343 3583 1430 3641 ις’.

455 3708 592 3779 Περὶ
615 3706 736 3763 τῶν
756 3707 854 3781 sic!
877 3701 1260 3781 Μακεδονίαγ
1282 3697 1677 3781 πραχθέντων
1688 3697 2033 3781 ξῴ-ιεροκή-

516 3770 661 3849 item
690 3770 946 3849 Παύέὶῳς
973 3774 1072 3827 καὶ
1100 3771 1235 3839 περὶ
1263 3772 1587 3849 dior-valeo
1608 3770 1717 3849 ατοῇ
1754 3770 2034 3838 Ἀρεοπα-

526 3839 714 3920 Ζγιτου,
745 3846 841 3901 καὶ
868 3839 989 3899 τῶν
1009 3839 1494 3913 συγγραμμάτων
1518 3840 1730 3896 αὐτοῦ.

537 3965 626 4019 Ἐν
652 3960 942 4024 Φιλίπποις
974 3958 1021 4013 δ’
1068 3952 1243 4024 οὖσιν,
1272 3957 1306 4029 ὴ
1351 3957 1416 4010 ἐκ
1461 3954 1783 4027 Θυατείρων
1813 3971 2032 4025 πορφυ-

456 4058 696 4132 ρόπωλις
722 4056 801 4126 τῷ
833 4053 963 4121 θείῳ
991 4049 1212 4120 λουτρῷ
1244 4048 1502 4119 πρόσεισι
1523 4064 1538 4080 ο
1577 4050 1673 4103 καὶ
1704 4050 1765 4102 τὸ
1795 4049 1854 4102 ὲν
1898 4065 2033 4102 παι..

452 4153 615 4222 δίσκῃ
650 4145 871 4215 πνεῦμα
898 4141 992 4198 τοῦ
1029 4141 1285 4204 Πύθωνος
1315 4142 1603 4211 προσταγῇ
1635 4139 1852 4193 Παύλου
1875 4139 2035 4194 ἐλαύ-

452 4257 625 4295 νεται.
664 4233 975 4291 Κάντεῦθεν
1020 4234 1134 4296 τοῖς
1186 4230 1401 4302 κυρίοις
1433 4232 1651 4300 ἐκείνης
1682 4231 1781 4300 τῆς
1814 4230 2033 4292 ἐλπίδος

451 4332 551 4401 τῆς
602 4327 814 4382 ἐκεῖθεν
872 4323 1141 4409 προσόδου
1189 4323 1663 4394 περιαιρεθεὶσης,
1698 4322 1876 4392 δεσμά
1905 4324 2033 4385 τοὶς

454 4422 781 4483 ἀποστόλους
817 4414 932 4488 εἶχε
959 4417 1097 4487 μετὰ
1124 4414 1342 4486 πληγάς
1364 4430 1379 4444 ο
1409 4415 1506 4468 καὶ
1544 4413 1878 4474 ποδοκάκαις
1905 4430 2033 4481 σφο-

452 4516 596 4588 δρῶς
652 4511 931 4575 ὲπιὲζοντο
977 4508 1118 4562 Ἀλλ’
1178 4507 1236 4560 ὲν
1292 4506 1491 4575 μέσαις
1549 4503 1701 4569 νυξὶν
1752 4504 1887 4574 εὐχὴ
1938 4505 2034 4557 καὶ

453 4608 717 4677 ἀκρόασις
750 4605 859 4657 τῶν
892 4598 1311 4670 συνδεσμωτῶν.
1344 4596 1455 4651 Καὶ
1482 4598 1621 4649 σείει
1664 4594 1763 4666 μὲν
1788 4596 1886 4662 τὴν
1925 4595 2033 4663 γῆν

453 4704 669 4765 όΘεός’
703 4700 760 4753 αί
793 4697 851 4752 δὲ
907 4695 1068 4766 θύραι
1120 4693 1214 4746 καὶ
1275 4692 1378 4745 ὅσα
1429 4690 1656 4761 κλεῖθρα
1713 4690 1804 4742 καὶ
1855 4688 2033 4758 δεσμά

453 4796 691 4848 ἀνίεντο.
733 4792 792 4845 '0
840 4789 897 4843 δὲ
934 4786 1131 4857 φύλαξ,
1167 4782 1366 4856 μικροῦ
1403 4783 1470 4836 ἂν
1502 4783 1765 4854 αὐτόχειρ
1814 4780 2035 4850 ἐγένετο

456 4888 584 4949 ὅλας
626 4886 723 4947 τὰς
782 4882 957 4953 θύρας
1006 4878 1364 4948 ἀνεῳγμένας
1430 4874 1578 4942 ἰδὼν,
1608 4878 1656 4928 εί
1694 4875 1772 4945 μὴ
1822 4873 2032 4937 Παῦλος

2060 3586 2107 3650 C

2765 3578 2996 3636 CAPUT
3024 3578 3143 3636 XX.

2136 3693 2217 3748 De
2249 3694 2546 3748 δαίνυσαι)νὶ
2596 3694 2854 3763 pra'wuis
2905 3694 3070 3749 Pauli
3121 3696 3174 3748 in
3207 3695 3518 3751 Macedonia
3567 3698 3721 3751 rebus

2206 3768 2365 3835 gestis
2395 3780 2410 3819 :
2440 3774 2489 3817 et
2534 3765 2598 3817 de
2643 3764 2895 3834 Dionysio
2924 3767 3269 3835 Areopagita,
3296 3767 3543 3838 librisque
3581 3772 3721 3839 ejus-

2208 3839 2348 3889 dem.

2207 3951 2380 4007 Porro
2437 3967 2565 4008 cum
2617 3953 2887 4024 Philippis
2909 3961 3118 4021 essent,
3152 3969 3411 4024 purpurae
3433 3953 3716 4009 venditrix

2134 4057 2167 4098 ε
2192 4043 2417 4099 civitate
2451 4045 2849 4116 Thyatirorum
2902 4044 3105 4100 femina
3133 4045 3202 4099 ad
3226 4045 3474 4099 divinum
3501 4048 3720 4102 accedit

2135 4136 2439 4195 lavacrum.
2493 4140 2558 4194 Et
2636 4141 2865 4210 Spiritus
2912 4140 3177 4212 Pythonis
3236 4141 3392 4211 jussu
3451 4140 3603 4197 Pauli
3651 4159 3718 4198 ex

2134 4232 2315 4298 puella
2343 4230 2609 4301 profugit.
2645 4230 2816 4302 Cujus
2846 4231 3111 4294 dominis,
3146 4246 3271 4285 cum
3309 4244 3434 4300 Spes
3472 4242 3719 4301 quaestus

2135 4323 2257 4393 ejus
2281 4362 2298 4389 ,
2331 4340 2495 4394 quem
2551 4339 2618 4378 ex
2643 4341 2708 4379 ea
2738 4326 3050 4394 capiebant,
3081 4335 3229 4379 esset
3253 4325 3508 4395 praecisa,
3544 4327 3717 4381 illicet

2135 4416 2309 4488 plaga:
2360 4428 2416 4472 et
2470 4418 2689 4472 vincula
2773 4417 3052 4486 aposwlos
3091 4417 3387 4486 arripiunt,
3446 4428 3501 4472 et
3552 4419 3720 4489 pedes

2135 4524 2329 4563 eorum
2385 4509 2685 4564 admodum
2738 4512 3148 4578 constringunt.
3197 4509 3303 4563 Sed
3342 4511 3486 4564 enim
3518 4514 3718 4567 intem—

2136 4612 2289 4671 pesta
2327 4611 2490 4655 nocte
2527 4617 2723 4670 preces
2780 4601 2849 4655 ab
2884 4601 2964 4677 eis
2996 4601 3154 4667 liunt,
3210 4617 3346 4670 quas
3405 4603 3459 4656 in
3521 4607 3718 4659 eodem

2137 4710 2363 4750 carcere
2389 4694 2560 4749 vincti
2590 4707 2771 4759 erant,
2804 4696 3133 4750 exaudiunt.
3171 4699 3249 4750 Ae
3301 4697 3446 4753 Deus
3493 4700 3717 4768 quidem

2140 4794 2344 4841 terram
2376 4798 2558 4841 movet
2589 4795 2643 4840 et
2701 4789 2949 4840 concutit
2979 4805 2991 4842 :
3037 4788 3184 4843 {oles
3223 4799 3429 4854 autem,
3457 4792 3717 4856 (lauslra,

2137 4887 2197 4933 et
2232 4877 2452 4933 vincula
2479 4878 2663 4931 omnia
2692 4879 3004 4933 solvuntur.
3038 4879 3235 4936 Custos
3272 4898 3437 4951 porro
3481 4885 3720 4939 carceris

456 4981 608 5050 φωνῇ
639 4976 828 5030 τοῦτον
858 4969 1195 5034 ἀνέστελλεν,
1219 4970 1471 5030 ἅπαντας
1498 4969 1645 5021 ἔνδον
1674 4963 1816 5020 εἶναι
1838 4966 2028 5020 είςιών.

2143 4969 2285 5025 fores
2317 4985 2510 5025 omnes
2566 4979 2784 5040 apertas
2806 4973 3174 5042 εοηενὶείευε,
3209 4974 3324 5043 ipse
3372 4976 3476 5029 sibi
3505 4978 3721 5033 attulis-

454 5072 569 5125 Καὶ
605 5069 782 5139 φωτὸς
825 5065 1139 5136 διαρπάσας
1187 5061 1392 5133 εἰσῄει,
1429 5064 1523 5115 καὶ
1547 5063 1599 5115 τί
1628 5061 1735 5114 δέοι
1770 5062 2031 5132 πράττειν

452 5165 667 5237 ἠρώτα.
699 5165 809 5217 Καὶ
830 5163 879 5215 οί
916 5162 1015 5231 μὲν
1045 5159 1319 5227 τὸνλόγον
1351 5156 1724 5228 κατήγγελλον
1745 5169 1758 5184 ·
1785 5154 1814 5207 ό
1843 5154 1899 5208 δὲ
1930 5157 2031 5220 τὰς

454 5260 672 5331 πληγὰς
702 5258 1029 5328 ἐθεράπευε,
1064 5256 1157 5308 καὶ
1207 5253 1419 5325 χλιαρῷ
1454 5252 1721 5322 ἀπένιψεν
1749 5251 1924 5306 ῦδατι.
1965 5257 2028 5308 Οί

451 5351 508 5405 δὲ
539 5353 600 5404 τὸ
653 5349 802 5402 θεῖον
841 5348 1141 5418 ἐχορήγουν
1173 5346 1351 5414 τούτῳ
1383 5342 1609 5412 λουτρόν
1633 5359 1647 5375 ο
1694 5344 1789 5395 καὶ
1837 5341 2028 5414 ἔχαιρε

455 5446 551 5498 σὺν
578 5444 713 5496 πᾶσι
744 5441 854 5504 τοῖς
888 5436 1089 5492 ἑαυτοῦ
1124 5436 1349 5507 Χριστῷ
1386 5434 1656 5503 προσιών.
1682 5435 1838 5505 Ἅμα
1885 5434 1931 5487 δ’
1960 5435 2035 5503 ἕῳ

454 5535 563 5589 ὑπὸ
598 5535 708 5590 τῶν
756 5531 1083 5604 στρατηγιῖιν
1126 5528 1228 5597 τῆς
1277 5528 1504 5598 εἱρκτῆς
1557 5525 1806 5578 ἀνίεντο·
1842 5528 1937 5579 καὶ
1969 5523 2039 5578 δι’

465 5626 844 5697 ’Δμφιπόλεως
862 5624 954 5677 καὶ
985 5620 1348 5686 Ἀπολλωνίας
1377 5623 1443 5691 τῇ
1468 5617 1838 5691 Θεσσαλονίκῃ
1867 5634 2036 5690 προσ-

522 5805 568 5838 ⁹⁸
610 5796 728 5862 Act.
769 5817 857 5871 xv,
920 5802 989 5857 21
1029 5817 1186 5874 seqq.

2140 5072 2222 5117 set
2253 5078 2469 5125 manus,
2496 5062 2605 5116 nisi
2640 5076 2768 5116 cum
2822 5080 2957 5119 voce
3009 5080 3109 5120 sua
3142 5067 3343 5122 Paulus
3370 5069 3530 5138 [66
3559 5070 3718 5122 colli-

2140 5154 2380 5217 buisset,
2415 5169 2608 5207 omnes
2648 5154 2832 5210 adhuc
2878 5158 3030 5210 intus
3081 5173 3199 5211 esse
3228 5157 3438 5212 dicens.
3499 5161 3573 5213 lta
3623 5175 3720 5214 cu--

2143 5256 2281 5311 stos,
2305 5249 2531 5301 lucerna
2558 5255 2800 5317 arrepta,
2829 5264 3111 5304 carcerem
3143 5251 3475 5321 ingreditur,
3512 5253 3716 5322 ιιψιίιί

2143 5338 2248 5393 sibi
2311 5337 2627 5391 faciendum
2681 5338 2774 5414 sit,
2824 5351 2997 5408 rugat.
3054 5340 3192 5394 Tum
3242 5341 3317 5394 illi
3372 5341 3422 5394 ei
3480 5342 3718 5396 Verbum

2137 5428 2536 5500 depraedicant,
2575 5438 2627 5483 et
2677 5429 2795 5500 ipse
2830 5442 3081 5487 recentes
3112 5449 3303 5487 eorum
3334 5433 3544 5488 vibices
3581 5435 3718 5487 sub—

2138 5523 2317 5579 calida
2349 5523 2491 5576 lavat
2527 5538 2668 5591 aqua
2697 5541 2711 5578 :
2767 5541 2869 5594 pro
2893 5542 2997 5595 qua
3038 5526 3235 5581 abillis
3265 5526 3513 5581 divinum
3549 5529 3722 5582 sumit

2140 5619 2449 5675 lavacrum.
2511 5615 2700 5686 Itaque
2755 5621 2800 5674 is
2883 5636 3009 5677 cum
3070 5624 3186 5677 suis
3248 5621 3506 5679 omnibus
3561 5623 3722 5678 latus
