4046 6448
356 396 462 463 8η

1579 385 2007 456 NICEPIIOBY:
2048 382 2398 450 l‘ALLlSTI

3536 386 3565 446 ε
3572 384 3644 450 08

356 505 580 561 Chrism
611 518 732 559 sese
769 499 938 558 dicat.
971 497 1180 556 Deinde
1213 497 1294 556 illi
1353 495 1494 554 bene
1545 507 1709 554 mane
1767 499 1938 568 magi-

2063 498 2259 550 ῐὸαλον.
2289 497 2359 549 Οἱ
2419 495 2476 548 δὲ
2531 493 2642 548 τῶν
2691 494 2960 548 Ἰουδαίων
3021 490 3267 556 ἀπειθεῖς
3315 491 3418 562 τὴν
3477 493 3640 548 πόλιν

358 607 568 652 stratus
623 595 1125 668 primariorumque
1211 591 1457 647 virorum
1503 590 1660 662 jussu
1720 603 1945 644 carcere

357 690 580 754 emissi,
623 699 720 757 per
778 681 1147 756 Aniphipolim
1216 693 1271 739 et
1326 679 1712 748 Apolloniam,
1769 675 1946 736 Thes-

359 779 655 834 salouicam
687 777 1037 848 perveniunt.
1072 771 1338 829 lbiJudaei
1369 773 1424 828 in
1448 770 1945 828 ﬁdeleslumultuiu

361 872 414 926 in
449 871 582 925 urbe
612 875 856 934 movent,
889 877 946 922 et
969 865 1182 928 Jasoni,
1217 866 1312 934 qui
1403 877 1502 921 eos
1563 863 1799 934 benigne
1847 862 1950 918 ho-

358 965 525 1034 spitio
559 970 871 1031 exceperat,
928 959 1211 1030 negotium
1253 958 1555 1013 faceSsuut.
1598 957 1709 1011 Nec
1761 956 1948 1010 minus

357 1069 412 1110 et
468 1056 744 1110 Berrhmae
777 1053 984 1109 similia
1035 1053 1117 1107 eis
1143 1052 1427 1108 accidunt.
1487 1049 1594 1105 Sed
1653 1048 1862 1103 Paulus
1915 1063 1946 1102 a

357 1147 628 1203 fratribus
667 1145 734 1200 ad
768 1159 918 1199 mare
947 1143 1244 1206 deductus,
1297 1143 1542 1198 Athenas
1579 1141 1750 1195 venit.
1811 1139 1946 1194 Eam

358 1238 554 1294 urbem
585 1237 1012 1292 simulacrorum
1045 1235 1220 1290 cultui
1255 1234 1494 1289 deditam
1544 1246 1799 1294 cernens,
1827 1244 1947 1286 ser-

357 1348 556 1389 mones
602 1341 658 1387 et
695 1344 826 1386 cum
855 1332 938 1386 eis
975 1331 1070 1400 qui
1119 1345 1186 1384 ex
1218 1342 1493 1400 synagoga
1533 1334 1696 1382 erant
1743 1323 1950 1381 Iudaeis

355 1435 414 1481 et
445 1439 571 1480 cum
614 1423 959 1494 philosophis
996 1421 1286 1492 Epicureis
1310 1421 1475 1478 simul
1499 1429 1556 1476 et
1587 1417 1794 1474 Stoicis
1820 1433 1951 1474 con—

356 1517 487 1572 fert.
517 1518 559 1572 Α
591 1517 799 1587 quibus
857 1525 1119 1584 tanquam
1179 1514 1560 1585 nugigerulus,
1593 1511 1949 1581 inaniumque

368 1609 668 1664 verborum
703 1619 876 1674 sator,
907 1618 963 1663 et
991 1607 1410 1678 peregrinorum
1441 1605 1670 1661 deorum
1731 1618 1952 1658 annunc

355 1701 550 1764 tiator,
586 1700 852 1755 conviciis
894 1700 1140 1770 graviter
1170 1698 1522 1768 exagitetur:
1585 1703 1641 1752 et
1694 1711 1950 1766 compre-

356 1795 587 1857 hensus,
627 1793 684 1848 in
732 1805 1052 1862 supremum
1094 1791 1168 1846 ibi
1217 1790 1516 1862 judicium,
1572 1788 1946 1860 Areopagum.

2049 585 2386 654 ἐτάραττον·
2456 583 2552 638 καὶ
2613 581 2850 646 Ἰάσωνι,
2900 583 2958 647 ὃς
3020 583 3218 644 αὐτοὺς
3277 583 3640 649 ὑποδέδεκτο,

2051 677 2355 746 πράγματα
2393 677 2693 745 προσῆγον.
2743 675 2826 728 Τά
2883 675 2972 730 ἶσα
3025 674 3082 728 δὲ
3135 675 3230 728 καὶ
3286 676 3344 728 ὲν
3397 675 3645 747 Βέρροίᾳ

2049 765 2263 827 τούτοις
2299 767 2536 837 ὑπήντα.
2573 765 2734 819 Ἀλλά
2767 759 2976 830 Παῦλος
3008 765 3097 818 διὰ
3138 766 3251 820 τῶν
3273 764 3530 830 ἀδελφῶν
3560 766 3645 827 είς

2049 857 2149 920 τὴν
2185 855 2466 910 θάλασσαν
2501 857 2685 927 ἧγετο,
2711 857 2806 909 καὶ
2829 857 2988 926 ἄχρις
3035 855 3280 925 Ἀθηνῶν
3309 855 3642 926 ἐπορεύετο.

2053 950 2310 1014 ΕΞδὼλοις
2339 952 2396 1004 δὲ
2434 952 2642 1022 σφόδρα
2671 952 2768 1022 τὴν
2801 951 2956 1004 πόλιν
2981 951 3124 1020 ὀρῶν
3161 953 3641 1022 προσανέχουσαν,

2049 1044 2164 1106 τοῖς
2207 1061 2266 1096 τε
2301 1045 2365 1096 ἐκ
2415 1043 2518 1113 τῆς
2575 1045 2900 1114 συναγωγῆς
2959 1043 3295 1114 δεωμιλείτο,
3371 1044 3476 1095 καὶ
3525 1045 3646 1106 τοῖς

2051 1137 2231 1188 ἐκεῖσε
2275 1137 2616 1206 φιλοσόφοις,
2651 1140 2764 1199 τοῖς
2807 1154 2868 1190 τε
2903 1138 3012 1190 ἀπὺ
3055 1135 3150 1190 τοῦ
3184 1135 3521 1208 Ἐπικούρου
3549 1135 3647 1189 καὶ

2050 1227 2152 1296 τῆς
2187 1229 2378 1288 Στοᾶς.
2402 1221 2498 1290 Οἷς
2529 1227 2596 1296 δὴ
2655 1229 2752 1281 καὶ
2782 1227 2858 1291 ὡς
2899 1227 3276 1299 σπερμολόγος
3330 1229 3430 1280 καὶ
3468 1227 3644 1293 ξένων

2051 1320 2351 1390 δαιμονέων
2389 1321 2765 1388 καταγγελεὺς
2792 1320 3188 1391 περιύϐριστο·
3220 1319 3315 1371 καὶ
3343 1318 3485 1388 δῆτα
3509 1317 3647 1370 εἴσω

2050 1412 2250 1484 χειρῶν
2277 1411 2522 1480 θέμενοι,
2576 1413 2668 1465 ἐπὶ
2695 1411 2756 1464 τδ
2789 1411 2921 1480 παρ’
2965 1412 3151 1474 αὐτοῖς
3192 1411 3458 1480 μέγιστον
3487 1409 3648 1464 δικα-

2055 1502 2280 1574 στήριον
2329 1505 2578 1572 ἄγουσιν,
2696 1504 2912 1573 ’Δρειος
2969 1504 3147 1571 πάγος
3180 1503 3391 1575 ὀνομαο
3434 1503 3533 1556 καὶ
3565 1500 3646 1571 τῷ

2056 1595 2320 1666 συνεδρίῳ
2365 1594 2476 1650 τῶν
2533 1596 2806 1650 δικαστῶν
2855 1597 3338 1667 παραστήσαντες,
3394 1595 3558 1650 ἐννέα
3589 1594 3648 1648 δὲ

2051 1685 2198 1762 ἦσαν
2225 1683 2392 1755 οὗτοι,
2431 1691 2596 1759 σοφίᾳ
2629 1690 2724 1743 καὶ
2754 1691 2927 1761 ἀρετῇ
2987 1693 3082 1742 καὶ
3108 1689 3257 1756 γένει
3290 1689 3391 1742 καὶ
3423 1687 3649 1756 πλούτῳ

2054 1785 2163 1838 τῶν
2193 1785 2370 1837 ἄλλων
2398 1785 2619 1837 πάντων
2649 1784 2984 1854 ὑπερφέρειν
3024 1783 3334 1847 δοκοῦντες,
3395 1781 3494 1834 ἐπὶ
3535 1780 3648 1833 τῶν

357 1902 453 1942 seu
489 1885 676 1940 Martis
707 1853 1253 1947 collem-nominant,
1283 1882 1634 1954 producitur,
1667 1892 1834 1954 atque
1879 1881 1948 1937 ad

2063 1871 2392 1926 Βικαστικῶν
2435 1871 2642 1943 θρόνων
2691 1853 3006 1942 ἀριστίνδην
3044 1873 3423 1940 ἐξειλεγμένοι
3476 1871 3652 1944 προῦ-

357 1975 606 2047 judicum
633 1974 899 2030 subsellia
932 1973 1168 2034 sistitur.
1199 1973 1406 2028 Novem
1443 1973 1482 2028 ii
1503 1982 1686 2040 erant,
1733 1974 1951 2044 sapien-

375 2069 472 2136 tia,
512 2069 741 2134 virtute,
775 2080 978 2138 genere
1007 2076 1064 2123 et
1097 2067 1298 2138 opibus
1334 2066 1598 2122 omnibus
1652 2067 1775 2122 aliis
1807 2081 1950 2136 pra:-

364 2161 661 2217 Stautiores
694 2161 888 2226 habiti,
909 2169 965 2215 et
991 2159 1060 2215 ad
1083 2159 1356 2232 judicium
1385 2175 1587 2216 munus
1607 2161 1948 2226 obeundum,

359 2263 524 2325 prout
581 2254 816 2325 quisque
837 2269 1029 2309 eorum
1057 2253 1208 2309 visus
1246 2262 1302 2308 et
1319 2252 1582 2324 optimus,
1608 2251 1674 2306 ad
1708 2243 1949 2306 tribunal

358 2349 512 2404 lecti.
549 2347 604 2401 lu
641 2343 850 2403 'medio
884 2347 1085 2402 horum
1135 2349 1470 2414 consistens,
1499 2345 1950 2416 superstitionem

357 2455 579 2503 eorum,
632 2454 696 2494 ac
757 2439 944 2510 templi
998 2438 1172 2505 illius,
1217 2437 1370 2509 quod
1431 2438 1578 2508 apud
1629 2449 1728 2494 eos
1760 2439 1952 2509 Ignoto

361 2531 476 2586 Deo
508 2541 890 2585 consecratum
931 2537 1072 2608 erat,
1107 2529 1444 2585 annuntiat:
1477 2541 1648 2598 seque
1677 2529 1794 2600 ejus
1824 2543 1956 2600 apo-

363 2623 566 2678 stolum
589 2631 644 2677 et
676 2622 916 2692 legatum
945 2633 1069 2676 esse
1117 2620 1341 2681 asserit,
1386 2634 1551 2690 quem
1581 2629 1638 2674 et
1661 2621 1952 2678 Dominum

361 2723 418 2770 et
443 2722 752 2770 creatorem
782 2713 903 2768 coeli
928 2723 982 2768 et
1019 2724 1200 2780 terra,
1229 2712 1376 2783 quod
1435 2711 1648 2768 scilicet
1681 2729 1780 2784 per
1825 2726 1951 2770 eum

363 2807 898 2870 consistanlomnia,
937 2810 1166 2877 ipseque
1214 2806 1420 2860 nullius
1450 2808 1529 2862 rei
1586 2807 1862 2876 indlgens,
1896 2813 1954 2864 et

363 2899 500 2955 nulli
531 2899 776 2954 omnium
805 2898 1052 2953 materia:
1091 2897 1292 2954 similis
1319 2897 1411 2962 sit,
1435 2897 1648 2955 laudat.
1680 2898 1762 2954 illi
1794 2900 1953 2954 insu-

366 3009 464 3064 per
519 2991 747 3056 addens,
786 2991 934 3046 nulla
964 3007 1092 3046 eum
1123 2991 1229 3045 alia
1253 3005 1312 3046 re
1343 3001 1506 3060 quam
1539 2993 1645 3062 piis
1677 2993 1952 3048 bonorum

366 3086 631 3156 operibus
686 3093 741 3139 et
781 3085 1034 3139 veritatis
1079 3082 1398 3155 cognitione
1430 3085 1577 3140 coli:
1621 3098 1678 3141 et
1730 3095 1951 3153 peccata

2052 1961 2313 2030 κάθηντο.
2340 1957 2441 2015 Ὧν
2471 1965 2528 2016 ἐν
2567 1963 2718 2034 μέσῳ
2741 1963 3054 2032 γενόμενος,
3082 1963 3180 2033 τὴν
3208 1962 3648 2030 δεισιδαιμονίαν

2051 2053 2278 2107 ιιιείνων
2301 2053 2555 2124 ἤγγελλε·
2579 2054 2788 2110 καὶτοῦ
2817 2057 2950 2126 παρ’
2968 2057 3202 2117 ἐκεινοις
3224 2053 3331 2108 νεὼ
3359 2055 3423 2115 ὃς
3451 2054 3648 2122 and»

2051 2161 2178 2212 στῳ
2229 2145 2352 2214 Θεῷ
2407 2147 2678 2214 ἀνέκειτο,
2714 2149 2909 2203 τούτου
2965 2146 3106 2204 εῖναι
3161 2150 3470 2204 ἀπόστολον
3498 2149 3649 2203 έπειέ

2053 2241 2178 2295 θεν·
2212 2239 2274 2294 ὃν
2306 2241 2403 2294 καὶ
2459 2241 2654 2312 κύριον
2678 2241 2832 2310 ἔλεγε
2863 2245 2959 2296 καὶ
3011 2244 3243 2314 κτίστην
3295 2242 3406 2314 γῆς
3438 2261 3500 2298 τε
3548 2243 3646 2297 καὶ

2052 2336 2112 2390 οὐ
2124 2337 2314 2406 ρανοῦ.
2336 2337 2406 2391 δι’
2431 2331 2492 2390 οὗ
2519 2337 2582 2390 τὸ
2620 2339 2730 2392 πᾶν
2751 2353 2765 2369 ·
2792 2337 2890 2393 καὶ
2914 2337 3140 2406 ἀνενδεῆ
3169 2338 3369 2393 τοῦτον
3401 2340 3500 2394 καὶ
3525 2339 3649 2394 ovs-

2059 2445 2214 2502 μοιον
2252 2425 2396 2483 εἶναι
2453 2430 2607 2503 πάσῃ
2662 2431 2767 2502 ὕλῃ
2826 2431 3136 2502 προύτίθει.
3179 2431 3324 2488 ‘AD.’
3383 2433 3510 2487 οὐδέ
3540 2445 3646 2486 τινι

2053 2523 2202 2594 ἀλλῳ
2225 2523 2598 2592 θεραπεύεται
2621 2523 2652 2592 ἢ
2689 2525 2805 2588 τοῖς
2831 2524 2944 2578 τῶν
2969 2524 3194 2593 ἀγαθῶν
3227 2525 3422 2597 εργοις
3446 2530 3544 2581 καὶ
3567 2530 3643 2598 τῇ

2055 2619 2354 2688 ἐπιγνώσει
2381 2619 2480 2687 τῆς
2509 2617 2771 2687 ἀληθείας
2793 2633 2807 2647 ⁶
2837 2621 2933 2672 καὶ
2961 2619 3028 2672 τὶ
3064 2620 3231 2688 μέχρι
3254 2621 3419 2676 τοῦδε
3447 2622 3650 2690 ἀγνσήο

2059 2721 2206 2782 ματα
2239 2711 2307 2765 δι’
2338 2712 2500 2782 ἡμῶν
2523 2712 2776 2782 παρορᾷν
2801 2711 2988 2781 λέγει·
3023 2713 3118 2766 τοῦ
3152 2713 3348 2768 λοιποῦ
3379 2715 3439 2770 δὲ
3477 2731 3650 2786 μεταο

2059 2807 2219 2871 νοεῖν,
2257 2807 2352 2859 καὶ
2389 2805 2574 2875 λόγοις
2609 2803 2779 2858 εἴκειν
2811 2804 3050 2870 πίστεως
3071 2822 3083 2834 ο
3119 2807 3181 2870 ὃς
3219 2807 3317 2860 καὶ
3345 2807 3414 2862 τδ
3440 2808 3650 2877 κρίνειν

2057 2899 2269 2953 ἐκεῖθεν
2303 2896 2543 2969 εἰληφώς
2578 2898 2766 2951 ἔστιν’
2801 2887 2958 2960 οὗτός
2997 2898 3150 2952 ἐστιν
3191 2899 3412 2968 Ἰησοῦς
3454 2903 3485 2954 ὸ
3515 2901 3650 2970 Χρι-

2061 2994 2183 3056 στός
2208 3010 2221 3024 ο
2253 2992 2312 3054 ὃς
2343 2992 2413 3046 δι’
2442 2993 2623 3062 ἔργων
2667 2991 2991 3059 θεοπρεπῶν
3025 2992 3162 3056 Θεδς
3187 2994 3400 3056 τέλειος
3437 2995 3536 3048 καὶ
3561 2992 3647 3046 τες

2057 3086 2204 3147 λειος
2263 3085 2554 3156 ἄνθρωπος
2618 3083 2761 3153 πλὴν
2798 3083 3081 3154 ἁμαρτίας
3135 3085 3462 3155 ἀναφανεὶς,
3510 3085 3646 3174 ειπερ

368 3179 616 3250 quidem,
641 3194 741 3249 per
777 3178 1139 3249 ignorantiam
1172 3177 1280 3232 huc
1333 3191 1506 3250 usque
1539 3193 1568 3233 a
1608 3178 1772 3234 nobis
1806 3194 1956 3233 com-

2063 3178 2322 3233 ἁπάντων
2364 3177 2732 3247 ἐσταύρωται,
2762 3179 2858 3230 καὶ
2905 3177 2970 3230 ὲκ
3021 3177 3238 3246 νεκρῶν
3269 3179 3477 3250 ἀνέστη
3501 3194 3516 3210 ο
3553 3177 3649 3232 καὶ

375 3271 571 3338 missa,
607 3285 732 3326 eum
753 3269 1103 3325 dissimulare
1125 3279 1292 3339 atque
1311 3271 1629 3337 remittere;
1659 3270 1727 3326 de
1759 3281 1959 3326 caetero

371 3375 554 3420 autem
610 3361 1068 3432 resipiscendum,
1102 3371 1158 3415 et
1189 3359 1378 3416 verbis
1429 3360 1556 3416 ﬁdei
1613 3360 1956 3416 credendum

367 3472 510 3513 esse.
546 3458 620 3510 Ac
654 3452 934 3526 iudicandi
958 3468 1174 3524 quoque
1194 3467 1319 3508 eum
1344 3461 1671 3524 potestatem
1708 3464 1960 3523 propter-

367 3565 439 3604 ea
499 3549 775 3615 recepisse
795 3547 955 3610 dicit,
981 3545 1161 3614 ipsum
1191 3545 1406 3600 scilicet
1429 3545 1616 3600 Jesum
1645 3543 1956 3611 Christum,

370 3642 464 3711 qui
497 3641 699 3694 divinis
729 3654 955 3708 prorsus
986 3637 1143 3693 factis
1173 3645 1230 3690 et
1277 3639 1541 3707 operibus
1575 3637 1718 3692 Deus
1771 3637 1956 3706 perfe-

369 3747 515 3797 ctus,
565 3742 618 3787 et
673 3731 818 3786 idem
880 3729 1160 3800 perfectus
1203 3729 1364 3798 (citra
1397 3737 1580 3784 tamen
1635 3729 1948 3801 peccatum)

374 3829 540 3881 homo
580 3824 913 3889 declaratus,
955 3837 1054 3892 pro
1083 3821 1342 3876 omnibus
1398 3821 1700 3876 cruciﬁxus
1743 3821 1836 3886 sit,
1903 3830 1959 3876 et

373 3936 404 3976 a
459 3917 696 3973 mortuis
743 3922 1129 3978 resurrexerit,
1158 3913 1527 3982 omnibusque
1580 3912 1961 3981 speetantibus

373 4011 442 4066 ad
471 4025 632 4067 suum
675 4009 728 4062 in
766 3999 968 4062 cadum
1009 4005 1239 4060 redierit
1272 4013 1508 4074 patrem,
1550 4020 1733 4058 rerum
1795 4005 1960 4060 nimi-

375 4119 500 4162 rum
532 4101 916 4156 universarum
953 4097 1146 4153 Deum.
1181 4095 1526 4164 Quibusdam
1569 4095 1778 4167 itaque.
1813 4096 1959 4167 quod

375 4192 844 4250 resurrectionem
879 4187 948 4245 ab
975 4204 1044 4245 eo
1069 4189 1348 4252 audirent,
1382 4199 1473 4243 res
1501 4196 1611 4242 tota
1656 4185 1957 4243 ludibrium

374 4298 432 4342 et
471 4285 655 4340 fabula
714 4283 1042 4348 videbatur;
1095 4279 1320 4351 quidam
1369 4290 1551 4334 autem
1603 4282 1789 4336 verbis
1840 4283 1962 4354 ejus

376 4377 690 4441 (rodentes,
729 4389 858 4430 eum
905 4374 1285 4431 sectabantur.
1322 4369 1381 4428 ln
1412 4371 1618 4444 quibus
1646 4381 1704 4428 et
1755 4373 1960 4446 Diony-

377 4473 493 4527 sius
545 4470 874 4540 Areopagita
898 4469 992 4523 ille
1019 4467 1144 4533 fuit,
1177 4481 1322 4522 unus
1355 4483 1420 4521 ex
1469 4466 1813 4537 sapientibus
1851 4467 1960 4522 illis

2070 3273 2292 3326 πάντων
2307 3269 2582 3338 ὁρώντων,
2610 3270 2744 3339 πρὸς
2767 3270 2856 3323 τὸν
2881 3270 3084 3324 οἰκεῖον
3111 3271 3333 3342 Πατέρα
3367 3270 3648 3340 ἀνελήφθη

2067 3363 2158 3415 ἰον
2202 3361 2314 3415 τῶν
2367 3363 2506 3415 ὅλων
2535 3362 2694 3416 Θεόν.
2728 3363 2837 3415 Καὶ
2868 3363 2980 3416 τισὶ
3019 3363 3120 3432 μὲν
3160 3364 3470 3420 ἀνάστασιν
3511 3365 3650 3433 ἀκηδ

2068 3455 2216 3508 κοόσί
2243 3454 2408 3525 χλεύη
2447 3455 2508 3509 τδ
2567 3457 2800 3524 πρᾶγμα
2829 3455 3005 3510 ἐδόκει
3033 3473 3047 3487 ·
3076 3457 3221 3520 τινὲς
3253 3457 3311 3510 δὲ
3353 3457 3508 3527 αὐτῷ
3554 3474 3650 3512 πι-

2071 3549 2397 3611 στεύσαντες
2453 3547 2702 3600 εἵποντο·
2749 3549 2870 3618 μεθ’
2924 3543 2999 3602 ὧν
3030 3550 3124 3603 καὶ
3157 3551 3188 3604 ὁ
3244 3549 3651 3620 Ἀρεοπαγίτης

2069 3641 2345 3702 Διονύσιος
2376 3636 2466 3712 ἦν,
2503 3637 2581 3704 εἷς
2619 3640 2696 3694 ῶν
2721 3641 2832 3694 τῶν
2867 3641 3046 3711 σοφῶν
3076 3643 3304 3696 ἐκείνων
3331 3647 3436 3698 καὶ
3464 3643 3652 3714 ἐκκρί-

2069 3749 2178 3786 των
2209 3731 2437 3803 ἀνδρῶν.
2474 3731 2605 3784 Ἐπὶ
2655 3733 2814 3786 τόσον
2849 3734 2905 3786 δὲ
2946 3733 3093 3803 αὐτῷ
3124 3735 3192 3788 τὰ
3245 3735 3345 3802 τῆς
3392 3737 3648 3800 πίστεως,

2069 3814 2146 3897 ᾡς
2183 3823 2258 3893 μὴ
2291 3823 2455 3892 μόνον
2480 3821 2573 3876 τοῦ
2609 3821 2754 3876 θείου
2783 3823 3199 3894 καταξιωθῆναι
3225 3825 3488 3896 λουτροῦ,
3517 3825 3650 3878 ἀλλά

2071 3913 2167 3966 καὶ
2210 3913 2298 3966 διὰ
2340 3912 2542 3984 χειρῶν
2625 3914 2845 3966 Παύλου
2896 3914 3138 3986 Ἀθηνῶν
3191 3916 3648 3988 προχειρισθῆναι

2069 4003 2390 4068 ἐπίσκοπον,
2429 4005 2526 4056 καὶ
2580 4002 2882 4074 ὑπερφυῶν
2933 4005 3293 4074 χαρισμάτων
3324 4006 3644 4074 ἀξιωθῆναι,

2071 4099 2162 4150 καὶ
2191 4097 2271 4165 τῷ
2312 4096 2440 4166 θείῳ
2477 4097 2841 4163 συγγενέσθαι
2881 4096 3160 4165 Ἰεροθέῳο
3193 4091 3272 4159 οἷς
3306 4097 3522 4161 Παῦλος
3547 4097 3646 4150 ὅσα

2070 4187 2166 4244 καὶ
2205 4191 2488 4259 ἐμνήσατο
2512 4193 2594 4253 εἰς
2624 4189 2714 4244 τὸν
2741 4191 2924 4259 τρίτον
2962 4191 3154 4261 ἀρθεὶς
3185 4192 3418 4261 οὐρανίν
3448 4191 3542 4245 καὶ
3569 4189 3648 4252 είς

2067 4285 2161 4336 τὸν
2220 4282 2552 4354 παράδεισον
2608 4282 3027 4346 κατεπίστευσε,
3077 4285 3206 4355 περί
3259 4301 3320 4337 τε
3365 4284 3648 4352 θεολογίας

2071 4374 2164 4426 καὶ
2212 4373 2340 4441 περὶ
2389 4375 2488 4442 τῆς
2516 4371 2771 4442 οὐρανίου
2809 4374 3094 4444 ίεραρχίας
3121 4390 3180 4426 τε
3220 4374 3316 4428 καὶ
3345 4376 3648 4442 διακοσμῆ-

2071 4481 2232 4529 οεως,
2274 4463 2310 4519 ἃ
2337 4465 2392 4524 ἐς
2414 4462 2646 4535 ὕστερον
2685 4466 2782 4518 καὶ
2814 4469 3000 4535 γραφῇ
3039 4465 3334 4536 παρεδόθη.
3369 4465 3647 4526 Διονύσιος

376 4580 432 4619 et
463 4562 688 4619 ticiCCllS
718 4563 870 4616 viris.
909 4559 1066 4632 167
1103 4559 1275 4614 Tanta
1307 4569 1492 4614 autem
1535 4558 1640 4612 fuit
1691 4559 1746 4612 in
1779 4557 1946 4613 Chri-

2065 4559 2120 4614 δὲ
2156 4560 2249 4612 τὸν
2292 4557 2454 4626 λόγον
2485 4557 2582 4626 τῆς
2610 4559 2897 4620 εὐσεῦείας
2957 4559 3226 4630 λαμπρῶς
3259 4559 3648 4634 παρρησιασὰ-

378 4663 525 4708 stum
589 4653 744 4718 ﬁdes,
807 4661 868 4706 ut
919 4665 1029 4704 non
1059 4649 1226 4704 modo
1256 4648 1458 4721 dignus
1497 4648 1688 4704 divino
1745 4647 1966 4704 lavacro

378 4755 544 4808 esset,
609 4742 703 4796 sed
739 4743 906 4797 etiam
943 4739 1120 4811 ipsius
1153 4740 1307 4796 Pauli
1359 4740 1614 4797 manibus
1654 4741 1965 4796 Athenien-

381 4840 525 4893 sium
585 4835 980 4902 design-aretur
1043 4834 1360 4904 episcopus,
1432 4833 1679 4888 mirilicis
1741 4849 1970 4904 prorsus

381 4952 392 4982 ε
417 4941 548 5000 tque
579 4927 782 4982 divinis
811 4927 1240 4980 charismatihus
1269 4935 1324 4980 et
1361 4926 1524 4982 donis
1552 4926 1786 4997 pollens.
1821 4926 1969 4981 Vixit

385 5023 430 5078 is
491 5023 658 5078 ctiam
702 5021 1033 5074 familiarius
1069 5035 1195 5074 cum
1248 5017 1439 5072 divino
1465 5018 1585 5073 viro
1643 5017 1968 5084 Ilierotbeo,

383 5129 620 5183 quorum
655 5110 873 5180 utrique
905 5126 993 5164 res
1017 5123 1262 5162 summas
1297 5108 1524 5174 Paulus,
1555 5118 1614 5162 ut
1641 5108 1724 5164 eis
1760 5109 1814 5162 in
1851 5117 1968 5163 ter-

388 5208 520 5258 tium
576 5219 749 5272 usque
801 5202 1015 5258 .ctxelum
1059 5209 1113 5254 et
1163 5200 1472 5271 paradisum
1529 5199 1709 5270 ipsum
1755 5211 1969 5270 raptus,

387 5303 634 5356 initiatus
665 5299 862 5362 fuerat,
895 5299 962 5353 de
983 5296 1280 5366 theologia,
1308 5294 1514 5360 Deique
1561 5295 1728 5352 Verbi
1755 5297 1969 5351 ratione

385 5393 620 5457 scilicet,
656 5406 870 5444 necnon
909 5383 1122 5445 ccclein
1151 5387 1484 5450 inierat-chio,
1518 5403 1818 5458 rerumque
1851 5403 1974 5442 om-

389 5487 541 5540 nium
565 5483 974 5538 absolutissima
993 5480 1357 5552 dispositione
1388 5489 1554 5547 atque
1593 5479 1976 5548 ordinatione,

395 5576 815 5630 communicatis
851 5570 1080 5627 tradidit
1109 5591 1123 5626 :
1156 5588 1298 5642 quas
1333 5589 1423 5628 res
1454 5571 1742 5642 Dionysius
1785 5580 1976 5642 postea

387 5669 556 5722 etiam
593 5669 646 5722 in
677 5669 882 5738 scripta
909 5666 1120 5720 retulit.
1156 5663 1261 5735 Qui
1319 5679 1504 5738 porro,
1534 5666 1706 5721 verbo
1752 5665 1976 5737 pietatis

395 5758 622 5825 verique
650 5761 833 5814 cultus
862 5758 1149 5828 magniﬁce
1177 5758 1527 5830 praedicando
1554 5797 1568 5821 ,
1611 5772 1806 5820 magna
1842 5772 1976 5814 usus

399 5857 480 5903 est
505 5847 780 5921 lilertatc,
817 5851 1122 5924 multosque
1146 5867 1322 5908 annos
1351 5847 1406 5905 in
1435 5851 1683 5921 partibus
1715 5850 1974 5906 occiden-

2077 4659 2262 4718 μενος,
2299 4651 2393 4701 ἐπὶ
2423 4650 2639 4713 πολλοῖς
2679 4649 2826 4702 ἔτεσι
2849 4652 2992 4704 κατά
3024 4653 3124 4720 τὴν
3150 4654 3391 4721 ἑσπέραν
3419 4651 3647 4716 δοξάσας

2070 4737 2330 4812 Χριστὸν,
2363 4743 2443 4804 εἰς
2473 4741 2610 4810 βαθὺ
2651 4743 2828 4810 γῆρας
2857 4745 3028 4813 ἥκων,
3061 4746 3156 4797 καὶ
3195 4745 3273 4814 τῷ
3309 4746 3448 4818 ὑπὲρ
3483 4739 3645 4796 αὑτοῦ

2075 4834 2366 4903 μαρτυρίῳ
2418 4834 2838 4905 κατεκοσμήθη.
2891 4835 3028 4888 Φασὶ
3064 4837 3120 4890 δὲ
3147 4837 3314 4892 αὑτὸν
3342 4840 3441 4908 τὴν
3472 4837 3644 4906 κάραν

2075 4921 2218 4992 ξίφει
2243 4925 2602 4979 διακοπεῖσαν
2627 4927 2730 4978 ὀινά
2754 4928 2944 4998 χεῖρας
2974 4928 3231 4994 λαὸόντα,
3262 4933 3354 4982 ἐπὶ
3387 4929 3536 5000 μίλια
3558 4926 3647 4978 δίο

2073 5015 2326 5070 ὁδεῦσαι·
2384 5019 2565 5072 ἐκεῖσε
2601 5019 2658 5072 δὲ
2707 5019 2931 5088 γυναικὶ
2964 5023 3277 5092 ἐντυχόντα,
3307 5018 3646 5093 παραθέσθαι

2073 5108 2280 5180 ταύτην
2317 5111 2479 5182 αὐτῇ.
2511 5113 2654 5166 Ὅσα
2682 5131 2746 5180 γε
2777 5115 2886 5184 μὴν
2912 5116 3294 5186 συνεγράψατο
3321 5115 3523 5183 θεωρίᾳ
3561 5110 3648 5161 καὶ

2074 5203 2317 5273 νοήμασι
2351 5205 2447 5257 καὶ
2478 5204 2680 5275 φράσει
2715 5205 2886 5274 ἐξόχῳ
2932 5208 3135 5276 πάντη,
3173 5207 3266 5260 καὶ
3292 5207 3484 5276 ἀμιγεῖ
3508 5204 3642 5262 ταῖς.

2075 5297 2199 5349 ὅσαι
2229 5298 2350 5350 κατ’
2377 5297 2704 5367 ἀνθρώπους
2739 5301 3043 5367 ἐφάνησαν,
3101 5301 3290 5353 τοῦτον
3343 5301 3524 5370 ἔχουσι
3557 5293 3646 5345 τὸν

2075 5388 2310 5459 τρόπον·
2357 5389 2578 5461 πρῶτον
2633 5391 2734 5460 μὲν
2762 5393 2900 5460 Περὶ
2945 5395 3122 5448 θείων
3151 5395 3462 5466 ὀνομάτων
3496 5391 3647 5456 λόγον

2080 5482 2370 5536 συντάττει
2419 5483 2478 5536 ἐν
2510 5483 2826 5553 κεφαλαίοις
2878 5489 3271 5554 τρισκαίδεκα⁶
3308 5491 3370 5540 ὲν
3399 5477 3442 5552 ᾧ
3489 5484 3646 5547 ἔτερα

2080 5575 2358 5644 κεφάλαια
2381 5576 2752 5630 ὑποτέτακται
2784 5579 2916 5647 ἄχρι
2940 5579 3050 5630 τῶν
3083 5579 3129 5647 ρ’
3160 5581 3446 5652 προϊόντα,
3476 5571 3651 5626 9606-9-

2080 5673 2212 5742 φίας
2244 5673 2451 5741 μεστὰ’
2485 5671 2743 5742 δεύτερος
2779 5673 2930 5744 αὐτῴ
2963 5677 3322 5731 συντέτακται
3387 5671 3519 5740 Περὶ
3551 5663 3654 5732 τῆς

2079 5759 2366 5828 οὐρανίου
2411 5761 2720 5829 ιεραρχίας
2753 5759 2892 5830 ἔχων
2926 5765 3263 5837 ἐπιγραφὴν,
3297 5762 3564 5832 κεφάλαια
3589 5751 3646 5807 ιε’

2081 5850 2555 5924 προϐαλλόμενος·
2608 5855 2792 5923 τρίτος
2827 5856 2920 5908 ἐπὶ
2968 5857 3181 5924 τούτοις
3207 5863 3234 5913 ὁ
3263 5856 3396 5928 Περὶ
3431 5851 3527 5921 τῆς
3553 5851 3642 5901 ἐκ*
