4046 6422
409 333 513 396 809

1365 328 1968 397 ECCLESIASTlC/E
2010 331 2400 392 HlSTORi/E
2445 329 2592 390 LIB.
2635 329 2712 391 Π.

3575 329 3679 390 8ΣΟ

410 439 864 508 κλησιαστικῆς
894 442 1196 510 ἱεραρχίας
1247 442 1305 495 ἐν
1340 441 1664 509 κεφαλαίοις
1699 439 1875 493 tired:
1911 437 1987 490 τέ·

2105 417 2307 490 talibus
2346 435 2630 490 Christum
2657 432 2997 503 gloriﬁcans,
3031 433 3098 488 ad
3145 435 3370 489 multam
3425 439 3680 504 pervenit

407 550 606 605 ταρτος
635 533 662 585 6
701 536 837 602 Περὶ
867 535 1174 603 μυστικῆς
1217 535 1535 602 θεολογίας
1571 536 1629 586 έν
1672 531 1989 600 κεφαλαίοις

407 625 480 678 ε’⁶
506 626 600 678 καὶ
642 627 928 680 ἐπιστολαὶ
967 628 1122 694 δέκα,
1156 621 1232 681 ὧν
1269 629 1300 696 ἡ
1335 626 1622 679 τελευταία
1651 625 1729 694 τῷ
1761 625 1991 692 ἐπιστη-

408 715 510 787 Θίῳ
540 718 635 770 καὶ
667 719 1031 789 εὐαγγελιστῇ
1069 720 1293 789 Ἰωάννῃ
1323 719 1545 784 ἐστάλη.
1579 717 1760 770 Ταῦτα
1792 716 1892 785 μὲν
1925 716 1989 768 τὰ

411 810 469 872 ις
506 809 668 877 δεῦρο
694 812 825 881 ἡμῖν
870 812 1260 882 ὲμφερόμενοι·
1295 814 1321 865 ὁ
1356 811 1401 864 δ’
1442 794 1603 874 αὐτὸς
1651 810 1744 863 καὶ
1787 809 1990 879 ἐτέρων

411 899 574 954 αὑτοῦ
612 902 1027 971 ’πραγματειῶν
1075 904 1300 972 μνήμην
1355 904 1631 956 ποιεῖταιο
1663 896 1740 956 ὧν
1797 901 1897 971 μία
1934 902 1991 953 at

411 988 545 1060 παρ’
596 992 745 1062 αὐτῷ
779 995 1127 1062 Θεολογικιιὶ
1174 995 1626 1060 ’Υποτυπώσεις
1669 992 1990 1062 ὀνομασθεῖ-

409 1097 537 1133 σαι·
564 1081 600 1152 ἥ
627 1099 684 1134 τε
719 1085 1066 1153 Συμϐολικὴ
1098 1087 1419 1154 Θεολογίαο
1451 1086 1614 1156 ἑτέρα
1641 1087 1674 1155 ἡ
1700 1084 1838 1152 Περὶ
1874 1083 1993 1137 τῶν

404 1165 743 1240 ἀγγελικῶν
768 1172 1079 1241 ἰδιοτήτων
1107 1175 1207 1228 καὶ
1233 1175 1464 1240 τάξεων
1484 1191 1497 1204 ·
1547 1175 1582 1245 ἥ
1609 1193 1667 1228 τε
1701 1175 1840 1242 Περὶ
1875 1177 1992 1242 ψυ-

405 1257 526 1328 χῆς
556 1257 708 1328 αὐτῷ
740 1262 1099 1330 πραγματεία
1120 1278 1134 1294 ⁶
1169 1265 1334 1333 ἑτέρα
1368 1266 1401 1334 ἡ
1446 1265 1584 1331 Περὶ
1617 1263 1849 1317 δικαίου
1891 1265 1988 1316 καὶ

406 1349 574 1402 θείου
601 1350 991 1422 δικαιωτηρίου
1012 1370 1026 1386 °
1066 1356 1218 1426 καὶὴ
1254 1358 1391 1424 Περὶ
1419 1355 1538 1410 τῶν
1577 1357 1754 1409 θείων
1787 1357 1994 1424 ὕμνων

406 1444 602 1513 ἑτέρα·
641 1445 736 1497 καὶ
779 1446 918 1516 ἄλλη
949 1446 1091 1514 Περὶ
1141 1447 1378 1513 νοητῶν
1413 1463 1478 1500 τε
1515 1447 1615 1500 καὶ
1664 1445 1988 1512 αἰσθητῶν.

406 1537 475 1589 Αἱ
506 1537 570 1606 δὴ
597 1537 978 1608 Πραγματεῖαι
1004 1538 1353 1592 παντάπασιν
1379 1537 1705 1609 ἀθεώρητοι,
1732 1536 1992 1600 καθάπαξ

408 1627 539 1696 μήθ’
572 1630 728 1697 ἡμῖν,
759 1630 898 1698 μήτε
927 1632 1040 1692 τοῖς
1070 1629 1176 1698 πρὸ
1201 1629 1360 1700 ἡμῶν
1391 1628 1808 1699 γνωρισθεῖσαι.
1828 1629 1991 1680 Ἀλλὰ

405 1709 537 1788 περὶ
573 1721 676 1791 μὲν
707 1723 990 1776 Διονυσίου
1036 1724 1131 1776 καὶ
1184 1723 1293 1777 τῶν
1348 1723 1782 1793 συγγραφέντων
1817 1722 1988 1790 αὐτῷ,

402 1829 667 1868 τοσαυτα.

2095 534 2462 589 senectutem,
2489 532 2546 577 et
2575 537 2673 590 pro
2719 523 2840 591 ipso
2882 523 3130 594 martyrii
3161 537 3364 576 corona
3401 532 3486 576 est
3505 527 3677 577 coho-

2096 627 2362 671 nestatus.
2426 615 2631 670 Ferunt
2675 623 2860 668 autem
2894 630 3020 668 eum
3053 623 3219 684 caput
3281 630 3468 676 snmn,
3527 615 3675 684 quod

2095 709 2276 776 gladio
2303 717 2575 763 resectum
2612 707 2816 771 fuerat,
2873 707 2929 761 in
2965 707 3221 762 manibus
3247 721 3552 777 gerentem,
3610 706 3676 760 ad

2095 799 2206 854 duo
2263 800 2434 854 millia
2495 814 2757 870 passuum
2825 801 3052 855 tulisse:
3099 801 3287 869 ibique
3313 801 3388 864 id,
3430 802 3482 854 in
3509 816 3674 868 quam

2096 890 2394 953 indiderat,
2445 889 2663 945 mulieri
2693 898 2953 961 tanquam
2984 890 3296 960 depositum
3355 891 3674 944 tradidisse.

2094 982 2226 1049 Qua:
2261 993 2444 1036 autem
2472 983 2562 1037 ille
2594 983 2819 1052 scripta,
2859 984 3083 1039 sublimi
3117 999 3302 1037 rerum
3351 982 3670 1036 divinarum

2093 1073 2582 1142 contemplatione,
2613 1075 2925 1139 sententiis,
2983 1084 3040 1129 et
3095 1075 3438 1139 elocutione,
3493 1073 3676 1128 admi-

2095 1167 2263 1220 randa
2301 1182 2527 1235 prorsus
2573 1175 2628 1220 et
2654 1168 3005 1233 excellentia,
3040 1168 3311 1237 longeque
3351 1168 3420 1221 ab
3453 1167 3520 1222 iis
3549 1163 3675 1238 quae

2097 1275 2191 1326 pro
2216 1260 2502 1313 hominum
2522 1272 2682 1328 captu
2709 1260 2857 1314 edita
2877 1269 3030 1327 sunt,
3055 1260 3670 1330 dissitacomposuerit,

2094 1354 2171 1407 sic
2231 1369 2289 1408 se
2358 1355 2584 1409 habent.
2639 1355 2884 1409 Primum
2931 1355 3154 1424 quidem
3181 1370 3320 1425 opus
3377 1357 3453 1410 De
3485 1357 3674 1410 divinis

2095 1447 2389 1500 nominibus
2419 1447 2766 1515 conscripsit,
2805 1448 3069 1502 tredecim
3101 1449 3413 1517 capitibus:
3454 1449 3508 1502 in
3564 1466 3676 1518 quo

2095 1539 2161 1590 ad
2201 1547 2422 1592 rentum
2456 1554 2675 1607 quoque
2705 1539 2807 1592 alia
2844 1539 3025 1608 capita
3061 1547 3192 1592 sunt
3230 1539 3444 1607 adjecta
3479 1537 3679 1592 divinat

2096 1629 2380 1696 Sapientia:
2421 1631 2603 1696 plena.
2626 1630 2914 1684 Secundus
2946 1631 3014 1684 ab
3032 1646 3098 1684 eo
3126 1631 3268 1686 liber
3299 1632 3541 1700 scriptus
3567 1641 3674 1694 est,

2095 1721 2184 1774 eui
2245 1722 2462 1775 titulum
2509 1723 2659 1786 fecit,
2698 1723 2774 1775 De
2821 1724 3012 1777 rwfesti
3047 1727 3474 1795 hierarrhiaﬂ),
3500 1725 3677 1795 capita

2019 1800 2066 1856 Β
2097 1813 2310 1866 habens
2335 1814 2675 1882 quindecim.
2711 1816 2933 1872 Tertius
2962 1819 3036 1871 De
3067 1820 3420 1873 ecclesiastica
3456 1819 3671 1874 hierar-

403 1906 546 1970 chio,
610 1908 850 1977 capitum
910 1917 1157 1980 septem;
1219 1917 1450 1980 quartus
1499 1909 1576 1964 De
1643 1923 1841 1962 arcana
1873 1923 1959 1959 seu
2018 1905 2832 1976 mysticatheologia,quinque
2897 1909 3160 1978 capitum.
3197 1911 3443 1980 Reliquit
3508 1913 3677 1966 etiam

403 2000 671 2068 epistolas
733 1989 969 2068 ‘decem,
1023 2019 1260 2072 quarum
1323 2010 1601 2072 postrema
1665 2003 2015 2069 evangelishe
2053 1996 2272 2059 Joanni,
2337 2001 2432 2067 qui
2485 2015 2648 2068 supra
2709 2017 2788 2068 pe.
2815 2011 2902 2054 tus
2982 2003 3198 2056 Domini
3250 2005 3531 2065 recubuit,
3584 2011 3673 2057 est

404 2095 636 2162 scripta.
695 2092 874 2163 Atque
959 2096 1078 2150 haec
1127 2096 1351 2165 quidem
1407 2094 1532 2165 ejus
1577 2094 1782 2162 scripta
1848 2093 2010 2146 hodie
2051 2106 2271 2161 quoque
2313 2093 2804 2148 circumferuntur.
2884 2095 3004 2163 lpse
3053 2106 3235 2150 autem
3265 2097 3498 2150 aliarum
3530 2111 3668 2168 quo-

403 2201 511 2258 que
543 2187 987 2241 lucubrationum
1018 2205 1239 2244 suarum
1282 2187 1619 2242 mentionem
1671 2186 1823 2250 facit,
1894 2187 2084 2254 quales
2148 2195 2299 2253 sunt,
2371 2203 2492 2254 qme
2543 2189 2704 2240 abeo
2755 2188 3073 2258 Theologij
3120 2188 3495 2259 Dispositiones
3549 2203 3678 2247 Sunt

401 2282 886 2336 nomittatzeJtcm
959 2283 1243 2352 symbolica
1318 2282 1605 2352 theologia,
1673 2292 1936 2351 praeterea
1977 2280 2050 2333 De
2077 2281 2326 2348 angelicis
2364 2283 2776 2349 proprietatibus
2840 2291 2888 2334 et
2963 2283 3256 2336 ordinibus.
3327 2284 3680 2341 Commenta-

403 2377 520 2432 rins
544 2376 846 2439 Deanima,
879 2377 955 2432 De
977 2380 1126 2448 justo
1177 2381 1425 2433 ctdivino
1467 2379 1706 2449 judicio;
1744 2377 1816 2430 De
1869 2377 2058 2431 divinis
2131 2379 2374 2445 hymnis;
2433 2377 2562 2430 item
2637 2378 2711 2430 De
2779 2380 2840 2433 iis
2882 2396 2996 2448 qna
3055 2380 3134 2433 vel
3186 2381 3541 2452 intelligentia
3597 2385 3680 2438 vel

400 2487 558 2530 sensu
623 2473 1110 2542 deprehenduntur.
1171 2471 1566 2526 Commentarii
1622 2479 1804 2524 autent
1884 2471 1972 2524 isti
2039 2471 2268 2523 omnino
2336 2470 2434 2524 visi
2504 2487 2611 2525 non
2645 2481 2793 2536 sunt,
2837 2488 3015 2542 neque
3051 2474 3230 2538 nobis,
3261 2492 3441 2546 neque
3481 2477 3546 2530 iis
3579 2480 3676 2548 qui

401 2577 538 2625 ante
567 2582 668 2622 nos
708 2566 953 2630 luerunt,
980 2565 1210 2634 cogniti.
1250 2564 1360 2618 Sed
1395 2565 1463 2618 de
1521 2565 1778 2635 Dionysio
1805 2564 2180 2632 operibusque
2208 2565 2333 2634 ejus
2361 2563 2478 2618 haec
2512 2567 2648 2618 satis
2672 2565 2808 2620 sint.

975 2679 1228 2733 ΚΕΦΛΛ.
1271 2677 1405 2732 KA'.

413 2778 512 2845 Ὠς
547 2777 586 2844 ’ἠ
617 2777 722 2832 τοῦ
756 2774 905 2829 Θεοῦ
943 2772 1155 2842 Μήτηρ
1179 2773 1346 2845 νόμῳ
1365 2771 1605 2845 φύσεως
1635 2769 1982 2845 teet-navigi,

474 2840 624 2917 ἱερός
667 2849 777 2932 τὰς
843 2840 1298 2915 ὑπερκοσμίούς
1351 2840 1589 2906 σκηνὰς
1634 2841 1986 2907 σωματικῶς

475 2926 776 2988 μετετέθη.

485 3034 619 3088 Κατ’
671 3035 852 3088 έκεῖνο
896 3033 954 3087 δὲ
1003 3031 1224 3104 καιροῦ,
1260 3031 1534 3086 Κλαυδίου
1578 3031 1832 3103 πέμπτον
1865 3030 1986 3094 ἔτος

2577 2677 2737 2746 168
2775 2677 3001 2735 CAPUT
3044 2681 3188 2736 xm.

2091 2766 2150 2822 Ut
2181 2767 2294 2835 ipsa
2331 2767 2426 2842 Dei
2451 2767 2690 2842 Genio-ir.
2711 2779 2917 2824 nnturm
2944 2771 3057 2842 lege
3090 2783 3318 2832 mortua.
3348 2779 3417 2829 ad
3444 2779 3674 2835 emlestia

2299 2840 2640 2893 tabernacula
2680 2840 3030 2903 rorporaliter
3071 2845 3134 2897 sit
3167 2847 3460 2901 translata.

2165 3018 2243 3072 Eo
2293 3027 2575 3088 tempore,
2611 3036 2736 3076 cum
2780 3023 3045 3078 Claudius
3085 3025 3340 3095 quintum
3377 3028 3677 3097 imperaret

403 3127 660 3190 ἀνύοντος
707 3129 775 3196 τῇ
817 3127 984 3196 ἀρχῇ,
1030 3101 1158 3178 ἐπεὶ
1202 3123 1300 3196 τὴν
1357 3101 1788 3192 πάναγνον-τοῦ
1847 3123 1984 3176 Θεοῦ

2091 3127 2318 3177 annum,
2344 3121 2401 3168 et
2427 3114 2832 3168 immaculatum
2867 3115 2960 3170 Dei
2989 3117 3153 3172 Verbi
3182 3119 3408 3174 Matrem
3443 3131 3673 3175 mortem

401 3221 578 3289 Λόγου
614 3220 828 3290 μητέρα
863 3217 1097 3272 θανάτου
1137 3219 1434 3287 μετασχεῖν
1485 3214 1592 3268 ἔδει
1643 3216 1748 3285 (ὅτι
1792 3232 1855 3282 γε
1891 3215 1987 3268 καὶ

398 3315 430 3368 ὁ
459 3313 664 3383 ταύτης
695 3311 822 3376 Υίδς
847 3310 1032 3382 κυρῶν
1057 3311 1119 3364 τὸ
1141 3311 1429 3380 ἄνθρωπος
1452 3303 1594 3363 εἶναι
1615 3307 1692 3372 ὡς
1719 3308 1986 3376 ἀληθῶς),

402 3407 504 3461 οὒκ
533 3405 737 3476 ἔξωρος
768 3405 826 3459 δὲ
854 3404 965 3476 ἄρα
995 3399 1087 3476 ἦν,
1131 3401 1430 3471 ἑξηκοστοῦ
1459 3401 1570 3473 γὰρ
1614 3401 1733 3464 ένδς
1775 3401 1989 3464 δέοντος

400 3499 598 3570 χρόνου
632 3497 980 3567 γεγενημένη
1020 3497 1241 3566 μυεῖται
1282 3493 1381 3562 μὲν
1409 3493 1478 3546 δι’
1509 3494 1750 3562 ἀγγέλου
1782 3494 1848 3546 ὲκ
1893 3492 1986 3546 τοῦ

301 3617 304 3620 ~
399 3590 532 3645 Υἱοῦ
569 3589 626 3643 τὸ
660 3590 797 3659 πρὸς
841 3589 1006 3642 αὑτὸν
1055 3587 1336 3656 ἐνδημεῖν,
1389 3586 1531 3640 καθὰ
1565 3586 1660 3639 καὶ
1695 3590 1984 3656 πρότερον,

399 3679 637 3750 ὁπηνίκα
672 3681 866 3750 φοιτᾷν
909 3679 1048 3749 πρὸς
1092 3677 1268 3746 αὐτὴν
1315 3675 1544 3745 ἔμελλεν
1568 3692 1582 3708 ·
1607 3676 1682 3738 ὡς
1716 3673 1810 3730 οὖν
1843 3675 1986 3743 ἔγνω

397 3772 498 3840 τὴν
551 3770 840 3840 ἐκδημίαν,
887 3770 1064 3840 χαρᾶς
1115 3769 1356 3841 ἀρρήτου
1405 3768 1726 3838 πίμπλαται
1765 3768 1883 3837 (καὶ
1931 3766 1986 3819 τί

397 3865 508 3935 γὰρ
541 3864 692 3936 ἥδιον
727 3861 915 3934 ἐκείνῃ
956 3862 988 3933 ἢ
1036 3861 1116 3932 τῷ
1151 3861 1264 3931 Υἱῷ
1297 3865 1538 3916 συνεῖναι
1585 3865 1681 3915 καὶ
1717 3861 1984 3932 βασιλεῖ;)

399 3952 554 4027 φῶτα
589 3958 770 4011 τοίνυν
817 3957 1093 4028 εἰσήγετο,
1137 3957 1170 4024 ἡ
1205 3955 1353 4008 οἰκία
1385 3972 1444 4007 τε
1476 3954 1768 4026 ὲσαροῦτο,
1802 3956 1896 4010 καὶ
1925 3955 1986 4007 τὸ

399 4050 682 4118 προσῆκον
714 4047 886 4116 γένει,
910 4047 986 4107 ὼς
1022 4045 1194 4110 είκδς,
1221 4044 1634 4116 μετεστέλλετο,
1664 4047 1759 4098 καὶ
1784 4045 1985 4118 ηὐτρέ-

391 4153 564 4211 πιστο
599 4137 738 4206 πρὸς
768 4137 868 4206 τὴν
896 4135 1096 4202 ἔξοδον,
1134 4136 1238 4204 τήν
1267 4151 1328 4187 τε
1361 4133 1562 4204 μύησιν
1592 4136 1706 4198 τοῖς
1742 4135 1986 4190 συνιοῦσι

396 4228 568 4300 δήλην
600 4227 791 4281 ἐτίθει.
821 4227 965 4298 Πρὸς
995 4227 1054 4281 δὲ
1085 4228 1178 4280 καὶ
1206 4225 1268 4278 τὸ
1294 4226 1452 4294 νίκης
1476 4224 1571 4280 τοῦ
1597 4225 1833 4280 Θανάτου
1864 4227 1987 4297 τρό-

399 4340 583 4386 παιον,
633 4323 880 4391 φοίνικος
928 4320 986 4374 δὲ
1035 4320 1194 4373 τοῦτο
1245 4315 1315 4391 ἦν
1375 4319 1594 4386 κλάδος,
1636 4320 1982 4373 ὑπεδείκνυε.

397 4414 506 4468 Τοῦ
543 4413 600 4466 δὲ
633 4412 830 4482 καιροῦ
864 4412 1214 4476 ἐπιστάντος,
1251 4415 1308 4465 ὲν
1341 4415 1411 4482 τῇ
1443 4410 1582 4464 Σιὼν
1615 4411 1709 4464 ἐπὶ
1748 4411 1986 4480 σκίμπο-

397 4509 486 4571 δος
531 4506 866 4562 ἀνεκλίνετο.
916 4505 1026 4557 Καὶ
1059 4507 1248 4574 παρῆν
1294 4503 1394 4574 μὲν
1435 4503 1692 4573 Ἰωάννης
1723 4507 1750 4556 ὁ
1778 4503 1985 4571 ταύτην

397 4599 855 4668 εἰσοικισάμενος,
888 4597 984 4649 καὶ
1010 4597 1135 4649 ὅσον
1163 4597 1222 4648 ὲν
1259 4593 1659 4664 Ἰεροσολύμοις
1699 4595 1982 4663 διαφανὲς,

398 4693 540 4746 αἵτε
573 4691 725 4760 φίλαι
750 4690 846 4744 καὶ
875 4689 1022 4758 γένει
1055 4686 1454 4758 προσήκουσαι.
1489 4686 1600 4738 Καὶ
1626 4685 1704 4755 τῷ
1729 4684 1986 4756 παρθένῳ

400 4785 498 4837 σὺν
543 4781 725 4847 ἄλλοις
759 4783 792 4852 ἡ
828 4779 1106 4851 Παρθένος
1152 4777 1441 4842 ἐπέταττε,
1486 4777 1616 4840 τοὺς
1665 4776 1759 4830 δύο
1780 4775 1987 4846 ταύτης

396 4873 629 4947 χιτῶνας
680 4875 802 4937 ταῖς
851 4875 916 4926 ὲκ
959 4871 1221 4940 γειτόνων
1273 4870 1475 4941 χήραις
1524 4869 1580 4921 αἶ
1622 4869 1731 4923 τῶν
1780 4869 1987 4923 λοιπῶν

396 4967 764 5038 διαφερόντως
801 4960 945 5035 ἦσαν
975 4962 1153 5036 ταύτῃ
1187 4962 1614 5032 προσκείμεναι,
1651 4965 1985 5032 παρασχεῖν.

397 5060 666 5131 Δακρύων
699 5058 794 5112 ἐπὶ
816 5057 1030 5120 τούτοις
1054 5057 1214 5129 χύσις
1245 5057 1398 5126 ἔρρει
1429 5055 1626 5124 πολλὴ,
1645 5055 1744 5125 τὴν
1767 5056 1988 5125 ἐκείνης

399 5157 663 5226 στέρησιν
698 5152 918 5207 πάντων
946 5150 1320 5222 ὀδυρομένων.
1351 5147 1483 5202 Εἶτα
1517 5151 1734 5203 κάτεισι
1768 5148 1871 5218 μὲν
1897 5149 1986 5200 οὐ·

471 5339 548 5411 (l)
583 5337 687 5406 Qui
722 5332 1074 5391 hierarcltiam
1103 5333 1371 5411 nominat,
1395 5347 1508 5411 uno
1536 5335 1710 5411 verbo
1737 5349 1985 5411 summa-

400 5405 498 5467 tim
531 5405 732 5463 'rerum
757 5419 1050 5480 sacrarum
1088 5405 1340 5480 omniu_m
1375 5405 1794 5480 dispositionem
1832 5407 1986 5460 ordi-

399 5493 582 5537 natam
617 5473 1036 5545 absolutamque
1071 5473 1229 5528 dicit.
1268 5474 1336 5529 Et
1378 5473 1477 5544 qui
1521 5476 1856 5529 In'erarclmm
1889 5492 1987 5530 vo-

399 5562 506 5616 cat,
555 5551 794 5606 Numine
839 5546 1104 5608 alllatum,
1151 5546 1515 5612 divinumque
1556 5546 1758 5616 virum,
1815 5563 1983 5602 sacrae

399 5615 735 5692 cognitionis
771 5618 1008 5692 peritum
1058 5616 1360 5692 signiﬁcat.
1405 5616 1652 5692 (Dionys.
1685 5615 1982 5692 Areopag.)

473 5687 548 5765 [2)
581 5692 730 5745 llier.
760 5704 832 5765 is,
870 5687 935 5765 ad
970 5687 1189 5765 Paulam
1225 5687 1682 5765 et__h_lustochium
1720 5701 1737 5765 :_
1767 5711 1784 5738 ι
1824 5688 1902 5742 Ne
1934 5690 1983 5765 si

397 5757 614 5821 venerit
643 5761 840 5816 vestris
885 5759 940 5811 in
994 5759 1250 5810 manibus
1296 5757 1426 5810 illud
1479 5757 1856 5828 apocrypbutn
1915 5759 1984 5815 de

724 5859 1000 5918 ΡΑΤιιυι..
1045 5855 1163 5914 (in.
1210 5853 1368 5912 CXL
1385 5855 1453 5914 ν.

2091 3205 2245 3260 obire
2297 3216 2586 3276 oporteret
2643 3207 3132 3279 (quandoquidem
3193 3221 3251 3265 et
3301 3213 3474 3269 Filius
3529 3215 3673 3284 eius,

2090 3312 2284 3351 verum
2331 3312 2390 3352 se
2428 3297 2712 3353 hominem
2746 3314 2866 3354 esse
2894 3301 3153 3369 probavit
3187 3312 3246 3358 et
3277 3304 3672 3374 conﬁrmavit),

2090 3387 2157 3442 ad
2205 3379 2560 3459 grandiorem
2611 3401 2796 3446 autem
2845 3396 3075 3450 exoleta:
3114 3397 3418 3452 senectutis
3456 3407 3675 3453 aetatem

2090 3495 2200 3532 non
2253 3491 2630 3549 pervenerat:
2683 3483 3239 3556 undesexagesimum
3298 3489 3448 3542 enim
3507 3503 3677 3559 agens

2089 3587 2321 3637 annum,
2356 3575 2613 3628 nuntium
2655 3591 2682 3628 a
2722 3576 2896 3642 Filio,
2929 3592 3029 3646 per
3062 3579 3345 3648 angelum,
3379 3579 3446 3634 de
3476 3582 3677 3651 migra-

2093 3663 2241 3717 tione
2273 3675 2327 3717 et
2360 3666 2602 3719 adventu
2635 3669 2700 3721 ad
2739 3683 2797 3723 se
2829 3671 2972 3737 ejus,
3004 3670 3076 3724 ita
3109 3679 3168 3724 ut
3195 3682 3360 3726 antea
3392 3689 3516 3727 cum
3557 3675 3674 3744 ipse

2089 3756 2158 3811 ad
2181 3774 2300 3812 eam
2333 3770 2600 3814 venturus
2630 3761 2833 3826 fuerat,
2861 3764 3083 3833 accipit.
3115 3763 3308 3833 Itaque
3341 3765 3673 3835 migratione

2089 3866 2187 3905 sua
2222 3853 2288 3905 ad
2316 3852 2465 3907 hunc
2497 3854 2718 3908 modum
2749 3855 2968 3925 cognita
3001 3857 3102 3927 (ἓ),
3134 3858 3398 3911 immensa
3432 3859 3675 3926 repletur

2088 3941 2278 3996 latitia
2321 3943 2471 4011 (quid
2511 3944 2659 3998 enim
2697 3945 2918 3999 dulcius
2971 3946 3046 4012 ei,
3082 3963 3246 4017 quam
3284 3958 3345 4003 ut
3375 3965 3498 4003 cum
3535 3951 3675 4006 Filio

2090 4046 2147 4091 et
2176 4052 2304 4108 rege
2329 4053 2429 4092 suo
2453 4047 2620 4106 esset,
2639 4040 3082 4109 contingeret?“
3119 4041 3302 4096 lumen
3334 4041 3401 4096 ad
3432 4059 3554 4097 eam
3588 4044 3676 4097 in—

2088 4131 2290 4197 fertur,
2329 4131 2527 4187 domus
2567 4142 2858 4200 purgatur,
2892 4149 3093 4203 genere
3136 4136 3454 4206 propinqui,
3489 4147 3547 4191 ut
3578 4154 3677 4206 par

2088 4235 2231 4290 erat,
2267 4231 2653 4289 accersuntur,
2699 4226 2913 4294 rithue
2949 4235 3006 4281 et
3033 4227 3228 4282 ordine
3257 4244 3379 4297 qua:
3416 4229 3484 4283 ad
3524 4239 3677 4284 tran-

2090 4316 2350 4369 sitionem
2403 4331 2527 4370 eam
2573 4317 2892 4385 pertinent,
2949 4331 3370 4387 przrparantur:
3421 4323 3676 4378 nuntium

2022 4443 2063 4496 υ
2092 4405 2260 4460 etiam
2297 4406 2409 4473 illa,
2445 4423 2609 4476 quem
2643 4419 2960 4478 acceperat,
3001 4411 3069 4464 iis
3108 4413 3202 4480 qui
3241 4428 3367 4466 cum
3403 4429 3464 4468 ea
3495 4429 3677 4478 erant,

2095 4498 2356 4564 exponit,
2411 4505 2467 4551 et
2520 4507 2786 4565 praeterea
2841 4498 3089 4554 victoria:
3161 4505 3356 4558 mortis
3408 4515 3676 4576 tropaeum

2097 4587 2256 4659 (erat
2289 4601 2475 4644 autem
2511 4591 2705 4660 palma:
2741 4594 2964 4664 ramus)
2999 4604 3293 4650 monstrat.
3329 4597 3508 4652 Etiam
3544 4610 3679 4655 tem-

2096 4697 2201 4752 pus
2247 4683 2524 4751 instabat,
2561 4699 2687 4739 cum
2722 4684 2778 4739 in
2815 4686 2945 4740 Sion
2994 4702 3162 4755 super
3196 4687 3494 4745 humiliore
3537 4691 3681 4747 lecto

2095 4777 2424 4846 reponitur:
2464 4786 2520 4832 et
2553 4777 2746 4832 aderat
2771 4777 3014 4834 Joannes
3037 4818 3052 4844 ,
3088 4781 3184 4848 qui
3220 4797 3341 4836 eam
3381 4783 3531 4838 domi
3566 4800 3682 4840 sum

2096 4871 2353 4926 foverat:
2390 4881 2446 4926 et
2491 4879 2760 4942 praeterea
2807 4871 3076 4944 quidquid
3121 4874 3516 4948 Hierosolymis
3559 4889 3680 4932 erat

2096 4963 2432 5019 feminarum
2462 4965 2831 5020 celebriorum
2855 5007 2870 5031 ,
2915 4982 3037 5037 qua:
3069 4968 3154 5022 vel
3190 4970 3401 5024 amoris
3429 4971 3680 5026 necessi-
3712 4968 3716 4973 ’

2097 5057 2290 5112 tudine
2309 5072 2340 5120 ,ο
2382 5057 2470 5112 vel
2532 5059 2750 5127 generis
2802 5059 3216 5130 propinquitate
3261 5063 3312 5117 ei
3365 5065 3681 5134 conjuncta:

2095 5162 2300 5206 essent.
2341 5151 2480 5206 Tum
2518 5153 2720 5224 virgini
2759 5155 3035 5225 discipulo
3071 5165 3127 5210 et
3166 5155 3357 5212 itidem
3397 5157 3522 5212 aliis
3561 5157 3678 5227 ipsa

2103 5334 2342 5388 transitu
2375 5333 2559 5389 Mariae
2583 5333 2758 5389 beata:
2786 5335 3038 5405 gloriosa:
3057 5349 3384 5406 semperque
3407 5334 3679 5406 Virginis,

2097 5405 2263 5459 dubia
2297 5421 2396 5474 pro
2426 5407 2594 5460 certis
2627 5406 2910 5474 recipiatis
2938 5423 2952 5457 :
2984 5405 3130 5475 quod
3167 5407 3322 5474 multi
3353 5405 3676 5461 Latinorum

2095 5476 2318 5545 pietatis
2349 5491 2559 5540 amore,
2593 5477 2777 5530 studio
2808 5477 3024 5546 legendi
3078 5476 3305 5531 cbarius
3333 5477 3681 5546 amplectun-

2097 5556 2186 5600 tur
2218 5563 2231 5598 :
2270 5547 2574 5615 praesertim
2611 5561 2734 5618 cum
2760 5561 2828 5601 ex
2858 5548 2946 5618 his
2973 5549 3112 5602 nihil
3139 5547 3288 5601 aliud
3319 5549 3550 5617 exprimi
3581 5563 3683 5618 po-

2097 5625 2204 5670 test
2238 5632 2338 5686 pro
2364 5629 2538 5684 certo,
2573 5617 2680 5672 nisi
2724 5617 2873 5688 quod
2924 5617 3194 5675 hodierna
3227 5617 3614 5689 die.migravlt
3650 5635 3683 5674 a

2097 5701 2347 5758 corpore.
2387 5706 2407 5739 ι

3290 5853 3369 5912 26
