4046 6464
349 324 448 386 8H
868 336 902 385 ἱ

1569 321 1993 384 NICEPHORI
2036 321 2384 382 CALLISTI

3511 329 3612 391 812

345 445 502 510 virgo
532 434 802 508 pra‘cipit,
840 444 898 490 ut
931 437 1069 490 duas
1101 436 1218 505 ejus
1249 434 1463 490 tunicas
1494 437 1686 490 vicinis
1721 436 1924 501 viduis,

2034 435 2259 503 ρανόθεν
2283 437 2312 488 ὁ
2335 435 2539 506 ταύτης
2566 435 2690 498 Υξὶς
2728 435 2822 488 σὺν
2848 435 3094 506 ἀγγέλων
3134 437 3349 511 ἀπείρῳ
3373 443 3609 514 στρατῷ,

347 547 468 600 qum
505 539 706 599 prmtcr
749 537 977 582 caeteras
1011 528 1372 597 propensiore
1415 543 1544 596 erga
1581 542 1700 598 eam
1736 543 1925 583 amore

350 599 514 692 atque
569 623 770 692 pietate
816 621 1093 684 fuissent,
1147 620 1380 674 donent.
1431 619 1543 674 Sub
1574 599 1707 674 ὶιτυέ
1732 621 1814 674 vis
1845 621 1926 674 la-

348 729 664 787 crymarnm
700 715 894 784 ingens
919 727 985 766 ex
1016 713 1191 767 oculis
1222 713 1468 767 omniunt
1503 711 1748 781 proﬂuit,
1781 712 1928 767 orbi-

351 819 516 864 tatem
589 821 744 861 suam
813 805 1146 874 migratione
1225 805 1374 858 illius
1439 804 1922 873 complorantium.

354 899 560 954 Deinde
623 898 844 952 caelitus
901 897 1073 950 Filius
1131 898 1292 968 ejus,
1353 911 1479 950 cum
1541 896 1926 950 innumerabili

352 989 668 1059 angelorum
705 990 954 1044 exercitu
995 990 1304 1051 descendit,
1337 989 1576 1043 animam
1613 989 1760 1043 illius
1804 1005 1928 1043 san-

351 1093 493 1136 ctam
530 1099 756 1151 prorsus
785 1092 842 1137 et
877 1081 1121 1136 divinam
1148 1091 1574 1151 assumpturus:
1609 1093 1666 1136 et
1691 1082 1931 1136 tonitrus

351 1183 514 1243 atque
556 1175 734 1229 nimbi
781 1175 966 1229 sonitu
1002 1174 1293 1229 confestim
1327 1190 1391 1227 ex
1435 1173 1638 1228 tinibus
1673 1174 1931 1228 omnibus

350 1281 480 1319 suos
525 1272 821 1334 congregat
867 1264 1192 1333 discipulos.
1236 1263 1363 1317 llaec
1407 1279 1533 1318 cum
1580 1264 1930 1318 immaculata

349 1371 577 1424 prorsus
608 1355 776 1425 Virgo
811 1355 1000 1420 sciret,
1036 1355 1336 1423 unicuique
1377 1370 1500 1424 qua:
1528 1363 1766 1425 optaret,
1806 1370 1932 1425 pre-

347 1457 528 1511 catur,
571 1447 965 1500 benedictione
1010 1461 1207 1500 omnes
1251 1444 1532 1516 dignatur,
1569 1455 1623 1502 et
1667 1448 1931 1502 extremis

350 1539 471 1592 illos
521 1539 752 1591 vocibus
799 1539 1129 1607 compellat,
1184 1539 1304 1594 vale
1358 1539 1598 1594 dicens:
1649 1540 1932 1610 migratio-

2031 526 2212 596 ψυχὴν
2241 528 2454 599 ἐκείνης
2485 527 2584 600 τὴν
2615 527 2786 590 ὅντως
2820 527 2973 583 θείαν
3016 531 3436 601 ἀναληψόμενος
3457 550 3470 562 ·
3495 535 3612 606 ἥλῳ

2031 619 2088 673 δὲ
2126 619 2359 690 βροντῆς
2391 621 2487 675 καὶ
2516 619 2746 692 νεφέλης
2780 622 2976 692 ἀθρόον
3001 624 3066 677 ἐκ
3103 625 3359 696 περάτων
3390 627 3613 697 ἥθροιζε

2033 709 2158 773 τοὺς
2195 709 2364 763 αὑτοῦ
2402 710 2678 782 μαθητάς.
2737 708 2820 773 '0;
2855 711 2950 766 οὖν
2993 713 3134 782 ἐγνω
3160 713 3333 768 ταῦτα
3361 715 3394 787 ἡ
3426 718 3616 771 πάνα-

2033 819 2183 871 γνος,
2221 804 2318 856 καὶ⁵
2357 805 2503 874 άπερ
2563 803 2781 874 ἑκάστῳ
2829 803 3150 876 βουλομένῳ
3189 802 3257 876 ἦν
3297 804 3612 878 ανηγγέλη,

2033 897 2130 948 καὶ
2158 897 2254 966 τῆς
2287 897 2422 967 παρ’
2449 897 2665 966 ἐκείνης
2703 897 2956 961 εὐλογίας
2983 900 3237 969 ἡξίωντο,
3266 900 3333 952 τὰ
3367 901 3614 972 ἐξιτήρια

2031 987 2189 1052 τέλος
2219 988 2404 1051 αὑτοῖς
2438 989 2908 1059 προσεφθέγγετο,
2957 990 3168 1062 χαίρειν
3199 1008 3256 1044 τε
3289 998 3613 1062 παρηγγύα,

2035 1081 2128 1134 καὶ
2165 1081 2239 1150 μὴ
2281 1079 2484 1149 λύπης,
2533 1084 2708 1151 χαρᾶς
2742 1082 2796 1134 δὲ
2847 1082 3048 1151 μᾶλλον
3081 1082 3292 1138 οἴεσθαι
3326 1085 3423 1157 τὴν
3455 1087 3615 1158 ἐκδη-

2037 1174 2167 1240 μίαν
2220 1172 2571 1226 ἐνεκελεύετο
2596 1189 2610 1204 ⁶
2645 1174 2741 1226 καὶ
2774 1176 2841 1227 τὰ
2894 1173 3030 1244 πρὸς
3079 1174 3178 1244 τὴν
3217 1177 3400 1246 ταφὴν
3444 1179 3615 1246 αὐτῆς

2033 1266 2217 1334 ὴπίως
2259 1268 2353 1318 καὶ
2388 1266 2589 1336 ίλαρῶς
2619 1266 2840 1337 διεξῄει.
2883 1265 3016 1320 Εἶτα
3071 1268 3283 1338 Πέτρον
3329 1271 3615 1338 μετεστέλ-

2035 1356 2193 1410 λετο·
2247 1357 2388 1426 μετά
2440 1357 2613 1429 βραχὺ
2644 1358 2700 1411 δέ
2739 1360 2834 1411 καὶ
2869 1359 2998 1421 τοὺς
3027 1357 3248 1422 λοιποὺς
3285 1359 3474 1412 ἐκάλει
3506 1362 3615 1414 τῶν

2037 1449 2320 1518 μαθητῶν.
2347 1451 2456 1502 Καὶ
2478 1451 2587 1502 τῶν
2620 1449 2830 1520 λύχνων
2858 1451 3168 1520 καιομένων
3194 1452 3400 1518 αὐτοῖς,
3425 1453 3610 1521 ἐκείνη

2035 1540 2331 1611 ὑπερφυῶς
2365 1541 2784 1612 ἀγαλλιωμένη,
2813 1543 2884 1596 τά
2933 1543 3085 1612 χείλη
3118 1543 3354 1612 διάρασα
3385 1543 3460 1614 τῷ
3492 1543 3607 1612 Υίῷ

351 1645 588 1699 nemque
635 1646 790 1683 suam
839 1646 947 1682 non
993 1631 1143 1683 luctu
1188 1645 1321 1693 eos,
1364 1630 1461 1684 sed
1506 1630 1706 1700 gaudio
1747 1633 1931 1701 potius

2034 1631 2360 1702 εὐχάριστον
2405 1633 2695 1702 ἀνέπεμπε
2745 1632 3024 1702 γλῶσσαν.
3068 1635 3180 1687 Καὶ
3218 1635 3312 1687 ἐπὶ
3341 1635 3420 1704 τῷ
3448 1636 3608 1705 σκίμ-

349 1720 608 1790 prosequi
639 1722 796 1792 jubet
818 1740 830 1776 :
855 1731 911 1774 et
933 1737 1054 1790 quae
1078 1722 1143 1774 ad
1168 1721 1459 1790 exsequias
1481 1723 1931 1793 sepulturamque

2037 1721 2159 1774 ποδι
2197 1717 2355 1786 αὖθις
2391 1721 2774 1789 άνακλιθεϊσα,
2812 1721 2912 1785 τὰς
2955 1725 3150 1793 χεῖρας
3185 1722 3324 1793 ὑψοῦ
3357 1723 3610 1794 διάρασα,

350 1816 470 1885 ejus
505 1790 884 1884 pertinerent,
919 1813 1162 1867 suaviter
1196 1823 1251 1866 et
1285 1813 1405 1868 laete
1437 1790 1687 1881 exponit.
1721 1790 1931 1869 Deinde

2038 1812 2253 1881 σεμνῶς
2302 1830 2360 1865 τε
2415 1813 2512 1866 καὶ
2561 1813 2637 1874 ὡς
2682 1811 2855 1884 ἐχρῆν
2886 1790 3300 1884 τὸνπάνσεμννον
3331 1815 3421 1868 καὶ
3450 1790 3611 1882 ⁷ἡλίου

353 1905 572 1959 Petrum
623 1905 688 1958 ad
733 1919 792 1960 se
835 1905 1027 1957 venire
1062 1903 1254 1972 jubet,
1295 1919 1421 1957 mox
1471 1903 1716 1973 reliquos
1759 1905 1930 1958 etiam

2038 1902 2428 1973 καθαρώτερον
2483 1903 2778 1975 διαθεμένη
2832 1905 2928 1958 καὶ
2977 1907 3374 1975 σχηματίσασα
3433 1905 3610 1976 σῶμα,

349 1997 628 2067 apostolos
659 2005 842 2059 vocat,
874 1995 1136 2050 ardentes
1173 1995 1440 2050 habentes
1468 1995 1652 2049 faces:
1688 2003 1744 2048 et
1773 1995 1930 2049 miri-

351 2093 450 2145 iice
478 2090 782 2151 exsultans.
809 2088 1066 2158 labiaqne
1091 2087 1372 2157 aperiens,
1397 2086 1602 2157 gratias
1629 2087 1765 2142 Filio
1787 2088 1929 2157 agit:

260 2218 264 2222 ι
360 2179 520 2251 169
549 2189 712 2248 atque
745 2179 797 2232 in
831 2178 1032 2232 lectum
1065 2192 1284 2230 rursum
1315 2176 1578 2245 reposita,
1611 2191 1808 2231 manus
1847 2192 1935 2230 re-

353 2282 612 2328 verenter
645 2281 701 2327 et
730 2271 993 2341 graviter,
1039 2270 1113 2323 ita
1157 2278 1216 2322 ut
1253 2267 1404 2322 illam
1440 2267 1692 2332 decebat,
1728 2267 1929 2334 elevat,

351 2373 406 2418 et
436 2362 809 2417 venerandum
847 2355 1080 2430 prorsus
1109 2360 1336 2428 soleqne
1366 2359 1485 2428 ipso
1511 2358 1704 2428 purius
1732 2373 1932 2428 corpus

2014 1993 2182 2063 ἐώρα
2221 1996 2315 2048 καὶ
2349 1995 2460 2065 γὰρ
2491 1996 2698 2049 ἐκεῖνον
2729 1996 2984 2065 ἀγγέλων
3008 1996 3138 2068 δόξῃ
3174 1996 3499 2068 περικύκλῳ
3529 1999 3630 2068 δο-γ

2040 2088 2474 2166 ρυφορούμενον,
2526 2091 2624 2142 σὺν
2677 2089 2840 2160 ἡδονῇ
2893 2090 2989 2143 καὶ
3043 2090 3310 2160 θαύματι,
3369 2091 3615 2145 Γένοιτό

2035 2196 2138 2249 μοι
2165 2176 2342 2248 αὖθις
2369 2181 2520 2236 κατὰ
2540 2183 2606 2236 τὸ
2621 2181 2792 2250 ῥῆμά
2816 2197 2957 2248 σου,
2983 2182 3313 2250 ἐπειποῦσα,
3338 2184 3459 2246 ταῖς
3479 2183 3615 2236 ἐκεί⁸

2042 2285 2136 2321 νου
2167 2271 2356 2340 φίλαις
2386 2272 2576 2341 χερσὶν
2618 2273 2694 2334 ὡς
2721 2273 2780 2325 ἐν
2817 2272 2972 2344 ὕπνῳ
3002 2273 3344 2347 παρατίθησι
3378 2275 3477 2345 τὴν
3511 2290 3614 2344 μα·

2041 2361 2243 2432 καιρίαν
2283 2364 2503 2434 ἐκείνην
2531 2365 2732 2437 ψυχήν.

351 2459 581 2532 pulchre
604 2471 944 2528 componens
966 2464 1128 2526 atque
1147 2453 1766 2523 contormans(videbat
1821 2455 1970 2508 enim
2013 2455 2166 2511 illum
2197 2459 2518 2530 angelorum
2579 2459 2754 2530 gloria
2776 2458 3140 2516 circumcirca
3171 2469 3432 2529 tanquant
3453 2457 3617 2515 satel-

357 2555 474 2605 litio
517 2551 803 2621 stipatum)
843 2564 968 2604 cum
1008 2545 1290 2618 voluptate
1336 2553 1393 2600 et
1443 2546 1753 2600 miraculo:
1804 2545 1931 2600 Fiat
1974 2549 2102 2603 mihi
2142 2566 2353 2604 rursum
2421 2552 2710 2605 secundum
2777 2552 2992 2606 verbum
3019 2561 3191 2620 tuum,
3223 2550 3426 2622 inquit,
3454 2559 3616 2620 atque

355 2651 428 2704 ita
460 2648 515 2702 in
543 2646 726 2704 charis
757 2647 908 2702 illius
935 2647 1211 2710 manibus,
1255 2642 1482 2713 perinde
1518 2651 1683 2712 atque
1713 2643 2092 2711 obdormiens,
2127 2647 2342 2702 beatam
2379 2647 2529 2702 illam
2560 2646 2788 2717 deponit
2813 2648 3074 2702 animam.

912 2781 1139 2838 CAPUT
1194 2777 1364 2835 XXII.

354 2907 438 2961 Et
475 2902 723 2968 Dionysio
747 2899 1092 2968 AreOpagita,
1118 2896 1312 2968 utgdiei
1335 2895 1589 2968 apostoli,
1617 2909 1732 2968 cum
1762 2893 1929 2963 ipsius

423 2976 569 3044 ﬁlio.
609 2961 676 3025 ad
722 2961 1116 3044 prodti'cendunt
1168 2966 1267 3044 _Dei
1306 2961 1601 3044 _Genitricis
1627 2961 1831 3044 funus,
1865 2979 1929 3044 ea:

424 3034 628 3098 uitiatis
667 3034 826 3094 τεὴ-ιε
858 3039 1056 3106 ﬁnibus
1087 3037 1316 3089 universi
1362 3037 1698 3106 convenerint
1728 3048 1744 3084 :
1781 3041 1830 3085 et
1863 3034 1928 3106 _de

419 3115 631 3176 .‘udwo,
677 3113 761 3164 cui
810 3103 998 3161 manus
1031 3120 1340 3176 exarescent
1376 3104 1820 3176 rdccidit,7[quod
1856 3103 1931 3156 lo-

418 3186 563 3239 cztlos
620 3173 714 3236 seu
753 3179 1007 3250 feretrum
1049 3176 1184 3250 diva:
1240 3174 1468 3245 Virginis
1505 3175 1664 3243 impie
1699 3183 1744 3226 et
1797 3173 1932 3227 irre—

418 3264 657 3310 verenter
684 3246 1078 3319 contrectari”

421 3370 697 3424 Caeterum
732 3380 798 3418 ne
833 3373 1040 3416 temere
1078 3359 1272 3414 videar
1302 3349 1610 3415 conventus
1645 3359 1928 3432 apostolo~

351 3478 472 3516 rum
535 3461 591 3515 in
655 3455 992 3511 dormitione
1057 3451 1154 3507 Dei
1211 3449 1511 3506 Genitricis
1575 3452 1930 3516 meminisse,

350 3567 565 3622 acquum
592 3564 712 3605 csse
737 3547 892 3614 duxi,
920 3544 1168 3615 proferre
1195 3558 1259 3598 ea
1288 3559 1410 3612 qua:
1438 3543 1734 3614 Dionysius
1760 3544 1932 3598 Areo-

353 3649 562 3717 [agili],
603 3645 660 3699 in
704 3644 870 3697 tertio
905 3640 1086 3709 capite
1129 3636 1198 3691 ad
1237 3637 1593 3694 Timotheum
1629 3636 1930 3708 Ephesium

350 3744 673 3810 episcopum
700 3739 918 3804 scribit,
947 3738 1094 3808 quod
1118 3743 1283 3806 caput
1310 3735 1474 3789 talem
1509 3732 1672 3787 habet
1697 3731 1934 3800 inscrip-

353 3841 598 3890 tionem:
653 3833 782 3898 Qua:
817 3831 1139 3902 precationis
1184 3829 1252 3882 sit
1295 3828 1410 3881 vis:
1457 3826 1519 3879 de
1552 3827 1701 3878 beato
1740 3823 1932 3878 Hiero-

354 3934 490 3991 tlteo,
517 3937 564 3980 et
592 3931 655 3980 de
681 3925 936 3994 religione
965 3931 1124 3993 atque
1151 3920 1445 3990 theologica
1474 3919 1722 3972 historia.
1753 3917 1932 3972 Verba

351 4025 473 4093 ejus
505 4021 621 4074 haec
664 4027 794 4073 sunt
837 4017 905 4071 de
939 4015 1282 4070 l‘lierotheo:
1319 4031 1337 4063 ι
1381 4011 1725 4081 Congressus
1763 4009 1930 4064 etiam

352 4123 436 4169 cst
467 4128 592 4167 cum
632 4109 937 4165 bierarcbis
969 4107 1164 4161 divino
1193 4104 1433 4160 Numine
1467 4104 1686 4168 amatis,
1718 4117 1842 4157 cum
1874 4111 1931 4156 et

349 4223 454 4277 ego
501 4213 558 4259 et
607 4205 762 4273 ipse,
815 4200 1020 4270 aliique
1073 4197 1233 4251 multi
1284 4212 1348 4251 ex
1403 4196 1612 4250 sanctis
1665 4193 1931 4248 lratribus

351 4299 590 4363 nostris,
628 4295 695 4350 ad
731 4291 1106 4365 spectaculum
1139 4288 1422 4359 corporis,
1464 4285 1610 4356 quod
1644 4293 1929 4341 auctorem

350 4395 477 4450 vitae
517 4391 804 4459 Deumque
835 4385 1193 4453 suscepisset,
1221 4380 1698 4436 convenissemus.
1727 4377 1931 4433 Aderat

353 4488 424 4540 ibi
460 4485 700 4540 Jacobus
725 4493 944 4551 quoque
973 4478 1144 4532 frater
1173 4473 1415 4536 Domini,
1443 4483 1501 4527 et
1535 4473 1665 4525 item
1703 4471 1924 4535 Petrus,
1958 4495 2002 4551 ι)

351 4589 673 4646 supremum
708 4582 874 4642 atque
914 4567 1294 4623 venerandum
1341 4564 1728 4634 theologorum
1773 4561 1930 4617 fasti-

349 4669 522 4739 gium.
565 4663 774 4717 Deinde
803 4666 929 4730 post
975 4657 1028 4712 id
1066 4653 1437 4725 spectaculum
1461 4693 1475 4719 ,
1514 4655 1692 4708 visum
1722 4661 1828 4717 est,
1870 4659 1930 4706 ut

352 4755 659 4811 nierarchae
682 4767 895 4816 omnes,
922 4742 1023 4822 pro
1057 4764 1117 4804 se
1144 4749 1381 4817 quisque
1407 4755 1468 4800 ut
1494 4754 1699 4815 posset,
1723 4743 1927 4814 hymno

352 4859 598 4913 cantato,
627 4845 1109 4914 inﬁnitipotentem
1137 4841 1336 4894 divina:
1373 4837 1595 4893 virtutis
1625 4837 1928 4892 bonitatem

353 4938 830 4996 concelebrarent.
880 4932 1185 4989 Meministi
1221 4941 1278 4985 ιιι
1307 4930 1476 4996 satis,
1508 4939 1570 4984 ut
1607 4929 1684 4983 ibi
1725 4944 1928 4984 secun-

351 5038 483 5088 dum
525 5029 810 5098 theologos
849 5027 1002 5096 ipsos
1025 5065 1039 5090 ,
1089 5039 1282 5080 omnes
1319 5024 1460 5079 alios
1500 5037 1686 5078 sacros
1719 5031 1931 5110 .mystas

353 5131 512 5196 longe
563 5121 876 5191 superarit,
931 5128 1078 5173 totus
1125 5134 1155 5172 a
1208 5120 1390 5188 seipso
1427 5117 1731 5182 secedens,
1783 5122 1932 5168 totus

354 5227 536 5274 mente
577 5226 733 5270 extra
785 5214 1028 5284 seipsum
1078 5211 1314 5282 degens,
1369 5217 1424 5263 et
1451 5223 1681 5278 prorsus
1726 5221 1930 5263 conve-

349 5313 560 5367 nientia
602 5309 685 5363 eis
708 5321 831 5376 quae
878 5305 1115 5360 canebat
1162 5301 1413 5373 patiens,
1441 5302 1517 5355 ita
1562 5308 1682 5354 uta
1727 5301 1930 5372 quibus

355 5403 691 5459 audiebatur
723 5409 781 5454 et
825 5397 1308 5467 conspiciebatur,
1344 5393 1511 5447 simul
1541 5402 1595 5446 et
1626 5406 1926 5462 cognosce.

353 5507 507 5551 retur
545 5505 602 5549 et
658 5507 768 5547 non
813 5496 1267 5560 cognosceretur,
1307 5485 1542 5540 Numine
1591 5484 1836 5552 amatus,
1875 5495 1932 5540 et

350 5591 572 5644 divinus
605 5587 933 5658 hymnorum
967 5593 1160 5635 cantor
1185 5579 1489 5648 judicatus.
1520 5579 1625 5633 Sed
1657 5579 1793 5648 quid
1831 5579 1928 5632 tibi

336 5683 420 5742 ;de
465 5681 572 5747 iis,
619 5694 743 5748 quae
786 5689 899 5729 tum
948 5674 1122 5730 sancti
1177 5673 1259 5726 illi
1304 5674 1412 5726 viri
1462 5673 1758 5744 tbeologati
1795 5673 1927 5740 sint,

355 5774 573 5826 dicam?
614 5787 760 5838 cum,
797 5768 905 5824 nisi
946 5767 1052 5822 mei
1101 5783 1317 5836 quoque
1355 5768 1525 5836 ipsius
1557 5767 1660 5821 sint
1697 5767 1926 5833 oblitus,

2640 2784 2892 2838 ΚΕΦΑΛ.
2925 2781 3034 2838 lB’.~

2051 2895 2146 2978 Ἐκ
2178 2895 2306 2978 τῶν
2366 2897 2708 2978 ᾼιονυσίογΔ
2752 2897 2861 2978 τοῦ
2919 2897 3509 2978 ᾎρεοίταγζτουοιξὺς
3559 2900 3614 2978 οέ

2109 2966 2251 3022 θεῖοι
2275 2968 2612 3022 ἀπόστολοι
2633 2968 2854 3036 ἀθρόον
2881 2967 3004 3020 σὺν
3029 2965 3112 3031 τῷ
3133 2968 3357 3033 ταύτης
3399 2966 3508 3032 Υιῷ
3537 2965 3610 3032 τῇ

2108 3036 2433 3105 προπομπῇ
2466 3039 2575 3092 τοῦ
2604 3039 2765 3105 ἱεροῦ
2787 3038 3065 3103 σκήνους
3095 3036 3208 3102 τῆς
3243 3038 3612 3106 Θεομήτορος

2107 3107 2176 3160 ἐκ
2203 3107 2476 3176 περάτων
2518 3108 2951 3175 συνήχθησαν,
2999 3107 3100 3161 καὶ
3126 3108 3260 3175 περὶ
3287 3109 3392 3161 τοῦ
3415 3108 3612 3162 διακο-

2107 3176 2328 3244 πέντος
2359 3178 2565 3247 χεῖρας
2610 3179 2906 3247 Ἐϐραίου.

2111 3353 2231 3407 ’Ίνα
2270 3353 2326 3407 δὲ
2363 3353 2439 3426 μὴ
2481 3355 2642 3423 λόγος
2671 3356 2842 3420 ἄλλως
2871 3355 3004 3428 δοκῇ
3035 3355 3147 3409 τῶν
3179 3356 3494 3411 ἀποστόλων
3523 3359 3612 3410 ἐπὶ

2036 3447 2102 3514 τῇ
2137 3445 2395 3515 κοιμήσει
2423 3445 2523 3516 τῆς
2557 3446 2908 3517 Θεομήτορος
2935 3445 3261 3518 ἀθροισμὺς,
3292 3447 3611 3518 προσθεῖναί

2039 3553 2131 3605 μοι
2153 3536 2272 3590 δέον
2301 3537 2633 3606 λελόγισται,
2664 3542 2759 3593 καὶ
2788 3538 2823 3592 ἃ
2850 3538 3125 3602 Διονύσιος
3151 3541 3178 3592 ὸ
3213 3539 3612 3609 Ἀρεοπαγίτης

2035 3629 2095 3681 ἐν
2127 3628 2205 3700 τῷ
2233 3629 2372 3702 πρὸς
2402 3629 2672 3703 Τιμόθεον
2719 3632 3021 3684 ἐπίσκοπον
3058 3631 3284 3700 Ἐφέσου
3326 3632 3495 3703 τρίτῳ
3520 3649 3613 3685 κε-

2037 3721 2252 3793 φαλαίῳ
2309 3720 2476 3794 φησιν
2525 3723 2554 3775 δ
2604 3724 2734 3794 περὶ
2790 3723 2906 3789 τοῦ,
2943 3723 3040 3789 Τίς
3069 3724 3108 3792 ἠ
3140 3722 3250 3792 τῆς
3299 3723 3485 3794 εὐχῆς
3512 3723 3608 3778 δύ·

2035 3831 2233 3885 ναμις,
2258 3817 2359 3870 καὶ
2386 3817 2520 3885 περὶ
2548 3816 2654 3871 τοῦ
2675 3819 2977 3886 μακαρίου
3015 3818 3307 3886 Ἰεροθέου
3363 3819 3461 3871 καί
3481 3819 3612 3886 περὶ

2033 3909 2354 3976 εὐλασείας
2398 3908 2498 3963 καί
2542 3909 2903 3980 συγγραφῆς
2953 3910 3332 3982 θεολογικῆς,
3369 3911 3468 3981 τὴν
3497 3913 3614 3963 ἐπι-

2035 4001 2256 4074 γραφὴν
2275 4001 2520 4072 εἴληφεν.
2551 4001 2788 4072 Ἔχειδέ
2824 4001 2965 4056 κατὰ
2983 4002 3128 4070 λέξιν
3156 4003 3331 4068 οὑτως
3350 4019 3364 4035 ο
3400 4021 3421 4054 r
3459 4001 3615 4056 Ἐπεὶ

2035 4095 2133 4147 καὶ
2165 4094 2350 4157 αὑτοῖς
2403 4092 2726 4163 θεολήπτοις
2777 4092 2937 4164 ἡμῶν
2996 4093 3277 4165 ίεράρχαις
3315 4095 3477 4165 ἡνίκα
3518 4097 3611 4147 καὶ

2033 4188 2220 4257 ἡμεῖς,
2248 4186 2322 4249 ὡς
2361 4180 2517 4239 οἶσθα
2548 4186 2641 4238 καὶ
2677 4185 2862 4253 αὐτὸς,
2912 4187 3009 4240 καὶ
3057 4186 3244 4239 πολλοὶ
3291 4185 3405 4240 τῶν
3451 4187 3612 4257 ίερῶν

2033 4278 2194 4348 ἡμῶν
2216 4276 2488 4346 ἀδελφῶν,
2510 4279 2602 4330 ἐπὶ
2627 4275 2726 4341 τὴν
2764 4278 2895 4331 θέαν
2921 4278 3015 4331 τοῦ
3045 4276 3338 4348 θεαρχικοῦ
3364 4278 3458 4332 καὶ
3479 4279 3608 4344 ζωο-

2034 4371 2191 4440 δόχου
2249 4367 2502 4440 σώματος
2557 4367 3000 4440 συνεληλύθαμεν
3029 4385 3043 4400 ’
3102 4369 3287 4439 παρῆν
3335 4369 3392 4422 δέ
3442 4373 3538 4425 καὶ
3584 4371 3613 4422 ὁ

2032 4461 2353 4532 ἀδελφόθεος
2413 4462 2692 4528 Ἰάκωϐος,
2745 4464 2838 4516 καὶ
2868 4462 3098 4533 Πέτρος,
3134 4464 3167 4533 ἠ
3205 4461 3484 4534 κορυφαία
3515 4463 3611 4516 καὶ

2031 4555 2388 4627 πρεσϐυτάτη
2439 4556 2548 4610 τῶν
2602 4556 2874 4624 θεολόγων
2925 4556 3210 4628 ἀκρότηςο
3263 4552 3385 4610 εἶτα
3439 4556 3612 4610 ἐδόκει

2034 4649 2173 4719 μετὰ
2204 4647 2304 4722 τὴν
2334 4649 2463 4704 θέαν
2495 4650 2737 4722 ὑμνῆσαι
2766 4650 2916 4713 ποὺς
2963 4649 3226 4719 ίεράρχας
3258 4647 3506 4712 ἅπαντας
3534 4647 3608 4711 ὡς

2031 4740 2260 4803 ἕκαστος
2310 4739 2449 4810 ἔχει,
2505 4739 2605 4810 τὴν
2661 4737 3102 4811 άπειροδύναμον
3152 4737 3466 4807 ἀγαθότητα
3510 4737 3610 4805 τῆς

2031 4831 2332 4903 θεαρχικῆς
2382 4832 2701 4900 ἁγιαστίας.
2757 4831 2987 4885 Πάντων
3043 4828 3269 4899 ἐκράτει
3302 4830 3442 4899 μετὰ
3479 4829 3609 4892 τοὺς

2030 4925 2342 4993 θεολόγους,
2374 4923 2450 4986 ὠς
2502 4921 2683 4989 οἶσθα,
2719 4924 2831 4977 τῶν
2871 4923 3046 4978 ἄλλων
3101 4923 3464 4993 ίερομυστῶν,
3495 4922 3612 4984 ’ὅλος

2032 5021 2311 5091 ἐκδημῶν,
2344 5019 2464 5081 ὅλος
2501 5020 2858 5092 ἐξιστάμενος
2888 5018 3106 5086 ἐαυτοῦ,
3131 5019 3223 5072 καὶ
3253 5018 3352 5090 τὴν
3386 5017 3520 5088 πρὸς
3545 5016 3615 5070 τὰ

2032 5115 2348 5186 ὑμνούμενα
2398 5114 2686 5168 κοινωνίαν
2734 5114 2958 5184 πάσχων
2992 5115 3086 5167 καί⁵
3117 5113 3251 5184 πρὸς
3281 5113 3502 5166 πάντων
3539 5127 3613 5166 ων

2030 5209 2260 5279 ἠκούετο
2303 5211 2400 5262 καὶ
2463 5207 2694 5279 ἑωρᾶτο.
2731 5208 2843 5261 Καὶ
2884 5208 3215 5275 ἐγινώσκετο
3247 5206 3343 5258 καὶ
3368 5204 3468 5258 οὑκ
3495 5207 3612 5272 ἐγι-

2037 5303 2295 5370 νώσκετο,
2329 5301 2632 5372 θεόληπτος
2660 5295 2803 5354 εἶναι
2852 5303 2948 5352 καὶ
2983 5298 3126 5362 θεῖος
3155 5297 3452 5369 ὑμνολόγος
3489 5315 3612 5368 κρι-

2033 5397 2281 5465 νόμενος.
2309 5396 2420 5448 Καὶ
2447 5397 2498 5448 τί
2531 5396 2597 5450 ἄν
2626 5411 2710 5447 σοι
2744 5393 2873 5463 περὶ
2901 5392 3010 5446 τῶν
3037 5394 3151 5445 ἐκεῖ
3181 5389 3614 5460 θεολογηθέντων

2033 5489 2290 5558 λέγοιμι;
2322 5488 2417 5542 καὶ
2454 5489 2585 5556 γὰρ,
2627 5490 2676 5540 εἰ
2713 5487 2790 5557 μὴ
2821 5487 2917 5538 καὶ
2953 5483 3194 5556 ἐμαυτοῦ
3226 5483 3615 5550 ἐπιλέλησμαι,

2035 5581 2264 5643 πολλοὺς
2301 5576 2418 5632 οίδα
2449 5579 2602 5649 παρὰ
2639 5578 2757 5644 σοῦ,
2801 5579 2897 5630 καὶ
2946 5579 3092 5647 μέρη
3121 5575 3246 5629 τινὰ
3289 5573 3397 5627 τῶν
3424 5571 3616 5625 ἐνθεα-

2036 5675 2238 5727 στικῶν
2278 5673 2504 5727 ἐκείνων
2559 5673 2845 5742 ὑμνῳδιῶν
2870 5672 3205 5734 ἐπακούσας.
3248 5689 3264 5719 ›
3301 5665 3484 5721 Ταῦτα
3515 5666 3616 5734 μὲν

2036 5769 2061 5818 ό
2088 5765 2391 5829 Διονύσιος⁹
2421 5766 2470 5817 oi
2505 5765 2560 5817 δὲ
2610 5765 2903 5819 ἀπόστολοι
2939 5766 3033 5817 καὶ
3085 5763 3208 5816 ὅσον
3239 5760 3304 5833 ἧν
3334 5760 3612 5828 ἔκκριτον,
