  <div class='ocr_page' id='page_1' title='image "/cluster/home/n/w/nwhite01/storage/ocr_20150623/145:no.1/coo.31924054870500/414.png"; bbox 0 0 4046 6452; ppageno 0'>
   <div class='ocr_carea' id='block_1_1' title="bbox 3096 308 3119 342">
    <p class='ocr_par' dir='ltr' id='par_1_1' title="bbox 3096 308 3119 342">
     <span class='ocr_line' id='line_1_1' title="bbox 3096 308 3119 342; baseline 0 0"><span class='ocrx_word' id='word_1_1' title='bbox 3096 308 3119 342; x_wconf 63' lang='lat'><strong>9&#39;</strong></span> 
     </span>
    </p>
   </div>
   <div class='ocr_carea' id='block_1_2' title="bbox 402 382 3672 489">
    <p class='ocr_par' dir='ltr' id='par_1_2' title="bbox 402 382 3672 489">
     <span class='ocr_line' id='line_1_2' title="bbox 402 382 3672 489; baseline -0.004 -34"><span class='ocrx_word' id='word_1_2' title='bbox 402 389 509 455; x_wconf 70' lang='lat'><strong>813</strong></span> <span class='ocrx_word' id='word_1_3' title='bbox 946 440 952 446; x_wconf 91' lang='lat'><strong>.</strong></span> <span class='ocrx_word' id='word_1_4' title='bbox 1368 385 1973 449; x_wconf 67' lang='lat' dir='ltr'><strong>ECCLESIASTlC/E</strong></span> <span class='ocrx_word' id='word_1_5' title='bbox 2014 385 2405 448; x_wconf 64' lang='lat' dir='ltr'><strong>HISTJRIE</strong></span> <span class='ocrx_word' id='word_1_6' title='bbox 2454 385 2594 446; x_wconf 63' lang='lat' dir='ltr'><strong>LIB.</strong></span> <span class='ocrx_word' id='word_1_7' title='bbox 2650 384 2732 443; x_wconf 69' lang='lat' dir='ltr'><strong>l1.</strong></span> <span class='ocrx_word' id='word_1_8' title='bbox 2986 464 3041 489; x_wconf 15' lang='grc' dir='ltr'><strong>,ἢ</strong></span> <span class='ocrx_word' id='word_1_9' title='bbox 3568 382 3672 445; x_wconf 71' lang='grc' dir='ltr'><strong>ειι</strong></span> 
     </span>
    </p>
   </div>
   <div class='ocr_carea' id='block_1_3' title="bbox 404 478 1986 573">
    <p class='ocr_par' dir='ltr' id='par_1_3' title="bbox 404 496 1985 573">
     <span class='ocr_line' id='line_1_3' title="bbox 404 496 1985 573; baseline -0.001 -17"><span class='ocrx_word' id='word_1_10' title='bbox 404 503 593 573; x_wconf 71' lang='grc' dir='ltr'>κύκλῳ</span> <span class='ocrx_word' id='word_1_11' title='bbox 622 500 721 570; x_wconf 77' lang='grc' dir='ltr'>τὴν</span> <span class='ocrx_word' id='word_1_12' title='bbox 772 499 966 568; x_wconf 84' lang='grc' dir='ltr'>κλίνην</span> <span class='ocrx_word' id='word_1_13' title='bbox 1008 496 1372 569; x_wconf 75' lang='grc' dir='ltr'><strong>διειληφότες,</strong></span> <span class='ocrx_word' id='word_1_14' title='bbox 1401 499 1648 563; x_wconf 70' lang='grc' dir='ltr'>εὐλαϐῶς</span> <span class='ocrx_word' id='word_1_15' title='bbox 1699 503 1985 571; x_wconf 84' lang='grc' dir='ltr'>κατησπά-</span> 
     </span>
    </p>
   </div>
   <div class='ocr_carea' id='block_1_4' title="bbox 2089 478 3671 573">
    <p class='ocr_par' dir='ltr' id='par_1_4' title="bbox 2089 478 3671 566">
     <span class='ocr_line' id='line_1_4' title="bbox 2089 478 3671 566; baseline -0.001 -13"><span class='ocrx_word' id='word_1_16' title='bbox 2089 499 2461 554; x_wconf 87' lang='lat' dir='ltr'><strong>meminerim.</strong></span> <span class='ocrx_word' id='word_1_17' title='bbox 2498 514 2583 549; x_wconf 84' lang='lat' dir='ltr'><strong>me</strong></span> <span class='ocrx_word' id='word_1_18' title='bbox 2615 478 3084 566; x_wconf 58' lang='lat' dir='ltr'><strong>rmiltos&#39;liyinrios</strong></span> <span class='ocrx_word' id='word_1_19' title='bbox 3110 507 3163 550; x_wconf 86' lang='lat' dir='ltr'><strong>et</strong></span> <span class='ocrx_word' id='word_1_20' title='bbox 3196 506 3381 566; x_wconf 87' lang='lat' dir='ltr'><strong>partes</strong></span> <span class='ocrx_word' id='word_1_21' title='bbox 3406 499 3671 564; x_wconf 72' lang='lat' dir='ltr'><strong>quasdam</strong></span> 
     </span>
    </p>
   </div>
   <div class='ocr_carea' id='block_1_5' title="bbox 405 587 1986 663">
    <p class='ocr_par' dir='ltr' id='par_1_5' title="bbox 405 589 1986 663">
     <span class='ocr_line' id='line_1_5' title="bbox 405 589 1986 663; baseline 0 -17"><span class='ocrx_word' id='word_1_22' title='bbox 405 596 598 657; x_wconf 82' lang='grc' dir='ltr'>ζοντο·</span> <span class='ocrx_word' id='word_1_23' title='bbox 654 591 953 661; x_wconf 74' lang='grc' dir='ltr'><strong>θαυμάτων</strong></span> <span class='ocrx_word' id='word_1_24' title='bbox 982 590 1041 645; x_wconf 64' lang='grc' dir='ltr'>δὲ</span> <span class='ocrx_word' id='word_1_25' title='bbox 1077 589 1236 662; x_wconf 88' lang='grc' dir='ltr'>χύσις</span> <span class='ocrx_word' id='word_1_26' title='bbox 1289 591 1467 662; x_wconf 75' lang='grc' dir='ltr'>ερρει.</span> <span class='ocrx_word' id='word_1_27' title='bbox 1518 590 1723 659; x_wconf 77' lang='grc' dir='ltr'>Τυφλοὶ</span> <span class='ocrx_word' id='word_1_28' title='bbox 1772 592 1986 663; x_wconf 77' lang='grc' dir='ltr'>ὄμμασι</span> 
     </span>
    </p>
   </div>
   <div class='ocr_carea' id='block_1_6' title="bbox 2089 587 3673 663">
    <p class='ocr_par' dir='ltr' id='par_1_6' title="bbox 2089 587 3673 657">
     <span class='ocr_line' id='line_1_6' title="bbox 2089 587 3673 657; baseline -0.002 -13"><span class='ocrx_word' id='word_1_29' title='bbox 2089 589 2356 644; x_wconf 85' lang='lat' dir='ltr'><strong>divinitus</strong></span> <span class='ocrx_word' id='word_1_30' title='bbox 2390 589 2781 657; x_wconf 82' lang='lat' dir='ltr'><strong>inSpiratarum</strong></span> <span class='ocrx_word' id='word_1_31' title='bbox 2824 587 3042 641; x_wconf 86' lang='lat' dir='ltr'><strong>illarum</strong></span> <span class='ocrx_word' id='word_1_32' title='bbox 3075 587 3323 647; x_wconf 80' lang='lat' dir='ltr'><strong>laudum.</strong></span> <span class='ocrx_word' id='word_1_33' title='bbox 3356 599 3406 642; x_wconf 92' lang='lat' dir='ltr'><strong>te</strong></span> <span class='ocrx_word' id='word_1_34' title='bbox 3443 603 3673 642; x_wconf 64' lang='lat' dir='ltr'><strong>cannntc</strong></span> 
     </span>
    </p>
   </div>
   <div class='ocr_carea' id='block_1_7' title="bbox 406 678 1986 756">
    <p class='ocr_par' dir='ltr' id='par_1_7' title="bbox 406 681 1984 756">
     <span class='ocr_line' id='line_1_7' title="bbox 406 681 1984 756; baseline -0.001 -17"><span class='ocrx_word' id='word_1_35' title='bbox 406 683 734 756; x_wconf 73' lang='grc' dir='ltr'><strong>παραδόξοις</strong></span> <span class='ocrx_word' id='word_1_36' title='bbox 778 682 967 751; x_wconf 77' lang='grc' dir='ltr'>ἐώρων</span> <span class='ocrx_word' id='word_1_37' title='bbox 1011 682 1106 735; x_wconf 77' lang='grc' dir='ltr'><strong>τὸν</strong></span> <span class='ocrx_word' id='word_1_38' title='bbox 1153 681 1310 744; x_wconf 66' lang='grc' dir='ltr'>ἥλιον</span> <span class='ocrx_word' id='word_1_39' title='bbox 1333 695 1352 712; x_wconf 78' lang='grc'><strong><em>⁸</em></strong></span> <span class='ocrx_word' id='word_1_40' title='bbox 1389 683 1596 753; x_wconf 82' lang='grc' dir='ltr'>κωφοῖς</span> <span class='ocrx_word' id='word_1_41' title='bbox 1623 683 1656 754; x_wconf 77' lang='grc' dir='ltr'>ὴ</span> <span class='ocrx_word' id='word_1_42' title='bbox 1681 683 1984 754; x_wconf 83' lang='grc' dir='ltr'>ἁκουστικὴ</span> 
     </span>
    </p>
   </div>
   <div class='ocr_carea' id='block_1_8' title="bbox 2089 678 3674 756">
    <p class='ocr_par' dir='ltr' id='par_1_8' title="bbox 2089 678 3674 750">
     <span class='ocr_line' id='line_1_8' title="bbox 2089 678 3674 750; baseline 0.001 -17"><span class='ocrx_word' id='word_1_43' title='bbox 2089 680 2312 734; x_wconf 88' lang='lat' dir='ltr'><strong>audire?</strong></span> <span class='ocrx_word' id='word_1_44' title='bbox 2351 699 2366 729; x_wconf 71' lang='grc' dir='ltr'><strong><em>ο</em></strong></span> <span class='ocrx_word' id='word_1_45' title='bbox 2398 678 2521 734; x_wconf 66' lang='grc' dir='ltr'><strong>Η.εο</strong></span> <span class='ocrx_word' id='word_1_46' title='bbox 2568 680 2884 749; x_wconf 85' lang='lat' dir='ltr'><strong>Dionysius.</strong></span> <span class='ocrx_word' id='word_1_47' title='bbox 2932 679 3180 748; x_wconf 87' lang='lat' dir='ltr'><strong>Apostoli</strong></span> <span class='ocrx_word' id='word_1_48' title='bbox 3228 690 3436 739; x_wconf 67' lang='lat' dir='ltr'><strong>autem.</strong></span> <span class='ocrx_word' id='word_1_49' title='bbox 3488 691 3545 735; x_wconf 89' lang='lat' dir='ltr'><strong>et</strong></span> <span class='ocrx_word' id='word_1_50' title='bbox 3578 682 3674 750; x_wconf 82' lang='lat' dir='ltr'><strong>qui</strong></span> 
     </span>
    </p>
   </div>
   <div class='ocr_carea' id='block_1_9' title="bbox 402 771 1986 849">
    <p class='ocr_par' dir='ltr' id='par_1_9' title="bbox 402 772 1979 845">
     <span class='ocr_line' id='line_1_9' title="bbox 402 772 1979 845; baseline -0.002 -14"><span class='ocrx_word' id='word_1_51' title='bbox 402 772 633 843; x_wconf 75' lang='grc' dir='ltr'>δῦναμις</span> <span class='ocrx_word' id='word_1_52' title='bbox 661 774 982 844; x_wconf 71' lang='grc' dir='ltr'>ἐπορίζετο·</span> <span class='ocrx_word' id='word_1_53' title='bbox 1022 773 1188 845; x_wconf 62' lang='grc' dir='ltr'><strong>χωλοὶ⁵</strong></span> <span class='ocrx_word' id='word_1_54' title='bbox 1237 773 1337 838; x_wconf 81' lang='grc' dir='ltr'>τὰς</span> <span class='ocrx_word' id='word_1_55' title='bbox 1391 774 1582 845; x_wconf 84' lang='grc' dir='ltr'><strong>βάσεις</strong></span> <span class='ocrx_word' id='word_1_56' title='bbox 1639 774 1940 845; x_wconf 72' lang='grc' dir='ltr'>ήδράζοντο</span> <span class='ocrx_word' id='word_1_57' title='bbox 1968 791 1979 803; x_wconf 88' lang='grc'><strong>·</strong></span> 
     </span>
    </p>
   </div>
   <div class='ocr_carea' id='block_1_10' title="bbox 2089 771 3674 849">
    <p class='ocr_par' dir='ltr' id='par_1_10' title="bbox 2090 771 3674 849">
     <span class='ocr_line' id='line_1_10' title="bbox 2090 771 3674 849; baseline 0.002 -26"><span class='ocrx_word' id='word_1_58' title='bbox 2090 780 2355 839; x_wconf 65' lang='grc' dir='ltr'>ριίιδιενοει</span> <span class='ocrx_word' id='word_1_59' title='bbox 2402 771 2473 825; x_wconf 91' lang='lat' dir='ltr'><strong>ibi</strong></span> <span class='ocrx_word' id='word_1_60' title='bbox 2511 771 2774 832; x_wconf 86' lang='lat' dir='ltr'><strong>aderant,</strong></span> <span class='ocrx_word' id='word_1_61' title='bbox 2822 771 2920 823; x_wconf 86' lang='lat' dir='ltr'><strong>viri</strong></span> <span class='ocrx_word' id='word_1_62' title='bbox 2956 773 3187 841; x_wconf 79' lang='lat' dir='ltr'><strong>egregii,</strong></span> <span class='ocrx_word' id='word_1_63' title='bbox 3219 773 3422 826; x_wconf 73' lang='lat' dir='ltr'><strong>let-tuin</strong></span> <span class='ocrx_word' id='word_1_64' title='bbox 3471 790 3674 849; x_wconf 73' lang='lat' dir='ltr'><strong>corona</strong></span> 
     </span>
    </p>
   </div>
   <div class='ocr_carea' id='block_1_11' title="bbox 404 863 1986 936">
    <p class='ocr_par' dir='ltr' id='par_1_11' title="bbox 404 866 1983 936">
     <span class='ocr_line' id='line_1_11' title="bbox 404 866 1983 936; baseline -0.001 -14"><span class='ocrx_word' id='word_1_65' title='bbox 404 870 500 924; x_wconf 74' lang='grc' dir='ltr'><strong>καὶ</strong></span> <span class='ocrx_word' id='word_1_66' title='bbox 532 869 594 921; x_wconf 81' lang='grc' dir='ltr'><strong>τὸ</strong></span> <span class='ocrx_word' id='word_1_67' title='bbox 628 867 749 921; x_wconf 82' lang='grc' dir='ltr'><strong>ὅλον</strong></span> <span class='ocrx_word' id='word_1_68' title='bbox 779 868 972 933; x_wconf 81' lang='grc' dir='ltr'>εἰπεῖν,</span> <span class='ocrx_word' id='word_1_69' title='bbox 1001 866 1226 933; x_wconf 85' lang='grc' dir='ltr'>σύμπαν</span> <span class='ocrx_word' id='word_1_70' title='bbox 1260 866 1473 936; x_wconf 86' lang='grc' dir='ltr'>νόσημα</span> <span class='ocrx_word' id='word_1_71' title='bbox 1532 869 1597 936; x_wconf 83' lang='grc' dir='ltr'>τῇ</span> <span class='ocrx_word' id='word_1_72' title='bbox 1654 867 1791 932; x_wconf 79' lang='grc' dir='ltr'>θίξει</span> <span class='ocrx_word' id='word_1_73' title='bbox 1824 868 1983 936; x_wconf 89' lang='grc' dir='ltr'>μόνον</span> 
     </span>
    </p>
   </div>
   <div class='ocr_carea' id='block_1_12' title="bbox 2089 863 3673 936">
    <p class='ocr_par' dir='ltr' id='par_1_12' title="bbox 2089 863 3673 923">
     <span class='ocr_line' id='line_1_12' title="bbox 2089 863 3673 923; baseline 0.003 -7"><span class='ocrx_word' id='word_1_74' title='bbox 2089 863 2535 923; x_wconf 81' lang='lat' dir='ltr'><strong>circumdantes,</strong></span> <span class='ocrx_word' id='word_1_75' title='bbox 2593 872 2915 917; x_wconf 69' lang='lat' dir='ltr'><strong>reverenter</strong></span> <span class='ocrx_word' id='word_1_76' title='bbox 2968 864 3122 917; x_wconf 86' lang='lat' dir='ltr'><strong>illum</strong></span> <span class='ocrx_word' id='word_1_77' title='bbox 3178 865 3673 920; x_wconf 78' lang='lat' dir='ltr'><strong>cxosculabantur.</strong></span> 
     </span>
    </p>
   </div>
   <div class='ocr_carea' id='block_1_13' title="bbox 407 956 1985 1031">
    <p class='ocr_par' dir='ltr' id='par_1_13' title="bbox 407 956 1985 1031">
     <span class='ocr_line' id='line_1_13' title="bbox 407 956 1985 1031; baseline -0.002 -15"><span class='ocrx_word' id='word_1_78' title='bbox 407 959 682 1031; x_wconf 78' lang='grc' dir='ltr'><strong>ὑπεχώρει</strong></span> <span class='ocrx_word' id='word_1_79' title='bbox 735 956 931 1028; x_wconf 87' lang='grc' dir='ltr'>ἀθρόον</span> <span class='ocrx_word' id='word_1_80' title='bbox 987 959 1084 1012; x_wconf 74' lang='grc' dir='ltr'><strong>καὶ</strong></span> <span class='ocrx_word' id='word_1_81' title='bbox 1137 958 1400 1013; x_wconf 83' lang='grc' dir='ltr'>διελύετο.</span> <span class='ocrx_word' id='word_1_82' title='bbox 1429 958 1649 1012; x_wconf 85' lang='grc' dir='ltr'>Ἔπειθ’</span> <span class='ocrx_word' id='word_1_83' title='bbox 1679 959 1784 1013; x_wconf 75' lang='grc' dir='ltr'>ὑπὸ</span> <span class='ocrx_word' id='word_1_84' title='bbox 1846 960 1985 1031; x_wconf 82' lang='grc' dir='ltr'>λαμ-</span> 
     </span>
    </p>
   </div>
   <div class='ocr_carea' id='block_1_14' title="bbox 404 1048 1982 1121">
    <p class='ocr_par' dir='ltr' id='par_1_14' title="bbox 404 1048 1982 1121">
     <span class='ocr_line' id='line_1_14' title="bbox 404 1048 1982 1121; baseline -0.001 -16"><span class='ocrx_word' id='word_1_85' title='bbox 404 1052 541 1106; x_wconf 89' lang='grc' dir='ltr'><strong>πάσι</strong></span> <span class='ocrx_word' id='word_1_86' title='bbox 572 1050 668 1104; x_wconf 73' lang='grc' dir='ltr'>καὶ</span> <span class='ocrx_word' id='word_1_87' title='bbox 703 1048 895 1121; x_wconf 83' lang='grc' dir='ltr'>μύρων</span> <span class='ocrx_word' id='word_1_88' title='bbox 927 1048 1171 1115; x_wconf 79' lang='grc' dir='ltr'>ἄνθεσιν,</span> <span class='ocrx_word' id='word_1_89' title='bbox 1195 1048 1446 1118; x_wconf 81' lang='grc' dir='ltr'>ἀγγέλων</span> <span class='ocrx_word' id='word_1_90' title='bbox 1477 1050 1578 1121; x_wconf 84' lang='grc' dir='ltr'>μὲν</span> <span class='ocrx_word' id='word_1_91' title='bbox 1610 1050 1821 1105; x_wconf 77' lang='grc' dir='ltr'>ἀνωθεν</span> <span class='ocrx_word' id='word_1_92' title='bbox 1846 1068 1982 1120; x_wconf 81' lang='grc' dir='ltr'>προ-</span> 
     </span>
    </p>
   </div>
   <div class='ocr_carea' id='block_1_15' title="bbox 403 1142 1983 1213">
    <p class='ocr_par' dir='ltr' id='par_1_15' title="bbox 403 1142 1983 1213">
     <span class='ocr_line' id='line_1_15' title="bbox 403 1142 1983 1213; baseline -0.001 -16"><span class='ocrx_word' id='word_1_93' title='bbox 403 1145 657 1210; x_wconf 81' lang='grc' dir='ltr'><strong>θεόντων,</strong></span> <span class='ocrx_word' id='word_1_94' title='bbox 704 1142 1175 1213; x_wconf 80' lang='grc' dir='ltr'>περιῖπταμένων,</span> <span class='ocrx_word' id='word_1_95' title='bbox 1200 1142 1580 1213; x_wconf 78' lang='grc' dir='ltr'>ἐφεπομένων,</span> <span class='ocrx_word' id='word_1_96' title='bbox 1605 1143 1766 1197; x_wconf 80' lang='grc' dir='ltr'>θείων</span> <span class='ocrx_word' id='word_1_97' title='bbox 1790 1142 1846 1197; x_wconf 83' lang='grc' dir='ltr'>δὲ</span> <span class='ocrx_word' id='word_1_98' title='bbox 1874 1144 1983 1196; x_wconf 86' lang='grc' dir='ltr'><strong>Πα-</strong></span> 
     </span>
    </p>
   </div>
   <div class='ocr_carea' id='block_1_16' title="bbox 401 1231 1978 1304">
    <p class='ocr_par' dir='ltr' id='par_1_16' title="bbox 401 1231 1978 1304">
     <span class='ocr_line' id='line_1_16' title="bbox 401 1231 1978 1304; baseline -0.001 -16"><span class='ocrx_word' id='word_1_99' title='bbox 401 1234 574 1304; x_wconf 83' lang='grc' dir='ltr'>τέρων</span> <span class='ocrx_word' id='word_1_100' title='bbox 607 1234 701 1286; x_wconf 75' lang='grc' dir='ltr'><strong>καὶ</strong></span> <span class='ocrx_word' id='word_1_101' title='bbox 732 1233 1052 1286; x_wconf 85' lang='grc' dir='ltr'>ἀποστόλων</span> <span class='ocrx_word' id='word_1_102' title='bbox 1082 1231 1228 1302; x_wconf 81' lang='grc' dir='ltr'>ᾠδάς</span> <span class='ocrx_word' id='word_1_103' title='bbox 1259 1250 1417 1297; x_wconf 87' lang='grc' dir='ltr'>τινας</span> <span class='ocrx_word' id='word_1_104' title='bbox 1447 1233 1696 1298; x_wconf 80' lang='grc' dir='ltr'>ὲξαισίας</span> <span class='ocrx_word' id='word_1_105' title='bbox 1720 1233 1978 1304; x_wconf 78' lang='grc' dir='ltr'><strong>ᾀδόντων,</strong></span> 
     </span>
    </p>
   </div>
   <div class='ocr_carea' id='block_1_17' title="bbox 403 1322 1980 1397">
    <p class='ocr_par' dir='ltr' id='par_1_17' title="bbox 403 1322 1980 1397">
     <span class='ocr_line' id='line_1_17' title="bbox 403 1322 1980 1397; baseline -0.001 -21"><span class='ocrx_word' id='word_1_106' title='bbox 403 1328 436 1394; x_wconf 84' lang='grc' dir='ltr'><strong>ἡ</strong></span> <span class='ocrx_word' id='word_1_107' title='bbox 464 1323 628 1395; x_wconf 84' lang='grc' dir='ltr'>νοητὴ</span> <span class='ocrx_word' id='word_1_108' title='bbox 658 1323 893 1387; x_wconf 77' lang='grc' dir='ltr'>κιϐωτὸς</span> <span class='ocrx_word' id='word_1_109' title='bbox 922 1325 986 1375; x_wconf 83' lang='grc' dir='ltr'>ὲκ</span> <span class='ocrx_word' id='word_1_110' title='bbox 1013 1323 1152 1377; x_wconf 88' lang='grc' dir='ltr'>Σιὼν</span> <span class='ocrx_word' id='word_1_111' title='bbox 1176 1323 1311 1395; x_wconf 71' lang='grc' dir='ltr'>πρὸς</span> <span class='ocrx_word' id='word_1_112' title='bbox 1345 1322 1673 1397; x_wconf 78' lang='grc' dir='ltr'>Γεθσημανή</span> <span class='ocrx_word' id='word_1_113' title='bbox 1702 1325 1820 1383; x_wconf 76' lang='grc' dir='ltr'>ταῖς</span> <span class='ocrx_word' id='word_1_114' title='bbox 1841 1323 1980 1376; x_wconf 77' lang='grc' dir='ltr'>ἀποσ</span> 
     </span>
    </p>
   </div>
   <div class='ocr_carea' id='block_1_18' title="bbox 406 1412 1980 1487">
    <p class='ocr_par' dir='ltr' id='par_1_18' title="bbox 406 1412 1980 1487">
     <span class='ocr_line' id='line_1_18' title="bbox 406 1412 1980 1487; baseline -0.003 -18"><span class='ocrx_word' id='word_1_115' title='bbox 406 1417 686 1480; x_wconf 81' lang='grc' dir='ltr'>στολικατς</span> <span class='ocrx_word' id='word_1_116' title='bbox 713 1415 1061 1487; x_wconf 78' lang='grc' dir='ltr'>ἐποχουμένη</span> <span class='ocrx_word' id='word_1_117' title='bbox 1093 1415 1283 1486; x_wconf 72' lang='grc' dir='ltr'>χερσὶν</span> <span class='ocrx_word' id='word_1_118' title='bbox 1306 1412 1618 1485; x_wconf 79' lang='grc' dir='ltr'>ἐκομίζετο.</span> <span class='ocrx_word' id='word_1_119' title='bbox 1651 1414 1728 1485; x_wconf 83' lang='grc' dir='ltr'><strong>Τῇ</strong></span> <span class='ocrx_word' id='word_1_120' title='bbox 1759 1413 1816 1466; x_wconf 87' lang='grc' dir='ltr'>δὲ</span> <span class='ocrx_word' id='word_1_121' title='bbox 1846 1430 1980 1484; x_wconf 87' lang='grc' dir='ltr'>χαρ-</span> 
     </span>
    </p>
   </div>
   <div class='ocr_carea' id='block_1_19' title="bbox 407 1504 1981 1580">
    <p class='ocr_par' dir='ltr' id='par_1_19' title="bbox 407 1504 1981 1580">
     <span class='ocr_line' id='line_1_19' title="bbox 407 1504 1981 1580; baseline -0.003 -19"><span class='ocrx_word' id='word_1_122' title='bbox 407 1512 544 1580; x_wconf 80' lang='grc' dir='ltr'>μονῇ</span> <span class='ocrx_word' id='word_1_123' title='bbox 586 1508 759 1579; x_wconf 87' lang='grc' dir='ltr'>ταύτῃ</span> <span class='ocrx_word' id='word_1_124' title='bbox 797 1508 892 1561; x_wconf 88' lang='grc' dir='ltr'><strong>καί</strong></span> <span class='ocrx_word' id='word_1_125' title='bbox 927 1525 980 1560; x_wconf 90' lang='grc' dir='ltr'><strong>τι</strong></span> <span class='ocrx_word' id='word_1_126' title='bbox 1029 1506 1268 1578; x_wconf 82' lang='grc' dir='ltr'>χαλεπὸν</span> <span class='ocrx_word' id='word_1_127' title='bbox 1322 1506 1636 1574; x_wconf 67' lang='grc' dir='ltr'>ἐπιγίνεται</span> <span class='ocrx_word' id='word_1_128' title='bbox 1670 1506 1843 1577; x_wconf 83' lang='grc' dir='ltr'>λήθης</span> <span class='ocrx_word' id='word_1_129' title='bbox 1890 1504 1981 1557; x_wconf 83' lang='grc' dir='ltr'>οὺ-</span> 
     </span>
    </p>
   </div>
   <div class='ocr_carea' id='block_1_20' title="bbox 287 1596 1979 1669">
    <p class='ocr_par' dir='ltr' id='par_1_20' title="bbox 287 1596 1979 1669">
     <span class='ocr_line' id='line_1_20' title="bbox 287 1596 1979 1669; baseline -0.002 -15"><span class='ocrx_word' id='word_1_130' title='bbox 287 1628 291 1633; x_wconf 78' lang='lat'><strong><em>~</em></strong></span> <span class='ocrx_word' id='word_1_131' title='bbox 401 1598 589 1666; x_wconf 83' lang='grc' dir='ltr'>δαμῶς</span> <span class='ocrx_word' id='word_1_132' title='bbox 625 1598 801 1664; x_wconf 81' lang='grc' dir='ltr'>ἀξιον.</span> <span class='ocrx_word' id='word_1_133' title='bbox 834 1597 939 1651; x_wconf 81' lang='grc' dir='ltr'><strong>Τοῦ</strong></span> <span class='ocrx_word' id='word_1_134' title='bbox 992 1601 1103 1667; x_wconf 86' lang='grc' dir='ltr'>γὰρ</span> <span class='ocrx_word' id='word_1_135' title='bbox 1141 1596 1289 1651; x_wconf 84' lang='grc' dir='ltr'>θείου</span> <span class='ocrx_word' id='word_1_136' title='bbox 1324 1596 1581 1669; x_wconf 77' lang='grc' dir='ltr'>σκήνους,</span> <span class='ocrx_word' id='word_1_137' title='bbox 1612 1596 1689 1661; x_wconf 84' lang='grc' dir='ltr'><strong>ῶς</strong></span> <span class='ocrx_word' id='word_1_138' title='bbox 1737 1596 1979 1667; x_wconf 76' lang='grc' dir='ltr'>εἴρηται,</span> 
     </span>
    </p>
   </div>
   <div class='ocr_carea' id='block_1_21' title="bbox 405 1687 1982 1761">
    <p class='ocr_par' dir='ltr' id='par_1_21' title="bbox 405 1687 1982 1761">
     <span class='ocr_line' id='line_1_21' title="bbox 405 1687 1982 1761; baseline -0.003 -18"><span class='ocrx_word' id='word_1_139' title='bbox 405 1690 544 1761; x_wconf 77' lang='grc' dir='ltr'>πρὸς</span> <span class='ocrx_word' id='word_1_140' title='bbox 571 1688 905 1760; x_wconf 81' lang='grc' dir='ltr'>Γεθσημανὴ</span> <span class='ocrx_word' id='word_1_141' title='bbox 944 1687 1480 1759; x_wconf 83' lang='grc' dir='ltr'>μετακομιζομένου,</span> <span class='ocrx_word' id='word_1_142' title='bbox 1503 1688 1640 1742; x_wconf 86' lang='grc' dir='ltr'>ὅπου</span> <span class='ocrx_word' id='word_1_143' title='bbox 1669 1689 1735 1757; x_wconf 83' lang='grc' dir='ltr'>δὴ</span> <span class='ocrx_word' id='word_1_144' title='bbox 1768 1687 1863 1742; x_wconf 73' lang='grc' dir='ltr'>καὶ</span> <span class='ocrx_word' id='word_1_145' title='bbox 1885 1704 1982 1739; x_wconf 86' lang='grc' dir='ltr'>τα-</span> 
     </span>
    </p>
   </div>
   <div class='ocr_carea' id='block_1_22' title="bbox 405 1779 1978 1854">
    <p class='ocr_par' dir='ltr' id='par_1_22' title="bbox 405 1779 1978 1854">
     <span class='ocr_line' id='line_1_22' title="bbox 405 1779 1978 1854; baseline 0 -20"><span class='ocrx_word' id='word_1_146' title='bbox 405 1783 515 1854; x_wconf 72' lang='grc' dir='ltr'><strong>φῆς</strong></span> <span class='ocrx_word' id='word_1_147' title='bbox 543 1782 810 1852; x_wconf 81' lang='grc' dir='ltr'>ἠξιῶσθαι</span> <span class='ocrx_word' id='word_1_148' title='bbox 839 1782 873 1851; x_wconf 79' lang='grc' dir='ltr'>ἡ</span> <span class='ocrx_word' id='word_1_149' title='bbox 910 1781 1213 1853; x_wconf 83' lang='grc' dir='ltr'>Θεομήτωρ</span> <span class='ocrx_word' id='word_1_150' title='bbox 1247 1781 1624 1849; x_wconf 73' lang='grc' dir='ltr'>ἐπέσκηπτεν,</span> <span class='ocrx_word' id='word_1_151' title='bbox 1644 1780 1696 1833; x_wconf 78' lang='lat' dir='ltr'><strong>oi</strong></span> <span class='ocrx_word' id='word_1_152' title='bbox 1736 1779 1978 1834; x_wconf 81' lang='grc' dir='ltr'>Ἰουδαῖοι</span> 
     </span>
    </p>
   </div>
   <div class='ocr_carea' id='block_1_23' title="bbox 2086 950 3673 1021">
    <p class='ocr_par' dir='ltr' id='par_1_23' title="bbox 2086 950 3673 1021">
     <span class='ocr_line' id='line_1_23' title="bbox 2086 950 3673 1021; baseline 0.004 -18"><span class='ocrx_word' id='word_1_153' title='bbox 2086 952 2165 1003; x_wconf 81' lang='lat' dir='ltr'><strong>Ad</strong></span> <span class='ocrx_word' id='word_1_154' title='bbox 2198 967 2361 1020; x_wconf 86' lang='lat' dir='ltr'><strong>quem</strong></span> <span class='ocrx_word' id='word_1_155' title='bbox 2396 950 2601 1006; x_wconf 85' lang='lat' dir='ltr'><strong>deinde</strong></span> <span class='ocrx_word' id='word_1_156' title='bbox 2629 968 2794 1020; x_wconf 72' lang='lat' dir='ltr'><strong>quam</strong></span> <span class='ocrx_word' id='word_1_157' title='bbox 2838 953 3073 1021; x_wconf 88' lang='lat' dir='ltr'><strong>plurima</strong></span> <span class='ocrx_word' id='word_1_158' title='bbox 3115 954 3325 1008; x_wconf 83' lang='lat' dir='ltr'><strong>ﬁebant</strong></span> <span class='ocrx_word' id='word_1_159' title='bbox 3364 956 3629 1010; x_wconf 85' lang='lat' dir='ltr'><strong>miracula</strong></span> <span class='ocrx_word' id='word_1_160' title='bbox 3660 976 3673 1010; x_wconf 90' lang='lat'><strong>:</strong></span> 
     </span>
    </p>
   </div>
   <div class='ocr_carea' id='block_1_24' title="bbox 2089 1045 3673 1119">
    <p class='ocr_par' dir='ltr' id='par_1_24' title="bbox 2089 1045 3673 1119">
     <span class='ocr_line' id='line_1_24' title="bbox 2089 1045 3673 1119; baseline 0.004 -21"><span class='ocrx_word' id='word_1_161' title='bbox 2089 1045 2251 1115; x_wconf 77' lang='lat'><strong>170</strong></span> <span class='ocrx_word' id='word_1_162' title='bbox 2308 1046 2778 1114; x_wconf 80' lang='lat' dir='ltr'><strong>caeci&#39;namque,</strong></span> <span class='ocrx_word' id='word_1_163' title='bbox 2838 1056 3038 1114; x_wconf 85' lang='lat' dir='ltr'><strong>praeter</strong></span> <span class='ocrx_word' id='word_1_164' title='bbox 3091 1063 3245 1117; x_wconf 87' lang='lat' dir='ltr'><strong>spem</strong></span> <span class='ocrx_word' id='word_1_165' title='bbox 3303 1051 3673 1119; x_wconf 77' lang='lat' dir='ltr'><strong>exspectatio-</strong></span> 
     </span>
    </p>
   </div>
   <div class='ocr_carea' id='block_1_25' title="bbox 2086 1130 3673 1207">
    <p class='ocr_par' dir='ltr' id='par_1_25' title="bbox 2086 1130 3673 1207">
     <span class='ocr_line' id='line_1_25' title="bbox 2086 1130 3673 1207; baseline 0.002 -18"><span class='ocrx_word' id='word_1_166' title='bbox 2086 1152 2323 1207; x_wconf 83' lang='lat' dir='ltr'><strong>nemque</strong></span> <span class='ocrx_word' id='word_1_167' title='bbox 2376 1151 2637 1197; x_wconf 89' lang='lat' dir='ltr'><strong>omnem.</strong></span> <span class='ocrx_word' id='word_1_168' title='bbox 2700 1130 2877 1191; x_wconf 80' lang='lat' dir='ltr'><strong>oculis</strong></span> <span class='ocrx_word' id='word_1_169' title='bbox 2932 1138 3050 1192; x_wconf 86' lang='lat' dir='ltr'><strong>suis</strong></span> <span class='ocrx_word' id='word_1_170' title='bbox 3111 1139 3282 1194; x_wconf 86' lang='lat' dir='ltr'><strong>solem</strong></span> <span class='ocrx_word' id='word_1_171' title='bbox 3346 1141 3673 1201; x_wconf 80' lang='lat' dir='ltr'><strong>cernebant,</strong></span> 
     </span>
    </p>
   </div>
   <div class='ocr_carea' id='block_1_26' title="bbox 2083 1227 3673 1303">
    <p class='ocr_par' dir='ltr' id='par_1_26' title="bbox 2083 1227 3673 1303">
     <span class='ocr_line' id='line_1_26' title="bbox 2083 1227 3673 1303; baseline 0.003 -23"><span class='ocrx_word' id='word_1_172' title='bbox 2083 1227 2271 1281; x_wconf 80' lang='lat' dir='ltr'><strong>surdis</strong></span> <span class='ocrx_word' id='word_1_173' title='bbox 2306 1227 2534 1281; x_wconf 84' lang='lat' dir='ltr'><strong>auditus</strong></span> <span class='ocrx_word' id='word_1_174' title='bbox 2578 1244 2714 1283; x_wconf 88' lang='lat' dir='ltr'><strong>suus</strong></span> <span class='ocrx_word' id='word_1_175' title='bbox 2749 1228 3009 1296; x_wconf 86' lang='lat' dir='ltr'><strong>dabatur,</strong></span> <span class='ocrx_word' id='word_1_176' title='bbox 3043 1231 3226 1284; x_wconf 86' lang='lat' dir='ltr'><strong>claudi</strong></span> <span class='ocrx_word' id='word_1_177' title='bbox 3270 1247 3495 1303; x_wconf 77' lang='lat' dir='ltr'><strong>gressus</strong></span> <span class='ocrx_word' id='word_1_178' title='bbox 3530 1234 3673 1285; x_wconf 86' lang='lat' dir='ltr'><strong>reci-</strong></span> 
     </span>
    </p>
   </div>
   <div class='ocr_carea' id='block_1_27' title="bbox 2085 1319 3677 1393">
    <p class='ocr_par' dir='ltr' id='par_1_27' title="bbox 2085 1319 3677 1393">
     <span class='ocr_line' id='line_1_27' title="bbox 2085 1319 3677 1393; baseline 0.003 -21"><span class='ocrx_word' id='word_1_179' title='bbox 2085 1319 2351 1387; x_wconf 83' lang='lat' dir='ltr'><strong>piebant:</strong></span> <span class='ocrx_word' id='word_1_180' title='bbox 2394 1328 2452 1374; x_wconf 89' lang='lat' dir='ltr'><strong>et</strong></span> <span class='ocrx_word' id='word_1_181' title='bbox 2499 1330 2558 1373; x_wconf 87' lang='lat' dir='ltr'><strong>ut</strong></span> <span class='ocrx_word' id='word_1_182' title='bbox 2595 1320 2768 1373; x_wconf 87' lang='lat' dir='ltr'><strong>semel</strong></span> <span class='ocrx_word' id='word_1_183' title='bbox 2814 1321 3035 1387; x_wconf 79' lang='lat' dir='ltr'><strong>dicam,</strong></span> <span class='ocrx_word' id='word_1_184' title='bbox 3077 1339 3243 1377; x_wconf 79' lang='lat' dir='ltr'><strong>omne</strong></span> <span class='ocrx_word' id='word_1_185' title='bbox 3276 1325 3452 1379; x_wconf 82' lang='lat' dir='ltr'><strong>morbi</strong></span> <span class='ocrx_word' id='word_1_186' title='bbox 3501 1340 3677 1393; x_wconf 76' lang='lat' dir='ltr'><strong>genus</strong></span> 
     </span>
    </p>
   </div>
   <div class='ocr_carea' id='block_1_28' title="bbox 2083 1412 3672 1486">
    <p class='ocr_par' dir='ltr' id='par_1_28' title="bbox 2083 1412 3672 1486">
     <span class='ocr_line' id='line_1_28' title="bbox 2083 1412 3672 1486; baseline 0.006 -23"><span class='ocrx_word' id='word_1_187' title='bbox 2083 1420 2294 1466; x_wconf 87' lang='lat' dir='ltr'><strong>attactu</strong></span> <span class='ocrx_word' id='word_1_188' title='bbox 2320 1412 2442 1467; x_wconf 90' lang='lat' dir='ltr'><strong>solo</strong></span> <span class='ocrx_word' id='word_1_189' title='bbox 2467 1428 2696 1482; x_wconf 85' lang='lat' dir='ltr'><strong>prorsus</strong></span> <span class='ocrx_word' id='word_1_190' title='bbox 2717 1414 2953 1468; x_wconf 90' lang='lat' dir='ltr'><strong>cedebat</strong></span> <span class='ocrx_word' id='word_1_191' title='bbox 2974 1424 3029 1470; x_wconf 88' lang='lat' dir='ltr'><strong>et</strong></span> <span class='ocrx_word' id='word_1_192' title='bbox 3058 1417 3429 1486; x_wconf 81' lang='lat' dir='ltr'><strong>profugiebat.</strong></span> <span class='ocrx_word' id='word_1_193' title='bbox 3463 1420 3672 1473; x_wconf 87' lang='lat' dir='ltr'><strong>Deinde</strong></span> 
     </span>
    </p>
   </div>
   <div class='ocr_carea' id='block_1_29' title="bbox 2083 1490 3675 1581">
    <p class='ocr_par' dir='ltr' id='par_1_29' title="bbox 2083 1490 3675 1581">
     <span class='ocr_line' id='line_1_29' title="bbox 2083 1490 3675 1581; baseline 0.006 -25"><span class='ocrx_word' id='word_1_194' title='bbox 2083 1503 2265 1558; x_wconf 84' lang='lat' dir='ltr'><strong>cereis</strong></span> <span class='ocrx_word' id='word_1_195' title='bbox 2289 1503 2614 1559; x_wconf 81' lang='lat' dir='ltr'><strong>ardentibus</strong></span> <span class='ocrx_word' id='word_1_196' title='bbox 2641 1506 2909 1575; x_wconf 64' lang='lat' dir='ltr'><strong>praalatis,</strong></span> <span class='ocrx_word' id='word_1_197' title='bbox 2935 1490 2991 1562; x_wconf 75' lang='lat' dir='ltr'><strong>et</strong></span> <span class='ocrx_word' id='word_1_198' title='bbox 3012 1510 3311 1577; x_wconf 79' lang='lat' dir='ltr'><strong>unguentis</strong></span> <span class='ocrx_word' id='word_1_199' title='bbox 3333 1509 3675 1581; x_wconf 85' lang='lat' dir='ltr'><strong>ﬂoribusqu-c</strong></span> 
     </span>
    </p>
   </div>
   <div class='ocr_carea' id='block_1_30' title="bbox 2082 1593 3675 1674">
    <p class='ocr_par' dir='ltr' id='par_1_30' title="bbox 2082 1593 3675 1674">
     <span class='ocr_line' id='line_1_30' title="bbox 2082 1593 3675 1674; baseline 0.009 -28"><span class='ocrx_word' id='word_1_200' title='bbox 2082 1593 2324 1662; x_wconf 80' lang='lat' dir='ltr'><strong>sparsis,</strong></span> <span class='ocrx_word' id='word_1_201' title='bbox 2379 1606 2546 1665; x_wconf 87' lang='lat' dir='ltr'><strong>atque</strong></span> <span class='ocrx_word' id='word_1_202' title='bbox 2595 1597 2809 1665; x_wconf 80' lang='lat' dir='ltr'><strong>angelis</strong></span> <span class='ocrx_word' id='word_1_203' title='bbox 2853 1599 3108 1663; x_wconf 72' lang='lat' dir='ltr'><strong>etelitus,</strong></span> <span class='ocrx_word' id='word_1_204' title='bbox 3162 1601 3428 1657; x_wconf 79' lang='lat' dir='ltr'><strong>feretrum</strong></span> <span class='ocrx_word' id='word_1_205' title='bbox 3461 1603 3542 1674; x_wconf 90' lang='grc' dir='ltr'><strong>(Ι)</strong></span> <span class='ocrx_word' id='word_1_206' title='bbox 3586 1605 3675 1660; x_wconf 67' lang='lat' dir='ltr'><strong>vel</strong></span> 
     </span>
    </p>
   </div>
   <div class='ocr_carea' id='block_1_31' title="bbox 2083 1687 3675 1766">
    <p class='ocr_par' dir='ltr' id='par_1_31' title="bbox 2083 1687 3675 1766">
     <span class='ocr_line' id='line_1_31' title="bbox 2083 1687 3675 1766; baseline 0.007 -26"><span class='ocrx_word' id='word_1_207' title='bbox 2083 1687 2484 1755; x_wconf 68' lang='lat' dir='ltr'><strong>praeeuntibus,</strong></span> <span class='ocrx_word' id='word_1_208' title='bbox 2514 1688 2601 1744; x_wconf 90' lang='lat' dir='ltr'><strong>vel</strong></span> <span class='ocrx_word' id='word_1_209' title='bbox 2629 1689 2986 1760; x_wconf 76' lang='lat' dir='ltr'><strong>stipantibus,</strong></span> <span class='ocrx_word' id='word_1_210' title='bbox 3017 1693 3101 1747; x_wconf 89' lang='lat' dir='ltr'><strong>vel</strong></span> <span class='ocrx_word' id='word_1_211' title='bbox 3129 1693 3296 1748; x_wconf 87' lang='lat' dir='ltr'><strong>etiam</strong></span> <span class='ocrx_word' id='word_1_212' title='bbox 3327 1710 3675 1766; x_wconf 86' lang='lat' dir='ltr'><strong>consequen-</strong></span> 
     </span>
    </p>
   </div>
   <div class='ocr_carea' id='block_1_32' title="bbox 2086 1778 3660 1858">
    <p class='ocr_par' dir='ltr' id='par_1_32' title="bbox 2086 1778 3660 1858">
     <span class='ocr_line' id='line_1_32' title="bbox 2086 1778 3660 1858; baseline 0.008 -26"><span class='ocrx_word' id='word_1_213' title='bbox 2086 1778 2253 1838; x_wconf 85' lang='lat' dir='ltr'><strong>tibus.</strong></span> <span class='ocrx_word' id='word_1_214' title='bbox 2281 1778 2487 1834; x_wconf 79' lang='lat' dir='ltr'><strong>divinis</strong></span> <span class='ocrx_word' id='word_1_215' title='bbox 2507 1780 2766 1836; x_wconf 85' lang='lat' dir='ltr'><strong>Patribus</strong></span> <span class='ocrx_word' id='word_1_216' title='bbox 2786 1791 2841 1836; x_wconf 90' lang='lat' dir='ltr'><strong>et</strong></span> <span class='ocrx_word' id='word_1_217' title='bbox 2862 1785 3127 1852; x_wconf 87' lang='lat' dir='ltr'><strong>apostolis</strong></span> <span class='ocrx_word' id='word_1_218' title='bbox 3153 1786 3380 1842; x_wconf 81' lang='lat' dir='ltr'><strong>miriﬁca</strong></span> <span class='ocrx_word' id='word_1_219' title='bbox 3406 1790 3660 1858; x_wconf 83' lang='lat' dir='ltr'><strong>quzedam</strong></span> 
     </span>
    </p>
   </div>
   <div class='ocr_carea' id='block_1_33' title="bbox 403 1863 1986 1951">
    <p class='ocr_par' dir='ltr' id='par_1_33' title="bbox 403 1872 1982 1945">
     <span class='ocr_line' id='line_1_33' title="bbox 403 1872 1982 1945; baseline -0.004 -15"><span class='ocrx_word' id='word_1_220' title='bbox 403 1875 586 1945; x_wconf 79' lang='grc' dir='ltr'>φθόνῳ</span> <span class='ocrx_word' id='word_1_221' title='bbox 627 1874 998 1939; x_wconf 81' lang='grc' dir='ltr'>διατακέντες,</span> <span class='ocrx_word' id='word_1_222' title='bbox 1029 1872 1187 1944; x_wconf 88' lang='grc' dir='ltr'>μύειν</span> <span class='ocrx_word' id='word_1_223' title='bbox 1220 1874 1323 1927; x_wconf 85' lang='grc' dir='ltr'><strong>οὐκ</strong></span> <span class='ocrx_word' id='word_1_224' title='bbox 1356 1873 1700 1943; x_wconf 83' lang='grc' dir='ltr'>ἀνεχόμενοι,</span> <span class='ocrx_word' id='word_1_225' title='bbox 1745 1873 1806 1926; x_wconf 83' lang='grc' dir='ltr'>τὸ</span> <span class='ocrx_word' id='word_1_226' title='bbox 1840 1875 1982 1926; x_wconf 79' lang='grc' dir='ltr'>ὲνοι-</span> 
     </span>
    </p>
   </div>
   <div class='ocr_carea' id='block_1_34' title="bbox 2089 1863 3678 1951">
    <p class='ocr_par' dir='ltr' id='par_1_34' title="bbox 2089 1870 3678 1951">
     <span class='ocr_line' id='line_1_34' title="bbox 2089 1870 3678 1951; baseline 0.008 -28"><span class='ocrx_word' id='word_1_227' title='bbox 2089 1870 2333 1924; x_wconf 86' lang='lat' dir='ltr'><strong>carmina</strong></span> <span class='ocrx_word' id='word_1_228' title='bbox 2394 1871 2865 1940; x_wconf 85' lang='lat' dir='ltr'><strong>concinentibus,</strong></span> <span class='ocrx_word' id='word_1_229' title='bbox 2925 1875 3317 1934; x_wconf 80' lang='lat' dir='ltr'><strong>intellectualis</strong></span> <span class='ocrx_word' id='word_1_230' title='bbox 3365 1880 3457 1935; x_wconf 88' lang='lat' dir='ltr'><strong>illa</strong></span> <span class='ocrx_word' id='word_1_231' title='bbox 3511 1892 3678 1951; x_wconf 83' lang='lat' dir='ltr'><strong>atque</strong></span> 
     </span>
    </p>
   </div>
   <div class='ocr_carea' id='block_1_35' title="bbox 403 1965 1981 2040">
    <p class='ocr_par' dir='ltr' id='par_1_35' title="bbox 403 1965 1981 2040">
     <span class='ocr_line' id='line_1_35' title="bbox 403 1965 1981 2040; baseline -0.003 -16"><span class='ocrx_word' id='word_1_232' title='bbox 403 1967 640 2040; x_wconf 82' lang='grc' dir='ltr'>κουροῦν</span> <span class='ocrx_word' id='word_1_233' title='bbox 684 1966 784 2037; x_wconf 82' lang='grc' dir='ltr'>τῆς</span> <span class='ocrx_word' id='word_1_234' title='bbox 833 1966 1134 2037; x_wconf 81' lang='grc' dir='ltr'>βασκανίας</span> <span class='ocrx_word' id='word_1_235' title='bbox 1174 1965 1352 2030; x_wconf 83' lang='grc' dir='ltr'>πάθος</span> <span class='ocrx_word' id='word_1_236' title='bbox 1385 1967 1740 2038; x_wconf 76' lang='grc' dir='ltr'>ἐξέρῥησσον.</span> <span class='ocrx_word' id='word_1_237' title='bbox 1774 1967 1885 2020; x_wconf 76' lang='grc' dir='ltr'><strong>Καὶ</strong></span> <span class='ocrx_word' id='word_1_238' title='bbox 1915 1965 1981 2036; x_wconf 81' lang='grc' dir='ltr'>δή</span> 
     </span>
    </p>
   </div>
   <div class='ocr_carea' id='block_1_36' title="bbox 403 2055 1980 2128">
    <p class='ocr_par' dir='ltr' id='par_1_36' title="bbox 403 2055 1980 2128">
     <span class='ocr_line' id='line_1_36' title="bbox 403 2055 1980 2128; baseline -0.003 -15"><span class='ocrx_word' id='word_1_239' title='bbox 403 2076 488 2122; x_wconf 87' lang='grc' dir='ltr'><strong>τις</strong></span> <span class='ocrx_word' id='word_1_240' title='bbox 522 2058 633 2112; x_wconf 91' lang='grc' dir='ltr'><strong>τῶν</strong></span> <span class='ocrx_word' id='word_1_241' title='bbox 666 2056 843 2113; x_wconf 76' lang='grc' dir='ltr'>ἄλλων</span> <span class='ocrx_word' id='word_1_242' title='bbox 876 2056 1211 2128; x_wconf 84' lang='grc' dir='ltr'>θρασύτερός</span> <span class='ocrx_word' id='word_1_243' title='bbox 1237 2072 1297 2109; x_wconf 91' lang='grc' dir='ltr'><strong>τε</strong></span> <span class='ocrx_word' id='word_1_244' title='bbox 1328 2057 1423 2110; x_wconf 74' lang='grc' dir='ltr'>καὶ</span> <span class='ocrx_word' id='word_1_245' title='bbox 1453 2056 1855 2128; x_wconf 83' lang='grc' dir='ltr'>μανικώτερος,</span> <span class='ocrx_word' id='word_1_246' title='bbox 1887 2055 1980 2108; x_wconf 79' lang='grc' dir='ltr'><strong>τοῦ</strong></span> 
     </span>
    </p>
   </div>
   <div class='ocr_carea' id='block_1_37' title="bbox 407 2145 1987 2223">
    <p class='ocr_par' dir='ltr' id='par_1_37' title="bbox 407 2145 1987 2223">
     <span class='ocr_line' id='line_1_37' title="bbox 407 2145 1987 2223; baseline -0.003 -17"><span class='ocrx_word' id='word_1_247' title='bbox 407 2150 718 2219; x_wconf 82' lang='grc' dir='ltr'>καταλόγου</span> <span class='ocrx_word' id='word_1_248' title='bbox 745 2149 804 2203; x_wconf 77' lang='grc' dir='ltr'>δὲ</span> <span class='ocrx_word' id='word_1_249' title='bbox 839 2149 948 2203; x_wconf 86' lang='grc' dir='ltr'><strong>τῶν</strong></span> <span class='ocrx_word' id='word_1_250' title='bbox 987 2150 1179 2223; x_wconf 77' lang='grc' dir='ltr'>ἱερέων</span> <span class='ocrx_word' id='word_1_251' title='bbox 1209 2145 1302 2220; x_wconf 77' lang='grc' dir='ltr'>ἦν,</span> <span class='ocrx_word' id='word_1_252' title='bbox 1326 2149 1422 2203; x_wconf 83' lang='grc' dir='ltr'>τοῦ</span> <span class='ocrx_word' id='word_1_253' title='bbox 1448 2149 1599 2220; x_wconf 83' lang='grc' dir='ltr'><strong>ίεροῦ</strong></span> <span class='ocrx_word' id='word_1_254' title='bbox 1628 2151 1861 2220; x_wconf 76' lang='grc' dir='ltr'>σκήνους</span> <span class='ocrx_word' id='word_1_255' title='bbox 1888 2166 1987 2202; x_wconf 85' lang='grc' dir='ltr'>κο-</span> 
     </span>
    </p>
   </div>
   <div class='ocr_carea' id='block_1_38' title="bbox 413 2232 1987 2315">
    <p class='ocr_par' dir='ltr' id='par_1_38' title="bbox 413 2232 1987 2315">
     <span class='ocr_line' id='line_1_38' title="bbox 413 2232 1987 2315; baseline -0.004 -16"><span class='ocrx_word' id='word_1_256' title='bbox 413 2245 732 2315; x_wconf 81' lang='grc' dir='ltr'>μιζομένου,</span> <span class='ocrx_word' id='word_1_257' title='bbox 776 2245 949 2314; x_wconf 81' lang='grc' dir='ltr'>φορᾶς</span> <span class='ocrx_word' id='word_1_258' title='bbox 1014 2232 1212 2311; x_wconf 79' lang='grc' dir='ltr'>ἀλόγου</span> <span class='ocrx_word' id='word_1_259' title='bbox 1247 2242 1512 2313; x_wconf 75' lang='grc' dir='ltr'>πλησθεὶς</span> <span class='ocrx_word' id='word_1_260' title='bbox 1549 2243 1669 2306; x_wconf 86' lang='grc' dir='ltr'>ὅλος</span> <span class='ocrx_word' id='word_1_261' title='bbox 1699 2242 1877 2315; x_wconf 73' lang='grc' dir='ltr'>ἐπῄει,</span> <span class='ocrx_word' id='word_1_262' title='bbox 1907 2241 1987 2304; x_wconf 86' lang='grc' dir='ltr'><strong>είς</strong></span> 
     </span>
    </p>
   </div>
   <div class='ocr_carea' id='block_1_39' title="bbox 410 2331 1988 2405">
    <p class='ocr_par' dir='ltr' id='par_1_39' title="bbox 410 2331 1988 2405">
     <span class='ocr_line' id='line_1_39' title="bbox 410 2331 1988 2405; baseline -0.002 -19"><span class='ocrx_word' id='word_1_263' title='bbox 410 2335 519 2405; x_wconf 75' lang='grc' dir='ltr'>γῆν</span> <span class='ocrx_word' id='word_1_264' title='bbox 553 2331 905 2405; x_wconf 80' lang='grc' dir='ltr'>καταρῤἀξαι</span> <span class='ocrx_word' id='word_1_265' title='bbox 938 2331 1002 2385; x_wconf 80' lang='grc' dir='ltr'><strong>τὸ</strong></span> <span class='ocrx_word' id='word_1_266' title='bbox 1038 2332 1185 2404; x_wconf 76' lang='grc' dir='ltr'>ἱερὸν</span> <span class='ocrx_word' id='word_1_267' title='bbox 1228 2333 1407 2386; x_wconf 70' lang='grc' dir='ltr'>ἐκεῖνο</span> <span class='ocrx_word' id='word_1_268' title='bbox 1458 2332 1658 2403; x_wconf 85' lang='grc' dir='ltr'>σκῆνος</span> <span class='ocrx_word' id='word_1_269' title='bbox 1706 2333 1988 2402; x_wconf 86' lang='grc' dir='ltr'>πρόθυμος</span> 
     </span>
    </p>
   </div>
   <div class='ocr_carea' id='block_1_40' title="bbox 413 2419 1988 2495">
    <p class='ocr_par' dir='ltr' id='par_1_40' title="bbox 413 2419 1988 2495">
     <span class='ocr_line' id='line_1_40' title="bbox 413 2419 1988 2495; baseline -0.001 -16"><span class='ocrx_word' id='word_1_270' title='bbox 413 2425 512 2479; x_wconf 80' lang='grc' dir='ltr'>ὧν.</span> <span class='ocrx_word' id='word_1_271' title='bbox 559 2424 627 2479; x_wconf 86' lang='grc' dir='ltr'><em>Ἦ</em></span> <span class='ocrx_word' id='word_1_272' title='bbox 650 2424 706 2478; x_wconf 85' lang='grc' dir='ltr'>δὲ</span> <span class='ocrx_word' id='word_1_273' title='bbox 725 2423 863 2495; x_wconf 64' lang='grc' dir='ltr'><strong>⁵δίκη</strong></span> <span class='ocrx_word' id='word_1_274' title='bbox 894 2423 1168 2493; x_wconf 65' lang='grc' dir='ltr'>μέλλουσα</span> <span class='ocrx_word' id='word_1_275' title='bbox 1191 2419 1260 2495; x_wconf 75' lang='grc' dir='ltr'>ἦν</span> <span class='ocrx_word' id='word_1_276' title='bbox 1288 2422 1562 2493; x_wconf 80' lang='grc' dir='ltr'>οὐδαμῶς.</span> <span class='ocrx_word' id='word_1_277' title='bbox 1601 2422 1692 2488; x_wconf 81' lang='grc' dir='ltr'><strong>Ἐξ</strong></span> <span class='ocrx_word' id='word_1_278' title='bbox 1720 2422 1988 2492; x_wconf 83' lang='grc' dir='ltr'>ἀγκώνων</span> 
     </span>
    </p>
   </div>
   <div class='ocr_carea' id='block_1_41' title="bbox 410 2514 1991 2601">
    <p class='ocr_par' dir='ltr' id='par_1_41' title="bbox 410 2514 1991 2601">
     <span class='ocr_line' id='line_1_41' title="bbox 410 2514 1991 2601; baseline -0.016 -22"><span class='ocrx_word' id='word_1_279' title='bbox 410 2518 522 2589; x_wconf 83' lang='grc' dir='ltr'>γὰρ</span> <span class='ocrx_word' id='word_1_280' title='bbox 540 2517 803 2601; x_wconf 72' lang='grc' dir='ltr'>αίχεῐρες</span> <span class='ocrx_word' id='word_1_281' title='bbox 834 2515 1027 2587; x_wconf 74' lang='grc' dir='ltr'>ἐκείνῳ</span> <span class='ocrx_word' id='word_1_282' title='bbox 1052 2516 1426 2581; x_wconf 79' lang='grc' dir='ltr'>σιακοπετσαι,</span> <span class='ocrx_word' id='word_1_283' title='bbox 1450 2514 1529 2587; x_wconf 84' lang='grc' dir='ltr'>τῷ</span> <span class='ocrx_word' id='word_1_284' title='bbox 1560 2515 1826 2587; x_wconf 76' lang='grc' dir='ltr'>σκίμποδι</span> <span class='ocrx_word' id='word_1_285' title='bbox 1848 2516 1991 2586; x_wconf 71' lang='grc' dir='ltr'>ἀπῃ-</span> 
     </span>
    </p>
   </div>
   <div class='ocr_carea' id='block_1_42' title="bbox 377 2600 1990 2680">
    <p class='ocr_par' dir='ltr' id='par_1_42' title="bbox 377 2600 1990 2680">
     <span class='ocr_line' id='line_1_42' title="bbox 377 2600 1990 2680; baseline -0.001 -17"><span class='ocrx_word' id='word_1_286' title='bbox 377 2600 650 2680; x_wconf 64' lang='grc' dir='ltr'>’ώρηντικ</span> <span class='ocrx_word' id='word_1_287' title='bbox 689 2607 927 2678; x_wconf 83' lang='grc' dir='ltr'>Ἔμελλε</span> <span class='ocrx_word' id='word_1_288' title='bbox 957 2607 1015 2662; x_wconf 86' lang='grc' dir='ltr'>δὲ</span> <span class='ocrx_word' id='word_1_289' title='bbox 1050 2608 1160 2678; x_wconf 80' lang='grc' dir='ltr'>ἄρα</span> <span class='ocrx_word' id='word_1_290' title='bbox 1191 2609 1226 2677; x_wconf 72' lang='grc' dir='ltr'><strong>ἡ</strong></span> <span class='ocrx_word' id='word_1_291' title='bbox 1256 2607 1346 2661; x_wconf 84' lang='grc' dir='ltr'>διὰ</span> <span class='ocrx_word' id='word_1_292' title='bbox 1379 2607 1475 2662; x_wconf 81' lang='grc' dir='ltr'>τοῦ</span> <span class='ocrx_word' id='word_1_293' title='bbox 1513 2608 1662 2662; x_wconf 88' lang='grc' dir='ltr'>θείου</span> <span class='ocrx_word' id='word_1_294' title='bbox 1697 2608 1859 2661; x_wconf 89' lang='grc' dir='ltr'>τόκου</span> <span class='ocrx_word' id='word_1_295' title='bbox 1890 2624 1990 2678; x_wconf 85' lang='grc' dir='ltr'><strong>χα-</strong></span> 
     </span>
    </p>
   </div>
   <div class='ocr_carea' id='block_1_43' title="bbox 414 2696 1989 2770">
    <p class='ocr_par' dir='ltr' id='par_1_43' title="bbox 414 2696 1989 2770">
     <span class='ocr_line' id='line_1_43' title="bbox 414 2696 1989 2770; baseline -0.004 -15"><span class='ocrx_word' id='word_1_296' title='bbox 414 2700 514 2770; x_wconf 80' lang='grc' dir='ltr'>ρᾶς</span> <span class='ocrx_word' id='word_1_297' title='bbox 538 2697 638 2769; x_wconf 82' lang='grc' dir='ltr'>τὴν</span> <span class='ocrx_word' id='word_1_298' title='bbox 668 2698 1002 2768; x_wconf 76' lang='grc' dir='ltr'>οἰκουμένην</span> <span class='ocrx_word' id='word_1_299' title='bbox 1028 2698 1367 2769; x_wconf 85' lang='grc' dir='ltr'>πληρώσασα</span> <span class='ocrx_word' id='word_1_300' title='bbox 1400 2699 1458 2751; x_wconf 76' lang='grc' dir='ltr'>ἐν</span> <span class='ocrx_word' id='word_1_301' title='bbox 1479 2696 1558 2767; x_wconf 87' lang='grc' dir='ltr'>τῷ</span> <span class='ocrx_word' id='word_1_302' title='bbox 1593 2696 1852 2768; x_wconf 82' lang='grc' dir='ltr'>θνήσκειν</span> <span class='ocrx_word' id='word_1_303' title='bbox 1883 2715 1989 2768; x_wconf 87' lang='grc' dir='ltr'>μη-</span> 
     </span>
    </p>
   </div>
   <div class='ocr_carea' id='block_1_44' title="bbox 409 2789 1992 2863">
    <p class='ocr_par' dir='ltr' id='par_1_44' title="bbox 409 2789 1992 2863">
     <span class='ocr_line' id='line_1_44' title="bbox 409 2789 1992 2863; baseline -0.003 -16"><span class='ocrx_word' id='word_1_304' title='bbox 409 2792 527 2847; x_wconf 75' lang='grc' dir='ltr'>δενὶ</span> <span class='ocrx_word' id='word_1_305' title='bbox 555 2790 807 2863; x_wconf 88' lang='grc' dir='ltr'>λυπηροῦ</span> <span class='ocrx_word' id='word_1_306' title='bbox 857 2808 1010 2854; x_wconf 87' lang='grc' dir='ltr'>τινος</span> <span class='ocrx_word' id='word_1_307' title='bbox 1042 2791 1193 2844; x_wconf 88' lang='grc' dir='ltr'>αίτία</span> <span class='ocrx_word' id='word_1_308' title='bbox 1224 2789 1502 2858; x_wconf 82' lang='grc' dir='ltr'>γενέσθαι.</span> <span class='ocrx_word' id='word_1_309' title='bbox 1540 2790 1650 2843; x_wconf 72' lang='grc' dir='ltr'>Καὶ</span> <span class='ocrx_word' id='word_1_310' title='bbox 1681 2789 1806 2841; x_wconf 77' lang='grc' dir='ltr'>ἐπεὶ</span> <span class='ocrx_word' id='word_1_311' title='bbox 1827 2790 1857 2843; x_wconf 89' lang='grc' dir='ltr'><strong>ό</strong></span> <span class='ocrx_word' id='word_1_312' title='bbox 1885 2806 1992 2842; x_wconf 72' lang='grc' dir='ltr'>πασ-</span> 
     </span>
    </p>
   </div>
   <div class='ocr_carea' id='block_1_45' title="bbox 412 2879 1990 2955">
    <p class='ocr_par' dir='ltr' id='par_1_45' title="bbox 412 2879 1990 2955">
     <span class='ocr_line' id='line_1_45' title="bbox 412 2879 1990 2955; baseline -0.004 -16"><span class='ocrx_word' id='word_1_313' title='bbox 412 2884 522 2939; x_wconf 86' lang='grc' dir='ltr'><strong>θὼν</strong></span> <span class='ocrx_word' id='word_1_314' title='bbox 553 2885 794 2955; x_wconf 74' lang='grc' dir='ltr'>πονηρὸς</span> <span class='ocrx_word' id='word_1_315' title='bbox 830 2885 932 2955; x_wconf 88' lang='grc' dir='ltr'>μὲν</span> <span class='ocrx_word' id='word_1_316' title='bbox 962 2879 1051 2955; x_wconf 77' lang='grc' dir='ltr'>ἦν,</span> <span class='ocrx_word' id='word_1_317' title='bbox 1084 2883 1286 2953; x_wconf 69' lang='grc' dir='ltr'>ἥκιστα</span> <span class='ocrx_word' id='word_1_318' title='bbox 1319 2882 1377 2935; x_wconf 75' lang='grc' dir='ltr'>δὲ</span> <span class='ocrx_word' id='word_1_319' title='bbox 1411 2882 1653 2946; x_wconf 86' lang='grc' dir='ltr'>ἀνίατος,</span> <span class='ocrx_word' id='word_1_320' title='bbox 1678 2881 1749 2937; x_wconf 52' lang='grc' dir='ltr'><strong>τὸ.</strong></span> <span class='ocrx_word' id='word_1_321' title='bbox 1764 2881 1865 2951; x_wconf 83' lang='grc' dir='ltr'>τῆς</span> <span class='ocrx_word' id='word_1_322' title='bbox 1893 2898 1990 2951; x_wconf 86' lang='grc' dir='ltr'>με-</span> 
     </span>
    </p>
   </div>
   <div class='ocr_carea' id='block_1_46' title="bbox 2084 1962 3678 2043">
    <p class='ocr_par' dir='ltr' id='par_1_46' title="bbox 2084 1962 3678 2043">
     <span class='ocr_line' id='line_1_46' title="bbox 2084 1962 3678 2043; baseline 0.01 -29"><span class='ocrx_word' id='word_1_323' title='bbox 2084 1962 2389 2031; x_wconf 86' lang='lat' dir='ltr'><strong>spiritualis</strong></span> <span class='ocrx_word' id='word_1_324' title='bbox 2420 1978 2570 2029; x_wconf 87' lang='lat' dir='ltr'><strong>arca,</strong></span> <span class='ocrx_word' id='word_1_325' title='bbox 2612 1979 2680 2020; x_wconf 80' lang='lat' dir='ltr'><strong>ex</strong></span> <span class='ocrx_word' id='word_1_326' title='bbox 2717 1965 2849 2021; x_wconf 89' lang='lat' dir='ltr'><strong>Sion</strong></span> <span class='ocrx_word' id='word_1_327' title='bbox 2883 1967 2940 2021; x_wconf 91' lang='lat' dir='ltr'><strong>in</strong></span> <span class='ocrx_word' id='word_1_328' title='bbox 2972 1967 3311 2039; x_wconf 86' lang='lat' dir='ltr'><strong>Getsemani,</strong></span> <span class='ocrx_word' id='word_1_329' title='bbox 3349 1975 3678 2043; x_wconf 83' lang='lat' dir='ltr'><strong>apostolicis</strong></span> 
     </span>
    </p>
   </div>
   <div class='ocr_carea' id='block_1_47' title="bbox 2082 2053 3675 2132">
    <p class='ocr_par' dir='ltr' id='par_1_47' title="bbox 2082 2053 3675 2132">
     <span class='ocr_line' id='line_1_47' title="bbox 2082 2053 3675 2132; baseline 0.009 -28"><span class='ocrx_word' id='word_1_330' title='bbox 2082 2066 2205 2105; x_wconf 84' lang='lat' dir='ltr'><strong>eam</strong></span> <span class='ocrx_word' id='word_1_331' title='bbox 2265 2053 2614 2123; x_wconf 74' lang='lat' dir='ltr'><strong>gestantibus</strong></span> <span class='ocrx_word' id='word_1_332' title='bbox 2667 2055 2924 2111; x_wconf 87' lang='lat' dir='ltr'><strong>manibus</strong></span> <span class='ocrx_word' id='word_1_333' title='bbox 2976 2058 3152 2114; x_wconf 80' lang='lat' dir='ltr'><strong>fertur</strong></span> <span class='ocrx_word' id='word_1_334' title='bbox 3186 2061 3287 2132; x_wconf 76' lang='lat'><strong>(2).</strong></span> <span class='ocrx_word' id='word_1_335' title='bbox 3333 2064 3404 2118; x_wconf 81' lang='lat' dir='ltr'><strong>At</strong></span> <span class='ocrx_word' id='word_1_336' title='bbox 3434 2066 3582 2118; x_wconf 90' lang='lat' dir='ltr'><strong>enim</strong></span> <span class='ocrx_word' id='word_1_337' title='bbox 3618 2067 3675 2119; x_wconf 86' lang='lat' dir='ltr'><strong>in</strong></span> 
     </span>
    </p>
   </div>
   <div class='ocr_carea' id='block_1_48' title="bbox 2087 2143 3670 2226">
    <p class='ocr_par' dir='ltr' id='par_1_48' title="bbox 2087 2143 3670 2226">
     <span class='ocr_line' id='line_1_48' title="bbox 2087 2143 3670 2226; baseline 0.009 -29"><span class='ocrx_word' id='word_1_338' title='bbox 2087 2143 2228 2198; x_wconf 90' lang='lat' dir='ltr'><strong>banc</strong></span> <span class='ocrx_word' id='word_1_339' title='bbox 2252 2152 2457 2198; x_wconf 82' lang='lat' dir='ltr'><strong>tantam</strong></span> <span class='ocrx_word' id='word_1_340' title='bbox 2489 2146 2758 2213; x_wconf 61' lang='lat' dir='ltr'><strong>latitiam,</strong></span> <span class='ocrx_word' id='word_1_341' title='bbox 2782 2149 3074 2206; x_wconf 91' lang='lat' dir='ltr'><strong>molestum</strong></span> <span class='ocrx_word' id='word_1_342' title='bbox 3098 2162 3154 2207; x_wconf 90' lang='lat' dir='ltr'><strong>et</strong></span> <span class='ocrx_word' id='word_1_343' title='bbox 3176 2155 3375 2210; x_wconf 90' lang='lat' dir='ltr'><strong>durum</strong></span> <span class='ocrx_word' id='word_1_344' title='bbox 3404 2157 3670 2226; x_wconf 85' lang='lat' dir='ltr'><strong>quiddam</strong></span> 
     </span>
    </p>
   </div>
   <div class='ocr_carea' id='block_1_49' title="bbox 2088 2234 3674 2309">
    <p class='ocr_par' dir='ltr' id='par_1_49' title="bbox 2088 2234 3674 2309">
     <span class='ocr_line' id='line_1_49' title="bbox 2088 2234 3674 2309; baseline 0.009 -23"><span class='ocrx_word' id='word_1_345' title='bbox 2088 2234 2304 2299; x_wconf 87' lang='lat' dir='ltr'><strong>incidit,</strong></span> <span class='ocrx_word' id='word_1_346' title='bbox 2339 2236 2487 2305; x_wconf 88' lang='lat' dir='ltr'><strong>quod</strong></span> <span class='ocrx_word' id='word_1_347' title='bbox 2524 2238 2743 2293; x_wconf 90' lang='lat' dir='ltr'><strong>silentio</strong></span> <span class='ocrx_word' id='word_1_348' title='bbox 2773 2246 3222 2309; x_wconf 80' lang='lat' dir='ltr'><strong>praetereundum</strong></span> <span class='ocrx_word' id='word_1_349' title='bbox 3276 2261 3386 2301; x_wconf 91' lang='lat' dir='ltr'><strong>non</strong></span> <span class='ocrx_word' id='word_1_350' title='bbox 3420 2250 3512 2303; x_wconf 86' lang='lat' dir='ltr'><strong>sit.</strong></span> <span class='ocrx_word' id='word_1_351' title='bbox 3537 2247 3674 2303; x_wconf 89' lang='lat' dir='ltr'><strong>Cum</strong></span> 
     </span>
    </p>
   </div>
   <div class='ocr_carea' id='block_1_50' title="bbox 2086 2324 3676 2405">
    <p class='ocr_par' dir='ltr' id='par_1_50' title="bbox 2086 2324 3676 2405">
     <span class='ocr_line' id='line_1_50' title="bbox 2086 2324 3676 2405; baseline 0.01 -26"><span class='ocrx_word' id='word_1_352' title='bbox 2086 2324 2238 2380; x_wconf 91' lang='lat' dir='ltr'><strong>enim</strong></span> <span class='ocrx_word' id='word_1_353' title='bbox 2282 2327 2530 2382; x_wconf 89' lang='lat' dir='ltr'><strong>divinum</strong></span> <span class='ocrx_word' id='word_1_354' title='bbox 2565 2329 2702 2385; x_wconf 89' lang='lat' dir='ltr'><strong>illud</strong></span> <span class='ocrx_word' id='word_1_355' title='bbox 2737 2346 2978 2403; x_wconf 87' lang='lat' dir='ltr'><strong>corpus,</strong></span> <span class='ocrx_word' id='word_1_356' title='bbox 3013 2334 3086 2389; x_wconf 89' lang='lat' dir='ltr'><strong>ita</strong></span> <span class='ocrx_word' id='word_1_357' title='bbox 3125 2346 3187 2391; x_wconf 87' lang='lat' dir='ltr'><strong>ut</strong></span> <span class='ocrx_word' id='word_1_358' title='bbox 3225 2336 3435 2392; x_wconf 89' lang='lat' dir='ltr'><strong>dictum</strong></span> <span class='ocrx_word' id='word_1_359' title='bbox 3471 2349 3578 2405; x_wconf 84' lang='lat' dir='ltr'><strong>est,</strong></span> <span class='ocrx_word' id='word_1_360' title='bbox 3607 2340 3676 2395; x_wconf 84' lang='lat' dir='ltr'><strong>ad</strong></span> 
     </span>
    </p>
   </div>
   <div class='ocr_carea' id='block_1_51' title="bbox 2087 2416 3678 2501">
    <p class='ocr_par' dir='ltr' id='par_1_51' title="bbox 2087 2416 3678 2501">
     <span class='ocr_line' id='line_1_51' title="bbox 2087 2416 3678 2501; baseline 0.01 -31"><span class='ocrx_word' id='word_1_361' title='bbox 2087 2416 2407 2473; x_wconf 85' lang='lat' dir='ltr'><strong>Gctseinani</strong></span> <span class='ocrx_word' id='word_1_362' title='bbox 2445 2429 2783 2489; x_wconf 87' lang='lat' dir='ltr'><strong>portaretur,</strong></span> <span class='ocrx_word' id='word_1_363' title='bbox 2817 2426 2911 2480; x_wconf 92' lang='lat' dir='ltr'><strong>ubi</strong></span> <span class='ocrx_word' id='word_1_364' title='bbox 2947 2427 3038 2483; x_wconf 86' lang='lat' dir='ltr'><strong>Dei</strong></span> <span class='ocrx_word' id='word_1_365' title='bbox 3064 2427 3321 2484; x_wconf 78' lang='lat' dir='ltr'><strong>Genitrix</strong></span> <span class='ocrx_word' id='word_1_366' title='bbox 3354 2431 3579 2501; x_wconf 87' lang='lat' dir='ltr'><strong>sepeliri</strong></span> <span class='ocrx_word' id='word_1_367' title='bbox 3615 2446 3678 2486; x_wconf 85' lang='lat' dir='ltr'><strong>se</strong></span> 
     </span>
    </p>
   </div>
   <div class='ocr_carea' id='block_1_52' title="bbox 2090 2511 3681 2585">
    <p class='ocr_par' dir='ltr' id='par_1_52' title="bbox 2090 2511 3681 2585">
     <span class='ocr_line' id='line_1_52' title="bbox 2090 2511 3681 2585; baseline 0.006 -21"><span class='ocrx_word' id='word_1_368' title='bbox 2090 2511 2474 2580; x_wconf 77' lang='lat' dir='ltr'><strong>mandaverat,</strong></span> <span class='ocrx_word' id='word_1_369' title='bbox 2501 2514 2676 2571; x_wconf 63' lang='lat' dir='ltr'><strong>Judaei</strong></span> <span class='ocrx_word' id='word_1_370' title='bbox 2706 2517 2909 2572; x_wconf 86' lang='lat' dir='ltr'><strong>invidia</strong></span> <span class='ocrx_word' id='word_1_371' title='bbox 2942 2520 3307 2585; x_wconf 82' lang='lat' dir='ltr'><strong>tabescentes,</strong></span> <span class='ocrx_word' id='word_1_372' title='bbox 3334 2536 3459 2575; x_wconf 91' lang='lat' dir='ltr'><strong>cum</strong></span> <span class='ocrx_word' id='word_1_373' title='bbox 3490 2522 3681 2577; x_wconf 84' lang='lat' dir='ltr'><strong>occul-</strong></span> 
     </span>
    </p>
   </div>
   <div class='ocr_carea' id='block_1_53' title="bbox 2092 2610 3677 2679">
    <p class='ocr_par' dir='ltr' id='par_1_53' title="bbox 2092 2610 3677 2679">
     <span class='ocr_line' id='line_1_53' title="bbox 2092 2610 3677 2679; baseline 0.006 -23"><span class='ocrx_word' id='word_1_374' title='bbox 2092 2611 2211 2658; x_wconf 86' lang='lat' dir='ltr'><strong>tare</strong></span> <span class='ocrx_word' id='word_1_375' title='bbox 2265 2619 2374 2659; x_wconf 91' lang='lat' dir='ltr'><strong>non</strong></span> <span class='ocrx_word' id='word_1_376' title='bbox 2423 2615 2685 2675; x_wconf 88' lang='lat' dir='ltr'><strong>possent,</strong></span> <span class='ocrx_word' id='word_1_377' title='bbox 2733 2625 2857 2663; x_wconf 87' lang='lat' dir='ltr'><strong>eum</strong></span> <span class='ocrx_word' id='word_1_378' title='bbox 2904 2610 2997 2679; x_wconf 90' lang='lat' dir='ltr'><strong>qui</strong></span> <span class='ocrx_word' id='word_1_379' title='bbox 3052 2611 3106 2665; x_wconf 90' lang='lat' dir='ltr'><strong>in</strong></span> <span class='ocrx_word' id='word_1_380' title='bbox 3161 2613 3441 2666; x_wconf 81' lang='lat' dir='ltr'><strong>mentibus</strong></span> <span class='ocrx_word' id='word_1_381' title='bbox 3484 2627 3677 2666; x_wconf 87' lang='lat' dir='ltr'><strong>eorum</strong></span> 
     </span>
    </p>
   </div>
   <div class='ocr_carea' id='block_1_54' title="bbox 2092 2695 3677 2774">
    <p class='ocr_par' dir='ltr' id='par_1_54' title="bbox 2092 2695 3677 2774">
     <span class='ocr_line' id='line_1_54' title="bbox 2092 2695 3677 2774; baseline 0.004 -25"><span class='ocrx_word' id='word_1_382' title='bbox 2092 2695 2419 2761; x_wconf 87' lang='lat' dir='ltr'><strong>fovebatur,</strong></span> <span class='ocrx_word' id='word_1_383' title='bbox 2471 2699 2663 2756; x_wconf 81' lang='lat' dir='ltr'><strong>livoris</strong></span> <span class='ocrx_word' id='word_1_384' title='bbox 2704 2700 2964 2757; x_wconf 67' lang='lat' dir='ltr'><strong>allectum</strong></span> <span class='ocrx_word' id='word_1_385' title='bbox 3012 2703 3277 2772; x_wconf 86' lang='lat' dir='ltr'><strong>produnt.</strong></span> <span class='ocrx_word' id='word_1_386' title='bbox 3337 2704 3481 2759; x_wconf 87' lang='lat' dir='ltr'><strong>Inter</strong></span> <span class='ocrx_word' id='word_1_387' title='bbox 3534 2719 3677 2774; x_wconf 81' lang='lat' dir='ltr'><strong>quos</strong></span> 
     </span>
    </p>
   </div>
   <div class='ocr_carea' id='block_1_55' title="bbox 2093 2790 3679 2864">
    <p class='ocr_par' dir='ltr' id='par_1_55' title="bbox 2093 2790 3679 2864">
     <span class='ocr_line' id='line_1_55' title="bbox 2093 2790 3679 2864; baseline 0.003 -21"><span class='ocrx_word' id='word_1_388' title='bbox 2093 2791 2218 2845; x_wconf 89' lang='lat' dir='ltr'><strong>aliis</strong></span> <span class='ocrx_word' id='word_1_389' title='bbox 2272 2790 2496 2860; x_wconf 88' lang='lat' dir='ltr'><strong>quidam</strong></span> <span class='ocrx_word' id='word_1_390' title='bbox 2552 2792 2960 2859; x_wconf 74' lang='lat' dir='ltr'><strong>conﬁdentior,</strong></span> <span class='ocrx_word' id='word_1_391' title='bbox 3006 2794 3457 2864; x_wconf 84' lang='lat' dir='ltr'><strong>furibundusque</strong></span> <span class='ocrx_word' id='word_1_392' title='bbox 3504 2795 3679 2864; x_wconf 80' lang='lat' dir='ltr'><strong>magis</strong></span> 
     </span>
    </p>
   </div>
   <div class='ocr_carea' id='block_1_56' title="bbox 2097 2879 3674 2951">
    <p class='ocr_par' dir='ltr' id='par_1_56' title="bbox 2097 2879 3674 2951">
     <span class='ocr_line' id='line_1_56' title="bbox 2097 2879 3674 2951; baseline 0 -16"><span class='ocrx_word' id='word_1_393' title='bbox 2097 2879 2237 2949; x_wconf 89' lang='lat' dir='ltr'><strong>(erat</strong></span> <span class='ocrx_word' id='word_1_394' title='bbox 2274 2890 2458 2935; x_wconf 89' lang='lat' dir='ltr'><strong>autem</strong></span> <span class='ocrx_word' id='word_1_395' title='bbox 2498 2897 2567 2936; x_wconf 79' lang='lat' dir='ltr'><strong>ex</strong></span> <span class='ocrx_word' id='word_1_396' title='bbox 2605 2883 2957 2937; x_wconf 83' lang='lat' dir='ltr'><strong>sacerdotum</strong></span> <span class='ocrx_word' id='word_1_397' title='bbox 3007 2885 3248 2951; x_wconf 89' lang='lat' dir='ltr'><strong>ordine),</strong></span> <span class='ocrx_word' id='word_1_398' title='bbox 3283 2900 3408 2939; x_wconf 89' lang='lat' dir='ltr'><strong>cum</strong></span> <span class='ocrx_word' id='word_1_399' title='bbox 3445 2900 3674 2940; x_wconf 80' lang='lat' dir='ltr'><strong>sacrum</strong></span> 
     </span>
    </p>
   </div>
   <div class='ocr_carea' id='block_1_57' title="bbox 417 2973 1986 3049">
    <p class='ocr_par' dir='ltr' id='par_1_57' title="bbox 417 2975 1986 3049">
     <span class='ocr_line' id='line_1_57' title="bbox 417 2975 1986 3049; baseline -0.003 -18"><span class='ocrx_word' id='word_1_400' title='bbox 417 2976 632 3040; x_wconf 85' lang='grc' dir='ltr'>τανοίας</span> <span class='ocrx_word' id='word_1_401' title='bbox 666 2976 1034 3049; x_wconf 79' lang='grc' dir='ltr'>προϐάλλεται</span> <span class='ocrx_word' id='word_1_402' title='bbox 1065 2977 1384 3045; x_wconf 78' lang='grc' dir='ltr'>φάρμακον.</span> <span class='ocrx_word' id='word_1_403' title='bbox 1414 2975 1528 3029; x_wconf 80' lang='grc' dir='ltr'>Καὶ</span> <span class='ocrx_word' id='word_1_404' title='bbox 1556 2977 1747 3045; x_wconf 85' lang='grc' dir='ltr'>χεῖρας</span> <span class='ocrx_word' id='word_1_405' title='bbox 1771 2975 1869 3043; x_wconf 86' lang='grc' dir='ltr'><strong>μὲν</strong></span> <span class='ocrx_word' id='word_1_406' title='bbox 1902 2975 1986 3027; x_wconf 82' lang='grc' dir='ltr'><strong>ὲκ-</strong></span> 
     </span>
    </p>
   </div>
   <div class='ocr_carea' id='block_1_58' title="bbox 2089 2973 3674 3049">
    <p class='ocr_par' dir='ltr' id='par_1_58' title="bbox 2096 2973 3674 3046">
     <span class='ocr_line' id='line_1_58' title="bbox 2096 2973 3674 3046; baseline 0 -18"><span class='ocrx_word' id='word_1_407' title='bbox 2096 2973 2513 3028; x_wconf 81' lang='lat' dir='ltr'><strong>tabernaculum</strong></span> <span class='ocrx_word' id='word_1_408' title='bbox 2561 2984 2900 3044; x_wconf 76' lang='lat' dir='ltr'><strong>portaretur,</strong></span> <span class='ocrx_word' id='word_1_409' title='bbox 2938 2975 3147 3046; x_wconf 84' lang='lat' dir='ltr'><strong>impetu</strong></span> <span class='ocrx_word' id='word_1_410' title='bbox 3189 2976 3428 3045; x_wconf 89' lang='lat' dir='ltr'><strong>quodam</strong></span> <span class='ocrx_word' id='word_1_411' title='bbox 3478 2986 3674 3045; x_wconf 69' lang='lat' dir='ltr'><strong>praeter</strong></span> 
     </span>
    </p>
   </div>
   <div class='ocr_carea' id='block_1_59' title="bbox 420 3062 1986 3139">
    <p class='ocr_par' dir='ltr' id='par_1_59' title="bbox 420 3063 1986 3139">
     <span class='ocr_line' id='line_1_59' title="bbox 420 3063 1986 3139; baseline -0.003 -17"><span class='ocrx_word' id='word_1_412' title='bbox 420 3068 620 3123; x_wconf 86' lang='grc' dir='ltr'>τείνειν</span> <span class='ocrx_word' id='word_1_413' title='bbox 649 3067 751 3122; x_wconf 78' lang='grc' dir='ltr'><strong>οὐκ</strong></span> <span class='ocrx_word' id='word_1_414' title='bbox 807 3063 921 3139; x_wconf 74' lang='grc' dir='ltr'>εἶχε</span> <span class='ocrx_word' id='word_1_415' title='bbox 946 3084 962 3100; x_wconf 88' lang='grc'><strong>·</strong></span> <span class='ocrx_word' id='word_1_416' title='bbox 996 3067 1372 3139; x_wconf 80' lang='grc' dir='ltr'>προύϐάλλετο</span> <span class='ocrx_word' id='word_1_417' title='bbox 1399 3065 1458 3119; x_wconf 81' lang='grc' dir='ltr'>δὲ</span> <span class='ocrx_word' id='word_1_418' title='bbox 1496 3068 1565 3119; x_wconf 87' lang='grc' dir='ltr'><strong>τά</strong></span> <span class='ocrx_word' id='word_1_419' title='bbox 1596 3066 1808 3134; x_wconf 85' lang='grc' dir='ltr'>δάκρυα</span> <span class='ocrx_word' id='word_1_420' title='bbox 1828 3082 1845 3099; x_wconf 78' lang='grc' dir='ltr'><strong>ο</strong></span> <span class='ocrx_word' id='word_1_421' title='bbox 1899 3067 1986 3118; x_wconf 69' lang='grc' dir='ltr'>καὶ</span> 
     </span>
    </p>
   </div>
   <div class='ocr_carea' id='block_1_60' title="bbox 2089 3062 3679 3139">
    <p class='ocr_par' dir='ltr' id='par_1_60' title="bbox 2098 3062 3679 3136">
     <span class='ocr_line' id='line_1_60' title="bbox 2098 3062 3679 3136; baseline 0.002 -18"><span class='ocrx_word' id='word_1_422' title='bbox 2098 3065 2368 3119; x_wconf 87' lang='lat' dir='ltr'><strong>rationem</strong></span> <span class='ocrx_word' id='word_1_423' title='bbox 2399 3062 2663 3133; x_wconf 87' lang='lat' dir='ltr'><strong>percitus,</strong></span> <span class='ocrx_word' id='word_1_424' title='bbox 2698 3065 2750 3119; x_wconf 92' lang='lat' dir='ltr'><strong>in</strong></span> <span class='ocrx_word' id='word_1_425' title='bbox 2785 3066 2837 3120; x_wconf 90' lang='lat' dir='ltr'><strong>id</strong></span> <span class='ocrx_word' id='word_1_426' title='bbox 2869 3067 3182 3129; x_wconf 81' lang='lat' dir='ltr'><strong>ferebatur,</strong></span> <span class='ocrx_word' id='word_1_427' title='bbox 3220 3067 3378 3121; x_wconf 87' lang='lat' dir='ltr'><strong>humi</strong></span> <span class='ocrx_word' id='word_1_428' title='bbox 3424 3079 3679 3136; x_wconf 72' lang='lat' dir='ltr'><strong>proster~</strong></span> 
     </span>
    </p>
   </div>
   <div class='ocr_carea' id='block_1_61' title="bbox 415 3154 1986 3232">
    <p class='ocr_par' dir='ltr' id='par_1_61' title="bbox 415 3157 1986 3232">
     <span class='ocr_line' id='line_1_61' title="bbox 415 3157 1986 3232; baseline -0.003 -17"><span class='ocrx_word' id='word_1_429' title='bbox 415 3161 536 3232; x_wconf 74' lang='grc' dir='ltr'><strong>ἅμα</strong></span> <span class='ocrx_word' id='word_1_430' title='bbox 564 3163 632 3232; x_wconf 84' lang='grc' dir='ltr'>τῇ</span> <span class='ocrx_word' id='word_1_431' title='bbox 663 3160 892 3232; x_wconf 78' lang='grc' dir='ltr'>παιδείᾳ</span> <span class='ocrx_word' id='word_1_432' title='bbox 919 3159 1011 3215; x_wconf 76' lang='grc' dir='ltr'>καὶ</span> <span class='ocrx_word' id='word_1_433' title='bbox 1041 3161 1075 3231; x_wconf 77' lang='grc' dir='ltr'><strong>ἡ</strong></span> <span class='ocrx_word' id='word_1_434' title='bbox 1110 3158 1381 3230; x_wconf 81' lang='grc' dir='ltr'>θεραπεία</span> <span class='ocrx_word' id='word_1_435' title='bbox 1416 3157 1651 3228; x_wconf 83' lang='grc' dir='ltr'>προσῆν.</span> <span class='ocrx_word' id='word_1_436' title='bbox 1688 3158 1863 3226; x_wconf 85' lang='grc' dir='ltr'>Ἐστη</span> <span class='ocrx_word' id='word_1_437' title='bbox 1893 3158 1986 3227; x_wconf 81' lang='grc' dir='ltr'><strong>μὲν</strong></span> 
     </span>
    </p>
   </div>
   <div class='ocr_carea' id='block_1_62' title="bbox 2089 3154 3677 3232">
    <p class='ocr_par' dir='ltr' id='par_1_62' title="bbox 2100 3154 3677 3228">
     <span class='ocr_line' id='line_1_62' title="bbox 2100 3154 3677 3228; baseline 0.003 -21"><span class='ocrx_word' id='word_1_438' title='bbox 2100 3171 2231 3209; x_wconf 88' lang='lat' dir='ltr'><strong>ncre</strong></span> <span class='ocrx_word' id='word_1_439' title='bbox 2276 3170 2494 3209; x_wconf 90' lang='lat' dir='ltr'><strong>sacrum</strong></span> <span class='ocrx_word' id='word_1_440' title='bbox 2535 3154 2671 3210; x_wconf 86' lang='lat' dir='ltr'><strong>illud</strong></span> <span class='ocrx_word' id='word_1_441' title='bbox 2718 3171 2956 3226; x_wconf 90' lang='lat' dir='ltr'><strong>corpus,</strong></span> <span class='ocrx_word' id='word_1_442' title='bbox 3001 3169 3166 3228; x_wconf 85' lang='lat' dir='ltr'><strong>atque</strong></span> <span class='ocrx_word' id='word_1_443' title='bbox 3214 3158 3573 3227; x_wconf 79' lang='lat' dir='ltr'><strong>pessumdare</strong></span> <span class='ocrx_word' id='word_1_444' title='bbox 3623 3161 3677 3212; x_wconf 86' lang='lat' dir='ltr'><strong>in</strong></span> 
     </span>
    </p>
   </div>
   <div class='ocr_carea' id='block_1_63' title="bbox 411 3245 1986 3325">
    <p class='ocr_par' dir='ltr' id='par_1_63' title="bbox 411 3249 1986 3325">
     <span class='ocr_line' id='line_1_63' title="bbox 411 3249 1986 3325; baseline -0.003 -18"><span class='ocrx_word' id='word_1_445' title='bbox 411 3249 507 3308; x_wconf 84' lang='grc' dir='ltr'>οὖν</span> <span class='ocrx_word' id='word_1_446' title='bbox 535 3254 569 3325; x_wconf 84' lang='grc' dir='ltr'><strong>ή</strong></span> <span class='ocrx_word' id='word_1_447' title='bbox 607 3251 763 3319; x_wconf 83' lang='grc' dir='ltr'>κλίνη</span> <span class='ocrx_word' id='word_1_448' title='bbox 810 3251 907 3307; x_wconf 81' lang='grc' dir='ltr'>τοῦ</span> <span class='ocrx_word' id='word_1_449' title='bbox 958 3252 1147 3321; x_wconf 90' lang='grc' dir='ltr'>πρόσω</span> <span class='ocrx_word' id='word_1_450' title='bbox 1176 3251 1481 3321; x_wconf 83' lang='grc' dir='ltr'>φέρεσθαι·</span> <span class='ocrx_word' id='word_1_451' title='bbox 1508 3252 1604 3304; x_wconf 71' lang='grc' dir='ltr'>καὶ</span> <span class='ocrx_word' id='word_1_452' title='bbox 1626 3249 1737 3303; x_wconf 89' lang='grc' dir='ltr'><strong>τῶν</strong></span> <span class='ocrx_word' id='word_1_453' title='bbox 1765 3250 1986 3320; x_wconf 82' lang='grc' dir='ltr'>τμημά-</span> 
     </span>
    </p>
   </div>
   <div class='ocr_carea' id='block_1_64' title="bbox 2089 3245 3679 3325">
    <p class='ocr_par' dir='ltr' id='par_1_64' title="bbox 2095 3245 3679 3319">
     <span class='ocr_line' id='line_1_64' title="bbox 2095 3245 3679 3319; baseline 0.003 -19"><span class='ocrx_word' id='word_1_454' title='bbox 2095 3245 2279 3300; x_wconf 89' lang='lat' dir='ltr'><strong>animo</strong></span> <span class='ocrx_word' id='word_1_455' title='bbox 2301 3246 2528 3301; x_wconf 85' lang='lat' dir='ltr'><strong>habens.</strong></span> <span class='ocrx_word' id='word_1_456' title='bbox 2549 3245 2652 3302; x_wconf 87' lang='lat' dir='ltr'><strong>Sed</strong></span> <span class='ocrx_word' id='word_1_457' title='bbox 2667 3247 2818 3301; x_wconf 88' lang='lat' dir='ltr'><strong>enim</strong></span> <span class='ocrx_word' id='word_1_458' title='bbox 2844 3248 3081 3304; x_wconf 88' lang='lat' dir='ltr'><strong>vindicta</strong></span> <span class='ocrx_word' id='word_1_459' title='bbox 3102 3264 3446 3319; x_wconf 86' lang='lat' dir='ltr'><strong>nequaquam</strong></span> <span class='ocrx_word' id='word_1_460' title='bbox 3472 3260 3679 3305; x_wconf 79' lang='lat' dir='ltr'><strong>morata</strong></span> 
     </span>
    </p>
   </div>
   <div class='ocr_carea' id='block_1_65' title="bbox 411 3336 1986 3418">
    <p class='ocr_par' dir='ltr' id='par_1_65' title="bbox 411 3340 1986 3418">
     <span class='ocr_line' id='line_1_65' title="bbox 411 3340 1986 3418; baseline -0.005 -18"><span class='ocrx_word' id='word_1_461' title='bbox 411 3363 524 3400; x_wconf 87' lang='grc' dir='ltr'><strong>των</strong></span> <span class='ocrx_word' id='word_1_462' title='bbox 565 3344 1131 3418; x_wconf 82' lang='grc' dir='ltr'>προσαρμοσθέντων,</span> <span class='ocrx_word' id='word_1_463' title='bbox 1171 3345 1294 3399; x_wconf 80' lang='grc' dir='ltr'>ὅθεν</span> <span class='ocrx_word' id='word_1_464' title='bbox 1349 3342 1649 3415; x_wconf 73' lang='grc' dir='ltr'>ἐρρύησαν,</span> <span class='ocrx_word' id='word_1_465' title='bbox 1687 3341 1898 3412; x_wconf 81' lang='grc' dir='ltr'>Πέτρου</span> <span class='ocrx_word' id='word_1_466' title='bbox 1928 3340 1986 3392; x_wconf 73' lang='grc' dir='ltr'>δὲ</span> 
     </span>
    </p>
   </div>
   <div class='ocr_carea' id='block_1_66' title="bbox 2089 3336 3681 3418">
    <p class='ocr_par' dir='ltr' id='par_1_66' title="bbox 2096 3336 3681 3407">
     <span class='ocr_line' id='line_1_66' title="bbox 2096 3336 3681 3407; baseline 0.003 -15"><span class='ocrx_word' id='word_1_467' title='bbox 2096 3348 2205 3393; x_wconf 84' lang='lat' dir='ltr'><strong>est.</strong></span> <span class='ocrx_word' id='word_1_468' title='bbox 2236 3336 2584 3407; x_wconf 78' lang='lat' dir='ltr'><strong>Namqueab</strong></span> <span class='ocrx_word' id='word_1_469' title='bbox 2610 3339 2764 3393; x_wconf 88' lang='lat' dir='ltr'><strong>ulnis</strong></span> <span class='ocrx_word' id='word_1_470' title='bbox 2792 3355 2987 3393; x_wconf 88' lang='lat' dir='ltr'><strong>manus</strong></span> <span class='ocrx_word' id='word_1_471' title='bbox 3023 3340 3173 3394; x_wconf 79' lang='lat' dir='ltr'><strong>illius</strong></span> <span class='ocrx_word' id='word_1_472' title='bbox 3204 3340 3413 3405; x_wconf 71' lang='lat' dir='ltr'><strong>recisae,</strong></span> <span class='ocrx_word' id='word_1_473' title='bbox 3440 3358 3503 3395; x_wconf 77' lang='lat' dir='ltr'><strong>ex</strong></span> <span class='ocrx_word' id='word_1_474' title='bbox 3531 3342 3681 3397; x_wconf 58' lang='lat' dir='ltr'><strong>fere.</strong></span> 
     </span>
    </p>
   </div>
   <div class='ocr_carea' id='block_1_67' title="bbox 413 3423 1986 3504">
    <p class='ocr_par' dir='ltr' id='par_1_67' title="bbox 413 3423 1985 3504">
     <span class='ocr_line' id='line_1_67' title="bbox 413 3423 1985 3504; baseline -0.004 -17"><span class='ocrx_word' id='word_1_475' title='bbox 413 3434 475 3487; x_wconf 77' lang='grc' dir='ltr'>τὸ</span> <span class='ocrx_word' id='word_1_476' title='bbox 513 3433 796 3502; x_wconf 67' lang='grc' dir='ltr'>ιπίταγμα</span> <span class='ocrx_word' id='word_1_477' title='bbox 830 3428 921 3503; x_wconf 79' lang='grc' dir='ltr'>ἦν,</span> <span class='ocrx_word' id='word_1_478' title='bbox 980 3433 1302 3504; x_wconf 86' lang='grc' dir='ltr'>παραυτίκα</span> <span class='ocrx_word' id='word_1_479' title='bbox 1333 3430 1408 3493; x_wconf 85' lang='grc' dir='ltr'>ὡς</span> <span class='ocrx_word' id='word_1_480' title='bbox 1438 3429 1500 3483; x_wconf 83' lang='grc' dir='ltr'>τὺ</span> <span class='ocrx_word' id='word_1_481' title='bbox 1530 3428 1797 3499; x_wconf 81' lang='grc' dir='ltr'>πρότερον</span> <span class='ocrx_word' id='word_1_482' title='bbox 1822 3423 1985 3499; x_wconf 80' lang='grc' dir='ltr'>ἦσαν.</span> 
     </span>
    </p>
   </div>
   <div class='ocr_carea' id='block_1_68' title="bbox 2089 3423 3681 3504">
    <p class='ocr_par' dir='ltr' id='par_1_68' title="bbox 2101 3428 3681 3500">
     <span class='ocr_line' id='line_1_68' title="bbox 2101 3428 3681 3500; baseline 0.002 -19"><span class='ocrx_word' id='word_1_483' title='bbox 2101 3436 2185 3481; x_wconf 89' lang='lat' dir='ltr'><strong>tro</strong></span> <span class='ocrx_word' id='word_1_484' title='bbox 2231 3428 2640 3498; x_wconf 87' lang='lat' dir='ltr'><strong>dependerunt.</strong></span> <span class='ocrx_word' id='word_1_485' title='bbox 2685 3434 2754 3485; x_wconf 89' lang='lat' dir='ltr'><strong>At</strong></span> <span class='ocrx_word' id='word_1_486' title='bbox 2803 3446 2926 3499; x_wconf 62' lang='lat' dir='ltr'><strong>qua</strong></span> <span class='ocrx_word' id='word_1_487' title='bbox 2976 3431 3161 3485; x_wconf 78' lang='lat' dir='ltr'><strong>divina</strong></span> <span class='ocrx_word' id='word_1_488' title='bbox 3211 3432 3503 3487; x_wconf 84' lang='lat' dir='ltr'><strong>nativitate</strong></span> <span class='ocrx_word' id='word_1_489' title='bbox 3558 3450 3681 3500; x_wconf 83' lang='lat' dir='ltr'><strong>sua,</strong></span> 
     </span>
    </p>
   </div>
   <div class='ocr_carea' id='block_1_69' title="bbox 427 3516 1986 3593">
    <p class='ocr_par' dir='ltr' id='par_1_69' title="bbox 427 3516 1986 3593">
     <span class='ocr_line' id='line_1_69' title="bbox 427 3516 1986 3593; baseline -0.003 -17"><span class='ocrx_word' id='word_1_490' title='bbox 427 3524 514 3587; x_wconf 82' lang='grc' dir='ltr'>Ὡς</span> <span class='ocrx_word' id='word_1_491' title='bbox 555 3524 613 3576; x_wconf 83' lang='grc' dir='ltr'>δὲ</span> <span class='ocrx_word' id='word_1_492' title='bbox 649 3525 745 3577; x_wconf 67' lang='grc' dir='ltr'><strong>καὶ</strong></span> <span class='ocrx_word' id='word_1_493' title='bbox 792 3523 894 3593; x_wconf 76' lang='grc' dir='ltr'>τὴν</span> <span class='ocrx_word' id='word_1_494' title='bbox 939 3520 1272 3592; x_wconf 79' lang='grc' dir='ltr'>Γεθσημανὴ</span> <span class='ocrx_word' id='word_1_495' title='bbox 1311 3518 1640 3583; x_wconf 78' lang='grc' dir='ltr'>κατέλαϐον,</span> <span class='ocrx_word' id='word_1_496' title='bbox 1689 3519 1847 3588; x_wconf 78' lang='grc' dir='ltr'><strong>τάφῳ</strong></span> <span class='ocrx_word' id='word_1_497' title='bbox 1886 3516 1986 3586; x_wconf 79' lang='grc' dir='ltr'>μὲν</span> 
     </span>
    </p>
   </div>
   <div class='ocr_carea' id='block_1_70' title="bbox 2089 3516 3683 3593">
    <p class='ocr_par' dir='ltr' id='par_1_70' title="bbox 2098 3519 3683 3592">
     <span class='ocr_line' id='line_1_70' title="bbox 2098 3519 3683 3592; baseline 0.003 -19"><span class='ocrx_word' id='word_1_498' title='bbox 2098 3519 2288 3574; x_wconf 64' lang='lat' dir='ltr'><strong>laetitia</strong></span> <span class='ocrx_word' id='word_1_499' title='bbox 2329 3520 2690 3575; x_wconf 84' lang='lat' dir='ltr'><strong>habitabilem</strong></span> <span class='ocrx_word' id='word_1_500' title='bbox 2733 3522 2925 3576; x_wconf 89' lang='lat' dir='ltr'><strong>orbem</strong></span> <span class='ocrx_word' id='word_1_501' title='bbox 2973 3537 3194 3577; x_wconf 89' lang='lat' dir='ltr'><strong>omnem</strong></span> <span class='ocrx_word' id='word_1_502' title='bbox 3242 3524 3576 3592; x_wconf 63' lang='lat' dir='ltr'><strong>repleverat,</strong></span> <span class='ocrx_word' id='word_1_503' title='bbox 3612 3542 3683 3579; x_wconf 92' lang='lat' dir='ltr'><strong>nc</strong></span> 
     </span>
    </p>
   </div>
   <div class='ocr_carea' id='block_1_71' title="bbox 415 3608 1986 3685">
    <p class='ocr_par' dir='ltr' id='par_1_71' title="bbox 415 3608 1986 3685">
     <span class='ocr_line' id='line_1_71' title="bbox 415 3608 1986 3685; baseline -0.005 -16"><span class='ocrx_word' id='word_1_504' title='bbox 415 3615 508 3669; x_wconf 81' lang='grc' dir='ltr'><strong>τὸν</strong></span> <span class='ocrx_word' id='word_1_505' title='bbox 541 3615 669 3668; x_wconf 79' lang='grc' dir='ltr'>Υίὺν</span> <span class='ocrx_word' id='word_1_506' title='bbox 702 3614 1024 3685; x_wconf 81' lang='grc' dir='ltr'>μιμουμένη</span> <span class='ocrx_word' id='word_1_507' title='bbox 1053 3612 1298 3668; x_wconf 76' lang='grc' dir='ltr'>δέδοταιο</span> <span class='ocrx_word' id='word_1_508' title='bbox 1323 3611 1393 3664; x_wconf 87' lang='grc' dir='ltr'>δι’</span> <span class='ocrx_word' id='word_1_509' title='bbox 1428 3611 1638 3664; x_wconf 74' lang='grc' dir='ltr'>ἐκείνου</span> <span class='ocrx_word' id='word_1_510' title='bbox 1667 3609 1726 3661; x_wconf 79' lang='grc' dir='ltr'>δὲ</span> <span class='ocrx_word' id='word_1_511' title='bbox 1762 3609 1898 3679; x_wconf 83' lang='grc' dir='ltr'>πρὸς</span> <span class='ocrx_word' id='word_1_512' title='bbox 1921 3608 1986 3661; x_wconf 74' lang='grc' dir='ltr'>τὰ</span> 
     </span>
    </p>
   </div>
   <div class='ocr_carea' id='block_1_72' title="bbox 2089 3608 3682 3685">
    <p class='ocr_par' dir='ltr' id='par_1_72' title="bbox 2096 3611 3682 3683">
     <span class='ocr_line' id='line_1_72' title="bbox 2096 3611 3682 3683; baseline 0.004 -18"><span class='ocrx_word' id='word_1_513' title='bbox 2096 3611 2151 3665; x_wconf 89' lang='lat' dir='ltr'><strong>in</strong></span> <span class='ocrx_word' id='word_1_514' title='bbox 2197 3611 2350 3666; x_wconf 86' lang='lat' dir='ltr'><strong>obitu</strong></span> <span class='ocrx_word' id='word_1_515' title='bbox 2400 3612 2625 3682; x_wconf 90' lang='lat' dir='ltr'><strong>quidem</strong></span> <span class='ocrx_word' id='word_1_516' title='bbox 2678 3614 2922 3683; x_wconf 86' lang='lat' dir='ltr'><strong>cuipiam</strong></span> <span class='ocrx_word' id='word_1_517' title='bbox 2968 3616 3236 3669; x_wconf 68' lang='lat' dir='ltr'><strong>molestiae</strong></span> <span class='ocrx_word' id='word_1_518' title='bbox 3273 3623 3373 3669; x_wconf 87' lang='lat' dir='ltr'><strong>aut</strong></span> <span class='ocrx_word' id='word_1_519' title='bbox 3421 3629 3682 3672; x_wconf 64' lang='lat' dir='ltr'><strong>erumna:</strong></span> 
     </span>
    </p>
   </div>
   <div class='ocr_carea' id='block_1_73' title="bbox 418 3694 1986 3774">
    <p class='ocr_par' dir='ltr' id='par_1_73' title="bbox 418 3694 1986 3774">
     <span class='ocr_line' id='line_1_73' title="bbox 418 3694 1986 3774; baseline -0.004 -18"><span class='ocrx_word' id='word_1_520' title='bbox 418 3705 538 3757; x_wconf 85' lang='grc' dir='ltr'>θεῖα</span> <span class='ocrx_word' id='word_1_521' title='bbox 596 3703 934 3774; x_wconf 86' lang='grc' dir='ltr'>σκηνώματα</span> <span class='ocrx_word' id='word_1_522' title='bbox 991 3701 1364 3773; x_wconf 82' lang='grc' dir='ltr'>μετατίθεται,</span> <span class='ocrx_word' id='word_1_523' title='bbox 1419 3699 1602 3767; x_wconf 79' lang='grc' dir='ltr'>λόγοις</span> <span class='ocrx_word' id='word_1_524' title='bbox 1652 3694 1735 3763; x_wconf 75' lang='grc' dir='ltr'>οἷς</span> <span class='ocrx_word' id='word_1_525' title='bbox 1789 3696 1986 3752; x_wconf 81' lang='grc' dir='ltr'>οίδενό</span> 
     </span>
    </p>
   </div>
   <div class='ocr_carea' id='block_1_74' title="bbox 2089 3694 3682 3774">
    <p class='ocr_par' dir='ltr' id='par_1_74' title="bbox 2093 3700 3682 3771">
     <span class='ocr_line' id='line_1_74' title="bbox 2093 3700 3682 3771; baseline 0.003 -17"><span class='ocrx_word' id='word_1_526' title='bbox 2093 3700 2332 3771; x_wconf 87' lang='lat' dir='ltr'><strong>alicujus</strong></span> <span class='ocrx_word' id='word_1_527' title='bbox 2363 3716 2527 3756; x_wconf 88' lang='lat' dir='ltr'><strong>causa</strong></span> <span class='ocrx_word' id='word_1_528' title='bbox 2557 3700 2742 3757; x_wconf 89' lang='lat' dir='ltr'><strong>futura</strong></span> <span class='ocrx_word' id='word_1_529' title='bbox 2782 3710 2920 3756; x_wconf 89' lang='lat' dir='ltr'><strong>erat.</strong></span> <span class='ocrx_word' id='word_1_530' title='bbox 2954 3703 3129 3758; x_wconf 86' lang='lat' dir='ltr'><strong>Porro</strong></span> <span class='ocrx_word' id='word_1_531' title='bbox 3163 3705 3210 3761; x_wconf 88' lang='lat' dir='ltr'><strong>is</strong></span> <span class='ocrx_word' id='word_1_532' title='bbox 3240 3708 3327 3760; x_wconf 90' lang='lat' dir='ltr'><strong>cui</strong></span> <span class='ocrx_word' id='word_1_533' title='bbox 3367 3706 3472 3760; x_wconf 85' lang='lat' dir='ltr'><strong>hoc</strong></span> <span class='ocrx_word' id='word_1_534' title='bbox 3502 3707 3682 3760; x_wconf 84' lang='lat' dir='ltr'><strong>conti-</strong></span> 
     </span>
    </p>
   </div>
   <div class='ocr_carea' id='block_1_75' title="bbox 417 3788 1986 3867">
    <p class='ocr_par' dir='ltr' id='par_1_75' title="bbox 417 3788 1986 3866">
     <span class='ocr_line' id='line_1_75' title="bbox 417 3788 1986 3866; baseline -0.005 -16"><span class='ocrx_word' id='word_1_535' title='bbox 417 3794 593 3850; x_wconf 84' lang='grc' dir='ltr'>ταῦτα</span> <span class='ocrx_word' id='word_1_536' title='bbox 638 3794 848 3866; x_wconf 86' lang='grc' dir='ltr'>δράσας</span> <span class='ocrx_word' id='word_1_537' title='bbox 896 3794 1066 3858; x_wconf 75' lang='grc' dir='ltr'>Θεόςο</span> <span class='ocrx_word' id='word_1_538' title='bbox 1115 3793 1174 3846; x_wconf 70' lang='grc' dir='ltr'>ιν</span> <span class='ocrx_word' id='word_1_539' title='bbox 1203 3791 1354 3859; x_wconf 85' lang='grc' dir='ltr'>αὐτῴ</span> <span class='ocrx_word' id='word_1_540' title='bbox 1380 3789 1461 3861; x_wconf 84' lang='grc' dir='ltr'>τῷ</span> <span class='ocrx_word' id='word_1_541' title='bbox 1489 3789 1619 3860; x_wconf 88' lang='grc' dir='ltr'>θείῳ</span> <span class='ocrx_word' id='word_1_542' title='bbox 1659 3788 1861 3859; x_wconf 81' lang='grc' dir='ltr'>δηλαδὴ</span> <span class='ocrx_word' id='word_1_543' title='bbox 1888 3805 1986 3842; x_wconf 74' lang='grc' dir='ltr'>παι</span> 
     </span>
    </p>
   </div>
   <div class='ocr_carea' id='block_1_76' title="bbox 2089 3788 3685 3867">
    <p class='ocr_par' dir='ltr' id='par_1_76' title="bbox 2094 3793 3685 3867">
     <span class='ocr_line' id='line_1_76' title="bbox 2094 3793 3685 3867; baseline 0.005 -22"><span class='ocrx_word' id='word_1_544' title='bbox 2094 3800 2267 3862; x_wconf 77' lang='lat' dir='ltr'><strong>gerat,</strong></span> <span class='ocrx_word' id='word_1_545' title='bbox 2303 3809 2428 3848; x_wconf 83' lang='lat' dir='ltr'><strong>cuin</strong></span> <span class='ocrx_word' id='word_1_546' title='bbox 2473 3793 2650 3849; x_wconf 86' lang='lat' dir='ltr'><strong>malus</strong></span> <span class='ocrx_word' id='word_1_547' title='bbox 2676 3796 2898 3863; x_wconf 85' lang='lat' dir='ltr'><strong>quidem</strong></span> <span class='ocrx_word' id='word_1_548' title='bbox 2921 3835 2936 3860; x_wconf 93' lang='lat'><strong>,</strong></span> <span class='ocrx_word' id='word_1_549' title='bbox 2970 3795 3069 3850; x_wconf 90' lang='lat' dir='ltr'><strong>sed</strong></span> <span class='ocrx_word' id='word_1_550' title='bbox 3098 3803 3281 3850; x_wconf 89' lang='lat' dir='ltr'><strong>tamen</strong></span> <span class='ocrx_word' id='word_1_551' title='bbox 3312 3813 3420 3851; x_wconf 90' lang='lat' dir='ltr'><strong>non</strong></span> <span class='ocrx_word' id='word_1_552' title='bbox 3451 3814 3685 3867; x_wconf 84' lang='lat' dir='ltr'><strong>prorsus</strong></span> 
     </span>
    </p>
   </div>
   <div class='ocr_carea' id='block_1_77' title="bbox 420 3877 1986 3958">
    <p class='ocr_par' dir='ltr' id='par_1_77' title="bbox 420 3877 1986 3957">
     <span class='ocr_line' id='line_1_77' title="bbox 420 3877 1986 3957; baseline -0.005 -18"><span class='ocrx_word' id='word_1_553' title='bbox 420 3885 674 3957; x_wconf 73' lang='grc' dir='ltr'>ραδείσῳ,</span> <span class='ocrx_word' id='word_1_554' title='bbox 722 3887 859 3940; x_wconf 80' lang='grc' dir='ltr'>ὅπου</span> <span class='ocrx_word' id='word_1_555' title='bbox 904 3884 971 3956; x_wconf 82' lang='grc' dir='ltr'>δὴ</span> <span class='ocrx_word' id='word_1_556' title='bbox 1025 3885 1121 3938; x_wconf 75' lang='grc' dir='ltr'><strong>καὶ</strong></span> <span class='ocrx_word' id='word_1_557' title='bbox 1167 3885 1232 3937; x_wconf 85' lang='grc' dir='ltr'><strong>τδ</strong></span> <span class='ocrx_word' id='word_1_558' title='bbox 1284 3881 1440 3947; x_wconf 81' lang='grc' dir='ltr'>ξύλον</span> <span class='ocrx_word' id='word_1_559' title='bbox 1496 3878 1840 3952; x_wconf 83' lang='grc' dir='ltr'>πεφύτευται</span> <span class='ocrx_word' id='word_1_560' title='bbox 1893 3877 1986 3950; x_wconf 82' lang='grc' dir='ltr'>τῆς</span> 
     </span>
    </p>
   </div>
   <div class='ocr_carea' id='block_1_78' title="bbox 2089 3877 3705 3958">
    <p class='ocr_par' dir='ltr' id='par_1_78' title="bbox 2095 3878 3705 3958">
     <span class='ocr_line' id='line_1_78' title="bbox 2095 3878 3705 3958; baseline 0.005 -22"><span class='ocrx_word' id='word_1_561' title='bbox 2095 3882 2422 3953; x_wconf 83' lang='lat' dir='ltr'><strong>desperatus</strong></span> <span class='ocrx_word' id='word_1_562' title='bbox 2471 3896 2530 3940; x_wconf 90' lang='lat' dir='ltr'><strong>et</strong></span> <span class='ocrx_word' id='word_1_563' title='bbox 2579 3886 2906 3942; x_wconf 86' lang='lat' dir='ltr'><strong>incurabiiis</strong></span> <span class='ocrx_word' id='word_1_564' title='bbox 2957 3896 3127 3951; x_wconf 85' lang='lat' dir='ltr'><strong>esset,</strong></span> <span class='ocrx_word' id='word_1_565' title='bbox 3158 3890 3503 3958; x_wconf 82' lang='lat' dir='ltr'><strong>poenitentiae</strong></span> <span class='ocrx_word' id='word_1_566' title='bbox 3571 3878 3705 3944; x_wconf 86' lang='lat' dir='ltr'><strong>rite</strong></span> 
     </span>
    </p>
   </div>
   <div class='ocr_carea' id='block_1_79' title="bbox 419 3976 3681 4055">
    <p class='ocr_par' dir='ltr' id='par_1_79' title="bbox 419 3976 3681 4055">
     <span class='ocr_line' id='line_1_79' title="bbox 419 3976 3681 4055; baseline 0.001 -25"><span class='ocrx_word' id='word_1_567' title='bbox 419 3976 590 4055; x_wconf 72' lang='grc' dir='ltr'>ζωῆς.</span> <span class='ocrx_word' id='word_1_568' title='bbox 2096 3977 2391 4044; x_wconf 68' lang='lat' dir='ltr'><strong>praetendit</strong></span> <span class='ocrx_word' id='word_1_569' title='bbox 2422 3979 2729 4034; x_wconf 89' lang='lat' dir='ltr'><strong>remedium</strong></span> <span class='ocrx_word' id='word_1_570' title='bbox 2756 3996 2770 4033; x_wconf 90' lang='lat'><strong>:</strong></span> <span class='ocrx_word' id='word_1_571' title='bbox 2802 3990 2858 4035; x_wconf 88' lang='lat' dir='ltr'><strong>et</strong></span> <span class='ocrx_word' id='word_1_572' title='bbox 2890 3980 3153 4049; x_wconf 86' lang='lat' dir='ltr'><strong>quoniam</strong></span> <span class='ocrx_word' id='word_1_573' title='bbox 3180 3996 3377 4036; x_wconf 89' lang='lat' dir='ltr'><strong>manus</strong></span> <span class='ocrx_word' id='word_1_574' title='bbox 3406 3997 3543 4051; x_wconf 81' lang='lat' dir='ltr'><strong>quas</strong></span> <span class='ocrx_word' id='word_1_575' title='bbox 3571 3995 3681 4035; x_wconf 89' lang='lat' dir='ltr'><strong>non</strong></span> 
     </span>
    </p>
   </div>
   <div class='ocr_carea' id='block_1_80' title="bbox 415 4065 3650 4145">
    <p class='ocr_par' dir='ltr' id='par_1_80' title="bbox 415 4065 3650 4145">
     <span class='ocr_line' id='line_1_80' title="bbox 415 4065 3650 4145; baseline 0.001 -22"><span class='ocrx_word' id='word_1_576' title='bbox 415 4068 691 4137; x_wconf 80' lang='lat' dir='ltr'><strong>habebat,</strong></span> <span class='ocrx_word' id='word_1_577' title='bbox 739 4069 1074 4141; x_wconf 81' lang='lat' dir='ltr'><strong>protendere</strong></span> <span class='ocrx_word' id='word_1_578' title='bbox 1102 4067 1329 4137; x_wconf 86' lang='lat' dir='ltr'><strong>nequit,</strong></span> <span class='ocrx_word' id='word_1_579' title='bbox 1364 4066 1634 4136; x_wconf 84' lang='lat' dir='ltr'><strong>lacrymas</strong></span> <span class='ocrx_word' id='word_1_580' title='bbox 1667 4065 1899 4134; x_wconf 79' lang='lat' dir='ltr'><strong>profert,</strong></span> <span class='ocrx_word' id='word_1_581' title='bbox 1935 4074 1992 4122; x_wconf 89' lang='lat' dir='ltr'><strong>et</strong></span> <span class='ocrx_word' id='word_1_582' title='bbox 2027 4068 2194 4124; x_wconf 89' lang='lat' dir='ltr'><strong>simul</strong></span> <span class='ocrx_word' id='word_1_583' title='bbox 2259 4086 2384 4125; x_wconf 87' lang='lat' dir='ltr'><strong>cum</strong></span> <span class='ocrx_word' id='word_1_584' title='bbox 2423 4072 2808 4144; x_wconf 84' lang='lat' dir='ltr'><strong>castigatione,</strong></span> <span class='ocrx_word' id='word_1_585' title='bbox 2838 4087 2972 4128; x_wconf 89' lang='lat' dir='ltr'><strong>cura</strong></span> <span class='ocrx_word' id='word_1_586' title='bbox 3039 4090 3261 4145; x_wconf 91' lang='lat' dir='ltr'><strong>quoque</strong></span> <span class='ocrx_word' id='word_1_587' title='bbox 3292 4074 3450 4131; x_wconf 85' lang='lat' dir='ltr'><strong>adest</strong></span> <span class='ocrx_word' id='word_1_588' title='bbox 3509 4073 3650 4129; x_wconf 86' lang='lat' dir='ltr'><strong>Fere</strong></span> 
     </span>
    </p>
   </div>
   <div class='ocr_carea' id='block_1_81' title="bbox 417 4158 3729 4243">
    <p class='ocr_par' dir='ltr' id='par_1_81' title="bbox 417 4158 3729 4243">
     <span class='ocr_line' id='line_1_81' title="bbox 417 4158 3729 4243; baseline 0.002 -28"><span class='ocrx_word' id='word_1_589' title='bbox 417 4172 563 4217; x_wconf 87' lang='lat' dir='ltr'><strong>trum</strong></span> <span class='ocrx_word' id='word_1_590' title='bbox 607 4164 757 4218; x_wconf 86' lang='lat' dir='ltr'><strong>enim</strong></span> <span class='ocrx_word' id='word_1_591' title='bbox 806 4162 1095 4228; x_wconf 88' lang='lat' dir='ltr'><strong>constitit,</strong></span> <span class='ocrx_word' id='word_1_592' title='bbox 1140 4170 1198 4217; x_wconf 88' lang='lat' dir='ltr'><strong>et</strong></span> <span class='ocrx_word' id='word_1_593' title='bbox 1242 4175 1439 4215; x_wconf 88' lang='lat' dir='ltr'><strong>manus</strong></span> <span class='ocrx_word' id='word_1_594' title='bbox 1479 4158 1547 4213; x_wconf 88' lang='lat' dir='ltr'><strong>ad</strong></span> <span class='ocrx_word' id='word_1_595' title='bbox 1633 4159 2025 4226; x_wconf 88' lang='lat' dir='ltr'><strong>resectionem,</strong></span> <span class='ocrx_word' id='word_1_596' title='bbox 2105 4160 2251 4216; x_wconf 89' lang='lat' dir='ltr'><strong>unde</strong></span> <span class='ocrx_word' id='word_1_597' title='bbox 2298 4161 2654 4231; x_wconf 89' lang='lat' dir='ltr'><strong>deciderant,</strong></span> <span class='ocrx_word' id='word_1_598' title='bbox 2701 4164 3131 4221; x_wconf 66' lang='lat' dir='ltr'><strong>accommodatas</strong></span> <span class='ocrx_word' id='word_1_599' title='bbox 3181 4166 3366 4234; x_wconf 81' lang='lat' dir='ltr'><strong>(Petri</strong></span> <span class='ocrx_word' id='word_1_600' title='bbox 3416 4165 3469 4221; x_wconf 90' lang='lat' dir='ltr'><strong>id</strong></span> <span class='ocrx_word' id='word_1_601' title='bbox 3521 4168 3678 4237; x_wconf 80' lang='lat' dir='ltr'><strong>jussu</strong></span> <span class='ocrx_word' id='word_1_602' title='bbox 3722 4237 3729 4243; x_wconf 32' lang='lat'><em>.</em></span> 
     </span>
    </p>
   </div>
   <div class='ocr_carea' id='block_1_82' title="bbox 414 4253 3682 4327">
    <p class='ocr_par' dir='ltr' id='par_1_82' title="bbox 414 4253 3682 4327">
     <span class='ocr_line' id='line_1_82' title="bbox 414 4253 3682 4327; baseline 0.002 -19"><span class='ocrx_word' id='word_1_603' title='bbox 414 4253 648 4326; x_wconf 78' lang='lat' dir='ltr'><strong>factum)</strong></span> <span class='ocrx_word' id='word_1_604' title='bbox 681 4253 973 4310; x_wconf 88' lang='lat' dir='ltr'><strong>confestim</strong></span> <span class='ocrx_word' id='word_1_605' title='bbox 1012 4254 1306 4322; x_wconf 83' lang='lat' dir='ltr'><strong>pristinum</strong></span> <span class='ocrx_word' id='word_1_606' title='bbox 1344 4261 1547 4308; x_wconf 85' lang='lat' dir='ltr'><strong>statum</strong></span> <span class='ocrx_word' id='word_1_607' title='bbox 1605 4264 1763 4304; x_wconf 83' lang='lat' dir='ltr'><strong>suum</strong></span> <span class='ocrx_word' id='word_1_608' title='bbox 1827 4261 2174 4321; x_wconf 80' lang='lat' dir='ltr'><strong>recuperarit.</strong></span> <span class='ocrx_word' id='word_1_609' title='bbox 2237 4253 2339 4310; x_wconf 90' lang='lat' dir='ltr'><strong>Ubi</strong></span> <span class='ocrx_word' id='word_1_610' title='bbox 2369 4266 2555 4311; x_wconf 89' lang='lat' dir='ltr'><strong>autem</strong></span> <span class='ocrx_word' id='word_1_611' title='bbox 2593 4257 2661 4311; x_wconf 87' lang='lat' dir='ltr'><strong>ad</strong></span> <span class='ocrx_word' id='word_1_612' title='bbox 2690 4255 3007 4313; x_wconf 84' lang='lat' dir='ltr'><strong>Getsemani</strong></span> <span class='ocrx_word' id='word_1_613' title='bbox 3049 4268 3376 4327; x_wconf 87' lang='lat' dir='ltr'><strong>perventum</strong></span> <span class='ocrx_word' id='word_1_614' title='bbox 3413 4269 3518 4319; x_wconf 86' lang='lat' dir='ltr'><strong>est,</strong></span> <span class='ocrx_word' id='word_1_615' title='bbox 3588 4274 3682 4314; x_wconf 83' lang='lat' dir='ltr'><strong>se-</strong></span> 
     </span>
    </p>
   </div>
   <div class='ocr_carea' id='block_1_83' title="bbox 416 4349 3676 4424">
    <p class='ocr_par' dir='ltr' id='par_1_83' title="bbox 416 4349 3676 4424">
     <span class='ocr_line' id='line_1_83' title="bbox 416 4349 3676 4424; baseline 0.002 -21"><span class='ocrx_word' id='word_1_616' title='bbox 416 4350 651 4422; x_wconf 71' lang='lat' dir='ltr'><strong>pulturae</strong></span> <span class='ocrx_word' id='word_1_617' title='bbox 681 4352 905 4421; x_wconf 86' lang='lat' dir='ltr'><strong>quidem</strong></span> <span class='ocrx_word' id='word_1_618' title='bbox 938 4351 1054 4418; x_wconf 81' lang='lat' dir='ltr'><strong>illa,</strong></span> <span class='ocrx_word' id='word_1_619' title='bbox 1084 4351 1284 4406; x_wconf 83' lang='lat' dir='ltr'><strong>Filium</strong></span> <span class='ocrx_word' id='word_1_620' title='bbox 1314 4350 1549 4412; x_wconf 88' lang='lat' dir='ltr'><strong>imitata,</strong></span> <span class='ocrx_word' id='word_1_621' title='bbox 1584 4349 1860 4406; x_wconf 87' lang='lat' dir='ltr'><strong>traditur:</strong></span> <span class='ocrx_word' id='word_1_622' title='bbox 1885 4363 1986 4418; x_wconf 86' lang='lat' dir='ltr'><strong>per</strong></span> <span class='ocrx_word' id='word_1_623' title='bbox 2023 4349 2176 4404; x_wconf 89' lang='lat' dir='ltr'><strong>illum</strong></span> <span class='ocrx_word' id='word_1_624' title='bbox 2215 4362 2401 4405; x_wconf 87' lang='lat' dir='ltr'><strong>autem</strong></span> <span class='ocrx_word' id='word_1_625' title='bbox 2479 4351 2548 4406; x_wconf 91' lang='lat' dir='ltr'><strong>ad</strong></span> <span class='ocrx_word' id='word_1_626' title='bbox 2590 4351 2780 4407; x_wconf 86' lang='lat' dir='ltr'><strong>divina</strong></span> <span class='ocrx_word' id='word_1_627' title='bbox 2861 4352 3219 4407; x_wconf 79' lang='lat' dir='ltr'><strong>tabernacula</strong></span> <span class='ocrx_word' id='word_1_628' title='bbox 3253 4353 3352 4424; x_wconf 71' lang='grc' dir='ltr'><strong>(ὅ),</strong></span> <span class='ocrx_word' id='word_1_629' title='bbox 3382 4354 3459 4408; x_wconf 87' lang='lat' dir='ltr'><strong>ad</strong></span> <span class='ocrx_word' id='word_1_630' title='bbox 3495 4355 3676 4423; x_wconf 83' lang='lat' dir='ltr'><strong>ipsum</strong></span> 
     </span>
    </p>
   </div>
   <div class='ocr_carea' id='block_1_84' title="bbox 423 4441 3680 4515">
    <p class='ocr_par' dir='ltr' id='par_1_84' title="bbox 423 4441 3680 4515">
     <span class='ocr_line' id='line_1_84' title="bbox 423 4441 3680 4515; baseline 0.002 -19"><span class='ocrx_word' id='word_1_631' title='bbox 423 4443 638 4499; x_wconf 82' lang='lat' dir='ltr'><strong>scilicet</strong></span> <span class='ocrx_word' id='word_1_632' title='bbox 675 4443 1022 4515; x_wconf 87' lang='lat' dir='ltr'><strong>paradisum,</strong></span> <span class='ocrx_word' id='word_1_633' title='bbox 1062 4443 1158 4500; x_wconf 90' lang='lat' dir='ltr'><strong>ubi</strong></span> <span class='ocrx_word' id='word_1_634' title='bbox 1195 4452 1254 4500; x_wconf 88' lang='lat' dir='ltr'><strong>et</strong></span> <span class='ocrx_word' id='word_1_635' title='bbox 1283 4441 1412 4498; x_wconf 77' lang='lat' dir='ltr'><strong>vitae</strong></span> <span class='ocrx_word' id='word_1_636' title='bbox 1445 4441 1612 4496; x_wconf 89' lang='lat' dir='ltr'><strong>arbor</strong></span> <span class='ocrx_word' id='word_1_637' title='bbox 1645 4442 1860 4497; x_wconf 86' lang='lat' dir='ltr'><strong>consita</strong></span> <span class='ocrx_word' id='word_1_638' title='bbox 1892 4450 1997 4509; x_wconf 85' lang='lat' dir='ltr'><strong>est,</strong></span> <span class='ocrx_word' id='word_1_639' title='bbox 2039 4443 2254 4498; x_wconf 89' lang='lat' dir='ltr'><strong>ratione</strong></span> <span class='ocrx_word' id='word_1_640' title='bbox 2290 4455 2378 4512; x_wconf 90' lang='lat' dir='ltr'><strong>ea,</strong></span> <span class='ocrx_word' id='word_1_641' title='bbox 2437 4458 2605 4515; x_wconf 90' lang='lat' dir='ltr'><strong>quam</strong></span> <span class='ocrx_word' id='word_1_642' title='bbox 2632 4444 2734 4514; x_wconf 86' lang='lat' dir='ltr'><strong>qui</strong></span> <span class='ocrx_word' id='word_1_643' title='bbox 2793 4445 2911 4501; x_wconf 65' lang='lat' dir='ltr'><strong>haec</strong></span> <span class='ocrx_word' id='word_1_644' title='bbox 2934 4444 3089 4511; x_wconf 84' lang='lat' dir='ltr'><strong>fecit,</strong></span> <span class='ocrx_word' id='word_1_645' title='bbox 3120 4448 3262 4500; x_wconf 86' lang='lat' dir='ltr'><strong>Deus</strong></span> <span class='ocrx_word' id='word_1_646' title='bbox 3292 4446 3468 4514; x_wconf 83' lang='lat' dir='ltr'><strong>novit,</strong></span> <span class='ocrx_word' id='word_1_647' title='bbox 3501 4457 3680 4504; x_wconf 84' lang='lat' dir='ltr'><strong>trans-</strong></span> 
     </span>
    </p>
   </div>
   <div class='ocr_carea' id='block_1_85' title="bbox 414 4539 611 4594">
    <p class='ocr_par' dir='ltr' id='par_1_85' title="bbox 414 4539 611 4594">
     <span class='ocr_line' id='line_1_85' title="bbox 414 4539 611 4594; baseline -0.015 0"><span class='ocrx_word' id='word_1_648' title='bbox 414 4539 611 4594; x_wconf 86' lang='lat' dir='ltr'><strong>fertur.</strong></span> 
     </span>
    </p>
   </div>
   <div class='ocr_carea' id='block_1_86' title="bbox 485 4694 3681 4776">
    <p class='ocr_par' dir='ltr' id='par_1_86' title="bbox 485 4694 3681 4776">
     <span class='ocr_line' id='line_1_86' title="bbox 485 4694 3681 4776; baseline 0.001 -16"><span class='ocrx_word' id='word_1_649' title='bbox 485 4705 567 4775; x_wconf 86' lang='lat' dir='ltr'><strong>(l)</strong></span> <span class='ocrx_word' id='word_1_650' title='bbox 606 4723 627 4760; x_wconf 80' lang='grc' dir='ltr'><strong>ι</strong></span> <span class='ocrx_word' id='word_1_651' title='bbox 656 4704 993 4762; x_wconf 71' lang='lat' dir='ltr'><strong>Monstratur</strong></span> <span class='ocrx_word' id='word_1_652' title='bbox 1018 4702 1860 4776; x_wconf 11' lang='lat' dir='ltr'><strong>sepulcrumejuskcerncntibus</strong></span> <span class='ocrx_word' id='word_1_653' title='bbox 1891 4718 1995 4776; x_wconf 81' lang='lat' dir='ltr'><strong>no-</strong></span> <span class='ocrx_word' id='word_1_654' title='bbox 2019 4709 2076 4770; x_wconf 70' lang='lat' dir='ltr'><strong>n</strong></span> <span class='ocrx_word' id='word_1_655' title='bbox 2169 4703 2253 4776; x_wconf 60' lang='grc' dir='ltr'><strong>(ὄλ</strong></span> <span class='ocrx_word' id='word_1_656' title='bbox 2282 4723 2301 4755; x_wconf 82' lang='grc' dir='ltr'><strong>ι</strong></span> <span class='ocrx_word' id='word_1_657' title='bbox 2325 4701 2678 4776; x_wconf 27' lang='lat' dir='ltr'><strong>_Quod,‘qui_a</strong></span> <span class='ocrx_word' id='word_1_658' title='bbox 2721 4701 2835 4776; x_wconf 76' lang='lat' dir='ltr'><strong>Deo</strong></span> <span class='ocrx_word' id='word_1_659' title='bbox 2864 4694 3125 4776; x_wconf 65' lang='lat' dir='ltr'><strong>niliifest</strong></span> <span class='ocrx_word' id='word_1_660' title='bbox 3160 4702 3541 4776; x_wconf 83' lang='lat' dir='ltr'><strong>impossibile,</strong></span> <span class='ocrx_word' id='word_1_661' title='bbox 3578 4721 3681 4762; x_wconf 79' lang='lat' dir='ltr'><strong>nec</strong></span> 
     </span>
    </p>
   </div>
   <div class='ocr_carea' id='block_1_87' title="bbox 411 4773 1990 4846">
    <p class='ocr_par' dir='ltr' id='par_1_87' title="bbox 411 4773 1990 4846">
     <span class='ocr_line' id='line_1_87' title="bbox 411 4773 1990 4846; baseline -0.002 -16"><span class='ocrx_word' id='word_1_662' title='bbox 411 4773 505 4830; x_wconf 84' lang='lat' dir='ltr'><strong>bis</strong></span> <span class='ocrx_word' id='word_1_663' title='bbox 529 4773 706 4846; x_wconf 87' lang='lat' dir='ltr'><strong>usque</strong></span> <span class='ocrx_word' id='word_1_664' title='bbox 749 4776 817 4831; x_wconf 84' lang='lat' dir='ltr'><strong>ad</strong></span> <span class='ocrx_word' id='word_1_665' title='bbox 868 4789 1132 4846; x_wconf 60' lang='lat' dir='ltr'><strong>praesens,</strong></span> <span class='ocrx_word' id='word_1_666' title='bbox 1164 4775 1220 4827; x_wconf 91' lang='lat' dir='ltr'><strong>in</strong></span> <span class='ocrx_word' id='word_1_667' title='bbox 1253 4773 1412 4846; x_wconf 67' lang='lat' dir='ltr'><strong>vallis</strong></span> <span class='ocrx_word' id='word_1_668' title='bbox 1460 4773 1730 4842; x_wconf 82' lang='lat' dir='ltr'><strong>Josapbat</strong></span> <span class='ocrx_word' id='word_1_669' title='bbox 1780 4773 1990 4846; x_wconf 78' lang='lat' dir='ltr'><strong>medio,</strong></span> 
     </span>
    </p>
   </div>
   <div class='ocr_carea' id='block_1_88' title="bbox 412 4842 1994 4914">
    <p class='ocr_par' dir='ltr' id='par_1_88' title="bbox 412 4842 1994 4914">
     <span class='ocr_line' id='line_1_88' title="bbox 412 4842 1994 4914; baseline 0 -15"><span class='ocrx_word' id='word_1_670' title='bbox 412 4861 533 4914; x_wconf 79' lang='lat' dir='ltr'><strong>quae</strong></span> <span class='ocrx_word' id='word_1_671' title='bbox 548 4842 704 4901; x_wconf 80' lang='lat' dir='ltr'><strong>vallis</strong></span> <span class='ocrx_word' id='word_1_672' title='bbox 728 4856 816 4901; x_wconf 84' lang='lat' dir='ltr'><strong>est</strong></span> <span class='ocrx_word' id='word_1_673' title='bbox 838 4842 984 4900; x_wconf 82' lang='lat' dir='ltr'><strong>inter</strong></span> <span class='ocrx_word' id='word_1_674' title='bbox 1004 4852 1246 4899; x_wconf 87' lang='lat' dir='ltr'><strong>montem</strong></span> <span class='ocrx_word' id='word_1_675' title='bbox 1268 4842 1404 4900; x_wconf 89' lang='lat' dir='ltr'><strong>Sion</strong></span> <span class='ocrx_word' id='word_1_676' title='bbox 1437 4854 1494 4914; x_wconf 89' lang='lat' dir='ltr'><strong>et</strong></span> <span class='ocrx_word' id='word_1_677' title='bbox 1520 4853 1763 4914; x_wconf 76' lang='lat' dir='ltr'><strong>montem</strong></span> <span class='ocrx_word' id='word_1_678' title='bbox 1791 4843 1994 4899; x_wconf 86' lang='lat' dir='ltr'><strong>Oliveti</strong></span> 
     </span>
    </p>
   </div>
   <div class='ocr_carea' id='block_1_89' title="bbox 412 4912 1996 4986">
    <p class='ocr_par' dir='ltr' id='par_1_89' title="bbox 412 4912 1996 4986">
     <span class='ocr_line' id='line_1_89' title="bbox 412 4912 1996 4986; baseline -0.001 -17"><span class='ocrx_word' id='word_1_679' title='bbox 412 4912 612 4985; x_wconf 80' lang='lat' dir='ltr'><strong>posita,</strong></span> <span class='ocrx_word' id='word_1_680' title='bbox 650 4918 704 4970; x_wconf 89' lang='lat' dir='ltr'><strong>in</strong></span> <span class='ocrx_word' id='word_1_681' title='bbox 737 4930 845 4986; x_wconf 88' lang='lat' dir='ltr'><strong>qua</strong></span> <span class='ocrx_word' id='word_1_682' title='bbox 879 4915 1091 4986; x_wconf 86' lang='lat' dir='ltr'><strong>sepulta</strong></span> <span class='ocrx_word' id='word_1_683' title='bbox 1123 4913 1295 4969; x_wconf 80' lang='lat' dir='ltr'><strong>fuisse</strong></span> <span class='ocrx_word' id='word_1_684' title='bbox 1318 4913 1671 4986; x_wconf 67' lang='lat' dir='ltr'><strong>praedicatur.</strong></span> <span class='ocrx_word' id='word_1_685' title='bbox 1702 4912 1811 4968; x_wconf 84' lang='lat' dir='ltr'><strong>Sed</strong></span> <span class='ocrx_word' id='word_1_686' title='bbox 1838 4928 1996 4986; x_wconf 80' lang='lat' dir='ltr'><strong>nunc</strong></span> 
     </span>
    </p>
   </div>
   <div class='ocr_carea' id='block_1_90' title="bbox 410 4983 1991 5041">
    <p class='ocr_par' dir='ltr' id='par_1_90' title="bbox 410 4983 1991 5041">
     <span class='ocr_line' id='line_1_90' title="bbox 410 4983 1991 5041; baseline -0.001 -4"><span class='ocrx_word' id='word_1_687' title='bbox 410 4983 647 5039; x_wconf 74' lang='lat' dir='ltr'><strong>vacuum</strong></span> <span class='ocrx_word' id='word_1_688' title='bbox 699 4983 823 5041; x_wconf 76' lang='lat' dir='ltr'><strong>esse</strong></span> <span class='ocrx_word' id='word_1_689' title='bbox 870 4983 1211 5039; x_wconf 84' lang='lat' dir='ltr'><strong>mausoleum</strong></span> <span class='ocrx_word' id='word_1_690' title='bbox 1259 4983 1625 5038; x_wconf 83' lang='lat' dir='ltr'><strong>cernentibus</strong></span> <span class='ocrx_word' id='word_1_691' title='bbox 1654 4983 1991 5038; x_wconf 88' lang='lat' dir='ltr'><strong>ostenditur.</strong></span> 
     </span>
    </p>
   </div>
   <div class='ocr_carea' id='block_1_91' title="bbox 414 5052 1992 5124">
    <p class='ocr_par' dir='ltr' id='par_1_91' title="bbox 414 5052 1992 5124">
     <span class='ocr_line' id='line_1_91' title="bbox 414 5052 1992 5124; baseline -0.001 -17"><span class='ocrx_word' id='word_1_692' title='bbox 414 5052 539 5111; x_wconf 66' lang='lat' dir='ltr'><strong>llaec</strong></span> <span class='ocrx_word' id='word_1_693' title='bbox 573 5055 782 5112; x_wconf 89' lang='lat' dir='ltr'><strong>idcirco</strong></span> <span class='ocrx_word' id='word_1_694' title='bbox 810 5056 1066 5120; x_wconf 78' lang='lat' dir='ltr'><strong>dixerim,</strong></span> <span class='ocrx_word' id='word_1_695' title='bbox 1098 5054 1226 5124; x_wconf 90' lang='lat' dir='ltr'><strong>quia</strong></span> <span class='ocrx_word' id='word_1_696' title='bbox 1265 5053 1423 5109; x_wconf 88' lang='lat' dir='ltr'><strong>multi</strong></span> <span class='ocrx_word' id='word_1_697' title='bbox 1467 5061 1788 5124; x_wconf 83' lang='lat' dir='ltr'><strong>nostrorum</strong></span> <span class='ocrx_word' id='word_1_698' title='bbox 1825 5053 1992 5107; x_wconf 88' lang='lat' dir='ltr'><strong>dubi-</strong></span> 
     </span>
    </p>
   </div>
   <div class='ocr_carea' id='block_1_92' title="bbox 417 5122 1992 5193">
    <p class='ocr_par' dir='ltr' id='par_1_92' title="bbox 417 5122 1992 5193">
     <span class='ocr_line' id='line_1_92' title="bbox 417 5122 1992 5193; baseline 0.001 -17"><span class='ocrx_word' id='word_1_699' title='bbox 417 5134 553 5187; x_wconf 87' lang='lat' dir='ltr'><strong>tant,</strong></span> <span class='ocrx_word' id='word_1_700' title='bbox 609 5135 794 5180; x_wconf 85' lang='lat' dir='ltr'><strong>utrum</strong></span> <span class='ocrx_word' id='word_1_701' title='bbox 827 5122 1318 5193; x_wconf 59' lang='lat' dir='ltr'><strong>assumpta&#39;luerit</strong></span> <span class='ocrx_word' id='word_1_702' title='bbox 1367 5122 1534 5178; x_wconf 85' lang='lat' dir='ltr'><strong>simul</strong></span> <span class='ocrx_word' id='word_1_703' title='bbox 1573 5137 1699 5178; x_wconf 91' lang='lat' dir='ltr'><strong>cum</strong></span> <span class='ocrx_word' id='word_1_704' title='bbox 1735 5138 1992 5193; x_wconf 87' lang='lat' dir='ltr'><strong>corpore,</strong></span> 
     </span>
    </p>
   </div>
   <div class='ocr_carea' id='block_1_93' title="bbox 412 5194 1881 5266">
    <p class='ocr_par' dir='ltr' id='par_1_93' title="bbox 412 5194 1881 5266">
     <span class='ocr_line' id='line_1_93' title="bbox 412 5194 1881 5266; baseline -0.001 -18"><span class='ocrx_word' id='word_1_705' title='bbox 412 5209 483 5248; x_wconf 88' lang='lat' dir='ltr'><strong>an</strong></span> <span class='ocrx_word' id='word_1_706' title='bbox 518 5194 719 5266; x_wconf 76' lang='lat' dir='ltr'><strong>abierit</strong></span> <span class='ocrx_word' id='word_1_707' title='bbox 755 5196 951 5251; x_wconf 91' lang='lat' dir='ltr'><strong>relicto</strong></span> <span class='ocrx_word' id='word_1_708' title='bbox 971 5209 1228 5266; x_wconf 86' lang='lat' dir='ltr'><strong>corpore.</strong></span> <span class='ocrx_word' id='word_1_709' title='bbox 1261 5195 1636 5266; x_wconf 76' lang='lat' dir='ltr'><strong>(Hieronme</strong></span> <span class='ocrx_word' id='word_1_710' title='bbox 1706 5212 1725 5266; x_wconf 60' lang='grc' dir='ltr'>χ</span> <span class='ocrx_word' id='word_1_711' title='bbox 1860 5212 1881 5221; x_wconf 75' lang='grc'><strong>-</strong></span> 
     </span>
    </p>
   </div>
   <div class='ocr_carea' id='block_1_94' title="bbox 489 5263 1989 5336">
    <p class='ocr_par' dir='ltr' id='par_1_94' title="bbox 489 5263 1989 5336">
     <span class='ocr_line' id='line_1_94' title="bbox 489 5263 1989 5336; baseline 0.003 -20"><span class='ocrx_word' id='word_1_712' title='bbox 489 5263 568 5333; x_wconf 72' lang='grc'><strong>(2)</strong></span> <span class='ocrx_word' id='word_1_713' title='bbox 599 5266 870 5336; x_wconf 81' lang='lat' dir='ltr'><strong>Epiphan.</strong></span> <span class='ocrx_word' id='word_1_714' title='bbox 914 5263 1186 5318; x_wconf 81' lang='lat' dir='ltr'><strong>adversus</strong></span> <span class='ocrx_word' id='word_1_715' title='bbox 1232 5263 1837 5336; x_wconf 47' lang='lat' dir='ltr'><strong>A’ntidicoinariauitas,</strong></span> <span class='ocrx_word' id='word_1_716' title='bbox 1875 5279 1989 5320; x_wconf 84' lang='lat' dir='ltr'><strong>non</strong></span> 
     </span>
    </p>
   </div>
   <div class='ocr_carea' id='block_1_95' title="bbox 415 5333 1991 5403">
    <p class='ocr_par' dir='ltr' id='par_1_95' title="bbox 415 5333 1991 5403">
     <span class='ocr_line' id='line_1_95' title="bbox 415 5333 1991 5403; baseline 0 -15"><span class='ocrx_word' id='word_1_717' title='bbox 415 5348 477 5388; x_wconf 85' lang='lat' dir='ltr'><strong>se</strong></span> <span class='ocrx_word' id='word_1_718' title='bbox 509 5333 672 5403; x_wconf 78' lang='lat' dir='ltr'><strong>posse</strong></span> <span class='ocrx_word' id='word_1_719' title='bbox 699 5333 973 5389; x_wconf 75' lang='lat' dir='ltr'><strong>afﬁrmare</strong></span> <span class='ocrx_word' id='word_1_720' title='bbox 1019 5343 1078 5388; x_wconf 90' lang='lat' dir='ltr'><strong>et</strong></span> <span class='ocrx_word' id='word_1_721' title='bbox 1122 5335 1309 5389; x_wconf 88' lang='lat' dir='ltr'><strong>dicere</strong></span> <span class='ocrx_word' id='word_1_722' title='bbox 1338 5334 1558 5397; x_wconf 87' lang='lat' dir='ltr'><strong>scribit,</strong></span> <span class='ocrx_word' id='word_1_723' title='bbox 1591 5335 1661 5388; x_wconf 88' lang='lat' dir='ltr'><strong>de</strong></span> <span class='ocrx_word' id='word_1_724' title='bbox 1708 5333 1991 5388; x_wconf 76' lang='lat' dir='ltr'><strong>Genitrice</strong></span> 
     </span>
    </p>
   </div>
   <div class='ocr_carea' id='block_1_96' title="bbox 416 5403 1995 5484">
    <p class='ocr_par' dir='ltr' id='par_1_96' title="bbox 416 5403 1995 5484">
     <span class='ocr_line' id='line_1_96' title="bbox 416 5403 1995 5484; baseline 0.002 -27"><span class='ocrx_word' id='word_1_725' title='bbox 416 5404 535 5484; x_wconf 71' lang='lat' dir='ltr'><strong>Dei,</strong></span> <span class='ocrx_word' id='word_1_726' title='bbox 576 5406 661 5459; x_wconf 89' lang='lat' dir='ltr'><strong>vel</strong></span> <span class='ocrx_word' id='word_1_727' title='bbox 716 5403 866 5474; x_wconf 87' lang='lat' dir='ltr'><strong>quod</strong></span> <span class='ocrx_word' id='word_1_728' title='bbox 900 5405 1230 5484; x_wconf 73' lang='lat' dir='ltr'><strong>immortalis</strong></span> <span class='ocrx_word' id='word_1_729' title='bbox 1264 5405 1663 5476; x_wconf 82' lang='lat' dir='ltr'><strong>permanserit,</strong></span> <span class='ocrx_word' id='word_1_730' title='bbox 1711 5404 1795 5461; x_wconf 88' lang='lat' dir='ltr'><strong>vel</strong></span> <span class='ocrx_word' id='word_1_731' title='bbox 1846 5405 1995 5475; x_wconf 87' lang='lat' dir='ltr'><strong>quod</strong></span> 
     </span>
    </p>
   </div>
   <div class='ocr_carea' id='block_1_97' title="bbox 416 5476 1189 5532">
    <p class='ocr_par' dir='ltr' id='par_1_97' title="bbox 416 5476 1189 5532">
     <span class='ocr_line' id='line_1_97' title="bbox 416 5476 1189 5532; baseline 0.004 -4"><span class='ocrx_word' id='word_1_732' title='bbox 416 5476 583 5529; x_wconf 85' lang='lat' dir='ltr'><strong>vitam</strong></span> <span class='ocrx_word' id='word_1_733' title='bbox 611 5487 789 5532; x_wconf 87' lang='lat' dir='ltr'><strong>morte</strong></span> <span class='ocrx_word' id='word_1_734' title='bbox 813 5476 1189 5531; x_wconf 85' lang='lat' dir='ltr'><strong>commutarit.</strong></span> 
     </span>
    </p>
   </div>
   <div class='ocr_carea' id='block_1_98' title="bbox 2095 4772 3680 4846">
    <p class='ocr_par' dir='ltr' id='par_1_98' title="bbox 2095 4772 3680 4846">
     <span class='ocr_line' id='line_1_98' title="bbox 2095 4772 3680 4846; baseline 0.001 -18"><span class='ocrx_word' id='word_1_735' title='bbox 2095 4772 2199 4828; x_wconf 72' lang='lat' dir='ltr'><strong>nos</strong></span> <span class='ocrx_word' id='word_1_736' title='bbox 2222 4773 2292 4828; x_wconf 90' lang='lat' dir='ltr'><strong>de</strong></span> <span class='ocrx_word' id='word_1_737' title='bbox 2321 4774 2481 4828; x_wconf 86' lang='lat' dir='ltr'><strong>beata</strong></span> <span class='ocrx_word' id='word_1_738' title='bbox 2532 4772 2698 4846; x_wconf 80' lang='lat' dir='ltr'><strong>Maria</strong></span> <span class='ocrx_word' id='word_1_739' title='bbox 2739 4773 2958 4846; x_wconf 74' lang='lat' dir='ltr'><strong>factum</strong></span> <span class='ocrx_word' id='word_1_740' title='bbox 3000 4772 3322 4830; x_wconf 80' lang='lat' dir='ltr'><strong>abnuimus.</strong></span> <span class='ocrx_word' id='word_1_741' title='bbox 3352 4775 3680 4846; x_wconf 86' lang='lat' dir='ltr'><strong>Quanquam</strong></span> 
     </span>
    </p>
   </div>
   <div class='ocr_carea' id='block_1_99' title="bbox 2094 4844 3683 4915">
    <p class='ocr_par' dir='ltr' id='par_1_99' title="bbox 2094 4844 3683 4915">
     <span class='ocr_line' id='line_1_99' title="bbox 2094 4844 3683 4915; baseline 0.003 -17"><span class='ocrx_word' id='word_1_742' title='bbox 2094 4854 2321 4915; x_wconf 84' lang='lat' dir='ltr'><strong>prepter</strong></span> <span class='ocrx_word' id='word_1_743' title='bbox 2367 4844 2641 4900; x_wconf 85' lang='lat' dir='ltr'><strong>cautelam</strong></span> <span class='ocrx_word' id='word_1_744' title='bbox 2672 4844 2824 4900; x_wconf 88' lang='lat' dir='ltr'><strong>salva</strong></span> <span class='ocrx_word' id='word_1_745' title='bbox 2875 4845 3014 4907; x_wconf 83' lang='lat' dir='ltr'><strong>fide,</strong></span> <span class='ocrx_word' id='word_1_746' title='bbox 3049 4847 3138 4914; x_wconf 86' lang='lat' dir='ltr'><strong>pio</strong></span> <span class='ocrx_word' id='word_1_747' title='bbox 3195 4847 3372 4915; x_wconf 74' lang='lat' dir='ltr'><strong>magis</strong></span> <span class='ocrx_word' id='word_1_748' title='bbox 3405 4844 3683 4904; x_wconf 84' lang='lat' dir='ltr'><strong>desiderio</strong></span> 
     </span>
    </p>
   </div>
   <div class='ocr_carea' id='block_1_100' title="bbox 2094 4915 3679 4985">
    <p class='ocr_par' dir='ltr' id='par_1_100' title="bbox 2094 4915 3679 4985">
     <span class='ocr_line' id='line_1_100' title="bbox 2094 4915 3679 4985; baseline 0.001 -16"><span class='ocrx_word' id='word_1_749' title='bbox 2094 4915 2312 4983; x_wconf 80' lang='lat' dir='ltr'><strong>opinari</strong></span> <span class='ocrx_word' id='word_1_750' title='bbox 2351 4923 2626 4984; x_wconf 87' lang='lat' dir='ltr'><strong>oporteat,</strong></span> <span class='ocrx_word' id='word_1_751' title='bbox 2678 4929 2842 4982; x_wconf 86' lang='lat' dir='ltr'><strong>quam</strong></span> <span class='ocrx_word' id='word_1_752' title='bbox 2900 4915 3213 4985; x_wconf 72' lang='lat' dir='ltr'><strong>inconsulte</strong></span> <span class='ocrx_word' id='word_1_753' title='bbox 3240 4917 3475 4971; x_wconf 83' lang='lat' dir='ltr'><strong>delinire</strong></span> <span class='ocrx_word' id='word_1_754' title='bbox 3531 4919 3679 4985; x_wconf 88' lang='lat' dir='ltr'><strong>quod</strong></span> 
     </span>
    </p>
   </div>
   <div class='ocr_carea' id='block_1_101' title="bbox 2095 4982 3682 5056">
    <p class='ocr_par' dir='ltr' id='par_1_101' title="bbox 2095 4982 3682 5056">
     <span class='ocr_line' id='line_1_101' title="bbox 2095 4982 3682 5056; baseline 0.002 -19"><span class='ocrx_word' id='word_1_755' title='bbox 2095 4982 2215 5056; x_wconf 79' lang='lat' dir='ltr'><strong>sine</strong></span> <span class='ocrx_word' id='word_1_756' title='bbox 2276 4982 2526 5055; x_wconf 40' lang='lat' dir='ltr'><strong>peri—culo</strong></span> <span class='ocrx_word' id='word_1_757' title='bbox 2560 4989 2826 5040; x_wconf 85' lang='lat' dir='ltr'><strong>nescitur.</strong></span> <span class='ocrx_word' id='word_1_758' title='bbox 2864 5003 2885 5036; x_wconf 74' lang='grc' dir='ltr'><strong>ι</strong></span> <span class='ocrx_word' id='word_1_759' title='bbox 2936 4982 3306 5056; x_wconf 69' lang='lat' dir='ltr'><strong>(Hieronym)</strong></span> <span class='ocrx_word' id='word_1_760' title='bbox 3340 5005 3358 5037; x_wconf 82' lang='grc' dir='ltr'><strong>ι</strong></span> <span class='ocrx_word' id='word_1_761' title='bbox 3387 4982 3682 5053; x_wconf 84' lang='lat' dir='ltr'><strong>Quomodo</strong></span> 
     </span>
    </p>
   </div>
   <div class='ocr_carea' id='block_1_102' title="bbox 2094 5054 3672 5126">
    <p class='ocr_par' dir='ltr' id='par_1_102' title="bbox 2094 5054 3672 5126">
     <span class='ocr_line' id='line_1_102' title="bbox 2094 5054 3672 5126; baseline 0.001 -17"><span class='ocrx_word' id='word_1_762' title='bbox 2094 5054 2260 5109; x_wconf 82' lang='lat' dir='ltr'><strong>Maria</strong></span> <span class='ocrx_word' id='word_1_763' title='bbox 2278 5054 2477 5109; x_wconf 75' lang='lat' dir='ltr'><strong>sancta</strong></span> <span class='ocrx_word' id='word_1_764' title='bbox 2510 5069 2617 5109; x_wconf 88' lang='lat' dir='ltr'><strong>una</strong></span> <span class='ocrx_word' id='word_1_765' title='bbox 2650 5070 2774 5109; x_wconf 88' lang='lat' dir='ltr'><strong>cum</strong></span> <span class='ocrx_word' id='word_1_766' title='bbox 2797 5069 2967 5110; x_wconf 89' lang='lat' dir='ltr'><strong>carne</strong></span> <span class='ocrx_word' id='word_1_767' title='bbox 2994 5054 3228 5126; x_wconf 75' lang='lat' dir='ltr'><strong>regnum</strong></span> <span class='ocrx_word' id='word_1_768' title='bbox 3257 5057 3524 5114; x_wconf 73' lang='lat' dir='ltr'><strong>ctelorum</strong></span> <span class='ocrx_word' id='word_1_769' title='bbox 3562 5073 3672 5111; x_wconf 88' lang='lat' dir='ltr'><strong>non</strong></span> 
     </span>
    </p>
   </div>
   <div class='ocr_carea' id='block_1_103' title="bbox 2093 5126 3679 5197">
    <p class='ocr_par' dir='ltr' id='par_1_103' title="bbox 2093 5126 3679 5197">
     <span class='ocr_line' id='line_1_103' title="bbox 2093 5126 3679 5197; baseline 0 -18"><span class='ocrx_word' id='word_1_770' title='bbox 2093 5134 2320 5197; x_wconf 88' lang='lat' dir='ltr'><strong>cernat,</strong></span> <span class='ocrx_word' id='word_1_771' title='bbox 2381 5140 2504 5194; x_wconf 68' lang='lat' dir='ltr'><strong>quae</strong></span> <span class='ocrx_word' id='word_1_772' title='bbox 2554 5138 2738 5197; x_wconf 84' lang='lat' dir='ltr'><strong>neque</strong></span> <span class='ocrx_word' id='word_1_773' title='bbox 2797 5126 3115 5197; x_wconf 87' lang='lat' dir='ltr'><strong>lascivierit,</strong></span> <span class='ocrx_word' id='word_1_774' title='bbox 3174 5142 3354 5197; x_wconf 85' lang='lat' dir='ltr'><strong>neque</strong></span> <span class='ocrx_word' id='word_1_775' title='bbox 3408 5126 3679 5197; x_wconf 86' lang='lat' dir='ltr'><strong>fornicata</strong></span> 
     </span>
    </p>
   </div>
   <div class='ocr_carea' id='block_1_104' title="bbox 2101 5195 3681 5278">
    <p class='ocr_par' dir='ltr' id='par_1_104' title="bbox 2101 5195 3681 5278">
     <span class='ocr_line' id='line_1_104' title="bbox 2101 5195 3681 5278; baseline 0.001 -30"><span class='ocrx_word' id='word_1_776' title='bbox 2101 5196 2285 5278; x_wconf 76' lang='lat' dir='ltr'><strong>luerit,</strong></span> <span class='ocrx_word' id='word_1_777' title='bbox 2310 5264 2322 5278; x_wconf 45' lang='grc' dir='ltr'>ι</span> <span class='ocrx_word' id='word_1_778' title='bbox 2344 5210 2542 5278; x_wconf 65' lang='lat' dir='ltr'><strong>neque</strong></span> <span class='ocrx_word' id='word_1_779' title='bbox 2573 5195 2909 5277; x_wconf 76' lang='lat' dir='ltr'><strong>adulterium</strong></span> <span class='ocrx_word' id='word_1_780' title='bbox 2970 5195 3351 5277; x_wconf 47' lang='lat' dir='ltr'><strong>commiserit,</strong></span> <span class='ocrx_word' id='word_1_781' title='bbox 3372 5196 3468 5251; x_wconf 87' lang='lat' dir='ltr'><strong>sed</strong></span> <span class='ocrx_word' id='word_1_782' title='bbox 3500 5211 3681 5278; x_wconf 68' lang='lat' dir='ltr'><strong>neque</strong></span> 
     </span>
    </p>
   </div>
   <div class='ocr_carea' id='block_1_105' title="bbox 2101 5264 3683 5337">
    <p class='ocr_par' dir='ltr' id='par_1_105' title="bbox 2101 5264 3683 5337">
     <span class='ocr_line' id='line_1_105' title="bbox 2101 5264 3683 5337; baseline 0 -18"><span class='ocrx_word' id='word_1_783' title='bbox 2101 5264 2325 5335; x_wconf 87' lang='lat' dir='ltr'><strong>aliquod</strong></span> <span class='ocrx_word' id='word_1_784' title='bbox 2358 5264 2643 5321; x_wconf 78' lang='lat' dir='ltr'><strong>infandum</strong></span> <span class='ocrx_word' id='word_1_785' title='bbox 2672 5264 3037 5337; x_wconf 32' lang='lat' dir='ltr'><strong>paruisjopus</strong></span> <span class='ocrx_word' id='word_1_786' title='bbox 3077 5264 3415 5337; x_wconf 86' lang='lat' dir='ltr'><strong>patraverit,</strong></span> <span class='ocrx_word' id='word_1_787' title='bbox 3448 5267 3543 5320; x_wconf 87' lang='lat' dir='ltr'><strong>sed</strong></span> <span class='ocrx_word' id='word_1_788' title='bbox 3572 5264 3683 5337; x_wconf 81' lang='lat' dir='ltr'><strong>im-</strong></span> 
     </span>
    </p>
   </div>
   <div class='ocr_carea' id='block_1_106' title="bbox 2104 5334 3681 5476">
    <p class='ocr_par' dir='ltr' id='par_1_106' title="bbox 2104 5334 3681 5476">
     <span class='ocr_line' id='line_1_106' title="bbox 2104 5334 3681 5476; baseline 0.001 -90"><span class='ocrx_word' id='word_1_789' title='bbox 2104 5337 2311 5476; x_wconf 75' lang='lat' dir='ltr'><strong>poltu)ta</strong></span> <span class='ocrx_word' id='word_1_790' title='bbox 2344 5334 2749 5408; x_wconf 77' lang='lat' dir='ltr'><strong>permanserit?</strong></span> <span class='ocrx_word' id='word_1_791' title='bbox 2780 5334 3211 5409; x_wconf 69' lang='lat' dir='ltr'><strong>i,(Epiphaftius,</strong></span> <span class='ocrx_word' id='word_1_792' title='bbox 3243 5337 3505 5393; x_wconf 75' lang='lat' dir='ltr'><strong>Adversus</strong></span> <span class='ocrx_word' id='word_1_793' title='bbox 3529 5336 3681 5391; x_wconf 70' lang='lat' dir='ltr'><strong>Mar-</strong></span> 
     </span>
     <span class='ocr_line' id='line_1_107' title="bbox 2105 5420 2243 5462; baseline 0.014 -4"><span class='ocrx_word' id='word_1_794' title='bbox 2105 5420 2243 5462; x_wconf 78' lang='lat' dir='ltr'><strong>cron.</strong></span> 
     </span>
    </p>
   </div>
   <div class='ocr_carea' id='block_1_107' title="bbox 2105 5420 2243 5462">
    <p class='ocr_par' dir='ltr' id='par_1_107' title="bbox 2105 5420 2243 5462">
     <span class='ocr_line' id='line_1_108' title="bbox 2105 5420 2243 5462; baseline 0.014 -4"><span class='ocrx_word' id='word_1_795' title='bbox 2105 5420 2243 5462; x_wconf 60' lang='lat'><strong>€20&quot;.</strong></span> 
     </span>
    </p>
   </div>
  </div>
