4046 6424
368 363 473 426 815

832 476 1245 548 ῙἸῙἹΙΛΡΕΤ
1307 474 1492 529 ΧΧΗΙ.

369 571 566 637 Qualia
601 574 760 625 etiam
808 570 1081 624 Juretmlis
1128 569 1641 639 llierosolymitanus
1675 568 1738 621 de
1766 583 1947 621 sacro—

440 652 630 697 sancta
662 642 1021 709 assumptione
1048 641 1344 711 purissima:
1379 639 1473 711 Dei
1514 639 1789 693 (ienitrir:is
1831 653 1950 690 me-

442 722 610 768 moret
642 728 659 765 :
685 722 731 765 et
758 711 821 764 de
851 709 1085 781 ejusdem
1106 710 1279 779 forma
1313 709 1669 779 moribusque.
1744 728 1750 733 ·

1218 814 1255 825 κ

440 895 614 950 Porro
638 892 822 947 vitalis
846 900 902 946 et
925 889 1195 945 salutiferi
1235 890 1486 959 corporis
1523 889 1691 960 hujus
1719 888 1949 943 transla-

369 994 600 1052 tionem,
625 1001 749 1041 cum
776 985 936 1038 multi
976 983 1067 1038 alii
1099 983 1323 1038 disertis
1352 982 1537 1037 verbis
1563 982 1711 1036 elarc
1740 982 1952 1051 deprae-

367 1084 575 1145 dieant,
618 1088 733 1133 tum
768 1077 1016 1131 omnium
1055 1075 1293 1131 maxime
1329 1074 1609 1131 Juvenalis
1641 1072 1951 1143 Hierosoly-

369 1184 585 1224 morum
616 1170 934 1239 episcopus,
972 1183 1203 1239 magnus
1234 1181 1369 1222 sane
1405 1165 1706 1234 divinoque
1736 1164 1951 1217 aﬂlatus

366 1264 606 1319 Numine
634 1264 755 1328 vir,
787 1278 854 1317 ex
889 1271 1107 1316 vetusta
1141 1261 1439 1315 tradilione
1474 1267 1754 1328 acceptam
1779 1297 1793 1320 ,
1833 1270 1951 1309 rem

366 1358 510 1412 hanc
542 1358 621 1410 sic
664 1365 913 1427 gestant,
945 1354 1169 1424 scriptis
1203 1354 1320 1408 suis
1344 1366 1469 1407 cum
1502 1351 1608 1405 lide
1639 1349 1948 1404 conﬁrmat.

370 1452 514 1506 Ilii-it
550 1451 698 1506 enim
727 1492 742 1516 ,
790 1457 966 1503 totum
1014 1444 1262 1500 triduum
1305 1443 1588 1513 apostolos
1633 1441 1701 1496 ad
1751 1455 1951 1494 mone-

368 1553 616 1598 mentum
670 1540 764 1602 id,
812 1538 1128 1592 divinorum
1177 1535 1508 1606 hymnorum
1560 1530 1803 1586 carmina
1853 1544 1950 1581 au-

368 1636 606 1698 dientes,
659 1642 1067 1702 perseverasse.
1117 1609 1337 1680 Aceidit
1380 1632 1563 1678 autem
1607 1635 1853 1686 rursum,
1894 1630 1953 1673 ut

372 1728 617 1781 Thomas
646 1726 713 1779 ah
745 1727 828 1778 eis
861 1722 1100 1787 abesset,
1130 1719 1393 1774 videlicet
1439 1726 1498 1795 ut
1544 1724 1673 1771 nota
1728 1728 1955 1785 perspe-

1589 362 2010 423 NiCEPIiOlU
2053 362 2400 425 CALLISTI

1974 478 2024 536 Δ

2927 398 2939 409 -
3530 353 3631 419 8ζὸ

2657 475 2907 529 ΚΕΦΑΛ.
2936 472 3031 528 ΙΓ⁸.
3562 483 3569 490 ·

2059 566 2167 623 Οἷα
2199 571 2297 623 καί
2356 572 2391 623 ό
2435 569 2873 637 Ἱεροσολύμων
2934 563 3335 637 Ἰοινὸεῖάλιος
3363 562 3495 637 περὶ
3532 562 3638 630 τῆς

2130 640 2293 707 (epit;
2344 633 2772 708 μεταστάσεωξν
2846 639 2954 707 τῆς
2990 634 3199 708 κὰγνῆς
3266 633 3637 708 Θεομήζορος

2126 704 2371 779 [irrepsi
2433 708 2532 762 καὶ
2595 707 2705 776 τῆς
2754 704 2915 775 Gelae
2974 705 3365 773 διαπλάσεως
3401 704 3637 759 καὶτοῦ

2124 780 2314 849 ἤθους
2352 779 2565 847 αὐτῆς.
2869 796 2874 801 '

2126 897 2238 966 Τήν
2271 912 2336 964 γε
2372 896 2481 964 μὴν
2510 893 2605 948 τοῦ
2640 893 2912 963 ζωοδόχου
2946 892 3148 963 ταύτης
3201 894 3439 964 σκήνους
3473 896 3637 965 μετά-

2044 989 2208 1042 ’θεσιν
2235 987 2423 1041 πολλοὶ
2472 987 2572 1056 μὲν
2609 988 2704 1041 καὶ
2754 988 2901 1041 ἄλλοι
2947 986 3247 1058 διαρρήδην
3280 987 3635 1057 κηρύττουσι,

2059 1082 2293 1148 μάλιστα
2333 1078 2388 1132 δὲ
2419 1080 2642 1133 πάντων
2688 1078 3044 1141 Ἰουόενάλιος
3096 1077 3206 1131 τῶν
3246 1078 3637 1148 Ἰεροσολύμων

2056 1172 2356 1235 ἐπίσκοπος
2376 1184 2388 1200 ⁸
2422 1172 2600 1243 μέγας
2633 1171 2690 1224 δὲ
2740 1172 2833 1225 καὶ
2863 1170 3123 1240 θεοφόρος
3157 1162 3334 1234 οὗτος,
3363 1169 3510 1235 εςιξ
3542 1171 3637 1239 ἀρ-

2056 1265 2218 1334 χαίας
2248 1262 2605 1331 παραδόσεως
2636 1264 2732 1316 καὶ
2755 1264 2815 1325 ές
2841 1262 3008 1315 αὐτὸν
3038 1260 3214 1314 ἐλθεῖν
3239 1261 3333 1314 τὸν
3366 1260 3523 1329 λόγον
3552 1278 3640 1312 πι-

2059 1353 2301 1407 στοῦται.
2338 1353 2503 1422 Τρεῖς
2548 1353 2659 1422 γάρ
2700 1367 2867 1422 φησιν
2901 1352 3119 1422 ἡμέρας
3153 1351 3293 1421 μετὰ
3325 1352 3429 1421 τὴν
3460 1349 3641 1420 ταφὴν

2055 1446 2344 1514 ἐπιμεῖναι
2376 1444 2504 1507 τοὺς
2532 1445 2869 1508 ἀποστόλους
2894 1445 2972 1516 τῷ
3006 1447 3255 1515 μνήματι
3284 1444 3435 1506 θείας
3461 1444 3640 1514 ὕμνῳ-

2055 1537 2174 1600 δίας
2218 1518 2633 1609 ἁκρόωμένους.
2686 1539 2909 1609 Συμόἁν
2941 1540 2996 1593 δὲ
3030 1534 3189 1602 αὖθις
3225 1540 3511 1610 ἀπόδημον
3539 1555 3641 1592 κα·-

2057 1629 2318 1683 θεστάναι
2356 1629 2582 1699 Θωμᾶν,
2623 1630 2699 1694 ὡς
2735 1631 2799 1685 ἄν
2849 1646 2913 1699 γε
2947 1630 3226 1701 γνώριμος
3262 1632 3571 1702 κατασταίη
3604 1633 3638 1698 ἡ

2056 1722 2156 1791 τῆς
2207 1721 2358 1785 θείας
2414 1721 2682 1775 Θεοτόκου
2735 1723 3092 1793 μετάστασις,
3128 1721 3322 1791 ὥσπερ
3372 1724 3640 1795 πρότερον

370 1833 571 1890 ctaque
621 1818 762 1872 diva:
802 1814 1101 1871 Genitrieis
1162 1813 1318 1866 ﬁeret
1377 1809 1710 1880 assumptio,
1760 1805 1952 1859 itidem

2065 1814 2151 1866 καὶ
2188 1815 2221 1883 ἡ
2272 1813 2365 1867 τοῦ
2423 1814 2557 1868 Υίοῦ
2615 1816 2833 1887 ἐκείνης
2890 1817 3226 1880 ἁνάσταςις,
3261 1817 3337 1879 ὡς
3397 1817 3637 1885 ἐπανῆκε

369 1924 430 1966 ιιι
476 1921 635 1965 antea
697 1908 822 1962 Filii
889 1908 1032 1978 ejus.
1073 1905 1210 1960 Cum
1252 1918 1383 1973 ergo
1459 1908 1582 1972 post
1642 1899 1788 1954 diem
1847 1906 1954 1951 ter-

365 2006 508 2059 tium
559 2002 900 2063 advenisset,
950 1998 1161 2069 ingenti
1210 1995 1560 2051 adiciebatur
1604 1991 1819 2055 dolore,
1859 2003 1956 2043 ne-

374 2114 486 2165 que
517 2097 709 2167 quieto
742 2095 932 2149 animo
964 2106 1087 2147 esse
1134 2098 1372 2157 poterat,
1410 2087 1614 2157 quippe
1668 2083 1762 2153 qui
1813 2079 1952 2136 tanti

372 2191 502 2245 boni
533 2203 642 2242 non
676 2187 871 2241 luisset
911 2183 1208 2254 particeps.
1251 2180 1421 2236 Sacer
1471 2187 1654 2232 autem
1692 2174 1782 2229 ille
1815 2174 1949 2229 cho-

369 2295 499 2342 rus,
564 2277 817 2347 iniquum
899 2287 1022 2327 esse
1102 2270 1397 2341 judicans,
1463 2268 1510 2323 si
1570 2268 1661 2321 ille
1734 2279 1955 2335 quoque

368 2374 619 2427 divinum
679 2367 920 2439 Virginis
977 2365 1172 2419 matris
1236 2377 1439 2431 corpus
1499 2377 1612 2416 non
1678 2366 1955 2431 spectaret

369 2476 537 2536 atque
600 2463 1092 2532 complecteretur,
1135 2456 1336 2528 aperiri
1395 2460 1815 2509 monumentum
1867 2450 1959 2521 ju-

370 2562 484 2614 hct.
524 2556 680 2624 Quod
714 2555 937 2626 quidem
977 2554 1071 2608 ubi
1106 2554 1179 2607 ita
1207 2548 1547 2614 estfactum,
1578 2547 1951 2603 desideratum

371 2652 509 2707 illud
556 2664 760 2721 corpus
806 2664 918 2705 non
964 2645 1298 2717 comparuit.
1349 2639 1692 2714 Sepulcralia
1739 2649 1952 2695 tantum

368 2746 541 2800 lintea
577 2743 681 2798 rite
721 2740 1026 2811 composita
1089 2739 1209 2793 loco
1254 2752 1356 2791 suo
1399 2733 1720 2797 manebant,
1763 2731 1952 2786 itidem

376 2844 437 2889 nt
480 2834 601 2890 Filii
638 2849 863 2904 quoque
905 2832 1029 2900 ejus
1072 2830 1129 2885 in
1164 2828 1421 2899 sepulcro
1466 2826 1679 2882 relicta.
1730 2824 1863 2891 Quae
1900 2830 1956 2876 et

377 2930 517 2995 ipse,
576 2933 633 2979 et
677 2925 773 2995 qui
821 2938 947 2980 cum
990 2936 1059 2977 eo
1109 2922 1376 2985 aderant,
1423 2934 1548 2973 cum
1598 2914 1955 2971 veneratione

372 3017 716 3082 exosculati,
782 3012 1209 3084 incredibilique
1275 3013 1590 3080 voluptate,
1654 3009 1955 3077 odorisque

382 3111 659 3166 suavitate
690 3108 912 3179 repleti,
945 3107 1261 3177 sepulcrum
1291 3105 1509 3174 quidem
1562 3102 1629 3157 ad
1663 3102 1954 3171 pristinum

2061 1908 2199 1979 μετὰ
2228 1908 2326 1978 τὴν
2378 1907 2591 1979 τρίτην,
2618 1911 2685 1979 τῇ
2720 1908 2962 1979 ἀμετρίᾳ
2993 1909 3091 1979 τῆς
3130 1909 3313 1980 λύπης
3346 1910 3641 1980 συνείχετο,

2057 2003 2153 2056 καὶ⁵
2186 2000 2389 2071 ἥκιστά
2435 2017 2501 2070 γε
2548 1995 2695 2073 εἶχεν
2724 2002 2932 2071 ἠρέμα,
2964 2000 3060 2055 ἆτε
3092 2001 3155 2073 δὴ
3192 2000 3361 2055 καλοῦ
3392 2002 3637 2055 τοιούτου

2059 2093 2435 2160 ἀπολειφθείς.
2481 2094 2542 2145 ’0
2572 2093 2756 2147 τοίνυν
2778 2092 2936 2161 ἅγιος
2966 2095 3174 2157 ἐκεῖνος
3207 2095 3391 2165 χορὸς,
3428 2094 3505 2165 μὴ
3530 2094 3639 2148 δεῖν

2057 2188 2201 2243 εἶναι
2225 2188 2605 2259 διεγνωκότες,
2638 2186 2714 2258 μὴ
2741 2188 2995 2242 κάκεῖνον
3017 2189 3077 2241 τὸ
3112 2188 3252 2241 θεῖον
3277 2189 3454 2242 έκεῖνο
3480 2189 3637 2260 σῶμα

2058 2272 2656 2349 καὶπροσπτύξασθαι,
2687 2277 2940 2332 ἐκέλευον
2960 2279 3021 2332 τὸ
3053 2279 3244 2349 μνῆμα
3272 2278 3632 2350 διανοιγῆναι’

2057 2372 2153 2424 καὶ
2189 2371 2249 2424 τὸ
2282 2369 2383 2440 μὲν
2417 2371 2663 2439 ἐγίνετοο
2710 2369 2786 2423 τὸ·
2818 2368 2877 2423 δὲ
2912 2369 3252 2443 ποθούμενον
3277 2365 3345 2440 ἦν
3375 2370 3632 2440 οὐδαμοῦ·

2056 2463 2126 2517 τὰ
2160 2464 2206 2517 δ’
2234 2462 2463 2532 ἐντάφια
2496 2463 2793 2534 σωφρόνως
2823 2459 2965 2534 ἦσαν
2992 2466 3136 2517 κατὰ
3173 2463 3359 2534 χώραν
3385 2464 3636 2535 μένοντα,

2059 2555 2202 2610 καθὰ
2235 2555 2374 2626 δῆτα
2404 2556 2499 2610 καὶ
2526 2556 2623 2610 τοῦ
2662 2554 2867 2626 ταύτης
2905 2553 3041 2608 Υίοῦ
3075 2554 3155 2626 τῷ
3185 2556 3344 2628 τάφῳ
3378 2556 3639 2623 καταλει-

2059 2649 2267 2721 φθέντα
2290 2665 2305 2680 ⁸
2349 2649 2386 2704 ἃ
2436 2651 2532 2705 καὶ
2580 2649 2902 2721 σεϐασμίως
2934 2648 3098 2712 αὑτός
3126 2666 3188 2702 τε
3219 2650 3313 2702 καὶ
3342 2649 3392 2702 οῖ
3421 2665 3641 2719 συμπα-

2063 2743 2245 2814 ρῆσαν
2311 2744 2834 2813 κατασπασάμενοι,
2887 2744 3134 2815 ἀρρήτου
3185 2758 3248 2795 τε
3303 2740 3497 2812 ἡδονῆς
3549 2741 3644 2795 καὶ

2060 2832 2294 2896 εὐωδίας
2332 2830 2848 2901 καταπλησθέντες,
2895 2832 2990 2885 τὸν
3028 2830 3130 2901 μὲν
3181 2829 3354 2897 τάφον
3400 2829 3496 2883 ἐπὶ
3544 2829 3641 2883 τοῦ

2060 2926 2333 2995 προτέρου
2387 2925 2699 2978 καθιστῶσι
2750 2926 2849 2979 καὶ
2903 2919 3065 2986 αὖθις
3116 2925 3403 2995 σχήματος
3432 2938 3446 2953 ⁸
3489 2924 3551 2976 τὸ
3584 2921 3639 2976 δὲ

2062 3015 2248 3087 θαῦμα
2280 3019 2411 3081 παῖς
2439 3016 2592 3088 παρὰ
2623 3016 2835 3087 πατρὸς
2867 3015 3270 3086 διαδεξάμενοι,
3303 3016 3399 3069 καὶ
3429 3016 3508 3077 εἰς
3539 3014 3641 3083 ἐμὲ

2062 3108 2415 3163 διεσώσαντο.
2446 3108 2576 3182 Ὀτι
2606 3110 2652 3164 δ’
2678 3110 2988 3179 ἀναστῆναι
3016 3108 3078 3161 τὸ
3111 3108 3257 3162 θεῖον
3283 3107 3480 3177 ἔμελλε
3504 3108 3641 3176 σκῆ-

372 3199 726 3255 conformant
793 3197 1077 3253 modum:
1142 3195 1470 3251 miraculum
1530 3201 1713 3248 autem
1776 3192 1955 3263 ipsum

2065 3219 2154 3266 νος
2202 3202 2303 3269 τῆς
2345 3178 2717 3272 Θεομήτορος,
2763 3173 2919 3254 καὶό
2959 3201 3250 3271 προφήτης
3281 3173 3449 3254 Δάυῒδ
3478 3173 3639 3270 προε-

373 3297 531 3367 quasi
567 3310 665 3365 per
694 3307 893 3348 manus
920 3288 1157 3347 subinde
1189 3289 1426 3358 posteris
1454 3287 1735 3353 traditum,
1764 3286 1832 3340 ad
1858 3302 1959 3341 nos

376 3405 599 3462 quoque
629 3386 1078 3444 transmiserunt.
1110 3382 1267 3450 Quod
1293 3397 1425 3438 vero
1450 3381 1699 3435 divinum
1729 3379 1833 3434 hoc
1862 3379 1956 3433 Dei

378 3482 681 3539 Genitricis
713 3495 921 3549 corpus
954 3486 1400 3533 resurrecturum
1445 3474 1647 3540 fuerat,
1694 3472 1959 3543 propheta

376 3590 602 3645 quoque
638 3572 808 3627 David
856 3569 1156 3640 praedixit:
1196 3568 1471 3636 Exsurge,
1517 3567 1807 3635 inquiens,
1860 3564 1961 3616 Do-

376 3665 538 3729 mine,
572 3670 629 3714 ιιι
667 3671 715 3715 et
750 3677 879 3714 arca
920 3659 1361 3728 sanctiﬁcationis
1405 3667 1509 3711 tua:
1534 3656 1602 3711 ”.
1646 3655 1777 3710 inde
1817 3654 1960 3708 fama

375 3765 498 3818 est,
537 3769 647 3809 non
690 3753 766 3807 ita
804 3751 1017 3822 pridem
1067 3749 1431 3805 sanctissimrc
1464 3747 1705 3818 Virginis
1740 3761 1959 3816 quoque

366 3860 535 3905 sacra
566 3844 807 3914 primum
840 3839 1113 3896 celebrari
1148 3848 1330 3907 coepta
1363 3850 1505 3890 esse.
1540 3835 1720 3888 Mores
1754 3844 1959 3895 autem,

379 3948 681 4006 turmaeque
712 3945 767 3989 et
809 3942 1038 3989 Statura:
1065 3932 1185 4002 ejus
1230 3932 1463 3992 modus,
1509 3926 1662 3988 talis,
1697 3934 1756 3977 ut
1785 3924 1964 3992 inquit

380 4030 757 4099 Epiphanius,
807 4026 931 4079 iuit.
977 4023 1106 4076 Erat.
1139 4023 1193 4075 in
1237 4020 1402 4073 rebus
1436 4018 1696 4071 omnibus
1734 4017 1961 4068 homsta

382 4134 437 4177 et
480 4120 693 4191 gravis,
741 4133 916 4189 pauca
958 4114 1255 4170 admodum
1305 4127 1482 4181 eaque
1527 4109 1839 4163 necessaria
1884 4107 1964 4159 lo-

381 4229 581 4284 quens,
615 4212 683 4265 ad
716 4209 1054 4265 audiendum
1095 4206 1296 4268 facilis,
1325 4214 1380 4258 et
1407 4218 1671 4274 perquam
1704 4201 1959 4264 aﬂabilis,

381 4311 653 4361 honorem
681 4317 844 4357 suum
869 4309 925 4355 et
953 4297 1369 4354 venerationem
1393 4293 1652 4348 omnibus
1674 4292 1962 4355 exhibens;

383 4410 594 4454 statura
631 4392 920 4457 mediocri,
958 4391 1209 4462 quamvis
1244 4388 1390 4450 sint,
1429 4387 1524 4457 qui
1558 4400 1679 4440 eam
1715 4384 1967 4453 aliquan-

2065 3295 2363 3369 σήμαινεν,
2411 3291 2749 3359 Ἀνάστηθι,
2776 3293 2975 3362 λέγων,
3008 3294 3209 3361 Κύριε,
3241 3292 3324 3347 σὺ
3353 3292 3452 3347 καὶ
3483 3294 3521 3361 ἡ
3560 3308 3645 3346 κι-

2067 3388 2257 3452 ϐωτὸς
2285 3384 2392 3440 τοῦ
2424 3383 2794 3455 ἀγιάσματός
2827 3402 2965 3439 σου.
3009 3384 3297 3439 Ἐντεῦθεν
3327 3384 3489 3455 λόγος
3515 3384 3642 3455 ἄρτι

2064 3481 2299 3549 πρώτως
2338 3480 2434 3532 καὶ
2461 3478 2559 3549 τὴν
2607 3479 2705 3548 τῆς
2744 3478 3030 3546 Παναγίας
3080 3477 3462 3548 κατάρξασθαι
3491 3478 3644 3537 τελε-

2064 3572 2167 3640 τήν
2194 3571 2293 3640 (ι).
2322 3565 2433 3623 Ἦν
2459 3570 2515 3621 δὲ
2543 3571 2601 3622 τὸ
2627 3565 2758 3641 ἦθος
2799 3570 2892 3622 καὶ
2914 3570 2956 3640 ,ἡ
2988 3568 3139 3631 θέσις
3167 3570 3267 3639 τῆς
3305 3569 3520 3639 μορφῆς
3550 3571 3647 3623 καὶ

2066 3662 2166 3732 τῆς
2202 3662 2420 3731 ἡλικίας
2470 3662 2642 3732 αὐτῆς
2687 3660 2861 3721 οὓτως
2913 3660 3130 3730 ἔχοντα,
3172 3659 3249 3723 ὥς
3279 3678 3446 3731 φησιν
3488 3662 3644 3713 Ἐπισ

2068 3756 2261 3822 pavus
2290 3769 2304 3783 ⁸
2332 3753 2536 3824 Σεμνὴ,
2567 3754 2756 3823 φησιν,
2791 3749 2859 3823 ἦν
2897 3752 3045 3806 κατὰ
3095 3753 3277 3807 πάντα
3300 3768 3313 3782 ⁸
3369 3752 3530 3821 ὀλίγα
3586 3768 3646 3805 τε

2071 3848 2166 3898 καί
2207 3846 2487 3920 ἀναγκαῖα
2528 3844 2771 3897 λαλοῦσα
2795 3861 2810 3876 ⁸
2852 3846 3049 3916 ταχεῖα
3090 3844 3229 3915 πρὸς
3263 3845 3513 3916 ὑπακοὴν
3552 3847 3648 3898 καλ⁸

2069 3938 2486 4008 εὐπροσήγορος
2513 3952 2529 3968 ⁸
2575 3936 2797 4006 τιμῶσα
2839 3935 3049 3999 πάντας
3094 3937 3191 3990 καὶ
3228 3935 3645 4007 προσκυνοῦσα⁸

2072 4031 2218 4099 μέση
2246 4031 2302 4082 δὲ
2333 4031 2435 4101 τὴν
2469 4028 2690 4100 ἡλικίαν
2718 4025 2809 4100 ἦν.
2844 4028 2970 4083 Εἰσὶ
2995 4027 3054 4081 δὲ
3082 4028 3134 4081 οῖ
3163 4028 3262 4082 καὶ⁹
3292 4028 3456 4083 πλέον
3481 4047 3533 4082 τι
3553 4027 3646 4082 τοῦ

2074 4122 2241 4190 μέσον
2271 4122 2419 4191 ἔχειν
2440 4121 2612 4192 αὑτήν
2637 4137 2794 4192 φασι.
2822 4119 2897 4173 Τὸ
2923 4119 3410 4193 εύπαρῤησίαστον
3433 4122 3489 4174 δὲ
3512 4119 3650 4190 πρὸς

2070 4218 2251 4268 παντα
2285 4214 2578 4284 ἄνθρωπον
2617 4210 2732 4286 εἶχε
2756 4234 2772 4250 ⁸
2813 4214 3008 4288 πόρρω
3037 4215 3299 4285 γέλωτος,
3322 4214 3428 4281 ἔξω
3465 4231 3527 4277 τε
3553 4231 3650 4267 τα-

2072 4306 2249 4377 ραχῆς
2292 4308 2386 4360 καὶ
2430 4308 2703 4378 ἀόργητος
2739 4307 3018 4379 μάλιστα·
3058 4310 3342 4380 σιτόχροος
3367 4309 3412 4362 δ’
3442 4304 3511 4379 ἦν
3553 4307 3650 4361 καὶ

2070 4395 2367 4466 ξανθόθριξ
2393 4414 2408 4428 ⁸
2434 4398 2781 4469 εὐόφθαλμος
2801 4414 2816 4430 ⁸
2853 4399 3321 4467 ὑποξανθιζούσας
3364 4402 3458 4455 καὶ
3483 4400 3652 4453 οἱονεὶ

387 4496 562 4549 tulum
613 4491 945 4545 mediocrem
982 4484 1387 4556 longitudinem
1417 4480 1720 4538 excessisse
1755 4478 1959 4533 dicant.

2072 4487 2350 4553 ὲλαιώδεις
2384 4492 2484 4554 τὰς
2514 4491 2684 4560 κόρας
2704 4491 2814 4543 τῶν
2835 4490 3136 4562 ὀφθαλμῶν
3160 4490 3359 4561 ἔχουσα
3381 4505 3395 4521 ⁸
3420 4507 3652 4561 περιηγ-

390 4588 550 4657 172
585 4581 812 4639 Deccnti
849 4579 1071 4635 dicendi
1112 4577 1367 4632 libertate
1409 4573 1677 4628 adversus
1714 4569 1968 4624 homines

385 4692 579 4732 ouirtes
614 4690 712 4731 usa
760 4683 879 4738 est,
919 4671 1039 4727 sine
1077 4670 1190 4724 risu
1213 4710 1227 4735 ,
1269 4668 1389 4722 sine
1431 4662 1880 4735 perturbatione,
1913 4667 1970 4713 et

387 4761 508 4825 sine
544 4767 829 4823 iracundia
869 4764 1129 4819 maxime.
1172 4760 1369 4816 Colore
1406 4758 1511 4812 fuit
1541 4755 1788 4811 triticum
1824 4750 1969 4806 reie-

389 4871 550 4917 rente
569 4901 587 4929 ,
617 4861 819 4931 capillo
852 4858 993 4913 ﬂavo
1016 4896 1032 4923 ,
1078 4855 1257 4911 oculis
1285 4851 1507 4908 acribus
1527 4890 1542 4916 ,
1573 4847 1883 4910 subﬂavas,
1913 4852 1969 4899 et

390 4968 649 5027 tanquam
680 4954 816 5008 oleae
840 4951 1027 5008 colore
1051 4948 1287 5021 pupillas
1315 4946 1370 4999 in
1399 4945 1479 4999 eis
1504 4942 1735 4997 habens.
1762 4938 1969 5007 Super-

387 5049 516 5103 cilia
567 5047 618 5103 ei
663 5052 828 5101 erant
870 5042 1105 5108 inﬂexa,
1153 5049 1211 5094 et
1257 5038 1521 5092 decenter
1561 5034 1756 5104 nigra:
1801 5044 1972 5084 nasus

389 5140 628 5211 longior,
644 5137 801 5193 labia
820 5135 1035 5200 ﬂorida,
1064 5146 1120 5189 et
1147 5130 1445 5187 verborum
1476 5127 1747 5182 suavitate
1775 5124 1968 5193 plena:

389 5235 562 5290 facies
608 5248 719 5286 non
767 5227 1002 5284 rotunda
1052 5236 1109 5281 et
1143 5232 1338 5289 acuta,
1374 5220 1472 5277 sed
1521 5221 1803 5289 aliquanto
1851 5216 1973 5269 lon-

392 5328 533 5399 gior,
569 5340 766 5380 manus
788 5323 952 5377 simul
978 5332 1034 5376 et
1057 5318 1215 5390 digiti
1238 5316 1545 5387 longiores.
1569 5312 1705 5368 Erat
1732 5312 1973 5381 denique

396 5424 570 5476 fastus
603 5418 787 5473 omnis
825 5431 1047 5486 expers,
1085 5413 1345 5483 simplex,
1380 5409 1721 5477 minimeque
1760 5406 1973 5461 vultum

397 5512 642 5583 tingens,
673 5508 812 5564 nihil
844 5506 1099 5562 mollitici
1133 5517 1322 5559 secum
1358 5500 1619 5565 trahens,
1656 5497 1751 5554 sed
1788 5496 1976 5551 humi-

469 5654 515 5685 "
533 5653 681 5709 Psal.
706 5667 889 5731 cxx‘m,
926 5650 979 5706 8.

2079 4579 2249 4647 μένας
2271 4579 2367 4630 καὶ
2406 4577 2669 4648 μελαίνας
2692 4580 3138 4651 περιϐεϐλημένη
3167 4580 3338 4652 ὀφρῦς
3369 4580 3654 4651 ἀποχρών-

2075 4685 2205 4735 τως·
2230 4672 2472 4744 ὲπίῤῥινο
2495 4672 2650 4743 χείλη
2667 4670 3012 4727 ὲπανθοῦντα
3028 4671 3227 4743 ἔχουσα
3242 4673 3455 4743 καὶτῆς
3467 4675 3533 4726 ἐκ
3543 4671 3651 4726 τῶν

2076 4765 2256 4833 λόγων
2274 4764 2616 4837 γλυκύτητος
2634 4766 3203 4837 γέμονταᾘρόσωπον
3215 4766 3277 4818 οὐ
3296 4765 3652 4835 στρογγύλον,

2076 4858 2194 4912 ἀλλ’
2217 4858 2422 4912 ὡσανεὶ
2455 4860 2728 4932 ἐπίμηκες
2748 4860 3092 4932 κεκτημένη.
3121 4860 3445 4931 Μακρόχειρ
3473 4876 3532 4912 τε
3563 4859 3654 4913 καὶ

2080 4942 2531 5021 μακροδάκτυλος
2555 4949 2622 5025 ἦν
2647 4969 2662 4983 ⁸
2684 4952 2890 5022 ἄτυφός
2919 4970 2979 5006 τε
3001 4953 3098 5006 καὶ
3117 4948 3554 5024 ἀσχημάτιστος
3580 4950 3654 5022 μὴ

2082 5043 2346 5113 βλακείαν
2395 5045 2785 5117 ὲπισυραμένη
2819 5046 2979 5100 τινά⁸
3010 5045 3349 5099 ταπείνωσιν
3382 5043 3656 5114 ὑπερϐάλ-

2078 5132 2280 5186 λουσαν
2303 5134 2501 5205 ἔχουσα
2527 5150 2542 5166 ⁸
2577 5133 2773 5204 ἱμάτια
2800 5135 3075 5207 αὖτόχροα
3104 5135 3371 5207 φοροῦσα,
3402 5135 3499 5189 καὶ
3520 5136 3657 5203 ἀγα-

2078 5224 2264 5293 πῶσα,
2298 5229 2483 5281 ὁποῖον
2516 5229 2612 5282 νῦν
2639 5228 2733 5283 καὶ
2763 5229 2825 5282 τὸ
2859 5230 3017 5298 ἆγιον
3047 5229 3222 5299 αὐτῆς
3253 5231 3525 5300 μαφόριον
3552 5227 3659 5280 δεί-

2080 5335 2273 5372 κνυται
2296 5336 2311 5352 ⁸
2347 5321 2443 5375 καὶ
2473 5322 2715 5385 συνόλως
2746 5323 2961 5388 εἰπεῖν,
2983 5323 3070 5391 ἐφ’
3120 5326 3295 5378 ἅπασι
3324 5324 3438 5384 τοῖς
3486 5321 3658 5389 αὐτῆς

2080 5412 2230 5475 θείας
2253 5413 2477 5485 χάριτος
2500 5414 2934 5486 πεπληρωμένη.
2959 5416 3040 5469 Τὰ
3068 5415 3125 5469 δὲ
3156 5417 3250 5487 ἔτη
3278 5413 3449 5486 αὐτῆς
3483 5412 3659 5477 οὔτως

2079 5503 2443 5575 ἠρίθμηνται,
2480 5506 2555 5573 ὡς
2613 5506 2799 5579 μικρῷ
2853 5506 3091 5579 πρόσθεν
3145 5508 3347 5579 ἐρρέθη
3384 5524 3499 5579 μοι.
3537 5505 3663 5561 Ἐπὶ

463 5820 545 5890 (1)
580 5819 854 5885 Testatur.
897 5817 1087 5874 Potest
1134 5818 1223 5878 hic
1245 5816 1413 5877 eti'am
1441 5821 1548 5889 legi
1585 5820 1868 5893 τελευτὴν,
1914 5818 1966 5876 id
2006 5828 2110 5885 est,
2140 5819 2326 5887 linem,
2359 5819 2593 5885 obitum.
2638 5819 3090 5877 assumetiouem.
