4046 6420
395 477 496 541 519

1630 474 2056 538 NICEPHORI
2094 476 2311 538 CALLI
2321 479 2443 540 STI

3564 483 3668 549 820

394 590 632 647 curiosis
673 589 893 646 artibus
926 589 1225 657 vivebant,
1267 588 1443 645 libros
1468 602 1605 646 suos
1645 588 1969 656 vendentes,

2089 590 2347 660 Ξργυρίου
2379 590 2546 645 πέντε
2595 590 2998 664 συνεψηφίσθαι
3025 607 3040 623 ο
3081 592 3292 647 τούτων
3339 591 3665 665 γινομένων,

395 684 632 759 pretium
664 697 860 738 eorum
899 681 967 738 ad
1008 681 1259 754 quinque
1303 682 1583 753 myriades
1616 680 1977 738 denariorum

395 775 649 845 redigunt
683 774 783 844 (l).
817 772 913 828 His
943 787 1108 843 porro
1138 772 1214 828 ita
1235 774 1404 843 actis,
1435 774 1491 829 in
1517 772 1708 828 animo
1734 770 1979 828 habebat

395 869 598 923 Paulus
625 883 727 938 per
766 865 1150 923 Macedoniam
1185 876 1375 938 petere
1419 867 1684 923 Achaiam
1708 907 1724 934 ,
1756 876 1814 922 et
1849 866 1979 922 inde

395 961 599 1015 reverti
632 961 1007 1030 Hierosolyma
1031 1004 1044 1026 ,
1078 960 1279 1016 deinde
1309 960 1542 1015 Romam
1570 961 1739 1016 etiam
1765 959 1976 1017 videre.

393 1055 528 1105 tium
576 1060 760 1107 autem
807 1052 991 1107 adhuc
1039 1052 1095 1106 in
1127 1051 1256 1107 Asia
1299 1059 1479 1118 esset,
1528 1050 1884 1106 Timotheum
1923 1057 1981 1104 et

394 1146 648 1199 Erastum
691 1143 749 1198 in
794 1144 1144 1200 occidentem
1174 1142 1345 1199 misit.
1382 1142 1461 1198 lbi
1498 1152 1613 1198 tum
1641 1141 1978 1211 Demetrius,

395 1238 550 1291 faber
582 1236 964 1307 argentarius,
999 1236 1148 1308 quod
1175 1236 1364 1303 aurei,
1398 1250 1541 1307 quos
1571 1233 1843 1299 faciebat,
1874 1234 1978 1299 dii,

394 1332 563 1386 l‘aulo
612 1329 741 1385 illos
773 1329 1058 1401 despicere
1101 1330 1511 1400 persuadente,
1541 1330 1978 1401 negligerentur,

394 1425 696 1480 tumultum
719 1439 832 1480 non
856 1439 1093 1494 parvum
1120 1422 1321 1494 Ephesi
1350 1425 1558 1479 excitat
1583 1440 1597 1477 :
1634 1424 1830 1477 Actum
1855 1437 1979 1493 esse

393 1518 461 1571 de
493 1516 603 1573 diis
624 1558 639 1581 ,
684 1516 1102 1587 periclitarique
1132 1517 1302 1572 etiam
1337 1515 1640 1587 templum,
1677 1530 1800 1586 qua:
1833 1515 1979 1585 apud

395 1615 549 1681 ipsos
579 1611 870 1668 colebatur
891 1654 905 1678 ,
954 1611 1175 1680 Dianai,
1226 1613 1525 1683 quiritans.
1556 1608 1764 1681 Vulgus
1796 1609 1981 1680 itaque

395 1707 586 1758 furore
612 1711 669 1759 et
697 1702 1079 1773 indignatione
1109 1704 1405 1775 percitum,
1437 1701 1661 1773 Magna,
1686 1701 1981 1769 exclamat,

398 1799 747 1866 Ephesiorum
771 1797 952 1851 Diana
976 1813 995 1851 :
1023 1806 1080 1854 et
1110 1799 1319 1868 impetu
1345 1796 1591 1852 belluino
1618 1794 1883 1868 quosdam
1914 1810 1982 1850 ex

395 1889 549 1943 Pauli
569 1888 945 1944 sectatoribus
963 1885 1414 1958 comprehendit.
1441 1888 1519 1943 Ac
1542 1886 1649 1942 nisi
1672 1886 1983 1942 Alexander

394 1983 580 2037 scriba
611 1982 946 2048 consistens,
971 1982 1190 2037 sublata
1217 1982 1269 2036 in
1299 1981 1472 2037 altum
1500 1997 1692 2045 manu,
1717 1983 1982 2038 suavibus

396 2074 810 2129 multitudinem
849 2072 1205 2129 demulsisset
1237 2073 1442 2139 verbis,
1476 2073 1713 2129 fortasse
1748 2074 1981 2129 Paulum

395 2169 575 2235 ipsum
598 2167 766 2222 etiam
795 2167 1234 2222 interemissent.
1277 2166 1383 2233 Qui
1425 2166 1646 2237 Epheso
1670 2167 1979 2234 discedens,

396 2260 451 2312 in
485 2259 862 2313 Macedoniam
889 2257 1285 2327 proficiscitur,
1326 2259 1593 2315 ecclesias
1624 2259 1981 2315 confirmans.

394 2353 576 2422 Atque
609 2355 738 2408 inde
767 2354 822 2407 in
853 2351 1120 2408 Graeciam
1151 2353 1322 2407 venit.
1361 2352 1524 2425 174
1548 2351 1821 2408 ϐαιιετιιιη
1855 2368 1983 2407 cum

396 2445 475 2499 ibi
501 2460 530 2499 a
555 2445 761 2501 Iudaeis
782 2445 843 2525 ei
858 2454 1207 2526 struerentur
1234 2446 1469 2512 insidiae,
1495 2460 1713 2500 rursum
1743 2462 1843 2516 per
1875 2444 1987 2500 Ma-

397 2544 690 2598 cedoniam
742 2543 1062 2600 revertitur.
1114 2543 1507 2613 Sequebantur
1550 2558 1677 2598 eum
1728 2541 1983 2611 Sopater,

396 2637 795 2702 Aristarchus,
846 2651 903 2692 et
957 2636 1309 2693 Timotheus.
1366 2636 1643 2709 Tychicus
1694 2646 1879 2692 autem
1929 2646 1985 2692 et

397 2729 769 2799 Trophimus,
801 2724 1014 2797 Asiani,
1059 2731 1153 2801 qui
1185 2739 1609 2800 praecesserant,
1639 2729 1858 2785 Troade
1886 2746 1985 2785 eos

396 2820 822 2890 exspectabant.
858 2820 1065 2876 Paulus
1106 2835 1278 2891 porro
1311 2837 1418 2875 una
1458 2836 1583 2876 cum
1619 2820 1769 2877 Luca
1799 2822 1986 2893 (erant

400 2924 517 2967 tum
563 2916 898 2984 Azymorum
936 2912 1081 2983 dies)
1127 2913 1397 2986 Philippis
1445 2913 1719 2970 Troadem
1769 2914 1985 2986 et'ipse

400 3009 576 3065 venit.
616 3006 699 3063 Ibi
742 3008 834 3063 die
863 3006 1236 3063 Sabbatorum
1275 3023 1414 3072 una,
1448 3024 1574 3064 cum
1617 3009 1820 3063 Paulus
1854 3025 1987 3064 con-

399 3102 621 3155 nionem
686 3101 908 3173 longam
968 3100 1242 3165 haberet,
1293 3111 1349 3157 et
1400 3103 1581 3158 oratio
1637 3103 1693 3159 in
1750 3103 1987 3159 mediam

400 3204 622 3249 noctem
681 3195 1119 3265 produceretur,
1160 3195 1486 3253 adolescens
1541 3196 1766 3269 quidam
1819 3198 1987 3271 Euty-

2082 683 2222 753 πρὸς
2272 681 2472 753 βουλῆς
2523 680 2593 756 ἦν
2641 685 2845 756 Παύλῳ
2899 685 2991 739 διὰ.
3040 683 3153 740 τῶν
3203 683 3538 739 Μακεδόνων
3588 686 3674 751 είς

2094 776 2350 848 Ἀχαιίαν
2384 776 2588 845 ἐλθεῖν,
2619 777 2920 832 κάντεῦθεν
2951 777 3300 849 ἀναστρέψαι
3322 779 3405 842 είς
3440 777 3675 850 Ἱεροσό-

2081 870 2253 941 λυμα,
2302 871 2445 941 μετὰ
2493 871 2551 927 δι
2601 870 2764 925 τοῦτο
2801 873 2899 927 καὶ
2940 870 3168 943 Ῥώμην
3216 871 3369 928 ίδεῖν.
3412 870 3568 937 Τέως
3614 871 3672 926 δι

2081 964 2140 1017 έν
2204 962 2361 1036 ’Δσίᾳ
2412 963 2728 1036 διατρίϐων,
2778 962 3047 1035 Τιμόθεον
3099 965 3199 1019 καὶ
3256 965 3533 1036 Ἔραστον
3591 966 3671 1029 είς

2083 1057 2325 1127 ἑσπέραν
2371 1056 2700 1128 διέπεμψεν.
2744 1056 3016 1113 Ἐνταῦθα
3064 1057 3386 1129 Δημήτριος
3430 1058 3460 1112 6
3504 1058 3677 1128 ἀργυ-

2082 1147 2343 1218 ροκόπος,
2370 1148 2566 1221 ὅτιπερ
2597 1148 2750 1221 αύτῷ
2780 1149 2832 1203 οἱ
2863 1150 3065 1219 χρυσοῖ
3101 1148 3216 1202 θεοὶ
3252 1147 3668 1221 παρεώρανται,

2083 1240 2303 1296 Παύλου
2333 1243 2705 1312 καταφρονεῖν
2738 1242 3054 1307 πείσαντος,
3080 1240 3324 1312 τάραχον
3355 1240 3458 1295 οὐκ
3492 1238 3673 1311 ὀλίγον

2094 1334 2366 1403 Ἐφεσίοις
2411 1333 2570 1401 ὶνὶει,
2609 1333 2956 1390 ἀπολωλέναι
3009 1334 3185 1403 λέγων
3235 1332 3433 1401 θεοὺς,
3465 1334 3527 1389 ὲν
3558 1350 3673 1388 κιν-

2081 1427 2223 1498 δύνῳ
2270 1428 2327 1481 δὲ
2378 1427 2477 1481 καὶ
2517 1427 2580 1481 τὸ
2628 1426 2773 1497 ίερδν
2825 1427 2929 1497 τῆς
2959 1426 3095 1498 παρ’
3133 1427 3320 1491 αὐτοῖς
3352 1426 3675 1498 τιμωμένης

2095 1520 2415 1591 Ἀρτέμιδος
2461 1515 2638 1574 εἶναι’
2680 1518 2730 1573 οἱ
2766 1518 2832 1591 δὴ
2868 1519 2966 1573 καλ⁸
2997 1519 3157 1591 θυμῷ
3206 1517 3528 1588 νικώμενοι.
3556 1516 3674 1572 Me-

2083 1612 2240 1682 γὰλη
2289 1613 2327 1680 ἡ
2378 1611 2661 1681 ’Ἄρτεμις
2728 1611 3049 1681 Ἐφεσίων,
3099 1611 3319 1666 ἐϐόωνο
3374 1612 3472 1665 καὶ
3522 1611 3671 1682 ὁρμῇ

2086 1703 2279 1757 συώδει
2311 1704 2611 1775 χρώμενοι,
2646 1703 2801 1767 τινὰς
2838 1703 2946 1758 τῶν
2978 1702 3076 1757 τοῦ
3118 1702 3336 1757 Παύλου
3367 1702 3628 1773 συνέσχον
3655 1718 3669 1732 ·

2085 1798 2181 1851 καὶ
2227 1797 2277 1851 εί
2332 1797 2408 1868 μὴ
2454 1798 2483 1851 6
2539 1796 2913 1867 γραμματεὺς
2958 1796 3094 1861 στὰς
3155 1795 3535 1866 Ἀλέξανδρος,
3575 1795 3675 1866 τὴν

2085 1888 2245 1959 χεῖρά
2270 1905 2331 1939 τε
2363 1889 2445 1950 είς
2473 1886 2610 1958 ὕψος
2634 1887 2923 1957 διαγαγὼν
2955 1888 3143 1959 ἠπίοις
3171 1887 3354 1954 λόγοις
3388 1885 3672 1951 καθίκετο,

2018 1944 2057 1997 Β
2087 1944 2209 2051 τάχ’
2237 1979 2303 2034 ἂν
2336 1944 2440 2032 καί
2472 1944 2685 2033 Παῦλον
2727 1944 3149 2053 διεχειρίσαντο..
3203 1944 3296 2045 ’ἐξ
3331 1944 3567 2049 ξΕφέσου
3592 1944 3671 2043 δὲ,

2084 2073 2198 2134 τοῖς
2244 2071 2439 2142 μέρεσι
2466 2071 2811 2137 Μακεδονίας
2848 2068 3183 2144 προσδαλὼν
3207 2073 3236 2126 ό
3271 2068 3513 2136 Παῦλος,
3546 2085 3676 2140 στη-

2088 2161 2255 2232 ρίζων
2304 2163 2405 2225 τὰς
2454 2163 2778 2234 ἐκκλησίας,
2829 2164 3087 2236 πρόσεισι
3134 2166 3201 2235 τῇ
3245 2162 3479 2219 Ἑλλάδι.
3521 2162 3674 2215 Ἐπι-

2087 2257 2287 2328 6ουλῆς
2316 2257 2373 2313 δὲ
2397 2261 2536 2330 πρὸς
2572 2258 2847 2313 Ἰουδαίων
2877 2258 3147 2330 ραφείσης
3174 2258 3348 2327 αύτῷ,
3372 2257 3675 2328 ἀνέστρεφε

2085 2350 2175 2404 διὰ
2228 2350 2561 2405 Μακεδόνων
2609 2347 2788 2413 αὖθις.
2827 2353 2890 2404 Οί
2942 2352 3071 2423 περὶ
3126 2351 3430 2422 Σώπατρον
3469 2349 3678 2414 δὲ,καὶ

2100 2432 2463 2514 Ἀρίσταρχον
2519 2442 2613 2497 καὶ⁴
2676 2444 2721 2496 Τ
2726 2443 2944 2514 ιμόθεον
2993 2443 3146 2516 αύτῷ
3202 2443 3459 2498 εἵποντο·
3497 2442 3554 2497 οἵ
3609 2458 3673 2511 γε

2091 2538 2201 2610 μὴν
2251 2538 2521 2607 Ἀσιανοὶ,
2583 2537 2822 2607 Τυχικός
2875 2555 2936 2592 τε
2990 2539 3089 2592 καὶ
3135 2538 3436 2609 Τρόφιμος⁹
3486 2535 3679 2608 προελ-

2090 2630 2275 2696 θόντες
2326 2632 2386 2685 ἰν
2441 2631 2660 2702 Τρῳάδι
2712 2632 2918 2695 αὐτοὺς
2976 2630 3330 2703 περιέμενον.
3364 2627 3578 2692 Παῦλος
3619 2626 3678 2680 δὲ

2091 2723 2313 2792 σύναμα
2354 2723 2563 2795 Λουκᾷ.
2606 2724 2818 2795 ἡμέραι
2869 2722 2928 2778 δὲ
2978 2725 3090 2778 τῶν
3132 2721 3389 2793 ’Δζύμων
3421 2716 3583 2793 ἦσαν,
3614 2719 3679 2772 lx

2087 2814 2378 2869 Φιλίππων
2423 2816 2505 2878 εἰς
2536 2814 2772 2886 Τρῳάδα
2822 2814 2920 2867 καὶ
2954 2814 3122 2877 αὐτὸς
3168 2807 3326 2886 ἧκεν.
3371 2812 3585 2865 Ἐκείσε
3617 2808 3676 2864 δὲ

2088 2908 2197 2961 τῶν
2238 2906 2538 2961 Σαὸδάτων
2581 2907 2683 2978 μιᾷ
2732 2905 2990 2976 διάλογον
3021 2907 3283 2961 πλεῖστον
3329 2903 3547 2960 Παύλου
3576 2919 3679 2957 πε-

2091 3000 2433 3069 ποιημένου,
2506 2998 2675 3071 μέχρι
2737 2997 3100 3071 μεσονυκτίου
3152 2999 3182 3054 6
3237 2997 3397 3067 λόγος
3455 2994 3674 3068 προῄει.

2088 3090 2329 3155 Νεανίας
2377 3090 2435 3145 δέ
2472 3108 2558 3155 τις
2611 3088 2857 3163 Εὔτυχος
2886 3090 2968 3163 τῷ
3009 3090 3192 3162 μέλιτι
3235 3091 3348 3145 τῶν
3370 3089 3546 3160 λόγων
3574 3105 3677 3159 κη-

2089 3183 2374 3254 λούμενος,
2408 3183 2503 3237 ὲπί
2552 3201 2699 3246 τινος
2752 3182 2969 3256 θυρίδος
3016 3183 3497 3255 ύπερκαθίιμενος,
3526 3181 3680 3252 ὕπνῳ

399 3288 540 3342 chus
562 3287 629 3351 ³⁸,
664 3286 761 3357 qui
794 3288 850 3343 in
883 3287 1124 3345 fenestra
1150 3289 1385 3359 quadam
1416 3289 1665 3353 sedebat,
1692 3292 1985 3346 verborum

2093 3273 2251 3345 βαθεῖ
2294 3274 2636 3344 κατάσχετος
2673 3274 2937 3343 γεγονὼς,
2970 3273 3081 3329 ἀπὸ
3126 3274 3222 3327 τοῦ
3255 3273 3548 3345 τριστέγου
3578 3287 3674 3325 πε-

400 3381 673 3435 suavitate
721 3380 1039 3447 delibutus,
1075 3389 1134 3436 et
1176 3381 1232 3435 in
1269 3396 1525 3437 somnum
1567 3382 1987 3452 profundiorem

402 3473 693 3542 delapsus,
737 3489 805 3527 ex
854 3472 1014 3528 tertia
1057 3473 1471 3544 contignatione
1500 3474 1743 3543 decidit,
1778 3484 1836 3531 et
1870 3489 1989 3530 mo-

405 3565 569 3619 ritur.
601 3566 665 3620 Ei
693 3580 823 3620 vero
847 3566 1053 3622 Paulus
1082 3566 1434 3631 incumbens,
1465 3567 1612 3624 bono
1633 3569 1820 3623 animo
1840 3583 1986 3634 esse,

403 3656 743 3726 minimeque
790 3672 888 3713 eos
935 3657 1261 3712 tumultuari
1299 3658 1489 3729 jubet,
1538 3673 1659 3714 esse
1701 3659 1887 3714 adhuc
1931 3659 1987 3712 iu

404 3748 628 3802 homine
654 3748 898 3802 animam
927 3748 1209 3804 dictitans.
1244 3749 1321 3805 ita
1355 3751 1581 3819 juvenis
1614 3751 1908 3806 incolumis
1933 3761 1990 3806 et

403 3841 608 3906 salvus,
640 3840 875 3895 multum
900 3840 985 3895 eis
1011 3842 1106 3912 qui
1133 3843 1449 3913 congregati
1481 3842 1725 3906 fuerant,
1752 3844 1992 3914 praebuit

405 3934 609 3988 laetitia:
658 3942 715 3987 et
741 3933 1133 4004 jucunditatis.
1177 3935 1247 3990 Et
1288 3936 1570 4006 colloquio
1618 3936 1685 3991 ad
1732 3951 1989 3993 auroram

403 4043 580 4097 usque
623 4028 926 4097 producto,
958 4027 1086 4082 inde
1119 4028 1255 4096 abit,
1287 4039 1455 4099 atque
1490 4030 1828 4101 Mitylenem,
1865 4048 1989 4088 mox

404 4121 633 4173 Samum
681 4118 833 4175 venit
862 4127 966 4191 ;.et
1016 4119 1293 4191 I‘rongylii
1340 4135 1464 4176 cum
1496 4121 1822 4188 mansisset,
1862 4125 1992 4179 inde

403 4211 653 4266 Miletum
697 4211 833 4277 adit,
872 4209 1435 4283 llierosolymitanum
1484 4213 1592 4269 iter
1620 4230 1844 4286 urgens.
1885 4216 1991 4271 Mi-

404 4305 517 4359 leto
549 4319 717 4373 porro
748 4305 1074 4361 sacerdotes
1118 4304 1483 4376 Ephesiorum
1516 4308 1990 4381 ecclesiarumque

402 4396 694 4467 episcopos
733 4398 1001 4464 accersit,
1047 4413 1370 4468 moremque
1410 4408 1466 4452 et
1502 4400 1672 4455 vitam
1712 4402 1796 4461 eis
1833 4419 1989 4458 suam

404 4498 828 4555 commemorat,
878 4500 940 4545 ut
967 4490 1228 4546 videlicet
1271 4492 1412 4547 nihil
1454 4493 1536 4548 eis
1574 4508 1765 4549 earum
1803 4511 1988 4552 rerum

402 4596 528 4650 qua:
554 4580 864 4651 profuturae
895 4580 1141 4648 fuerant,
1178 4581 1425 4639 indicare
1456 4585 1839 4652 intermiserit,
1871 4606 1986 4661 poe-

2095 3367 2227 3435 σὼν,
2264 3366 2457 3438 νεκρὸς
2512 3367 2718 3422 ἔκειτο.
2764 3366 2978 3430 Παῦλος
3032 3368 3090 3422 δὲ
3140 3367 3318 3439 τούτῳ
3372 3363 3677 3431 ἐπιπεσὼν,

2092 3460 2394 3531 παρηγγύα
2445 3459 2524 3532 μὴ
2581 3459 2937 3531 θορυϐεῖσθαι
2964 3480 2977 3493 ·
3011 3461 3071 3515 έν
3121 3460 3272 3532 αὐτῷ
3314 3460 3424 3532 γὰρ
3469 3459 3551 3515 ἔτι
3579 3458 3677 3530 τὴν

2090 3553 2273 3623 ψυχὴν
2305 3550 2607 3621 ἐφιζάνειν.
2641 3554 2754 3609 Καὶ
2779 3555 2808 3607 6
2840 3554 2972 3618 παῖς
3016 3552 3177 3624 ὑγιὴς
3205 3547 3300 3625 ἦν,
3332 3552 3537 3623 πολλὴν
3563 3553 3677 3614 τοῖς

2093 3646 2541 3716 συνειλεγμένοις
2600 3644 2904 3719 παρασχὼν
2963 3646 3272 3718 εὐθυμίανο
3332 3647 3416 3711 εις
3487 3645 3565 3701 ἕω
3620 3646 3679 3699 δὲ

2090 3740 2206 3812 τὴν.
2239 3740 2463 3810 ὁμιλίαν
2511 3740 2787 3808 ἐκτείνας,
2843 3739 3032 3812 ἐξῄει·
3068 3740 3165 3795 καὶ
3212 3739 3303 3796 διὰ
3355 3738 3677 3810 Μιτυλήνης

2092 3832 2187 3886 καὶ
2220 3833 2405 3903 Σάμου
2441 3834 2499 3888 έν
2530 3831 2609 3904 τῷ
2636 3832 2964 3905 Τρογγυλίῳ
3012 3833 3333 3903 γενόμενος,
3377 3833 3462 3896 είς
3503 3832 3679 3902 Mm;-

2092 3945 2183 3981 τον
2213 3924 2372 4000 ἦλθε,
2401 3929 2515 3993 τὴν,
2556 3928 2697 4001 πρὸς
2737 3926 3097 3998 Ἱεροσόλυμα
3144 3928 3251 3999 ἤδη
3285 3928 3637 3998 στελλόμενος
3660 3940 3676 3957 ·

2093 4026 2157 4077 ὲκ
2204 4023 2451 4095 Μιλήτου
2501 4023 2560 4077 δὲ
2604 4025 2731 4088 τοὺς
2774 4024 2949 4094 ἶερεῖς
3003 4024 3274 4094 Ἐφεσίων
3324 4021 3680 4095 μεταστειλά-

2098 4132 2283 4186 μενος,
2336 4115 2432 4169 καὶ
2491 4114 2619 4179 τοὺς
2665 4116 2776 4168 τῶν
2826 4114 3141 4185 ἐκκλησιῶν
3195 4112 3561 4179 ἐπισκόπους,
3589 4111 3680 4165 τδν

2094 4208 2290 4262 ἑαυτοῦ
2324 4206 2441 4277 βίον
2471 4208 2568 4262 καὶ
2598 4208 2802 4279 τρόπον
2835 4208 3105 4273 ὑπετίθει,
3134 4209 3213 4272 ὡς
3252 4207 3318 4263 οὐ
3348 4206 3679 4261 διεστείλατο

2099 4303 2269 4373 μηδέν
2298 4318 2353 4355 τι
2383 4304 2495 4354 τῶν
2526 4300 2836 4371 ὀνησόντων
2864 4301 3064 4366 εἰπεῖν,
3100 4301 3200 4373 τήν
3232 4318 3292 4355 τε
3331 4303 3415 4367 είς
3443 4299 3680 4373 Χριστὸν

2098 4393 2397 4463 μετάνοιαν
2429 4394 2524 4448 καὶ
2557 4393 2743 4447 πίστιν
2782 4394 2891 4465 ἰδίᾳ
2930 4410 2989 4448 τε
3032 4394 3127 4448 καὶ
3170 4393 3411 4466 δημοσίᾳ
3441 4393 3681 4466 διαμαρ-

2095 4486 2437 4560 τυρόμενοςσ
2470 4489 2772 4559 προσέχειν
2820 4505 2881 4542 τε
2914 4488 3130 4554 ἑαυτοῖς
3184 4488 3282 4543 καὶ
3317 4489 3398 4560 τῷ
3444 4490 3681 4561 ποιμνίῳ

2095 4583 2157 4636 ἐν
2184 4573 2228 4648 ᾧ
2262 4580 2322 4634 τὸ
2354 4579 2583 4652 Πνεῦμα
2632 4581 2695 4634 τὸ
2743 4580 2903 4649 ἅγιον
2947 4581 3147 4647 αὐτοὺς
3195 4584 3537 4646 ἐπισκόπους
3577 4600 3678 4637 κα-

404 4674 807 4744 nitentiamque
835 4682 893 4729 et
923 4674 1085 4729 tidem
1117 4676 1171 4730 in
1203 4675 1486 4732 Christum
1512 4680 1772 4750 privatim
1806 4653 1985 4755 et-pu-

2096 4675 2258 4729 θίστα
2286 4690 2299 4705 ·
2356 4674 2658 4745 γρηγορεῖν
2706 4689 2768 4727 τε
2833 4675 2932 4728 καὶ
2989 4674 3362 4746 μνημονεύειν
3421 4676 3532 4730 τῶν
3591 4655 3682 4729 έπἱ

406 4766 552 4822 hlice
602 4766 931 4822 testificatus
977 4767 1245 4824 docuerit.
1291 4769 1531 4825 Proinde
1572 4787 1671 4828 eos
1717 4773 1993 4842 hortatur,

407 4868 548 4915 utet
577 4874 636 4914 se
672 4869 730 4914 et
765 4874 987 4930 greges,
1029 4861 1083 4915 in
1112 4861 1319 4931 quibus
1359 4878 1456 4919 eos
1486 4864 1728 4934 Spiritus
1771 4844 1994 4923 sanctus

2096 4767 2345 4838 τριετίαν
2370 4768 2503 4839 ὅλην
2541 4765 2841 4821 νουθεσιῶν
2866 4767 3055 4831 αὑτοῦ,
3093 4768 3191 4824 καὶ
3220 4770 3348 4834 τοὺς
3373 4770 3501 4825 ὅσον
3529 4768 3683 4822 οῦπω

2098 4864 2573 4937 ἐγερθησομένους
2627 4862 2826 4929 λύκους
2870 4865 2938 4935 τῇ
2990 4864 3291 4936 Ἐκκλησία
3333 4864 3554 4936 βαρεῖςο
3585 4864 3683 4917 καὶ

405 4952 697 5021 episcopos
722 4952 1124 5021 constituisset,
1159 4962 1369 5011 attente
1397 4967 1684 5023 curarent,
1717 4968 1777 5014 ut
1804 4960 1985 5031 vigila—

2100 4958 2271 5013 πολλὰ
2296 4958 2411 5012 τῶν
2437 4957 2787 5030 όνησιφόρων
2815 4956 2979 5028 ἕτερα
3006 4956 3257 5022 διελθὼν,
3291 4958 3437 5039 μετὰ
3468 4957 3683 5027 θρήνων

410 5054 565 5106 rent,
617 5043 925 5115 seduloque
976 5045 1427 5103 eohortationum
1476 5062 1994 5123 prmeeptorumque

406 5153 668 5205 suorum,
707 5155 830 5209 qua-
871 5154 969 5194 eos
1011 5141 1253 5196 triennio
1297 5151 1414 5198 toto
1444 5144 1762 5207 docuisset,
1796 5149 1990 5202 memi-

404 5234 641 5299 nissent,
668 5242 725 5289 et
756 5244 823 5288 ut-
848 5232 1010 5303 lupos
1038 5235 1291 5291 ecclesiis
1316 5252 1515 5307 graves
1533 5235 1757 5311 jamjam
1785 5239 1993 5295 adien-

406 5339 561 5381 turos
586 5337 864 5383 caverent.
892 5311 1187 5397 Multisque
1211 5338 1477 5399 praeterea
1499 5332 1807 5386 commudis
1828 5340 1993 5402 atque

2100 5049 2331 5114 πολλῶν,
2363 5051 2551 5105 αὐτῶν
2599 5049 2894 5121 ἀπηλλάγη
2952 5050 3109 5120 μόλις
3135 5065 3149 5081 '
3186 5050 3267 5120 τῷ
3310 5050 3494 5120 πολλῴ
3533 5048 3683 5118 πόθῳ

2094 5146 2266 5214 φιλῶν
2315 5146 2412 5199 καὶ
2458 5143 2803 5212 φιλούμενος,
2849 5145 2929 5206 είς
2962 5143 3024 5197 τὸ
3060 5144 3247 5197 πλοῖον
3290 5142 3681 5214 προεπέμφθη.

2107 5239 2391 5310 Ἀναχθεὶς
2445 5237 2538 5291 οῦν
2591 5238 2670 5301 εἰς
2723 5235 2843 5301 Κῶ,
2891 5230 3014 5290 εἶτα
3038 5239 3118 5301 εἰς
3173 5236 3365 5289 Ῥόδον
3422 5235 3679 5306 ἔρχεται·

2097 5333 2359 5387 κάκεῖθεν
2386 5330 2474 5385 διὰ
2509 5329 2811 5399 Παττάρων
2842 5329 2922 5391 είς
2950 5329 3209 5399 Φοινίκην
3243 5329 3302 5395 ἐξ
3329 5328 3521 5399 οὐρίας
3554 5327 3683 5394 trpe-

404 5421 636 5477 utilibus
677 5422 845 5476 rebus
888 5422 1183 5492 expositis,
1229 5437 1356 5478 eum
1400 5424 1576 5478 multo
1621 5425 1867 5495 planctu,
1902 5427 1985 5480 vix

2100 5444 2226 5495 ρετο
2246 5442 2259 5456 ·
2298 5422 2581 5494 εύὼνυμόν
2609 5438 2668 5474 τε
2709 5422 2810 5494 τὴν
2838 5419 3065 5492 Κύπρον
3093 5419 3290 5487 λιπὼν,
3318 5420 3452 5474 εὐθὺ
3486 5420 3684 5488 Συρίας

405 5516 625 5570 tandem
654 5516 723 5570 ab
750 5516 835 5571 eis
866 5515 1143 5582 avellitur,
1177 5527 1233 5570 et
1281 5531 1407 5570 cum
1447 5518 1653 5587 ingenti
1692 5518 1992 5584 desiderio,

406 5607 520 5674 ipse
544 5609 711 5664 simul
734 5620 786 5663 et
810 5609 1063 5678 praebens
1085 5617 1141 5664 et
1162 5609 1446 5679 excipiens
1470 5608 1680 5675 oscula,
1712 5610 1765 5665 in
1795 5628 1992 5668 navem

408 5701 726 5754 deducitur.
768 5701 953 5770 Itaque
990 5701 1045 5755 in
1080 5701 1315 5756 inmlam
1352 5701 1431 5758 Co
1471 5701 1744 5759 defertur.
1779 5704 1991 5763 Deinde

481 5818 523 5847 δ’
564 5822 682 5869 Ᾱιί.
720 5832 809 5878 xx,
840 5818 890 5870 9.

487 5962 559 6027 (xl;
590 5956 993 6024 Quinquaginta
1024 5954 1193 6008 millia
1222 5954 1456 6024 argenti.

2096 5521 2269 5572 ἔπλει,
2304 5514 2469 5587 Τύρῳ
2524 5514 2707 5568 τοίνυν
2764 5513 3080 5585 προσσχὼν,
3113 5514 3235 5583 πλῷ
3266 5513 3419 5577 αὖθις
3472 5514 3678 5584 χρησά·

2100 5629 2289 5682 μενος,
2333 5612 2414 5675 είς
2465 5610 2836 5681 Πτολεμαΐδα,
2882 5604 3004 5662 εἶτα
3057 5612 3139 5673 είς
3196 5610 3538 5680 Καισάρειαν
3586 5608 3686 5676 τῆς

2100 5704 2467 5775 Παλαιστίνης
2497 5697 2661 5775 ἦλθεν
2684 5719 2698 5735 ο
2733 5705 2815 5768 είς
2855 5702 2948 5759 τὸν
2985 5697 3137 5759 οἶκόν
3177 5719 3239 5758 τε
3268 5702 3362 5757 τοῦ
3397 5699 3685 5771 εὐαγγελι-
