4046 6428
364 452 466 514 821

1072 456 1085 464 ’
1192 446 1201 455 κ
1311 451 1923 514 ECCLESIASTIC/E
1964 446 2361 510 HlSTORI/E
2403 448 2547 509 LIB.
2594 447 2678 507 Ιῐ.

3510 440 3623 504 822

358 562 488 618 στοῦ
531 562 826 631 Φιλίππου,
859 560 940 628 εἷς
987 564 1043 618 δὲ
1096 564 1205 617 τῶν
1256 564 1396 618 ἑπτὰ
1441 565 1705 619 διακόνων
1758 581 1932 629 ουτος,

2056 562 2334 627 Rhodum,
2385 570 2552 631 atque
2603 558 2729 615 inde
2779 572 2876 627 per
2921 558 3117 613 Patara
3174 554 3230 611 in
3276 552 3619 611 Phtnuiciam

353 655 641 722 ξενίζεται.
684 654 873 725 Τούτῳ
932 657 997 727 δὴ
1056 656 1134 727 τῷ
1189 654 1443 728 Φιλίππῳ
1504 658 1599 709 καὶ
1661 656 1930 728 θυγάτρια

333 744 492 819 ,ἦσαν
551 747 619 811 δ’,
670 748 1032 819 προφητικῶν
1086 747 1367 819 ἠξιωμένα
1427 747 1712 818 χρησμῶν.
1764 749 1935 802 Ἔνθα

357 839 451 891 καὶ
495 837 715 902 πλείους
761 838 977 911 ἡμέρας
1020 830 1313 908 διατρίϐων
1354 834 1443 912 ἦν.
1478 837 1655 893 Ὅπου
1687 839 1752 910 δὴ
1781 840 1874 894 καὶ
1905 841 1935 895 ὁ

360 932 643 1002 προφήτης
673 931 915 1001 ’Δγασος
941 933 1006 987 ἐκ
1044 932 1145 1002 τῆς
1188 933 1458 997 ἰουδαίας
1485 933 1803 1003 γενόμενος,
1835 934 1935 998 τάς

276 1056 281 1061 η
355 1036 417 1074 τε
446 1020 634 1093 χεῖρας
664 1024 758 1076 καὶ
780 1024 949 1087 πόδας
977 1023 1072 1079 τοῦ
1103 1025 1316 1080 Παύλου
1378 1026 1563 1096 ίμάντι
1618 1025 1790 1097 δήσας
1834 1024 1936 1096 τῆς

357 1109 537 1180 ζώνης
575 1112 761 1180 αὑτοῦ,
795 1114 1187 1184 προεφοίόαζε,
1216 1115 1413 1184 λέγων,
1450 1134 1468 1168 ι
1504 1117 1645 1172 Τάδε
1683 1116 1836 1186 λέγει
1876 1117 1937 1171 τὸ

356 1199 583 1271 Πνεῦμα
612 1201 769 1271 ἆγιον
792 1222 803 1234 ·
839 1203 946 1258 Τὸν
999 1206 1172 1276 ἄνδρα
1202 1206 1393 1261 τοῦτον
1414 1207 1559 1263 οὕτω
1587 1208 1848 1280 δήσουσιν
1878 1212 1937 1263 ὲν

369 1290 729 1366 Ἰερουσαλὴμ
764 1295 1029 1363 Ἰουδαῖοι,
1056 1299 1150 1353 καὶ
1178 1300 1597 1370 παραδώσουσιν
1630 1303 1710 1366 είς
1748 1304 1937 1371 χεῖρας

358 1383 550 1439 ἐθνῶν.
591 1404 612 1439 ι
647 1387 759 1441 Καὶ
783 1387 848 1459 δὴ
884 1388 1095 1443 πολλῶν
1119 1391 1427 1462 ἐπεχόντων
1455 1392 1721 1461 μηδαμῶς
1756 1395 1939 1446 ὲκεῖσε

356 1475 421 1545 δὴ
458 1477 713 1542 γενέσθαι
742 1478 834 1533 τὸν
866 1479 1098 1543 Παῦλον,
1121 1483 1149 1534 δ
1185 1482 1242 1535 δὲ
1286 1482 1542 1536 τοσοῦτον
1575 1485 1769 1554 ἀπεῖχε
1815 1484 1939 1537 πεί-

358 1568 571 1635 θεσθαι,
599 1569 676 1633 ὡς
722 1570 785 1624 ού
835 1571 996 1642 μόνον
1040 1571 1264 1642 δεθῆναι
1309 1573 1626 1639 διετείνετο,
1658 1574 1797 1629 ἀλλὰ
1845 1575 1941 1628 καὶ

358 1660 417 1711 ἐν
446 1660 650 1733 ἑτοίμῳ
692 1662 841 1733 ἔχειν
870 1663 1013 1735 ὑπὲρ
1055 1665 1148 1718 τοῦ
1181 1664 1450 1734 ὀνόματος
1490 1667 1669 1737 Ἰησοῦ
1697 1667 1938 1737 Χριστοῦ

360 1750 560 1805 θανεῖν.
590 1754 712 1807 Τῶν
755 1756 812 1808 δὲ
859 1756 959 1809 σὺν
1006 1758 1176 1827 αὐτῷ,
1211 1759 1286 1812 Τὸ
1333 1759 1550 1828 θέλημα
1578 1759 1672 1811 τοῦ
1711 1760 1940 1829 Κυρίου,

359 1844 718 1912 ὲπειπόντων,
758 1847 1023 1917 γενέσθω,
1061 1848 1285 1917 ἀφεθεὶς
1322 1850 1420 1921 τὴν
1450 1852 1532 1915 είς
1587 1849 1941 1922 Ἰερουσαλὴμ

360 1936 545 2006 ἧγετο.

2036 654 2297 711 secundis
2319 656 2497 709 ventis
2525 652 2868 723 pervehitur.
2898 649 3222 718 Relictaque
3244 647 3313 704 ad
3337 647 3619 703 sinistram

2033 746 2215 820 Cypro
2254 756 2403 802 recta
2436 746 2491 801 in
2534 742 2745 815 Syriam
2781 744 3019 811 navigat.
3053 741 3260 812 Tyrum
3293 755 3465 810 porro
3491 755 3621 795 cum

2036 839 2426 910 applieuisset,
2481 854 2700 893 rursum
2743 836 2869 891 navi
2920 834 3347 899 Ptoletnaidem,
3394 847 3459 888 ac
3488 832 3620 887 inde
3722 897 3727 904 ,

2035 932 2339 988 Caesaream
2382 931 2687 987 Palaestina:
2721 931 2909 984 venit.-
2942 929 3043 984 llic
3091 928 3333 998 hospitio
3376 941 3618 996 evange-
3712 976 3720 985 ,

2036 1022 2176 1078 lista:
2220 1021 2482 1091 Philippi,
2526 1020 2619 1091 qui
2658 1035 2802 1075 unus
2832 1034 2897 1073 ex
2936 1027 3147 1089 septem
3191 1016 3444 1072 diaeonis
3476 1024 3618 1078 erat.

2038 1115 2335 1184 excipitur.
2389 1113 2452 1167 Ei
2505 1119 2744 1182 quatuor
2790 1111 2913 1165 tiliae
2949 1109 3100 1165 luere
3140 1124 3276 1179 quas
3325 1107 3469 1164 Deus
3501 1121 3625 1161 ora-

2039 1208 2214 1263 culari
2263 1216 2319 1260 et
2383 1205 2713 1275 prophetico
2764 1203 2911 1257 dono
2957 1202 3213 1272 dignatus
3272 1209 3412 1255 erat.
3460 1197 3624 1269 Apud

2041 1299 2190 1354 hunc
2236 1314 2363 1355 cum
2394 1299 2583 1368 plures
2627 1297 2750 1351 dies
2786 1303 3033 1351 maneret
3075 1294 3313 1359 Paulus,
3344 1307 3411 1347 eo
3454 1292 3622 1347 etiam

2041 1393 2261 1463 Agabus
2286 1392 2554 1461 propheta
2578 1406 2646 1445 ex
2669 1389 2698 1444 J
2710 1388 2859 1444 udasa
2885 1386 3057 1451 venit,
3083 1385 3240 1457 175
3264 1385 3627 1455 corrigiisque

2044 1499 2196 1539 zonae
2231 1482 2422 1548 Pauli,
2474 1498 2668 1537 manus
2704 1481 2985 1550 pedesque
3023 1479 3275 1534 vinciens
3315 1490 3469 1541 suos,
3510 1476 3627 1531 Nu-

2042 1575 2193 1630 mine
2239 1574 2502 1632 alllatus:
2557 1593 2575 1626 ι
2636 1574 2780 1639 Haec,
2836 1573 3051 1643 inquit,
3105 1571 3351 1641 Spiritus
3403 1578 3633 1626 sanctus

2044 1666 2334 1737 praedicit:
2388 1667 2467 1723 Ad
2513 1667 2663 1721 hunc
2696 1665 2922 1721 modum
2958 1665 3139 1719 virum
3174 1663 3323 1719 hune
3363 1662 3538 1719 ,ἰυόωί
3575 1662 3629 1715 in

2044 1756 2349 1814 Jerusalem
2373 1759 2644 1829 ligabunt,
2670 1767 2726 1812 et
2753 1758 2807 1811 in
2836 1772 3030 1811 manus
3057 1756 3303 1827 gentium
3333 1754 3574 1810 tradent.
3608 1773 3626 1806 ι

2045 1851 2399 1923 Quapropter
2431 1868 2557 1907 cum
2595 1851 2826 1907 Paulum
2864 1850 3021 1904 multi
3057 1866 3086 1904 a
3124 1848 3471 1920 profectione
3507 1847 3637 1901 Hie-

1976 1941 2020 1997 B
2051 1942 2439 2017 rosolymitana
2462 1945 2821 2002 dehortantes
2839 1945 3192 2008 distinerent,
3217 1949 3429 1997 tantum
3456 1939 3635 1995 abfuit

361 2037 425 2082 ut
460 2029 550 2086 ille
580 2034 1037 2102 persuaderetur,
1076 2047 1137 2095 ut
1167 2052 1277 2093 non
1317 2040 1483 2094 modo
1513 2038 1711 2094 vinciri
1747 2038 1933 2104 vellet,
1976 2053 2167 2092 verum
2229 2039 2396 2094 etiam
2426 2049 2657 2094 mortem
2720 2039 2875 2094 obire
2899 2052 2999 2108 pro
3024 2037 3246 2092 nomine
3271 2035 3398 2090 Jesu
3425 2033 3631 2090 Christi

363 2132 613 2190 paratum
650 2141 711 2182 se
745 2141 867 2185 esse
933 2136 1315 2189 contenderet.
1390 2132 1483 2189 Eis
1522 2142 1707 2189 autem
1746 2130 1841 2202 qui
1879 2146 2007 2186 cum
2046 2147 2114 2188 eo
2139 2140 2335 2200 erant,
2368 2143 2431 2189 ut
2462 2133 2719 2189 voluntas
2752 2131 2973 2188 Domini
3008 2130 3201 2196 tieret,
3234 2128 3631 2192 inferentibus,

362 2219 623 2277 dimissus
649 2221 739 2281 ille
767 2223 1199 2299 Hierosolymam
1231 2230 1403 2285 venit.

941 2343 1193 2398 ΚΕΦΑΛ.
1231 2344 1360 2400 κεν.

376 2428 475 2509 Ὠς
508 2434 537 2474 rt
598 2431 830 2509 Πηῐιλςος
895 2435 1005 2509 ἐνΔ
1054 2440 1271 2501 Ερδὸσῳ
1332 2442 1785 2509 θηριομίιχήσας
1847 2446 1946 2500 ἐπί

772 2499 1151 2575 Ἱερωνύμου,
1180 2499 1307 2575 θείῃ
1333 2499 1949 2585 δὺν-ἁλιειηῦπέρτσρος

437 2682 501 2737 οε
528 2682 584 2737 δὲ
618 2683 719 2749 τὰς
764 2686 980 2741 Παύλου
1017 2691 1299 2759 περιόδους
1328 2691 1501 2746 dvas:
1521 2693 1766 2764 ξάμενοι,
1809 2697 1944 2750 ἄλλα

363 2789 424 2826 τε
456 2774 684 2831 πλεῖστα
719 2778 910 2833 παθεῖν
937 2796 999 2833 τε
1042 2780 1159 2850 ἅμα
1208 2781 1305 2836 καὶ
1337 2784 1534 2852 δρᾶσαι
1571 2787 1760 2841 τοῦτον
1807 2788 1946 2841 ind-

371 2882 564 2935 ρησαν,
596 2873 690 2923 καὶ
711 2870 776 2942 δὴ
801 2872 894 2926 καὶ
919 2873 1062 2941 τόδε,
1090 2875 1253 2944 ἡνίκα
1281 2876 1345 2945 δὴ
1382 2881 1448 2948 τῇ
1492 2879 1706 2949 Ἐφέσῳ
1736 2885 1945 2956 παρῆν.

381 2959 708 3033 Ἱερωνύμου
747 2966 856 3037 γὰρ
886 2965 1169 3039 ἄρχοντος,
1203 2970 1686 3042 παρρησιάζεσθαι
1730 2973 1827 3042 μὲν
1853 2973 1942 3027 τὸν

372 3052 581 3107 Παῦλον
600 3071 615 3088 ·
649 3058 745 3109 καὶ
775 3058 957 3127 λέγειν
987 3060 1089 3129 μὲν
1117 3056 1178 3116 εὖ
1207 3062 1415 3116 ἐκεῖνον
1443 3062 1590 3132 ἔχειν
1620 3062 1796 3116 εἰπεῖν
1819 3081 1833 3096 ·
1871 3063 1946 3134 μὴ

2634 2338 2861 2396 CAPUT
2901 2335 3069 2393 XXV.

2059 2435 2124 2492 Ut
2153 2436 2289 2489 idem
2327 2432 2526 2487 Paulus
2568 2429 2762 2500 Ephesi
2794 2432 2890 2484 sub
2926 2428 3159 2501 preside
3196 2426 3515 2498 Hieronymo
3563 2428 3634 2482 ad

2127 2504 2326 2558 belluas
2360 2499 2678 2560 damnatus.
2708 2517 2826 2553 cum
2886 2499 3083 2553 eisdem
3139 2501 3541 2569 depugnaverit,
3585 2507 3635 2551 et

2130 2576 2303 2628 divino
2341 2571 2545 2625 auxilio
2587 2571 2753 2623 uictor
2785 2571 3030 2624 evaserit.

2127 2685 2330 2740 Verum
2378 2682 2666 2736 enimvero
2712 2680 2807 2751 qui
2868 2679 3244 2749 profectiones
3315 2680 3473 2737 Pauli
3540 2680 3637 2736 de-

2057 2777 2430 2846 scripserunt.
2464 2789 2589 2831 cum
2631 2776 3039 2844 quamplurima
3080 2773 3187 2828 alia
3214 2788 3343 2829 eum
3375 2773 3540 2828 simul
3581 2782 3639 2828 et

2052 2858 2276 2932 iecisse,
2335 2880 2392 2925 et
2450 2884 2676 2939 passum
2724 2884 2867 2934 esse,
2916 2876 3028 2923 tum
3084 2866 3191 2923 hoc
3242 2882 3463 2938 quoque
3509 2882 3636 2922 cum

2060 2963 2258 3034 Ephesi
2306 2971 2485 3027 esset,
2531 2962 2601 3016 de
2644 2977 2713 3016 eo
2759 2960 3042 3017 memeria:
3085 2960 3443 3016 mandarunt.
3495 2958 3636 3015 Cum

2055 3055 2202 3107 enim
2235 3055 2308 3108 ibi
2345 3048 2661 3122 principem
2689 3051 2872 3106 locum
2915 3050 3288 3122 Hieronymus
3329 3049 3634 3117 obtineret,

372 3146 555 3252 μέντοι
587 3149 696 3201 τῶν
727 3152 990 3207 τοιούτων
1021 3153 1196 3223 λόγων
1229 3151 1370 3219 εἶναι
1400 3158 1615 3227 καιρόν.
1656 3157 1716 3211 '0
1760 3157 1816 3211 δὲ
1847 3162 1946 3228 τῆς

2058 3143 2225 3199 multa
2253 3158 2379 3199 eum
2404 3144 2663 3199 libertate
2685 3142 2893 3198 Paulus
2924 3150 3006 3195 est
3036 3142 3425 3197 concionatus.
3455 3140 3636 3208 Quare

370 3235 579 3300 πόλεως
607 3238 798 3309 δῆμος,
835 3244 1095 3315 μεμηνὼς
1138 3246 1354 3316 θράσει,
1394 3246 1601 3318 σιδήρῳ
1644 3248 1776 3313 τοὺς
1809 3249 1949 3303 Παύ-

369 3326 463 3380 λου
512 3328 679 3394 πὸδας
729 3331 1026 3397 διαλαϐὼν,
1070 3330 1227 3407 εἶργε
1266 3337 1365 3405 μὲν
1396 3340 1461 3408 τῇ
1498 3340 1714 3410 φρουρᾷ
1761 3340 1866 3403 ἕως
1892 3332 1953 3392 οὗ

368 3417 552 3474 λέουσι
588 3424 925 3496 παρατεθείη
974 3424 1146 3497 βορὰο
1180 3429 1492 3483 Εὑδούλλαν
1523 3430 1582 3482 δὲ
1628 3432 1723 3483 καὶ
1768 3430 1955 3501 ’Δρτέο

373 3511 571 3580 μιλλαν
599 3515 849 3586 γαμετὰς
876 3517 987 3571 τῶν
1014 3520 1148 3589 παρ’
1192 3519 1469 3588 Ἐφεσίοις
1504 3522 1808 3592 ἐπιφανῶν,
1846 3540 1952 3592 μα-

371 3602 645 3673 θητιὼσας
674 3606 826 3678 αὐτῷ
870 3608 969 3663 καὶ
999 3612 1195 3674 νυκτδς
1244 3613 1678 3683 περιφυομένας,
1719 3612 1821 3683 τὴν
1859 3612 1953 3667 τοῦ

372 3692 522 3747 θείου
551 3694 781 3768 λουτροῦ
810 3697 974 3769 χάριν
1002 3700 1276 3753 αἰτεῖσθαι
1304 3717 1318 3731 ·
1368 3700 1548 3756 σθένει
1574 3702 1631 3756 δὲ
1662 3704 1950 3774 θειοτέρῳ,

374 3787 468 3838 καὶ
501 3788 757 3856 ἀγγέλοις
784 3790 1168 3863 δορυφοροῦσι,
1195 3793 1289 3846 καὶ
1317 3792 1410 3848 τόν
1432 3794 1530 3867 τῆς
1567 3796 1761 3861 νυκτὸς
1787 3797 1953 3868 ζόφον

373 3880 441 3948 τῇ
486 3882 779 3954 περιουσίᾳ
822 3884 925 3954 τῆς
947 3884 1178 3956 ἐνούσης
1237 3887 1433 3959 αἴγλης
1480 3889 1952 3958 καταφωτίζουσι,

373 3969 476 4038 τῆς
498 3973 751 4042 σιδηρέας
781 3975 954 4046 πέδης
983 3977 1076 4030 τὸν
1112 3977 1325 4032 Παῦλον
1350 3978 1707 4047 ἀπολυθέντα,
1739 3981 1956 4036 τελέσαι

380 4061 481 4133 μὶν
518 4065 740 4131 ὲκείνας
781 4066 859 4138 τῷ
902 4068 1033 4140 θείῳ
1069 4070 1416 4141 βαπτίσματι
1453 4072 1605 4142 παρὰ
1637 4057 1737 4144 τὴν
1784 4073 1957 4145 ἀκτὴν

374 4154 477 4223 τῆς
526 4154 805 4229 θαλάσσης
854 4160 1149 4230 γενόμενον
1178 4176 1194 4191 ·
1229 4162 1464 4231 μηδενὸς
1496 4163 1551 4215 δὲ
1597 4164 1706 4217 τῶν
1735 4166 1834 4235 τὴν
1860 4183 1959 4235 φυ-

373 4247 548 4319 λακὴν
575 4249 1069 4324 ὲπιτετραμμένων
1095 4254 1505 4326 ἔπῃσθημένου,
1537 4252 1696 4322 αὖθις
1724 4259 1817 4311 ἐπὶ
1851 4257 1960 4312 τῶν

375 4343 593 4413 δεσμῶν
628 4346 942 4415 γενόμενον,
965 4348 1059 4400 ἐπὶ
1094 4349 1263 4419 βορὰν
1286 4349 1574 4421 τηρεῖσθαι
1604 4354 1720 4414 τοῖς
1752 4350 1956 4405 λέουσι.

376 4434 532 4488 Λέων
583 4437 876 4510 τοιγαροῦν
922 4439 1150 4510 μεγέθει
1190 4441 1454 4509 μέγιστος
1504 4442 1601 4495 καὶ
1644 4441 1746 4512 τὴν
1788 4441 1961 4513 ἀλκὴν

2057 3235 2433 3306 Hieronymus
2464 3237 2617 3291 illum
2654 3235 2797 3290 bene
2826 3235 3053 3305 quidem
3085 3242 3141 3288 et
3169 3234 3381 3288 diserte
3425 3233 3634 3296 dicere.

2057 3325 2155 3384 sed
2202 3326 2514 3382 orationem
2560 3328 2683 3397 ejus
2728 3343 2835 3381 non
2881 3342 3005 3383 esse
3052 3341 3247 3381 eorum
3298 3334 3634 3396 temporum,

2056 3429 2293 3476 testatus
2335 3430 2439 3475 est.
2486 3420 2649 3474 Plebs
2680 3419 2907 3488 quidem
2946 3427 3119 3481 certe,
3155 3432 3252 3486 per
3282 3416 3635 3472 insolentiam

2057 3520 2115 3565 et
2162 3509 2438 3574 furorem,
2491 3511 2664 3564 Paulo
2712 3508 3083 3578 compedibus
3127 3509 3370 3578 injectis,
3422 3510 3637 3564 carceri

2058 3616 2186 3656 eum
2227 3601 2486 3667 includit,
2536 3607 2719 3655 donec
2766 3601 3025 3656 leonibus
3058 3601 3340 3656 vorandus
3375 3601 3646 3673 objicere-

2060 3703 2174 3748 tur.
2198 3694 2279 3750 lbi
2312 3705 2427 3749 tum
2462 3694 2675 3748 Eubula
2701 3705 2755 3748 et
2783 3693 3091 3756 Artemilla,
3121 3695 3401 3749 clarorum
3427 3694 3637 3765 Ephesi

2058 3791 2309 3847 virorum
2359 3790 2648 3859 coniuges,
2695 3787 2863 3842 {idem
2910 3788 3120 3864 edoctae
3162 3806 3191 3843 a
3245 3787 3418 3843 Paulo
3450 3788 3643 3859 (noctu

2056 3884 2207 3938 enim
2243 3883 2310 3937 ad
2337 3897 2465 3937 eum
2492 3880 2817 3949 veniebant)
2845 3879 3023 3935 divini
3064 3879 3273 3934 lavacri
3306 3879 3542 3949 gratiam
3573 3882 3645 3936 ab

2057 3993 2128 4035 eo
2150 3987 2370 4048 petunt.
2403 3979 2598 4047 Itaque
2631 3978 2831 4032 virtute
2868 3976 3058 4032 divina
3092 3985 3261 4047 atque
3290 3976 3528 4048 angelici
3558 3991 3648 4033 sa-

2062 4076 2245 4130 tellitii
2301 4072 2639 4139 ministerio,
2685 4072 2982 4143 caliginem
3033 4071 3234 4137 noctis,
3278 4071 3645 4128 exuberantia

2062 4169 2377 4237 splendoris
2428 4168 2765 4229 illustrante,
2798 4165 3007 4221 Paulus
3047 4164 3245 4220 ferreis
3285 4164 3648 4234 compedibus

2064 4258 2359 4321 liberatus,
2413 4259 2535 4313 illas
2582 4258 2778 4312 divino
2824 4255 3107 4326 baptismo
3161 4255 3232 4309 ad
3272 4255 3429 4310 littus
3474 4256 3645 4310 maris

2066 4350 2254 4426 iuitiat
2285 4368 2300 4404 :
2327 4358 2383 4405 et
2415 4365 2542 4404 cum
2564 4349 2619 4405 id
2640 4365 2807 4406 nemo
2831 4348 3105 4413 omnium,
3139 4346 3345 4417 quibus
3379 4348 3646 4403 custodiae

2062 4456 2200 4497 cura
2225 4442 2481 4496 mandata
2510 4441 2715 4507 fuerat,
2749 4441 3039 4503 sensisset,
3082 4440 3152 4493 ad
3177 4440 3395 4494 vincula
3428 4456 3646 4495 rursum

376 4528 752 4594 ἀνυπόστατος
789 4531 914 4584 κατ’
959 4530 1127 4585 αὑτοῦ
1176 4532 1426 4601 άφεθεῖς,
1474 4532 1850 4605 προσδραμὼν
1900 4535 1959 4586 ἐν

2067 4548 2189 4598 sua,
2219 4532 2273 4586 in
2309 4532 2516 4601 quibus
2560 4532 2821 4587 leonibus
2860 4547 2985 4587 esca
3018 4531 3437 4597 asservabatur,
3482 4532 3648 4587 redit.

380 4620 600 4690 σταδίῳ,
628 4621 781 4694 παρά
808 4624 923 4685 τοῖς
948 4623 1163 4676 ἑκείνου
1192 4625 1350 4677 ποσὶν
1373 4624 1711 4679 ἀνεκλίνετο.
1737 4626 1958 4679 Πολλῶν

378 4712 439 4766 δέ
494 4714 589 4768 καὶ
641 4714 819 4770 ἄλλων
874 4713 1046 4785 ὠμῶν
1100 4714 1307 4787 θηρίων
1366 4716 1721 4786 ἀφιεμένων,
1783 4717 1960 4771 οὐδενὶ

379 4804 576 4874 ψαύειν
611 4806 708 4860 τοῦ
752 4806 903 4876 ἱεροῦ
937 4806 1066 4876 έξῆν
1100 4805 1357 4878 σώματος
1397 4808 1851 4880 ἀνεστη>.ωμένου
1891 4813 1956 4882 τῇ

383 4902 680 4970 προσευχῇ.
705 4899 924 4953 Τούτων
960 4899 1019 4953 at
1045 4898 1190 4955 οὕτω
1215 4900 1539 4969 γινομένων,
1562 4901 1758 4973 ἁθρόον
1791 4902 1960 4973 ῥοίζῳ

384 4990 565 5062 πολλῷ
608 4993 818 5061 σφοδρά
863 5009 949 5056 τις
979 4993 1074 5047 καὶ
1101 4992 1389 5066 ὑπερφυὴς
1432 4995 1642 5066 χάλαζα
1679 4997 1964 5066 καταρῤα·

382 5086 563 5153 γεῖσα,
607 5086 838 5141 συνέθλα
880 5089 982 5158 μὲν
1036 5086 1251 5141 πολλῶν
1289 5087 1505 5158 ἀνδρῶν
1555 5088 1827 5157 κεφαλὰς,
1865 5089 1965 5161 οῦχ

380 5180 585 5249 ἥκιστα
604 5179 660 5235 δὲ
685 5181 778 5234 καὶ
808 5182 1044 5249 θηρίων·
1090 5182 1186 5235 καὶ
1218 5182 1383 5235 αὐτοῦ
1408 5181 1469 5234 δὲ
1499 5182 1591 5235 τοῦ
1627 5182 1962 5252 Ἱερωνύμου

387 5271 517 5340 μίαν
564 5271 843 5340 φθάσασα,
874 5273 1162 5338 ἀποκνίζει
1208 5275 1268 5326 τὸ
1314 5273 1443 5337 οῦςο
1479 5274 1777 5328 κάντεῦθεν
1825 5276 1968 5344 μετὰ

382 5361 493 5413 τῶν
538 5366 635 5417 σὺν
670 5364 822 5435 αὐτῷ
857 5366 937 5435 τῷ
971 5366 1190 5420 Παύλου
1241 5365 1361 5436 Θεῷ
1412 5357 1676 5437 προσιὼν,
1705 5367 1766 5420 τὸ
1792 5370 1969 5439 σωτή-

384 5473 503 5525 ριον
531 5456 747 5526 ἐδέξατο
776 5458 1083 5532 βάπτισμα.
1130 5460 1189 5515 Ὀ
1233 5461 1291 5514 δὲ
1335 5460 1476 5514 λέων
1520 5460 1701 5530 φυγὰς
1748 5462 1831 5525 είς
1864 5462 1966 5534 δρη

382 5551 606 5620 διέδρα·
636 5555 736 5607 καὶ
790 5554 1005 5617 Παῦλος
1070 5555 1282 5609 ἐκεῖθεν
1340 5556 1423 5625 εἰς
1476 5554 1822 5609 Μακεδονίαν
1872 5558 1968 5611 καὶ

395 5646 619 5701 Ἑλλάδα
647 5648 931 5701 κατέπλει.
958 5644 1075 5703 Εἶτ’
1104 5647 1260 5711 αὖθις
1280 5650 1368 5702 διὰ
1399 5649 1739 5710 Μακεδονίας
1770 5648 1965 5715 ἐλθὼν,

383 5739 466 5803 εἰς
498 5736 726 5810 Τρῳάδα
759 5741 854 5795 καὶ
885 5745 966 5805 είς
1006 5743 1247 5813 Μίλητον
1290 5737 1427 5814 ἦλθε
1452 5759 1464 5773 ·
1496 5741 1754 5795 κάκεῖθεν
1785 5742 1970 5795 ἐστέλ-

2070 4624 2177 4677 Sed
2225 4623 2374 4678 enim
2420 4623 2637 4693 ingenti
2678 4623 3064 4692 magnitudine
3087 4632 3142 4677 et
3192 4623 3399 4678 robore
3447 4624 3650 4678 intole-

2069 4716 2268 4778 rando,
2301 4716 2408 4780 leo,
2441 4725 2635 4769 contra
2659 4714 2847 4785 ipsum
2873 4716 3159 4770 immissus
3194 4713 3298 4786 (t),
3333 4715 3389 4769 in
3418 4729 3649 4770 arenam

2069 4814 2293 4885 quidem
2332 4813 2423 4867 ille
2473 4811 2800 4882 procurrit:
2843 4813 2940 4866 sed
2991 4828 3114 4868 mox
3170 4812 3241 4866 ad
3279 4811 3449 4881 pedes
3496 4810 3651 4866 Pauli

2069 4906 2345 4962 consedit.
2380 4906 2608 4960 Etcum
2652 4905 2847 4960 itidem
2894 4904 3018 4958 alia:
3051 4904 3325 4959 immanes
3369 4904 3502 4959 ferae
3552 4904 3656 4958 im-

2072 5001 2452 5061 mitterentur,
2484 5013 2553 5054 ne
2584 5006 2810 5068 tangere
2849 4998 3079 5068 quidem
3127 4999 3237 5052 nlla
3271 5012 3491 5053 sacrum
3531 5015 3657 5052 cor-

2072 5111 2175 5165 pus
2208 5095 2275 5148 ad
2303 5093 2615 5148 orationem
2637 5100 2888 5146 erectum
2917 5099 3084 5159 atque
3112 5090 3512 5159 compositum,
3534 5105 3659 5142 sus-
3701 5103 3707 5109 '

2072 5186 2264 5241 tinuit.
2312 5184 2410 5240 llis
2462 5184 2571 5238 ista
2633 5184 2794 5248 actis,
2843 5182 3146 5252 derepente
3202 5181 3426 5252 fragore
3478 5182 3656 5235 multo

2073 5281 2380 5335 vehemens
2421 5277 2673 5349 quaedam
2732 5286 2789 5331 et
2829 5277 3032 5331 mirum
3084 5276 3139 5329 itt
3183 5275 3411 5329 modum
3456 5290 3655 5346 magna

2071 5370 2283 5442 grando
2311 5369 2601 5434 decidens,
2644 5368 2807 5439 176
2842 5369 3144 5423 multorum
3190 5366 3357 5421 simul
3396 5374 3454 5421 et
3494 5366 3654 5420 viro-

2076 5480 2199 5517 rum
2225 5472 2282 5518 et
2321 5462 2568 5517 ferorum
2606 5461 2931 5516 animalium
2969 5459 3301 5515 comminuit
3328 5458 3531 5529 capita,
3569 5461 3655 5527 ip-

2076 5557 2302 5625 siusque
2349 5557 2516 5610 etiant
2572 5553 2889 5624 Hieronymi
2951 5568 3142 5608 aurem
3204 5561 3493 5622 amputat:
3557 5553 3656 5623 qui

2078 5648 2280 5703 deinde
2313 5664 2440 5703 eum
2471 5648 2588 5703 suis
2620 5662 2719 5717 per
2768 5645 2999 5701 Paulum
3041 5646 3155 5703 Deo
3184 5646 3536 5707 conciliatus.
3568 5661 3656 5698 sa-

2080 5740 2370 5795 lutiferum
2427 5738 2666 5810 suscipit
2700 5740 3006 5794 lavacrum.
3042 5735 3157 5794 Leo
3187 5746 3372 5793 autem
3405 5738 3497 5791 ille
3531 5751 3660 5806 pro-

458 5858 536 5948 (l)
566 5877 936 5951 Θηριομαχία,
966 5879 1070 5936 hoc
1101 5884 1187 5937 est
1210 5896 1391 5952 pugna
1421 5897 1543 5937 cum
1578 5880 1710 5938 feris
1731 5922 1745 5950 ,
1783 5882 1956 5947 Pauli,

2056 5898 2066 5935 ι
2095 5895 2201 5953 qua
2238 5880 2403 5936 lCor.
2438 5896 2523 5933 xv.
