4046 6420
408 442 518 505 823

1626 463 2054 526 NICEPHORI
2091 466 2180 528 CA
2192 469 2447 530 LLISTI

3564 478 3667 544 824

411 538 596 624 lngus,
623 554 679 609 in
710 566 927 614 montes
951 561 1236 629 proximos
1269 562 1456 618 evadit
1483 583 1498 623 :
1528 574 1585 621 et
1609 568 1818 625 Paulus
1853 568 1976 626 inde

2087 572 2210 626 λετο
2238 576 2321 637 είς
2356 575 2736 648 Ἰεροσόλυμα.
2770 579 2834 633 Et
2863 579 2920 634 δὲ
2945 579 3165 645 Λουκᾶς
3190 580 3268 653 μὴ
3298 583 3421 647 ταῖς
3451 538 3668 651 lotae—1;

409 644 467 698 in
503 645 878 703 Macedoniam
917 656 974 705 et
1000 650 1270 728 Graeciam
1317 656 1645 712 transmittit
1673 674 1836 714 :mox
1858 676 1982 715 rur-

412 751 534 791 sum
572 754 673 809 per
693 740 1068 796 Macedoniam
1103 745 1333 810 vadens,
1359 746 1634 817 Troadem
1658 758 1714 804 et
1734 748 1983 806 Miletum

407 830 690 886 contendit
722 841 888 903 atque
942 835 1073 901 inde
1116 838 1337 893 tandem
1396 839 1779 913 Hierosolyma
1813 843 1984 911 protl-

408 927 656 981 ciscitur.
717 928 1032 985 Mirandum
1091 947 1223 988 vero
1262 949 1375 989 non
1424 945 1533 999 est,
1585 935 1792 991 Lucam
1835 933 1983 989 banc

408 1016 562 1073 Pauli
588 1036 715 1075 cum
747 1023 950 1079 belluis
982 1040 1223 1095 pugnam
1273 1027 1506 1098 reliquis
1528 1030 1651 1100 ejus
1693 1028 1832 1084 actis
1863 1041 1975 1081 non

408 1113 737 1171 inseruisse.
785 1116 921 1172 Nam
969 1118 1139 1174 etiam
1194 1120 1240 1176 si
1287 1122 1771 1197 ex-evangelistis
1824 1122 1977 1178 solus

401 1205 642 1262 Joannes
673 1208 1371 1280 Lazariﬁresuscitationem
1403 1225 1827 1283 commemoret,
1861 1216 1975 1270 mi-

319 1356 324 1363 ,
407 1314 515 1355 nus
553 1310 736 1357 tamen
766 1303 838 1358 de
883 1302 991 1359 ﬁde
1034 1305 1377 1377 veritateque
1405 1308 1527 1379 ejus
1560 1310 1977 1381 ambigendum.

2090 666 2325 737 πράξεσι
2376 671 2472 723 καὶ
2525 671 2628 741 τὴν
2691 671 3065 744 θηριομαχίαν
3120 675 3329 748 ταύτην
3387 678 3665 751 ἱστόρησε,

2090 758 2404 829 θαυμαστὸν
2454 762 2629 819 οὐδέν.
2662 765 2798 818 Οὐδὲ
2848 765 2957 836 γὰρ
3009 768 3380 841 ἀμφισϐητεῖν
3429 771 3533 837 δεῖ,
3582 772 3666 826 ὅτι

2096 849 2257 920 μόνος
2287 852 2398 907 τῶν
2428 848 2840 923 εὐαγγελιστῶν
2872 858 3129 931 Ἰωάννης
3156 861 3258 931 τὴν
3281 861 3379 915 τοῦ
3409 863 3667 934 Λαζάρου

2099 942 2319 1015 ἔγερσιν
2366 946 2708 1017 διηγήσατοο
2746 949 2842 1003 καὶ
2885 950 2996 1022 γὰρ
3037 951 3221 1022 ἴσμεν,
3249 953 3326 1018 ώς
3352 954 3416 1009 ού
3464 956 3667 1019 πάντες

2101 1037 2315 1091 ἅπαντα
2344 1039 2718 1112 γράφουσιν,ἤ
2757 1043 3131 1109 πιστεύουσιν,
3155 1044 3249 1099 καὶ
3273 1045 3664 1114 γινώσκουσιν·
3702 1044 3709 1055 “

2098 1127 2215 1181 ἀλλ’
2246 1128 2463 1200 ἑκάστῳ
2493 1129 2570 1194 ώς
2597 1131 2857 1204 ἐμέρισεν
2883 1136 2911 1187 ὀ
2940 1134 3167 1205 Κύριος,
3193 1135 3271 1199 ὡς
3296 1135 3513 1208 ἑκάστῳ
3531 1136 3670 1191 διαι-

2101 1222 2189 1290 ρεῖ
2236 1219 2297 1274 τὸ
2331 1220 2580 1293 Πνεῦμα,
2614 1223 2759 1277 οὕτω
2809 1226 2904 1279 καὶ
2954 1228 3218 1290 νοεῖνκαὶ
3264 1226 3536 1295 πιστεύει,
3567 1228 3668 1283 καὶ

2099 1298 2304 1382 γράφει
2336 1314 2727 1383 πνευματικῶς
2756 1314 2827 1368 τὰ
2852 1316 2944 1370 τοῦ
2979 1315 3312 1389 Πνεύματος.

409 1392 632 1451 Scimus
652 1396 830 1463 enim,
860 1413 972 1452 non
989 1413 1183 1455 omnes
1213 1403 1400 1457 omnia
1422 1401 1695 1469 scribere,
1763 1401 2016 1467 credere,
2054 1411 2111 1459 et
2141 1419 2324 1461 nosse.
2366 1405 2475 1463 Sed
2518 1408 2599 1462 uti
2663 1408 2966 1479 unicuique
2986 1410 3219 1481 largitus
3263 1420 3350 1466 est
3376 1409 3664 1475 Dominus,

405 1497 463 1541 et
507 1496 568 1541 ut
614 1489 847 1545 cuilibet
895 1490 1094 1546 dividit
1142 1501 1199 1547 et
1239 1492 1524 1565 dispensat
1573 1495 1836 1568 Spiritus,
1897 1494 1971 1549 ita
2011 1497 2179 1552 etiam
2228 1499 2525 1571 intelligit,
2605 1500 2802 1569 credit,
2845 1510 2904 1558 et
2965 1503 3163 1559 scribit
3193 1502 3558 1573 spiritualiter
3599 1516 3667 1558 ea

408 1595 534 1653 qua:
564 1593 695 1638 sunt
726 1581 991 1653 Spiritus.

961 1701 1192 1761 CAPUT
1234 1705 1421 1761 XXVI.

407 1786 768 1864 De_seditione_
802 1789 1178 1864 Hierosolymis
1226 1798 1321 1849 sub
1355 1796 1579 1852 Claudio
1637 1803 1779 1856 orta.
1826 1804 1876 1849 et
1916 1794 1980 1864 de

474 1859 769 1927 impudenti
800 1862 1032 1916 audacia
1046 1859 1392 1920 sacerdotum
1425 1867 1519 1920 sub
1550 1864 1758 1920 Nerone
1794 1874 1846 1920 et
1878 1863 1983 1918 Fe—

2651 1702 2904 1759 ΚΕΦΔΛ.
2937 1704 3084 1771 κεῖν.

2086 1791 2230 1862 Περὶ
2260 1792 2370 1862 τῆς
2396 1794 2467 1869 έν
2496 1792 2942 1869 Ἰεροσολύμοις
2961 1795 3059 1869 ἐπὶ
3092 1789 3400 1869 Κλαυδίου
3424 1798 3662 1869 γενομέ-

2157 1879 2274 1930 νης
2307 1865 2616 1934 στάσεωςι
2664 1865 2767 1934 καί
2801 1865 3069 1932 περὶτῆς
3109 1865 3207 1919 ἐπὶ
3254 1864 3533 1934 Νέρωνος
3558 1864 3662 1924 καὶ

477 1914 575 1980 lic;
599 1946 628 2006 .-.
658 1939 708 1981 et
735 1932 830 2006 de__
844 1914 1191 2006 praegnas;
1210 1914 1568 2003 ἱίῖιὶἶὲὲεξῖεὲ
1581 1914 1589 1919 ’
1603 1914 1976 2006 ἦᾶιῗρὶὲαὶιό-

2157 1914 2583 2006 manage;
2642 1914 3295 2006 ιὲᾗέωἶῦῥάἒῦτῆἑὸςῗ
3312 1914 3443 2006 "ia:
3463 1914 3540 1990 δι
3559 1914 3665 1991 ἷίᾱῖ

475 2000 727 2069 propheta
760 2000 1031 2073 ngyptio.

473 2178 611 2233 Cum
648 2177 716 2234 ad
750 2194 879 2235 eum
934 2183 1154 2238 modum
1207 2184 1413 2241 Paulus
1462 2186 1532 2241 ab
1585 2186 1981 2258 hierosolymis

405 2284 628 2324 omnem
662 2270 1024 2328 circumcirca
1067 2276 1351 2345 regionem
1386 2277 1453 2331 ad
1487 2278 1766 2346 Illyricum
1805 2294 1979 2348 usque

414 2374 764 2431 peragraret,
815 2362 1083 2420 Claudius
1137 2365 1358 2422 Judteos
1422 2368 1595 2423 Roma
1637 2370 1828 2441 exigit.
1871 2370 1979 2436 Qui

400 2469 530 2507 cum
561 2454 746 2510 adhuc
774 2466 993 2526 sceptra
1025 2456 1262 2514 Romani
1304 2460 1522 2531 imperii
1558 2470 1801 2531 gereret,
1844 2463 1980 2531 ipsis

404 2547 626 2603 Pascha:
655 2548 812 2604 feriis
842 2550 1241 2624 Hierosolymis
1276 2562 1425 2609 tanta
1453 2555 1655 2611 seditio
1688 2566 1744 2612 et
1775 2557 1978 2610 tumul—

401 2652 493 2695 tus
531 2641 586 2694 in
628 2641 789 2711 plebe
821 2642 1056 2707 exstitit,
1093 2655 1365 2701 uteorum
1388 2654 1602 2702 tantum
1632 2648 1972 2713 Judaeorum,

399 2734 498 2801 qui
548 2734 603 2789 vi
635 2737 933 2807 extemplo
971 2738 1129 2793 exire
1174 2734 1444 2807 volentes,
1475 2741 1623 2796 circa
1664 2740 1815 2797 fores
1856 2742 1978 2812 ejus

402 2841 461 2880 se
484 2826 723 2883 invicem
748 2830 1078 2898 premebant
1100 2840 1156 2886 et
1177 2833 1536 2899 collidebant,
1564 2836 1839 2904 myriadcs
1864 2844 1976 2889 tres

401 2918 736 3001 proculcata:
768 2921 915 2976 inter
953 2937 1013 2977 se
1035 2933 1093 2979 et
1114 2932 1323 2980 enecta:
1352 2926 1465 2981 sint
1491 2927 1591 2997 (1).
1624 2926 1976 2997 Quapropter

399 3011 604 3066 festum
633 3011 688 3067 id
717 3015 925 3084 populo
958 3015 1107 3071 omni
1143 3018 1197 3071 in
1222 3017 1501 3088 ingentem
1528 3027 1612 3074 est
1637 3035 1973 3076 conversum

404 3105 707 3170 luctum,et
743 3106 856 3161 fere
887 3108 954 3162 ad
990 3112 1186 3164 domos
1213 3125 1408 3166 omnes
1439 3112 1599 3166 dolor
1628 3114 1674 3167 is
1698 3121 1757 3167 et
1779 3112 1974 3183 planc-

401 3207 491 3251 tus
543 3198 813 3266 pervenit.
853 3198 1063 3271 [Multa
1106 3217 1331 3274 quoque
1379 3214 1645 3275 praeterea
1693 3206 1869 3262 Judaei
1905 3222 1974 3263 eo

400 3299 645 3373 tempore
656 3292 869 3361 experti
888 3294 1249 3366 perpessique
1271 3305 1400 3352 sunt
1425 3298 1614 3372 mala.]
1634 3299 1794 3356 Hisce
1805 3315 1973 3371 porro

398 3383 466 3437 de
516 3384 682 3440 rebus
720 3384 999 3456 Iosephus
1030 3403 1249 3459 quoque
1294 3391 1547 3446 scribens
1579 3386 1678 3461 (2),
1718 3380 1974 3450 adhunc

401 3475 624 3529 modum
694 3478 926 3534 refert:
987 3497 1007 3532 ι
1080 3481 1350 3537 Claudius
1408 3493 1595 3540 autem
1667 3486 1971 3558 Agrippam

366 3570 654 3639 .Agrippae
711 3570 912 3637 tilium,
945 3573 1266 3629 Iudaeorum
1303 3590 1492 3647 regem
1535 3589 1707 3643 creat,
1734 3592 1791 3636 et
1823 3580 1972 3637 Feli-

380 3676 517 3731 cem
560 3662 772 3731 regioni
809 3664 962 3718 omni
988 3663 1251 3721 Samaria:
1276 3676 1330 3722 et
1357 3668 1613 3739 Galilteae,
1644 3680 1701 3727 et
1725 3672 1847 3742 ejus
1886 3675 1973 3729 in-

398 3767 568 3822 super
621 3768 746 3824 quae
802 3753 988 3810 Peraea
1047 3771 1144 3812 seu
1198 3766 1356 3815 trans
1404 3759 1702 3817 Jordanem
1742 3762 1973 3829 dicitur,

318 3907 338 3922 ο
399 3853 813 3913 procuratorem
875 3847 1189 3903 constituit.
1248 3849 1355 3916 Qui
1410 3850 1679 3909 Claudius
1736 3854 1974 3926 imperio

398 3936 664 3992 tredecim
717 3939 879 3994 annis
920 3949 977 3993 et
1025 3941 1311 3997 mensibus
1361 3951 1488 3998 octo
1555 3946 1970 4015 administrato,

402 4029 647 4094 decedit,
699 4038 756 4085 et
803 4030 1083 4089 Neronem
1141 4032 1314 4088 [ilium
1368 4050 1753 4093 successorem
1801 4042 1973 4097 relin-

400 4127 544 4194 quit.
583 4144 602 4176 ι
642 4124 880 4180 Neronis
933 4142 1100 4196 porro
1147 4130 1518 4199 temporibus.
1553 4132 1736 4188 Felice
1770 4135 1974 4192 Judaaae

401 4217 733 4287 praesidente
778 4220 880 4289 (ὅ),
935 4218 1083 4275 idem
1114 4219 1392 4291 Josephus
1425 4223 1478 4276 in
1517 4225 1782 4281 vicesimo
1821 4230 1973 4282 Anti-

398 4314 666 4382 quitatum
702 4311 866 4373 libro,
908 4313 977 4369 de
1012 4313 1158 4367 civili
1214 4314 1359 4368 inter
1391 4330 1452 4371 se
1505 4317 1855 4373 sacerdotum
1891 4320 1974 4375 fa-

400 4407 553 4460 tione
586 4412 755 4475 atque
794 4405 1094 4485 seditione,
1135 4406 1286 4461 hisce
1315 4407 1499 4463 verbis
1527 4421 1969 4466 commemorat:

404 4496 562 4566 177
594 4515 613 4549 ι
639 4495 901 4551 Exoritur
918 4507 1104 4552 autem
1131 4508 1186 4552 et
1205 4498 1530 4554 Pontiﬁcum
1554 4499 1755 4556 seditio
1779 4512 1971 4557 contra

2154 2004 2289 2077 περὶ
2321 2001 2466 2077 ,τῶν
2517 2001 2868 2077 λεγομένων
2906 2001 3210 2077 ’σικαρίων
3248 2004 3497 2077 λῃστῶν
3518 2023 3534 2039 ο
3564 2007 3664 2061 καὶ

2154 2073 2263 2127 τοῦ
2299 2073 2632 2140 Αἰγυπτίου
2660 2073 3195 2144 ψευδοπροφήτου.

2153 2187 2313 2243 Οὕτω
2354 2188 2413 2244 δὲ
2454 2187 2551 2242 τοῦ
2602 2188 2819 2263 Παύλου
2860 2189 2962 2257 τὴν
3006 2188 3116 2243 ἀπὸ
3156 2190 3518 2261 Ἰερουσαλὴμ
3561 2191 3662 2245 καὶ

2083 2282 2271 2351 κύκλῳ
2310 2283 2440 2353 ἄχρι
2490 2281 2586 2334 τοῦ
2628 2281 2932 2354 Ἰλλυρικοῦ
2990 2282 3323 2347 διανύοντος,
3370 2282 3664 2347 Ἰουδαίους

2092 2374 2315 2445 Ῥώμης
2366 2374 2663 2428 ἀπελαύνει
2720 2374 3011 2439 Κλαύδιος.
3076 2375 3285 2429 Τούτου
3359 2375 3418 2429 δὲ
3465 2375 3545 2430 ἔτι
3596 2375 3664 2430 τά

2083 2460 2342 2532 σκῆπτρα
2394 2463 2491 2533 τῆς
2547 2461 2834 2531 βασιλείας
2887 2462 3182 2531 ίθύνοντος,
3221 2464 3364 2519 κατά
3416 2464 3516 2535 τὴν
3567 2464 3661 2519 τοῦ

2082 2555 2273 2623 Πάσχα
2322 2555 2541 2625 ἑορτὴν,
2568 2557 2684 2619 τοῖς
2720 2553 3125 2625 Ἰεροσολύμοις
3172 2556 3414 2627 τοσαύτη
3449 2556 3664 2628 ταραχὴ

2080 2647 2172 2699 καὶ
2225 2646 2413 2708 στάσις
2467 2646 2762 2717 ἐπισυνέϐη
2819 2646 2899 2717 τῷ
2944 2645 3166 2716 πλήθει,
3203 2646 3281 2711 ὥς
3316 2647 3497 2717 μόνων
3547 2646 3658 2700 τῶν

2081 2738 2172 2809 βίᾳ.
2203 2740 2332 2810 περὶ
2354 2739 2454 2800 τὰς
2485 2738 2696 2803 ἐξόδους
2728 2739 3161 2807 συνωθουμένων
3188 2738 3284 2792 τοῦ
3313 2736 3483 2807 ἱεροῦ,
3504 2739 3656 2808 τρεῖς

2082 2831 2352 2902 μυριάδας
2420 2831 2697 2886 Ἰουδαίων
2748 2831 3211 2902 συμπατηθέντας
3267 2830 3359 2884 ὑπ’
3415 2830 3661 2900 ἀλλήλων

2079 2923 2398 2990 ἀποθανεῖν,
2442 2926 2524 2987 εἰς
2571 2924 2767 2988 πένθος
2805 2941 2864 2977 τε
2907 2924 3218 2995 στραφῆναι
3271 2921 3554 2993 συμπαντὶ
3583 2920 3661 2993 τῷ

2078 3014 2222 3068 ἕθλει
2274 3016 2373 3085 τὴν
2436 3016 2654 3086 ἑορτὴν,
2694 3014 2885 3087 σχεδὸν
2924 3014 3046 3068 κατ’
3088 3013 3270 3068 οίκίαν
3301 3011 3539 3084 σχοῦσαν
3569 3012 3660 3066 τὸν

2079 3109 2293 3179 θρῆνον.
2323 3109 2526 3181 (Πολλά
2572 3108 2629 3161 δὲ
2666 3109 2757 3161 καὶ
2805 3107 2924 3178 ἅμα
2955 3109 3004 3161 οἱ
3044 3108 3294 3161 Ἰουδαῖοι
3337 3107 3484 3161 κακά
3508 3123 3659 3177 τηνι-

2079 3200 2211 3255 κάδε
2256 3202 2507 3267 ἔπαθον.)
2552 3203 2616 3253 Ὃ
2653 3201 2717 3271 δὴ
2763 3202 2856 3252 καὶ
2919 3200 3183 3270 Ἰώσηπος
3231 3198 3482 3270 ἱστορῶν,
3517 3197 3659 3252 οὕτω

2082 3295 2225 3349 κατὰ
2253 3293 2396 3359 λέξιν
2423 3292 2591 3362 φησί·
2624 3311 2643 3345 ι
2690 3291 2958 3353 Κλαύδιος
2985 3292 3044 3345 δὲ
3083 3292 3398 3363 Ἀγρίππαν
3440 3289 3660 3361 Ἀγρίπ-

2082 3403 2187 3440 που
2211 3385 2400 3449 παῖδα,
2443 3384 2711 3438 Ἰουδαίων
2741 3384 3032 3453 καθίστησι
3074 3384 3323 3454 βασιλέα,
3356 3383 3569 3453 Φήλικά
3598 3400 3658 3437 τε

2081 3479 2181 3548 τῆς
2229 3476 2414 3547 χώρας
2468 3476 2690 3544 ἀπάσης
2740 3476 3056 3546 Σαμαρείας
3106 3486 3167 3527 τε
3204 3475 3301 3529 καὶ
3347 3473 3655 3541 Γαλιλαίας,

2082 3572 2177 3623 καὶ
2203 3570 2430 3640 προσέτι
2461 3569 2559 3639 τῆς
2605 3567 3042 3638 ἐπικαλουμένης
3072 3566 3317 3636 Περαίας
3361 3566 3658 3638 ἐπίτροπον

2082 3662 2396 3732 ἐκπέμψας.
2435 3661 2729 3732 Διοικήσας
2758 3659 2815 3725 δὲ
2846 3660 3008 3723 αὐτὸς
3049 3660 3149 3730 τὴν
3178 3659 3480 3729 ἠγεμονίαν
3510 3659 3657 3713 ἔτεσι

2080 3754 2308 3825 τέτρασι
2360 3754 2454 3808 καὶ
2505 3753 2636 3807 δέκα
2686 3751 2823 3824 πρὸς
2865 3750 3036 3822 μησὶν
3074 3750 3239 3816 ὀκτὼ,
3272 3751 3366 3805 τὸν
3408 3750 3522 3804 υἱὸν
3555 3751 3659 3805 Νέ-

2085 3863 2232 3915 ρωνα
2257 3845 2355 3915 τῆς
2381 3845 2555 3916 ἀρχῆς
2577 3843 2820 3914 διάδοχον
2846 3842 3162 3896 καταλιπὼν
3184 3842 3430 3913 τελευτᾷ.
3453 3861 3474 3896 ι
3500 3841 3656 3896 Κατά

2080 3937 2139 3992 δὲ
2189 3938 2420 4008 Νέρωνα
2462 3938 2694 4007 Φήλικος
2739 3939 2839 4008 τῆς
2878 3936 3137 4002 Ἰουδαίας
3183 3937 3656 4008 ἐπιτροπεύοντος,

2082 4032 2263 4094 αὐτοῖς
2297 4031 2541 4101 ῥήμασιν
2576 4030 2731 4093 αὖθις
2760 4032 2787 4083 ὁ
2832 4029 3096 4099 Ἰώσηπος
3134 4031 3234 4101 τὴν
3277 4032 3360 4094 είς
3394 4030 3658 4100 ἀλλήλους

2080 4124 2192 4177 τῶν
2219 4124 2405 4194 ἱερέων
2441 4126 2631 4178 στάσιν
2668 4118 2771 4177 ὧδέ
2805 4141 2920 4187 πως
2947 4125 3003 4177 έν
3036 4123 3273 4195 εἰκοστῷ
3313 4124 3658 4192 Ἀρχαιολοο

2081 4217 2215 4285 τίεις
2248 4206 2446 4283 γράφει
2473 4232 2486 4244 ·
2527 4236 2544 4265 t
2608 4215 2932 4279 Ἐξάπτεται
2963 4215 3019 4268 δὲ
3058 4216 3154 4268 καὶ
3194 4218 3311 4279 τοῖς
3338 4212 3656 4286 ἀρχιερεῦσι

2084 4308 2274 4369 στάσις
2325 4306 2462 4378 πρὸς
2513 4309 2639 4369 τοὺς
2697 4307 2886 4377 ἱερεῖς,
2946 4310 3040 4363 καὶ
3090 4309 3216 4372 τοὺς
3267 4306 3520 4378 πρώτους
3561 4303 3656 4360 τοῦ

2083 4400 2327 4472 πλήθους
2380 4401 2490 4455 τῶν
2554 4399 2969 4473 Ἰεροσολύμων.
3009 4400 3283 4466 Ἕκαστος
3337 4416 3400 4453 τε
3430 4397 3652 4467 χαὐτῶν,

2085 4499 2271 4566 στῖφος
2306 4494 2612 4565 ἀνθρώπων
2642 4494 2750 4548 τῶν
2775 4493 3137 4565 θρασυτάτωνι
3157 4495 3252 4547 καὶ
3280 4489 3655 4562 νεωτεριστῶν

400 4588 724 4643 sacerdotes
767 4598 825 4644 et
880 4590 1153 4667 primores
1205 4590 1385 4660 plebis
1434 4591 1969 4664 Hierosolymitanze.

2084 4588 2261 4659 ἑαυτῴ
2324 4589 2597 4660 ποιήσας,
2654 4585 2878 4658 ἡγεμὼν
2932 4583 3021 4657 ἦν.
3084 4586 3194 4639 Καὶ
3257 4586 3655 4657 συρράσσοντες

399 4688 580 4752 Atque
609 4683 846 4752 quilibet
891 4684 1312 4738 temerariorutn
1357 4685 1855 4758 novandarutnque
1889 4703 1979 4743 re-

399 4792 524 4830 rnm
546 4776 924 4831 studiosorum
950 4776 1237 4831 hominum
1263 4788 1453 4833 coacta
1483 4794 1674 4844 manu,
1697 4780 1810 4834 dux
1832 4791 1976 4837 erat.

399 4871 590 4939 itaque
615 4869 898 4939 congressi
934 4868 1080 4924 inter
1105 4885 1183 4933 se,
1217 4886 1342 4925 cum
1371 4871 1638 4927 conviciis
1667 4882 1834 4941 atque
1862 4888 1978 4928 ma-

398 4961 621 5017 ledictis
671 4961 762 5014 alii
817 4961 954 5015 alios
1013 4962 1468 5030 proscindebant,
1527 4972 1644 5019 tum
1696 4963 1980 5034 lapidibus

400 5068 624 5123 quoque
658 5067 716 5107 se
750 5053 987 5107 invicem
1020 5053 1305 5122 petebant.
1362 5053 1550 5123 Neque
1579 5054 1817 5129 qui-haec
1850 5070 1977 5124 pro—

400 5147 647 5210 biberet,
683 5146 978 5215 quisquam
1027 5147 1261 5202 aderat:
1297 5149 1393 5203 sed
1429 5148 1545 5203 haec
1595 5147 1783 5201 omnia
1819 5148 1978 5218 quasi

402 5241 459 5295 in
501 5240 658 5306 urbe,
704 5248 882 5294 tutore
918 5229 1359 5310 magistratuque
1409 5241 1562 5294 omni
1594 5250 1844 5306 carentc,
1881 5257 1980 5312 per

474 5403 553 5474 (ι)
588 5402 798 5458 Seditio
837 5403 982 5457 inter
1010 5400 1228 5458 Judseos
1276 5412 1332 5457 et
1362 5401 1683 5474 ASamaritas
1736 5409 1977 5474 exorta:

402 5470 551 5531 unde
593 5474 880 5528 latrocinia
928 5482 1319 5541 provenerunt.
1350 5470 1662 5537 Quadratus
1690 5472 1980 5526 seditionis

404 5546 688 5614 principes
719 5543 774 5597 in
799 5540 1019 5614 crucem
1053 5544 1186 5614 egit.
1220 5540 1468 5612 (Ioseph.
1515 5544 1610 5597 lib.
1648 5558 1735 5607 xx,
1766 5558 1884 5611 cap.
1916 5542 1975 5593 ll

404 5612 458 5670 et
494 5612 797 5682 12;”l‘acit.
833 5612 930 5668 lib.
960 5612 1109 5678 xtt.)‘
1242 5624 1247 5635 ‘

479 5687 560 5757 (τι)
580 5681 707 5757 lloc
728 5685 814 5757 sic
838 5683 1039 5757 itidem
1068 5684 1345 5753 reperitur
1374 5684 1515 5757 apud
1550 5683 1763 5757 Euseb,
1788 5681 1887 5736 lib.
1922 5696 1978 5745 ιι,

408 5752 551 5823 mp;
596 5755 685 5808 ii).
727 5752 951 5823 Initium
984 5752 1195 5807 tantum
1232 5755 1498 5808 tumultus
1530 5755 1650 5823 ejus
1696 5752 1981 5821 allegatur.

413 5822 621 5895 Seditio
648 5834 836 5895 autem
858 5822 973 5892 ipsa
996 5824 1158 5878 sicuti
1177 5839 1206 5878 a
1233 5824 1468 5895 Jusepho
1494 5822 1977 5888 commemoratur,

414 5907 521 5947 ιιοιι
544 5892 867 5951 adducitur.

2081 4681 2446 4751 ἐκακολόγουν
2489 4698 2550 4734 τε
2597 4679 2865 4750 ἀλλήλους
2897 4679 2997 4732 καὶ
3029 4679 3199 4742 λίθοις
3244 4678 3472 4733 ἔϐαλλον
3497 4695 3512 4711 ·
3549 4678 3578 4730 δ
3609 4675 3653 4728 δ’

2082 4774 2399 4845 ἐπιπλήξων
2443 4769 2512 4844 ἦν
2557 4771 2678 4826 οὐδὲ
2706 4766 2809 4833 εἷς.
2850 4769 2989 4824 Ἀλλ’
3017 4770 3094 4835 ὡς
3141 4771 3200 4825 έν
3227 4768 3655 4841 ἀπροστατεύτῳ

2084 4866 2237 4920 πόλει
2286 4862 2439 4920 ταῦτ’
2472 4865 2780 4935 ἐπράσσετο
2831 4862 2954 4932 μετ’
3000 4862 3271 4926 ἐξουσίας.
3300 4861 3551 4931 Τοσαύτη
3597 4859 3656 4913 δὲ

2082 4961 2208 5022 τοὺς
2246 4958 2525 5028 ἀρχιερεῖς
2561 4954 2862 5011 κατέλαϐεν
2897 4953 3141 5010 ἀναίδεια
3176 4955 3272 5007 καὶ
3301 4953 3498 5022 τόλμα,
3525 4950 3654 5008 ὥστ’

2083 5052 2396 5122 ἐκπέμπειν
2443 5049 2664 5113 δούλους
2716 5048 2960 5118 ἐτόλμων
3004 5047 3096 5100 ἐπὶ
3123 5047 3221 5110 τὰς
3265 5047 3501 5110 ἅλωνας,
3530 5046 3655 5107 τοὺς

2068 5146 2425 5217 ληψομένους
2463 5143 2560 5221 τάς
2587 5144 2703 5206 τοῖς
2732 5141 2970 5212 ἱερεῦσιν
3000 5139 3367 5210 ὀφειλομένας
3397 5139 3653 5201 δεκάτας.

2085 5240 2195 5294 Καὶ
2244 5239 2528 5292 συνέϐαινε
2556 5240 2681 5299 τοὺς
2730 5237 3141 5305 ἀπορουμένους
3170 5232 3279 5285 τῶν
3323 5232 3516 5301 ἱερέων
3550 5230 3654 5284 ὑπὸ

2157 5401 2232 5469 (5)
2265 5398 2415 5475 Εειίιι
2441 5395 2647 5475 Judaeze
2677 5396 2967 5466 praefectus
2989 5438 3002 5458 ,
3058 5393 3348 5475 Qrusillam
3402 5390 3652 5460 Agrippae

2084 5484 2350 5532 sororem,
2389 5468 2570 5522 Aziazi
2624 5469 2943 5519 Amasorttm
2987 5468 3128 5535 regis
3178 5468 3486 5535 ennjttge’m,
3518 5475 3654 5535 ιιιιυ-

2086 5556 2198 5593 rem
2259 5531 2772 5610 duxilttdoseph.
2800 5535 2930 5610 eod.
2979 5531 3104 5610 cap.
3148 5533 3231 5588 14.
3259 5531 3289 5602 )⁷
3333 5550 3352 5583 ι
3391 5531 3655 5610 Antonius

2085 5610 2236 5664 Felix
2264 5608 2757 5680 Clattdiiilibertus,
2797 5609 2848 5659 in
2874 5606 3071 5680 ⁵,Ιιιιιιιξιι
3115 5619 3214 5680 per
3248 5616 3469 5680 omnem
3492 5606 3653 5654 szrvi-

2086 5681 2216 5734 tiam
2248 5695 2310 5750 ac
2343 5677 2628 5750 libidinem
2655 5677 2746 5748 jus
2776 5675 2985 5746 regium
3008 5673 3215 5750 _servi_l_i
3253 5673 3475 5750 ingenio
3503 5681 3658 5722 t-xer-

2084 5752 2201 5804 cuit
2230 5768 2244 5805 :
2289 5748 2523 5803 Drusilla
2552 5743 2858 5816 Clebpatrai
2900 5753 2956 5816 et
2992 5743 3214 5816 Antonii
3250 5750 3412 5811 nepte
3463 5743 3515 5793 itt
3547 5752 3661 5792 tua-

2088 5819 2409 5878 trimonium
2442 5815 2700 5889 accepta.
2733 5835 2751 5869 ι
2786 5815 2977 5888 (Τειοίι.
3015 5815 3111 5870 lib.
3134 5816 3254 5883 xu.)
