4046 6448
420 475 528 542 89.5

1378 479 1988 541 ECCLESIASTIC/E
2033 481 2428 542 HlSTOerE
2466 485 2618 545 LIB.
2663 483 2743 546 Il.

3564 483 3669 550 826

421 592 628 658 ἐνδείας
670 591 1082 662 ἀπολλυμένους
1127 591 1374 664 θεωρεῖν.
1415 593 1602 656 Οὕτως
1644 594 1870 663 ἐκράτεε
1901 591 1995 646 τοῦ

2114 596 2211 650 vim
2249 595 2472 666 impune
2514 597 2740 653 ﬁebant.
2775 597 2946 652 Tanta
2985 613 3154 668 porro
3189 596 3546 668 pontiﬁcibus
3583 599 3674 654 in-

421 684 633 738 δικαίου
685 685 889 747 παντὸς
938 686 972 756 ὴ
1019 686 1126 738 τῶν
1171 686 1573 751 στασιαζόντων
1605 686 1716 756 βία.
1759 703 1779 736 ι
1824 684 1995 740 Πάλιν

422 777 468 831 δ’
505 780 532 831 6
573 777 737 840 αὐτὸς
784 779 1134 846 συγγραφεὺς
1175 778 1318 832 κατὰ
1357 779 1482 843 τοὺς
1516 779 1722 842 αὐτοὺς
1766 780 1997 848 χρδνους

425 872 481 924 ὲν
520 868 916 940 Ἰεροσολύμοις
940 871 1237 941 ὲπιφυῆναι
1266 869 1480 942 λῃστῶν
1509 889 1561 925 τι
1591 867 1727 934 εἶδος
1761 872 1994 941 ἰστορεῖ·

427 963 478 1018 οῖ
522 962 642 1032 μεθ’
689 963 929 1034 ἡμέραν,
987 963 1062 1026 ῶς
1093 979 1250 1032 φησι,
1296 963 1390 1017 καὶ
1449 967 1506 1016 ὲν
1560 967 1702 1036 μέσῃ
1745 966 1810 1035 τῇ
1845 963 1998 1017 πόλει

381 1061 386 1064 ’
426 1056 678 1123 ἐφόνευον
727 1055 856 1120 τοὺς
906 1057 1317 1120 συναντῶντας⁶
1367 1056 1604 1126 μάλιστα
1652 1058 1761 1128 γὰρ
1793 1060 1848 1110 έν
1877 1059 2000 1120 ταῖς

427 1150 642 1215 ἑορταῖς
678 1150 922 1211 ἐκείνους
953 1150 1324 1220 μιγνυμένους
1353 1149 1432 1220 τῷ
1473 1150 1710 1220 πλήθει·
1747 1151 1839 1204 καὶ
1877 1153 2001 1214 ταῖς

427 1240 714 1311 ἐσθήσεσιν
768 1241 1219 1312 ὑποκρύπτοντας
1267 1243 1443 1312 μικρὰ
1490 1229 1732 1312 ξιφίδια,
1788 1242 2001 1306 τούτοις

426 1333 638 1387 νύττειν
687 1334 812 1397 τοὺς
855 1333 1169 1406 διαφόρους.
1206 1336 1443 1389 Ἔπειτα
1495 1335 1774 1390 πεσόντων
1832 1338 2000 1407 μέρος

425 1424 674 1492 γίνεσθαι
724 1425 834 1479 τῶν
893 1427 1427 1496 ἐπαγανακτούντων
1489 1429 1684 1491 αὐτοὺς
1723 1429 1848 1492 τοὺς
1902 1445 2001 1482 πε·-

425 1517 792 1585 φονευκότας·
843 1519 926 1573 διὸ
976 1520 1068 1573 καὶ
1123 1521 1479 1574 παντάπασιν
1518 1521 1610 1574 ὑπ’
1656 1520 2002 1585 ἀξιοπιστίας

425 1611 754 1678 ἀνευρέτους
799 1612 1076 1679 γενέσθαι.
1112 1613 1336 1683 Πρῶτον
1391 1613 1493 1682 μὲν
1537 1611 1629 1666 οὖν
1679 1611 1771 1666 ὑπ’
1821 1612 2001 1666 αὐτῶν

439 1699 694 1753 ’ῐωνάθαν
757 1701 848 1754 τὸν
909 1703 1174 1772 ἀρχιερέα
1239 1703 1699 1778 κατασφαγῆναι·
1759 1705 1900 1773 μετὰ
1957 1703 2002 1757 δ’

429 1792 592 1845 αὐτὸν
641 1793 969 1865 καθημέραν
1017 1794 1362 1864 ἀναιρεῖσθαι
1417 1795 1681 1859 πολλούς’
1742 1796 1836 1848 καὶ
1888 1794 1998 1848 τῶν

429 1880 726 1950 συμφορῶν
764 1883 855 1935 τὸν
907 1883 1072 1952 φόϐον
1119 1878 1259 1937 εἰναι
1293 1883 1714 1955 χαλεπώτερον·
1758 1886 1996 1939 ἑκάστου

428 1972 682 2043 καθάπερ
711 1974 768 2027 ἐν
807 1974 1032 2046 πολέμῳ
1062 1975 1185 2028 καθ’
1214 1975 1363 2046 ὥρας
1395 1978 1487 2030 τὸν
1517 1977 1747 2030 θάνατον
1779 1978 2004 2048 προσδε-

427 2064 682 2132 χομένου.
723 2064 882 2135 Ἑξῆς
914 2067 971 2119 δὲ
1007 2067 1224 2132 τούτοις
1254 2067 1511 2140 ἐπιφέρει
1553 2070 1676 2140 μεθ’
1711 2070 1873 2136 ἕτερα
1915 2069 2005 2122 λέ-

429 2171 582 2223 γων·
629 2174 648 2208 t
689 2157 912 2222 Μείζονι
950 2159 1008 2213 δὲ
1043 2160 1250 2213 τούτων
1303 2160 1508 2233 πληγῇ,
1549 2161 1838 2226 Ἰουδαίους
1875 2162 2006 2216 ἐκά-

427 2264 605 2302 κωσεν
642 2250 669 2301 6
699 2249 998 2318 Αἰγύπτιος
1030 2251 1519 2324 ψευδοπροφήτηςθ
1558 2254 2006 2323 παραγενόμενος

426 2339 538 2410 γὰρ
578 2341 660 2404 είς
705 2340 803 2411 τὴν
835 2341 1022 2413 χώραν
1075 2344 1366 2415 ἄνθρωπος
1403 2345 1537 2414 γόης
1576 2347 1672 2398 καὶ
1720 2347 2017 2418 προφήτου

427 2430 610 2486 πίστιν
637 2431 847 2496 ἐπιθεὶς
879 2433 1085 2504 ἑαυτῷ,
1121 2436 1250 2505 περί
1273 2438 1643 2508 τρισμυρίους
1686 2439 1784 2508 μὲν
1817 2438 2006 2510 ἀθροί-

426 2523 510 2589 ζει
536 2524 643 2577 τῶν
667 2526 1066 2596 ἠπατημένων*
1103 2529 1462 2599 περιαγαγὼν
1493 2530 1550 2584 δὲ
1591 2532 1789 2595 αὐτοὺς
1814 2534 1879 2585 ἐκ
1907 2533 2007 2602 τῆς

426 2617 665 2687 ἐρημίας
703 2619 785 2682 εἰς
831 2618 892 2672 τὸ
935 2618 1166 2675 Ἐλαιῶν
1219 2621 1562 2692 καλούμενον
1608 2623 1756 2693 ὅρος,
1793 2624 2002 2677 ἐκεῖθεν

426 2704 538 2770 οἷός
589 2725 649 2761 τε
688 2704 757 2780 ἦν
806 2711 886 2773 εἰς
926 2709 1280 2782 Ἰεροσόλυμα
1329 2713 1626 2783 παρελθεῖν
1680 2714 2003 2783 βιάζεσθαν

428 2805 522 2856 καὶ
551 2805 831 2875 κρατήσας
861 2803 963 2873 τῆς
1007 2821 1068 2857 τε
1113 2802 1429 2875 Ῥωμαῖκῆς
1481 2807 1726 2876 φρουρᾶς
1774 2807 1871 2860 καὶ
1912 2804 2006 2859 τοῦ

2102 693 2268 747 cessit
2303 691 2645 762 impudentia
2692 702 2748 748 et
2785 694 3035 759 audacia,
3075 701 3138 747 ut
3189 709 3302 748 non
3337 699 3669 748 vererentur

2100 799 2292 838 servos
2320 800 2452 839 suos
2484 801 2550 839 ex
2595 784 2731 840 urbe
2768 785 2822 839 in
2859 785 3064 855 praedia
3107 794 3164 840 et
3206 786 3388 849 villas,
3425 783 3672 840 decimas

2101 891 2195 929 eas
2245 891 2366 945 quae
2417 877 2801 932 sacerdotibus
2829 877 3202 942 debebantur,
3230 877 3511 947 direptum
3543 875 3672 932 mit-

2102 975 2244 1021 tere.
2274 966 2627 1037 Quapropter
2665 969 2872 1036 evenit,
2924 980 2982 1025 ut
3019 985 3084 1024 ex
3117 969 3503 1024 sacerdotibus
3538 983 3680 1023 non-

2104 1059 2239 1114 nulli
2275 1060 2340 1113 ad
2380 1075 2499 1114 eam
2533 1061 2820 1131 penuriam
2853 1063 3255 1132 redigerentur,
3295 1071 3357 1116 ut
3394 1061 3579 1115 inedia
3611 1060 3670 1114 in

2102 1162 2405 1222 conspectu
2443 1156 2745 1209 multorum
2775 1167 3127 1211 morerentur
3153 1172 3167 1209 :
3199 1171 3372 1224 usque
3399 1154 3538 1208 adeo
3567 1154 3678 1208 fac-

2105 1247 2370 1301 tiosorum
2409 1247 2494 1302 vis
2523 1258 2579 1303 et
2609 1249 2812 1318 injuria
2839 1248 2950 1319 juri
2980 1258 3033 1302 et
3064 1247 3312 1319 aequitati
3352 1247 3499 1301 omni
3539 1260 3678 1314 prae-

2103 1339 2376 1393 valuerat.
2413 1359 2432 1393 i
2470 1340 2620 1394 ldem
2672 1342 2790 1410 ipse
2838 1341 3159 1405 historicus,
3206 1355 3427 1394 rursum
3463 1337 3674 1392 eisdem

2103 1433 2449 1500 temporibus
2492 1443 2749 1487 exortum
2794 1433 3118 1504 praedonum
3156 1431 3444 1509 ‘quoddam
3502 1444 3677 1500 genus

2104 1523 2294 1585 refert,
2335 1542 2352 1573 ι
2393 1525 2486 1593 qui
2515 1529 2598 1593 (ut
2627 1526 2744 1593 ipse
2776 1523 2980 1593 inquit)
3016 1523 3258 1577 interdiu
3285 1531 3450 1591 atque
3475 1521 3529 1574 in
3562 1534 3677 1573 me-

2103 1613 2191 1668 dia
2235 1617 2370 1669 urbe
2421 1615 2617 1670 obvius
2659 1615 3075 1669 interimebant.
3127 1613 3483 1667 Potissimum
3525 1609 3675 1665 enim

2103 1707 2301 1762 diebus
2333 1708 2487 1762 festis
2521 1724 2580 1762 se
2613 1707 2807 1762 mediae
2839 1707 2987 1777 plebi
3019 1706 3421 1768 immiscentcs,
3449 1710 3505 1758 et
3536 1702 3680 1756 sicas

2105 1799 2207 1854 sub
2235 1799 2482 1854 vestibus
2514 1809 2686 1854 tectas
2727 1799 3017 1862 habentes,
3053 1797 3402 1851 adversarios
3431 1793 3506 1863 (l)
3542 1808 3678 1848 con-

2108 1894 2416 1962 lodiebaut.
2466 1893 2672 1947 Deinde
2717 1891 2976 1960 collapsis
3028 1890 3354 1944 hominibus
3407 1887 3485 1941 illi
3532 1887 3681 1941 inter

2108 1985 2354 2050 reliquos
2397 1983 2466 2038 de
2499 1983 2710 2038 scelere
2760 1982 3162 2052 querebantur,
3197 1979 3294 2050 qui
3345 1977 3550 2034 caedem
3585 1990 3682 2044 pa-

2109 2085 2363 2132 traraut:
2402 2086 2570 2144 atque
2625 2077 2698 2130 ita
2752 2075 2938 2138 ﬁebat,
2995 2084 3055 2129 ut
3094 2088 3162 2128 eo
3210 2079 3482 2142 praetextu
3519 2069 3683 2123 bonae

2107 2167 2234 2224 ﬁdei
2300 2169 2492 2232 habiti,
2556 2167 2897 2238 deprehendi
2956 2183 3069 2221 non
3120 2173 3369 2237 possent.
3433 2163 3682 2218 Primum

2107 2259 2364 2328 equidem
2402 2259 2479 2312 illi
2511 2258 2802 2314 Ionatham
2839 2257 3159 2328 pontiﬁcem
3213 2254 3584 2315 trucidavere.
3624 2262 3686 2307 et

2107 2362 2233 2422 post
2263 2367 2389 2406 eum
2440 2350 2692 2420 quotidie
2723 2349 3041 2418 complures
3077 2365 3090 2402 :
3124 2357 3182 2403 et
3210 2347 3530 2402 calamitate
3565 2344 3686 2411 ipse

2109 2441 2444 2497 Calamitatis
2488 2448 2670 2494 metus
2709 2439 2929 2510 gravior
2960 2445 3102 2503 erat,
3143 2451 3270 2492 cum
3304 2450 3407 2504 pro
3436 2449 3496 2489 se
3526 2433 3686 2504 quis-

2109 2549 2238 2604 que,
2264 2532 2426 2587 sicuti
2453 2532 2506 2585 in
2540 2531 2707 2594 bello,
2735 2531 2790 2584 in
2821 2530 2989 2584 horas
3016 2540 3248 2583 mortem
3279 2533 3679 2594 exspectaret.»

2108 2627 2320 2682 Deinde
2383 2626 2475 2680 illa
2539 2638 2762 2694 quoque
2826 2623 3015 2692 paucis
3076 2621 3384 2691 interjectis
3457 2618 3687 2676 infert:

2114 2737 2134 2771 ‹
2168 2718 2370 2786 Maiore
2424 2717 2654 2785 insuper
2697 2715 3015 2770 calamitate
3063 2712 3282 2768 Judteos
3328 2710 3515 2766 aﬁ‘ecit
3560 2725 3692 2779 pro-

2108 2811 2276 2882 pheta
2303 2809 2618 2881 IEgyptius.
2647 2808 2963 2863 Adveniens
2990 2806 3139 2862 enim
3185 2805 3240 2858 iu
3277 2805 3561 2872 regionem
3595 2817 3692 2858 eo-

429 2896 601 2966 δήμου
647 2898 957 2966 τυραννεῖν,
990 2896 1278 2968 χρώμενος
1311 2899 1427 2961 τοῖς
1457 2897 1803 2968 συμπεσοῦσι
1850 2899 2010 2968 δορυ-

431 2989 636 3058 φόροις.
685 2989 882 3044 Φθάνει
933 2989 978 3043 δ’
1027 2989 1196 3043 αὐτοῦ
1235 2989 1337 3062 τὴν
1383 2989 1562 3060 ὁρμὴν
1612 2989 1782 3060 Φῆλιξ
1841 2989 2011 3045 ὑπαν-

2110 2917 2234 2956 rum
2268 2899 2660 2970 praestigiator,
2694 2905 2751 2952 et
2796 2897 2892 2966 qui
2941 2897 3224 2965 propheta:
3253 2893 3358 2948 sibi
3402 2891 3566 2946 ﬁdem
3599 2907 3692 2946 ar-

2111 3001 2354 3062 rogaret,
2413 2990 2482 3045 ad
2547 2989 2772 3060 triginta
2837 2987 3097 3055 millium,
3165 3001 3308 3056 quos
3368 2991 3692 3047 seduxerat,

431 3080 626 3145 τιάσας
661 3081 802 3152 μετὰ
848 3080 958 3136 τῶν
999 3081 1333 3152 Ῥωμαϊκῶν
1381 3081 1658 3136 ὁπλιτῶνο
1705 3084 1802 3136 καὶ
1839 3084 1949 3146 πᾶς
1981 3082 2007 3135 ὁ

2114 3084 2402 3139 hominum
2432 3083 2849 3136 multitudinem
2874 3081 3042 3150 cogit.
3068 3079 3174 3134 Eos
3206 3095 3276 3135 ex
3306 3076 3609 3134 solitudine
3634 3076 3692 3130 in

428 3173 599 3243 δῆμος
653 3172 1002 3243 συνεφήψατο
1051 3174 1151 3245 τῆς
1202 3173 1439 3245 ἀμύνης.
1500 3174 1669 3228 Ὥστε
1731 3175 2007 3246 συμϐολῆς

2115 3186 2361 3232 montem
2410 3177 2504 3246 qui
2552 3175 2842 3231 Olivarum
2894 3186 2976 3230 est
3025 3174 3233 3240 dictus,
3269 3172 3442 3228 ducit.
3493 3169 3571 3248 Ex
3623 3183 3694 3224 eo

429 3267 756 3336 γενομένης,
785 3267 884 3320 τὸν
910 3266 1013 3337 μὲν
1059 3269 1365 3337 Αἰγύπτιον
1397 3269 1593 3338 φυγεῖν
1627 3256 1744 3338 μετ’
1789 3268 2007 3338 ὀλίγων,

2115 3271 2240 3326 loco
2281 3279 2498 3340 poterat
2531 3268 2914 3340 Hierosolyma
2942 3268 2994 3322 vi
3026 3281 3226 3336 capere
3263 3287 3277 3321 :
3313 3272 3694 3334 superatoque

430 3361 796 3432 διαφθαρῆναι
827 3361 885 3415 δὲ
913 3361 1003 3416 καὶ
1037 3362 1398 3434 ζωγρηθῆναι
1434 3363 1722 3426 πλείστους
1756 3364 1882 3424 τοὺς
1914 3365 2007 3418 σὺν

2114 3363 2496 3416 Romanorum
2531 3361 2815 3432 prasidio,
2856 3359 3206 3432 tyrannidem
3239 3358 3346 3415 sibi
3377 3358 3432 3412 in
3463 3354 3690 3426 populo,

431 3454 600 3532 αὐτῷ.
637 3474 658 3509 ι
692 3455 881 3511 Ταῦτα
923 3455 1187 3527 Ἰώσηπος
1223 3459 1281 3510 έν
1305 3459 1373 3524 τῇ
1399 3456 1631 3526 δευτέρᾳ
1658 3456 1760 3526 τῆς
1797 3455 2007 3509 Ἰουδαῖ-

2114 3453 2378 3509 satellitio
2425 3468 2512 3514 eo.
2555 3453 2700 3522 quod
2737 3467 2928 3507 secum
2963 3451 3232 3522 impetum
3263 3449 3320 3503 in
3353 3447 3551 3503 urbem
3581 3447 3698 3502 fac-

429 3545 535 3618 κῆς
566 3547 822 3613 ἁλώσεως
849 3547 1072 3624 διέξεισι
1103 3547 1212 3601 τῶν
1261 3546 1546 3616 ἱστοριῶν.
1574 3548 1782 3600 Τούτου
1817 3547 1881 3617 δὴ
1916 3547 2007 3599 τοῦ

2116 3554 2301 3600 turum
2346 3552 2517 3609 esset,
2547 3544 2724 3597 fretus
2755 3542 3061 3596 vindicare.
3103 3541 3211 3596 Sed
3247 3539 3397 3593 enim
3429 3545 3712 3602 conatum,

433 3639 731 3708 Αἰγυπτίου
775 3642 872 3694 καὶ
897 3641 954 3694 αἰ
993 3640 1232 3710 Πράξεις
1277 3640 1587 3710 μέμνηνται
1625 3639 1736 3690 τῶν
1775 3639 2007 3691 ἀποστό-

2114 3636 2234 3706 ejus
2281 3634 2549 3704 praevenit
2596 3633 2780 3698 Felix;
2818 3648 2945 3687 nam
2991 3633 3039 3687 is
3089 3631 3466 3686 Romanorum
3505 3629 3696 3698 cOpias

431 3731 561 3796 λων,
581 3731 713 3786 ἔνθα
733 3735 795 3786 τὸ
825 3732 1105 3787 Ἰουδαίων
1133 3732 1336 3802 πλῆθος
1366 3730 1459 3785 τοῦ
1493 3729 1706 3783 Παύλου
1743 3747 2007 3783 κατεστα-

2114 3742 2223 3781 una
2249 3743 2375 3781 cum
2424 3725 2945 3796 Hierosolymitanas
2990 3724 3169 3794 plebis
3216 3722 3465 3786 auxiliis,
3499 3729 3696 3776 contra

435 3823 657 3888 σίαζενο
695 3825 848 3894 λέγει
879 3803 986 3896 γὰρ
1021 3827 1049 3878 6
1097 3824 1400 3896 χιλίαρχος,
1438 3824 1560 3877 Οὐκ
1595 3821 1712 3890 ἄρα
1756 3822 1838 3876 σὺ
1891 3818 1950 3876 εἷ
1985 3826 2007 3876 c‘

2114 3835 2245 3875 eum
2297 3818 2500 3872 ducit:
2536 3827 2592 3873 et
2627 3833 2810 3887 pugna
2860 3816 3184 3879 commissa,
3232 3813 3524 3885 Egyptius
3568 3826 3698 3866 cum

433 3916 779 3985 Αἰγύπτιος,
821 3919 855 3970 ὀ
889 3915 1004 3985 πρὸ
1047 3916 1278 3971 τούτων
1319 3913 1440 3968 τῶν
1483 3914 1721 3983 ἡμερῶν
1751 3913 2007 3968 ἀναστα-

2117 3913 2311 3984 paucis
2341 3910 2530 3980 fugere
2561 3910 2798 3978 cogitur,
2854 3909 3018 3978 178
3066 3920 3122 3961 et
3169 3921 3333 3976 quam
3369 3904 3597 3976 plurimi
3640 3904 3698 3958 itt

435 4010 632 4078 τὼσας
664 4009 764 4064 καί
809 4007 1118 4080 ἐξαγαγὼν
1152 4011 1222 4062 ἐν
1263 4006 1340 4078 τῇ
1392 4005 1590 4077 ἐρήμῳ
1635 4006 1774 4072 τοὺς
1821 4022 2007 4074 τετρα-

2119 4003 2370 4058 exercitu
2399 4002 2523 4072 ejus
2555 4003 2641 4056 vel
2679 4002 2990 4065 caeduntur,
3034 3999 3123 4055 vel
3169 4001 3488 4066 capiuntur.
3525 4016 3544 4049 ι
3576 3995 3703 4050 Haec

439 4104 788 4172 κισχιλίους
823 4101 1051 4169 ἀνδρας
1076 4099 1196 4154 τῶν
1223 4099 1515 4167 σικαρίων
1531 4113 1552 4162 ;

2122 4096 2400 4167 Josephus
2431 4095 2486 4149 in
2528 4095 2779 4150 secundo
2811 4093 2879 4148 de
2909 4092 3231 4163 captivitate
3254 4091 3483 4146 Jttdztica
3517 4088 3706 4143 Histo-

440 4199 646 4255 riarum
680 4198 824 4254 libro
857 4197 1046 4253 refert.
1091 4197 1268 4267 Hujus
1293 4203 1477 4250 autem
1511 4193 1749 4266 Egyptii
1781 4202 1837 4250 et
1876 4196 2012 4250 Acta
2084 4195 2463 4265 apostolorum
2515 4192 2858 4246 mentionem
2950 4188 3184 4254 faciunt,
3242 4186 3334 4241 ubi
3384 4186 3709 4241 Iudaeorum

440 4295 740 4352 multitudo
767 4293 1100 4350 seditionem
1125 4299 1320 4348 contra
1345 4292 1576 4346 Paulum
1607 4293 1831 4348 excitat.
1858 4291 2003 4347 Dicit
2039 4291 2189 4346 enim
2259 4291 2327 4344 ad
2401 4304 2527 4344 eum
2568 4289 2828 4342 tribunus
2864 4305 2875 4338 :
2921 4284 3049 4338 Non
3084 4294 3139 4337 tu
3171 4282 3452 4352 zEgyptius
3489 4282 3583 4335 ille
3629 4296 3707 4344 es,

438 4392 530 4464 qui
562 4391 745 4458 paucis
773 4381 904 4442 anle'
919 4387 1096 4442 diebus
1121 4384 1354 4440 tumultu
1379 4401 1470 4455 per
1507 4385 1817 4439 seditionem
1852 4395 2116 4439 conettato
2174 4385 2227 4438 in
2290 4383 2632 4436 solitudinem
2657 4380 2728 4434 ad
2760 4389 2992 4450 quatitur
3013 4377 3185 4431 millia
3239 4377 3513 4428 hominum
3575 4375 3711 4428 sica-

439 4491 647 4541 riorum
673 4483 858 4539 eduxit
887 4479 978 4534 "'1
1013 4498 1034 4534 ι

1014 4601 1262 4656 ΚΕΦΑΛ.
1302 4600 1427 4653 KZ'.

2436 4583 2438 4585 ’
2510 4605 2515 4611 ·
2681 4586 2905 4643 CAPUT
2948 4559 3161 4641 XXVII.

440 4722 581 4793 Περὶ
619 4721 740 4776 τῶν
765 4708 874 4793 τοῦ
900 4717 1255 4793 ἁποᾳζᾴᾼου
1277 4714 1504 4793 Πέτρου
1545 4713 1883 4793 θαυμάτων,
1919 4712 2020 4793 καὶ

507 4781 628 4848 ’ἑῶν
655 4791 919 4860 τεράτων
947 4785 1056 4860 τοῦ
1076 4786 1284 4860 Μάγου
1320 4781 1760 4860 ξίμῳνοςμσρςαἰ
1799 4783 1878 4849 ὡς
1915 4781 2023 4850 ἁμ-

420 4935 428 4941 .
513 4852 808 4934 φοτέρὸυς
833 4858 947 4927 τῆς
987 4852 1216 4926 Ῥώμης
1247 4858 1280 4909 ό
1320 4852 1523 4923 Νέρων
1543 4852 1877 4921 ἐξήλασεν.

490 4979 768 5059 μέρωνος
796 4974 854 5028 δὲ
879 4975 980 5043 τὴν
1012 4970 1192 5044 ἀρχὴν
1226 4968 1581 5032 διοικοῦντος,
1617 4969 1804 5036 Σίμων
1834 4971 1860 5021 ὁ
1893 4967 2020 5022 Μά-

439 5093 536 5146 γος
569 5079 626 5128 ὲν
667 5072 881 5143 Ῥώμη.
915 5071 1120 5141 σημεῖα
1148 5067 1237 5121 διὰ
1258 5064 1516 5135 γοητείας
1545 5063 1718 5117 τελῶν
1750 5061 1839 5134 ἦν.
1869 5062 2023 5118 Κύνα

441 5167 576 5238 γοῦν
601 5165 822 5236 πρῶτον
853 5161 960 5232 πρὸ
988 5163 1088 5231 τῆς
1135 5156 1314 5219 οἰκίας
1357 5153 1618 5224 μέγιστον
1647 5153 1870 5222 δεσμοῖς
1912 5169 2024 5207 τισι

439 5257 761 5328 κατασχὼν,
812 5255 880 5306 δι’
938 5253 1148 5305 ἐκείνου
1205 5249 1300 5313 οὓς
1353 5245 1427 5317 μὴ
1482 5247 1621 5316 πρὸς
1672 5245 1902 5315 γνώμης
1955 5240 2024 5315 ἦν

445 5351 600 5420 αὐτῴ
631 5346 916 5419 προσιέναι
949 5347 1196 5413 ἀνεῖργε.
1233 5343 1438 5411 Πέτρος
1481 5339 1538 5392 δὲ
1570 5337 1598 5389 ὁ
1627 5337 1805 5408 μέγας
1850 5336 2026 5390 ἐλθὼν

446 5443 750 5500 θεάσασθαι
800 5439 1048 5510 Σίμωνα,
1108 5436 1205 5491 καὶ
1244 5436 1338 5489 τὸν
1386 5433 1527 5487 κύνα
1570 5430 2023 5502 ἀπηγριωμένον,

448 5538 544 5592 καὶ
575 5535 741 5605 φόϐον
767 5533 980 5587 ένιέντα
1015 5527 1158 5592 ἰδὼν,
1190 5527 1353 5596 γνούς
1388 5541 1443 5577 τε
1477 5524 1553 5586 ὼς
1579 5522 1799 5584 πολλοῖς
1839 5521 2023 5575 θανεῖν

449 5632 622 5693 αἴτιος
654 5630 847 5698 γέγονε
894 5625 997 5694 πρδ
1028 5621 1122 5675 τοῦ
1156 5622 1358 5688 Πέτρον
1393 5615 1590 5679 ἐλθεῖν,
1621 5616 1853 5668 εἰσιέναι
1900 5613 2022 5666 ἐπι-

523 5775 569 5806 ³³
603 5777 725 5826 Act.
797 5787 908 5833 ut,
942 5769 1030 5822 58.

501 5934 578 6006 (l)
623 5935 948 6009 Διαφῦρους,
985 5929 1134 5998 [γίυεί
1171 5942 1309 5986 tuos,
1342 5924 1546 5977 utrius.

2123 4707 2205 4763 De
2249 4706 2391 4762 Petri
2429 4703 2656 4776 apostoli
2708 4703 3014 4760 miraculis.
3054 4711 3102 4754 et
3128 4703 3253 4776 item
3293 4699 3523 4776 Simonis
3561 4699 3712 4772 Magi

2196 4771 2526 4849 praestigiis:
2576 4783 2625 4828 et
2671 4785 2726 4827 ut
2776 4784 3060 4844 utrumque
3120 4771 3258 4824 Nero
3320 4771 3490 4825 Roma
3547 4771 3714 4842 expu-

2197 4851 2338 4902 lerit.

2198 4963 2418 5018 Nerone
2455 4973 2638 5016 autem
2675 4961 3007 5030 imperante,
3060 4957 3250 5014 Simon
3281 4958 3468 5029 Magus
3517 4959 3705 5014 Roma:

2127 5055 2396 5110 miracula
2427 5069 2526 5122 per
2566 5052 2904 5123 imposturas
2939 5060 2995 5106 et
3030 5051 3311 5122 prznstigia
3344 5049 3574 5105 edebat.
3606 5049 3710 5104 Ca-

2130 5163 2256 5204 nem
2287 5155 2475 5202 autem
2501 5145 2799 5199 maximum
2831 5161 2931 5216 pro
2966 5143 3188 5198 furibus
3217 5143 3428 5199 catenis
3461 5144 3709 5196 vinctum

2133 5241 2392 5302 habebat,
2446 5255 2545 5309 per
2589 5253 2752 5308 quem
2790 5239 2856 5291 ad
2910 5253 2969 5292 se
3018 5237 3212 5292 venire
3265 5237 3536 5300 volentes,
3573 5235 3619 5289 si
3660 5235 3713 5289 ei

2135 5333 2320 5388 minus
2344 5332 2706 5402 placuissent,
2737 5331 2982 5386 arcebat.
3009 5330 3248 5384 Advenit
3279 5345 3448 5400 porro
3483 5343 3715 5397 magnus

2135 5423 2228 5480 ille
2284 5425 2480 5478 Petrus
2533 5423 2600 5478 ad
2651 5422 2936 5478 Simonem
2979 5421 3321 5476 visendum:
3375 5419 3469 5486 qui
3516 5433 3709 5472 canem

2132 5533 2258 5574 eum
2305 5517 2597 5572 eﬂ‘eratum
2626 5525 2683 5572 et
2720 5515 3064 5571 horrendum
3113 5517 3167 5568 in
3210 5528 3270 5568 se
3313 5512 3445 5566 ferri
3492 5510 3709 5574 videns,

2133 5625 2258 5667 cum
2314 5621 2600 5667 auctorem
2650 5609 2930 5677 eumdem,
2980 5617 3106 5663 ante
3161 5605 3460 5663 adventum
3522 5617 3710 5669 suum,
