4046 6458
352 431 460 496 129

354 641 472 693 τείν
503 640 717 695 δκείνου
760 643 971 708 πάντας
1027 644 1340 710 διδάσκεις,
1400 645 1702 715 καταργετν
1755 660 1818 696 τε
1846 644 1945 714 τὴν

358 736 705 808 περιτομὴν.
740 738 836 791 καὶ
891 738 967 808 μὴ
1023 740 1137 801 τοῖς
1172 735 1453 809 πατρῴοις
1512 736 1693 791 ἔθεσιν
1740 736 1948 790 ἐθέλειν

356 831 643 900 ἐμμένειν.
697 831 807 886 Καὶ
851 832 1246 887 συνεϐούλευον
1297 830 1585 901 οἰκονομίᾳ
1635 827 1943 900 χρώμενον,

362 923 684 993 ἁγνισθῆναί
714 941 772 977 τε
805 925 949 978 κατά
983 925 1077 978 τὸν
1104 926 1272 994 νόμον
1306 922 1398 977 καὶ
1432 921 1579 993 ξυρῷ
1603 921 1943 994 χρήσασθαι,

360 1016 447 1070 ἵνα
476 1017 553 1086 μὴ
581 1015 755 1069 δοκῶν
798 1016 885 1088 εἴη
939 1016 1090 1070 λύειν
1118 1016 1215 1070 τὸν
1239 1016 1428 1085 νόμον.
1462 1016 1577 1071 Kal
1602 1017 1630 1068 ό
1663 1014 1763 1086 μὲν
1791 1014 1947 1083 ἅγνι-

359 1108 616 1179 σάμενος,
668 1109 843 1181 εἰσῄει
878 1112 937 1163 τὸ
967 1109 1113 1180 ίερόν
1135 1125 1148 1140 ·
1175 1109 1232 1164 οἵ
1251 1127 1315 1178 γε
1344 1109 1451 1180 μὴν
1475 1108 1583 1162 ἀπο
1612 1107 1713 1179 τῆς
1751 1107 1944 1171 Ἀσίας

369 1200 617 1256 Ἰουδαῖοι
654 1203 843 1256 τοῦτον
899 1201 1249 1269 θεασάμενοι,
1290 1204 1481 1273 χεῖρας
1514 1201 1720 1255 ἔτεινον
1780 1199 1944 1269 θυμῷ

357 1293 852 1365 στρατηγούμενοι.
885 1297 995 1349 Καὶ
1031 1294 1511 1366 παρακροτοῦντες
1546 1293 1833 1364 ἀλλήλους,
1867 1292 1943 1356 ὡς

356 1385 694 1457 βεϐηλοῦντα
736 1387 798 1440 τὸ
830 1387 998 1456 ἱερὸν,
1032 1387 1276 1453 ἐξεῖλκον
1331 1388 1543 1442 ἐκεῖθεν
1574 1386 1670 1440 τὸν
1703 1384 1939 1449 Παῦλον,

358 1478 454 1533 καὶ
487 1480 720 1532 κτείνειν
769 1479 992 1548 ἐδίψων.
1035 1479 1095 1533 Ὀ
1126 1480 1182 1533 δὲ
1217 1479 1317 1549 τῆς
1375 1480 1609 1551 σπείρας
1659 1477 1942 1549 χιλίαρχος

354 1572 455 1641 τὴν
480 1572 744 1643 σύγχυσιν
760 1572 976 1641 ,ἠνωτισ
984 1573 1143 1641 μένος
1160 1572 1271 1646 τῆς.
1290 1572 1525 1637 πόλεως,
1554 1571 1740 1642 δρόμῳ
1759 1569 1941 1640 πολλῷ

353 1662 768 1732 κατασπεύσας,
810 1664 920 1718 τῶν
950 1664 1051 1736 μὲν
1075 1665 1274 1736 χειρῶν
1302 1664 1576 1736 ἐξήρπαξε
1598 1663 1708 1716 τῶν
1739 1661 1943 1733 φονῶν-

352 1774 498 1813 των·
525 1757 647 1812 δυσὶ
671 1759 728 1813 δὲ
760 1759 1013 1831 βαρείαις
1046 1756 1362 1830 περιϐαλὼν
1398 1756 1677 1820 ἁλύσεσιν,
1723 1756 1805 1821 είς
1841 1756 1941 1827 τὴν

355 1852 711 1924 παρεμϐολὴν
736 1847 862 1923 ἦγε.
896 1854 1002 1907 Kal
1028 1852 1119 1907 τὸν
1162 1850 1467 1922 Αίγύπτιον
1511 1845 1652 1904 εῖναι
1687 1850 1941 1920 νομίσας,

358 1945 488 2013 περὶ
531 1942 592 1996 οῦ
655 1943 766 2014 πρὸ
814 1941 1046 2016 βραχέος
1100 1943 1429 2015 εἰρήκαμεν,
1481 1942 1748 2014 διηρώτα.
1793 1942 1853 1995 '0
1883 1941 1942 1995 δὲ

358 2036 579 2107 Ταρσέα
619 2038 718 2109 μὲν
741 2037 938 2093 ἑαυτὸν
968 2041 1069 2107 τῆς
1117 2037 1375 2102 Κιλικίας
1415 2032 1559 2091 εἶναι
1590 2037 1813 2107 ἔλεγενο
1849 2036 1943 2090 ἐπὶ

356 2125 416 2179 δὲ
445 2125 557 2178 τῶν
583 2125 925 2197 ἀναϐαθμῶν
958 2126 1182 2194 στήσας,
1219 2124 1414 2179 ἔπειτα
1448 2126 1631 2194 λέγειν
1663 2124 1938 2179 ἐκέλευέν.

371 2217 432 2272 '0
470 2218 527 2273 δὲ
576 2217 814 2284 Παῦλος,
863 2218 932 2272 τὰ
968 2219 1095 2274 κατ’
1134 2217 1299 2273 αὐτὸν
1351 2217 1522 2281 ἑστὼς
1584 2217 1825 2289 διεξῄει·
1861 2214 1939 2282 ὡς

355 2309 636 2380 γνώριμος
672 2310 773 2379 μὲν
804 2310 890 2380 είη
917 2310 1080 2383 ζῆλον
1107 2311 1200 2364 τοῦ
1236 2309 1493 2381 πατρῴου
1534 2310 1706 2382 νόμου
1735 2310 1939 2381 αὐχῶν,

358 2402 514 2472 παρά
546 2401 626 2472 τῷ
657 2402 946 2473 Γαμαλιὴλ
978 2402 1239 2475 τάκριϐὲς
1269 2405 1368 2473 τῆς
1393 2403 1695 2475 θρησκείας
1726 2403 1941 2474 μαθὼν,

355 2494 454 2547 καὶ
474 2493 551 2557 ὡς
574 2494 864 2558 ἐπιστολὰς
899 2494 1052 2564 παρὰ
1076 2496 1183 2548 τῶν
1201 2495 1596 2568 πρεσϐυτέρων
1624 2497 1832 2564 λαϐὼν,
1860 2501 1943 2563 εἰς

354 2583 648 2654 Δαμασκὸν
666 2582 891 2654 ἤλαυνε,
911 2583 1094 2655 δεσμῷ
1114 2585 1453 2657 περιϐαλεῖν,
1470 2587 1520 2640 οἳ
1539 2588 1777 2659 Χριστὸν
1808 2590 1941 2661 ἐκή-

358 2690 594 2747 ρυσσον·
646 2680 740 2732 καὶ
771 2677 846 2742 ὡς
878 2677 994 2747 φῶς
1025 2679 1189 2733 αὐτὸν
1221 2680 1449 2751 ἄπειρον
1476 2681 1536 2750 ἐξ
1568 2682 1803 2753 ούρανοῦ
1837 2701 1940 2737 πε-

358 2767 702 2839 ριήστραψεο
739 2769 834 2824 καὶ
860 2768 936 2832 ὡς
987 2768 1175 2839 φωνῆς
1217 2772 1364 2833 τινὸς
1419 2769 1579 2842 ξένης
1608 2773 1667 2825 ὲν
1723 2771 1940 2842 μεθέξει

359 2863 599 2931 ἐγένετο.
627 2864 807 2936 Πηρός
838 2880 897 2917 τε
932 2862 1190 2917 ἐντεῦθεν
1216 2865 1513 2933 γενόμενος
1540 2864 1759 2936 περιῄει
1781 2880 1795 2894 ο
1844 2867 1943 2921 καὶ

360 2952 439 3016 ὡς
467 2953 569 3009 ὑπὸ
604 2954 853 3010 Ἀνανίου
899 2954 1064 3009 πάλιν
1103 2955 1233 3027 ἔσχε
1281 2955 1344 3009 τδ
1377 2955 1496 3025 φῶς
1518 2972 1532 2986 ·
1563 2958 1657 3010 καὶ
1709 2956 1784 3020 ὡς
1811 2954 1940 3027 ἔσχε

355 3046 419 3101 τὸ
447 3045 729 3118 βάπτισμα
758 3047 837 3119 τῷ
871 3049 1052 3121 Ἰησοῦ
1103 3050 1331 3119 ὀνόματι
1359 3048 1749 3120 σφραγισθείς.
1776 3050 1842 3103 Ἀ
1874 3049 1941 3121 δὴ

356 3140 536 3195 πάντα
565 3139 801 3207 διεξιὼν,
856 3143 937 3205 είς
994 3142 1154 3212 ὄχλον
1207 3143 1431 3214 μείζονα
1459 3137 1561 3217 ᾗρε
1613 3142 1676 3197 τὸ
1709 3141 1938 3213 πλῆθος,

1313 434 1926 500 ECCLESIASTIC/E
1967 387 2559 502 Htsroumhu.
2600 438 2684 502 Il.

353 549 580 617 τόμενοι
607 563 622 580 ⁶
655 547 709 603 οῑ
747 550 842 604 καὶ
892 551 1022 622 περὶ
1065 550 1159 606 σοῦ
1190 551 1557 623 κατήχηνται,
1604 551 1681 614 ὡς
1707 551 1943 604 ἀποστα-

2052 550 2272 620 percitl,
2308 550 2377 607 de
2408 566 2477 607 eo
2507 553 2778 610 certiores
2814 553 2944 612 facti
2975 565 3186 625 essent,
3236 558 3396 630 quasi
3435 573 3631 616 omnes

3524 448 3644 541 530.

2048 641 2272 697 doceret
2321 659 2351 699 a
2400 644 2521 713 lege
2557 645 2819 715 deﬁcere,
2859 649 3343 706 circumcisionem
3384 651 3630 719 abolere,

2047 745 2103 792 et
2135 737 2345 807 patrios
2391 753 2577 794 mores
2627 740 2907 811 negligere
2936 760 2950 797 :
2989 742 3339 812 proindeque
3372 752 3632 800 auctores

2046 844 2421 899 suasoresque
2461 830 2517 884 ei
2568 841 2752 896 erant,
2786 842 2848 887 ut
2877 832 3111 888 consilio
3153 834 3219 889 ad
3256 844 3478 905 tempus
3533 850 3629 889 ac-

2045 913 2421 988 eommodato,
2454 922 2863 990 puriﬁcaretur,
2910 933 2965 980 et
3000 941 3069 980 ex
3117 926 3256 997 legis
3304 927 3631 997 praescripto

2045 1021 2209 1084 caput
2250 1012 2492 1079 raderet,
2541 1030 2611 1070 ne
2640 1016 2855 1071 scilicet
2892 1019 3070 1088 legem
3107 1019 3379 1089 abrogare
3408 1019 3631 1074 videre-

2050 1114 2161 1160 tur.
2210 1106 2389 1175 Atque
2437 1107 2531 1163 ille
2561 1108 2788 1176 quidem
2844 1110 2918 1166 ita
2969 1111 3320 1180 puriﬁcatus,
3356 1112 3626 1181 templum

2046 1199 2361 1261 ingreditur
2401 1219 2415 1257 :
2452 1201 2632 1257 Judaei
2681 1212 2868 1259 autem
2924 1203 3117 1259 Asiani
3180 1219 3248 1259 eo
3299 1215 3627 1274 conspecto,

2051 1294 2214 1365 180
2248 1294 2327 1349 ira
2358 1294 2777 1351 vehementiore
2820 1297 2993 1362 ducti,
3030 1312 3231 1353 manus
3269 1297 3319 1352 ei
3355 1296 3627 1361 inferunt,

2045 1393 2103 1444 ἐι
2145 1388 2288 1443 alius
2330 1388 2499 1443 alium
2548 1373 2870 1455 cohortati}
2902 1399 3162 1460 tanquam
3193 1406 3318 1445 eum
3351 1389 3445 1461 qui
3485 1398 3629 1444 tem-

2044 1481 2196 1549 plum
2232 1479 2571 1550 prol‘anaret,
2620 1481 2749 1536 inde
2779 1482 3105 1547 extrahunt,
3139 1492 3194 1537 et
3222 1483 3476 1539 occidere
3507 1468 3645 1538 mo-i

2044 1573 2278 1629 liuntur.
2337 1573 2610 1630 Caeterum
2665 1577 2914 1631 cohortis
2960 1576 3242 1643 tribunus,
3282 1580 3521 1635 tumultu
3559 1594 3628 1635 eo

2046 1667 2291 1723 civitatis
2321 1668 2533 1734 audito,
2566 1683 2763 1738 magna
2797 1685 2925 1726 cum
2954 1669 3247 1725 celeritate
3276 1672 3543 1737 accurrit,
3573 1679 3633 1726 et

2045 1760 2276 1818 Paulum
2313 1776 2382 1815 cx
2433 1776 2822 1832 percussorum
2866 1762 3127 1817 manibus
3168 1772 3410 1832 raptum,
3446 1764 3633 1831 gravi-

2047 1851 2154 1909 bus
2182 1852 2401 1909 duabus
2436 1853 2650 1910 catenis
2682 1854 2954 1920 vinctum,
3006 1855 3065 1909 in
3101 1862 3285 1909 castra
3315 1855 3471 1910 ducit
3502 1873 3517 1910 :
3575 1867 3634 1912 et

2048 1947 2195 2019 quod
2243 1963 2372 2003 eum
2419 1946 2739 2020 .‘Egyptium
2781 1949 2937 2003 illum
2984 1964 3128 2014 esse,
3183 1948 3253 2005 de
3300 1965 3415 2020 quo
3465 1950 3631 2019 paulo

2046 2048 2177 2097 ante
2227 2039 2494 2107 diximus,
2545 2041 2892 2111 opinaretur,
2938 2040 3182 2110 idipsum
3235 2040 3493 2110 inquirit.
3532 2040 3632 2095 Ille

2045 2141 2229 2188 autem
2263 2131 2591 2187 Tarsensem
2634 2146 2699 2187 se
2731 2147 2800 2187 ex
2839 2131 3034 2187 Cilicia
3067 2146 3192 2186 esse
3233 2130 3390 2186 dicit.
3422 2129 3632 2187 Deinde

2046 2238 2173 2280 cum
2205 2238 2334 2278 eum
2390 2222 2447 2277 in
2480 2222 2686 2294 gradus
2717 2223 3028 2287 statuisset,
3061 2238 3285 2278 causam
3321 2222 3510 2277 dicere
3535 2222 3630 2293 ju-

2045 2317 2162 2374 bet.
2188 2317 2270 2373 lbi
2290 2317 2506 2391 Paulus
2532 2326 2707 2381 stans,
2751 2316 2822 2372 de
2855 2317 3022 2372 rebus
3060 2316 3180 2372 suis
3207 2324 3631 2381 commemorat,

2046 2409 2193 2482 quod
2214 2417 2521 2479 spectatum
2546 2409 2759 2464 scilicet
2788 2408 2926 2464 satis
2948 2419 3121 2471 esset.
3146 2410 3266 2463 zelo
3299 2423 3358 2463 se
3385 2417 3443 2463 et
3463 2422 3635 2464 temu-

2044 2502 2254 2558 iatione
2288 2501 2480 2573 patria:
2512 2499 2651 2572 legis
2689 2499 3038 2569 ﬂagrantem,
3081 2498 3227 2568 apud
3268 2497 3627 2553 Gamalielem

2045 2591 2408 2649 caeremonias
2437 2590 2560 2661 ejus
2604 2603 2736 2643 aecu
2750 2596 2867 2643 rate
2899 2599 2958 2643 et
2988 2586 3286 2657 diligenter
3312 2583 3579 2641 didicisse
3611 2600 3628 2638 :

2044 2682 2398 2751 acceptisque
2447 2696 2477 2735 a
2512 2679 2833 2736 senioribus
2861 2677 3137 2748 epistolis,
3172 2677 3529 2739 Damascum,
3568 2686 3633 2730 ut

2044 2777 2122 2833 ibi
2153 2777 2212 2832 in
2244 2774 2490 2841 vincula,
2522 2773 2616 2843 qui
2646 2771 2934 2829 Christum
2984 2770 3402 2842 praediCasseut,
3453 2769 3634 2837 conji-

2044 2874 2221 2933 ceret,
2265 2863 2646 2919 lontcndisse.
2693 2862 3021 2917 Immensam
3071 2874 3205 2914 vero
3245 2867 3361 2912 tum
3407 2857 3631 2913 caelitus

2043 2957 2225 3012 lucem
2257 2954 2467 3010 circum
2496 2967 2555 3008 se
2601 2965 2946 3017 coruscasse,
2977 2961 3283 3017 vocemque
3323 2944 3640 3001 inauditam.

2045 3057 2206 3103 antea
2246 3044 2317 3102 ad
2364 3060 2424 3101 se
2463 3045 2700 3101 delatam
2748 3057 2869 3099 esse
2908 3059 2922 3096 :
2972 3050 3309 3097 excaecatum
3357 3036 3488 3092 inde
3522 3037 3649 3090 cir--

2046 3140 2253 3206 cuisse,
2279 3139 2462 3195 visum
2510 3148 2701 3209 postea
2735 3151 2932 3192 rursus
2958 3133 3028 3189 ab
3065 3133 3279 3190 Anauia
3328 3129 3647 3200 recepisse,.

354 3228 488 3305 Αἶρε
512 3234 697 3300 αὐτὸν,
723 3234 994 3304 λέγοντες.
1013 3237 1086 3290 Οὐ
1123 3237 1232 3307 γὰρ
1254 3235 1488 3306 καθήκει
1514 3233 1614 3305 ζῇν
1643 3233 1736 3289 τὸν
1762 3234 1943 3290 τοιοῦ-

2048 3232 2287 3305 denique
2334 3234 2613 3304 baptismo
2651 3230 3060 3299 consignatum,
3093 3227 3223 3283 Jesu
3263 3224 3490 3281 Christo
3527 3236 3653 3277 Ioc.

350 3343 468 3380 τον.
502 3326 610 3381 Kal
641 3329 669 3380 ὁ
695 3328 1001 3400 χιλίαρχος,
1038 3327 1294 3398 μάστιξιν
1334 3328 1501 3384 αὐτὸν
1546 3329 1770 3401 ἧπειγε.
1823 3327 1944 3384 Κᾶν

352 3420 566 3482 ἐκεῖνος
639 3418 910 3489 Ῥωμαῖον
977 3421 1174 3475 ἑαυτὸν
1228 3420 1501 3485 ἐπειπὼν,
1566 3420 1676 3475 τῶν
1719 3420 1945 3492 πληγῶν

352 3512 751 3583 ἀπηλλάττετο.
784 3513 936 3583 Ἀμα
959 3513 1003 3566 δ’
1031 3513 1106 3582 ἕῳ
1132 3514 1410 3582 τάσφαλὲς
1437 3514 1465 3567 ό
1495 3510 1780 3585 χιλίαρχος
1809 3512 1945 3582 γνῶ-

292 3672 297 3679 ,
356 3620 445 3659 ναι
482 3603 704 3670 ἐθέλων,
743 3605 872 3670 τοὺς
902 3607 1184 3678 ἀρχιερεῖς
1234 3605 1423 3661 καὶτὸ
1461 3605 1744 3677 συνέδριον
1785 3622 1946 3676 μετε-

356 3691 637 3747 στέλλετο.
671 3692 780 3747 Kal
806 3693 971 3747 πάλιν
1021 3695 1047 3746 ὁ
1080 3692 1290 3756 Παῦλος
1337 3692 1654 3765 δημηγόρος
1686 3691 1783 3761 ὣν,
1837 3691 1944 3746 ὑπὸ

368 3785 617 3840 ’Δνανίου
646 3784 708 3838 τὸ
751 3786 925 3857 στόμα
957 3787 1254 3841 ὲτύπτετω
1284 3785 1344 3840 ὃν
1374 3786 1634 3850 ὁΠαῦλος
1664 3784 1943 3858 ἀρχιερέα

355 3896 425 3947 γε
456 3879 587 3934 ὄντα
621 3879 696 3953 μὴ
726 3880 910 3946 εἰδὼς,
958 3882 1140 3951 τοῑχόν
1174 3898 1235 3934 τε
1291 3879 1682 3951 κεκονιαμένον
1734 3879 1942 3943 ἐκάλει,

358 3973 458 4027 καὶ
488 3973 642 4044 παρὰ
675 3974 768 4028 τὸν
803 3974 972 4046 νόμον
997 3975 1095 4047 τὴν
1130 3975 1318 4047 κρίσιν
1352 3973 1643 4043 ἐξάγοντα.
1680 3968 1816 4027 Εἶτα
1848 3990 1946 4044 με·

359 4069 502 4138 θόδῳ
531 4073 640 4123 τινὶ
669 4071 962 4140 φαρισαῖον
994 4069 1186 4124 ἑαυτὸν
1217 4068 1495 4138 ὠνόμαζε,
1522 4067 1619 4121 καὶ
1648 4066 1725 4131 ὠς
1753 4068 1835 4120 ὅτι
1859 4082 1947 4121 νεε-

358 4160 510 4233 κρῶν
547 4161 807 4232 κηρύττει
850 4160 1166 4225 ἀνάστασιν,
1191 4162 1273 4224 είς
1302 4159 1585 4232 κριτήριον
1611 4157 1947 4229 παρεισήγε-

357 4274 442 4312 το.
479 4255 558 4309 Δι’
579 4247 640 4309 οὗ
672 4255 767 4309 καλ⁵
796 4254 937 4327 πρὸς
958 4255 1271 4326 Φαρισαίων
1304 4256 1373 4309 τὰ
1413 4254 1584 4308 πιστὰ
1619 4251 1790 4326 σχὼν,
1831 4266 1945 4323 μη-

360 4348 457 4404 δέν
492 4364 546 4402 τι
579 4347 1001 4419 διαμαρτάνειν,
1034 4347 1139 4401 ὑπὸ
1164 4346 1261 4401 τοῦ
1302 4346 1589 4419 χιλιάρχου
1623 4347 1948 4416 ἀνήρπαστο

360 4439 683 4507 δεδοικότος,
735 4441 809 4513 μή
850 4458 903 4495 τι
958 4439 1036 4510 τῷ
1090 4440 1287 4512 πλήθει
1347 4440 1559 4509 γένοιτο
1596 4439 1804 4511 πρᾶξαι
1835 4436 1946 4490 τῶν

362 4534 656 4606 ἀπρεπῶν.
688 4532 908 4596 Νυκτὸς
955 4531 1001 4587 δ’
1031 4533 1329 4604 ἐπιστῆναι
1365 4532 1526 4600 λόγος
1554 4529 1814 4601 Χριστὸν,
1849 4526 1947 4582 καὶ
1974 4596 2020 4606 _
2051 4535 2304 4592 nominat
2351 4548 2367 4588 :

2047 3343 2173 3383 men
2229 3326 2470 3383 dediSse.
2527 3324 2653 3379 [hec
2691 3323 2880 3379 omnia
2934 3328 3060 3377 cum
3133 3319 3404 3383 referret,
3459 3316 3655 3387 magis-

2044 3418 2211 3476 etiam
2241 3417 2528 3490 magisque
2571 3412 2903 3471 tumultuari
2930 3412 3234 3467 multitudo
3257 3409 3494 3479 incipit:
3530 3408 3636 3463 tol-

2043 3510 2271 3568 lendum
2304 3526 2434 3566 eum
2478 3523 2627 3575 esse,
2659 3522 2843 3577 neque
2893 3506 3060 3561 talem
3108 3504 3392 3558 hominem
3446 3500 3635 3555 vivere

2044 3602 2274 3670 debere,
2307 3601 2621 3658 clamitans.
2651 3598 2792 3654 Tum
2840 3596 3098 3652 tribunus
3131 3594 3362 3648 Paulum
3395 3589 3631 3661 ﬂagellis

2046 3695 2302 3769 urgebat.
2336 3693 2407 3749 At
2446 3692 2563 3755 ille,
2592 3706 2719 3747 cum
2749 3691 3065 3761 Romanum
3087 3702 3155 3743 se
3179 3685 3360 3742 civem
3395 3698 3517 3740 esse
3548 3682 3636 3736 di-

2045 3797 2219 3855 ceret,
2256 3786 2434 3859 plagis
2482 3785 2775 3840 liberatur.
2831 3779 3063 3845 Deiude,
3117 3792 3242 3835 eum
3281 3777 3460 3847 prima
3508 3774 3654 3830 luce.

2047 3883 2332 3946 tribunus,
2372 3895 2490 3936 rem
2520 3893 2746 3934 omnem
2799 3876 3012 3935 certius
3042 3887 3382 3944 cognoscere
3414 3870 3654 3935 volens”

2045 3975 2341 4049 pontiﬁces
2385 3983 2444 4029 et
2502 3970 2802 4028 consilium
2857 3978 3101 4026 evocat:
3157 3977 3325 4037 atque
3376 3962 3451 4020 ibi
3498 3977 3651 4017 cumi

2046 4070 2255 4131 Paulus
2303 4082 2498 4124 rursus
2549 4067 3006 4128 coneionaretur.
3067 4062 3137 4120 ab
3189 4060 3405 4119 Anania
3455 4057 3514 4114 in
3570 4073 3659 4114 os;
3764 4092 3771 4099 -

2046 4161 2402 4219 verberatur.
2423 4158 2597 4226 Quem
2620 4156 2828 4213 Paulus
2855 4154 3177 4237 pontiﬁcem
3205 4168 3330 4210 esse
3355 4151 3644 4214 nesciens,

2048 4271 2176 4313 eum
2213 4254 2481 4322 parietem
2521 4266 2650 4307 eum
2702 4249 3029 4305 dealbatum
3059 4255 3260 4311 vocat,
3295 4255 3409 4302 tum
3449 4243 3638 4313 inerti-

2051 4349 2247 4407 timum
2300 4346 2664 4415 iuiquumque
2713 4342 2766 4398 ei
2815 4341 3092 4412 judicium
3142 4338 3382 4408 objicit:
3425 4335 3646 4392 deinde

2050 4439 2287 4516 consilio
2312 4436 2552 4508 quodam
2584 4449 2685 4506 pro
2709 4443 2959 4505 tempore
2988 4439 3174 4503 capto,
3205 4428 3550 4486 Pharisaeum
3573 4444 3653 4484 εθι

2429 4538 2486 4585 et
2541 4528 2688 4599 quod
2747 4537 3098 4583 mortuorum
3161 4521 3691 4602 resurrectioncms

268 5810 273 5813 _
373 5732 631 5803 ἥκοντας,
672 5736 792 5790 κατ’
825 5737 991 5791 αὐτοῦ
1022 5736 1194 5791 εἰπὼν
1224 5735 1353 5801 τοὺς
1384 5736 1833 5809 κατηγοροῦντας
1863 5739 1954 5791 ὲκ-

360 4596 586 4699 θαρσεῖν
622 4626 1027 4697 ἐγκελεύεσθαι.
1078 4596 1307 4697 Ἐπίσης
1341 4642 1403 4679 τε
1430 4596 1508 4687 ὧς
1537 4596 1630 4678 καλ
1652 4624 1714 4676 ὲν
1742 4622 1943 4693 Ἰερου-

2054 4626 2341 4700 praedicet,
2396 4596 2694 4694 prepterca
2748 4637 2811 4677 se
2859 4623 2915 4677 in
2963 4620 3054 4690 jus
3113 4617 3258 4673 trahi
3301 4615 3472 4718 dicit.
3517 4596 3691 4728 Hoc?

362 4721 548 4790 σαλὴμ
587 4722 690 4775 κάν
720 4722 786 4792 τῇ
818 4717 1013 4791 Ῥώμῃ
1066 4720 1366 4790 μαρτυρεῖν
1416 4715 1684 4773 ὑπετίθει.
1716 4716 1943 4786 Ὀρκοις

2054 4717 2243 4784 modo,
2296 4714 2703 4771 Pharisaeorum
2741 4710 2870 4776 sibi,
2922 4709 3062 4765 nihil
3096 4724 3224 4764 eum
3256 4704 3506 4761 criminis
3540 4704 3681 4789 ad-

358 4814 417 4869 δέ
447 4831 593 4878 τινες
623 4813 1009 4886 ἠσφαλίζοντο,
1038 4815 1225 4867 πείσαι
1259 4813 1358 4885 μὲν
1386 4812 1510 4874 τοὺς
1535 4812 1701 4882 ίερείς
1727 4808 1943 4879 ἐξάγειν

2054 4812 2273 4867 misisse
2303 4806 2676 4872 credentium,
2709 4804 2972 4860 conciliat
3001 4801 3184 4857 studia
3215 4818 3231 4856 :
3267 4810 3324 4856 et
3376 4798 3683 4886 tribunus.‘

358 4902 452 4957 τὸν
475 4902 684 4958 Παῦλον
721 4904 822 4973 τῆς
858 4903 1069 4967 πόλεως
1091 4920 1105 4934 ο
1143 4904 1344 4973 αὐτοὺς
1374 4902 1421 4956 δ’
1452 4903 1513 4955 ὲν
1543 4903 1748 4972 ἑτοίμῳ
1796 4900 1943 4972 ἔχειν

2055 4904 2288 4966 veritus,
2320 4914 2389 4954 ne
2420 4898 2553 4969 quid
2611 4897 2935 4956 multitudo.
2986 4894 3136 4966 quod
3173 4895 3361 4948 minus
3387 4890 3651 4950 deceret”

361 5000 598 5051 κτείνειν
619 4997 911 5051 αὖτόν..’0
938 4998 1075 5067 δῆτα
1103 4995 1313 5059 Παῦλος
1339 4994 1553 5067 μαθὼν,
1586 4995 1788 5068 ἤγγελε
1840 4995 1943 5066 γὰρ

2054 4995 2282 5059 faceret,
2320 5006 2446 5048 eum
2480 4990 2726 5046 abducit.
2776 4987 2956 5044 Noctu
3011 5001 3144 5041 vero
3173 4985 3432 5042 Christus
3464 4982 3659 5037 Pauli»

361 5093 391 5144 ὀ
427 5089 523 5158 τῆς
548 5088 788 5158 ἀδελφῆς
824 5088 990 5143 αὑτοῦ
1020 5090 1151 5152 παῖς
1182 5087 1283 5158 τὴν
1305 5087 1527 5158 βουλὴν,
1570 5086 1648 5157 τῷ
1679 5087 1943 5157 χιλιάρχῳ

2056 5090 2344 5151 assistens,
2407 5084 2539 5140 forti
2586 5083 2776 5139 animo
2802 5098 2923 5139 esse
2956 5081 3114 5155 jubet
3145 5098 3159 5135 :
3191 5094 3436 5148 cumque
3475 5076 3656 5131 sicuti

366 5183 624 5249 ἐμήνυεν.
696 5180 756 5233 Ὀ
815 5180 911 5246 δὲ,
972 5180 1241 5244 Κλαύδιος
1302 5178 1360 5234 δὲ
1408 5178 1615 5241 Λυσίας
1682 5174 1752 5250 ἦν
1800 5176 1943 5248 αὐτῷ

2057 5177 2476 5250 Hierosolymis.
2513 5177 2588 5230 ita
2621 5176 2810 5243 [totum
2839 5190 3064 5244 quoque
3093 5172 3162 5227 de
3207 5188 3267 5226 se
3310 5169 3643 5225 testiﬁcatu-

364 5269 560 5337 ὄνομα,
605 5269 781 5342 δυσὶν
802 5270 1228 5341 ἑκατοντάρχοις
1274 5269 1371 5325 καὶ
1425 5269 1727 5331 διακοσίοις
1775 5267 1943 5332 δεξιο-

2057 5287 2181 5328 rum
2209 5285 2333 5328 esse
2366 5269 2521 5325 dicit.
2553 5267 2728 5324 Erant
2751 5276 2933 5321 autem
2957 5266 3183 5336 quidam
3211 5264 3305 5335 qui
3324 5265 3655 5334 jurumeuto:

367 5361 590 5444 λάϐρις,
625 5363 724 5417 σὺν
767 5362 1028 5416 ἱππεῦσιν
1078 5363 1456 5435 ἐϐδομήκοντα
1492 5361 1781 5433 παρεδίδου
1842 5362 1942 5417 τὸν

2057 5364 2543 5427 conﬁrmaverant,
2572 5373 2944 5431 persuasuros
2967 5374 3027 5413 se
3057 5357 3286 5429 quidem
3319 5352 3643 5411 sacerdoti-

369 5454 511 5509 θεῖον
540 5456 898 5512 ’Λπόστολονο
931 5457 1121 5529 κτήνει
1151 5456 1483 5521 ἐπιϐιϐάσας
1510 5459 1590 5521 είς
1607 5456 1943 5526 Καισάρειαν

2060 5459 2187 5524 bus,
2219 5465 2280 5513 ut
2304 5454 2535 5512 Paulum
2560 5468 2593 5509 e
2623 5452 2850 5508 civitate
2882 5451 3283 5522 producerent,
3321 5448 3474 5518 ipsos
3506 5458 3660 5500 vero.

372 5549 587 5616 νυκτὸς,
616 5549 695 5622 τῷ
721 5549 948 5621 ἡγεμόνι
980 5549 1174 5618 Φήλικι
1226 5548 1446 5621 σύναμα
1474 5548 1732 5622 ἐπιστολῇ
1759 5549 1943 5605 τοῦτον

2058 5551 2126 5606 ad
2159 5564 2289 5606 eum
2320 5545 2634 5604 necandum
2657 5551 2883 5615 paratos
2913 5542 3054 5598 fore.
3079 5540 3240 5608 Quod
3281 5555 3408 5596 eum
3436 5538 3659 5594 Paulus

374 5641 729 5710 παρέπεμπε.
761 5642 871 5695 Kal
896 5641 954 5705 ὃς
975 5640 1269 5712 δεξάμενος
1302 5643 1431 5704 τοὺς
1457 5642 1516 5708 ἐξ
1557 5642 1943 5713 Ἰεροσολύμων

2059 5641 2417 5712 cognovisset
2450 5637 2601 5709 (nam
2629 5634 2683 5689 id
2716 5635 2786 5689 ad
2812 5648 2940 5689 eum
2973 5633 3186 5687 sororis
3217 5633 3339 5699 ejus
3372 5630 3519 5683 ﬁlius
3549 5627 3663 5682 tle-

2062 5734 2313 5803 tulerat).
2348 5731 2573 5787 tribuno
2607 5729 2764 5800 181
2800 5725 3094 5798 signiﬁcat.
3131 5723 3225 5778 llle
3253 5737 3442 5792 porro,
3477 5720 3647 5775 Clau-

2059 5829 2186 5883 dius
2224 5824 2437 5881 scilicet
2477 5822 2673 5894 Lysias
2716 5820 2818 5892 (ita
2849 5818 2997 5874 enim
3043 5815 3370 5878 vocabatur)
3422 5812 3663 5867 dumb-3.

2059 5915 2505 5983 ceuturiouibus,
2528 5913 2894 5982 ducentisque
2926 5909 3182 5973 hastatis,
3205 5915 3263 5959 ct
3286 5903 3674 5974 septuagintav.

371 5825 643 5895 δέχεσθαι.
680 5828 757 5898 τῷ
788 5830 1108 5902 πραιτωρίῳ
1170 5828 1419 5903 Ἡρώδου
1452 5829 1816 5900 φυλάττεσθαι
1845 5846 1952 5884 πα-

377 5935 601 5985 ﬂuxum

2584 6108 2601 6137 Ι
