4046 6414
355 383 459 447 831

1562 370 2003 441 ’ΝΙΟΕΡΗΟΒΙ
2044 378 2395 440 CALLISTI

3516 368 3620 430 8‘2

357 494 668 566 equitibus,
691 492 940 548 divinum
975 489 1276 547 committit
1308 489 1659 560 Apostolum,
1717 496 1781 541 ut
1846 500 2014 542 noctu
2056 488 2325 557 iumentis
2370 489 2687 551 vehentem,
2741 484 3048 541 Caesaream
3089 496 3215 538 cum
3274 481 3506 551 epistula
3554 483 3620 534 a=l

358 590 604 646 Felicem
635 588 926 642 ducerent.
959 584 1024 639 Et
1061 585 1175 652 ille,
1239 599 1369 640 cum
1435 598 1534 638 eos
1599 582 1696 652 qui
1731 581 2136 654 Hierosolymis
2192 580 2500 645 venissent,
2543 581 2876 651 excepisset,
2921 586 3479 649 exspectaturumque
3529 589 3617 656 se,

360 685 457 755 qui
491 698 618 738 eum
646 688 993 745 accusarent,
1025 678 1282 745 dixisset,
1311 678 1369 733 in
1396 674 1633 733 Herodis
1669 675 1932 748 praetorio
1956 674 2235 747 asservari
2272 675 2431 731 illum
2457 675 2634 747 jubet.

910 799 1143 857 CAPUT
1182 799 1383 854 XXIX.

367 897 433 953 Ut
485 896 685 953 Paulus
714 910 834 949 cum
879 893 953 946 eis
998 892 1089 962 qui
1114 890 1523 963 ΔΗὶεινοεοίειιιιίε
1566 900 1843 963 ueneram,
1885 907 1942 946 se

432 967 717 1037 defendens
751 961 1061 1037 (ίὲεριιέαιςίζ.
1096 961 1174 1016 De
1203 961 1457 1037 Felice'et
1491 961 1733 1037 Drusilla
1760 963 1942 1037 :__i_tem

431 1030 713 1100 de'Festo,
750 1030 843 1104 qui
884 1034 1044 1104 Felici
1094 1033 1365 1104 successit,
1414 1034 1561 1104 apud
1595 1047 1751 1101 quem
1782 1030 1943 1085 libere

431 1124 596 1161 causa
617 1102 780 1166 dicta,
820 1102 1110 1176 appellavit
1139 1102 1426 1158 Caesarem.

432 1219 696 1287 Quinque
728 1216 850 1272 dies
877 1216 1265 1280 intercessere,
1297 1228 1426 1269 cum
1460 1213 1712 1270 seniores
1745 1210 1945 1268 Hiero-

362 1312 590 1383 solymis
636 1326 705 1366 eo
752 1311 1006 1376 veniunt,
1049 1308 1293 1365 Ananias
1340 1306 1612 1378 pontifex,
1650 1314 1708 1363 et
1757 1315 1947 1362 orator

366 1406 590 1476 quidam
643 1403 929 1459 Tertullus
984 1402 1259 1457 nomine:
1299 1400 1397 1472 qui
1447 1406 1575 1456 eum
1620 1400 1726 1455 alia
1772 1401 1947 1455 multa

370 1498 561 1562 Paulo,
582 1510 886 1560 accusans,
919 1494 1081 1565 nugis
1123 1492 1240 1548 suis
1285 1504 1344 1548 et
1380 1491 1709 1563 eloquentiae
1746 1506 1948 1547 conve-

368 1588 579 1643 nientia
612 1586 807 1656 objicit
838 1603 854 1642 :
889 1594 1007 1640 tum
1055 1594 1117 1641 ut
1161 1584 1482 1656 pestiferum
1527 1592 1584 1639 et
1621 1583 1947 1639 seditiosum

368 1680 650 1735 hominem
705 1679 973 1735 conviciis
1016 1677 1343 1749 proscindit,
1381 1677 1767 1748 profanantem
1818 1692 1949 1733 san-

371 1782 542 1834 ctum.
572 1780 629 1828 et
662 1772 928 1839 templum
960 1772 1163 1841 ipsum.
1190 1770 1426 1841 Insuper
1457 1769 1645 1828 etiam.
1678 1769 1862 1840 magni
1894 1777 1951 1824 et

370 1863 553 1933 gravis
602 1862 852 1917 criminis
903 1862 1027 1918 loco
1076 1861 1291 1934 adjicit,
1329 1859 1748 1930 antesignanum
1801 1859 1951 1915 hunc

370 1971 493 2011 esse
538 1956 950 2011 Nazarenorum
999 1964 1183 2012 sectae.
1221 1953 1425 2010 Paulus
1458 1968 1590 2008 vero
1636 1951 1798 2009 facile
1846 1952 1953 2008 cri-

372 2046 615 2103 minibus
647 2047 771 2103 aliis
808 2045 1058 2102 oratione
1102 2047 1259 2101 suavi
1299 2044 1621 2113 confutatis,
1659 2045 1845 2100 colere
1889 2058 1949 2099 se

1971 797 2027 859 Α

2608 798 2861 853 ΚΕΦΑΔ.
2904 797 3034 852 KO'.

2056 887 2498 962 'Ogdtstdéxon
2537 892 2571 945 ὁ
2612 889 2860 962 nail/lor;
2901 891 3028 957 τοῖς
3070 890 3142 957 ἐξ
3196 891 3624 962 Ἱεροσολύμων

2117 959 2342 1026 ἥκουσι
2381 960 2481 1014 καί
2508 961 2644 1028 περὶ
2673 959 2937 1030 Φήλικος
2964 962 3066 1015 καὶ
3104 962 3482 1030 Δρουσιέιιης
3499 959 3620 1016 ’και

2116 1030 2383 1097 Φήστου,
2399 1030 2468 1097 ὃς
2485 1026 2763 1101 διάδοχος
2780 1026 2860 1092 ἦν
2877 1026 3160 1098 Φήλικοςῖ
3180 1032 3272 1100 ἐφ’
3293 1027 3367 1087 οὗ
3390 1026 3624 1099 Παῦλος

2116 1100 2716 1170 παρῤησιασάμενοςι,
2759 1101 3115 1156 ἐπεκαλεῖτο
3148 1101 3256 1155 τὸν
3287 1103 3588 1170 Καίσαρα.

2116 1215 2286 1270 Πέντε
2310 1215 2519 1286 ἡμέραι
2549 1215 2608 1268 τὸ
2642 1215 2702 1280 ἐξ
2728 1216 2937 1269 ἐκείνου
2977 1214 3149 1289 ἦσαν·
3200 1217 3296 1269 κοιλ⁵
3326 1217 3625 1287 πρεσϐύτε-

2049 1322 2132 1374 ροι
2170 1305 2379 1359 ἐκεῖθεν
2412 1298 2569 1376 ἧκον,
2616 1304 2872 1369 Ἀνανίας
2901 1323 2960 1359 τε
3000 1309 3028 1359 ὁ
3052 1296 3368 1378 ἀρκίερεὺς,
3405 1307 3499 1360 καὶ
3533 1308 3627 1377 pi]-

2047 1414 2161 1467 τωρ
2188 1415 2273 1461 τις
2295 1398 2564 1467 Τέρτυλος
2590 1398 2765 1467 ὄνομα
2786 1416 2799 1429 ·
2842 1397 2899 1462 ὃς
2934 1398 3030 1451 καὶ
3055 1396 3191 1452 ἄλλα
3220 1399 3320 1466 μὲν
3351 1397 3444 1451 τοῦ
3480 1399 3623 1450 Παύ-

2048 1488 2143 1542 λου
2179 1491 2501 1561 κατηγορῶν
2534 1487 2635 1561 ἦν,
2666 1491 2795 1557 ἀξια
2828 1493 2926 1559 τῆς
2966 1480 3179 1545 ἐῖιείνου
3208 1492 3479 1562 φλυαρίας
3532 1493 3626 1544 καὶ

2050 1583 2411 1651 πιθανότητος
2432 1600 2446 1614 ·
2481 1582 2616 1646 τέως
2655 1600 2719 1649 γε
2769 1583 2878 1654 μὴν
2911 1584 2986 1646 ὡς
3009 1582 3201 1653 λοιμὸν
3229 1582 3324 1636 καὶ
3356 1583 3627 1653 στασιώδη

2049 1673 2372 1744 ἐλοιδορεῖτο
2401 1715 2414 1738 ,
2460 1674 2795 1745 βεϐηλοῦντά
2840 1692 2900 1728 τε
2932 1675 2995 1728 τὸ
3030 1674 3189 1744 ἅγιον
3239 1678 3335 1729 καὶ
3363 1676 3423 1728 τὸ
3446 1676 3588 1746 ίερόν
3609 1694 3624 1706 ο

2050 1766 2147 1820 κοιλ⁵
2170 1767 2246 1828 ὡς
2285 1768 2431 1836 μέγα
2467 1785 2519 1821 τι
2564 1766 2736 1821 δεινὸν
2769 1768 3183 1839 προσωνείδιζε,
3235 1770 3628 1839 πρωτοστάτην

2050 1860 2225 1927 λέγων
2254 1854 2396 1912 εἶναι
2436 1858 2626 1913 τοῦτον
2659 1860 2757 1930 τῆς
2787 1858 3133 1930 Ναζωραίων
3157 1860 3444 1930 αἱρέσεως.
3477 1861 3627 1915 Παῦ-

2050 1952 2140 2016 λος
2172 1953 2230 2006 δέ
2260 1953 2326 2007 τά
2357 1952 2455 2023 μὲν
2493 1952 2628 2008 ἄλλα
2669 1953 2868 2024 ῥᾳδίως
2901 1953 3230 2016 ἀπεωθεῖτο,
3260 1953 3461 2025 ἡδίστῳ
3489 1953 3631 2023 λόγῳ

2051 2044 2513 2115 διακρουόμενος·
2566 2043 2856 2116 λατρεύειν
2913 2045 2970 2099 δὲ
3010 2044 3130 2115 Θεῷ
3185 2046 3311 2099 καθ’
3338 2046 3404 2118 ἣν
3431 2046 3631 2100 ἐκεῖνοι

371 2139 570 2203 Deum,
595 2140 753 2207 juxta
781 2153 902 2195 eam
935 2154 1101 2209 quam
1138 2138 1219 2194 illi
1258 2138 1527 2194 dixissent
1564 2145 1769 2193 sectam
1803 2154 1818 2191 :
1851 2151 1947 2191 ne-

2057 2135 2259 2206 ἔφασαν
2283 2138 2499 2208 αἵρεσιν
2528 2139 2819 2209 ὡμολόγει,
2870 2139 2993 2210 μηδ’
3010 2141 3120 2195 ἀπο
3143 2140 3250 2193 τῶν
3278 2141 3335 2193 ἐν
3362 2141 3512 2210 νόμῳ
3538 2141 3632 2193 καὶ

370 2245 479 2300 que
517 2246 578 2287 se
612 2230 680 2286 iis
718 2245 842 2302 quae
885 2231 943 2286 in
987 2230 1108 2301 lege
1152 2239 1250 2286 aut
1287 2230 1575 2302 prophetis
1620 2229 1754 2293 sint,
1788 2227 1951 2282 dictis

328 2308 333 2314 ’
370 2323 679 2394 refragari;
718 2339 902 2393 neque
954 2323 1117 2379 aliter
1164 2339 1330 2394 quam
1370 2329 1722 2378 accusatores
1762 2320 1953 2375 convi-

371 2414 725 2485 ciatoresque
764 2429 897 2471 suos
926 2415 1157 2471 credere
1188 2414 1545 2470 constituisse
1577 2431 1591 2467 :
1626 2411 1954 2467 annuntiare

370 2507 540 2562 etiam
568 2514 915 2562 mortuorum
950 2508 1046 2578 qui
1078 2508 1169 2563 vel
1206 2506 1317 2578 pie,
1350 2506 1438 2561 vel
1472 2504 1638 2575 impie
1665 2503 1952 2571 vixissent,

373 2599 837 2655 resurrectionem
857 2640 873 2667 ,
897 2615 1005 2670 qua
1030 2600 1096 2655 de
1122 2615 1183 2654 re
1230 2598 1579 2669 potissimum
1612 2596 1667 2669 in
1696 2596 1953 2667 praesenti

374 2705 541 2745 causa
561 2689 833 2761 judicium
855 2690 948 2756 sit,
971 2691 1286 2762 proﬁtetur.
1314 2688 1531 2756 Quibus
1548 2688 1774 2753 auditis,
1801 2687 1955 2743 Felix

371 2780 640 2851 judicium
682 2781 752 2835 ad
783 2780 959 2853 Lysiae
991 2781 1204 2837 tribuni
1247 2781 1539 2837 adventum
1573 2779 1957 2851 comperendi-

374 2879 494 2926 nat.
516 2870 619 2937 Qui
649 2872 907 2929 tribunus
927 2872 1337 2943 quamprimum
1358 2873 1626 2938 venisset,
1650 2886 1870 2928 causam
1895 2886 1955 2927 se

374 2962 579 3017 iterum
620 2963 940 3019 auditurum
972 2963 1129 3019 dicit.
1165 2964 1396 3020 Paulum
1439 2975 1625 3020 autem
1672 2963 1726 3017 in
1772 2970 1957 3019 custo-

373 3052 522 3109 diam
553 3054 745 3120 mittit,
772 3070 954 3125 neque
982 3070 1316 3126 quemquant
1343 3055 1411 3111 ad
1440 3070 1567 3111 eum
1599 3054 1775 3120 adire,
1805 3069 1957 3126 qua:-

374 3159 485 3215 que
499 3145 550 3200 ei
570 3146 696 3201 usui
713 3155 985 3211 essent,su
996 3147 1352 3203 bministrare
1367 3147 1953 3217 volentem,probibet.

362 3234 646 3291 Caeterum
678 3237 847 3306 paulo
876 3244 1002 3308 post
1029 3237 1184 3293 Felix
1216 3253 1326 3293 una
1355 3253 1485 3293 cum
1511 3237 1753 3293 Drusilla
1783 3251 1958 3293 uxore

377 3328 705 3384 accersitum
733 3327 986 3396 Paulum,
1013 3329 1080 3385 de
1101 3328 1390 3386 salutifero
1423 3329 1596 3386 verbo
1621 3329 1957 3386 concionan-

378 3429 489 3475 tem
522 3418 696 3474 audit.
729 3419 919 3491 Itaque
949 3429 1102 3477 metu
1123 3437 1191 3477 ex
1221 3422 1491 3478 concione
1514 3422 1636 3494 ejus
1660 3429 1953 3492 concepto,

378 3510 534 3567 Felix
562 3512 826 3581 paulatim
856 3527 985 3569 eum
1013 3513 1352 3570 absolvebat.
1386 3512 1794 3571 Professionem
1820 3527 1957 3569 vero

380 3601 508 3656 ﬁdei
536 3604 815 3673 suscipere
844 3604 1065 3672 nolens,
1100 3605 1363 3676 pecunias
1393 3619 1453 3661 se
1487 3604 1557 3660 ab
1593 3618 1660 3660 eo
1700 3613 1961 3674 acceptu-

380 3711 502 3749 rum
532 3696 791 3767 sperabat
819 3713 835 3753 :
863 3713 1098 3768 eamque
1128 3697 1199 3753 ob
1228 3712 1450 3753 causam
1483 3696 1805 3768 frequenter
1831 3712 1958 3754 cum

377 3802 447 3843 eo
481 3788 661 3845 accito
715 3790 1048 3849 familiarius
1091 3790 1471 3861 libentiusque
1505 3803 1793 3845 sermones
1829 3802 1961 3843 con-

377 3880 617 3938 ferebat.
650 3882 948 3939 Enimvero
983 3883 1211 3939 biennio
1247 3893 1461 3951 exacto,
1496 3883 1960 3940 Portius‘Festus

378 3989 410 4028 a
440 3973 657 4029 Nerone
687 3989 975 4030 successor
999 3975 1169 4030 Felici
1197 3974 1441 4030 mittitur
1467 3991 1482 4029 :
1507 3975 1604 4046 qui
1631 3990 1758 4031 cum
1785 3973 1962 4030 Caesa-

378 4079 473 4120 rea
509 4064 888 4136 Hierosolyma
924 4066 1273 4131 ascenderet,
1307 4067 1550 4122 Ananias
1592 4065 1864 4138 pontifex,
1900 4064 1962 4121 ul

378 4157 615 4213 Paulum
645 4172 713 4213 eo
741 4166 965 4214 vocaret
994 4167 1152 4230 rogat
1180 4175 1194 4213 :
1232 4160 1392 4231 182
1425 4175 1492 4216 eo
1523 4160 1788 4215 nimirum
1824 4175 1960 4216 con-

379 4251 527 4317 silio,
554 4260 616 4306 ut
647 4251 701 4306 in
733 4252 935 4309 itinere
966 4257 1109 4308 clam
1140 4252 1289 4310 ferro
1324 4253 1416 4313 ille
1447 4268 1477 4307 a
1502 4254 1807 4325 conjuratis
1839 4259 1958 4307 tru-

380 4345 677 4399 cidaretur.
702 4345 897 4400 Festus
918 4345 1241 4415 petitionem
1268 4360 1390 4402 eam
1418 4345 1698 4417 rejiciens,
1721 4361 1819 4402 eos
1839 4346 1961 4403 Ca:-

380 4452 618 4504 saream,
643 4439 738 4494 ubi
765 4439 1145 4495 controversia
1171 4440 1540 4507 decideretur,
1571 4439 1759 4495 venire
1777 4439 1958 4510 jubet.

381 4527 461 4581 Eo
490 4543 616 4583 cum
647 4528 844 4585 Festus
873 4539 930 4585 et
960 4529 1271 4600 presbyteri
1292 4531 1601 4597 venissent,
1629 4528 1831 4584 Paulus
1859 4544 1961 4599 pro

382 4620 648 4675 tribunali
677 4621 912 4677 crimina
941 4621 1047 4677 sibi
1076 4623 1145 4676 ab
1173 4622 1256 4677 eis
1279 4622 1517 4693 objecta,
1547 4630 1807 4691 tanquam
1835 4637 1961 4675 ara-

382 4728 610 4766 nearum
648 4712 813 4767 telam
849 4712 1034 4776 solvit,
1070 4712 1210 4766 nihil
1242 4727 1301 4767 se
1337 4713 1421 4767 vel
1459 4712 1513 4765 in
1549 4712 1751 4782 legem,
1786 4711 1868 4766 vel
1903 4710 1957 4764 in

2054 2229 2361 2300 προφήταις
2389 2230 2695 2299 εἰρημένων
2744 2230 2833 2284 ὅνο
2863 2232 3060 2301 ἐπίσης
3086 2248 3147 2283 τε
3183 2232 3297 2294 τοῖς
3335 2229 3634 2301 λοιδοροῦσι

2053 2319 2337 2374 πιστεύειν
2393 2320 2704 2391 αἱρεῖσθαι·
2762 2321 3092 2392 πρεσϐεύειν
3131 2337 3193 2374 τε
3244 2320 3341 2375 καὶ
3391 2321 3493 2391 τὴν
3526 2320 3633 2373 τῶν

2055 2410 2268 2481 νεκρῶν
2309 2409 2697 2476 ἐξανάστασιν,
2730 2411 2839 2464 τῶν
2865 2428 2926 2464 τε
2959 2411 3122 2474 ὁσίως
3160 2410 3505 2480 βεϐιωκότων
3543 2411 3636 2464 καὶ

2057 2500 2134 2571 μή
2156 2515 2171 2531 ο
2224 2499 2363 2571 ὑπὲρ
2386 2493 2448 2553 οὗ
2477 2501 2568 2553 καὶ
2620 2500 2719 2572 τὴν
2748 2499 2905 2571 δίκην
2937 2500 3177 2570 μάλιστα
3206 2499 3382 2571 τούτῳ
3434 2499 3635 2567 ταύτην

2055 2591 2330 2660 γενέσθαι.
2363 2585 2466 2646 Ὃν
2495 2593 2809 2662 εἰρημένων
2842 2591 3010 2663 Φῆλιξ
3033 2592 3297 2655 ἀκούσας,
3329 2592 3635 2663 ὑπερετίθει

2054 2683 2155 2754 τὴν
2182 2684 2384 2752 κρίσιν.
2406 2683 2616 2738 Λυσίαν
2640 2685 2732 2737 τὸν
2753 2684 3034 2756 χιλίαρχον
3092 2683 3408 2755 ἐκδέχεσθαι
3432 2683 3600 2737 εἰπών
3617 2699 3633 2715 ⁸

2055 2766 2117 2828 οὗ
2154 2775 2383 2845 ἥκοντος
2416 2777 2541 2829 ὅσον
2571 2777 2697 2847 ἤδη,
2730 2778 2799 2829 τά
2836 2777 2947 2831 τῶν
2973 2779 3150 2845 λόγων
3173 2777 3334 2843 αὖθις
3360 2776 3633 2847 γενέσθαι.

2056 2866 2168 2920 Καὶ
2196 2869 2413 2938 φρουρᾷ
2441 2868 2541 2937 μὲν
2584 2869 2676 2922 τὸν
2709 2868 2916 2923 Παῦλον
2954 2869 3126 2923 ἐδίδου
3150 2886 3163 2900 ’
3197 2870 3398 2942 ἥκιστα
3424 2870 3472 2924 δ’
3501 2868 3635 2923 ἐκώ-

2055 2956 2149 3010 λυε
2177 2958 2269 3011 τὸν
2304 2958 2631 3028 βουλόμενον
2659 2962 2948 3029 προσιέναι
2975 2978 3034 3015 τε
3058 2964 3152 3015 καὶ
3184 2961 3246 3014 τὸ
3280 2961 3418 3033 πρὸς
3446 2960 3636 3032 χρείαν

2056 3048 2253 3120 ἐκείνῳ
2316 3050 2633 3129 ὑπηρετεῖν.
2699 3053 2835 3106 Μετ’
2884 3053 3066 3120 ὀλίγον
3121 3053 3180 3107 δὲ
3212 3052 3378 3122 Φῆλιξ
3423 3054 3665 3123 σύναμα’

2057 3136 2367 3212 Δρουσίλλῃ
2393 3129 2459 3209 τῇ
2492 3140 2735 3207 γυναικὶ,
2764 3138 2858 3195 τὸν
2885 3140 3098 3195 Παῦλον
3129 3140 3635 3211 μεταστειλάμενοι,

2001 3290 2016 3303 ,
2057 3229 2257 3303 ⁴Ιὶκουον
2291 3231 2385 3285 τὸν
2408 3231 2683 3301 σωτήριον
2707 3231 2871 3302 λόγον
2907 3232 3197 3297 διεξιόντα.
3236 3232 3403 3297 Δέους
3429 3234 3485 3287 δὲ
3510 3232 3640 3305 πληο

2064 3323 2237 3390 σθεὶς,
2265 3325 2451 3396 ἠρέμα
2490 3323 2682 3379 τοῦτον
2727 3325 2958 3389 ἀπέλυε,
2990 3327 3086 3379 καὶ
3119 3325 3220 3397 τὴν
3248 3327 3435 3380 πίστιν
3458 3325 3640 3380 λαϐεῖν

2060 3416 2163 3470 οὐκ
2191 3416 2413 3485 ἐθέλων,
2446 3414 2707 3489 χρή⁹ματα
2735 3418 3039 3490 προσεδόκα
3062 3418 3372 3490 λήψεσθαι’
3404 3418 3474 3473 δι’
3494 3417 3524 3472 δ
3549 3419 3641 3471 καὶ
3744 3454 3745 3457 η

2062 3509 2300 3580 συνεχῶς
2330 3511 2849 3581 μεταπεμπόμενος,
2900 3510 3079 3582 ηδέως
3137 3515 3275 3581 πρὸς
3306 3513 3502 3581 λόγους
3540 3511 3643 3581 ἦρι

2060 3618 2208 3674 χετο.
2242 3601 2457 3666 Διετίας
2486 3602 2543 3658 δὲ
2577 3602 2987 3675 πληρωθείσης,
3033 3603 3271 3674 Πόρκιος
3305 3604 3513 3674 Φῆστος
3542 3604 3641 3656 ὑπὸ

2060 3694 2319 3766 Νέρωνος
2359 3695 2607 3767 διάδοχος
2653 3697 2912 3769 ἐπέμφθη
2957 3697 3216 3767 Φήλικος.
3254 3694 3327 3770 τῼ
3366 3699 3473 3753 ἀπὸ
3505 3701 3643 3753 Και-

2064 3786 2289 3858 σαρείας
2344 3788 2426 3853 είς
2488 3788 2844 3862 Ἰεροσόλυμα
2896 3790 3184 3855 ἀναϐάντι,
3226 3793 3278 3845 οί
3328 3792 3458 3862 περὶ
3485 3791 3642 3847 Ἀνα-

2062 3880 2184 3934 νίαν
2216 3881 2311 3934 τὸν
2343 3880 2611 3955 ίεράρχῃν
2634 3882 2842 3954 ἠξίουν,
2871 3885 2952 3946 είς
2992 3883 3344 3954 Ἱεροσόλυμα
3378 3884 3469 3939 τὸν
3501 3884 3646 3940 Παῦ-

2061 3974 2153 4029 λον
2183 3975 2373 4031 καλεῖν
2393 3989 2410 4007 ⁶
2443 3977 2521 4042 ὡς
2550 3976 2617 4032 ἄν
2647 3995 2712 4046 γε
2751 3978 2894 4034 κατὰ
2918 3979 3018 4048 τὴν
3039 3979 3178 4043 ὁδὸν,
3210 3979 3398 4050 κρύφα
3444 3980 3643 4050 διαχεμ

2063 4068 2277 4139 ρισθείη
2311 4068 2390 4140 τῷ
2418 4069 2566 4139 ξίφει
2598 4069 2737 4140 πρὸς
2768 4070 2879 4125 τῶν
2911 4071 3267 4143 συνωμοτῶν.
3305 4072 3411 4126 Τὸν
3439 4072 3645 4143 Φῆστον

2061 4158 2121 4214 δὲ
2159 4160 2504 4219 ἀπείπασθαι
2549 4161 2649 4234 τὴν
2684 4162 2945 4230 ἀξίωσινο
2976 4165 3221 4228 ἐκείνους
3250 4164 3306 4219 δὲ
3338 4167 3406 4236 τῇ
3438 4166 3646 4218 Καισα-

2065 4254 2187 4324 ρείᾳ
2244 4254 2594 4323 προσϐαλεῖν,
2650 4255 2745 4310 καὶ
2816 4255 2879 4309 τὸ
2935 4256 3245 4327 ἀμφίϐολον
3299 4254 3639 4309 διαλύεσθαι.

2077 4345 2232 4398 Ἐπεὶ
2265 4344 2322 4398 δὲ
2356 4346 2565 4416 Φῆστος
2591 4347 2767 4400 καὶτὸ
2808 4348 3204 4419 πρεσϐυτέριον
3235 4343 3393 4420 ἦκον,
3423 4349 3518 4402 ἐπὶ
3547 4349 3642 4419 βή-

2065 4454 2235 4506 ματος
2265 4437 2475 4500 Παῦλος
2497 4438 2567 4492 τὰ
2611 4440 2742 4509 παρ’
2775 4440 3002 4495 ἐκείνων
3032 4441 3368 4511 είσαγόμενα
3398 4439 3473 4503 ὡς
3497 4439 3640 4493 ἱστὸν

2062 4529 2308 4601 ἀράχνης
2350 4529 2551 4598 διέλυε,
2598 4532 2766 4601 μηδέν
2803 4549 2857 4584 τι
2885 4532 3356 4603 ἐξημαρτηκέναι,
3384 4530 3508 4585 οὔτε
3560 4532 3640 4594 είς
3736 4516 3743 4519 ’

2061 4627 2155 4678 τὸν
2179 4625 2364 4695 νόμον,
2395 4622 2521 4678 οὔτε
2558 4624 2664 4696 μὴν
2696 4627 2777 4687 είς
2805 4624 2866 4678 τδ
2898 4625 3044 4696 ἱερὸν
3066 4624 3392 4689 ἀποδεικνὺς
3423 4625 3640 4695 ἄριστα.

2065 4721 2175 4774 Καὶ
2205 4721 2411 4790 Φῆστος
2470 4719 2570 4789 μὲν
2598 4720 2877 4783 Ἰουδαίοις
2919 4717 3299 4789 χαριζόμενος,
3357 4721 3439 4782 είς
3485 4717 3644 4788 Ἱερο-

384 4803 648 4867 templum
691 4803 981 4858 admisisse
1020 4804 1395 4873 pulcherrime
1434 4803 1843 4858 demonstrans.
1881 4804 1956 4857 Ac

2068 4809 2279 4878 σόλυμα
2310 4809 2629 4862 ἀναϐαίνειν
2645 4809 2736 4863 τὸν
2766 4807 2978 4862 Παῦλον
3002 4808 3210 4875 ἔλεγεν.
3229 4806 3287 4860 '0
3314 4807 3358 4861 δ’
3386 4807 3641 4878 ἀπηξίου,

383 4896 582 4950 Festus
615 4895 863 4964 quidem,
899 4904 958 4951 ut
987 4896 1193 4952 ludatis
1232 4896 1665 4968 gratificaretur,
1698 4893 1962 4950 Hieroso-

384 4989 529 5057 lyma
558 4988 791 5042 Paulum
823 4999 1125 5043 venturum
1158 5004 1280 5044 esse
1310 4989 1469 5043 dicit.
1501 4986 1560 5042 Id
1598 5002 1725 5041 vero
1754 4988 1841 5040 ille
1869 4988 1965 5042 de-

387 5088 666 5147 precatur,
689 5081 757 5135 ad
774 5081 1008 5137 Cesaris
1033 5080 1274 5136 tribunal
1294 5096 1352 5135 se
1375 5089 1649 5134 staturum
1671 5087 1962 5134 attestans.

372 5170 601 5241 Nemini
649 5173 854 5241 quippe
895 5172 979 5227 fas
1027 5187 1184 5237 esse,
1232 5171 1511 5225 hominem
1572 5172 1639 5225 ad
1692 5171 1963 5226 Ctesarcm

385 5277 802 5333 provocantem,
824 5265 1032 5321 Iudaeis
1058 5282 1157 5336 per
1177 5267 1408 5337 gratiam
1436 5267 1669 5318 donare.
1704 5265 1784 5319 Ad
1818 5264 1965 5319 hunc

386 5358 611 5411 modum
648 5374 773 5412 cum
812 5359 1014 5414 Paulus
1047 5359 1246 5415 tecbna
1293 5357 1529 5426 quadam
1563 5357 1784 5411 Festum
1830 5373 1963 5411 con-

2068 4900 2260 4970 ἐπ¹ιτῷ
2294 4901 2569 4969 Καίσαρος
2601 4901 2809 4970 βήματι
2849 4900 3194 4969 παρεστάναι
3232 4899 3481 4968 φάσκων.
3521 4898 3647 4953 Ἕν·-

2071 4992 2162 5045 θεν
2192 4993 2371 5045 οὐδενὶ
2418 4992 2599 5056 ἔξεστι
2631 4991 2881 5060 χαρίζειν
2916 4990 3200 5050 Ἰουδαίοις
3249 4990 3418 5061 ἄνδρα
3453 4993 3644 5044 ἐπικα-

2070 5085 2337 5152 λούμενον
2393 5086 2669 5154 Καίσαρα.
2712 5083 2871 5137 Οὕτω
2903 5082 2998 5136 τοῦ
3044 5082 3256 5137 Παύλου
3280 5083 3443 5154 τέχνῃ
3475 5098 3643 5136 κατα-

2073 5174 2295 5243 σχόντος
2352 5175 2443 5225 τδν
2491 5173 2724 5241 Φῆστον,
2785 5174 2995 5235 ἐκεῖνος
3045 5171 3234 5242 σκέψει
3289 5172 3413 5235 δοὺς
3444 5172 3512 5225 τὰ
3549 5170 3642 5223 τοῦ
3688 5180 3697 5187 ‘

2071 5267 2420 5335 πράγματος,
2475 5264 2753 5334 Καίσαρα,
2784 5264 2951 5334 φησὶν
2979 5302 2996 5328 ,
3048 5262 3451 5333 ὲπικέκλησαν
3507 5260 3643 5330 πρὸς

2073 5359 2334 5428 Καίσαρα·
2356 5356 2619 5428 πορεύσῃ.

384 5456 719 5516 strinxisset.
753 5456 847 5512 ille
914 5472 973 5514 re
1042 5457 1097 5512 in
1136 5455 1429 5513 consilium
1475 5455 1647 5509 relata
1694 5461 1861 5526 atque
1930 5456 2254 5522 deliberata,
2297 5455 2540 5522 tandem,
2616 5454 2911 5518 Cassarem,
2960 5451 3162 5524 inquit,
3218 5451 3526 5522 appellasti,
3577 5450 3643 5504 ad

386 5544 651 5603 Caesarem
689 5549 815 5604 ibis.
