4046 6442
331 395 445 462 833

928 507 1188 565 ΚΕΦΑΔ.
1230 511 1312 567 Λ’.

324 602 467 671 Περί
515 601 571 656 'A
585 601 809 674 nafmra
840 601 936 654 ml
963 602 1283 671 Βερνίκης,
1338 604 1437 657 καὶ
1477 603 1589 672 τῆς
1619 603 1769 674 πρὸς
1798 606 1908 660 ab-

573 671 717 737 τοὺς
746 673 1116 741 δημηγορίας
1141 674 1250 727 τοῦ
1282 671 1554 728 Παύλουᾲ

410 785 535 839 Ἐπὶ
568 784 779 848 τούτοις
814 785 1132 856 Ἀγρίππας
1157 786 1186 838 ό
1218 786 1493 856 βασιλεὺς,
1538 787 1757 857 σύναμα
1778 788 1913 857 Βερ-

330 881 455 952 νίκῃ
486 881 551 948 τῇ
612 880 859 948 γυναικὶ,
915 880 996 942 είς
1056 879 1401 950 Καισάρειαν
1455 880 1720 948 ἀφίκοντο
1775 880 1914 951 πρὸς

330 972 553 1042 Φῆστον.
588 968 885 1039 Διατριϐῆς
917 969 962 1021 δ’
994 969 1080 1038 ἐφ’
1106 968 1327 1039 ἡμέρας
1369 970 1574 1032 πολλὰς
1601 970 1780 1021 ἐκεῖσε
1816 985 1909 1035 γε-

330 1064 655 1133 γενημένης,
687 1063 895 1130 Φῆστος
934 1062 1002 1114 τὰ
1041 1061 1183 1114 κατὰ
1214 1061 1305 1115 τὸν
1343 1060 1553 1114 Παῦλον
1580 1059 1661 1131 τῷ
1699 1059 1914 1130 βασιλεῖ

328 1156 550 1208 ἀνεῖπεν
574 1169 589 1184 ·
645 1154 794 1213 ὅπως
846 1151 1069 1220 δέσμιος
1104 1150 1209 1204 ὑπὸ
1250 1151 1480 1221 Φήλικος
1508 1149 1911 1221 καταληφθείη.

329 1248 426 1300 καὶ
453 1247 528 1311 ὡς
555 1245 716 1314 δίκην
753 1244 873 1297 κατ’
904 1243 1074 1297 αὐτοῦ
1125 1244 1472 1313 αἰτουμένων
1523 1244 1635 1299 τῶν
1673 1244 1916 1313 πρεσϐυ-

327 1340 502 1411 τέρων
525 1340 620 1392 καὶ
644 1338 963 1408 ἀρχιερέων,
991 1337 1082 1390 ἐπὶ
1106 1337 1168 1391 τδ
1199 1336 1348 1407 βῆμα
1376 1338 1468 1390 τὸν
1501 1336 1672 1408 ἄνδρα
1700 1338 1913 1408 ήγαγον
1964 1342 1971 1346 ’

328 1431 439 1484 τῶν
473 1431 795 1499 κατηγόρων
826 1430 1144 1499 παρόντων⁶
1185 1428 1458 1499 μηδεμιᾶς
1490 1429 1535 1482 δ’
1573 1429 1757 1491 αίτίας
1783 1429 1915 1481 τάν-

327 1522 416 1591 δρὶ
437 1520 722 1590 φανείσης,
761 1518 836 1583 ὥς
870 1536 934 1587 γε
987 1519 1241 1572 ὑπονοεῖν
1274 1514 1364 1589 ἦν,
1404 1521 1542 1589 πρός
1591 1535 1656 1587 γε
1688 1519 1794 1589 μὴν
1824 1517 1918 1570 αὐ-

328 1615 443 1680 τὸν,
471 1612 761 1682 ζητήματά
806 1629 928 1665 τινα
959 1611 1281 1681 προῦτεινον
1311 1612 1439 1681 περὶ
1489 1612 1588 1681 τῆς
1621 1612 1774 1680 σφῶν
1804 1612 1918 1663 δει-

331 1704 690 1774 σιδαιμονίας,
727 1704 822 1757 καὶ
876 1703 1004 1771 περί
1032 1720 1178 1765 τινος
1223 1702 1400 1773 Ἰησοῦ
1448 1704 1815 1774 τεθνηκότο;⁶
1856 1703 1919 1758 δν

331 1795 569 1863 ἔφασκεν
598 1797 626 1848 ό
647 1792 861 1856 Παῦλος
886 1794 1010 1864 ζῇν.
1043 1793 1213 1864 Ἐμοῦ
1240 1795 1283 1849 δ’
1309 1796 1367 1848 ὲν
1393 1795 1602 1865 ἀπορίᾳ
1632 1795 1918 1849 καθεστῶ-

331 1906 421 1951 τος
455 1888 592 1957 πρδς
626 1887 728 1955 τὴν
782 1886 989 1940 τούτων
1016 1887 1326 1956 διάκρισιν,
1360 1891 1388 1941 ὁ
1440 1888 1656 1950 Παῦλος
1684 1889 1784 1959 τὴν
1815 1889 1912 1942 τοῦ
1947 1875 1988 1929 Β

332 1977 612 2047 Καίσαρος
638 1977 934 2043 διάγνωσιν
975 1976 1358 2045 ἐπικέκληται.
1395 1977 1455 2029 '0
1490 1975 1535 2029 δ’
1577 1975 1910 2045 Ἀγρίππας,

344 2067 707 2138 Ἦϐουλόμην,
743 2067 870 2138 ἔφη,
905 2068 1001 2120 καὶ
1034 2066 1213 2129 καύτὸς
1244 2067 1471 2138 τάνδρὸς
1503 2068 1738 2122 ἀκοῦσαί
1770 2086 1782 2100 ι
1820 2071 1915 2123 καὶ

333 2162 604 2231 ὁΦῆστος,
632 2161 723 2223 Ἐς
755 2159 972 2228 αὔριον,
1004 2158 1179 2226 ἔλεγε.
1208 2159 1360 2212 Μετά
1395 2160 1554 2231 δόξης
1576 2159 1622 2212 δ’
1652 2161 1736 2215 ὅτι
1775 2161 1918 2212 πλεῖ.

334 2272 469 2324 στης
518 2255 617 2308 σὺν
674 2253 910 2325 Βερνίκῃ
969 2253 1087 2323 ἅμα
1145 2251 1222 2323 ἕῳ
1280 2251 1598 2323 Ἀγρίππας
1656 2254 1917 2323 μέγιστον

335 2326 717 2416 συγκροτήσας
751 2344 1145 2414 ἀκροατήριον,
1182 2344 1480 2415 συμπαρῆν
1508 2344 1563 2398 δὲ
1599 2344 1696 2397 καὶ
1726 2345 1920 2398 τούπί-

338 2453 513 2508 σημον
541 2435 689 2490 ἅπαν
706 2435 806 2505 τῆς
839 2433 1072 2499 πόλεως,
1118 2435 1331 2504 Φήστου
1370 2435 1751 2501 κελεύσαντος,
1783 2436 1917 2505 ἀγε-

335 2546 428 2583 ται
459 2525 669 2586 Παῦλος
698 2527 921 2597 δεσμοῖς
948 2526 1229 2597 ἱκόμενος.
1255 2527 1365 2580 Kal
1393 2526 1489 2580 τοῦ
1514 2526 1679 2596 λόγου
1707 2527 1917 2598 Φῆστος

336 2622 543 2692 ἡγεῖτο,
571 2618 855 2690 Ἀγρίππα
888 2619 1138 2690 βασιλεῦ,
1180 2618 1378 2688 λέγων,
1437 2620 1533 2674 καὶ.
1561 2619 1612 2674 οἱ
1663 2620 1920 2691 συμπλη-

299 2716 304 2720 ’
339 2714 499 2785 ροῦτε
527 2714 619 2769 τὸν
649 2714 933 2782 σύλλογον,
964 2707 1140 2777 οὗτος,
1173 2714 1305 2782 περὶ
1333 2707 1393 2766 οὗ
1433 2730 1525 2783 μοι
1559 2713 1619 2766 τδ
1641 2713 1752 2767 τῶν
1784 2712 1919 2766 Ἰου-

336 2806 501 2859 δαίων
536 2803 741 2876 πλῆθος
785 2804 1045 2875 ἐντυχδν,
1079 2802 1314 2874 θορύϐου
1355 2803 1595 2873 πλήρεις
1641 2797 1804 2874 ἦσαν,
1840 2801 1916 2873 μὴ

339 2898 449 2952 δεῖν
475 2897 637 2952 αὑτὸν
677 2896 780 2969 ζῇν
809 2898 998 2970 ἁπάσῃ
1027 2896 1193 2969 τέχνῃ
1239 2895 1656 2965 διατεινάμενοι.
1690 2891 1834 2964 Ἐγὼ
1860 2896 1919 2949 δι

347 2987 512 3060 μηδέν
559 3006 612 3043 τι
645 2988 808 3042 αὐτὸν
846 2987 997 3054 ἀξιον
1054 2986 1289 3041 θανάτου
1321 2984 1530 3056 πρᾶξαι
1566 2981 1915 3047 καταλαϐὼν,

342 3078 439 3134 καὶ
465 3079 630 3133 αὑτοῦ
676 3080 733 3133 δὲ
765 3079 865 3150 τὴν
899 3076 994 3132 τοῦ
1027 3076 1302 3131 Σεϐαστοῦ
1336 3075 1622 3147 ἐπίκρισιν
1658 3075 1921 3152 ἐκκαλου-

342 3168 527 3234 μένου,
552 3168 670 3220 ἐκεῖ
708 3165 927 3237 πέμψαι
951 3165 1116 3218 αὑτὸν
1151 3164 1265 3218 δεῖν
1293 3164 1516 3234 ἥγημαι
1544 3179 1560 3195 ο
1596 3161 1722 3234 μηδ’
1744 3165 1922 3232 ἁσφα-
1948 3204 1993 3263 c

340 3258 465 3321 λοῦς
495 3257 540 3311 δ’
569 3257 782 3319 ἐνόντος
812 3257 1070 3327 γράφειν,
1110 3258 1204 3310 ἐπὶ
1227 3256 1329 3327 τὴν
1358 3256 1459 3327 σὴν
1498 3256 1820 3326 προήγαγον
1842 3254 1922 3306 δί-

340 3365 467 3419 κην,
491 3348 629 3413 ἄναξ
666 3348 983 3419 Ἀγρίππα·
1016 3348 1094 3411 ὡς
1119 3347 1210 3414 ἂν,
1240 3348 1682 3418 δια-γνωσθείσης
1712 3349 1811 3419 τῆς
1839 3348 1923 3401 δί-

338 3456 465 3512 κης,
538 3440 646 3511 ἔχω
698 3456 752 3494 τι
815 3439 1190 3510 παραδηλοῦν.
1252 3441 1364 3494 Kal
1424 3440 1534 3511 γὰρ
1575 3439 1765 3510 ἔμοιγε
1813 3439 1923 3493 τῶν

339 3533 557 3586 ἀτόπων
580 3531 748 3596 δοκεῖ,
778 3530 1001 3597 δέσμιον
1030 3531 1340 3602 πέμποντα,
1377 3532 1451 3602 μὴ
1479 3532 1574 3585 καὶ
1606 3532 1706 3596 τὰς
1740 3532 1922 3593 αίτίας

339 3623 630 3693 σημαίνειν
659 3621 864 3675 ἐθέλειν
892 3621 993 3692 τῆς
1014 3621 1193 3691 δίκης.
1236 3622 1550 3692 Ἀγρίππας
1576 3622 1633 3676 δὲ
1663 3621 1745 3692 τῷ
1776 3622 1923 3676 Παύ-

337 3716 414 3786 λῳ
448 3715 575 3784 ἔφη,
609 3715 852 3784 Ἐφεῖται
880 3717 964 3769 σοὶ
995 3715 1139 3785 ὑπὲρ
1182 3715 1419 3769 σεαυτοῦ
1448 3717 1484 3772 ἃ
1518 3715 1697 3787 βούλει
1726 3715 1922 3783 διεξιέο

339 3823 429 3860 ναι
447 3823 462 3838 ο
496 3805 757 3878 συνηθείᾳ.
790 3806 846 3860 δέ
870 3823 982 3860 τινι
1010 3809 1040 3860 ό
1071 3806 1285 3870 Παῦλος
1311 3806 1440 3870 ἴσως
1482 3806 1792 3878 χρώμενος,
1818 3806 1917 3878 τὴν

341 3900 502 3967 χεῖρα
540 3898 812 3961 ἐκτείνας,
845 3897 1003 3966 ἔλεγε
1036 3897 1216 3952 τοιάδε
1244 3914 1258 3929 ’
1306 3899 1530 3969 Πρῶτον
1582 3898 1743 3971 σοφία
1775 3900 1911 3964 τινὶ,

336 3987 411 4051 ὡς
444 3988 650 4041 δίκαιον
672 3989 841 4059 ἄνδρα
859 4027 873 4052 ,
905 3989 1044 4059 ἴδριν
1072 3989 1130 4043 δὲ
1160 3988 1270 4042 τῶν
1293 3990 1432 4059 κατὰ
1462 3989 1754 4054 Ἰουδαίους
1776 3991 1917 4045 ἐθῶν

340 4098 400 4133 τε
438 4080 535 4134 καὶ
564 4080 896 4150 ζητημάτων
924 4081 1017 4134 τὸν
1035 4081 1349 4153 Ἀγρίππαν
1371 4081 1611 4136 ἐπαινῶν
1633 4083 1732 4137 οὐκ
1757 4086 1917 4152 ἀνίει,

249 4188 259 4195 ’
342 4170 641 4239 εὐδαίμονά
670 4187 729 4223 τε
756 4171 950 4226 ἑαυτὸν
996 4172 1264 4247 οἰόμενος,
1290 4166 1370 4235 οἷς
1413 4174 1657 4245 ἀκροατῇ
1700 4176 1923 4247 περιτύ-

343 4278 429 4332 χοι
459 4265 686 4332 τοιούτῳ
707 4282 720 4294 ·
752 4261 896 4316 οὕτω
938 4244 1015 4334 δή
1040 4267 1545 4335 προοιμιασάμενος
1577 4265 1644 4319 τὰ
1673 4269 1794 4320 κατ’
1828 4268 1924 4320 αὑ-

342 4358 435 4406 τὸν
463 4353 685 4426 διεξῄει,
708 4354 821 4426 Τὴν
855 4354 957 4425 μὲν
987 4356 1052 4410 ὲκ
1079 4359 1200 4410 νέου
1234 4373 1358 4428 μου,
1386 4356 1589 4427 λέγων,
1614 4359 1824 4431 τροφὴν
1851 4355 1928 4413 εἳ-

342 4463 432 4500 ναι
462 4449 604 4499 κατὰ
647 4445 746 4517 τήν
802 4445 1013 4517 ἀκριϐῆ
1050 4447 1150 4501 καὶ
1182 4448 1418 4518 πάτριον
1457 4448 1566 4503 τῶν
1616 4450 1926 4519 Φαρισαίων

343 4536 560 4607 αἵρεσιν
578 4554 594 4571 ο
625 4539 724 4591 καὶ
768 4538 864 4594 νῦν
891 4537 936 4592 δ’
975 4539 1202 4593 ἑστάναι
1242 4541 1350 4611 πρὸ
1374 4541 1620 4612 βήματος
1642 4541 1718 4613 μὴ
1742 4541 1811 4596 δι’
1831 4541 1923 4594 ἄλ-

2027 4547 2308 4616 przemissa
2329 4562 2351 4612 ς

344 4629 444 4698 λην
464 4628 647 4684 αίτίαν
672 4629 705 4699 ἢ
728 4629 814 4684 ὅτι
857 4628 1035 4698 λέγων
1071 4629 1188 4700 ειμι
1208 4620 1522 4684 ἀνάστασιν
1570 4632 1782 4702 νεκρῶν
1805 4630 1924 4685 ἐσε-

351 4716 499 4783 σθαι,
539 4715 569 4769 δ
602 4719 719 4782 τοῖς
769 4717 1012 4787 πατράσι
1043 4717 1212 4770 πάλαι
1257 4717 1391 4770 ποτὲ
1427 4716 1567 4781 est
1591 4719 1926 4789 ἐπηγγείλα-

349 4827 431 4863 το.
463 4810 598 4879 Περὶ
635 4809 819 4880 μέντοι
837 4811 937 4881 τῆς
963 4808 1208 4878 κλήσεως
1238 4807 1416 4879 Ἰησοῦ
1449 4809 1544 4864 τοῦ
1574 4811 1924 4881 Ναζωραίου,

351 4901 465 4969 ἐγὼ
496 4902 601 4971 μὲν
650 4900 876 4955 ἐδόκουν
908 4893 1250 4972 ζῆλον’ὑπὲρ
1300 4898 1410 4955 τῶν
1444 4903 1692 4973 πατρίων
1743 4904 1927 4973 νόμων

349 4993 554 5064 αὐχῶν,
584 4992 759 5046 πολλὰ
786 4993 898 5048 τῶν
939 4993 1016 5064 μή
1070 4993 1251 5049 καλῶν
1304 4992 1708 5065 διαπράξασθαι
1727 5009 1744 5025 ·
1770 4993 1800 5047 δ
1832 4995 1928 5048 καὶ

310 5132 319 5145 κ
347 5084 555 5157 δράσας
584 5084 777 5156 ὤφθην
802 5103 817 5119 ·
876 5087 1090 5158 μάρτυς
1135 5087 1289 5139 πᾶσα
1328 5084 1708 5157 Ἰεροσόλυμα*
1735 5086 1832 5140 καί
1861 5103 1926 5157 γε

352 5177 541 5233 πολλοὶ.
570 5178 959 5232 κατάκλειστοι
995 5178 1270 5249 φυλακαῖς
1297 5177 1391 5230 ὑπ’
1416 5177 1553 5248 ἐμοῦ
1579 5180 1926 5250 γεγένηνται,

349 5267 451 5337 τὴν
502 5269 653 5339 παρὰ
678 5269 789 5322 τῶν
832 5269 1026 5340 ἱερέων
1054 5269 1306 5334 ἐξουσίαν
1344 5269 1623 5334 λαϐόντος.
1678 5270 1848 5327 Τὸσον
1885 5272 1928 5325 δ’

350 5355 421 5431 ἦν
455 5378 548 5431 μοι
572 5362 634 5415 τὸ
659 5362 764 5432 τῆς
795 5363 992 5432 μανίας
1016 5363 1227 5433 περιὸν,
1261 5362 1403 5417 ὥστε
1430 5365 1529 5417 καὶ
1550 5362 1632 5427 είς
1663 5365 1763 5428 τὰς
1795 5366 1931 5437 πόρ-

354 5454 435 5522 ρω
468 5453 695 5525 προήειν
715 5452 919 5519 πόλεις,
948 5451 1164 5509 διώκων
1199 5454 1296 5510 καὶ
1323 5456 1502 5511 πάντα
1535 5456 1718 5511 κάλων
1739 5459 1928 5524 κινῶν,

351 5548 414 5600 τὸ
445 5547 541 5603 τοῦ
565 5548 749 5619 λόγου,
782 5550 1121 5620 ἀνατρέπειν
1161 5548 1373 5621 ταύτην
1423 5550 1523 5622 τὴν
1551 5552 1786 5624 αἰρεσιν.
1821 5554 1931 5609 Kal

352 5639 488 5710 δῆτα
539 5643 632 5695 καὶ
672 5644 751 5707 είς
792 5644 1085 5713 Δαμασκὸν
1140 5643 1453 5714 ποιουμένῳ
1496 5661 1591 5714 μοι
1648 5645 1749 5715 τὴν
1785 5646 1926 5714 ὁδὸν,

353 5733 562 5803 ἡμέρας
585 5734 644 5788 τὸ
671 5734 1047 5806 μεσημϐρινὸν
1082 5734 1413 5805 ἐπεχούσης,
1455 5732 1596 5791 εῐδον
1633 5737 1929 5807 οὐρανόθεν

356 5824 498 5894 ὑπὲρ
520 5829 610 5881 τὸν
631 5827 783 5898 ἥλιον
808 5826 1222 5899 περιαστράψαν
1251 5843 1319 5898 με
1355 5827 1491 5896 φῶς.
1528 5829 1639 5883 Kal
1662 5832 1729 5899 τῇ
1761 5830 1930 5924 ὑπερ-

1311 397 1918 461 ΕεειΕδΙΑΞτιαΕ
1959 394 2350 485 ΗΙΞΤΟῙξῙΙΕ
2389 393 2535 458 LIB.
2575 393 2661 456 Ιῐ.

3496 397 3602 466 83ί

2580 501 2810 562 CAPUT
2852 504 3022 563 XXX.

2010 601 2091 656 De
2111 599 2347 672 Agrippa
2379 609 2430 654 et
2469 598 2718 672 Berenife
2746 608 2838 672 :_¢t
2866 598 2931 672 de
2960 598 3230 672 concione,
3264 613 3427 669 quam
3454 599 3600 670 apud

2531 685 2618 723 eos
2648 667 2849 723 Paulus
2883 668 3085 723 habuit.

2084 787 2302 841 Interea
2335 785 2578 856 Agrippa
2620 800 2745 847 rex,
2784 799 2893 839 una
2931 799 3059 838 cum
3095 782 3330 859 Bernice
3367 785 3602 856 conjuge

2015 879 2319 934 Caesaream
2356 879 2424 933 ad
2450 879 2673 933 Festum
2705 877 2878 933 venit.
2907 877 3085 947 Atque
3126 877 3201 932 ibi
3239 894 3363 933 cum
3412 879 3602 948 plut-cs

1996 969 2136 1027 'dics
2166 960 2495 1035 moraretur,
2525 971 2722 1027 Festus
2752 986 2976 1026 causam
3009 971 3164 1026 Pauli
3196 972 3313 1042 regi
3343 974 3599 1042 exponit,

2017 1071 2077 1119 ut
2102 1063 2315 1118 scilicet
2346 1064 2392 1118 is
2424 1063 2644 1117 vinctus
2675 1078 2705 1118 a
2738 1063 2920 1118 Felice
2961 1063 3189 1118 relictus
3228 1064 3419 1129 fuerit,
3453 1073 3510 1119 et
3541 1072 3603 1119 ut

2017 1153 2321 1224 presbyteri
2357 1162 2414 1209 et
2447 1152 2759 1223 pontifices,
2799 1153 3040 1208 ollicium
3085 1154 3293 1224 judicis
3338 1155 3605 1210 adversus

2018 1260 2148 1300 eum
2194 1245 2547 1314 implorarint
2577 1262 2591 1300 :
2626 1254 2686 1299 ut
2718 1245 2958 1315 denique
3000 1261 3097 1315 pro
3132 1246 3391 1300 tribunali
3431 1247 3600 1299 homi-

2021 1352 2145 1391 nem
2176 1337 2603 1391 accusatoribus
2629 1337 2997 1407 praesentibus
3027 1337 3307 1403 statuerit,
3334 1347 3499 1407 atque
3526 1337 3605 1391 ibi

2018 1430 2158 1484 nihil
2191 1429 2445 1485 criminis
2481 1429 2535 1483 in
2570 1444 2683 1496 reo,
2728 1439 2999 1499 quantum
3050 1429 3320 1498 suSpicari
3360 1428 3605 1491 licuerit,

2017 1530 2369 1592 compertum
2387 1522 2480 1587 sit,
2505 1532 2875 1593 praeterquam
2908 1522 3054 1592 quod
3089 1522 3425 1592 quaestiones
3454 1538 3607 1591 quae-

2018 1613 2144 1668 dam
2177 1613 2244 1669 de
2278 1615 2674 1686 superstitione
2708 1615 2982 1685 ipsorum,
3011 1624 3067 1669 et
3104 1615 3171 1670 de
3203 1615 3440 1685 quodam
3473 1615 3605 1670 Jesu

2019 1705 2310 1772 defuncto,
2343 1722 2507 1777 quem
2554 1707 2759 1762 Paulus
2790 1707 2978 1762 vivere
3007 1717 3303 1772 assereret,
3333 1707 3402 1760 ab
3437 1721 3606 1761 accn-

2019 1800 2303 1854 satoribus
2331 1799 2382 1856 ei
2407 1799 2808 1869 ebjicerentur.
2845 1799 2910 1853 Et
2940 1817 3063 1854 cum
3108 1801 3226 1869 ipse
3266 1799 3473 1853 dubius
3508 1815 3608 1853 an-

2018 1905 2257 1962 cepsque
2292 1891 2359 1945 de
2385 1892 2600 1962 judicio
2631 1892 2736 1946 hoc
2767 1908 2968 1956 essem,
3001 1893 3209 1947 Paulus
3238 1893 3303 1947 ad
3335 1893 3608 1962 cngnitio-

2019 1997 2142 2037 nem
2177 1981 2413 2036 Caesaris
2456 1982 2794 2050 provocavit.
2838 1982 2936 2037 Hic
2977 1981 3216 2053 Agrippa
3252 1997 3267 2035 :
3309 1982 3604 2047 Pervelim,

2019 2074 2222 2143 inquit,
2251 2083 2308 2128 et
2348 2072 2464 2142 ipse
2497 2078 2677 2127 virum
2706 2073 2938 2138 audire;
2976 2083 3033 2128 et
3070 2074 3266 2127 Festus
3295 2089 3308 2128 :
3335 2073 3470 2128 Cras
3504 2090 3606 2129 au-

2019 2164 2158 2231 dies,
2193 2165 2293 2219 ait.
2322 2165 2512 2233 Itaque
2550 2165 2788 2217 maximo
2823 2179 2946 2218 cum
2979 2174 3245 2234 apparatu
3274 2167 3453 2234 prima
3482 2166 3606 2221 luce

2018 2255 2259 2325 Agrippa
2302 2270 2429 2310 cum
2481 2255 2714 2310 Bernice
2768 2256 3032 2325 frequens
3077 2265 3343 2311 convocat
3385 2258 3606 2312 audito-

2020 2348 2190 2404 rium.
2219 2346 2287 2401 Et
2318 2346 2549 2400 aderant
2574 2347 2649 2401 ibi
2681 2347 2877 2412 etiam,
2909 2347 3055 2401 Festi
3083 2349 3269 2417 jussu,
3289 2348 3607 2419 quicunque

2021 2438 2076 2492 in
2113 2452 2176 2492 ca
2210 2435 2347 2491 urbe
2383 2434 2542 2490 fuere
2573 2436 2677 2490 viri
2712 2437 2868 2492 clari.
2915 2437 3106 2507 itaque
3150 2438 3355 2494 Paulus
3387 2437 3609 2494 vinctus

2019 2528 2340 2583 adducitur.
2398 2527 2539 2581 Tum
2595 2526 2671 2581 ibi
2720 2526 2919 2581 Festus
2971 2542 3284 2582 sermonem
3326 2542 3606 2583 exorsus:

2018 2619 2261 2689 Agrippa
2313 2633 2429 2682 rex,
2469 2627 2526 2672 et
2574 2617 2895 2687 quicunque
2945 2616 3001 2669 in
3042 2624 3319 2669 conventu
3358 2616 3463 2670 hoc
3509 2615 3610 2669 ad-

2018 2711 2180 2776 estis,
2217 2709 2425 2779 inquit,
2467 2708 2558 2763 bic
2594 2708 2687 2763 ille
2731 2715 2835 2773 est,
2868 2721 3030 2775 quem
3063 2705 3382 2761 .ludaeorum
3415 2705 3608 2760 multi-

2021 2803 2177 2867 tudo,
2212 2801 2453 2856 tumultu
2490 2799 2701 2867 ingenti
2741 2799 3044 2861 concitato,
3079 2797 3145 2853 ad
3183 2813 3272 2853 me
3314 2795 3544 2853 veniens
3574 2812 3607 2853 e

2021 2897 2160 2951 vivis
2205 2893 2511 2949 tollendum
2570 2907 2696 2948 esse
2750 2890 3010 2946 omnibus
3067 2889 3245 2944 modis
3298 2888 3608 2943 contendit.

2025 2985 2186 3057 183
2216 2985 2327 3054 Ego
2352 2999 2507 3050 vero,
2529 2999 2654 3038 cum
2680 2981 2820 3037 nihil
2844 2996 2973 3037 eum.
2996 2992 3174 3036 morte
3198 2981 3425 3052 dignum
3457 2996 3611 3037 com-

2021 3080 2242 3134 misisse
2274 3075 2790 3140 animadverterim,
2823 3083 2881 3129 et
2919 3074 3035 3144 ipse
3071 3074 3340 3144 judicium
3378 3075 3609 3145 Augusti

2023 3171 2406 3242 appellaverit,
2423 3184 2490 3225 eo
2514 3167 2848 3223 mittendum
2876 3182 2999 3222 esse
3021 3166 3172 3222 duxi.
3196 3167 3334 3222 Cum
3367 3182 3496 3222 vero
3520 3170 3608 3222 ni-

2027 3259 2106 3314 hil
2136 3258 2454 3330 certi,quod
2477 3259 2546 3312 de
2581 3272 2647 3313 eo
2663 3256 2926 3322 scribam,
2947 3257 3204 3322 habeam,
3235 3255 3302 3312 ad
3332 3258 3605 3329 judicium

2029 3357 2186 3405 tuum
2206 3365 2341 3405 eum
2372 3350 2634 3420 produxi,
2659 3364 2753 3404 rex
2783 3348 3058 3420 Agrippa:
3082 3359 3143 3404 ut
3172 3364 3335 3405 causa
3363 3350 3608 3420 cognita,

2027 3442 2247 3496 tandem
2299 3425 2561 3505 habeam,
2610 3440 2746 3510 quid
2796 3440 2865 3493 de
2908 3453 2977 3493 eo
3023 3438 3224 3494 Caesari
3279 3438 3607 3509 significem.

2024 3530 2335 3586 Admodum
2364 3531 2516 3585 enim
2551 3530 2853 3585 absurdqu
2901 3529 3040 3584 mibi
3075 3529 3320 3596 videtur,
3358 3530 3609 3586 vinctum

2024 3637 2357 3693 quemquam
2398 3623 2646 3686 mittere,
2676 3630 2732 3676 et
2762 3636 2875 3676 non
2907 3621 3075 3675 simul
3102 3636 3327 3675 causam
3360 3621 3610 3678 vinculo-

2022 3730 2145 3769 rum
2174 3716 2422 3771 indicare
2448 3716 2613 3770 velle.
2643 3715 2783 3770 Tum
2810 3715 3051 3785 Agrippa
3076 3717 3143 3769 ad
3169 3713 3399 3769 Paulum
3431 3734 3445 3770 :
3473 3717 3611 3771 Per-

1976 3822 1981 3825 '
2021 3808 2262 3863 mittitur
2298 3808 2429 3877 tibi,
2463 3807 2668 3877 inquit,
2711 3808 2778 3863 de
2827 3816 2880 3861 te
2928 3809 3047 3877 ipso
3085 3806 3233 3877 quod
3280 3810 3456 3863 visum
3499 3817 3609 3875 est,

2021 3900 2232 3955 dicere.
2272 3875 2350 3956 Ibi
2397 3875 2601 3955 Paulus
2635 3875 3045 3957 consuetudine
3077 3875 3311 3955 fortasse
3343 3901 3608 3971 quadam,

2021 4007 2189 4046 manu
2232 4000 2480 4055 extenta,
2513 3991 2685 4046 verba
2721 3990 2876 4047 fecit.
2908 3987 2978 4046 Et
3019 3992 3261 4061 primum
3311 4003 3430 4048 arte
3467 4008 3609 4063 qua-

2023 4083 2148 4139 dam
2190 4085 2496 4154 prudenter
2534 4082 2857 4154 Agrippam,
2892 4092 2952 4137 ut
2991 4084 3175 4139 virum
3210 4085 3448 4155 justum,
3479 4100 3611 4139 con-

2024 4176 2491 4246 suetudinumque
2517 4185 2574 4231 et
2604 4177 2976 4246 quaestionum
3002 4176 3357 4232 Judaicarum
3388 4179 3610 4249 egregie

2026 4270 2287 4338 peritum,
2322 4270 2545 4325 laudare
2574 4285 2685 4325 non
2719 4271 2926 4326 omisit.
2962 4270 3172 4325 Deinde
3202 4272 3417 4326 felicem
3450 4287 3512 4326 se
3541 4288 3611 4327 eo

2030 4361 2272 4429 nomine,
2302 4362 2447 4429 quod
2478 4361 2534 4415 in
2568 4362 2729 4417 talem
2766 4362 3079 4417 auditorem
3118 4377 3297 4417 causae
3327 4379 3441 4418 sua:
3470 4365 3611 4420 inci-

2032 4452 2244 4519 disset,
2294 4452 2602 4524 judicavit;
2661 4463 2828 4523 atque
2895 4454 3214 4523 hujusmodi
3285 4455 3611 4524 praefatione

2435 4560 2525 4600 res
2600 4560 2729 4601 suas
2808 4562 3089 4616 exponens
3149 4564 3164 4602 :
3233 4548 3317 4603 Ab
3382 4548 3610 4605 ineunte

2026 4647 2210 4704 aetate,
2239 4639 2441 4709 inquit,
2468 4647 2729 4693 accurate
2755 4649 2810 4696 et
2856 4639 3151 4709 diligenter
3182 4640 3236 4694 in
3266 4642 3442 4710 patria
3470 4642 3612 4697 Pita-

2028 4730 2314 4786 risaeorum
2366 4739 2513 4786 secta
2561 4729 2832 4786 educatus
2877 4740 2934 4786 et
2986 4730 3183 4785 doctus
3230 4747 3373 4786 smn.
3415 4734 3493 4788 Ac
3538 4750 3609 4791 ne

2026 4838 2180 4879 nunc
2208 4823 2433 4895 quidem
2475 4823 2583 4878 alia
2615 4823 2682 4878 de
2713 4838 2877 4878 causa
2910 4822 2977 4877 ad
3016 4823 3261 4879 tribunal
3303 4835 3410 4891 sto,
3443 4842 3610 4897 quam

1961 4964 1966 4977 ,
2030 4916 2179 4986 quod
2213 4926 2558 4971 mortuorum
2585 4916 3059 4971 resurrectionem
3090 4915 3332 4971 futuram
3360 4933 3484 4974 esse
3515 4920 3614 4976 do-

2030 5023 2151 5074 ceo,
2185 5023 2349 5079 quam
2380 5006 2525 5064 Deus
2550 5007 2681 5062 olim
2713 5008 2971 5064 Patribus
3001 5010 3274 5079 promisit.
3305 5010 3460 5077 Quod
3490 5014 3616 5083 qui-

2031 5099 2157 5155 dem
2197 5098 2265 5155 ad
2300 5114 2516 5161 nomen,
2544 5097 2676 5155 Jesu
2722 5098 2991 5156 Nazareni
3038 5102 3302 5172 pertinet,
3334 5105 3514 5159 zelum
3556 5115 3614 5160 ct

2032 5190 2413 5246 defensionem
2445 5190 2747 5260 patriarum
2784 5191 2969 5262 legum
3007 5193 3249 5261 spirans,
3284 5194 3457 5248 multa
3489 5209 3615 5264 quae

2030 5297 2143 5337 non
2184 5281 2490 5338 der-uerunt
2522 5281 2743 5347 admisi,
2774 5297 2952 5354 eaque
2992 5283 3179 5338 omnia
3208 5293 3401 5354 aperte
3429 5283 3615 5340 facere

2030 5390 2152 5431 sum
2191 5376 2367 5430 visus.
2411 5375 2670 5431 Testatur
2713 5375 2770 5431 id
2807 5376 3065 5433 universa
3100 5375 3447 5441 Jerusalem;
3490 5391 3617 5446 per-

2030 5469 2188 5525 multi
2221 5471 2369 5524 enim
2410 5485 2441 5525 a
2475 5485 2584 5536 me,
2615 5470 2711 5540 qui
2748 5478 3079 5541 potestatem
3122 5484 3244 5525 eam
3284 5485 3315 5524 a
3347 5471 3613 5527 sacerdo-

2034 5561 2182 5618 tibus
2202 5577 2547 5633 acceperam,
2570 5563 2626 5619 in
2650 5564 2935 5619 custodias
2956 5573 3085 5618 sunt
3103 5561 3362 5635 conjecti.
3377 5562 3613 5619 Tantum

2030 5662 2214 5709 autem
2238 5654 2293 5708 in
2317 5670 2404 5709 me
2426 5654 2581 5709 furor
2613 5656 2660 5711 is
2685 5657 3110 5722 exuberaverat,
3132 5665 3195 5710 ut
3217 5656 3382 5712 etiam
3408 5655 3465 5712 in
3493 5656 3616 5713 lon-

2031 5743 2352 5814 ginquiores
2398 5746 2568 5800 urbes
2611 5748 2714 5801 sim
2754 5745 3063 5815 profectus,
3096 5762 3457 5818 persequens,
3491 5763 3615 5804 om-

2033 5834 2201 5905 nique
2251 5835 2424 5906 (quod
2462 5835 2689 5897 dicitur)
2730 5838 2863 5894 fune
2910 5848 3082 5904 moto,
3109 5848 3359 5897 evertere
3402 5852 3610 5897 sectam
