4046 6454
321 383 425 449 837

1247 369 1259 380 ’
1287 381 1880 445 EtICl.ESIAST[C.‘E

1995 380 2322 442 lSTORIzE
2365 382 2510 445 ΠΒ.
2550 379 2628 444 ΙΙ.
3482 390 3577 450 338

311 501 454 556 κατὰ
487 498 811 569 Σαλμώνην.
844 500 1074 553 Ἔπειτα
1101 501 1156 552 ἐν
1186 498 1369 570 χώρῳ.
1400 491 1442 567 ᾧ
1474 498 1650 553 Καλοὶ
1665 497 1880 568 λιμένες

1995 496 2131 550 Βοιιί
2181 504 2377 567 portus
2428 512 2627 551 nomen
2682 501 2789 562 est,
2830 491 3156 563 deferuntur
3192 512 3206 551 :
3243 510 3270 550 a
3314 513 3424 567 quo
3469 517 3580 556 non

303 595 499 663 ϐνομα,
539 593 812 664 ἡχθησαν.
849 593 1012 655 Πόλις
1055 591 1100 644 δ’
1130 592 1298 660 ἐγγὺς
1329 586 1399 662 ἦν
1437 589 1632 660 ἐκείνῳ
1670 589 1888 642 Λασαία

304 685 408 756 τὴν
436 686 650 752 κλῆσιν.
698 680 1062 752 Ἐπισφαλοῦς
1085 682 1142 734 δὲ
1166 681 1262 734 τοῦ
1292 679 1429 734 πλοῦ
1462 681 1637 744 ὄντος,
1670 680 1886 743 Παῦλος

306 777 649 848 προὴγγελεν
670 778 745 839 ὼς
780 775 875 828 καὶ
905 777 998 828 τὸν
1021 776 1221 845 φόρτον
1236 773 1597 827 ἀποϐαλεῖται
1618 772 1679 825 τὸ
1703 771 1888 825 πλοῖον

311 865 431 934 μεθ’
463 863 701 934 ὕϐρεως,
736 865 838 916 καὶ
866 865 926 915 ἐν
960 865 1079 935 χρῷ
1117 863 1365 917 κινδύνου
1401 863 1529 933 ἄχρι
1566 863 1630 929 δὴ
1665 862 1759 916 καὶ
1783 860 1886 931 ψυ-

309 957 422 1028 χῶν
448 957 706 1024 γενέσθαι
734 972 750 988 ο
783 957 1021 1027 παρῄνει
1071 974 1129 1009 τε
1190 956 1266 1025 μὴ
1309 956 1523 1008 ἐκεῖθεν
1555 953 1883 1022 ἀνάγεσθαι.

319 1051 379 1103 ’0
411 1049 454 1103 δ’
491 1050 908 1118 ἑκατοντάρχης
939 1047 1017 1118 τῷ
1089 1047 1404 1116 κυϐερνήτῃ
1466 1047 1666 1116 μᾶλλον
1729 1045 1762 1114 ἢ
1810 1047 1888 1116 τῷ

306 1143 504 1212 Παύλῳ
535 1142 814 1197 ἐπείθετο.
861 1141 1104 1194 Ἐκεῖθεν
1135 1140 1316 1193 τοίνυν
1356 1140 1645 1209 ἀνήγοντο,
1678 1139 1881 1208 ἥκιστα

303 1234 726 1305 παραχειμάσαι
764 1233 958 1287 ίκανοῦ
991 1233 1147 1296 ὄντος
1199 1231 1297 1284 τοῦ
1352 1231 1594 1301 λιμένος.
1629 1231 1804 1284 Νότου
1835 1230 1880 1283 δ’

301 1323 731 1390 ἐκπνεύσαντος,
788 1323 1023 1394 ἄραντες
1101 1323 1292 1386 'Aaov,
1343 1321 1718 1391 παρελέγοντο
1783 1320 1882 1390 τὴν

299 1417 553 1485 Κρήτην.
598 1414 923 1484 Τυφωνικὸς
983 1414 1030 1467 δ’
1059 1413 1263 1482 ἄνεμος
1311 1412 1653 1478 ἐκπνεύσας,
1709 1413 1881 1480 Εὐρο-

308 1505 520 1559 κλύδων
551 1505 911 1572 ὠνόμασται·
954 1507 1050 1558 καὶ
1081 1505 1176 1557 τοῦ
1215 1503 1407 1557 πλοίου
1475 1504 1885 1574 συναρπασθέν-

299 1615 414 1663 τος,
451 1598 859 1668 ἀντοφθαλμεῖν
901 1612 962 1649 τε
993 1597 1068 1668 μὴ
1101 1596 1383 1667 ἰσχύοντος
1413 1596 1492 1666 τῷ
1521 1597 1732 1667 ἀνέμῳ,
1789 1614 1886 1668 μι-

299 1689 433 1759 κρὸν
482 1689 759 1750 ἐπιδόντες
809 1687 1116 1756 ἐφέροντο’
1173 1688 1271 1740 καὶ
1339 1686 1477 1756 δῆτα
1534 1686 1777 1757 νησίδιόν
1828 1703 1883 1740 τι

301 1777 704 1847 ὑποδραμόντες
734 1769 777 1843 ᾧ
807 1775 1028 1845 Κλαύδη
1071 1771 1138 1846 ἦν
1170 1777 1362 1845 ὄνομα,
1409 1776 1569 1846 μόλις
1603 1778 1706 1844 τῆς
1741 1776 1884 1830 σκά-

1995 587 2156 657 longe
2187 586 2382 642 civitas
2412 598 2549 654 erat,
2581 587 2768 641 Lasaea
2797 585 2970 640 dicta.
3003 586 3071 640 Et
3104 600 3228 641 cum
3266 589 3580 658 periculosa

1994 677 2460 770 essegnavigatio,
2489 677 2692 733 Paulus
2716 691 2912 730 navem
2943 686 3272 746 tempestate
3300 679 3366 731 ad
3388 679 3577 747 jactu-

1994 782 2111 820 ram
2148 769 2322 838 usque
2367 783 2493 822 cum
2537 769 2762 840 injuria,
2795 776 3162 837 vectoresque
3197 770 3265 823 de
3303 771 3410 825 vita
3455 771 3576 841 ipsa

1993 873 2206 913 summe
2255 859 2670 928 periclitaturos
2721 875 3090 929 prmmonens,
3124 875 3236 913 non
3288 863 3580 916 transmit-

1997 951 2220 1004 tendum
2258 951 2387 1006 inde
2419 953 2633 1007 suadet.
2675 951 2779 1007 Sed
2819 954 3072 1007 centurio
3108 955 3162 1007 in
3199 968 3265 1007 eo
3299 955 3580 1023 guberna-

1996 1054 2168 1098 torem
2210 1047 2388 1111 navis,
2428 1047 2602 1116 magis
2645 1061 2808 1116 quam
2849 1046 3077 1102 Paulum
3120 1047 3398 1100 audiebat.
3430 1047 3576 1113 Qua-

1994 1145 2217 1205 propter
2275 1138 2439 1203 inde,
2489 1139 2637 1208 quod
2685 1148 2880 1209 portus
2935 1140 3000 1193 ad
3057 1139 3410 1193 hiemandum
3464 1155 3574 1194 non

1993 1229 2126 1281 satis
2170 1228 2405 1282 idoneus
2448 1239 2620 1292 esset,
2653 1227 2947 1282 discedunt
2979 1246 2993 1282 :
3027 1239 3083 1283 et
3121 1229 3262 1283 Noto
3305 1229 3572 1295 spirante,

1988 1321 2125 1372 Asso
2157 1328 2436 1387 superata,
2474 1319 2691 1374 Cretam
2730 1320 3007 1389 legebant.
3045 1319 3165 1372 Mox
3204 1329 3405 1373 ventus
3433 1336 3570 1374 exo-

1990 1405 2134 1460 ritur
2163 1407 2493 1477 typhonicus
2517 1418 2573 1462 et
2601 1408 2977 1473 turbulentus,
3006 1423 3169 1479 quem
3201 1410 3570 1476 procellosum

1988 1498 2219 1565 Eurum,
2261 1514 2357 1555 seu
2406 1499 2873 1570 Euroaquilonem
2922 1510 3144 1555 vocant.
3204 1501 3396 1570 Itaque
3441 1503 3572 1555 navi

1988 1593 2057 1647 ab
2100 1607 2168 1646 eo
2205 1601 2383 1662 rapta,
2417 1609 2540 1648 eum
2597 1602 2791 1647 contra
2841 1594 2943 1648 niti
2995 1609 3103 1648 non
3154 1603 3397 1664 possent,
3440 1605 3575 1649 tem-

1987 1685 2188 1754 pestati
2224 1685 2568 1752 aliquantum
2601 1683 2882 1748 cedentes,
2915 1684 3190 1739 feruntur.
3225 1685 3290 1738 Et
3320 1688 3386 1739 ad
3422 1685 3574 1741 insu-

1987 1777 2098 1832 lam
2133 1775 2426 1846 quamdam
2463 1790 2712 1846 parvam,
2744 1773 2865 1846 quae
2896 1775 3104 1830 Clauda
3144 1776 3369 1841 dicitur,
3404 1793 3570 1832 cursu

300 1883 408 1936 φης
437 1866 795 1934 περικρατεῖς
845 1860 1005 1934 ἦσαν.
1039 1867 1150 1918 Καὶ
1183 1865 1260 1934 τῷ
1321 1866 1494 1936 πλοίῳ
1542 1865 1751 1938 ταύτην
1797 1867 1880 1920 ἐν·

1989 1868 2226 1931 directo,
2258 1867 2345 1923 vix
2379 1867 2597 1936 scapha:
2629 1877 2914 1937 compotes
2948 1865 3067 1921 ﬁeri
3104 1877 3426 1937 potuerunt.
3461 1868 3572 1924 Ea-

301 1959 543 2026 θέμενοι,
601 1955 764 2027 ῥώμῃ
821 1957 972 2028 πάσῃ
1015 1957 1115 2028 τὴν
1165 1958 1300 2010 ναῦν
1359 1955 1705 2024 διεξώννυον,
1742 1964 1882 2030 πρὸς

299 2051 400 2114 τὰς
437 2049 682 2118 ἐμϐολάς
718 2048 830 2101 τῶν
883 2051 1151 2119 κυμάτων
1211 2050 1464 2120 ἀντέχειν
1516 2052 1881 2122 παρασκευάο

301 2141 507 2204 ζοντες.
553 2140 643 2195 Ἐν
673 2141 824 2210 φόϐῳ
849 2142 896 2194 δ’
927 2141 1082 2204 ὄντες
1121 2141 1197 2212 μὴ
1248 2142 1379 2213 περ)⁸
1433 2143 1533 2205 τὰς
1569 2143 1883 2212 λεγομένας

300 2235 529 2304 Σύρτεις
557 2233 874 2302 ἐμπέσωσι,
899 2232 961 2284 τὸ
994 2233 1167 2286 ἱστίον
1199 2232 1294 2286 τοῦ
1320 2232 1518 2287 πολλοῦ
1544 2235 1698 2288 τόνου
1722 2236 1882 2289 ἀνέν-

298 2342 414 2389 τες,
457 2325 738 2394 ἐφέροντο.
811 2322 1057 2394 Σφοόροῦ
1098 2324 1146 2378 δ’
1199 2325 1534 2395 ἐγκειμένου
1585 2326 1880 2395 χειμῶνος,

296 2405 531 2484 τριταῖοι
558 2411 881 2482 αὐτόχειρες
928 2411 1028 2481 τὴν
1061 2411 1265 2482 σκευὴν
1309 2413 1404 2465 τοῦ
1436 2412 1625 2466 πλοίου
1661 2413 1883 2468 ἃπασαν

298 2507 377 2577 τῷ
410 2505 642 2573 πελάγει
674 2505 932 2571 ἀφίεσαν,
979 2503 1218 2568 Ἰκαναῖς
1270 2504 1315 2556 δ’
1356 2505 1444 2574 ἐφ’
1477 2505 1714 2576 ἡμέραις
1750 2505 1881 2576 μήθ’

297 2597 458 2668 ἡλίου
497 2597 635 2668 μήτε
677 2597 896 2666 ἄστρων
935 2596 1076 2666 ὑπὲρ
1129 2596 1361 2668 οὐρανὸν
1402 2597 1722 2667 ὁρωμένων,
1786 2598 1883 2650 καὶ

299 2691 503 2744 πολλοῦ
545 2690 643 2743 τοῦ
697 2689 969 2754 κλύδωνος
1020 2692 1436 2762 περιρρέοντος,
1495 2693 1650 2745 πᾶσα
1700 2695 1732 2754 ἡ
1782 2695 1880 2762 τῆς

305 2783 584 2855 σωτηρίας
624 2785 951 2854 περιῃρεῖτο
1003 2783 1183 2845 ἐλπίς.
1207 2854 1212 2858 .
1236 2783 1449 2854 Ἀσιτίᾳ
1475 2799 1534 2835 τε
1579 2784 1670 2837 διά
1701 2783 1879 2836 ταῦτα

303 2877 656 2946 πιεζομένων
702 2876 814 2928 τῶν
846 2877 904 2928 ἐν
960 2873 1040 2946 τῷ
1100 2875 1272 2945 πλοίῳ
1325 2875 1518 2945 πολλῇ,
1583 2875 1611 2926 ό
1645 2875 1878 2940 Παῦλος,

317 2969 518 3038 Ἐχρῆν
552 2956 674 3038 μὲν,
704 2968 880 3036 ἔλεγε,
913 2969 1232 3036 πειθηνίους
1260 2986 1324 3037 γε
1354 2968 1538 3032 ὄντας,
1566 2967 1640 3038 μὴ
1674 2971 1736 3020 ὲκ
1779 2968 1879 3035 τῆς

306 3060 534 3133 Κρήτης
559 3062 887 3129 ἀνάγεσθαι,
925 3061 1026 3130 τῆς
1058 3078 1118 3113 τε
1140 3059 1357 3131 ὕϐρεως
1405 3063 1501 3116 καὶ
1537 3060 1743 3139 ζημίας
1802 3060 1880 3124 ὡς

1985 1972 2095 2028 que
2122 1958 2180 2012 in
2212 1957 2394 2010 navim
2434 1957 2678 2019 sublata,
2711 1956 2893 2010 navim
2926 1956 3099 2025 ipsam
3136 1971 3299 2025 quam
3338 1966 3572 2025 possunt

1986 2047 2338 2113 ﬁrmissime,
2388 2055 2583 2102 contra
2640 2047 2992 2102 incursiones
3041 2053 3098 2100 et
3149 2046 3420 2116 procellas
3469 2047 3572 2100 llu-

1986 2149 2173 2194 ctuum
2199 2141 2506 2210 cingentes,
2534 2139 2817 2194 instruunt
2845 2147 2902 2192 et
2925 2138 3334 2193 communiunt.
3359 2137 3568 2193 Dein-le

1987 2245 2057 2286 ne
2111 2235 2164 2284 in
2226 2229 2446 2300 Syrtes,
2495 2245 2617 2299 quae
2669 2230 2953 2292 dicuntur,
3006 2228 3313 2283 inciderent
3370 2229 3569 2294 veriti,

1986 2323 2111 2376 velo
2169 2321 2355 2375 laxati)
2397 2321 2698 2375 vehuntur.
2748 2319 2817 2373 Et
2865 2319 3336 2374 turbulentissima
3379 2329 3570 2374 coorta

1985 2413 2168 2468 hieme
2202 2422 2257 2467 et
2301 2421 2652 2482 tempestate,
2691 2415 2855 2466 tertio
2899 2412 3120 2466 demum
3162 2411 3252 2465 die
3291 2411 3570 2481 jacturant

1983 2505 2216 2570 faciunt,
2247 2514 2304 2558 et
2349 2505 2606 2557 manibus
2648 2504 2752 2572 ipsi
2797 2503 2913 2557 suis
2959 2503 3145 2558 omnia
3187 2504 3343 2558 navis
3389 2519 3570 2558 arma-

1983 2606 2170 2652 menta
2214 2597 2269 2650 in
2315 2595 2541 2665 pelagus
2593 2595 2914 2665 projiciunt.
2955 2594 3094 2650 Cum
3139 2603 3323 2650 autem
3370 2594 3568 2650 diebus

1982 2688 2262 2760 pluribus,
2303 2703 2484 2758 neque
2519 2689 2622 2751 sol,
2660 2702 2842 2757 neque
2885 2697 3030 2742 astra
3067 2689 3120 2743 in
3154 2689 3294 2744 coelo
3337 2691 3564 2758 conspi-

1983 2792 2267 2846 cerentur,
2319 2780 2689 2850 immanisque
2737 2790 2999 2849 praeterea
3057 2779 3378 2835 immineret
3423 2789 3565 2835 tem-

1982 2883 2206 2944 pestas,
2247 2874 2430 2927 omnis
2480 2885 2608 2940 spes
2651 2871 2846 2926 salutis
2883 2871 3228 2940 praeciditur.
3265 2871 3455 2941 anue
3496 2871 3568 2926 de

1983 2981 2148 3021 causa
2179 2976 2434 3020 vectores
2463 2965 2575 3019 cibi
2611 2964 2944 3019 abstinentia
2986 2972 3043 3020 et
3088 2963 3274 3019 inedia
3315 2965 3569 3035 longiore

1982 3053 2358 3114 macerantur.
2406 3058 2586 3127 Atque
2642 3056 2717 3112 ibi
2764 3056 3019 3112 Paulus:
3062 3056 3325 3121 Decebat,
3366 3058 3568 3126 inquit,

303 3151 642 3223 πορρωτάτω
675 3147 819 3205 εἶναι
847 3169 862 3184 ·
893 3151 1032 3205 ἀλλὰ
1083 3154 1178 3205 καὶ
1207 3151 1304 3205 νῦν
1341 3152 1596 3223 παραινῶ
1625 3152 1880 3224 εὐθύμως

1985 3168 2083 3206 vos
2116 3152 2251 3205 mihi
2305 3165 2512 3204 morem
2558 3163 2772 3218 gerere,
2808 3157 2863 3204 et
2896 3164 2926 3203 e
2958 3148 3124 3203 Creta
3171 3163 3279 3203 non
3327 3150 3565 3204 solvere.

302 3248 448 3316 ἔχειν
481 3245 660 3315 ὑμᾶς·
709 3244 850 3315 πλὴν
877 3245 986 3315 γὰρ
1043 3245 1139 3298 τοῦ
1196 3245 1410 3313 πλοίου,
1471 3246 1701 3315 οὐδεμία
1766 3247 1878 3300 τῶν

300 3339 450 3388 ἔνδον
481 3338 844 3389 ἀποπεσεῖται
871 3336 1042 3408 ψυχή.
1096 3335 1283 3407 Ταύτῃ
1313 3335 1423 3407 γὰρ
1461 3336 1525 3408 δὴ
1593 3339 1658 3406 τῇ
1697 3343 1874 3403 νυκτὶ,

302 3427 438 3482 Θεοῦ
473 3422 773 3498 ἀγγελοςῷ
814 3427 1009 3498 λάτρις
1061 3429 1178 3497 είμὶ
1230 3429 1539 3498 παραστὰς,
1573 3429 1876 3500 παρηγγύα

299 3535 361 3570 τε
395 3519 469 3588 μὴ
502 3517 795 3588 φοϐεῖσθαι
819 3532 832 3548 ”
857 3520 950 3571 Δεῖ
972 3517 1081 3588 γάρ
1115 3535 1176 3570 σε
1209 3519 1453 3588 Καίσαρι
1503 3519 1874 3589 παραστῆναι·

301 3608 466 3678 χάριν
497 3623 556 3660 τε
589 3607 674 3660 σοὶ
705 3605 972 3676 πλείστην
1003 3605 1185 3669 εἰδὼς,
1219 3607 1349 3668 τοὺς
1375 3607 1712 3676 συμπλώτας
1743 3607 1877 3660 πάν-

302 3714 400 3757 τας
449 3696 533 3748 σοί
579 3713 643 3764 γε
683 3695 960 3765 δωρεῖται.
1019 3695 1315 3748 Ἐκπεσεῖν
1353 3694 1400 3747 δ’
1457 3696 1672 3766 ἀνάγκη
1725 3696 1876 3766 ἡμᾶς

301 3791 454 3858 νήσῳ
500 3788 629 3842 τινί.
672 3788 1262 3859 Τεσσαρεσκαιδεκάτη
1292 3787 1390 3853 νὺξ
1434 3787 1681 3858 παρῆλθε
1707 3787 1768 3840 τὸ
1818 3785 1877 3851 ἐξ

302 3883 534 3947 ἐκείνου,
570 3881 634 3932 oi'
673 3880 728 3933 δέ
787 3880 864 3950 τῷ
935 3879 1131 3950 Ἀδρίᾳ
1187 3876 1636 3949 ἐταλαιπώρουνο
1675 3877 1768 3932 καὶ
1815 3877 1876 3931 τὸ

304 3973 469 4043 βάθος
528 3973 960 4044 ἀναδιφὼμενοι,
1006 3973 1140 4043 περὶ
1194 3971 1426 4041 ὀργυιάς
1477 3970 1733 4042 εὕρισκον
1793 3971 1875 4024 εῖ-

305 4083 448 4120 κοσι.
477 4066 711 4135 Τραχεῖς
735 4066 792 4119 δὲ
821 4068 1020 4128 τόπους
1078 4066 1336 4118 ἐκπεσεῖν
1374 4064 1628 4130 δεδιότες,
1675 4064 1878 4118 τέσσα-

305 4175 404 4228 ρας
434 4158 682 4227 ἀγκύρας
730 4159 992 4229 ῥίψαντες
1058 4156 1406 4227 πρύμνηθεν,
1453 4159 1670 4228 ἡμέραν
1725 4156 1878 4224 γενέ-

302 4250 434 4304 σθαι
464 4249 843 4303 ἐθεοκλύτουν.
886 4250 950 4301 Οἱ
1004 4248 1060 4301 δέ
1120 4249 1316 4302 ναῦται
1375 4249 1468 4302 καὶ
1521 4249 1621 4320 τὴν
1659 4250 1877 4317 σκάφην
1920 4255 1922 4257 ’

298 4345 362 4395 ἐκ
418 4342 512 4394 τοῦ
549 4341 738 4395 πλοίου
801 4341 944 4396 κατά
982 4341 1256 4409 πελάγους
1314 4341 1598 4412 ἔρριπτον,
1653 4341 1877 4410 φεύγειν

297 4435 784 4507 διασκοπούμενοι.
815 4435 1122 4505 Είσηγήσει
1149 4434 1207 4488 δέ
1259 4434 1479 4488 Παύλου
1509 4437 1560 4488 oi
1609 4435 1740 4507 περὶ
1785 4437 1877 4491 τὸν

1989 3245 2080 3298 Sic
2112 3245 2257 3298 enim
2300 3243 2645 3313 tempestatis
2672 3241 2838 3311 hujus
2862 3241 3064 3310 injuria
3093 3242 3383 3311 etjactura
3415 3257 3570 3296 care-

1986 3337 2142 3390 retis.
2183 3335 2289 3389 Sed
2339 3349 2485 3388 nunc
2516 3347 2740 3402 quoque
2773 3333 2962 3402 quieto
3005 3347 3103 3386 vos
3137 3331 3396 3401 bonoque
3445 3347 3568 3388 esse

1979 3427 2151 3498 jnbeo
2185 3427 2393 3479 animo.
2441 3426 2646 3479 Praeter
2683 3425 2866 3477 navim
2911 3425 3060 3478 enim
3097 3425 3248 3477 nulla
3283 3433 3567 3478 vectorum

1985 3518 2283 3574 intercidet
2332 3518 2537 3571 anima.
2589 3516 2902 3575 llaeenim
2957 3517 3072 3586 ipsa
3119 3527 3282 3570 nocte
3329 3517 3568 3585 Angelus

1985 3612 2105 3671 Dei,
2138 3622 2300 3678 quem
2352 3609 2495 3673 colo,
2532 3607 2669 3661 mihi
2717 3608 3000 3670 assistens,
3035 3608 3291 3662 timorem
3340 3625 3426 3663 me
3472 3611 3570 3665 σὺν

1977 3704 2153 3775 jicere
2174 3702 2343 3772 jussit
2373 3719 2385 3754 :
2411 3699 2647 3770 Oportet
2673 3700 2846 3765 enim,
2878 3700 3092 3762 dicens,
3115 3702 3258 3769 apud
3291 3701 3576 3757 Caesarem

1985 3806 2036 3850 te
2065 3795 2208 3849 sisti.
2236 3793 2306 3848 Et
2330 3793 2478 3863 quod
2509 3793 2785 3863 gratiosus
2819 3791 2965 3862 apud
3000 3792 3172 3847 Deum
3203 3808 3286 3857 es,
3319 3802 3566 3850 vectores

1984 3887 2150 3942 simul
2198 3901 2391 3940 omnes
2442 3884 2539 3939 tibi
2590 3883 2681 3938 ille
2731 3881 2901 3940 donat
2937 3899 2950 3936 :
2985 3883 3042 3937 in
3098 3883 3332 3939 insulam
3379 3896 3563 3940 autem

1984 3993 2088 4033 nos
2137 3977 2434 4047 quamdam
2488 3974 2612 4047 ejici
2666 3989 2894 4029 necesse
2943 3985 3048 4029 εει.
3097 3973 3304 4040 Quarta
3353 3978 3564 4031 decima

1983 4071 2184 4126 deinde
2231 4068 2555 4138 supervenit
2600 4081 2736 4129 nox,
2779 4065 2942 4136 186
2972 4075 3025 4120 et
3069 4067 3148 4120 illi
3191 4068 3244 4122 in
3285 4069 3566 4122 Adriatico

1982 4163 2318 4218 alllictantur
2366 4161 2504 4214 mari
2546 4169 2764 4228 :atque
2812 4159 3164 4213 altitudinem
3215 4159 3567 4229 inquirentes

1984 4256 2168 4319 undm,
2193 4253 2261 4308 ad
2306 4253 2499 4322 viginti
2529 4266 2723 4318 passus
2752 4249 3065 4304 inveniunt.
3090 4248 3157 4302 Et
3181 4265 3249 4304 ne
3281 4252 3336 4304 in
3369 4266 3563 4321 aSpera

1985 4352 2298 4406 inciderent
2324 4349 2446 4402 loca
2479 4356 2812 4414 metuentes,
2843 4357 3080 4417 quatuor
3109 4362 3140 4401 e
3167 4349 3336 4417 puppi
3362 4349 3568 4402 ancho-

1984 4443 2064 4498 ris
2109 4440 2392 4514 projectis,
2436 4439 2584 4494 diem
2628 4456 2658 4494 a
2708 4440 2819 4495 Deo
2871 4440 3127 4510 precibus
3168 4449 3380 4509 optant.
3425 4441 3573 4495 Tum

299 4529 722 4598 ἑκατόνταρχον,
773 4528 876 4591 τὰς
928 4526 1177 4596 σχοίνους
1215 4527 1434 4596 ἐκείνης
1499 4527 1875 4596 διατεμόντες,

1985 4532 2206 4586 demum
2245 4539 2429 4585 nauta:
2467 4533 2726 4601 scapham
2757 4547 2788 4586 e
2817 4532 2940 4585 navi
2977 4532 3031 4585 in
3065 4544 3215 4585 mare
3242 4532 3574 4604 projiciuut,

295 4620 375 4690 τῷ
433 4619 665 4688 πελάγει
716 4619 819 4690 τὴν
869 4614 1090 4688 σκάφην
1120 4618 1247 4694 είων
1301 4618 1526 4688 ἀνέμοις
1588 4619 1877 4690 φέρεσθαι.

298 4712 474 4784 Πρινὴ
509 4713 554 4766 δ’
589 4713 810 4783 ἡμέραν
858 4711 1138 4780 γενέσθαι,
1191 4701 1402 4782 τροφῆς
1456 4713 1709 4783 μετέχειν
1740 4715 1878 4767 πᾶσι

296 4804 534 4876 παρῄνει
573 4807 601 4858 ό
627 4805 842 4869 Παῦλος
867 4820 882 4836 ο
917 4803 1052 4876 μηδέ
1089 4805 1201 4874 γὰρ
1221 4805 1388 4875 τρίχα
1414 4804 1532 4868 ἐνὸς
1561 4805 1670 4858 τῶν
1705 4806 1880 4860 ἀπάν-

294 4909 405 4945 των
477 4894 578 4962 τῆς
643 4891 890 4962 κεφαλῆς
944 4892 1304 4946 ἀποπίπτειν.
1340 4894 1612 4954 Κάκεῖνος
1659 4895 1876 4963 πρῶτος

293 4982 414 5053 θεῷ
443 4983 840 5054 ἀφοσιούμενος
871 4984 939 5036 τὰ
971 4983 1182 5047 εἰκότα,
1222 4987 1431 5054 τροφῆς
1451 4984 1682 5056 ἥπτετο.
1723 4986 1878 5039 Ἐπί-

299 5095 398 5148 σης
421 5077 475 5130 δὲ
502 5078 596 5131 καὶ
629 5079 678 5132 οί
717 5077 812 5132 τοῦ
837 5077 1029 5131 πλοίου
1075 5078 1318 5145 ἐποίουν,
1364 5077 1424 5145 ἒξ
1455 5078 1612 5143 ὄντες
1639 5079 1875 5150 ἐϐδομὴ-

297 5172 542 5224 κοντάτε
576 5169 671 5223 καὶ
693 5170 984 5226 διακόσιοι.
1050 5171 1141 5234 Ὠς
1173 5172 1218 5224 δ’
1259 5171 1446 5241 ἡμέρα
1504 5167 1596 5242 ἦν,
1641 5171 1877 5240 διαγνῶ-

294 5281 384 5316 ναι
419 5264 519 5332 μὲν
547 5265 646 5316 οὐκ
671 5261 820 5333 εἶχον
851 5262 952 5333 τὴν
1003 5264 1109 5334 γῆν
1135 5281 1150 5298 ο
1187 5264 1390 5318 κόλπον
1429 5265 1487 5318 δέ
1527 5283 1650 5319 τινα
1688 5265 1879 5338 ἐώρων

294 5357 541 5422 αἰγιαλὸν
573 5355 797 5426 ἔχοντα.
844 5357 955 5418 Τὰς
985 5351 1081 5408 οὖν
1107 5357 1360 5427 ἀγκύρας
1391 5358 1756 5429 περιελόντες,
1784 5362 1880 5412 καὶ

295 5451 393 5510 τὰς
429 5447 538 5499 τῶν
570 5449 850 5519 πηδαλίων
908 5447 1245 5520 ζευκτηρίας
1303 5451 1547 5516 ἀνέντες,
1589 5453 1788 5522 μικρὸν
1819 5453 1875 5506 δὲ

297 5542 732 5611 μετεωρίσαντες
756 5543 846 5595 τὸν
879 5542 1196 5612 ἀρτέμωνα,
1227 5546 1292 5613 τῇ
1325 5544 1662 5620 ἐπιπνεούσῃ
1714 5546 1875 5600 δυνά-

298 5634 498 5702 μειείς
529 5633 618 5686 τὸν
661 5634 910 5702 αἰγιαλὸν
949 5635 1322 5704 κατῆγον.ῃ”Η
1379 5637 1478 5707 μὲν
1527 5634 1622 5692 οὖν
1675 5640 1874 5710 πρώρα

296 5727 357 5775 ἐν
388 5723 466 5792 τῷ
499 5724 740 5792 ἀσφαλεῖ
772 5725 1075 5780 καθίστατο
1099 5745 1112 5759 ο
1147 5731 1178 5798 ἡ
1208 5728 1265 5782 δὲ
1303 5730 1527 5800 πρύμνα
1558 5735 1624 5802 τῇ
1652 5733 1742 5804 βίᾳ
1765 5733 1873 5785 τῶν

297 5815 566 5884 κυμάτων
597 5814 802 5870 ἐλύετο.
847 5819 954 5873 Καὶ
1010 5818 1289 5890 βούλευμα
1333 5822 1434 5890 μὲν
1468 5818 1534 5892 ἦν
1578 5823 1718 5892 ξίφει
1754 5826 1872 5877 δια-

1981 4634 2039 4682 ct
2067 4623 2208 4696 fuga:
2240 4623 2535 4678 consilium
2583 4624 2830 4692 capiunt.
2869 4622 3136 4678 Centu‘rio
3165 4635 3372 4689 autem,
3409 4625 3572 4681 Pauli.

1984 4731 2176 4778 suasu,
2211 4713 2373 4769 funes
2405 4713 2623 4783 scaphae
2668 4715 2837 4769 incidi
2885 4715 3064 4786 jubet,
3111 4731 3346 4786 eamque
3384 4719 3579 4772 ventis.

1981 4806 2341 4862 auferendam
2375 4806 2692 4860 committit.
2734 4806 2801 4860 Et
2834 4807 3156 4877 priusquam
3190 4808 3573 4876 illucesceret,.

1985 4898 2190 4954 Paulus
2221 4913 2436 4962 omnes,
2472 4909 2530 4952 ut
2559 4899 2744 4952 cibum
2791 4899 3034 4968 capiant,
3069 4905 3346 4967 hortatur,
3380 4917 3450 4957 ne
3473 4918 3569 4957 ea-

1983 4994 2181 5064 pillum
2223 4991 2450 5061 quidem
2499 4991 2722 5045 unicum
2772 5007 2803 5046 e
2849 4991 3028 5059 capite
3077 5008 3270 5046 eorum
3318 4995 3575 5049 omnium

1985 5087 2304 5141 decisurum
2368 5085 2658 5154 pollicens.
2713 5083 2943 5155 Ipseque
3000 5085 3212 5154 primus
3264 5087 3379 5143 Deo
3430 5103 3575 5159 quas

1984 5179 2218 5235 decebat
2245 5179 2437 5248 gratiis
2471 5180 2720 5246 sacratis,
2751 5179 2935 5234 cibum
2965 5179 3131 5233 sumit
3160 5197 3172 5232 :
3202 5181 3347 5251 quod
3373 5181 3571 5236 itidem

1983 5285 2236 5328 vectores
2280 5272 2501 5340 reliqui,
2543 5273 2639 5341 qui
2686 5272 2913 5327 ducenti
2963 5280 3018 5327 et
3070 5279 3416 5345 septuaginta
3469 5291 3573 5330 sex

1982 5377 2162 5433 erant,
2197 5367 2427 5423 iaciunt.
2463 5369 2532 5425 Ut
2561 5378 2743 5424 autem
2777 5371 2895 5426 dies
2940 5371 3137 5438 illuxit,
3187 5384 3389 5428 terram
3439 5377 3565 5444 qui:

1983 5462 2105 5516 dem
2140 5461 2470 5532 dignoscere
2493 5474 2773 5532 nequeunt
2801 5481 2815 5517 :
2841 5465 3024 5517 sinum
3053 5480 3186 5519 vero
3213 5467 3575 5536 conspiciunt

1981 5551 2142 5606 littus
2173 5552 2491 5608 habentem.
2533 5553 2835 5608 Subductis
2869 5555 3054 5623 itaque
3091 5557 3331 5622 ancoris,
3363 5560 3563 5628 guber~

1982 5642 2427 5712 naculorumque
2457 5645 2708 5698 remissis
2731 5647 3032 5716 juncturis,
3067 5659 3122 5701 et
3152 5659 3436 5704 artemone
3467 5651 3573 5705 ali-

1981 5736 2310 5806 quantulum
2345 5736 2588 5804 sublato,
2616 5739 2880 5806 spirantis
2907 5740 3055 5793 venti
3085 5741 3134 5793 vi
3163 5741 3230 5794 ad
3259 5742 3416 5798 littus
3445 5751 3570 5798 ten-

1981 5829 2141 5882 dunt.
2189 5831 2256 5884 Et
2297 5845 2463 5899 prora
2509 5829 2732 5900 quidem
2770 5832 2982 5901 integra
3027 5846 3330 5902 permanet,
3367 5837 3572 5900 puppis
