4046 6430
477 327 585 392 839

481 527 615 585 illud
644 525 863 581 consilii
891 523 1137 594 capiunt,
1164 532 1226 575 ut
1248 519 1470 575 vinctos
1498 532 1692 572 omnes
1715 517 2057 578 interimant,

481 633 552 672 ne
580 632 647 670 ex
677 615 758 670 eis
787 613 1079 684 quisquam
1115 609 1359 665 natando
1389 607 1604 664 evadat.
1648 605 1916 662 Centurio
1957 618 2059 657 au-

481 721 619 774 tem,
657 714 879 779 propter
911 705 1166 767 Paulum,
1199 700 1403 757 eadem
1436 715 1556 754 eam
1593 699 1806 754 inhibet
1834 713 1846 749 :
1876 705 1934 750 et
1962 707 2062 764 pro

481 816 541 858 se
571 811 868 871 quemque,
901 806 962 851 ut
991 805 1200 866 posset,
1226 795 1518 850 consulere
1551 792 1657 849 sibi
1688 792 1864 864 jubet.

1012 907 1239 964 CAPUT
1278 907 1500 963 XXXII.

487 1003 554 1059 Ut
603 1005 660 1058 in
714 1001 891 1057 insula
944 999 1128 1054 Melita
1163 1016 1384 1053 mnuum
1440 997 1605 1052 Pauli
1651 1000 1834 1068 vipera
1887 1015 2062 1053 morsu

588 1073 843 1128 violarit:
874 1072 938 1124 de
968 1070 1180 1135 Publio,
1207 1070 1431 1140 aliisque
1461 1068 1622 1122 Pauli
1654 1069 1951 1123 miraculis.

438 1261 447 1330 μ
555 1255 623 1309 Et
672 1253 965 1308 confestim
1015 1265 1211 1307 omnes
1254 1251 1311 1304 in
1361 1250 1520 1305 littus
1559 1249 1820 1307 evadunt.
1866 1249 2066 1305 Insulae

481 1364 682 1402 nomen
717 1346 896 1400 Melita
940 1353 1062 1400 erat
1094 1361 1109 1399 :
1141 1345 1300 1414 cujus
1352 1342 1548 1398 incola
1592 1342 1812 1397 barbari
1843 1341 2065 1412 quidem

482 1441 586 1508 illi,
607 1454 718 1496 non
747 1455 943 1509 parum
977 1448 1160 1492 tamen
1194 1452 1339 1492 cura
1366 1444 1422 1491 et
1453 1435 1812 1506 benignitatis
1843 1435 2068 1491 naufra-

485 1536 571 1602 gis
600 1533 883 1586 exhibent.
920 1531 1109 1599 Itaque
1154 1539 1380 1598 propter
1411 1528 1642 1582 imbrem
1676 1526 2066 1597 copiosiorem,

485 1638 543 1680 et
579 1626 751 1695 frigus
796 1623 1200 1687 vehementius,
1233 1637 1420 1693 pyram
1455 1622 1534 1675 illi
1569 1623 1842 1690 ingentem
1875 1634 2071 1675 accen-

488 1717 649 1779 dunt,
686 1723 741 1768 et
790 1713 1151 1768 circumcirca
1202 1712 1516 1767 consident.
1565 1712 1644 1768 lbi
1692 1727 1819 1767 cum
1864 1710 2070 1767 Paulus

489 1807 664 1861 multa
715 1815 994 1860 sarmenta
1040 1813 1299 1875 congesta
1339 1820 1487 1876 pyra
1534 1805 1869 1874 imponeret,
1900 1813 1958 1860 et
1993 1805 2073 1859 vi-

488 1892 640 1969 pera.
673 1915 794 1969 qua
839 1899 893 1953 in
930 1899 1114 1953 dumis
1143 1900 1224 1953 eis
1258 1899 1485 1964 latebat,
1519 1900 1702 1953 calore
1735 1913 1802 1953 eo
1834 1897 2070 1953 excitata

489 2000 852 2062 proreperet,
914 2005 1137 2044 manum
1194 1991 1313 2060 ejus
1370 1990 1461 2044 illa
1517 1991 1795 2045 mordicus
1848 1989 2070 2060 arripit.

384 2118 386 2120 τ
488 2083 647 2149 Quod
682 2084 773 2136 ubi
808 2081 1057 2146 Barbari,
1090 2082 1165 2134 ita
1205 2082 1418 2135 seilicet
1449 2081 1617 2136 feram
1651 2097 1770 2137 eam
1803 2097 1867 2137 ex
1903 2097 2069 2136 manu

489 2175 638 2228 illius
663 2173 1002 2242 dependere,
1032 2173 1404 2241 conspiciunt,
1434 2189 1541 2227 non
1567 2174 1771 2228 bonum
1799 2190 1924 2229 eum
1948 2190 2072 2230 esse

488 2267 692 2328 virum,
731 2264 825 2319 sed
873 2265 1231 2330 homicidam,
1267 2277 1325 2320 et
1373 2267 1667 2320 immanem
1717 2266 2070 2336 quempiam,

490 2357 584 2426 qui
618 2356 782 2410 etiam
815 2356 861 2410 si
895 2371 1052 2411 sava
1094 2356 1438 2426 tempestatis
1471 2359 1581 2411 vim
1617 2358 1908 2422 evasisset,
1938 2372 2075 2426 pra-

488 2459 700 2504 sentem
744 2459 930 2504 tamen
970 2464 1000 2503 a
1035 2464 1314 2503 venenoso
1362 2457 1616 2518 serpente
1655 2449 1818 2514 ictus,
1851 2463 1919 2503 ne
1951 2448 2076 2502 diu-

490 2544 602 2597 tius
624 2542 862 2605 viveret,
892 2541 1190 2596 vindictam
1222 2542 1474 2606 sentiret,
1506 2541 1877 2609 suSpicantur.
1913 2540 2071 2610 187

489 2632 599 2688 Sed
640 2633 787 2687 enim
830 2632 968 2686 nihil
1015 2631 1144 2686 inde
1181 2631 1412 2701 periculi
1446 2631 1615 2686 Paulo
1663 2630 1862 2686 accidit
1894 2650 1908 2686 :
1945 2645 2074 2693 nam

489 2735 801 2795 serpentem
833 2739 1126 2779 excussum
1161 2724 1214 2776 in
1251 2723 1524 2777 ﬂammam
1549 2723 1798 2793 conjicit.
1831 2722 1914 2777 illi
1940 2738 2072 2779 vero

488 2817 877 2873 existimantes
903 2831 1030 2871 eum
1058 2815 1326 2885 evestigio
1351 2816 1436 2870 vel
1469 2816 1525 2869 in
1556 2801 1823 2869 tumorem
1853 2823 2074 2870 verten-

491 2909 656 2974 dum,
705 2909 792 2962 vel
841 2907 1219 2962 examinatum
1269 2922 1494 2976 pessum
1545 2908 1785 2971 iturum,
1823 2908 2074 2978 improba

492 2999 752 3052 venenati
786 3013 1002 3052 morsus
1029 2999 1359 3068 contagione
1391 3017 1404 3053 :
1433 3009 1492 3054 ut
1525 2999 1683 3054 aliter
1710 3014 1823 3054 rem
1850 3001 2075 3055 evenire

1699 305 2124 375 NICEPHORI
2164 305 2517 370 CALLISTI

479 451 664 494 autem
718 433 982 488 ﬂuctuum
1032 427 1294 486 violentia
1347 424 1600 483 solvitur.
1651 424 1851 479 Milites
1900 436 2066 492 porro

2180 417 2517 488 χειρία-ασθαι
2569 413 2693 478 τοῦς
2753 413 3034 483 δεσμίους,

2163 509 2455 579 ἀποδράσῃ
2478 522 2492 538 ⁸
2515 510 2541 561 ό
2567 507 2612 560 δ’
2645 506 2871 578 ἡγεμὼν
2890 505 2978 560 διὰ
3013 505 3227 561 Παῦλον
3256 506 3468 560 ἐκώλυε
3487 510 3586 581 τὴν
3608 528 3743 578 σίρα-

2163 600 2291 672 γὴν,
2334 600 2556 654 ἐκέλευέ
2577 615 2638 653 τε
2683 600 2918 666 πάντας,
2951 599 3030 663 ὣς
3058 600 3111 668 γ’
3151 598 3370 672 ἑκάστῳ
3402 601 3632 674 δύναμις
3652 599 3744 674 ἦν,

3639 306 3744 370 8Ξο

3095 415 3170 484 μή
3214 431 3297 473 τις
3351 415 3744 488 διανηξάμενος

2165 695 2389 761 ἐξιέναι.

2735 903 2986 957 ΚΕΦΑΛ.
3020 905 3144 958 ΛΒ’.

2178 997 2279 1062 Ὠς
2307 997 2379 1050 ἐν
2399 997 2474 1066 τῇ
2502 997 2676 1064 νήσῳ
2709 997 2940 1064 Μελίτῃ
2993 995 3221 1066 ἔχιδναί
3250 994 3362 1062 τῆς
3409 994 3611 1066 χειρὸς
3641 995 3745 1066 τοῦ

2240 1065 2490 1122 Παύλου
2522 1067 2877 1134 καθήψατο*
2933 1067 3033 1119 καὶ
3093 1065 3230 1133 περὶ
3283 1065 3616 1134 Πουπλίου,
3647 1065 3746 1119 καί

2237 1136 2361 1192 τῶν
2380 1137 2589 1192 ἄλλων
2607 1135 2718 1190 τοῦ
2745 1137 2992 1190 Παύλου
3018 1134 3359 1204 θαυμάτων.

2239 1252 2354 1306 Καὶ
2388 1251 2591 1306 αὐτίκα
2624 1251 2830 1313 πάντες
2877 1251 2972 1305 ἐπὶ
2999 1249 3094 1303 τοῦ
3125 1248 3295 1320 ξηροῦ
3328 1244 3490 1320 ἦσαν.
3537 1250 3744 1322 Μελίτη

2168 1342 2227 1396 δὲ
2257 1346 2291 1414 ἠ
2325 1343 2485 1414 νῆσος
2520 1343 2814 1414 ὠνόμαστο
2841 1357 2853 1372 ·
2891 1337 2960 1414 ἦς
2988 1345 3037 1396 οἱ
3070 1341 3287 1396 ἔποικοι
3325 1341 3598 1412 βάρϐαροι
3620 1344 3746 1405 τοὺς

2170 1435 2593 1506 ναυαγήσαντας
2649 1435 2983 1501 κατιδόντες,
3062 1437 3124 1489 ού
3175 1436 3382 1507 μικρὰν
3439 1435 3539 1506 τὴν
3586 1435 3747 1506 θερα-

2172 1527 2337 1581 πείαν
2368 1529 2657 1598 παρεῖχον.
2699 1527 2884 1600 Τῴτε
2919 1527 3029 1598 γὰρ
3092 1528 3346 1598 ἐπέχοντι
3394 1527 3584 1598 λάῦρῳ
3609 1527 3747 1598 ὑετῷ

2171 1619 2268 1670 καὶ
2300 1616 2378 1687 τῷ
2407 1618 2624 1688 σφοδρῷ
2649 1617 2838 1687 ψύχει,
2883 1617 3069 1688 πυρὰν
3111 1618 3383 1687 μεγίστην
3418 1618 3746 1687 ἀνάψαντες,

2173 1708 2497 1779 περικύκλῳ
2526 1709 2806 1773 ἐκάθιζον.
2852 1707 3152 1780 Φρυγάνων
3183 1709 3240 1762 δὲ
3289 1709 3602 1778 ἀπόδεσμον
3632 1711 3749 1763 lxa-

2175 1802 2266 1854 νδν
2294 1801 2511 1864 Παῦλος
2533 1798 2598 1873 τῇ
2627 1801 2772 1872 χειρὶ
2799 1800 3133 1872 συστρέψας,
3165 1804 3231 1872 τῇ
3259 1803 3410 1872 πυρᾷ
3461 1802 3701 1855 ἐπετίθει
3731 1819 3744 1833 ο

2173 1894 2272 1948 καὶ
2324 1893 2440 1963 δῆτ’
2471 1893 2656 1962 ἔχιδνα
2702 1893 2957 1964 οἰκουρὸς
3004 1889 3140 1948 οῦσα
3193 1897 3260 1964 τῇ
3305 1895 3534 1967 binm?)
3572 1895 3748 1969 θέρμῃ

2172 1985 2592 2054 διαθαλφθεῖσα,
2645 1985 2746 2055 τῆς
2777 1985 2994 2038 ἐκείνου
3049 1985 3302 2056 καθῆπτο
3336 1987 3544 2056 χειρός.
3590 1988 3678 2050 Ὠς
3704 1987 3746 2039 δ’

2173 2079 2224 2131 oi
2281 2075 2642 2148 βάρὸαροιτὺ
2705 2078 2898 2149 θηρίον
2955 2080 3354 2150 ἀπηρτημένον
3413 2081 3514 2148 τῆς
3569 2080 3749 2150 χειρὸς

2175 2171 2390 2224 ἐκείνου
2421 2169 2701 2234 κατεῖδον,
2724 2171 2825 2224 οὐκ
2848 2171 3052 2240 ἀγαθὸν
3100 2172 3369 2226 ὑπενόουν
3403 2173 3596 2245 ἄνδρα,
3617 2173 3748 2226 ἀλλά

2174 2280 2295 2317 τινα
2327 2263 2551 2332 φονικὸν
2581 2265 2675 2317 καὶ
2708 2265 2990 2336 ἀνήμερον
3018 2279 3034 2296 ο
3073 2259 3133 2318 οῦ
3161 2264 3326 2336 χάριν
3363 2267 3456 2319 καὶ
3482 2265 3577 2319 τοῦ
3619 2265 3750 2318 πολ-

2173 2354 2271 2407 λοῦ
2299 2354 2572 2419 κλύδωνος
2623 2356 2943 2426 ὕπερσάντα
2969 2356 3071 2428 τὴν
3130 2357 3346 2428 ῥώμην,
3402 2358 3438 2429 ἡ
3486 2357 3611 2430 δίκῃ
3649 2358 3750 2431 ζῇν

2173 2447 2275 2500 οὐκ
2309 2446 2399 2500 εία
2430 2447 2508 2519 τῷ
2565 2448 2759 2519 ίοϐόλῳ
2808 2449 3112 2520 τρωθέντα.
3172 2449 3372 2520 Παύλῳ
3412 2451 3458 2504 δ’
3496 2451 3747 2506 ἐντεῦθεν

2173 2539 2277 2592 οὐκ
2301 2532 2370 2609 ἦν
2404 2539 2664 2608 πονηρόψ
2722 2539 2846 2594 ἀλλ’
2874 2541 2970 2595 ἐπὶ
3007 2541 3110 2611 τῆς
3169 2541 3369 2610 φλογὸς
3413 2543 3476 2596 τὸ
3524 2542 3752 2614 ἐρπετδν

2174 2631 2688 2702 ἀποτινασσόμενος
2747 2633 3033 2705 ἔρριπτεν.
3121 2635 3213 2700 Ὠς
3261 2635 3320 2688 δὲ
3395 2637 3753 2708 προσδόκιμοι

2175 2720 2381 2783 πάντες
2403 2716 2569 2792 ἦσαν,
2597 2720 2796 2775 αὐτίκα
2815 2721 3010 2777 τοῦτον
3063 2723 3097 2794 ἢ
3150 2724 3674 2796 καταπίμπρασθαι,
3719 2725 3752 2795 ἢ

2175 2812 2371 2884 νεκρὸν
2409 2813 2642 2879 ἐξάπινα
2679 2813 2904 2868 πίπτειν
2937 2815 3005 2885 τῇ
3053 2816 3454 2888 κακεντρεχείςι
3503 2817 3599 2871 τοῦ
3627 2817 3753 2888 δήγ-

2178 2922 2372 2975 ματος,
2438 2905 2516 2968 ὡς
2561 2907 2881 2960 τούναντίον
2942 2907 3147 2975 μᾶλλον
3205 2909 3422 2980 ἐώρων.
3492 2911 3754 2983 πρύμναν

2175 2997 2552 3069 κρουσάμενοι
2577 2999 2678 3070 (Ι),
2707 2999 2970 3053 τάναντία
2995 2999 3254 3068 λέγοντες
3284 2998 3447 3074 ἦσαν,
3500 3004 3597 3058 καὶ
3651 3006 3758 3058 ico-

491 3091 776 3154 viderunt,
809 3101 1115 3146 retrorsum
1147 3092 1328 3144 navim
1361 3099 1586 3161 agentes
1617 3091 1715 3162 (1),
1746 3092 1895 3162 quod
1931 3092 2068 3148 dici-

2180 3092 2319 3156 θέοις
2389 3093 2595 3162 ἐτίμων
2651 3097 2866 3164 τιμαῖς.
2917 3095 3109 3166 ’Δγροὶ
3168 3096 3268 3168 μὲν
3308 3095 3402 3150 οὖν
3456 3098 3551 3152 καὶ
3582 3098 3758 3168 χωρία

494 3193 606 3250 tur,
642 3195 697 3238 et
747 3184 803 3238 in
853 3183 1185 3238 contrariam
1236 3194 1446 3253 partem
1500 3179 1870 3249 tranSeuntes,
1909 3184 2073 3255 longe

493 3275 717 3330 diversa
745 3274 813 3330 de
841 3290 908 3330 eo
935 3275 1085 3346 loqui
1117 3275 1409 3345 incipiunt,
1441 3274 1756 3345 divinisque
1784 3290 1912 3330 eum
1945 3290 2076 3346 pro-

495 3376 806 3438 sequuntur
848 3368 1178 3424 honoribus.
1213 3370 1339 3439 Agri
1376 3381 1432 3424 et
1469 3369 1672 3439 pradia
1707 3370 1902 3424 insula
1931 3371 2074 3442 ejus,

490 3459 696 3527 Publii,
734 3462 974 3530 primum
1021 3461 1094 3515 ibi
1141 3462 1382 3514 tenentis
1421 3461 1602 3514 locum
1634 3471 1810 3527 erant,
1845 3463 1939 3532 qui
1972 3477 2074 3532 per

493 3552 741 3608 triduum
784 3551 851 3605 ad
898 3567 1169 3607 summam
1221 3553 1657 3622 hospitalitatem
1698 3555 1838 3609 nihil
1869 3553 2076 3610 faciens

494 3647 735 3717 reliqui,
779 3647 1017 3718 benigne
1065 3648 1147 3704 eis
1190 3649 1342 3703 iacit.
1385 3649 1658 3704 Calerum
1703 3651 1980 3721 c0piosam
2029 3651 2078 3706 is

497 3741 860 3796 humanitatis
890 3743 1163 3812 ejusmodi
1193 3752 1437 3812 reportat
1467 3743 1700 3811 gratiam
1735 3763 1749 3798 :
1781 3745 2082 3800 vehemen-

493 3842 578 3890 tes
619 3834 769 3889 enim
819 3833 1024 3900 febres,
1072 3843 1129 3888 et
1164 3834 1504 3905 dysenteria,
1539 3851 1662 3904 qua
1708 3835 1850 3889 mala
1898 3835 2080 3890 Publii

494 3934 711 3994 patrem
741 3925 950 3980 dudum
976 3936 1332 3991 vexaverant,
1357 3935 1569 3981 attactu
1591 3927 1747 3982 Pauli
1772 3927 2075 3996 pelluntur.

495 4015 604 4070 Alii
637 4027 902 4086 praeterea
936 4034 1099 4087 quam
1129 4019 1381 4088 plurimis
1410 4019 1596 4074 amicti
1627 4018 1857 4086 morbis,
1885 4019 2078 4076 dolore

2184 3187 2367 3238 ἐκεῖσε
2396 3185 2476 3256 τῷ
2502 3186 2599 3256 τῆς
2628 3187 2799 3256 νήσου
2835 3188 3196 3258 πρωτεύοντι,
3257 3188 3531 3254 Πούπλιος
3566 3191 3758 3261 ἐκείνῳ

2183 3277 2246 3329 τὸ
2273 3275 2467 3347 ῦνομα,
2530 3273 2695 3348 ἦσαν.
2743 3279 2840 3343 Ὃς
2893 3279 2989 3332 καὶ
3047 3283 3200 3351 τρεῖς
3261 3281 3478 3352 ἡμέρας
3542 3281 3759 3350 τάγαθὰ

2185 3371 2442 3440 παρεῖχε,
2509 3369 2824 3439 φιλοξενίας
2891 3371 3158 3425 ἐλλείπων
3207 3372 3380 3427 οὐδέν.
3431 3371 3543 3426 Καί
3595 3388 3660 3440 γε
3697 3373 3756 3425 οὐ

2188 3461 2453 3534 βραχεῖαν
2484 3462 2579 3517 τοῦ
2605 3463 2770 3535 ἔργου
2806 3459 2922 3534 εἶχε
2951 3465 3053 3534 τὴν
3082 3464 3327 3535 ἀμοιϐήν
3349 3481 3364 3497 ·
3396 3465 3618 3536 σφοδροὶ
3652 3463 3760 3534 γὰρ

2185 3557 2416 3629 πυρετοὶ
2441 3559 2536 3611 καὶ
2573 3558 2899 3629 δυσεντερία
2941 3557 3219 3612 διελύοντο
3248 3561 3315 3630 τῇ
3351 3561 3463 3630 ἁφῇ
3523 3558 3759 3624 Παύλου,

2187 3648 2358 3704 πάλαι
2381 3650 2473 3703 τὸν
2502 3650 2720 3720 πατέρα
2744 3650 3020 3705 Πουπλίου
3051 3650 3330 3714 πιέζοντα.
3365 3651 3489 3704 Ἐπὶ
3506 3650 3569 3721 δὴ
3589 3649 3762 3722 τούτῳ

2187 3744 2283 3797 καὶ
2314 3742 2468 3798 ἄλλοι
2501 3743 2786 3807 πλείσταις
2807 3744 2918 3798 τῶν
2952 3745 3129 3798 νόσων
3161 3743 3569 3813 ἐξεταζόμενοι,
3595 3743 3762 3805 εὐθὺς

2187 3836 2250 3888 τὸ
2288 3835 2476 3900 πιέζον
2501 3836 2898 3901 ἁπεσάλλοντο,
2929 3839 3095 3908 ῥᾴους
3135 3836 3439 3906 γινόμενοι.
3481 3832 3763 3889 Ἐντεῦθεν

2188 3927 2392 4000 Παύλῳ
2423 3929 2524 3982 οὐκ
2559 3928 2820 3998 ἐλαχίστη
2855 3929 3019 3999 τιμήο
3049 3930 3147 3982 καὶ
3175 3927 3243 3982 τὰ
3281 3927 3522 4000 χρειώδη
3563 3929 3763 3996 ἀναγο-

2191 4023 2376 4093 μένοις
2408 4023 2634 4076 πλεῖστα
2662 4022 2893 4076 ἐτίθετο.

503 4117 561 4164 et
596 4107 858 4162 cruciatu'
883 4110 1070 4164 statim
1101 4109 1276 4176 omni,
1315 4109 1563 4182 pristina
1593 4110 1837 4164 restituti
1894 4111 2226 4181 valetudini,
2267 4115 2540 4170 levantur.
2573 4113 2732 4169 Unde
2765 4129 2997 4184 magnus
3046 4114 3214 4171 Paulo
3245 4115 3424 4170 honor
3477 4111 3766 4184 provenit,

498 4200 937 4272 vectoribusque
967 4219 1086 4272 qua
1115 4202 1182 4257 ad
1209 4202 1501 4272 navigandi
1528 4217 1687 4258 usum
1718 4203 2083 4290 pertinerent,
2121 4207 2340 4263 abunde
2371 4205 2885 4262 subministrantur.

1033 4318 1258 4374 CAPUT
1293 4317 1541 4374 XXXIII.

500 4410 732 4486 Ut_inde
785 4411 1003 4486 Paulus
1037 4413 1159 4464 naui
1191 4411 1584 4486 Alexandrina,
1634 4431 1728 4484 per
1778 4413 2079 4486 Syracusas

2760 4325 3015 4380 ΚΕΦΑΛ.
3051 4325 3176 4380 AI".

2199 4418 2302 4485 Ὠς
2329 4419 2562 4475 ἐκεῖθεν
2584 4416 2776 4483 πλοίῳ
2814 4417 3246 4486 Ἀλεξανδρίνῳ
3272 4417 3515 4483 Παῦλος
3537 4415 3636 4471 διὰ
3654 4416 3773 4471 τῶν

567 4483 1025 4559 Βοηιιιιηηυεηειιι
1051 4521 1066 4559 ,
1104 4491 1151 4533 et
1179 4499 1306 4559 cum
1338 4485 1608 4559 primariis
1635 4483 1713 4538 ibi
1737 4483 1939 4541 luditis
1969 4504 2074 4541 ser-

2263 4483 2675 4559 Συρακουσῶν
2694 4492 2780 4554 εὶς
2839 4489 3076 4559 Ῥώμην
3095 4483 3260 4559 ’ἦλθε
3280 4530 3295 4555 ,
3337 4489 3435 4542 καὶ
3465 4487 3589 4559 τοῖς
3618 4489 3774 4556 πρώ-

569 4569 750 4606 mones
777 4553 1098 4626 disputando
1125 4553 1429 4626 contulerit.
1452 4554 1519 4606 Et
1552 4565 1607 4607 ut
1639 4558 1782 4626 apud
1813 4557 2082 4612 Neronem

564 4639 626 4696 se
658 4625 893 4696 steterit,»
920 4633 966 4674 et
996 4631 1104 4673 tum
1141 4624 1350 4692 quidem
1392 4624 1683 4680 absolutus
1696 4627 1851 4696 fuerit
1885 4631 2085 4682 :-bten-

572 4693 821 4766 piumque
855 4692 1033 4744 Ilontw
1062 4709 1656 4766 permanens,_regnum
1696 4692 1912 4763 Christi,
1947 4700 2083 4752 citra

569 4763 1028 4832 impedimentum,
1059 4779 1177 4816 cum
1210 4765 1374 4817 multa
1413 4763 1655 4821 libertate
1682 4769 2011 4837 pradicarit.

571 4939 653 4994 lbi
700 4954 832 4994 vero
879 4940 1047 4993 etiam
1101 4941 1252 4997 aliud
1306 4944 1588 5013 navigium
1641 4943 2083 4999 Alexandrinum

497 5032 844 5099 Castoribus,
879 5032 986 5086 diis
1005 5031 1179 5100 falsis,
1213 5051 1451 5103 quorum
1479 5036 1748 5105 imagines
1776 5052 1892 5105 pra
1918 5051 1978 5090 se
2006 5036 2086 5091 fe-

498 5128 678 5191 rebat,
702 5136 1084 5182 consecratum
1114 5129 1412 5184 hiemabat.
1432 5129 1908 5195 Quemadmodum
1934 5132 2082 5185 enim

496 5221 870 5278 Christianam
898 5221 1159 5292 pietatem
1193 5223 1440 5278 colentes
1478 5224 1700 5277 navium
1740 5223 2086 5292 gubernato-

498 5333 609 5384 res,
626 5320 796 5372 na’ves
817 5333 946 5373 suas
963 5319 1171 5373 sanctis
1193 5319 1526 5387 quibusdam
1552 5320 1833 5382 dedicant,
1854 5319 2088 5391 inscrip-

499 5409 762 5480 tioneque
809 5410 864 5464 id
909 5420 1184 5465 testantur
1218 5429 1231 5464 :
1267 5412 1456 5465 itidem
1509 5413 1660 5477 olim,
1689 5430 1786 5483 pro
1824 5429 1890 5468 eo
1921 5423 2086 5484 atque

571 5547 938 5617 (1)[1ρύμναν
968 5547 1394 5617 ἀνακρούεσθαι,
1440 5549 1545 5602 hoc
1579 5560 1682 5612 est,
1720 5551 1943 5620 puppim
1977 5552 2083 5605 int-

501 5620 730 5685 pellere,
764 5631 847 5671 est
895 5620 1098 5672 sensim
1157 5621 1528 5683 retrocedere,
1573 5624 1793 5690 navigio
1845 5639 1954 5675 non
1995 5624 2084 5674 iu-

501 5701 682 5761 ve‘rso.
711 5692 827 5761 Qui
856 5692 1098 5761 enimsc
1127 5693 1198 5742 ita
1239 5693 1441 5742 cedens
1489 5692 1703 5758 recipit,
1737 5694 1962 5761 puppitn
1997 5708 2084 5746 rc-

502 5758 761 5826 migando
819 5757 1054 5828 impellit
1101 5761 1201 5812 :id
1257 5761 1402 5829 quml
1449 5757 1751 5831 propterea
1803 5757 1956 5831 facit,
2015 5781 2082 5818 ne

2260 4555 2388 4626 τοὶς
2411 4558 2533 4614 τῶν
2558 4558 2687 4613 ἐκεῖ
2721 4555 3033 4613 Ἰουδαίων
3073 4555 3160 4624 εἰς
3192 4561 3420 4627 λόγους
3473 4555 3641 4627 ἦλθε,
3662 4555 3772 4610 καὶ

2257 4628 2340 4694 τῷ
2374 4631 2598 4698 Νέρωνι
2620 4629 2960 4696 παραστὰς,
2988 4633 3126 4683 τότε
3154 4628 3274 4697 μὲν
3313 4629 3614 4698 ἀπελύετο
3637 4643 3650 4657 ·
3675 4627 3773 4680 καί

2260 4700 2372 4754 δύο
2398 4697 2504 4767 ἐτη
2533 4700 2634 4754 ἐπὶ
2679 4700 2911 4768 Ῥώμης
2949 4700 3274 4768 διαγαγὼν,
3337 4699 3453 4766 τὴν
3481 4697 3589 4750 τοῦ
3636 4699 3777 4762 Χρι-

2261 4772 2414 4827 στοῦ
2462 4772 2803 4836 ,βασιλείαν
2840 4771 3163 4836 ἀκωλύτως
3211 4771 3367 4839 μετὰ
3433 4769 3777 4836 παρρησίας

2260 4840 2614 4910 ἐκήρυττεν.

2267 4953 2480 5008 Ἐκείσε
2510 4954 2567 5008 δὲ
2600 4955 2692 5031 καὶ
2725 4955 2854 5010 ἄλλο
2915 4955 3101 5009 πλοῖον
3159 4953 3652 5025 παρακεχειμακὸς
3683 4948 3774 5021 ἦν,

2204 5045 2594 5117 Ἀλεξανδρείᾳ
2632 5048 2938 5117 προσῆκον,
2995 5045 3347 5116 Διοσκούροις
3396 5045 3778 5115 ψευδωνύμως

2192 5139 2334 5202 θεοῖς
2358 5139 2752 5209 ἀνακείμενον,
2780 5139 3075 5203 κάκείνους
3107 5139 3202 5192 ἐπὶ
3232 5138 3441 5207 στήλης
3476 5136 3622 5207 ἔχον.
3653 5135 3778 5188 Τῶν

2191 5231 2520 5302 ναυκλήρων
2554 5232 2665 5300 γὰρ
2696 5232 2942 5296 ἔκαστοι,
2977 5231 3169 5314 ὥσπερ
3195 5232 3243 5284 oi
3287 5231 3410 5284 καθ’
3438 5231 3586 5301 ἡμᾶς
3617 5231 3776 5281 εὐσε-

2190 5325 2314 5397 ϐείᾳ
2379 5325 2690 5395 χρώμενοι,
2740 5325 2920 5392 ἁγίοις
2972 5324 3038 5396 δή
3091 5341 3201 5377 τισι
3257 5324 3355 5387 τὰς
3413 5324 3597 5406 αὐτῶν
3643 5321 3778 5385 ναῦς

2191 5422 2588 5490 ἀναφέροντες,
2640 5420 2941 5490 γράμμασι
2999 5419 3515 5489 παρασημαίνονται
3544 5434 3557 5448 ·
3601 5416 3778 5478 οὕτως

2192 5553 2472 5624 propalam
2527 5552 2740 5622 fugere,
2779 5553 2908 5608 dum
2953 5569 3010 5607 sc
3067 5553 3326 5624 paulatim
3366 5552 3645 5616 subducit,
3699 5551 3781 5604 vi-

2191 5635 2410 5686 deatur,
2445 5634 2502 5676 et
2543 5640 2612 5679 ne
2662 5633 2886 5694 tergnnr
2919 5627 3168 5678 hostibus
3196 5628 3495 5682 .ohvertat.
3545 5625 3781 5678 Prover-

2193 5695 2420 5748 bialiter
2455 5703 2640 5819 guttam
2689 5707 2795 5760 est,
2855 5697 3185 5750 sententiam
3224 5697 3517 5766 pristinam
3565 5697 3777 5750 sensim

2193 5776 2427 5819 mutare.
2503 5781 2555 5817 ιιι
2598 5802 2614 5819 .

2193 5776 2427 5819 mutare.
2460 5776 2614 5819 baut.
