4046 6422
511 372 613 436 843

1738 370 2164 438 NlCEPllORl
2207 380 2556 441 CALLISTI

3684 385 3786 449 SM

512 490 655 544 ritus
690 490 866 544 sancti
910 490 1204 552 instinctu,
1235 501 1357 558 quae
1390 497 1715 559 snpersunt,
1752 490 2094 561 adjiciemus.

2209 494 2333 562 ρίας
2365 492 2488 563 Θεῷ
2521 491 2865 564 θαρροῦντες
2896 493 3290 564 ὲκθησόμενοι,
3343 497 3441 551 καὶ
3467 496 3532 569 δὴ
3558 497 3635 570 τῷ
3655 499 3785 572 θείῳ

509 587 585 638 Ac
629 594 744 637 tum
783 583 1007 654 quidem
1047 585 1337 639 absolutus
1368 599 1397 637 a
1425 584 1642 639 Nerone
1676 585 2101 656 Apostolusﬂ),

507 680 573 733 ad
616 679 946 733 concionum
984 676 1356 732 ministerium
1394 692 1616 731 rursum
1661 685 1746 732 est
1796 677 2096 747 prolectus.

504 771 641 826 Cum
675 780 859 824 autem
904 770 1109 824 iterum
1153 771 1207 824 in
1244 768 1440 823 urbem
1474 768 1781 825 Romanam
1823 773 2094 837 venisset,

505 864 772 934 martyrio
825 862 899 918 ibi
936 861 1104 917 vitam
1149 861 1362 917 [iniisse
1413 862 1667 918 creditur
1702 862 1799 935 (2).
1835 862 1957 918 Non
1989 862 2100 918 mi~

507 938 627 1012 nim
662 958 866 1029 quippe
900 966 1041 1023 erat,
1075 956 1380 1027 Neronem,
1413 960 1561 1031 quod
1596 958 1667 1014 ab
1702 957 1862 1012 initio
1896 956 2098 1012 huma-

504 1053 678 1107 nitate
736 1052 975 1122 quadam
1030 1052 1301 1123 przrditus
1353 1062 1537 1119 esset,
1590 1051 1752 1108 facile
1792 1050 1949 1107 Pauli
1998 1056 2096 1119 pro

503 1148 753 1201 doctrina
806 1145 1075 1202 instituta:
1117 1146 1434 1202 defensioni
1483 1147 1841 1216 acquiescere
1885 1163 1899 1200 :
1943 1155 2097 1216 post-

501 1254 666 1310 quam
703 1250 888 1293 autem
934 1238 1080 1293 idem
1127 1240 1182 1294 in
1232 1239 1398 1309 impia
1441 1249 1611 1309 atque
1649 1238 1859 1293 nefaria
1890 1237 2095 1309 ﬂagitia

505 1345 767 1402 tanquam
817 1332 872 1386 in
919 1332 1180 1401 scopulos
1215 1332 1557 1401 impegisset.
1586 1331 1651 1384 ad
1688 1330 1824 1385 alias
1855 1329 2093 1384 aliorum

502 1427 682 1483 cades
731 1441 953 1497 quoque
998 1425 1375 1495 apostolorum
1428 1426 1689 1498 adjicere.
1741 1423 1931 1494 Itaque
1977 1434 2091 1479 tum

503 1523 767 1590 perum.
816 1519 962 1575 sicut
1009 1519 1215 1575 dictum
1259 1529 1365 1584 est,
1410 1518 1694 1584 dimissus,
1730 1517 1973 1588 priorem
2023 1516 2091 1571 ad

505 1612 861 1668 Timotheum
915 1612 1141 1682 scripsit
1190 1613 1515 1683 epistolam,
1559 1628 1723 1681 quem
1769 1612 2093 1681 episcopum

504 1715 666 1759 antea
701 1704 903 1773 Ephesi
940 1705 1309 1760 constituerat
1356 1702 1455 1775 (5).
1499 1704 1556 1758 In
1588 1704 1693 1759 hac
1740 1712 1999 1773 tanquam
2038 1703 2092 1756 in

505 1800 681 1853 forma
711 1800 1060 1865 adumbrata,
1101 1803 1378 1857 rationem
1409 1814 1465 1856 et
1494 1802 1661 1856 vitam
1696 1801 2094 1858 bierarcbicam

503 1894 728 1964 copiose
759 1895 1052 1963 exprimit,
1079 1896 1340 1965 qualibus
1370 1897 1623 1951 moribus
1648 1910 1772 1952 esse
1802 1897 2098 1953 conveniat

503 2004 623 2052 eos,
654 1987 747 2057 qui
779 1987 1116 2043 Christianis
1145 1987 1323 2043 sacris
1353 2002 1587 2057 pratesse
1616 1988 1830 2051 volunt,
1859 1987 2098 2057 Spiritus

502 2082 686 2135 amata
735 2081 1010 2136 scribens.
1061 2080 1180 2136 Non
1233 2081 1415 2136 solum
1462 2091 1647 2136 autem
1695 2080 2010 2148 Timotheo,
2041 2093 2099 2138 et

505 2190 600 2241 per
638 2175 795 2227 illum
842 2174 1099 2229 ccclesiis
1124 2172 1329 2228 Christi
1366 2174 1645 2240 omnibus,
1674 2175 1767 2229 sed
1803 2176 1970 2230 etiam
2004 2189 2094 2231 sa-

502 2281 605 2315 cro
643 2265 766 2316 'I‘ito
800 2263 963 2317 aliam
1000 2263 1296 2333 epistolam
1340 2264 1564 2334 scripsit
1597 2281 1612 2318 :
1645 2280 1811 2333 quem
1861 2265 2099 2321 antehac

503 2355 699 2408 insula:
726 2354 907 2409 Cri-tae
933 2356 1262 2424 episcopum
1296 2354 1640 2422 ordinatum,
1669 2357 1741 2411 ibi
1773 2358 2097 2427 reliquerat,

505 2459 562 2499 ut
601 2453 643 2500 si
683 2445 814 2515 quid
866 2447 920 2500 in
976 2446 1294 2517 evangelica
1343 2449 1737 2517 praedicatione
1782 2466 1881 2505 sua
1915 2452 2099 2510 adhuc

504 2542 762 2603 αγρεε-ι,
825 2540 916 2595 ille
973 2540 1324 2610 adimpleret.
1377 2541 1459 2596 Ad
1518 2541 1841 2599 Corinthios
1890 2546 2095 2614 etiam,

510 2638 803 2706 Ephesios,
826 2635 1067 2699 Galatas,
1093 2636 1474 2700 Colossenses,
1494 2637 1905 2709 Philippenses,
1925 2640 2100 2697 Thes-

505 2732 915 2792 ιειιυιιίυθιιδυῧν
967 2741 1238 2800 praeterea
1281 2729 1348 2783 ad
1392 2729 1645 2797 Judasos,
1684 2742 1743 2787 et
1787 2734 2095 2800 Romanos,

504 2833 561 2875 et
592 2823 889 2892 plerosque
919 2822 1058 2877 alios
1091 2839 1233 2893 quos
1266 2839 1391 2878 eum
1440 2824 1595 2879 adire
1639 2824 1883 2894 Spiritus
1919 2829 2098 2884 sancti

510 2915 594 2967 ιίε
620 2922 674 2967 et
707 2913 882 2983 gratia
920 2913 1180 2985 iusserat,
1214 2930 1467 2985 quosque
1502 2931 1601 2986 per
1635 2915 1798 2971 ﬁdem
1843 2919 1897 2973 in
1939 2918 2098 2974 Chri-

508 3019 652 3059 stum
707 3006 1082 3075 evangelicam
1130 3006 1421 3078 magnillce
1468 3019 1930 3079 regeneraverat,
1977 3025 2099 3080 quae

509 3114 754 3168 prasens
783 3098 1037 3152 oratione
1066 3112 1163 3152 sua
1191 3098 1438 3155 dilucide
1460 3099 1752 3169 docuerat,
1779 3103 1970 3157 eadem
2001 3118 2100 3172 per

2215 588 2474 656 ἑπόμενοι
2509 589 2817 659 Πνεύματι,
2861 592 2947 642 τοί
2999 591 3206 660 ἐφεξῆς
3236 591 3627 663 ὲπιδάλλομεν,
3651 593 3781 648 Τότε

2210 676 2310 744 μὲν
2333 674 2428 730 οῦν
2457 677 2596 747 πρὸς
2652 677 2908 748 Νέρωνος
2945 678 3172 748 ἀφεθεὶς
3213 680 3241 733 ό
3294 680 3643 748 Ἀπόστολος,
3690 685 3783 738 ἰπὶ

2206 768 2306 838 τὴν
2340 769 2437 822 τοῦ
2492 770 2856 841 κηρύγματος
2915 772 3197 827 διακονίαν
3247 769 3405 839 αὖθις
3450 774 3729 830 ἐστέλλετο
3760 791 3777 809 ⁸

2202 863 2459 935 δεύτερον
2496 865 2544 918 δ’
2582 865 2853 919 ἐπιϐάντα
2903 869 2972 937 τῇ
3009 866 3177 921 αὑτοῦ
3211 868 3389 932 πόλει,
3453 867 3531 939 τῷ
3573 886 3779 941 μαρτυ-

2205 957 2307 1029 ρίῳ
2337 957 2694 1029 τελειωθῆναι
2756 959 2914 1026 λόγος
2947 964 3177 1027 κρατεῖ·
3223 963 3464 1031 καὶγὰρ
3513 958 3582 1035 ἦν
3632 966 3780 1028 εἰκὸς

2201 1050 2298 1105 τοῦ
2351 1040 2606 1121 Νέρωνος
2658 1054 2942 1123 καταρχὰς
3017 1053 3333 1125 ἠπιώτερον
3400 1056 3776 1127 διακειμένου,

2204 1145 2336 1215 ῥᾷον
2365 1143 2464 1213 τὴν
2489 1144 2633 1215 ὑπὲρ
2664 1144 2757 1197 τοῦ
2816 1145 3091 1215 δόγματος
3147 1146 3455 1216 ἀπολογίαν
3501 1149 3782 1219 προσήκα·

2204 1237 2328 1290 σθαι
2357 1236 2574 1291 Παύλου
2601 1254 2615 1269 ·
2653 1240 2735 1301 είς
2771 1238 2818 1291 δ’
2878 1240 3179 1310 ἀθεμίτους
3227 1240 3582 1307 ἐξοκείλαντα
3635 1243 3781 1308 πρά-

2203 1326 2334 1393 ξεις,
2377 1330 2517 1397 μετὰ
2551 1330 2662 1383 τῶν
2684 1330 2865 1384 ἄλλων
2897 1332 2994 1384 καὶ
3037 1331 3134 1393 τὰς
3166 1331 3278 1385 τῶν
3313 1333 3629 1388 ἀποστόλων
3657 1335 3778 1386 ἐπι-

2199 1421 2476 1493 τολμῆσαι
2536 1423 2777 1492 σφαγάς.
2836 1423 2972 1477 Τότε
3034 1425 3136 1493 μὲν
3164 1419 3260 1479 οῦν
3304 1424 3625 1495 ἀφειμένος,
3684 1425 3781 1495 τὴν

2202 1512 2339 1581 πρὸς
2370 1512 2640 1584 Τιμόθεον
2676 1514 2905 1586 πρώτην
2935 1516 3142 1587 γράφει
3182 1516 3499 1588 ἐπιστολὴν,
3549 1515 3610 1570 δν
3658 1518 3780 1571 ἐπί-

2202 1624 2410 1661 σκοπον
2478 1606 2708 1676 Ἑφέσου
2777 1608 3048 1680 πρότερον
3120 1611 3545 1681 καταστήσειεν,
3600 1610 3675 1675 ὡς
3723 1612 3779 1663 ὲν

2199 1702 2358 1771 τύπῳ
2409 1701 2503 1756 τὸν
2556 1703 2876 1774 ίεραρχικδν
2936 1704 3052 1776 βίον
3101 1705 3200 1760 καὶ
3242 1705 3404 1773 λόγον
3460 1704 3776 1773 ἀναγκαίως

2199 1793 2447 1860 διεξιών
2481 1793 2669 1847 ὁποῖόν
2700 1812 2823 1850 τινα
2855 1795 2973 1866 βίον
3010 1795 3192 1867 χρεὼν
3227 1797 3471 1865 μετιέναι
3499 1799 3612 1860 τοῖς
3634 1797 3776 1849 κατὰ

2128 1861 2170 1916 Β
2199 1887 2442 1958 Χριστὸν
2495 1886 2748 1956 ἱερᾶσθαι
2802 1861 3154 1960 βουλομένοις
3205 1861 3652 1962 καθυπογράφων
3699 1887 3778 1959 τῷ

2201 1978 2508 2048 Πνεύματι,
2535 1981 2633 2034 καὶ
2661 1980 2730 2034 δι’
2758 1982 2976 2036 ἐκείνου
3013 1981 3215 2044 πάσαις
3250 1984 3371 2046 ταῖς
3412 1981 3651 2053 Χριστοῦ
3686 1985 3778 2034 ικ-

2200 2071 2478 2144 κλησίαις.
2514 2073 2589 2128 Ού
2621 2074 2770 2145 μόνῳ
2799 2075 2857 2129 δὲ
2892 2073 3174 2144 Τιμοθέῳ,
3203 2074 3341 2129 ἀλλὰ
3378 2076 3476 2130 καὶ
3526 2074 3606 2147 τῷ
3650 2076 3779 2145 ιερῷ

2198 2167 2347 2238 Τίτῳ
2379 2166 2552 2236 ἄλλην
2607 2166 2827 2219 ἔστελλε
2866 2168 3099 2238 γράφων
3121 2182 3137 2198 ·
3167 2166 3228 2221 δν
3264 2166 3535 2239 πρότερον
3564 2168 3664 2236 τῆς
3691 2168 3785 2234 νή-

2200 2277 2294 2314 σου
2329 2261 2554 2332 Κρήτης
2573 2260 2928 2330 καταστήσας
2947 2261 3254 2313 ἐπίσκοπον
3276 2261 3546 2331 διαφῆκεν
3566 2259 3772 2324 ἐκεῖσε,

2198 2351 2271 2406 τὰ
2298 2352 2443 2407 κατὰ
2479 2353 2540 2406 τὸ
2596 2352 2936 2423 Εὐαγγέλιον
2987 2350 3157 2405 αὐτοῦ
3219 2338 3582 2424 ὑστερήματα
3619 2355 3781 2423 ἀνορτ

2200 2442 2467 2497 θώσοντα.
2530 2443 2644 2497 Καὶ
2690 2445 2831 2514 πρὸς
2887 2447 3211 2518 Κορινθίους
3236 2446 3291 2499 δὲ
3337 2444 3434 2499 καὶ
3475 2444 3778 2514 Ἐφεσίους,

2200 2536 2451 2602 Γαλάτας
2495 2554 2555 2591 τε
2588 2539 2683 2590 καὶ
2714 2538 3079 2606 Κολασσαεῖς,
3116 2539 3520 2610 Φιλιππησίους
3573 2556 3634 2590 τε
3684 2537 3777 2590 καὶ

2197 2631 2620 2695 Θεσσαλονικεῖς
2640 2647 2654 2663 ο
2695 2632 2777 2685 ἔτι
2805 2631 2863 2685 δὲ
2892 2634 3147 2705 καὶπρὸς
3176 2632 3470 2695 Ἰουδαίους
3512 2633 3610 2686 καὶ
3644 2632 3777 2685 Ῥω-

2204 2726 2417 2795 μαίους¹
2464 2726 2560 2778 καὶ
2602 2725 2814 2788 πάντας
2856 2727 2943 2795 ἐφ’
2980 2726 3074 2790 οὓς
3124 2726 3289 2780 αὑτὸν
3351 2725 3491 2796 μετὰ
3525 2725 3799 2795 σώματος,

2199 2819 2233 2889 ἡ
2263 2816 2359 2872 τοῦ
2416 2818 2578 2886 ἁγίου
2624 2819 2950 2890 Πνεύματος
2996 2820 3232 2889 δύναμις
3272 2820 3368 2872 καὶ
3413 2819 3575 2889 χάρις
3624 2818 3779 2871 ἐπελ-

2202 2909 2319 2965 θεῖν
2348 2910 2805 2983 παρεσκεύασεν
2855 2911 2951 2976 οὓς
3001 2914 3096 2966 καὶ
3134 2912 3223 2965 διὰ
3267 2912 3371 2982 τῆς
3413 2913 3494 2975 είς
3544 2912 3779 2982 Χριστδν

2201 3005 2442 3069 πίστεως
2478 3004 2558 3076 τῷ
2622 3005 2947 3077 Εὐαγγελίῳ
3001 3005 3276 3076 λαμπρῶς
3318 3005 3702 3075 ἀνεγέννησεν,
3746 3003 3782 3057 ἃ

2203 3096 2399 3167 παρὼν
2431 3097 2521 3151 διὰ
2549 3098 2820 3168 στόματος
2851 3096 3221 3166 κατεφώτιζε,
3253 3096 3429 3152 ταῦτα
3462 3096 3530 3150 δι’
3560 3098 3777 3150 ἐπιστο-

508 3191 900 3261 compcndium
946 3192 1149 3246 absens
1190 3195 1244 3246 in
1293 3194 1619 3249 memoriam
1664 3210 1950 3261 revocans,
1983 3197 2094 3267 opi-

2201 3189 2311 3244 λῶν
2343 3190 2780 3261 συντετμημένῳ
2810 3190 2957 3262 λόγῳ
2979 3191 3447 3261 ὑπομιμνήσκων.
3486 3191 3555 3244 Ἀ
3587 3189 3645 3244 δὲ
3681 3188 3780 3243 καὶ

508 3287 680 3339 stolas
723 3268 898 3338 dedit.
939 3286 1017 3339 Ita
1061 3299 1198 3340 vero
1249 3300 1314 3340 ea
1359 3301 1583 3357 quoque
1620 3303 1742 3358 quae
1780 3292 2094 3347 secretioris

2199 3283 2275 3347 ὡς
2306 3284 2664 3355 μυστηριώδη
2707 3302 2767 3337 τε
2818 3285 2911 3337 καὶ
2941 3284 3210 3355 ἀνέφικτα
3253 3285 3431 3339 ἐδίδου
3475 3286 3542 3356 τῇ
3601 3286 3778 3352 σιωπῇ

513 3377 784 3448 mysterii,
818 3376 1103 3446 magisque
1129 3378 1383 3434 abstrusa
1410 3387 1574 3433 antea
1601 3379 1825 3435 silentio
1848 3382 2094 3451 praeteri.

2203 3378 2496 3446 πρότερον,
2532 3376 2761 3448 ὕστερον
2809 3377 2899 3431 διὰ
2958 3377 3071 3431 τῶν
3112 3378 3277 3447 ἱερῶν
3310 3376 3478 3431 αὑτοῦ
3512 3376 3779 3448 γραμμά-

507 3480 650 3532 erat,
691 3479 878 3538 postea
926 3486 1024 3540 per
1069 3485 1225 3525 sacra
1267 3471 1473 3541 scripta
1506 3486 1629 3536 sua,
1659 3482 1758 3527 aut
1786 3473 2094 3543 grandioris

2199 3487 2328 3533 των,
2361 3469 2392 3538 ἢ
2430 3469 2635 3532 τελέως
2667 3470 2918 3537 μείζονος
2949 3469 3134 3537 λόγοις
3163 3470 3456 3539 θεοσοφίας
3487 3469 3779 3524 ἀνεκάθαι-

508 3563 799 3632 δςιμὶιιιιιὶιε
847 3563 1031 3619 verbis
1077 3573 1337 3619 accurate
1370 3573 1428 3620 et
1489 3564 1732 3621 dilucide
1774 3565 2094 3630 declaravit.

2206 3577 2319 3631 ρεν.
2351 3561 2385 3633 ἦ
2417 3559 2723 3632 ὁλοσχερῶς
2754 3562 2831 3625 ὡς
2861 3561 2929 3614 ἄν
2974 3578 3061 3625 τις
3089 3563 3235 3616 ετποι
3282 3564 3341 3616 ἑν
3373 3550 3777 3633 εἴδειίπαρασο-

509 3669 605 3711 ant
651 3658 842 3711 saltem
896 3657 979 3726 (ut
1021 3657 1097 3711 ita
1150 3656 1352 3728 dicam)
1401 3659 1792 3727 parabolarnm
1844 3673 1999 3713 more
2041 3668 2094 3714 et

2201 3654 2299 3725 λῆς
2340 3654 2691 3724 ὑπῃνίσσετο,
2724 3655 2861 3724 μήτε
2894 3652 2986 3708 διὰ
3017 3656 3144 3717 τοὺς
3174 3654 3342 3721 ἀξίως
3379 3656 3602 3710 ἀκούειν
3643 3656 3775 3726 μέλ-

508 3751 693 3819 specie
730 3759 989 3820 tanquam
1020 3765 1118 3819 per
1141 3750 1435 3820 aenigmata
1494 3752 1882 3816 adumbravit;
1917 3767 2097 3822 neque

510 3850 735 3910 propter
765 3853 861 3893 eos
900 3838 994 3908 qui
1046 3838 1112 3892 ad
1168 3852 1255 3893 res
1297 3838 1521 3893 divinas
1560 3839 1867 3896 audiendas
1910 3841 2095 3894 idonei

511 3930 685 3985 futuri
718 3938 900 3995 erant,
940 3946 1004 3983 ea
1031 3930 1340 3995 occultans,
1409 3945 1591 3999 neque
1625 3940 1853 4000 propter
1882 3930 2099 4001 ineptos

513 4027 682 4087 atque
710 4018 988 4087 indignos,
1017 4018 1261 4073 dilucide
1291 4031 1521 4088 prorsus
1547 4005 1604 4072 Et
1634 4030 1848 4088 aperte,
1870 4023 1939 4075 ad
1965 4035 2097 4076 conv

512 4118 782 4180 temptum
810 4111 1161 4172 evitandum,
1183 4126 1489 4182 exponens.
1512 4109 1649 4166 Cum
1676 4121 1860 4169 autem
1889 4114 2096 4183 denuo,

514 4211 574 4255 ut
605 4202 817 4255 dictum
867 4210 972 4266 est,
1009 4213 1139 4271 postl
1187 4203 1403 4273 longam
1442 4203 1759 4273 variamque
1804 4207 2101 4276 profectio-

512 4309 636 4347 nem
668 4304 723 4347 et
754 4308 1004 4357 cursum,
1032 4293 1262 4348 Romam
1292 4292 1467 4356 venit,
1495 4301 1674 4347 morte
1706 4294 1778 4350 ibi
1813 4311 1910 4365 pro
1934 4295 2099 4353 Chri-

509 4394 596 4440 sto
621 4394 706 4440 est
732 4385 998 4440 multatus
1031 4404 1043 4438 :
1072 4399 1184 4454 quo
1217 4393 1468 4455 tempore
1494 4400 1620 4440 cum
1664 4386 1850 4444 adhuc
1879 4391 2097 4448 vinctus

509 4485 674 4542 esset,
710 4475 1074 4545 posteriorem
1121 4473 1187 4527 ad
1226 4474 1579 4530 Timotheum
1625 4478 1938 4546 composuit
1967 4478 2095 4549 Epic

2199 3744 2397 3807 λοντας
2451 3746 2517 3798 τὰ
2574 3745 2695 3800 θεῖα
2748 3747 3260 3818 ὑποκρυπτόμενος,
3323 3749 3483 3820 μήτε
3515 3748 3606 3804 διὰ
3650 3750 3775 3813 τοὺς

2201 3835 2457 3901 ἀναξίους
2488 3837 2665 3890 ταῦτα
2692 3839 2842 3905 σαφῆ
2873 3840 3050 3909 πάντη
3086 3840 3182 3894 καὶ
3226 3842 3514 3912 πρόχειρα,
3552 3842 3641 3895 ἵνα
3696 3840 3772 3912 μὴ

2201 3930 2612 3999 περιφρονοίτο,
2647 3928 3005 3996 παραδιδούς.
3044 3927 3208 3995 Αὖθις
3257 3934 3458 4000 τοίνυν,
3493 3934 3569 3996 ὡς
3623 3933 3774 4004 εἴρηο

2199 4036 2316 4085 ται,
2341 4022 2483 4090 μετὰ
2506 4019 2609 4093 τὴν
2636 4020 2841 4094 πολλὴν
2873 4024 3128 4094 περίοδον
3178 4025 3273 4078 ἐπὶ
3312 4023 3531 4096 Ῥώμην
3581 4023 3775 4096 ὲληλα·

2200 4109 2337 4176 κὼς,
2370 4111 2451 4182 τῷ
2476 4110 2623 4182 ὑπὲρ
2649 4111 2896 4184 Χριστοῦ
2931 4113 3077 4167 τέλει
3104 4115 3381 4185 ἐχρήσατο
3407 4131 3424 4150 ο
3470 4112 3567 4170 ὅτε
3584 4116 3652 4187 δὴ
3681 4116 3776 4168 καὶ

2199 4202 2424 4272 δεσμοῖς
2446 4203 2735 4273 ἐχόμενος.
2760 4205 2862 4276 τὴν
2891 4207 3031 4277 πρὸς
3060 4205 3334 4278 Τιμόθεον
3361 4209 3623 4281 δευτέραν
3652 4226 3777 4261 συν-

2198 4296 2385 4350 τάττει
2436 4295 2768 4369 ἐπιστολήν·
2840 4299 2900 4356 ὲν
2955 4293 3128 4373 ᾖτήν
3175 4316 3237 4355 τε
3279 4304 3557 4375 προτέραν
3606 4301 3772 4356 αὐτοῦ

2199 4386 2504 4454 ἀπολογίαν
2566 4388 2848 4457 ἐμφαίνει,
2904 4395 2999 4445 καὶ
3030 4392 3131 4464 τὴν
3160 4395 3313 4461 παρὰ
3347 4395 3514 4459 πόδας
3559 4394 3777 4447 τελείω-

2201 4495 2308 4534 σιν.
2366 4479 2472 4533 Ἑν
2527 4478 2603 4550 τῇ
2647 4479 2850 4551 πρώτῃ
2901 4485 3011 4553 γάρ
3030 4502 3173 4554 μου,
3223 4487 3413 4557 φησὶν,
3476 4482 3775 4557 ἀπολογίᾳ

510 4568 730 4633 stolam,
766 4568 821 4621 in
866 4582 1007 4637 qua,
1050 4581 1177 4620 cum
1224 4565 1465 4636 priorem
1514 4566 1895 4624 defensionem
1937 4585 2093 4625 suam

2200 4570 2404 4638 οὐδείς
2469 4546 2597 4640 μοι*
2650 4546 3169 4647 σνυμπ-αρεγόιίετο,
3212 4546 3377 4634 ἀλλὰ
3399 4546 3647 4647 ⁷πάντες
3685 4546 3777 4651 ’με
3846 4615 3850 4618 ι

510 4661 774 4726 ostendit,
806 4669 921 4713 tum
955 4675 1075 4713 eam
1106 4674 1228 4728 quae
1253 4661 1364 4730 jam
1398 4660 1506 4716 sibi
1536 4661 1859 4717 imminebat
1886 4674 2094 4735 marty-

2199 4660 2626 4732 ὲγκατέλιπον.
2693 4666 2791 4743 Mi:
2842 4667 3049 4734 αὐτοῖς
3080 4672 3419 4738 λογισθείη.
3465 4672 3529 4725 '0
3561 4671 3630 4725 δὲ
3659 4676 3776 4726 Κύ-

513 4754 578 4807 rii
624 4751 1162 4808 consummationem
1211 4752 1477 4808 declarat.
1532 4754 1694 4825 190
1740 4774 1757 4807 ι
1810 4754 1879 4809 1η
1920 4759 2094 4820 prima

2199 4754 2324 4821 ριός
2366 4770 2469 4822 μοι
2514 4755 2940 4823 συμπαρέστη,
3007 4758 3104 4811 καὶ
3143 4757 3499 4829 ἑδυνάμωσέ
3541 4777 3640 4829 με,
3673 4762 3775 4814 ἵνα

510 4847 674 4906 enim,
709 4843 914 4913 inquit.
948 4844 1250 4914 defensione
1284 4862 1401 4899 mea
1434 4861 1603 4899 mento
1634 4847 1764 4900 mihi
1794 4848 1966 4917 affuit,
2004 4846 2098 4901 sed

513 4952 691 4989 omnes
722 4950 803 4988 me
835 4935 1226 4990 destituerunt:
1261 4952 1326 4989 ne
1350 4936 1405 4990 id
1436 4935 1545 4990 illis
1578 4937 1884 5004 imputetur.
1918 4937 2100 4991 Domi-

511 5044 608 5082 nus
633 5037 811 5080 autem
834 5026 962 5080 mihi
994 5037 1186 5096 prcrsto
1213 5027 1333 5097 fuit.
1360 5035 1408 5080 et
1435 5027 1748 5098 confortavit
1775 5044 1876 5092 me,
1905 5037 1962 5081 ut
1993 5046 2086 5098 per

512 5133 592 5169 me
630 5116 933 5186 prwdécatio
977 5116 1197 5185 impleta
1241 5116 1602 5187 perﬁceretur,
1647 5133 1868 5188 eamque
1907 5134 2087 5172 omnes

506 5218 684 5278 gentes
720 5209 966 5262 audirent
996 5225 1014 5263 :
1043 5218 1087 5262 et
1117 5209 1373 5264 liberatus
1404 5226 1521 5262 sum
1550 5226 1613 5263 ea:
1651 5226 1739 5264 ore
1774 5212 1935 5265 leonis
1963 5213 2028 5277 “,
2066 5234 2082 5263 ο

508 5300 782 5355 Neronem
827 5300 925 5365 ita,
957 5313 1183 5372 pr0pter
1215 5318 1420 5357 szerum
1452 5314 1507 5356 et
1539 5303 1778 5359 ferocem
1810 5307 1933 5374 ejus
1963 5308 2083 5361 ani-

513 5412 685 5462 tnnm,
712 5396 1028 5466 designans.
1069 5396 1136 5449 Et
1167 5413 1291 5450 cum
1321 5396 1375 5449 in
1415 5398 1614 5466 spiritu
1647 5399 1836 5461 sciret,
1863 5402 2086 5470 jamjam

526 5532 533 5537 ’
585 5534 632 5567 ³⁸
678 5536 722 5590 ll
757 5535 897 5590 Tun.
947 5553 1019 5601 tv,
1058 5535 1142 5589 Π.

586 5702 662 5775 (ί)
692 5699 949 5775 Secundo
980 5698 1304 5775 imperantis
1354 5699 1588 5775 Neronis
1633 5717 1780 5756 anno
1837 5707 2077 5775 primum

511 5765 710 5823 Paulus
736 5770 960 5822 Ruinam
988 5765 1134 5822 venit
1184 5774 1225 5823 Α
1254 5787 1362 5839 quo
1410 5772 1574 5825 etiam
1607 5782 1718 5825 tum
1751 5765 2083 5830 est'ahsulu-

510 5844 618 5906 tus,
656 5841 799 5891 intra
836 5842 1277 5910 quinquennium
1323 5843 1476 5907 illud,
1509 5860 1620 5911 quo
1661 5849 1962 5901 tolerabilis
1998 5859 2081 5917 ty-

2198 4841 2271 4895 δι⁹
2302 4843 2450 4911 ἐμοῦ
2506 4844 2572 4897 τὸ
2623 4843 2901 4914 κήρυγμα
2930 4849 3384 4919 πληροφορηθῇ,
3447 4852 3546 4906 καί
3589 4853 3773 4907 ἁκού-

2201 4949 2361 4989 σωσι
2390 4934 2592 4990 πάντα
2629 4937 2702 4991 τὰ
2731 4938 3027 5007 domi-aa!
3054 4942 3360 5012 ἐρῤύσθην
3382 4938 3450 4999 ἐκ
3475 4948 3777 5017 στόματος

2198 5026 2452 5092 λέοντος
2476 5041 2490 5056 ’
2533 5025 2624 5081 τὸν
2659 5028 2892 5098 Νέρωνα
2915 5031 3005 5084 διὰ
3028 5035 3092 5086 τὸ
3144 5034 3426 5106 όμόθυμον
3473 5039 3617 5092 οὕτω
3675 5058 3778 5094 κα-

2200 5121 2329 5175 λῶν.
2371 5121 2541 5186 Εἰδώς
2590 5139 2654 5190 γε
2721 5126 2831 5193 μὴν
2897 5126 2957 5178 ὲν
2990 5127 3273 5200 Πνεύματι
3302 5130 3403 5204 τὴν
3447 5132 3573 5188 ὅσον
3619 5135 3775 5190 οὔπω

2201 5212 2476 5283 ἐσομένην
2498 5214 2665 5266 αὑτοῦ
2701 5214 2843 5286 ὑπὲρ
2871 5217 3111 5288 Χριστοῦ
3172 5222 3458 5296 τελευτὴν,
3517 5228 3775 5299 ἐπιφέρει

2203 5306 2587 5375 παραπλήσιόν
2615 5323 2668 5358 τι
2695 5321 2708 5335 ’
2739 5307 2850 5360 Καὶ
2900 5309 3161 5377 ῥύσεταί
3184 5332 3262 5385 με
3310 5319 3344 5371 ό
3384 5319 3607 5387 Κύριος
3655 5321 3777 5376 ἀπὸ

2200 5403 2431 5464 παντὸς
2461 5399 2642 5469 ἔργου
2677 5403 2987 5471 πονηροῦ*
3024 5407 3126 5461 καὶ
3182 5411 3371 5466 σώσει
3409 5429 3488 5482 με
3523 5416 3613 5480 είς
3662 5418 3779 5485 τὴν

2194 5722 2402 5765 rannus
2436 5712 2482 5767 is
2514 5713 2681 5770 fuisse
2699 5715 2923 5772 dicitur.

2265 5782 2341 5849 (τί)
2386 5782 2713 5855 Ϊτοάεοίιιιο
2752 5786 2963 5855 imperii
2996 5786 3235 5843 Neronis
3260 5807 3425 5846 anno.

2263 5855 2339 5921 (ὃ)
2382 5853 2423 5907 Ε
2455 5854 2726 5910 Laodicea
2764 5853 3013 5928 Phrygiae
3044 5859 3349 5917 Pacatiana:
3381 5866 3699 5923 metropoli.
