4046 6490
289 446 379 510 845
426 476 449 497 κ

1232 420 1846 498 ECCI.ESIASTIC.E
1896 420 2286 495 lllSTORUE
2330 433 2476 493 LIB.
2526 422 2609 490 Il.

3435 410 3541 477 856

284 556 597 627 βαὺιλείαν
624 556 812 610 αὑτοῦ
846 555 961 622 τὴν
1000 554 1368 620 ἐποινρανιον
1389 565 1401 578 ·
1445 549 1514 603 τὸ·
1537 547 1856 619 παραυτίκα

1989 552 2137 618 psius
2168 564 2266 617 pro
2296 546 2517 603 Christo
2550 536 2743 597 adesse
2774 549 3036 603 mortem,
3067 534 3247 592 simile
3278 530 3540 603 quiddam

293 650 582 724 μαρτύριον
646 647 1048 715 αἰνιττόμενος,
1081 644 1109 696 ὃ
1155 645 1253 696 καὶ
1287 642 1631 711 σαφέστερον
1677 641 1735 692 ὲν
1780 641 1847 708 τῇ

289 748 409 817 αὐτῇ
446 742 812 814 προφοιόάζει
869 738 1153 809 ἐπιστολῇ,
1198 735 1348 807 Ἐγὼ
1370 735 1480 805 γὰρ
1518 735 1635 804 ἤδη
1657 733 1850 789 σπέν-

200 901 205 906 ,
289 839 467 906 donat,
499 835 701 902 λέγων,
730 832 883 887 καὶὸ
916 829 1125 900 καιρὸς
1150 828 1263 897 τῆς
1314 827 1468 898 ἐμῆς
1495 827 1852 891 ἀναλύσεως

291 930 638 1000 ἐφέστηκεν.
710 924 1107 994 Ἐπισημαίνει
1166 922 1354 992 μέντοι
1414 922 1475 975 ἐν
1509 922 1575 991 τῇ
1628 918 1854 989 τοιαύτῃ

293 1024 515 1093 δευτέραν
539 1020 676 1091 πρὸς
713 1018 985 1088 Τιμόθεον
1040 1015 1136 1069 καὶ
1192 1015 1400 1086 ὑστέρᾳ
1455 1013 1719 1083 ἐπιστολῇ
1764 1012 1856 1064 τὸν

293 1118 492 1172 Λουκᾶν
524 1112 674 1183 αὐτῷ
702 1112 1078 1181 συμπαρεῖναι
1105 1123 1119 1137 ·
1167 1106 1310 1160 κατὰ.
1337 1106 1394 1159 δὲ
1445 1104 1542 1175 τὴν
1583 1104 1857 1175 προτέραν

293 1208 579 1274 ἀπολογίαν
629 1204 750 1258 οὐδὲ
787 1200 1003 1255 τοῦτον.
1044 1200 1213 1253 Ὅθεν
1269 1198 1497 1258 εἰκότως
1559 1197 1857 1264 συνάγεται

291 1300 374 1362 τὰς
396 1298 505 1351 τῶν
531 1294 851 1349 ἀποστόλων
882 1290 1120 1361 Πράξεις
1167 1290 1260 1343 τὸν
1303 1291 1450 1342 θεῖον
1498 1290 1718 1342 Λουκᾶν
1770 1286 1858 1341 ἐπ’

291 1394 482 1445 ἐκεῖνον
506 1386 852 1459 περιγράψαι
883 1385 972 1438 τὸν
1001 1384 1194 1454 χρόνον
1219 1399 1235 1416 ·
1269 1384 1362 1436 καὶ
1386 1381 1486 1451 τὴν
1509 1381 1629 1434 κατ’
1657 1380 1858 1443 αὐτοὺς

295 1481 528 1550 ἱστορίαν
552 1479 826 1548 λαμπρῶς
860 1475 1275 1548 ὑφηγήσασθαι,
1308 1474 1415 1538 ἓως
1442 1467 1504 1529 οὗ
1537 1474 1614 1543 τῷ
1659 1470 1860 1543 Παύλῳ

294 1574 452 1644 συνῆν
482 1574 778 1644 πρότερον.
807 1570 919 1623 Καὶ
945 1569 1124 1623 ταῦτα
1167 1567 1483 1637 διήλθομεν,
1530 1564 1704 1629 δεῖξαι
1736 1580 1859 1616 πειο

294 1671 544 1738 ρὼμενοι,
583 1666 661 1736 μὴ
682 1665 744 1718 τὸ
768 1663 1076 1736 μαρτύριον
1114 1661 1193 1734 τῷ
1220 1659 1421 1732 Παύλῳ
1457 1657 1705 1726 γενέσθαι
1734 1653 1861 1710 καθ’

296 1762 403 1833 ἢνὸ
449 1761 665 1824 Λουκᾶς
713 1757 1016 1829 ἐπιδημίαν
1057 1756 1156 1810 τοῦ
1220 1754 1437 1809 Παύλου
1478 1752 1571 1807 ἐπὶ
1637 1750 1862 1820 Ῥώμης

294 1827 617 1924 ἀνέγραψεν,
675 1851 793 1905 ἀλλ’
827 1827 895 1913 es
934 1850 1187 1921 ὕστερον.
1252 1850 1443 1902 Πᾶσαν
1500 1848 1612 1918 γὰρ
1673 1844 1863 1916 σχεδὸν
1898 1827 1938 1882 Β

292 1945 382 2016 τὴν
411 1947 519 2016 γῆν
547 1942 801 2009 διελθὼν,
827 1941 925 1997 καὶ
946 1944 1037 1996 ἐπὶ
1067 1943 1233 1996 πέντε
1267 1943 1362 1994 καὶ
1391 1941 1692 2012 τριάκοντα
1720 1938 1862 2008 ὑπὲρ

293 2036 522 2108 Χριστοῦ
553 2037 632 2108 τῷ
670 2036 994 2106 Εὐαγγελίῳ
1029 2034 1374 2109 ,διαθλεύσας
1432 2035 1727 2097 ἐνιαυτοῖς,
1776 2047 1865 2083 τε-

294 2133 537 2186 λευταῖον
569 2130 665 2185 ἐπὶ
707 2129 932 2200 Ῥώμης
955 2129 1017 2182 τὸ
1046 2127 1305 2199 δεύτερον
1337 2125 1606 2195 γεγονὼς,
1655 2125 1752 2179 καὶ
1787 2123 1865 2196 τῷ

295 2224 569 2297 κορυφαίῳ
590 2223 702 2277 τῶν
737 2222 1056 2277 ἀποστόλων
1089 2221 1282 2292 Πέτρῳ
1307 2218 1711 2290 ἐντετυχηκὼς,
1749 2217 1868 2271 ἐκεῖ

295 2317 509 2388 σύναμα
541 2318 719 2388 τούτῳ
754 2315 845 2369 τὸν
868 2315 968 2386 τῆς
1029 2313 1344 2387 ἀφθαρσίας
1405 2312 1707 2384 ἀνεδήσατο
1749 2311 1866 2366 στέ-

292 2428 475 2482 φανον.

851 2698 1116 2752 ΚΕΦΛΛ.
1175 2694 1299 2750 AE'.

292 2812 428 2880 Περὶ
486 2809 604 2865 τῶν
637 2809 989 2878 ἀποδημιῶν
1043 2811 1271 2877 Πέτρου
1335 2810 1443 2864 τοῦ
1476 2809 1865 2880 ἀποστόλου·

362 2879 462 2937 imi
483 2884 612 2951 περὶ
654 2884 762 2935 τοι)
789 2880 949 2949 ἱεροῦ
981 2884 1332 2951 Inﬁtias-1pc
1366 2881 1468 2934 καὶ
1515 2883 1623 2935 τοῦ
1652 2879 1872 2947 γένους

361 2936 723 3078 (terg-cmi
763 2936 852 3016 ὠξ
876 2936 1134 3020 ὕστεροῖ·
1158 2936 1259 3005 καί
1284 2936 1469 3018 άὺτὸς
1489 2951 1604 3019 τὴν
1639 2936 1874 3018 Ῥώμηιῖ·

365 3042 474 3077 κατ
549 3043 583 3078 a
621 3041 674 3078 ε.

1959 642 2125 697 infert
2149 659 2164 696 :
2191 646 2257 697 Et
2286 638 2531 695 liberabit
2553 652 2634 691 me
2654 634 2911 689 Dominus
2936 633 3000 685 ab
3027 627 3169 683 omni
3194 640 3352 696 opere
3376 619 3542 685 malo,

1958 740 2007 788 et
2033 733 2363 807 conservabit
2389 732 2445 785 in
2472 744 2692 800 regnum
2711 741 2867 779 suum
2895 722 3099 778 calcate
3120 720 3189 787 ³⁸;
3216 717 3542 788 martyrium

1959 825 2289 897 impendens
2314 823 2659 896 signiﬁcans.
2685 820 2742 875 Id
2766 816 2911 890 quod
2945 810 3348 889 signiﬁcantius
3371 812 3425 866 in
3453 816 3547 864 ea-

1959 921 2085 974 dem
2134 919 2274 986 ipsa,
2307 915 2500 973 divino
2529 913 2818 977 instinctu,
2850 909 3103 981 praedicit
3129 904 3397 977 Epistula,
3435 901 3548 974 Ego

1959 1016 2099 1070 enim
2130 1016 2272 1085 jam,
2320 1012 2603 1084 inquiens,
2639 1007 2841 1063 delibor
2887 1015 2936 1060 et
2985 1005 3195 1077 efferor,
3239 1008 3547 1069 tempusque

1961 1107 2295 1162 resolutionis
2351 1119 2482 1158 mea:
2532 1102 2698 1157 instat
2740 1100 2807 1155 “.
2863 1097 3073 1153 Iudicat
3124 1108 3292 1167 porro
3343 1093 3397 1146 in
3444 1090 3549 1144 hac

1964 1199 2271 1267 posteriore
2306 1197 2616 1266 ultimaque
2648 1190 2716 1249 ad
2754 1191 3109 1248 Timotheum
3141 1185 3375 1251 epistula
3433 1181 3546 1236 Lu-

1963 1309 2082 1349 cam
2137 1291 2243 1348 sibi
2295 1290 2522 1346 affuisse
2557 1306 2570 1343 :
2607 1287 2662 1342 in
2710 1286 2898 1357 priore
2954 1292 3141 1339 autem
3188 1278 3549 1340 defensione,

1964 1402 2033 1441 ne
2067 1400 2195 1440 eum
2233 1383 2460 1454 quidem
2493 1381 2699 1452 ipsum.
2742 1377 2902 1435 Unde
2936 1374 3119 1444 colligi
3159 1381 3305 1427 recte
3343 1376 3549 1441 potest,

1964 1476 2342 1549 apostolorum
2371 1477 2507 1531 Acta
2535 1473 2726 1529 divum
2757 1470 2957 1526 Lucam
2986 1480 3162 1538 usque
3190 1465 3257 1520 ad
3289 1464 3342 1519 id
3370 1465 3548 1532 ipsum

1965 1581 2185 1642 tempus
2230 1569 2642 1640 perscripsisse,
2681 1564 3091 1633 historiamque
3127 1574 3347 1617 omnem
3383 1556 3460 1629 (l)
3497 1565 3555 1610 et

1965 1675 2086 1722 acta
2115 1680 2310 1721 eorum
2359 1661 2674 1734 magniﬁce,
2708 1659 2983 1729 tantisper
3020 1656 3150 1711 dum
3183 1652 3354 1709 Paulo
3398 1652 3554 1721 prius

1968 1760 2165 1827 adfuit,
2190 1769 2550 1831 prosecutum
2582 1769 2726 1812 esse.
2751 1754 2933 1824 Atque
2963 1751 3081 1806 haec
3107 1747 3332 1821 quidem
3362 1761 3555 1801 recen-

1967 1855 2075 1920 sui,
2110 1854 2246 1910 illud
2295 1851 2595 1909 ostendere
2639 1848 2853 1912 volens,
2891 1846 3120 1903 Paulum
3169 1832 3552 1898 testimonium

1967 1962 2154 2013 suum,
2184 1946 2332 2017 quod
2363 1945 2527 2002 Luca:
2557 1944 2839 2015 perhibet,
2870 1956 2982 1996 non
3019 1939 3084 1994 ad
3112 1928 3165 1993 id
3194 1934 3340 2007 quod
3368 1932 3459 1987 ille
3485 1929 3555 1985 de

1968 2040 2211 2096 adventu
2239 2039 2393 2095 Pauli
2424 2038 2658 2095 Romam
2687 2038 2740 2091 in
2772 2032 2925 2091 Actis
2948 2033 3066 2089 suis
3094 2020 3342 2100 scripsit.
3373 2023 3468 2081 sed
3498 2023 3554 2078 in

1967 2132 2247 2205 posterius
2271 2141 2488 2202 tempus
2523 2127 2752 2186 referre.
2780 2116 2922 2182 Toto
2948 2124 3095 2180 enim
3131 2113 3245 2177 fere
3275 2107 3410 2175 orbe
3436 2128 3559 2183 pcr-
3594 2192 3599 2199 ν

1969 2233 2183 2295 agrato,
2212 2230 2381 2293 atque
2414 2221 2642 2292 triginta
2669 2228 2726 2276 et
2765 2220 3014 2289 quinque
3039 2214 3202 2270 annis
3238 2205 3558 2281 evangelica

1969 2333 2072 2388 pro
2098 2316 2323 2372 Christo
2351 2315 2657 2371 certamine
2697 2320 2947 2383 peracto,
2983 2324 3109 2365 cum
3144 2313 3427 2379 postremo
3458 2303 3562 2357 ite.

1973 2426 2094 2465 rum
2127 2409 2317 2464 Romae
2344 2420 2495 2464 esset
2514 2405 2618 2479 (2),
2643 2413 2701 2462 et
2730 2405 2786 2460 in
2814 2402 3168 2474 coryphaeum
3186 2396 3562 2471 praecipuum-

1976 2518 2083 2573 que
2125 2500 2501 2567 apostolorum
2549 2501 2779 2555 Petrum
2823 2497 3113 2561 incideret,
3139 2509 3245 2550 una
3292 2497 3420 2548 cum
3466 2489 3563 2545 illo

1974 2596 2048 2650 ibi
2094 2592 2522 2649 immortalitatis
2553 2606 2818 2649 coronam
2853 2589 3087 2660 accepit.

2506 2705 2736 2762 CAPUT
2778 2704 2996 2760 XXXV.

1979 2822 2052 2877 De
2105 2820 2616 2892 peregrinationibus
2676 2818 2825 2892 Petri
2873 2818 3143 2892 apostoli:
3193 2824 3243 2869 et
3296 2815 3362 2869 de
3409 2829 3567 2869 sacro

2047 2889 2335 2954 Clemente.
2372 2902 2420 2946 et
2454 2906 2640 2962 genere
2670 2891 2823 2959 ejus:
2852 2900 2902 2942 et
2932 2900 2989 2942 ut
3012 2889 3123 2957 ipse
3145 2902 3351 2958 quoque
3382 2894 3568 2958 postea

2049 2964 2269 3018 Romam
2307 2964 2526 3017 venerit.

364 3139 478 3209 Οὐχ
517 3132 681 3209 ἦττον
715 3137 825 3208 γὰρ
869 3136 967 3190 καὶ
1002 3137 1206 3207 Πέτρος
1231 3137 1329 3206 τὴν
1355 3136 1460 3205 γῆν
1492 3134 1740 3203 διελθὼν,
1778 3137 1873 3188 καὶ

2055 3145 2175 3200 Non
2203 3143 2386 3200 minus
2408 3142 2611 3198 etenim
2637 3138 2834 3197 Petrus
2853 3156 3075 3213 quoque
3097 3131 3236 3197 orbe
3256 3149 3570 3211 peragrato.

287 3239 402 3298 τοῖς
463 3237 526 3289 ἐκ
579 3234 888 3305 περιτομῆς
918 3232 1146 3299 ἅπασιν,
1198 3233 1263 3287 ἐν
1314 3251 1375 3286 τε
1412 3232 1752 3306 Παλαιστίνῃ
1785 3235 1880 3286 καὶ

290 3329 469 3401 Συρίᾳ
505 3334 608 3384 καὶ
634 3333 697 3397 τῇ
735 3328 873 3402 ἄλλῃ
905 3328 1097 3399 σχεδὸν
1128 3330 1199 3399 γῇ
1230 3328 1291 3381 τὸ
1332 3327 1605 3399 κήρυγμα
1637 3328 1883 3382 διασπεῖ-

287 3441 418 3495 ρας,
465 3424 570 3476 κάν
624 3425 746 3487 ταῖς
780 3424 980 3493 ἀρχαῖς
1020 3422 1278 3493 Νέρωνος
1306 3424 1372 3492 τῇ
1412 3421 1711 3490 Ῥωμαίων
1757 3424 1881 3474 ὲπι-

282 3516 568 3587 δημήσας,
628 3514 719 3569 διὰ
773 3515 866 3568 τὸν
930 3515 1181 3585 μυσαρὸν
1234 3515 1455 3585 Σίμωνα
1507 3514 1641 3567 Θεὸν
1692 3513 1883 3568 ἑαυτὸν

281 3610 708 3680 ἀναγράφοντα,
762 3609 858 3663 καὶ
913 3610 975 3663 τὸ
1016 3609 1159 3662 κατά
1210 3608 1451 3678 Χριστὸν
1483 3607 1884 3679 διαστρέφοντα

280 3706 557 3775 κήρυγμα
588 3722 602 3735 ·
635 3703 819 3775 ἔργοις
848 3704 893 3758 δ’
921 3699 1015 3757 οὖν
1075 3704 1171 3756 καὶ
1213 3703 1388 3772 λόγων
1431 3701 1660 3773 δυνάμει
1694 3702 1886 3754 τοῦτον

279 3802 542 3869 ἐλέγξας,
594 3801 698 3870 τήν
746 3818 807 3853 τι
851 3800 1146 3869 Ῥωμαίων
1190 3797 1524 3865 Ἐκκλησίαν
1554 3798 1750 3867 πρῶτα
1783 3795 1883 3866 μὲν

277 3898 463 3961 Λίνῳ,
496 3888 598 3947 εἴτ’
639 3893 992 3964 ’Δνεγκλήτω
1029 3892 1152 3955 δοὺς
1197 3891 1430 3945 διέπειν·
1469 3870 1641 3962 τρίτῳ
1670 3890 1726 3943 δὲ
1765 3892 1883 3958 μετ’

276 3990 517 4053 αὐτοὺς,
552 3986 695 4058 πρὸς
726 3988 886 4050 τέλος
911 3985 1111 4057 ιήκων,
1151 3983 1230 4055 τῷ
1267 3982 1571 4055 σοφωτάτῳ
1606 3983 1888 4052 Κλήμεντι

277 4086 396 4145 τὰς
429 4082 582 4145 κλεῖς
633 4079 965 4151 ἐπιτρέψας,
1023 4079 1317 4149 μετεϐαινε
1353 4077 1493 4148 πρὸς
1533 4076 1688 4131 Θεόν.
1726 4078 1814 4141 Ὠς
1843 4078 1889 4130 δ’

276 4178 390 4231 οὖν
426 4172 569 4242 μετὰ
614 4173 866 4246 Σίμωνος
913 4172 1021 4226 ὑπὸ
1073 4171 1329 4241 Νέρωνος
1381 4164 1473 4223 οἷα
1511 4170 1760 4240 τεράτων
1788 4170 1889 4223 αὖ·

278 4265 526 4332 τηιυργοὶ
581 4262 678 4316 καὶ
733 4261 905 4332 ἄμφω
959 4262 1062 4331 τῆς
1105 4260 1328 4332 Ῥώμης
1381 4259 1702 4330 ἠλαύνοντο,
1752 4262 1891 4328 πρὸς

286 4357 410 4427 τὴν
453 4352 852 4426 Ἰεροσολύμων
881 4352 1042 4417 αὖθις
1068 4354 1168 4407 καὶ
1188 4353 1289 4416 τὰς
1326 4353 1424 4424 τῆς
1452 4353 1596 4422 ἑῴας
1629 4356 1656 4407 ὁ
1685 4353 1892 4426 Πέτρος

278 4445 500 4518 ἐχώρει
542 4445 731 4507 πόλεις
757 4460 771 4474 ο
808 4445 904 4499 καὶ
949 4446 1051 4515 τὴν
1091 4443 1322 4513 ὑφήλιον
1381 4443 1748 4512 καταυγάζων
1778 4447 1892 4507 τοῖς

283 4537 574 4607 θαύμασι,
628 4535 916 4606 Φαυστίνῳ
970 4535 1067 4588 καὶ
1113 4535 1489 4605 Φαυστινιανῷ
1541 4537 1889 4608 ἐντυγχάνει,

282 4634 486 4686 εἰτουν
539 4632 762 4702 Νικήτᾳ
814 4631 910 4684 καὶ
969 4627 1210 4700 Ἀκύλα·
1248 4628 1299 4682 οἳ
1356 4629 1421 4699 δὴ
1473 4631 1608 4694 υἱεῖς
1654 4631 1752 4700 μὲν
1794 4629 1890 4683 τοῦ

281 4723 593 4796 περιδόξου
652 4723 902 4778 Φαύστου
954 4721 1013 4776 ἐν
1081 4720 1270 4793 Ῥώμῃ
1328 4716 1503 4793 ἦσαν,
1551 4723 1689 4794 πρὸς
1735 4723 1894 4790 γένος

277 4819 458 4880 ὄντες
490 4815 586 4871 τοῦ
616 4818 921 4885 Καίσαρος,
950 4811 1168 4883 ἀδελφὼ
1190 4812 1247 4866 δὲ
1274 4812 1617 4884 Κλήμεντος.
1654 4815 1896 4879 Τούτους

279 4918 356 4970 δὲ
400 4914 504 4983 τῆς
535 4913 827 4984 τερατείας
872 4911 969 4966 τοῦ
1003 4912 1253 4983 Σίμωνος
1288 4911 1633 4977 ἀποστήσας,
1666 4911 1768 4976 τὰς
1798 4912 1898 4965 πό-

281 5011 426 5071 λεις
472 5006 637 5078 διῄει,
673 5010 743 5061 τὰ
788 5007 1042 5076 Σίμωνος
1085 5004 1383 5075 σπέρματα
1417 5003 1478 5069 ἐξ
1509 5004 1692 5058 αὐτῶν
1728 5006 1899 5076 ῥιζῶν

289 5101 608 5163 ἀνασπῶν,
647 5102 704 5164 ἐς
744 5099 978 5170 ὓστερον
1031 5099 1087 5153 δὲ
1139 5101 1233 5153 καί
1280 5098 1369 5152 τὸν
1408 5099 1556 5169 ἱερὸν
1597 5098 1896 5171 Κλήμεντα

283 5194 681 5268 σαγηνεύσας·
720 5194 819 5249 ἆτε
871 5195 936 5264 δὴ
973 5196 1088 5257 τοῖς
1126 5193 1342 5246 ἐκείνου
1396 5193 1733 5264 ἀπορρήτοις
1765 5193 1896 5263 περὶ

180 5309 186 5314 ν
279 5290 495 5361 ψυχῆς
535 5290 633 5343 καὶ
680 5288 1191 5352 ἀποκαταστάσεως
1222 5287 1318 5340 καὶ
1349 5286 1529 5342 ἄλλων
1563 5282 1901 5357 ζητημάτων

282 5385 368 5438 τὸ
425 5384 647 5449 εὐγενὲς
702 5382 800 5450 τῆς
854 5380 1066 5443 λύσεως
1123 5379 1450 5450 παρασχὼν,
1504 5378 1603 5432 καὶ
1655 5378 1902 5447 θαύμασι

282 5476 536 5540 πολλοῖς
576 5477 671 5527 καὶ
716 5476 908 5544 σοφίας
963 5473 1284 5544 ἀπορρήτου
1333 5473 1563 5541 δυνάμει
1617 5471 1905 5541 dmutassi-

383 5618 434 5652 ³⁸
460 5619 506 5675 ll
540 5617 684 5673 Tim.
719 5633 792 5681 Iv,
817 5617 905 5671 18.
986 5616 1031 5648 ³⁸
1058 5615 1197 5671 Ibid.
1240 5616 1292 5671 6.

377 5776 467 5845 (l)
497 5777 676 5851 Lucas
713 5775 849 5851 Acta
885 5791 983 5831 sua
1008 5773 1310 5851 apostolica
1357 5772 1425 5851 ad
1458 5773 1698 5842 priorem
1748 5769 1896 5825 Pauli

270 5866 320 5903 υ
335 5850 510 5902 rliem
549 5850 708 5903 Rom.
744 5846 1059 5902 adventum’
1075 5846 1440 5902 continuavit.

382 5917 470 5989 (2)
505 5924 625 5986 Quo
657 5919 869 5974 scilicet
899 5928 1149 5989 tempore
1192 5916 1557 5987 posteriorem
1604 5911 1670 5968 ad
1708 5911 1896 5968 Timo-

1987 3247 2041 3292 ει
2076 3236 2146 3292 iis
2176 3241 2270 3307 qui
2308 3240 2377 3292 ex
2407 3235 2835 3291 circumcisione
2864 3233 3043 3300 erant,
3082 3232 3343 3288 omnibus
3378 3233 3432 3286 in
3468 3231 3572 3287 Pa-

1986 3333 2199 3387 laestina
2230 3345 2287 3388 et
2319 3330 2475 3402 Syria
2513 3340 2568 3385 et
2601 3329 2809 3398 ubique
2844 3329 2957 3384 fere
2991 3339 3262 3384 terrarum
3312 3328 3579 3399 pnedicao

1988 3426 2135 3480 tione
2160 3425 2524 3496 promulgata,
2545 3438 2670 3478 cum
2694 3424 2798 3477 sub
2815 3422 3053 3478 Neronis
3071 3423 3304 3493 imperio
3318 3424 3575 3490 Romam,

1988 3526 2212 3588 propter
2254 3514 2641 3573 detestandum
2691 3517 2842 3571 illum
2882 3517 3187 3582 Simonem,
3216 3517 3312 3588 qui
3343 3519 3579 3589 publicis

1989 3609 2447 3679 inscriptionibus
2482 3612 2653 3664 Deum
2685 3625 2744 3664 se
2772 3625 2993 3673 vocare.
3228 3611 3580 3681 praedicatio-

1990 3718 2231 3773 nemque
2255 3702 2469 3758 Christi
2496 3715 2749 3759 evertere
2773 3714 2858 3759 est
2883 3717 3080 3772 ausus,-
3100 3704 3369 3774 venisset,
3394 3706 3580 3762 iactis-

1989 3813 2097 3868 que
2123 3798 2277 3852 illum
2299 3798 2461 3853 simul
2489 3809 2541 3853 et
2570 3812 2888 3853 sermonum
2914 3799 2965 3853 vi
2997 3800 3361 3870 cuarguisset,
3409 3813 3577 3875 atque

1991 3882 2364 3949 Romanorum
2403 3893 2683 3957 Ecclesiae,
2724 3898 2961 3964 primum
3007 3896 3234 3966 quidem
3280 3897 3440 3965 Lino,
3478 3899 3579 3955 de-

1991 3985 2121 4041 inde
2151 3986 2438 4051 Anacleto,
2470 3994 2527 4042 et
2563 3994 2688 4055 post
2722 3986 2825 4041 bos
2868 3988 3052 4051 tertio,
3086 3988 3153 4043 ad
3191 4002 3424 4046 mortem
3470 4008 3579 4048 va-

1992 4076 2154 4143 dens,
2192 4077 2601 4147 sapientissimo
2642 4078 2912 4134 Clementi
2959 4080 3142 4135 claves
3184 4083 3581 4149 commisisset,

1994 4169 2062 4225 ad
2088 4169 2260 4224 Deum
2292 4170 2571 4240 migravit.
2605 4160 2655 4224 is
2689 4185 2854 4241 porro
2887 4186 2992 4225 una
3021 4184 3149 4226 cum
3181 4170 3430 4238 Simone,
3460 4183 3583 4231 tan-

1995 4276 2161 4334 quam
2182 4260 2566 4331 prodigiorum
2590 4254 2843 4329 eil‘ector,
2871 4277 2900 4316 a
2928 4254 3145 4317 Nerone
3172 4263 3343 4318 Roma
3369 4266 3584 4333 pulsus.

1995 4357 2377 4428 Hierosolyma
2416 4372 2636 4411 rursum
2665 4364 2720 4411 et
2747 4356 3059 4412 Orientales
3089 4358 3345 4413 civitates
3377 4361 3535 4429 petiit
3568 4379 3583 4415 :

1996 4458 2054 4503 et
2101 4448 2290 4503 orbem
2343 4446 2630 4501 miraculis
2680 4446 3000 4513 illustrans,
3052 4447 3106 4501 in
3159 4448 3483 4505 Faustinum
3529 4462 3588 4507 et

2003 4539 2442 4601 Faustinianum,
2468 4539 2584 4593 sive
2607 4538 2856 4595 Niretam
2887 4549 2944 4595 et
2967 4541 3219 4609 Aquilam
3250 4541 3465 4609 incidit,
3491 4547 3587 4615 qui

2005 4632 2099 4686 lilii
2137 4632 2362 4701 quidem
2412 4630 2706 4685 clarissimi
2756 4631 2857 4686 viri
2893 4632 3082 4688 Fausti
3115 4632 3375 4697 Romani,
3402 4633 3589 4692 Caesa-

2006 4739 2121 4778 rem
2158 4739 2358 4793 genere
2408 4725 2764 4794 attingentes,
2802 4724 3002 4780 fratres
3051 4736 3237 4781 autem
3287 4725 3594 4786 Clementis

2006 4825 2185 4871 erant.
2223 4816 2331 4870 Hos
2369 4832 2496 4871 cum
2532 4818 2602 4873 ab
2645 4816 2891 4872 Simonis
2921 4816 3218 4890 prastigiis
3254 4820 3594 4893 prodigiosis

2011 4909 2355 4975 abduxisset,
2391 4909 2645 4964 civitates
2675 4910 2908 4974 visebat,
2947 4909 3190 4967 Simonis
3224 4914 3438 4969 semina
3473 4916 3597 4970 ubt~

2010 5019 2118 5072 que
2150 5003 2420 5059 radicitus
2453 4978 2716 5058 eveilcns.
2754 5003 2962 5059 Deinde
3001 5010 3135 5060 vero
3170 5005 3337 5061 etiam
3373 5022 3593 5063 sacrum

2006 5084 2349 5152 Clementem
2396 5095 2465 5151 ad
2510 5111 2570 5151 se
2608 5097 2898 5164 pertraxit,
2931 5113 3171 5168 eumque
3204 5100 3308 5155 sibi
3340 5101 3408 5156 ad
3442 5115 3598 5156 arca-

2010 5206 2109 5245 nas
2140 5191 2518 5260 obscurasq‘ue
2547 5188 2695 5244 illius
2726 5192 2792 5245 de
2820 5191 3002 5245 anima
3032 5202 3088 5245 et
3118 5192 3469 5247 restitutione
3498 5193 3597 5247 llo-

2008 5283 2195 5350 minis,
2233 5283 2468 5353 aliisque
2518 5283 2684 5338 rebus
2730 5283 3056 5353 ingentibus
3101 5285 3462 5353 quaestiones,
3497 5300 3598 5357 per

2012 5377 2292 5446 appositas
2320 5376 2626 5432 solutiones
2660 5379 2763 5431 rite
2787 5386 2843 5432 et
2870 5378 3127 5447 praesenti
3155 5377 3342 5431 animo
3368 5391 3597 5444 resumi-

2015 5472 2176 5535 dcns,
2203 5482 2370 5539 atque
2398 5469 2627 5539 insuper
2656 5470 2942 5530 miraculis
2970 5470 3165 5525 multis
3203 5479 3259 5522 et
3283 5468 3600 5523 secretioris

2011 5771 2196 5853 thequ
2235 5767 2390 5893 ὀρθὴ
2419 5767 2734 5839 epistolam,
2762 5776 2820 5823 et
2860 5767 3099 5822 vinculis
3128 5783 3157 5822 a
3198 5764 3420 5821 Nerone
3460 5777 3604 5820 con-

2011 5850 2239 5893 strictus
2291 5850 2390 5893 uit.

2010 5850 2239 5896 strictus
2267 5850 2390 5895 Ιιιιι.
