4046 6426
326 432 434 499 853

1297 439 1912 504 ECCLESIASTICE
1957 444 2353 506 HlSTORl/E
2399 445 2544 505 LIB.
2590 443 2672 505 Π.

3494 437 3600 501 8’4

326 552 729 623 κατακριθῆναι
784 547 921 623 εἶχε.
972 552 1160 625 Ταύτῃ
1201 556 1330 622 γοῦν
1374 552 1530 623 οὗτος
1580 561 1606 612 ὁ
1640 559 1914 630 θεομάχος

2041 562 2132 615 ¹ἰοε
2167 573 2421 618 vestros:
2484 562 2596 618 illic
2628 559 2920 630 reperietis
2948 558 3185 629 primum
3232 557 3509 612 Neronem
3541 556 3595 608 in

326 646 541 715 πρῶτος
608 647 1049 718 ἀνακηρυχθεὶς,
1106 649 1198 701 ἐπὶ
1266 650 1366 713 τὰς
1419 651 1529 702 τῶν
1590 652 1912 705 ἀποστόλων

330 737 551 808 ἐπήρθη
580 739 822 806 σφαγάς·
853 741 946 792 καὶ
981 739 1191 804 Παῦλος
1222 741 1284 812 δὴ
1323 743 1418 795 νῦν
1452 744 1543 795 ἐπ’
1579 746 1753 813 αὐτῆς
1783 747 1914 798 Ῥώ-

332 848 438 902 μης
476 831 573 902 τὴν
603 831 852 902 κεφαλὴν
896 834 1313 903 ἀποτμηθῆναι.
1350 837 1445 888 καὶ
1476 837 1687 907 Πέτρος
1730 837 1913 893 ὡσαύ-

328 941 437 985 τως
494 925 1038 992 ἀνασκολοπισθῆναι
1092 926 1234 979 κατὰ
1294 929 1492 980 ταυτὸν
1544 929 1910 999 ἱστοροῦνται.

335 1016 442 1070 Καὶ
475 1017 772 1070 πιστοῦταί
812 1034 877 1085 γε
910 1018 1009 1088 τὴν
1047 1020 1290 1090 ἱστορίαν
1321 1021 1350 1090 ἡ
1395 1022 1604 1092 Πέτρου
1637 1024 1732 1074 καὶ
1774 1022 1919 1076 Παύο

332 1110 426 1161 λου
471 1110 553 1173 είς
592 1110 756 1181 δεῦρο
783 1114 1114 1180 κρατήσασα
1148 1114 1241 1165 ἐπὶ
1281 1114 1392 1166 τῶν
1420 1115 1609 1167 αὐτόθι
1640 1131 1918 1185 κοιμητη-

341 1205 475 1273 pium
507 1204 837 1275 πρόσρησιτ.
880 1226 898 1257 ο
955 1205 1011 1259 ’0
1048 1207 1148 1275 μὲν
1189 1207 1252 1277 δὴ
1288 1208 1686 1279 Τερτυλλιανδς
1717 1209 1914 1267 ταῦτα.

336 1297 504 1350 Οὐδὲν
539 1297 597 1351 δὲ
638 1293 803 1369 ἦττον
864 1300 960 1354 καὶ
1008 1301 1475 1368 ὲκκλησιαστικὺς
1520 1301 1661 1372 ἀνὴρ
1703 1301 1915 1371 ἕτερος,

334 1391 490 1453 Γάϊος
530 1391 716 1456 ⁴ὄνομα
743 1433 758 1455 ,
795 1393 939 1445 κατὰ
991 1395 1301 1464 Ζεφυρῖνον
1346 1393 1639 1464 Ῥωμαίων
1676 1395 1918 1464 γεγονὼς

335 1483 663 1548 ἐπίσκοπον,
692 1484 750 1547 ὃς
772 1484 836 1553 δὴ
862 1486 1093 1555 Πρόκλῳ
1110 1486 1210 1555 τῆς
1237 1485 1382 1540 κατὰ
1411 1486 1629 1555 Φρύγας
1657 1491 1920 1558 προϊσταο

339 1577 486 1646 μένῳ
532 1574 766 1648 γνώμης
806 1575 1134 1647 διαλεχθεὶς.
1167 1579 1308 1634 αὑτά
1332 1579 1398 1650 δὴ
1445 1578 1618 1633 ταῦτα
1648 1580 1780 1650 περὶ
1810 1580 1920 1633 τῶν

335 1670 541 1735 τόπων,
583 1669 714 1722 ἔνθα
778 1670 891 1723 τῶν
942 1673 1255 1742 εἰρημένων
1304 1673 1623 1727 ἀποστόλων
1677 1673 1748 1726 τὰ
1797 1674 1921 1743 ἱερὰ

339 1760 680 1832 σκηνώματα
706 1764 1118 1828 κατατέθειται,
1152 1766 1321 1835 φησίν
1342 1780 1357 1796 ·
1389 1784 1408 1819 ι
1447 1764 1589 1835 Ἐγὼ
1612 1766 1670 1820 δὲ
1690 1767 1760 1820 τά
1786 1766 1916 1837 τρό-

341 1871 484 1909 παια
531 1854 643 1908 τῶν
679 1855 999 1911 ἀποστόλων
1038 1856 1149 1925 ἔχω
1188 1856 1384 1923 δεῖξαιο
1423 1856 1517 1909 ἐὰν
1542 1855 1652 1924 γὰρ
1687 1855 1922 1926 θελήσῃς

2020 656 2160 710 hanc
2186 665 2389 710 sectam
2428 665 2540 710 tum
2597 654 2835 708 maxime
2868 654 3056 707 Roma:
3090 653 3388 717 orientem,
3416 647 3597 705 Caesa-

2021 750 2176 805 riano
2202 750 2384 820 gladio
2429 750 2735 805 ferociiSSe.
2798 746 2956 819 195
2990 747 3095 801 Sed
3160 746 3252 801 tali
3286 745 3602 799 dedicatore

2019 843 2390 897 damnationis
2435 853 2631 897 vestrm
2681 841 2847 895 etiam
2911 839 3234 911 gloriamur.
3290 837 3396 900 Qui
3454 836 3600 890 enim

2020 935 2123 989 scit
2157 934 2331 1001 illum,
2375 934 2675 1003 intelligere
2713 941 2917 1002 potest,
2985 946 3092 983 non
3134 929 3239 983 nisi
3273 928 3478 997 grande
3508 926 3606 979 ali-

2020 1026 2166 1097 quod
2195 1028 2398 1079 bonnm
2418 1041 2445 1078 a
2464 1022 2682 1079 Nerone
2713 1023 3057 1077 damnatum.
3093 1022 3169 1073 Ad
3190 1021 3350 1073 hunc
3377 1018 3601 1072 modum

2022 1119 2234 1190 primus
2272 1110 2377 1173 iste
2398 1118 2493 1171 Dei
2519 1125 2867 1187 oppugnator
2889 1115 3260 1171 renuntiatus.
3292 1112 3358 1166 ad
3393 1113 3600 1166 caedem

2020 1211 2393 1281 apostolorum
2419 1217 2504 1263 est
2537 1217 2714 1263 actus.
2790 1208 2857 1263 Et
2894 1208 3103 1262 Paulus
3157 1205 3380 1275 quidem
3419 1204 3607 1257 Romae

2022 1304 2202 1375 capite
2232 1305 2445 1374 plcxus,
2478 1302 2675 1357 Petrus
2706 1312 2892 1356 autem
2920 1299 3221 1356 cruciﬁxus
3263 1313 3385 1352 esse
3410 1297 3607 1351 eodem

2027 1408 2274 1465 tempore
2329 1394 2645 1450 traduntur.
2697 1395 2830 1448 Rem
2871 1393 3015 1446 hanc
3054 1392 3348 1447 conﬁrmat
3378 1389 3525 1445 Petri
3554 1398 3609 1441 et

2027 1489 2177 1545 Pauli
2212 1493 2498 1557 hucusque
2546 1487 2712 1542 etiam
2775 1485 3036 1540 obtinens
3079 1496 3271 1537 eorum
3316 1497 3437 1550 quae
3470 1478 3608 1534 inibi

2028 1593 2156 1639 sunt
2205 1585 2655 1639 cmmetcrtorum
2685 1578 3004 1649 appellatio.
3038 1597 3055 1629 ι
3121 1577 3299 1645 Atque
3345 1574 3461 1628 hzec
3487 1571 3613 1641 qui-

2026 1677 2175 1743 dem,
2202 1690 2368 1745 quem
2402 1674 2567 1744 paulo
2593 1683 2722 1727 ante
2771 1669 3155 1741 allegavimus,
3210 1666 3611 1722 Tertullianus.

2033 1770 2141 1826 Sed
2186 1784 2295 1823 non
2346 1769 2530 1823 minus
2581 1776 2637 1822 et
2684 1766 2825 1820 alius
2896 1767 3135 1834 scriptor
3178 1760 3613 1817 ecclesiasticus.

2028 1862 2194 1917 Caius
2250 1859 2498 1923 nomine,
2565 1857 2658 1928 qui
2712 1855 3009 1927 Zephyrini
3076 1854 3306 1908 Romani
3367 1848 3614 1921 episcopi

337 1949 598 2001 ἀπελθεῖν
657 1950 752 2002 ἐπὶ
796 1950 890 2002 τὸν
938 1949 1265 2012 Βατικανὺν,
1314 1949 1346 2020 ἦ
1405 1951 1498 2003 ἐπὶ
1542 1949 1640 2018 τὴν
1672 1950 1791 2002 ὁδὸν
1821 1950 1921 2019 τὴν

2041 1964 2277 2022 tempore
2330 1951 2544 2011 vivens.
2595 1959 2786 2005 contra
2819 1948 3070 2002 Proclum
3095 1945 3474 2016 Cataphrygas
3504 1943 3618 1997 ha:-

349 2041 699 2110 Ὀστηνσίαν,
741 2042 998 2112 εΰρήσιις
1033 2043 1099 2095 τὰ
1121 2043 1360 2110 τρόπαια
1392 2041 1500 2094 τῶν
1532 2042 1740 2112 ταύτην
1776 2042 1922 2111 ἱδρυ-

338 2136 593 2203 σαμένων
622 2136 722 2205 τὴν
763 2134 1131 2205 Ἐκκλησίαν.
1166 2153 1186 2186 ι
1236 2135 1326 2198 Ὠς
1372 2134 1432 2188 δὲ
1463 2134 1607 2188 κατὰ
1635 2136 1730 2188 τὸν
1758 2135 1921 2188 αὐτὸν

341 2230 511 2297 ἄμφω
562 2228 760 2299 καιρὸν
824 2228 1243 2298 ἐμαρτύρησαν,
1294 2230 1323 2281 ὁ
1376 2228 1660 2298 πρόπαλαι
1719 2228 1923 2297 Κοριν-

342 2322 477 2374 θίων
534 2321 839 2383 ἐπίσκοπος
904 2319 1186 2384 Διονύσιος
1261 2322 1561 2393 ἐγγράφως
1629 2319 1925 2389 Ῥωμαίοις

341 2415 548 2486 ὁμιλῶν
582 2409 685 2469 ὦδε
733 2415 1037 2485 παρίστησι
1060 2429 1078 2447 ’
1124 2412 1317 2469 Ταῦτα
1352 2414 1452 2468 καὶ
1485 2412 1651 2484 ὑμεῖς
1688 2412 1788 2466 διὰ
1819 2411 1929 2479 τῆς

341 2513 647 2574 τοσαύτης
692 2506 1021 2572 νουθεσίας
1063 2505 1182 2574 τὴν
1214 2505 1336 2560 ἀπὸ
1378 2505 1608 2574 Πέτρου
1638 2504 1736 2559 καὶ
1766 2503 1931 2558 Παύ-

340 2604 458 2654 λου
502 2599 759 2668 φυτείαν
797 2598 1206 2669 γεννηθεῖσαν
1247 2597 1557 2668 Ῥωμαίων
1595 2614 1660 2651 τε
1696 2597 1794 2650 καί
1823 2599 1933 2651 Κο-

339 2694 594 2764 ρινθίων
638 2691 1116 2761 συνεκεράσατο.
1170 2691 1280 2747 Kal
1319 2693 1431 2761 γὰρ
1481 2689 1655 2760 ἄμφω
1709 2689 1810 2743 καί
1844 2690 1932 2755 είς

349 2783 465 2854 τὴν
515 2784 814 2853 ἡμετέραν
881 2785 1177 2852 Κόρινθον
1246 2784 1665 2852 scvtati/farta:
1733 2777 1895 2850 ἡμᾶς
1918 2820 1932 2842 ο

349 2878 563 2946 ὁμοίως
584 2876 900 2941 ἐδίδαξανο
928 2877 1144 2947 ὁμοίως
1171 2877 1240 2930 δὲ
1277 2874 1375 2928 καί
1405 2876 1491 2941 εὶς
1518 2873 1633 2942 τὴν
1670 2874 1938 2929 Ἰταλίαν

350 2976 535 3045 ὁμόσε
572 2974 953 3040 διδάξαντες,
974 2972 1403 3041 ἐμαρτύρησαν
1435 2968 1587 3024 κατά
1619 2970 1728 3025 τὸν
1750 2970 1940 3023 αὑτὸν

349 3070 578 3138 καιρόν.
623 3068 813 3121 Ταῦτα
851 3066 907 3120 δὲ
938 3065 1285 3137 παρεθέμην,
1321 3066 1395 3128 ὡς
1436 3065 1501 3120 ἀν
1530 3081 1596 3133 γε
1631 3063 1833 3133 μᾶλλον
1869 3061 1941 3116 τά

347 3165 450 3233 τῆς
480 3162 852 3231 ἁποστολικῆς
887 3160 1140 3231 ἱστορίας
1171 3158 1420 3229 ἀκριϐῶς
1465 3159 1790 3229 πιστωθείη.
1824 3159 1940 3211 Οὐκ

2027 2047 2164 2103 resis
2196 2047 2393 2101 ducem
2425 2043 2672 2114 scripsit,
2733 2042 2803 2097 de
2866 2041 3003 2096 locis
3036 2039 3127 2094 ubi
3161 2053 3317 2093 sacra
3354 2036 3579 2091 taberna
3600 2064 3612 2074 -

2028 2140 2152 2195 cula
2188 2152 2381 2193 eorum
2408 2136 2788 2207 apostolorum
2823 2133 3064 2203 reposita
3096 2131 3381 2194 suut,h:ec
3408 2129 3614 2185 refert:

2035 2253 2053 2284 ι
2108 2234 2219 2299 Ego
2288 2245 2421 2284 vero
2484 2228 2863 2298 apostolorum
2946 2233 3149 2295 tropaea
3236 2222 3620 2277 demonstrare

2032 2336 2277 2395 possum.
2341 2319 2399 2376 Si
2442 2320 2592 2374 enim
2653 2318 2707 2372 in
2773 2316 3102 2372 Vaticanum
3158 2324 3251 2369 aut
3302 2313 3618 2369 Ostiensem

2034 2420 2178 2472 viam
2203 2415 2286 2469 ire
2321 2412 2480 2478 velis,
2532 2410 2913 2481 apostolorum
2959 2408 3056 2479 qui
3114 2407 3421 2462 Ecclesiam
3481 2404 3625 2459 hanc

2036 2509 2367 2572 fundarunt,
2421 2514 2623 2576 tropaea
2674 2503 2946 2558 invenies.
2973 2500 3172 2568 tQuod
3207 2511 3389 2554 autem
3427 2500 3622 2553 eodem

2039 2616 2285 2673 tempore
2317 2599 2481 2655 ambo
2514 2590 2841 2669 martyrium
2875 2595 3115 2659 subiere,
3168 2593 3380 2649 dudum
3417 2592 3624 2662 Diony-

2037 2700 2152 2754 sius
2176 2693 2589 2751 Corinthiorum
2619 2691 2915 2760 episc0pus
2944 2689 3010 2743 ad
3040 2687 3324 2741 Romanos
3350 2685 3624 2749 scriheus,

2040 2792 2115 2846 ita
2178 2788 2401 2844 astruit:
2446 2784 2550 2841 Sed
2610 2794 2660 2840 et
2711 2802 2800 2840 vos
2854 2801 2947 2855 per
3005 2784 3166 2837 talem
3221 2783 3520 2835 doctrinam
3581 2789 3631 2832 et

2040 2883 2476 2945 cohortationem,
2518 2878 2911 2950 plantationem
2950 2875 3208 2933 Romana:
3247 2884 3296 2928 et
3342 2874 3631 2929 Corinthia:

2041 2976 2295 3032 Ecclesia:
2329 2992 2362 3029 a
2422 2972 2577 3027 Petro
2610 2982 2659 3026 et
2690 2969 2865 3025 Paulo
2904 2969 3187 3032 consitam,
3248 2968 3627 3036 ronjunxistis.

2044 3071 2207 3126 Ambo
2236 3072 2375 3124 enim
2410 3076 2459 3121 et
2481 3066 2726 3123 Corinthi
2787 3065 2930 3134 apud
2976 3079 3071 3117 nos
3118 3063 3326 3116 verbum
3380 3071 3629 3120 serentes,

2047 3163 2232 3219 eadem
2263 3162 2557 3217 docuerunt
2579 3177 2597 3214 :
2633 3170 2683 3213 et
2718 3159 2871 3212 isthic
2901 3159 2955 3212 in
2986 3154 3152 3210 Italia
3182 3155 3324 3225 apud
3348 3171 3456 3216 vos,
3512 3170 3633 3206 cum

348 3256 532 3325 ἀγνοῶ
570 3271 634 3323 γε
684 3252 813 3325 μὴν,
853 3252 931 3315 ὡς
961 3253 1100 3307 εἰσὶν
1131 3252 1181 3306 οἳ
1213 3252 1435 3319 λέγουσι
1474 3251 1614 3321 μετά
1650 3252 1770 3313 ένδς
1810 3251 1934 3322 χρό-

2046 3257 2229 3311 eadem
2263 3253 2427 3309 simul
2452 3252 2907 3341 promulgassent,
2938 3250 3121 3303 eodem
3161 3256 3395 3316 Iempore
3431 3255 3632 3317 marty-

352 3366 445 3402 νου
477 3346 811 3417 παρέλευσιν
859 3344 1006 3398 κατὰ
1044 3345 1146 3416 τὴν
1186 3344 1359 3412 αὐτὴν
1412 3342 1753 3416 ἡμέραντῷ
1796 3360 1937 3414 μαρο

352 3442 525 3512 τυρῖῳ
570 3441 663 3495 τὸν
705 3441 800 3494 καὶ
847 3439 1060 3495 Παῦλον
1107 3439 1500 3510 τελειωθῆναι.
1542 3434 1703 3511 Εῐχόν
1734 3456 1799 3510 γε
1833 3438 1940 3509 μὴν

351 3534 455 3605 τῆς
502 3533 708 3595 θέσεως
754 3532 857 3601 τῆς
904 3530 1124 3603 μορφῆς
1154 3535 1249 3585 καὶ
1286 3530 1382 3585 τοῦ
1424 3530 1685 3601 σώματος
1714 3532 1766 3584 οί
1799 3530 1938 3585 θεῖοι

354 3624 499 3677 οὗτοι
530 3622 856 3690 ἀπόστολοι,
893 3622 969 3686 ὡς
1004 3624 1064 3676 ἑν
1102 3622 1261 3694 τύπῳ
1301 3621 1607 3689 διαλαϐεῖν,
1639 3621 1834 3685 οὕτως.
1875 3623 1940 3675 '0

360 3718 462 3788 μὲν
503 3716 644 3780 θεῖος
692 3716 902 3787 Πέτρος
947 3715 1046 3784 τὴν
1092 3715 1315 3786 ἠλικίαν
1361 3717 1586 3788 μέτριος
1616 3712 1718 3788 ἦν,
1754 3718 1848 3768 ἐπὶ
1879 3716 1941 3769 τὸ

355 3812 545 3883 ὄρθιον
578 3811 718 3881 ἔχων
754 3810 927 3882 αὐτὴν
967 3811 1387 3866 ἀναϐαίνουσαν.
1420 3811 1721 3882 ’Υπωχρος
1754 3811 1811 3864 δὲ
1845 3811 1943 3882 τὴν

355 3907 482 3978 ὄψιν
519 3906 616 3961 καὶ
664 3905 810 3977 μάλα
842 3905 1036 3970 λευκός
1058 3921 1071 3934 ·
1107 3905 1265 3967 οὖλος
1291 3906 1392 3970 τὰς
1415 3906 1610 3978 τρίχας
1628 3905 1734 3976 ,τῆς
1772 3923 1944 3974 κεφα-

358 3999 456 4067 λῆς
492 4000 587 4054 καὶ
635 3999 727 4053 τοῦ
768 3997 1035 4068 πώγωνος
1078 3999 1178 4052 καὶ
1226 3998 1418 4060 δασύς·
1456 3999 1516 4051 οὐ
1559 3999 1666 4068 μὴν
1716 4000 1813 4051 καὶ
1842 4015 1943 4051 κα-

359 4091 621 4180 θειμένας
672 4090 816 4180 ,ἔχων
854 4093 1027 4155 αὑτάς
1050 4107 1064 4124 ο
1114 4090 1393 4161 ὑφαίμους
1445 4089 1635 4162 ὥσπερ
1666 4092 1760 4144 καὶ
1790 4091 1947 4144 οἰνω-

361 4179 499 4246 ποὺς
538 4179 866 4252 προϐάλλων
920 4180 1048 4243 τοὺς
1103 4179 1417 4250 ὀφθαλμούς
1442 4194 1456 4209 ο
1488 4179 1817 4242 ἀνεσπακὼς
1844 4179 1941 4243 τὰς

358 4272 567 4345 ἀφιῶς’
609 4275 705 4327 καὶ
753 4274 878 4344 ῥῖνα
934 4276 1154 4343 μακρὰν
1208 4271 1330 4340 μὲν,
1366 4272 1427 4325 οὗ
1489 4271 1595 4343 μὴν
1627 4271 1684 4324 δὲ
1726 4272 1822 4325 καὶ
1863 4271 1944 4334 είς

358 4365 453 4431 ὀξὺ
479 4363 926 4434 καταλήγουσιν,
965 4362 1085 4415 ἀλλ’
1125 4361 1327 4417 ὡσανεὶ
1359 4363 1527 4433 σιμὴν
1570 4363 1940 4432 κεκτημένος.

373 4457 433 4508 '0
457 4456 515 4510 δέ
543 4471 609 4524 γε
630 4452 927 4514 θεσπέσιος
947 4451 1161 4512 Παῦλος
1191 4451 1387 4523 μικρὸς
1420 4447 1491 4522 ἦν
1521 4451 1618 4504 καὶ
1642 4450 1947 4506 συνεσταλ-

362 4549 523 4617 μένος
554 4548 615 4601 τδ
649 4543 743 4599 τοῦ
775 4542 1029 4613 σώματος
1061 4541 1320 4612 μέγεθος,
1346 4541 1446 4595 καὶ
1480 4540 1675 4613 ὥσπερ
1702 4538 1946 4611 ἀγκύλον

2047 3352 2127 3404 rio
2154 3356 2278 3404 siml
2320 3348 2610 3420 perfuncti.
2673 3345 2944 3401 Caeterum
2995 3343 3112 3397 haec
3162 3352 3452 3411 propterea
3504 3349 3635 3393 sunt

2046 3442 2308 3504 adducta,
2366 3453 2428 3496 ut
2466 3424 2708 3496 certiore
2751 3437 2854 3493 [ide
2912 3452 3002 3491 res
3030 3435 3351 3504 apostolicae
3384 3433 3633 3487 historia:

2045 3516 2535 3592 confirmarentur.
2580 3532 2701 3588 Non
2743 3532 2892 3586 enim
2942 3533 3160 3602 ignoro,
3188 3545 3310 3583 esse
3365 3528 3634 3598 quosdam

2046 3629 2141 3700 qui
2182 3627 2399 3693 dicunt,
2433 3642 2544 3681 uno
2573 3636 2769 3682 exacto
2804 3640 2970 3691 anno,
3000 3623 3088 3677 die
3118 3621 3335 3683 eodem,
3372 3621 3636 3691 martyrio

2047 3722 2278 3776 Paulum
2305 3734 2527 3790 quoque
2566 3718 2729 3773 (luent
2758 3719 2885 3773 vita:
2919 3718 3153 3786 cepisse.
3196 3715 3475 3770 Staturam
3532 3729 3636 3767 au-

2050 3826 2157 3871 tem
2190 3825 2245 3870 et
2298 3815 2549 3883 corporis
2602 3815 2837 3868 formam
2901 3812 3013 3867 divi
3060 3809 3315 3880 apostoli,
3363 3817 3634 3876 quantum

2050 3925 2148 3979 per
2178 3907 2615 3973 descriptionem
2646 3905 3041 3974 simpliciorem
3095 3902 3312 3970 assequi
3360 3900 3509 3962 licet,
3554 3909 3638 3953 ta-

2050 4004 2155 4056 lem
2198 4000 2461 4056 habuere.
2497 4000 2691 4055 Petrns
2717 3997 2972 4067 equidem
3006 4010 3115 4049 non
3145 4008 3328 4049 crassa
3387 3992 3639 4059 corporis

2049 4107 2263 4151 statura
2311 4096 2436 4162 fuit,
2467 4095 2561 4151 sed
2599 4093 2865 4148 mediocri
2900 4099 2956 4147 et
3005 4106 3128 4160 qn;e
3166 4088 3465 4159 aliquando
3493 4097 3643 4142 esset

2049 4189 2314 4252 erectior,
2352 4188 2487 4242 faeie
2518 4184 2831 4256 subpallida
2880 4192 2937 4239 et
2967 4183 3089 4237 alha
3150 4181 3497 4236 admodum:
3544 4192 3639 4232 ca-

2051 4280 2168 4352 pilli
2204 4288 2260 4334 et
2299 4279 2496 4349 capitis
2544 4286 2601 4332 et
2629 4276 2809 4331 barbae
2851 4275 3020 4344 crispi
3050 4284 3105 4328 et
3157 4274 3339 4336 densi,
3398 4272 3493 4328 sed
3527 4286 3637 4326 nou

2052 4372 2347 4429 admodum
2381 4372 2763 4441 prominentes
2781 4367 2971 4422 luere:
3008 4366 3153 4421 oculi
3182 4366 3341 4435 quasi
3372 4365 3645 4435 sanguine

2055 4462 2292 4532 respersi
2314 4472 2370 4517 et
2401 4460 2565 4530 nigri,
2596 4458 2895 4527 supercilia
2922 4458 3176 4513 sublata:
3232 4472 3400 4511 nasus
3455 4465 3641 4510 autem

2054 4556 2268 4627 longior
2332 4553 2422 4608 ille
2456 4551 2707 4622 quidem,
2757 4565 2869 4604 non
2913 4561 3094 4604 tamen
3133 4551 3185 4603 in
3218 4564 3451 4604 acumen
3495 4550 3645 4604 desi-

363 4639 498 4691 αὐτδ
541 4633 906 4707 κεκτημένος,
945 4633 1182 4702 σμικρὸν
1221 4635 1318 4686 καὶ
1346 4632 1638 4702 κικυφώς·
1672 4633 1774 4702 τὴν
1818 4631 1934 4703 ὄψιν

2054 4665 2212 4713 nens,
2230 4648 2325 4703 sed
2354 4645 2598 4718 pressus,
2640 4643 2925 4712 simusque
2984 4642 3178 4710 magis.
3241 4640 3403 4711 196
3437 4642 3644 4696 Paulus

360 4731 576 4796 λευκὸς,
640 4732 737 4785 καὶ
783 4729 847 4782 τδ
900 4726 1202 4799 πρόσωπον
1259 4727 1588 4797 προφερής·
1643 4727 1804 4797 ψιλὸς
1846 4728 1948 4797 τὴν

360 4823 629 4895 κεφαλήν·
659 4824 897 4895 χαροποὶ
921 4821 980 4876 δὲ
1012 4820 1158 4891 αὐτῷ
1190 4815 1334 4890 ἦσαν
1374 4819 1427 4871 οἱ
1454 4818 1743 4889 ὀφθαλμοί·
1796 4820 1949 4874 κάτω

359 4916 417 4969 δὲ
463 4916 562 4969 καὶ
628 4916 728 4976 τὰς
781 4913 955 4984 ὀφρῦς
1005 4910 1120 4983 εἶχε
1170 4911 1475 4975 νευούσαςο
1530 4911 1797 4982 εὐκαμπῆ
1855 4910 1951 4964 καὶ

364 5009 641 5079 ῥέπουσαν
688 5008 795 5079 ὅλῳ
843 5007 922 5077 τῷ
963 5007 1243 5077 προσώπῳ
1293 5005 1611 5075 περιφέρων
1664 5002 1763 5074 τὴν
1799 5005 1943 5073 ῥῖνα.

364 5098 481 5173 Τὴν
522 5101 742 5171 ὑπήνην
796 5100 1021 5154 δασεῖαν
1080 5099 1177 5152 καὶ
1241 5098 1582 5169 καθειμένην
1626 5096 1948 5167 ἀρκούντως

364 5195 541 5264 ἔχων·
575 5195 905 5265 ῥαινομένην
939 5194 997 5246 δὲ
1028 5195 1237 5264 ταύτην
1285 5191 1382 5246 καλ⁵
1427 5194 1530 5262 τὴν
1561 5192 1809 5261 κεφαλὴν
1844 5192 1952 5244 ὑπὸ

370 5289 583 5350 πολιαῖς
630 5289 752 5349 ταῖς
805 5286 1005 5357 θριξίν.
1065 5287 1366 5356 Ὀρὼμενοι
1433 5286 1492 5340 δὲ
1557 5284 1651 5339 καὶ
1703 5284 1873 5353 ἄμφω
1899 5285 1948 5338 oi

366 5378 603 5448 Χριστοῦ
629 5377 870 5449 μαθηταὶ
900 5379 1156 5442 θεοειδεῖς
1177 5396 1318 5442 τινες
1342 5376 1505 5447 ἦσαν,
1541 5376 1860 5446 Πνεύματὸς
1882 5392 1947 5429 τε

367 5472 525 5539 ἁγίου
556 5476 649 5526 καὶ
674 5475 827 5533 θείας
854 5472 1081 5544 χάριτος
1105 5472 1330 5543 ἔμπλεῳ
1359 5489 1374 5505 ο
1404 5474 1481 5535 ὡς
1506 5478 1603 5524 καὶ
1627 5476 1741 5536 τοῖς
1779 5472 1948 5542 δρῶσι

368 5565 578 5627 πιστοῖς
634 5564 747 5618 κάκ
812 5565 981 5635 μόνης
1028 5564 1154 5627 θέας
1210 5566 1457 5634 ἀοράτως
1524 5566 1727 5618 ἐνιέναι
1789 5554 1951 5635 χάριν

367 5655 574 5718 αὐτοῖς·
610 5654 752 5709 ὥστε
788 5656 1076 5727 ῥυθμίζειν
1106 5659 1199 5710 τὸν
1252 5660 1389 5728 μετὰ
1416 5658 1656 5720 πίστεως
1689 5657 1825 5728 βίον,
1857 5658 1953 5710 καὶ

371 5747 509 5818 πρὸς
535 5748 597 5801 τὸ
620 5747 831 5818 βέλτιον
889 5750 1139 5817 ἄγεσθαι.
1183 5750 1350 5803 ’Λλλά
1391 5750 1523 5821 περὶ
1572 5751 1673 5819 μὲν
1712 5750 1818 5804 τῶν
1860 5769 1952 5805 κο-

371 5840 619 5911 ρυφαίων
654 5842 897 5912 Χριστνῦ
936 5843 1195 5912 μαθητῶν
1239 5846 1400 5897 ἀοκεῖ
1433 5843 1696 5898 τοσαῦτα.

2054 4756 2240 4802 autem
2267 4754 2501 4813 corpore
2541 4746 2661 4794 erat
2701 4752 2870 4809 parvo
2900 4746 2956 4792 et
3008 4745 3313 4796 contracto,
3366 4744 3422 4788 et
3484 4735 3642 4804 quasi

2056 4840 2308 4900 incurvo,
2348 4843 2514 4903 atque
2568 4829 2856 4902 paululum
2904 4826 3132 4889 inﬂexo,
3190 4824 3331 4880 facie
3382 4824 3641 4885 candida.

2056 4920 2343 4999 annosque
2371 4926 2562 4998 plures
2604 4937 2717 4995 prae
2773 4936 2834 4977 se
2868 4920 3104 4983 ferente,
3130 4930 3186 4973 et
3218 4918 3400 4986 capite
3442 4916 3598 4971 calvo
3626 4935 3641 4980 ;

2056 5020 2233 5075 oculis
2255 5018 2424 5073 multa
2454 5017 2634 5071 iuerat
2662 5013 2858 5085 gratia,
2885 5008 3183 5080 supercilia
3209 5006 3473 5061 deorsum
3506 5021 3636 5058 vcr-

2054 5129 2173 5169 sum
2210 5110 2545 5181 vergebant;
2604 5122 2772 5163 nasus
2811 5104 3042 5175 pulchre
3074 5101 3329 5166 inﬂexus,
3383 5099 3645 5168 idemque

2053 5204 2300 5275 longior;
2328 5202 2494 5256 barba
2529 5200 2771 5265 densior,
2823 5209 2879 5252 et
2921 5197 3053 5252 satis
3106 5194 3417 5267 promissa:
3467 5206 3645 5260 eaque

2058 5311 2168 5350 non
2207 5295 2391 5349 minus
2427 5307 2594 5363 quam
2648 5291 2847 5362 capitis
2876 5304 3057 5353 coma,
3126 5286 3283 5342 canis
3332 5284 3499 5340 etiam
3552 5300 3635 5338 re-

2056 5402 2246 5457 spersa
2276 5395 2414 5441 erat.
2445 5385 2619 5445 Ambo
2673 5392 2853 5437 autem
2902 5381 3110 5439 Christi
3171 5378 3456 5449 discipuli,
3520 5392 3644 5431 cum

2061 5478 2490 5547 inspicerentur,
2522 5474 2771 5529 divinum
2819 5472 3083 5541 quiddam
3110 5486 3223 5541 prce
3263 5485 3320 5524 se
3361 5468 3647 5532 ferebant,

2052 5571 2269 5639 Spiritu
2298 5577 2490 5623 sancto
2513 5576 2571 5621 et
2592 5565 2778 5620 divina
2809 5563 2986 5633 gratia
3037 5563 3111 5615 ita
3175 5562 3390 5624 referti,
3425 5571 3483 5615 ut
3549 5564 3643 5630 qui

2059 5676 2154 5715 eos
2181 5660 2432 5713 viderent
2457 5656 2667 5718 fideles,
2687 5669 2751 5708 ex
2783 5662 3010 5721 aspectu
3035 5654 3157 5707 solo
3176 5668 3432 5707 arcanam
3452 5667 3649 5721 quam-

2061 5758 2182 5807 dant
2216 5764 2270 5807 ct
2298 5755 2558 5806 latentem
2588 5748 2946 5815 conciperent
2986 5745 3241 5814 gratiam,
3279 5759 3568 5813 moresque
3589 5754 3648 5799 et

2060 5852 2223 5897 vitam
2257 5860 2359 5897 nua
2384 5858 2508 5896 eum
2545 5840 2648 5892 lidc
2677 5839 2776 5890 rite
2799 5834 3237 5897 conforuurcnt,
3271 5844 3325 5886 ct
3359 5833 3410 5885 in
3447 5837 3645 5893 melius

2000 5934 2003 5941 ’
2058 5954 2247 5991 cumet
2268 5945 2466 5991 tet't‘nt.
