4046 6442
295 420 403 479 83‘)

1520 423 1951 483 NiCEPlIORI
1994 424 2347 485 CALLISTI

3473 416 3578 479 860

307 531 474 600 199
519 530 612 599 qui
669 530 721 585 in
758 532 980 603 iudiciis
1012 549 1178 602 supra
1220 550 1413 589 omnes
1468 536 1611 592 alios
1663 536 1885 592 Judteos

1992 537 2237 607 ἐτέρους,
2300 538 2375 598 ὡς
2411 533 2926 604 παρανομησάντων
2978 528 3320 603 κατηγορίαν
3349 532 3580 599 ποιησά-

296 624 427 677 sacri
462 633 667 697 suntet
712 624 981 679 crudeles.
1015 626 1165 679 Talis
1193 626 1380 696 itaque
1403 644 1527 682 cum
1552 637 1699 683 esset
1734 632 1883 683 Ana-

300 731 425 778 nus,
490 724 863 785 opportunum
903 716 1303 787 idoneumque.
1336 728 1552 789 tempus
1615 736 1696 780 se.
1725 720 1886 776 Festo

311 806 597 869 defuncto,
628 823 756 861 cum
798 806 982 863 adhuc
1053 808 1294 863 Albinus
1341 811 1398 864 in
1468 810 1667 866 itinere
1716 822 1883 880 esset,

304 907 527 951 nactum
561 914 685 952 esse
723 900 1068 965 existimans,
1094 901 1345 970 judicum
1375 904 1667 957 consilium
1700 906 1883 973 cogit:

297 1000 355 1045 et
384 990 549 1044 fratre
592 992 746 1055 Jesu.
800 995 894 1061 qui
941 995 1231 1049 dicebatur
1285 996 1564 1059 Christus.
1595 997 1803 1052 Jacobo
1832 1000 1882 1052 ei

303 1098 507 1136 nomen
541 1093 681 1145 erat,
715 1086 1164 1156 quibusdainq‘tc
1222 1088 1346 1142 aliis
1377 1089 1431 1143 in
1459 1091 1729 1160 judicium
1758 1105 1885 1158 pro.

297 1176 497 1236 ductis.
530 1188 587 1232 et
610 1180 830 1235 actione
857 1182 1038 1250 legum
1073 1187 1564 1251 praevaricatarum
1593 1185 1872 1246 instituta,

299 1280 357 1325 ut
397 1271 779 1339 lapidarentu'r
825 1274 1033 1329 eﬁ‘ecit.
1066 1275 1394 1344 Quicunque
1446 1288 1626 1329 autem
1663 1276 1717 1330 in
1750 1277 1886 1330 urbe

299 1368 572 1433 atquiorcs
602 1368 894 1437 legumque
927 1368 1219 1436 peritiores
1249 1369 1583 1424 videbantur
1614 1387 1737 1425 esse
1764 1389 1888 1441 gra-

299 1461 443 1512 viter
470 1459 522 1512 id
561 1460 761 1515 tulere.
816 1459 881 1513 Et
922 1462 986 1514 ad
1051 1462 1445 1530 imperatorem
1500 1466 1639 1518 clam
1673 1465 1887 1533 legatos

304 1551 504 1606 misere
555 1562 795 1616 oratum,
853 1563 908 1607 ut
949 1554 1037 1607 ille
1083 1553 1149 1608 ad
1177 1556 1452 1618 Ananum,
1531 1572 1597 1610 ne
1651 1557 1890 1626 amplius

303 1643 433 1698 talia
491 1646 716 1709 faceret,
766 1647 1076 1702 scriberet:
1115 1664 1244 1702 cum
1297 1649 1506 1718 quippe
1563 1664 1665 1703 nec
1723 1661 1887 1705 antea

304 1744 457 1789 recte
490 1737 690 1792 fecisse
741 1753 1151 1795 asseverantes.
1188 1739 1448 1810 Nonnulli
1477 1741 1643 1795 etiam
1681 1741 1886 1797 Albino

1996 645 2178 699 μενος.
2205 628 2494 696 παρέδωκε
2530 625 3026 695 λευσθησομένους.
3083 624 3245 678 Ὀσοι
3285 623 3334 676 δ’
3361 623 3578 677 ἐδόκουν

1991 723 2400 776 ἐπιεικέστατοι
2453 720 2565 773 τῶν
2618 719 2763 774 κατὰ
2817 718 2920 787 τὴν
2964 717 3123 771 πόλιν
3183 711 3349 781 εἶναι,
3384 718 3480 769 καὶ⁵
3509 717 3578 770 τὰ

1991 812 2123 884 περὶ
2157 814 2285 876 τοὺς
2335 814 2539 881 νόμους
2601 811 2877 881 ἀκριϐεῖς,
2942 808 3155 879 βαρέως
3211 808 3455 877 ἤνεγκαν
3485 808 3579 861 ἐπὶ

1988 905 2188 973 τούτῳ.
2220 904 2325 959 Καὶ
2360 904 2647 974 πέμπουσι
2672 903 2814 973 πρὸς
2844 902 2936 955 τὸν
2967 900 3196 971 βασιλέα
3227 901 3437 970 κρύφα,
3470 917 3577 953 πα-

1992 996 2360 1070 ρακαλοῦντες
2390 998 2699 1051 ἐπιστεῖλαι
2738 995 2819 1066 τῷ
2856 995 3067 1066 Ἀνάνῳ
3108 994 3311 1063 μηκέτι
3347 993 3577 1048 τοιαῦτα

1990 1088 2266 1157 πράσσειν
2290 1104 2304 1118 ·
2333 1087 2473 1157 μηδέ
2507 1087 2618 1157 γὰρ
2668 1085 2732 1139 τδ
2798 1085 3019 1155 πρῶτον
3067 1084 3234 1137 αὐτὸν
3270 1082 3445 1151 ὀρθῶς
3477 1100 3578 1136 πε-

1990 1180 2307 1246 ποιηκέναι.
2347 1179 2512 1244 Τινὲς
2546 1178 2593 1232 δ’
2626 1179 2807 1231 αὐτῶν
2836 1181 2929 1232 καὶ
2978 1178 3071 1231 τὸν
3114 1176 3358 1231 Ἀλϐῖνον
3408 1176 3580 1229 ύπανο

1988 1272 2294 1338 τιάζουσιν,
2346 1272 2454 1325 ἀπὸ
2508 1272 2608 1340 τῆς
2660 1269 3074 1340 Ἀλεξανδρείας
3144 1268 3574 1336 ὁδοιποροῦνταο

1991 1367 2085 1417 καὶ
2113 1363 2480 1426 διδάσκουσιν,
2509 1361 2585 1424 ὡς
2616 1363 2719 1415 οὐκ
2750 1362 2869 1425 ἐξὸν
2901 1357 2967 1432 ἧν
3012 1359 3224 1429 Ἀνάνῳ
3273 1360 3445 1429 χωρὶς
3479 1357 3575 1409 αὐο

1991 1454 2085 1509 τοῦ
2108 1456 2335 1526 γνώμης
2362 1454 2586 1509 καθίσαι
2627 1456 2934 1525 συνέδριον.
2983 1453 3226 1514 Ἀλϐῖνος
3255 1451 3313 1504 δέ
3335 1449 3579 1513 πεισθεὶς

1991 1549 2102 1612 τοῖς
2153 1547 2492 1617 λεγομένοις,
2526 1549 2730 1617 γράφει
2766 1546 3072 1617 μετ’ὀργῆς
3093 1544 3173 1615 τῷ
3209 1545 3443 1613 Ἀνάνῳ,
3474 1542 3574 1613 λήο

1988 1638 2193 1710 ψεσθαι
2226 1639 2358 1710 παρ’
2386 1639 2555 1692 αὑτοῦ
2589 1639 2747 1701 δίκας
2789 1638 3058 1691 ἀπειλῶν.
3107 1635 3329 1689 Ἔοικεν
3357 1632 3454 1688 οὖν
3485 1634 3579 1687 καὶ

1991 1730 2021 1784 ὁ
2057 1729 2319 1801 βασιλεὺς
2361 1731 2703 1801 Ἀγρίππας,
2729 1729 2817 1784 διά
2855 1729 3003 1783 τοῦτ’
3038 1728 3385 1797 ἀφελόμενος
3414 1725 3577 1779 αὐτοῦ

300 1826 519 1881 obviam
545 1843 884 1897 processere,
904 1831 1226 1885 Alexandria
1254 1830 1358 1885 iter
1373 1830 1619 1896 facienti,
1645 1848 1886 1901 eumque

1993 1821 2092 1893 τὴν
2129 1821 2457 1893 ἱερωσύνην,
2517 1821 2787 1893 ἄρξαντος
2839 1822 3018 1890 μῆνας
3049 1821 3224 1890 τρεῖς,
3258 1820 3356 1873 καὶ
3400 1815 3578 1887 Ἰησοῦ

300 1919 564 1984 docuere,
601 1922 956 1977 noulicuisse
989 1925 1205 1988 Anano,
1238 1926 1377 1978 citra
1403 1926 1524 1999 ejus
1552 1926 1885 1979 sententiain

301 2021 360 2068 et
398 2013 763 2080 voluntatem,
819 2015 1114 2069 consilium
1177 2017 1369 2086 judicii
1420 2017 1657 2072 faciendi
1714 2019 1890 2087 gratia

301 2120 521 2175 cogere.
558 2106 793 2162 Albinus
835 2122 1003 2177 porro
1042 2108 1232 2164 verbis
1260 2110 1536 2181 ejusmodi
1567 2127 1888 2180 persuasus,

299 2197 368 2251 ad
398 2198 656 2253 Ananum
683 2199 872 2254 animo
902 2213 1181 2255 commoto
1206 2203 1453 2271 scripsit.
1485 2218 1789 2272 poenasque
1834 2219 1893 2257 se

1993 1916 2072 1985 τῷ
2099 1915 2197 1969 τοῦ
2233 1917 2513 1985 Δαμναίου
2569 1916 2743 1986 αὐτὴν
2772 1917 3103 1985 παρασχεῖν.
3143 1932 3163 1966 ι
3204 1912 3449 1967 Τοιαῦτα
3480 1912 3579 1979 μέν

1986 2009 2083 2062 καὶ⁵
2116 2008 2186 2062 τὰ
2207 2009 2348 2063 κατὰ
2372 2008 2465 2064 τὸν
2504 2009 2780 2073 Ἰάκωϐον,
2821 2002 2883 2063 οὔ
2910 2009 2944 2078 ἡ
2988 2006 3181 2079 πρώτη
3249 2006 3361 2060 τῶν
3414 2004 3580 2061 καθο-

1986 2101 2155 2157 λικῶν
2190 2097 2333 2157 εἶναι
2386 2103 2714 2157 πιστεύεται
2768 2100 3077 2157 ἐπιστολῶν
3101 2148 3115 2169 ,
3150 2102 3226 2164 ὡς
3275 2102 3372 2154 καὶ
3420 2101 3453 2168 ὴ
3486 2098 3582 2152 τοῦ

1999 2194 2193 2260 Ἰούδα,
2217 2196 2425 2259 πάσαις
2453 2196 2778 2265 ἐκκλησίαις
2810 2192 3086 2264 λαμπρῶς
3130 2191 3582 2265 παρρησιαζόμε-

300 2286 373 2341 ab
406 2302 476 2341 eo
514 2297 867 2358 sumpturum
902 2290 1146 2343 minatus
1200 2299 1308 2343 est.
1367 2289 1510 2354 Quin
1558 2299 1614 2342 et
1657 2290 1887 2359 Agrippa

1992 2304 2121 2341 ναι*
2178 2288 2285 2343 κᾶν
2334 2290 2431 2342 καὶ
2484 2290 2626 2353 τέως
2689 2289 2766 2360 μή
2819 2305 2970 2353 τινες
3024 2285 3136 2342 τῶν
3174 2286 3298 2339 λίαν
3336 2284 3582 2354 ἀρχαίων

302 2395 399 2434 rex
450 2396 570 2435 cam
605 2381 676 2434 ob
726 2397 949 2435 causam
1004 2382 1393 2453 pontiﬁcatum
1444 2384 1517 2445 ci,
1549 2396 1715 2450 quem
1781 2390 1887 2435 tres

1999 2382 2196 2451 μνείαν
2217 2380 2430 2435 τούτων
2455 2382 2813 2451 πεποίηνται.

298 2475 776 2533 administraverat
803 2494 1040 2544 menses,
1073 2479 1370 2542 ademisse,
1402 2493 1644 2548 eumque
1663 2477 1791 2532 Jesu
1836 2477 2076 2533 Dammei
2105 2478 2223 2533 ﬁlio
2248 2478 2328 2547 (1)
2374 2478 2598 2535 dedisse
2626 2478 2869 2534 videtur.
2900 2496 2921 2531 ι
2944 2477 3015 2533 Ει
3038 2474 3229 2533 Jacobi
3252 2471 3473 2545 quidem
3496 2485 3585 2525 res

300 2573 382 2636 sic
413 2590 472 2628 se
508 2575 775 2630 habuere.
808 2574 985 2647 Hujus
1033 2592 1155 2631 esse
1195 2576 1442 2631 creditur
1502 2575 1682 2645 prima
1736 2576 1882 2630 inter
1917 2575 2227 2632 catholicas
2290 2576 2560 2647 Epistula,
2594 2576 2662 2632 ad
2692 2591 2891 2632 omnes
2932 2576 3237 2632 ecclesias:
3306 2582 3367 2628 ut
3409 2571 3584 2642 ipsius

297 2682 522 2734 quoque
538 2666 714 2734 Judze,
733 2669 1025 2740 magniﬁce
1067 2669 1469 2726 cumlibertate
1488 2670 1660 2725 multa
1716 2669 1962 2741 scriptas:
2007 2670 2262 2742 quamvis
2310 2671 2600 2742 utriusque
2633 2670 2969 2728 vetustiores
3006 2668 3342 2726 mentionem
3379 2666 3581 2723 nullam

300 2759 527 2817 faciant.

829 2878 1060 2938 CAPUT
1092 2880 1340 2937 XXXIX.

301 2969 379 3027 De
415 2971 630 3025 Audrea
684 2978 731 3025 ei
777 2970 1170 3026 Bartholomn-o
1209 2975 1541 3028 sacrosanctis
1603 2972 1884 3043 apostolis,

372 3043 638 3118 quomodo
670 3044 931 3113 martyrio
963 3060 1058 3112 pro
1097 3044 1306 3098 Christo
1331 3049 1439 3100 sint
1464 3046 1811 3102 coltonestati.

374 3218 505 3273 Post
539 3218 687 3274 hunc
719 3228 774 3273 et
818 3220 1089 3283 Andreas,
1148 3223 1429 3291 corypba‘i
1495 3223 1641 3277 Petri
1681 3224 1876 3291 frater,

300 3310 395 3378 qui
437 3310 675 3379 primum
722 3310 1015 3364 Dominum
1045 3311 1278 3368 Joannis
1330 3312 1540 3367 indicio
1605 3315 1886 3384 cognovit,

300 3419 731 3475 germanumque
748 3420 909 3459 suum
935 3405 1001 3459 ad
1022 3405 1278 3460 eumdem
1310 3406 1559 3472 adduxit,
1604 3409 1708 3462 rite
1734 3423 1885 3470 vero,

298 3509 470 3572 etut
519 3497 753 3555 decebat
805 3512 1038 3568 prorsus
1092 3515 1245 3566 eum,
1309 3500 1404 3571 qui
1442 3511 1674 3556 vocatus
1702 3500 1889 3556 fuerat

303 3592 536 3661 primus,
577 3606 751 3661 usque
772 3592 839 3647 ad
882 3591 1090 3648 Christi
1125 3594 1179 3648 in
1228 3595 1431 3650 coelum
1467 3598 1883 3664 ascensionem,
1934 3614 1941 3621 ·

302 3686 549 3758 vestigiis
610 3688 733 3758 ejus
787 3688 1076 3753 insistens,
1138 3688 1339 3745 ofﬁcio.
1372 3704 1474 3747 suo
1518 3691 1746 3748 functus
1776 3701 1884 3747 est.

302 3783 369 3837 Et
405 3782 629 3838 caelitus
668 3782 721 3835 in
757 3783 944 3852 specie
975 3782 1259 3853 ignearum
1295 3783 1612 3854 linguarum
1644 3784 1888 3856 Spiritus

302 3875 476 3929 sancti
503 3876 677 3945 gratia
712 3884 963 3944 accepta.
1010 3884 1159 3931 sorte
1216 3892 1441 3945 quoque
1494 3878 1544 3932 ei
1597 3880 1886 3948 provincia

300 3984 365 4022 ca
426 3968 646 4039 obtigit,
704 3977 763 4022 ut
816 3969 885 4022 ad
946 3979 1140 4038 gentes
1174 3971 1493 4025 mitteretur
1534 3971 1639 4026 :in
1674 3970 1886 4041 Cappa-

302 4061 522 4117 dociam
582 4059 823 4124 scilicet,
874 4059 1146 4115 Galatiam
1188 4070 1245 4115 et
1280 4061 1621 4133 Bithyniam.
1675 4061 1891 4129 Quibus

302 4153 395 4209 ille
435 4153 769 4225 peragratis,
798 4152 862 4207 ad
893 4168 1014 4208 eam
1061 4170 1288 4224 quoque
1330 4156 1568 4211 accessit
1611 4171 1735 4226 qua:
1774 4159 1888 4212 An-

305 4247 817 4317 tbropophagorum
858 4247 1087 4313 dicitur,
1118 4259 1175 4304 et
1209 4249 1276 4302 ad
1316 4247 1649 4321 Scytharum
1681 4251 1883 4306 solitu-

303 4328 484 4403 dines,
509 4338 575 4394 ad
609 4349 909 4410 utrumque
931 4339 1168 4395 Pontum
1194 4340 1494 4406 Euxinum,
1539 4340 1704 4411 200
1731 4356 1888 4398 oras-

2564 2879 2840 2950 ,KEQAA.
2872 2876 2999 2934 ite'.

1996 2975 2137 3042 Περὶ
2169 2972 2451 3042 Ἀνδρέου
2475 2972 2575 3027 καί
2611 2972 3069 3042 Βαρθολομαῖον
3102 2969 3222 3026 τῶν
3240 2971 3413 3039 ἱερῶν
3434 2970 3580 3025 ἀπο·

2066 3041 2312 3117 στόλων
2332 3060 2347 3074 ·
2392 3045 2476 3109 ὡς
2507 3043 2587 3110 τῷ
2617 3043 2773 3111 ὑπὲρ
2798 3041 3072 3117 ⁸Χριστοῦ
3094 3045 3405 3112 μαρτυρίῳ
3434 3057 3577 3095 κατ-

1914 3097 1963 3162 C
2060 3097 2526 3184 ἐκοσμήθησᾶνξ
2557 3097 2589 3189 ’-

2081 3235 2206 3289 Ἐπὶ
2230 3234 2296 3306 δὴ
2318 3234 2497 3306 τούτῳ
2518 3237 2614 3288 καὶ
2661 3233 2920 3306 Ἀνδρέας
2956 3235 2984 3288 ὁ
3013 3231 3110 3287 τοῦ
3139 3234 3444 3305 κορυφαίου
3480 3233 3585 3286 Πέ-

1990 3345 2126 3398 τρου
2162 3329 2511 3397 κασίγνητος,
2555 3327 2773 3399 πρῶτον
2824 3326 2924 3398 μὶν
3011 3325 3166 3396 παρὰ
3207 3325 3462 3379 Ἰωάννου
3492 3326 3584 3378 τὸν

1997 3420 2205 3490 Κύριον
2237 3419 2520 3487 ἐπιγνοὺς,
2557 3419 2652 3472 καὶ
2678 3419 2771 3473 τὸν
2818 3418 3086 3486 σύγγονον
3117 3419 3335 3489 πρῶτος
3366 3421 3447 3480 εἰς
3485 3420 3585 3471 αὺ-

1995 3512 2088 3567 τὸν
2140 3511 2414 3579 ἑλκύσας,
2469 3511 2651 3575 καλῶς
2698 3528 2760 3564 τε
2811 3511 2909 3565 καὶ
2954 3511 3031 3572 ὡς
3090 3510 3271 3582 χρεών
3302 3527 3368 3578 γε
3402 3507 3472 3582 ἦν
3506 3510 3583 3580 τῷ

1999 3604 2404 3675 πρωτοκλήτῳ,
2439 3605 2570 3676 ἄχρι
2620 3604 2688 3675 δὴ
2717 3603 2815 3657 καὶ
2854 3602 2957 3672 τῆς
2997 3603 3079 3667 είς
3132 3602 3366 3673 οὐρανὸν
3392 3602 3583 3657 ἀνόδου

1999 3699 2223 3771 Χριστῷ
2247 3698 2365 3752 κατ’
2399 3696 2546 3768 ἴχνος
2578 3697 3068 3767 πολιτευσάμενος,
3098 3699 3196 3753 καὶ
3250 3698 3351 3766 τὴν
3379 3696 3585 3752 ἄνωθεν

1998 3788 2056 3839 ἐν
2107 3788 2237 3841 είδει
2287 3788 2536 3859 πυρίνων
2583 3787 2857 3856 γλωσσῶν
2913 3788 3078 3858 χάριν
3133 3786 3231 3842 τοῦ
3264 3787 3584 3859 Πνεῦματος

1998 3878 2402 3949 εἰσδεξάμενος,
2450 3879 2641 3951 κλήρῳ
2689 3880 2786 3933 καὶ
2833 3872 2992 3942 οὗτος
3046 3880 3149 3952 τὴν
3204 3881 3297 3943 ,είς
3341 3879 3411 3933 τά
3454 3879 3584 3950 ἔθνη

1993 3973 2296 4030 ἐστέλλετο.
2345 3971 2715 4027 Καππαδοκία
2748 3972 2847 4040 μὲν
2873 3970 2971 4027 οὖν
3016 3971 3166 4041 αύτῷ
3195 3973 3289 4026 καὶ⁸
3338 3972 3580 4027 Γαλατία

1995 4067 2090 4117 καὶ
2131 4065 2304 4135 ἡτῶν
2339 4064 2584 4118 Βιθυνῶν
2635 4064 3017 4135 διελάγχανον.
3088 4065 3328 4135 Ἐπῆλθέ
3372 4082 3438 4134 γε
3470 4068 3579 4137 μὴν

1997 4157 2092 4209 καὶ
2141 4157 2266 4226 τὴν,
2313 4156 2486 4228 ἡτῶν
2553 4156 3039 4228 ’Δνθρωποφάγων
3077 4157 3418 4229 ὠνόμασται,
3449 4159 3484 4231 ἧ
3522 4176 3583 4213 τε

1998 4249 2225 4304 Σκυθῶν
2255 4249 2483 4321 ἐρημία,
2543 4248 2803 4315 Εύξεινός
2851 4265 2910 4305 τε
2946 4250 3140 4314 πόντος
3181 4250 3480 4323 ἑκάτερος*
3516 4251 3585 4306 τά

1996 4358 2059 4394 τε
2083 4341 2221 4413 πρὸς
2275 4342 2491 4413 Βορρᾶν
2546 4342 2644 4395 καὶ
2675 4341 2852 4395 Νότον
2916 4341 3083 4396 αὐτοῦ
3137 4342 3402 4413 κλίματα,
3433 4344 3494 4397 τό
3526 4360 3580 4397 τε

303 4451 413 4506 que
470 4433 942 4504 septentrionales
992 4440 1051 4487 et
1095 4431 1397 4497 australes,
1428 4430 1496 4486 ad
1546 4433 1726 4500 ipsum
1752 4447 1887 4502 quo-

1996 4430 2268 4497 Βύζαντος
2327 4431 2528 4486 πέδονο
2563 4429 2649 4503 ἐφ’
2690 4423 2735 4499 ᾧ
2769 4432 2860 4486 καὶ
2896 4433 3117 4504 πρῶτον
3149 4433 3451 4487 ἐπίσκοπον
3491 4434 3581 4486 τὸν

302 4547 409 4600 que
444 4530 696 4601 Byzantis
734 4529 935 4584 solum.
990 4526 1099 4582 Ubi
1144 4524 1394 4580 ecclesiae
1428 4540 1458 4580 a
1520 4539 1581 4579 se
1640 4525 1882 4594 primum

304 4624 590 4681 institutae.
628 4622 866 4693 primum
890 4618 1215 4689 episcopum
1248 4616 1441 4671 divum
1474 4617 1716 4689 Stachyu
1750 4634 1890 4689 prte-

302 4716 453 4771 l‘ecit.
506 4714 776 4784 Deinceps
810 4713 1127 4775 Thraciam,
1185 4711 1590 4778 Macedoniam,
1636 4712 1887 4767 Thessa-

302 4811 455 4872 liam,
494 4804 549 4865 et
575 4810 842 4864 Achaiam
877 4805 1210 4876 peragravit.
1242 4806 1298 4858 In
1337 4805 1542 4874 quibus
1570 4804 1878 4875 provinciis

302 4904 585 4966 omnibus,
631 4902 795 4971 longo
838 4911 1085 4969 tempore
1129 4898 1487 4954 sermonibus
1528 4898 1755 4962 divinis,
1809 4898 1888 4952 si-

301 4999 536 5068 gnisque
561 5003 619 5050 et
654 4992 928 5065 prodigiis
952 4990 1201 5048 miriﬁcis
1228 4991 1514 5047 Christum
1544 4990 1886 5063 gloriﬁcans,

304 5091 523 5143 tandem
559 5103 590 5142 a
627 5087 959 5157 proconsule
985 5084 1229 5157 Egzeato
1284 5087 1340 5141 in
1379 5101 1605 5143 crucem
1661 5100 1887 5156 quoque

302 5198 387 5239 ρει
418 5193 575 5237 actus
610 5204 624 5235 :
669 5180 765 5234 illo
793 5181 842 5235 ei
872 5179 1108 5235 crimine
1134 5180 1380 5251 objecto,
1413 5179 1565 5250 quod
1590 5180 1885 5250 conjugem

299 5275 422 5345 ejus
455 5272 839 5338 Maximillam,
889 5273 1231 5345 fratremque
1278 5273 1638 5339 Stratoclem,
1683 5275 1885 5343 impie-

304 5379 471 5425 tatem
497 5370 617 5440 ejus
654 5368 917 5425 detestari
963 5369 1269 5433 docuisset,
1297 5377 1355 5424 et
1378 5368 1447 5424 ad
1482 5367 1691 5423 Christi
1723 5368 1885 5423 ﬁdem

312 5465 657 5520 adduxisset.
744 5462 1032 5533 Philippus
1085 5472 1271 5516 autem
1323 5470 1376 5515 et
1448 5458 1888 5515 Bartbolontaeus

307 5559 522 5629 Syriam
562 5566 619 5612 et
656 5556 841 5612 Asiam
879 5555 1227 5626 superiorem
1278 5552 1464 5610 sortiti
1506 5562 1662 5609 sunt.
1704 5556 1888 5623 Atque

306 5650 361 5706 in
393 5667 589 5707 eorum
630 5650 888 5706 locorum
920 5647 1249 5705 civitatibus
1272 5645 1561 5711 omnibus,
1605 5643 1732 5699 ﬁdei
1764 5645 1889 5700 t‘un-

310 5740 582 5803 damentis
612 5742 798 5811 jactis,
825 5740 1029 5810 templa
1057 5745 1512 5803 construxerunt,
1538 5736 1887 5792 sacerdotes-

1996 4526 2140 4581 θεῖον
2169 4525 2383 4596 Στάχυν
2440 4525 2799 4596 καταστήσας
2854 4526 2914 4579 ἐν
2960 4526 3261 4598 Ἐκκλησία
3304 4529 3370 4599 ἢν
3404 4528 3578 4581 ἐκεῖσε

1991 4619 2208 4691 πρῶτος
2235 4616 2388 4683 οὗτος
2425 4618 2667 4689 ἐπήξατο
2689 4635 2705 4651 ·
2735 4613 2858 4673 εἶτα
2889 4618 2981 4673 διά
3012 4619 3238 4691 Θρᾴκης
3272 4621 3368 4674 καὶ
3394 4623 3580 4674 Μακε-

1990 4710 2194 4777 δονίας,
2244 4712 2547 4775 Θεσσαλίας
2601 4728 2663 4765 τε
2693 4712 2790 4766 καὶ
2832 4712 3066 4781 Ἀχαίας
3123 4712 3334 4767 ἐλθὼνο
3387 4714 3473 4781 ἐφ’
3498 4711 3579 4774 0’:

1992 4809 2169 4861 ἅπασι
2222 4806 2404 4874 λόγοις
2439 4805 2773 4877 θεοπρεπέσι
2831 4805 2927 4859 καὶ
2977 4805 3230 4875 σημείοις
3262 4807 3360 4860 καὶ
3389 4808 3580 4877 τέρασι

1990 4902 2082 4955 τὸν
2119 4900 2353 4972 Χριστὸν
2383 4897 2620 4965 δοξάσας
2648 4899 2749 4953 οὐκ
2771 4898 3087 4969 ἐλαχίστοις
3112 4899 3172 4951 ἐν
3204 4898 3441 4968 κρόκοις,
3473 4898 3578 4950 ὑπὸ

1991 4996 2084 5047 τοῦ
2111 4994 2420 5049 ἀνθυπάτου
2446 4992 2747 5059 Αίγαιάτου
2773 4990 2852 5061 τῷ
2876 4990 3098 5062 σταυρῷ
3114 4992 3208 5045 καὶ⁸
3225 4984 3384 5055 οὗτος
3408 5008 3579 5060 προσ-

1992 5086 2219 5156 ήλωται,
2249 5084 2503 5154 ἔγκλημά
2529 5083 2581 5135 oi.
2620 5082 3013 5151 ἐπαγαγόντος.
3045 5083 3239 5149 ὅτιπερ
3267 5085 3370 5154 τὴν
3396 5100 3574 5153 γαμε-

1990 5180 2091 5251 τὴν
2122 5177 2289 5233 αὐτοῦ
2314 5176 2683 5245 Μαξιμίλλαν,
2711 5179 2806 5230 καὶ
2829 5175 2921 5230 τὸν
2942 5176 3174 5244 ἀδελφὸν
3199 5176 3570 5247 Στρατοκλέα,

1992 5273 2213 5343 Χριστῷ
2277 5271 2641 5343 προσαγάγοι,
2705 5268 2807 5340 τὴν
2863 5266 3075 5322 ἐκείνου
3136 5266 3573 5337 βδελυξαμένους

1989 5366 2330 5421 δυσσέϐειαν.
2388 5364 2642 5433 Φιλίππῳ
2697 5362 2755 5414 δέ
2784 5362 2876 5415 καὶ¹
2902 5360 3294 5431 Βαρθολομαίῳ
3316 5363 3489 5431 Συρία
3515 5381 3573 5416 τε

1992 5462 2083 5513 καὶ
2116 5458 2271 5511 Ἀσία
2297 5457 2331 5527 ή
2365 5458 2479 5510 ἀνω
2516 5455 2856 5525 κεκλήρωτο.
2886 5452 2992 5506 Τὸν
3027 5454 3249 5524 ἀρραγῆ
3276 5454 3574 5525 τοιγαροῦν

1990 5554 2088 5622 τῆς
2115 5553 2351 5615 πίστεως
2375 5549 2631 5618 θεμέλιον
2664 5549 2759 5602 ἐπὶ
2793 5557 2892 5611 τας
2925 5547 3152 5600 ἐκείνων
3179 5549 3358 5609 πάσας
3389 5550 3573 5613 πόλεις

1992 5643 2430 5715 καταπήξαντες,
2455 5642 2613 5704 ναούς
2636 5656 2695 5693 τε
2709 5639 3046 5710 ᾠκοδόμουν,
3071 5642 3168 5693 καὶ
3199 5640 3381 5711 ἱερέας
3404 5641 3572 5710 πρού-

1992 5735 2274 5793 ϐαλλοντο.
2312 5734 2380 5788 Ὅ
2406 5750 2470 5802 γε
2498 5731 2605 5802 μὴν
2632 5730 2897 5795 Φίλιππος
2934 5729 3034 5794 τὰς
3066 5732 3167 5801 τῆς
3211 5729 3394 5794 Ἀσίας
3414 5730 3570 5787 διιὼν

383 5896 461 5969 (ἲ)
500 5896 690 5960 ictum
741 5901 889 5956 hunc
947 5899 1120 5957 ﬁlium
1159 5900 1479 5963 Gamaliclis
1530 5903 1733 5970 fuisse,
1777 5900 1917 5958 dixit
1960 5916 2125 5972 supra
2178 5900 2374 5959 eodem
2414 5916 2536 5973 cap.
2575 5897 2629 5962 4.
