  <div class='ocr_page' id='page_1' title='image "/cluster/home/n/w/nwhite01/storage/ocr_20150623/145:no.1/coo.31924054870500/438.png"; bbox 0 0 4046 6430; ppageno 0'>
   <div class='ocr_carea' id='block_1_1' title="bbox 460 391 558 462">
    <p class='ocr_par' dir='ltr' id='par_1_1' title="bbox 460 391 558 462">
     <span class='ocr_line' id='line_1_1' title="bbox 460 391 558 462; baseline -0.031 -1"><span class='ocrx_word' id='word_1_1' title='bbox 460 391 558 462; x_wconf 75' lang='lat'><strong>8’51</strong></span> 
     </span>
    </p>
   </div>
   <div class='ocr_carea' id='block_1_2' title="bbox 1420 405 2788 477">
    <p class='ocr_par' dir='ltr' id='par_1_2' title="bbox 1420 405 2788 477">
     <span class='ocr_line' id='line_1_2' title="bbox 1420 405 2788 477; baseline 0.01 -14"><span class='ocrx_word' id='word_1_2' title='bbox 1420 405 2029 472; x_wconf 61' lang='lat' dir='ltr'><strong>ECCLESIASTICE</strong></span> <span class='ocrx_word' id='word_1_3' title='bbox 2065 412 2463 474; x_wconf 68' lang='lat' dir='ltr'><strong>HiSTOerE</strong></span> <span class='ocrx_word' id='word_1_4' title='bbox 2503 413 2658 476; x_wconf 80' lang='lat' dir='ltr'><strong>LIB.</strong></span> <span class='ocrx_word' id='word_1_5' title='bbox 2705 414 2788 477; x_wconf 89' lang='lat' dir='ltr'><strong>Il.</strong></span> 
     </span>
    </p>
   </div>
   <div class='ocr_carea' id='block_1_3' title="bbox 3614 416 3722 479">
    <p class='ocr_par' dir='ltr' id='par_1_3' title="bbox 3614 416 3722 479">
     <span class='ocr_line' id='line_1_3' title="bbox 3614 416 3722 479; baseline 0.019 -3"><span class='ocrx_word' id='word_1_6' title='bbox 3614 416 3722 479; x_wconf 82' lang='lat'><strong>862</strong></span> 
     </span>
    </p>
   </div>
   <div class='ocr_carea' id='block_1_4' title="bbox 464 515 2064 610">
    <p class='ocr_par' dir='ltr' id='par_1_4' title="bbox 464 515 2039 594">
     <span class='ocr_line' id='line_1_4' title="bbox 464 515 2039 594; baseline 0.006 -26"><span class='ocrx_word' id='word_1_7' title='bbox 464 515 672 580; x_wconf 81' lang='grc' dir='ltr'>πόλεις,</span> <span class='ocrx_word' id='word_1_8' title='bbox 727 518 815 570; x_wconf 73' lang='grc' dir='ltr'><strong>καὶ</strong></span> <span class='ocrx_word' id='word_1_9' title='bbox 868 519 948 581; x_wconf 84' lang='grc' dir='ltr'><strong>είς</strong></span> <span class='ocrx_word' id='word_1_10' title='bbox 1018 518 1324 591; x_wconf 79' lang='grc' dir='ltr'>Ὶεράπολιν</span> <span class='ocrx_word' id='word_1_11' title='bbox 1372 523 1473 590; x_wconf 79' lang='grc' dir='ltr'><strong>τῆς</strong></span> <span class='ocrx_word' id='word_1_12' title='bbox 1524 523 1764 592; x_wconf 79' lang='grc' dir='ltr'><strong>Φρυγίας</strong></span> <span class='ocrx_word' id='word_1_13' title='bbox 1793 522 2039 594; x_wconf 78' lang='grc' dir='ltr'>ἔρχεται,</span> 
     </span>
    </p>
   </div>
   <div class='ocr_carea' id='block_1_5' title="bbox 2168 515 3716 610">
    <p class='ocr_par' dir='ltr' id='par_1_5' title="bbox 2168 527 3716 610">
     <span class='ocr_line' id='line_1_5' title="bbox 2168 527 3716 610; baseline 0.001 -27"><span class='ocrx_word' id='word_1_14' title='bbox 2168 545 2252 597; x_wconf 71' lang='lat' dir='ltr'><strong>[ue</strong></span> <span class='ocrx_word' id='word_1_15' title='bbox 2278 537 2333 583; x_wconf 89' lang='lat' dir='ltr'><strong>et</strong></span> <span class='ocrx_word' id='word_1_16' title='bbox 2354 529 2644 599; x_wconf 83' lang='lat' dir='ltr'><strong>episcOpos</strong></span> <span class='ocrx_word' id='word_1_17' title='bbox 2667 530 2748 584; x_wconf 87' lang='lat' dir='ltr'><strong>eis</strong></span> <span class='ocrx_word' id='word_1_18' title='bbox 2792 527 3176 597; x_wconf 64' lang='lat' dir='ltr'><strong>praefecerunt.</strong></span> <span class='ocrx_word' id='word_1_19' title='bbox 3224 529 3515 599; x_wconf 80' lang='lat' dir='ltr'><strong>Philippus</strong></span> <span class='ocrx_word' id='word_1_20' title='bbox 3548 534 3716 610; x_wconf 86' lang='lat' dir='ltr'><strong>etiam</strong></span> 
     </span>
    </p>
   </div>
   <div class='ocr_carea' id='block_1_6' title="bbox 462 608 2039 683">
    <p class='ocr_par' dir='ltr' id='par_1_6' title="bbox 462 608 2039 683">
     <span class='ocr_line' id='line_1_6' title="bbox 462 608 2039 683; baseline 0.008 -27"><span class='ocrx_word' id='word_1_21' title='bbox 462 608 739 674; x_wconf 76' lang='grc' dir='ltr'>ἐπίσημόν</span> <span class='ocrx_word' id='word_1_22' title='bbox 769 625 825 660; x_wconf 87' lang='grc' dir='ltr'><strong>τε</strong></span> <span class='ocrx_word' id='word_1_23' title='bbox 855 608 1040 673; x_wconf 76' lang='grc' dir='ltr'>οὖσαν,</span> <span class='ocrx_word' id='word_1_24' title='bbox 1102 609 1315 681; x_wconf 79' lang='grc' dir='ltr'>πλούτῳ</span> <span class='ocrx_word' id='word_1_25' title='bbox 1371 613 1551 683; x_wconf 82' lang='grc' dir='ltr'>πολλῷ</span> <span class='ocrx_word' id='word_1_26' title='bbox 1594 614 1908 683; x_wconf 79' lang='grc' dir='ltr'>βρίθουσαν,</span> <span class='ocrx_word' id='word_1_27' title='bbox 1946 618 2039 668; x_wconf 69' lang='grc' dir='ltr'><strong>καὶ</strong></span> 
     </span>
    </p>
   </div>
   <div class='ocr_carea' id='block_1_7' title="bbox 462 698 2041 776">
    <p class='ocr_par' dir='ltr' id='par_1_7' title="bbox 462 698 2041 776">
     <span class='ocr_line' id='line_1_7' title="bbox 462 698 2041 776; baseline 0.004 -26"><span class='ocrx_word' id='word_1_28' title='bbox 462 698 564 750; x_wconf 86' lang='grc' dir='ltr'><strong>οὐκ</strong></span> <span class='ocrx_word' id='word_1_29' title='bbox 598 698 937 768; x_wconf 70' lang='grc' dir='ltr'><strong>ἀμοιροῦσαν</strong></span> <span class='ocrx_word' id='word_1_30' title='bbox 994 702 1288 772; x_wconf 80' lang='grc' dir='ltr'>ὀνόματος·</span> <span class='ocrx_word' id='word_1_31' title='bbox 1344 705 1500 758; x_wconf 82' lang='grc' dir='ltr'><strong>τόσον</strong></span> <span class='ocrx_word' id='word_1_32' title='bbox 1545 723 1608 772; x_wconf 82' lang='grc' dir='ltr'>γε</span> <span class='ocrx_word' id='word_1_33' title='bbox 1646 706 1753 776; x_wconf 88' lang='grc' dir='ltr'><strong>μὴν</strong></span> <span class='ocrx_word' id='word_1_34' title='bbox 1800 706 2041 768; x_wconf 71' lang='grc' dir='ltr'>εἰδώῖιοις</span> 
     </span>
    </p>
   </div>
   <div class='ocr_carea' id='block_1_8' title="bbox 465 791 2041 865">
    <p class='ocr_par' dir='ltr' id='par_1_8' title="bbox 465 791 2041 865">
     <span class='ocr_line' id='line_1_8' title="bbox 465 791 2041 865; baseline 0.006 -26"><span class='ocrx_word' id='word_1_35' title='bbox 465 794 929 859; x_wconf 83' lang='grc' dir='ltr'>προστετηκυίαν,</span> <span class='ocrx_word' id='word_1_36' title='bbox 993 791 1067 853; x_wconf 85' lang='grc' dir='ltr'>ὡς</span> <span class='ocrx_word' id='word_1_37' title='bbox 1110 798 1203 848; x_wconf 75' lang='grc' dir='ltr'><strong>καὶ</strong></span> <span class='ocrx_word' id='word_1_38' title='bbox 1264 793 1480 864; x_wconf 76' lang='grc' dir='ltr'><strong>ἔχιδναν</strong></span> <span class='ocrx_word' id='word_1_39' title='bbox 1527 795 1715 865; x_wconf 76' lang='grc' dir='ltr'>θηρίον</span> <span class='ocrx_word' id='word_1_40' title='bbox 1745 796 1949 850; x_wconf 67' lang='grc' dir='ltr'>ἰοϐόλον</span> <span class='ocrx_word' id='word_1_41' title='bbox 1982 813 2041 848; x_wconf 83' lang='grc' dir='ltr'><strong>τε</strong></span> 
     </span>
    </p>
   </div>
   <div class='ocr_carea' id='block_1_9' title="bbox 465 880 2042 958">
    <p class='ocr_par' dir='ltr' id='par_1_9' title="bbox 465 880 2042 958">
     <span class='ocr_line' id='line_1_9' title="bbox 465 880 2042 958; baseline 0.005 -26"><span class='ocrx_word' id='word_1_42' title='bbox 465 882 564 936; x_wconf 71' lang='grc' dir='ltr'><strong>καὶ</strong></span> <span class='ocrx_word' id='word_1_43' title='bbox 622 880 937 949; x_wconf 70' lang='grc' dir='ltr'>ἀκάθαρτον</span> <span class='ocrx_word' id='word_1_44' title='bbox 994 883 1350 958; x_wconf 86' lang='grc' dir='ltr'>θαλαμεύειν,</span> <span class='ocrx_word' id='word_1_45' title='bbox 1392 888 1597 956; x_wconf 76' lang='grc' dir='ltr'>ἐντίμῳ</span> <span class='ocrx_word' id='word_1_46' title='bbox 1653 905 1712 940; x_wconf 89' lang='grc' dir='ltr'><strong>τε</strong></span> <span class='ocrx_word' id='word_1_47' title='bbox 1773 888 2042 957; x_wconf 75' lang='grc' dir='ltr'>θεραπείᾳ</span> 
     </span>
    </p>
   </div>
   <div class='ocr_carea' id='block_1_10' title="bbox 463 967 2043 1049">
    <p class='ocr_par' dir='ltr' id='par_1_10' title="bbox 463 967 2043 1049">
     <span class='ocr_line' id='line_1_10' title="bbox 463 967 2043 1049; baseline 0.006 -25"><span class='ocrx_word' id='word_1_48' title='bbox 463 973 630 1042; x_wconf 79' lang='grc' dir='ltr'>τιμᾷν</span> <span class='ocrx_word' id='word_1_49' title='bbox 664 967 753 1025; x_wconf 72' lang='grc' dir='ltr'>οἷα</span> <span class='ocrx_word' id='word_1_50' title='bbox 806 973 947 1045; x_wconf 81' lang='grc' dir='ltr'>Θεῷ,</span> <span class='ocrx_word' id='word_1_51' title='bbox 982 976 1076 1028; x_wconf 84' lang='grc' dir='ltr'><strong>καί</strong></span> <span class='ocrx_word' id='word_1_52' title='bbox 1127 995 1237 1029; x_wconf 86' lang='grc' dir='ltr'>τισι</span> <span class='ocrx_word' id='word_1_53' title='bbox 1290 970 1506 1042; x_wconf 74' lang='grc' dir='ltr'>θυσίαίς</span> <span class='ocrx_word' id='word_1_54' title='bbox 1563 980 1876 1049; x_wconf 75' lang='grc' dir='ltr'><strong>ἐκτρέφειν,</strong></span> <span class='ocrx_word' id='word_1_55' title='bbox 1946 983 2043 1033; x_wconf 62' lang='grc' dir='ltr'><strong>καί¹</strong></span> 
     </span>
    </p>
   </div>
   <div class='ocr_carea' id='block_1_11' title="bbox 465 1066 2041 1139">
    <p class='ocr_par' dir='ltr' id='par_1_11' title="bbox 465 1066 2041 1139">
     <span class='ocr_line' id='line_1_11' title="bbox 465 1066 2041 1139; baseline 0.004 -21"><span class='ocrx_word' id='word_1_56' title='bbox 465 1066 760 1135; x_wconf 78' lang='grc' dir='ltr'><strong>ὑπερφυῶς</strong></span> <span class='ocrx_word' id='word_1_57' title='bbox 794 1069 1152 1138; x_wconf 69' lang='grc' dir='ltr'>προσανέχειν</span> <span class='ocrx_word' id='word_1_58' title='bbox 1176 1071 1335 1139; x_wconf 78' lang='grc' dir='ltr'>αὐτῇ.</span> <span class='ocrx_word' id='word_1_59' title='bbox 1381 1071 1542 1124; x_wconf 73' lang='grc' dir='ltr'>Ἀλλὰ</span> <span class='ocrx_word' id='word_1_60' title='bbox 1569 1072 1665 1125; x_wconf 81' lang='grc' dir='ltr'>τοῦ</span> <span class='ocrx_word' id='word_1_61' title='bbox 1712 1073 2041 1126; x_wconf 66' lang='grc' dir='ltr'>Ἀπνιστόλου</span> 
     </span>
    </p>
   </div>
   <div class='ocr_carea' id='block_1_12' title="bbox 464 1157 2046 1237">
    <p class='ocr_par' dir='ltr' id='par_1_12' title="bbox 464 1157 2046 1237">
     <span class='ocr_line' id='line_1_12' title="bbox 464 1157 2046 1237; baseline 0.006 -28"><span class='ocrx_word' id='word_1_62' title='bbox 464 1157 542 1226; x_wconf 82' lang='grc' dir='ltr'><strong>τῷ</strong></span> <span class='ocrx_word' id='word_1_63' title='bbox 572 1158 724 1228; x_wconf 83' lang='grc' dir='ltr'>τόπῳ</span> <span class='ocrx_word' id='word_1_64' title='bbox 763 1158 1224 1231; x_wconf 75' lang='grc' dir='ltr'>ἐπιδημήσαντος,</span> <span class='ocrx_word' id='word_1_65' title='bbox 1258 1164 1542 1218; x_wconf 78' lang='grc' dir='ltr'>συνείπετο</span> <span class='ocrx_word' id='word_1_66' title='bbox 1562 1165 1618 1218; x_wconf 85' lang='grc' dir='ltr'><strong>δέ</strong></span> <span class='ocrx_word' id='word_1_67' title='bbox 1639 1168 1690 1218; x_wconf 79' lang='lat' dir='ltr'><strong>oi</strong></span> <span class='ocrx_word' id='word_1_68' title='bbox 1721 1167 1818 1220; x_wconf 80' lang='grc' dir='ltr'><strong>καὶ</strong></span> <span class='ocrx_word' id='word_1_69' title='bbox 1855 1168 1885 1237; x_wconf 78' lang='grc' dir='ltr'><strong>ἡ</strong></span> <span class='ocrx_word' id='word_1_70' title='bbox 1914 1167 2046 1234; x_wconf 88' lang='grc' dir='ltr'>σύγ-</span> 
     </span>
    </p>
   </div>
   <div class='ocr_carea' id='block_1_13' title="bbox 471 1249 2045 1326">
    <p class='ocr_par' dir='ltr' id='par_1_13' title="bbox 471 1249 2045 1326">
     <span class='ocr_line' id='line_1_13' title="bbox 471 1249 2045 1326; baseline 0.008 -27"><span class='ocrx_word' id='word_1_71' title='bbox 471 1265 626 1315; x_wconf 84' lang='grc' dir='ltr'>γονος</span> <span class='ocrx_word' id='word_1_72' title='bbox 648 1249 798 1320; x_wconf 83' lang='grc' dir='ltr'>αὐτῷ</span> <span class='ocrx_word' id='word_1_73' title='bbox 828 1252 1150 1322; x_wconf 73' lang='grc' dir='ltr'>Μαριάμνη,</span> <span class='ocrx_word' id='word_1_74' title='bbox 1186 1254 1487 1320; x_wconf 79' lang='grc' dir='ltr'>παρθενίαν</span> <span class='ocrx_word' id='word_1_75' title='bbox 1516 1258 1911 1326; x_wconf 77' lang='grc' dir='ltr'>ἐπανῃρημένη</span> <span class='ocrx_word' id='word_1_76' title='bbox 1946 1262 2045 1323; x_wconf 61' lang='grc' dir='ltr'>τὴν</span> 
     </span>
    </p>
   </div>
   <div class='ocr_carea' id='block_1_14' title="bbox 466 1338 2041 1420">
    <p class='ocr_par' dir='ltr' id='par_1_14' title="bbox 466 1338 2041 1420">
     <span class='ocr_line' id='line_1_14' title="bbox 466 1338 2041 1420; baseline 0.008 -29"><span class='ocrx_word' id='word_1_77' title='bbox 466 1338 555 1393; x_wconf 78' lang='grc' dir='ltr'><strong>διὰ</strong></span> <span class='ocrx_word' id='word_1_78' title='bbox 590 1339 732 1408; x_wconf 84' lang='grc' dir='ltr'>βίου,</span> <span class='ocrx_word' id='word_1_79' title='bbox 764 1341 926 1404; x_wconf 78' lang='grc' dir='ltr'>εὐθὺς</span> <span class='ocrx_word' id='word_1_80' title='bbox 957 1344 1017 1397; x_wconf 91' lang='grc' dir='ltr'><strong>τό</strong></span> <span class='ocrx_word' id='word_1_81' title='bbox 1053 1361 1106 1396; x_wconf 88' lang='grc' dir='ltr'><strong>τε</strong></span> <span class='ocrx_word' id='word_1_82' title='bbox 1136 1347 1458 1400; x_wconf 84' lang='grc' dir='ltr'>κατείδωλον</span> <span class='ocrx_word' id='word_1_83' title='bbox 1489 1349 1590 1418; x_wconf 82' lang='grc' dir='ltr'>τῆς</span> <span class='ocrx_word' id='word_1_84' title='bbox 1632 1348 1816 1420; x_wconf 76' lang='grc' dir='ltr'>χώρας</span> <span class='ocrx_word' id='word_1_85' title='bbox 1850 1351 2041 1403; x_wconf 80' lang='grc' dir='ltr'>ἐσϐέν-</span> 
     </span>
    </p>
   </div>
   <div class='ocr_carea' id='block_1_15' title="bbox 468 1430 2044 1508">
    <p class='ocr_par' dir='ltr' id='par_1_15' title="bbox 468 1430 2044 1508">
     <span class='ocr_line' id='line_1_15' title="bbox 468 1430 2044 1508; baseline 0.009 -27"><span class='ocrx_word' id='word_1_86' title='bbox 468 1445 619 1492; x_wconf 84' lang='grc' dir='ltr'>νυτο,</span> <span class='ocrx_word' id='word_1_87' title='bbox 643 1430 735 1482; x_wconf 78' lang='grc' dir='ltr'><strong>καὶ</strong></span> <span class='ocrx_word' id='word_1_88' title='bbox 763 1433 824 1483; x_wconf 82' lang='grc' dir='ltr'><strong>τδ</strong></span> <span class='ocrx_word' id='word_1_89' title='bbox 851 1430 1051 1501; x_wconf 82' lang='grc' dir='ltr'>θράσος</span> <span class='ocrx_word' id='word_1_90' title='bbox 1088 1434 1194 1487; x_wconf 85' lang='grc' dir='ltr'><strong>τῶν</strong></span> <span class='ocrx_word' id='word_1_91' title='bbox 1227 1436 1465 1491; x_wconf 80' lang='grc' dir='ltr'>ἐποίκων</span> <span class='ocrx_word' id='word_1_92' title='bbox 1512 1438 1784 1508; x_wconf 83' lang='grc' dir='ltr'><strong>δαιμόνων</strong></span> <span class='ocrx_word' id='word_1_93' title='bbox 1815 1441 2044 1503; x_wconf 80' lang='grc' dir='ltr'>ἀσθενὲς</span> 
     </span>
    </p>
   </div>
   <div class='ocr_carea' id='block_1_16' title="bbox 465 1514 2047 1603">
    <p class='ocr_par' dir='ltr' id='par_1_16' title="bbox 465 1514 2047 1603">
     <span class='ocr_line' id='line_1_16' title="bbox 465 1514 2047 1603; baseline 0.007 -30"><span class='ocrx_word' id='word_1_94' title='bbox 465 1514 556 1590; x_wconf 82' lang='grc' dir='ltr'><strong>ἦν.</strong></span> <span class='ocrx_word' id='word_1_95' title='bbox 595 1520 670 1574; x_wconf 87' lang='grc' dir='ltr'><strong>Ἦ</strong></span> <span class='ocrx_word' id='word_1_96' title='bbox 702 1537 767 1589; x_wconf 80' lang='grc' dir='ltr'>γε</span> <span class='ocrx_word' id='word_1_97' title='bbox 792 1521 898 1592; x_wconf 84' lang='grc' dir='ltr'>μὴν</span> <span class='ocrx_word' id='word_1_98' title='bbox 942 1525 1215 1599; x_wconf 74' lang='grc' dir='ltr'><strong>εἰρημένη</strong></span> <span class='ocrx_word' id='word_1_99' title='bbox 1249 1528 1381 1591; x_wconf 83' lang='grc' dir='ltr'><strong>Θεὸς</strong></span> <span class='ocrx_word' id='word_1_100' title='bbox 1428 1528 1613 1599; x_wconf 76' lang='grc' dir='ltr'>ἔχιδνα</span> <span class='ocrx_word' id='word_1_101' title='bbox 1641 1530 1855 1584; x_wconf 81' lang='grc' dir='ltr'>οίκοθεν</span> <span class='ocrx_word' id='word_1_102' title='bbox 1881 1532 2047 1603; x_wconf 73' lang='grc' dir='ltr'>ἀνερι</span> 
     </span>
    </p>
   </div>
   <div class='ocr_carea' id='block_1_17' title="bbox 467 1611 2044 1691">
    <p class='ocr_par' dir='ltr' id='par_1_17' title="bbox 467 1611 2044 1691">
     <span class='ocr_line' id='line_1_17' title="bbox 467 1611 2044 1691; baseline 0.01 -30"><span class='ocrx_word' id='word_1_103' title='bbox 467 1611 725 1679; x_wconf 68' lang='grc' dir='ltr'>ῥήγνυτο,</span> <span class='ocrx_word' id='word_1_104' title='bbox 760 1614 851 1671; x_wconf 76' lang='grc' dir='ltr'><strong>καὶ</strong></span> <span class='ocrx_word' id='word_1_105' title='bbox 889 1614 963 1676; x_wconf 86' lang='grc' dir='ltr'><strong>ὡς</strong></span> <span class='ocrx_word' id='word_1_106' title='bbox 997 1616 1107 1669; x_wconf 83' lang='grc' dir='ltr'><strong>ἀπὸ</strong></span> <span class='ocrx_word' id='word_1_107' title='bbox 1148 1619 1319 1688; x_wconf 77' lang='grc' dir='ltr'>πυρὸς</span> <span class='ocrx_word' id='word_1_108' title='bbox 1359 1619 1651 1687; x_wconf 74' lang='grc' dir='ltr'>φλέγοντος</span> <span class='ocrx_word' id='word_1_109' title='bbox 1694 1622 2044 1691; x_wconf 70' lang='grc' dir='ltr'>ἐξηλαύνετο,</span> 
     </span>
    </p>
   </div>
   <div class='ocr_carea' id='block_1_18' title="bbox 466 1703 2044 1783">
    <p class='ocr_par' dir='ltr' id='par_1_18' title="bbox 466 1703 2044 1783">
     <span class='ocr_line' id='line_1_18' title="bbox 466 1703 2044 1783; baseline 0.01 -30"><span class='ocrx_word' id='word_1_110' title='bbox 466 1703 700 1777; x_wconf 70' lang='grc' dir='ltr'>αἰσχύνῃ</span> <span class='ocrx_word' id='word_1_111' title='bbox 721 1723 778 1760; x_wconf 87' lang='grc' dir='ltr'><strong>τε</strong></span> <span class='ocrx_word' id='word_1_112' title='bbox 809 1708 857 1761; x_wconf 82' lang='grc' dir='ltr'>οἱ</span> <span class='ocrx_word' id='word_1_113' title='bbox 894 1710 1066 1783; x_wconf 80' lang='grc' dir='ltr'>ταύτῃ</span> <span class='ocrx_word' id='word_1_114' title='bbox 1097 1711 1161 1781; x_wconf 85' lang='grc' dir='ltr'>δὴ</span> <span class='ocrx_word' id='word_1_115' title='bbox 1194 1713 1628 1783; x_wconf 79' lang='grc' dir='ltr'>προσανέχοντες</span> <span class='ocrx_word' id='word_1_116' title='bbox 1648 1715 2044 1770; x_wconf 73' lang='grc' dir='ltr'>ἐκαλύπτοντο.</span> 
     </span>
    </p>
   </div>
   <div class='ocr_carea' id='block_1_19' title="bbox 470 1795 2046 1881">
    <p class='ocr_par' dir='ltr' id='par_1_19' title="bbox 470 1795 2046 1881">
     <span class='ocr_line' id='line_1_19' title="bbox 470 1795 2046 1881; baseline 0.007 -33"><span class='ocrx_word' id='word_1_117' title='bbox 470 1795 778 1865; x_wconf 78' lang='grc' dir='ltr'>Θαυμάτων</span> <span class='ocrx_word' id='word_1_118' title='bbox 817 1798 927 1871; x_wconf 78' lang='grc' dir='ltr'><strong>γὰρ</strong></span> <span class='ocrx_word' id='word_1_119' title='bbox 983 1803 1079 1855; x_wconf 73' lang='grc' dir='ltr'>καὶ</span> <span class='ocrx_word' id='word_1_120' title='bbox 1134 1806 1434 1874; x_wconf 89' lang='grc' dir='ltr'>τεραστίων</span> <span class='ocrx_word' id='word_1_121' title='bbox 1460 1806 1541 1859; x_wconf 84' lang='grc' dir='ltr'><strong>ὅτι</strong></span> <span class='ocrx_word' id='word_1_122' title='bbox 1574 1808 1847 1861; x_wconf 82' lang='grc' dir='ltr'>πλείστων</span> <span class='ocrx_word' id='word_1_123' title='bbox 1887 1809 2046 1881; x_wconf 75' lang='grc' dir='ltr'>ἐπιρσ</span> 
     </span>
    </p>
   </div>
   <div class='ocr_carea' id='block_1_20' title="bbox 470 1891 2047 1974">
    <p class='ocr_par' dir='ltr' id='par_1_20' title="bbox 470 1891 2047 1974">
     <span class='ocr_line' id='line_1_20' title="bbox 470 1891 2047 1974; baseline 0.008 -30"><span class='ocrx_word' id='word_1_124' title='bbox 470 1891 705 1962; x_wconf 76' lang='grc' dir='ltr'>ῥεόντων</span> <span class='ocrx_word' id='word_1_125' title='bbox 735 1894 823 1949; x_wconf 80' lang='grc' dir='ltr'>διά</span> <span class='ocrx_word' id='word_1_126' title='bbox 840 1912 899 1948; x_wconf 88' lang='grc' dir='ltr'><strong>τε</strong></span> <span class='ocrx_word' id='word_1_127' title='bbox 929 1897 1200 1952; x_wconf 68' lang='grc' dir='ltr'>Φιλίππου</span> <span class='ocrx_word' id='word_1_128' title='bbox 1226 1901 1318 1959; x_wconf 77' lang='grc' dir='ltr'>καὶ</span> <span class='ocrx_word' id='word_1_129' title='bbox 1346 1903 1704 1972; x_wconf 60' lang='grc' dir='ltr'>Μαριάμ-λης,</span> <span class='ocrx_word' id='word_1_130' title='bbox 1744 1908 1934 1969; x_wconf 74' lang='grc' dir='ltr'>στάσις</span> <span class='ocrx_word' id='word_1_131' title='bbox 1968 1905 2047 1974; x_wconf 81' lang='grc' dir='ltr'><strong>τῷ</strong></span> 
     </span>
    </p>
   </div>
   <div class='ocr_carea' id='block_1_21' title="bbox 470 1982 2048 2066">
    <p class='ocr_par' dir='ltr' id='par_1_21' title="bbox 470 1982 2048 2066">
     <span class='ocr_line' id='line_1_21' title="bbox 470 1982 2048 2066; baseline 0.011 -33"><span class='ocrx_word' id='word_1_132' title='bbox 470 1982 670 2050; x_wconf 86' lang='grc' dir='ltr'>πλήθει</span> <span class='ocrx_word' id='word_1_133' title='bbox 701 1985 1121 2057; x_wconf 73' lang='grc' dir='ltr'>ἀνερριπίζετο·</span> <span class='ocrx_word' id='word_1_134' title='bbox 1149 1991 1200 2043; x_wconf 71' lang='lat' dir='ltr'><strong>oi</strong></span> <span class='ocrx_word' id='word_1_135' title='bbox 1230 1992 1336 2061; x_wconf 71' lang='grc' dir='ltr'><strong>μὲν</strong></span> <span class='ocrx_word' id='word_1_136' title='bbox 1373 1993 1483 2064; x_wconf 77' lang='grc' dir='ltr'>γὰρ</span> <span class='ocrx_word' id='word_1_137' title='bbox 1520 1994 1597 2064; x_wconf 83' lang='grc' dir='ltr'><strong>τῷ</strong></span> <span class='ocrx_word' id='word_1_138' title='bbox 1638 1997 2048 2066; x_wconf 82' lang='grc' dir='ltr'>Βαρθολομαίου</span> 
     </span>
    </p>
   </div>
   <div class='ocr_carea' id='block_1_22' title="bbox 469 2076 2052 2161">
    <p class='ocr_par' dir='ltr' id='par_1_22' title="bbox 469 2076 2052 2161">
     <span class='ocr_line' id='line_1_22' title="bbox 469 2076 2052 2161; baseline 0.013 -36"><span class='ocrx_word' id='word_1_139' title='bbox 469 2076 564 2133; x_wconf 58' lang='grc' dir='ltr'><strong>καὶ</strong></span> <span class='ocrx_word' id='word_1_140' title='bbox 587 2077 856 2132; x_wconf 78' lang='grc' dir='ltr'>Φιλίππου</span> <span class='ocrx_word' id='word_1_141' title='bbox 883 2079 1001 2152; x_wconf 86' lang='grc' dir='ltr'><strong>Θεῷ</strong></span> <span class='ocrx_word' id='word_1_142' title='bbox 1027 2084 1414 2153; x_wconf 77' lang='grc' dir='ltr'>προσετίθεντο</span> <span class='ocrx_word' id='word_1_143' title='bbox 1435 2104 1448 2118; x_wconf 71' lang='grc' dir='ltr'><strong><em>ο</em></strong></span> <span class='ocrx_word' id='word_1_144' title='bbox 1478 2083 1547 2157; x_wconf 83' lang='grc' dir='ltr'>ἦν</span> <span class='ocrx_word' id='word_1_145' title='bbox 1576 2089 1684 2158; x_wconf 81' lang='grc' dir='ltr'><strong>γὰρ</strong></span> <span class='ocrx_word' id='word_1_146' title='bbox 1709 2091 1804 2142; x_wconf 70' lang='grc' dir='ltr'>καὶ</span> <span class='ocrx_word' id='word_1_147' title='bbox 1844 2090 2052 2161; x_wconf 85' lang='grc' dir='ltr'>Βαρθο-</span> 
     </span>
    </p>
   </div>
   <div class='ocr_carea' id='block_1_23' title="bbox 471 2167 2052 2255">
    <p class='ocr_par' dir='ltr' id='par_1_23' title="bbox 471 2167 2052 2255">
     <span class='ocr_line' id='line_1_23' title="bbox 471 2167 2052 2255; baseline 0.012 -36"><span class='ocrx_word' id='word_1_148' title='bbox 471 2167 693 2237; x_wconf 81' lang='grc' dir='ltr'>λομαῖος</span> <span class='ocrx_word' id='word_1_149' title='bbox 730 2170 788 2236; x_wconf 80' lang='grc' dir='ltr'><strong>ἐξ</strong></span> <span class='ocrx_word' id='word_1_150' title='bbox 823 2173 1067 2243; x_wconf 82' lang='grc' dir='ltr'>ὑπογύου</span> <span class='ocrx_word' id='word_1_151' title='bbox 1116 2180 1198 2241; x_wconf 86' lang='grc' dir='ltr'><strong>είς</strong></span> <span class='ocrx_word' id='word_1_152' title='bbox 1248 2181 1545 2249; x_wconf 77' lang='grc' dir='ltr'>συνεργίαν</span> <span class='ocrx_word' id='word_1_153' title='bbox 1590 2182 1846 2255; x_wconf 80' lang='grc' dir='ltr'>Φιλίππῳ</span> <span class='ocrx_word' id='word_1_154' title='bbox 1901 2185 2052 2255; x_wconf 84' lang='grc' dir='ltr'>παρὰ</span> 
     </span>
    </p>
   </div>
   <div class='ocr_carea' id='block_1_24' title="bbox 469 2261 2054 2344">
    <p class='ocr_par' dir='ltr' id='par_1_24' title="bbox 469 2261 2054 2344">
     <span class='ocr_line' id='line_1_24' title="bbox 469 2261 2054 2344; baseline 0.009 -30"><span class='ocrx_word' id='word_1_155' title='bbox 469 2261 565 2314; x_wconf 79' lang='grc' dir='ltr'>τοῦ</span> <span class='ocrx_word' id='word_1_156' title='bbox 597 2265 801 2334; x_wconf 82' lang='grc' dir='ltr'>Κυρίου</span> <span class='ocrx_word' id='word_1_157' title='bbox 830 2268 1164 2332; x_wconf 74' lang='grc' dir='ltr'>ἀποσταλείς</span> <span class='ocrx_word' id='word_1_158' title='bbox 1192 2286 1206 2300; x_wconf 86' lang='grc'><strong>·</strong></span> <span class='ocrx_word' id='word_1_159' title='bbox 1249 2272 1297 2324; x_wconf 82' lang='grc' dir='ltr'>οἱ</span> <span class='ocrx_word' id='word_1_160' title='bbox 1327 2271 1381 2324; x_wconf 80' lang='grc' dir='ltr'><strong>δέ</strong></span> <span class='ocrx_word' id='word_1_161' title='bbox 1413 2273 1504 2326; x_wconf 73' lang='grc' dir='ltr'><strong>καὶ</strong></span> <span class='ocrx_word' id='word_1_162' title='bbox 1538 2273 1618 2325; x_wconf 81' lang='grc' dir='ltr'>ἔτι</span> <span class='ocrx_word' id='word_1_163' title='bbox 1665 2277 1731 2344; x_wconf 84' lang='grc' dir='ltr'>τῇ</span> <span class='ocrx_word' id='word_1_164' title='bbox 1759 2275 2054 2344; x_wconf 80' lang='grc' dir='ltr'>δαιμονιώ-</span> 
     </span>
    </p>
   </div>
   <div class='ocr_carea' id='block_1_25' title="bbox 478 2356 2059 2436">
    <p class='ocr_par' dir='ltr' id='par_1_25' title="bbox 478 2356 2059 2436">
     <span class='ocr_line' id='line_1_25' title="bbox 478 2356 2059 2436; baseline 0.009 -30"><span class='ocrx_word' id='word_1_165' title='bbox 478 2356 561 2408; x_wconf 62' lang='lat' dir='ltr'><strong>est</strong></span> <span class='ocrx_word' id='word_1_166' title='bbox 616 2356 885 2431; x_wconf 74' lang='grc' dir='ltr'>προλήψει</span> <span class='ocrx_word' id='word_1_167' title='bbox 944 2362 1377 2432; x_wconf 81' lang='grc' dir='ltr'>προστετηκότες</span> <span class='ocrx_word' id='word_1_168' title='bbox 1431 2359 1591 2436; x_wconf 76' lang='grc' dir='ltr'>ἦσαν.</span> <span class='ocrx_word' id='word_1_169' title='bbox 1654 2366 1718 2418; x_wconf 77' lang='lat'><strong>02</strong></span> <span class='ocrx_word' id='word_1_170' title='bbox 1747 2366 1839 2419; x_wconf 78' lang='grc' dir='ltr'><strong>καὶ</strong></span> <span class='ocrx_word' id='word_1_171' title='bbox 1869 2367 2059 2421; x_wconf 82' lang='grc' dir='ltr'>ἐπισύ-</span> 
     </span>
    </p>
   </div>
   <div class='ocr_carea' id='block_1_26' title="bbox 472 2455 2057 2526">
    <p class='ocr_par' dir='ltr' id='par_1_26' title="bbox 472 2455 2057 2526">
     <span class='ocr_line' id='line_1_26' title="bbox 472 2455 2057 2526; baseline 0.006 -22"><span class='ocrx_word' id='word_1_172' title='bbox 472 2467 662 2505; x_wconf 84' lang='grc' dir='ltr'>στασιν</span> <span class='ocrx_word' id='word_1_173' title='bbox 685 2455 1070 2525; x_wconf 82' lang='grc' dir='ltr'>ποιησάμενοι,</span> <span class='ocrx_word' id='word_1_174' title='bbox 1126 2457 1476 2521; x_wconf 74' lang='grc' dir='ltr'>εἰσπεσόντες</span> <span class='ocrx_word' id='word_1_175' title='bbox 1531 2458 1751 2526; x_wconf 80' lang='grc' dir='ltr'>ἁθρόον,</span> <span class='ocrx_word' id='word_1_176' title='bbox 1789 2462 2057 2515; x_wconf 79' lang='grc' dir='ltr'>Φίλιππον</span> 
     </span>
    </p>
   </div>
   <div class='ocr_carea' id='block_1_27' title="bbox 475 2546 2054 2623">
    <p class='ocr_par' dir='ltr' id='par_1_27' title="bbox 475 2546 2054 2623">
     <span class='ocr_line' id='line_1_27' title="bbox 475 2546 2054 2623; baseline 0.006 -25"><span class='ocrx_word' id='word_1_177' title='bbox 475 2546 577 2615; x_wconf 84' lang='grc' dir='ltr'>μὲν</span> <span class='ocrx_word' id='word_1_178' title='bbox 604 2548 816 2600; x_wconf 77' lang='grc' dir='ltr'>ἐκεῖθέν</span> <span class='ocrx_word' id='word_1_179' title='bbox 839 2548 1005 2602; x_wconf 88' lang='grc' dir='ltr'>ποθεν</span> <span class='ocrx_word' id='word_1_180' title='bbox 1033 2550 1462 2622; x_wconf 75' lang='grc' dir='ltr'>διαρπάσαντες,</span> <span class='ocrx_word' id='word_1_181' title='bbox 1517 2554 1774 2623; x_wconf 81' lang='grc' dir='ltr'>καθάπερ</span> <span class='ocrx_word' id='word_1_182' title='bbox 1823 2571 1878 2607; x_wconf 87' lang='grc' dir='ltr'><strong>τι</strong></span> <span class='ocrx_word' id='word_1_183' title='bbox 1914 2555 2054 2623; x_wconf 74' lang='grc' dir='ltr'>σφάο</span> 
     </span>
    </p>
   </div>
   <div class='ocr_carea' id='block_1_28' title="bbox 472 2640 2058 2717">
    <p class='ocr_par' dir='ltr' id='par_1_28' title="bbox 472 2640 2058 2717">
     <span class='ocr_line' id='line_1_28' title="bbox 472 2640 2058 2717; baseline 0.006 -27"><span class='ocrx_word' id='word_1_184' title='bbox 472 2655 591 2706; x_wconf 85' lang='grc' dir='ltr'>γιον</span> <span class='ocrx_word' id='word_1_185' title='bbox 618 2640 708 2692; x_wconf 90' lang='grc' dir='ltr'><strong>ἐπί</strong></span> <span class='ocrx_word' id='word_1_186' title='bbox 728 2656 874 2704; x_wconf 86' lang='grc' dir='ltr'>τινος</span> <span class='ocrx_word' id='word_1_187' title='bbox 896 2641 1082 2704; x_wconf 87' lang='grc' dir='ltr'>κίονος</span> <span class='ocrx_word' id='word_1_188' title='bbox 1104 2645 1246 2697; x_wconf 78' lang='grc' dir='ltr'><strong>κατὰ</strong></span> <span class='ocrx_word' id='word_1_189' title='bbox 1269 2644 1514 2714; x_wconf 81' lang='grc' dir='ltr'>κεφαλῆς</span> <span class='ocrx_word' id='word_1_190' title='bbox 1543 2644 1845 2717; x_wconf 73' lang='grc' dir='ltr'>ἀπῃὼρουν</span> <span class='ocrx_word' id='word_1_191' title='bbox 1871 2663 1886 2679; x_wconf 78' lang='grc'><em>’</em></span> <span class='ocrx_word' id='word_1_192' title='bbox 1915 2647 2058 2717; x_wconf 81' lang='grc' dir='ltr'>Βαρ-</span> 
     </span>
    </p>
   </div>
   <div class='ocr_carea' id='block_1_29' title="bbox 475 2729 2055 2811">
    <p class='ocr_par' dir='ltr' id='par_1_29' title="bbox 475 2729 2055 2811">
     <span class='ocr_line' id='line_1_29' title="bbox 475 2729 2055 2811; baseline 0.006 -27"><span class='ocrx_word' id='word_1_193' title='bbox 475 2729 761 2803; x_wconf 80' lang='grc' dir='ltr'>θολομαῖον</span> <span class='ocrx_word' id='word_1_194' title='bbox 794 2733 851 2787; x_wconf 88' lang='grc' dir='ltr'><strong>δέ</strong></span> <span class='ocrx_word' id='word_1_195' title='bbox 878 2733 1063 2805; x_wconf 74' lang='grc' dir='ltr'>ὄρθιον</span> <span class='ocrx_word' id='word_1_196' title='bbox 1091 2737 1184 2789; x_wconf 74' lang='grc' dir='ltr'><strong>ἐπὶ</strong></span> <span class='ocrx_word' id='word_1_197' title='bbox 1229 2736 1388 2803; x_wconf 78' lang='grc' dir='ltr'>ξύλου</span> <span class='ocrx_word' id='word_1_198' title='bbox 1422 2741 1563 2791; x_wconf 71' lang='grc' dir='ltr'>κατὰ</span> <span class='ocrx_word' id='word_1_199' title='bbox 1594 2740 1785 2809; x_wconf 80' lang='grc' dir='ltr'>σχῆμα</span> <span class='ocrx_word' id='word_1_200' title='bbox 1816 2739 2055 2811; x_wconf 78' lang='grc' dir='ltr'>σταυροῦ</span> 
     </span>
    </p>
   </div>
   <div class='ocr_carea' id='block_1_30' title="bbox 476 2827 2056 2903">
    <p class='ocr_par' dir='ltr' id='par_1_30' title="bbox 476 2827 2056 2903">
     <span class='ocr_line' id='line_1_30' title="bbox 476 2827 2056 2903; baseline 0.007 -25"><span class='ocrx_word' id='word_1_201' title='bbox 476 2827 804 2897; x_wconf 81' lang='grc' dir='ltr'>ἁναρτῶσιν.</span> <span class='ocrx_word' id='word_1_202' title='bbox 855 2828 1015 2882; x_wconf 78' lang='grc' dir='ltr'>Οὕτω</span> <span class='ocrx_word' id='word_1_203' title='bbox 1043 2827 1090 2883; x_wconf 83' lang='grc' dir='ltr'>δ’</span> <span class='ocrx_word' id='word_1_204' title='bbox 1146 2830 1368 2900; x_wconf 80' lang='grc' dir='ltr'>ἔχοντες</span> <span class='ocrx_word' id='word_1_205' title='bbox 1424 2832 1730 2903; x_wconf 84' lang='grc' dir='ltr'>σχήματος,</span> <span class='ocrx_word' id='word_1_206' title='bbox 1756 2840 2056 2903; x_wconf 80' lang='grc' dir='ltr'>τρέπονται</span> 
     </span>
    </p>
   </div>
   <div class='ocr_carea' id='block_1_31' title="bbox 480 2921 2059 3000">
    <p class='ocr_par' dir='ltr' id='par_1_31' title="bbox 480 2921 2059 3000">
     <span class='ocr_line' id='line_1_31' title="bbox 480 2921 2059 3000; baseline 0.006 -28"><span class='ocrx_word' id='word_1_207' title='bbox 480 2921 579 2991; x_wconf 83' lang='grc' dir='ltr'>μὲν</span> <span class='ocrx_word' id='word_1_208' title='bbox 602 2924 680 2984; x_wconf 83' lang='grc' dir='ltr'><strong>είς</strong></span> <span class='ocrx_word' id='word_1_209' title='bbox 700 2921 866 2994; x_wconf 77' lang='grc' dir='ltr'>εύχήν</span> <span class='ocrx_word' id='word_1_210' title='bbox 884 2939 899 2952; x_wconf 88' lang='grc'><strong>·</strong></span> <span class='ocrx_word' id='word_1_211' title='bbox 926 2924 1296 2980; x_wconf 82' lang='grc' dir='ltr'>ὑπενόστειδέ</span> <span class='ocrx_word' id='word_1_212' title='bbox 1327 2928 1354 2980; x_wconf 88' lang='grc' dir='ltr'>ὁ</span> <span class='ocrx_word' id='word_1_213' title='bbox 1387 2928 1566 2999; x_wconf 80' lang='grc' dir='ltr'>χῶρος</span> <span class='ocrx_word' id='word_1_214' title='bbox 1588 2927 1750 2993; x_wconf 81' lang='grc' dir='ltr'>εὐθὺς</span> <span class='ocrx_word' id='word_1_215' title='bbox 1785 2930 1866 2993; x_wconf 85' lang='grc' dir='ltr'><strong>είς</strong></span> <span class='ocrx_word' id='word_1_216' title='bbox 1893 2930 2059 3000; x_wconf 80' lang='grc' dir='ltr'>βάθος</span> 
     </span>
    </p>
   </div>
   <div class='ocr_carea' id='block_1_32' title="bbox 481 3015 2058 3088">
    <p class='ocr_par' dir='ltr' id='par_1_32' title="bbox 481 3015 2058 3088">
     <span class='ocr_line' id='line_1_32' title="bbox 481 3015 2058 3088; baseline 0.006 -22"><span class='ocrx_word' id='word_1_217' title='bbox 481 3015 737 3083; x_wconf 82' lang='grc' dir='ltr'>μέγιστον</span> <span class='ocrx_word' id='word_1_218' title='bbox 767 3017 1101 3080; x_wconf 76' lang='grc' dir='ltr'>συνιςάνωνο</span> <span class='ocrx_word' id='word_1_219' title='bbox 1131 3021 1593 3088; x_wconf 83' lang='grc' dir='ltr'>συγκατεσπῶντο</span> <span class='ocrx_word' id='word_1_220' title='bbox 1621 3021 1679 3075; x_wconf 86' lang='grc' dir='ltr'><strong>δέ</strong></span> <span class='ocrx_word' id='word_1_221' title='bbox 1706 3021 1757 3074; x_wconf 80' lang='grc' dir='ltr'>οἱ</span> <span class='ocrx_word' id='word_1_222' title='bbox 1790 3021 1931 3078; x_wconf 88' lang='grc' dir='ltr'>λαοί.</span> <span class='ocrx_word' id='word_1_223' title='bbox 1969 3023 2058 3075; x_wconf 83' lang='grc' dir='ltr'>Ἐν</span> 
     </span>
    </p>
   </div>
   <div class='ocr_carea' id='block_1_33' title="bbox 477 3106 2060 3185">
    <p class='ocr_par' dir='ltr' id='par_1_33' title="bbox 477 3106 2060 3185">
     <span class='ocr_line' id='line_1_33' title="bbox 477 3106 2060 3185; baseline 0.004 -24"><span class='ocrx_word' id='word_1_224' title='bbox 477 3106 594 3179; x_wconf 79' lang='grc' dir='ltr'>χρῷ</span> <span class='ocrx_word' id='word_1_225' title='bbox 626 3108 682 3162; x_wconf 82' lang='grc' dir='ltr'><strong>δέ</strong></span> <span class='ocrx_word' id='word_1_226' title='bbox 713 3110 961 3165; x_wconf 83' lang='grc' dir='ltr'>κινδύνου</span> <span class='ocrx_word' id='word_1_227' title='bbox 1021 3115 1114 3166; x_wconf 78' lang='grc' dir='ltr'>καὶ</span> <span class='ocrx_word' id='word_1_228' title='bbox 1143 3115 1176 3185; x_wconf 77' lang='grc' dir='ltr'>ἡ</span> <span class='ocrx_word' id='word_1_229' title='bbox 1212 3113 1369 3178; x_wconf 87' lang='grc' dir='ltr'>πόλις</span> <span class='ocrx_word' id='word_1_230' title='bbox 1403 3116 1554 3169; x_wconf 81' lang='grc' dir='ltr'>πᾶσα</span> <span class='ocrx_word' id='word_1_231' title='bbox 1607 3116 1930 3170; x_wconf 87' lang='grc' dir='ltr'>καθίστατο.</span> <span class='ocrx_word' id='word_1_232' title='bbox 1964 3116 2060 3171; x_wconf 83' lang='grc' dir='ltr'><strong>Αί-</strong></span> 
     </span>
    </p>
   </div>
   <div class='ocr_carea' id='block_1_34' title="bbox 2142 620 3722 693">
    <p class='ocr_par' dir='ltr' id='par_1_34' title="bbox 2142 620 3722 693">
     <span class='ocr_line' id='line_1_34' title="bbox 2142 620 3722 693; baseline -0.001 -17"><span class='ocrx_word' id='word_1_233' title='bbox 2142 620 2284 676; x_wconf 75' lang='lat' dir='ltr'><strong>Asiaa</strong></span> <span class='ocrx_word' id='word_1_234' title='bbox 2315 621 2547 677; x_wconf 80' lang='lat' dir='ltr'><strong>urbibus</strong></span> <span class='ocrx_word' id='word_1_235' title='bbox 2580 621 2904 691; x_wconf 75' lang='lat' dir='ltr'><strong>peragratis,</strong></span> <span class='ocrx_word' id='word_1_236' title='bbox 2938 622 3275 690; x_wconf 83' lang='lat' dir='ltr'><strong>Hierapolim</strong></span> <span class='ocrx_word' id='word_1_237' title='bbox 3309 622 3556 693; x_wconf 74' lang='lat' dir='ltr'><strong>Phrygiae</strong></span> <span class='ocrx_word' id='word_1_238' title='bbox 3591 639 3722 691; x_wconf 84' lang='lat' dir='ltr'><strong>per-</strong></span> 
     </span>
    </p>
   </div>
   <div class='ocr_carea' id='block_1_35' title="bbox 2143 713 3719 784">
    <p class='ocr_par' dir='ltr' id='par_1_35' title="bbox 2143 713 3719 784">
     <span class='ocr_line' id='line_1_35' title="bbox 2143 713 3719 784; baseline -0.001 -18"><span class='ocrx_word' id='word_1_239' title='bbox 2143 714 2314 779; x_wconf 90' lang='lat' dir='ltr'><strong>venit,</strong></span> <span class='ocrx_word' id='word_1_240' title='bbox 2362 715 2639 769; x_wconf 87' lang='lat' dir='ltr'><strong>civitatem</strong></span> <span class='ocrx_word' id='word_1_241' title='bbox 2687 714 3005 784; x_wconf 90' lang='lat' dir='ltr'><strong>opulentam</strong></span> <span class='ocrx_word' id='word_1_242' title='bbox 3053 722 3218 783; x_wconf 88' lang='lat' dir='ltr'><strong>atque</strong></span> <span class='ocrx_word' id='word_1_243' title='bbox 3275 713 3575 773; x_wconf 70' lang='lat' dir='ltr'><strong>ci-lebrem,</strong></span> <span class='ocrx_word' id='word_1_244' title='bbox 3616 729 3719 767; x_wconf 86' lang='lat' dir='ltr'><strong>no-</strong></span> 
     </span>
    </p>
   </div>
   <div class='ocr_carea' id='block_1_36' title="bbox 2146 797 3718 875">
    <p class='ocr_par' dir='ltr' id='par_1_36' title="bbox 2146 797 3718 875">
     <span class='ocr_line' id='line_1_36' title="bbox 2146 797 3718 875; baseline -0.001 -17"><span class='ocrx_word' id='word_1_245' title='bbox 2146 805 2391 875; x_wconf 88' lang='lat' dir='ltr'><strong>minique</strong></span> <span class='ocrx_word' id='word_1_246' title='bbox 2433 806 2607 875; x_wconf 84' lang='lat' dir='ltr'><strong>ipsam</strong></span> <span class='ocrx_word' id='word_1_247' title='bbox 2665 820 2768 861; x_wconf 79' lang='lat' dir='ltr'><strong>suo</strong></span> <span class='ocrx_word' id='word_1_248' title='bbox 2828 797 3481 874; x_wconf 73' lang='lat' dir='ltr'><strong>respondculent.&#39;Aileo</strong></span> <span class='ocrx_word' id='word_1_249' title='bbox 3531 814 3718 857; x_wconf 84' lang='lat' dir='ltr'><strong>autem</strong></span> 
     </span>
    </p>
   </div>
   <div class='ocr_carea' id='block_1_37' title="bbox 2146 896 3720 966">
    <p class='ocr_par' dir='ltr' id='par_1_37' title="bbox 2146 896 3720 966">
     <span class='ocr_line' id='line_1_37' title="bbox 2146 896 3720 966; baseline -0.001 -16"><span class='ocrx_word' id='word_1_250' title='bbox 2146 896 2309 951; x_wconf 85' lang='lat' dir='ltr'><strong>idolis</strong></span> <span class='ocrx_word' id='word_1_251' title='bbox 2347 896 2564 952; x_wconf 84' lang='lat' dir='ltr'><strong>addicta</strong></span> <span class='ocrx_word' id='word_1_252' title='bbox 2612 906 2753 958; x_wconf 87' lang='lat' dir='ltr'><strong>erat,</strong></span> <span class='ocrx_word' id='word_1_253' title='bbox 2823 909 2881 951; x_wconf 91' lang='lat' dir='ltr'><strong>ut</strong></span> <span class='ocrx_word' id='word_1_254' title='bbox 2931 897 3098 952; x_wconf 87' lang='lat' dir='ltr'><strong>etiam</strong></span> <span class='ocrx_word' id='word_1_255' title='bbox 3143 897 3407 964; x_wconf 81' lang='lat' dir='ltr'><strong>viperam,</strong></span> <span class='ocrx_word' id='word_1_256' title='bbox 3449 899 3720 966; x_wconf 84' lang='lat' dir='ltr'><strong>impuram</strong></span> 
     </span>
    </p>
   </div>
   <div class='ocr_carea' id='block_1_38' title="bbox 2148 988 3720 1059">
    <p class='ocr_par' dir='ltr' id='par_1_38' title="bbox 2148 988 3720 1059">
     <span class='ocr_line' id='line_1_38' title="bbox 2148 988 3720 1059; baseline 0.001 -18"><span class='ocrx_word' id='word_1_257' title='bbox 2148 1004 2591 1059; x_wconf 87' lang='lat' dir='ltr'><strong>venenosamque</strong></span> <span class='ocrx_word' id='word_1_258' title='bbox 2625 988 2821 1050; x_wconf 77' lang='lat' dir='ltr'><strong>feram,</strong></span> <span class='ocrx_word' id='word_1_259' title='bbox 2862 989 3107 1045; x_wconf 79' lang='lat' dir='ltr'><strong>sacrario</strong></span> <span class='ocrx_word' id='word_1_260' title='bbox 3141 989 3431 1051; x_wconf 60' lang='lat' dir='ltr'><strong>inclusam,</strong></span> <span class='ocrx_word' id='word_1_261' title='bbox 3460 1001 3720 1056; x_wconf 89' lang='lat' dir='ltr'><strong>tanquam</strong></span> 
     </span>
    </p>
   </div>
   <div class='ocr_carea' id='block_1_39' title="bbox 2152 1082 3721 1153">
    <p class='ocr_par' dir='ltr' id='par_1_39' title="bbox 2152 1082 3721 1153">
     <span class='ocr_line' id='line_1_39' title="bbox 2152 1082 3721 1153; baseline -0.001 -17"><span class='ocrx_word' id='word_1_262' title='bbox 2152 1082 2318 1136; x_wconf 88' lang='lat' dir='ltr'><strong>Deum</strong></span> <span class='ocrx_word' id='word_1_263' title='bbox 2357 1082 2647 1152; x_wconf 79' lang='lat' dir='ltr'><strong>magnifico</strong></span> <span class='ocrx_word' id='word_1_264' title='bbox 2694 1083 3081 1153; x_wconf 70' lang='lat' dir='ltr'><strong>prtecipuoque</strong></span> <span class='ocrx_word' id='word_1_265' title='bbox 3133 1084 3283 1137; x_wconf 88' lang='lat' dir='ltr'><strong>cultu</strong></span> <span class='ocrx_word' id='word_1_266' title='bbox 3334 1097 3721 1144; x_wconf 74' lang='lat' dir='ltr'><strong>veneraretur,</strong></span> 
     </span>
    </p>
   </div>
   <div class='ocr_carea' id='block_1_40' title="bbox 2148 1173 3722 1244">
    <p class='ocr_par' dir='ltr' id='par_1_40' title="bbox 2148 1173 3722 1244">
     <span class='ocr_line' id='line_1_40' title="bbox 2148 1173 3722 1244; baseline -0.003 -16"><span class='ocrx_word' id='word_1_267' title='bbox 2148 1173 2544 1242; x_wconf 84' lang='lat' dir='ltr'><strong>sacrificiisque</strong></span> <span class='ocrx_word' id='word_1_268' title='bbox 2569 1174 2900 1244; x_wconf 76' lang='lat' dir='ltr'><strong>quibusdam</strong></span> <span class='ocrx_word' id='word_1_269' title='bbox 2932 1173 3167 1235; x_wconf 86' lang='lat' dir='ltr'><strong>foveret,</strong></span> <span class='ocrx_word' id='word_1_270' title='bbox 3210 1182 3265 1227; x_wconf 90' lang='lat' dir='ltr'><strong>et</strong></span> <span class='ocrx_word' id='word_1_271' title='bbox 3301 1182 3412 1227; x_wconf 88' lang='lat' dir='ltr'><strong>tota</strong></span> <span class='ocrx_word' id='word_1_272' title='bbox 3449 1173 3524 1227; x_wconf 90' lang='lat' dir='ltr'><strong>illi</strong></span> <span class='ocrx_word' id='word_1_273' title='bbox 3561 1174 3722 1227; x_wconf 77' lang='lat' dir='ltr'><strong>miri-</strong></span> 
     </span>
    </p>
   </div>
   <div class='ocr_carea' id='block_1_41' title="bbox 2150 1265 3725 1333">
    <p class='ocr_par' dir='ltr' id='par_1_41' title="bbox 2150 1265 3725 1333">
     <span class='ocr_line' id='line_1_41' title="bbox 2150 1265 3725 1333; baseline 0.001 -15"><span class='ocrx_word' id='word_1_274' title='bbox 2150 1266 2250 1321; x_wconf 83' lang='lat' dir='ltr'><strong>fice</strong></span> <span class='ocrx_word' id='word_1_275' title='bbox 2296 1265 2513 1321; x_wconf 82' lang='lat' dir='ltr'><strong>addiCIa</strong></span> <span class='ocrx_word' id='word_1_276' title='bbox 2563 1275 2727 1320; x_wconf 89' lang='lat' dir='ltr'><strong>esset.</strong></span> <span class='ocrx_word' id='word_1_277' title='bbox 2802 1265 3060 1321; x_wconf 83' lang='lat' dir='ltr'><strong>Sedenim</strong></span> <span class='ocrx_word' id='word_1_278' title='bbox 3142 1282 3268 1321; x_wconf 89' lang='lat' dir='ltr'><strong>cum</strong></span> <span class='ocrx_word' id='word_1_279' title='bbox 3313 1282 3382 1321; x_wconf 88' lang='lat' dir='ltr'><strong>eo</strong></span> <span class='ocrx_word' id='word_1_280' title='bbox 3440 1268 3725 1333; x_wconf 75' lang='lat' dir='ltr'><strong>apostolus</strong></span> 
     </span>
    </p>
   </div>
   <div class='ocr_carea' id='block_1_42' title="bbox 2148 1355 3727 1429">
    <p class='ocr_par' dir='ltr' id='par_1_42' title="bbox 2148 1355 3727 1429">
     <span class='ocr_line' id='line_1_42' title="bbox 2148 1355 3727 1429; baseline -0.001 -19"><span class='ocrx_word' id='word_1_281' title='bbox 2148 1357 2511 1429; x_wconf 82' lang='lat' dir='ltr'><strong>pervenisset,</strong></span> <span class='ocrx_word' id='word_1_282' title='bbox 2547 1372 2656 1411; x_wconf 89' lang='lat' dir='ltr'><strong>una</strong></span> <span class='ocrx_word' id='word_1_283' title='bbox 2697 1371 2823 1410; x_wconf 91' lang='lat' dir='ltr'><strong>cum</strong></span> <span class='ocrx_word' id='word_1_284' title='bbox 2857 1370 3049 1410; x_wconf 85' lang='lat' dir='ltr'><strong>sorore</strong></span> <span class='ocrx_word' id='word_1_285' title='bbox 3088 1373 3186 1412; x_wconf 87' lang='lat' dir='ltr'><strong>sua</strong></span> <span class='ocrx_word' id='word_1_286' title='bbox 3220 1355 3547 1417; x_wconf 79' lang='lat' dir='ltr'><strong>Mariamne,</strong></span> <span class='ocrx_word' id='word_1_287' title='bbox 3598 1372 3727 1423; x_wconf 74' lang='lat' dir='ltr'><strong>qua:</strong></span> 
     </span>
    </p>
   </div>
   <div class='ocr_carea' id='block_1_43' title="bbox 2147 1448 3728 1519">
    <p class='ocr_par' dir='ltr' id='par_1_43' title="bbox 2147 1448 3728 1519">
     <span class='ocr_line' id='line_1_43' title="bbox 2147 1448 3728 1519; baseline -0.003 -13"><span class='ocrx_word' id='word_1_288' title='bbox 2147 1466 2299 1514; x_wconf 88' lang='lat' dir='ltr'><strong>eum,</strong></span> <span class='ocrx_word' id='word_1_289' title='bbox 2327 1465 2451 1505; x_wconf 91' lang='lat' dir='ltr'><strong>cum</strong></span> <span class='ocrx_word' id='word_1_290' title='bbox 2483 1449 2692 1505; x_wconf 91' lang='lat' dir='ltr'><strong>dudum</strong></span> <span class='ocrx_word' id='word_1_291' title='bbox 2726 1450 2903 1504; x_wconf 83' lang='lat' dir='ltr'><strong>vitam</strong></span> <span class='ocrx_word' id='word_1_292' title='bbox 2925 1466 3040 1519; x_wconf 82' lang='lat' dir='ltr'><strong>per</strong></span> <span class='ocrx_word' id='word_1_293' title='bbox 3071 1449 3442 1519; x_wconf 73' lang='lat' dir='ltr'><strong>virginitatem</strong></span> <span class='ocrx_word' id='word_1_294' title='bbox 3469 1448 3572 1503; x_wconf 85' lang='lat' dir='ltr'><strong>sibi</strong></span> <span class='ocrx_word' id='word_1_295' title='bbox 3605 1448 3728 1503; x_wconf 77' lang='lat' dir='ltr'><strong>exi-</strong></span> 
     </span>
    </p>
   </div>
   <div class='ocr_carea' id='block_1_44' title="bbox 2148 1540 3727 1609">
    <p class='ocr_par' dir='ltr' id='par_1_44' title="bbox 2148 1540 3727 1609">
     <span class='ocr_line' id='line_1_44' title="bbox 2148 1540 3727 1609; baseline -0.001 -14"><span class='ocrx_word' id='word_1_296' title='bbox 2148 1543 2379 1609; x_wconf 71' lang='lat' dir='ltr'><strong>gendum</strong></span> <span class='ocrx_word' id='word_1_297' title='bbox 2408 1541 2714 1603; x_wconf 87' lang='lat' dir='ltr'><strong>statuisset,</strong></span> <span class='ocrx_word' id='word_1_298' title='bbox 2761 1540 3174 1595; x_wconf 73' lang='lat' dir='ltr'><strong>comitabatur:</strong></span> <span class='ocrx_word' id='word_1_299' title='bbox 3212 1541 3397 1595; x_wconf 84' lang='lat' dir='ltr'><strong>statim</strong></span> <span class='ocrx_word' id='word_1_300' title='bbox 3450 1540 3727 1594; x_wconf 88' lang='lat' dir='ltr'><strong>idolorum</strong></span> 
     </span>
    </p>
   </div>
   <div class='ocr_carea' id='block_1_45' title="bbox 2151 1632 3731 1704">
    <p class='ocr_par' dir='ltr' id='par_1_45' title="bbox 2151 1632 3731 1704">
     <span class='ocr_line' id='line_1_45' title="bbox 2151 1632 3731 1704; baseline -0.003 -16"><span class='ocrx_word' id='word_1_301' title='bbox 2151 1634 2334 1689; x_wconf 86' lang='lat' dir='ltr'><strong>cultus</strong></span> <span class='ocrx_word' id='word_1_302' title='bbox 2370 1634 2424 1688; x_wconf 90' lang='lat' dir='ltr'><strong>in</strong></span> <span class='ocrx_word' id='word_1_303' title='bbox 2471 1650 2534 1688; x_wconf 88' lang='lat' dir='ltr'><strong>ea</strong></span> <span class='ocrx_word' id='word_1_304' title='bbox 2589 1635 2813 1704; x_wconf 81' lang='lat' dir='ltr'><strong>regione</strong></span> <span class='ocrx_word' id='word_1_305' title='bbox 2862 1634 3198 1697; x_wconf 80' lang='lat' dir='ltr'><strong>exstinctus,</strong></span> <span class='ocrx_word' id='word_1_306' title='bbox 3225 1644 3280 1688; x_wconf 91' lang='lat' dir='ltr'><strong>et</strong></span> <span class='ocrx_word' id='word_1_307' title='bbox 3316 1632 3609 1687; x_wconf 89' lang='lat' dir='ltr'><strong>insolentia</strong></span> <span class='ocrx_word' id='word_1_308' title='bbox 3640 1632 3731 1684; x_wconf 90' lang='lat' dir='ltr'><strong>in-</strong></span> 
     </span>
    </p>
   </div>
   <div class='ocr_carea' id='block_1_46' title="bbox 2152 1714 3743 1793">
    <p class='ocr_par' dir='ltr' id='par_1_46' title="bbox 2152 1714 3743 1793">
     <span class='ocr_line' id='line_1_46' title="bbox 2152 1714 3743 1793; baseline -0.001 -12"><span class='ocrx_word' id='word_1_309' title='bbox 2152 1727 2452 1784; x_wconf 90' lang='lat' dir='ltr'><strong>colentium</strong></span> <span class='ocrx_word' id='word_1_310' title='bbox 2486 1726 2560 1780; x_wconf 90' lang='lat' dir='ltr'><strong>ibi</strong></span> <span class='ocrx_word' id='word_1_311' title='bbox 2595 1726 2907 1782; x_wconf 65' lang='lat' dir='ltr'><strong>dmmonum</strong></span> <span class='ocrx_word' id='word_1_312' title='bbox 2953 1737 3037 1783; x_wconf 92' lang='lat' dir='ltr'><strong>est</strong></span> <span class='ocrx_word' id='word_1_313' title='bbox 3084 1726 3376 1782; x_wconf 84' lang='lat' dir='ltr'><strong>labefacta.</strong></span> <span class='ocrx_word' id='word_1_314' title='bbox 3443 1714 3743 1793; x_wconf 33' lang='lat' dir='ltr'><strong>Siquidem.</strong></span> 
     </span>
    </p>
   </div>
   <div class='ocr_carea' id='block_1_47' title="bbox 2154 1818 3731 1890">
    <p class='ocr_par' dir='ltr' id='par_1_47' title="bbox 2154 1818 3731 1890">
     <span class='ocr_line' id='line_1_47' title="bbox 2154 1818 3731 1890; baseline 0 -18"><span class='ocrx_word' id='word_1_315' title='bbox 2154 1818 2340 1889; x_wconf 88' lang='lat' dir='ltr'><strong>vipera</strong></span> <span class='ocrx_word' id='word_1_316' title='bbox 2369 1820 2457 1877; x_wconf 92' lang='lat' dir='ltr'><strong>illa</strong></span> <span class='ocrx_word' id='word_1_317' title='bbox 2486 1819 2630 1876; x_wconf 84' lang='lat' dir='ltr'><strong>Deus</strong></span> <span class='ocrx_word' id='word_1_318' title='bbox 2663 1822 2961 1890; x_wconf 56' lang='lat' dir='ltr'><strong>appellata,</strong></span> <span class='ocrx_word' id='word_1_319' title='bbox 2986 1837 3055 1874; x_wconf 86' lang='lat' dir='ltr'><strong>ex</strong></span> <span class='ocrx_word' id='word_1_320' title='bbox 3090 1820 3371 1876; x_wconf 75' lang='lat' dir='ltr'><strong>domicilio</strong></span> <span class='ocrx_word' id='word_1_321' title='bbox 3401 1835 3502 1873; x_wconf 86' lang='lat' dir='ltr'><strong>suo</strong></span> <span class='ocrx_word' id='word_1_322' title='bbox 3522 1818 3731 1887; x_wconf 82' lang='lat' dir='ltr'><strong>erupit,</strong></span> 
     </span>
    </p>
   </div>
   <div class='ocr_carea' id='block_1_48' title="bbox 2153 1910 3732 1980">
    <p class='ocr_par' dir='ltr' id='par_1_48' title="bbox 2153 1910 3732 1980">
     <span class='ocr_line' id='line_1_48' title="bbox 2153 1910 3732 1980; baseline -0.001 -15"><span class='ocrx_word' id='word_1_323' title='bbox 2153 1918 2209 1965; x_wconf 88' lang='lat' dir='ltr'><strong>et</strong></span> <span class='ocrx_word' id='word_1_324' title='bbox 2230 1910 2389 1980; x_wconf 89' lang='lat' dir='ltr'><strong>quasi</strong></span> <span class='ocrx_word' id='word_1_325' title='bbox 2411 1910 2480 1964; x_wconf 88' lang='lat' dir='ltr'><strong>ab</strong></span> <span class='ocrx_word' id='word_1_326' title='bbox 2505 1912 2735 1966; x_wconf 81' lang='lat' dir='ltr'><strong>ardente</strong></span> <span class='ocrx_word' id='word_1_327' title='bbox 2770 1912 2894 1980; x_wconf 78' lang='lat' dir='ltr'><strong>igne</strong></span> <span class='ocrx_word' id='word_1_328' title='bbox 2927 1911 3194 1980; x_wconf 80' lang='lat' dir='ltr'><strong>profugit.</strong></span> <span class='ocrx_word' id='word_1_329' title='bbox 3223 1911 3420 1973; x_wconf 91' lang='lat' dir='ltr'><strong>lllicet,</strong></span> <span class='ocrx_word' id='word_1_330' title='bbox 3445 1911 3540 1979; x_wconf 83' lang='lat' dir='ltr'><strong>qui</strong></span> <span class='ocrx_word' id='word_1_331' title='bbox 3574 1910 3732 1964; x_wconf 89' lang='lat' dir='ltr'><strong>illum</strong></span> 
     </span>
    </p>
   </div>
   <div class='ocr_carea' id='block_1_49' title="bbox 2156 2004 3730 2075">
    <p class='ocr_par' dir='ltr' id='par_1_49' title="bbox 2156 2004 3730 2075">
     <span class='ocr_line' id='line_1_49' title="bbox 2156 2004 3730 2075; baseline -0.001 -17"><span class='ocrx_word' id='word_1_332' title='bbox 2156 2011 2310 2059; x_wconf 79' lang='lat' dir='ltr'><strong>tanto</strong></span> <span class='ocrx_word' id='word_1_333' title='bbox 2338 2004 2524 2059; x_wconf 90' lang='lat' dir='ltr'><strong>studio</strong></span> <span class='ocrx_word' id='word_1_334' title='bbox 2559 2005 2872 2067; x_wconf 90' lang='lat' dir='ltr'><strong>coluerant,</strong></span> <span class='ocrx_word' id='word_1_335' title='bbox 2916 2004 3128 2075; x_wconf 88' lang='lat' dir='ltr'><strong>pudore</strong></span> <span class='ocrx_word' id='word_1_336' title='bbox 3154 2004 3340 2059; x_wconf 67' lang='lat' dir='ltr'><strong>affecti</strong></span> <span class='ocrx_word' id='word_1_337' title='bbox 3376 2018 3500 2057; x_wconf 86' lang='lat' dir='ltr'><strong>sese</strong></span> <span class='ocrx_word' id='word_1_338' title='bbox 3534 2004 3730 2057; x_wconf 82' lang='lat' dir='ltr'><strong>occul-</strong></span> 
     </span>
    </p>
   </div>
   <div class='ocr_carea' id='block_1_50' title="bbox 2157 2095 3737 2166">
    <p class='ocr_par' dir='ltr' id='par_1_50' title="bbox 2157 2095 3737 2166">
     <span class='ocr_line' id='line_1_50' title="bbox 2157 2095 3737 2166; baseline 0.001 -18"><span class='ocrx_word' id='word_1_339' title='bbox 2157 2104 2293 2150; x_wconf 89' lang='lat' dir='ltr'><strong>tant.</strong></span> <span class='ocrx_word' id='word_1_340' title='bbox 2325 2095 2597 2155; x_wconf 81' lang='lat' dir='ltr'><strong>Caeterum</strong></span> <span class='ocrx_word' id='word_1_341' title='bbox 2647 2112 2774 2153; x_wconf 88' lang='lat' dir='ltr'><strong>cum</strong></span> <span class='ocrx_word' id='word_1_342' title='bbox 2823 2096 3235 2166; x_wconf 86' lang='lat' dir='ltr'><strong>quamplurima</strong></span> <span class='ocrx_word' id='word_1_343' title='bbox 3284 2111 3313 2149; x_wconf 89' lang='lat' dir='ltr'><strong>a</strong></span> <span class='ocrx_word' id='word_1_344' title='bbox 3364 2096 3623 2165; x_wconf 87' lang='lat' dir='ltr'><strong>Philippo</strong></span> <span class='ocrx_word' id='word_1_345' title='bbox 3677 2103 3737 2151; x_wconf 85' lang='lat' dir='ltr'><strong>et.</strong></span> 
     </span>
    </p>
   </div>
   <div class='ocr_carea' id='block_1_51' title="bbox 2158 2187 3810 2253">
    <p class='ocr_par' dir='ltr' id='par_1_51' title="bbox 2158 2187 3810 2253">
     <span class='ocr_line' id='line_1_51' title="bbox 2158 2187 3810 2253; baseline 0 -11"><span class='ocrx_word' id='word_1_346' title='bbox 2158 2188 2458 2244; x_wconf 76' lang='lat' dir='ltr'><strong>Mariamne</strong></span> <span class='ocrx_word' id='word_1_347' title='bbox 2495 2190 2763 2244; x_wconf 85' lang='lat' dir='ltr'><strong>miracula</strong></span> <span class='ocrx_word' id='word_1_348' title='bbox 2790 2190 3118 2253; x_wconf 80' lang='lat' dir='ltr'><strong>ederentur,</strong></span> <span class='ocrx_word' id='word_1_349' title='bbox 3154 2188 3357 2244; x_wconf 86' lang='lat' dir='ltr'><strong>seditio</strong></span> <span class='ocrx_word' id='word_1_350' title='bbox 3385 2187 3441 2242; x_wconf 92' lang='lat' dir='ltr'><strong>in</strong></span> <span class='ocrx_word' id='word_1_351' title='bbox 3481 2188 3736 2242; x_wconf 85' lang='lat' dir='ltr'><strong>multitu-</strong></span> <span class='ocrx_word' id='word_1_352' title='bbox 3779 2231 3810 2248; x_wconf 77' lang='lat'><strong>,.</strong></span> 
     </span>
    </p>
   </div>
   <div class='ocr_carea' id='block_1_52' title="bbox 2155 2280 3738 2337">
    <p class='ocr_par' dir='ltr' id='par_1_52' title="bbox 2155 2280 3738 2337">
     <span class='ocr_line' id='line_1_52' title="bbox 2155 2280 3738 2337; baseline -0.003 -1"><span class='ocrx_word' id='word_1_353' title='bbox 2155 2282 2286 2336; x_wconf 90' lang='lat' dir='ltr'><strong>diue</strong></span> <span class='ocrx_word' id='word_1_354' title='bbox 2324 2284 2601 2337; x_wconf 79' lang='lat' dir='ltr'><strong>exoritur.</strong></span> <span class='ocrx_word' id='word_1_355' title='bbox 2635 2282 2843 2336; x_wconf 86' lang='lat' dir='ltr'><strong>Partim</strong></span> <span class='ocrx_word' id='word_1_356' title='bbox 2892 2280 3042 2336; x_wconf 90' lang='lat' dir='ltr'><strong>enim</strong></span> <span class='ocrx_word' id='word_1_357' title='bbox 3091 2280 3481 2335; x_wconf 67' lang='lat' dir='ltr'><strong>Bartholomaei</strong></span> <span class='ocrx_word' id='word_1_358' title='bbox 3519 2289 3575 2335; x_wconf 90' lang='lat' dir='ltr'><strong>et</strong></span> <span class='ocrx_word' id='word_1_359' title='bbox 3616 2280 3738 2334; x_wconf 82' lang='lat' dir='ltr'><strong>Plii-</strong></span> 
     </span>
    </p>
   </div>
   <div class='ocr_carea' id='block_1_53' title="bbox 2156 2371 3706 2443">
    <p class='ocr_par' dir='ltr' id='par_1_53' title="bbox 2156 2371 3706 2443">
     <span class='ocr_line' id='line_1_53' title="bbox 2156 2371 3706 2443; baseline -0.003 -16"><span class='ocrx_word' id='word_1_360' title='bbox 2156 2374 2292 2442; x_wconf 86' lang='lat' dir='ltr'><strong>lippi</strong></span> <span class='ocrx_word' id='word_1_361' title='bbox 2344 2373 2455 2427; x_wconf 90' lang='lat' dir='ltr'><strong>Deo</strong></span> <span class='ocrx_word' id='word_1_362' title='bbox 2492 2373 2855 2428; x_wconf 80' lang='lat' dir='ltr'><strong>adluerebant</strong></span> <span class='ocrx_word' id='word_1_363' title='bbox 2889 2373 2977 2441; x_wconf 82' lang='lat' dir='ltr'><strong>(ex</strong></span> <span class='ocrx_word' id='word_1_364' title='bbox 3032 2372 3348 2443; x_wconf 90' lang='lat' dir='ltr'><strong>propinquo</strong></span> <span class='ocrx_word' id='word_1_365' title='bbox 3400 2371 3548 2425; x_wconf 87' lang='lat' dir='ltr'><strong>enim</strong></span> <span class='ocrx_word' id='word_1_366' title='bbox 3602 2371 3706 2424; x_wconf 87' lang='lat' dir='ltr'><strong>Bar</strong></span> 
     </span>
    </p>
   </div>
   <div class='ocr_carea' id='block_1_54' title="bbox 2160 2463 3736 2535">
    <p class='ocr_par' dir='ltr' id='par_1_54' title="bbox 2160 2463 3736 2535">
     <span class='ocr_line' id='line_1_54' title="bbox 2160 2463 3736 2535; baseline -0.003 -15"><span class='ocrx_word' id='word_1_367' title='bbox 2160 2467 2486 2521; x_wconf 57' lang='lat' dir='ltr'><strong>tholom-«eus</strong></span> <span class='ocrx_word' id='word_1_368' title='bbox 2549 2465 2804 2535; x_wconf 84' lang='lat' dir='ltr'><strong>Philippo</strong></span> <span class='ocrx_word' id='word_1_369' title='bbox 2865 2481 2894 2519; x_wconf 92' lang='lat' dir='ltr'><strong>a</strong></span> <span class='ocrx_word' id='word_1_370' title='bbox 2958 2464 3191 2519; x_wconf 71' lang='lat' dir='ltr'><strong>nomino</strong></span> <span class='ocrx_word' id='word_1_371' title='bbox 3257 2464 3466 2519; x_wconf 80' lang='lat' dir='ltr'><strong>attxilio</strong></span> <span class='ocrx_word' id='word_1_372' title='bbox 3535 2463 3736 2517; x_wconf 82' lang='lat' dir='ltr'><strong>missus</strong></span> 
     </span>
    </p>
   </div>
   <div class='ocr_carea' id='block_1_55' title="bbox 2161 2556 3735 2628">
    <p class='ocr_par' dir='ltr' id='par_1_55' title="bbox 2161 2556 3735 2628">
     <span class='ocr_line' id='line_1_55' title="bbox 2161 2556 3735 2628; baseline -0.006 -14"><span class='ocrx_word' id='word_1_373' title='bbox 2161 2560 2388 2626; x_wconf 88' lang='lat' dir='ltr'><strong>fuerat),</strong></span> <span class='ocrx_word' id='word_1_374' title='bbox 2410 2559 2604 2628; x_wconf 87' lang='lat' dir='ltr'><strong>partim</strong></span> <span class='ocrx_word' id='word_1_375' title='bbox 2628 2573 2755 2614; x_wconf 86' lang='lat' dir='ltr'><strong>vero</strong></span> <span class='ocrx_word' id='word_1_376' title='bbox 2780 2558 3150 2623; x_wconf 72' lang='lat' dir='ltr'><strong>daemoniacte,</strong></span> <span class='ocrx_word' id='word_1_377' title='bbox 3172 2573 3269 2628; x_wconf 88' lang='lat' dir='ltr'><strong>per</strong></span> <span class='ocrx_word' id='word_1_378' title='bbox 3285 2556 3735 2624; x_wconf 81' lang='lat' dir='ltr'><strong>anticipationem</strong></span> 
     </span>
    </p>
   </div>
   <div class='ocr_carea' id='block_1_56' title="bbox 2159 2648 3737 2722">
    <p class='ocr_par' dir='ltr' id='par_1_56' title="bbox 2159 2648 3737 2722">
     <span class='ocr_line' id='line_1_56' title="bbox 2159 2648 3737 2722; baseline -0.006 -15"><span class='ocrx_word' id='word_1_379' title='bbox 2159 2661 2437 2722; x_wconf 76' lang='lat' dir='ltr'><strong>concepta:</strong></span> <span class='ocrx_word' id='word_1_380' title='bbox 2476 2650 2890 2721; x_wconf 73' lang='lat' dir='ltr'><strong>praesumptioni</strong></span> <span class='ocrx_word' id='word_1_381' title='bbox 2918 2651 3113 2705; x_wconf 90' lang='lat' dir='ltr'><strong>intenti</strong></span> <span class='ocrx_word' id='word_1_382' title='bbox 3169 2648 3565 2720; x_wconf 80' lang='lat' dir='ltr'><strong>permanebant</strong></span> <span class='ocrx_word' id='word_1_383' title='bbox 3597 2663 3611 2700; x_wconf 90' lang='lat'><strong>:</strong></span> <span class='ocrx_word' id='word_1_384' title='bbox 3643 2648 3737 2715; x_wconf 88' lang='lat' dir='ltr'><strong>qui</strong></span> 
     </span>
    </p>
   </div>
   <div class='ocr_carea' id='block_1_57' title="bbox 2160 2740 3739 2814">
    <p class='ocr_par' dir='ltr' id='par_1_57' title="bbox 2160 2740 3739 2814">
     <span class='ocr_line' id='line_1_57' title="bbox 2160 2740 3739 2814; baseline -0.006 -15"><span class='ocrx_word' id='word_1_385' title='bbox 2160 2745 2324 2799; x_wconf 85' lang='lat' dir='ltr'><strong>etiam</strong></span> <span class='ocrx_word' id='word_1_386' title='bbox 2359 2743 2741 2814; x_wconf 71' lang='lat' dir='ltr'><strong>coniuratione</strong></span> <span class='ocrx_word' id='word_1_387' title='bbox 2775 2752 2830 2797; x_wconf 88' lang='lat' dir='ltr'><strong>et</strong></span> <span class='ocrx_word' id='word_1_388' title='bbox 2855 2742 3096 2797; x_wconf 86' lang='lat' dir='ltr'><strong>coitione</strong></span> <span class='ocrx_word' id='word_1_389' title='bbox 3137 2740 3301 2803; x_wconf 85' lang='lat' dir='ltr'><strong>facta,</strong></span> <span class='ocrx_word' id='word_1_390' title='bbox 3353 2755 3479 2793; x_wconf 91' lang='lat' dir='ltr'><strong>cum</strong></span> <span class='ocrx_word' id='word_1_391' title='bbox 3529 2740 3739 2806; x_wconf 82' lang='lat' dir='ltr'><strong>impetu</strong></span> 
     </span>
    </p>
   </div>
   <div class='ocr_carea' id='block_1_58' title="bbox 2161 2832 3739 2910">
    <p class='ocr_par' dir='ltr' id='par_1_58' title="bbox 2161 2832 3739 2910">
     <span class='ocr_line' id='line_1_58' title="bbox 2161 2832 3739 2910; baseline -0.004 -17"><span class='ocrx_word' id='word_1_392' title='bbox 2161 2854 2389 2910; x_wconf 85' lang='lat' dir='ltr'><strong>prorsus</strong></span> <span class='ocrx_word' id='word_1_393' title='bbox 2450 2839 2502 2892; x_wconf 93' lang='lat' dir='ltr'><strong>in</strong></span> <span class='ocrx_word' id='word_1_394' title='bbox 2572 2837 2851 2906; x_wconf 85' lang='lat' dir='ltr'><strong>apostolos</strong></span> <span class='ocrx_word' id='word_1_395' title='bbox 2908 2837 3168 2897; x_wconf 78' lang='lat' dir='ltr'><strong>iriuunt,</strong></span> <span class='ocrx_word' id='word_1_396' title='bbox 3231 2835 3425 2902; x_wconf 85' lang='lat' dir='ltr'><strong>eisque</strong></span> <span class='ocrx_word' id='word_1_397' title='bbox 3481 2832 3739 2899; x_wconf 73' lang='lat' dir='ltr'><strong>arreptis,</strong></span> 
     </span>
    </p>
   </div>
   <div class='ocr_carea' id='block_1_59' title="bbox 2162 2923 3741 3000">
    <p class='ocr_par' dir='ltr' id='par_1_59' title="bbox 2162 2923 3741 3000">
     <span class='ocr_line' id='line_1_59' title="bbox 2162 2923 3741 3000; baseline -0.005 -14"><span class='ocrx_word' id='word_1_398' title='bbox 2162 2932 2475 2999; x_wconf 76' lang='lat' dir='ltr'><strong>Philippum</strong></span> <span class='ocrx_word' id='word_1_399' title='bbox 2504 2931 2727 3000; x_wconf 89' lang='lat' dir='ltr'><strong>quidem</strong></span> <span class='ocrx_word' id='word_1_400' title='bbox 2794 2938 3056 2998; x_wconf 87' lang='lat' dir='ltr'><strong>tanquam</strong></span> <span class='ocrx_word' id='word_1_401' title='bbox 3116 2926 3396 2981; x_wconf 85' lang='lat' dir='ltr'><strong>victimam</strong></span> <span class='ocrx_word' id='word_1_402' title='bbox 3448 2923 3741 2992; x_wconf 85' lang='lat' dir='ltr'><strong>quamdam</strong></span> 
     </span>
    </p>
   </div>
   <div class='ocr_carea' id='block_1_60' title="bbox 2163 3018 3742 3090">
    <p class='ocr_par' dir='ltr' id='par_1_60' title="bbox 2163 3018 3742 3090">
     <span class='ocr_line' id='line_1_60' title="bbox 2163 3018 3742 3090; baseline -0.004 -13"><span class='ocrx_word' id='word_1_403' title='bbox 2163 3021 2218 3077; x_wconf 90' lang='lat' dir='ltr'><strong>in</strong></span> <span class='ocrx_word' id='word_1_404' title='bbox 2280 3022 2542 3077; x_wconf 86' lang='lat' dir='ltr'><strong>columna</strong></span> <span class='ocrx_word' id='word_1_405' title='bbox 2611 3023 2793 3090; x_wconf 83' lang='lat' dir='ltr'><strong>capite</strong></span> <span class='ocrx_word' id='word_1_406' title='bbox 2853 3020 3225 3090; x_wconf 87' lang='lat' dir='ltr'><strong>suspendunt,</strong></span> <span class='ocrx_word' id='word_1_407' title='bbox 3281 3018 3742 3075; x_wconf 64' lang='lat' dir='ltr'><strong>Bartholomwum</strong></span> 
     </span>
    </p>
   </div>
   <div class='ocr_carea' id='block_1_61' title="bbox 2165 3109 3744 3183">
    <p class='ocr_par' dir='ltr' id='par_1_61' title="bbox 2165 3109 3744 3183">
     <span class='ocr_line' id='line_1_61' title="bbox 2165 3109 3744 3183; baseline -0.007 -13"><span class='ocrx_word' id='word_1_408' title='bbox 2165 3125 2349 3170; x_wconf 77' lang='lat' dir='ltr'><strong>autem</strong></span> <span class='ocrx_word' id='word_1_409' title='bbox 2376 3116 2648 3170; x_wconf 83' lang='lat' dir='ltr'><strong>directum</strong></span> <span class='ocrx_word' id='word_1_410' title='bbox 2681 3114 2735 3167; x_wconf 92' lang='lat' dir='ltr'><strong>in</strong></span> <span class='ocrx_word' id='word_1_411' title='bbox 2761 3113 2969 3183; x_wconf 78' lang='lat' dir='ltr'><strong>lignum</strong></span> <span class='ocrx_word' id='word_1_412' title='bbox 3002 3112 3106 3167; x_wconf 89' lang='lat' dir='ltr'><strong>sub</strong></span> <span class='ocrx_word' id='word_1_413' title='bbox 3135 3111 3317 3167; x_wconf 89' lang='lat' dir='ltr'><strong>crucis</strong></span> <span class='ocrx_word' id='word_1_414' title='bbox 3348 3109 3521 3162; x_wconf 90' lang='lat' dir='ltr'><strong>forma</strong></span> <span class='ocrx_word' id='word_1_415' title='bbox 3555 3118 3744 3177; x_wconf 80' lang='lat' dir='ltr'><strong>agunt.</strong></span> 
     </span>
    </p>
   </div>
   <div class='ocr_carea' id='block_1_62' title="bbox 480 3199 2064 3276">
    <p class='ocr_par' dir='ltr' id='par_1_62' title="bbox 480 3202 2056 3276">
     <span class='ocr_line' id='line_1_62' title="bbox 480 3202 2056 3276; baseline 0.006 -22"><span class='ocrx_word' id='word_1_416' title='bbox 480 3202 737 3271; x_wconf 81' lang='grc' dir='ltr'>σθόμενοι</span> <span class='ocrx_word' id='word_1_417' title='bbox 789 3203 846 3256; x_wconf 88' lang='grc' dir='ltr'><strong>δέ</strong></span> <span class='ocrx_word' id='word_1_418' title='bbox 866 3204 915 3256; x_wconf 84' lang='grc' dir='ltr'>οἱ</span> <span class='ocrx_word' id='word_1_419' title='bbox 965 3205 1412 3276; x_wconf 78' lang='grc' dir='ltr'>περιλειφθέντες</span> <span class='ocrx_word' id='word_1_420' title='bbox 1435 3209 1510 3270; x_wconf 84' lang='grc' dir='ltr'>ὡς</span> <span class='ocrx_word' id='word_1_421' title='bbox 1542 3208 1752 3273; x_wconf 76' lang='grc' dir='ltr'>εκτισις</span> <span class='ocrx_word' id='word_1_422' title='bbox 1779 3209 2056 3271; x_wconf 83' lang='grc' dir='ltr'>ἀπωλείας</span> 
     </span>
    </p>
   </div>
   <div class='ocr_carea' id='block_1_63' title="bbox 2168 3199 3745 3276">
    <p class='ocr_par' dir='ltr' id='par_1_63' title="bbox 2168 3199 3745 3276">
     <span class='ocr_line' id='line_1_63' title="bbox 2168 3199 3745 3276; baseline -0.009 -12"><span class='ocrx_word' id='word_1_423' title='bbox 2168 3208 2324 3276; x_wconf 78' lang='grc'><strong>20],</strong></span> <span class='ocrx_word' id='word_1_424' title='bbox 2380 3208 2560 3276; x_wconf 83' lang='lat' dir='ltr'><strong>Atque</strong></span> <span class='ocrx_word' id='word_1_425' title='bbox 2613 3207 2690 3261; x_wconf 92' lang='lat' dir='ltr'><strong>illi</strong></span> <span class='ocrx_word' id='word_1_426' title='bbox 2720 3206 2929 3260; x_wconf 85' lang='lat' dir='ltr'><strong>talibus</strong></span> <span class='ocrx_word' id='word_1_427' title='bbox 2961 3203 3142 3258; x_wconf 79' lang='lat' dir='ltr'><strong>aﬂ&#39;ecti</strong></span> <span class='ocrx_word' id='word_1_428' title='bbox 3171 3201 3478 3271; x_wconf 88' lang='lat' dir='ltr'><strong>suppliciis,</strong></span> <span class='ocrx_word' id='word_1_429' title='bbox 3510 3199 3574 3252; x_wconf 91' lang='lat' dir='ltr'><strong>ad</strong></span> <span class='ocrx_word' id='word_1_430' title='bbox 3623 3214 3745 3266; x_wconf 52' lang='lat' dir='ltr'><strong>prec</strong></span> 
     </span>
    </p>
   </div>
   <div class='ocr_carea' id='block_1_64' title="bbox 477 3295 2061 3372">
    <p class='ocr_par' dir='ltr' id='par_1_64' title="bbox 477 3295 2061 3372">
     <span class='ocr_line' id='line_1_64' title="bbox 477 3295 2061 3372; baseline 0.005 -25"><span class='ocrx_word' id='word_1_431' title='bbox 477 3295 578 3364; x_wconf 84' lang='grc' dir='ltr'>τῆς</span> <span class='ocrx_word' id='word_1_432' title='bbox 602 3297 684 3360; x_wconf 85' lang='grc' dir='ltr'><strong>είς</strong></span> <span class='ocrx_word' id='word_1_433' title='bbox 712 3296 838 3360; x_wconf 78' lang='grc' dir='ltr'>τοὺς</span> <span class='ocrx_word' id='word_1_434' title='bbox 859 3298 1068 3368; x_wconf 85' lang='grc' dir='ltr'>μύστας</span> <span class='ocrx_word' id='word_1_435' title='bbox 1092 3300 1333 3370; x_wconf 78' lang='grc' dir='ltr'>Χριστοῦ</span> <span class='ocrx_word' id='word_1_436' title='bbox 1360 3303 1649 3372; x_wconf 78' lang='grc' dir='ltr'>παροινίας</span> <span class='ocrx_word' id='word_1_437' title='bbox 1691 3299 1866 3356; x_wconf 84' lang='grc' dir='ltr'><strong>ταῦτά</strong></span> <span class='ocrx_word' id='word_1_438' title='bbox 1888 3303 2061 3365; x_wconf 80' lang='grc' dir='ltr'>ἐστιν,</span> 
     </span>
    </p>
   </div>
   <div class='ocr_carea' id='block_1_65' title="bbox 480 3390 2062 3464">
    <p class='ocr_par' dir='ltr' id='par_1_65' title="bbox 480 3390 2062 3464">
     <span class='ocr_line' id='line_1_65' title="bbox 480 3390 2062 3464; baseline 0 -20"><span class='ocrx_word' id='word_1_439' title='bbox 480 3390 712 3454; x_wconf 80' lang='grc' dir='ltr'>ἐξάπινα</span> <span class='ocrx_word' id='word_1_440' title='bbox 740 3390 943 3455; x_wconf 75' lang='grc' dir='ltr'>πάντες</span> <span class='ocrx_word' id='word_1_441' title='bbox 968 3394 1066 3460; x_wconf 80' lang='grc' dir='ltr'>τὴν</span> <span class='ocrx_word' id='word_1_442' title='bbox 1087 3394 1226 3446; x_wconf 76' lang='grc' dir='ltr'>κατὰ</span> <span class='ocrx_word' id='word_1_443' title='bbox 1255 3394 1494 3464; x_wconf 76' lang='grc' dir='ltr'>Χριστὸν</span> <span class='ocrx_word' id='word_1_444' title='bbox 1516 3394 1832 3462; x_wconf 72' lang='grc' dir='ltr'>ἠσπάζοντο</span> <span class='ocrx_word' id='word_1_445' title='bbox 1858 3394 2062 3461; x_wconf 67' lang='grc' dir='ltr'>πίστινι</span> 
     </span>
    </p>
   </div>
   <div class='ocr_carea' id='block_1_66' title="bbox 483 3482 2065 3556">
    <p class='ocr_par' dir='ltr' id='par_1_66' title="bbox 483 3482 2065 3556">
     <span class='ocr_line' id='line_1_66' title="bbox 483 3482 2065 3556; baseline -0.002 -18"><span class='ocrx_word' id='word_1_446' title='bbox 483 3484 574 3538; x_wconf 60' lang='grc' dir='ltr'>καὶ</span> <span class='ocrx_word' id='word_1_447' title='bbox 603 3485 630 3536; x_wconf 88' lang='grc' dir='ltr'><strong>ό</strong></span> <span class='ocrx_word' id='word_1_448' title='bbox 662 3483 761 3553; x_wconf 82' lang='grc' dir='ltr'><strong>μὲν</strong></span> <span class='ocrx_word' id='word_1_449' title='bbox 814 3485 1227 3554; x_wconf 84' lang='grc' dir='ltr'>Βαρθολομαῖος</span> <span class='ocrx_word' id='word_1_450' title='bbox 1265 3486 1376 3538; x_wconf 85' lang='grc' dir='ltr'><strong>τῶν</strong></span> <span class='ocrx_word' id='word_1_451' title='bbox 1406 3486 1625 3556; x_wconf 81' lang='grc' dir='ltr'>δεσμῶν</span> <span class='ocrx_word' id='word_1_452' title='bbox 1657 3484 1936 3538; x_wconf 83' lang='grc' dir='ltr'>ἀπελύετο</span> <span class='ocrx_word' id='word_1_453' title='bbox 1960 3499 1973 3513; x_wconf 79' lang='lat'><strong><em>°</em></strong></span> <span class='ocrx_word' id='word_1_454' title='bbox 2007 3482 2065 3547; x_wconf 82' lang='grc' dir='ltr'>ὃς</span> 
     </span>
    </p>
   </div>
   <div class='ocr_carea' id='block_1_67' title="bbox 482 3578 2109 3650">
    <p class='ocr_par' dir='ltr' id='par_1_67' title="bbox 482 3578 2109 3650">
     <span class='ocr_line' id='line_1_67' title="bbox 482 3578 2109 3650; baseline 0.001 -20"><span class='ocrx_word' id='word_1_455' title='bbox 482 3579 575 3632; x_wconf 81' lang='grc' dir='ltr'><strong>τὸν</strong></span> <span class='ocrx_word' id='word_1_456' title='bbox 605 3582 857 3647; x_wconf 80' lang='grc' dir='ltr'>γενναῖον</span> <span class='ocrx_word' id='word_1_457' title='bbox 886 3580 1158 3632; x_wconf 82' lang='grc' dir='ltr'>Φίλιππον</span> <span class='ocrx_word' id='word_1_458' title='bbox 1193 3580 1359 3642; x_wconf 86' lang='grc' dir='ltr'>ὁσίως</span> <span class='ocrx_word' id='word_1_459' title='bbox 1393 3578 1704 3650; x_wconf 80' lang='grc' dir='ltr'>τηνικαῦτα</span> <span class='ocrx_word' id='word_1_460' title='bbox 1737 3580 1816 3649; x_wconf 82' lang='grc' dir='ltr'>τῷ</span> <span class='ocrx_word' id='word_1_461' title='bbox 1854 3595 2066 3650; x_wconf 86' lang='grc' dir='ltr'>μαρτυ-</span> <span class='ocrx_word' id='word_1_462' title='bbox 2105 3613 2109 3616; x_wconf 93' lang='lat'><strong><em>-</em></strong></span> 
     </span>
    </p>
   </div>
   <div class='ocr_carea' id='block_1_68' title="bbox 488 3671 2067 3744">
    <p class='ocr_par' dir='ltr' id='par_1_68' title="bbox 488 3671 2067 3744">
     <span class='ocr_line' id='line_1_68' title="bbox 488 3671 2067 3744; baseline 0.001 -19"><span class='ocrx_word' id='word_1_463' title='bbox 488 3672 588 3741; x_wconf 79' lang='grc' dir='ltr'>ρίῳ</span> <span class='ocrx_word' id='word_1_464' title='bbox 613 3671 971 3727; x_wconf 83' lang='grc' dir='ltr'>τελειωθέντα</span> <span class='ocrx_word' id='word_1_465' title='bbox 998 3675 1064 3744; x_wconf 81' lang='grc' dir='ltr'>τῇ</span> <span class='ocrx_word' id='word_1_466' title='bbox 1087 3674 1160 3744; x_wconf 79' lang='grc' dir='ltr'><strong>γῇ</strong></span> <span class='ocrx_word' id='word_1_467' title='bbox 1185 3672 1586 3742; x_wconf 84' lang='grc' dir='ltr'>καταθέμενος,</span> <span class='ocrx_word' id='word_1_468' title='bbox 1623 3672 1720 3726; x_wconf 69' lang='grc' dir='ltr'>καὶ</span> <span class='ocrx_word' id='word_1_469' title='bbox 1761 3672 1863 3742; x_wconf 70' lang='grc' dir='ltr'>τὴν</span> <span class='ocrx_word' id='word_1_470' title='bbox 1912 3672 2067 3727; x_wconf 90' lang='grc' dir='ltr'>πόλιν</span> 
     </span>
    </p>
   </div>
   <div class='ocr_carea' id='block_1_69' title="bbox 487 3762 2068 3835">
    <p class='ocr_par' dir='ltr' id='par_1_69' title="bbox 487 3762 2068 3835">
     <span class='ocr_line' id='line_1_69' title="bbox 487 3762 2068 3835; baseline 0 -19"><span class='ocrx_word' id='word_1_471' title='bbox 487 3764 668 3817; x_wconf 71' lang='grc' dir='ltr'>πᾶσαν</span> <span class='ocrx_word' id='word_1_472' title='bbox 719 3764 964 3833; x_wconf 81' lang='grc' dir='ltr'>φωτίσας</span> <span class='ocrx_word' id='word_1_473' title='bbox 1014 3764 1111 3817; x_wconf 70' lang='grc' dir='ltr'>καὶ</span> <span class='ocrx_word' id='word_1_474' title='bbox 1169 3762 1393 3834; x_wconf 77' lang='grc' dir='ltr'>Χριστῷ</span> <span class='ocrx_word' id='word_1_475' title='bbox 1458 3763 1866 3835; x_wconf 80' lang='grc' dir='ltr'>παραθέμενος,</span> <span class='ocrx_word' id='word_1_476' title='bbox 1927 3763 2068 3835; x_wconf 80' lang='grc' dir='ltr'>μετὰ</span> 
     </span>
    </p>
   </div>
   <div class='ocr_carea' id='block_1_70' title="bbox 415 3855 2071 3928">
    <p class='ocr_par' dir='ltr' id='par_1_70' title="bbox 415 3855 2071 3928">
     <span class='ocr_line' id='line_1_70' title="bbox 415 3855 2071 3928; baseline 0.001 -20"><span class='ocrx_word' id='word_1_477' title='bbox 415 3875 420 3879; x_wconf 93' lang='grc'><strong>·</strong></span> <span class='ocrx_word' id='word_1_478' title='bbox 495 3856 723 3926; x_wconf 85' lang='grc' dir='ltr'>χρόνους</span> <span class='ocrx_word' id='word_1_479' title='bbox 764 3856 823 3920; x_wconf 86' lang='grc' dir='ltr'><strong>ἐς</strong></span> <span class='ocrx_word' id='word_1_480' title='bbox 854 3855 1083 3928; x_wconf 80' lang='grc' dir='ltr'>ὕστερον</span> <span class='ocrx_word' id='word_1_481' title='bbox 1110 3856 1201 3911; x_wconf 73' lang='grc' dir='ltr'><strong>καὶ</strong></span> <span class='ocrx_word' id='word_1_482' title='bbox 1226 3855 1409 3920; x_wconf 82' lang='grc' dir='ltr'>αὐτὸς,</span> <span class='ocrx_word' id='word_1_483' title='bbox 1444 3857 1501 3908; x_wconf 83' lang='grc' dir='ltr'><strong>ἐν</strong></span> <span class='ocrx_word' id='word_1_484' title='bbox 1536 3855 1943 3927; x_wconf 80' lang='grc' dir='ltr'>Ούρὸανοπόλει</span> <span class='ocrx_word' id='word_1_485' title='bbox 1971 3856 2071 3925; x_wconf 82' lang='grc' dir='ltr'>τῆς</span> 
     </span>
    </p>
   </div>
   <div class='ocr_carea' id='block_1_71' title="bbox 490 3944 2073 4018">
    <p class='ocr_par' dir='ltr' id='par_1_71' title="bbox 490 3944 2073 4018">
     <span class='ocr_line' id='line_1_71' title="bbox 490 3944 2073 4018; baseline 0.001 -21"><span class='ocrx_word' id='word_1_486' title='bbox 490 3948 734 4006; x_wconf 76' lang='grc' dir='ltr'>Κιλίκων</span> <span class='ocrx_word' id='word_1_487' title='bbox 781 3947 1055 4017; x_wconf 82' lang='grc' dir='ltr'>ἐπαρχίας</span> <span class='ocrx_word' id='word_1_488' title='bbox 1107 3944 1330 4017; x_wconf 83' lang='grc' dir='ltr'>σταυρῷ</span> <span class='ocrx_word' id='word_1_489' title='bbox 1385 3945 1548 4001; x_wconf 81' lang='grc' dir='ltr'>πάλιν</span> <span class='ocrx_word' id='word_1_490' title='bbox 1596 3946 1902 4013; x_wconf 79' lang='grc' dir='ltr'>ἀνατιθεὶς,</span> <span class='ocrx_word' id='word_1_491' title='bbox 1935 3946 2073 4018; x_wconf 79' lang='grc' dir='ltr'>πρὸς</span> 
     </span>
    </p>
   </div>
   <div class='ocr_carea' id='block_1_72' title="bbox 490 4038 1764 4111">
    <p class='ocr_par' dir='ltr' id='par_1_72' title="bbox 490 4038 1764 4111">
     <span class='ocr_line' id='line_1_72' title="bbox 490 4038 1764 4111; baseline 0.002 -19"><span class='ocrx_word' id='word_1_492' title='bbox 490 4041 582 4094; x_wconf 65' lang='grc' dir='ltr'>τὸν</span> <span class='ocrx_word' id='word_1_493' title='bbox 608 4041 772 4109; x_wconf 89' lang='grc' dir='ltr'>μόνον</span> <span class='ocrx_word' id='word_1_494' title='bbox 806 4040 1142 4111; x_wconf 83' lang='grc' dir='ltr'>ποθούμενον</span> <span class='ocrx_word' id='word_1_495' title='bbox 1171 4040 1466 4111; x_wconf 82' lang='grc' dir='ltr'>ἀνατρέχει</span> <span class='ocrx_word' id='word_1_496' title='bbox 1500 4041 1678 4110; x_wconf 86' lang='grc' dir='ltr'>Χριστ</span> <span class='ocrx_word' id='word_1_497' title='bbox 1691 4038 1764 4095; x_wconf 76' lang='lat' dir='ltr'><strong>5v.</strong></span> 
     </span>
    </p>
   </div>
   <div class='ocr_carea' id='block_1_73' title="bbox 2164 3291 3743 3357">
    <p class='ocr_par' dir='ltr' id='par_1_73' title="bbox 2164 3291 3743 3357">
     <span class='ocr_line' id='line_1_73' title="bbox 2164 3291 3743 3357; baseline -0.01 0"><span class='ocrx_word' id='word_1_498' title='bbox 2164 3317 2258 3357; x_wconf 89' lang='lat' dir='ltr'><strong>ces</strong></span> <span class='ocrx_word' id='word_1_499' title='bbox 2287 3309 2710 3356; x_wconf 84' lang='lat' dir='ltr'><strong>convertuntur.</strong></span> <span class='ocrx_word' id='word_1_500' title='bbox 2751 3299 2992 3355; x_wconf 77' lang='lat' dir='ltr'><strong>Cedebat</strong></span> <span class='ocrx_word' id='word_1_501' title='bbox 3023 3309 3212 3352; x_wconf 87' lang='lat' dir='ltr'><strong>autem</strong></span> <span class='ocrx_word' id='word_1_502' title='bbox 3243 3294 3431 3350; x_wconf 82' lang='lat' dir='ltr'><strong>statim</strong></span> <span class='ocrx_word' id='word_1_503' title='bbox 3467 3293 3644 3351; x_wconf 85' lang='lat' dir='ltr'><strong>locus,</strong></span> <span class='ocrx_word' id='word_1_504' title='bbox 3687 3291 3743 3349; x_wconf 84' lang='lat' dir='ltr'><strong>in</strong></span> 
     </span>
    </p>
   </div>
   <div class='ocr_carea' id='block_1_74' title="bbox 2168 3384 3748 3458">
    <p class='ocr_par' dir='ltr' id='par_1_74' title="bbox 2168 3384 3748 3458">
     <span class='ocr_line' id='line_1_74' title="bbox 2168 3384 3748 3458; baseline -0.008 -10"><span class='ocrx_word' id='word_1_505' title='bbox 2168 3395 2394 3450; x_wconf 87' lang='lat' dir='ltr'><strong>multam</strong></span> <span class='ocrx_word' id='word_1_506' title='bbox 2419 3394 2766 3449; x_wconf 86' lang='lat' dir='ltr'><strong>altitudinem</strong></span> <span class='ocrx_word' id='word_1_507' title='bbox 2799 3391 3118 3454; x_wconf 84' lang='lat' dir='ltr'><strong>Subsidens,</strong></span> <span class='ocrx_word' id='word_1_508' title='bbox 3142 3389 3423 3458; x_wconf 87' lang='lat' dir='ltr'><strong>simulque</strong></span> <span class='ocrx_word' id='word_1_509' title='bbox 3450 3384 3748 3439; x_wconf 83' lang='lat' dir='ltr'><strong>multitudo</strong></span> 
     </span>
    </p>
   </div>
   <div class='ocr_carea' id='block_1_75' title="bbox 2169 3474 3750 3555">
    <p class='ocr_par' dir='ltr' id='par_1_75' title="bbox 2169 3474 3750 3555">
     <span class='ocr_line' id='line_1_75' title="bbox 2169 3474 3750 3555; baseline -0.008 -15"><span class='ocrx_word' id='word_1_510' title='bbox 2169 3486 2626 3555; x_wconf 78' lang='lat' dir='ltr'><strong>demergebatur,</strong></span> <span class='ocrx_word' id='word_1_511' title='bbox 2672 3494 2839 3554; x_wconf 86' lang='lat' dir='ltr'><strong>atque</strong></span> <span class='ocrx_word' id='word_1_512' title='bbox 2898 3484 2971 3537; x_wconf 90' lang='lat' dir='ltr'><strong>ita</strong></span> <span class='ocrx_word' id='word_1_513' title='bbox 3008 3482 3064 3537; x_wconf 91' lang='lat' dir='ltr'><strong>in</strong></span> <span class='ocrx_word' id='word_1_514' title='bbox 3115 3494 3392 3536; x_wconf 89' lang='lat' dir='ltr'><strong>summum</strong></span> <span class='ocrx_word' id='word_1_515' title='bbox 3447 3485 3561 3531; x_wconf 92' lang='lat' dir='ltr'><strong>tota</strong></span> <span class='ocrx_word' id='word_1_516' title='bbox 3617 3474 3750 3528; x_wconf 86' lang='lat' dir='ltr'><strong>urbs</strong></span> 
     </span>
    </p>
   </div>
   <div class='ocr_carea' id='block_1_76' title="bbox 2165 3569 3752 3643">
    <p class='ocr_par' dir='ltr' id='par_1_76' title="bbox 2165 3569 3752 3643">
     <span class='ocr_line' id='line_1_76' title="bbox 2165 3569 3752 3643; baseline -0.004 -12"><span class='ocrx_word' id='word_1_517' title='bbox 2165 3577 2368 3632; x_wconf 87' lang='lat' dir='ltr'><strong>decidit</strong></span> <span class='ocrx_word' id='word_1_518' title='bbox 2423 3577 2753 3643; x_wconf 87' lang='lat' dir='ltr'><strong>periculum.</strong></span> <span class='ocrx_word' id='word_1_519' title='bbox 2785 3574 2889 3634; x_wconf 89' lang='lat' dir='ltr'><strong>lbi,</strong></span> <span class='ocrx_word' id='word_1_520' title='bbox 2930 3573 3025 3642; x_wconf 89' lang='lat' dir='ltr'><strong>qui</strong></span> <span class='ocrx_word' id='word_1_521' title='bbox 3057 3571 3255 3641; x_wconf 89' lang='lat' dir='ltr'><strong>reliqui</strong></span> <span class='ocrx_word' id='word_1_522' title='bbox 3287 3579 3469 3634; x_wconf 87' lang='lat' dir='ltr'><strong>erant,</strong></span> <span class='ocrx_word' id='word_1_523' title='bbox 3503 3569 3752 3624; x_wconf 80' lang='lat' dir='ltr'><strong>scutica.-</strong></span> 
     </span>
    </p>
   </div>
   <div class='ocr_carea' id='block_1_77' title="bbox 2174 3650 3807 3739">
    <p class='ocr_par' dir='ltr' id='par_1_77' title="bbox 2174 3650 3807 3739">
     <span class='ocr_line' id='line_1_77' title="bbox 2174 3650 3807 3739; baseline -0.008 -17"><span class='ocrx_word' id='word_1_524' title='bbox 2174 3680 2256 3722; x_wconf 92' lang='lat' dir='ltr'><strong>tes</strong></span> <span class='ocrx_word' id='word_1_525' title='bbox 2285 3668 2588 3739; x_wconf 88' lang='lat' dir='ltr'><strong>perniciem</strong></span> <span class='ocrx_word' id='word_1_526' title='bbox 2617 3677 2672 3721; x_wconf 90' lang='lat' dir='ltr'><strong>ct</strong></span> <span class='ocrx_word' id='word_1_527' title='bbox 2701 3666 2940 3731; x_wconf 83' lang='lat' dir='ltr'><strong>cladem,</strong></span> <span class='ocrx_word' id='word_1_528' title='bbox 2969 3681 3089 3720; x_wconf 87' lang='lat' dir='ltr'><strong>eam</strong></span> <span class='ocrx_word' id='word_1_529' title='bbox 3124 3664 3422 3718; x_wconf 86' lang='lat' dir='ltr'><strong>vindictam</strong></span> <span class='ocrx_word' id='word_1_530' title='bbox 3453 3676 3573 3714; x_wconf 72' lang='lat' dir='ltr'><strong>esse</strong></span> <span class='ocrx_word' id='word_1_531' title='bbox 3607 3660 3748 3726; x_wconf 71' lang='lat' dir='ltr'><strong>ejus,</strong></span> <span class='ocrx_word' id='word_1_532' title='bbox 3788 3650 3807 3667; x_wconf 82' lang='grc'><em>“</em></span> 
     </span>
    </p>
   </div>
   <div class='ocr_carea' id='block_1_78' title="bbox 2175 3753 3754 3829">
    <p class='ocr_par' dir='ltr' id='par_1_78' title="bbox 2175 3753 3754 3829">
     <span class='ocr_line' id='line_1_78' title="bbox 2175 3753 3754 3829; baseline -0.006 -15"><span class='ocrx_word' id='word_1_533' title='bbox 2175 3775 2298 3829; x_wconf 68' lang='lat' dir='ltr'><strong>quae</strong></span> <span class='ocrx_word' id='word_1_534' title='bbox 2331 3762 2386 3814; x_wconf 93' lang='lat' dir='ltr'><strong>in</strong></span> <span class='ocrx_word' id='word_1_535' title='bbox 2425 3775 2617 3815; x_wconf 87' lang='lat' dir='ltr'><strong>sacros</strong></span> <span class='ocrx_word' id='word_1_536' title='bbox 2653 3759 2864 3816; x_wconf 84' lang='lat' dir='ltr'><strong>Christi</strong></span> <span class='ocrx_word' id='word_1_537' title='bbox 2904 3759 3192 3813; x_wconf 86' lang='lat' dir='ltr'><strong>ministros</strong></span> <span class='ocrx_word' id='word_1_538' title='bbox 3219 3753 3622 3811; x_wconf 86' lang='lat' dir='ltr'><strong>contumeliose</strong></span> <span class='ocrx_word' id='word_1_539' title='bbox 3659 3766 3754 3819; x_wconf 63' lang='grc' dir='ltr'>ρει-ς</span> 
     </span>
    </p>
   </div>
   <div class='ocr_carea' id='block_1_79' title="bbox 2179 3840 3753 3921">
    <p class='ocr_par' dir='ltr' id='par_1_79' title="bbox 2179 3840 3753 3921">
     <span class='ocr_line' id='line_1_79' title="bbox 2179 3840 3753 3921; baseline -0.006 -16"><span class='ocrx_word' id='word_1_540' title='bbox 2179 3861 2320 3907; x_wconf 87' lang='lat' dir='ltr'><strong>trata</strong></span> <span class='ocrx_word' id='word_1_541' title='bbox 2352 3853 2531 3908; x_wconf 80' lang='lat' dir='ltr'><strong>fuerat</strong></span> <span class='ocrx_word' id='word_1_542' title='bbox 2565 3853 2789 3921; x_wconf 87' lang='lat' dir='ltr'><strong>injuria,</strong></span> <span class='ocrx_word' id='word_1_543' title='bbox 2825 3851 3117 3917; x_wconf 81' lang='lat' dir='ltr'><strong>confestim</strong></span> <span class='ocrx_word' id='word_1_544' title='bbox 3145 3863 3338 3903; x_wconf 90' lang='lat' dir='ltr'><strong>omnes</strong></span> <span class='ocrx_word' id='word_1_545' title='bbox 3362 3845 3521 3900; x_wconf 81' lang='lat' dir='ltr'><strong>fidem</strong></span> <span class='ocrx_word' id='word_1_546' title='bbox 3545 3840 3753 3895; x_wconf 74' lang='lat' dir='ltr'><strong>Christi</strong></span> 
     </span>
    </p>
   </div>
   <div class='ocr_carea' id='block_1_80' title="bbox 2175 3933 3757 4015">
    <p class='ocr_par' dir='ltr' id='par_1_80' title="bbox 2175 3933 3757 4015">
     <span class='ocr_line' id='line_1_80' title="bbox 2175 3933 3757 4015; baseline -0.005 -18"><span class='ocrx_word' id='word_1_547' title='bbox 2175 3945 2494 4015; x_wconf 84' lang='lat' dir='ltr'><strong>suscipiunt</strong></span> <span class='ocrx_word' id='word_1_548' title='bbox 2527 3964 2541 3998; x_wconf 88' lang='lat'><strong>:</strong></span> <span class='ocrx_word' id='word_1_549' title='bbox 2572 3955 2628 4000; x_wconf 86' lang='lat' dir='ltr'><strong>et</strong></span> <span class='ocrx_word' id='word_1_550' title='bbox 2663 3945 3107 4000; x_wconf 85' lang='lat' dir='ltr'><strong>Bartholomaeus</strong></span> <span class='ocrx_word' id='word_1_551' title='bbox 3146 3943 3214 3995; x_wconf 86' lang='lat' dir='ltr'><strong>ab</strong></span> <span class='ocrx_word' id='word_1_552' title='bbox 3251 3940 3336 3994; x_wconf 89' lang='lat' dir='ltr'><strong>eis</strong></span> <span class='ocrx_word' id='word_1_553' title='bbox 3385 3937 3619 3991; x_wconf 84' lang='lat' dir='ltr'><strong>vinculis</strong></span> <span class='ocrx_word' id='word_1_554' title='bbox 3644 3933 3757 3989; x_wconf 71' lang='lat' dir='ltr'><strong>Sil&quot;.</strong></span> 
     </span>
    </p>
   </div>
   <div class='ocr_carea' id='block_1_81' title="bbox 2183 4027 3758 4110">
    <p class='ocr_par' dir='ltr' id='par_1_81' title="bbox 2183 4027 3758 4110">
     <span class='ocr_line' id='line_1_81' title="bbox 2183 4027 3758 4110; baseline -0.011 -15"><span class='ocrx_word' id='word_1_555' title='bbox 2183 4042 2354 4105; x_wconf 83' lang='lat' dir='ltr'><strong>vitur,</strong></span> <span class='ocrx_word' id='word_1_556' title='bbox 2375 4041 2469 4110; x_wconf 90' lang='lat' dir='ltr'><strong>qui</strong></span> <span class='ocrx_word' id='word_1_557' title='bbox 2497 4039 2752 4110; x_wconf 88' lang='lat' dir='ltr'><strong>Philippo</strong></span> <span class='ocrx_word' id='word_1_558' title='bbox 2774 4047 2966 4093; x_wconf 87' lang='lat' dir='ltr'><strong>sancte</strong></span> <span class='ocrx_word' id='word_1_559' title='bbox 2996 4036 3323 4104; x_wconf 81' lang='lat' dir='ltr'><strong>fortiterque</strong></span> <span class='ocrx_word' id='word_1_560' title='bbox 3354 4040 3466 4085; x_wconf 91' lang='lat' dir='ltr'><strong>tum</strong></span> <span class='ocrx_word' id='word_1_561' title='bbox 3492 4027 3758 4099; x_wconf 71' lang='lat' dir='ltr'><strong>martyrio</strong></span> 
     </span>
    </p>
   </div>
   <div class='ocr_carea' id='block_1_82' title="bbox 494 4131 3759 4210">
    <p class='ocr_par' dir='ltr' id='par_1_82' title="bbox 494 4131 3759 4210">
     <span class='ocr_line' id='line_1_82' title="bbox 494 4131 3759 4210; baseline -0.006 -15"><span class='ocrx_word' id='word_1_562' title='bbox 494 4138 774 4206; x_wconf 80' lang='lat' dir='ltr'><strong>defuncto,</strong></span> <span class='ocrx_word' id='word_1_563' title='bbox 809 4140 1108 4210; x_wconf 73' lang='lat' dir='ltr'><strong>sepulturae</strong></span> <span class='ocrx_word' id='word_1_564' title='bbox 1142 4139 1354 4194; x_wconf 86' lang='lat' dir='ltr'><strong>honore</strong></span> <span class='ocrx_word' id='word_1_565' title='bbox 1388 4139 1660 4209; x_wconf 69' lang='lat' dir='ltr'><strong>praestito,</strong></span> <span class='ocrx_word' id='word_1_566' title='bbox 1726 4144 1784 4193; x_wconf 90' lang='lat' dir='ltr'><strong>et</strong></span> <span class='ocrx_word' id='word_1_567' title='bbox 1833 4135 1972 4193; x_wconf 89' lang='lat' dir='ltr'><strong>urbe</strong></span> <span class='ocrx_word' id='word_1_568' title='bbox 2037 4146 2145 4193; x_wconf 80' lang='lat' dir='ltr'><strong>tota</strong></span> <span class='ocrx_word' id='word_1_569' title='bbox 2187 4138 2483 4204; x_wconf 89' lang='lat' dir='ltr'><strong>illustrata,</strong></span> <span class='ocrx_word' id='word_1_570' title='bbox 2527 4136 2866 4207; x_wconf 87' lang='lat' dir='ltr'><strong>Christoque</strong></span> <span class='ocrx_word' id='word_1_571' title='bbox 2920 4135 3123 4193; x_wconf 76' lang='lat' dir='ltr'><strong>dicata,</strong></span> <span class='ocrx_word' id='word_1_572' title='bbox 3155 4131 3436 4200; x_wconf 87' lang='lat' dir='ltr'><strong>aliquanto</strong></span> <span class='ocrx_word' id='word_1_573' title='bbox 3468 4136 3590 4197; x_wconf 87' lang='lat' dir='ltr'><strong>post</strong></span> <span class='ocrx_word' id='word_1_574' title='bbox 3617 4137 3759 4178; x_wconf 86' lang='lat' dir='ltr'><strong>tem-</strong></span> 
     </span>
    </p>
   </div>
   <div class='ocr_carea' id='block_1_83' title="bbox 496 4219 3761 4305">
    <p class='ocr_par' dir='ltr' id='par_1_83' title="bbox 496 4219 3761 4305">
     <span class='ocr_line' id='line_1_83' title="bbox 496 4219 3761 4305; baseline -0.005 -20"><span class='ocrx_word' id='word_1_575' title='bbox 496 4251 628 4304; x_wconf 83' lang='lat' dir='ltr'><strong>pore</strong></span> <span class='ocrx_word' id='word_1_576' title='bbox 690 4233 1030 4305; x_wconf 81' lang='lat' dir='ltr'><strong>UrbanOpoli</strong></span> <span class='ocrx_word' id='word_1_577' title='bbox 1101 4233 1402 4305; x_wconf 74' lang='lat' dir='ltr'><strong>provinciae</strong></span> <span class='ocrx_word' id='word_1_578' title='bbox 1454 4232 1663 4289; x_wconf 70' lang='lat' dir='ltr'><strong>Ciliciae</strong></span> <span class='ocrx_word' id='word_1_579' title='bbox 1733 4232 1788 4288; x_wconf 88' lang='lat' dir='ltr'><strong>in</strong></span> <span class='ocrx_word' id='word_1_580' title='bbox 1850 4246 2073 4289; x_wconf 88' lang='lat' dir='ltr'><strong>crucem</strong></span> <span class='ocrx_word' id='word_1_581' title='bbox 2154 4249 2350 4289; x_wconf 86' lang='lat' dir='ltr'><strong>rursus</strong></span> <span class='ocrx_word' id='word_1_582' title='bbox 2413 4242 2612 4298; x_wconf 87' lang='lat' dir='ltr'><strong>actus,</strong></span> <span class='ocrx_word' id='word_1_583' title='bbox 2675 4233 2745 4289; x_wconf 86' lang='lat' dir='ltr'><strong>ad</strong></span> <span class='ocrx_word' id='word_1_584' title='bbox 2798 4232 2962 4287; x_wconf 91' lang='lat' dir='ltr'><strong>unice</strong></span> <span class='ocrx_word' id='word_1_585' title='bbox 3017 4226 3392 4283; x_wconf 78' lang='lat' dir='ltr'><strong>desideratum</strong></span> <span class='ocrx_word' id='word_1_586' title='bbox 3477 4219 3761 4274; x_wconf 61' lang='lat' dir='ltr'><strong>Christum</strong></span> 
     </span>
    </p>
   </div>
   <div class='ocr_carea' id='block_1_84' title="bbox 500 4328 780 4399">
    <p class='ocr_par' dir='ltr' id='par_1_84' title="bbox 500 4328 780 4399">
     <span class='ocr_line' id='line_1_84' title="bbox 500 4328 780 4399; baseline -0.014 -16"><span class='ocrx_word' id='word_1_587' title='bbox 500 4328 780 4399; x_wconf 81' lang='lat' dir='ltr'><strong>migravit.</strong></span> 
     </span>
    </p>
   </div>
   <div class='ocr_carea' id='block_1_85' title="bbox 1100 4448 1473 4503">
    <p class='ocr_par' dir='ltr' id='par_1_85' title="bbox 1100 4448 1473 4503">
     <span class='ocr_line' id='line_1_85' title="bbox 1100 4448 1473 4503; baseline 0.003 -1"><span class='ocrx_word' id='word_1_588' title='bbox 1100 4449 1352 4503; x_wconf 80' lang='grc' dir='ltr'><strong>ΚΕΦΑΛ.</strong></span> <span class='ocrx_word' id='word_1_589' title='bbox 1380 4448 1473 4503; x_wconf 84' lang='grc' dir='ltr'><strong>Μ’.</strong></span> 
     </span>
    </p>
   </div>
   <div class='ocr_carea' id='block_1_86' title="bbox 500 4541 2082 4614">
    <p class='ocr_par' dir='ltr' id='par_1_86' title="bbox 500 4541 2082 4614">
     <span class='ocr_line' id='line_1_86' title="bbox 500 4541 2082 4614; baseline -0.004 -14"><span class='ocrx_word' id='word_1_590' title='bbox 500 4545 641 4614; x_wconf 78' lang='grc' dir='ltr'>Περὶ</span> <span class='ocrx_word' id='word_1_591' title='bbox 674 4543 869 4613; x_wconf 83' lang='grc' dir='ltr'>Θωμᾱ,</span> <span class='ocrx_word' id='word_1_592' title='bbox 907 4541 1187 4614; x_wconf 73' lang='grc' dir='ltr'>Ἰακώϐου</span> <span class='ocrx_word' id='word_1_593' title='bbox 1214 4544 1346 4614; x_wconf 67' lang='grc' dir='ltr'><strong>τοῦ</strong></span> <span class='ocrx_word' id='word_1_594' title='bbox 1380 4543 1683 4614; x_wconf 48' lang='grc' dir='ltr'>Ἀμειψίου,</span> <span class='ocrx_word' id='word_1_595' title='bbox 1720 4543 1987 4614; x_wconf 73' lang='grc' dir='ltr'>Σίμωνός</span> <span class='ocrx_word' id='word_1_596' title='bbox 2017 4557 2082 4614; x_wconf 71' lang='grc' dir='ltr'><strong>τε</strong></span> 
     </span>
    </p>
   </div>
   <div class='ocr_carea' id='block_1_87' title="bbox 2777 4435 3163 4501">
    <p class='ocr_par' dir='ltr' id='par_1_87' title="bbox 2777 4435 3163 4501">
     <span class='ocr_line' id='line_1_87' title="bbox 2777 4435 3163 4501; baseline -0.01 -6"><span class='ocrx_word' id='word_1_597' title='bbox 2777 4437 3008 4496; x_wconf 82' lang='lat' dir='ltr'><strong>CAPUT</strong></span> <span class='ocrx_word' id='word_1_598' title='bbox 3040 4435 3163 4501; x_wconf 77' lang='lat' dir='ltr'><strong>XL.</strong></span> 
     </span>
    </p>
   </div>
   <div class='ocr_carea' id='block_1_88' title="bbox 2194 4523 3764 4601">
    <p class='ocr_par' dir='ltr' id='par_1_88' title="bbox 2194 4523 3764 4601">
     <span class='ocr_line' id='line_1_88' title="bbox 2194 4523 3764 4601; baseline -0.01 -10"><span class='ocrx_word' id='word_1_599' title='bbox 2194 4536 2270 4591; x_wconf 84' lang='lat' dir='ltr'><strong>De</strong></span> <span class='ocrx_word' id='word_1_600' title='bbox 2302 4536 2518 4593; x_wconf 87' lang='lat' dir='ltr'><strong>lema.</strong></span> <span class='ocrx_word' id='word_1_601' title='bbox 2552 4533 2748 4589; x_wconf 72' lang='lat' dir='ltr'><strong>Iacobo</strong></span> <span class='ocrx_word' id='word_1_602' title='bbox 2797 4530 3022 4601; x_wconf 79' lang='lat' dir='ltr'><strong>Alphwi,</strong></span> <span class='ocrx_word' id='word_1_603' title='bbox 3074 4523 3548 4601; x_wconf 77' lang='lat' dir='ltr'><strong>Simone__Zelole,</strong></span> <span class='ocrx_word' id='word_1_604' title='bbox 3599 4523 3764 4601; x_wconf 69' lang='lat' dir='ltr'><strong>lado,</strong></span> 
     </span>
    </p>
   </div>
   <div class='ocr_carea' id='block_1_89' title="bbox 564 4596 2064 4683">
    <p class='ocr_par' dir='ltr' id='par_1_89' title="bbox 564 4596 2064 4683">
     <span class='ocr_line' id='line_1_89' title="bbox 564 4596 2064 4683; baseline -0.007 -13"><span class='ocrx_word' id='word_1_605' title='bbox 564 4596 669 4671; x_wconf 63' lang='grc' dir='ltr'><strong>ἶοῦ</strong></span> <span class='ocrx_word' id='word_1_606' title='bbox 721 4596 1032 4683; x_wconf 64' lang='grc' dir='ltr'>Ζῇλωτοῦ,</span> <span class='ocrx_word' id='word_1_607' title='bbox 1108 4613 1305 4667; x_wconf 78' lang='grc' dir='ltr'>Ἰούδα</span> <span class='ocrx_word' id='word_1_608' title='bbox 1361 4596 1597 4683; x_wconf 49' lang='grc' dir='ltr'>τοῦῖςαὶ</span> <span class='ocrx_word' id='word_1_609' title='bbox 1637 4596 1913 4670; x_wconf 68' lang='grc' dir='ltr'>Λέὄαῖου.</span> <span class='ocrx_word' id='word_1_610' title='bbox 1964 4596 2064 4683; x_wconf 63' lang='grc' dir='ltr'>’κα</span> 
     </span>
    </p>
   </div>
   <div class='ocr_carea' id='block_1_90' title="bbox 2168 4596 3766 4683">
    <p class='ocr_par' dir='ltr' id='par_1_90' title="bbox 2258 4596 3766 4683">
     <span class='ocr_line' id='line_1_90' title="bbox 2258 4596 3766 4683; baseline -0.009 -22"><span class='ocrx_word' id='word_1_611' title='bbox 2258 4610 2350 4683; x_wconf 79' lang='lat' dir='ltr'><strong>qui</strong></span> <span class='ocrx_word' id='word_1_612' title='bbox 2384 4616 2434 4661; x_wconf 83' lang='lat' dir='ltr'><strong>et</strong></span> <span class='ocrx_word' id='word_1_613' title='bbox 2472 4604 2731 4683; x_wconf 61' lang='lat' dir='ltr'><strong>Leblggeus</strong></span> <span class='ocrx_word' id='word_1_614' title='bbox 2748 4611 2824 4656; x_wconf 80' lang='lat' dir='ltr'><strong>est</strong></span> <span class='ocrx_word' id='word_1_615' title='bbox 2858 4596 3057 4683; x_wconf 64' lang='lat' dir='ltr'><strong>dictus;</strong></span> <span class='ocrx_word' id='word_1_616' title='bbox 3093 4608 3143 4683; x_wconf 65' lang='lat' dir='ltr'><strong>et</strong></span> <span class='ocrx_word' id='word_1_617' title='bbox 3182 4599 3247 4651; x_wconf 85' lang='lat' dir='ltr'><strong>de</strong></span> <span class='ocrx_word' id='word_1_618' title='bbox 3283 4596 3517 4651; x_wconf 80' lang='lat' dir='ltr'><strong>Matthia</strong></span> <span class='ocrx_word' id='word_1_619' title='bbox 3583 4596 3674 4664; x_wconf 81' lang='lat' dir='ltr'><strong>qui</strong></span> <span class='ocrx_word' id='word_1_620' title='bbox 3708 4597 3766 4649; x_wconf 85' lang='lat' dir='ltr'><strong>in</strong></span> 
     </span>
    </p>
   </div>
   <div class='ocr_carea' id='block_1_91' title="bbox 573 4680 2080 4752">
    <p class='ocr_par' dir='ltr' id='par_1_91' title="bbox 573 4680 2080 4752">
     <span class='ocr_line' id='line_1_91' title="bbox 573 4680 2080 4752; baseline -0.004 -11"><span class='ocrx_word' id='word_1_621' title='bbox 573 4680 861 4750; x_wconf 85' lang='grc' dir='ltr'>Ματθίου,</span> <span class='ocrx_word' id='word_1_622' title='bbox 897 4684 1004 4738; x_wconf 86' lang='grc' dir='ltr'>τοῦ</span> <span class='ocrx_word' id='word_1_623' title='bbox 1050 4684 1181 4738; x_wconf 75' lang='grc' dir='ltr'>ἀντὶ</span> <span class='ocrx_word' id='word_1_624' title='bbox 1232 4684 1339 4738; x_wconf 86' lang='grc' dir='ltr'>τοῦ</span> <span class='ocrx_word' id='word_1_625' title='bbox 1380 4682 1681 4752; x_wconf 82' lang='grc' dir='ltr'>προδότου</span> <span class='ocrx_word' id='word_1_626' title='bbox 1711 4680 2080 4750; x_wconf 66' lang='grc' dir='ltr'>καταλεγένυ</span> 
     </span>
    </p>
   </div>
   <div class='ocr_carea' id='block_1_92' title="bbox 575 4774 701 4823">
    <p class='ocr_par' dir='ltr' id='par_1_92' title="bbox 575 4774 701 4823">
     <span class='ocr_line' id='line_1_92' title="bbox 575 4774 701 4823; baseline 0.016 -13"><span class='ocrx_word' id='word_1_627' title='bbox 575 4774 701 4823; x_wconf 82' lang='grc' dir='ltr'>τος.</span> 
     </span>
    </p>
   </div>
   <div class='ocr_carea' id='block_1_93' title="bbox 577 4867 2089 4942">
    <p class='ocr_par' dir='ltr' id='par_1_93' title="bbox 577 4867 2089 4942">
     <span class='ocr_line' id='line_1_93' title="bbox 577 4867 2089 4942; baseline -0.003 -17"><span class='ocrx_word' id='word_1_628' title='bbox 577 4873 752 4942; x_wconf 80' lang='grc' dir='ltr'><strong>Θωμᾶ</strong></span> <span class='ocrx_word' id='word_1_629' title='bbox 776 4873 833 4926; x_wconf 81' lang='grc' dir='ltr'><strong>δέ</strong></span> <span class='ocrx_word' id='word_1_630' title='bbox 853 4869 950 4930; x_wconf 79' lang='grc' dir='ltr'>τοῦ</span> <span class='ocrx_word' id='word_1_631' title='bbox 990 4871 1085 4923; x_wconf 77' lang='grc' dir='ltr'><strong>καὶ</strong></span> <span class='ocrx_word' id='word_1_632' title='bbox 1108 4869 1343 4938; x_wconf 83' lang='grc' dir='ltr'>Διδύμου</span> <span class='ocrx_word' id='word_1_633' title='bbox 1378 4868 1497 4932; x_wconf 86' lang='grc' dir='ltr'><strong>πῶς</strong></span> <span class='ocrx_word' id='word_1_634' title='bbox 1521 4869 1588 4923; x_wconf 82' lang='grc' dir='ltr'><strong>ἂν</strong></span> <span class='ocrx_word' id='word_1_635' title='bbox 1622 4867 2089 4938; x_wconf 73' lang='grc' dir='ltr'>παραδράμοιμεν</span> 
     </span>
    </p>
   </div>
   <div class='ocr_carea' id='block_1_94' title="bbox 505 4958 2090 5035">
    <p class='ocr_par' dir='ltr' id='par_1_94' title="bbox 505 4958 2090 5035">
     <span class='ocr_line' id='line_1_94' title="bbox 505 4958 2090 5035; baseline -0.004 -16"><span class='ocrx_word' id='word_1_636' title='bbox 505 4968 632 5028; x_wconf 74' lang='grc' dir='ltr'>τοὺς</span> <span class='ocrx_word' id='word_1_637' title='bbox 667 4966 990 5035; x_wconf 77' lang='grc' dir='ltr'>περιμανεῖς</span> <span class='ocrx_word' id='word_1_638' title='bbox 1022 4962 1110 5017; x_wconf 71' lang='grc' dir='ltr'><strong>διὰ</strong></span> <span class='ocrx_word' id='word_1_639' title='bbox 1143 4963 1381 5032; x_wconf 78' lang='grc' dir='ltr'>Χριστὸν</span> <span class='ocrx_word' id='word_1_640' title='bbox 1407 4959 1657 5029; x_wconf 74' lang='grc' dir='ltr'>ἐρωταςς</span> <span class='ocrx_word' id='word_1_641' title='bbox 1685 4959 1744 5023; x_wconf 81' lang='grc' dir='ltr'>ὃς</span> <span class='ocrx_word' id='word_1_642' title='bbox 1774 4959 1831 5030; x_wconf 71' lang='grc' dir='ltr'>δὴ</span> <span class='ocrx_word' id='word_1_643' title='bbox 1862 4961 1958 5012; x_wconf 77' lang='grc' dir='ltr'>καὶ</span> <span class='ocrx_word' id='word_1_644' title='bbox 1997 4958 2090 5014; x_wconf 78' lang='grc' dir='ltr'>τὸν</span> 
     </span>
    </p>
   </div>
   <div class='ocr_carea' id='block_1_95' title="bbox 508 5052 2092 5124">
    <p class='ocr_par' dir='ltr' id='par_1_95' title="bbox 508 5052 2092 5124">
     <span class='ocr_line' id='line_1_95' title="bbox 508 5052 2092 5124; baseline -0.006 -11"><span class='ocrx_word' id='word_1_645' title='bbox 508 5062 595 5115; x_wconf 81' lang='grc' dir='ltr'>ἐπ’</span> <span class='ocrx_word' id='word_1_646' title='bbox 649 5061 913 5123; x_wconf 65' lang='grc' dir='ltr'>Αἰθίοπας</span> <span class='ocrx_word' id='word_1_647' title='bbox 947 5059 1042 5113; x_wconf 73' lang='grc' dir='ltr'><strong>καὶ</strong></span> <span class='ocrx_word' id='word_1_648' title='bbox 1087 5056 1290 5119; x_wconf 77' lang='grc' dir='ltr'>Ἰνδοὺς</span> <span class='ocrx_word' id='word_1_649' title='bbox 1351 5054 1555 5124; x_wconf 80' lang='grc' dir='ltr'>κλῆρον</span> <span class='ocrx_word' id='word_1_650' title='bbox 1578 5053 1781 5124; x_wconf 85' lang='grc' dir='ltr'>λαχὼν,</span> <span class='ocrx_word' id='word_1_651' title='bbox 1818 5054 1957 5124; x_wconf 76' lang='grc' dir='ltr'>πρὸς</span> <span class='ocrx_word' id='word_1_652' title='bbox 1988 5052 2092 5123; x_wconf 84' lang='grc' dir='ltr'>τὴν</span> 
     </span>
    </p>
   </div>
   <div class='ocr_carea' id='block_1_96' title="bbox 509 5146 2089 5226">
    <p class='ocr_par' dir='ltr' id='par_1_96' title="bbox 509 5146 2089 5226">
     <span class='ocr_line' id='line_1_96' title="bbox 509 5146 2089 5226; baseline -0.007 -18"><span class='ocrx_word' id='word_1_653' title='bbox 509 5156 740 5226; x_wconf 81' lang='grc' dir='ltr'>πορείαν</span> <span class='ocrx_word' id='word_1_654' title='bbox 773 5153 1090 5209; x_wconf 83' lang='grc' dir='ltr'>ἀποκναίων</span> <span class='ocrx_word' id='word_1_655' title='bbox 1139 5146 1208 5222; x_wconf 81' lang='grc' dir='ltr'>ἦν</span> <span class='ocrx_word' id='word_1_656' title='bbox 1241 5150 1335 5203; x_wconf 75' lang='grc' dir='ltr'>καὶ</span> <span class='ocrx_word' id='word_1_657' title='bbox 1365 5146 1736 5213; x_wconf 79' lang='grc' dir='ltr'>ἀναδυόμενος</span> <span class='ocrx_word' id='word_1_658' title='bbox 1758 5163 1772 5177; x_wconf 76' lang='grc' dir='ltr'><strong><em>ο</em></strong></span> <span class='ocrx_word' id='word_1_659' title='bbox 1822 5147 1883 5198; x_wconf 78' lang='grc' dir='ltr'><strong>τὸ</strong></span> <span class='ocrx_word' id='word_1_660' title='bbox 1915 5146 2089 5215; x_wconf 88' lang='grc' dir='ltr'>μέλαν</span> 
     </span>
    </p>
   </div>
   <div class='ocr_carea' id='block_1_97' title="bbox 510 5235 2093 5315">
    <p class='ocr_par' dir='ltr' id='par_1_97' title="bbox 510 5235 2093 5315">
     <span class='ocr_line' id='line_1_97' title="bbox 510 5235 2093 5315; baseline -0.008 -15"><span class='ocrx_word' id='word_1_661' title='bbox 510 5248 606 5300; x_wconf 71' lang='grc' dir='ltr'>καὶ</span> <span class='ocrx_word' id='word_1_662' title='bbox 633 5244 947 5315; x_wconf 68' lang='grc' dir='ltr'>δύσμορφον</span> <span class='ocrx_word' id='word_1_663' title='bbox 998 5247 1097 5311; x_wconf 80' lang='grc' dir='ltr'><strong>τῆς</strong></span> <span class='ocrx_word' id='word_1_664' title='bbox 1127 5242 1326 5311; x_wconf 64' lang='grc' dir='ltr'>ὅψεως,</span> <span class='ocrx_word' id='word_1_665' title='bbox 1379 5239 1516 5309; x_wconf 72' lang='grc' dir='ltr'>πρὸς</span> <span class='ocrx_word' id='word_1_666' title='bbox 1567 5237 1624 5300; x_wconf 76' lang='grc' dir='ltr'>δὲ</span> <span class='ocrx_word' id='word_1_667' title='bbox 1652 5237 1746 5290; x_wconf 77' lang='grc' dir='ltr'>καὶ</span> <span class='ocrx_word' id='word_1_668' title='bbox 1779 5237 1840 5290; x_wconf 84' lang='grc' dir='ltr'><strong>τὸ</strong></span> <span class='ocrx_word' id='word_1_669' title='bbox 1869 5236 1965 5290; x_wconf 79' lang='grc' dir='ltr'>τοῦ</span> <span class='ocrx_word' id='word_1_670' title='bbox 1999 5235 2093 5289; x_wconf 85' lang='grc' dir='ltr'>νοῦ</span> 
     </span>
    </p>
   </div>
   <div class='ocr_carea' id='block_1_98' title="bbox 511 5329 2095 5408">
    <p class='ocr_par' dir='ltr' id='par_1_98' title="bbox 511 5329 2095 5408">
     <span class='ocr_line' id='line_1_98' title="bbox 511 5329 2095 5408; baseline -0.006 -16"><span class='ocrx_word' id='word_1_671' title='bbox 511 5337 755 5408; x_wconf 78' lang='grc' dir='ltr'>ζοφῶδες</span> <span class='ocrx_word' id='word_1_672' title='bbox 790 5338 885 5389; x_wconf 72' lang='grc' dir='ltr'><strong>καὶ</strong></span> <span class='ocrx_word' id='word_1_673' title='bbox 943 5335 1203 5393; x_wconf 82' lang='grc' dir='ltr'>δύσκολον</span> <span class='ocrx_word' id='word_1_674' title='bbox 1239 5333 1666 5402; x_wconf 81' lang='grc' dir='ltr'>ἐκτρεπόμενος,</span> <span class='ocrx_word' id='word_1_675' title='bbox 1694 5329 1796 5397; x_wconf 78' lang='grc' dir='ltr'><strong>τὴν</strong></span> <span class='ocrx_word' id='word_1_676' title='bbox 1827 5330 1965 5401; x_wconf 81' lang='grc' dir='ltr'>πρὸς</span> <span class='ocrx_word' id='word_1_677' title='bbox 1992 5330 2095 5383; x_wconf 82' lang='grc' dir='ltr'>αὐ-</span> 
     </span>
    </p>
   </div>
   <div class='ocr_carea' id='block_1_99' title="bbox 2261 4675 3233 4748">
    <p class='ocr_par' dir='ltr' id='par_1_99' title="bbox 2261 4675 3233 4748">
     <span class='ocr_line' id='line_1_99' title="bbox 2261 4675 3233 4748; baseline -0.012 -15"><span class='ocrx_word' id='word_1_678' title='bbox 2261 4678 2434 4733; x_wconf 77' lang='lat' dir='ltr'><strong>locum</strong></span> <span class='ocrx_word' id='word_1_679' title='bbox 2472 4675 2758 4748; x_wconf 77' lang='lat' dir='ltr'><strong>proditoris</strong></span> <span class='ocrx_word' id='word_1_680' title='bbox 2790 4683 2865 4726; x_wconf 76' lang='lat' dir='ltr'><strong>est</strong></span> <span class='ocrx_word' id='word_1_681' title='bbox 2893 4675 3233 4740; x_wconf 75' lang='lat' dir='ltr'><strong>subrogatus,</strong></span> 
     </span>
    </p>
   </div>
   <div class='ocr_carea' id='block_1_100' title="bbox 2263 4843 3774 4926">
    <p class='ocr_par' dir='ltr' id='par_1_100' title="bbox 2263 4843 3774 4926">
     <span class='ocr_line' id='line_1_100' title="bbox 2263 4843 3774 4926; baseline -0.011 -13"><span class='ocrx_word' id='word_1_682' title='bbox 2263 4854 2552 4926; x_wconf 84' lang='lat' dir='ltr'><strong>Quomodo</strong></span> <span class='ocrx_word' id='word_1_683' title='bbox 2583 4862 2768 4907; x_wconf 90' lang='lat' dir='ltr'><strong>autem</strong></span> <span class='ocrx_word' id='word_1_684' title='bbox 2800 4850 3047 4911; x_wconf 74' lang='lat' dir='ltr'><strong>Thomae,</strong></span> <span class='ocrx_word' id='word_1_685' title='bbox 3078 4847 3172 4918; x_wconf 90' lang='lat' dir='ltr'><strong>qui</strong></span> <span class='ocrx_word' id='word_1_686' title='bbox 3208 4855 3263 4901; x_wconf 83' lang='lat' dir='ltr'><strong>et</strong></span> <span class='ocrx_word' id='word_1_687' title='bbox 3284 4845 3550 4918; x_wconf 80' lang='lat' dir='ltr'><strong>Didymus</strong></span> <span class='ocrx_word' id='word_1_688' title='bbox 3589 4843 3774 4897; x_wconf 81' lang='lat' dir='ltr'><strong>dictus</strong></span> 
     </span>
    </p>
   </div>
   <div class='ocr_carea' id='block_1_101' title="bbox 2191 4941 3773 5016">
    <p class='ocr_par' dir='ltr' id='par_1_101' title="bbox 2191 4941 3773 5016">
     <span class='ocr_line' id='line_1_101' title="bbox 2191 4941 3773 5016; baseline -0.015 -7"><span class='ocrx_word' id='word_1_689' title='bbox 2191 4965 2297 5016; x_wconf 87' lang='lat' dir='ltr'><strong>est,</strong></span> <span class='ocrx_word' id='word_1_690' title='bbox 2331 4946 2885 5006; x_wconf 80' lang='lat' dir='ltr'><strong>vehementissimam</strong></span> <span class='ocrx_word' id='word_1_691' title='bbox 2933 4945 2986 5005; x_wconf 84' lang='lat' dir='ltr'><strong>in</strong></span> <span class='ocrx_word' id='word_1_692' title='bbox 3025 4941 3308 5004; x_wconf 80' lang='lat' dir='ltr'><strong>Christum</strong></span> <span class='ocrx_word' id='word_1_693' title='bbox 3357 4952 3602 4992; x_wconf 88' lang='lat' dir='ltr'><strong>amorem</strong></span> <span class='ocrx_word' id='word_1_694' title='bbox 3632 4950 3773 5004; x_wconf 76' lang='lat' dir='ltr'><strong>pra:-</strong></span> 
     </span>
    </p>
   </div>
   <div class='ocr_carea' id='block_1_102' title="bbox 2198 5032 3776 5114">
    <p class='ocr_par' dir='ltr' id='par_1_102' title="bbox 2198 5032 3776 5114">
     <span class='ocr_line' id='line_1_102' title="bbox 2198 5032 3776 5114; baseline -0.018 -10"><span class='ocrx_word' id='word_1_695' title='bbox 2198 5045 2515 5106; x_wconf 84' lang='lat' dir='ltr'><strong>tereamus?</strong></span> <span class='ocrx_word' id='word_1_696' title='bbox 2557 5043 2651 5114; x_wconf 89' lang='lat' dir='ltr'><strong>qui</strong></span> <span class='ocrx_word' id='word_1_697' title='bbox 2696 5039 2987 5108; x_wconf 65' lang='lat' dir='ltr'><strong>Ethiopes</strong></span> <span class='ocrx_word' id='word_1_698' title='bbox 3030 5045 3085 5092; x_wconf 85' lang='lat' dir='ltr'><strong>et</strong></span> <span class='ocrx_word' id='word_1_699' title='bbox 3128 5035 3293 5090; x_wconf 86' lang='lat' dir='ltr'><strong>Indos</strong></span> <span class='ocrx_word' id='word_1_700' title='bbox 3322 5032 3555 5087; x_wconf 86' lang='lat' dir='ltr'><strong>sortitus</strong></span> <span class='ocrx_word' id='word_1_701' title='bbox 3581 5044 3610 5081; x_wconf 91' lang='lat' dir='ltr'><strong>a</strong></span> <span class='ocrx_word' id='word_1_702' title='bbox 3645 5042 3776 5096; x_wconf 88' lang='lat' dir='ltr'><strong>pro-</strong></span> 
     </span>
    </p>
   </div>
   <div class='ocr_carea' id='block_1_103' title="bbox 2197 5121 3778 5196">
    <p class='ocr_par' dir='ltr' id='par_1_103' title="bbox 2197 5121 3778 5196">
     <span class='ocr_line' id='line_1_103' title="bbox 2197 5121 3778 5196; baseline -0.015 0"><span class='ocrx_word' id='word_1_703' title='bbox 2197 5141 2434 5195; x_wconf 84' lang='lat' dir='ltr'><strong>fectione</strong></span> <span class='ocrx_word' id='word_1_704' title='bbox 2455 5152 2518 5192; x_wconf 89' lang='lat' dir='ltr'><strong>ea</strong></span> <span class='ocrx_word' id='word_1_705' title='bbox 2554 5135 2885 5196; x_wconf 87' lang='lat' dir='ltr'><strong>abhorrens,</strong></span> <span class='ocrx_word' id='word_1_706' title='bbox 2916 5145 3037 5185; x_wconf 89' lang='lat' dir='ltr'><strong>sese</strong></span> <span class='ocrx_word' id='word_1_707' title='bbox 3063 5126 3414 5185; x_wconf 85' lang='lat' dir='ltr'><strong>subducebat</strong></span> <span class='ocrx_word' id='word_1_708' title='bbox 3438 5140 3452 5177; x_wconf 88' lang='lat'><strong>:</strong></span> <span class='ocrx_word' id='word_1_709' title='bbox 3480 5121 3778 5190; x_wconf 68' lang='lat' dir='ltr'><strong>nigmsque</strong></span> 
     </span>
    </p>
   </div>
   <div class='ocr_carea' id='block_1_104' title="bbox 2195 5220 3780 5295">
    <p class='ocr_par' dir='ltr' id='par_1_104' title="bbox 2195 5220 3780 5295">
     <span class='ocr_line' id='line_1_104' title="bbox 2195 5220 3780 5295; baseline -0.016 -6"><span class='ocrx_word' id='word_1_710' title='bbox 2195 5243 2253 5289; x_wconf 90' lang='lat' dir='ltr'><strong>et</strong></span> <span class='ocrx_word' id='word_1_711' title='bbox 2286 5231 2563 5288; x_wconf 89' lang='lat' dir='ltr'><strong>deformes</strong></span> <span class='ocrx_word' id='word_1_712' title='bbox 2598 5243 2790 5283; x_wconf 88' lang='lat' dir='ltr'><strong>earum</strong></span> <span class='ocrx_word' id='word_1_713' title='bbox 2844 5224 3091 5295; x_wconf 76' lang='lat' dir='ltr'><strong>gentium</strong></span> <span class='ocrx_word' id='word_1_714' title='bbox 3142 5220 3347 5281; x_wconf 89' lang='lat' dir='ltr'><strong>vultus,</strong></span> <span class='ocrx_word' id='word_1_715' title='bbox 3404 5224 3780 5285; x_wconf 67' lang='lat' dir='ltr'><strong>praetereaque</strong></span> 
     </span>
    </p>
   </div>
   <div class='ocr_carea' id='block_1_105' title="bbox 2199 5315 3783 5394">
    <p class='ocr_par' dir='ltr' id='par_1_105' title="bbox 2199 5315 3783 5394">
     <span class='ocr_line' id='line_1_105' title="bbox 2199 5315 3783 5394; baseline -0.018 -15"><span class='ocrx_word' id='word_1_716' title='bbox 2199 5323 2531 5394; x_wconf 82' lang='lat' dir='ltr'><strong>caliginosas</strong></span> <span class='ocrx_word' id='word_1_717' title='bbox 2561 5329 2726 5389; x_wconf 86' lang='lat' dir='ltr'><strong>atque</strong></span> <span class='ocrx_word' id='word_1_718' title='bbox 2759 5315 3144 5373; x_wconf 83' lang='lat' dir='ltr'><strong>intractabiles</strong></span> <span class='ocrx_word' id='word_1_719' title='bbox 3162 5325 3357 5369; x_wconf 89' lang='lat' dir='ltr'><strong>earum</strong></span> <span class='ocrx_word' id='word_1_720' title='bbox 3386 5315 3597 5361; x_wconf 87' lang='lat' dir='ltr'><strong>mentes</strong></span> <span class='ocrx_word' id='word_1_721' title='bbox 3622 5318 3783 5358; x_wconf 57' lang='lat' dir='ltr'><strong>aven.</strong></span> 
     </span>
    </p>
   </div>
   <div class='ocr_carea' id='block_1_106' title="bbox 2202 5398 3785 5483">
    <p class='ocr_par' dir='ltr' id='par_1_106' title="bbox 2202 5398 3785 5483">
     <span class='ocr_line' id='line_1_106' title="bbox 2202 5398 3785 5483; baseline -0.015 -10"><span class='ocrx_word' id='word_1_722' title='bbox 2202 5434 2358 5483; x_wconf 85' lang='lat' dir='ltr'><strong>saus,</strong></span> <span class='ocrx_word' id='word_1_723' title='bbox 2388 5419 2493 5472; x_wconf 89' lang='lat' dir='ltr'><strong>iter</strong></span> <span class='ocrx_word' id='word_1_724' title='bbox 2519 5415 2584 5471; x_wconf 88' lang='lat' dir='ltr'><strong>ad</strong></span> <span class='ocrx_word' id='word_1_725' title='bbox 2637 5428 2734 5469; x_wconf 87' lang='lat' dir='ltr'><strong>eos</strong></span> <span class='ocrx_word' id='word_1_726' title='bbox 2778 5427 2939 5468; x_wconf 88' lang='lat' dir='ltr'><strong>suum</strong></span> <span class='ocrx_word' id='word_1_727' title='bbox 2993 5406 3306 5471; x_wconf 72' lang='lat' dir='ltr'><strong>differebat.</strong></span> <span class='ocrx_word' id='word_1_728' title='bbox 3363 5404 3566 5472; x_wconf 80' lang='lat' dir='ltr'><strong>Aperte</strong></span> <span class='ocrx_word' id='word_1_729' title='bbox 3616 5398 3785 5468; x_wconf 76' lang='lat' dir='ltr'><strong>igitur</strong></span> 
     </span>
    </p>
   </div>
   <div class='ocr_carea' id='block_1_107' title="bbox 2204 5488 3783 5575">
    <p class='ocr_par' dir='ltr' id='par_1_107' title="bbox 2204 5488 3783 5575">
     <span class='ocr_line' id='line_1_107' title="bbox 2204 5488 3783 5575; baseline -0.016 -10"><span class='ocrx_word' id='word_1_730' title='bbox 2204 5521 2259 5565; x_wconf 90' lang='lat' dir='ltr'><strong>et</strong></span> <span class='ocrx_word' id='word_1_731' title='bbox 2292 5509 2441 5564; x_wconf 70' lang='lat' dir='ltr'><strong>clare</strong></span> <span class='ocrx_word' id='word_1_732' title='bbox 2472 5508 2548 5572; x_wconf 92' lang='lat' dir='ltr'><strong>ei,</strong></span> <span class='ocrx_word' id='word_1_733' title='bbox 2595 5506 2642 5561; x_wconf 90' lang='lat' dir='ltr'><strong>is</strong></span> <span class='ocrx_word' id='word_1_734' title='bbox 2690 5505 2784 5575; x_wconf 91' lang='lat' dir='ltr'><strong>qui</strong></span> <span class='ocrx_word' id='word_1_735' title='bbox 2845 5503 3022 5557; x_wconf 85' lang='lat' dir='ltr'><strong>forma</strong></span> <span class='ocrx_word' id='word_1_736' title='bbox 3073 5497 3360 5570; x_wconf 86' lang='lat' dir='ltr'><strong>speciosus</strong></span> <span class='ocrx_word' id='word_1_737' title='bbox 3410 5500 3516 5557; x_wconf 87' lang='lat' dir='ltr'><strong>est,</strong></span> <span class='ocrx_word' id='word_1_738' title='bbox 3551 5488 3783 5551; x_wconf 83' lang='lat' dir='ltr'><strong>assistit,</strong></span> 
     </span>
    </p>
   </div>
   <div class='ocr_carea' id='block_1_108' title="bbox 2201 5581 3788 5672">
    <p class='ocr_par' dir='ltr' id='par_1_108' title="bbox 2201 5581 3788 5672">
     <span class='ocr_line' id='line_1_108' title="bbox 2201 5581 3788 5672; baseline -0.015 -15"><span class='ocrx_word' id='word_1_739' title='bbox 2201 5616 2442 5672; x_wconf 89' lang='lat' dir='ltr'><strong>eumque</strong></span> <span class='ocrx_word' id='word_1_740' title='bbox 2471 5600 2539 5655; x_wconf 88' lang='lat' dir='ltr'><strong>ad</strong></span> <span class='ocrx_word' id='word_1_741' title='bbox 2572 5596 2943 5652; x_wconf 82' lang='lat' dir='ltr'><strong>ministerium</strong></span> <span class='ocrx_word' id='word_1_742' title='bbox 2970 5605 3131 5648; x_wconf 87' lang='lat' dir='ltr'><strong>suum</strong></span> <span class='ocrx_word' id='word_1_743' title='bbox 3157 5587 3555 5660; x_wconf 84' lang='lat' dir='ltr'><strong>capessendum</strong></span> <span class='ocrx_word' id='word_1_744' title='bbox 3583 5581 3788 5639; x_wconf 54' lang='lat' dir='ltr'><strong>cohors</strong></span> 
     </span>
    </p>
   </div>
   <div class='ocr_carea' id='block_1_109' title="bbox 2210 5681 3790 5752">
    <p class='ocr_par' dir='ltr' id='par_1_109' title="bbox 2210 5681 3790 5752">
     <span class='ocr_line' id='line_1_109' title="bbox 2210 5681 3790 5752; baseline -0.012 -2"><span class='ocrx_word' id='word_1_745' title='bbox 2210 5703 2375 5752; x_wconf 88' lang='lat' dir='ltr'><strong>tatur.</strong></span> <span class='ocrx_word' id='word_1_746' title='bbox 2416 5693 2481 5748; x_wconf 87' lang='lat' dir='ltr'><strong>Et</strong></span> <span class='ocrx_word' id='word_1_747' title='bbox 2508 5700 2570 5748; x_wconf 93' lang='lat' dir='ltr'><strong>ut</strong></span> <span class='ocrx_word' id='word_1_748' title='bbox 2600 5698 2819 5746; x_wconf 90' lang='lat' dir='ltr'><strong>certum</strong></span> <span class='ocrx_word' id='word_1_749' title='bbox 2847 5698 3219 5749; x_wconf 84' lang='lat' dir='ltr'><strong>securumque</strong></span> <span class='ocrx_word' id='word_1_750' title='bbox 3248 5681 3528 5745; x_wconf 86' lang='lat' dir='ltr'><strong>redderet,</strong></span> <span class='ocrx_word' id='word_1_751' title='bbox 3554 5692 3681 5733; x_wconf 92' lang='lat' dir='ltr'><strong>cum</strong></span> <span class='ocrx_word' id='word_1_752' title='bbox 3718 5691 3790 5731; x_wconf 83' lang='lat' dir='ltr'><strong>eo</strong></span> 
     </span>
    </p>
   </div>
   <div class='ocr_carea' id='block_1_110' title="bbox 2208 5771 3786 5859">
    <p class='ocr_par' dir='ltr' id='par_1_110' title="bbox 2208 5771 3786 5859">
     <span class='ocr_line' id='line_1_110' title="bbox 2208 5771 3786 5859; baseline -0.016 -13"><span class='ocrx_word' id='word_1_753' title='bbox 2208 5807 2265 5846; x_wconf 90' lang='lat' dir='ltr'><strong>se</strong></span> <span class='ocrx_word' id='word_1_754' title='bbox 2294 5803 2391 5859; x_wconf 90' lang='lat' dir='ltr'><strong>per</strong></span> <span class='ocrx_word' id='word_1_755' title='bbox 2412 5786 2579 5840; x_wconf 86' lang='lat' dir='ltr'><strong>vitam</strong></span> <span class='ocrx_word' id='word_1_756' title='bbox 2611 5797 2832 5839; x_wconf 82' lang='lat' dir='ltr'><strong>omnem</strong></span> <span class='ocrx_word' id='word_1_757' title='bbox 2862 5781 3137 5843; x_wconf 90' lang='lat' dir='ltr'><strong>futurum,</strong></span> <span class='ocrx_word' id='word_1_758' title='bbox 3165 5774 3548 5844; x_wconf 74' lang='lat' dir='ltr'><strong>auxiliumque</strong></span> <span class='ocrx_word' id='word_1_759' title='bbox 3583 5771 3636 5825; x_wconf 92' lang='lat' dir='ltr'><strong>in</strong></span> <span class='ocrx_word' id='word_1_760' title='bbox 3670 5784 3786 5823; x_wconf 86' lang='lat' dir='ltr'><strong>cer-.</strong></span> 
     </span>
    </p>
   </div>
   <div class='ocr_carea' id='block_1_111' title="bbox 2212 5865 3785 5951">
    <p class='ocr_par' dir='ltr' id='par_1_111' title="bbox 2212 5865 3785 5951">
     <span class='ocr_line' id='line_1_111' title="bbox 2212 5865 3785 5951; baseline -0.015 -11"><span class='ocrx_word' id='word_1_761' title='bbox 2212 5882 2778 5944; x_wconf 77' lang='lat' dir='ltr'><strong>taminibuslaturutn</strong></span> <span class='ocrx_word' id='word_1_762' title='bbox 2819 5873 3128 5951; x_wconf 79' lang='lat' dir='ltr'><strong>pollicetur.</strong></span> <span class='ocrx_word' id='word_1_763' title='bbox 3186 5869 3329 5950; x_wconf 83' lang='lat' dir='ltr'><strong>Quin</strong></span> <span class='ocrx_word' id='word_1_764' title='bbox 3365 5868 3531 5924; x_wconf 69' lang='lat' dir='ltr'><strong>etiam</strong></span> <span class='ocrx_word' id='word_1_765' title='bbox 3564 5865 3785 5930; x_wconf 78' lang='lat' dir='ltr'><strong>cuidam</strong></span> 
     </span>
    </p>
   </div>
   <div class='ocr_carea' id='block_1_112' title="bbox 512 5422 2098 5499">
    <p class='ocr_par' dir='ltr' id='par_1_112' title="bbox 512 5422 2098 5499">
     <span class='ocr_line' id='line_1_112' title="bbox 512 5422 2098 5499; baseline -0.008 -14"><span class='ocrx_word' id='word_1_766' title='bbox 512 5432 639 5496; x_wconf 73' lang='grc' dir='ltr'>τοὺς</span> <span class='ocrx_word' id='word_1_767' title='bbox 661 5429 850 5499; x_wconf 78' lang='grc' dir='ltr'>ἄφιξιν</span> <span class='ocrx_word' id='word_1_768' title='bbox 872 5427 1192 5489; x_wconf 80' lang='grc' dir='ltr'>ἀνεὸᾀλετο.</span> <span class='ocrx_word' id='word_1_769' title='bbox 1228 5424 1520 5494; x_wconf 81' lang='grc' dir='ltr'>Ἐμφανὼς</span> <span class='ocrx_word' id='word_1_770' title='bbox 1550 5423 1595 5476; x_wconf 80' lang='grc' dir='ltr'>δ’</span> <span class='ocrx_word' id='word_1_771' title='bbox 1630 5426 1656 5476; x_wconf 85' lang='grc' dir='ltr'><strong>ό</strong></span> <span class='ocrx_word' id='word_1_772' title='bbox 1679 5423 1868 5475; x_wconf 77' lang='grc' dir='ltr'>κάλλει</span> <span class='ocrx_word' id='word_1_773' title='bbox 1893 5422 2098 5491; x_wconf 83' lang='grc' dir='ltr'>ὡραῖος</span> 
     </span>
    </p>
   </div>
   <div class='ocr_carea' id='block_1_113' title="bbox 513 5510 2098 5595">
    <p class='ocr_par' dir='ltr' id='par_1_113' title="bbox 513 5510 2098 5595">
     <span class='ocr_line' id='line_1_113' title="bbox 513 5510 2098 5595; baseline -0.009 -16"><span class='ocrx_word' id='word_1_774' title='bbox 513 5524 666 5595; x_wconf 82' lang='grc' dir='ltr'>αὐτῷ</span> <span class='ocrx_word' id='word_1_775' title='bbox 697 5521 1008 5589; x_wconf 77' lang='grc' dir='ltr'>παραστὰς,</span> <span class='ocrx_word' id='word_1_776' title='bbox 1032 5510 1334 5591; x_wconf 76' lang='grc' dir='ltr'>ἀνηρέθιζε</span> <span class='ocrx_word' id='word_1_777' title='bbox 1361 5519 1460 5587; x_wconf 83' lang='grc' dir='ltr'>τῆς</span> <span class='ocrx_word' id='word_1_778' title='bbox 1485 5515 1763 5577; x_wconf 87' lang='grc' dir='ltr'>διακονίας</span> <span class='ocrx_word' id='word_1_779' title='bbox 1796 5517 2098 5568; x_wconf 84' lang='grc' dir='ltr'>ἀντιποιεῖ-</span> 
     </span>
    </p>
   </div>
   <div class='ocr_carea' id='block_1_114' title="bbox 517 5605 2099 5684">
    <p class='ocr_par' dir='ltr' id='par_1_114' title="bbox 517 5605 2099 5684">
     <span class='ocr_line' id='line_1_114' title="bbox 517 5605 2099 5684; baseline -0.008 -13"><span class='ocrx_word' id='word_1_780' title='bbox 517 5618 643 5671; x_wconf 88' lang='grc' dir='ltr'>σθαι</span> <span class='ocrx_word' id='word_1_781' title='bbox 662 5634 675 5646; x_wconf 89' lang='grc'><strong>·</strong></span> <span class='ocrx_word' id='word_1_782' title='bbox 709 5617 805 5681; x_wconf 80' lang='grc' dir='ltr'><strong>καί</strong></span> <span class='ocrx_word' id='word_1_783' title='bbox 834 5632 897 5684; x_wconf 83' lang='grc' dir='ltr'>γε</span> <span class='ocrx_word' id='word_1_784' title='bbox 931 5616 1208 5684; x_wconf 70' lang='grc' dir='ltr'>τάσφαλὲς</span> <span class='ocrx_word' id='word_1_785' title='bbox 1237 5609 1599 5682; x_wconf 82' lang='grc' dir='ltr'>πρυτανεύων</span> <span class='ocrx_word' id='word_1_786' title='bbox 1626 5605 1694 5679; x_wconf 80' lang='grc' dir='ltr'>ἦν</span> <span class='ocrx_word' id='word_1_787' title='bbox 1715 5625 1726 5637; x_wconf 90' lang='grc'>·</span> <span class='ocrx_word' id='word_1_788' title='bbox 1765 5608 2005 5666; x_wconf 79' lang='grc' dir='ltr'>συνεῖναί</span> <span class='ocrx_word' id='word_1_789' title='bbox 2039 5623 2099 5659; x_wconf 87' lang='grc' dir='ltr'><strong>τε</strong></span> 
     </span>
    </p>
   </div>
   <div class='ocr_carea' id='block_1_115' title="bbox 512 5701 2098 5781">
    <p class='ocr_par' dir='ltr' id='par_1_115' title="bbox 512 5701 2098 5781">
     <span class='ocr_line' id='line_1_115' title="bbox 512 5701 2098 5781; baseline -0.008 -17"><span class='ocrx_word' id='word_1_790' title='bbox 512 5708 665 5781; x_wconf 75' lang='grc' dir='ltr'><strong>αὐτῷ</strong></span> <span class='ocrx_word' id='word_1_791' title='bbox 688 5710 776 5763; x_wconf 67' lang='grc' dir='ltr'>διὰ</span> <span class='ocrx_word' id='word_1_792' title='bbox 804 5708 922 5778; x_wconf 79' lang='grc' dir='ltr'>βίον</span> <span class='ocrx_word' id='word_1_793' title='bbox 955 5709 1050 5771; x_wconf 70' lang='grc' dir='ltr'><strong>καὶ</strong></span> <span class='ocrx_word' id='word_1_794' title='bbox 1079 5705 1174 5770; x_wconf 68' lang='grc' dir='ltr'>τοῦ</span> <span class='ocrx_word' id='word_1_795' title='bbox 1205 5704 1372 5760; x_wconf 86' lang='grc' dir='ltr'>ἄθλου</span> <span class='ocrx_word' id='word_1_796' title='bbox 1399 5703 1750 5773; x_wconf 86' lang='grc' dir='ltr'>συναίρεσθαι</span> <span class='ocrx_word' id='word_1_797' title='bbox 1774 5717 1788 5732; x_wconf 77' lang='grc' dir='ltr'><strong><em>ο</em></strong></span> <span class='ocrx_word' id='word_1_798' title='bbox 1818 5701 2012 5769; x_wconf 87' lang='grc' dir='ltr'>ἀμέλει</span> <span class='ocrx_word' id='word_1_799' title='bbox 2045 5716 2098 5753; x_wconf 83' lang='grc' dir='ltr'><strong>τι</strong></span> 
     </span>
    </p>
   </div>
   <div class='ocr_carea' id='block_1_116' title="bbox 521 5794 2101 5869">
    <p class='ocr_par' dir='ltr' id='par_1_116' title="bbox 521 5794 2101 5869">
     <span class='ocr_line' id='line_1_116' title="bbox 521 5794 2101 5869; baseline -0.009 -10"><span class='ocrx_word' id='word_1_800' title='bbox 521 5806 616 5859; x_wconf 89' lang='grc' dir='ltr'><strong>καί</strong></span> <span class='ocrx_word' id='word_1_801' title='bbox 649 5823 754 5858; x_wconf 89' lang='grc' dir='ltr'>τινι</span> <span class='ocrx_word' id='word_1_802' title='bbox 784 5805 895 5861; x_wconf 84' lang='grc' dir='ltr'>τῶν</span> <span class='ocrx_word' id='word_1_803' title='bbox 926 5801 1225 5866; x_wconf 75' lang='grc' dir='ltr'>Αἰθιόπων,</span> <span class='ocrx_word' id='word_1_804' title='bbox 1282 5794 1364 5864; x_wconf 77' lang='grc' dir='ltr'>οἷς</span> <span class='ocrx_word' id='word_1_805' title='bbox 1420 5798 1731 5869; x_wconf 83' lang='grc' dir='ltr'>ἐμπορικὸς</span> <span class='ocrx_word' id='word_1_806' title='bbox 1790 5796 1886 5850; x_wconf 79' lang='grc' dir='ltr'><strong>καὶ</strong></span> <span class='ocrx_word' id='word_1_807' title='bbox 1917 5796 2101 5867; x_wconf 79' lang='grc' dir='ltr'>ἥττων</span> 
     </span>
    </p>
   </div>
   <div class='ocr_carea' id='block_1_117' title="bbox 520 5888 2094 5969">
    <p class='ocr_par' dir='ltr' id='par_1_117' title="bbox 520 5888 2094 5969">
     <span class='ocr_line' id='line_1_117' title="bbox 520 5888 2094 5969; baseline -0.004 -19"><span class='ocrx_word' id='word_1_808' title='bbox 520 5899 748 5968; x_wconf 77' lang='grc' dir='ltr'>κέρδους</span> <span class='ocrx_word' id='word_1_809' title='bbox 779 5898 806 5951; x_wconf 80' lang='grc' dir='ltr'>ὁ</span> <span class='ocrx_word' id='word_1_810' title='bbox 837 5896 972 5969; x_wconf 79' lang='grc' dir='ltr'>βίος,</span> <span class='ocrx_word' id='word_1_811' title='bbox 1004 5895 1192 5951; x_wconf 76' lang='grc' dir='ltr'>τοῦτον</span> <span class='ocrx_word' id='word_1_812' title='bbox 1221 5892 1660 5953; x_wconf 65' lang='grc' dir='ltr'><strong>⁵διειπιποςὶσκει.</strong></span> <span class='ocrx_word' id='word_1_813' title='bbox 1711 5892 1818 5953; x_wconf 68' lang='grc' dir='ltr'>Καὶ</span> <span class='ocrx_word' id='word_1_814' title='bbox 1844 5888 1987 5944; x_wconf 68' lang='grc' dir='ltr'>οὕτω</span> <span class='ocrx_word' id='word_1_815' title='bbox 2033 5890 2094 5944; x_wconf 67' lang='grc' dir='ltr'>δὴ</span> 
     </span>
    </p>
   </div>
  </div>
