4046 6434
301 314 406 378 837

1544 316 1967 381 NICEPHORl
2010 320 2094 383 Cl
2109 320 2357 397 LLISTI

3480 333 3599 401 $68.

304 446 599 495 accensus,
636 433 879 504 graviter
909 434 962 489 id
995 433 1164 499 ferre,
1217 447 1555 502 manumque
1592 432 1882 486 militarem

1996 435 2121 489 τιάν
2156 436 2420 505 πέμπων,
2449 435 2741 492 συλλαϐεῖν
2767 439 3055 510 ἐπειρᾶτο.
3101 440 3188 507 Ὠς
3212 443 3270 497 δὲ
3303 442 3587 513 ἀδυνάτως

303 522 371 578 ad
409 538 538 578 cum
567 526 1161 596 comprehendendum
1198 528 1441 581 mittere.
1484 524 1619 591 Qua:
1663 540 1792 577 cum
1830 540 1897 576 re

307 612 514 668 infecta
582 614 835 681 rediret,
899 614 1135 684 ipsemet
1202 615 1631 684 quamplurimis
1702 629 1889 668 secum

309 707 506 772 ductis,
535 716 728 762 contra
761 709 1075 778 apostolum
1115 709 1151 762 it
1180 724 1195 773 ;
1243 718 1409 777 atque
1463 707 1609 761 inter
1641 706 1888 760 eundum

303 798 458 866 plaga
521 798 790 857 invisibili
852 799 1022 865 ictus,
1070 801 1248 857 visum
1290 799 1516 853 alllillil.
1568 798 1649 853 lbi
1702 798 1892 852 multis

302 890 564 956 precibus
595 892 847 959 apostolo
882 902 1135 956 exorato,
1180 892 1473 946 oculorum
1508 890 1730 960 quidem
1776 892 1888 944 vim

304 982 593 1050 pristinam
634 982 851 1053 recipit,
903 999 1000 1038 cor
1033 993 1217 1038 autem
1246 987 1368 1052 ejus
1414 983 1735 1036 induratum
1785 998 1890 1037 ese-

300 1089 541 1142 cumque
566 1085 882 1143 permanet.
910 1075 1074 1131 Nulla
1141 1075 1288 1129 enim
1341 1075 1667 1145 interposita
1713 1089 1889 1139 mora,

299 1166 611 1232 apostolum
637 1167 808 1221 clavis
828 1167 1007 1237 longis
1034 1178 1195 1222 terra;
1226 1167 1364 1237 affigi
1388 1168 1567 1238 jubet,
1593 1167 1812 1237 picique
1834 1176 1892 1222 et

300 1254 563 1312 bitumini
615 1258 857 1313 ministri
924 1262 1046 1331 ejus
1082 1260 1254 1314 multa
1302 1260 1890 1329 superaccumulantes

299 1362 604 1412 sarmenta.
637 1354 1046 1424 materiamque
1090 1355 1254 1409 aliam
1293 1354 1454 1409 facile
1480 1352 1660 1423 ignem
1711 1354 1890 1407 corri-

301 1442 539 1512 pientem
577 1445 918 1516 injicieutes,
961 1447 1031 1501 ab
1063 1447 1326 1502 inferiore
1354 1457 1508 1517 parte
1542 1461 1664 1500 eam
1693 1460 1892 1501 accen—

295 1535 458 1591 dunt.
490 1535 696 1590 Verum
721 1552 785 1590 ea
817 1553 906 1591 res
930 1548 1130 1606 praeter
1158 1553 1313 1607 Spem
1340 1548 1397 1593 et
1417 1540 1890 1608 exspectationem

299 1628 353 1681 in
407 1629 547 1682 roris
600 1628 789 1684 evadit
839 1630 1221 1701 refrigerium.
1263 1630 1421 1697 Quod
1456 1630 1550 1685 ubi
1590 1630 1890 1686 multitudo

298 1718 456 1778 vidit.
512 1719 754 1776 Matthaei
804 1722 920 1777 Deo
979 1730 1330 1793 aggregatur.
1396 1723 1664 1794 Princeps
1702 1732 1888 1779 autem

296 1813 557 1867 «diverso
588 1813 901 1884 praestigias
929 1829 1075 1877 esse,
1100 1830 1225 1884 quae
1247 1814 1501 1886 apostolo
1531 1793 1881 1881 accidebant,
1923 1793 1964 1850 θ

295 1907 551 1970 credens,
579 1918 637 1961 et
675 1907 759 1962 ira
796 1908 1197 1975 exardescens,
1231 1924 1373 1979 quos
1421 1924 1491 1964 ex
1542 1920 1778 1981 argento
1829 1918 1886 1965 et

295 2018 435 2056 auro
497 2002 741 2058 habebat
810 2002 1059 2059 factitios
1117 2003 1255 2060 deos
1311 2004 1635 2074 (duodecim
1695 2015 1881 2061 autem

292 2096 476 2166 erant)
513 2095 698 2151 ell‘erri
718 2096 877 2167 jubet
908 2112 924 2149 :
961 2096 1155 2167 eisque
1180 2097 1393 2152 circum
1418 2096 1659 2153 Mattbzei
1692 2113 1884 2169 pyram

293 2189 608 2257 dispositis,
650 2199 711 2245 ut
769 2190 1030 2244 videlicet
1050 2204 1248 2244 eorum
1297 2204 1403 2261 ope
1436 2190 1591 2261 ignis
1635 2190 1883 2246 omeium

293 2295 461 2334 suum
520 2281 748 2345 faceret,
802 2281 1101 2337 incendere
1143 2283 1294 2337 illam
1347 2284 1619 2352 praecipit.
1659 2284 1739 2338 lla
1769 2299 1886 2341 sar-

296 2383 481 2427 menta
544 2373 770 2443 quidem
830 2374 1107 2429 flammam
1162 2375 1497 2445 corripiunt,
1567 2374 1885 2430 incendmm

297 2479 485 2521 autem
538 2467 810 2522 adversus
863 2468 1001 2523 deos
1058 2469 1424 2533 convertitur,
1475 2483 1684 2538 eosque
1733 2483 1885 2523 com-

296 2561 498 2615 minuit
554 2555 894 2617 dillluentes.
961 2560 1119 2618 Umle
1185 2561 1545 2616 simulacrum
1621 2573 1882 2630 tanquam

292 2655 565 2723 serpentis
597 2654 847 2709 ardentis
904 2654 1250 2725 prosilitzet
1305 2671 1335 2709 a
1399 2666 1553 2726 tergo
1611 2655 1884 2725 principis

295 2764 622 2819 prorepens,
659 2764 787 2804 cum
845 2751 1057 2820 ingenti
1117 2749 1285 2807 sibilo
1333 2765 1462 2805 eum
1503 2750 1881 2819 persequitur,

293 2843 368 2897 ita
404 2852 462 2896 ut
500 2858 612 2898 non
664 2843 826 2898 facile
865 2844 943 2897 illi
980 2852 1132 2900 esset
1178 2844 1232 2898 in
1277 2844 1485 2914 regiam
1536 2858 1694 2898 suam
1742 2859 1883 2898 con-

294 2939 508 3009 fugere.
534 2937 891 3009 Quapropter
923 2937 1237 3009 desperatis
1270 2938 1440 2992 rebus
1470 2937 1759 3003 omnibus,
1793 2938 1883 2993 ille

293 3030 481 3085 denuo
532 3029 601 3084 ad
642 3029 954 3100 apostolum
996 3031 1365 3092 convertitur,
1412 3044 1651 3100 eumque
1704 3040 1765 3084 ut
1811 3029 1882 3084 ab

1997 523 2165 597 εἶχον,
2199 527 2365 590 αὐτὸς
2399 529 2481 582 ὅτι
2524 529 2815 596 πλείστους
2851 532 3344 604 περιϐαλλόμενος,
3369 536 3581 594 ἀπεισιο

1997 624 2090 676 καὶ
2125 623 2348 694 ἀοράτῳ
2378 624 2610 695 μάστιγι
2636 626 2736 690 τάς
2759 627 2916 696 ὄψεις
2954 631 3277 701 πεπήρωτα
3321 634 3502 689 Πολλὰ
3526 634 3585 692 at

1992 715 2091 767 τοῦ
2147 717 2454 771 ἀποστόλου
2509 720 2894 789 καταδεηθεὶς,
2954 724 3073 776 ἰᾶτο
3131 725 3227 794 μὲν
3261 726 3363 791 τάς
3391 726 3581 797 ὄψεις·

1993 808 2095 875 τὴν
2121 807 2177 860 δὲ
2211 808 2442 878 καρδίαν
2485 809 2566 862 ἔτι
2599 811 2774 881 πηρός
2808 808 2902 883 ἢν.
2929 813 3040 868 Καὶ
3070 817 3273 886 μικρὸν
3306 818 3434 874 ὅσον
3478 837 3582 874 κα-

1994 901 2152 963 θηὶοί
2185 899 2284 968 μὲν
2322 899 2416 953 τὸν
2449 902 2757 956 ἀπόστολον
2786 905 2939 973 ἥλοις
2986 910 3225 976 μακροῖς
3272 911 3415 965 κατὰ
3438 913 3578 981 γῆν·

1995 994 2168 1063 πίσσῃ
2196 993 2252 1046 δὲ
2292 996 2388 1048 καὶ
2419 994 2684 1066 ἀσφάλτῳ
2737 998 2833 1049 καὶ
2880 998 3084 1071 πολλὴν
3143 1003 3581 1075 ἐπιφορήσαντες

1994 1086 2337 1155 κληματίδα,
2371 1088 2467 1142 καὶ
2503 1087 2636 1159 ὓλην
2670 1089 2840 1160 ἀλλην
2882 1093 3020 1161 πυρὶ
3073 1093 3240 1165 φίλην
3295 1096 3588 1151 ἐπιϐαλόν-

1991 1195 2105 1244 τις,
2141 1177 2254 1248 πῦρ
2278 1180 2528 1234 κάτωθεν
2560 1183 2905 1248 ὐπανῆπτον.
2937 1185 3013 1239 Τὸ
3043 1185 3101 1239 δὲ
3129 1188 3282 1258 παρὰ
3315 1190 3473 1255 δόξαν
3503 1192 3585 1255 εἰς

1992 1269 2187 1340 δρόσον
2216 1288 2344 1341 μετε
2356 1274 2674 1336 σκευάζετο.
2724 1275 2893 1329 Ταῦτ’
2921 1277 3125 1341 ἰδόντες
3154 1279 3216 1333 τὸ
3246 1279 3476 1350 πλῆθος,
3503 1284 3581 1354 τῷ

1993 1363 2282 1419 Μιτθαίου
2319 1364 2441 1435 Θεῷ
2484 1365 2894 1436 προσετίθεντο.
2937 1370 2997 1423 '0
3036 1369 3081 1422 δ’
3110 1370 3182 1425 αὖ
3231 1389 3295 1441 γε
3340 1378 3581 1445 κρατῶν,

1993 1459 2252 1529 γοητείαν
2285 1455 2426 1512 εἰναι
2469 1459 2538 1512 τά
2570 1458 2649 1530 τῷ
2679 1460 2970 1533 ἀποστόλῳ
3004 1464 3304 1537 τελούμενα
3349 1471 3586 1541 οἰηθεὶς,

1993 1552 2091 1605 καὶ
2136 1550 2215 1621 τῷ
2247 1551 2406 1623 θυμῷ
2437 1551 2745 1624 περιοργὴς
2773 1554 3038 1624 γεγονὼς,
3078 1558 3207 1622 τοὺς
3250 1559 3308 1627 ἐξ
3338 1561 3584 1636 ἀργύρου

1993 1646 2091 1699 καὶ
2120 1644 2333 1717 χρυσοῦ
2381 1645 2796 1716 πεποιημένους
2843 1648 2998 1720 αὐτῷ
3047 1649 3228 1718 θεοὺς,
3286 1652 3496 1709 δώδεκα
3537 1657 3583 1710 δ’

1992 1735 2159 1812 ἦσαν,
2196 1739 2510 1809 ὲξενεγκεῖν
2543 1741 2788 1806 ἐκέλευε,
2838 1742 3165 1815 περικύκλῳ
3211 1735 3271 1800 τὲ
3311 1748 3409 1818 τῆς
3440 1754 3581 1805 κατὰ

1989 1833 2087 1889 τοῦ
2121 1832 2399 1888 Ματθαίου
2429 1836 2713 1903 πυρκαϊᾶς
2744 1835 3078 1907 στήσαντας,
3112 1837 3210 1910 τὴν
3271 1839 3407 1910 ὓλην
3449 1843 3580 1899 ἀνά-

1990 1940 2173 1988 πτειν,
2211 1924 2285 1988 ὡς
2322 1926 2387 1979 ἀν
2434 1941 2499 1995 γε
2531 1927 2597 1996 τῇ
2631 1925 2813 1978 αὐτῶν
2856 1928 3051 2000 ἀρωγῇ
3098 1931 3167 1984 τὰ
3196 1932 3375 1988 οίκεῖα
3404 1934 3578 2009 δράσῃ

1989 2016 2051 2071 τὸ
2081 2018 2217 2088 πῦρ.
2248 2018 2469 2070 Τούτων
2504 2017 2562 2071 δὲ
2603 2019 2940 2088 γενομένων,
2980 2021 3224 2091 ἀνῆπτον
3266 2028 3368 2094 τὴν
3416 2025 3570 2096 ὕλην.

1988 2110 2063 2163 Τὸ
2095 2110 2152 2163 δὲ
2188 2109 2300 2181 πῦρ
2335 2110 2482 2164 κατὰ
2508 2112 2617 2165 τῶν
2651 2112 2793 2166 θεῶν
2843 2114 3047 2184 μᾶλλον
3075 2101 3295 2188 ἐχώρει,
3327 2120 3423 2173 καὶ
3451 2119 3573 2174 τού-

1988 2220 2117 2266 τους
2150 2202 2411 2257 ὲλέπτυνε
2441 2205 2694 2275 ῥέοντας.
2712 2205 3004 2277 Ὀμοίωμα
3026 2206 3072 2260 δ’
3097 2208 3307 2263 ἐκεῖθεν
3327 2209 3402 2275 ὡς
3430 2229 3580 2267 καιο-

1990 2294 2156 2364 μένου
2188 2292 2411 2364 ἐξέθορε
2462 2293 2789 2363 δράκοντος,
2828 2298 2925 2350 καὶ
2971 2298 3066 2352 τοῦ
3110 2297 3381 2370 βασιλέως
3419 2304 3583 2356 κατό-

1989 2386 2182 2440 πισθεν
2219 2381 2405 2459 εἷρπε,
2438 2389 2533 2440 καὶ
2570 2388 2826 2459 συρίττον
2867 2390 3011 2460 μέγα
3066 2368 3312 2445 ἐδίωκεν·
3348 2394 3423 2457 ὡς
3457 2399 3578 2463 μηδ’

1987 2480 2050 2531 ἐκ
2082 2478 2175 2531 τοῦ
2228 2479 2434 2550 ῥᾴστου
2485 2479 2681 2550 ἐκείνῳ
2717 2481 2920 2536 ἐνεῖναι
2954 2482 3062 2536 τῶν
3114 2483 3406 2554 βασιλείων
3445 2488 3579 2542 εῐσω

1987 2576 2209 2645 χωρεῖν.
2274 2572 2559 2627 ’Λπειπὼν
2611 2570 2728 2641 οὖν,
2786 2578 2881 2629 ἐπὶ
2916 2577 3008 2631 τὸν
3065 2579 3366 2635 ἀπόστολον
3424 2579 3579 2647 αὖθις

1988 2668 2221 2736 ἐγίνετο,
2273 2667 2369 2721 καὶ
2404 2669 2506 2739 τῆς
2552 2670 2731 2741 ὁρμῆς
2771 2670 2865 2723 τοῦ
2902 2671 3275 2742 καθέρποντος
3308 2676 3578 2746 ἡντι’.όλει

1990 2760 2282 2831 ῥυσοῆναι.
2332 2758 2392 2813 '0
2421 2760 2466 2814 δ’
2496 2761 2801 2826 ἀπόστολος
2845 2763 2946 2834 τῆς
2977 2763 3126 2836 ὧρας
3172 2767 3272 2840 ἤδη
3310 2773 3577 2837 ἐνστάσης

1986 2852 2126 2920 πρὸς
2168 2853 2261 2905 τὸν
2301 2853 2640 2923 ποθούμενον
2697 2855 3005 2911 διαϐαίνειν
3053 2860 3312 2931 Χριστὸν,
3359 2866 3579 2918 πάντων

1985 2942 2093 3009 ἔξω
2124 2942 2442 3012 γενόμενος,
2479 2946 2720 3017 ἐπετίμα
2772 2946 2875 3017 μὲν
2916 2948 2995 3019 τῷ
3040 2952 3212 3021 πυρὶ,
3249 2956 3345 3007 καὶ
3379 2956 3578 3010 αὐτίκα

1987 3037 2298 3091 ὲσόἐννυτυ
2330 3041 2425 3092 καὶ
2460 3039 2488 3091 ὁ
2527 3040 2747 3112 δράκων
2794 3042 2959 3106 εὐθὺς
2993 3044 3211 3112 ἀφανὴς
3248 3042 3336 3119 ἦν.
3385 3048 3578 3102 Ὑπει-

292 3126 502 3195 impetu
559 3122 963 3192 consequentis
1025 3136 1156 3177 eum
1227 3121 1509 3192 serpentis
1584 3123 1877 3189 liberetur,

1988 3129 2105 3184 πὼν
2132 3129 2189 3184 δὲ
2218 3131 2297 3201 τῷ
2332 3130 2559 3203 ἄρχοντι
2603 3134 2705 3186 ὅσα
2758 3135 2947 3204 ἐχρῆν,
2995 3138 3093 3191 καὶ
3132 3138 3345 3204 πάντας
3389 3142 3577 3213 εὐχαῖς

293 3217 573 3272 obsecrat.
596 3215 901 3287 Apostolus
927 3225 1138 3276 autem.
1156 3216 1306 3285 quod
1332 3215 1467 3270 hora
1503 3215 1613 3283 jam
1648 3215 1883 3271 iusraret

291 3325 399 3380 qua
433 3310 499 3363 ad
535 3310 914 3364 desideratum
944 3308 1050 3363 sibi
1070 3307 1358 3364 Christum
1394 3309 1680 3376 transiret,
1716 3310 1883 3365 rebus

290 3402 554 3455 oinnihus
580 3402 931 3472 postpositis,
972 3416 1155 3471 ignem
1193 3400 1447 3471 increpat
1480 3416 1493 3452 :
1521 3400 1685 3472 205
1714 3412 1882 3472 atque

291 3493 338 3548 is
368 3503 596 3564 repente
624 3493 1025 3563 exstinguitur,
1057 3500 1115 3547 et
1156 3505 1384 3561 serpens
1418 3491 1507 3546 ille
1573 3493 1878 3547 evanescit.

290 3588 531 3656 Principi
575 3600 761 3641 autem
806 3584 1091 3651 extremis,
1122 3599 1246 3655 quae
1277 3584 1546 3655 oportuit,
1603 3584 1882 3639 mandatis

291 3679 587 3749 expositis,
631 3679 1004 3750 omnibusque
1057 3677 1377 3748 precatione
1415 3676 1779 3742 conﬁrmatis,
1824 3677 1880 3731 in

289 3788 425 3845 pace
447 3774 655 3830 emittit
684 3774 966 3845 spiritum,
992 3781 1051 3828 et
1073 3773 1138 3827 ad
1159 3770 1442 3827 Christum
1468 3772 1684 3826 transit.
1710 3770 1881 3839 Cujus

292 3869 518 3938 quidem
550 3883 774 3924 sacrum
810 3881 1013 3936 corpus
1050 3867 1106 3919 in
1146 3880 1317 3920 aureo
1353 3865 1659 3935 repositum
1710 3864 1876 3928 lecto,

287 3962 710 4032 splendidisque
736 3960 1043 4015 involutum
1065 3959 1332 4025 vestibus,
1363 3959 1564 4028 palatio
1580 3956 1881 4011 Fulvianus

289 4056 475 4111 infert.
511 4055 683 4125 quue
717 4069 873 4108 arca:
912 4053 1126 4115 ferreae,
1158 4051 1388 4122 plumbo
1434 4052 1660 4121 insuper
1706 4050 1879 4121 probe

288 4145 650 4200 communita:
688 4143 990 4207 inclusum,
1043 4141 1339 4196 demittere
1395 4140 1450 4194 in
1499 4155 1651 4195 mare
1696 4139 1876 4209 jubet,

288 4243 395 4297 hoc
423 4242 505 4296 sic
549 4238 802 4312 cogitans
838 4252 853 4290 :
896 4236 952 4292 Si
984 4235 1053 4300 is,
1085 4236 1179 4305 qui
1215 4234 1354 4290 illud
1385 4235 1452 4288 ab
1491 4234 1616 4304 igne
1648 4248 1877 4290 conser-

288 4344 472 4389 vatum
508 4341 716 4388 tutatus
747 4338 917 4397 esset,
965 4330 1036 4385 ab
1065 4328 1232 4383 undis
1260 4342 1484 4398 quoque
1519 4337 1577 4382 ut
1610 4326 1665 4383 in
1697 4328 1875 4382 ferrea

288 4445 425 4483 urna
486 4428 730 4497 positum
791 4431 1205 4494 supernatarct,
1266 4420 1599 4489 vindicaret,
1656 4435 1716 4475 se
1769 4421 1876 4475 diis

1988 3222 2278 3294 στηρίξας,
2319 3224 2376 3276 ὲν
2409 3226 2607 3298 εἰρήνῃ
2647 3227 2799 3294 ἀφίει
2831 3226 2894 3278 τὸ
2933 3227 3176 3296 πνεῦμα,
3216 3233 3311 3284 καὶ
3338 3231 3575 3286 διέὁαινε

1985 3313 2123 3383 πρὸς
2152 3314 2410 3384 Χριστόν.
2443 3315 2517 3367 Τό
2548 3331 2611 3383 γε
2645 3318 2755 3386 μὴν
2795 3317 2943 3386 ἱερὸν
2978 3318 3083 3372 τοῦ
3100 3321 3402 3376 ἀποστόλου
3445 3325 3579 3393 σκῆ-

1986 3419 2077 3466 νος
2110 3404 2208 3455 ἐπὶ
2241 3403 2437 3473 κλίνης
2485 3404 2726 3475 χρυσέας
2756 3409 2814 3461 ἐν
2847 3408 3171 3478 διαφανέσιν
3198 3414 3508 3484 ὲσθήμασιν
3547 3419 3577 3470 ὁ

1984 3495 2318 3559 Φουλϐιανὸς
2342 3496 2555 3561 ἐπιθεὶς
2574 3500 2791 3570 εἰσάγει
2814 3501 2954 3572 πρὸς
2981 3503 3045 3556 τά
3069 3505 3370 3575 ἀνάκτορα.
3395 3507 3579 3562 Γλωσ-

1988 3584 2211 3656 σοκόμῳ
2238 3585 2296 3639 δὲ
2331 3587 2554 3658 σιδήρου
2589 3592 2950 3664 πεποιημένῳ
2981 3596 3077 3647 καὶ
3110 3596 3354 3667 μολίϐδῳ
3391 3600 3575 3669 ἀσφα-

1985 3677 2307 3749 λισάμενος,
2326 3684 2473 3736 κατά
2493 3681 2777 3755 θαλάσσης
2803 3686 3023 3753 ἀφεῖναι
3044 3691 3402 3758 προστάσσει,
3429 3693 3574 3747 τοῦτ’

1982 3773 2042 3826 ὲν
2082 3772 2158 3844 νῷ
2189 3773 2440 3843 θέμενος,
2475 3775 2551 3841 ὡς
2604 3777 2668 3833 Εἰ
2721 3781 2748 3832 ό
2800 3780 2896 3834 τοῦ
2946 3783 3121 3853 πυρὸς
3170 3786 3349 3839 ἐκεῖνο
3394 3786 3574 3854 δείξας

1984 3866 2316 3939 ὑπέρτερον,
2347 3871 2462 3938 εἰγε
2498 3872 2563 3942 δὴ
2593 3872 2693 3927 καὶ
2722 3875 2819 3930 τοῦ
2854 3874 3047 3944 ὕδατος
3068 3877 3429 3954 δια-νήξασθπι
3465 3884 3570 3940 ἀντὶ»

1984 3961 2212 4035 σιδηρέᾳ
2245 3964 2312 4035 τῇ
2349 3962 2587 4033 λάρνακι
2618 3970 2996 4040 κατισχύσειε,
3046 3974 3124 4045 τῷ
3159 3977 3375 4032 ἐκείνου
3424 3982 3569 4052 μόνῳ

1984 4052 2275 4118 λατρεύσω
2313 4055 2456 4127 Θεῷ,
2493 4059 2644 4129 παρὰ
2689 4062 2896 4128 φαῦλον
2941 4066 3068 4129 τοὺς
3116 4070 3282 4137 ἐμοὺς
3320 4071 3564 4141 θέμενος.

1993 4147 2050 4199 Ἐ
2064 4148 2146 4199 πει
2180 4149 2227 4203 δ’
2254 4148 2432 4214 οὕτως
2460 4151 2604 4222 ἔχων
2635 4156 2952 4227 ερῤίπτετο,
2978 4161 3076 4215 καὶ
3104 4163 3240 4230 μεῖτὰ
3264 4164 3439 4236 βραχὺ
3463 4165 3567 4237 τῆς

1979 4240 2185 4294 ἀνωθεν
2236 4243 2688 4316 διακυϐερνώσης
2747 4251 2932 4319 χειρὸς
2968 4293 2982 4315 ,
3045 4256 3113 4324 τῇ
3172 4257 3355 4327 χέρσῳ
3411 4259 3566 4325 αὖθις

1980 4334 2381 4401 ὲπανεσώζετο,
2433 4340 2466 4408 ὴ
2509 4340 2666 4404 πόλις
2721 4346 2873 4397 πᾶσα
2927 4346 3155 4417 χυθεῖσα
3188 4350 3286 4405 τοῦ
3348 4352 3562 4420 ἄστεος,

1979 4425 2076 4479 τοῦ
2125 4429 2431 4484 ἐπισκόπου
2471 4432 2760 4499 Πλάτωνος
2792 4438 3129 4508 ἡγουμένου.
3153 4443 3242 4495 τὸν
3275 4445 3381 4497 ὑπὸ
3409 4448 3463 4501 Μ
3504 4466 3563 4500 τ-

288 4524 403 4575 suis
429 4519 687 4574 οιιιιιὼιιε
720 4515 1047 4587 repudiatis,
1076 4514 1172 4570 uni
1204 4528 1369 4584 quem
1399 4513 1492 4568 ille
1523 4513 1876 4585 praedicasset

1985 4518 2138 4573 θαίου
2193 4525 2603 4594 κηρυττόμενον
2653 4529 2934 4600 ἀνύμνουν
2981 4535 3136 4589 Θεόν.
3182 4534 3461 4595 Ἀπειπὼν
3505 4541 3562 4595 δὲ

289 4613 424 4676 Deo,
463 4629 561 4684 per
600 4610 826 4681 pictatis
868 4609 1082 4664 cultum
1135 4607 1497 4663 serviturum.
1545 4604 1684 4662 Cum
1741 4620 1876 4677 ergo

286 4709 361 4763 ita
420 4707 476 4758 iu
537 4719 689 4757 mare
760 4700 1147 4772 projiceretur,
1215 4699 1518 4768 statimque
1577 4698 1763 4754 divina
1818 4698 1871 4752 id

285 4796 511 4852 coalitus
556 4794 903 4864 gubernante
956 4804 1121 4845 manu
1178 4789 1235 4844 in
1291 4790 1480 4845 littore
1524 4803 1748 4844 rursum
1779 4804 1875 4843 ex-

286 4900 589 4962 poneretur
622 4904 632 4939 :
672 4884 914 4955 populus
945 4882 1243 4938 universus
1277 4882 1415 4938 urbe
1461 4880 1697 4947 eﬂusus,
1753 4882 1874 4935 Pla-

287 4994 416 5036 tone
466 4978 730 5050 episcopo
785 4983 1094 5046 praeeunte,
1139 4975 1360 5046 hymnis
1410 4974 1784 5044 laudibusque
1840 4987 1870 5026 a

283 5073 542 5130 Matthzeo
568 5069 928 5141 praedicatum
962 5068 1315 5123 concelebrat
1339 5066 1535 5120 Deum.
1570 5064 1872 5121 Fulvianus

285 5180 446 5226 vero,
487 5163 659 5219 rebus
699 5161 959 5215 omnibus
986 5158 1341 5229 posthabitis,
1392 5172 1609 5211 sacrum
1641 5158 1872 5226 suscipit

280 5257 663 5327 baptismum,
742 5262 799 5309 et
865 5251 1109 5308 Mattlnci
1180 5251 1284 5306 sibi
1363 5265 1561 5303 nomen
1620 5259 1868 5319 arrogat,

279 5351 498 5406 occulto
523 5350 763 5421 quodam
792 5362 1112 5417 arcauoque
1145 5344 1379 5414 apostoli
1414 5343 1609 5398 ductu.
1666 5343 1869 5397 Simul-

278 5460 411 5515 que,
434 5444 528 5513 qui
554 5443 677 5516 ejus
704 5436 939 5514 imperio
965 5441 1173 5495 ειιιιιξὶιί
1203 5447 1385 5501 erant,
1413 5452 1607 5493 onmes
1629 5437 1866 5507 patriam

279 5538 735 5605 superstitionem
833 5533 1196 5604 rejieieutes,
1284 5532 1536 5584 divinum
1615 5531 1866 5602 comple-

280 5634 505 5681 ctuntur
543 5628 851 5681 lavacrum.
912 5625 1125 5681 Deinde
1163 5631 1285 5694 post
1340 5636 1519 5677 annos
1573 5630 1686 5676 tres
1749 5624 1866 5692 epi-

280 5732 481 5783 scopus
537 5734 760 5788 quoque
822 5718 976 5773 Plato
1027 5716 1094 5771 ad
1137 5718 1475 5786 sempiterna
1531 5720 1863 5774 conscendit

283 5809 654 5866 tabernacula.
691 5813 861 5867 Porro
905 5810 1207 5866 Fulvianus
1240 5810 1424 5864 adhuc
1473 5812 1694 5867 vitcutc
1748 5815 1864 5882 cpi-

1976 4615 2091 4676 τοίς
2154 4614 2296 4679 ὅλοις
2358 4620 2452 4671 καὶ
2506 4620 2883 4689 Φουλϐιανὸς,
2939 4626 3000 4680 τὸ
3054 4627 3197 4681 θεῖον
3257 4634 3560 4703 εἰσδέχετιι

1977 4702 2285 4776 βάπτισμαο
2315 4711 2412 4763 καὶ⁵
2441 4712 2563 4782 τὴν,
2614 4714 2929 4781 Ματθαῖος,
2968 4718 3314 4789 διαμείόεται
3368 4702 3560 4795 κλῄσιν

1973 4799 2032 4848 ὲν
2068 4799 2370 4872 ἀπορρήτῳ
2408 4802 2503 4856 τοῦ
2553 4808 2860 4861 ἀποστόλου
2911 4816 3297 4885 μυσταγωγίᾳ·
3337 4821 3429 4869 καὶ
3463 4821 3557 4870 αύ-

1974 4889 2103 4942 τίκα
2144 4892 2349 4955 πάντες
2398 4896 2448 4947 οἰ
2505 4897 2610 4949 ὑπὸ
2663 4901 2824 4969 χεῖρα
2858 4901 2957 4971 τὴν
2996 4904 3261 4974 πατρῴαν
3303 4907 3559 4961 δεισιδιι-

1976 4983 2171 5051 μονίαν
2198 4986 2704 5059 ἀπορραπίζοντες,
2741 4994 2803 5045 τὸ
2841 4993 2984 5048 θεῖον
3019 4996 3244 5067 λουτρὸν
3274 5004 3559 5071 κατησπά-

1972 5074 2150 5138 ζοντο.
2178 5078 2370 5147 Τρίτος
2407 5083 2595 5151 ἐξήκει
2633 5098 2776 5154 μετα
2802 5088 2963 5142 τοῦτο
2993 5091 3259 5156 ἐνιαυτὸς,
3291 5098 3384 5146 καί
3418 5094 3558 5149 ΙΙλά-

1969 5182 2081 5218 των
2118 5167 2221 5236 μὲν
2255 5170 2282 5221 ὁ
2315 5172 2614 5237 ἐπίσκοπος
2645 5178 2781 5248 πρὸς
2811 5179 2913 5241 τὰς
2959 5183 3215 5245 αἰωνίους
3253 5186 3555 5256 μετεχώρει

1973 5262 2218 5326 σκηνάςο
2262 5263 2595 5329 Φουλὸιανὺς
2643 5270 2688 5321 δ’
2726 5270 2808 5323 ἐτι
2852 5264 3053 5338 ζῶντος
3111 5275 3204 5330 τοῦ
3248 5280 3554 5335 ἐπισκόπου

1972 5349 2117 5421 ἄλλῳ
2158 5354 2257 5422 μὲν
2287 5357 2383 5424 τῆς
2416 5359 2588 5429 ἀρχῆς
2624 5366 2962 5435 παρεχώρει,
2995 5371 3158 5433 αὐτὸς
3192 5373 3248 5425 δὲ
3289 5375 3556 5428 ταπεινω-

1970 5460 2107 5507 σεως
2140 5447 2328 5541 σχῆμα
2385 5455 2882 5526 περιϐαλλόμενος,
2913 5464 2982 5516 τά
3015 5465 3136 5535 ἱερά
3174 5483 3233 5520 τε
3266 5468 3375 5522 τῶν
3420 5470 3556 5541 Χρι-

1969 5540 2204 5593 στιανῶν
2237 5543 2466 5612 μυηθεὶς
2495 5546 2683 5618 ὄργια,
2726 5551 2825 5623 τὴν
2861 5554 2956 5608 τοῦ
3010 5561 3389 5632 πρεσϐυτέρου
3445 5581 3555 5633 χει-

1969 5633 2214 5701 ροτονίαν
2254 5639 2405 5709 παρὰ
2435 5639 2532 5693 τοῦ
2563 5642 2710 5697 θείου
2744 5650 3106 5718 καταδέχεται
3146 5655 3426 5718 "minore;
3452 5672 3462 5683 '
3494 5650 3554 5709 οὗ

1968 5725 2108 5793 μετὰ
2139 5728 2240 5795 τὴν
2276 5731 2486 5784 ἐνθένδε
2532 5737 2890 5808 ἀπαλλαγὴν,
2926 5760 3020 5793 του
3079 5746 3370 5800 Θεσπεσίου
3421 5767 3552 5800 επο-

1967 5819 2157 5872 σιόλου
2201 5822 2287 5873 διὰ
2325 5834 2651 5898 νυκτερινῆς
2701 5852 3005 5901 μοῖρα-,τιόξ
3059 5842 3225 5904 ἆξαι),
3259 5886 3269 5903 ,
3321 5862 3410 5892 και
3463 5861 3551 5903 μεῖν
