4046 6470
442 365 548 426 δίὶθ

1406 362 2012 425 ΕΟΕΙΕΞΙΔΞΤῙΟᾹΞ
2053 363 2442 447 HISTORIA;
2487 367 2628 429 LIB.
2676 366 2753 429 Π.

3606 375 3715 438 870

444 476 607 540 ἀξίαν
656 474 755 543 τῆς
807 474 1116 543 ἐπισκοπῆς
1152 473 1514 542 ἀναδέχεταιο
1558 474 1798 543 γνησίως
1849 475 1906 527 δὲ
1951 472 2030 544 τῷ

2145 488 2323 543 scopo,
2351 475 2442 529 alii
2496 491 2729 543 regnum
2775 476 3058 532 concessit
3090 494 3104 532 :
3139 485 3197 533 et
3259 478 3379 548 ipse
3430 481 3718 541 submissa.-

446 566 773 637 Εὐαγγελίῳ
802 566 1187 636 ὑπηρετήσας.
1200 565 1298 619 καὶ
1315 563 1546 629 πολλοὺς
1567 564 1655 619 διὰ
1675 564 1775 635 τῆς
1792 564 2031 627 πίστεως

446 656 741 720 οῖκειὼσας
784 655 940 726 Θεῷ,
1001 655 1141 728 πρὸς
1193 655 1294 728 τὴν
1347 656 1560 727 ἀμείνω
1611 654 1760 726 ζωὴν
1797 653 2032 726 μεταϐέ-

446 749 642 817 ϐηκεν.
1474 748 1476 750 ’

2137 565 2475 621 humilitatis
2534 567 2720 623 habittt
2778 579 3086 638 assumpto,
3142 585 3268 625 cum
3317 574 3718 630 secretioribus

2138 656 2584 712 Chris'ianorum
2623 658 2873 713 initiatus
2904 669 2986 714 est
3014 663 3211 723 sacris,
3254 672 3370 717 tum
3409 666 3717 737 presbyteri

2146 747 2558 803 ordinationem
2591 765 2621 803 a
2663 749 2792 805 divo
2832 753 3075 822 suscepit
3109 752 3357 808 Platone.
3397 756 3529 811 Post
3559 758 3721 829 cujus
3790 762 3793 765 ’

442 860 510 902 ex
550 845 652 901 hac
711 843 821 898 vita
879 844 1193 909 decessum,
1247 844 1319 898 ab
1370 857 1565 901 sancto
1641 845 1891 913 apostolo
1934 859 2033 916 per
2071 852 2404 898 nocturnam
2468 845 2739 901 visionem
2798 846 3120 905 admonitus
3144 861 3309 921 atque
3340 864 3717 922 consecratus,

442 935 815 1008 episcopalem
850 950 1076 1005 quoque
1112 935 1415 1004 assumpsit
1447 935 1745 992 honorem.
1792 936 1860 991 Et
1907 951 2034 992 cum
2075 937 2179 993 rite
2247 953 2407 993 sacro
2448 939 2826 995 ministrasset
2891 939 3215 1013 Evangelio,
3260 945 3578 1015 multosque
3620 964 3722 1019 per

445 1028 610 1083 {idem
669 1026 1040 1082 lucrifecisset
1098 1029 1232 1092 Deo,
1281 1028 1451 1083 vitam
1493 1044 1715 1099 quoque
1744 1029 1888 1085 hanc
1918 1030 2147 1087 meliore
2176 1031 2281 1086 alia
2319 1033 2709 1088 commutavit.

1021 1170 1274 1226 ΚΕΦΑΔ.
1322 1171 1458 1226 MB'.

454 1284 595 1354 Περί
641 1282 751 1339 τοῦ
809 1284 983 1354 ἁγίομ
1039 1283 1393 1340 ἀποστόλου
1436 1284 1565 1354 καί
1592 1285 2033 1354 εὐαγγελιστοῦ

536 1356 823 1425 Ἰωάννου
856 1353 966 1409 τοῦ
997 1356 1322 1425 Θεολόγου.
1373 1354 1475 1409 καί
1503 1353 1616 1424 τῆς
1642 1353 1809 1423 θείας
1843 1356 2033 1414 αὐτοῦ

518 1423 968 1496 μεταστάσεως.

522 1555 727 1619 Λοιπδς
754 1555 935 1609 τοίνυν
963 1556 1100 1627 ἡμῖν
1130 1557 1158 1611 ό
1188 1556 1550 1628 ὴγαπημένος
1581 1557 1678 1612 καὶ
1710 1557 2033 1628 ὲπιστήθιος

455 1646 728 1718 μαθητής·
761 1639 824 1699 οὗ
843 1646 944 1711 τὰς
965 1648 1255 1718 περιόδους
1280 1649 1497 1713 καὶτὰς
1530 1653 1588 1703 ἐν
1619 1651 1812 1714 αὑταῖς
1835 1650 2031 1721 θεοση-

455 1740 616 1810 μείας
647 1740 742 1793 καὶ
773 1739 1076 1813 ὑπερφυεῖς
1105 1741 1333 1808 πράξεις
1357 1759 1416 1794 τε
1445 1743 1541 1796 καὶ
1578 1742 1859 1813 θεολογίας
1888 1744 2035 1814 άφη-

454 1830 671 1899 γεῖσθαι
696 1833 781 1896 είς
812 1832 1012 1887 λεπτδν
1040 1835 1351 1901 κατιόντας,
1375 1833 1564 1905 ὥσπερ
1592 1835 1688 1890 καὶ
1717 1835 1826 1889 τῶν
1857 1835 2035 1890 ἄλλων

457 1924 719 1996 μαθητῶν
749 1926 849 1980 καὶ
876 1926 1218 1995 ἀποστόλων,
1252 1929 1392 1998 πρὸς
1421 1927 1500 1998 τῷ
1526 1927 1798 1999 ἀμηχάνῳ
1825 1927 2038 1996 καὶτῆς

454 2017 560 2072 ἀνά
595 2018 787 2089 χεῖρας
816 2019 1215 2090 πραγματείας
1236 2035 1297 2073 τε
1327 2019 1424 2073 καὶ
1457 2018 1657 2090 σχολῆς
1699 2019 1774 2084 ὼς
1808 2021 2030 2091 πορρω-

455 2109 603 2164 τάτω
633 2110 872 2182 μάλιστα
920 2106 1059 2165 εῖναι
1088 2109 1318 2182 νομίζω.
1364 2110 1673 2184 Ἱστόρηται
1714 2112 1759 2166 δ’
1790 2111 1911 2178 οῦν,
1960 2111 2038 2175 ὼς

457 2200 486 2253 δ
512 2200 788 2267 θειότατος
818 2200 976 2266 οὗτος
1009 2196 1409 2276 εὐαγγελιστὴς
1445 2203 1586 2275 μετὰ
1618 2202 1718 2275 τὴν
1751 2204 1836 2268 είς
1870 2204 2040 2275 οὐρα-

455 2294 583 2358 νοὺς
616 2294 806 2351 ἄνοδον
842 2295 1018 2369 Ἰησοῦ
1059 2298 1225 2367 συνῆν
1259 2300 1325 2369 τῇ
1364 2298 1538 2368 μητρὶ
1572 2295 1671 2351 τοῦ
1700 2296 1840 2350 Θεοῦ
1871 2299 1930 2350 ὲν
1962 2296 2041 2368 τῷ

455 2386 597 2441 κατά
644 2386 744 2458 τὴν
796 2386 936 2443 Σιὼν
980 2386 1113 2460 οῐκῳ
1144 2388 1312 2442 αὐτοῦ
1352 2389 1483 2460 ἄχρι
1520 2390 1623 2459 τῆς
1663 2388 1800 2461 πρὸς
1831 2388 2040 2460 Κύριον

461 2477 741 2546 ἐκδημίας
790 2478 964 2550 αὐτῆς
992 2494 1009 2513 ο
1055 2479 1251 2533 ἔπειτα
1308 2479 1354 2534 δ’
1396 2483 1456 2534 ὲν
1517 2480 1675 2553 Ἀσίᾳ
1721 2481 2039 2552 γενόμενον,

456 2569 911 2638 εὐαγγελίζεσθαι
946 2572 1042 2627 τὸν
1062 2573 1324 2644 Χριστόνο
1367 2572 1498 2628 ἔνθα
1540 2574 1637 2627 καὶ
1665 2572 1759 2627 τὸν
1789 2573 1913 2627 ναὸν
1940 2573 2040 2642 τῆς

469 2658 791 2731 ’Δρτέμιδος
822 2663 1195 2735 κανηδάφισεν
1235 2681 1250 2697 ο
1303 2664 1364 2718 ἐν
1400 2664 1457 2718 δὲ
1491 2663 1568 2734 τῷ
1598 2665 1741 2717 κατὰ
1780 2666 2043 2732 Δομετια-

455 2752 545 2807 νδν
573 2753 800 2826 διωγμῷ
823 2757 883 2810 ὲν
914 2757 1124 2829 Πάτμῳ
1150 2758 1219 2827 τῇ
1249 2758 1400 2829 νήσῳ
1428 2756 1698 2828 ὑπερορίᾳ
1732 2755 2037 2808 καταδικα-

457 2846 653 2918 σθῆναι
689 2847 767 2919 τῷ
799 2848 1050 2920 τετάρτῳ
1083 2847 1179 2903 καὶ⁸
1201 2849 1418 2917 δεκάτῳ
1453 2849 1568 2903 ἔτει
1593 2848 1760 2902 αὑτοῦ
1799 2850 1900 2918 τῆς
1940 2851 2038 2919 ἁρο

456 2941 580 3011 χῆς.
625 2939 796 2994 Ἔνθα
825 2941 889 3010 δὴ
939 2942 1038 2995 καὶ
1083 2940 1143 2994 τὸ
1191 2940 1313 2995 κατ’
1351 2939 1515 2995 αὑτὸν
1559 2940 1895 3010 Εὖαγγὲλιον
1942 2943 2041 3012 ἐμ-

454 3032 748 3099 πνευσθεὶς
785 3034 865 3104 τῷ
891 3022 1033 3105 ἀγίῳ
1057 3034 1342 3105 Πνεύματι
1370 3033 1590 3104 ὑψηλῶς
1614 3034 2037 3105 ἀνεϐρόντησεν·

453 3125 590 3180 ἀλλά
621 3125 687 3197 δή
729 3125 823 3179 καὶ
865 3127 966 3194 τὴν
1004 3126 1159 3198 ἱερὰν
1193 3125 1363 3180 αὑτοῦ
1410 3127 1506 3180 καὶ
1545 3124 1732 3178 ἔνθεον
1780 3122 2040 3220 Ἀπολιά-
2067 3161 2111 3220 c

454 3220 670 3288 λυψιν.
701 3216 859 3273 Μετά
900 3234 966 3288 γε
999 3219 1108 3288 μὴν
1133 3216 1232 3288 τὴν
1273 3214 1606 3288 Δομετιανοῦ
1644 3214 1910 3286 τελευτὴν
1956 3215 2039 3277 είς

455 3309 552 3380 τὴν
575 3310 676 3381 τῆς
715 3309 903 3372 Ἀσίας
935 3310 1177 3391 Equam:
1204 3308 1472 3374 ἀνελθὼν,
1497 3308 1595 3372 τὰς
1623 3308 1815 3363 αὐτόθι
1843 3307 2047 3379 ἔκκλη-

458 3402 582 3468 σίας
610 3405 808 3458 διεῖπε·
853 3405 947 3459 καὶ
990 3406 1069 3475 πῆ
1104 3405 1206 3475 μὲν
1250 3401 1388 3468 νεὼς
1412 3403 1639 3471 ἀνίστα,
1676 3403 1774 3458 καὶ
1803 3401 2047 3472 κλήρους

455 3496 611 3559 ὅλους
647 3496 946 3567 ἡρμόζετο,
970 3496 1069 3551 καὶ
1093 3496 1171 3566 τῷ
1201 3495 1335 3567 θείῳ
1368 3496 1481 3565 τὴνξ
1509 3493 1816 3566 ἱερωσύνην
1841 3495 2048 3564 κατήρ-

455 3586 571 3652 τιξε
603 3586 908 3654 Πνεῦματι·
939 3584 998 3638 ἔν
1023 3600 1131 3637 τινι
1158 3584 1217 3637 δὲ
1251 3584 1408 3636 πόλει
1445 3584 1764 3652 γενόμενος,
1800 3580 1893 3635 καί
1923 3598 2047 3635 τινα

458 3677 744 3731 νεανίσκον
793 3673 940 3741 ίδὼν,
990 3674 1209 3726 ἀστεῖον
1249 3673 1348 3743 μὲν
1396 3671 1496 3744 τὴν
1547 3671 1696 3742 ὄψιν,
1734 3671 2049 3743 ὑπόθερμον

456 3769 514 3823 δὲ
544 3770 642 3839 τὴν
668 3767 870 3837 ψυχὴν,
895 3767 972 3837 τῷ
990 3766 1279 3836 ὲπισκόπῳ
1310 3764 1614 3835 ἐμϐλέψας,
1646 3763 1893 3828 Τοῦτον,
1915 3763 2043 3831 ἔφη,

459 3878 560 3917 σοι
591 3860 1142 3930 παρακατατίθεμαι
1171 3857 1419 3927 σπουδῇ
1455 3857 1530 3928 τῇ
1566 3858 1737 3930 πάσῃ
1773 3856 1874 3912 ἐπὶ
1901 3856 2046 3927 μάρ-

460 3972 591 4024 τυρι
626 3954 707 4020 τῷ
740 3950 975 4023 Χριστῷ
1027 3952 1131 4007 καὶ
1164 3951 1239 4022 τῇ
1274 3951 1602 4021 Ἐκκλησίᾳ
1634 3950 1845 4006 αὐτοῦ.
1880 3951 1988 4005 Kal
2018 3948 2047 4002 ό

463 4051 564 4120 μὲν
594 4050 834 4120 ἐδέχετο,
878 4048 1266 4119 ὑπεσχημένος
1290 4047 1392 4101 ὅσα
1425 4045 1662 4117 καθήκει
1707 4044 1782 4115 μὴ
1826 4044 1883 4098 ὲν
1921 4043 2046 4097 δευ-

428 4143 605 4215 ·τέρῳ
640 4142 938 4197 ποιεῖσθαι⁶
976 4134 1236 4212 Ἰωάννης
1274 4139 1333 4194 δὲ
1366 4143 1446 4204 είς
1481 4136 1721 4207 Ἔφεσον
1766 4137 1943 4192 ἔπλει.
1986 4136 2046 4189 '0

460 4235 518 4289 δὲ
545 4235 730 4289 λαϐὼν
754 4235 844 4289 τὸν
883 4236 1196 4301 νεανίσκον,
1239 4235 1380 4289 οῖκοι
1411 4233 1512 4302 μὲν
1557 4227 1674 4303 εἶχε
1706 4231 1801 4287 καὶ
1827 4231 2047 4303 τρέφων

434 4368 439 4371 -
463 4331 687 4386 ἔθαλπε·
719 4332 815 4385 καὶ
843 4331 921 4401 τῷ
952 4331 1094 4401 φωτὶ
1124 4330 1373 4402 προσῆγε
1403 4328 1504 4400 τῆς
1540 4328 1819 4397 γνώσεως.
1849 4327 2047 4398 Χρόνῳ

438 4422 510 4476 ’δ’
538 4422 633 4477 οὖν
671 4421 771 4494 τῆς
799 4422 1067 4493 ἀκριϐοῦς
1103 4422 1424 4493 ἐπιμελείας
1463 4420 1711 4491 ὑφίησιν,
1754 4418 1832 4483 ὡς
1857 4419 1918 4471 τὸ
1956 4419 2047 4472 τέ·-

2709 1176 2937 1234 CAPUT
2980 1178 3144 1235 XLII.

2171 1284 2252 1339 De
2290 1294 2475 1340 sancto
2524 1289 2766 1353 apostolo
2817 1299 2867 1341 et
2903 1290 3223 1358 evangelista
3262 1291 3472 1346 Joanne
3497 1333 3512 1359 ,
3540 1301 3591 1348 et
3620 1295 3687 1349 de

2563 1359 2741 1412 divina
2766 1359 2880 1425 eius
2912 1360 3293 1416 translatione.

2210 1549 2475 1619 Superest
2533 1551 2694 1606 nobis
2749 1552 2990 1607 Joannes
3046 1554 3284 1611 dilectus
3349 1556 3461 1620 ille,
3515 1551 3725 1629 quique

2140 1657 2307 1727 supra
2345 1651 2540 1710 pectus
2569 1642 2811 1713 Magistri
2850 1647 3128 1711 recubuit,
3168 1648 3473 1719 discipulus
3517 1669 3531 1703 :
3565 1653 3727 1720 cuius

2140 1735 2534 1806 profectiones,
2571 1735 2625 1789 in
2667 1736 2860 1806 eisque
2906 1738 3173 1795 miracula
3223 1741 3524 1813 divinaque
3556 1759 3724 1814 opera

2142 1828 2315 1891 edita,
2367 1827 2743 1899 miriﬂt-osque
2788 1840 2847 1887 et
2878 1848 3111 1888 arcanos
3157 1835 3226 1889 de
3274 1833 3385 1890 Deo
3419 1852 3723 1900 Sermones.

2144 1922 2307 1977 sicuti
2335 1932 2391 1978 et
2428 1923 2661 1978 aliorum
2698 1925 3098 1996 discipulorum
3128 1937 3185 1984 et
3218 1932 3597 1999 apostolorum
3636 1948 3730 1988 res

2144 2025 2364 2086 gestas,
2423 2017 2704 2086 sigillatitn
2767 2034 3087 2088 exponere,
3147 2034 3516 2093 praeterquam
3578 2027 3725 2095 quod

2142 2107 2344 2161 virium
2393 2122 2707 2164 nostrarum
2756 2127 2867 2165 non
2919 2121 3026 2175 est.
3071 2113 3140 2167 ab
3172 2115 3431 2170 instituto
3475 2117 3625 2186 quod
3670 2119 3726 2173 in

2145 2199 2407 2254 manibus
2443 2198 2716 2255 habemus
2744 2215 2911 2270 opere
2941 2202 3106 2273 206
3135 2203 3373 2258 alienum
3404 2206 3573 2259 etiam
3603 2221 3728 2262 esse

2141 2274 2459 2348 arbitror.‘
2488 2291 2748 2347 Scdenim
2806 2294 3166 2350 historiarum
3209 2308 3566 2352 monumenta
3598 2314 3726 2368 pro-

2142 2382 2302 2450 dunt,
2335 2384 2745 2440 divinissimum
2775 2386 2928 2440 hunc
2969 2386 3409 2459 Evangelistam,
3442 2402 3570 2460 post
3595 2390 3726 2448 Jesu

2143 2474 2199 2528 in
2231 2476 2433 2530 coelum
2466 2491 2780 2543 ascensum,
2811 2494 2936 2534 cum
2972 2479 3142 2536 Matre
3170 2481 3266 2536 Dei
3292 2481 3347 2536 in
3377 2498 3442 2537 ea
3471 2497 3635 2554 quam
3659 2483 3727 2537 ad

2143 2564 2274 2621 Sion
2327 2567 2498 2622 fuisse
2538 2570 2890 2639 scripsimus,
2941 2571 3109 2627 domo
3145 2588 3245 2629 sua
3289 2574 3514 2640 vixisse,
3550 2590 3730 2646 usque

2142 2663 2210 2717 ad
2250 2662 2401 2744 illius
2435 2663 2502 2718 ad
2537 2665 2830 2719 Dominum
2868 2666 3277 2737 migrationem.
3314 2669 3509 2725 Postea
3539 2679 3725 2726 autem

2142 2754 2195 2807 in
2250 2754 2379 2808 Asia
2430 2752 2714 2809 Christum
2762 2771 2862 2825 per
2910 2757 3271 2830 Evangelium
3322 2764 3726 2833 promulgasse,

2141 2844 2328 2913 ibique
2381 2844 2647 2914 templum
2710 2845 2894 2902 Diana
2955 2848 3073 2903 solo
3127 2864 3400 2920 aequasse.
3450 2849 3727 2907 Caeterum

2141 2935 2551 3007 persecutionis
2583 2937 2690 2993 sub
2722 2939 3034 2996 Domitiano
3089 2951 3341 3013 tempore
3387 2945 3583 2999 exsilio
3629 2944 3730 3001 da-

2144 3015 2392 3084 mnatum
2425 3040 2482 3085 et
2521 3030 2575 3085 in
2629 3030 2864 3086 insulam
2896 3031 3148 3089 Palmum
3183 3035 3480 3106 relegatum
3511 3036 3730 3093 decimo

2143 3130 2343 3191 quarto
2374 3122 2592 3192 imperii
2623 3122 2773 3177 illius
2801 3138 2972 3189 anno,
3001 3124 3092 3178 ubi
3125 3125 3337 3181 scilicet
3368 3125 3578 3197 Spiritu
3602 3144 3729 3183 san-

2144 3223 2233 3269 cto
2263 3214 2478 3284 plenus,
2506 3216 2864 3285 Evangelium
2893 3231 3056 3271 suum
3082 3217 3375 3274 sublimem
3415 3221 3468 3274 in
3504 3223 3729 3278 modum

2145 3307 2412 3374 intonuit,
2458 3323 2784 3378 sacramque
2815 3320 2873 3364 et
2916 3309 3187 3365 divinitus
3225 3312 3547 3382 inspiratam
3584 3319 3732 3385 Apo-

2144 3398 2411 3468 calypsim
2447 3398 2699 3468 protulit.
2735 3399 2837 3465 Qui
2876 3401 3076 3457 deinde
3123 3411 3246 3471 post
3282 3404 3572 3460 Domitiani
3608 3409 3732 3461 obi-

2148 3499 2260 3544 tum
2312 3491 2590 3560 Ephesum
2639 3493 2696 3547 in
2743 3493 2928 3551 Asiam
2981 3510 3255 3561 reversus,
3290 3514 3411 3567 quae
3462 3500 3536 3555 ibi
3571 3501 3730 3558 fuere

2146 3583 2414 3638 ecclesias
2451 3585 2614 3649 rexit,
2649 3588 2849 3656 templa
2883 3599 3234 3656 construens,
3262 3592 3472 3648 clerum
3509 3609 3728 3651 omnem

2147 3676 2378 3737 docens,
2415 3676 2892 3749 ecclesiarumque
2922 3695 3111 3736 sacros
3143 3683 3430 3740 ministres
3461 3685 3729 3743 instinctu

2146 3769 2387 3838 Spiritus
2408 3770 2587 3825 sancti
2618 3770 2683 3824 ad
2719 3771 3116 3837 perfectionem
3146 3775 3463 3833 instituens.
3500 3780 3566 3834 Et
3599 3797 3728 3836 cum

2142 3861 2443 3932 aliquando
2496 3862 2559 3923 in.
2611 3863 2837 3919 civitate
2878 3866 3117 3934 quadam
3175 3878 3356 3930 esset,
3410 3870 3735 3926 adolescen-

2150 3964 2373 4025 temque
2404 3954 2559 4010 vultu
2594 3955 2819 4025 quidem
2870 3956 3085 4013 liberali
3131 3968 3190 4014 et
3241 3960 3497 4028 honesto,
3545 3964 3733 4020 animo

2150 4053 2331 4101 tamen
2369 4055 2426 4102 et
2470 4048 2692 4116 ingenio
2726 4048 2942 4104 fervido
2977 4042 3376 4121 conspexisset,
3409 4057 3731 4125 episcOpum

2147 4137 2251 4193 loci
2282 4140 2406 4211 ejus
2427 4139 2688 4206 intuitus,
2714 4141 2890 4202 Hunc.
2918 4142 3118 4214 inquit,
3145 4151 3405 4215 tanquam
3437 4147 3733 4217 depositum

2150 4232 2243 4286 tibi
2264 4249 2394 4288 cura
2425 4242 2474 4287 et
2506 4232 2785 4304 diligentia
2813 4250 3043 4299 summa,
3073 4237 3170 4288 sub
3199 4235 3411 4292 Christo
3441 4247 3600 4309 atque
3632 4239 3733 4294 Ec-

2145 4323 2310 4381 clesia
2332 4326 2444 4395 ejus
2467 4335 2618 4390 teste,
2636 4327 2959 4380 commendo.
2982 4326 3162 4396 Atque
3187 4326 3278 4382 ille
3299 4329 3523 4398 quidem
3551 4330 3730 4397 illum,

2151 4416 2287 4471 nihil
2337 4432 2397 4473 se
2434 4417 2488 4472 in
2523 4434 2590 4473 eo
2620 4418 2926 4473 excolendo
2972 4434 3157 4472 rerum
3206 4421 3456 4473 omnium
3505 4435 3733 4491 praeter-

465 4519 609 4570 λειον
637 4516 739 4588 τῆς
779 4515 924 4571 κατὰ
955 4514 1195 4585 Χριστὸν
1221 4513 1518 4584 σφραγῖδος
1544 4514 1849 4583 ἐπιστήσας
1872 4508 2039 4580 αὐτῷ’

2152 4511 2446 4565 missurum
2476 4510 2776 4581 pollicitus,
2800 4512 3064 4581 suscepit.
3087 4509 3326 4567 Joannes
3350 4523 3533 4567 autem
3556 4513 3735 4585 Ephe-

466 4610 545 4681 τῷ
571 4611 617 4664 δ’
652 4612 889 4674 ἀνέσεως
929 4607 1073 4664 οὕτω
1103 4608 1211 4678 πρὸ
1241 4607 1393 4677 ὥρας
1434 4604 1825 4676 ὲπειλημμένῳ
1871 4618 2045 4673 προσ-

470 4702 786 4773 φθείρονταί
834 4717 981 4764 τινες
1022 4700 1214 4770 ἥλικες
1265 4698 1430 4769 ἀργοὶ
1483 4698 1581 4753 καὶ
1632 4697 2043 4768 ἀπερῤωγότες,

473 4794 660 4857 ἐθάδες
689 4790 879 4847 κακῶν
906 4792 1003 4846 καὶ
1027 4790 1329 4858 ἀνάγωγοι.
1365 4789 1477 4843 Kal
1510 4789 1576 4845 τὰ
1620 4787 1721 4858 μὲν
1748 4786 1942 4858 πρῶτα
1977 4785 2045 4839 δι’

473 4886 765 4940 ἑστιάσεων
794 4885 1014 4939 ἀτόπων
1034 4882 1368 4936 λωποδυτεῖν
1395 4881 1817 4949 σννεπάγονται·
1853 4879 1949 4931 ἕπε
1961 4894 2048 4932 ιτα

475 4980 564 5031 καὶ
598 4976 852 5047 δεύτερον
885 4975 980 5030 καὶ
1008 4975 1191 5046 τρίτον
1216 4974 1390 5027 κακὸν
1419 4973 1799 5044 συμπράττειν
1832 4970 2042 5041 ἠξίουν.

481 5070 569 5132 Ὠς
596 5068 653 5123 δὲ
686 5070 862 5140 χρόνῳ
909 5071 1162 5140 προϊόντι
1213 5068 1335 5122 κατ’
1391 5066 1574 5135 ὀλίγον
1622 5068 1740 5131 τοῖς
1787 5069 2046 5136 πονηροῖς

469 5164 869 5234 προσειθίζετο,
896 5163 1044 5218 καθά
1080 5179 1162 5227 τις
1194 5161 1363 5224 ἵππος
1398 5161 1659 5230 εὐσθενὴς
1704 5159 1799 5213 τὸν
1827 5162 2046 5231 χαλινὸν

469 5257 732 5322 ἐνδακὼν,
768 5258 909 5310 κατὰ
959 5256 1256 5329 βαράθρων
1292 5254 1538 5326 ἐφέρετο.
1574 5255 1686 5324 Τῆς
1734 5254 2047 5323 κρείττονος

467 5349 512 5402 δ’
545 5347 758 5412 ἐλπίδος
791 5347 1092 5415 διαπεσὼν,
1146 5347 1242 5402 καὶ
1285 5348 1344 5399 ἐν
1374 5344 1685 5413 ἀπογνώσει
1715 5344 1809 5397 τοῦ
1853 5344 2044 5398 λοιποῦ

467 5442 528 5494 τὸ
556 5441 828 5506 σώζεσθαι
876 5440 1128 5511 θέμενος,
1180 5440 1479 5510 λῃστήριον
1536 5436 1879 5507 συνεκρότει.
1936 5438 2046 5490 Καὶ

469 5533 633 5597 αὐτὸς
659 5534 752 5587 τοῦ
783 5532 1025 5604 πονηροῦ
1070 5532 1286 5586 ἐκείνου
1319 5530 1582 5601 συλλόγου
1632 5531 1853 5601 ἐξῆρχε,
1882 5535 2045 5601 χαλε-

470 5627 568 5690 πός
598 5643 683 5691 τις
738 5624 998 5698 ἐξαπίνης
1045 5624 1409 5697 προσϐάλλων
1461 5626 1571 5688 τοῖς
1618 5624 1937 5695 παριοῦσιν,
1969 5623 2045 5688 ὡς

470 5719 576 5773 τῶν
616 5721 794 5776 ἄλλων
844 5721 1119 5791 διαφέρων
1174 5717 1464 5790 μιαιφονίᾳ
1512 5736 1570 5771 τε
1626 5719 1725 5772 καὶ⁵
1773 5718 2040 5788 ὠμότητι.

470 5811 671 5883 Χρόνος
697 5814 755 5867 ἐν
791 5814 941 5886 μέσῳ
993 5814 1206 5884 συχνός.
1252 5813 1362 5867 Kal
1413 5813 1536 5866 ἐπεὶ
1588 5811 1750 5866 πάλιν
1792 5811 1974 5881 παρῆν
2017 5814 2046 5865 ό

2148 4618 2270 4659 sum
2333 4602 2518 4658 rediit.
2583 4602 2889 4672 EpiscOpus
2940 4617 3108 4671 porro
3170 4602 3264 4657 ille
3321 4603 3729 4662 adolescentem

2150 4696 2299 4751 domi
2348 4711 2460 4750 sum
2497 4694 2738 4759 fovebat,
2786 4704 2842 4748 et
2872 4695 2940 4749 ad
2987 4694 3321 4764 cognitionis
3369 4706 3426 4749 et
3462 4694 3732 4754 doctrina:

2154 4789 2332 4843 lucem
2372 4787 2629 4842 ducebat.
2674 4787 3019 4842 Procedente
3063 4798 3247 4842 autem
3300 4788 3563 4862 deinceps
3597 4801 3735 4847 tem-

2148 4895 2302 4952 pore,
2333 4880 2689 4934 attentior-em
2717 4881 2861 4933 illam
2886 4880 3224 4950 diligentiam
3249 4892 3301 4937 et
3327 4897 3515 4938 curam
3542 4897 3736 4942 remit-

2151 4974 2236 5036 tit,
2282 4980 2344 5027 ut
2385 4972 2480 5042 qui
2506 4987 2828 5041 supremum
2864 4980 2922 5026 et
2960 4972 3265 5043 perlectum
3294 4974 3501 5032 Christi
3545 4977 3733 5048 signa-

2147 5066 2347 5133 culum
2386 5064 2437 5118 ei
2468 5063 2581 5135 jam
2633 5064 3026 5133 impressisset.
3075 5064 3169 5120 lile
3209 5077 3394 5123 autem
3443 5078 3567 5124 cum
3602 5085 3732 5126 ante

2151 5169 2372 5228 tempus
2414 5156 2677 5226 potesmti
2725 5171 2838 5211 suae
2887 5158 3198 5227 permissus
3232 5174 3401 5226 esset,
3435 5171 3603 5232 atque
3649 5167 3734 5217 in-

2148 5265 2316 5320 super
2340 5250 2410 5304 ab
2440 5249 2746 5319 aequalibus
2775 5249 2893 5304 suis
2927 5251 3041 5305 otio
3067 5254 3369 5322 corruptis,
3404 5253 3728 5324 praefractis,

2149 5343 2417 5412 malisque
2455 5343 2671 5398 artibus
2705 5343 2954 5408 imbutis,
2984 5352 3040 5398 et
3070 5343 3379 5415 disciplinae
3415 5347 3595 5399 omnis
3626 5347 3731 5400 im-

2147 5436 2483 5507 patientibus
2530 5446 3005 5507 corrumperetur,
3054 5438 3297 5508 primum
3346 5453 3575 5508 pr0prer
3623 5439 3806 5507 illi-k

2147 5539 2255 5585 cita
2310 5531 2814 5601 intempestivaque
2859 5528 3116 5584 convivia
3167 5530 3469 5600 praedatum
3523 5530 3594 5585 ab
3644 5533 3730 5586 eis

2147 5623 2393 5689 ducitur,
2425 5638 2488 5678 ac
2526 5638 2649 5677 mox
2685 5623 2886 5678 iterum
2928 5638 2994 5678 ac
3026 5623 3192 5678 tertio
3243 5622 3312 5678 ad
3358 5625 3727 5693 perpetranda

2148 5716 2416 5772 maleﬁcia
2468 5715 2753 5770 invitatur.
2796 5715 3003 5770 Deinde
3053 5729 3185 5773 vero
3220 5716 3619 5787 quo,longius,
3658 5732 3724 5770 eo

2147 5827 2363 5884 quoque
2390 5812 2563 5881 magis
2590 5812 2890 5868 sceleribus
2912 5825 3076 5869 atque
3103 5811 3327 5876 ﬂagitiis
3349 5812 3718 5869 assuefactus.
