4046 6472
449 407 553 475 $75

1007 530 1231 588 CAI'UT
1277 527 1460 584 XLIII.

447 629 524 682 De
556 627 755 683 sanctis
791 624 1042 689 apostolis
1093 633 1142 676 et
1199 622 1534 688 evangelislis
1567 620 1746 675 Marco
1781 630 1829 672 et
1861 618 2024 682 Luca,

514 700 605 768 qui
658 715 719 751 ex
777 711 996 750 numero
1063 695 1402 766 septuaginta
1463 693 1846 761 discipulorum
1912 690 2028 758 [ue-

511 778 658 823 runt.

512 881 785 937 Cirterum
840 879 1085 932 Marcum
1133 891 1354 947 quoque
1391 886 1446 931 et
1496 886 1749 930 sanctum
1798 873 2028 936 Lucam,

441 974 659 1030 etiarnsi
691 975 834 1028 inter
880 970 1232 1041 septuaginta
1263 970 1385 1024 illos
1413 981 1796 1033 numerentur,
1830 969 2028 1037 adjun—

442 1085 574 1141 gere
626 1077 808 1121 tamen
867 1065 988 1119 istis
1035 1065 1214 1118 visum
1263 1073 1371 1125 est.
1425 1063 1571 1132 quod
1627 1061 1768 1115 alter
1802 1061 2028 1130 quidem

440 1162 614 1225 Petri,
657 1163 795 1216 alter
831 1170 1016 1214 autem
1050 1157 1207 1212 Pauli
1246 1156 1414 1210 fuerit
1444 1155 1752 1225 discipulus
1780 1173 1792 1207 :
1823 1170 2030 1222 eosque

443 1268 502 1310 ut
538 1255 915 1325 erangelistas
949 1252 1208 1306 maximis
1241 1251 1465 1304 duobus
1495 1247 1853 1318 evangelistis
1893 1262 2029 1301 cou-

441 1364 740 1403 numerare
777 1346 1062 1403 convenit.
1101 1344 1207 1399 Sed
1250 1344 1396 1397 enim
1439 1341 1508 1396 de
1555 1339 1763 1403 Marco,
1794 1339 2029 1411 ejusque

440 1446 494 1498 in
532 1442 769 1513 Egypto
828 1439 1249 1511 prazdicatione,
1291 1438 1346 1490 in
1387 1435 1491 1490 hoc
1529 1435 1646 1502 ipso
1683 1434 1829 1487 libro
1867 1442 2028 1488 antea

439 1556 468 1590 ιι
513 1536 674 1588 nobis
725 1532 860 1587 satis
903 1540 986 1584 est
1037 1529 1270 1582 dictum.
1324 1528 1373 1580 ls
1422 1525 1571 1580 enim
1618 1525 1767 1580 Petri
1820 1523 2032 1578 sororis

439 1629 612 1690 ﬁlius,
653 1628 966 1697 imperante
1001 1621 1263 1686 Tiberio,
1295 1617 1529 1690 Egypto
1574 1626 1631 1671 et
1677 1615 1864 1687 Libya:
1899 1614 2032 1668 Bar-

439 1723 723 1789 bariaaque
777 1718 1075 1780 universa‘,
1119 1712 1325 1769 Christi
1378 1711 1602 1766 verbum
1643 1707 2031 1778 evangelizans

439 1810 810 1875 ainiuutiavit,
848 1805 1207 1877 Evangelium
1235 1820 1394 1860 suum
1421 1803 1667 1858 dictante
1694 1809 1858 1868 atque
1884 1815 2031 1853 com-

442 1905 717 1974 probante
755 1903 922 1957 Petro
952 1899 1197 1970 scripsit,
1239 1897 1384 1968 apud
1422 1897 1718 1968 Cyrena'os
1745 1902 1801 1949 et
1839 1893 2037 1948 l‘enta-

440 2002 717 2074 politanos
751 2013 915 2068 quam
950 1994 1186 2066 plurima
1222 1991 1547 2047 admiranda
1582 1989 1734 2055 fecit,
1767 1987 2032 2043 ecclesias

440 2097 757 2148 construxit
791 2108 805 2145 :
838 2091 1051 2144 clerum
1090 2096 1146 2142 et
1177 2085 1495 2155 episcOpos,
1539 2090 1706 2152 atque
1744 2080 1849 2135 alia
1880 2081 2032 2133 insu-

441 2204 542 2260 per
569 2203 693 2257 qua:
719 2199 862 2255 Opus
895 2189 1078 2245 erant,
1115 2178 1222 2233 rite
1255 2187 1312 2232 et
1360 2173 1558 2230 ordine
1605 2173 1916 2230 constituit.
1969 2171 2034 2224 Et

442 2282 668 2337 tandem
707 2274 1099 2334 Alexandriam
1133 2279 1219 2328 est
1250 2284 1513 2325 reversus
1547 2286 1566 2324 :
1605 2266 1702 2322 ubi
1747 2281 1871 2321 cum
1911 2265 2035 2336 qui-

442 2375 681 2431 busdam
727 2370 1018 2432 fratribus.
1052 2371 1107 2421 in
1139 2367 1263 2422 loco
1303 2364 1391 2417 cui
1431 2361 1615 2416 Buceli
1650 2374 1850 2413 nomen
1887 2369 2030 2420 erat,

445 2465 736 2528 habitavit,
767 2462 945 2516 libere
973 2458 1254 2513 Christum
1283 2454 1680 2522 deprtedscans.
1708 2450 1888 2518 Atque
1917 2458 2031 2500 tum

442 2559 521 2612 ibi
573 2554 817 2610 cultores
872 2549 1151 2606 idolorum
1204 2555 1431 2612 repente
1468 2540 1736 2610 impetum
1790 2540 1845 2591 in
1903 2553 2028 2590 eum

441 2650 677 2712 faciunt,
732 2643 962 2698 intubus
1013 2638 1183 2712 pedes
1246 2634 1678 2702 constringunt,
1734 2639 1899 2700 atque
1955 2629 2030 2684 ita

439 2741 724 2797 crudelem
767 2737 821 2791 in
877 2734 1104 2789 modum
1155 2746 1253 2802 per
1299 2728 1494 2783 urbem
1542 2734 1784 2794 raptant.
1841 2725 2030 2793 Itaque

441 2847 647 2905 corpus
677 2834 799 2901 ejus
827 2828 978 2884 saxis
1010 2825 1252 2888 allisum,
1289 2821 1586 2876 admodum
1623 2817 2030 2882 conscinditur,

441 2939 499 2982 et
541 2926 766 2996 sanguis
809 2937 879 2977 ex
923 2936 990 2975 eo
1035 2917 1256 2972 abunde
1302 2914 1546 2985 proﬂuit.
1581 2912 1791 2967 Deinde
1819 2910 2031 2966 carceri

442 3021 622 3074 virum
658 3026 913 3070 sanctum
946 3010 1262 3066 includunt.
1293 3007 1372 3061 lbi
1396 3007 1448 3060 ei
1475 3013 1706 3074 apparet
1741 3003 2029 3066 Dominus,

440 3114 687 3166 futuram
747 3109 826 3162 illi
884 3105 1113 3178 gloriam
1167 3099 1568 3172 pramunlians.
1631 3096 1796 3166 210
1839 3095 2032 3150 Denuo

441 3217 624 3261 auum
660 3220 727 3258 ex
760 3217 983 3258 carcere
1013 3205 1350 3259 extractum,
1382 3209 1479 3263 per
1508 3191 1716 3262 plateas
1745 3191 2030 3245 immanis-

1685 401 2114 466 NICEPIIOBI
2160 400 2508 464 CALLISTI
3587 406 3678 470 876

2711 520 2966 576 ΚΚΦΑΛ.
3009 523 3142 576 Ml".

2136 618 2274 686 Περὶ
2308 617 2427 672 τῶν
2461 616 2647 686 ἁγίων
2693 615 3077 686 (inconiuus:
3116 613 3213 668 καὶ
3276 617 3687 686 εὐαγῆ-θλαστῶν·

2207 684 2455 756 Μάρκιύ
2496 684 2559 742 τε
2615 685 2942 740 καὶΛουκᾶ
3004 684 3124 740 τῶν
3178 687 3246 740 ἐκ
3307 684 3686 760 τώίίέσδομήο

2207 777 2414 814 κοντα.

2206 878 2312 932 Ναὶ
2342 879 2451 948 μὴν
2482 877 2576 932 καὶ
2608 875 2839 946 Μάρκον
2861 876 2956 928 καὶ
2990 874 3082 929 τον
3107 873 3249 927 θεῖον
3281 875 3508 938 Λουκᾶν,
3537 875 3582 928 ei
3607 875 3689 928 καὶ

2134 973 2246 1032 τοῖς
2276 970 2651 1040 ἑϐδομήκοντα
2687 966 3158 1037 κατηρίθμηνται.
3199 969 3310 1031 τοῖς
3343 965 3593 1037 παροῦσιν
3620 969 3692 1020 ὲν-

2133 1061 2293 1129 τὰξαι
2325 1063 2435 1115 δεῖν
2469 1058 2650 1131 οἶμαι,
2693 1061 2788 1114 ἆτε
2821 1059 2885 1131 δὴ
2918 1061 3010 1112 τὸν
3043 1061 3142 1129 μὲν
3173 1060 3386 1132 Πέτρῳ,
3419 1059 3630 1131 θάτερον
3645 1061 3694 1112 δὲ

2133 1154 2224 1207 τὸν
2254 1154 2471 1207 Λουκᾶν
2497 1151 2696 1222 Παύλῳ
2733 1153 3181 1223 μαθητευθέντας
3207 1166 3222 1182 ⁰
3259 1152 3455 1215 καὶ’ὡς
3487 1152 3697 1220 εὐαγγε-

2133 1245 2349 1308 λιστάς,
2382 1246 2494 1304 τοῖς
2523 1244 2646 1298 δυσὶ
2677 1243 2960 1313 μεγίστοις
2991 1241 3412 1311 εὖαγγελισταῖς
3442 1260 3696 1312 συγκατα-

2133 1343 2315 1412 λὲγειν
2344 1341 2547 1412 χρεών.
2581 1341 2805 1412 ’Δμέλει
2830 1358 2912 1394 τοι
2935 1343 3064 1411 περὶ
3099 1339 3199 1411 μὲν
3223 1342 3451 1410 Μάρκου
3491 1340 3578 1393 καὶ
3615 1337 3698 1392 τοῦ

2133 1434 2256 1490 κατ’
2285 1435 2450 1489 αὐτὸν
2487 1434 2849 1506 κηρύγματος
2881 1437 2938 1488 ὲν
2965 1433 3226 1504 Αἰγύπτῳ
3263 1436 3355 1486 καὶ
3389 1437 3444 1488 ὲν
3472 1432 3544 1502 τῷ
3573 1449 3700 1502 παρ-

2133 1530 2249 1583 όντι
2290 1529 2440 1598 τὸμῳ
2475 1530 2609 1599 ἡμῖν
2641 1529 2961 1601 ἀρκούντως
3001 1527 3222 1599 εἴρηται
3243 1545 3258 1560 ο
3299 1522 3451 1592 οὗτος
3479 1529 3531 1582 δὲ
3565 1527 3703 1582 ἀδελ-

2134 1620 2322 1691 φιδοῦς
2364 1617 2434 1690 ἦν
2477 1621 2669 1692 Πέτρῳ
2726 1620 2806 1690 τῷ
2845 1619 3154 1692 ἀποστόλῳ.
3216 1620 3342 1674 Ἐπὶ
3389 1621 3445 1674 δὲ
3475 1620 3703 1688 Τιϐερίου

2134 1713 2418 1784 Καίσαρος
2443 1716 2508 1786 τῇ
2537 1712 2804 1783 Αἰγύπτῳ
2833 1713 2930 1766 καὶ
2950 1711 3151 1784 Λιϐύῃ.
3179 1711 3337 1766 ἔτιδὲ
3369 1713 3460 1766 καὶ
3488 1715 3551 1782 τῇ
3577 1710 3704 1780 Βιρ-

2135 1805 2337 1878 ϐαρικῇ
2388 1808 2538 1878 πάσῃ
2574 1808 2666 1860 τὸν
2719 1805 2962 1878 Χριστοῦ
3003 1805 3161 1874 λόγον
3207 1805 3706 1874 εὐαγγελισάμενος,

2071 1905 2110 1958 Β
2145 1902 2240 1954 καὶ
2266 1899 2703 1969 ὑπαγορεύοντος
2737 1899 2948 1970 Πέτρου
2977 1900 3038 1952 τὸ
3059 1896 3183 1953 κατ’
3207 1900 3369 1952 αὑτὸν
3398 1896 3708 1966 Εὐαγγέλιον

2142 1993 2651 2064 συγγραψάμενος,
2705 1994 2762 2046 ὲν
2831 1991 3061 2067 Κυρήνῃ
3114 2009 3176 2046 τε
3247 1993 3346 2046 καὶ
3395 1991 3708 2046 Πενταπόλει

2136 2080 2306 2135 πολλὰ
2332 2083 2426 2136 καὶ
2458 2080 2663 2153 ἄπειρα
2703 2082 3108 2153 ἐργασάμενος,
3133 2081 3229 2136 καλ⁸
3260 2083 3553 2155 ἐκκλησίας
3579 2081 3711 2134 ἀνοι-

2135 2173 2468 2246 κοδομήσαις,
2513 2175 2754 2246 κλήρους
2795 2193 2855 2230 τε
2884 2178 2981 2230 καὶ
3022 2178 3385 2242 ἐπισκόπους,
3423 2175 3514 2230 καὶ
3559 2173 3713 2228 τᾶλλα

2135 2268 2532 2339 προσηκόντως
2581 2269 2964 2342 ὃιενεργήσας,
3023 2272 3104 2335 είς
3155 2269 3258 2342 τὴν
3319 2269 3714 2340 Ἀλεξάνδρειαν

2135 2359 2302 2414 πάλιν
2337 2360 2591 2416 ἐπάνεισι
2614 2378 2628 2395 ο
2663 2364 2802 2417 ὅπου
2843 2363 2908 2435 δή
2944 2363 3044 2429 τάς
3072 2363 3370 2434 διατριϐάς
3406 2362 3715 2432 ποιούμενος

2133 2449 2202 2525 ἦν
2260 2455 2318 2507 ὲν
2380 2457 2492 2519 τοῖς
2552 2454 2821 2509 Βουπάλου
2877 2455 3314 2526 ὀνομαζομένοις
3375 2452 3516 2526 μετά
3566 2468 3716 2507 τινων

2134 2545 2407 2616 ἀδελφῶν,
2445 2547 2736 2619 παρρησίᾳ
2768 2546 2860 2601 τὸν
2891 2547 3131 2618 Χριστὸν
3161 2546 3482 2618 κηρύττων,
3517 2544 3577 2599 0i
3617 2541 3719 2597 τοί-

2133 2657 2229 2694 νυν
2263 2642 2371 2693 τῶν
2403 2641 2644 2695 εἰδώλων
2681 2641 3023 2712 θεραπευταὶ
3053 2642 3259 2712 αἴφνης
3293 2639 3446 2710 αύτῷ
3476 2638 3720 2704 ἐπιθέμε-

2135 2746 2239 2793 νοι,
2271 2729 2528 2802 σχοινίοις
2560 2731 2687 2796 τοὺς
2732 2731 2901 2796 πόδας
2929 2731 3311 2800 διαλαϐόντες,
3356 2733 3720 2804 ἀπηνέστερον

2135 2818 2334 2879 εἷλκον.
2366 2825 2570 2893 Πέτραι
2594 2825 2652 2879 δὲ
2683 2827 2802 2911 ταῖς
2837 2825 3031 2897 σαρξὶν
3055 2823 3226 2878 αὐτοῦ
3256 2827 3714 2897 προσπίπτουσαι,

2134 2917 2343 2983 ταύτας
2392 2918 2744 2986 κατέξαινον,
2777 2919 3012 2989 αἵματος
3051 2920 3490 2990 καταρρέοντος.
3516 2916 3723 2989 Φρουρᾷ

2133 3010 2189 3064 δὲ
2213 3010 2706 3082 περικλεισάντων,
2728 3011 3022 3066 ὀπτάνεται
3043 3011 3194 3081 αὐτῷ
3223 3012 3455 3083 Κύριος,
3489 3011 3582 3081 τὴν
3602 3009 3722 3080 μὲλ-

2134 3105 2336 3158 λουσαν
2373 3104 2519 3175 αύτῴ
2554 3105 2714 3172 δόξαν
2769 3104 3229 3176 προδιαγράφων.
3264 3105 3443 3158 Πάλιν
3486 3102 3542 3155 δὲ
3589 3099 3725 3154 κατὰ

2135 3197 2238 3268 τῆς
2265 3197 2532 3262 πλατείας
2565 3198 2956 3267 ἐξαγαγόντες,
2987 3197 3216 3268 ἀπηνῶς
3248 3193 3460 3253 εἷλκον.
3484 3195 3638 3251 Οὕτω
3661 3193 3723 3262 δή

445 3300 585 3352 sime
637 3299 888 3350 trahunt.
942 3295 1122 3360 Atque
1169 3287 1237 3342 ad
1289 3287 1437 3340 hunc
1489 3285 1712 3338 modum
1759 3293 2032 3352 raptatus,

2142 3289 2468 3361 συρόμενος,
2496 3293 2558 3344 τὸ
2605 3291 2826 3362 πνεῦμα
2862 3291 3204 3364 παρατίθησι
3233 3292 3315 3363 τῷ
3356 3290 3500 3363 Θεῷ.
3542 3288 3720 3343 Ἀντέ-

448 3394 669 3446 tandem
722 3385 978 3457 spiritum
1031 3385 1144 3438 Deo
1191 3379 1566 3441 commendat,
1627 3377 1874 3446 corporis
1946 3373 2034 3427 in-

442 3482 703 3554 gentibus
736 3478 953 3549 gratiis,
997 3476 1195 3531 anima:
1238 3471 1542 3536 virtutibus
1587 3471 1822 3523 mirilice
1863 3469 2037 3522 collu—

443 3575 705 3631 centibus
750 3581 919 3642 atque
965 3564 1557 3637 correspondemibus.
1596 3560 1723 3616 Fuit
1758 3570 1944 3614 autem
1987 3560 2034 3613 is

441 3679 668 3724 statura:
701 3675 758 3720 et
808 3663 990 3717 aetatis
1037 3669 1214 3723 stat-.e,
1263 3664 1430 3727 atque
1475 3655 1813 3710 semieanus.
1859 3650 2036 3704 Lucas

443 3775 630 3818 autem
682 3759 1012 3824 Antiochiae,
1063 3771 1188 3827 quae
1236 3753 1292 3807 in
1347 3750 1651 3821 leesyria
1697 3757 1803 3814 est,
1853 3761 2032 3812 ortus,

443 3871 561 3912 arte
585 3855 809 3926 quidem
840 3851 1112 3913 medicus,
1139 3847 1236 3902 sed
1263 3855 1320 3901 et
1344 3843 1609 3914 pingendi
1637 3839 2031 3912 peritissimus,

445 3953 676 4015 Thebis,
699 3963 822 4020 qua:
847 3947 980 4000 urbs
1001 3953 1212 4013 septem
1243 3939 1436 3995 habuit
1464 3949 1676 4008 portas,
1705 3935 1772 3988 ad
1804 3934 2033 3988 Paulum

444 4046 603 4100 venit
642 4061 654 4097 :
693 4052 860 4110 atque
896 4037 974 4091 ibi
1012 4035 1210 4090 nuntio
1243 4033 1424 4088 errori
1459 4031 1641 4102 patrio
1681 4029 1934 4093 remisso,
1965 4026 2034 4081 ad

443 4138 732 4192 Christum
763 4130 1020 4193 accessit,
1054 4144 1156 4198 pro
1197 4140 1493 4196 corporum
1529 4131 1788 4178 curatore
1828 4122 2038 4176 anima-

443 4245 568 4285 rum
606 4228 852 4283 medicus
899 4225 1101 4279 lactus.
1150 4219 1508 4290 Evangelium
1554 4217 1601 4272 is
1652 4231 1815 4269 suum
1866 4213 2035 4268 l’aulo

443 4323 689 4378 dictante
741 4319 988 4390 scripsit,
1027 4326 1195 4386 atque
1242 4315 1433 4370 itidem
1465 4311 1846 4382 apostolorum
1876 4314 2031 4363 Acta.

442 4417 580 4471 Cum
613 4414 783 4470 Paulo
810 4422 997 4467 autem
1032 4410 1222 4465 Romae
1250 4421 1376 4462 cum
1418 4405 1638 4469 fuisset,
1675 4405 1731 4459 in
1765 4402 2034 4459 Graeciam

444 4521 531 4565 est
562 4522 849 4575 reversus,
889 4505 1272 4577 plurimosque
1307 4502 1381 4556 ibi
1429 4501 1635 4555 divinae
1679 4497 1948 4553 doctrinae
1978 4505 2035 4551 et

2137 3380 2353 3450 λαμπον
2384 3382 2570 3451 μέντοι
2594 3381 2650 3433 αἱ
2681 3380 2776 3434 τοῦ
2804 3380 3060 3451 σώματος
3085 3384 3316 3452 χάριτες
3349 3385 3472 3444 ταῖς
3505 3379 3601 3450 τῆς
3627 3378 3726 3445 ψυ-

2139 3472 2239 3542 χῆς
2293 3473 2538 3543 ἀρεταῖςο
2596 3472 2832 3544 μεσῆλιξ
2880 3472 2938 3526 δέ
2981 3489 3035 3525 τι
3077 3475 3173 3526 καὶ
3225 3473 3591 3544 μεσαιπόλιος
3641 3465 3726 3542 ἦν.

2137 3568 2352 3628 Λουκᾶς
2385 3565 2428 3619 δ’
2460 3566 2516 3634 ἐξ
2561 3567 2899 3637 Ἀντιοχείας
2935 3561 3086 3620 εἷλκε
3119 3568 3179 3619 τὸ
3214 3567 3401 3636 γένος,
3435 3569 3557 3640 ἥτις
3593 3563 3728 3619 κατά

2135 3657 2236 3729 τὴν
2273 3657 2476 3728 Κοίλην
2505 3661 2685 3711 κεῖται
2718 3657 2943 3729 Συρίαν,
2973 3660 3142 3733 τέχνῃ
3179 3660 3283 3730 μὲν
3319 3662 3529 3732 ίατρὸς,
3552 3659 3728 3729 ἄκρως

2137 3751 2194 3804 δὲ
2225 3751 2326 3821 τὴν
2373 3752 2673 3822 ζωγράφον
2704 3751 2899 3824 τέχνην
2939 3752 3400 3822 ἐξεπιστάμενος.
3447 3753 3653 3823 Θήϐαις
3685 3749 3727 3800 δ’

2137 3847 2197 3898 ἐν
2222 3846 2562 3908 ἑπταπύλοις
2599 3844 2676 3918 τῷ
2717 3845 2997 3918 θεσπεσίῳ
3027 3847 3347 3918 περιτυχὼν
3381 3847 3606 3919 Παύλῳ,
3639 3844 3731 3914 τὴν

2141 3940 2409 4010 πατρῴαν
2446 3942 2663 4011 πλάνην
2701 3941 2976 3997 ἀπείπατο
3034 3943 3260 4016 Χριστῷ
3297 3945 3585 4016 προσιών·
3619 3941 3730 3996 ἀντὶ

2136 4030 2192 4084 δὲ
2252 4033 2528 4101 σωμάτων
2561 4037 2662 4107 τήν
2706 4036 2820 4090 τῶν
2865 4037 3053 4108 ψυχῶν
3085 4037 3366 4108 ἠλλάξατο
3407 4040 3730 4110 θεραπείαν.

2139 4125 2248 4179 Καὶ
2278 4127 2344 4198 δὴ
2362 4125 2423 4178 τὺ
2454 4127 2576 4182 κατ’
2601 4129 2767 4184 αὑτὸν
2794 4130 3132 4199 Εὐαγγέλιον
3166 4134 3561 4206 συνεγράψατῡ
3593 4130 3730 4185 Παύ-

2136 4218 2230 4272 λου
2253 4219 2740 4291 ὑπαγορεύσαντος
2767 4239 2782 4254 °
2813 4223 3080 4288 ὡσαύτως
3107 4225 3164 4278 δὲ
3204 4227 3304 4281 καὶ
3334 4231 3438 4292 τὰς
3468 4229 3579 4282 τῶν
3603 4230 3730 4281 ἁπο-

2140 4315 2344 4368 στόλων
2403 4317 2662 4387 Ηράξεις.
2721 4319 3119 4390 Συνδιαγαγὼν
3171 4320 3220 4376 δ’
3277 4324 3340 4378 ἐν
3416 4324 3606 4396 Ῥώμῃ
3650 4322 3722 4393 τῷ

2138 4407 2360 4479 Παύλῳ,
2396 4410 2667 4482 ἐπανήκει
2713 4415 2780 4484 τῇ
2819 4413 3037 4466 Ἐλλάδι
3071 4411 3252 4479 αὖθις.
3292 4407 3541 4484 Πολλοὺς
3569 4421 3624 4473 δὲ
3654 4418 3725 4486 τῷ

2139 4504 2282 4570 φωτὶ
2313 4503 2416 4572 τῆς
2445 4503 2598 4568 θείας
2633 4505 2892 4574 γνώσεως
2927 4505 3271 4580 ποδηγήσας,
3307 4510 3420 4564 ὑπὸ
3459 4512 3573 4567 τῶν
3611 4512 3726 4564 ἀθε-

443 4601 781 4672 cognitionis
827 4599 952 4654 luce
1005 4596 1301 4652 illustravit
1346 4612 1361 4650 :
1411 4603 1468 4650 et
1519 4593 1734 4649 tandem
1776 4607 1806 4646 a
1859 4591 2032 4645 divini

2144 4593 2383 4647 τούντων
2425 4595 2520 4648 τὸν
2570 4596 2717 4651 θεῖον
2766 4595 2927 4666 λόγον
2976 4598 3070 4651 ἐπι
3132 4601 3504 4674 καρποφόρου
3551 4602 3730 4660 ἐλαίας

445 4695 616 4750 Verbi
657 4693 1138 4763 contemptoribus
1186 4706 1255 4746 ex
1303 4689 1596 4744 fructifera
1643 4687 1780 4742 oleae
1831 4684 2036 4740 arbore

445 4803 778 4858 suspensus,
817 4787 966 4858 quod
1001 4785 1144 4841 aridi
1177 4786 1310 4858 ligni
1345 4786 1490 4840 unde
1521 4799 1655 4838 crux
1689 4783 1847 4837 lieret
1876 4781 2035 4851 cepia

444 4900 559 4939 non
593 4893 758 4949 esset,
789 4882 902 4937 Deo
924 4883 1183 4950 spiritum
1211 4878 1647 4943 commendavit,
1674 4891 1802 4931 cum
1844 4882 2039 4928 octua—

443 4980 620 5049 ginta,
670 4985 733 5030 ut
776 4977 1018 5042 dicitur,
1066 4990 1242 5029 annos
1282 4984 1447 5030 natus
1477 4981 1649 5028 esset.
1703 4970 1803 5026 Ubi
1847 4970 2033 5023 autem

443 5086 647 5142 corpus
675 5069 796 5142 ejus
833 5069 979 5123 inter
1012 5067 1120 5122 alia
1147 5067 1432 5138 complura
1455 5074 1813 5120 monumenta
1848 5061 2037 5132 sepul~

444 5175 562 5219 tum
615 5172 792 5227 esset,
826 5162 1076 5217 ﬁdelium
1104 5161 1362 5216 oratione
1396 5170 1484 5215 est
1517 5157 1849 5213 indicatum.
1873 5155 2036 5210 Salu-

439 5259 562 5313 bria
600 5261 752 5313 enim
785 5256 932 5311 Deus
981 5255 1212 5326 collyria
1243 5253 1466 5310 caelitus
1512 5254 1566 5305 in
1609 5259 2032 5306 monumentum

441 5353 564 5422 ejus
615 5350 862 5415 demisit,
892 5349 959 5404 ad
993 5348 1261 5402 indicium
1284 5386 1300 5412 ,
1339 5355 1398 5400 ut
1429 5345 1650 5415 opinor,
1687 5359 1834 5399 cura:
1873 5357 2036 5399 sana-

441 5445 720 5513 tionisquc
747 5445 889 5513 ejus.
929 5442 1085 5498 Unde
1117 5442 1285 5496 etiam
1317 5441 1633 5508 sepulcrum
1667 5439 1786 5506 ejus
1819 5452 1850 5491 a
1897 5438 2034 5490 lide-

434 5537 588 5594 lihus
639 5541 904 5590 Ollllllbih
948 5545 1034 5590 est
1088 5535 1395 5604 cognitum.
1456 5534 1656 5588 Fertur
1712 5538 1756 5587 is
1806 5547 2031 5602 quoque

437 5645 653 5698 primus
702 5629 936 5696 Christi,
972 5640 1028 5684 et
1061 5645 1185 5698 qua:
1224 5643 1350 5681 cum
1386 5629 1459 5682 ita
1495 5637 1556 5680 ut
1588 5628 1760 5682 Deutn
1797 5629 2032 5682 decebat

439 5728 652 5786 genuit,
685 5724 900 5789 matris,
934 5732 1102 5792 atque
1144 5724 1274 5775 item
1307 5722 1620 5792 principum
1650 5721 2028 5790 apostolorum

436 5816 668 5882 elligiem
696 5817 953 5885 pingendi
979 5826 1096 5870 arte
1121 5813 1482 5867 adumbrasse
1514 5831 1524 5864 :
1556 5814 1700 5866 unde
1729 5813 1786 5866 iu
1804 5829 2028 5868 onmem

442 5905 634 5961 deinde
667 5908 1021 5963 habitabilem
1052 5909 1245 5963 orbem
1274 5919 1381 5963 tam
1416 5905 1793 5964 venerandam
1820 5916 1872 5962 ct
1901 5922 2028 5976 prc-

2138 4687 2492 4759 ἀναρτηθεὶς,
2522 4687 2586 4742 οὐ
2630 4687 2740 4761 γάρ
2773 4686 2842 4763 ἦν
2871 4689 3030 4758 ξύλον
3061 4691 3228 4763 ξηρὸν
3259 4693 3411 4750 ὥστε
3447 4698 3532 4762 είς
3571 4713 3730 4749 σταυ-

2142 4778 2235 4848 ρὸν
2265 4777 2760 4853 διασκευασθῆναι,
2793 4780 2873 4852 τῷ
2905 4781 3024 4854 Θεῷ
3059 4784 3160 4856 τὴν
3194 4783 3380 4857 ψυχὴν
3426 4791 3734 4862 παρατίθη-

2138 4887 2247 4938 σιν,
2281 4871 2618 4944 ὀγδοήκοντα
2657 4873 2797 4928 ὲτῶν
2846 4877 3168 4946 γενόμενος,
3197 4876 3274 4943 ῶς
3327 4897 3521 4950 φασιν.
3563 4883 3729 4936 Ὅπου

2134 4965 2194 5020 δὲ
2222 4965 2283 5020 τὸ
2319 4967 2479 5037 σῶμα
2511 4967 2677 5021 αὑτοῦ
2709 4969 2980 5041 κατετέθη
3017 4971 3228 5040 μεταξὺ
3273 4977 3575 5046 μνημείων
3611 4977 3732 5029 πολ-

2135 5059 2267 5128 λῶν,
2306 5065 2588 5134 προσευχῇ
2617 5063 2730 5144 τῶν
2756 5066 2968 5120 πιστῶν
2988 5070 3412 5138 καταμηνύεται
3432 5084 3447 5100 °
3473 5071 3730 5143 κολλύρια

2136 5155 2247 5226 γάρ
2302 5157 2524 5227 ἰατρικά
2580 5159 2609 5210 ὁ
2641 5157 2776 5224 Θεὸς
2808 5157 2938 5213 ὗσεν
2971 5162 3182 5216 ἄνωθεν
3210 5161 3306 5217 τοῦ
3361 5166 3518 5220 θείου
3570 5163 3730 5221 αὐτοῦ

2139 5249 2450 5318 μνήματος,
2475 5250 2556 5314 είς
2576 5250 2872 5320 σύμϐολον,
2903 5251 3082 5323 οῐμαι,
3113 5258 3215 5326 τῆς
3249 5258 3425 5312 αὐτοῦ
3457 5260 3724 5332 ἰατρείας.

2147 5339 2238 5406 Ἐξ
2279 5335 2340 5395 οὗ
2368 5344 2463 5394 καὶ
2493 5343 2770 5413 γνώριμος
2800 5346 2828 5396 ὁ
2855 5349 3028 5415 τάφος
3058 5351 3174 5412 τοῖς
3209 5349 3383 5404 αὑτοῦ
3426 5354 3568 5406 πᾶσι
3603 5351 3730 5406 καθ-

2136 5435 2340 5491 ίστατο.
2375 5438 2513 5490 Φασὶ
2537 5438 2593 5491 δὲ
2625 5439 2790 5494 αὐτὸν
2824 5439 3138 5510 πρώτιστον
3164 5447 3261 5515 τήν
3286 5461 3352 5498 τε
3382 5447 3628 5514 Χριστοῦ
3658 5447 3730 5498 εἰ·

2135 5535 2269 5586 κύνα
2302 5534 2397 5586 καὶ
2423 5536 2523 5603 τῆς
2551 5535 2720 5588 αὑτὸν
2749 5536 3075 5609 θεοπρεπῶς
3101 5541 3402 5610 τεκούσης,
3438 5543 3521 5596 ἔτι
3558 5545 3612 5598 δὲ
3644 5545 3730 5595 καὶ

2133 5627 2242 5680 τῶν
2276 5629 2592 5698 κορυφαίων
2623 5631 2963 5695 ἀποστόλων,
2993 5631 3082 5685 διὰ
3110 5633 3482 5705 ζωγραφικῆς
3515 5637 3728 5706 ἱστορῆ-

2136 5739 2228 5776 σαι
2258 5723 2453 5793 τέχνης
2479 5737 2493 5751 ⁸
2521 5724 2824 5780 κάντεῦθεν
2852 5728 2932 5790 είς
2963 5729 3148 5780 πᾶσαν
3182 5729 3278 5798 τὴν
3303 5729 3646 5798 οἰκουμένην
3673 5727 3726 5776 τὸ

2133 5814 2374 5868 τοιοῦτον
2405 5816 2630 5879 εὐσεϐὲς
2679 5821 2773 5869 καὶ
2822 5817 3098 5885 πάντιμον
3136 5819 3298 5888 ἔργον
3353 5818 3723 5889 ἐξενεχθῆναι.

2135 5911 2209 5963 Τό
2239 5925 2302 5978 γε
2334 5908 2439 5978 μὴν
2468 5907 2653 5970 αἰδοῦς
2693 5909 2915 5982 ἁπάσης
2954 5911 3101 5978 ἀξιον
3133 5915 3191 5965 τὸ
3234 5909 3382 5979 ἱερὸν
3416 5911 3587 5965 αὐτοῦ
3626 5911 3727 5962 λεξ-
