4046 6490
458 481 562 545 877

1402 467 2005 537 ECCLESIASTICIE
2045 465 2439 531 lllS'I'URI/E
2482 464 2630 525 LIB-
2677 459 2758 524 ll.

3619 465 3723 527 878

454 598 627 667 ψανον
682 591 1091 656 Κωνστάντιος,
1118 591 1146 643 ὁ
1190 585 1288 644 τοῦ
1339 590 1581 659 μεγάλου
1627 586 2039 645 Κωνσταντίνου

2148 583 2346 638 tiosum
2380 594 2520 648 opus
2552 588 2637 635 est
2685 577 2919 631 illatum.
2973 567 3257 645 Reliquias
3296 572 3519 642 quidem
3571 584 3722 629 certe

455 690 595 753 υίὸς,
621 687 690 742 δι’
734 684 1023 756 Ἀρτεμίου
1070 683 1165 737 τοῦ
1200 683 1460 752 μεγίστου
1502 682 1779 752 μάρτυρος
1813 683 1877 733 ὲκ
1923 679 2036 749 Θη-

455 783 568 838 ϐῶν
593 778 1116 852 μετακομισάμενος
1137 816 1153 841 ,
1179 777 1446 840 ὡσαύτως
1472 776 1527 829 δὲ
1563 776 1658 829 καὶ
1682 780 1743 829 τὸ
1774 776 1866 828 τοῦ
1889 792 2038 844 πρω-

455 870 723 936 τοκλήτου
763 867 1019 935 Ἀνδρέου
1064 868 1128 918 ἐκ
1162 865 1389 935 Πατρῶν
1422 865 1524 935 τῆς
1580 866 1823 936 Ἀχαΐας,
1860 864 1941 916 ἔτι
1979 864 2037 917 δὲ

457 961 551 1015 καὶ
581 963 646 1014 ὲκ
671 958 769 1025 τῆς
804 962 862 1012 ἐν
905 957 1063 1027 Ἀσίᾳ
1103 957 1332 1025 Ἐφέσου
1361 956 1633 1025 Τιμοθέου
1671 956 1764 1009 τοῦ
1805 955 2039 1010 ἀποστό-

456 1050 572 1111 λου,
608 1052 664 1103 ἐν
693 1050 758 1119 τῇ
791 1047 1065 1116 ἐπωνύμῳ
1092 1043 1187 1098 τοῦ
1215 1045 1424 1114 πατρὸς
1451 1043 1617 1097 αὐτοῦ
1640 1043 1793 1096 πόλει
1830 1044 1907 1113 τῷ
1927 1044 2035 1095 τῶν

457 1141 617 1209 ίερῶν
657 1137 977 1193 ἀποστόλων
1017 1135 1171 1207 σηκῷ
1203 1134 1521 1205 σεόασμίως
1546 1134 1833 1189 κατέθετο.
1873 1132 2036 1187 Ἀλλὰ

457 1235 588 1302 περὶ
628 1230 727 1301 μὲν
759 1229 870 1283 τῶν
904 1228 1065 1282 θείων
1092 1227 1189 1282 τοῦ
1223 1227 1464 1298 Χριστοῦ
1495 1225 1771 1297 φοιτητῶν
1800 1225 2037 1296 ἀρκούνι

455 1344 562 1389 τως
598 1324 664 1378 ἂν
696 1323 828 1393 ἔχοι.
873 1323 963 1374 Ἐν
1002 1323 1185 1388 μέντοι
1223 1320 1301 1391 τῷ
1332 1320 1500 1390 τρίτῳ
1537 1319 1729 1391 βιϐλίῳ
1760 1320 1855 1373 καὶ
1905 1321 2038 1390 περὶ

456 1421 566 1470 τῶν
597 1416 801 1469 λοιπῶν
847 1415 1165 1468 ἀποστόλων
1213 1413 1308 1466 καὶ
1360 1412 1469 1465 τῶν
1515 1412 1744 1475 ἐκείνοις
1775 1412 2036 1482 διαδόχων

458 1509 720 1579 ἐροῦμεν,
755 1509 854 1561 καὶ
891 1508 1007 1559 ὅσοι
1040 1510 1247 1559 τούτων
1285 1505 1540 1576 ἕγγραφα
1569 1504 1867 1560 κατέλιπον
1902 1506 2037 1558 ὑπο-

459 1603 740 1672 μνήματα.
775 1600 927 1662 Τέως
958 1615 1021 1665 γε
1057 1598 1162 1668 μὴν
1205 1600 1297 1650 ἐπὶ
1331 1596 1409 1667 τῷ
1444 1597 1680 1668 παρόντι
1718 1597 1862 1658 τίνες
1892 1592 2034 1668 ἦσαν

455 1687 505 1742 oi
539 1688 780 1760 μαθηταὶ
808 1688 1048 1760 Χριστοῦ
1082 1689 1277 1759 ῥητέον
1301 1704 1314 1719 ⁸
1350 1691 1497 1751 τίνες
1547 1688 1590 1741 δ’
1624 1683 1690 1743 αὖ
1723 1689 1789 1743 ὲκ
1828 1688 2039 1741 τούτων

456 1782 554 1849 τὴν
586 1780 852 1849 συζυγίαν
879 1780 1222 1849 ήσπάσαντο,
1251 1782 1346 1835 καὶ
1371 1780 1486 1834 ὅσοι
1512 1781 1624 1834 τῶν
1655 1779 1894 1851 Χριστοῦ
1923 1779 2037 1833 δια-

456 1871 659 1943 τριϐῶν
687 1872 978 1926 κατέλιπον
1010 1872 1383 1943 ὑπομνήματα
1413 1889 1426 1903 ⁸
1459 1874 1606 1936 τίνες
1637 1889 1696 1926 τε
1724 1872 1882 1935 αὖθις
1917 1874 2037 1925 ἐπι-

2143 676 2285 746 eius,
2316 674 2526 727 honore
2556 669 2755 741 quovis
2786 668 3002 738 dignas,
3039 667 3421 733 Constantius,
3450 664 3723 721 Constan-

2145 768 2245 820 tini
2281 763 2475 835 Magni
2503 762 2666 825 ﬁlius,
2702 772 2799 830 per
2836 759 3173 822 Artemium,
3219 758 3522 811 niaximum
3565 756 3720 811 illum

2142 870 2460 931 martyrem,
2518 856 2744 923 Thebis,
2798 854 2961 909 sicuti
3019 852 3186 908 etiam
3239 852 3336 922 qui
3393 852 3605 921 primus
3652 853 3722 905 ad

2142 954 2508 1025 apostolatum
2534 959 2616 1006 est
2648 958 2894 1011 vocatus,
2916 946 3169 1010 Andreae,
3194 945 3375 1000 Patris
3402 960 3469 1001 ex
3491 944 3721 1010 Achaia,

2142 1056 2197 1101 et
2237 1045 2429 1100 itidetn
2473 1041 2751 1097 Timothei
2799 1039 3034 1110 apostoli
3083 1054 3150 1092 ex
3194 1039 3336 1093 Asiae
3367 1038 3613 1107 Epheso,
3664 1038 3722 1093 in

2139 1138 2522 1208 cognominem
2560 1134 2701 1204 patri
2748 1148 2848 1187 suo
2897 1133 3088 1186 urbem
3137 1131 3459 1195 translatas,
3522 1130 3727 1199 templo

2141 1232 2351 1289 sanctis
2388 1229 2655 1300 apostolis
2707 1242 2869 1282 sacro
2917 1226 3128 1280 intulit.
3170 1222 3370 1278 Verum
3419 1226 3488 1279 de
3520 1224 3726 1279 divinis

2140 1324 2349 1381 Christi
2392 1321 2677 1391 discipulis
2726 1312 2843 1373 huic
2902 1318 3045 1373 dicta
3098 1316 3395 1371 sufﬁciant.
3444 1316 3503 1369 ln
3562 1318 3725 1368 tertio

2140 1418 2287 1473 enim
2323 1415 2524 1469 deinde
2550 1413 2717 1475 libro,
2743 1411 2814 1464 de
2841 1410 3068 1478 reliquis
3099 1408 3387 1477 apostolis,
3421 1423 3726 1475 eorumque

2140 1505 2578 1567 succcssonbus,
2635 1514 2691 1557 et
2741 1517 2865 1570 quae
2915 1500 3156 1569 quisque
3207 1513 3395 1551 eorum
3442 1496 3728 1566 reliquerit

2142 1600 2371 1668 scripta,
2413 1595 2704 1651 historiam
2738 1603 3010 1648 texemus.
3053 1591 3109 1645 In
3142 1589 3436 1659 praesentia
3482 1589 3572 1642 illa
3602 1603 3728 1657 per-

2140 1691 2426 1761 sequenda
2474 1689 2732 1749 veniunt,
2788 1686 3015 1756 quinam
3060 1683 3275 1737 fuerint
3329 1680 3536 1737 Christi
3595 1696 3729 1749 apo-

2140 1783 2265 1839 stoli
2298 1799 2313 1837 :
2344 1781 2503 1850 211
2540 1778 2635 1849 qui
2660 1795 2726 1833 ex
2760 1778 2828 1831 iis
2858 1777 3120 1846 coniuges
3152 1773 3381 1836 fuerint,
3409 1771 3504 1843 qui
3539 1786 3727 1826 rerum

2141 1893 2173 1932 a
2239 1876 2463 1932 Christo
2514 1884 2790 1943 gestarum
2848 1880 3209 1924 monumenta
3263 1865 3578 1929 ediderint,
3630 1864 3727 1933 qui

459 1962 655 2026 στολάς
680 1979 693 1993 ⁸
729 1963 851 2015 τίνα
885 1979 944 2015 τε
996 1964 1106 2016 τῶν
1169 1963 1642 2034 συγγραμμάτων,
1676 1961 1751 2026 ὡς
1780 1962 2036 2034 ἀναντίρ-

2148 1970 2310 2025 etiam
2341 1968 2606 2039 epistolas
2640 1983 2653 2020 :
2687 1980 2809 2036 quae
2842 1963 2971 2019 item
3010 1963 3235 2031 scripta,
3274 1970 3334 2016 ut
3373 1957 3728 2029 irrcfragabi-

461 2058 600 2125 ρητα
630 2056 725 2109 καὶ
759 2055 1060 2126 ὲνδιάθηκα
1092 2056 1125 2127 ή
1169 2056 1469 2127 Ἐκκλησία
1503 2055 1863 2127 προσήκατο·
1913 2053 2037 2108 τίνα

459 2166 517 2201 τε
548 2148 713 2202 πάλιν
741 2148 817 2212 ὡς
846 2149 974 2203 νόθα
1010 2152 1105 2204 καὶ
1134 2150 1544 2221 παρέγγραπτι
1581 2149 1894 2203 ἀπεώσατο.

1024 2288 1277 2343 ΚΕΦΑΛ.
1330 2290 1463 2347 MA'.

469 2404 635 2470 Τίνες
662 2403 821 2457 εἰσὶν
855 2407 908 2476 oi
937 2403 1166 2476 δώδεκα
1198 2406 1459 2476 Χριστοῦ
1482 2408 1743 2475 μαθηταὶ
1776 2407 1874 2461 καὶ
1893 2406 2042 2461 ἀπό·-

532 2480 767 2538 στολοι,
802 2475 903 2529 καὶ
936 2474 1072 2528 ὅσοι
1111 2476 1179 2529 ἐκ
1208 2474 1439 2531 τοῦτ-ων
1472 2474 1639 2548 γάμῳ
1669 2479 2007 2547 ὡμίλησαν.

534 2591 751 2645 Δώδεκα
792 2592 892 2661 μὲν
923 2590 1017 2646 οὖν
1047 2587 1188 2656 ἦσαν
1225 2594 1273 2645 οἱ
1301 2593 1616 2659 ἀπόστολοι,
1668 2595 2043 2664 ἑϐδομήκοντα

460 2684 519 2738 δὲ
563 2684 802 2753 μαθηταί
835 2700 849 2713 ⁸
896 2684 1046 2739 ἄλλοι
1084 2685 1128 2739 δ’
1162 2685 1256 2739 ἐπὶ
1297 2687 1511 2751 τούτοις
1546 2688 1750 2759 μυρίοι.
1798 2689 1949 2741 Ἐπεὶ
1995 2687 2040 2741 δ’

463 2779 680 2846 ἀγνοεῖν
708 2778 920 2840 πολλοῖς
955 2778 1155 2842 ἔπεισι,
1183 2778 1331 2842 τίνες
1359 2780 1409 2832 oi
1445 2779 1707 2851 μαθηταὶ,
1743 2781 2044 2848 ἀναγκαῖον

463 2865 645 2936 ᾠήθην
674 2868 771 2918 καὶ
792 2866 964 2930 αὑτάς
998 2869 1092 2930 τάς
1127 2868 1278 2939 ἱεράς
1308 2868 1488 2923 αὐτῶν
1516 2871 1741 2939 κλήσεις
1769 2872 1883 2933 τοῖς
1903 2888 2047 2940 παρ-

462 2960 618 3014 οῦσιν
647 2962 888 3026 ἐντάξαι.
924 2962 1240 3031 Κορυφαῖος
1275 2961 1375 3032 μὲν
1404 2957 1497 3017 οὖν
1525 2962 1617 3016 τοῦ
1642 2963 1809 3034 χοροῦ
1842 2966 2046 3034 Πέτρος

462 3054 620 3107 ἐστί⁸
674 3054 930 3123 δεύτερος
974 3054 1229 3121 Ἀνδρέας
1278 3057 1305 3109 6
1334 3055 1569 3123 ἀδελφὸς
1615 3056 1778 3109 αὑτοῦ
1814 3074 1826 3086 ·
1865 3056 2047 3128 τρίτος

2142 2063 2213 2117 lia
2236 2070 2293 2115 et
2322 2058 2755 2121 testamentaria,
2794 2056 3033 2111 Ecclesia
3061 2052 3334 2123 receperit
3366 2066 3381 2105 :
3410 2066 3532 2121 qua:
3559 2050 3728 2104 etiam

2143 2162 2205 2208 ut
2229 2152 2415 2223 Spuria
2443 2162 2501 2206 et
2528 2149 2842 2205 adulterina
2870 2146 3145 2218 reiecerit.

2704 2288 2934 2345 CAPUT
2976 2287 3165 2343 XLIV.

2147 2404 2249 2471 Qui
2282 2405 2387 2458 sint
2410 2402 2685 2457 duodecim
2710 2402 2906 2457 Christi
2935 2399 3184 2469 discipuli
3210 2407 3257 2453 et
3296 2397 3541 2469 apostoli,
3567 2407 3615 2453 et
3636 2401 3729 2470 qui

2422 2489 2487 2528 ea:
2517 2476 2588 2529 eis
2624 2473 3031 2527 matrimonium
3062 2471 3449 2524 contraxerint.

2217 2591 2397 2660 Atque
2419 2587 2677 2659 equidem
2727 2586 3018 2642 duodecim
3050 2585 3279 2640 fuerunt
3303 2585 3570 2656 apostoli:
3601 2600 3731 2655 sep-

2147 2685 2393 2754 tuaginta
2433 2696 2620 2737 autem
2655 2681 2936 2750 discipuli.
2972 2680 3039 2734 Et
3082 2690 3280 2749 praeter
3307 2679 3428 2745 bos,
3471 2679 3729 2732 innume—

2147 2775 2348 2831 rabiles
2373 2774 2488 2829 alii.
2525 2773 2985 2843 Quandoquidem
3017 2786 3151 2826 vero
3181 2772 3365 2834 multi,
3394 2771 3487 2839 qui
3521 2770 3732 2825 fuerint

2149 2866 2432 2937 discipuli,
2471 2866 2746 2937 ignorant,
2779 2862 3095 2918 faciendum
3129 2862 3339 2931 putavi,
3364 2873 3425 2915 ut
3454 2877 3609 2916 sacra
3632 2881 3730 2915 eo-

2152 2974 2274 3014 rum
2312 2957 2537 3012 nomina
2579 2956 2787 3026 scripto
2840 2954 2971 3009 huic
3013 2954 3341 3008 insererent.
3390 2953 3731 3023 Coryplmus

2151 3053 2338 3123 itaque
2391 3060 2448 3106 et
2489 3051 2748 3121 princeps
2780 3048 2939 3103 chori
2970 3050 3115 3118 ejus,
3143 3058 3229 3103 est
3256 3049 3491 3115 Petrus;
3525 3063 3727 3104 secun-

476 3146 733 3210 ’ἰάκωὸος
768 3150 796 3201 6
817 3147 909 3200 τοῦ
938 3146 1226 3200 Ζεϐεδαίου
1256 3146 1580 3218 ἐπικληθείς
1607 3164 1621 3179 ⁸
1659 3149 1754 3202 καὶ
1793 3148 2045 3219 Ἰωάννης

2152 3143 2278 3209 dus,
2324 3142 2494 3196 frater
2548 3141 2667 3210 eius
2722 3141 3005 3205 Andreas;
3062 3141 3282 3205 tertius,
3334 3140 3596 3208 Jacobns,
3633 3141 3728 3210 qui

464 3241 491 3291 6
527 3239 755 3307 ἀδελφὸς
809 3238 999 3303 αὐτοῦ,
1028 3239 1057 3291 6
1101 3240 1484 3310 ἠγαπημένος,
1522 3240 1793 3310 παρθένος
1830 3258 1890 3292 τε
1930 3240 2045 3308 ἃμα

2154 3236 2406 3293 Zebcdaei
2432 3246 2516 3290 est
2545 3236 2759 3301 dictus;
2792 3244 3048 3306 quartus,
3085 3234 3331 3289 Joannes
3381 3234 3556 3289 frater
3585 3235 3727 3305 eius.

463 3331 559 3385 καὶ
591 3329 912 3399 ὲπιστήθιος
933 3346 946 3359 ⁸
979 3331 1233 3400 πέμπτος
1254 3332 1522 3395 Φίλιππος
1544 3345 1559 3360 ⁸
1593 3332 1748 3396 ἕκτος
1782 3331 2045 3402 Βαρθολο-

2150 3330 2386 3386 dilectus
2421 3331 2536 3398 ille,
2569 3341 2627 3387 et
2670 3334 2850 3403 virgo,
2900 3332 2992 3402 qui
3027 3346 3197 3398 supra
3238 3340 3432 3400 pectus
3485 3330 3729 3400 Magistri

469 3426 667 3494 μαῖος·
727 3424 928 3492 Θωμᾶς
975 3424 1246 3495 ἕϐδομον
1302 3424 1425 3478 εἶτα
1480 3425 1759 3487 Ματθαῖος
1811 3426 2049 3494 εὐαγγε-

466 3518 653 3587 λιστὴς
686 3518 874 3586 ὄγδοος
899 3532 913 3546 ⁸
952 3516 1142 3580 ἔνατος
1174 3519 1313 3588 προς
1341 3518 1555 3582 τούτοις
1599 3518 1858 3582 Ἰάκωϐος
1888 3521 1915 3572 ὁ
1953 3518 2047 3573 τοῦ

479 3610 707 3676 ’Δλφαίυ
757 3611 893 3676 υίὸς,
926 3610 1033 3678 οὐχ
1077 3610 1104 3661 6
1136 3610 1460 3678 ἀδελφὸθεος
1492 3624 1507 3640 ⁸
1534 3610 1763 3674 δέκατος
1806 3611 2005 3675 Ἰούδας
2029 3623 2045 3640 ⁸

469 3696 515 3769 ᾧ
538 3700 797 3764 Θαδδαῖος
827 3718 886 3753 τε
918 3701 1015 3753 καί⁹
1041 3698 1272 3763 Λεὸαἶος
1300 3697 1367 3773 ἦν
1391 3702 1578 3771 ἕτερον
1607 3700 1778 3771 ὗνομα
1802 3716 1817 3733 ⁸
1849 3701 1907 3764 ὃς
1935 3702 2049 3766 υἱὸς

473 3795 570 3861 μὲν
604 3793 905 3862 ἐτύγχανεν
957 3792 1032 3845 ὢν
1072 3791 1166 3846 τοῦ
1201 3794 1503 3861 μνήστορος
1544 3793 1767 3862 Ἰωσὴφ,
1817 3791 2049 3862 ἀδελφὸς

466 3886 524 3940 δὲ
570 3885 851 3949 Ἰακώϐου,
882 3886 940 3949 ὃς
973 3884 1299 3953 ἀδελφόθεος
1329 3885 1687 3953 ὲπωνόμαστο
1714 3901 1729 3917 ⁸
1764 3884 2049 3948 ἑνδέκατος

466 3979 563 4032 ἐπὶ
595 3979 804 4041 τούτοις
833 3979 1018 4048 Σίμνω
1040 3980 1067 4030 6
1092 3976 1349 4049 Ζηλωτής
1372 3992 1386 4008 ⁸
1410 3978 1507 4031 καὶ
1532 3977 1831 4042 δωδέκατος
1858 3977 1887 4029 6
1912 3994 2049 4049 προ-

464 4073 626 4145 δότης
666 4073 907 4137 Ἰούδας⁸
962 4066 1024 4127 οὗ
1079 4075 1145 4142 τῇ
1204 4072 1484 4142 ἀπληστίᾳ.
1530 4074 1627 4143 τῆς
1682 4073 2050 4144 φιλαργυρίας

467 4164 884 4235 διαρραγέντος,
936 4164 1191 4226 Ματθίας
1228 4163 1321 4216 τὸν
1374 4163 1678 4217 δωδέκατον
1729 4165 2052 4235 ἐπλήρωσεν

469 4260 723 4328 ἀριθμόν.
759 4252 923 4312 Οὗτοι
972 4257 1071 4328 μὲν
1102 4254 1196 4309 οὖν
1243 4257 1292 4308 oi
1336 4258 1457 4321 ταῖς
1487 4256 1769 4327 ἀληθείαις
1809 4255 2050 4327 Χριστοῦ

474 4349 737 4421 μαθηταί.
770 4349 829 4403 '0
854 4344 1049 4418 ¹μέντοι
1082 4347 1314 4412 Παῦλος,
1346 4347 1405 4400 τὸ
1441 4347 1633 4411 σκεῦος
1663 4350 1764 4419 τῆς
1791 4348 2049 4419 ἐκλογῆς,

469 4440 593 4495 οὔτε
636 4444 748 4506 τοῖς
795 4441 1006 4495 δώδεκα
1038 4441 1513 4509 συγκατείλεκται,
1544 4439 1671 4494 οὔτε
1703 4442 1810 4511 μὴν
1837 4443 1896 4495 ὲν
1938 4443 2051 4506 τοῖς

473 4535 879 4605 ἐϐδομήκονταο
906 4533 1020 4588 ἀλλ’
1051 4534 1109 4586 ὲν
1157 4532 1322 4585 πᾶσίν
1357 4533 1475 4584 ἐστι
1526 4536 1620 4586 καὶ
1673 4532 1782 4604 πρὸ
1830 4532 2052 4587 πάντων

2151 3426 2435 3490 recubuit;
2495 3427 2748 3495 quintus,
2801 3425 3124 3494 Philippus;
3178 3434 3390 3488 sextus,
3431 3423 3730 3478 Bartholo-

2151 3537 2357 3586 maius;
2424 3520 2688 3582 Thomas,
2755 3519 3057 3587 septimus;
3124 3517 3329 3573 deinde
3390 3518 3731 3587 evangelista

2150 3614 2461 3678 Mattbaeus,
2494 3621 2765 3678 octavus;
2801 3626 2983 3665 nonus
3023 3620 3151 3680 post
3197 3611 3319 3675 hos,
3359 3611 3602 3667 Jacobus
3636 3613 3729 3666 Al-

2152 3705 2294 3776 plnci
2328 3704 2495 3769 ﬁlius,
2528 3720 2635 3758 non
2666 3703 2808 3761 alter
2841 3702 2933 3757 ille
2957 3702 3132 3758 frater
3165 3703 3417 3769 Domini;
3453 3703 3726 3769 decimus,

2150 3798 2340 3864 Judas,
2374 3798 2469 3867 qui
2522 3797 2650 3851 item
2679 3795 3014 3860 Thaddzeus,
3048 3804 3214 3866 atque
3247 3797 3415 3851 etiam
3449 3797 3726 3853 Lehbznus

2152 3901 2238 3947 est
2268 3890 2489 3946 dictus:
2544 3891 2590 3945 is
2623 3889 2771 3946 ﬁlius
2810 3890 3038 3967 quidem
3090 3890 3197 3945 fuit
3236 3891 3460 3961 Josephi
3514 3894 3729 3959 sponsi,

2151 3982 2325 4038 frater
2356 3993 2541 4039 autem
2575 3982 2766 4038 Jacobi
2800 3999 2963 4051 quem
2993 3984 3229 4041 fratrem
3261 3983 3358 4040 Dei
3384 3984 3599 4051 dixere;
3629 4000 3733 4038 ur.-

2152 4076 2402 4132 decimus
2435 4076 2656 4140 horum,
2686 4075 2878 4132 Simon
2907 4075 3163 4142 Zelotes;
3191 4076 3575 4143 duodecimus,
3604 4092 3734 4145 pro-

2152 4168 2303 4225 ditor
2333 4169 2502 4225 ludas
2533 4186 2546 4221 :
2584 4169 2680 4239 qui
2708 4184 2832 4224 cum
2883 4168 3205 4239 inexplebili
3240 4170 3489 4223 avaritia:
3517 4170 3733 4237 cupidi-

2154 4270 2268 4317 tate
2320 4263 2652 4333 crepuisset,
2702 4263 2967 4318 Matthias
3016 4262 3420 4317 duodenarium
3485 4263 3733 4331 explevit

2152 4370 2472 4410 numerum.
2504 4356 2573 4409 Et
2597 4355 2635 4409 ii
2666 4356 3055 4425 quidemcsunt
3093 4370 3283 4410 revera
3317 4355 3524 4410 Christi
3564 4359 3732 4410 disci-

2152 4448 2291 4518 puli.
2326 4446 2532 4503 Paulus
2565 4462 2722 4511 νει-ο,
2747 4448 3040 4505 electionis
3070 4462 3184 4513 vas,
3215 4462 3395 4510 neque
3422 4447 3567 4502 inter
3590 4449 3731 4503 duo-

2154 4540 2357 4605 decim,
2387 4554 2571 4609 neque
2605 4539 2752 4593 inter
2797 4540 3145 4609 septuaginta
3194 4551 3520 4596 recensetur
3552 4559 3568 4597 :
3631 4545 3729 4598 scd

472 4616 567 4681 καὶ
598 4626 737 4697 μετὰ
759 4626 998 4688 πάντων,
1030 4617 1226 4694 οἷάπερ
1256 4623 1551 4692 οὐρανόθεν
1584 4623 1827 4694 κληθεὶς,
1863 4625 2045 4689 διαφε-

2155 4634 2210 4688 in
2251 4634 2515 4689 omnibus
2554 4635 2602 4690 is
2647 4643 2755 4701 est,
2789 4646 2846 4691 et
2877 4645 3006 4690 ante
3048 4653 3260 4703 omnes,
3293 4648 3348 4692 et
3387 4655 3511 4693 cum
3544 4643 3693 4693 omni

474 4722 677 4793 ρόντως
715 4719 853 4793 ὑπὲρ
898 4717 1145 4779 ἅπαντας
1181 4714 1258 4785 τῷ
1296 4714 1426 4786 θείῳ
1456 4715 1776 4785 Εὑαγγελίῳ
1807 4730 2048 4783 πεπονη-

472 4814 604 4878 κὼς.
623 4813 717 4865 Ἐκ
752 4813 851 4881 μὲν
873 4814 1079 4863 τούτων
1107 4807 1205 4879 τήν
1235 4806 1497 4875 συζυγίαν
1524 4798 1673 4858 οὗτοι
1704 4806 2045 4875 ἠσπάσαντο,

471 4904 548 4966 ὥς
595 4920 728 4973 φησι
765 4902 998 4969 Κλήμης
1029 4903 1056 4953 6
1089 4900 1452 4970 στρωματεὺς
1498 4898 1557 4952 ιν
1590 4896 1669 4967 τῷ
1714 4896 1884 4967 τρίτῳ
1937 4898 2049 4951 τῶν

474 4995 675 5064 λόγων,
712 4993 805 5058 οὒς
839 4992 1211 5063 Στρωματεῖς
1247 4990 1544 5060 ἐπιγράφει
1571 5006 1588 5023 ·
1638 4991 1780 5044 κατὰ
1806 4991 1916 5059 γὰρ
1940 4990 2051 5043 τῶν

472 5087 815 5141 άθετούντων
835 5088 964 5148 τοὺς
984 5085 1196 5155 γάμους
1220 5083 1368 5154 μάλα
1398 5082 1722 5153 φερόμενος,
1745 5081 1890 5134 οὕτω
1912 5082 2052 5135 κατά

470 5179 615 5248 λέξιν
660 5181 754 5234 καὶ
782 5179 910 5233 τάδε
937 5176 1190 5242 διέξεισιν
1215 5193 1229 5208 ⁸
1261 5196 1279 5229 ι
1330 5178 1398 5230 Ἢ
1424 5174 1572 5230 οὗτοί
1613 5176 1664 5245 γ’
1705 5177 1772 5228 ἀν
1799 5176 1894 5229 καὶ
1924 5175 2051 5237 τοὺς

473 5274 804 5336 ἀποστόλους
837 5270 1350 5340 ἀποδοκιμάσουσι;
1399 5269 1607 5338 Πέτρος
1644 5268 1746 5337 μὲν
1798 5267 1907 5334 γὰρ
1954 5266 2050 5318 καὶ

473 5345 741 5426 Φίλιππος
769 5362 1289 5431 ὲπαιδοποιήσαντοο
1323 5358 1590 5422 Φίλιππος
1621 5357 1679 5411 δὲ
1707 5358 1800 5410 καὶ
1828 5356 1927 5419 τὰς
1956 5355 2051 5409 θυ-

472 5459 714 5526 γατέρας
754 5455 1014 5526 ἀνδράσιν
1066 5452 1320 5517 ἐξέδωκε.
1356 5451 1467 5506 Καὶ
1496 5452 1525 5506 ὃ
1573 5467 1638 5519 γε
1692 5448 1905 5512 Παῦλος
1951 5451 2052 5503 οὐκ

472 5552 623 5604 ὀκνεῖ
652 5550 709 5602 ἐν
736 5565 846 5601 τινι
880 5543 1138 5615 ἐπιστολῇ
1169 5544 1268 5616 τὴν
1300 5545 1466 5598 αὐτοῦ
1500 5543 1735 5613 σύζυγον
1774 5559 2051 5614 προσαγο-

474 5642 687 5712 ρεῦσαι,
716 5641 782 5709 ἣν
812 5640 873 5692 οὐ
919 5638 1273 5710 περιεκόμιζε
1298 5636 1388 5689 διά
1418 5635 1478 5688 τὸ
1502 5636 1599 5705 τῆς
1631 5634 1937 5705 ὑπηρεσίας
1964 5634 2053 5687 εύ-

475 5734 692 5797 σταλές.
733 5753 751 5786 ι
792 5734 927 5801 Περὶ
976 5732 1160 5802 μέντοι
1199 5730 1295 5784 τοῦ
1326 5728 1472 5782 θείου
1508 5730 1717 5801 Πέτρου
1746 5732 1842 5784 καὶ
1882 5730 1940 5782 ἐν
1974 5728 2052 5800 τῷ

471 5824 685 5896 ἑῦδόμῳ
727 5826 1043 5894 στρωματεῖ
1086 5823 1182 5876 τὸν
1219 5822 1496 5893 μακάριόν
1538 5839 1670 5892 φησι
1718 5822 1907 5875 τοῦτον
1949 5822 2051 5893 τὴν

474 5917 670 5972 ἑαυτοῦ
698 5919 931 5984 γυναῖκα
957 5915 1295 5985 θεασάμενον
1321 5915 1679 5987 ἀπαγομένην
1709 5915 1808 5986 τήν
1833 5917 1926 5969 ἐπὶ
1949 5915 2049 5969 θά-

2152 4726 2296 4792 bus;
2333 4726 2538 4796 quippe
2590 4727 2684 4796 qui
2749 4727 2969 4783 ccelitus
3026 4739 3254 4785 vocatus
3300 4731 3394 4794 sit,
3446 4741 3503 4786 ct
3562 4747 3728 4801 supra

2152 4833 2347 4873 omnes
2380 4819 2655 4887 prmeipue
2697 4819 2886 4875 divino
2923 4820 3225 4891 Erangelio
3266 4825 3622 4893 propagando
3656 4828 3731 4879 la-

2152 4909 2454 4964 boraverit.
2487 4910 2565 4964 Ex
2599 4910 2687 4966 his
2717 4910 3036 4982 coniugium
3070 4921 3199 4966 sunt
3229 4915 3490 4983 amplexi,
3521 4924 3579 4970 nt
3608 4919 3727 4986 quiv

2154 4998 2279 5054 dcm
2328 5000 2587 5055 Clemens
2638 5012 2951 5067 contestor,
3008 5002 3061 5055 in
3114 5004 3283 5058 tertio
3336 5004 3479 5060 libro
3537 5020 3727 5059 eorum
3830 5015 3837 5023 '

2150 5087 2688 5143 Commentariorum
2719 5106 2860 5161 quos
2896 5092 3255 5160 Στρωματεῖς
3286 5093 3588 5165 inscripsit,
3622 5104 3732 5149 tra-
3836 5137 3839 5140 s

2154 5179 2279 5234 dit:
2316 5179 2370 5233 in
2405 5190 2818 5251 oppugnatores
2854 5198 3094 5251 namque
3130 5184 3371 5255 coniugii
3424 5185 3611 5238 acrius
3646 5185 3730 5239 in—

2152 5272 2387 5336 vehens,
2414 5274 2494 5325 sic
2534 5272 2719 5327 verbis
2762 5273 2916 5328 hisce
2950 5275 3163 5331 utitur:
3202 5293 3223 5328 ι
3261 5284 3343 5331 Αιι
3376 5278 3465 5331 isti
3500 5278 3724 5333 tandem

2154 5366 2437 5436 apostolos
2485 5382 2707 5436 quoque
2760 5368 3053 5437 reiicient?
3106 5367 3304 5424 Petrus
3351 5369 3629 5440 siquidem
3673 5382 3732 5426 et

2156 5456 2444 5528 Philippus
2476 5456 2672 5513 liberis
2712 5458 2969 5514 creandis
3002 5475 3225 5529 operam
3262 5460 3558 5517 dederunt.
3592 5460 3731 5516 Phi-

2153 5548 2338 5618 lippus
2369 5563 2534 5616 porro
2564 5547 2702 5602 ﬁlias
2720 5548 2886 5602 etiam
2917 5564 3048 5603 suas
3072 5548 3207 5603 viris
3229 5549 3283 5603 in
3315 5550 3729 5606 matrimonium

2153 5638 2378 5693 locavit.
2435 5639 2642 5700 Paulus
2687 5654 2909 5708 quoque.
2954 5653 3064 5691 non
3116 5650 3341 5694 veretur
3390 5641 3444 5694 in
3495 5638 3730 5711 epistola

2155 5730 2396 5800 quadam
2427 5745 2744 5799 comparem
2782 5745 2937 5784 suam
2971 5731 3306 5786 salutatione
3341 5734 3676 5803 compellare
3716 5752 3730 5789 :

2155 5823 2319 5893 212
2352 5838 2516 5892 quam
2549 5820 2773 5891 (Ιυίάθῐη
2808 5822 2899 5876 ille
2936 5834 3229 5895 propterea
3263 5840 3449 5880 secum
3486 5842 3595 5880 non
3629 5828 3737 5880 cir-

2156 5916 2468 5983 cumduxit,
2503 5927 2562 5970 ut
2597 5915 2813 5971 facilius
2841 5916 2891 5971 ci
2925 5918 3353 5989 cxpeditiusque
3388 5930 3539 5975 esset
3566 5920 3731 5977 Verbi
