4046 6462
441 495 548 560 88:)

1406 502 2019 564 ECCLESIASTICE
2057 505 2454 568 ΠΙΞΤΟΒΙᾹΞ
2498 511 2641 574 LIB.
2689 511 2772 572 ll.

3683 373 3713 395 ,ν

3606 515 3712 579 8ῢὸ

439 609 620 674 λέγειν
654 609 822 680 ἔχων,
845 612 961 666 ’ἅτε
999 613 1064 682 δὴ
1092 613 1187 666 καὶ
1221 613 1315 665 ἰπὶ
1342 613 1434 667 τὸν
1463 615 1650 684 τρίτον
1678 613 2031 685 ἀνεληλυθὼς

2144 620 2421 688 epistolas,
2451 623 2548 691 qui
2594 625 2760 680 simul
2795 634 2851 681 et
2880 626 3172 683 verborum
3205 639 3260 685 et
3307 633 3711 688 sententiarum

438 703 692 769 οὐρανὸν,
720 709 812 758 καὶ
839 707 933 759 ἐπὶ
956 707 1044 760 τὸν
1068 707 1340 779 θεοτερπῆ
1360 709 1688 778 παράδεισον
1713 710 1992 776 ἐπαρθεὶς,

437 795 534 848 καὶ
590 795 701 850 τῶν
759 799 1018 871 ἀρρήτων
1069 799 1296 854 ἐκείνων
1353 800 1584 855 ἀκοῦσαι
1643 802 2026 868 καταξιωθείς.

440 888 712 943 ’Υστατον
764 891 822 945 δὲ
868 893 960 946 καὶ
1007 893 1108 965 τὴν
1147 895 1244 949 τοῦ
1301 896 1552 950 Ἰωάννου
1605 896 2028 968 Ἀποκὶλυψιν

438 983 814 1052 ὲπιστάμεθα,
849 986 1299 1057 παραδεδομένην
1343 991 1428 1058 τῇ
1454 987 1778 1060 Ἐκκλησία.
1835 990 1917 1043 τὰ
1970 990 2029 1044 δὲ

439 1075 594 1146 παρὰ
632 1076 809 1130 ταῦτα
835 1078 964 1131 νόθα
985 1097 1043 1132 τε
1077 1082 1172 1134 καὶ
1197 1081 1632 1152 παρέγγραπτα.
1662 1083 1762 1147 ’Ὠς
1803 1099 1867 1151 γε
1920 1084 2029 1154 μὴν

438 1168 624 1238 ἔχουσι
655 1170 866 1234 τάξεως
895 1172 964 1226 τὰ
988 1172 1198 1242 βιϐλία,
1221 1173 1366 1228 οὕτω
1386 1176 1451 1245 δὴ
1478 1175 1648 1245 κάμοὶ
1672 1175 1874 1245 ἐπῆλθε
1900 1178 2030 1246 περὶ

435 1259 647 1316 τούτων
666 1264 847 1316 εἰπεῖν
870 1264 969 1321 τὰς
987 1265 1169 1330 αἰτίας
1190 1267 1536 1340 διηγουμένῳ
1553 1269 1653 1338 τῆς
1677 1269 2025 1338 συγγραφῆς,

439 1353 531 1404 καὶ
569 1353 678 1406 τῶν
710 1354 1025 1424 ἑκθεμένων
1052 1359 1214 1414 αὐτά.

2133 725 2404 782 apparatu
2439 715 2932 784 instructissimus,
2970 721 3112 781 nihil
3137 722 3242 778 sibi
3274 734 3546 794 praeterea
3572 727 3716 779 serio

2138 801 2378 857 bendum
2430 820 2552 861 esse
2606 807 2787 873 duxit,
2825 825 2950 864 cum
2996 813 3220 878 quidem
3263 814 3589 870 innumeros
3645 815 3718 870 de

2139 897 2309 952 rebus
2334 901 2555 953 arcanis
2585 909 2641 955 et
2673 901 3054 958 ineﬂ'abilibus
3085 905 3353 973 potuisset
3381 921 3719 976 componere

2143 990 2310 1060 216
2349 990 2545 1056 libros,
2582 995 2788 1062 quippe
2821 994 2914 1064 qui
2951 995 3005 1049 in
3041 997 3267 1051 tertium
3301 1013 3477 1067 usque
3511 1000 3714 1054 coelum

2139 1093 2354 1153 raptus,
2398 1094 2456 1139 et
2509 1085 2562 1138 in
2604 1085 2921 1154 paradisum
2959 1088 3163 1144 divinis
3203 1091 3590 1159 voluptatibus
3625 1091 3714 1146 af-

2138 1177 2401 1232 ﬂuentem
2448 1177 2724 1242 sublatus,
2777 1180 3046 1235 maximas
3083 1181 3182 1248 ibi,
3219 1197 3344 1253 qua:
3374 1184 3564 1239 dicere
3603 1168 3734 1240 noni

2136 1277 2245 1333 est,
2284 1285 2374 1324 res
2398 1269 2696 1323 audiverit.
2731 1270 2943 1326 Deinde
2974 1281 3031 1327 et
3059 1273 3294 1329 Joannis
3324 1274 3721 1347 Apocalypsint

2137 1363 2401 1416 novimus
2440 1362 2704 1416 Ecclesiaa
2741 1372 3086 1432 postremum
3124 1367 3404 1421 traditam.
3457 1368 3575 1424 Alia
3616 1385 3718 1424 att-

440 1453 572 1511 tem,
600 1458 800 1515 praeter
842 1450 978 1510 haec,
1011 1453 1197 1507 omnia
1247 1453 1529 1524 illegitima
1590 1463 1719 1510 sunt
1778 1463 1833 1510 et
1884 1455 2221 1510 adulterina.
2260 1455 2410 1510 Ordo
2486 1464 2671 1509 autem
2715 1456 2990 1509 librorum
3060 1459 3244 1521 simul,
3301 1475 3428 1514 cum
3497 1477 3727 1521 causam

439 1542 709 1601 editionis
737 1557 1106 1619 auctoresque
1138 1566 1334 1606 eorum
1360 1567 1724 1622 exponerem,
1755 1569 1786 1608 a
1817 1567 1905 1610 me
1937 1553 2251 1608 recensitus
2281 1561 2387 1606 est.

1017 1693 1275 1750 ΚΕΦΑΛ.
1307 1696 1460 1762 Μετ’.

437 1805 579 1880 Περὶ
629 1806 750 1880 τῶν⁵
779 1809 1324 1880 ἁμετιϐαλλομένων
1353 1810 2028 1878 ἑνδιαθήκωνβιὸλίων,

511 1877 674 1950 ὅξως
792 1880 1052 1944 ὕστερον
1076 1877 1143 1934 td
1180 1881 1446 1950 ἔμπεδον
1493 1877 1710 1950 ἔσχον
1752 1882 1851 1935 καὶ
1892 1883 2028 1946 περὶ

508 1946 627 1999 τῶν
679 1948 884 2020 (illam
942 1953 1137 2004 mmm-
1195 1946 1297 2004 καὶ
1357 1946 1876 2020 παρεγγράπτων,
1931 1952 2032 2006 καὶ

445 2075 448 2079 ,
514 2018 1321 2088 παντάπασινἀποὸλήτων.

524 2153 676 2205 Ἐπεὶ
703 2154 760 2206 δέ
792 2171 937 2218 τινες
967 2153 1079 2208 τῶν
1104 2157 1349 2227 ἀρχαίων
1378 2159 1548 2215 πολλὰ
1583 2161 1692 2214 τῶν
1722 2161 2035 2231 εἰρημένων

438 2243 706 2298 ὼϐἐ).ισαν
742 2246 851 2298 τῶν
898 2248 1164 2318 ἀσφαλῶς
1211 2253 1280 2320 τῇ
1328 2250 1634 2322 Ἐκκλησία
1657 2253 2036 2323 παραδεδομέ-

439 2351 571 2397 νων,
592 2333 726 2402 φέρε
759 2337 851 2388 καὶ
879 2339 1007 2408 περὶ
1033 2339 1244 2392 τούτων
1275 2339 1489 2412 βραχέα
1514 2340 1918 2412 διεληλυθότες,
1942 2344 2036 2398 τὸν

439 2423 694 2497 δεύτερον
723 2430 1179 2501 καταπαύσωμεν
1211 2434 1403 2503 τόμον,
1449 2435 1484 2490 ὅ.
1508 2452 1678 2505 φησιν
1712 2437 1976 2500 Εὐσέϐιος
2006 2439 2036 2490 ὀ

444 2519 737 2588 Παμφίλου
779 2522 1242 2592 παρατιθέμενοι.
1276 2527 1413 2598 Περὶ
1449 2527 1548 2596 μὲν
1585 2529 1696 2581 τῶν
1720 2530 2036 2600 εἰρημένων

441 2614 726 2685 τεσσάρων
751 2617 1103 2686 Εὑαγγελίων
1129 2621 1304 2675 οὐδενί
1331 2640 1417 2675 πω
1459 2623 1629 2694 μέχρι
1660 2624 1758 2679 καὶ
1783 2627 1842 2690 ἐς
1866 2625 2029 2695 δεῦρο

441 2706 750 2773 ἀμφίϐολος
800 2710 1110 2780 ἐκράτησεν
1162 2710 1375 2766 ἔννοια·
1404 2714 1606 2785 γνήσια
1636 2714 1694 2768 δὲ
1727 2717 1821 2769 καὶ
1858 2719 2036 2772 οἰκεῖα

447 2798 594 2866 μάλα
655 2799 765 2852 τῶν
831 2803 1317 2874 συγγραψαμένων
1379 2801 1524 2859 εἶναι
1589 2808 2032 2882 ἀνωμολόγηται.

455 2888 684 2959 Ἐπίσης
713 2892 770 2945 δέ
802 2911 944 2964 φημι
975 2895 1131 2961 δόξαν
1151 2894 1375 2951 ὑπεῖναι
1411 2901 1506 2952 καὶ
1538 2901 1669 2972 περὶ
1709 2902 1805 2971 τῆς
1842 2903 2034 2973 βίϐλου

444 2982 556 3035 τῶν
595 2984 878 3055 Πράξεων.
925 2988 1014 3041 Ἐν
1054 2988 1383 3058 ἀμφιϐόλοις
1430 2991 1475 3044 δ’
1511 2987 1648 3062 ἦσαν
1676 2995 1712 3066 ἦ
1741 3012 1802 3049 τε
1840 2997 2034 3069 πρώτη

448 3075 558 3130 τῶν
591 3079 916 3135 Καθολικῶν
973 3081 1236 3136 Ἰακώϐου
1271 3083 1368 3138 τοῦ
1406 3084 1643 3155 ἀδελφοῦ
1683 3087 1780 3143 τοῦ
1806 3090 2036 3162 Κυρίου,

447 3172 594 3243 καὶὴ
626 3173 832 3243 ἑϐδόμη
881 3175 1058 3230 Ἰούδα
1089 3178 1187 3230 τοῦ
1218 3176 1456 3248 ἀδελφοῦ
1487 3179 1675 3246 αὑτοῦ,
1717 3181 1798 3234 ἔτι
1842 3182 1900 3236 δὲ
1942 3185 2038 3237 καὶ

2708 1692 2938 1749 CAPUT
2977 1693 3141 1748 XLVI

2141 1800 2217 1854 De
2250 1803 2666 1856 testamentariis
2699 1801 2844 1856 libris
2867 1804 3178 1872 quibusdam
3229 1806 3282 1856 in
3317 1805 3534 1858 dubium
3566 1821 3727 1859 voca-

2212 1873 2300 1932 (is,
2348 1883 2402 1923 nt
2443 1883 2624 1939 postea
2672 1873 2828 1926 robur
2875 1883 2923 1926 et
2967 1877 3341 1926 auctoritatem
3377 1876 3722 1930 obtinuerint.

2207 1941 2442 2016 ltomnde
2481 1943 2678 2016 spurii;
2699 1953 2745 1995 et
2781 1943 3123 2008 adulterinis,
3169 1949 3488 2016 omninoque
3542 1962 3724 2014 repra-

2207 2013 2394 2066 bandis
2429 2029 2500 2067 ac:
2516 2015 2659 2083 iptio.

2205 2152 2667 2223 Quandoquidem
2701 2170 2832 2210 vero
2865 2156 3006 2222 apud
3049 2157 3312 2226 antiquos
3367 2157 3617 2228 quidam,
3653 2173 3724 2228 es;

2135 2246 2219 2300 eis
2255 2247 2412 2300 libris
2442 2262 2584 2316 quos
2623 2247 2941 2312 retulimus,
2982 2248 3246 2303 Ecclesia!
3274 2260 3428 2304 certo
3458 2251 3719 2315 traditos,

2137 2338 2299 2393 obelo
2327 2338 2596 2409 quosdam
2629 2339 3006 2394 confoderunt
3037 2359 3049 2392 :
3084 2340 3153 2394 de
3178 2355 3241 2394 ea
3279 2357 3503 2412 quoque
3532 2359 3590 2396 rc
3625 2342 3722 2398 ubi

2138 2446 2312 2500 pauca
2351 2431 2678 2495 dixerimus,
2725 2440 2780 2485 et
2812 2447 2932 2501 qua:
2977 2431 3260 2488 Eusebius
3294 2431 3574 2502 Pamphili
3611 2444 3726 2490 trav

2138 2525 2343 2580 diderit
2395 2524 2817 2588 adduxerimus,
2865 2524 3114 2579 secundo
3163 2526 3296 2580 huic
3351 2536 3500 2580 tomo
3554 2526 3722 2587 ﬁnem

2139 2621 2508 2691 imponemus.
2563 2622 2643 2675 Ac
2692 2621 2761 2676 de
2813 2629 3054 2689 quatuor
3104 2623 3328 2690 quidem
3392 2638 3517 2692 qua!
3569 2623 3720 2679 dicta

2136 2719 2267 2766 sunt
2290 2711 2624 2780 Evangeliis,
2651 2724 2815 2766 nemo
2858 2710 3041 2766 adhuc
3078 2711 3144 2764 ad
3181 2713 3332 2765 hunc
3359 2727 3539 2782 usque
3570 2703 3719 2770 diem

2138 2803 2578 2859 controversiam
2633 2803 2828 2869 movit,
2879 2818 3188 2873 omnesque
3244 2819 3306 2858 ea
3358 2820 3622 2875 germana
3662 2815 3721 2861 et

2137 2899 2321 2953 nativa
2348 2914 2470 2954 esse
2493 2908 2623 2952 sunt
2653 2898 2910 2968 professi.
2929 2899 3079 2954 Idem
3108 2915 3330 2969 quoque
3356 2899 3425 2954 de
3454 2900 3722 2957 Actorum

2140 2991 2282 3045 lituo
2335 2991 2660 3046 dicendum.
2720 2991 2796 3046 De
2835 2992 3041 3060 quibus
3094 3001 3280 3046 autem
3329 2991 3720 3052 addubitatum

2141 3083 2232 3144 sit.
2274 3083 2391 3138 hzrc
2421 3092 2572 3138 sunt.
2608 3083 2791 3137 Prima
2844 3085 2989 3137 inter
3022 3084 3324 3138 catholicas
3365 3083 3581 3150 Jacobi,
3614 3084 3728 3144 fra-

2146 3175 2247 3229 tris
2280 3176 2498 3230 Domini
2533 3193 2546 3230 :
2582 3183 2636 3230 et
2682 3176 2918 3246 septima
2947 3175 3127 3239 Judaa,
3166 3176 3358 3232 fratris
3387 3178 3552 3248 ejus:
3590 3177 3724 3232 item

445 3267 480 3336 ἡ
529 3265 762 3336 δευτέρα
805 3265 899 3320 τοῦ
953 3267 1161 3338 Πέτρου
1210 3271 1472 3343 ἐπιστολὴ
1498 3313 1510 3336 ,
1565 3272 1642 3335 ὡς
1683 3273 1780 3327 ἅτε
1821 3273 1887 3345 δὴ
1927 3277 2040 3338 τοῖς

2145 3268 2421 3337 posterior
2453 3267 2601 3322 Petri
2634 3267 2903 3338 epistola.
2939 3266 3013 3321 De
3047 3268 3135 3324 his
3160 3269 3308 3323 enim
3343 3285 3546 3338 anceps
3572 3271 3722 3340 apud

446 3359 698 3421 παλαιοῖς
754 3363 814 3415 ἐν
860 3361 1223 3430 ἀμφιλέκτως
1268 3365 1662 3437 γεγενημέναι.
1699 3367 1820 3421 Τῶν
1867 3369 1927 3421 δέ
1976 3385 2039 3436 γε

447 3451 621 3522 τριῶν
668 3450 943 3518 Ἰωάννου,
991 3452 1132 3524 πλὴν
1171 3457 1271 3526 τῆς
1306 3457 1553 3526 πρώτης,
1591 3459 1650 3512 αἱ
1684 3459 1918 3530 καθεξῆς
1947 3462 2044 3514 δύο

452 3543 619 3616 μέχρι
653 3545 854 3602 πολλοῦ
899 3545 1294 3616 ἀντελέγοντο’
1335 3551 1432 3604 καὶ
1461 3549 1626 3604 ἄλλου
1662 3553 2041 3624 πρεσϐυτέρου

462 3638 718 3694 Ἰωάννου
751 3635 890 3693 εἶναι
914 3639 1120 3704 ταύτας
1143 3640 1306 3710 λόγος
1343 3644 1620 3714 κατεῖχεν,
1641 3645 1699 3708 ὃς
1727 3646 1786 3697 ὲν
1830 3645 2044 3716 Ἐφέσῳ

457 3731 598 3802 μετὰ
631 3733 723 3786 τον
765 3733 1023 3804 Ἰωάννην
1058 3736 1424 3806 παρῴκησεν,
1459 3735 1536 3797 ὥς
1577 3755 1713 3808 φησι
1752 3740 1972 3796 Παπίας
2015 3743 2044 3795 ὁ

465 3827 868 3896 Ἱεραπολίτης,
908 3827 1003 3880 δύο
1045 3827 1313 3898 μνήματα
1351 3831 1409 3882 δν
1444 3829 1656 3900 Ἐφέσῳ
1705 3828 1850 3885 εἶναι
1897 3833 2043 3886 ίστο-

454 3919 567 3989 ρῶν
600 3919 912 3991 ὁμωνύμων
948 3919 1212 3975 Ἰωαννῶν
1232 3937 1246 3951 ο
1277 3913 1351 3975 ὧν
1385 3921 1506 3986 ἐνὸς
1533 3923 1628 3976 τοῦ
1660 3925 2042 3996 πρεσϐυτέρου

451 4013 845 4084 ἐπιλεγομένου
863 4014 960 4067 καὶ
989 4014 1256 4087 ὁμιλητὴν
1279 4016 1477 4069 ἑαυτὸν
1507 4017 1678 4084 λέγει.
1711 4021 2046 4091 Καταλέγων

393 4119 406 4131 ·
451 4107 564 4178 γὰρ
615 4107 744 4171 τοὺς
796 4108 1206 4179 πρεσϐυτέρους
1245 4110 1356 4163 τῶν
1402 4110 1740 4176 ἀποστόλων,
1789 4114 1884 4168 καὶ
1934 4112 2060 4170 τῶν

451 4199 548 4262 δύο
572 4200 780 4254 τούτων
808 4202 1080 4273 μέμνηται
1097 4204 1299 4256 οὑτωσὶ
1329 4203 1558 4272 φάσκω)
1581 4221 1593 4232 °
1624 4224 1643 4262 ι
1660 4207 1721 4259 Et
1739 4205 1798 4259 δέ
1819 4225 1926 4264 που
1951 4209 2046 4262 καὶ

456 4294 963 4366 παρηκολουθηκώς
1001 4311 1085 4359 τις
1131 4297 1244 4359 τοῖς
1275 4297 1680 4369 πρεσϐυτέροις
1716 4298 1884 4361 ἔλθοι.
1920 4301 2049 4364 τοὺς

454 4385 564 4438 τῶν
608 4385 1004 4456 πρεσϐυτέρων
1033 4385 1328 4459 ἀνέκρινον
1349 4389 1542 4458 λόγους
1564 4407 1577 4420 ·
1615 4391 1670 4443 τί
1705 4391 1984 4462 Ἀνδρέας,
2012 4392 2047 4463 ἢ

456 4480 663 4551 Πέτρος
687 4476 864 4543 εἶπεν,
889 4480 920 4552 ἢ
944 4480 1234 4548 Φίλιππος,
1257 4482 1291 4550 ἢ
1320 4482 1652 4553 Ἰὰκωϐος,ἢ
1683 4484 1738 4540 τί
1770 4485 2048 4556 Ἰωάννης,

455 4576 489 4644 ἦ
513 4576 816 4641 Ματθαῖος,
845 4575 878 4646 ἡ
904 4591 991 4638 τις
1023 4575 1213 4644 ἕτερος
1234 4576 1343 4631 τῶν
1366 4578 1461 4630 τοῦ
1495 4577 1703 4648 Κυρίου
1741 4578 2004 4650 μαθητῶν
2028 4595 2042 4609 ⁸

453 4667 494 4731 ᾇ
519 4685 577 4721 τε
617 4669 907 4740 ’Δριστίων
937 4669 1031 4731 καὶ
1052 4671 1080 4722 ὁ
1109 4669 1488 4741 πρεσϐύτερος
1525 4671 1808 4743 Ἰωάννης.
1834 4675 1911 4726 Ού
1934 4673 2045 4745 γὰρ

456 4761 525 4815 τὰ
559 4762 624 4814 ἐκ
657 4762 769 4816 τῶν
819 4760 1044 4832 βιϐλίων
1072 4759 1331 4814 τοσοῦτόν
1363 4778 1432 4830 με
1463 4761 1697 4832 ὠφελεῖν
1716 4763 2046 4835 ὑπελάμϐα-

458 4871 572 4916 νον,
600 4853 730 4906 ὅσον
785 4853 855 4908 τὰ
909 4853 1064 4923 παρὰ
1113 4852 1300 4922 ζώσης
1339 4853 1552 4924 φωνῆς.
1591 4871 1610 4904 ι
1661 4856 1868 4910 Τούτου
1917 4854 2050 4923 γοῦν

458 4949 554 5000 τοῦ
582 4946 969 5017 πρεσϐυτέρου
997 4947 1102 5018 τῆς
1133 4949 1191 5000 ἐν
1225 4946 1436 5018 Ἐφέσῳ
1460 4949 1764 5017 παροικίας
1797 4948 1899 5020 τὴν
1927 4949 2051 5004 δευ-

457 5040 623 5110 τέραν
649 5038 742 5092 καὶ
776 5039 971 5111 τρίτην
1005 5039 1324 5108 ἐπιστολὴν,
1355 5042 1495 5110 πρὸς
1520 5040 1578 5094 δὲ
1614 5041 1710 5093 καὶ
1741 5041 1841 5111 τὴν
1884 5043 2048 5096 Ἀπο-

458 5133 693 5201 κάλυψιν
729 5128 871 5186 εἷναί
916 5149 1063 5195 τ.νες
1109 5131 1567 5202 ἐφαντάσθησανο
1601 5133 1714 5184 τῶν
1741 5133 1799 5186 δὲ
1829 5135 2052 5187 ἐπιστοο

458 5225 568 5285 λῶν
595 5225 832 5291 Παύλου,
883 5225 1025 5296 πλὴν
1066 5226 1166 5296 τῆς
1198 5226 1339 5296 πρὸς
1383 5226 1696 5292 Ἐϐραίους,
1745 5227 2051 5296 ἀναμφίλε-

460 5335 578 5373 κτοι
613 5321 788 5374 πᾶσαι
829 5321 1130 5388 διέμειναν.
1167 5319 1404 5390 Κλήμης
1437 5319 1494 5377 δὲ
1538 5319 1635 5372 καὶ
1663 5321 1833 5389 αὐτῆς
1862 5319 2052 5386 ὁ,”Ρώφ

463 5425 570 5478 μης
618 5408 810 5480 μνείαν
870 5409 1131 5472 ποιεῖται,
1181 5410 1279 5461 καὶ
1321 5409 1509 5478 ῥητοῖς
1561 5425 1675 5461 τισι
1721 5408 1832 5461 τῶν
1869 5411 2050 5462 ἐκεῖσε

463 5503 788 5572 φερομένων
832 5500 1134 5571 ἐμπρέπει.
1174 5499 1337 5553 Ὅθεν
1374 5499 1564 5568 σαφῶς
1596 5499 1932 5568 παρίσταται
1976 5501 2051 5571 μὴ

461 5594 582 5646 νέον
616 5589 761 5645 εἶναι
787 5591 996 5662 ταύτης
1037 5591 1098 5643 τὸ
1145 5591 1529 5661 σύ·ι’γραι.ιμ.α⁹
1561 5592 1656 5646 καί
1709 5608 1773 5659 γε
1823 5592 2053 5650 εἰκότως

461 5687 575 5746 τοῖς
614 5684 823 5748 λοιποῖς
855 5685 948 5738 τοῦ
985 5683 1197 5739 Παύλου
1234 5684 1631 5752 συγγράμμασι
1665 5685 2050 5752 καταλέγεται.

463 5781 540 5832 Τό
568 5797 629 5846 γε
665 5779 774 5848 μὴν
810 5776 985 5831 αἴτιον
1009 5777 1108 5846 τῆς
1139 5777 1271 5848 περὶ
1297 5777 1504 5846 ταύτην
1528 5776 1862 5847 ἀμφιϐολίας
1894 5777 2052 5830 τοῦτο

461 5875 718 5945 γενέσθαι
776 5865 955 5938 λόγος,
1008 5870 1092 5923 ὅτι
1142 5867 1221 5939 μὴ
1258 5869 1507 5940 συνήθως
1554 5871 1612 5924 ἐν
1654 5869 1821 5939 ταύτῃ
1852 5870 1878 5920 ὁ
1912 5869 2052 5929 θεῖος

461 5968 798 6035 ,ῘΑπῦστολυς
830 5965 884 6023 τ’)
917 5961 1108 6017 ἑαντῦ
1141 5963 1498 6040 προϐάλλεται
1531 5962 1717 6033 ὗνομα,
1744 5961 1932 6035 ὥσπερ
1957 5964 2056 6016 κάν

2146 3361 2408 3430 antiquos
2439 3359 2546 3417 fuit
2587 3359 2802 3428 Opinio.
2843 3359 3120 3414 Praeterea
3152 3374 3220 3413 ex
3255 3359 3436 3414 tribus
3464 3375 3588 3430 qua:
3628 3359 3716 3414 di-

2145 3463 2351 3506 cuntur
2383 3467 2507 3508 esse
2535 3449 2789 3518 Joannis,
2823 3459 2979 3506 extra
3032 3451 3293 3520 primam,
3325 3451 3560 3521 reliquis
3589 3448 3729 3507 dua-

2148 3543 2252 3599 bus
2306 3541 2631 3611 aliquandiu
2669 3556 2779 3596 non
2830 3540 3047 3611 integra
3083 3540 3213 3594 data
3246 3549 3332 3595 est
3376 3541 3729 3596 auctoritas:

2145 3649 2272 3688 nam
2302 3633 2537 3689 alterius
2564 3632 2793 3689 Joannis
2822 3631 3130 3702 presbyteri
3157 3647 3281 3688 esse
3315 3633 3548 3688 credita:
3569 3641 3726 3700 sunt,

2145 3725 2240 3793 qui
2295 3725 2500 3796 Ephesi
2545 3733 2671 3796 post
2713 3725 2982 3780 Joannem
3036 3724 3397 3789 habitaverit,
3435 3733 3496 3779 ut
3531 3725 3731 3795 Papias

2146 3819 2488 3889 llierapolita
2529 3818 2700 3884 dicit,
2761 3817 2872 3872 duo
2927 3828 3289 3874 monumenta
3348 3817 3553 3888 Ephesi
3603 3833 3732 3874 esse

2148 3927 2485 3976 memorans,
2520 3911 2688 3968 unius
2713 3921 2882 3982 atque
2916 3911 3152 3966 alterius
3176 3911 3452 3966 Joannis:
3487 3925 3732 3982 quorum

2146 4004 2334 4065 unius,
2369 4002 2680 4075 presbyteri
2715 4003 2870 4068 dicti,
2899 4003 3235 4074 discipulum
3269 4006 3515 4074 seipsum
3552 4005 3735 4058 nomie

2148 4107 2261 4153 nat.
2319 4097 2638 4152 Recensens
2698 4097 2846 4152 enim
2903 4098 3284 4166 apostolorum
3343 4097 3615 4163 seniores,
3677 4108 3737 4153 et

2148 4189 2386 4244 duorum
2438 4189 2671 4244 istorum
2723 4189 3000 4256 meminit,
3037 4190 3114 4243 ita
3147 4187 3458 4258 inquiens:
3502 4207 3520 4240 ι
3573 4188 3733 4255 Quod

2149 4283 2195 4339 si
2248 4283 2474 4352 quando
2521 4282 2824 4355 quispiam,
2881 4283 2975 4352 qui
3025 4282 3307 4337 seniorum
3347 4281 3732 4352 apostolorum

2149 4383 2394 4429 sectator
2427 4373 2643 4438 luisset,
2679 4373 3020 4432 advenisset.
3053 4371 3340 4427 seniorum
3377 4373 3734 4442 requirebam

2149 4469 2317 4523 verba
2342 4476 2399 4522 et
2433 4465 2763 4530 sententias,
2792 4465 2924 4534 quid
2955 4464 3172 4518 scilicet
3200 4462 3452 4518 Andreas
3477 4464 3734 4528 dixisset,

2148 4568 2246 4614 aut
2285 4559 2500 4624 Petrus,
2533 4568 2630 4614 aut
2662 4556 2972 4627 Philippus,
3013 4565 3114 4611 aut
3145 4556 3392 4615 Jacobus
3419 4575 3435 4612 :
3467 4567 3567 4612 aut
3599 4560 3734 4629 quid

2076 4635 2122 4692 D
2153 4651 2412 4716 Joannes,
2460 4649 2769 4713 Matthaeus,
2819 4657 2916 4703 aut
2967 4647 3112 4704 alius
3157 4648 3455 4718 quisquam
3505 4651 3733 4707 Domini

2098 4749 2109 4754 ’
2148 4745 2550 4814 discipulorum
2593 4761 2606 4797 :
2649 4758 2771 4813 quae
2822 4741 2955 4795 item
3007 4741 3282 4806 Aristion,
3335 4752 3437 4800 aut
3481 4742 3726 4801 Joanne!

2149 4837 2462 4908 presbyter.
2491 4836 2612 4891 Non
2658 4835 2806 4890 enim
2849 4835 3007 4890 libris
3053 4843 3268 4890 tantum
3302 4850 3414 4898 me,
3457 4846 3742 4908 quantum.
3798 4867 3802 4894 ς

2151 4930 2274 4985 viva
2305 4944 2442 4986 voce
2491 4927 3094 4999 adjuvari.credebam.
3130 4944 3150 4981 ι
3198 4925 3331 4998 Ejus
3364 4927 3533 4998 igitur
3572 4945 3734 5000 press-
3792 4973 3799 4986 .

2155 5024 2330 5096 byteri
2377 5022 2626 5078 ecclesiae
2671 5019 3038 5091 Ephesiorum
3070 5019 3376 5076 secundam
3420 5030 3478 5075 et
3512 5024 3733 5078 tertiam

2151 5114 2652 5188 epistolam,217
2683 5121 2737 5168 et
2769 5111 3152 5184 Apoealypsim
3190 5113 3443 5181 insuper,
3476 5114 3735 5169 nonnulli

2151 5225 2273 5267 esse
2308 5208 2702 5266 somniarunt:
2736 5205 2891 5260 Pauli
2944 5216 3128 5260 autem
3161 5205 3555 5274 epistularum,
3597 5221 3735 5274 prae-

2152 5311 2406 5372 terquam
2457 5315 2580 5371 quae
2628 5298 2696 5354 ad
2748 5298 3004 5362 Hebraeos
3055 5306 3163 5361 est,
3229 5312 3425 5352 omnes
3489 5297 3748 5353 indubia;

2154 5405 2431 5464 certaeque
2463 5407 2824 5464 permansere
2848 5390 3224 5446 auctoritatis.
3248 5389 3311 5443 Et
3337 5389 3594 5444 Clemens
3624 5389 3733 5444 Ro-

2154 5503 2374 5554 manus,
2405 5502 2532 5542 cum
2569 5484 2912 5541 mentionem
2941 5484 3062 5552 ejus
3098 5483 3272 5561 ipsius
3291 5481 3544 5551 epistola:
3577 5481 3740 5547 facit,

2156 5593 2274 5638 tum
2299 5579 2728 5637 auctoritatibus
2749 5578 2915 5632 etiam
2948 5577 3203 5632 locorum
3232 5575 3599 5643 quorumdam
3629 5576 3726 5644 qui

2156 5677 2214 5735 in
2245 5691 2308 5731 ea
2346 5683 2498 5736 sunt,
2546 5672 2810 5729 decenter
2848 5670 3050 5724 utitur.
3085 5666 3247 5724 Unde
3299 5668 3436 5721 satis
3483 5678 3739 5736 apparet.

2156 5785 2267 5824 non
2311 5782 2514 5822 novam
2575 5765 2695 5836 ejus
2735 5779 2859 5819 esse
2892 5762 3224 5824 editionem,
3281 5769 3542 5828 recteque
3593 5758 3742 5814 inter

2157 5862 2374 5931 reliqua
2408 5859 2562 5922 Pauli
2590 5857 2798 5926 scripta
2829 5855 3067 5911 censeri.
3101 5853 3278 5909 Causa
3315 5854 3564 5923 quidemI
3591 5854 3741 5922 quod

2158 5959 2224 6015 de
2255 5957 2378 6030 eius
2402 5952 2732 6014 auctoritate
2765 5951 2836 6010 sit
2861 5949 3273 6009 addubitatum.
3303 5949 3394 6009 illa
3429 5963 3552 6005 esse
3584 5948 3742 6006 vider
