4046 6428
281 546 300 557 ί
385 469 491 534 887

1618 471 1667 532 Ν
1677 467 2048 532 ICEPHORI
2083 466 2434 531 CALLISTI

3552 453 3656 522 888

388 591 500 646 tur,
530 579 678 650 quod
728 596 838 640 non
872 580 1088 647 itidem,
1123 587 1184 635 ut
1221 580 1274 635 in
1306 581 1431 636 aliis
1459 580 1575 636 suis
1606 580 1861 651 epistolis
1887 579 1965 634 fo-

2081 583 2186 645 ιαῖς
2217 579 2407 641 ἄλλαις
2429 576 2655 648 ἐποίησε
2684 591 2698 606 ·
2734 574 2894 629 τοῦτο
2920 573 2998 638 δὲ,
3030 573 3117 626 ίνα
3153 571 3228 644 μὴ
3257 570 3320 625 ὲκ
3348 572 3652 640 προοιμίων

386 676 483 740 cit,
534 675 698 732 divus
733 674 935 730 Paulus
973 689 1185 730 nomen
1229 675 1281 730 ei
1328 690 1490 729 suum
1541 674 1857 744 pnelixerit.
1905 673 1960 728 ld

383 785 520 823 vero
547 768 778 831 factum,
806 783 876 822 ne
917 767 971 821 in
1003 767 1123 836 ipso
1147 767 1334 822 statim
1371 767 1664 837 prommio,
1701 778 1963 836 tanquam

387 861 456 913 ab
476 859 557 914 eis
582 859 924 922 descivisset,
945 875 1040 914 eos
1059 860 1794 930 perturbaret.Quapropter
1814 867 1966 914 recte

387 966 589 1003 nomen
617 966 777 1004 suum
808 951 1020 1012 omisit,
1078 952 1388 1021 przcsertim
1418 967 1545 1006 cum
1576 967 1832 1006 sermone
1863 967 1967 1022 pa-

389 1042 498 1097 trio
543 1044 608 1095 ad
665 1044 924 1098 Hebraeos
953 1059 1073 1098 cam
1121 1045 1416 1114 Apostolus
1453 1045 1748 1099 scriberet.
1788 1043 1966 1111 Quam

386 1134 588 1190 deinde
653 1135 744 1189 alii
813 1136 1038 1205 quidem
1111 1152 1142 1191 a
1206 1136 1356 1192 Luca
1427 1137 1806 1207 evangelista,
1871 1135 1966 1190 alii

387 1243 524 1283 vero
571 1245 601 1282 a
653 1227 962 1292 Clemente,
1015 1229 1162 1298 quod
1211 1228 1570 1284 verisimilius
1602 1238 1708 1292 est,
1746 1243 1964 1284 versam

385 1337 510 1376 csse
547 1330 831 1376 asserunt.
865 1321 1174 1377 Persimilis
1199 1321 1346 1379 enim
1369 1329 1454 1376 est
1480 1321 1732 1390 epistolae
1763 1320 1830 1375 ad
1855 1321 1969 1376 lle-

388 1414 569 1468 braeos
601 1415 797 1484 stylus,
833 1429 933 1482 per
961 1414 1168 1473 omnia.
1195 1411 1499 1469 Clementis
1532 1414 1804 1482 epistolae.
1836 1413 1970 1468 Sen-

395 1505 587 1558 tentia:
619 1512 884 1573 prmterca
933 1504 1226 1572 utriusque
1266 1521 1375 1558 non
1408 1505 1704 1560 admodum
1734 1504 1882 1560 inter
1910 1520 1970 1560 se

390 1595 674 1650 dill‘eruut.
703 1593 810 1649 Sed
841 1597 991 1650 enim
1027 1595 1156 1650 libri
1185 1596 1242 1656 ii,
1279 1598 1496 1652 tametsi
1523 1601 1874 1652 controversi
1901 1597 1970 1651 ab

391 1689 636 1755 antiquis
668 1689 780 1744 sint
816 1685 1016 1750 habiti,
1044 1698 1235 1758 postea
1266 1699 1450 1744 tamen
1483 1690 1536 1743 in
1565 1689 1826 1744 omnibus
1849 1705 1971 1757 qua:

390 1781 495 1834 sub
548 1780 691 1836 cmlo
745 1790 876 1835 sum
920 1779 1209 1841 Ecclesiis.
1249 1782 1640 1836 auctoritatem
1681 1796 1973 1836 sacrosan-

392 1881 538 1928 ctam
580 1883 636 1926 et
686 1872 1122 1943 irrefragabilem
1173 1873 1562 1940 obtinuerunt,
1615 1881 1672 1929 et
1710 1883 1975 1943 tanquam

395 1966 665 2036 principia
718 1975 886 2036 atque
933 1967 1211 2022 elementa
1251 1969 1472 2038 pietatis
1508 1979 1718 2023 nostrae
1767 1968 1974 2036 sempi-

393 2070 552 2114 terna
585 2068 1034 2130 pernmnsernnt.
1068 2060 1343 2117 Caeterum
1399 2061 1690 2131 illegititna
1722 2071 1779 2114 et
1815 2060 1974 2114 adul-

391 2153 572 2206 terina
604 2152 833 2206 omnino
874 2151 1082 2222 scripta
1109 2168 1254 2214 esse,
1297 2153 1443 2208 scire
1477 2153 1748 2208 debemus
1781 2171 1792 2208 :
1827 2154 1974 2208 Prae-

392 2245 752 2304 dicationem,
787 2259 910 2314 quae
943 2244 1172 2312 dicitur,
1201 2244 1371 2312 Petri,
1403 2254 1458 2300 et
1488 2245 1635 2315 quod
1667 2244 1973 2299 secundum

392 2351 522 2390 eum
552 2345 639 2389 est
681 2334 1041 2405 Evangelium
1074 2354 1087 2389 :
1134 2338 1395 2391 Actorum
1432 2337 1563 2392 item
1593 2338 1716 2408 ejus
1745 2337 1972 2399 librum,

392 2439 450 2484 et
494 2443 616 2498 quas
665 2429 769 2483 sub
810 2430 1034 2483 nomine
1088 2429 1208 2498 ejus
1264 2429 1660 2484 circumfertur
1711 2429 1978 2499 Apocaly-

395 2521 896 2590 psimAccepimus
917 2535 1048 2576 vero
1075 2521 1222 2575 inter
1239 2521 1512 2591 ambigua:
1530 2537 1758 2592 quoque
1782 2529 1948 2576 aucto

397 2615 577 2667 ritatis
621 2615 825 2684 scripta
854 2629 977 2670 esse
1008 2620 1270 2671 Actorum
1314 2615 1466 2669 Pauli
1491 2616 1690 2670 librum
1720 2632 1733 2668 :
1761 2625 1815 2670 et
1845 2631 1974 2670 eum

394 2707 488 2774 qui
523 2707 766 2761 Pastoris
803 2708 967 2763 habet
1018 2709 1267 2772 titulum,
1297 2724 1464 2778 quem
1499 2708 1713 2763 llermm
1748 2709 1974 2778 quidam

397 2800 684 2854 ascribunt
709 2801 780 2862 ei,
830 2804 919 2856 cui
968 2801 1022 2856 in
1069 2801 1310 2872 Epistola
1347 2802 1417 2857 ad
1454 2802 1734 2858 Romanos
1771 2801 1978 2855 Paulus

396 2893 633 2946 salutent
673 2893 914 2947 nuntiari
945 2893 1124 2963 juhet.
1153 2893 1448 2948 Nonnullis
1483 2904 1668 2948 autem
1705 2894 1750 2948 is
1783 2894 1976 2946 admo-

398 2988 531 3039 dum
584 2987 810 3040 videtur
845 3001 970 3042 esse
1018 2986 1389 3048 necessarius,
1420 2986 1504 3041 eis
1555 2985 1836 3056 praecipue
1881 2985 1977 3056 qui

401 3081 576 3147 prima
629 3078 854 3148 pietatis
904 3077 1127 3132 discunt
1180 3078 1518 3142 rudimenta,
1561 3079 1795 3131 multaut
1843 3077 1986 3132 διτο-

403 3187 532 3226 rens
573 3172 774 3226 maturi
812 3171 1030 3226 fruetus
1063 3181 1122 3224 et
1174 3171 1456 3225 utilitatis.
1489 3169 1612 3225 Non
1645 3169 1806 3239 pauci
1857 3168 1980 3238 qui-

401 3263 528 3317 dem
562 3273 714 3318 certe
745 3263 890 3332 apud
925 3262 1192 3333 antiquos
1221 3276 1289 3318 eo
1324 3269 1456 3316 sunt
1509 3262 1616 3317 usi.
1659 3260 1809 3315 inter
1847 3260 1984 3315 asci-

403 3359 522 3413 titia
543 3359 708 3412 etiam
729 3369 814 3413 est
833 3357 1116 3417 Barnabas,
1132 3371 1255 3426 quae
1271 3355 1686 3422 circumfertur,
1707 3354 1942 3424 epistola
1965 3371 1979 3408 :

399 3461 456 3506 et
481 3451 880 3522 quaedicuntur
895 3449 1287 3519 Apostolorum
1313 3449 1595 3527 doctrinm.
1622 3446 1824 3501 Eodem
1845 3459 1985 3515 quo-

399 3559 506 3614 que
541 3545 662 3599 loco
716 3543 1032 3599 habendum
1072 3542 1382 3598 secundum
1423 3539 1685 3595 llcbrzeos
1718 3540 1978 3608 Evange-

399 3641 578 3694 lium:
616 3640 809 3710 quoin
847 3637 1062 3708 primis,
1101 3637 1195 3706 qui
1236 3637 1292 3691 in
1326 3635 1613 3690 Christum
1644 3649 1711 3686 ex
1738 3631 1984 3688 llebrmis

399 3733 783 3797 crediderunt,
834 3741 963 3787 sunt
995 3728 1276 3785 delectati.
1318 3729 1524 3784 Verum
1564 3727 1853 3782 enimvero
1881 3739 1981 3779 ne-

399 3828 633 3880 cessitas
673 3825 925 3894 quaedam
961 3824 1124 3878 nobis
1170 3822 1427 3892 imposita
1473 3831 1614 3876 erat.
1647 3830 1710 3875 ut
1741 3820 1982 3875 mentio-

400 3935 526 3973 nem
561 3919 900 3973 inferremus
933 3918 1198 3972 librorum
1231 3932 1448 3980 eorum,
1480 3917 1574 3985 qui
1617 3914 1702 3968 vel
1738 3929 1806 3967 ex
1852 3927 1983 3980 pro-

400 4014 547 4066 fesso
599 4027 698 4078 per
748 4026 936 4065 veram
988 4018 1448 4078 eonstantemque
1497 4006 1850 4061 traditionem
1913 4004 1982 4058 ab

397 4103 646 4158 Ecclesia
699 4103 936 4171 accepti,
983 4101 1068 4154 vel
1120 4111 1500 4154 controversae
1543 4097 1771 4168 quidem
1825 4097 1982 4152 fuere

397 4199 771 4262 auctoritatis,
822 4198 990 4268 218
1043 4198 1412 4266 plurimorum
1449 4206 1630 4252 tamen
1670 4206 1980 4265 temporum

403 4308 504 4345 usu
547 4301 604 4345 et
637 4290 1058 4360 praescriptione
1103 4287 1469 4358 comprobati,
1517 4288 1571 4341 in
1623 4296 1984 4342 testamenta-

398 4387 609 4436 riorum
646 4388 812 4450 atque
848 4379 1249 4434 canonicorum
1296 4378 1634 4448 scriptorum
1682 4391 1982 4432 numerum

399 4473 558 4528 relati
591 4483 763 4528 sunt:
801 4481 861 4527 ut
904 4472 1121 4526 scilicet
1156 4471 1431 4537 not-imus,
1469 4487 1592 4540 quae
1623 4471 1890 4540 legitimae
1923 4477 1981 4524 et

398 4567 636 4636 propria:
657 4566 770 4619 sint
794 4563 1055 4618 Ecclesiae
1085 4563 1397 4633 scriptum,
1418 4574 1474 4618 et
1503 4578 1625 4632 quae
1659 4563 1788 4616 item
1822 4561 1892 4614 ab
1915 4575 1980 4614 ea

2065 671 2315 734 ἐκείνους
2359 668 2637 739 θορυϐήσῃ
2675 665 2752 728 ὡς
2815 663 3216 734 μεταϐληθείςο
3257 663 3379 716 ὅθεν
3406 661 3502 713 καὶ
3558 661 3658 730 τὴν

2067 762 2264 818 ἑαυτοῦ
2296 763 2514 833 κλῆσιν,
2546 762 2620 821 ὡς
2639 760 2820 828 λόγος,
2841 759 3110 828 παρῆκεν.
3141 757 3351 818 ΙἌλλως
3384 772 3443 807 τε
3475 755 3533 807 δὲ
3564 754 3659 806 καὶ

2068 856 2366 927 ιγγρὰφως
2390 857 2454 926 τῇ
2479 851 2694 923 πατρίῳ
2715 849 2932 921 γλώττῃ
2964 849 3240 920 Ἑϐραίοις
3255 847 3352 918 τὴν
3366 845 3656 917 ἐπιστολὴν

2066 949 2461 1019 διωμιληκότος
2513 946 2609 1001 τοῦ
2653 944 3006 1006 Ἀποστόλου,
3047 945 3098 996 oi
3147 944 3246 1014 μὲν
3297 943 3390 994 τὸν
3422 941 3659 1006 εὐαγγε-

2067 1044 2258 1112 λιστὴν
2281 1044 2518 1106 Λουκᾶν,
2555 1041 2704 1094 ἄλλοι
2731 1041 2787 1094 δὲ
2819 1039 3116 1108 Κλήμεντά
3147 1036 3353 1106 ταῦτην
3387 1033 3661 1104 ἑρμηνεῦ-

2073 1137 2162 1188 σαί
2191 1152 2356 1203 φασιν
2378 1150 2393 1165 ·
2417 1128 2462 1202 ᾧ
2490 1133 2585 1188 καὶ
2622 1131 2909 1184 πείθεσθαι
2940 1130 3184 1200 ἄμεινον.
3207 1126 3430 1196 Ὀμοιός
3459 1142 3517 1178 τε
3554 1124 3660 1194 γάρ

2072 1230 2158 1297 ἐφ’
2191 1229 2400 1283 ἅπασιν
2447 1230 2475 1282 ό
2514 1228 2616 1298 τῆς
2671 1225 2926 1295 φράσεως
2981 1221 3276 1292 χαρακτὴρ
3303 1221 3370 1290 τῇ
3401 1217 3658 1286 ἐπιστολῇ

2073 1323 2393 1392 Κλήμεντος
2428 1320 2457 1372 ό
2491 1322 2590 1388 τῆς
2639 1318 2778 1387 πρὸς
2817 1315 3111 1384 Ἐϐραίους
3159 1309 3346 1380 σαφῶς
3395 1308 3662 1371 διασώζε-

2071 1432 2203 1471 ται·
2235 1413 2306 1467 τά
2337 1430 2398 1467 τε
2436 1414 2690 1482 νοήματα
2735 1413 2794 1464 ὲν
2827 1409 3192 1478 ἀμφοτέραις,
3232 1405 3294 1458 οὓ
3332 1403 3510 1472 πάντη
3553 1401 3662 1454 διε.

2075 1508 2338 1578 στηκότα.
2365 1505 2553 1560 Ταῦτα
2595 1505 2693 1573 μὲν
2720 1502 2766 1556 εί
2796 1502 2892 1556 καὶ
2922 1501 3206 1570 ἀμφίϐολα
3238 1499 3352 1558 τοῖς
3386 1496 3660 1567 πρότερον

2074 1599 2282 1664 ἔδοξαν,
2317 1597 2433 1650 ἀλλ’
2477 1591 2570 1649 οῦν
2599 1596 2846 1658 ἀπάσαις
2898 1594 2953 1654 ὲς
2999 1590 3232 1661 ὕστερον
3283 1590 3402 1650 ταῖς
3437 1587 3531 1638 ὕπ’
3569 1586 3664 1639 οὑ-

2064 1668 2242 1763 ’ρανιν
2277 1689 2598 1759 ἐκκλησίαις
2631 1688 2692 1739 τὸ
2738 1684 3135 1755 ἀναντίρρητον
3165 1679 3446 1748 ἐσχηκότα
3497 1677 3659 1743 ἐγνώ-

2075 1795 2252 1848 καμεν
2274 1794 2288 1808 ο
2321 1779 2417 1832 καὶ
2456 1777 2532 1840 ὡς
2567 1779 2738 1848 ἀρχαι
2768 1778 2864 1828 καὶ
2917 1773 3160 1842 στοιχεῖα
3190 1773 3290 1838 τῆς
3330 1769 3454 1825 καθ’
3510 1767 3660 1839 ἡμᾶς

2078 1869 2396 1935 εὐσεϐείας,
2448 1868 2642 1922 αἰώνια
2693 1868 3034 1936 διαμένουσι.
3069 1860 3397 1919 Παντάπασί
3439 1876 3504 1928 γε
3554 1857 3662 1929 μὴν

2076 1968 2152 2031 ὡς
2182 1963 2312 2018 νόθα
2342 1963 2437 2016 καὶ
2468 1961 2879 2032 παρέγγραπτοι
2912 1955 3088 2010 ταῦτα
3117 1955 3316 2008 εἰδέναι
3341 1951 3658 2022 ὀφείλομεν,

2075 2059 2137 2114 τὸ
2161 2057 2460 2127 λεγόμενον
2493 2054 2778 2124 Κήρυγμα
2815 2049 3023 2119 Πέτρου
3048 2088 3063 2112 ,
3095 2047 3190 2100 καὶ
3235 2045 3297 2098 τὺ
3344 2042 3469 2098 κατ’
3499 2042 3662 2096 αὑτὸν

2077 2151 2416 2221 Εὑαγγίλιον
2437 2189 2452 2213 ,
2494 2149 2590 2201 καὶ
2634 2144 2686 2201 ὃ-
2708 2143 2970 2215 Πράξεων
2999 2139 3166 2194 αὑτοῦ
3204 2138 3410 2210 βιϐλίον
3443 2136 3664 2203 ὠνόμα-

2079 2264 2228 2308 σται,
2260 2245 2355 2298 καὶ
2387 2244 2420 2312 ὴ
2452 2240 2690 2314 ᾁδομένη
2728 2236 2895 2292 αὐτοῦ
2943 2232 3341 2302 Ἀποκάλυψις.
3385 2226 3660 2299 Παρειλή-

2079 2335 2264 2404 φαμέν
2314 2349 2377 2401 γε
2429 2332 2538 2399 μὴν
2597 2330 2655 2380 ἒν
2709 2323 3079 2396 ἀμφιλέκτοις
3123 2314 3263 2374 εἶναι
3307 2319 3402 2373 καὶ
3449 2318 3509 2370 τὸ
3555 2316 3664 2368 τῶν

2079 2425 2339 2497 Πράξεων
2375 2421 2591 2475 Παύλου
2630 2418 2859 2490 βιϐλίον,
2891 2417 2983 2469 καὶ
3003 2414 3065 2468 τὸ
3095 2414 3190 2465 τοῦ
3219 2407 3508 2479 Ποιμένος
3544 2406 3668 2477 ἕχον

2079 2517 2412 2588 ίπιγραφὴν,
2439 2513 2468 2567 ό
2512 2511 2694 2582 Ἑρμᾶ
2721 2510 3066 2580 σύγγραμμα
3090 2501 3234 2559 εἷναί
3256 2519 3402 2565 τινες
3430 2501 3632 2555 οίονται
3651 2509 3668 2528 ⁶

2078 2609 2138 2664 ὃν
2184 2613 2278 2663 καὶ
2305 2605 2541 2671 Παῦλος,
2572 2606 2631 2657 ὲν
2664 2605 2732 2674 τῇ
2765 2603 2902 2672 προς
2936 2599 3271 2668 Ῥωμαίους,
3309 2593 3672 2666 προσρήσεως

2079 2703 2240 2767 ἀξιοῖ.
2284 2699 2409 2752 Τισὶ
2434 2698 2491 2751 δὲ
2537 2697 2694 2750 τοῦτο
2740 2696 2836 2749 καὶ
2881 2691 3319 2764 ἀναγκαιότατον
3361 2687 3530 2750 ἔδοξε,
3557 2685 3671 2746 τοῖς

2083 2791 2318 2860 μάλιστα
2363 2787 2758 2854 είσαγωγικοίς
2800 2782 2901 2835 οὐκ
2937 2781 3232 2848 ἐλαχίστην
3272 2775 3512 2846 παρέχον
3547 2789 3675 2825 συν-

2078 2883 2318 2936 τέλειαν.
2364 2882 2480 2934 Οὐκ
2511 2877 2683 2946 ὀλίγοι
2734 2877 2920 2937 μέντοι
2964 2873 3076 2926 τῶν
3122 2868 3375 2924 παλαιῶν
3429 2881 3674 2935 συγγρα-

2082 2976 2232 3047 φέων
2266 2978 2440 3043 τούτῳ
2471 2973 2800 3043 ἐχρήσαντο.
2845 2970 2932 3022 Ἐν
2970 2966 3148 3029 νόθοις
3199 2965 3293 3017 καὶ
3335 2964 3368 3032 ή
3415 2958 3675 3030 Βαρνάϐα

2089 3068 2371 3140 φερομένη
2401 3064 2680 3134 ἐπιστολὴ,
2703 3065 2798 3116 καὶ
2829 3063 2886 3116 αἱ
2905 3059 3205 3130 λεγόμεναι
3225 3057 3336 3109 τῶν
3361 3053 3673 3108 ἀποστόλων

2082 3161 2335 3232 διδαχαίο
2385 3159 2490 3227 ἢδη
2539 3157 2582 3210 δ’
2627 3159 2685 3209 ὲν
2733 3154 2945 3216 τούτοις
2979 3153 3076 3206 καὶ
3109 3152 3170 3204 τὸ
3217 3149 3342 3203 καθ’
3389 3144 3674 3215 Ἐϐραίους

2088 3255 2430 3322 Εὑαγγέλιον
2494 3249 2873 3320 ἀριθμείσθω·
2916 3239 2961 3315 ᾧ
2995 3245 3234 3316 μάλιστα
3268 3244 3318 3295 oi
3352 3239 3412 3306 ὲξ
3449 3235 3673 3308 Ἐϐραί-

2089 3365 2166 3400 ων
2198 3345 2422 3416 Χριστῷ
2476 3343 2796 3413 προσιόντες
2844 3339 3062 3412 ἔχαιρον
3105 3334 3511 3405 ἀσμενίξοντες.
3550 3329 3670 3383 Ἐπ’

2085 3439 2332 3510 ἀνάγκης
2358 3438 2412 3491 δέ
2440 3435 2755 3508 μοιτούτων
2786 3432 2979 3505 μνείαν
3008 3428 3340 3501 ποιήσασθαι
3367 3423 3670 3493 ἐξεγένετο,

2084 3535 2184 3597 τάς
2208 3549 2268 3586 τε
2297 3530 2621 3600 ἀνωμολογη
2631 3529 2799 3600 μένας
2822 3527 2930 3580 τῶν
2965 3524 3168 3595 βίϐλων
3191 3523 3336 3576 κατά
3362 3519 3464 3590 τὴν
3493 3515 3671 3586 ἀληθῆ

2084 3627 2183 3696 τῆς
2229 3624 2560 3692 Ἑκκλησίας
2606 3620 2937 3692 παράδοσιν,
2968 3617 3063 3670 καὶ
3097 3615 3195 3678 τὰς
3242 3611 3412 3674 ἀλλας
3450 3609 3674 3662 ἀντιλε-

2087 3716 2307 3786 χθείσας
2337 3715 2456 3785 μὲν,
2490 3713 2666 3784 χρόνῳ
2719 3711 2775 3764 δὲ
2819 3710 3065 3779 πλείστῳ
3121 3703 3544 3777 βεϐαιωθείσας,
3576 3700 3672 3754 καὶ

2085 3809 2240 3877 παρά
2288 3810 2424 3860 πᾶσι
2472 3809 2596 3866 ταῖς
2643 3803 2987 3874 ἐνδιαθὴκοις
3024 3799 3452 3865 καταλεγείσας·
3489 3795 3566 3855 ὡς
3607 3795 3674 3848 ἂν

2084 3901 2287 3963 ταύτας
2319 3916 2377 3951 τε
2399 3898 2600 3951 ειδέναι
2625 3896 2866 3975 ἔχοιμεν,
2899 3896 3020 3948 ὅσαι
3052 3895 3276 3962 γνήσιαι
3304 3890 3402 3958 τῆς
3442 3885 3674 3952 Ἐκκλη-

2087 3993 2211 4056 σίας
2244 3991 2493 4062 γραφαὶ,
2532 3990 2626 4044 καὶ
2663 3990 2788 4042 ὅσαι
2829 3987 2964 4056 πρὸς
2997 3985 3108 4038 τῶν
3140 3983 3247 4036 ἀπὸ
3277 3983 3374 4052 τῆς
3401 3975 3676 4050 ψευδωνύ-

2091 4109 2192 4162 μου
2231 4088 2486 4157 γνὼσεως
2523 4086 2607 4155 ἐφ’
2643 4084 2722 4137 ἑνί
2744 4100 2851 4136 τινι
2877 4081 2992 4135 τῶν
3031 4079 3266 4150 πρώτων
3298 4074 3672 4130 ἁνατέθεινται

2085 4183 2425 4239 ἀποστόλωνο
2461 4182 2670 4248 Πέτρου
2706 4181 2838 4248 φέρε
2871 4178 3068 4242 εἰπεῖν,
3101 4173 3274 4241 Θωμᾶ
3301 4188 3359 4223 τε
3392 4169 3489 4222 καὶ
3517 4167 3671 4221 Ματ-

2089 4278 2265 4340 θαίου,
2313 4278 2446 4339 ἴσως
2484 4274 2541 4327 δὲ
2577 4274 2669 4325 καί
2713 4290 2878 4324 τινων
2908 4269 3084 4324 ἀλλων
3131 4265 3443 4334 Ε’ῖιαγγὲλια
3483 4275 3672 4330 περιε-

2085 4370 2287 4440 χούσας
2333 4369 2428 4421 καὶ
2462 4365 2695 4437 Πράξεις
2748 4363 3067 4416 ἀποστόλων
3113 4359 3338 4429 ἑτέρων,
3369 4355 3558 4424 ὥσπερ
3602 4350 3669 4412 ἃς

2097 4461 2355 4531 ’Δνθρέου
2392 4463 2487 4512 καὶ
2522 4457 2771 4511 Ἰωάννου
2799 4455 3232 4524 προϐάλλονται·
3267 4445 3344 4502 ὧν
3383 4447 3532 4507 οὔτις
3562 4444 3670 4496 τῶν

2087 4551 2468 4608 ἀποστολικῶν
2511 4549 2778 4619 διαδόχων
2826 4548 2924 4601 καὶ
2957 4545 3068 4598 τῶν
3104 4543 3344 4611 καθεξῆς
3375 4540 3672 4607 ἐκκλησια-

397 4673 524 4727 qttte
551 4658 688 4710 falso
718 4657 1040 4711 nominatur
1061 4657 1314 4716 scientia.
1335 4657 1389 4709 in
1421 4655 1814 4726 primariorum
1839 4653 1976 4706 refe-

2093 4646 2295 4700 στικῶν
2337 4643 2707 4714 συγγραφέων
2759 4642 2953 4711 μνείαν
3012 4637 3332 4704 πεποίηται.
3397 4632 3457 4684 Ὃ
3505 4630 3550 4683 δ’
3599 4625 3665 4727 αὖ

397 4757 601 4801 runtur
621 4747 1000 4817 apostolorum
1025 4746 1274 4810 nomina,
1305 4744 1453 4801 Petri
1480 4753 1632 4815 puta,
1653 4753 1708 4797 et
1733 4742 1979 4808 Thomaz,

398 4849 451 4893 ot
488 4839 752 4903 Matthiae,
795 4847 852 4893 et
881 4839 1114 4893 fortasse
1159 4839 1398 4892 aliorum
1431 4837 1600 4891 etiam
1635 4835 1979 4905 quempiam,

400 4932 698 5001 Evangelia
758 4942 814 4986 et
867 4931 1000 4986 Acta
1057 4933 1432 5002 apostolorum
1491 4931 1980 4998 complectentes:

397 5025 590 5092 quales
621 5034 774 5089 sunt,
804 5040 927 5094 quae
956 5025 1192 5079 Androm
1214 5034 1267 5080 et
1299 5025 1527 5079 Joannis
1558 5021 1858 5092 pra-ferunt
1884 5036 1983 5074 no-

397 5122 544 5174 mina
577 5137 590 5174 :
623 5134 861 5188 quarum
897 5118 1082 5172 nullus
1107 5117 1540 5186 apostolicorum
1566 5129 1981 5176 successorum,

397 5223 494 5269 aut
523 5213 1038 5268 ecclesiasticarum
1069 5211 1336 5280 deinceps
1369 5209 1704 5278 scriptorum
1737 5208 1980 5260 mentio-

397 5323 522 5360 nem
553 5305 707 5360 facit.
765 5305 955 5374 Slylus
984 5317 1210 5373 quoque
1250 5316 1441 5355 earum
1479 5301 1643 5368 longe
1683 5298 1752 5352 ab
1787 5297 1984 5352 elocu-

395 5401 549 5453 tione
577 5406 635 5453 et
659 5413 814 5452 more
839 5397 1147 5465 apostolico
1173 5395 1350 5448 abest.
1379 5393 1444 5447 Et
1468 5391 1785 5445 institutum
1811 5389 1980 5444 etiam

396 5501 565 5560 atque
599 5489 873 5544 sententia
897 5503 1112 5548 earum,
1144 5483 1551 5553 eXSpectationi
1579 5482 1629 5536 ei
1660 5496 1824 5550 quam
1853 5481 1986 5533 titu-

399 5580 486 5634 lus
517 5579 818 5649 promittit,
853 5578 1082 5631 minime
1113 5575 1438 5645 respondet,
1468 5581 1521 5625 et
1563 5588 1590 5626 a
1622 5580 1772 5626 recta
1807 5570 1985 5640 ipsius

397 5672 654 5726 veritatis
676 5671 928 5724 doctrina
951 5669 1273 5740 longissime
1290 5666 1521 5721 excidit.
1542 5665 1700 5722 Unde
1725 5673 1982 5718 astruere

397 5762 552 5828 licet,
586 5764 796 5832 scripta
834 5763 964 5817 talia
1001 5779 1030 5816 a
1057 5763 1193 5817 viris
1234 5761 1549 5815 daemonum
1592 5758 1863 5812 malorum
1899 5757 1985 5808 in-

403 5857 687 5922 temperiis
717 5857 941 5924 agitatis
967 5870 1092 5910 esse
1135 5856 1392 5909 conﬁcta.
1425 5855 1599 5919 Quam
1635 5851 1707 5906 ob
1755 5865 1981 5905 causam

403 5959 466 5996 ea
507 5948 560 5998 ut
593 5948 832 6001 ascitilia
865 5955 919 6002 et
956 5948 1270 6004 adulterina
1319 5946 1642 6018 attingenda
1678 5961 1785 5998 non
1821 5953 1974 6007 sunt,

2089 4739 2379 4812 χαρακτὴρ
2409 4739 2600 4808 πόρρω
2643 4751 2720 4804 πη
2750 4733 2966 4787 ἐλαύνει
2992 4731 3094 4800 τῆς
3121 4724 3492 4793 ἀποστολικῆς
3530 4719 3667 4790 φρά-

2091 4850 2229 4894 σεως
2291 4831 2388 4884 καὶ
2439 4828 2534 4882 τοῦ
2592 4827 2776 4898 ἤθους.
2844 4823 3068 4894 Ἀπᾲδει
3122 4820 3305 4891 μέντοι
3361 4819 3456 4870 καὶ
3499 4812 3669 4884 ἡτῶν

2086 4922 2513 4993 ἐπηγγελμένων
2573 4922 2631 4970 ὲν
2662 4918 2878 4978 τούτοις
2938 4913 3268 4984 προαίρεσίς
3302 4927 3360 4961 τε
3394 4907 3489 4960 καὶ
3532 4904 3671 4972 γνώ-

2091 5035 2165 5087 μη
2186 5035 2199 5049 ·
2233 5016 2330 5071 καὶ
2361 5015 2455 5067 τοῦ
2500 5011 2666 5084 ὀρθοῦ
2709 5013 2808 5080 τῆς
2841 5007 3078 5078 ἀληθοῦς
3118 5005 3278 5072 δόξης
3309 5000 3528 5070 μακράν
3565 5013 3668 5050 που

2085 5110 2370 5173 ἐκπίπτει,
2428 5105 2733 5160 κάντεῦθεν
2797 5102 3133 5170 παρίσταται
3197 5096 3273 5157 ὡς
3330 5095 3400 5147 τὰ
3443 5090 3670 5144 τοιαῦτα

2087 5201 2513 5272 κακοδαιμονίας
2563 5200 2778 5270 μεστῶν
2821 5195 3033 5267 ἀνδρῶν
3067 5194 3206 5245 εἰσιν
3249 5188 3667 5254 ἀναπλάσματα.

2087 5297 2283 5350 Τοίνυν
2314 5297 2449 5367 μηδὲ
2502 5296 2578 5358 ὡς
2629 5294 2807 5356 νόθοις
2854 5291 3066 5352 τούτοις
3096 5283 3407 5358 προσιτέον,
3440 5277 3556 5333 ἀλλ’
3595 5275 3669 5336 ὡς

2087 5388 2265 5442 ἄτοπα
2288 5389 2468 5456 πάντη
2505 5385 2899 5454 παραιτητέον,
2931 5384 3027 5436 καὶ
3061 5383 3208 5450 φυγῇ
3248 5381 3314 5448 τῇ
3343 5375 3492 5444 πάσῃ
3537 5387 3672 5439 φευ-

2088 5482 2246 5534 κτέον
2279 5480 2484 5533 τούτων
2519 5481 2596 5541 ὡς
2628 5478 2867 5547 μάλιστα
2887 5493 2900 5506 ·
2930 5476 3158 5535 ἐκείνοις
3179 5473 3235 5525 δὲ
3265 5471 3446 5539 μόνοις
3470 5478 3669 5535 προσε-

2088 5575 2246 5626 κτέον
2297 5573 2372 5636 ὡς
2406 5571 2812 5636 θεοπνεύστοις,
2863 5569 2958 5622 καὶ
3001 5565 3323 5620 πιστευτέον
3376 5559 3562 5618 ἁπλῶς
3593 5553 3668 5616 ὡς

2089 5668 2306 5737 ἔχουσιν
2337 5665 2483 5719 οὕτω
2511 5665 2713 5730 λέξεώς
2740 5682 2800 5718 τε
2831 5666 2924 5716 καὶ
2956 5663 3235 5733 φράσεως.
3271 5658 3333 5710 Οί
3364 5655 3472 5724 γὰρ
3504 5653 3671 5704 θεοει-

2088 5757 2196 5819 δεῖς
2228 5758 2517 5810 ἀπίστολοι
2541 5758 2639 5826 βίῳ
2655 5755 3052 5820 διαλάμποντες
3075 5750 3365 5818 ὑπερφυεῖ,
3386 5743 3479 5796 καὶ
3503 5738 3671 5794 κατά-

2087 5849 2406 5919 κςσμοιτὰς
2457 5849 2634 5918 ψυχὰς
2686 5847 3026 5917 ὑπάρχοντες
3081 5845 3269 5914 ἁπάσῃ
3317 5840 3431 5908 δῆτ’
3479 5835 3666 5905 ἀρετῇ,

2093 5945 2298 5997 ἱόςίῖτττει
2333 5945 2373 5995 δ’
2407 5946 2583 6007 ἆ⁸)‹τ)ς
2615 5943 2761 6006 ἥντες
2807 5943 2904 6012 τὴν
2949 5941 3218 6010 γλῶτταν,
3249 5937 3343 5990 καὶ
3369 5934 3564 6006 θάῤῥος
3599 5944 3663 5998 γε
