4046 6424
321 420 426 481 893

1258 411 1872 478 ECCLESIASTICE
1913 415 2311 480 IIISTORIJE
2354 420 2498 488 LIB.
2547 426 2661 491 ΙΙῐ.

3504 425 3615 489 894

331 539 463 594 τηςο
510 522 792 594 Βαρνάϐας
846 541 906 577 τε
962 524 1059 579 καὶ
1112 524 1370 587 Λουκᾶς⁶
1422 526 1651 597 Μάρκος
1701 544 1763 581 τε
1822 528 1916 582 καὶ

2031 532 2429 590 commilitones
2462 543 2644 591 vocat.
2680 534 2788 592 Sed
2820 544 2875 590 et
2908 535 3088 591 Lucas
3118 550 3226 590 non
3264 550 3473 605 paucos
3510 552 3614 589 uo-

333 617 598 687 Κρήσκης
629 618 738 671 τῶν
762 617 1004 671 Γαλλιῶν
1051 620 1441 689 ἡγησάμενος·
1473 620 1553 673 ἔτι
1592 619 1648 672 δὲ
1677 621 1776 675 καὶ
1804 622 1831 674 6
1859 620 1917 686 ἐξ

342 708 558 777 Ἀρείου
599 709 777 777 πάγου
821 709 1134 778 σοφώτατος
1192 711 1491 775 Διονύσιος,
1551 710 1611 775 6;
1668 711 1767 765 καὶ
1818 712 1919 781 τῆς

2021 624 2270 680 minatim
2310 627 2542 683 laudat:
2589 630 2771 699 qualis
2822 630 3150 683 Timotheus
3200 629 3289 683 ille
3337 638 3465 689 est,
3515 626 3611 697 qui

2020 715 2236 783 primus
2287 718 2494 787 Ephesi
2537 721 2770 776 sortitus
2823 730 2908 775 est
2958 720 3246 775 ecclesiam
3276 761 3291 783 ,
3340 718 3504 773 siculi
3558 727 3613 771 et

331 800 512 854 ἐκεῖσε
575 801 931 871 καθηγήσατο
1005 805 1433 873 μητροπόλεως·
1496 803 1655 867 Δῖνός
1700 820 1760 856 τε
1822 806 1920 857 καὶ

2031 807 2178 862 l‘itus
2206 808 2384 863 Crete
2411 830 2423 865 :
2454 812 2630 880 qualis
2656 814 2824 868 etiam
2857 813 3162 874 Barnabas,
3187 822 3242 866 et
3270 810 3444 865 Lucas
3472 811 3611 879 ipso,

332 892 566 962 Κλήμης
593 895 621 946 6
649 894 828 963 ἱερόςο
863 895 890 948 ὂ
919 912 975 948 τε
1004 895 1261 964 θεοφόρος
1286 895 1575 965 Ἰγνάτιος,
1617 897 1711 950 καὶ
1734 897 1760 948 6
1792 896 1923 950 θαυ-

337 985 532 1051 μάσιος
572 985 870 1048 Ἀπολλὼς,
905 989 1000 1039 καὶ
1051 989 1100 1040 οἱ
1155 988 1537 1057 ἐϐδομήκοντα
1564 1001 1580 1017 ⁸
1615 989 1711 1041 καὶ
1743 987 1922 1051 ἄλλοι,

332 1076 423 1140 οῦς
464 1078 527 1131 ού
558 1078 742 1149 ῥᾴδιον
768 1078 846 1144 τῷ
871 1080 1014 1149 λόγῳ
1040 1080 1386 1148 διαδραμεῖν.

2032 895 2249 952 Mart-us
2277 909 2333 952 et
2364 897 2656 965 Crescens,
2687 902 2782 972 qui
2810 903 3014 957 Gallias
3045 902 3207 956 rexit.
3242 902 3511 955 Pra-tcrra
3545 915 3609 953 ex

2032 989 2380 1061 Areopagitis
2428 994 2872 1056 sapientissimus
2928 995 3258 1065 Dionysius,
3309 994 3401 1061 qui
3446 993 3609 1043 etiam

2029 1081 2262 1137 Athenis
2323 1088 2761 1155 metrOpolitan:e
2826 1087 3045 1157 praefuit
3110 1086 3383 1139 ECt'lt‘Sl:l?.
3450 1082 3615 1151 224.

334 1174 505 1229 Linus
546 1176 711 1236 item,
748 1184 803 1229 et
845 1191 1003 1231 sacer
1066 1176 1364 1242 Clemens,
1416 1176 1639 1232 divinus
1680 1177 1947 1248 Ignatius,
1994 1178 2358 1234 admirandus
2405 1184 2651 1251 Apollos.
2693 1182 2826 1238 ltem
2898 1181 3243 1253 septuaginta
3282 1181 3355 1234 illi
3399 1196 3465 1231 οιι
3492 1195 3611 1240 nes,

331 1281 501 1338 atque
545 1274 711 1323 etiam
758 1269 886 1332 alii,
934 1285 1073 1338 quos
1119 1271 1370 1325 oratione
1419 1285 1708 1327 recensere
1753 1270 1916 1325 facile
1957 1281 2204 1326 nonest.

940 1386 1194 1440 ΚΕΦΛΛ.
1247 1384 1322 1441 B'.

332 1474 473 1540 Περὶ
509 1476 628 1528 τῶν
654 1476 804 1545 μετὰ
826 1477 969 1542 τοὺς
1006 1477 1396 1543 ἀποστόλους
1456 1476 1708 1546 Ῥώμης,
1752 1478 1919 1532 Ἀλε-

405 1546 746 1616 ξᾳνδρεὶας.
777 1548 1136 1614 Ἀντιοχείας
1188 1550 1288 1600 καὶ
1331 1550 1773 1616 Ἰεροσολύμων
1808 1548 1919 1613 τῆς
1951 1550 1997 1609 Β

418 1614 793 1696 ζΕκιεληρνίας
818 1618 1226 1696 ήγηισιιμένων
1244 1634 1273 1696 '_
1290 1622 1385 1672 καὶ
1406 1614 1922 1687 ’ἐτέρων-ἀποστο-

404 1686 601 1751 ..ῑικοῐς
640 1686 1103 1754 διίιπρεπόντων
1134 1689 1493 1757 χαρίσμασι.

404 1797 472 1851 Οἵ
492 1815 555 1867 γε
592 1799 699 1869 μὴν
729 1799 837 1851 τῶν
876 1800 1137 1870 μεγάλων
1168 1803 1478 1871 παροικιῶν
1512 1801 1914 1872 προεδρεύσανο

331 1909 424 1955 τες
450 1889 598 1947 οὗτοι
653 1893 719 1949 ἂν
761 1890 895 1948 εἷεν.
925 1895 1082 1947 Μετὰ
1114 1895 1322 1963 Πέτρον
1358 1896 1416 1948 ἐν
1471 1895 1660 1967 Ῥώμῃ
1698 1895 1922 1965 πρῶτος

331 1984 432 2054 τὴν
462 1986 775 2057 ἐπισκοπὴν
814 1986 1119 2057 διαδέχεται
1171 1987 1351 2050 Λίνος.
1382 1987 1444 2041 οὗ
1473 1990 1569 2041 καὶ
1601 1989 1816 2051 Παῦλος
1862 1990 1923 2041 ἐν

332 2082 400 2150 τῇ
446 2079 581 2149 πρὸς
633 2080 898 2146 Τιμόθεον
938 2082 1001 2132 ἐκ
1046 2080 1268 2151 Ῥώμης
1298 2084 1550 2153 γράφων,
1590 2082 1785 2149 μνείαν
1824 2098 1922 2134 πε-

335 2170 584 2241 ποίηται.
619 2169 785 2234 οὗτος
823 2158 887 2223 δ’
923 2172 1016 2225 ἐπὶ
1052 2173 1267 2242 χρόνοις
1297 2173 1428 2227 δέκα
1472 2173 1609 2242 πρὸς
1664 2174 1789 2227 δυσὶ
1820 2175 1922 2243 τὴν

335 2262 683 2333 λειτουργίαν
710 2262 1021 2335 κατασχὼν,
1058 2265 1477 2319 Οὐεσπασιανοῦ
1521 2267 1617 2319 καὶ
1642 2266 1805 2319 Τίτου
1826 2266 1920 2320 τοῦ

334 2357 525 2418 παιδὸς
555 2355 915 2424 κρατοῦντος,
972 2356 1325 2428 Ἀνεγκλὴτῳ
1358 2358 1684 2411 καταλιπὼν
1724 2359 1921 2427 αὐτὴν,

330 2446 425 2501 τοῦ
457 2446 607 2517 βιοῦν
634 2447 1068 2502 ἀπαλλάττεται.
1107 2450 1267 2502 Τίτου
1300 2449 1355 2502 δὲ
1388 2452 1486 2518 τῆς
1514 2449 1818 2521 ἡγεμονίας
1846 2449 1923 2517 τῷ

332 2540 571 2611 δευτέρῳ
626 2540 879 2610 ἐνιαυτῷ,
922 2543 1291 2611 Ἀνέγκλητον
1334 2543 1448 2595 ἴσον
1486 2543 1551 2611 δὴ
1596 2545 1790 2613 χρόνον
1843 2542 1923 2608 τῷ

335 2634 482 2705 Λίνῳ
510 2635 608 2697 τὰς
663 2635 817 2704 ἱερὰς
870 2636 1026 2702 ἠνίας
1066 2635 1341 2705 λαμπρῶς
1373 2635 1744 2704 διοικήσαντα,
1778 2636 1808 2686 6
1838 2652 1927 2689 σο-

337 2728 437 2795 φὸς
482 2726 787 2793 διαδέχεται
829 2727 1063 2796 Κλήμης
1088 2727 1196 2779 τῶν
1241 2724 1300 2781 εὖ
1336 2728 1644 2797 γεγονότων
1674 2725 1775 2791 ὢν,
1829 2726 1924 2779 καὶ

334 2823 416 2885 είς
470 2822 757 2891 Καίσαρας
806 2822 1096 2892 ἀναφέρων
1123 2822 1217 2875 τοῦ
1252 2823 1447 2891 γένους
1481 2822 1582 2892 τὴν
1628 2821 1878 2890 ’βλάστην
1903 2834 1919 2850 ⁸

336 2915 465 2983 περὶ
494 2906 553 2966 οῦ
590 2916 786 2983 μικρὸν
820 2914 1047 2982 ὕστερον
1101 2915 1359 2984 ἐροῦμεν.
1396 2913 1603 2973 Τοῦτον
1658 2913 1922 2979 συνεργὸν
1953 2893 1995 2949 C

335 3002 501 3055 αὐτοῦ
557 3004 808 3071 γενέσθαι
840 3005 1049 3068 Παῦλος
1079 3005 1463 3076 Φλιππητίοις
1509 3005 1739 3074 γράφων
1771 3006 1925 3074 φησι·

332 3096 495 3151 Μετὰ
526 3096 627 3150 καὶ
657 3096 1005 3165 Κλήμεντος
1052 3096 1153 3150 καὶ
1188 3096 1306 3149 τῶν
1340 3094 1574 3151 λοιπῶν
1611 3094 1929 3162 συνεργῶν

331 3208 473 3259 μου,
507 3184 593 3243 ὧν
620 3188 691 3242 τὰ
742 3190 1007 3255 ὀνόματα
1057 3190 1128 3243 ἐν
1168 3191 1369 3256 ,βίϐλῳ
1417 3189 1590 3259 ζωῆς,
1649 3190 1763 3257 Τῆς
1792 3190 1837 3243 δ’
1869 3191 1929 3243 ἐν

346 3282 726 3353 Ἀλεξανδρεία
750 3283 1041 3352 παροικίας
1076 3285 1213 3352 μετὰ
1234 3285 1464 3354 Μάρκον
1490 3285 1579 3338 τὸν
1600 3285 1744 3337 θετον
1768 3284 1931 3351 εὐαγ-

335 3377 595 3445 γελιστὴν
624 3374 841 3445 πρῶτος
871 3375 1117 3437 Ἀνιανδς
1141 3375 1239 3444 τὴν
1265 3377 1573 3445 ἐπισκοπὴν
1600 3374 1923 3446 ἐκληροῦτο.

334 3470 598 3540 Τετάρτῳ
621 3468 667 3521 δ’
701 3468 809 3520 ἔτει
839 3469 938 3536 τῆς
971 3466 1301 3537 Δομετιανοῦ
1332 3469 1509 3538 ἀρχῆς
1557 3468 1655 3526 δύο
1686 3469 1822 3539 πρὸς
1850 3471 1929 3522 εἷς

340 3579 492 3616 κοσιν
531 3559 853 3630 ἀναπλήσας
880 3559 997 3628 ἐτη,
1023 3558 1085 3612 τὸ
1117 3558 1266 3629 βιοῦν
1297 3559 1608 3618 ἀπολείπει.
1658 3559 1927 3628 Δεύτερος

338 3655 396 3707 δὲ
448 3653 565 3723 μετ’
615 3653 779 3705 αὐτὸν
821 3650 1096 3715 ’Δὸίλλιος
1126 3651 1219 3705 τὸν
1279 3652 1474 3722 θρόνον
1522 3651 1829 3723 λαμϐάνειο
1863 3646 1926 3705 οὗ

339 3745 433 3798 ἐπὶ
464 3744 595 3797 δέκα
626 3744 763 3813 πρὸς
814 3744 965 3812 τρισὶ
995 3741 1181 3805 καλῶς
1225 3742 1597 3812 ἱερασαμένου
1622 3782 1638 3805 ,
1702 3742 1927 3809 Κέρδων

337 3836 437 3906 τὴν
473 3838 781 3899 ἐπισκοπὴν
819 3833 1153 3904 διαδέχεται.
1205 3833 1369 3888 ’Δλλὰ
1409 3833 1508 3886 καὶ
1546 3833 1655 3886 τῶν
1687 3834 1777 3887 ἐπ’
1801 3832 1927 3885 Ἀν-

335 3930 577 3998 τιοχείας
607 3930 745 3996 μετὰ
789 3929 996 3994 Πέτρον
1032 3943 1090 3979 τε
1116 3927 1212 3977 καὶ
1246 3927 1488 3989 Λουκᾶῖν⁹
1520 3925 1736 3986 Εὑόδιος
1776 3924 1932 3994 ττρῶ-

336 4038 427 4085 τος
465 4021 785 4074 καθίστατο.
819 4020 1024 4073 Τούτου
1061 4019 1121 4072 δέ
1152 4019 1404 4087 δεύτερος
1436 4016 1701 4085 Ἰγνάτιος
1756 4018 1927 4084 ἐγνω-

343 4112 543 4182 ρίζετο.
576 4111 877 4174 Ἐνιαυτοίς
906 4111 949 4163 δ’
980 4110 1066 4163 ἐπ’
1102 4111 1257 4163 ἐννέα
1291 4109 1621 4180 διαπρέψατ,
1655 4110 1749 4162 ἐπὶ
1790 4106 1929 4161 Ῥὠο

2659 1392 2888 1449 CAPUT
2933 1394 2998 1448 ll.

2030 1483 2105 1537 De
2132 1485 2197 1537 iis
2233 1486 2323 1554 qui
2355 1495 2469 1551 post
2495 1484 2761 1555 apostolos
2796 1486 2993 1547 Romm,
3020 1484 3358 1555 Alexandria:
3379 1524 3392 1546 ,
3430 1482 3614 1555 {tutio-

2096 1557 2224 1609 chia:
2245 1551 2294 1609 et
2326 1551 2702 1623 Hierosolymis
2738 1557 3047 1623 pra'furriut
3093 1554 3360 1614 Errlesiw,
3391 1551 3616 1621 aliisque

2096 1625 2220 1678 item
2254 1628 2378 1680 viris
2407 1627 2712 1697 apostolicis
2744 1625 3062 1692 pollentibus
3084 1626 3261 1677 donis.

2096 1804 2198 1871 Qui
2225 1821 2356 1860 vero
2388 1821 2710 1874 magnarum
2745 1805 3109 1859 ecclesiarum
3145 1802 3408 1870 praesides
3434 1801 3612 1865 fuere,

2024 1898 2059 1952 ii
2103 1910 2253 1952 sunt.
2304 1898 2430 1952 Post
2470 1898 2691 1950 Petrum
2739 1897 2928 1950 Romae
2978 1896 3189 1963 primus
3229 1895 3613 1961 episcopatum

2023 1990 2268 2059 suscepit
2310 1990 2523 2045 Linus:
2574 1991 2735 2059 cujus
2784 1989 2988 2043 Paulus
3026 1990 3077 2040 in
3122 2003 3184 2041 ea
3223 2002 3387 2054 quam
3442 1984 3615 2037 Roma

2023 2083 2090 2137 ad
2126 2083 2476 2136 Timotheum
2514 2082 2739 2149 scripsit
2769 2081 3047 2149 Epistula.
3085 2081 3420 2133 mentionem
3463 2076 3613 2131 facit.

2024 2175 2126 2229 llic
2156 2190 2280 2229 cum
2314 2175 2475 2228 annis
2503 2174 2796 2228 duodecim
2825 2173 3141 2241 episcopale
3174 2170 3618 2222 administrassct

2025 2268 2394 2322 ministerium
2426 2308 2439 2330 ,
2482 2267 2821 2335 Vespasiano
2862 2263 3089 2332 ﬁlioque
3124 2264 3245 2333 ejus
3279 2262 3405 2315 'l‘ito
3442 2261 3620 2328 impe-

2024 2362 2312 2423 rantibus,
2368 2359 2637 2415 Attat-leto
2684 2358 2741 2413 id
2794 2358 3158 2427 relinquens,
3206 2355 3319 2409 vita
3356 2354 3616 2407 excessit.

2026 2453 2284 2511 Secundo
2332 2468 2500 2522 porro
2550 2450 2767 2520 imperii
2802 2449 2909 2504 Titi
2962 2464 3143 2512 anno,
3184 2445 3485 2505 Anacleto.
3517 2442 3614 2511 qui

2026 2544 2254 2600 totidem
2302 2545 2467 2598 anuis
2518 2542 2809 2611 magnifice
2861 2541 3164 2595 Ecclesiam
3209 2538 3285 2591 ibi
3339 2537 3617 2605 guberna-

2025 2645 2212 2701 verat,
2258 2635 2529 2689 successit
2571 2633 2797 2703 sapiens
2828 2633 2919 2688 ille
2952 2632 3245 2692 Clemens,
3280 2628 3481 2683 illustri
3518 2640 3615 2696 ge-

2025 2744 2161 2784 nere
2202 2728 2407 2793 clarus,
2457 2736 2514 2782 et
2557 2727 2624 2780 ad
2656 2726 2934 2781 Caesarum
2980 2734 3201 2795 gentem
3234 2732 3419 2776 ortqu
3455 2734 3618 2775 suum

2027 2823 2272 2876 referens
2299 2838 2313 2875 :
2355 2819 2425 2874 de
2449 2836 2561 2889 quo
2592 2821 2756 2889 paulo
2784 2828 2910 2888 post
2941 2819 3126 2887 plura.
3159 2815 3321 2869 llunc
3349 2828 3618 2882 coopera-

2033 2925 2210 2969 torcm
2244 2928 2404 2967 suum
2430 2912 2627 2977 fuisse,
2659 2912 2726 2966 ad
2757 2912 3149 2981 Philippenses
3174 2908 3426 2964 scribens
3457 2915 3623 2960 teda-

2034 3016 2124 3060 tur
2172 3005 2416 3058 Paulus:
2462 2992 2595 3057 Cum
2642 3003 2943 3065 Clemente,
2978 3002 3268 3070 inquiens,
3316 3009 3365 3051 et
3400 2998 3621 3066 reliquis

2031 3098 2459 3170 cooperatoribus
2505 3098 2672 3161 meis.
2716 3113 2941 3168 quorum
2983 3096 3202 3149 nomina
3244 3095 3300 3146 in
3338 3092 3471 3146 libro
3501 3092 3623 3145 vita

2032 3195 2341 3263 conscripta
2364 3201 2486 3246 sunt
2516 3192 2585 3247 δ’.
2622 3189 2681 3246 ln
2722 3189 3095 3245 Alexandrina
3129 3196 3313 3242 autem
3357 3183 3622 3246 Ecclesia,

2035 3298 2161 3360 post
2213 3288 2405 3340 divum
2470 3286 2710 3338 Marcum
2761 3283 3189 3352 evangelistam,
3240 3278 3622 3346 episcopatum

2030 3385 2245 3459 primus
2294 3380 2541 3437 obtinuit
2587 3375 2861 3431 Anianus.
2908 3373 3119 3438 Quarto
3166 3378 3351 3423 autem
3403 3364 3621 3435 imperil

2033 3456 2333 3530 Domitiani
2387 3484 2555 3533 anno,
2584 3483 2710 3522 cum
2762 3466 2955 3535 viginti
2988 3464 3129 3516 duos
3156 3476 3332 3515 annos
3362 3456 3622 3512 Ecclesiae

2028 3567 2359 3638 praefuisset,
2400 3564 2514 3616 vita
2548 3568 2633 3613 est
2671 3558 2989 3613 defunctus.
3034 3557 3165 3611 Post
3197 3554 3347 3607 hunc
3378 3550 3623 3605 Abillius

2028 3659 2215 3715 sedem
2253 3670 2377 3711 eam
2428 3651 2687 3721 recepit:
2736 3649 2832 3719 qui
2869 3664 2996 3703 cum
3045 3662 3165 3701 eam
3211 3644 3475 3699 tredecim
3515 3641 3625 3695 rite

2028 3750 2348 3820 gubernans
2376 3744 2541 3800 annis
2573 3741 2935 3803 obtinuisset,
2966 3738 3205 3793 Cerdoui
3234 3750 3355 3790 eam
3394 3747 3624 3787 succes—.

2028 3843 2138 3897 εοτί
2176 3839 2422 3908 reliquit.
2458 3833 2863 3894 Antiochenam
2902 3838 3111 3892 autem,
3141 3838 3263 3897 post
3298 3827 3522 3881 Petrum
3562 3832 3625 3889 et

2027 3933 2258 3993 Lucam,
2287 3931 2501 4001 primus
2530 3926 2778 3982 Evodius
2806 3922 3159 3995 gubernavit.
3192 3923 3274 3974 Ab
3302 3920 3403 3972 hoc
3428 3931 3627 3973 secum.-

2028 4029 2133 4083 dus
2178 4026 2281 4081 fuit
2324 4025 2614 4096 Ignatius:
2660 4022 2707 4076 is
2755 4034 2879 4077 cum
2923 4032 3104 4072 annos
3165 4029 3363 4069 novem
3407 4011 3633 4079 episco-.

2028 4129 2220 4190 patum
2255 4118 2518 4173 decenter
2549 4113 2782 4186 omnino
2815 4111 2890 4165 ibi
2933 4108 3402 4172 administrasset,
3435 4104 3633 4169 Roma}

344 4223 454 4275 μης
506 4204 781 4275 Τραϊανοῦ
838 4203 1008 4274 τρίτῳ
1063 4203 1302 4273 ἐνιαυτῷ
1344 4202 1442 4254 ῦπ’
1474 4201 1656 4254 ὀδοῦσι
1716 4200 1925 4272 θηρίων

2032 4212 2198 4267 tertio
2230 4210 2456 4280 Traiani
2503 4221 2652 4262 anno
2696 4205 3000 4260 bestiarum
3038 4200 3301 4256 dentibus
3342 4206 3426 4251 est
3468 4210 3627 4249 com-7

339 4299 629 4369 άλήθεται.
661 4297 867 4351 Τούτου
890 4297 1135 4366 διάδοχος
1188 4296 1372 4367 τρίτος
1402 4296 1511 4349 ἀπὸ
1538 4297 1647 4349 τῶν
1679 4295 1923 4349 ἀποστό-

338 4390 445 4445 λων
485 4392 673 4461 ’Ἥρως
700 4390 870 4458 ὄνομα
898 4385 985 4461 ἦν.
1024 4390 1136 4457 Τῆς
1181 4390 1230 4442 δ’
1255 4390 1314 4441 ἐν
1357 4388 1757 4459 Ἱεροσολύμοις
1795 4389 1923 4442 Ἐκ-

340 4486 570 4554 κλησίας
614 4485 753 4553 μετὰ
812 4484 904 4536 τὸν
952 4484 1045 4536 τοῦ
1102 4484 1309 4553 Κυρίου
1349 4482 1581 4552 ἀδελφὸν
1628 4482 1914 4547 Ἰάκωϐον,

340 4577 638 4646 τριάκοντα
681 4575 778 4645 ἐτη
836 4576 1311 4642 ἐπισκοπήσαντα,
1366 4573 1595 4642 Συμεὼν
1649 4574 1791 4643 μετὰ
1820 4575 1923 4643 τὴν

339 4668 447 4720 τῶν
517 4664 907 4737 Ἱεροσολύμων
961 4665 1199 4731 ἅλωσιν,
1259 4666 1288 4719 6
1327 4664 1422 4719 τοῦ
1492 4664 1682 4719 Κλοπᾶ
1740 4668 1919 4718 είτουν

340 4763 566 4817 Κλεόπα
598 4763 733 4826 υίὸς,
757 4761 978 4830 ἀνεψιὸς
1020 4759 1076 4812 δὲ
1098 4759 1191 4813 τοῦ
1222 4760 1476 4829 Σωτῆρος
1499 4754 1638 4812 εἶναι
1674 4758 1919 4826 ἐλέγετο,

341 4853 581 4921 διάδοχος
630 4848 721 4921 ἦν.
779 4853 977 4921 Τρίτος
1028 4850 1074 4904 δ’
1101 4848 1190 4904 ἐπ’
1240 4850 1437 4920 ἐκείνῳ
1460 4849 1699 4912 Ἰοῦστος
1720 4849 1831 4902 τῶν
1862 4848 1922 4914 ἐξ

356 4943 627 4996 Ἰουδαίων
656 4943 1105 4996 πεπιστευκότων
1122 4942 1424 5013 τηνικαῦτα
1460 4941 1677 4995 πολλῶν
1708 4937 1788 5004 εἷς
1819 4941 1919 4995 ὢν.

345 5036 513 5105 Ἀχρι
545 5035 603 5089 δὲ
633 5035 727 5087 καὶ
778 5034 889 5087 τῶν
920 5035 1130 5105 χρόνων
1185 5034 1455 5107 Τραῖανοῦ
1511 5034 1610 5104 τὴν
1645 5032 1924 5104 ἱερατείαν

339 5122 484 5181 οὗτοι
512 5127 830 5196 παρεῖλκον,
882 5129 965 5182 ἔτι
999 5131 1077 5198 τῷ
1108 5128 1211 5200 βίῳ
1266 5129 1552 5198 περιόντος
1578 5128 1671 5181 τοῦ
1704 5128 1927 5197 ἠγαπη-

344 5222 509 5289 μένον
547 5222 642 5273 καὶ
676 5222 943 5292 μαθητοῦ.
967 5220 1102 5285 Καθ’
1125 5221 1186 5275 δν
1215 5222 1410 5293 καιρὸν
1441 5222 1540 5275 καὶ
1566 5221 1927 5292 Πολύκαρπος

343 5315 399 5365 ἐν
431 5313 656 5385 Σμύρνῃ
688 5315 786 5382 τῆς
832 5314 1021 5377 ’Λείας
1044 5315 1306 5386 διέπρεπε
1360 5316 1514 5385 παρὰ
1546 5315 1795 5369 Ἰωάννου
1829 5315 1930 5387 τὴν

341 5406 653 5476 ἐπισκοπὴν
700 5406 1210 5477 ἐγκεχειρισμένος
1248 5407 1468 5471 Παπίας
1523 5423 1583 5459 τε
1621 5406 1930 5474 Ἱεραπολί-

341 5513 439 5567 της
494 5500 635 5572 ἀνὴρ
665 5500 808 5575 λόγῳ
844 5503 1284 5578 κεκοσμημένος,
1333 5503 1428 5557 καὶ
1462 5502 1560 5574 τῆς
1594 5503 1820 5575 Γραφῆς
1852 5502 1930 5568 ὡς

415 5643 460 5676 ⁸³
518 5643 759 5714 Philipp.
804 5659 879 5712 tv,
924 5644 982 5709 5,

2028 4303 2273 4360 molitus.
2319 4300 2495 4371 llujus
2538 4298 2913 4359 successoris,
2959 4307 3196 4347 numero
3233 4291 3302 4344 ab
3350 4286 3622 4356 apostolis

2034 4394 2206 4459 tertii,
2243 4407 2445 4447 nomen
2478 4401 2597 4445 erat
2628 4388 2826 4443 Heres.
2858 4385 2915 4439 In
2951 4380 3452 4450 Hierosolytnitano
3486 4394 3621 4433 vero

2031 4486 2381 4556 episcopatu,
2417 4497 2580 4553 quem
2617 4480 2790 4535 frater
2824 4474 3047 4532 Domini
3097 4472 3338 4529 Jacobus
3386 4471 3615 4541 triginta

2034 4593 2211 4634 annos
2240 4585 2514 4642 tenuerat,
2543 4583 2668 4645 post
2697 4569 3209 4639 Hierosolymorum
3243 4564 3620 4625 eversionem,

2031 4676 2270 4747 Symeon
2316 4672 2574 4742 Cleophze
2612 4668 2796 4729 Illius.
2846 4665 2943 4735 qui
2995 4661 3263 4734 patruelis
3311 4658 3625 4724 Servatoris

2032 4769 2209 4825 fuisse
2247 4766 2453 4822 dicitur
2482 4763 2581 4833 (ι),
2614 4761 2694 4815 illi
2736 4767 3023 4814 successu.
3062 4753 3287 4808 Tertius
3320 4752 3393 4805 ibi
3437 4767 3502 4805 ex
3532 4765 3627 4803 ora.

2035 4862 2168 4917 dine
2195 4861 2407 4925 Justus,
2436 4873 2628 4913 eorum
2660 4856 2753 4925 qui
2786 4870 2853 4907 ex
2882 4852 3091 4907 Judmis
3124 4860 3239 4903 tum
3269 4845 3627 4911 crediderant

2037 4970 2218 5018 unus,
2262 4955 2558 5021 episcopus
2590 4948 2696 5002 fuit
2723 4963 2737 5001 :
2770 4946 2866 5017 qui
2913 4943 3136 5014 quidem
3168 4939 3332 5011 225
3378 4936 3628 5007 episcopi

2033 5045 2103 5108 ad
2136 5044 2359 5114 Traiani
2402 5057 2575 5111 usque
2612 5047 2865 5108 tempora
2910 5035 3251 5090 iunctionem
3296 5045 3454 5084 suam
3499 5044 3627 5096 per:

2042 5139 2346 5200 duxerunt,
2400 5149 2526 5190 cum
2570 5132 2750 5186 adhuc
2810 5131 2863 5184 in
2911 5128 3055 5183 vivis
3088 5133 3236 5180 esset
3265 5124 3501 5187 dilectus
3533 5119 3629 5173 ille

2036 5246 2101 5286 ac
2130 5228 2456 5298 discipulus.
2487 5225 2609 5291 Quo
2642 5233 2893 5293 tempore
2920 5232 2976 5276 et
3007 5220 3347 5290 Polyearpus
3377 5213 3630 5282 Smyrnae

2038 5323 2097 5377 in
2130 5320 2260 5376 Asia
2296 5319 2507 5383 ﬂoruit,
2537 5318 2607 5371 ab
2641 5332 2709 5371 eo
2737 5315 2856 5385 ipso
2886 5314 3102 5370 Joanne
3143 5310 3437 5378 cpiscopus
3466 5318 3625 5364 erat:

2053 5423 2162 5469 tus.
2198 5413 2394 5485 Papias
2435 5424 2655 5480 quoque
2702 5419 2816 5462 tum
2864 5403 3198 5473 llicrapolita
3262 5401 3317 5455 in
3362 5411 3458 5459 sua
3510 5395 3633 5463 ipse

2037 5506 2220 5585 patria
2252 5506 2607 5576 episcopatus
2634 5501 2960 5573 magistratu
2987 5507 3073 5552 est
3100 5495 3357 5555 functus:
3391 5490 3472 5545 vir
3496 5500 3628 5554 cum

419 5799 819 5875 (tiCleOpham
862 5799 1088 5863 fratrem
1144 5796 1318 5865 fuisse
1389 5796 1642 5873 Iosephi,
1684 5794 1875 5874 sponsi
1945 5796 2186 5874 Virginis
2218 5798 2456 5865 matris,
2514 5795 2859 5875 Hcgesippus
2922 5800 3268 5850 contestatus
3326 5798 3434 5849 est.
3472 5787 3626 5857 Infra

348 5885 470 5953 Cap.
508 5874 565 5933 9.;
