  <div class='ocr_page' id='page_1' title='image "/cluster/home/n/w/nwhite01/storage/ocr_20150623/145:no.1/coo.31924054870500/457.png"; bbox 0 0 4046 6434; ppageno 0'>
   <div class='ocr_carea' id='block_1_1' title="bbox 436 367 544 432">
    <p class='ocr_par' dir='ltr' id='par_1_1' title="bbox 436 367 544 432">
     <span class='ocr_line' id='line_1_1' title="bbox 436 367 544 432; baseline 0 -1"><span class='ocrx_word' id='word_1_1' title='bbox 436 367 544 432; x_wconf 76' lang='lat'><strong>899</strong></span> 
     </span>
    </p>
   </div>
   <div class='ocr_carea' id='block_1_2' title="bbox 1662 358 2485 425">
    <p class='ocr_par' dir='ltr' id='par_1_2' title="bbox 1662 358 2485 425">
     <span class='ocr_line' id='line_1_2' title="bbox 1662 358 2485 425; baseline 0.001 -4"><span class='ocrx_word' id='word_1_2' title='bbox 1662 358 2094 422; x_wconf 80' lang='lat' dir='ltr'><strong>NICEPHORI</strong></span> <span class='ocrx_word' id='word_1_3' title='bbox 2137 361 2485 425; x_wconf 64' lang='lat' dir='ltr'><strong>CALIJ&#39;hTi</strong></span> 
     </span>
    </p>
   </div>
   <div class='ocr_carea' id='block_1_3' title="bbox 3608 357 3713 424">
    <p class='ocr_par' dir='ltr' id='par_1_3' title="bbox 3608 357 3713 424">
     <span class='ocr_line' id='line_1_3' title="bbox 3608 357 3713 424; baseline 0.019 -2"><span class='ocrx_word' id='word_1_4' title='bbox 3608 357 3713 424; x_wconf 41' lang='lat'><strong>9‘0</strong></span> 
     </span>
    </p>
   </div>
   <div class='ocr_carea' id='block_1_4' title="bbox 435 471 2026 550">
    <p class='ocr_par' dir='ltr' id='par_1_4' title="bbox 435 471 2026 550">
     <span class='ocr_line' id='line_1_4' title="bbox 435 471 2026 550; baseline -0.008 -8"><span class='ocrx_word' id='word_1_5' title='bbox 435 497 607 542; x_wconf 77' lang='lat' dir='ltr'><strong>etiam</strong></span> <span class='ocrx_word' id='word_1_6' title='bbox 637 479 915 550; x_wconf 77' lang='lat' dir='ltr'><strong>Josepbus</strong></span> <span class='ocrx_word' id='word_1_7' title='bbox 945 477 1062 548; x_wconf 86' lang='lat' dir='ltr'><strong>ipse</strong></span> <span class='ocrx_word' id='word_1_8' title='bbox 1089 477 1145 531; x_wconf 85' lang='lat' dir='ltr'><strong>in</strong></span> <span class='ocrx_word' id='word_1_9' title='bbox 1177 488 1229 530; x_wconf 81' lang='lat' dir='ltr'><strong>vt</strong></span> <span class='ocrx_word' id='word_1_10' title='bbox 1283 471 1648 530; x_wconf 69' lang='lat' dir='ltr'><strong>Historiarum</strong></span> <span class='ocrx_word' id='word_1_11' title='bbox 1674 476 1816 531; x_wconf 89' lang='lat' dir='ltr'><strong>libro</strong></span> <span class='ocrx_word' id='word_1_12' title='bbox 1843 484 2026 530; x_wconf 88' lang='lat' dir='ltr'><strong>osten-</strong></span> 
     </span>
    </p>
   </div>
   <div class='ocr_carea' id='block_1_5' title="bbox 2129 471 3714 550">
    <p class='ocr_par' dir='ltr' id='par_1_5' title="bbox 2131 475 3714 548">
     <span class='ocr_line' id='line_1_5' title="bbox 2131 475 3714 548; baseline 0.003 -20"><span class='ocrx_word' id='word_1_13' title='bbox 2131 493 2244 544; x_wconf 83' lang='grc' dir='ltr'>νον,</span> <span class='ocrx_word' id='word_1_14' title='bbox 2302 477 2379 541; x_wconf 81' lang='grc' dir='ltr'><strong>ὡς</strong></span> <span class='ocrx_word' id='word_1_15' title='bbox 2427 477 2523 532; x_wconf 73' lang='grc' dir='ltr'>καὶ</span> <span class='ocrx_word' id='word_1_16' title='bbox 2567 477 2732 540; x_wconf 76' lang='grc' dir='ltr'>αὐτὸς</span> <span class='ocrx_word' id='word_1_17' title='bbox 2761 475 3022 548; x_wconf 83' lang='grc' dir='ltr'>Ἰώσηπος</span> <span class='ocrx_word' id='word_1_18' title='bbox 3045 475 3102 530; x_wconf 84' lang='grc' dir='ltr'><strong>ἐν</strong></span> <span class='ocrx_word' id='word_1_19' title='bbox 3140 477 3207 547; x_wconf 73' lang='grc' dir='ltr'><strong>τῇ</strong></span> <span class='ocrx_word' id='word_1_20' title='bbox 3257 475 3392 547; x_wconf 78' lang='grc' dir='ltr'>ἕκτῃ</span> <span class='ocrx_word' id='word_1_21' title='bbox 3427 475 3539 530; x_wconf 82' lang='grc' dir='ltr'><strong>τῶν</strong></span> <span class='ocrx_word' id='word_1_22' title='bbox 3563 477 3714 547; x_wconf 75' lang='grc' dir='ltr'>Συγ-</span> 
     </span>
    </p>
   </div>
   <div class='ocr_carea' id='block_1_6' title="bbox 438 568 2020 641">
    <p class='ocr_par' dir='ltr' id='par_1_6' title="bbox 438 568 2020 641">
     <span class='ocr_line' id='line_1_6' title="bbox 438 568 2020 641; baseline -0.016 -6"><span class='ocrx_word' id='word_1_23' title='bbox 438 582 540 635; x_wconf 79' lang='lat' dir='ltr'><strong>dit.</strong></span> <span class='ocrx_word' id='word_1_24' title='bbox 579 597 599 631; x_wconf 75' lang='grc' dir='ltr'><strong>ι</strong></span> <span class='ocrx_word' id='word_1_25' title='bbox 635 573 1006 630; x_wconf 79' lang='lat' dir='ltr'><strong>Miserandam</strong></span> <span class='ocrx_word' id='word_1_26' title='bbox 1048 573 1215 641; x_wconf 89' lang='lat' dir='ltr'><strong>igitur</strong></span> <span class='ocrx_word' id='word_1_27' title='bbox 1247 569 1490 638; x_wconf 78' lang='lat' dir='ltr'><strong>plebem,</strong></span> <span class='ocrx_word' id='word_1_28' title='bbox 1525 568 1726 638; x_wconf 86' lang='lat' dir='ltr'><strong>inquit,</strong></span> <span class='ocrx_word' id='word_1_29' title='bbox 1761 569 2020 624; x_wconf 89' lang='lat' dir='ltr'><strong>seducto.</strong></span> 
     </span>
    </p>
   </div>
   <div class='ocr_carea' id='block_1_7' title="bbox 397 659 2021 733">
    <p class='ocr_par' dir='ltr' id='par_1_7' title="bbox 397 659 2021 733">
     <span class='ocr_line' id='line_1_7' title="bbox 397 659 2021 733; baseline -0.009 -6"><span class='ocrx_word' id='word_1_30' title='bbox 397 729 404 733; x_wconf 95' lang='lat'>_</span> <span class='ocrx_word' id='word_1_31' title='bbox 443 688 530 726; x_wconf 88' lang='lat' dir='ltr'><strong>res</strong></span> <span class='ocrx_word' id='word_1_32' title='bbox 571 671 648 724; x_wconf 92' lang='lat' dir='ltr'><strong>illi</strong></span> <span class='ocrx_word' id='word_1_33' title='bbox 683 685 712 722; x_wconf 86' lang='lat' dir='ltr'><strong>a</strong></span> <span class='ocrx_word' id='word_1_34' title='bbox 746 668 858 722; x_wconf 87' lang='lat' dir='ltr'><strong>Deo</strong></span> <span class='ocrx_word' id='word_1_35' title='bbox 883 666 1047 732; x_wconf 79' lang='lat' dir='ltr'><strong>longe</strong></span> <span class='ocrx_word' id='word_1_36' title='bbox 1073 663 1419 725; x_wconf 86' lang='lat' dir='ltr'><strong>aberrantes,</strong></span> <span class='ocrx_word' id='word_1_37' title='bbox 1457 667 1571 713; x_wconf 90' lang='lat' dir='ltr'><strong>tum</strong></span> <span class='ocrx_word' id='word_1_38' title='bbox 1606 660 1892 714; x_wconf 85' lang='lat' dir='ltr'><strong>suadendo</strong></span> <span class='ocrx_word' id='word_1_39' title='bbox 1923 659 2021 714; x_wconf 89' lang='lat' dir='ltr'><strong>de-</strong></span> 
     </span>
    </p>
   </div>
   <div class='ocr_carea' id='block_1_8' title="bbox 441 750 2020 830">
    <p class='ocr_par' dir='ltr' id='par_1_8' title="bbox 441 750 2020 830">
     <span class='ocr_line' id='line_1_8' title="bbox 441 750 2020 830; baseline -0.008 -13"><span class='ocrx_word' id='word_1_40' title='bbox 441 762 742 830; x_wconf 88' lang='lat' dir='ltr'><strong>cipiebant,</strong></span> <span class='ocrx_word' id='word_1_41' title='bbox 771 757 1055 824; x_wconf 91' lang='lat' dir='ltr'><strong>certisque</strong></span> <span class='ocrx_word' id='word_1_42' title='bbox 1089 762 1146 806; x_wconf 92' lang='lat' dir='ltr'><strong>ct</strong></span> <span class='ocrx_word' id='word_1_43' title='bbox 1173 753 1340 806; x_wconf 91' lang='lat' dir='ltr'><strong>claris</strong></span> <span class='ocrx_word' id='word_1_44' title='bbox 1372 750 1594 806; x_wconf 78' lang='lat' dir='ltr'><strong>indiciis</strong></span> <span class='ocrx_word' id='word_1_45' title='bbox 1619 751 2020 806; x_wconf 64' lang='lat' dir='ltr'><strong>desolationem</strong></span> 
     </span>
    </p>
   </div>
   <div class='ocr_carea' id='block_1_9' title="bbox 438 842 2026 914">
    <p class='ocr_par' dir='ltr' id='par_1_9' title="bbox 438 842 2026 914">
     <span class='ocr_line' id='line_1_9' title="bbox 438 842 2026 914; baseline -0.006 -8"><span class='ocrx_word' id='word_1_46' title='bbox 438 864 495 906; x_wconf 86' lang='lat' dir='ltr'><strong>ct</strong></span> <span class='ocrx_word' id='word_1_47' title='bbox 518 852 789 906; x_wconf 80' lang='lat' dir='ltr'><strong>vastitiem</strong></span> <span class='ocrx_word' id='word_1_48' title='bbox 823 847 1068 901; x_wconf 83' lang='lat' dir='ltr'><strong>futuram</strong></span> <span class='ocrx_word' id='word_1_49' title='bbox 1108 852 1303 914; x_wconf 84' lang='lat' dir='ltr'><strong>aperte</strong></span> <span class='ocrx_word' id='word_1_50' title='bbox 1340 842 1745 908; x_wconf 72' lang='lat' dir='ltr'><strong>indicantibus,</strong></span> <span class='ocrx_word' id='word_1_51' title='bbox 1774 859 1875 896; x_wconf 91' lang='lat' dir='ltr'><strong>nec</strong></span> <span class='ocrx_word' id='word_1_52' title='bbox 1907 843 2026 898; x_wconf 85' lang='lat' dir='ltr'><strong>ani-</strong></span> 
     </span>
    </p>
   </div>
   <div class='ocr_carea' id='block_1_10' title="bbox 443 936 2026 1001">
    <p class='ocr_par' dir='ltr' id='par_1_10' title="bbox 443 936 2026 1001">
     <span class='ocr_line' id='line_1_10' title="bbox 443 936 2026 1001; baseline -0.005 -3"><span class='ocrx_word' id='word_1_53' title='bbox 443 961 590 998; x_wconf 92' lang='lat' dir='ltr'><strong>mum</strong></span> <span class='ocrx_word' id='word_1_54' title='bbox 633 941 1010 1001; x_wconf 88' lang='lat' dir='ltr'><strong>adhibebant,</strong></span> <span class='ocrx_word' id='word_1_55' title='bbox 1061 955 1165 993; x_wconf 89' lang='lat' dir='ltr'><strong>nec</strong></span> <span class='ocrx_word' id='word_1_56' title='bbox 1208 939 1370 993; x_wconf 85' lang='lat' dir='ltr'><strong>tidem</strong></span> <span class='ocrx_word' id='word_1_57' title='bbox 1409 936 1730 993; x_wconf 87' lang='lat' dir='ltr'><strong>habebant:</strong></span> <span class='ocrx_word' id='word_1_58' title='bbox 1769 937 1863 991; x_wconf 84' lang='lat' dir='ltr'><strong>sed</strong></span> <span class='ocrx_word' id='word_1_59' title='bbox 1905 947 2026 990; x_wconf 84' lang='lat' dir='ltr'><strong>tan-</strong></span> 
     </span>
    </p>
   </div>
   <div class='ocr_carea' id='block_1_11' title="bbox 439 1028 2024 1107">
    <p class='ocr_par' dir='ltr' id='par_1_11' title="bbox 439 1028 2024 1107">
     <span class='ocr_line' id='line_1_11' title="bbox 439 1028 2024 1107; baseline -0.004 -19"><span class='ocrx_word' id='word_1_60' title='bbox 439 1053 602 1107; x_wconf 79' lang='lat' dir='ltr'><strong>quam</strong></span> <span class='ocrx_word' id='word_1_61' title='bbox 637 1035 866 1089; x_wconf 72' lang='lat' dir='ltr'><strong>fulmine</strong></span> <span class='ocrx_word' id='word_1_62' title='bbox 897 1033 1064 1087; x_wconf 84' lang='lat' dir='ltr'><strong>aﬂlati</strong></span> <span class='ocrx_word' id='word_1_63' title='bbox 1098 1040 1266 1100; x_wconf 90' lang='lat' dir='ltr'><strong>atque</strong></span> <span class='ocrx_word' id='word_1_64' title='bbox 1299 1029 1677 1091; x_wconf 86' lang='lat' dir='ltr'><strong>consternati,</strong></span> <span class='ocrx_word' id='word_1_65' title='bbox 1715 1028 1808 1097; x_wconf 92' lang='lat' dir='ltr'><strong>qui</strong></span> <span class='ocrx_word' id='word_1_66' title='bbox 1845 1042 2024 1095; x_wconf 75' lang='lat' dir='ltr'><strong>neque</strong></span> 
     </span>
    </p>
   </div>
   <div class='ocr_carea' id='block_1_12' title="bbox 437 1119 2024 1195">
    <p class='ocr_par' dir='ltr' id='par_1_12' title="bbox 437 1119 2024 1195">
     <span class='ocr_line' id='line_1_12' title="bbox 437 1119 2024 1195; baseline -0.006 -12"><span class='ocrx_word' id='word_1_67' title='bbox 437 1130 650 1192; x_wconf 88' lang='lat' dir='ltr'><strong>oculos,</strong></span> <span class='ocrx_word' id='word_1_68' title='bbox 686 1143 862 1195; x_wconf 82' lang='lat' dir='ltr'><strong>neque</strong></span> <span class='ocrx_word' id='word_1_69' title='bbox 898 1135 1140 1180; x_wconf 87' lang='lat' dir='ltr'><strong>mentem</strong></span> <span class='ocrx_word' id='word_1_70' title='bbox 1173 1123 1472 1184; x_wconf 87' lang='lat' dir='ltr'><strong>baberent,</strong></span> <span class='ocrx_word' id='word_1_71' title='bbox 1507 1121 1899 1190; x_wconf 73' lang='lat' dir='ltr'><strong>prazdictioncs</strong></span> <span class='ocrx_word' id='word_1_72' title='bbox 1927 1119 2024 1174; x_wconf 88' lang='lat' dir='ltr'><strong>Dei</strong></span> 
     </span>
    </p>
   </div>
   <div class='ocr_carea' id='block_1_13' title="bbox 435 1210 2028 1287">
    <p class='ocr_par' dir='ltr' id='par_1_13' title="bbox 435 1210 2028 1287">
     <span class='ocr_line' id='line_1_13' title="bbox 435 1210 2028 1287; baseline -0.007 -11"><span class='ocrx_word' id='word_1_73' title='bbox 435 1221 868 1277; x_wconf 81' lang='lat' dir='ltr'><strong>contemnebant</strong></span> <span class='ocrx_word' id='word_1_74' title='bbox 892 1218 994 1287; x_wconf 80' lang='grc' dir='ltr'><strong>(ί).</strong></span> <span class='ocrx_word' id='word_1_75' title='bbox 1037 1237 1055 1269; x_wconf 73' lang='grc' dir='ltr'><strong>ι</strong></span> <span class='ocrx_word' id='word_1_76' title='bbox 1088 1215 1194 1270; x_wconf 87' lang='lat' dir='ltr'><strong>Sed</strong></span> <span class='ocrx_word' id='word_1_77' title='bbox 1229 1229 1483 1285; x_wconf 73' lang='lat' dir='ltr'><strong>qna-nam</strong></span> <span class='ocrx_word' id='word_1_78' title='bbox 1518 1213 1740 1267; x_wconf 82' lang='lat' dir='ltr'><strong>tandem</strong></span> <span class='ocrx_word' id='word_1_79' title='bbox 1775 1228 1838 1267; x_wconf 87' lang='lat' dir='ltr'><strong>ea</strong></span> <span class='ocrx_word' id='word_1_80' title='bbox 1872 1210 2028 1266; x_wconf 79' lang='lat' dir='ltr'><strong>tuere</strong></span> 
     </span>
    </p>
   </div>
   <div class='ocr_carea' id='block_1_14' title="bbox 436 1306 2025 1384">
    <p class='ocr_par' dir='ltr' id='par_1_14' title="bbox 436 1306 2025 1384">
     <span class='ocr_line' id='line_1_14' title="bbox 436 1306 2025 1384; baseline -0.005 -16"><span class='ocrx_word' id='word_1_81' title='bbox 436 1317 593 1384; x_wconf 84' lang='lat' dir='ltr'><strong>signa</strong></span> <span class='ocrx_word' id='word_1_82' title='bbox 619 1314 733 1384; x_wconf 72' lang='lat'><strong>(2)?</strong></span> <span class='ocrx_word' id='word_1_83' title='bbox 766 1311 934 1366; x_wconf 84' lang='lat' dir='ltr'><strong>Stella</strong></span> <span class='ocrx_word' id='word_1_84' title='bbox 957 1309 1218 1379; x_wconf 82' lang='lat' dir='ltr'><strong>equidem</strong></span> <span class='ocrx_word' id='word_1_85' title='bbox 1249 1307 1476 1370; x_wconf 84' lang='lat' dir='ltr'><strong>crinita,</strong></span> <span class='ocrx_word' id='word_1_86' title='bbox 1501 1307 1681 1378; x_wconf 86' lang='lat' dir='ltr'><strong>gladio</strong></span> <span class='ocrx_word' id='word_1_87' title='bbox 1705 1306 2025 1376; x_wconf 85' lang='lat' dir='ltr'><strong>persimilis,</strong></span> 
     </span>
    </p>
   </div>
   <div class='ocr_carea' id='block_1_15' title="bbox 436 1399 2030 1470">
    <p class='ocr_par' dir='ltr' id='par_1_15' title="bbox 436 1399 2030 1470">
     <span class='ocr_line' id='line_1_15' title="bbox 436 1399 2030 1470; baseline -0.009 -7"><span class='ocrx_word' id='word_1_88' title='bbox 436 1425 584 1464; x_wconf 85' lang='lat' dir='ltr'><strong>anno</strong></span> <span class='ocrx_word' id='word_1_89' title='bbox 611 1416 726 1461; x_wconf 90' lang='lat' dir='ltr'><strong>toto</strong></span> <span class='ocrx_word' id='word_1_90' title='bbox 756 1420 921 1470; x_wconf 88' lang='lat' dir='ltr'><strong>supra</strong></span> <span class='ocrx_word' id='word_1_91' title='bbox 951 1401 1145 1455; x_wconf 84' lang='lat' dir='ltr'><strong>urbem</strong></span> <span class='ocrx_word' id='word_1_92' title='bbox 1174 1400 1364 1455; x_wconf 87' lang='lat' dir='ltr'><strong>lucere</strong></span> <span class='ocrx_word' id='word_1_93' title='bbox 1392 1401 1508 1454; x_wconf 88' lang='lat' dir='ltr'><strong>visa</strong></span> <span class='ocrx_word' id='word_1_94' title='bbox 1537 1406 1646 1454; x_wconf 86' lang='lat' dir='ltr'><strong>est.</strong></span> <span class='ocrx_word' id='word_1_95' title='bbox 1676 1399 1773 1452; x_wconf 89' lang='lat' dir='ltr'><strong>Die</strong></span> <span class='ocrx_word' id='word_1_96' title='bbox 1798 1399 2030 1468; x_wconf 82' lang='lat' dir='ltr'><strong>Azymo—</strong></span> 
     </span>
    </p>
   </div>
   <div class='ocr_carea' id='block_1_16' title="bbox 432 1490 2027 1566">
    <p class='ocr_par' dir='ltr' id='par_1_16' title="bbox 432 1490 2027 1566">
     <span class='ocr_line' id='line_1_16' title="bbox 432 1490 2027 1566; baseline -0.004 -15"><span class='ocrx_word' id='word_1_97' title='bbox 432 1514 555 1552; x_wconf 87' lang='lat' dir='ltr'><strong>rum</strong></span> <span class='ocrx_word' id='word_1_98' title='bbox 604 1497 870 1566; x_wconf 82' lang='lat' dir='ltr'><strong>quodam,</strong></span> <span class='ocrx_word' id='word_1_99' title='bbox 893 1493 1097 1563; x_wconf 84' lang='lat' dir='ltr'><strong>Aprilis</strong></span> <span class='ocrx_word' id='word_1_100' title='bbox 1143 1492 1352 1546; x_wconf 81' lang='lat' dir='ltr'><strong>mensis</strong></span> <span class='ocrx_word' id='word_1_101' title='bbox 1376 1505 1570 1558; x_wconf 68' lang='lat' dir='ltr'><strong>,nono,</strong></span> <span class='ocrx_word' id='word_1_102' title='bbox 1637 1490 1774 1544; x_wconf 81' lang='lat' dir='ltr'><strong>liora</strong></span> <span class='ocrx_word' id='word_1_103' title='bbox 1801 1503 2027 1560; x_wconf 82' lang='lat' dir='ltr'><strong>quoque</strong></span> 
     </span>
    </p>
   </div>
   <div class='ocr_carea' id='block_1_17' title="bbox 442 1582 2028 1656">
    <p class='ocr_par' dir='ltr' id='par_1_17' title="bbox 442 1582 2028 1656">
     <span class='ocr_line' id='line_1_17' title="bbox 442 1582 2028 1656; baseline -0.004 -12"><span class='ocrx_word' id='word_1_104' title='bbox 442 1592 624 1650; x_wconf 74' lang='lat' dir='ltr'><strong>noctis</strong></span> <span class='ocrx_word' id='word_1_105' title='bbox 653 1605 819 1652; x_wconf 86' lang='lat' dir='ltr'><strong>nona,</strong></span> <span class='ocrx_word' id='word_1_106' title='bbox 845 1587 988 1642; x_wconf 85' lang='lat' dir='ltr'><strong>locis</strong></span> <span class='ocrx_word' id='word_1_107' title='bbox 1011 1585 1275 1656; x_wconf 77' lang='lat' dir='ltr'><strong>Splendor</strong></span> <span class='ocrx_word' id='word_1_108' title='bbox 1297 1599 1450 1638; x_wconf 86' lang='lat' dir='ltr'><strong>aram</strong></span> <span class='ocrx_word' id='word_1_109' title='bbox 1471 1591 1530 1636; x_wconf 87' lang='lat' dir='ltr'><strong>et</strong></span> <span class='ocrx_word' id='word_1_110' title='bbox 1557 1582 1823 1652; x_wconf 85' lang='lat' dir='ltr'><strong>templum</strong></span> <span class='ocrx_word' id='word_1_111' title='bbox 1849 1583 2028 1652; x_wconf 80' lang='lat' dir='ltr'><strong>ipsum</strong></span> 
     </span>
    </p>
   </div>
   <div class='ocr_carea' id='block_1_18' title="bbox 440 1675 2028 1748">
    <p class='ocr_par' dir='ltr' id='par_1_18' title="bbox 440 1675 2028 1748">
     <span class='ocr_line' id='line_1_18' title="bbox 440 1675 2028 1748; baseline -0.004 -9"><span class='ocrx_word' id='word_1_112' title='bbox 440 1686 516 1740; x_wconf 88' lang='lat' dir='ltr'><strong>ita</strong></span> <span class='ocrx_word' id='word_1_113' title='bbox 554 1684 876 1745; x_wconf 82' lang='lat' dir='ltr'><strong>illustravit,</strong></span> <span class='ocrx_word' id='word_1_114' title='bbox 913 1689 972 1734; x_wconf 92' lang='lat' dir='ltr'><strong>ut</strong></span> <span class='ocrx_word' id='word_1_115' title='bbox 1011 1679 1132 1736; x_wconf 88' lang='lat' dir='ltr'><strong>dies</strong></span> <span class='ocrx_word' id='word_1_116' title='bbox 1159 1680 1306 1733; x_wconf 84' lang='lat' dir='ltr'><strong>clara</strong></span> <span class='ocrx_word' id='word_1_117' title='bbox 1337 1692 1460 1733; x_wconf 88' lang='lat' dir='ltr'><strong>esse</strong></span> <span class='ocrx_word' id='word_1_118' title='bbox 1495 1675 1822 1732; x_wconf 84' lang='lat' dir='ltr'><strong>videretur:</strong></span> <span class='ocrx_word' id='word_1_119' title='bbox 1861 1687 2028 1748; x_wconf 89' lang='lat' dir='ltr'><strong>atque</strong></span> 
     </span>
    </p>
   </div>
   <div class='ocr_carea' id='block_1_19' title="bbox 439 1766 2066 1844">
    <p class='ocr_par' dir='ltr' id='par_1_19' title="bbox 439 1766 2066 1844">
     <span class='ocr_line' id='line_1_19' title="bbox 439 1766 2066 1844; baseline -0.003 -17"><span class='ocrx_word' id='word_1_120' title='bbox 439 1775 484 1830; x_wconf 87' lang='lat' dir='ltr'><strong>is</strong></span> <span class='ocrx_word' id='word_1_121' title='bbox 527 1775 787 1844; x_wconf 86' lang='lat' dir='ltr'><strong>splendor</strong></span> <span class='ocrx_word' id='word_1_122' title='bbox 836 1772 902 1826; x_wconf 90' lang='lat' dir='ltr'><strong>ad</strong></span> <span class='ocrx_word' id='word_1_123' title='bbox 955 1769 1241 1824; x_wconf 81' lang='lat' dir='ltr'><strong>dimidiam</strong></span> <span class='ocrx_word' id='word_1_124' title='bbox 1289 1768 1512 1823; x_wconf 88' lang='lat' dir='ltr'><strong>duravit</strong></span> <span class='ocrx_word' id='word_1_125' title='bbox 1563 1767 1779 1823; x_wconf 86' lang='lat' dir='ltr'><strong>horam.</strong></span> <span class='ocrx_word' id='word_1_126' title='bbox 1837 1766 2066 1823; x_wconf 76' lang='lat' dir='ltr'><strong>Tertio&#39;</strong></span> 
     </span>
    </p>
   </div>
   <div class='ocr_carea' id='block_1_20' title="bbox 439 1861 2022 1936">
    <p class='ocr_par' dir='ltr' id='par_1_20' title="bbox 439 1861 2022 1936">
     <span class='ocr_line' id='line_1_20' title="bbox 439 1861 2022 1936; baseline -0.003 -14"><span class='ocrx_word' id='word_1_127' title='bbox 439 1880 596 1936; x_wconf 88' lang='lat' dir='ltr'><strong>porta</strong></span> <span class='ocrx_word' id='word_1_128' title='bbox 631 1868 783 1923; x_wconf 86' lang='lat' dir='ltr'><strong>urbis</strong></span> <span class='ocrx_word' id='word_1_129' title='bbox 827 1865 894 1920; x_wconf 86' lang='lat' dir='ltr'><strong>ad</strong></span> <span class='ocrx_word' id='word_1_130' title='bbox 938 1865 1210 1920; x_wconf 86' lang='lat' dir='ltr'><strong>orientem</strong></span> <span class='ocrx_word' id='word_1_131' title='bbox 1259 1873 1552 1931; x_wconf 87' lang='lat' dir='ltr'><strong>spectans,</strong></span> <span class='ocrx_word' id='word_1_132' title='bbox 1596 1878 1662 1917; x_wconf 85' lang='lat' dir='ltr'><strong>ex</strong></span> <span class='ocrx_word' id='word_1_133' title='bbox 1693 1861 1874 1918; x_wconf 89' lang='lat' dir='ltr'><strong>solido</strong></span> <span class='ocrx_word' id='word_1_134' title='bbox 1913 1878 2022 1918; x_wconf 70' lang='lat' dir='ltr'><strong>aere</strong></span> 
     </span>
    </p>
   </div>
   <div class='ocr_carea' id='block_1_21' title="bbox 436 1954 2022 2028">
    <p class='ocr_par' dir='ltr' id='par_1_21' title="bbox 436 1954 2022 2028">
     <span class='ocr_line' id='line_1_21' title="bbox 436 1954 2022 2028; baseline -0.003 -14"><span class='ocrx_word' id='word_1_135' title='bbox 436 1961 622 2020; x_wconf 77' lang='lat' dir='ltr'><strong>facta,</strong></span> <span class='ocrx_word' id='word_1_136' title='bbox 677 1975 801 2028; x_wconf 85' lang='lat' dir='ltr'><strong>qua:</strong></span> <span class='ocrx_word' id='word_1_137' title='bbox 850 1969 1080 2028; x_wconf 78' lang='lat' dir='ltr'><strong>propter</strong></span> <span class='ocrx_word' id='word_1_138' title='bbox 1130 1955 1394 2027; x_wconf 88' lang='lat' dir='ltr'><strong>ponderis</strong></span> <span class='ocrx_word' id='word_1_139' title='bbox 1442 1954 1880 2026; x_wconf 79' lang='lat' dir='ltr'><strong>magnitudinem</strong></span> <span class='ocrx_word' id='word_1_140' title='bbox 1930 1955 2022 2009; x_wconf 69' lang='lat' dir='ltr'><strong>vix</strong></span> 
     </span>
    </p>
   </div>
   <div class='ocr_carea' id='block_1_22' title="bbox 434 2045 2024 2118">
    <p class='ocr_par' dir='ltr' id='par_1_22' title="bbox 434 2045 2024 2118">
     <span class='ocr_line' id='line_1_22' title="bbox 434 2045 2024 2118; baseline -0.002 -16"><span class='ocrx_word' id='word_1_141' title='bbox 434 2051 582 2103; x_wconf 74' lang='lat' dir='ltr'><strong>circa</strong></span> <span class='ocrx_word' id='word_1_142' title='bbox 612 2048 1004 2118; x_wconf 85' lang='lat' dir='ltr'><strong>crepusculum</strong></span> <span class='ocrx_word' id='word_1_143' title='bbox 1036 2063 1066 2101; x_wconf 90' lang='lat' dir='ltr'><strong>a</strong></span> <span class='ocrx_word' id='word_1_144' title='bbox 1099 2046 1292 2118; x_wconf 79' lang='lat' dir='ltr'><strong>viginti</strong></span> <span class='ocrx_word' id='word_1_145' title='bbox 1319 2045 1507 2100; x_wconf 86' lang='lat' dir='ltr'><strong>clausa</strong></span> <span class='ocrx_word' id='word_1_146' title='bbox 1535 2055 1654 2100; x_wconf 87' lang='lat' dir='ltr'><strong>erat</strong></span> <span class='ocrx_word' id='word_1_147' title='bbox 1677 2045 1834 2108; x_wconf 84' lang='lat' dir='ltr'><strong>viris,</strong></span> <span class='ocrx_word' id='word_1_148' title='bbox 1858 2046 2024 2116; x_wconf 71' lang='lat'><strong>228</strong></span> 
     </span>
    </p>
   </div>
   <div class='ocr_carea' id='block_1_23' title="bbox 437 2136 2024 2208">
    <p class='ocr_par' dir='ltr' id='par_1_23' title="bbox 437 2136 2024 2208">
     <span class='ocr_line' id='line_1_23' title="bbox 437 2136 2024 2208; baseline -0.003 -12"><span class='ocrx_word' id='word_1_149' title='bbox 437 2144 637 2196; x_wconf 86' lang='lat' dir='ltr'><strong>terreis</strong></span> <span class='ocrx_word' id='word_1_150' title='bbox 673 2141 899 2196; x_wconf 77' lang='lat' dir='ltr'><strong>suﬂulta</strong></span> <span class='ocrx_word' id='word_1_151' title='bbox 935 2140 1224 2206; x_wconf 80' lang='lat' dir='ltr'><strong>vectibus,</strong></span> <span class='ocrx_word' id='word_1_152' title='bbox 1259 2137 1658 2208; x_wconf 82' lang='lat' dir='ltr'><strong>altissimisque</strong></span> <span class='ocrx_word' id='word_1_153' title='bbox 1695 2136 1747 2192; x_wconf 91' lang='lat' dir='ltr'><strong>in</strong></span> <span class='ocrx_word' id='word_1_154' title='bbox 1781 2137 1899 2192; x_wconf 91' lang='lat' dir='ltr'><strong>solo</strong></span> <span class='ocrx_word' id='word_1_155' title='bbox 1935 2138 2024 2192; x_wconf 83' lang='lat' dir='ltr'><strong>tir-</strong></span> 
     </span>
    </p>
   </div>
   <div class='ocr_carea' id='block_1_24' title="bbox 437 2231 2024 2305">
    <p class='ocr_par' dir='ltr' id='par_1_24' title="bbox 437 2231 2024 2305">
     <span class='ocr_line' id='line_1_24' title="bbox 437 2231 2024 2305; baseline -0.002 -16"><span class='ocrx_word' id='word_1_156' title='bbox 437 2244 581 2289; x_wconf 89' lang='lat' dir='ltr'><strong>mata</strong></span> <span class='ocrx_word' id='word_1_157' title='bbox 604 2234 763 2305; x_wconf 87' lang='lat' dir='ltr'><strong>palis,</strong></span> <span class='ocrx_word' id='word_1_158' title='bbox 788 2234 1014 2288; x_wconf 86' lang='lat' dir='ltr'><strong>circiter</strong></span> <span class='ocrx_word' id='word_1_159' title='bbox 1037 2233 1232 2288; x_wconf 87' lang='lat' dir='ltr'><strong>boram</strong></span> <span class='ocrx_word' id='word_1_160' title='bbox 1259 2231 1439 2286; x_wconf 88' lang='lat' dir='ltr'><strong>noctis</strong></span> <span class='ocrx_word' id='word_1_161' title='bbox 1463 2240 1678 2286; x_wconf 87' lang='lat' dir='ltr'><strong>sextam</strong></span> <span class='ocrx_word' id='word_1_162' title='bbox 1703 2245 1800 2286; x_wconf 86' lang='lat' dir='ltr'><strong>sua</strong></span> <span class='ocrx_word' id='word_1_163' title='bbox 1828 2241 2024 2302; x_wconf 86' lang='lat' dir='ltr'><strong>sponte</strong></span> 
     </span>
    </p>
   </div>
   <div class='ocr_carea' id='block_1_25' title="bbox 435 2323 2026 2396">
    <p class='ocr_par' dir='ltr' id='par_1_25' title="bbox 435 2323 2026 2396">
     <span class='ocr_line' id='line_1_25' title="bbox 435 2323 2026 2396; baseline -0.003 -15"><span class='ocrx_word' id='word_1_164' title='bbox 435 2328 551 2381; x_wconf 82' lang='lat' dir='ltr'><strong>visa</strong></span> <span class='ocrx_word' id='word_1_165' title='bbox 582 2335 665 2381; x_wconf 90' lang='lat' dir='ltr'><strong>est</strong></span> <span class='ocrx_word' id='word_1_166' title='bbox 698 2325 931 2396; x_wconf 88' lang='lat' dir='ltr'><strong>aperiri.</strong></span> <span class='ocrx_word' id='word_1_167' title='bbox 961 2324 1106 2380; x_wconf 85' lang='lat' dir='ltr'><strong>Ante</strong></span> <span class='ocrx_word' id='word_1_168' title='bbox 1139 2323 1271 2379; x_wconf 89' lang='lat' dir='ltr'><strong>solis</strong></span> <span class='ocrx_word' id='word_1_169' title='bbox 1296 2338 1518 2394; x_wconf 89' lang='lat' dir='ltr'><strong>quoque</strong></span> <span class='ocrx_word' id='word_1_170' title='bbox 1546 2336 1805 2377; x_wconf 90' lang='lat' dir='ltr'><strong>occasum</strong></span> <span class='ocrx_word' id='word_1_171' title='bbox 1837 2325 1890 2376; x_wconf 90' lang='lat' dir='ltr'><strong>in</strong></span> <span class='ocrx_word' id='word_1_172' title='bbox 1924 2339 2026 2377; x_wconf 82' lang='lat' dir='ltr'><strong>nu-</strong></span> 
     </span>
    </p>
   </div>
   <div class='ocr_carea' id='block_1_26' title="bbox 439 2415 2024 2485">
    <p class='ocr_par' dir='ltr' id='par_1_26' title="bbox 439 2415 2024 2485">
     <span class='ocr_line' id='line_1_26' title="bbox 439 2415 2024 2485; baseline -0.001 -12"><span class='ocrx_word' id='word_1_173' title='bbox 439 2418 610 2473; x_wconf 86' lang='lat' dir='ltr'><strong>bibus</strong></span> <span class='ocrx_word' id='word_1_174' title='bbox 635 2417 900 2472; x_wconf 81' lang='lat' dir='ltr'><strong>sublimes</strong></span> <span class='ocrx_word' id='word_1_175' title='bbox 920 2431 1142 2484; x_wconf 85' lang='lat' dir='ltr'><strong>currus,</strong></span> <span class='ocrx_word' id='word_1_176' title='bbox 1168 2424 1222 2469; x_wconf 88' lang='lat' dir='ltr'><strong>et</strong></span> <span class='ocrx_word' id='word_1_177' title='bbox 1248 2416 1396 2470; x_wconf 81' lang='lat' dir='ltr'><strong>acies</strong></span> <span class='ocrx_word' id='word_1_178' title='bbox 1415 2415 1717 2470; x_wconf 87' lang='lat' dir='ltr'><strong>emicantes</strong></span> <span class='ocrx_word' id='word_1_179' title='bbox 1743 2415 1945 2485; x_wconf 85' lang='lat' dir='ltr'><strong>urbesq</strong></span> <span class='ocrx_word' id='word_1_180' title='bbox 1957 2431 2024 2471; x_wconf 89' lang='lat' dir='ltr'><strong>ue</strong></span> 
     </span>
    </p>
   </div>
   <div class='ocr_carea' id='block_1_27' title="bbox 436 2507 2026 2579">
    <p class='ocr_par' dir='ltr' id='par_1_27' title="bbox 436 2507 2026 2579">
     <span class='ocr_line' id='line_1_27' title="bbox 436 2507 2026 2579; baseline -0.003 -13"><span class='ocrx_word' id='word_1_181' title='bbox 436 2510 766 2566; x_wconf 87' lang='lat' dir='ltr'><strong>obsidentes</strong></span> <span class='ocrx_word' id='word_1_182' title='bbox 820 2525 1156 2579; x_wconf 85' lang='lat' dir='ltr'><strong>apparuere.</strong></span> <span class='ocrx_word' id='word_1_183' title='bbox 1217 2507 1316 2564; x_wconf 87' lang='lat' dir='ltr'><strong>Die</strong></span> <span class='ocrx_word' id='word_1_184' title='bbox 1363 2509 1530 2562; x_wconf 89' lang='lat' dir='ltr'><strong>etiam</strong></span> <span class='ocrx_word' id='word_1_185' title='bbox 1581 2508 1823 2578; x_wconf 86' lang='lat' dir='ltr'><strong>quodam</strong></span> <span class='ocrx_word' id='word_1_186' title='bbox 1875 2508 2026 2578; x_wconf 85' lang='lat' dir='ltr'><strong>apud</strong></span> 
     </span>
    </p>
   </div>
   <div class='ocr_carea' id='block_1_28' title="bbox 436 2601 2027 2674">
    <p class='ocr_par' dir='ltr' id='par_1_28' title="bbox 436 2601 2027 2674">
     <span class='ocr_line' id='line_1_28' title="bbox 436 2601 2027 2674; baseline -0.001 -16"><span class='ocrx_word' id='word_1_187' title='bbox 436 2603 561 2658; x_wconf 90' lang='lat' dir='ltr'><strong>illos</strong></span> <span class='ocrx_word' id='word_1_188' title='bbox 611 2603 791 2668; x_wconf 80' lang='lat' dir='ltr'><strong>testo,</strong></span> <span class='ocrx_word' id='word_1_189' title='bbox 827 2603 1229 2674; x_wconf 82' lang='lat' dir='ltr'><strong>ScenOpegiam</strong></span> <span class='ocrx_word' id='word_1_190' title='bbox 1278 2609 1501 2668; x_wconf 85' lang='lat' dir='ltr'><strong>vocant,</strong></span> <span class='ocrx_word' id='word_1_191' title='bbox 1548 2615 1676 2656; x_wconf 90' lang='lat' dir='ltr'><strong>cum</strong></span> <span class='ocrx_word' id='word_1_192' title='bbox 1711 2601 2027 2657; x_wconf 79' lang='lat' dir='ltr'><strong>sacerdotes</strong></span> 
     </span>
    </p>
   </div>
   <div class='ocr_carea' id='block_1_29' title="bbox 437 2692 2025 2752">
    <p class='ocr_par' dir='ltr' id='par_1_29' title="bbox 437 2692 2025 2752">
     <span class='ocr_line' id='line_1_29' title="bbox 437 2692 2025 2752; baseline 0 -4"><span class='ocrx_word' id='word_1_193' title='bbox 437 2710 604 2752; x_wconf 83' lang='lat' dir='ltr'><strong>noctu</strong></span> <span class='ocrx_word' id='word_1_194' title='bbox 663 2709 818 2749; x_wconf 84' lang='lat' dir='ltr'><strong>more</strong></span> <span class='ocrx_word' id='word_1_195' title='bbox 873 2710 976 2749; x_wconf 88' lang='lat' dir='ltr'><strong>suo</strong></span> <span class='ocrx_word' id='word_1_196' title='bbox 1029 2694 1096 2748; x_wconf 88' lang='lat' dir='ltr'><strong>ad</strong></span> <span class='ocrx_word' id='word_1_197' title='bbox 1157 2709 1374 2749; x_wconf 80' lang='lat' dir='ltr'><strong>sacrum</strong></span> <span class='ocrx_word' id='word_1_198' title='bbox 1433 2692 1812 2748; x_wconf 88' lang='lat' dir='ltr'><strong>ministerium</strong></span> <span class='ocrx_word' id='word_1_199' title='bbox 1863 2708 2025 2749; x_wconf 89' lang='lat' dir='ltr'><strong>suum</strong></span> 
     </span>
    </p>
   </div>
   <div class='ocr_carea' id='block_1_30' title="bbox 436 2785 2024 2857">
    <p class='ocr_par' dir='ltr' id='par_1_30' title="bbox 436 2785 2024 2857">
     <span class='ocr_line' id='line_1_30' title="bbox 436 2785 2024 2857; baseline 0.001 -18"><span class='ocrx_word' id='word_1_200' title='bbox 436 2787 756 2842; x_wconf 89' lang='lat' dir='ltr'><strong>obeundum</strong></span> <span class='ocrx_word' id='word_1_201' title='bbox 809 2790 994 2848; x_wconf 86' lang='lat' dir='ltr'><strong>irent,</strong></span> <span class='ocrx_word' id='word_1_202' title='bbox 1043 2786 1319 2857; x_wconf 78' lang='lat' dir='ltr'><strong>fragorem</strong></span> <span class='ocrx_word' id='word_1_203' title='bbox 1371 2794 1428 2840; x_wconf 89' lang='lat' dir='ltr'><strong>et</strong></span> <span class='ocrx_word' id='word_1_204' title='bbox 1475 2796 1684 2840; x_wconf 81' lang='lat' dir='ltr'><strong>metum</strong></span> <span class='ocrx_word' id='word_1_205' title='bbox 1729 2785 2024 2855; x_wconf 83' lang='lat' dir='ltr'><strong>quemdam</strong></span> 
     </span>
    </p>
   </div>
   <div class='ocr_carea' id='block_1_31' title="bbox 438 2878 2029 2950">
    <p class='ocr_par' dir='ltr' id='par_1_31' title="bbox 438 2878 2029 2950">
     <span class='ocr_line' id='line_1_31' title="bbox 438 2878 2029 2950; baseline -0.001 -16"><span class='ocrx_word' id='word_1_206' title='bbox 438 2881 588 2934; x_wconf 81' lang='lat' dir='ltr'><strong>sensi</strong></span> <span class='ocrx_word' id='word_1_207' title='bbox 603 2896 703 2945; x_wconf 62' lang='lat' dir='ltr'><strong>sse,</strong></span> <span class='ocrx_word' id='word_1_208' title='bbox 733 2896 799 2934; x_wconf 91' lang='lat' dir='ltr'><strong>ac</strong></span> <span class='ocrx_word' id='word_1_209' title='bbox 831 2879 1093 2950; x_wconf 89' lang='lat' dir='ltr'><strong>deinceps</strong></span> <span class='ocrx_word' id='word_1_210' title='bbox 1125 2895 1311 2934; x_wconf 77' lang='lat' dir='ltr'><strong>votem</strong></span> <span class='ocrx_word' id='word_1_211' title='bbox 1345 2880 1625 2950; x_wconf 84' lang='lat' dir='ltr'><strong>ingentem</strong></span> <span class='ocrx_word' id='word_1_212' title='bbox 1663 2878 1887 2934; x_wconf 88' lang='lat' dir='ltr'><strong>audisse</strong></span> <span class='ocrx_word' id='word_1_213' title='bbox 1920 2889 2029 2933; x_wconf 87' lang='lat' dir='ltr'><strong>tra-</strong></span> 
     </span>
    </p>
   </div>
   <div class='ocr_carea' id='block_1_32' title="bbox 436 2969 2026 3041">
    <p class='ocr_par' dir='ltr' id='par_1_32' title="bbox 436 2969 2026 3041">
     <span class='ocr_line' id='line_1_32' title="bbox 436 2969 2026 3041; baseline -0.001 -13"><span class='ocrx_word' id='word_1_214' title='bbox 436 2971 680 3036; x_wconf 88' lang='lat' dir='ltr'><strong>duntur,</strong></span> <span class='ocrx_word' id='word_1_215' title='bbox 719 2987 841 3041; x_wconf 64' lang='lat' dir='ltr'><strong>(inae</strong></span> <span class='ocrx_word' id='word_1_216' title='bbox 891 2970 1243 3040; x_wconf 79' lang='lat' dir='ltr'><strong>migrandum</strong></span> <span class='ocrx_word' id='word_1_217' title='bbox 1297 2969 1427 3025; x_wconf 89' lang='lat' dir='ltr'><strong>inde</strong></span> <span class='ocrx_word' id='word_1_218' title='bbox 1476 2985 1600 3026; x_wconf 86' lang='lat' dir='ltr'><strong>esse</strong></span> <span class='ocrx_word' id='word_1_219' title='bbox 1648 2970 2026 3027; x_wconf 88' lang='lat' dir='ltr'><strong>denuntiaret.</strong></span> 
     </span>
    </p>
   </div>
   <div class='ocr_carea' id='block_1_33' title="bbox 437 3061 2026 3132">
    <p class='ocr_par' dir='ltr' id='par_1_33' title="bbox 437 3061 2026 3132">
     <span class='ocr_line' id='line_1_33' title="bbox 437 3061 2026 3132; baseline 0.003 -18"><span class='ocrx_word' id='word_1_220' title='bbox 437 3063 646 3130; x_wconf 82' lang='lat' dir='ltr'><strong>Quarto</strong></span> <span class='ocrx_word' id='word_1_221' title='bbox 675 3077 803 3118; x_wconf 84' lang='lat' dir='ltr'><strong>ante</strong></span> <span class='ocrx_word' id='word_1_222' title='bbox 831 3063 1035 3119; x_wconf 87' lang='lat' dir='ltr'><strong>bellum</strong></span> <span class='ocrx_word' id='word_1_223' title='bbox 1061 3079 1208 3118; x_wconf 90' lang='lat' dir='ltr'><strong>anno</strong></span> <span class='ocrx_word' id='word_1_224' title='bbox 1236 3062 1322 3116; x_wconf 86' lang='lat' dir='ltr'><strong>vir</strong></span> <span class='ocrx_word' id='word_1_225' title='bbox 1345 3061 1568 3132; x_wconf 84' lang='lat' dir='ltr'><strong>quidam</strong></span> <span class='ocrx_word' id='word_1_226' title='bbox 1595 3063 1820 3122; x_wconf 87' lang='lat' dir='ltr'><strong>nomine</strong></span> <span class='ocrx_word' id='word_1_227' title='bbox 1845 3064 2026 3132; x_wconf 87' lang='lat' dir='ltr'><strong>Jesus,</strong></span> 
     </span>
    </p>
   </div>
   <div class='ocr_carea' id='block_1_34' title="bbox 442 3152 2028 3227">
    <p class='ocr_par' dir='ltr' id='par_1_34' title="bbox 442 3152 2028 3227">
     <span class='ocr_line' id='line_1_34' title="bbox 442 3152 2028 3227; baseline 0.003 -22"><span class='ocrx_word' id='word_1_228' title='bbox 442 3154 678 3222; x_wconf 80' lang='lat' dir='ltr'><strong>agrestis</strong></span> <span class='ocrx_word' id='word_1_229' title='bbox 729 3154 1024 3208; x_wconf 75' lang='lat' dir='ltr'><strong>adnzodutn</strong></span> <span class='ocrx_word' id='word_1_230' title='bbox 1077 3163 1135 3209; x_wconf 88' lang='lat' dir='ltr'><strong>et</strong></span> <span class='ocrx_word' id='word_1_231' title='bbox 1181 3153 1385 3208; x_wconf 63' lang='lat' dir='ltr'><strong>intimae</strong></span> <span class='ocrx_word' id='word_1_232' title='bbox 1433 3152 1601 3208; x_wconf 84' lang='lat' dir='ltr'><strong>sortis</strong></span> <span class='ocrx_word' id='word_1_233' title='bbox 1643 3154 1865 3210; x_wconf 81' lang='lat' dir='ltr'><strong>homine</strong></span> <span class='ocrx_word' id='word_1_234' title='bbox 1916 3154 2028 3227; x_wconf 88' lang='lat' dir='ltr'><strong>(cui</strong></span> 
     </span>
    </p>
   </div>
   <div class='ocr_carea' id='block_1_35' title="bbox 443 3244 2028 3318">
    <p class='ocr_par' dir='ltr' id='par_1_35' title="bbox 443 3244 2028 3318">
     <span class='ocr_line' id='line_1_35' title="bbox 443 3244 2028 3318; baseline 0.003 -20"><span class='ocrx_word' id='word_1_235' title='bbox 443 3247 618 3300; x_wconf 81' lang='lat' dir='ltr'><strong>Anani</strong></span> <span class='ocrx_word' id='word_1_236' title='bbox 656 3263 856 3301; x_wconf 80' lang='lat' dir='ltr'><strong>nomen</strong></span> <span class='ocrx_word' id='word_1_237' title='bbox 894 3245 1038 3316; x_wconf 82' lang='lat' dir='ltr'><strong>erat)</strong></span> <span class='ocrx_word' id='word_1_238' title='bbox 1073 3255 1414 3316; x_wconf 88' lang='lat' dir='ltr'><strong>prognatus,</strong></span> <span class='ocrx_word' id='word_1_239' title='bbox 1451 3261 1575 3300; x_wconf 90' lang='lat' dir='ltr'><strong>cum</strong></span> <span class='ocrx_word' id='word_1_240' title='bbox 1613 3244 1808 3316; x_wconf 85' lang='lat' dir='ltr'><strong>ingens</strong></span> <span class='ocrx_word' id='word_1_241' title='bbox 1841 3263 1945 3318; x_wconf 88' lang='lat' dir='ltr'><strong>pax</strong></span> <span class='ocrx_word' id='word_1_242' title='bbox 1972 3257 2028 3302; x_wconf 89' lang='lat' dir='ltr'><strong>et</strong></span> 
     </span>
    </p>
   </div>
   <div class='ocr_carea' id='block_1_36' title="bbox 443 3338 2026 3410">
    <p class='ocr_par' dir='ltr' id='par_1_36' title="bbox 443 3338 2026 3410">
     <span class='ocr_line' id='line_1_36' title="bbox 443 3338 2026 3410; baseline 0.001 -17"><span class='ocrx_word' id='word_1_243' title='bbox 443 3342 818 3408; x_wconf 81' lang='lat' dir='ltr'><strong>tranquillitas</strong></span> <span class='ocrx_word' id='word_1_244' title='bbox 859 3342 910 3393; x_wconf 87' lang='lat' dir='ltr'><strong>in</strong></span> <span class='ocrx_word' id='word_1_245' title='bbox 947 3339 1085 3393; x_wconf 90' lang='lat' dir='ltr'><strong>urbe</strong></span> <span class='ocrx_word' id='word_1_246' title='bbox 1117 3347 1287 3405; x_wconf 85' lang='lat' dir='ltr'><strong>esset,</strong></span> <span class='ocrx_word' id='word_1_247' title='bbox 1328 3338 1638 3409; x_wconf 88' lang='lat' dir='ltr'><strong>derepente</strong></span> <span class='ocrx_word' id='word_1_248' title='bbox 1669 3340 1724 3394; x_wconf 90' lang='lat' dir='ltr'><strong>in</strong></span> <span class='ocrx_word' id='word_1_249' title='bbox 1766 3343 2026 3410; x_wconf 89' lang='lat' dir='ltr'><strong>templum</strong></span> 
     </span>
    </p>
   </div>
   <div class='ocr_carea' id='block_1_37' title="bbox 443 3430 2030 3502">
    <p class='ocr_par' dir='ltr' id='par_1_37' title="bbox 443 3430 2030 3502">
     <span class='ocr_line' id='line_1_37' title="bbox 443 3430 2030 3502; baseline 0 -14"><span class='ocrx_word' id='word_1_250' title='bbox 443 3434 727 3502; x_wconf 82' lang='lat' dir='ltr'><strong>ingressus</strong></span> <span class='ocrx_word' id='word_1_251' title='bbox 760 3451 772 3488; x_wconf 88' lang='lat'>:</span> <span class='ocrx_word' id='word_1_252' title='bbox 807 3452 824 3484; x_wconf 75' lang='grc' dir='ltr'><strong>ι</strong></span> <span class='ocrx_word' id='word_1_253' title='bbox 862 3433 1000 3494; x_wconf 70' lang='lat' dir='ltr'><strong>Vox,</strong></span> <span class='ocrx_word' id='word_1_254' title='bbox 1033 3431 1234 3501; x_wconf 84' lang='lat' dir='ltr'><strong>inquit,</strong></span> <span class='ocrx_word' id='word_1_255' title='bbox 1266 3431 1334 3485; x_wconf 91' lang='lat' dir='ltr'><strong>ab</strong></span> <span class='ocrx_word' id='word_1_256' title='bbox 1366 3430 1611 3494; x_wconf 88' lang='lat' dir='ltr'><strong>Oriente,</strong></span> <span class='ocrx_word' id='word_1_257' title='bbox 1647 3433 1752 3487; x_wconf 72' lang='lat' dir='ltr'><strong>Vox</strong></span> <span class='ocrx_word' id='word_1_258' title='bbox 1781 3434 1849 3488; x_wconf 86' lang='lat' dir='ltr'><strong>ab</strong></span> <span class='ocrx_word' id='word_1_259' title='bbox 1871 3432 2030 3490; x_wconf 88' lang='lat' dir='ltr'><strong>Occi-</strong></span> 
     </span>
    </p>
   </div>
   <div class='ocr_carea' id='block_1_38' title="bbox 443 3524 2029 3600">
    <p class='ocr_par' dir='ltr' id='par_1_38' title="bbox 443 3524 2029 3600">
     <span class='ocr_line' id='line_1_38' title="bbox 443 3524 2029 3600; baseline 0.002 -21"><span class='ocrx_word' id='word_1_260' title='bbox 443 3526 630 3588; x_wconf 85' lang='lat' dir='ltr'><strong>dente,</strong></span> <span class='ocrx_word' id='word_1_261' title='bbox 656 3541 760 3578; x_wconf 77' lang='lat' dir='ltr'><strong>vox</strong></span> <span class='ocrx_word' id='word_1_262' title='bbox 787 3544 815 3578; x_wconf 93' lang='lat' dir='ltr'><strong>a</strong></span> <span class='ocrx_word' id='word_1_263' title='bbox 845 3536 1084 3594; x_wconf 89' lang='lat' dir='ltr'><strong>quatuor</strong></span> <span class='ocrx_word' id='word_1_264' title='bbox 1109 3525 1309 3590; x_wconf 79' lang='lat' dir='ltr'><strong>ventis,</strong></span> <span class='ocrx_word' id='word_1_265' title='bbox 1331 3541 1433 3579; x_wconf 81' lang='lat' dir='ltr'><strong>vox</strong></span> <span class='ocrx_word' id='word_1_266' title='bbox 1458 3540 1623 3596; x_wconf 91' lang='lat' dir='ltr'><strong>super</strong></span> <span class='ocrx_word' id='word_1_267' title='bbox 1645 3524 2029 3600; x_wconf 79' lang='lat' dir='ltr'><strong>Hierosolyma</strong></span> 
     </span>
    </p>
   </div>
   <div class='ocr_carea' id='block_1_39' title="bbox 437 3619 2028 3690">
    <p class='ocr_par' dir='ltr' id='par_1_39' title="bbox 437 3619 2028 3690">
     <span class='ocr_line' id='line_1_39' title="bbox 437 3619 2028 3690; baseline 0.003 -18"><span class='ocrx_word' id='word_1_268' title='bbox 437 3631 495 3672; x_wconf 88' lang='lat' dir='ltr'><strong>et</strong></span> <span class='ocrx_word' id='word_1_269' title='bbox 531 3619 705 3688; x_wconf 84' lang='lat' dir='ltr'><strong>ipsum</strong></span> <span class='ocrx_word' id='word_1_270' title='bbox 744 3621 1033 3688; x_wconf 86' lang='lat' dir='ltr'><strong>templum,</strong></span> <span class='ocrx_word' id='word_1_271' title='bbox 1067 3635 1174 3674; x_wconf 87' lang='lat' dir='ltr'><strong>vox</strong></span> <span class='ocrx_word' id='word_1_272' title='bbox 1207 3634 1376 3689; x_wconf 89' lang='lat' dir='ltr'><strong>super</strong></span> <span class='ocrx_word' id='word_1_273' title='bbox 1410 3633 1648 3686; x_wconf 87' lang='lat' dir='ltr'><strong>sponsos</strong></span> <span class='ocrx_word' id='word_1_274' title='bbox 1678 3629 1734 3674; x_wconf 91' lang='lat' dir='ltr'><strong>et</strong></span> <span class='ocrx_word' id='word_1_275' title='bbox 1769 3635 2028 3690; x_wconf 87' lang='lat' dir='ltr'><strong>sponsas,</strong></span> 
     </span>
    </p>
   </div>
   <div class='ocr_carea' id='block_1_40' title="bbox 438 3709 2027 3780">
    <p class='ocr_par' dir='ltr' id='par_1_40' title="bbox 438 3709 2027 3780">
     <span class='ocr_line' id='line_1_40' title="bbox 438 3709 2027 3780; baseline 0.001 -16"><span class='ocrx_word' id='word_1_276' title='bbox 438 3727 538 3765; x_wconf 85' lang='lat' dir='ltr'><strong>vox</strong></span> <span class='ocrx_word' id='word_1_277' title='bbox 575 3725 743 3779; x_wconf 82' lang='lat' dir='ltr'><strong>super</strong></span> <span class='ocrx_word' id='word_1_278' title='bbox 769 3712 1036 3779; x_wconf 89' lang='lat' dir='ltr'><strong>p0pulum</strong></span> <span class='ocrx_word' id='word_1_279' title='bbox 1065 3725 1309 3764; x_wconf 91' lang='lat' dir='ltr'><strong>omnem.</strong></span> <span class='ocrx_word' id='word_1_280' title='bbox 1350 3728 1368 3761; x_wconf 72' lang='grc' dir='ltr'><strong>ι</strong></span> <span class='ocrx_word' id='word_1_281' title='bbox 1400 3709 1496 3764; x_wconf 90' lang='lat' dir='ltr'><strong>Die</strong></span> <span class='ocrx_word' id='word_1_282' title='bbox 1528 3717 1713 3763; x_wconf 90' lang='lat' dir='ltr'><strong>autem</strong></span> <span class='ocrx_word' id='word_1_283' title='bbox 1747 3719 2027 3780; x_wconf 88' lang='lat' dir='ltr'><strong>noctuque</strong></span> 
     </span>
    </p>
   </div>
   <div class='ocr_carea' id='block_1_41' title="bbox 437 3801 2029 3874">
    <p class='ocr_par' dir='ltr' id='par_1_41' title="bbox 437 3801 2029 3874">
     <span class='ocr_line' id='line_1_41' title="bbox 437 3801 2029 3874; baseline -0.003 -13"><span class='ocrx_word' id='word_1_284' title='bbox 437 3805 556 3861; x_wconf 69' lang='lat' dir='ltr'><strong>haec</strong></span> <span class='ocrx_word' id='word_1_285' title='bbox 589 3801 901 3857; x_wconf 74' lang='lat' dir='ltr'><strong>vociferans</strong></span> <span class='ocrx_word' id='word_1_286' title='bbox 928 3803 1222 3858; x_wconf 78' lang='lat' dir='ltr'><strong>circuibat.</strong></span> <span class='ocrx_word' id='word_1_287' title='bbox 1249 3801 1603 3874; x_wconf 85' lang='lat' dir='ltr'><strong>Quapropter</strong></span> <span class='ocrx_word' id='word_1_288' title='bbox 1626 3803 1878 3858; x_wconf 86' lang='lat' dir='ltr'><strong>nonnulli</strong></span> <span class='ocrx_word' id='word_1_289' title='bbox 1911 3813 2029 3857; x_wconf 88' lang='lat' dir='ltr'><strong>tan-</strong></span> 
     </span>
    </p>
   </div>
   <div class='ocr_carea' id='block_1_42' title="bbox 435 3896 2026 3968">
    <p class='ocr_par' dir='ltr' id='par_1_42' title="bbox 435 3896 2026 3968">
     <span class='ocr_line' id='line_1_42' title="bbox 435 3896 2026 3968; baseline -0.001 -16"><span class='ocrx_word' id='word_1_290' title='bbox 435 3914 600 3968; x_wconf 88' lang='lat' dir='ltr'><strong>quam</strong></span> <span class='ocrx_word' id='word_1_291' title='bbox 635 3896 762 3951; x_wconf 88' lang='lat' dir='ltr'><strong>mali</strong></span> <span class='ocrx_word' id='word_1_292' title='bbox 790 3897 994 3951; x_wconf 89' lang='lat' dir='ltr'><strong>ominis</strong></span> <span class='ocrx_word' id='word_1_293' title='bbox 1023 3911 1278 3950; x_wconf 87' lang='lat' dir='ltr'><strong>sermone</strong></span> <span class='ocrx_word' id='word_1_294' title='bbox 1305 3897 1427 3967; x_wconf 82' lang='lat' dir='ltr'><strong>ejus</strong></span> <span class='ocrx_word' id='word_1_295' title='bbox 1452 3896 1737 3959; x_wconf 90' lang='lat' dir='ltr'><strong>commoti,</strong></span> <span class='ocrx_word' id='word_1_296' title='bbox 1772 3909 2026 3965; x_wconf 85' lang='lat' dir='ltr'><strong>compre-</strong></span> 
     </span>
    </p>
   </div>
   <div class='ocr_carea' id='block_1_43' title="bbox 440 3987 2026 4059">
    <p class='ocr_par' dir='ltr' id='par_1_43' title="bbox 440 3987 2026 4059">
     <span class='ocr_line' id='line_1_43' title="bbox 440 3987 2026 4059; baseline -0.001 -15"><span class='ocrx_word' id='word_1_297' title='bbox 440 3992 675 4044; x_wconf 81' lang='lat' dir='ltr'><strong>hensum</strong></span> <span class='ocrx_word' id='word_1_298' title='bbox 713 4005 841 4043; x_wconf 85' lang='lat' dir='ltr'><strong>eum</strong></span> <span class='ocrx_word' id='word_1_299' title='bbox 886 3990 1064 4059; x_wconf 81' lang='lat' dir='ltr'><strong>plagis</strong></span> <span class='ocrx_word' id='word_1_300' title='bbox 1099 4000 1433 4045; x_wconf 88' lang='lat' dir='ltr'><strong>mactarunt.</strong></span> <span class='ocrx_word' id='word_1_301' title='bbox 1480 3989 1576 4044; x_wconf 89' lang='lat' dir='ltr'><strong>llle</strong></span> <span class='ocrx_word' id='word_1_302' title='bbox 1621 4003 1752 4043; x_wconf 89' lang='lat' dir='ltr'><strong>vero</strong></span> <span class='ocrx_word' id='word_1_303' title='bbox 1797 3987 2026 4044; x_wconf 89' lang='lat' dir='ltr'><strong>minime</strong></span> 
     </span>
    </p>
   </div>
   <div class='ocr_carea' id='block_1_44' title="bbox 439 4081 2024 4152">
    <p class='ocr_par' dir='ltr' id='par_1_44' title="bbox 439 4081 2024 4152">
     <span class='ocr_line' id='line_1_44' title="bbox 439 4081 2024 4152; baseline 0 -17"><span class='ocrx_word' id='word_1_304' title='bbox 439 4081 788 4145; x_wconf 80' lang='lat' dir='ltr'><strong>movebatur,</strong></span> <span class='ocrx_word' id='word_1_305' title='bbox 827 4096 1008 4151; x_wconf 74' lang='lat' dir='ltr'><strong>neque</strong></span> <span class='ocrx_word' id='word_1_306' title='bbox 1039 4082 1339 4152; x_wconf 88' lang='lat' dir='ltr'><strong>quidquam</strong></span> <span class='ocrx_word' id='word_1_307' title='bbox 1379 4081 1449 4136; x_wconf 91' lang='lat' dir='ltr'><strong>de</strong></span> <span class='ocrx_word' id='word_1_308' title='bbox 1478 4081 1665 4151; x_wconf 85' lang='lat' dir='ltr'><strong>seipse</strong></span> <span class='ocrx_word' id='word_1_309' title='bbox 1698 4081 2024 4146; x_wconf 84' lang='lat' dir='ltr'><strong>verebatur,</strong></span> 
     </span>
    </p>
   </div>
   <div class='ocr_carea' id='block_1_45' title="bbox 435 4172 2023 4244">
    <p class='ocr_par' dir='ltr' id='par_1_45' title="bbox 435 4172 2023 4244">
     <span class='ocr_line' id='line_1_45' title="bbox 435 4172 2023 4244; baseline 0.001 -17"><span class='ocrx_word' id='word_1_310' title='bbox 435 4181 495 4227; x_wconf 91' lang='lat' dir='ltr'><strong>et</strong></span> <span class='ocrx_word' id='word_1_311' title='bbox 522 4177 688 4227; x_wconf 85' lang='lat' dir='ltr'><strong>verba</strong></span> <span class='ocrx_word' id='word_1_312' title='bbox 721 4188 784 4227; x_wconf 89' lang='lat' dir='ltr'><strong>ea</strong></span> <span class='ocrx_word' id='word_1_313' title='bbox 809 4172 922 4241; x_wconf 82' lang='lat' dir='ltr'><strong>jam</strong></span> <span class='ocrx_word' id='word_1_314' title='bbox 957 4174 1063 4228; x_wconf 91' lang='lat' dir='ltr'><strong>sibi</strong></span> <span class='ocrx_word' id='word_1_315' title='bbox 1101 4184 1369 4229; x_wconf 87' lang='lat' dir='ltr'><strong>consueta</strong></span> <span class='ocrx_word' id='word_1_316' title='bbox 1405 4175 1710 4228; x_wconf 78' lang='lat' dir='ltr'><strong>inclamare</strong></span> <span class='ocrx_word' id='word_1_317' title='bbox 1739 4173 2023 4244; x_wconf 86' lang='lat' dir='ltr'><strong>pergebat.</strong></span> 
     </span>
    </p>
   </div>
   <div class='ocr_carea' id='block_1_46' title="bbox 435 4265 2023 4337">
    <p class='ocr_par' dir='ltr' id='par_1_46' title="bbox 435 4265 2023 4337">
     <span class='ocr_line' id='line_1_46' title="bbox 435 4265 2023 4337; baseline 0.002 -20"><span class='ocrx_word' id='word_1_318' title='bbox 435 4265 581 4332; x_wconf 87' lang='lat' dir='ltr'><strong>Quin</strong></span> <span class='ocrx_word' id='word_1_319' title='bbox 613 4265 871 4320; x_wconf 86' lang='lat' dir='ltr'><strong>etiamad</strong></span> <span class='ocrx_word' id='word_1_320' title='bbox 909 4267 1218 4322; x_wconf 77' lang='lat' dir='ltr'><strong>Romanum</strong></span> <span class='ocrx_word' id='word_1_321' title='bbox 1247 4265 1539 4337; x_wconf 66' lang='lat' dir='ltr'><strong>praesident</strong></span> <span class='ocrx_word' id='word_1_322' title='bbox 1577 4265 1871 4334; x_wconf 88' lang='lat' dir='ltr'><strong>adductus,</strong></span> <span class='ocrx_word' id='word_1_323' title='bbox 1896 4281 2023 4320; x_wconf 89' lang='lat' dir='ltr'><strong>cum</strong></span> 
     </span>
    </p>
   </div>
   <div class='ocr_carea' id='block_1_47' title="bbox 436 4358 2024 4430">
    <p class='ocr_par' dir='ltr' id='par_1_47' title="bbox 436 4358 2024 4430">
     <span class='ocr_line' id='line_1_47' title="bbox 436 4358 2024 4430; baseline 0 -18"><span class='ocrx_word' id='word_1_324' title='bbox 436 4358 629 4412; x_wconf 90' lang='lat' dir='ltr'><strong>itidem</strong></span> <span class='ocrx_word' id='word_1_325' title='bbox 671 4358 746 4413; x_wconf 92' lang='lat' dir='ltr'><strong>ibi</strong></span> <span class='ocrx_word' id='word_1_326' title='bbox 783 4359 1206 4424; x_wconf 87' lang='lat' dir='ltr'><strong>verberaretur,</strong></span> <span class='ocrx_word' id='word_1_327' title='bbox 1250 4375 1358 4416; x_wconf 90' lang='lat' dir='ltr'><strong>non</strong></span> <span class='ocrx_word' id='word_1_328' title='bbox 1402 4358 1552 4413; x_wconf 90' lang='lat' dir='ltr'><strong>aliud</strong></span> <span class='ocrx_word' id='word_1_329' title='bbox 1587 4360 1912 4430; x_wconf 83' lang='lat' dir='ltr'><strong>prolocutus</strong></span> <span class='ocrx_word' id='word_1_330' title='bbox 1940 4365 2024 4413; x_wconf 91' lang='lat' dir='ltr'><strong>est</strong></span> 
     </span>
    </p>
   </div>
   <div class='ocr_carea' id='block_1_48' title="bbox 435 4451 2021 4522">
    <p class='ocr_par' dir='ltr' id='par_1_48' title="bbox 435 4451 2021 4522">
     <span class='ocr_line' id='line_1_48' title="bbox 435 4451 2021 4522; baseline 0.003 -21"><span class='ocrx_word' id='word_1_331' title='bbox 435 4451 699 4514; x_wconf 89' lang='lat' dir='ltr'><strong>verbum,</strong></span> <span class='ocrx_word' id='word_1_332' title='bbox 735 4467 914 4521; x_wconf 89' lang='lat' dir='ltr'><strong>neque</strong></span> <span class='ocrx_word' id='word_1_333' title='bbox 949 4451 1116 4506; x_wconf 88' lang='lat' dir='ltr'><strong>etiam</strong></span> <span class='ocrx_word' id='word_1_334' title='bbox 1152 4451 1427 4522; x_wconf 84' lang='lat' dir='ltr'><strong>lacrymas</strong></span> <span class='ocrx_word' id='word_1_335' title='bbox 1463 4451 1687 4506; x_wconf 89' lang='lat' dir='ltr'><strong>emisit:</strong></span> <span class='ocrx_word' id='word_1_336' title='bbox 1727 4451 1822 4506; x_wconf 89' lang='lat' dir='ltr'><strong>sed</strong></span> <span class='ocrx_word' id='word_1_337' title='bbox 1858 4452 2021 4505; x_wconf 92' lang='lat' dir='ltr'><strong>mise-</strong></span> 
     </span>
    </p>
   </div>
   <div class='ocr_carea' id='block_1_49' title="bbox 2125 565 3712 642">
    <p class='ocr_par' dir='ltr' id='par_1_49' title="bbox 2125 565 3712 642">
     <span class='ocr_line' id='line_1_49' title="bbox 2125 565 3712 642; baseline 0.001 -20"><span class='ocrx_word' id='word_1_338' title='bbox 2125 568 2374 638; x_wconf 55' lang='grc' dir='ltr'>γραφῶν</span> <span class='ocrx_word' id='word_1_339' title='bbox 2398 572 2625 642; x_wconf 70' lang='grc' dir='ltr'>ἱστορεῖ.</span> <span class='ocrx_word' id='word_1_340' title='bbox 2656 570 2794 624; x_wconf 72' lang='grc' dir='ltr'><strong>«Τὸν</strong></span> <span class='ocrx_word' id='word_1_341' title='bbox 2821 570 2955 638; x_wconf 83' lang='grc' dir='ltr'>γοῦν</span> <span class='ocrx_word' id='word_1_342' title='bbox 3002 569 3210 634; x_wconf 75' lang='grc' dir='ltr'>ἄθλιον,</span> <span class='ocrx_word' id='word_1_343' title='bbox 3252 571 3410 640; x_wconf 53' lang='grc' dir='ltr'>φησι,</span> <span class='ocrx_word' id='word_1_344' title='bbox 3436 565 3610 638; x_wconf 69' lang='grc' dir='ltr'>δῆμον</span> <span class='ocrx_word' id='word_1_345' title='bbox 3663 573 3712 626; x_wconf 88' lang='lat' dir='ltr'><strong>oi</strong></span> 
     </span>
    </p>
   </div>
   <div class='ocr_carea' id='block_1_50' title="bbox 2129 661 3714 734">
    <p class='ocr_par' dir='ltr' id='par_1_50' title="bbox 2129 661 3714 734">
     <span class='ocr_line' id='line_1_50' title="bbox 2129 661 3714 734; baseline 0.001 -18"><span class='ocrx_word' id='word_1_346' title='bbox 2129 664 2227 734; x_wconf 72' lang='grc' dir='ltr'>μὶν</span> <span class='ocrx_word' id='word_1_347' title='bbox 2249 662 2572 726; x_wconf 75' lang='grc' dir='ltr'>ἀπατεῶνες</span> <span class='ocrx_word' id='word_1_348' title='bbox 2617 663 2710 716; x_wconf 72' lang='grc' dir='ltr'>καὶ</span> <span class='ocrx_word' id='word_1_349' title='bbox 2742 663 3068 732; x_wconf 77' lang='grc' dir='ltr'><strong>ψευδόμενοι</strong></span> <span class='ocrx_word' id='word_1_350' title='bbox 3114 661 3209 716; x_wconf 86' lang='grc' dir='ltr'><strong>τοῦ</strong></span> <span class='ocrx_word' id='word_1_351' title='bbox 3237 661 3375 716; x_wconf 85' lang='grc' dir='ltr'>Θεοῦ</span> <span class='ocrx_word' id='word_1_352' title='bbox 3405 661 3714 733; x_wconf 82' lang='grc' dir='ltr'>τηνικαῦτα</span> 
     </span>
    </p>
   </div>
   <div class='ocr_carea' id='block_1_51' title="bbox 2125 754 3714 828">
    <p class='ocr_par' dir='ltr' id='par_1_51' title="bbox 2125 754 3714 828">
     <span class='ocr_line' id='line_1_51' title="bbox 2125 754 3714 828; baseline 0.001 -19"><span class='ocrx_word' id='word_1_353' title='bbox 2125 756 2496 826; x_wconf 76' lang='grc' dir='ltr'>παρέπειθονο</span> <span class='ocrx_word' id='word_1_354' title='bbox 2523 757 2638 820; x_wconf 77' lang='grc' dir='ltr'>τοῖς</span> <span class='ocrx_word' id='word_1_355' title='bbox 2670 754 2714 809; x_wconf 82' lang='grc' dir='ltr'>δ’</span> <span class='ocrx_word' id='word_1_356' title='bbox 2745 757 3002 824; x_wconf 72' lang='grc' dir='ltr'><strong>ἐναργέσι</strong></span> <span class='ocrx_word' id='word_1_357' title='bbox 3026 758 3120 808; x_wconf 74' lang='grc' dir='ltr'>καὶ</span> <span class='ocrx_word' id='word_1_358' title='bbox 3145 755 3588 828; x_wconf 77' lang='grc' dir='ltr'>προσημαίνουσι</span> <span class='ocrx_word' id='word_1_359' title='bbox 3612 757 3714 828; x_wconf 77' lang='grc' dir='ltr'>τὴν</span> 
     </span>
    </p>
   </div>
   <div class='ocr_carea' id='block_1_52' title="bbox 2129 847 3715 920">
    <p class='ocr_par' dir='ltr' id='par_1_52' title="bbox 2129 847 3715 920">
     <span class='ocr_line' id='line_1_52' title="bbox 2129 847 3715 920; baseline 0.001 -20"><span class='ocrx_word' id='word_1_360' title='bbox 2129 850 2433 920; x_wconf 75' lang='grc' dir='ltr'>μέλλουσαν</span> <span class='ocrx_word' id='word_1_361' title='bbox 2467 847 2690 902; x_wconf 79' lang='grc' dir='ltr'>ἔσεσθαι</span> <span class='ocrx_word' id='word_1_362' title='bbox 2719 849 2960 917; x_wconf 71' lang='grc' dir='ltr'>ἐρημίαν</span> <span class='ocrx_word' id='word_1_363' title='bbox 2989 849 3050 900; x_wconf 80' lang='grc' dir='ltr'>οὐ</span> <span class='ocrx_word' id='word_1_364' title='bbox 3072 849 3367 918; x_wconf 81' lang='grc' dir='ltr'>προσεῖχον</span> <span class='ocrx_word' id='word_1_365' title='bbox 3394 888 3409 911; x_wconf 88' lang='grc'><strong>,</strong></span> <span class='ocrx_word' id='word_1_366' title='bbox 3445 847 3560 902; x_wconf 72' lang='grc' dir='ltr'>οὒτ’</span> <span class='ocrx_word' id='word_1_367' title='bbox 3599 851 3715 902; x_wconf 79' lang='grc' dir='ltr'>ἐπίο</span> 
     </span>
    </p>
   </div>
   <div class='ocr_carea' id='block_1_53' title="bbox 2129 940 3716 1011">
    <p class='ocr_par' dir='ltr' id='par_1_53' title="bbox 2129 940 3716 1011">
     <span class='ocr_line' id='line_1_53' title="bbox 2129 940 3716 1011; baseline 0.001 -17"><span class='ocrx_word' id='word_1_368' title='bbox 2129 957 2348 996; x_wconf 74' lang='grc' dir='ltr'>στευονο</span> <span class='ocrx_word' id='word_1_369' title='bbox 2381 941 2498 995; x_wconf 79' lang='grc' dir='ltr'>ἀλλ’</span> <span class='ocrx_word' id='word_1_370' title='bbox 2518 941 2594 1003; x_wconf 78' lang='grc' dir='ltr'>ὡς</span> <span class='ocrx_word' id='word_1_371' title='bbox 2629 940 3158 1009; x_wconf 84' lang='grc' dir='ltr'>ἐμϐεϐροντημένοι,</span> <span class='ocrx_word' id='word_1_372' title='bbox 3188 941 3283 993; x_wconf 68' lang='grc' dir='ltr'><strong>καὶ</strong></span> <span class='ocrx_word' id='word_1_373' title='bbox 3317 940 3454 1010; x_wconf 76' lang='grc' dir='ltr'>μήτε</span> <span class='ocrx_word' id='word_1_374' title='bbox 3486 941 3716 1011; x_wconf 75' lang='grc' dir='ltr'>ὄμματα</span> 
     </span>
    </p>
   </div>
   <div class='ocr_carea' id='block_1_54' title="bbox 2131 1032 3713 1104">
    <p class='ocr_par' dir='ltr' id='par_1_54' title="bbox 2131 1032 3713 1104">
     <span class='ocr_line' id='line_1_54' title="bbox 2131 1032 3713 1104; baseline 0.001 -19"><span class='ocrx_word' id='word_1_375' title='bbox 2131 1033 2268 1104; x_wconf 81' lang='grc' dir='ltr'>μήτε</span> <span class='ocrx_word' id='word_1_376' title='bbox 2301 1033 2475 1104; x_wconf 59' lang='grc' dir='ltr'>ψυχὴν</span> <span class='ocrx_word' id='word_1_377' title='bbox 2531 1033 2792 1102; x_wconf 81' lang='grc' dir='ltr'>ἔχοντες,</span> <span class='ocrx_word' id='word_1_378' title='bbox 2831 1032 2941 1085; x_wconf 88' lang='grc' dir='ltr'><strong>τῶν</strong></span> <span class='ocrx_word' id='word_1_379' title='bbox 2989 1033 3085 1086; x_wconf 89' lang='grc' dir='ltr'><strong>τοῦ</strong></span> <span class='ocrx_word' id='word_1_380' title='bbox 3138 1032 3275 1086; x_wconf 84' lang='grc' dir='ltr'>θεοῦ</span> <span class='ocrx_word' id='word_1_381' title='bbox 3331 1035 3713 1102; x_wconf 78' lang='grc' dir='ltr'><strong>κηρυγμάτων</strong></span> 
     </span>
    </p>
   </div>
   <div class='ocr_carea' id='block_1_55' title="bbox 2129 1124 3710 1198">
    <p class='ocr_par' dir='ltr' id='par_1_55' title="bbox 2129 1124 3710 1198">
     <span class='ocr_line' id='line_1_55' title="bbox 2129 1124 3710 1198; baseline -0.001 -18"><span class='ocrx_word' id='word_1_382' title='bbox 2129 1127 2469 1198; x_wconf 79' lang='grc' dir='ltr'>παρήκουον.</span> <span class='ocrx_word' id='word_1_383' title='bbox 2501 1145 2520 1180; x_wconf 75' lang='grc' dir='ltr'><strong>ι</strong></span> <span class='ocrx_word' id='word_1_384' title='bbox 2557 1126 2694 1179; x_wconf 82' lang='grc' dir='ltr'>Τίνα</span> <span class='ocrx_word' id='word_1_385' title='bbox 2739 1126 2798 1179; x_wconf 81' lang='grc' dir='ltr'>δὲ</span> <span class='ocrx_word' id='word_1_386' title='bbox 2849 1124 2919 1179; x_wconf 79' lang='grc' dir='ltr'>τὰ</span> <span class='ocrx_word' id='word_1_387' title='bbox 2957 1127 3202 1195; x_wconf 85' lang='grc' dir='ltr'>σημεῖα;</span> <span class='ocrx_word' id='word_1_388' title='bbox 3237 1124 3443 1196; x_wconf 67' lang='grc' dir='ltr'>Ἀστὴρ</span> <span class='ocrx_word' id='word_1_389' title='bbox 3477 1125 3576 1194; x_wconf 79' lang='grc' dir='ltr'>μὲν</span> <span class='ocrx_word' id='word_1_390' title='bbox 3603 1127 3710 1196; x_wconf 74' lang='grc' dir='ltr'>γὰρ</span> 
     </span>
    </p>
   </div>
   <div class='ocr_carea' id='block_1_56' title="bbox 2129 1217 3711 1292">
    <p class='ocr_par' dir='ltr' id='par_1_56' title="bbox 2129 1217 3711 1292">
     <span class='ocr_line' id='line_1_56' title="bbox 2129 1217 3711 1292; baseline -0.002 -18"><span class='ocrx_word' id='word_1_391' title='bbox 2129 1224 2378 1291; x_wconf 79' lang='grc' dir='ltr'><strong>κομήτης</strong></span> <span class='ocrx_word' id='word_1_392' title='bbox 2410 1219 2657 1292; x_wconf 74' lang='grc' dir='ltr'>ῥομφαίᾳ</span> <span class='ocrx_word' id='word_1_393' title='bbox 2709 1218 3098 1289; x_wconf 83' lang='grc' dir='ltr'>παραπλήσιος</span> <span class='ocrx_word' id='word_1_394' title='bbox 3134 1217 3220 1271; x_wconf 80' lang='grc' dir='ltr'><strong>ἐπ’</strong></span> <span class='ocrx_word' id='word_1_395' title='bbox 3269 1218 3517 1270; x_wconf 71' lang='grc' dir='ltr'>ἐνιαυτὸν</span> <span class='ocrx_word' id='word_1_396' title='bbox 3568 1219 3711 1290; x_wconf 78' lang='grc' dir='ltr'>ὑπὲρ</span> 
     </span>
    </p>
   </div>
   <div class='ocr_carea' id='block_1_57' title="bbox 2127 1308 3711 1383">
    <p class='ocr_par' dir='ltr' id='par_1_57' title="bbox 2127 1308 3711 1383">
     <span class='ocr_line' id='line_1_57' title="bbox 2127 1308 3711 1383; baseline -0.003 -16"><span class='ocrx_word' id='word_1_397' title='bbox 2127 1315 2228 1383; x_wconf 80' lang='grc' dir='ltr'>τῆς</span> <span class='ocrx_word' id='word_1_398' title='bbox 2255 1313 2466 1377; x_wconf 83' lang='grc' dir='ltr'>πόλεως</span> <span class='ocrx_word' id='word_1_399' title='bbox 2493 1311 2730 1380; x_wconf 78' lang='grc' dir='ltr'>λάμπων</span> <span class='ocrx_word' id='word_1_400' title='bbox 2759 1311 2974 1380; x_wconf 75' lang='grc' dir='ltr'>ἑωρᾶτο</span> <span class='ocrx_word' id='word_1_401' title='bbox 2993 1325 3009 1342; x_wconf 81' lang='grc' dir='ltr'><strong>ο</strong></span> <span class='ocrx_word' id='word_1_402' title='bbox 3043 1310 3099 1362; x_wconf 85' lang='grc' dir='ltr'><strong>ἐν</strong></span> <span class='ocrx_word' id='word_1_403' title='bbox 3134 1308 3192 1363; x_wconf 73' lang='grc' dir='ltr'>δὲ</span> <span class='ocrx_word' id='word_1_404' title='bbox 3217 1311 3284 1378; x_wconf 79' lang='grc' dir='ltr'>τῇ</span> <span class='ocrx_word' id='word_1_405' title='bbox 3321 1309 3428 1363; x_wconf 84' lang='grc' dir='ltr'><strong>τῶν</strong></span> <span class='ocrx_word' id='word_1_406' title='bbox 3451 1308 3711 1378; x_wconf 79' lang='grc' dir='ltr'>’Δζύμων</span> 
     </span>
    </p>
   </div>
   <div class='ocr_carea' id='block_1_58' title="bbox 2129 1401 3712 1480">
    <p class='ocr_par' dir='ltr' id='par_1_58' title="bbox 2129 1401 3712 1480">
     <span class='ocr_line' id='line_1_58' title="bbox 2129 1401 3712 1480; baseline -0.004 -19"><span class='ocrx_word' id='word_1_407' title='bbox 2129 1405 2316 1480; x_wconf 73' lang='grc' dir='ltr'>ἡμέρᾳ</span> <span class='ocrx_word' id='word_1_408' title='bbox 2338 1405 2532 1476; x_wconf 80' lang='grc' dir='ltr'>ἐννάτη</span> <span class='ocrx_word' id='word_1_409' title='bbox 2563 1403 2833 1457; x_wconf 78' lang='grc' dir='ltr'>Ξανθικοῦ</span> <span class='ocrx_word' id='word_1_410' title='bbox 2867 1402 3038 1473; x_wconf 79' lang='grc' dir='ltr'>μηνὸς</span> <span class='ocrx_word' id='word_1_411' title='bbox 3063 1403 3121 1454; x_wconf 85' lang='grc' dir='ltr'><strong>ἐν</strong></span> <span class='ocrx_word' id='word_1_412' title='bbox 3152 1401 3274 1473; x_wconf 66' lang='grc' dir='ltr'><strong>ῶρςξ⁸</strong></span> <span class='ocrx_word' id='word_1_413' title='bbox 3303 1403 3496 1463; x_wconf 75' lang='grc' dir='ltr'>νυκτὸς</span> <span class='ocrx_word' id='word_1_414' title='bbox 3526 1401 3712 1472; x_wconf 80' lang='grc' dir='ltr'>ἐνάτῃ,</span> 
     </span>
    </p>
   </div>
   <div class='ocr_carea' id='block_1_59' title="bbox 2129 1491 3711 1568">
    <p class='ocr_par' dir='ltr' id='par_1_59' title="bbox 2129 1491 3711 1568">
     <span class='ocr_line' id='line_1_59' title="bbox 2129 1491 3711 1568; baseline -0.004 -16"><span class='ocrx_word' id='word_1_415' title='bbox 2129 1497 2298 1568; x_wconf 79' lang='grc' dir='ltr'>αίγλη</span> <span class='ocrx_word' id='word_1_416' title='bbox 2331 1496 2510 1566; x_wconf 79' lang='grc' dir='ltr'>φωτὸς</span> <span class='ocrx_word' id='word_1_417' title='bbox 2533 1497 2626 1550; x_wconf 86' lang='grc' dir='ltr'><strong>τόν</strong></span> <span class='ocrx_word' id='word_1_418' title='bbox 2671 1512 2730 1548; x_wconf 90' lang='grc' dir='ltr'><strong>τε</strong></span> <span class='ocrx_word' id='word_1_419' title='bbox 2763 1494 2955 1566; x_wconf 77' lang='grc' dir='ltr'>βωμὸν</span> <span class='ocrx_word' id='word_1_420' title='bbox 2979 1494 3073 1548; x_wconf 72' lang='grc' dir='ltr'>καὶ</span> <span class='ocrx_word' id='word_1_421' title='bbox 3105 1494 3199 1547; x_wconf 69' lang='grc' dir='ltr'><strong>τὸν</strong></span> <span class='ocrx_word' id='word_1_422' title='bbox 3230 1491 3369 1546; x_wconf 87' lang='grc' dir='ltr'>νεὼν</span> <span class='ocrx_word' id='word_1_423' title='bbox 3401 1494 3711 1564; x_wconf 74' lang='grc' dir='ltr'>περιέσχεν,</span> 
     </span>
    </p>
   </div>
   <div class='ocr_carea' id='block_1_60' title="bbox 2129 1585 3712 1660">
    <p class='ocr_par' dir='ltr' id='par_1_60' title="bbox 2129 1585 3712 1660">
     <span class='ocr_line' id='line_1_60' title="bbox 2129 1585 3712 1660; baseline -0.006 -15"><span class='ocrx_word' id='word_1_424' title='bbox 2129 1592 2206 1656; x_wconf 82' lang='grc' dir='ltr'><strong>ὡς</strong></span> <span class='ocrx_word' id='word_1_425' title='bbox 2236 1591 2420 1645; x_wconf 81' lang='grc' dir='ltr'>δοκεῖν</span> <span class='ocrx_word' id='word_1_426' title='bbox 2449 1589 2669 1660; x_wconf 72' lang='grc' dir='ltr'>ἡμέραν</span> <span class='ocrx_word' id='word_1_427' title='bbox 2705 1586 2922 1656; x_wconf 74' lang='grc' dir='ltr'>φαίνειν</span> <span class='ocrx_word' id='word_1_428' title='bbox 2950 1585 3214 1657; x_wconf 77' lang='grc' dir='ltr'>λαμπράν</span> <span class='ocrx_word' id='word_1_429' title='bbox 3239 1600 3254 1614; x_wconf 83' lang='lat'><strong><em>°</em></strong></span> <span class='ocrx_word' id='word_1_430' title='bbox 3287 1587 3382 1638; x_wconf 71' lang='lat' dir='ltr'><strong>xui.</strong></span> <span class='ocrx_word' id='word_1_431' title='bbox 3433 1587 3512 1649; x_wconf 88' lang='grc' dir='ltr'><strong>είς</strong></span> <span class='ocrx_word' id='word_1_432' title='bbox 3538 1587 3712 1654; x_wconf 77' lang='grc' dir='ltr'>ἥμισυ</span> 
     </span>
    </p>
   </div>
   <div class='ocr_carea' id='block_1_61' title="bbox 2131 1677 3714 1753">
    <p class='ocr_par' dir='ltr' id='par_1_61' title="bbox 2131 1677 3714 1753">
     <span class='ocr_line' id='line_1_61' title="bbox 2131 1677 3714 1753; baseline -0.004 -14"><span class='ocrx_word' id='word_1_433' title='bbox 2131 1684 2280 1752; x_wconf 75' lang='grc' dir='ltr'>ὥρας</span> <span class='ocrx_word' id='word_1_434' title='bbox 2303 1683 2570 1753; x_wconf 77' lang='grc' dir='ltr'>διέμεινε.</span> <span class='ocrx_word' id='word_1_435' title='bbox 2615 1681 2814 1750; x_wconf 81' lang='grc' dir='ltr'>Τρίτον</span> <span class='ocrx_word' id='word_1_436' title='bbox 2845 1682 2879 1750; x_wconf 78' lang='grc' dir='ltr'>ἡ</span> <span class='ocrx_word' id='word_1_437' title='bbox 2915 1680 3053 1750; x_wconf 77' lang='grc' dir='ltr'>πρὸς</span> <span class='ocrx_word' id='word_1_438' title='bbox 3081 1681 3158 1732; x_wconf 74' lang='grc' dir='ltr'>ἕω</span> <span class='ocrx_word' id='word_1_439' title='bbox 3202 1677 3347 1748; x_wconf 74' lang='grc' dir='ltr'>πύλη</span> <span class='ocrx_word' id='word_1_440' title='bbox 3376 1678 3474 1747; x_wconf 86' lang='grc' dir='ltr'>τῆς</span> <span class='ocrx_word' id='word_1_441' title='bbox 3503 1678 3714 1742; x_wconf 81' lang='grc' dir='ltr'>πόλεως</span> 
     </span>
    </p>
   </div>
   <div class='ocr_carea' id='block_1_62' title="bbox 2131 1769 3720 1848">
    <p class='ocr_par' dir='ltr' id='par_1_62' title="bbox 2131 1769 3720 1848">
     <span class='ocr_line' id='line_1_62' title="bbox 2131 1769 3720 1848; baseline -0.005 -17"><span class='ocrx_word' id='word_1_442' title='bbox 2131 1775 2335 1848; x_wconf 77' lang='grc' dir='ltr'>χαλκοῦ</span> <span class='ocrx_word' id='word_1_443' title='bbox 2369 1774 2748 1844; x_wconf 78' lang='grc' dir='ltr'>πεποιημένη,</span> <span class='ocrx_word' id='word_1_444' title='bbox 2778 1773 2856 1842; x_wconf 82' lang='grc' dir='ltr'><strong>τῷ</strong></span> <span class='ocrx_word' id='word_1_445' title='bbox 2889 1771 3136 1843; x_wconf 81' lang='grc' dir='ltr'>στιϐαρῷ</span> <span class='ocrx_word' id='word_1_446' title='bbox 3167 1769 3261 1826; x_wconf 90' lang='grc' dir='ltr'><strong>τοῦ</strong></span> <span class='ocrx_word' id='word_1_447' title='bbox 3297 1771 3568 1841; x_wconf 80' lang='grc' dir='ltr'>μεγέθους</span> <span class='ocrx_word' id='word_1_448' title='bbox 3625 1772 3720 1840; x_wconf 75' lang='grc' dir='ltr'>μόο</span> 
     </span>
    </p>
   </div>
   <div class='ocr_carea' id='block_1_63' title="bbox 2056 1847 3777 1940">
    <p class='ocr_par' dir='ltr' id='par_1_63' title="bbox 2056 1847 3777 1940">
     <span class='ocr_line' id='line_1_63' title="bbox 2056 1847 3777 1940; baseline -0.005 -18"><span class='ocrx_word' id='word_1_449' title='bbox 2056 1847 2097 1903; x_wconf 77' lang='grc' dir='ltr'><strong><em>Β</em></strong></span> <span class='ocrx_word' id='word_1_450' title='bbox 2126 1847 2208 1932; x_wconf 80' lang='grc' dir='ltr'><strong>λις</strong></span> <span class='ocrx_word' id='word_1_451' title='bbox 2240 1868 2348 1922; x_wconf 76' lang='grc' dir='ltr'><strong>ὑπὸ</strong></span> <span class='ocrx_word' id='word_1_452' title='bbox 2379 1865 2555 1920; x_wconf 74' lang='grc' dir='ltr'>εἴκοσι</span> <span class='ocrx_word' id='word_1_453' title='bbox 2582 1865 2727 1919; x_wconf 84' lang='grc' dir='ltr'>κατὰ</span> <span class='ocrx_word' id='word_1_454' title='bbox 2752 1863 2936 1932; x_wconf 84' lang='grc' dir='ltr'>δείλην</span> <span class='ocrx_word' id='word_1_455' title='bbox 2962 1863 3463 1934; x_wconf 74' lang='grc' dir='ltr'>περικεκλεισμένη</span> <span class='ocrx_word' id='word_1_456' title='bbox 3485 1861 3716 1932; x_wconf 83' lang='grc' dir='ltr'>ἀνδρῶν,</span> <span class='ocrx_word' id='word_1_457' title='bbox 3762 1930 3777 1940; x_wconf 42' lang='grc' dir='ltr'><strong>ο</strong></span> 
     </span>
    </p>
   </div>
   <div class='ocr_carea' id='block_1_64' title="bbox 2124 1943 3714 2030">
    <p class='ocr_par' dir='ltr' id='par_1_64' title="bbox 2124 1943 3714 2030">
     <span class='ocr_line' id='line_1_64' title="bbox 2124 1943 3714 2030; baseline -0.005 -16"><span class='ocrx_word' id='word_1_458' title='bbox 2124 1961 2367 2030; x_wconf 77' lang='grc' dir='ltr'>σιδηροῖς</span> <span class='ocrx_word' id='word_1_459' title='bbox 2421 1943 2525 2027; x_wconf 67' lang='grc' dir='ltr'>μὲν</span> <span class='ocrx_word' id='word_1_460' title='bbox 2555 1954 2952 2024; x_wconf 68' lang='grc' dir='ltr'>ἐπερειδομένη</span> <span class='ocrx_word' id='word_1_461' title='bbox 3007 1953 3252 2024; x_wconf 68' lang='grc' dir='ltr'>μοχλςϊς,</span> <span class='ocrx_word' id='word_1_462' title='bbox 3294 1951 3633 2023; x_wconf 78' lang='grc' dir='ltr'>βαθυτάτους</span> <span class='ocrx_word' id='word_1_463' title='bbox 3667 1953 3714 2006; x_wconf 72' lang='grc' dir='ltr'>δ’</span> 
     </span>
    </p>
   </div>
   <div class='ocr_carea' id='block_1_65' title="bbox 2123 2045 3713 2124">
    <p class='ocr_par' dir='ltr' id='par_1_65' title="bbox 2123 2045 3713 2124">
     <span class='ocr_line' id='line_1_65' title="bbox 2123 2045 3713 2124; baseline -0.006 -17"><span class='ocrx_word' id='word_1_464' title='bbox 2123 2051 2322 2124; x_wconf 77' lang='grc' dir='ltr'>ἔχουσα</span> <span class='ocrx_word' id='word_1_465' title='bbox 2371 2051 2700 2118; x_wconf 79' lang='grc' dir='ltr'>καταπῆγας</span> <span class='ocrx_word' id='word_1_466' title='bbox 2732 2051 2814 2112; x_wconf 78' lang='grc' dir='ltr'>εις</span> <span class='ocrx_word' id='word_1_467' title='bbox 2856 2048 2948 2124; x_wconf 69' lang='grc' dir='ltr'>τὸν</span> <span class='ocrx_word' id='word_1_468' title='bbox 2976 2047 3153 2113; x_wconf 78' lang='grc' dir='ltr'>οὐδὸν,</span> <span class='ocrx_word' id='word_1_469' title='bbox 3189 2046 3322 2116; x_wconf 84' lang='grc' dir='ltr'>περὶ</span> <span class='ocrx_word' id='word_1_470' title='bbox 3354 2046 3522 2116; x_wconf 75' lang='grc' dir='ltr'>ἕκτην</span> <span class='ocrx_word' id='word_1_471' title='bbox 3561 2045 3713 2116; x_wconf 82' lang='grc' dir='ltr'>ὥραν</span> 
     </span>
    </p>
   </div>
   <div class='ocr_carea' id='block_1_66' title="bbox 2124 2120 3715 2210">
    <p class='ocr_par' dir='ltr' id='par_1_66' title="bbox 2124 2120 3715 2210">
     <span class='ocr_line' id='line_1_66' title="bbox 2124 2120 3715 2210; baseline -0.005 -14"><span class='ocrx_word' id='word_1_472' title='bbox 2124 2120 2321 2204; x_wconf 75' lang='grc' dir='ltr'>νυκτὸς</span> <span class='ocrx_word' id='word_1_473' title='bbox 2375 2139 2667 2210; x_wconf 81' lang='grc' dir='ltr'>αὐτομάτη</span> <span class='ocrx_word' id='word_1_474' title='bbox 2723 2120 2880 2208; x_wconf 77' lang='grc' dir='ltr'><strong>ὢφθῆ</strong></span> <span class='ocrx_word' id='word_1_475' title='bbox 2921 2137 3274 2207; x_wconf 81' lang='grc' dir='ltr'>ἀνεῳγμένη.</span> <span class='ocrx_word' id='word_1_476' title='bbox 3325 2137 3441 2207; x_wconf 76' lang='grc' dir='ltr'>Πρὸ</span> <span class='ocrx_word' id='word_1_477' title='bbox 3468 2135 3527 2189; x_wconf 78' lang='grc' dir='ltr'>δὲ</span> <span class='ocrx_word' id='word_1_478' title='bbox 3561 2134 3715 2205; x_wconf 74' lang='grc' dir='ltr'>ἡλίου</span> 
     </span>
    </p>
   </div>
   <div class='ocr_carea' id='block_1_67' title="bbox 2121 2226 3717 2301">
    <p class='ocr_par' dir='ltr' id='par_1_67' title="bbox 2121 2226 3717 2301">
     <span class='ocr_line' id='line_1_67' title="bbox 2121 2226 3717 2301; baseline -0.004 -15"><span class='ocrx_word' id='word_1_479' title='bbox 2121 2232 2348 2301; x_wconf 85' lang='grc' dir='ltr'>δυσμῶν</span> <span class='ocrx_word' id='word_1_480' title='bbox 2378 2231 2476 2285; x_wconf 74' lang='grc' dir='ltr'>καὶ</span> <span class='ocrx_word' id='word_1_481' title='bbox 2525 2230 2782 2300; x_wconf 79' lang='grc' dir='ltr'>μετέωρα</span> <span class='ocrx_word' id='word_1_482' title='bbox 2833 2228 3061 2300; x_wconf 69' lang='grc' dir='ltr'>ἅρματα</span> <span class='ocrx_word' id='word_1_483' title='bbox 3092 2227 3188 2281; x_wconf 76' lang='grc' dir='ltr'>καὶ</span> <span class='ocrx_word' id='word_1_484' title='bbox 3219 2226 3565 2297; x_wconf 84' lang='grc' dir='ltr'>στρατόπεδα</span> <span class='ocrx_word' id='word_1_485' title='bbox 3604 2226 3717 2280; x_wconf 84' lang='grc' dir='ltr'><strong>τῶν</strong></span> 
     </span>
    </p>
   </div>
   <div class='ocr_carea' id='block_1_68' title="bbox 2123 2314 3710 2396">
    <p class='ocr_par' dir='ltr' id='par_1_68' title="bbox 2123 2314 3710 2396">
     <span class='ocr_line' id='line_1_68' title="bbox 2123 2314 3710 2396; baseline -0.003 -17"><span class='ocrx_word' id='word_1_486' title='bbox 2123 2324 2369 2393; x_wconf 57' lang='grc' dir='ltr'>νεφελῶν</span> <span class='ocrx_word' id='word_1_487' title='bbox 2399 2325 2684 2396; x_wconf 78' lang='grc' dir='ltr'>διᾴττοντα</span> <span class='ocrx_word' id='word_1_488' title='bbox 2714 2321 2808 2376; x_wconf 77' lang='grc' dir='ltr'>καὶ</span> <span class='ocrx_word' id='word_1_489' title='bbox 2838 2322 2938 2386; x_wconf 85' lang='grc' dir='ltr'>τὰς</span> <span class='ocrx_word' id='word_1_490' title='bbox 2971 2321 3158 2383; x_wconf 87' lang='grc' dir='ltr'>πόλεις</span> <span class='ocrx_word' id='word_1_491' title='bbox 3190 2314 3498 2375; x_wconf 88' lang='grc' dir='ltr'>κυκλοῦντα</span> <span class='ocrx_word' id='word_1_492' title='bbox 3529 2318 3710 2389; x_wconf 65' lang='grc' dir='ltr'>ὤφθη.</span> 
     </span>
    </p>
   </div>
   <div class='ocr_carea' id='block_1_69' title="bbox 2125 2411 3716 2487">
    <p class='ocr_par' dir='ltr' id='par_1_69' title="bbox 2125 2411 3716 2487">
     <span class='ocr_line' id='line_1_69' title="bbox 2125 2411 3716 2487; baseline -0.005 -16"><span class='ocrx_word' id='word_1_493' title='bbox 2125 2418 2282 2472; x_wconf 78' lang='grc' dir='ltr'>Κατὰ</span> <span class='ocrx_word' id='word_1_494' title='bbox 2304 2417 2364 2471; x_wconf 78' lang='grc' dir='ltr'>δὲ</span> <span class='ocrx_word' id='word_1_495' title='bbox 2401 2417 2534 2487; x_wconf 84' lang='grc' dir='ltr'>μίαν</span> <span class='ocrx_word' id='word_1_496' title='bbox 2580 2415 2692 2469; x_wconf 87' lang='grc' dir='ltr'><strong>τῶν</strong></span> <span class='ocrx_word' id='word_1_497' title='bbox 2724 2413 2856 2486; x_wconf 77' lang='grc' dir='ltr'>παρ’</span> <span class='ocrx_word' id='word_1_498' title='bbox 2894 2412 3129 2476; x_wconf 82' lang='grc' dir='ltr'>ἐκείνοις</span> <span class='ocrx_word' id='word_1_499' title='bbox 3155 2411 3386 2482; x_wconf 85' lang='grc' dir='ltr'>ἐορτῶν,</span> <span class='ocrx_word' id='word_1_500' title='bbox 3423 2413 3716 2482; x_wconf 84' lang='grc' dir='ltr'>Σκηνοπη-</span> 
     </span>
    </p>
   </div>
   <div class='ocr_carea' id='block_1_70' title="bbox 2124 2502 3714 2575">
    <p class='ocr_par' dir='ltr' id='par_1_70' title="bbox 2124 2502 3714 2575">
     <span class='ocr_line' id='line_1_70' title="bbox 2124 2502 3714 2575; baseline -0.003 -17"><span class='ocrx_word' id='word_1_501' title='bbox 2124 2508 2252 2575; x_wconf 79' lang='grc' dir='ltr'>γίαν</span> <span class='ocrx_word' id='word_1_502' title='bbox 2311 2505 2570 2561; x_wconf 82' lang='grc' dir='ltr'>καλοῦσιν</span> <span class='ocrx_word' id='word_1_503' title='bbox 2629 2504 2844 2573; x_wconf 77' lang='grc' dir='ltr'>αὐτὴν.</span> <span class='ocrx_word' id='word_1_504' title='bbox 2900 2502 3118 2574; x_wconf 87' lang='grc' dir='ltr'>νύκτωρ</span> <span class='ocrx_word' id='word_1_505' title='bbox 3154 2503 3399 2574; x_wconf 80' lang='grc' dir='ltr'>οίίερείς</span> <span class='ocrx_word' id='word_1_506' title='bbox 3447 2503 3714 2567; x_wconf 75' lang='grc' dir='ltr'>ἐλθόντες,</span> 
     </span>
    </p>
   </div>
   <div class='ocr_carea' id='block_1_71' title="bbox 2125 2593 3719 2670">
    <p class='ocr_par' dir='ltr' id='par_1_71' title="bbox 2125 2593 3719 2670">
     <span class='ocr_line' id='line_1_71' title="bbox 2125 2593 3719 2670; baseline -0.002 -19"><span class='ocrx_word' id='word_1_507' title='bbox 2125 2596 2316 2670; x_wconf 83' lang='grc' dir='ltr'>ῶσπερ</span> <span class='ocrx_word' id='word_1_508' title='bbox 2343 2593 2413 2670; x_wconf 82' lang='grc' dir='ltr'>ἦν</span> <span class='ocrx_word' id='word_1_509' title='bbox 2439 2597 2561 2660; x_wconf 71' lang='grc' dir='ltr'>ἔθος</span> <span class='ocrx_word' id='word_1_510' title='bbox 2592 2601 2715 2661; x_wconf 85' lang='grc' dir='ltr'>ταῖς</span> <span class='ocrx_word' id='word_1_511' title='bbox 2741 2595 3136 2668; x_wconf 83' lang='grc' dir='ltr'>λειτουργίαις,</span> <span class='ocrx_word' id='word_1_512' title='bbox 3185 2596 3398 2650; x_wconf 77' lang='grc' dir='ltr'>κτύπου</span> <span class='ocrx_word' id='word_1_513' title='bbox 3428 2598 3574 2660; x_wconf 75' lang='grc' dir='ltr'>τινος</span> <span class='ocrx_word' id='word_1_514' title='bbox 3621 2594 3719 2650; x_wconf 72' lang='grc' dir='ltr'>καὶ</span> 
     </span>
    </p>
   </div>
   <div class='ocr_carea' id='block_1_72' title="bbox 2126 2687 3716 2763">
    <p class='ocr_par' dir='ltr' id='par_1_72' title="bbox 2126 2687 3716 2763">
     <span class='ocr_line' id='line_1_72' title="bbox 2126 2687 3716 2763; baseline -0.001 -19"><span class='ocrx_word' id='word_1_515' title='bbox 2126 2692 2400 2763; x_wconf 84' lang='grc' dir='ltr'>κινήσεως</span> <span class='ocrx_word' id='word_1_516' title='bbox 2431 2689 2744 2757; x_wconf 85' lang='grc' dir='ltr'>αίσθέσθαι,</span> <span class='ocrx_word' id='word_1_517' title='bbox 2773 2690 2971 2744; x_wconf 72' lang='grc' dir='ltr'>ἔπειτα</span> <span class='ocrx_word' id='word_1_518' title='bbox 3000 2688 3058 2744; x_wconf 66' lang='grc' dir='ltr'>δὲ</span> <span class='ocrx_word' id='word_1_519' title='bbox 3107 2689 3204 2744; x_wconf 79' lang='grc' dir='ltr'>καὶ</span> <span class='ocrx_word' id='word_1_520' title='bbox 3235 2688 3434 2759; x_wconf 79' lang='grc' dir='ltr'>ἀθρόας</span> <span class='ocrx_word' id='word_1_521' title='bbox 3481 2687 3716 2743; x_wconf 81' lang='grc' dir='ltr'>ἀκοῦσαι</span> 
     </span>
    </p>
   </div>
   <div class='ocr_carea' id='block_1_73' title="bbox 2127 2782 3782 2863">
    <p class='ocr_par' dir='ltr' id='par_1_73' title="bbox 2127 2782 3782 2863">
     <span class='ocr_line' id='line_1_73' title="bbox 2127 2782 3782 2863; baseline 0.001 -25"><span class='ocrx_word' id='word_1_522' title='bbox 2127 2786 2314 2856; x_wconf 76' lang='grc' dir='ltr'>φωνῆς</span> <span class='ocrx_word' id='word_1_523' title='bbox 2339 2784 2621 2853; x_wconf 77' lang='grc' dir='ltr'>λέγονται,</span> <span class='ocrx_word' id='word_1_524' title='bbox 2647 2783 3091 2856; x_wconf 81' lang='grc' dir='ltr'>Μεταϐαίνωμεν</span> <span class='ocrx_word' id='word_1_525' title='bbox 3123 2782 3400 2848; x_wconf 76' lang='grc' dir='ltr'>ἐντεῦθεν,</span> <span class='ocrx_word' id='word_1_526' title='bbox 3423 2782 3712 2856; x_wconf 79' lang='grc' dir='ltr'>λεγούσης.</span> <span class='ocrx_word' id='word_1_527' title='bbox 3775 2855 3782 2863; x_wconf 23' lang='grc' dir='ltr'><strong>ε</strong></span> 
     </span>
    </p>
   </div>
   <div class='ocr_carea' id='block_1_74' title="bbox 2129 2872 3711 2947">
    <p class='ocr_par' dir='ltr' id='par_1_74' title="bbox 2129 2872 3711 2947">
     <span class='ocr_line' id='line_1_74' title="bbox 2129 2872 3711 2947; baseline -0.001 -18"><span class='ocrx_word' id='word_1_528' title='bbox 2129 2877 2240 2931; x_wconf 75' lang='grc' dir='ltr'><strong>Καὶ</strong></span> <span class='ocrx_word' id='word_1_529' title='bbox 2283 2877 2390 2942; x_wconf 80' lang='grc' dir='ltr'>πρὸ</span> <span class='ocrx_word' id='word_1_530' title='bbox 2427 2876 2715 2947; x_wconf 84' lang='grc' dir='ltr'>τεσσάρων</span> <span class='ocrx_word' id='word_1_531' title='bbox 2740 2875 2786 2928; x_wconf 84' lang='grc' dir='ltr'>δ’</span> <span class='ocrx_word' id='word_1_532' title='bbox 2827 2875 2964 2930; x_wconf 81' lang='grc' dir='ltr'>ἐτῶν</span> <span class='ocrx_word' id='word_1_533' title='bbox 3017 2872 3110 2928; x_wconf 88' lang='grc' dir='ltr'><strong>τοῦ</strong></span> <span class='ocrx_word' id='word_1_534' title='bbox 3146 2873 3386 2945; x_wconf 83' lang='grc' dir='ltr'>πολέμου</span> <span class='ocrx_word' id='word_1_535' title='bbox 3429 2875 3572 2944; x_wconf 76' lang='grc' dir='ltr'>ἀνήρ</span> <span class='ocrx_word' id='word_1_536' title='bbox 3604 2893 3711 2940; x_wconf 86' lang='grc' dir='ltr'>τις,</span> 
     </span>
    </p>
   </div>
   <div class='ocr_carea' id='block_1_75' title="bbox 2128 2961 3712 3033">
    <p class='ocr_par' dir='ltr' id='par_1_75' title="bbox 2128 2961 3712 3033">
     <span class='ocr_line' id='line_1_75' title="bbox 2128 2961 3712 3033; baseline 0 -17"><span class='ocrx_word' id='word_1_537' title='bbox 2128 2963 2304 3032; x_wconf 75' lang='grc' dir='ltr'>ὄνομα</span> <span class='ocrx_word' id='word_1_538' title='bbox 2345 2961 2578 3031; x_wconf 83' lang='grc' dir='ltr'>Ἰησοῦς,</span> <span class='ocrx_word' id='word_1_539' title='bbox 2613 2964 2876 3033; x_wconf 75' lang='grc' dir='ltr'>ἄγροικος</span> <span class='ocrx_word' id='word_1_540' title='bbox 2926 2962 3023 3016; x_wconf 77' lang='grc' dir='ltr'>καὶ</span> <span class='ocrx_word' id='word_1_541' title='bbox 3064 2961 3124 3027; x_wconf 79' lang='grc' dir='ltr'>ἐξ</span> <span class='ocrx_word' id='word_1_542' title='bbox 3171 2962 3385 3016; x_wconf 79' lang='grc' dir='ltr'>ἰδιώτου</span> <span class='ocrx_word' id='word_1_543' title='bbox 3410 2962 3712 3033; x_wconf 83' lang='grc' dir='ltr'>προελθὼν,</span> 
     </span>
    </p>
   </div>
   <div class='ocr_carea' id='block_1_76' title="bbox 2135 3053 3716 3127">
    <p class='ocr_par' dir='ltr' id='par_1_76' title="bbox 2135 3053 3716 3127">
     <span class='ocr_line' id='line_1_76' title="bbox 2135 3053 3716 3127; baseline -0.001 -19"><span class='ocrx_word' id='word_1_544' title='bbox 2135 3054 2367 3119; x_wconf 75' lang='grc' dir='ltr'>Ἄνανος</span> <span class='ocrx_word' id='word_1_545' title='bbox 2389 3058 2487 3124; x_wconf 83' lang='grc' dir='ltr'>τὴν</span> <span class='ocrx_word' id='word_1_546' title='bbox 2515 3055 2728 3126; x_wconf 84' lang='grc' dir='ltr'>κλῆσιν,</span> <span class='ocrx_word' id='word_1_547' title='bbox 2770 3053 3001 3120; x_wconf 85' lang='grc' dir='ltr'>βαθείας</span> <span class='ocrx_word' id='word_1_548' title='bbox 3041 3056 3269 3126; x_wconf 79' lang='grc' dir='ltr'>είρήνης</span> <span class='ocrx_word' id='word_1_549' title='bbox 3296 3055 3596 3127; x_wconf 80' lang='grc' dir='ltr'>ἐπεχούσης</span> <span class='ocrx_word' id='word_1_550' title='bbox 3617 3056 3716 3127; x_wconf 83' lang='grc' dir='ltr'>τὴν</span> 
     </span>
    </p>
   </div>
   <div class='ocr_carea' id='block_1_77' title="bbox 2135 3144 3712 3216">
    <p class='ocr_par' dir='ltr' id='par_1_77' title="bbox 2135 3144 3712 3216">
     <span class='ocr_line' id='line_1_77' title="bbox 2135 3144 3712 3216; baseline 0 -18"><span class='ocrx_word' id='word_1_551' title='bbox 2135 3146 2313 3210; x_wconf 84' lang='grc' dir='ltr'>πόλιν,</span> <span class='ocrx_word' id='word_1_552' title='bbox 2371 3144 2637 3214; x_wconf 69' lang='grc' dir='ltr'>ἐξαπίνης</span> <span class='ocrx_word' id='word_1_553' title='bbox 2682 3145 2824 3198; x_wconf 78' lang='grc' dir='ltr'>κατὰ</span> <span class='ocrx_word' id='word_1_554' title='bbox 2879 3145 2941 3197; x_wconf 84' lang='grc' dir='ltr'>τὸ</span> <span class='ocrx_word' id='word_1_555' title='bbox 2976 3146 3122 3214; x_wconf 78' lang='grc' dir='ltr'>ἱερὸν</span> <span class='ocrx_word' id='word_1_556' title='bbox 3152 3145 3492 3216; x_wconf 80' lang='grc' dir='ltr'>εἰσδραμὼν,</span> <span class='ocrx_word' id='word_1_557' title='bbox 3529 3146 3712 3212; x_wconf 77' lang='grc' dir='ltr'>Φωνὴ,</span> 
     </span>
    </p>
   </div>
   <div class='ocr_carea' id='block_1_78' title="bbox 2091 3235 3715 3321">
    <p class='ocr_par' dir='ltr' id='par_1_78' title="bbox 2091 3235 3715 3321">
     <span class='ocr_line' id='line_1_78' title="bbox 2091 3235 3715 3321; baseline -0.001 -30"><span class='ocrx_word' id='word_1_558' title='bbox 2091 3235 2100 3321; x_wconf 53' lang='grc' dir='ltr'><strong><em>ξ</em></strong></span> <span class='ocrx_word' id='word_1_559' title='bbox 2132 3238 2340 3306; x_wconf 73' lang='grc' dir='ltr'>ἔλεγεν,</span> <span class='ocrx_word' id='word_1_560' title='bbox 2363 3237 2471 3291; x_wconf 72' lang='grc' dir='ltr'><strong>ἀπὸ</strong></span> <span class='ocrx_word' id='word_1_561' title='bbox 2503 3237 2802 3304; x_wconf 87' lang='grc' dir='ltr'>ἀνατολῶν,</span> <span class='ocrx_word' id='word_1_562' title='bbox 2843 3235 2996 3310; x_wconf 80' lang='grc' dir='ltr'>φωνὴ</span> <span class='ocrx_word' id='word_1_563' title='bbox 3029 3238 3135 3290; x_wconf 72' lang='grc' dir='ltr'><strong>ἀπὸ</strong></span> <span class='ocrx_word' id='word_1_564' title='bbox 3164 3236 3392 3304; x_wconf 79' lang='grc' dir='ltr'>δύσεως,</span> <span class='ocrx_word' id='word_1_565' title='bbox 3423 3236 3575 3308; x_wconf 71' lang='grc' dir='ltr'>φωνὴ</span> <span class='ocrx_word' id='word_1_566' title='bbox 3604 3237 3715 3290; x_wconf 76' lang='grc' dir='ltr'><strong>ἀπὸ</strong></span> 
     </span>
    </p>
   </div>
   <div class='ocr_carea' id='block_1_79' title="bbox 2130 3329 3717 3401">
    <p class='ocr_par' dir='ltr' id='par_1_79' title="bbox 2130 3329 3717 3401">
     <span class='ocr_line' id='line_1_79' title="bbox 2130 3329 3717 3401; baseline 0 -19"><span class='ocrx_word' id='word_1_567' title='bbox 2130 3331 2241 3383; x_wconf 86' lang='grc' dir='ltr'><strong>τῶν</strong></span> <span class='ocrx_word' id='word_1_568' title='bbox 2273 3329 2560 3398; x_wconf 83' lang='grc' dir='ltr'>τεσσάρων</span> <span class='ocrx_word' id='word_1_569' title='bbox 2611 3330 2858 3400; x_wconf 76' lang='grc' dir='ltr'>ἀνέμων,</span> <span class='ocrx_word' id='word_1_570' title='bbox 2893 3329 3048 3401; x_wconf 75' lang='grc' dir='ltr'>φωνὴ</span> <span class='ocrx_word' id='word_1_571' title='bbox 3085 3329 3177 3382; x_wconf 78' lang='grc' dir='ltr'>ἐπὶ</span> <span class='ocrx_word' id='word_1_572' title='bbox 3209 3329 3563 3400; x_wconf 62' lang='grc' dir='ltr'>Ἱεροσόλυμα</span> <span class='ocrx_word' id='word_1_573' title='bbox 3620 3331 3717 3383; x_wconf 75' lang='grc' dir='ltr'>καὶ</span> 
     </span>
    </p>
   </div>
   <div class='ocr_carea' id='block_1_80' title="bbox 2129 3423 3717 3496">
    <p class='ocr_par' dir='ltr' id='par_1_80' title="bbox 2129 3423 3717 3496">
     <span class='ocr_line' id='line_1_80' title="bbox 2129 3423 3717 3496; baseline -0.002 -17"><span class='ocrx_word' id='word_1_574' title='bbox 2129 3427 2221 3479; x_wconf 79' lang='grc' dir='ltr'>τὸν</span> <span class='ocrx_word' id='word_1_575' title='bbox 2255 3425 2404 3490; x_wconf 80' lang='grc' dir='ltr'>ναὸν,</span> <span class='ocrx_word' id='word_1_576' title='bbox 2442 3423 2599 3496; x_wconf 76' lang='grc' dir='ltr'>φωνὴ</span> <span class='ocrx_word' id='word_1_577' title='bbox 2634 3427 2726 3479; x_wconf 68' lang='grc' dir='ltr'>ἐπὶ</span> <span class='ocrx_word' id='word_1_578' title='bbox 2750 3425 3021 3496; x_wconf 83' lang='grc' dir='ltr'>νυμφίους</span> <span class='ocrx_word' id='word_1_579' title='bbox 3043 3425 3137 3478; x_wconf 79' lang='grc' dir='ltr'>καὶ</span> <span class='ocrx_word' id='word_1_580' title='bbox 3165 3423 3407 3495; x_wconf 84' lang='grc' dir='ltr'>νύμφας,</span> <span class='ocrx_word' id='word_1_581' title='bbox 3441 3424 3594 3496; x_wconf 83' lang='grc' dir='ltr'>φωνὴ</span> <span class='ocrx_word' id='word_1_582' title='bbox 3624 3425 3717 3478; x_wconf 75' lang='grc' dir='ltr'>ἐπὶ</span> 
     </span>
    </p>
   </div>
   <div class='ocr_carea' id='block_1_81' title="bbox 2132 3516 3715 3587">
    <p class='ocr_par' dir='ltr' id='par_1_81' title="bbox 2132 3516 3715 3587">
     <span class='ocr_line' id='line_1_81' title="bbox 2132 3516 3715 3587; baseline 0 -17"><span class='ocrx_word' id='word_1_583' title='bbox 2132 3521 2309 3571; x_wconf 68' lang='grc' dir='ltr'>πάντα</span> <span class='ocrx_word' id='word_1_584' title='bbox 2340 3518 2432 3572; x_wconf 80' lang='grc' dir='ltr'>τὸν</span> <span class='ocrx_word' id='word_1_585' title='bbox 2458 3518 2588 3572; x_wconf 87' lang='grc' dir='ltr'>λαόν</span> <span class='ocrx_word' id='word_1_586' title='bbox 2623 3533 2638 3548; x_wconf 83' lang='lat'><strong><em>°</em></strong></span> <span class='ocrx_word' id='word_1_587' title='bbox 2669 3518 2889 3585; x_wconf 90' lang='grc' dir='ltr'>νύκτωρ</span> <span class='ocrx_word' id='word_1_588' title='bbox 2929 3516 2984 3570; x_wconf 82' lang='grc' dir='ltr'>δὲ</span> <span class='ocrx_word' id='word_1_589' title='bbox 3027 3517 3122 3572; x_wconf 74' lang='grc' dir='ltr'>καὶ</span> <span class='ocrx_word' id='word_1_590' title='bbox 3181 3516 3508 3587; x_wconf 86' lang='grc' dir='ltr'>μεθημέραν</span> <span class='ocrx_word' id='word_1_591' title='bbox 3555 3517 3715 3570; x_wconf 82' lang='grc' dir='ltr'>τοῦτο</span> 
     </span>
    </p>
   </div>
   <div class='ocr_carea' id='block_1_82' title="bbox 2131 3607 3718 3681">
    <p class='ocr_par' dir='ltr' id='par_1_82' title="bbox 2131 3607 3718 3681">
     <span class='ocr_line' id='line_1_82' title="bbox 2131 3607 3718 3681; baseline 0 -18"><span class='ocrx_word' id='word_1_592' title='bbox 2131 3607 2425 3681; x_wconf 77' lang='grc' dir='ltr'>κεκραγὼς</span> <span class='ocrx_word' id='word_1_593' title='bbox 2447 3608 2687 3680; x_wconf 61' lang='grc' dir='ltr'>περιῄει.</span> <span class='ocrx_word' id='word_1_594' title='bbox 2718 3609 2876 3673; x_wconf 80' lang='grc' dir='ltr'>Τινὲς</span> <span class='ocrx_word' id='word_1_595' title='bbox 2905 3608 2999 3662; x_wconf 79' lang='grc' dir='ltr'>οὖν</span> <span class='ocrx_word' id='word_1_596' title='bbox 3034 3609 3169 3679; x_wconf 83' lang='grc' dir='ltr'>πρὸς</span> <span class='ocrx_word' id='word_1_597' title='bbox 3200 3610 3262 3662; x_wconf 84' lang='grc' dir='ltr'>τὸ</span> <span class='ocrx_word' id='word_1_598' title='bbox 3291 3611 3577 3680; x_wconf 73' lang='grc' dir='ltr'>δύσφημον</span> <span class='ocrx_word' id='word_1_599' title='bbox 3596 3611 3718 3675; x_wconf 80' lang='grc' dir='ltr'><strong>ὀξυ-</strong></span> 
     </span>
    </p>
   </div>
   <div class='ocr_carea' id='block_1_83' title="bbox 2130 3699 3718 3772">
    <p class='ocr_par' dir='ltr' id='par_1_83' title="bbox 2130 3699 3718 3772">
     <span class='ocr_line' id='line_1_83' title="bbox 2130 3699 3718 3772; baseline -0.001 -16"><span class='ocrx_word' id='word_1_600' title='bbox 2130 3703 2368 3771; x_wconf 82' lang='grc' dir='ltr'>νόμενοι,</span> <span class='ocrx_word' id='word_1_601' title='bbox 2412 3701 2880 3772; x_wconf 76' lang='grc' dir='ltr'>συλλαμϐάνοντες</span> <span class='ocrx_word' id='word_1_602' title='bbox 2933 3699 3145 3772; x_wconf 67' lang='grc' dir='ltr'><strong>⁴ξξκιζον.</strong></span> <span class='ocrx_word' id='word_1_603' title='bbox 3190 3699 3250 3753; x_wconf 80' lang='grc' dir='ltr'>Ὀ</span> <span class='ocrx_word' id='word_1_604' title='bbox 3287 3700 3341 3753; x_wconf 81' lang='grc' dir='ltr'>δὲ</span> <span class='ocrx_word' id='word_1_605' title='bbox 3364 3701 3563 3772; x_wconf 73' lang='grc' dir='ltr'>ἥκιστα</span> <span class='ocrx_word' id='word_1_606' title='bbox 3590 3703 3718 3754; x_wconf 82' lang='grc' dir='ltr'>ἐπε-</span> 
     </span>
    </p>
   </div>
   <div class='ocr_carea' id='block_1_84' title="bbox 2131 3788 3715 3864">
    <p class='ocr_par' dir='ltr' id='par_1_84' title="bbox 2131 3788 3715 3864">
     <span class='ocr_line' id='line_1_84' title="bbox 2131 3788 3715 3864; baseline 0 -20"><span class='ocrx_word' id='word_1_607' title='bbox 2131 3793 2427 3861; x_wconf 61' lang='grc' dir='ltr'>στρέφετοο</span> <span class='ocrx_word' id='word_1_608' title='bbox 2464 3791 2588 3844; x_wconf 75' lang='grc' dir='ltr'>οὔτε</span> <span class='ocrx_word' id='word_1_609' title='bbox 2623 3791 2730 3862; x_wconf 84' lang='grc' dir='ltr'>μὴν</span> <span class='ocrx_word' id='word_1_610' title='bbox 2778 3790 2908 3862; x_wconf 69' lang='grc' dir='ltr'>περὶ</span> <span class='ocrx_word' id='word_1_611' title='bbox 2959 3789 3153 3844; x_wconf 82' lang='grc' dir='ltr'>ἐαυτοῦ</span> <span class='ocrx_word' id='word_1_612' title='bbox 3196 3791 3466 3844; x_wconf 84' lang='grc' dir='ltr'>δυσωπῶν</span> <span class='ocrx_word' id='word_1_613' title='bbox 3517 3788 3618 3864; x_wconf 77' lang='grc' dir='ltr'><strong>ἦν·</strong></span> <span class='ocrx_word' id='word_1_614' title='bbox 3654 3793 3715 3844; x_wconf 81' lang='grc' dir='ltr'>τὸ</span> 
     </span>
    </p>
   </div>
   <div class='ocr_carea' id='block_1_85' title="bbox 2132 3881 3715 3954">
    <p class='ocr_par' dir='ltr' id='par_1_85' title="bbox 2132 3881 3715 3954">
     <span class='ocr_line' id='line_1_85' title="bbox 2132 3881 3715 3954; baseline -0.001 -18"><span class='ocrx_word' id='word_1_615' title='bbox 2132 3882 2365 3952; x_wconf 74' lang='grc' dir='ltr'>σύνηθες</span> <span class='ocrx_word' id='word_1_616' title='bbox 2391 3881 2448 3935; x_wconf 81' lang='grc' dir='ltr'>δὲ</span> <span class='ocrx_word' id='word_1_617' title='bbox 2479 3881 2621 3952; x_wconf 83' lang='grc' dir='ltr'>βοῶν</span> <span class='ocrx_word' id='word_1_618' title='bbox 2651 3881 2903 3935; x_wconf 85' lang='grc' dir='ltr'>διετέλει.</span> <span class='ocrx_word' id='word_1_619' title='bbox 2923 3881 3077 3935; x_wconf 82' lang='grc' dir='ltr'>Ἐπεὶ</span> <span class='ocrx_word' id='word_1_620' title='bbox 3110 3881 3168 3935; x_wconf 73' lang='grc' dir='ltr'>δὲ</span> <span class='ocrx_word' id='word_1_621' title='bbox 3195 3881 3292 3936; x_wconf 73' lang='grc' dir='ltr'><strong>καὶ</strong></span> <span class='ocrx_word' id='word_1_622' title='bbox 3313 3883 3390 3952; x_wconf 84' lang='grc' dir='ltr'>τῷ</span> <span class='ocrx_word' id='word_1_623' title='bbox 3430 3883 3715 3954; x_wconf 87' lang='grc' dir='ltr'>Ῥωμαίων</span> 
     </span>
    </p>
   </div>
   <div class='ocr_carea' id='block_1_86' title="bbox 2129 3973 3717 4046">
    <p class='ocr_par' dir='ltr' id='par_1_86' title="bbox 2129 3973 3717 4046">
     <span class='ocr_line' id='line_1_86' title="bbox 2129 3973 3717 4046; baseline 0 -18"><span class='ocrx_word' id='word_1_624' title='bbox 2129 3975 2354 4046; x_wconf 82' lang='grc' dir='ltr'>ἄρχοντι</span> <span class='ocrx_word' id='word_1_625' title='bbox 2384 3973 2677 4044; x_wconf 86' lang='grc' dir='ltr'>παρεστὼς</span> <span class='ocrx_word' id='word_1_626' title='bbox 2706 3974 2801 4026; x_wconf 75' lang='grc' dir='ltr'>καὶ</span> <span class='ocrx_word' id='word_1_627' title='bbox 2831 3973 3170 4042; x_wconf 86' lang='grc' dir='ltr'>τυπτόμενος</span> <span class='ocrx_word' id='word_1_628' title='bbox 3197 3973 3326 4028; x_wconf 78' lang='grc' dir='ltr'>ἄλλο</span> <span class='ocrx_word' id='word_1_629' title='bbox 3347 3975 3510 4028; x_wconf 84' lang='grc' dir='ltr'>πλέον</span> <span class='ocrx_word' id='word_1_630' title='bbox 3538 3976 3717 4044; x_wconf 79' lang='grc' dir='ltr'>λέγειν</span> 
     </span>
    </p>
   </div>
   <div class='ocr_carea' id='block_1_87' title="bbox 2126 4065 3714 4139">
    <p class='ocr_par' dir='ltr' id='par_1_87' title="bbox 2126 4065 3714 4139">
     <span class='ocr_line' id='line_1_87' title="bbox 2126 4065 3714 4139; baseline 0.001 -19"><span class='ocrx_word' id='word_1_631' title='bbox 2126 4071 2230 4122; x_wconf 81' lang='grc' dir='ltr'><strong>ούκ</strong></span> <span class='ocrx_word' id='word_1_632' title='bbox 2284 4065 2425 4137; x_wconf 82' lang='grc' dir='ltr'>εἶχε,</span> <span class='ocrx_word' id='word_1_633' title='bbox 2469 4066 2740 4138; x_wconf 87' lang='grc' dir='ltr'>μηδαμῶς</span> <span class='ocrx_word' id='word_1_634' title='bbox 2779 4066 2836 4119; x_wconf 83' lang='grc' dir='ltr'>δὲ</span> <span class='ocrx_word' id='word_1_635' title='bbox 2884 4066 3159 4136; x_wconf 85' lang='grc' dir='ltr'>δακρύων,</span> <span class='ocrx_word' id='word_1_636' title='bbox 3219 4066 3622 4139; x_wconf 81' lang='grc' dir='ltr'>ὀλοφυρόμενος</span> <span class='ocrx_word' id='word_1_637' title='bbox 3654 4069 3714 4122; x_wconf 71' lang='grc' dir='ltr'><strong>δέ</strong></span> 
     </span>
    </p>
   </div>
   <div class='ocr_carea' id='block_1_88' title="bbox 2126 4153 3705 4232">
    <p class='ocr_par' dir='ltr' id='par_1_88' title="bbox 2126 4153 3705 4232">
     <span class='ocr_line' id='line_1_88' title="bbox 2126 4153 3705 4232; baseline 0.001 -20"><span class='ocrx_word' id='word_1_638' title='bbox 2126 4153 2240 4212; x_wconf 75' lang='grc' dir='ltr'>οἷον</span> <span class='ocrx_word' id='word_1_639' title='bbox 2262 4159 2529 4212; x_wconf 71' lang='grc' dir='ltr'>οἴκτιστον</span> <span class='ocrx_word' id='word_1_640' title='bbox 2552 4157 2689 4227; x_wconf 77' lang='grc' dir='ltr'>πρὸς</span> <span class='ocrx_word' id='word_1_641' title='bbox 2709 4157 2950 4228; x_wconf 71' lang='grc' dir='ltr'>ἑκάστην</span> <span class='ocrx_word' id='word_1_642' title='bbox 2973 4159 3216 4232; x_wconf 82' lang='grc' dir='ltr'>πληγὴν,</span> <span class='ocrx_word' id='word_1_643' title='bbox 3233 4154 3298 4212; x_wconf 81' lang='grc' dir='ltr'>Δί</span> <span class='ocrx_word' id='word_1_644' title='bbox 3325 4157 3384 4214; x_wconf 76' lang='grc' dir='ltr'>αἱ</span> <span class='ocrx_word' id='word_1_645' title='bbox 3409 4160 3474 4214; x_wconf 85' lang='grc' dir='ltr'>Ἱε</span> <span class='ocrx_word' id='word_1_646' title='bbox 3484 4163 3705 4231; x_wconf 62' lang='lat'><strong>90301-3-</strong></span> 
     </span>
    </p>
   </div>
   <div class='ocr_carea' id='block_1_89' title="bbox 2129 4249 3712 4324">
    <p class='ocr_par' dir='ltr' id='par_1_89' title="bbox 2129 4249 3712 4324">
     <span class='ocr_line' id='line_1_89' title="bbox 2129 4249 3712 4324; baseline 0.001 -18"><span class='ocrx_word' id='word_1_647' title='bbox 2129 4251 2468 4323; x_wconf 81' lang='grc' dir='ltr'>μοιςίὲϐόα.</span> <span class='ocrx_word' id='word_1_648' title='bbox 2526 4253 2638 4306; x_wconf 74' lang='grc' dir='ltr'><strong>Καὶ</strong></span> <span class='ocrx_word' id='word_1_649' title='bbox 2688 4249 2818 4322; x_wconf 82' lang='grc' dir='ltr'>βοῦς</span> <span class='ocrx_word' id='word_1_650' title='bbox 2852 4250 2910 4305; x_wconf 71' lang='grc' dir='ltr'>δὲ</span> <span class='ocrx_word' id='word_1_651' title='bbox 2965 4254 3105 4306; x_wconf 72' lang='grc' dir='ltr'>κατὰ</span> <span class='ocrx_word' id='word_1_652' title='bbox 3161 4254 3261 4323; x_wconf 80' lang='grc' dir='ltr'>τὴν</span> <span class='ocrx_word' id='word_1_653' title='bbox 3291 4251 3400 4306; x_wconf 91' lang='grc' dir='ltr'><strong>τῶν</strong></span> <span class='ocrx_word' id='word_1_654' title='bbox 3459 4253 3712 4324; x_wconf 73' lang='grc' dir='ltr'>’Δζύμων</span> 
     </span>
    </p>
   </div>
   <div class='ocr_carea' id='block_1_90' title="bbox 2125 4338 3784 4417">
    <p class='ocr_par' dir='ltr' id='par_1_90' title="bbox 2125 4338 3784 4417">
     <span class='ocr_line' id='line_1_90' title="bbox 2125 4338 3784 4417; baseline -0.001 -17"><span class='ocrx_word' id='word_1_655' title='bbox 2125 4347 2321 4417; x_wconf 80' lang='grc' dir='ltr'>ἑορτὴν</span> <span class='ocrx_word' id='word_1_656' title='bbox 2340 4348 2420 4410; x_wconf 88' lang='grc' dir='ltr'><strong>είς</strong></span> <span class='ocrx_word' id='word_1_657' title='bbox 2443 4345 2637 4400; x_wconf 87' lang='grc' dir='ltr'>θυσίαν</span> <span class='ocrx_word' id='word_1_658' title='bbox 2656 4345 2888 4416; x_wconf 78' lang='grc' dir='ltr'>ἀχθεῖσα</span> <span class='ocrx_word' id='word_1_659' title='bbox 2923 4345 2982 4399; x_wconf 83' lang='grc' dir='ltr'><strong>ἐν</strong></span> <span class='ocrx_word' id='word_1_660' title='bbox 3013 4346 3164 4415; x_wconf 75' lang='grc' dir='ltr'>μέσῳ</span> <span class='ocrx_word' id='word_1_661' title='bbox 3187 4345 3266 4415; x_wconf 80' lang='grc' dir='ltr'>τῷ</span> <span class='ocrx_word' id='word_1_662' title='bbox 3310 4345 3462 4416; x_wconf 77' lang='grc' dir='ltr'>ἱερῷ,</span> <span class='ocrx_word' id='word_1_663' title='bbox 3494 4349 3717 4401; x_wconf 73' lang='grc' dir='ltr'>πάντων</span> <span class='ocrx_word' id='word_1_664' title='bbox 3773 4338 3784 4351; x_wconf 89' lang='grc'><em>’</em></span> 
     </span>
    </p>
   </div>
   <div class='ocr_carea' id='block_1_91' title="bbox 2124 4438 3720 4513">
    <p class='ocr_par' dir='ltr' id='par_1_91' title="bbox 2124 4438 3720 4513">
     <span class='ocr_line' id='line_1_91' title="bbox 2124 4438 3720 4513; baseline -0.002 -17"><span class='ocrx_word' id='word_1_665' title='bbox 2124 4443 2381 4513; x_wconf 85' lang='grc' dir='ltr'>ὁρώντων</span> <span class='ocrx_word' id='word_1_666' title='bbox 2412 4440 2554 4512; x_wconf 82' lang='grc' dir='ltr'>ἄρνα</span> <span class='ocrx_word' id='word_1_667' title='bbox 2581 4441 2770 4511; x_wconf 77' lang='grc' dir='ltr'>γεννᾷ.</span> <span class='ocrx_word' id='word_1_668' title='bbox 2787 4439 2848 4492; x_wconf 82' lang='lat'><strong>&#39;0</strong></span> <span class='ocrx_word' id='word_1_669' title='bbox 2877 4440 2924 4494; x_wconf 77' lang='grc' dir='ltr'>δ’</span> <span class='ocrx_word' id='word_1_670' title='bbox 2945 4439 3110 4504; x_wconf 74' lang='grc' dir='ltr'>αὐτὸς</span> <span class='ocrx_word' id='word_1_671' title='bbox 3142 4439 3348 4510; x_wconf 79' lang='grc' dir='ltr'>ίστορεϊ</span> <span class='ocrx_word' id='word_1_672' title='bbox 3375 4439 3465 4493; x_wconf 89' lang='grc' dir='ltr'><strong>καί</strong></span> <span class='ocrx_word' id='word_1_673' title='bbox 3492 4458 3547 4493; x_wconf 90' lang='grc' dir='ltr'><strong>τι</strong></span> <span class='ocrx_word' id='word_1_674' title='bbox 3587 4438 3720 4494; x_wconf 82' lang='grc' dir='ltr'>ἄλλο</span> 
     </span>
    </p>
   </div>
   <div class='ocr_carea' id='block_1_92' title="bbox 435 4533 2026 4613">
    <p class='ocr_par' dir='ltr' id='par_1_92' title="bbox 435 4541 2020 4613">
     <span class='ocr_line' id='line_1_92' title="bbox 435 4541 2020 4613; baseline 0.001 -19"><span class='ocrx_word' id='word_1_675' title='bbox 435 4541 669 4596; x_wconf 88' lang='lat' dir='ltr'><strong>randum</strong></span> <span class='ocrx_word' id='word_1_676' title='bbox 715 4553 928 4597; x_wconf 90' lang='lat' dir='ltr'><strong>tantum</strong></span> <span class='ocrx_word' id='word_1_677' title='bbox 962 4543 1018 4598; x_wconf 93' lang='lat' dir='ltr'><strong>in</strong></span> <span class='ocrx_word' id='word_1_678' title='bbox 1067 4543 1289 4612; x_wconf 89' lang='lat' dir='ltr'><strong>modum</strong></span> <span class='ocrx_word' id='word_1_679' title='bbox 1319 4544 1664 4610; x_wconf 88' lang='lat' dir='ltr'><strong>lamentans,</strong></span> <span class='ocrx_word' id='word_1_680' title='bbox 1706 4543 1773 4598; x_wconf 90' lang='lat' dir='ltr'><strong>ad</strong></span> <span class='ocrx_word' id='word_1_681' title='bbox 1807 4543 2020 4613; x_wconf 89' lang='lat' dir='ltr'><strong>plagam</strong></span> 
     </span>
    </p>
   </div>
   <div class='ocr_carea' id='block_1_93' title="bbox 2129 4533 3717 4613">
    <p class='ocr_par' dir='ltr' id='par_1_93' title="bbox 2134 4533 3717 4608">
     <span class='ocr_line' id='line_1_93' title="bbox 2134 4533 3717 4608; baseline -0.002 -17"><span class='ocrx_word' id='word_1_682' title='bbox 2134 4536 2608 4608; x_wconf 58' lang='grc' dir='ltr'>παραδοξότερον</span> <span class='ocrx_word' id='word_1_683' title='bbox 2638 4536 2892 4607; x_wconf 83' lang='grc' dir='ltr'>χρησμὸν</span> <span class='ocrx_word' id='word_1_684' title='bbox 2934 4535 3029 4589; x_wconf 76' lang='grc' dir='ltr'>καὶ</span> <span class='ocrx_word' id='word_1_685' title='bbox 3074 4533 3183 4605; x_wconf 79' lang='grc' dir='ltr'><strong>γάρ</strong></span> <span class='ocrx_word' id='word_1_686' title='bbox 3214 4552 3382 4605; x_wconf 81' lang='grc' dir='ltr'>φησιν</span> <span class='ocrx_word' id='word_1_687' title='bbox 3425 4535 3717 4607; x_wconf 83' lang='grc' dir='ltr'>εὑρεθῆναι</span> 
     </span>
    </p>
   </div>
   <div class='ocr_carea' id='block_1_94' title="bbox 435 4635 2028 4707">
    <p class='ocr_par' dir='ltr' id='par_1_94' title="bbox 435 4635 2028 4707">
     <span class='ocr_line' id='line_1_94' title="bbox 435 4635 2028 4707; baseline 0 -21"><span class='ocrx_word' id='word_1_688' title='bbox 435 4649 931 4707; x_wconf 80' lang='lat' dir='ltr'><strong>unamquamque:</strong></span> <span class='ocrx_word' id='word_1_689' title='bbox 987 4655 1006 4687; x_wconf 78' lang='grc' dir='ltr'><strong>ι</strong></span> <span class='ocrx_word' id='word_1_690' title='bbox 1046 4636 1153 4700; x_wconf 72' lang='lat' dir='ltr'><strong>Vae,</strong></span> <span class='ocrx_word' id='word_1_691' title='bbox 1191 4652 1272 4690; x_wconf 79' lang='lat' dir='ltr'><strong>va:</strong></span> <span class='ocrx_word' id='word_1_692' title='bbox 1319 4635 1742 4707; x_wconf 82' lang='lat' dir='ltr'><strong>Hierosolymis!</strong></span> <span class='ocrx_word' id='word_1_693' title='bbox 1784 4653 1803 4688; x_wconf 72' lang='grc' dir='ltr'><strong>ι</strong></span> <span class='ocrx_word' id='word_1_694' title='bbox 1845 4635 2028 4689; x_wconf 74' lang='lat' dir='ltr'><strong>excla-</strong></span> 
     </span>
    </p>
   </div>
   <div class='ocr_carea' id='block_1_95' title="bbox 437 4725 2032 4798">
    <p class='ocr_par' dir='ltr' id='par_1_95' title="bbox 437 4725 2032 4798">
     <span class='ocr_line' id='line_1_95' title="bbox 437 4725 2032 4798; baseline 0 -20"><span class='ocrx_word' id='word_1_695' title='bbox 437 4727 625 4780; x_wconf 86' lang='lat' dir='ltr'><strong>mavit.</strong></span> <span class='ocrx_word' id='word_1_696' title='bbox 661 4727 766 4782; x_wconf 90' lang='lat' dir='ltr'><strong>Bos</strong></span> <span class='ocrx_word' id='word_1_697' title='bbox 810 4742 1029 4796; x_wconf 89' lang='lat' dir='ltr'><strong>quoque</strong></span> <span class='ocrx_word' id='word_1_698' title='bbox 1075 4725 1406 4798; x_wconf 80' lang='lat' dir='ltr'><strong>Azymoruin</strong></span> <span class='ocrx_word' id='word_1_699' title='bbox 1449 4727 1539 4782; x_wconf 91' lang='lat' dir='ltr'><strong>die</strong></span> <span class='ocrx_word' id='word_1_700' title='bbox 1590 4727 1729 4782; x_wconf 80' lang='lat' dir='ltr'><strong>l‘esto</strong></span> <span class='ocrx_word' id='word_1_701' title='bbox 1758 4727 1825 4781; x_wconf 90' lang='lat' dir='ltr'><strong>ad</strong></span> <span class='ocrx_word' id='word_1_702' title='bbox 1861 4727 2032 4782; x_wconf 90' lang='lat' dir='ltr'><strong>sacri-</strong></span> 
     </span>
    </p>
   </div>
   <div class='ocr_carea' id='block_1_96' title="bbox 441 4815 2031 4888">
    <p class='ocr_par' dir='ltr' id='par_1_96' title="bbox 441 4815 2031 4888">
     <span class='ocr_line' id='line_1_96' title="bbox 441 4815 2031 4888; baseline 0.003 -22"><span class='ocrx_word' id='word_1_703' title='bbox 441 4815 628 4869; x_wconf 90' lang='lat' dir='ltr'><strong>ticium</strong></span> <span class='ocrx_word' id='word_1_704' title='bbox 667 4817 720 4870; x_wconf 91' lang='lat' dir='ltr'><strong>in</strong></span> <span class='ocrx_word' id='word_1_705' title='bbox 759 4817 1001 4872; x_wconf 87' lang='lat' dir='ltr'><strong>tnedium</strong></span> <span class='ocrx_word' id='word_1_706' title='bbox 1048 4819 1286 4872; x_wconf 90' lang='lat' dir='ltr'><strong>adducta</strong></span> <span class='ocrx_word' id='word_1_707' title='bbox 1330 4819 1619 4888; x_wconf 84' lang='lat' dir='ltr'><strong>templum,</strong></span> <span class='ocrx_word' id='word_1_708' title='bbox 1651 4816 2031 4888; x_wconf 84' lang='lat' dir='ltr'><strong>spectantibus</strong></span> 
     </span>
    </p>
   </div>
   <div class='ocr_carea' id='block_1_97' title="bbox 435 4908 2028 4982">
    <p class='ocr_par' dir='ltr' id='par_1_97' title="bbox 435 4908 2028 4982">
     <span class='ocr_line' id='line_1_97' title="bbox 435 4908 2028 4982; baseline 0.002 -21"><span class='ocrx_word' id='word_1_709' title='bbox 435 4908 698 4963; x_wconf 89' lang='lat' dir='ltr'><strong>omnibus</strong></span> <span class='ocrx_word' id='word_1_710' title='bbox 741 4925 940 4980; x_wconf 83' lang='lat' dir='ltr'><strong>agnum</strong></span> <span class='ocrx_word' id='word_1_711' title='bbox 985 4909 1180 4965; x_wconf 88' lang='lat' dir='ltr'><strong>edidit.</strong></span> <span class='ocrx_word' id='word_1_712' title='bbox 1230 4911 1379 4966; x_wconf 90' lang='lat' dir='ltr'><strong>ldem</strong></span> <span class='ocrx_word' id='word_1_713' title='bbox 1415 4911 1534 4982; x_wconf 88' lang='lat' dir='ltr'><strong>ipse</strong></span> <span class='ocrx_word' id='word_1_714' title='bbox 1565 4909 1842 4981; x_wconf 84' lang='lat' dir='ltr'><strong>Josephus</strong></span> <span class='ocrx_word' id='word_1_715' title='bbox 1875 4909 2028 4965; x_wconf 88' lang='lat' dir='ltr'><strong>aliud</strong></span> 
     </span>
    </p>
   </div>
   <div class='ocr_carea' id='block_1_98' title="bbox 436 5001 2033 5074">
    <p class='ocr_par' dir='ltr' id='par_1_98' title="bbox 436 5001 2033 5074">
     <span class='ocr_line' id='line_1_98' title="bbox 436 5001 2033 5074; baseline 0.004 -20"><span class='ocrx_word' id='word_1_716' title='bbox 436 5001 701 5070; x_wconf 85' lang='lat' dir='ltr'><strong>quiddam</strong></span> <span class='ocrx_word' id='word_1_717' title='bbox 755 5003 928 5074; x_wconf 86' lang='lat' dir='ltr'><strong>magis</strong></span> <span class='ocrx_word' id='word_1_718' title='bbox 955 5003 1344 5058; x_wconf 87' lang='lat' dir='ltr'><strong>admirandum</strong></span> <span class='ocrx_word' id='word_1_719' title='bbox 1381 5005 1553 5060; x_wconf 82' lang='lat' dir='ltr'><strong>refert</strong></span> <span class='ocrx_word' id='word_1_720' title='bbox 1583 5021 1598 5058; x_wconf 90' lang='lat'><strong>:</strong></span> <span class='ocrx_word' id='word_1_721' title='bbox 1631 5004 1916 5060; x_wconf 90' lang='lat' dir='ltr'><strong>oraculum</strong></span> <span class='ocrx_word' id='word_1_722' title='bbox 1949 5007 2033 5060; x_wconf 86' lang='lat' dir='ltr'><strong>vi-</strong></span> 
     </span>
    </p>
   </div>
   <div class='ocr_carea' id='block_1_99' title="bbox 437 5092 2027 5166">
    <p class='ocr_par' dir='ltr' id='par_1_99' title="bbox 437 5092 2027 5166">
     <span class='ocr_line' id='line_1_99' title="bbox 437 5092 2027 5166; baseline 0.003 -20"><span class='ocrx_word' id='word_1_723' title='bbox 437 5092 641 5147; x_wconf 87' lang='lat' dir='ltr'><strong>delicet</strong></span> <span class='ocrx_word' id='word_1_724' title='bbox 679 5095 957 5163; x_wconf 76' lang='lat' dir='ltr'><strong>quoddam</strong></span> <span class='ocrx_word' id='word_1_725' title='bbox 992 5095 1045 5148; x_wconf 91' lang='lat' dir='ltr'><strong>in</strong></span> <span class='ocrx_word' id='word_1_726' title='bbox 1079 5096 1254 5150; x_wconf 90' lang='lat' dir='ltr'><strong>sacris</strong></span> <span class='ocrx_word' id='word_1_727' title='bbox 1291 5094 1520 5150; x_wconf 86' lang='lat' dir='ltr'><strong>Litteris</strong></span> <span class='ocrx_word' id='word_1_728' title='bbox 1558 5095 1848 5150; x_wconf 88' lang='lat' dir='ltr'><strong>inventum</strong></span> <span class='ocrx_word' id='word_1_729' title='bbox 1878 5113 2027 5166; x_wconf 80' lang='lat' dir='ltr'><strong>esse,</strong></span> 
     </span>
    </p>
   </div>
   <div class='ocr_carea' id='block_1_100' title="bbox 435 5187 2034 5259">
    <p class='ocr_par' dir='ltr' id='par_1_100' title="bbox 435 5187 2034 5259">
     <span class='ocr_line' id='line_1_100' title="bbox 435 5187 2034 5259; baseline 0.001 -16"><span class='ocrx_word' id='word_1_730' title='bbox 435 5204 504 5243; x_wconf 86' lang='lat' dir='ltr'><strong>eo</strong></span> <span class='ocrx_word' id='word_1_731' title='bbox 527 5187 649 5258; x_wconf 88' lang='lat' dir='ltr'><strong>ipso</strong></span> <span class='ocrx_word' id='word_1_732' title='bbox 672 5199 919 5258; x_wconf 88' lang='lat' dir='ltr'><strong>tempore</strong></span> <span class='ocrx_word' id='word_1_733' title='bbox 947 5187 1022 5258; x_wconf 73' lang='lat'><strong>(3)</strong></span> <span class='ocrx_word' id='word_1_734' title='bbox 1047 5204 1110 5242; x_wconf 87' lang='lat' dir='ltr'><strong>ex</strong></span> <span class='ocrx_word' id='word_1_735' title='bbox 1141 5188 1500 5258; x_wconf 87' lang='lat' dir='ltr'><strong>popularibus</strong></span> <span class='ocrx_word' id='word_1_736' title='bbox 1519 5203 1712 5242; x_wconf 91' lang='lat' dir='ltr'><strong>eorum</strong></span> <span class='ocrx_word' id='word_1_737' title='bbox 1735 5193 2034 5259; x_wconf 84' lang='lat' dir='ltr'><strong>quemdam-</strong></span> 
     </span>
    </p>
   </div>
   <div class='ocr_carea' id='block_1_101' title="bbox 509 5345 2028 5418">
    <p class='ocr_par' dir='ltr' id='par_1_101' title="bbox 509 5345 2028 5418">
     <span class='ocr_line' id='line_1_101' title="bbox 509 5345 2028 5418; baseline 0.003 -19"><span class='ocrx_word' id='word_1_738' title='bbox 509 5349 585 5418; x_wconf 83' lang='grc' dir='ltr'>(ι)</span> <span class='ocrx_word' id='word_1_739' title='bbox 624 5366 640 5397; x_wconf 76' lang='grc' dir='ltr'><strong>ι</strong></span> <span class='ocrx_word' id='word_1_740' title='bbox 672 5347 1234 5418; x_wconf 81' lang='lat' dir='ltr'><strong>llicrosolymitanum</strong></span> <span class='ocrx_word' id='word_1_741' title='bbox 1265 5345 1539 5402; x_wconf 77' lang='lat' dir='ltr'><strong>excidium</strong></span> <span class='ocrx_word' id='word_1_742' title='bbox 1570 5346 1764 5400; x_wconf 80' lang='lat' dir='ltr'><strong>Petrus</strong></span> <span class='ocrx_word' id='word_1_743' title='bbox 1797 5363 1943 5418; x_wconf 86' lang='lat' dir='ltr'><strong>quoq</strong></span> <span class='ocrx_word' id='word_1_744' title='bbox 1961 5365 2028 5403; x_wconf 91' lang='lat' dir='ltr'><strong>ue</strong></span> 
     </span>
    </p>
   </div>
   <div class='ocr_carea' id='block_1_102' title="bbox 436 5417 2023 5486">
    <p class='ocr_par' dir='ltr' id='par_1_102' title="bbox 436 5417 2023 5486">
     <span class='ocr_line' id='line_1_102' title="bbox 436 5417 2023 5486; baseline -0.001 -14"><span class='ocrx_word' id='word_1_745' title='bbox 436 5429 494 5472; x_wconf 83' lang='lat' dir='ltr'><strong>et</strong></span> <span class='ocrx_word' id='word_1_746' title='bbox 523 5419 723 5472; x_wconf 80' lang='lat' dir='ltr'><strong>l’anlus</strong></span> <span class='ocrx_word' id='word_1_747' title='bbox 740 5417 974 5486; x_wconf 87' lang='lat' dir='ltr'><strong>apostoli</strong></span> <span class='ocrx_word' id='word_1_748' title='bbox 993 5421 1045 5470; x_wconf 90' lang='lat' dir='ltr'><strong>in</strong></span> <span class='ocrx_word' id='word_1_749' title='bbox 1073 5418 1428 5472; x_wconf 88' lang='lat' dir='ltr'><strong>sermonibus</strong></span> <span class='ocrx_word' id='word_1_750' title='bbox 1453 5417 1570 5471; x_wconf 86' lang='lat' dir='ltr'><strong>suis</strong></span> <span class='ocrx_word' id='word_1_751' title='bbox 1589 5417 2023 5486; x_wconf 61' lang='lat' dir='ltr'><strong>praedixerunt.»</strong></span> 
     </span>
    </p>
   </div>
   <div class='ocr_carea' id='block_1_103' title="bbox 435 5488 1176 5560">
    <p class='ocr_par' dir='ltr' id='par_1_103' title="bbox 435 5488 1176 5560">
     <span class='ocr_line' id='line_1_103' title="bbox 435 5488 1176 5560; baseline 0 -18"><span class='ocrx_word' id='word_1_752' title='bbox 435 5489 618 5560; x_wconf 80' lang='lat' dir='ltr'><strong>(Lact.</strong></span> <span class='ocrx_word' id='word_1_753' title='bbox 659 5488 755 5560; x_wconf 79' lang='lat' dir='ltr'><strong>lib.</strong></span> <span class='ocrx_word' id='word_1_754' title='bbox 793 5506 866 5554; x_wconf 84' lang='lat' dir='ltr'><strong>iv,</strong></span> <span class='ocrx_word' id='word_1_755' title='bbox 897 5505 1018 5557; x_wconf 89' lang='lat' dir='ltr'><strong>cap.</strong></span> <span class='ocrx_word' id='word_1_756' title='bbox 1061 5491 1176 5551; x_wconf 73' lang='lat' dir='ltr'><strong>2t.)</strong></span> 
     </span>
    </p>
   </div>
   <div class='ocr_carea' id='block_1_104' title="bbox 511 5556 2029 5629">
    <p class='ocr_par' dir='ltr' id='par_1_104' title="bbox 511 5556 2029 5629">
     <span class='ocr_line' id='line_1_104' title="bbox 511 5556 2029 5629; baseline 0.001 -17"><span class='ocrx_word' id='word_1_757' title='bbox 511 5557 587 5629; x_wconf 55' lang='grc' dir='ltr'><strong>β)</strong></span> <span class='ocrx_word' id='word_1_758' title='bbox 630 5578 647 5610; x_wconf 75' lang='grc' dir='ltr'><strong>ι</strong></span> <span class='ocrx_word' id='word_1_759' title='bbox 686 5556 1000 5612; x_wconf 85' lang='lat' dir='ltr'><strong>Evenerant</strong></span> <span class='ocrx_word' id='word_1_760' title='bbox 1035 5557 1302 5626; x_wconf 76' lang='lat' dir='ltr'><strong>prodigia,</strong></span> <span class='ocrx_word' id='word_1_761' title='bbox 1332 5573 1452 5627; x_wconf 72' lang='lat' dir='ltr'><strong>qua:</strong></span> <span class='ocrx_word' id='word_1_762' title='bbox 1482 5572 1670 5629; x_wconf 83' lang='lat' dir='ltr'><strong>neque</strong></span> <span class='ocrx_word' id='word_1_763' title='bbox 1693 5556 1892 5629; x_wconf 83' lang='lat' dir='ltr'><strong>bestiis</strong></span> <span class='ocrx_word' id='word_1_764' title='bbox 1929 5574 2029 5614; x_wconf 80' lang='lat' dir='ltr'><strong>ne-</strong></span> 
     </span>
    </p>
   </div>
   <div class='ocr_carea' id='block_1_105' title="bbox 433 5628 2028 5697">
    <p class='ocr_par' dir='ltr' id='par_1_105' title="bbox 433 5628 2028 5697">
     <span class='ocr_line' id='line_1_105' title="bbox 433 5628 2028 5697; baseline -0.002 -15"><span class='ocrx_word' id='word_1_765' title='bbox 433 5628 542 5697; x_wconf 83' lang='lat' dir='ltr'><strong>que</strong></span> <span class='ocrx_word' id='word_1_766' title='bbox 571 5628 721 5682; x_wconf 82' lang='lat' dir='ltr'><strong>votis</strong></span> <span class='ocrx_word' id='word_1_767' title='bbox 755 5631 904 5696; x_wconf 85' lang='lat' dir='ltr'><strong>piare</strong></span> <span class='ocrx_word' id='word_1_768' title='bbox 932 5631 1014 5681; x_wconf 87' lang='lat' dir='ltr'><strong>l&#39;as</strong></span> <span class='ocrx_word' id='word_1_769' title='bbox 1051 5629 1235 5691; x_wconf 85' lang='lat' dir='ltr'><strong>habet,</strong></span> <span class='ocrx_word' id='word_1_770' title='bbox 1269 5644 1402 5692; x_wconf 79' lang='lat' dir='ltr'><strong>gens</strong></span> <span class='ocrx_word' id='word_1_771' title='bbox 1432 5628 1819 5696; x_wconf 85' lang='lat' dir='ltr'><strong>superstitioni</strong></span> <span class='ocrx_word' id='word_1_772' title='bbox 1852 5629 2028 5682; x_wconf 92' lang='lat' dir='ltr'><strong>obno-</strong></span> 
     </span>
    </p>
   </div>
   <div class='ocr_carea' id='block_1_106' title="bbox 437 5697 2028 5767">
    <p class='ocr_par' dir='ltr' id='par_1_106' title="bbox 437 5697 2028 5767">
     <span class='ocr_line' id='line_1_106' title="bbox 437 5697 2028 5767; baseline 0 -16"><span class='ocrx_word' id='word_1_773' title='bbox 437 5701 545 5761; x_wconf 77' lang='lat' dir='ltr'><strong>xia,</strong></span> <span class='ocrx_word' id='word_1_774' title='bbox 581 5699 940 5767; x_wconf 78' lang='lat' dir='ltr'><strong>religionibus</strong></span> <span class='ocrx_word' id='word_1_775' title='bbox 987 5698 1239 5750; x_wconf 86' lang='lat' dir='ltr'><strong>adversa.</strong></span> <span class='ocrx_word' id='word_1_776' title='bbox 1279 5697 1416 5752; x_wconf 63' lang='lat' dir='ltr'><strong>Visae</strong></span> <span class='ocrx_word' id='word_1_777' title='bbox 1441 5714 1536 5767; x_wconf 88' lang='lat' dir='ltr'><strong>per</strong></span> <span class='ocrx_word' id='word_1_778' title='bbox 1561 5699 1760 5752; x_wconf 74' lang='lat' dir='ltr'><strong>ccelunt</strong></span> <span class='ocrx_word' id='word_1_779' title='bbox 1787 5714 2028 5752; x_wconf 89' lang='lat' dir='ltr'><strong>concur-</strong></span> 
     </span>
    </p>
   </div>
   <div class='ocr_carea' id='block_1_107' title="bbox 437 5768 2027 5837">
    <p class='ocr_par' dir='ltr' id='par_1_107' title="bbox 437 5768 2027 5837">
     <span class='ocr_line' id='line_1_107' title="bbox 437 5768 2027 5837; baseline 0.003 -19"><span class='ocrx_word' id='word_1_780' title='bbox 437 5783 563 5837; x_wconf 76' lang='lat' dir='ltr'><strong>rere</strong></span> <span class='ocrx_word' id='word_1_781' title='bbox 595 5773 764 5829; x_wconf 87' lang='lat' dir='ltr'><strong>acies,</strong></span> <span class='ocrx_word' id='word_1_782' title='bbox 797 5770 1079 5821; x_wconf 85' lang='lat' dir='ltr'><strong>rutilantia</strong></span> <span class='ocrx_word' id='word_1_783' title='bbox 1105 5783 1278 5832; x_wconf 85' lang='lat' dir='ltr'><strong>arma,</strong></span> <span class='ocrx_word' id='word_1_784' title='bbox 1311 5778 1367 5821; x_wconf 89' lang='lat' dir='ltr'><strong>et</strong></span> <span class='ocrx_word' id='word_1_785' title='bbox 1397 5768 1585 5822; x_wconf 87' lang='lat' dir='ltr'><strong>subito</strong></span> <span class='ocrx_word' id='word_1_786' title='bbox 1635 5769 1865 5821; x_wconf 89' lang='lat' dir='ltr'><strong>nubium</strong></span> <span class='ocrx_word' id='word_1_787' title='bbox 1901 5769 2027 5837; x_wconf 73' lang='lat' dir='ltr'><strong>igne</strong></span> 
     </span>
    </p>
   </div>
   <div class='ocr_carea' id='block_1_108' title="bbox 434 5836 2026 5910">
    <p class='ocr_par' dir='ltr' id='par_1_108' title="bbox 434 5836 2026 5910">
     <span class='ocr_line' id='line_1_108' title="bbox 434 5836 2026 5910; baseline 0.005 -23"><span class='ocrx_word' id='word_1_788' title='bbox 434 5836 712 5892; x_wconf 83' lang='lat' dir='ltr'><strong>eollucere</strong></span> <span class='ocrx_word' id='word_1_789' title='bbox 741 5839 1304 5910; x_wconf 72' lang='lat' dir='ltr'><strong>tetnpluin.Expassae</strong></span> <span class='ocrx_word' id='word_1_790' title='bbox 1346 5848 1574 5909; x_wconf 83' lang='lat' dir='ltr'><strong>repente</strong></span> <span class='ocrx_word' id='word_1_791' title='bbox 1607 5840 1823 5894; x_wconf 84' lang='lat' dir='ltr'><strong>delubri</strong></span> <span class='ocrx_word' id='word_1_792' title='bbox 1857 5840 2026 5895; x_wconf 65' lang='lat' dir='ltr'><strong>fores.</strong></span> 
     </span>
    </p>
   </div>
   <div class='ocr_carea' id='block_1_109' title="bbox 2133 4625 3720 4702">
    <p class='ocr_par' dir='ltr' id='par_1_109' title="bbox 2133 4625 3720 4702">
     <span class='ocr_line' id='line_1_109' title="bbox 2133 4625 3720 4702; baseline -0.004 -18"><span class='ocrx_word' id='word_1_793' title='bbox 2133 4633 2246 4692; x_wconf 87' lang='grc' dir='ltr'>τοῖς</span> <span class='ocrx_word' id='word_1_794' title='bbox 2278 4631 2440 4702; x_wconf 59' lang='lat' dir='ltr'><strong>lepor;</strong></span> <span class='ocrx_word' id='word_1_795' title='bbox 2467 4628 2819 4700; x_wconf 73' lang='grc' dir='ltr'>γράμμασιν,</span> <span class='ocrx_word' id='word_1_796' title='bbox 2850 4627 2927 4693; x_wconf 87' lang='grc' dir='ltr'><strong>ὡς</strong></span> <span class='ocrx_word' id='word_1_797' title='bbox 2955 4627 3079 4682; x_wconf 85' lang='grc' dir='ltr'>κατ’</span> <span class='ocrx_word' id='word_1_798' title='bbox 3113 4629 3290 4680; x_wconf 81' lang='grc' dir='ltr'>ἐκεῖνο</span> <span class='ocrx_word' id='word_1_799' title='bbox 3318 4627 3516 4699; x_wconf 79' lang='grc' dir='ltr'>καιροῦ</span> <span class='ocrx_word' id='word_1_800' title='bbox 3546 4625 3720 4696; x_wconf 81' lang='grc' dir='ltr'>ἐγχώ-</span> 
     </span>
    </p>
   </div>
   <div class='ocr_carea' id='block_1_110' title="bbox 2137 4718 3716 4796">
    <p class='ocr_par' dir='ltr' id='par_1_110' title="bbox 2137 4718 3716 4796">
     <span class='ocr_line' id='line_1_110' title="bbox 2137 4718 3716 4796; baseline -0.004 -19"><span class='ocrx_word' id='word_1_801' title='bbox 2137 4723 2251 4796; x_wconf 77' lang='grc' dir='ltr'>ριός</span> <span class='ocrx_word' id='word_1_802' title='bbox 2279 4741 2365 4787; x_wconf 89' lang='grc' dir='ltr'><strong>τις</strong></span> <span class='ocrx_word' id='word_1_803' title='bbox 2388 4721 2571 4776; x_wconf 82' lang='grc' dir='ltr'>αὐτῶν</span> <span class='ocrx_word' id='word_1_804' title='bbox 2613 4721 2713 4792; x_wconf 83' lang='grc' dir='ltr'>τῆς</span> <span class='ocrx_word' id='word_1_805' title='bbox 2754 4718 3084 4790; x_wconf 72' lang='grc' dir='ltr'>οἰκουμένης</span> <span class='ocrx_word' id='word_1_806' title='bbox 3110 4718 3295 4789; x_wconf 80' lang='grc' dir='ltr'>πάσης</span> <span class='ocrx_word' id='word_1_807' title='bbox 3340 4719 3622 4792; x_wconf 79' lang='grc' dir='ltr'>κατάρξει.</span> <span class='ocrx_word' id='word_1_808' title='bbox 3657 4719 3716 4771; x_wconf 87' lang='lat'><strong>&#39;0</strong></span> 
     </span>
    </p>
   </div>
   <div class='ocr_carea' id='block_1_111' title="bbox 2137 4800 3721 4888">
    <p class='ocr_par' dir='ltr' id='par_1_111' title="bbox 2137 4800 3721 4888">
     <span class='ocr_line' id='line_1_111' title="bbox 2137 4800 3721 4888; baseline -0.003 -17"><span class='ocrx_word' id='word_1_809' title='bbox 2137 4800 2238 4888; x_wconf 87' lang='grc' dir='ltr'>μὲν</span> <span class='ocrx_word' id='word_1_810' title='bbox 2280 4817 2374 4872; x_wconf 76' lang='grc' dir='ltr'>οὖν</span> <span class='ocrx_word' id='word_1_811' title='bbox 2417 4817 2684 4886; x_wconf 85' lang='grc' dir='ltr'>Ἰώσηπος</span> <span class='ocrx_word' id='word_1_812' title='bbox 2747 4816 2829 4878; x_wconf 88' lang='grc' dir='ltr'><strong>είς</strong></span> <span class='ocrx_word' id='word_1_813' title='bbox 2868 4815 3280 4870; x_wconf 79' lang='grc' dir='ltr'>Οὐεσπεσιανὸν</span> <span class='ocrx_word' id='word_1_814' title='bbox 3324 4814 3584 4885; x_wconf 83' lang='grc' dir='ltr'>ἀνείληφε</span> <span class='ocrx_word' id='word_1_815' title='bbox 3629 4813 3721 4867; x_wconf 75' lang='grc' dir='ltr'><strong>τὸν</strong></span> 
     </span>
    </p>
   </div>
   <div class='ocr_carea' id='block_1_112' title="bbox 2134 4901 3721 4980">
    <p class='ocr_par' dir='ltr' id='par_1_112' title="bbox 2134 4901 3721 4980">
     <span class='ocr_line' id='line_1_112' title="bbox 2134 4901 3721 4980; baseline -0.003 -18"><span class='ocrx_word' id='word_1_816' title='bbox 2134 4912 2404 4980; x_wconf 85' lang='grc' dir='ltr'>χρησμόν.</span> <span class='ocrx_word' id='word_1_817' title='bbox 2447 4908 2610 4962; x_wconf 71' lang='grc' dir='ltr'>Ἀλλέι</span> <span class='ocrx_word' id='word_1_818' title='bbox 2677 4909 2846 4979; x_wconf 81' lang='grc' dir='ltr'>μόνης</span> <span class='ocrx_word' id='word_1_819' title='bbox 2881 4907 3131 4978; x_wconf 83' lang='grc' dir='ltr'>Ῥώμης,</span> <span class='ocrx_word' id='word_1_820' title='bbox 3163 4901 3208 4962; x_wconf 64' lang='lat' dir='ltr'><strong>Et</strong></span> <span class='ocrx_word' id='word_1_821' title='bbox 3236 4905 3414 4973; x_wconf 81' lang='grc' dir='ltr'>οὗτος,</span> <span class='ocrx_word' id='word_1_822' title='bbox 3467 4909 3564 4962; x_wconf 80' lang='grc' dir='ltr'>καὶ</span> <span class='ocrx_word' id='word_1_823' title='bbox 3599 4907 3721 4977; x_wconf 70' lang='grc' dir='ltr'>οὐχ).</span> 
     </span>
    </p>
   </div>
   <div class='ocr_carea' id='block_1_113' title="bbox 2135 4999 3717 5073">
    <p class='ocr_par' dir='ltr' id='par_1_113' title="bbox 2135 4999 3717 5073">
     <span class='ocr_line' id='line_1_113' title="bbox 2135 4999 3717 5073; baseline -0.004 -17"><span class='ocrx_word' id='word_1_824' title='bbox 2135 5004 2316 5073; x_wconf 78' lang='grc' dir='ltr'>πάσης</span> <span class='ocrx_word' id='word_1_825' title='bbox 2341 5002 2503 5073; x_wconf 75' lang='grc' dir='ltr'>ἄρχει</span> <span class='ocrx_word' id='word_1_826' title='bbox 2533 5002 2634 5072; x_wconf 83' lang='grc' dir='ltr'>τῆς</span> <span class='ocrx_word' id='word_1_827' title='bbox 2673 5003 2801 5070; x_wconf 86' lang='grc' dir='ltr'>γῆς.</span> <span class='ocrx_word' id='word_1_828' title='bbox 2851 4999 3038 5071; x_wconf 83' lang='grc' dir='ltr'>Πολλῷ</span> <span class='ocrx_word' id='word_1_829' title='bbox 3071 4999 3117 5053; x_wconf 83' lang='grc' dir='ltr'>δ’</span> <span class='ocrx_word' id='word_1_830' title='bbox 3161 5001 3230 5055; x_wconf 81' lang='grc' dir='ltr'>ἂν</span> <span class='ocrx_word' id='word_1_831' title='bbox 3276 5002 3360 5070; x_wconf 82' lang='grc' dir='ltr'><strong>εἴη</strong></span> <span class='ocrx_word' id='word_1_832' title='bbox 3398 5001 3717 5072; x_wconf 80' lang='grc' dir='ltr'>προσήκων,</span> 
     </span>
    </p>
   </div>
   <div class='ocr_carea' id='block_1_114' title="bbox 2134 5090 3721 5165">
    <p class='ocr_par' dir='ltr' id='par_1_114' title="bbox 2134 5090 3721 5165">
     <span class='ocr_line' id='line_1_114' title="bbox 2134 5090 3721 5165; baseline -0.003 -18"><span class='ocrx_word' id='word_1_833' title='bbox 2134 5098 2273 5162; x_wconf 63' lang='grc' dir='ltr'><strong>πρῦς</strong></span> <span class='ocrx_word' id='word_1_834' title='bbox 2316 5095 2412 5148; x_wconf 82' lang='grc' dir='ltr'>τὸν</span> <span class='ocrx_word' id='word_1_835' title='bbox 2442 5093 2669 5164; x_wconf 77' lang='grc' dir='ltr'>Σωτῆρα</span> <span class='ocrx_word' id='word_1_836' title='bbox 2701 5093 2799 5147; x_wconf 73' lang='grc' dir='ltr'>καὶ</span> <span class='ocrx_word' id='word_1_837' title='bbox 2822 5093 3032 5165; x_wconf 80' lang='grc' dir='ltr'>Κύριον</span> <span class='ocrx_word' id='word_1_838' title='bbox 3073 5093 3470 5164; x_wconf 78' lang='grc' dir='ltr'>ἀναφέρεσθαι,</span> <span class='ocrx_word' id='word_1_839' title='bbox 3499 5092 3635 5161; x_wconf 64' lang='grc' dir='ltr'>προς</span> <span class='ocrx_word' id='word_1_840' title='bbox 3661 5090 3721 5142; x_wconf 81' lang='grc' dir='ltr'><strong>δν</strong></span> 
     </span>
    </p>
   </div>
   <div class='ocr_carea' id='block_1_115' title="bbox 2135 5183 3721 5257">
    <p class='ocr_par' dir='ltr' id='par_1_115' title="bbox 2135 5183 3721 5257">
     <span class='ocr_line' id='line_1_115' title="bbox 2135 5183 3721 5257; baseline -0.003 -18"><span class='ocrx_word' id='word_1_841' title='bbox 2135 5187 2230 5240; x_wconf 79' lang='grc' dir='ltr'>καὶ</span> <span class='ocrx_word' id='word_1_842' title='bbox 2255 5187 2282 5238; x_wconf 88' lang='grc' dir='ltr'><strong>ό</strong></span> <span class='ocrx_word' id='word_1_843' title='bbox 2309 5187 2367 5238; x_wconf 80' lang='grc' dir='ltr'><strong>ἐν</strong></span> <span class='ocrx_word' id='word_1_844' title='bbox 2394 5185 2646 5255; x_wconf 78' lang='grc' dir='ltr'>Ψαλμοῖς</span> <span class='ocrx_word' id='word_1_845' title='bbox 2664 5185 2916 5257; x_wconf 73' lang='grc' dir='ltr'>χρησμὸς</span> <span class='ocrx_word' id='word_1_846' title='bbox 2958 5185 3034 5249; x_wconf 84' lang='grc' dir='ltr'>ὡς</span> <span class='ocrx_word' id='word_1_847' title='bbox 3063 5185 3173 5238; x_wconf 78' lang='grc' dir='ltr'><strong>ἀπὸ</strong></span> <span class='ocrx_word' id='word_1_848' title='bbox 3209 5184 3306 5238; x_wconf 81' lang='grc' dir='ltr'><strong>τοῦ</strong></span> <span class='ocrx_word' id='word_1_849' title='bbox 3343 5183 3553 5255; x_wconf 77' lang='grc' dir='ltr'>[ἰατρὸς</span> <span class='ocrx_word' id='word_1_850' title='bbox 3588 5185 3721 5236; x_wconf 79' lang='grc' dir='ltr'>ἀνα-</span> 
     </span>
    </p>
   </div>
   <div class='ocr_carea' id='block_1_116' title="bbox 2136 5342 3715 5414">
    <p class='ocr_par' dir='ltr' id='par_1_116' title="bbox 2136 5342 3715 5414">
     <span class='ocr_line' id='line_1_116' title="bbox 2136 5342 3715 5414; baseline -0.003 -13"><span class='ocrx_word' id='word_1_851' title='bbox 2136 5345 2204 5401; x_wconf 86' lang='grc' dir='ltr'>Ει</span> <span class='ocrx_word' id='word_1_852' title='bbox 2263 5345 2450 5399; x_wconf 87' lang='lat' dir='ltr'><strong>audita</strong></span> <span class='ocrx_word' id='word_1_853' title='bbox 2502 5345 2675 5414; x_wconf 87' lang='lat' dir='ltr'><strong>major</strong></span> <span class='ocrx_word' id='word_1_854' title='bbox 2715 5344 2958 5398; x_wconf 89' lang='lat' dir='ltr'><strong>bumana</strong></span> <span class='ocrx_word' id='word_1_855' title='bbox 3017 5361 3165 5398; x_wconf 73' lang='lat' dir='ltr'><strong>vos:</strong></span> <span class='ocrx_word' id='word_1_856' title='bbox 3231 5342 3515 5399; x_wconf 84' lang='lat' dir='ltr'><strong>Excedere</strong></span> <span class='ocrx_word' id='word_1_857' title='bbox 3561 5342 3715 5414; x_wconf 82' lang='lat' dir='ltr'><strong>deos.</strong></span> 
     </span>
    </p>
   </div>
   <div class='ocr_carea' id='block_1_117' title="bbox 2137 5413 3716 5484">
    <p class='ocr_par' dir='ltr' id='par_1_117' title="bbox 2137 5413 3716 5484">
     <span class='ocr_line' id='line_1_117' title="bbox 2137 5413 3716 5484; baseline -0.003 -13"><span class='ocrx_word' id='word_1_858' title='bbox 2137 5416 2312 5471; x_wconf 78' lang='lat' dir='ltr'><strong>Simul</strong></span> <span class='ocrx_word' id='word_1_859' title='bbox 2365 5417 2561 5484; x_wconf 88' lang='lat' dir='ltr'><strong>ingens</strong></span> <span class='ocrx_word' id='word_1_860' title='bbox 2590 5413 2781 5468; x_wconf 85' lang='lat' dir='ltr'><strong>motus</strong></span> <span class='ocrx_word' id='word_1_861' title='bbox 2824 5415 3233 5474; x_wconf 78' lang='lat' dir='ltr'><strong>excedentium.</strong></span> <span class='ocrx_word' id='word_1_862' title='bbox 3280 5429 3404 5482; x_wconf 76' lang='lat' dir='ltr'><strong>quae</strong></span> <span class='ocrx_word' id='word_1_863' title='bbox 3446 5413 3605 5483; x_wconf 87' lang='lat' dir='ltr'><strong>pauci</strong></span> <span class='ocrx_word' id='word_1_864' title='bbox 3663 5413 3716 5466; x_wconf 87' lang='lat' dir='ltr'><strong>in</strong></span> 
     </span>
    </p>
   </div>
   <div class='ocr_carea' id='block_1_118' title="bbox 2135 5484 3324 5555">
    <p class='ocr_par' dir='ltr' id='par_1_118' title="bbox 2135 5484 3324 5555">
     <span class='ocr_line' id='line_1_118' title="bbox 2135 5484 3324 5555; baseline -0.003 -15"><span class='ocrx_word' id='word_1_865' title='bbox 2135 5495 2340 5540; x_wconf 80' lang='lat' dir='ltr'><strong>metum</strong></span> <span class='ocrx_word' id='word_1_866' title='bbox 2376 5486 2690 5540; x_wconf 86' lang='lat' dir='ltr'><strong>trahebant.</strong></span> <span class='ocrx_word' id='word_1_867' title='bbox 2720 5504 2737 5536; x_wconf 74' lang='grc' dir='ltr'><strong>ι</strong></span> <span class='ocrx_word' id='word_1_868' title='bbox 2779 5484 2980 5555; x_wconf 60' lang='grc' dir='ltr'><strong>(Ταείι.</strong></span> <span class='ocrx_word' id='word_1_869' title='bbox 3020 5495 3079 5538; x_wconf 91' lang='lat' dir='ltr'><strong>ut</strong></span> <span class='ocrx_word' id='word_1_870' title='bbox 3107 5492 3324 5555; x_wconf 84' lang='lat' dir='ltr'><strong>supra.)</strong></span> 
     </span>
    </p>
   </div>
   <div class='ocr_carea' id='block_1_119' title="bbox 2206 5555 3718 5624">
    <p class='ocr_par' dir='ltr' id='par_1_119' title="bbox 2206 5555 3718 5624">
     <span class='ocr_line' id='line_1_119' title="bbox 2206 5555 3718 5624; baseline -0.001 -17"><span class='ocrx_word' id='word_1_871' title='bbox 2206 5557 2282 5624; x_wconf 77' lang='grc'><strong>(5)</strong></span> <span class='ocrx_word' id='word_1_872' title='bbox 2307 5573 2326 5607; x_wconf 71' lang='grc' dir='ltr'><strong>ι</strong></span> <span class='ocrx_word' id='word_1_873' title='bbox 2354 5555 2750 5610; x_wconf 85' lang='lat' dir='ltr'><strong>Percrebuerat</strong></span> <span class='ocrx_word' id='word_1_874' title='bbox 2777 5555 3002 5610; x_wconf 90' lang='lat' dir='ltr'><strong>Oriente</strong></span> <span class='ocrx_word' id='word_1_875' title='bbox 3030 5563 3146 5608; x_wconf 88' lang='lat' dir='ltr'><strong>toto</strong></span> <span class='ocrx_word' id='word_1_876' title='bbox 3179 5566 3334 5608; x_wconf 71' lang='lat' dir='ltr'><strong>Vetus</strong></span> <span class='ocrx_word' id='word_1_877' title='bbox 3377 5562 3432 5607; x_wconf 87' lang='lat' dir='ltr'><strong>et</strong></span> <span class='ocrx_word' id='word_1_878' title='bbox 3456 5565 3718 5624; x_wconf 88' lang='lat' dir='ltr'><strong>constans</strong></span> 
     </span>
    </p>
   </div>
   <div class='ocr_carea' id='block_1_120' title="bbox 2134 5623 3717 5695">
    <p class='ocr_par' dir='ltr' id='par_1_120' title="bbox 2134 5623 3717 5695">
     <span class='ocr_line' id='line_1_120' title="bbox 2134 5623 3717 5695; baseline -0.002 -16"><span class='ocrx_word' id='word_1_879' title='bbox 2134 5627 2344 5695; x_wconf 88' lang='lat' dir='ltr'><strong>opinio,</strong></span> <span class='ocrx_word' id='word_1_880' title='bbox 2379 5641 2503 5680; x_wconf 89' lang='lat' dir='ltr'><strong>esse</strong></span> <span class='ocrx_word' id='word_1_881' title='bbox 2533 5627 2586 5679; x_wconf 89' lang='lat' dir='ltr'><strong>in</strong></span> <span class='ocrx_word' id='word_1_882' title='bbox 2630 5627 2778 5689; x_wconf 81' lang='lat' dir='ltr'><strong>fatis,</strong></span> <span class='ocrx_word' id='word_1_883' title='bbox 2813 5635 2870 5678; x_wconf 90' lang='lat' dir='ltr'><strong>ut</strong></span> <span class='ocrx_word' id='word_1_884' title='bbox 2899 5641 2965 5678; x_wconf 91' lang='lat' dir='ltr'><strong>eo</strong></span> <span class='ocrx_word' id='word_1_885' title='bbox 2991 5637 3241 5694; x_wconf 87' lang='lat' dir='ltr'><strong>tempore</strong></span> <span class='ocrx_word' id='word_1_886' title='bbox 3275 5625 3460 5680; x_wconf 77' lang='lat' dir='ltr'><strong>Juda-a</strong></span> <span class='ocrx_word' id='word_1_887' title='bbox 3486 5623 3717 5693; x_wconf 79' lang='lat' dir='ltr'><strong>protecti</strong></span> 
     </span>
    </p>
   </div>
   <div class='ocr_carea' id='block_1_121' title="bbox 2135 5695 3715 5766">
    <p class='ocr_par' dir='ltr' id='par_1_121' title="bbox 2135 5695 3715 5766">
     <span class='ocr_line' id='line_1_121' title="bbox 2135 5695 3715 5766; baseline -0.004 -16"><span class='ocrx_word' id='word_1_888' title='bbox 2135 5711 2320 5750; x_wconf 84' lang='lat' dir='ltr'><strong>rerum</strong></span> <span class='ocrx_word' id='word_1_889' title='bbox 2349 5701 2682 5763; x_wconf 87' lang='lat' dir='ltr'><strong>potirentur.</strong></span> <span class='ocrx_word' id='word_1_890' title='bbox 2705 5697 2761 5750; x_wconf 72' lang='lat' dir='ltr'><strong>Id</strong></span> <span class='ocrx_word' id='word_1_891' title='bbox 2795 5697 2863 5750; x_wconf 89' lang='lat' dir='ltr'><strong>de</strong></span> <span class='ocrx_word' id='word_1_892' title='bbox 2893 5698 3222 5766; x_wconf 85' lang='lat' dir='ltr'><strong>imperatore</strong></span> <span class='ocrx_word' id='word_1_893' title='bbox 3253 5695 3516 5766; x_wconf 61' lang='lat' dir='ltr'><strong>Romano.</strong></span> <span class='ocrx_word' id='word_1_894' title='bbox 3539 5711 3715 5762; x_wconf 81' lang='lat' dir='ltr'><strong>quan-</strong></span> 
     </span>
    </p>
   </div>
   <div class='ocr_carea' id='block_1_122' title="bbox 2136 5765 3717 5836">
    <p class='ocr_par' dir='ltr' id='par_1_122' title="bbox 2136 5765 3717 5836">
     <span class='ocr_line' id='line_1_122' title="bbox 2136 5765 3717 5836; baseline -0.002 -17"><span class='ocrx_word' id='word_1_895' title='bbox 2136 5777 2249 5819; x_wconf 89' lang='lat' dir='ltr'><strong>tum</strong></span> <span class='ocrx_word' id='word_1_896' title='bbox 2284 5777 2482 5821; x_wconf 73' lang='lat' dir='ltr'><strong>eventu</strong></span> <span class='ocrx_word' id='word_1_897' title='bbox 2528 5776 2714 5835; x_wconf 80' lang='lat' dir='ltr'><strong>postea</strong></span> <span class='ocrx_word' id='word_1_898' title='bbox 2753 5767 2934 5824; x_wconf 78' lang='lat' dir='ltr'><strong>patuit</strong></span> <span class='ocrx_word' id='word_1_899' title='bbox 2976 5765 3334 5836; x_wconf 71' lang='lat' dir='ltr'><strong>prmdictum.</strong></span> <span class='ocrx_word' id='word_1_900' title='bbox 3363 5765 3536 5820; x_wconf 65' lang='lat' dir='ltr'><strong>Judau</strong></span> <span class='ocrx_word' id='word_1_901' title='bbox 3567 5765 3631 5816; x_wconf 88' lang='lat' dir='ltr'><strong>ad</strong></span> <span class='ocrx_word' id='word_1_902' title='bbox 3656 5778 3717 5817; x_wconf 85' lang='lat' dir='ltr'><strong>se</strong></span> 
     </span>
    </p>
   </div>
   <div class='ocr_carea' id='block_1_123' title="bbox 2139 5836 3713 5908">
    <p class='ocr_par' dir='ltr' id='par_1_123' title="bbox 2139 5836 3713 5908">
     <span class='ocr_line' id='line_1_123' title="bbox 2139 5836 3713 5908; baseline -0.003 -15"><span class='ocrx_word' id='word_1_903' title='bbox 2139 5847 2446 5904; x_wconf 80' lang='lat' dir='ltr'><strong>trahentes,</strong></span> <span class='ocrx_word' id='word_1_904' title='bbox 2491 5839 2832 5892; x_wconf 67' lang='lat' dir='ltr'><strong>rebellarunt</strong></span> <span class='ocrx_word' id='word_1_905' title='bbox 2866 5855 2878 5890; x_wconf 89' lang='lat'>:</span> <span class='ocrx_word' id='word_1_906' title='bbox 2915 5851 3166 5905; x_wconf 62' lang='lat' dir='ltr'><strong>caesoque</strong></span> <span class='ocrx_word' id='word_1_907' title='bbox 3205 5841 3530 5908; x_wconf 79' lang='lat' dir='ltr'><strong>praeposito,</strong></span> <span class='ocrx_word' id='word_1_908' title='bbox 3563 5836 3713 5906; x_wconf 74' lang='lat' dir='ltr'><strong>lega-</strong></span> 
     </span>
    </p>
   </div>
  </div>
