4046 6422
230 456 233 459 _
309 361 411 428 ιιι

1244 362 1860 425 ΕΟΕιΕΒΙΑδΤΙΟἉΕ
1902 360 2304 423 IllSTORl/E
2350 361 2501 423 LIB.
2550 362 2659 424 ΙΙΙ.

3482 360 3589 423 902

306 483 561 552 φέρεται,
620 480 877 546 Αἴτησαι
919 476 1056 547 παρ’
1094 479 1264 549 ἐμοῦ,
1305 480 1598 549 λέγοντος,
1656 479 1754 532 καὶ
1786 478 1895 532 δὼ-

2019 477 2266 533 iniverso
2310 475 2432 531 orbi
2484 477 2907 546 imperaturum.
2942 473 3007 529 Et
3035 473 3308 543 Josepbus
3359 472 3581 542 quidem

306 588 397 625 σω
430 585 531 625 σοι
563 572 707 638 ἔθνη
744 569 857 639 τὴν
888 570 1304 636 κληρονομίαν
1338 586 1479 631 σου,
1521 570 1616 621 καὶ
1648 568 1763 637 τὴν
1792 585 1896 621 κα-

307 661 608 730 τάσχεσίν
634 676 754 714 σου
783 659 854 713 τὰ
881 658 1107 727 πέρατα
1138 658 1249 726 τῆς
1298 658 1432 729 γῆς.
1459 658 1532 711 Οὗ
1567 659 1676 710 τῶν
1721 658 1898 727 μαθη-

305 755 414 807 τῶν
447 750 547 806 καὶ
593 754 626 806 ό
657 752 923 821 φθόγγος
953 754 1040 817 εις
1086 749 1298 806 πᾶσαν
1329 748 1551 819 ἐξῆλοε
1586 749 1704 817 τὴν
1756 750 1897 819 γῆν,

306 846 407 900 καὶ
437 848 524 912 εἰς
551 846 624 898 τὰ
652 844 879 914 πέρατα
911 843 1022 913 τῆς
1060 843 1420 912 οἰκουμένης
1468 841 1588 895 τῶν
1613 844 1900 910 ῥημάτων·

312 940 351 1007 ἡ
384 939 660 1008 δύναμις.
693 938 917 990 Τούτων
949 937 1005 990 δὲ
1056 938 1159 1007 ἤδη
1197 936 1636 1007 προειρημένων,
1687 935 1782 987 ἐπὶ
1827 937 1896 986 τὰ

311 1032 436 1098 ἑξῆς
466 1030 563 1099 τῆς
597 1029 840 1099 ἱστορίας
872 1029 1180 1099 προΐωμεν.

2005 583 2334 638 responsum
2362 570 2413 622 id
2440 568 2505 621 ad
2536 567 2933 635 Vespasianum
2960 566 3349 635 imperatorem
3379 563 3589 617 retulit.

2003 660 2109 715 Sed
2144 661 2236 715 ille
2269 661 2530 715 Romanae
2575 668 2786 713 tantum
2822 659 3004 721 urbis,
3044 674 3153 712 non
3206 657 3447 709 universi
3484 666 3593 707 ter-

2002 766 2186 806 rarum
2220 752 2468 805 omnium
2518 752 2671 805 orbis
2706 751 3002 821 imperium
3051 752 3316 804 obtinuit.
3366 750 3591 803 Rectius

2003 842 2189 912 itaque
2233 844 2521 897 oraculum
2558 845 2664 897 tale
2712 843 2996 897 Servatori
3040 852 3094 895 et
3136 842 3369 895 Domino
3401 852 3593 893 nostro

2006 936 2483 1007 accommodetur,
2505 935 2569 988 ad
2593 951 2755 1003 quem
2786 946 2840 989 et
2868 936 3001 988 illud
3035 936 3230 988 Psalmi
3264 950 3589 1002 reSpuusum

2008 1041 2037 1078 a
2090 1026 2251 1080 Patre
2305 1027 2565 1092 refertur,
2603 1025 2825 1079 Postulo
2864 1043 2896 1079 a
2930 1044 3033 1079 me.
3087 1027 3340 1084 dicetne.
3378 1035 3424 1076 et
3458 1024 3593 1075 dabo

311 1128 402 1179 tibi
430 1136 605 1198 gentes
638 1126 1002 1180 hrrreditatem
1038 1135 1210 1192 tuam,
1251 1133 1299 1179 et
1331 1124 1713 1195 possessionem
1738 1132 1887 1173 tuam
1933 1123 2181 1173 terminos
2260 1129 2438 1175 terra.
2510 1122 2685 1193 Cujus
2729 1122 2895 1176 etiam
2949 1121 3343 1187 discipulorum
3390 1136 3489 1173 vos;
3537 1122 3591 1170 in

310 1237 516 1273 omnem
562 1222 717 1274 exivit
765 1229 996 1280 terram.
1039 1230 1086 1273 et
1140 1220 1209 1274 ad
1250 1222 1503 1273 terminos
1546 1218 1686 1271 orbis
1741 1214 1895 1270 verba
1939 1230 2141 1268 eorum.
2207 1217 2385 1285 Atque
2418 1216 2503 1269 h's
2566 1217 2638 1269 ita
2669 1215 2984 1286 praemissis,
3009 1214 3076 1267 ad
3105 1214 3387 1268 historiam
3419 1214 3591 1281 ipsum

312 1313 694 1368 deveniamus.

498 1478 503 1483 .
916 1429 1168 1485 KE'I'AA.
1211 1431 1287 1483 [ιζ’.

323 1525 419 1589 Ὠς
446 1522 595 1592 μετὰ
631 1522 872 1592 Νέρωνα
914 1526 970 1576 οι
1023 1522 1157 1589 περὶ
1211 1522 1460 1577 Γάλϐαν
1490 1520 1587 1575 καὶ
1645 1519 1895 1592 Ὄθωνα,

384 1590 512 1648 εἶτα
556 1590 1023 1659 Οὺεάπίισιιρνὸς
1086 1595 1391 1661 Ῥωμαίων
1432 1593 1635 1658 ἄρχει*
1668 1590 1898 1661 καὶ-κα-

384 1664 645 1732 τάλογος
697 1664 937 1732 μερικὸς
982 1664 1102 1715 τῶν
1134 1659 1236 1717 ὑπ’
1270 1662 1459 1717 αὺτοῦ
1482 1659 1899 1731 γεγενημένων

385 1734 461 1802 τῇ
505 1734 911 1803 Ἰερουσαλὴμ
935 1733 1172 1787 δεινῶν.

389 1846 587 1917 Νέρων
623 1844 723 1916 μὲν
773 1844 867 1898 οὖν
897 1844 1171 1913 τέσσαρας
1226 1845 1321 1898 ἐπὶ
1362 1844 1496 1899 δέκα
1547 1845 1901 1915 αὖταρχήσας

245 1956 252 1963 ’
313 1940 622 1999 ἐνιαυτοὺς.
651 1939 765 2001 τοῖς
793 1938 921 2008 περὶ
948 1937 1162 1991 Γάλῦαν
1189 1939 1285 1991 καὶ
1320 1938 1537 1991 Ὄθωνα
1560 1939 1654 1991 καὶ
1685 1938 1904 1992 Οζιῖτέλ-

314 2033 430 2086 λιον
458 2033 558 2099 τὴν
590 2029 767 2099 ἀρχὴν
791 2028 1034 2098 αἰσχρῶς
1071 2029 1411 2093 καταλιπὼν,
1444 2030 1535 2083 τὸν
1557 2030 1672 2099 βίον
1697 2030 1901 2102 μετήλ-

314 2124 471 2191 λαξε.
506 2124 617 2176 Καὶ
645 2118 792 2176 οὗτοι
818 2121 862 2174 δ’
889 2121 976 2174 ἐπ’
1012 2122 1248 2193 ἐνιαυτῷ
1283 2124 1377 2178 καὶ
1408 2125 1578 2194 μησὶν
1608 2124 1668 2189 ἓξ
1705 2125 1903 2179 θᾶττον

317 2216 734 2285 διαφθαρέντες.
775 2215 1170 2284 Οὐεσπεσιανῷ
1199 2217 1298 2283 τῆς
1331 2217 1766 2287 αὐτοκρατορίας
1799 2235 1905 2269 πα-

322 2308 658 2378 ραχωροῦσι,
694 2310 808 2370 τοῖς
837 2306 980 2360 κατὰ
1020 2307 1412 2379 Ἱεροσολύμων
1436 2312 1717 2380 τροπαίοις
1749 2311 1906 2381 κληῖ-

318 2400 557 2471 ζομένῳ.
593 2400 701 2453 Καὶ
740 2400 925 2453 τοίνυν
957 2401 1066 2453 ὑπὸ
1100 2402 1209 2454 τῶν
1241 2403 1510 2455 συνόντων
1552 2405 1903 2472 στρατευμά-

318 2508 430 2543 των
461 2490 879 2560 ἀναγορευθεὶς,
910 2490 987 2559 τῷ
1021 2491 1120 2560 μὲν
1149 2492 1252 2561 υίῴ
1285 2492 1435 2561 Τίτῳ
1470 2493 1563 2545 τὸν
1595 2493 1738 2545 κατὰ
1775 2493 1909 2544 ἰου-

318 2582 488 2636 δαίων
517 2583 755 2650 πόλεμον
787 2582 1086 2653 ἐγχειρίζει
1107 2599 1122 2615 ·
1153 2584 1318 2645 αὐτὸς
1357 2584 1403 2636 δ’
1426 2578 1483 2636 οἷ
1503 2585 1701 2652 τάχους
1734 2580 1900 2653 εἶχεν,

320 2675 475 2735 ὅλαις
501 2674 681 2743 ἡνίαις
704 2676 804 2743 τὴν
827 2677 885 2736 ὲς
916 2674 1139 2744 Ῥώμην
1167 2680 1447 2745 φέρουσαν
1468 2676 1721 2745 ἠλαυνεν.
1764 2675 1904 2727 Ἀλλ’

2519 1424 2688 1495 229
2726 1422 2955 1479 CAPUT
3002 1423 3062 1477 v.

2011 1537 2077 1593 Ut
2132 1547 2247 1608 post
2309 1536 2578 1591 Neronem
2632 1535 2805 1608 Galba
2867 1544 2914 1589 et
2966 1534 3097 1608 Otho
3149 1542 3197 1586 et
3230 1530 3491 1608 l'itellius.
3548 1540 3596 1581 et

2082 1606 2267 1664 deinde
2311 1608 2661 1678 Vespasianus
2692 1606 2943 1678 Romanis
2982 1606 3253 1672 imperarit
3291 1620 3309 1654 :
3342 1612 3387 1655 et
3422 1611 3594 1678 parti-

2081 1681 2277 1734 cularis
2301 1668 2729 1733 commemoratio
2780 1668 3174 1736 calamitatum,
3206 1689 3324 1743 qua:
3368 1672 3463 1725 sub
3504 1668 3599 1723 ιἐ-

2080 1753 2338 1822 spasiano
2373 1748 2755 1818 Hierosolymis
2781 1748 3105 1799 acciderunt.

2078 1863 2225 1917 Nero
2246 1878 2369 1916 eum
2394 1860 2808 1930 quatuordecim
2824 1872 2997 1912 annos
3026 1858 3371 1926 imperasset.
3390 1854 3593 1915 Galbae,

2009 1950 2215 2006 Othoni
2244 1960 2299 2005 et
2330 1950 2549 2005 Vitellio
2604 1950 2842 2017 turpiter
2882 1947 3114 2017 imperio
3155 1948 3368 2009 relicto,
3428 1947 3595 1998 vitam

2011 2044 2220 2099 ﬁnivit:
2254 2055 2419 2112 atque
2448 2043 2483 2096 ii
2524 2044 2691 2097 etiam
2718 2042 2881 2095 unius
2915 2040 3042 2094 anni
3096 2049 3151 2093 et
3182 2039 3455 2091 mensium
3491 2054 3590 2091 sex

2011 2148 2257 2207 tempore
2299 2135 2423 2189 caesi
2452 2135 2866 2204 disperierunt:
2894 2144 2951 2187 et
2975 2130 3328 2201 Vespasiano,
3359 2132 3450 2197 qui
3481 2144 3593 2181 tum

2012 2235 2277 2286 adversus
2309 2229 2685 2297 Hierosolyma
2718 2226 2921 2280 bellum
2953 2239 3152 2295 gerens
3198 2223 3386 2275 multis
3414 2222 3597 2274 fuerat

2016 2325 2234 2395 tropaeis
2263 2322 2609 2385 nobilitatus,
2638 2318 2933 2387 imperium
2962 2317 3266 2384 reliquere.
3300 2313 3401 2368 Ubi
3434 2327 3462 2364 a
3491 2312 3590 2363 mi-

2014 2418 2267 2473 litaribus
2326 2414 2504 2483 copiis
2556 2428 2679 2481 quae
2728 2426 2854 2464 cum
2913 2410 3036 2478 ipso
3074 2416 3252 2467 erant,
3295 2407 3594 2474 imperator

2018 2507 2387 2568 renuntiatus,
2427 2504 2540 2556 tilio
2571 2502 2694 2555 Tito
2726 2501 2926 2554 bellum
2957 2498 3247 2553 Judaicum
3272 2494 3592 2549 mandavit:

2016 2601 2131 2670 ipse
2164 2608 2370 2661 autem,
2407 2605 2609 2665 quanta
2646 2594 2821 2662 potuit
2845 2593 3157 2648 celeritate.
3197 2590 3424 2642 Romam
3460 2601 3597 2638 con-

2018 2691 2215 2745 tand't.
2251 2688 2425 2743 Porro
2451 2694 2660 2755 quanta
2697 2685 2750 2736 in
2786 2698 2979 2736 omnes
3008 2681 3211 2735 lumnae
3247 2690 3431 2748 partes
3453 2678 3596 2729 mala

321 2766 423 2819 ὅσα
454 2766 535 2828 εἰς
587 2764 805 2817 ἅπαντα
841 2764 942 2835 τῆς
984 2767 1245 2829 ἰουδαίας
1294 2767 1385 2819 τὸν
1427 2768 1595 2820 τόπον
1630 2767 1902 2837 συνερρύη

2018 2781 2382 2853 pervenerint,
2408 2779 2679 2849 quibusve
2722 2777 2976 2831 cladibus
3002 2776 3207 2843 ubique
3227 2787 3360 2840 gens
3380 2771 3599 2825 Judaeu-

323 2859 503 2912 κακά’
539 2858 683 2918 οἵαις
707 2874 767 2911 τε
800 2861 1112 2929 συμφοραῖς
1145 2860 1204 2911 τὸ
1246 2859 1517 2912 Ἰουδαίων
1541 2859 1695 2920 ἔθνος
1726 2861 1905 2912 ἁπαν-

323 2950 491 3019 ταχοῦ
519 2950 796 3023 συνηλάθη
823 2965 838 2981 ⁶
871 2952 967 3004 καὶ
998 2951 1074 3013 ὡς
1118 2951 1397 3021 διαφόροις
1432 2952 1682 3005 θανάτων
1713 2952 1905 3015 εἴδεσι,

2015 2891 2134 2928 rum
2168 2873 2237 2927 sit
2263 2873 2603 2933 conﬂictata,
2626 2884 2790 2938 quam
2820 2867 2972 2920 varia
2998 2868 3161 2919 etiam
3179 2864 3368 2917 mortis
3392 2861 3597 2933 spei-ie,

2010 2964 2282 3031 inprimis
2313 2976 2445 3014 vero
2472 2961 2614 3013 fame
2649 2969 2706 3012 et
2760 2959 2928 3032 ferro,
2978 2958 3145 3008 multa
3204 2953 3375 3007 millia
3415 2966 3597 3004 omnis

324 3044 387 3096 τὸ
415 3044 470 3097 δὲ
500 3043 669 3096 πλέον
695 3043 842 3114 λιμῷ
866 3046 962 3098 καὶ
996 3043 1139 3113 ξίφει
1168 3046 1433 3115 μυριάδες
1459 3047 1659 3117 ἡϐηδὸν
1681 3046 1909 3114 διεφθά-

2018 3059 2188 3110 αειιιιίε
2210 3055 2495 3109 hominum
2525 3051 2861 3113 interierint,
2915 3057 2971 3102 et
3006 3063 3127 3117 qua:
3149 3049 3376 3099 seorsim
3399 3044 3599 3112 oppida

330 3153 505 3207 ρησαν
529 3154 544 3169 ·
578 3138 700 3190 ὅσαι
734 3154 793 3190 τε
818 3137 961 3192 κατὰ
980 3138 1170 3209 χώρας
1204 3137 1518 3207 πολιορκίαι
1554 3138 1908 3208 προῦϐησαν·

324 3230 516 3284 καὶτὸ
544 3229 881 3295 τελευταῖον,
921 3229 998 3293 ὡς
1046 3230 1134 3283 ἐπ’
1163 3228 1338 3300 αὐτὴν
1390 3230 1490 3301 τὴν
1547 3230 1911 3300 Ἰερουσαλὴμ

325 3322 402 3384 ὠς
427 3315 519 3375 οἶα
546 3321 710 3391 ἕρκος
734 3338 786 3373 τι
819 3320 930 3375 τῶν
962 3322 1199 3392 ἀμάχων
1247 3325 1757 3390 καταπεφευγότες,
1799 3323 1913 3376 οὐδ’

325 3412 566 3468 ἀκοῦσαι
594 3416 810 3483 φορητὰ
844 3413 1151 3467 πεπόνθασι
1174 3428 1193 3444 ·
1224 3415 1331 3484 τήν
1360 3432 1417 3467 τε
1440 3415 1735 3483 διασκευὴν
1765 3414 1911 3468 ἀπα·

332 3521 435 3559 σαν
463 3508 559 3557 τοῦ
588 3504 850 3573 πολέμου,
884 3504 1096 3557 ἕκαστά
1122 3520 1182 3555 τε
1214 3504 1325 3556 τῶν
1370 3503 1433 3556 ἑν
1478 3504 1633 3575 μέρει
1660 3504 1914 3567 ἑκάστοις

333 3594 593 3666 τηνικάδε
652 3595 1043 3665 γεγενημένων
1068 3611 1084 3627 ο
1112 3598 1207 3649 καὶ
1256 3596 1333 3659 ὡς
1380 3596 1440 3649 τὸ
1477 3597 1651 3650 πάλαι
1696 3596 1761 3666 δὴ
1800 3599 1915 3659 τοῖς

336 3686 649 3756 προφήταις
676 3687 995 3757 εἰρημένον,
1041 3684 1103 3738 τὸ
1134 3688 1234 3757 τῆς
1273 3686 1611 3757 ἐρημώσεως
1635 3686 1913 3758 βζέλυγμα

329 3779 409 3845 τῷ
443 3779 761 3849 περιὸοήτῳ
815 3780 946 3850 ἔστη
976 3778 1105 3850 νεῲ,
1150 3783 1322 3851 πυρὸς
1368 3782 1606 3833 εἰσάπαν
1652 3780 1916 3850 ἀνάλωμα

329 3871 634 3940 γενομένῳ,
676 3873 742 3922 ὲκ
770 3871 879 3924 τῶν
903 3871 983 3941 τῷ
1027 3872 1279 3941 Ἰωσήπῳ
1308 3872 1617 3941 εἰρημένων
1650 3871 1918 3941 πάρεστιν

2014 3151 2236 3204 obsessa
2296 3147 2537 3200 iuerint:
2587 3153 2982 3213 postremoque
3042 3154 3167 3194 cum
3233 3138 3602 3204 undequaque

2014 3256 2210 3297 omnes
2230 3240 2345 3309 ipsa
2371 3238 2749 3307 Hierosolyma
2772 3246 3027 3302 tauquam
3049 3234 3102 3285 in
3126 3228 3600 3300 propugnaculum

2015 3331 2449 3403 inexpugnabile
2501 3329 2905 3400 confugissent,
2953 3340 3075 3393 quae
3128 3322 3320 3376 auditu
3379 3336 3602 3390 quoque

2016 3424 2323 3478 tolerabilia
2365 3437 2472 3475 non
2494 3429 2623 3474 sunt
2645 3421 2748 3494 (1),
2782 3418 3145 3488 pertulerint:
3181 3416 3330 3487 item,
3357 3414 3450 3482 qui
3474 3412 3602 3466 belli

2016 3515 2185 3569 totius
2240 3511 2408 3565 fuerit
2463 3518 2779 3583 apparatus,
2829 3518 2922 3561 aut
2960 3522 3083 3575 qua:
3134 3503 3367 3557 seorsim
3400 3502 3603 3569 cuique

2019 3615 2134 3659 tum
2161 3605 2299 3659 dura
2328 3614 2497 3672 atque
2527 3600 2727 3654 acerba
2755 3599 3095 3652 acciderint:
3136 3596 3376 3663 denique
3406 3602 3463 3645 ut
3502 3595 3601 3656 de-

2016 3694 2304 3749 solationis
2328 3693 2689 3764 abominatio,
2722 3705 2819 3759 pro
2869 3705 2935 3743 eo
2978 3698 3141 3756 atque
3166 3688 3373 3740 dudum
3410 3701 3439 3738 a
3473 3699 3606 3754 pro-

2017 3787 2197 3858 phetis
2214 3786 2535 3854 praedictum
2568 3784 2770 3844 fuerat.
2799 3782 2852 3834 in
2873 3778 3236 3835 celeberrimo
3256 3779 3349 3831 illo
3373 3777 3599 3845 templo,

2018 3880 2163 3950 quod
2202 3877 2425 3948 quidem
2480 3876 2739 3930 incendio
2798 3874 2943 3928 [uade
2992 3880 3265 3926 vastatum
3290 3879 3395 3934 est,
3436 3878 3604 3923 steteo

331 3961 724 4028 ἀναλέγεσθαι.
763 3960 939 4015 Τοῦτό
972 3977 1037 4028 γε
1091 3960 1200 4030 μὴν
1233 3964 1510 4030 προσῆκον
1552 3961 1910 4032 ὑποσημήναε

2021 3972 2128 4026 rit:
2157 3986 2221 4025 ea
2279 3968 2465 4024 omnia
2506 3983 2571 4023 ex
2612 3966 2838 4036 Josepbi
2906 3964 3144 4019 Historia
3174 3963 3283 4032 peti
3345 3972 3597 4030 possunt.

333 4056 485 4120 σθαι,
517 4052 592 4117 ὡς
630 4053 796 4116 αὐτὸς
827 4051 984 4116 οὗτος
1016 4051 1146 4122 περί
1180 4068 1286 4104 που
1318 4052 1414 4115 τὰς
1455 4054 1780 4124 τριακοσίας
1810 4071 1917 4123 μυ-

2020 4062 2163 4118 lllud
2191 4073 2343 4117 certe
2379 4061 2602 4130 quidem
2636 4060 2818 4114 modis
2845 4058 3107 4111 oumibus
3138 4056 3385 4111 indicare
3400 4069 3603 4110 conve-

333 4146 528 4220 ριάδας
573 4148 799 4217 ἱστορεῖ,
854 4146 1064 4214 πλῆθος
1112 4146 1404 4215 εἰσρυῆναι
1446 4146 1509 4198 lx
1554 4146 1736 4214 πάσης
1790 4148 1910 4200 Ἰου-

2028 4157 2130 4221 nit,
2198 4153 2458 4209 eumdem
2499 4153 2681 4222 ipsum
2746 4151 3077 4205 historicum
3110 4147 3313 4203 alicubi
3368 4148 3599 4210 referre.

332 4238 496 4301 δαίας
545 4238 687 4291 κατὰ
743 4237 837 4291 τὸν
888 4236 986 4292 τοῦ
1041 4238 1237 4308 Πάσχα
1287 4237 1503 4308 καιρὸν,
1549 4239 1647 4291 καὶ
1678 4236 1769 4292 οἷά
1810 4256 1920 4294 τινι

334 4329 792 4400 περικλεισθῆναι
826 4332 1064 4402 φρουρᾷ.
1113 4331 1310 4401 Ἐχρῆν
1341 4331 1436 4385 καὶ
1462 4331 1573 4401 γὰρ
1595 4330 1717 4384 κατ’
1748 4332 1921 4397 αὑτάς

335 4440 404 4490 γε
435 4423 659 4485 πάντως
701 4422 803 4486 τὰς
840 4423 1059 4492 ἡμέρας
1093 4426 1185 4475 καὶ
1217 4422 1442 4487 τούτους
1487 4424 1788 4496 ὑποστῆναι
1819 4426 1919 4495 τῆς

339 4516 484 4569 κατὰ
500 4516 595 4569 τὸν
629 4517 862 4585 Σωτῆρα
891 4516 1093 4583 λύττης
1118 4515 1211 4568 τὸν
1237 4515 1483 4586 ὄλεθρον,
1512 4520 1608 4572 καὶ
1634 4520 1737 4588 τῆς
1767 4522 1918 4585 θείας

334 4604 491 4676 δίκης
523 4607 846 4679 πειρᾶσθαι,
892 4605 1020 4660 καθ’
1048 4603 1117 4669 ἃς
1157 4606 1362 4661 ἐκεῖνοι
1389 4610 1489 4678 τὴν
1517 4614 1659 4665 κατὰ
1682 4613 1921 4683 Χριστὸν

405 4720 455 4754 ⁸³
505 4721 655 4776 Psai.
700 4735 765 4787 ιι,
790 4719 847 4777 8.
924 4719 971 4752 ⁸⁵
995 4719 1142 4775 Psal.
1170 4735 1330 4788 xuii,
1354 4722 1407 4777 5.

334 4896 455 4939 tum
488 4882 718 4951 insuper
752 4880 927 4952 Syria
952 4881 1306 4952 consularem
1340 4881 1628 4951 suppetias
1652 4881 1926 4938 ferentem

334 4963 492 5024 rapta
547 4953 736 5024 aquila
786 4951 1141 5024 I’ugaveruut.
1181 4971 1199 5003 ι
1254 4951 1517 5024 (Sueton.
1560 4954 1615 5006 in
1664 4953 1927 5024 Vespas.)

343 5043 370 5104 ι.
405 5022 669 5103 Pluribus
698 5022 1006 5104 persuasio
1033 5025 1246 5083 inerat.
1280 5022 1524 5104 antiquis
1575 5023 1924 5104 sacerdotum

335 5094 539 5148 litteris
564 5092 861 5155 contineri,
893 5110 960 5145 eo
997 5096 1118 5162 ipso
1150 5106 1399 5161 tempore
1433 5093 1549 5145 fore
1583 5106 1642 5146 ut
1678 5094 1924 5147 valesce-

336 5177 420 5218 ret
454 5162 671 5219 Oriens.
712 5163 1054 5231 profectique
1109 5163 1297 5217 Judaea
1347 5178 1529 5215 rerum
1580 5167 1920 5231 potirentur.

335 5234 758 5373 Qit‘liliﬁllibfgcs
793 5231 1188 5302 Vespasianum
1215 5250 1279 5287 ac
1304 5234 1488 5287 Titum
1517 5234 1916 5302 praedixerant.

340 5307 374 5373 ι’
413 5315 613 5359 aeuus.
756 5371 763 5373 Α

340 5304 613 5375 (Tacitus.

412 5377 487 5443 (1)
520 5371 1025 5443 Hierosolymorum
1056 5375 1247 5429 urbem
1275 5374 1699 5428 munitissimam
1724 5374 1917 5439 fuisse,

340 5453 578 5500 testatur
610 5443 835 5497 Tacitus
859 5445 957 5497 lib.
990 5459 1077 5497 xx:
1112 5463 1124 5499 :
1152 5463 1170 5495 ι
1193 5445 1300 5499 Sed
1335 5446 1527 5499 urbem
1554 5446 1780 5498 arduam
1807 5446 1917 5499 situ

338 5530 506 5583 Opera
538 5515 822 5583 molesque
848 5517 1219 5577 tirmaveraut,
1240 5526 1349 5569 etc.
1378 5516 1500 5568 Alia
1530 5517 1677 5569 intus
1707 5517 1909 5570 mreuia

340 5588 506 5653 regiae
559 5586 944 5653 circumiecta,
1004 5586 1415 5655 conspicuoque
1467 5587 1683 5655 fastigio
1716 5589 1907 5649 turris,

338 5656 577 5709 Antonia
621 5655 673 5707 in
705 5655 969 5708 honorem
998 5656 1045 5709 Μ
1093 5657 1318 5709 Antonii
1372 5657 1438 5710 ab
1476 5655 1691 5710 Herode
1720 5658 1908 5724 appel-

341 5726 472 5779 lata.
507 5724 795 5794 Templum
833 5726 888 5778 in
924 5727 1147 5779 modum
1175 5728 1339 5785 arcis.
1376 5728 1701 5795 prOpriique
1742 5727 1910 5791 muri,

343 5796 531 5851 labore
579 5806 633 5851 et
672 5812 838 5865 opere
882 5805 1008 5851 ante
1056 5798 1212 5853 alios.
1262 5796 1379 5867 Ipse
1436 5802 1703 5867 porticus,
1759 5800 1916 5867 queis

2027 4248 2097 4302 ad
2157 4255 2242 4301 ter
2289 4256 2558 4301 centenas
2602 4243 2893 4315 'myriades
2921 4242 3207 4296 hominum
3233 4239 3606 4293 multitudinis

2025 4354 2093 4394 ex
2125 4339 2381 4393 universa
2404 4336 2591 4391 Judiea
2632 4335 2732 4405 (2),
2767 4335 2900 4403 ipsis
2954 4332 3176 4387 Pascha:
3206 4331 3379 4396 feriis,
3410 4329 3611 4383 Hiero-

2027 4432 2237 4502 solyma
2269 4428 2620 4491 conﬂuxisse,
2647 4437 2815 4495 atque
2840 4440 2961 4479 eam
2981 4426 3055 4479 ibi
3092 4422 3321 4493 perinde
3350 4435 3515 4490 atque
3546 4421 3602 4473 in

2027 4522 2278 4578 custodia
2350 4530 2409 4574 et
2458 4533 2682 4573 carcere
2738 4516 3164 4571 circumclusum
3215 4522 3273 4566 et
3320 4514 3603 4566 obsessam

2028 4631 2150 4671 esse
2177 4614 2280 4685 (5).
2299 4610 2537 4683 Equum
2562 4611 2712 4666 enim
2735 4616 2871 4673 erat,
2894 4610 2977 4664 eis
3006 4608 3139 4679 ipsis
3167 4606 3607 4676 diebus,quibus

2027 4885 2295 4955 templum
2345 4882 2734 4947 ambiebatur,
2784 4883 3607 4955 egregiumpropugnaculum.

2026 4954 2173 5010 Fons
2204 4956 2466 5025 perennis
2519 4969 2705 5023 aqua,
2737 4964 2846 5009 etc.
2878 4954 3258 5025 Prsevideraut
3287 4957 3608 5010 conditui-rs

2024 5040 2091 5079 ex
2128 5023 2451 5079 disersitate
2509 5039 2725 5077 morum
2776 5024 2971 5078 crebra
3006 5023 3183 5086 bella;
3223 5025 3347 5078 inde
3378 5036 3603 5088 cuncta,

2022 5096 2279 5164 quamvis
2314 5095 2580 5148 adversus
2608 5094 2825 5163 longius
2858 5095 3156 5148 obsidium.
3182 5094 3248 5146 Et
3282 5112 3308 5148 a
3343 5096 3607 5160 Pompeio

2020 5167 2345 5235 exliuguatis
2389 5174 2567 5217 metus
2607 5178 2770 5232 atque
2800 5180 2934 5219 usus
2967 5168 3226 5232 pleraque
3260 5176 3607 5219 ιι.υιιδιι·κνιε-

2022 5249 2127 5290 rat.
2166 5238 2347 5301 Atque
2371 5251 2469 5303 per
2494 5236 2781 5288 avaritiam
2801 5236 3231 5290 Claudianorum
3266 5244 3605 5303 temporum,

2022 5317 2213 5373 empto
2270 5308 2393 5374 jure
2449 5306 2730 5357 muniendi
2763 5344 2778 5366 ,
2830 5316 3081 5359 struxere
3118 5321 3304 5358 muros
3357 5308 3409 5357 iu
3469 5320 3604 5373 pace

2025 5384 2285 5442 tauquam
2319 5376 2384 5427 ad
2422 5375 2651 5437 bellum,
2695 5390 2887 5443 magna
2924 5377 3159 5429 colluvie
3190 5386 3244 5427 et
3277 5389 3605 5429 catterarum

2025 5446 2242 5499 urbium
2278 5446 2434 5500 clade
2468 5447 2640 5497 aucti.
2684 5465 2702 5497 ›
2742 5447 2890 5514 (Haec
2924 5445 3057 5499 Tac.
3093 5453 3151 5497 ut
3182 5444 3397 5513 supra.)

2095 5516 2170 5585 (2)
2210 5518 2320 5569 lloc
2358 5526 2460 5578 est,
2489 5515 2678 5569 tricies
2714 5526 2945 5569 centena
2981 5515 3149 5568 millia
3189 5518 3496 5567 hominum.

2093 5584 2170 5654 (ὅ)
2213 5605 2229 5636 ι
2275 5586 2680 5638 Multitudinem
2741 5588 3100 5638 obsessmum
3155 5588 3336 5638 omnis
3397 5584 3603 5646 aetatis,

2022 5658 2200 5710 virilis
2232 5673 2295 5710 ac
2329 5656 2619 5710 muliebris
2652 5671 2837 5719 sexus,
2867 5665 3195 5709 sexcentena
3226 5656 3395 5709 millia
3429 5656 3606 5709 fuisse

2026 5728 2364 5797 accepimus.
2406 5746 2423 5780 ι
2454 5725 2725 5794 t'l'acitus,
2766 5742 2825 5781 ut
2850 5732 3072 5796 supra.)
