4046 6418
436 379 541 440 9d?
1658 374 2085 438 NlCEPIlOilI
2123 378 2471 442 CALLISTI
3596 332 3701 450 9i8

444 498 598 559 bant,
632 508 757 547 cum
799 501 1025 562 propter
1056 490 1386 544 cadaverum
1422 489 1868 553 multitudinem,
1896 498 2013 543 tum

2119 495 2146 547 ὁ
2179 494 2358 559 Τῖτος,
2386 498 2461 559 ὼς
2488 496 2756 551 ἐθεάσατο
2784 497 3177 567 πεπλησμένας
3207 494 3316 553 τῶν
3345 500 3580 568 νεκρῶν,
3607 505 3702 555 καὶ

440 586 588 654 quod
627 585 849 654 ipsimet
873 582 942 637 de
966 582 1073 636 vita
1103 595 1200 635 sua
1230 579 1427 634 incerti
1459 590 1666 634 essent.
1693 579 1845 634 Multi
1878 596 2014 636 vero

2121 585 2292 656 βαθὺν
2329 586 2503 658 ἰχῶρα
2535 588 2852 656 μυδώντων,
2884 589 2976 642 τὶν
3009 589 3352 661 ὑπορρέοντα
3376 590 3490 645 τῶν
3518 594 3700 662 σωμά-

437 679 605 732 etiam
640 676 722 731 eis
748 688 885 744 quos
912 669 1279 741 sepeliebant,
1335 669 1829 726 immoriebantur:
1858 672 2013 727 multi

2115 694 2253 744 των,
2293 680 2552 744 ἐστέναξέ
2581 697 2663 740 τε.
2701 681 2795 733 καὶ
2826 680 2923 744 τὰς
2971 683 3160 752 χεῖρας
3191 681 3508 746 ἀνατείνας,
3537 701 3700 737 κατε-

442 771 495 823 in
524 768 739 824 loculos
787 780 914 820 suos
938 775 994 818 et
1057 763 1312 832 sepulcra
1368 764 1522 831 prius
1574 761 2011 829 descendebant.

2123 771 2446 841 μαρτύρατο
2471 772 2563 825 τὸν
2593 772 2752 838 Θεὸν,
2786 773 2861 836 ὡς
2900 773 2999 825 οὐκ
3036 774 3122 841 ετη
3154 774 3214 826 τὸ
3237 773 3401 846 ἔργον
3449 775 3639 831 αὐτοῦ.
3678 796 3695 827 ι

438 880 603 935 quam
638 872 879 919 extrema
908 860 1126 914 adesset
1154 857 1477 911 necessitas.
1511 855 1700 927 Neque
1757 857 2014 926 planctus

2118 864 2345 927 Τούτοις
2360 866 2420 919 δέ
2439 882 2561 918 τινα
2583 866 2758 919 εἰπὼν
2777 864 3008 936 μεταξὺ,
3035 866 3286 935 ἐπιφέρει
3311 866 3486 935 λέγων
3505 885 3517 898 ·
3545 886 3563 920 ε
3588 870 3699 923 Οὐκ

441 958 609 1021 ullus,
636 970 818 1024 neque
852 952 1097 1023 eiulatus
1130 950 1186 1005 in
1243 949 1516 1020 ejusmodi
1557 947 1810 1004 cladibus
1865 960 2009 1015 erat,

2118 955 2185 1010 ἂν
2219 956 2657 1028 ὑποστειλαίμην
2707 959 2906 1023 εἰπεῖν,
2941 961 2972 1010 Ξ
3011 975 3104 1028 μοι
3141 957 3358 1013 κελεύει
3410 959 3471 1013 τὸ
3501 961 3696 1026 πάθος.

436 1053 534 1110 sed
588 1051 762 1106 fames
794 1047 1116 1117 aﬂ'ectiones
1151 1045 1289 1100 tales
1321 1043 1668 1115 prapediens
1709 1043 2010 1113 redargue-

2122 1042 2294 1118 Οἶμαι
2340 1047 2638 1119 Ῥωμαίων
2662 1050 3038 1120 βραδυνόντων
3067 1052 3160 1105 ἐπὶ
3193 1052 3323 1116 τοὺς
3356 1053 3694 1125 ἀλιτηρίους,

437 1153 560 1205 hat:
598 1146 762 1203 siccis
792 1142 970 1198 oculis
999 1148 1056 1196 et
1100 1154 1198 1193 ore
1254 1139 1450 1203 hianti,
1478 1137 1572 1207 qui
1621 1152 1769 1207 aegre
1803 1136 2010 1191 morie-

2123 1140 2155 1209 ἢ
2182 1140 2561 1211 καταποθῆναι
2591 1140 2657 1194 ἂν
2689 1141 2794 1195 ὑπὸ
2839 1144 3144 1214 χάσματος,
3176 1142 3209 1214 ἢ
3250 1146 3701 1215 κατακλυσθῆναι

433 1244 663 1306 bantur,
703 1239 843 1294 alios
876 1250 936 1291 se
985 1233 1041 1288 in
1076 1239 1253 1286 morte
1303 1228 1702 1299 prmvenientes
1752 1227 2011 1297 inspicie-

2119 1229 2221 1301 τὴν
2241 1230 2400 1283 πόλιν
2426 1248 2440 1261 ·
2463 1230 2496 1291 ἦ
2523 1231 2650 1293 τοὺς
2681 1232 2781 1301 τῆς
2806 1233 3119 1304 Σοδομηνῆς
3149 1234 3477 1303 μεταλαϐεῖν
3503 1254 3703 1308 κεραυ-

433 1338 585 1391 bant.
619 1334 680 1389 ln
716 1332 855 1388 urbe
898 1329 1068 1384 altum
1094 1333 1215 1381 erat
1244 1321 1551 1386 silentimn,
1598 1329 1655 1375 et
1691 1328 1856 1373 noctu
1883 1319 2007 1389 plu-

2122 1319 2267 1383 νοὺς.
2296 1320 2442 1374 Πολὺ
2480 1321 2591 1393 γὰρ
2618 1323 2728 1376 τῶν
2773 1322 3005 1377 τοιαῦτα
3041 1325 3326 1379 παθόντων
3377 1328 3580 1399 ηνεγκε
3608 1346 3700 1397 γε·

434 1431 573 1483 rima
607 1424 806 1481 mortis
857 1423 1065 1491 imago:
1095 1425 1479 1474 verumtamen
1527 1413 1696 1469 tantis
1748 1412 2012 1466 erumnis

2117 1412 2244 1465 νεὰν
2295 1414 2633 1486 ἀθεωτέραν.
2691 1415 2733 1468 Τ
2738 1418 2769 1485 ᾗ
2809 1416 2944 1484 γοῦν
2989 1417 3201 1472 τούτων
3250 1421 3486 1491 ἀπονοίᾳ
3532 1423 3641 1484 πᾶς
3671 1422 3700 1473 ὁ

433 1533 490 1579 ct
518 1521 772 1579 cladibus
790 1515 1077 1587 prazdones
1095 1513 1255 1581 longe
1284 1517 1445 1565 erant
1466 1508 1773 1579 graviores.
1817 1503 2013 1576 Sepul-

2117 1504 2245 1570 λαὸς
2279 1506 2649 1561 συναπώλετο.
2691 1526 2710 1559 ι
2746 1509 2858 1562 Καὶ
2887 1509 2944 1561 ὲν
2979 1507 3058 1577 τῷ
3085 1508 3229 1577 ἕκτῳ
3249 1509 3306 1565 ὀὶ
3337 1510 3528 1582 βιϐλίῳ
3556 1511 3698 1566 οὕτω

433 1630 527 1671 cra
563 1612 713 1669 enim
741 1608 1095 1669 effodientes,
1130 1603 1401 1658 cadavera
1430 1599 1782 1671 spoliabant:
1811 1606 1867 1654 et
1915 1596 2013 1652 de-

2116 1597 2360 1667 γράφει·
2398 1615 2417 1650 ι
2453 1600 2574 1651 Τῶν
2611 1598 2669 1652 δὲ
2707 1599 2813 1652 ὑπὸ
2841 1598 2937 1653 τοῦ
2965 1599 3126 1671 λιμοῦ
3152 1602 3531 1673 φθειρομένων
3560 1602 3701 1655 κατὰ

430 1708 628 1764 tractis
655 1706 874 1760 illorum
899 1700 1151 1757 vestibus
1183 1711 1310 1752 cum
1336 1695 1453 1750 risu
1486 1693 1656 1750 etiam
1690 1690 2011 1762 progredie-

2117 1689 2217 1758 τὴν
2250 1687 2406 1740 πόλιν
2438 1689 2671 1759 ἄπειρον
2707 1689 2806 1759 μὲν
2840 1691 3037 1744 ἔπιπτε
3074 1690 3134 1744 τὸ
3170 1690 3399 1761 πλῆθος,
3429 1692 3699 1762 ἀδιήγητα

431 1810 651 1858 bantur.
687 1797 1008 1855 Gladiorum
1060 1793 1208 1849 acies
1244 1790 1299 1844 in
1357 1786 1725 1844 cadaveribus
1752 1782 2004 1855 experie-

2115 1778 2172 1832 δὲ
2204 1780 2488 1833 συνέόαινε
2540 1781 2608 1834 τὰ
2657 1781 2825 1850 πάθη.
2862 1781 3001 1836 Καθ’
3048 1782 3290 1851 εκάστην
3328 1783 3440 1856 γὰρ
3462 1785 3696 1890 τοίκίσιν,

429 1899 669 1952 buntur:
698 1889 966 1962 quosdam
990 1886 1157 1942 etiam
1195 1881 1293 1952 qui
1329 1879 1483 1935 humi
1520 1877 1678 1934 strati
1721 1875 2002 1948 iacebant,

2113 1867 2166 1920 εί
2189 1886 2292 1921 που
2320 1871 2529 1940 τροφῆς
2574 1869 2929 1941 παραφανείη
2982 1870 3132 1934 σκιά,
3186 1869 3420 1938 πόλεμος
3460 1864 3529 1942 ἦν
3555 1884 3569 1898 °
3606 1871 3699 1925 καὶ

427 1998 595 2059 atque
620 1958 789 2042 etiam
819 1992 932 2037 tum
1001 1976 1286 2049 paululum
1325 1971 1633 2044 spirabant,
1655 1982 1816 2025 enses
1865 1966 2010 2059 peri-

2111 1960 2203 2014 διὰ
2256 1961 2458 2030 χειρῶν
2499 1958 2743 2030 ἐχώρουν
2794 1962 2845 2014 οἱ
2902 1962 3152 2031 φίλτατοι
3209 1961 3347 2033 πρὸς
3406 1963 3696 2032 ἀλλήλους,

426 2053 677 2135 clitaturi
699 2071 1112 2130 confodiebant.
1142 2069 1198 2124 Si
1235 2068 1329 2136 qui
1363 2078 1493 2120 vero
1525 2060 1826 2133 supplices,
1859 2058 2006 2121 illos,

2111 2053 2515 2125 ἐξαρπάζοντες
2555 2054 2623 2107 τὰ
2656 2053 2982 2123 ταλαίπωρα
3008 2053 3106 2122 τῆς
3143 2055 3324 2124 ψυχῆς
3363 2055 3573 2123 ἐφόδια,
3609 2056 3701 2107 Πί-

433 2181 493 2226 ut
521 2170 625 2225 sibi
671 2164 967 2237 praefamis
1020 2159 1373 2217 intolerantia
1430 2164 1662 2210 mortem
1714 2152 2007 2213 inferrent.

2115 2164 2233 2210 στις
2259 2145 2305 2201 δ’
2337 2147 2572 2219 ἀπορίας
2614 2147 2737 2202 οὐδὲ
2771 2149 2885 2210 τοῖς
2917 2147 3248 2218 θνήσκουσιν
3287 2143 3389 2217 ἦν·
3428 2149 3566 2201 ἀλλὰ
3606 2149 3700 2202 καὶ

426 2266 803 2322 obsecrarent,
832 2273 929 2313 eos
952 2252 1354 2312 contumeliose
1380 2249 1603 2304 relictos
1630 2242 2007 2315 praeteribant.

2112 2241 2242 2304 τοὺς
2279 2241 2614 2303 ἐκπνέοντας
2657 2243 2705 2294 οί
2738 2240 2935 2313 λῃσταὶ
2978 2238 3316 2311 διηρεύνωνο
3362 2240 3438 2311 μή
3477 2258 3560 2303 τις
3595 2242 3699 2294 ὑπὸ

429 2356 604 2427 thui
627 2365 736 2410 tam
773 2351 978 2406 misere
1009 2345 1389 2417 exspirabant,
1429 2339 1499 2395 ad
1530 2337 1798 2427 templum
1827 2335 2008 2404 ipsum

2111 2333 2313 2387 κόλπον
2343 2332 2483 2403 ἔχων
2515 2332 2750 2405 τροφὴν,
2792 2334 3096 2403 σκήπτοιτο
3121 2333 3213 2386 τὸν
3250 2331 3481 2388 θάνατον
3523 2333 3692 2404 αὐτῷ.

426 2424 692 2502 continue
718 2439 1069 2498 eumdelore.
1092 2437 1248 2490 vivos
1277 2432 1657 2501 relinquentes
1688 2426 2006 2491 seditiosos,

2112 2428 2176 2481 Οἱ
2203 2425 2247 2479 δ’
2269 2424 2361 2479 ὑπ’
2383 2426 2591 2490 ὲνδείας
2615 2425 2948 2493 λυσσῶντες,
2973 2425 3163 2495 ὥσπερ
3187 2428 3478 2498 κεχηνότες
3508 2426 3694 2490 κύνες,

427 2537 842 2611 respectabant.
876 2533 953 2588 Ac
988 2529 1225 2602 primum
1261 2526 1487 2593 quidem
1519 2522 1746 2594 publico
1782 2528 2007 2611 sumptu

2110 2517 2408 2587 ὲφήλλοντο
2438 2518 2535 2570 καὶ
2561 2519 2962 2588 παρεφέροντο.
2996 2519 3131 2583 Ταῖς
3163 2535 3222 2571 τε
3261 2518 3458 2589 θύραις
3495 2520 3699 2573 ἐνσειό-

427 2608 723 2689 cadavera,
750 2633 977 2696 propter
1019 2616 1429 2676 intolerandum
1459 2614 1737 2676 faetorem,
1768 2610 2007 2681 sepelie-

2115 2626 2267 2680 μενοι
2301 2608 2616 2680 μεθυόντων
2663 2610 2891 2682 τρόπον,
2940 2611 3038 2665 καὶ
3072 2611 3165 2665 ὑπ’
3209 2610 3524 2682 ἀμηχανίας
3573 2612 3698 2675 τοὺς

427 2730 668 2782 bantur:
724 2735 848 2775 cum
889 2731 1020 2772 vero
1044 2714 1153 2786 jam
1206 2707 1549 2767 tumulandis
1606 2706 1687 2762 eis
1722 2704 2009 2760 libitinarii

2112 2702 2317 2767 αὐτοὺς
2344 2703 2527 2767 οἴκους
2555 2703 2864 2775 εἰσεπήδων
2883 2703 2965 2766 δὶς
2992 2704 3025 2775 ἢ
3058 2702 3179 2775 τρὶς
3207 2702 3327 2774 ὥρᾳ
3363 2705 3484 2775 μιᾷ.
3512 2705 3696 2758 Πάντα

426 2834 539 2873 non
605 2812 943 2875 sulﬁcercnt,
991 2824 1022 2863 e
1063 2821 1224 2862 muro
1281 2805 1337 2860 in
1389 2802 1565 2857 fossas
1619 2799 2009 2871 projiciebant.

2110 2793 2157 2848 δ’
2194 2795 2287 2849 ὑπ’
2336 2795 2555 2860 ὀδόντας
2604 2792 2743 2867 ἦγεν
2797 2799 2829 2866 ἡ
2880 2798 3135 2868 ἀνάγκη·
3169 2798 3265 2849 καὶ
3297 2797 3366 2849 τὰ
3411 2797 3547 2868 μηδὲ
3580 2799 3692 2861 τοῖς

424 2911 574 2978 Quas
596 2906 757 2961 Titus
782 2901 1087 2973 aliquando
1129 2896 1484 2954 circumiens.
1521 2909 1647 2949 cum
1678 2891 2011 2963 corporibus

2115 2891 2538 2961 ῥυπαρωτάτοις
2585 2890 2695 2943 τῶν
2725 2890 2940 2958 ἀλόγων
2989 2889 3147 2954 ζώων
3178 2890 3467 2961 πρόσφορα
3510 2890 3695 2944 συλλέ-

426 3003 689 3073 repletas,
723 3006 780 3054 et
805 2994 1220 3052 redundantem
1261 3004 1329 3046 ex
1363 2985 1741 3042 dimuentibus
1773 2985 1883 3039 illis
1910 2982 2013 3037 mi-

2114 3000 2326 3051 γοντες,
2363 2983 2569 3037 ἐσθίειν
2602 2983 2882 3054 ὑπέφερον
2908 2999 2921 3013 ·
2954 2983 3256 3054 ζωστήρων
3291 2984 3420 3054 γοῦν
3446 2984 3542 3038 καὶ
3570 2985 3698 3038 ὑπο-

424 3103 575 3150 stum
626 3089 754 3145 tabo
782 3094 840 3142 et
864 3084 1020 3142 sanie
1061 3094 1316 3138 cruorem
1365 3084 1645 3141 cerneret,
1677 3074 2002 3145 suspiravit,

2111 3073 2374 3146 δημάτων
2427 3074 2489 3129 τὸ
2546 3073 2863 3130 τελευταῖον
2916 3076 3020 3130 οὐκ
3072 3077 3420 3149 ἀπέσχοντοο
3478 3078 3571 3130 καὶ
3629 3077 3699 3131 τὰ

422 3196 480 3242 ct
511 3182 761 3239 manibus
790 3178 1023 3235 sublatis
1043 3176 1216 3230 Deum
1242 3180 1330 3228 est
1347 3178 1601 3232 testatus,
1628 3182 1739 3222 non
1761 3182 1819 3222 se
1840 3174 2005 3220 tanta:

2109 3168 2360 3239 δέρματα
2389 3167 2498 3221 τῶν
2534 3168 2750 3238 θυρεῶν
2774 3169 3142 3239 ἀποδέροντες
3164 3171 3474 3240 ἐμασῶντο.
3505 3170 3694 3240 Τροψὴ

422 3277 597 3331 cladis
650 3281 934 3328 auctorem
965 3283 1111 3324 esse.
1159 3280 1181 3316 ι
1213 3262 1330 3319 Sub
1375 3261 1493 3315 haec
1520 3258 1771 3329 qu:edam
1815 3258 2001 3312 aliain

2111 3260 2156 3315 δ’
2195 3253 2266 3331 ἦν
2311 3276 2427 3314 τισι
2496 3262 2592 3314 καὶ
2648 3260 2844 3332 χόρτου
2879 3262 3115 3317 παλαιοῦ
3163 3264 3557 3334 σπαράγματα.
3589 3265 3697 3327 Τὰς

424 3369 605 3425 medio
626 3373 1086 3425 commemorans,
1110 3356 1205 3412 illa
1226 3353 1424 3409 deinde
1446 3351 1613 3406 infert
1638 3370 1650 3404 :
1681 3368 1700 3403 ι
1733 3349 2000 3405 Commit-

2113 3353 2226 3422 γὰρ
2257 3352 2373 3416 ἶνας
2400 3352 2532 3406 ἔνιοι
2565 3353 2944 3423 συλλέγοντες,
2970 3354 3261 3425 ἐλάχιστον
3289 3354 3532 3426 σταθμὸν
3564 3355 3701 3409 ἑπώ-

424 3477 542 3520 tere
570 3461 797 3518 omnino
826 3468 1060 3525 nequeo,
1084 3453 1221 3521 quin
1251 3438 1396 3519 quod
1418 3443 1836 3515 animusjubet,
1871 3460 1999 3513 pro-

1351 3447 1396 3503 id
1418 3446 1638 3501 animus
1656 3443 1836 3515 jubet,
1871 3460 1999 3513 pro-
2112 3445 2242 3498 λουν
2289 3443 2555 3497 Ἀττικῶν
2593 3445 2896 3515 τεσσάρων.
2930 3464 2949 3499 ι

420 3558 613 3614 feram.
645 3554 724 3609 Ita
748 3550 896 3608 enim
925 3545 1142 3619 judico:
1166 3544 1211 3599 si
1236 3540 1471 3597 Romani
1504 3539 1652 3595 bello
1711 3538 1996 3594 vindicare
2036 3538 2283 3595 nefarios
2349 3538 2604 3594 homines
2667 3540 2913 3596 cunctati
2943 3547 3153 3609 essent,
3180 3541 3375 3596 urbem
3404 3540 3578 3611 ipsam
3608 3551 3702 3596 aut

426 3655 577 3707 hiatu
605 3651 907 3711 terrae,aut
940 3635 1695 3697 inundationeinterituram,
1749 3632 1914 3705 233
1940 3645 2035 3689 aut
2073 3643 2223 3690 certe
2294 3632 2551 3689 Sodomre
2609 3633 2841 3690 fulmina
2897 3644 3250 3706 experturum
3277 3635 3469 3692 fuisse.
3527 3637 3699 3695 Multo

423 3750 596 3809 enim,
621 3757 786 3815 quam
808 3738 902 3809 qui
937 3736 1065 3792 talia
1089 3733 1218 3788 olim
1251 3728 1675 3801 suntperpessi.
1749 3729 1881 3785 tulit
1943 3738 2163 3801 gentem
2239 3729 2601 3799 deteriorem,
2673 3740 2732 3786 et
2788 3730 3018 3801 impiam
3053 3737 3248 3807 magis,
3289 3746 3517 3807 propter
3540 3737 3700 3808 cujus

426 3839 738 3897 vecordiam
752 3831 990 3905 populus
1017 3827 1180 3885 simul
1217 3826 1515 3882 universus
1537 3822 1770 3879 interiit.
1804 3842 1822 3873 ι
1848 3821 2065 3878 Rursus
2090 3822 2147 3876 in
2174 3839 2224 3878 vt
2254 3823 2398 3878 libro
2427 3823 2493 3878 ad
2526 3824 2675 3879 hunc
2706 3825 2933 3881 modum
2961 3829 3194 3884 scribit:
3230 3848 3248 3881 ε
3274 3829 3700 3885 Innumeram“;

421 3951 653 4008 prorsus
713 3943 908 3987 eorum
967 3924 1266 3981 multitudo
1310 3922 1431 3984 fuit,
1487 3920 1583 3992 qui
1638 3919 1782 3974 fame
1837 3918 1891 3972 in
1936 3920 2071 3974 urbe
2114 3922 2423 3990 perierunt,
2487 3921 2695 3991 quibus
2757 3922 3117 3980 incredibiles
3171 3926 3322 3981 dictu
3379 3926 3701 3982 acciderunt

421 4046 704 4092 aerumnae.
736 4027 795 4083 ln
824 4024 1069 4097 qualibet
1097 4021 1244 4076 enim
1270 4019 1459 4083 domo,
1489 4017 1584 4072 ubi
1642 4015 1839 4071 umbra
1910 4016 2105 4071 saltem
2173 4018 2357 4087 aliqua
2432 4018 2680 4085 ciborum
2736 4030 3052 4089 appareret,
3112 4022 3317 4077 bellum
3359 4022 3695 4093 gerebatur:

423 4145 482 4189 et
519 4130 615 4202 qui
645 4124 953 4183 arctissima
1003 4124 1150 4177 inter
1207 4135 1265 4174 se
1326 4116 1534 4171 amoris
1571 4114 1985 4169 necessitudine
2025 4124 2186 4169 erant
2251 4116 2561 4186 conjuncti,
2628 4132 2829 4171 manus
2865 4120 3259 4184 conserebant,
3316 4121 3422 4175 sibi
3459 4121 3696 4176 invicem

424 4223 776 4284 calamitosas
806 4219 1024 4275 misera:
1044 4216 1171 4270 vita:
1202 4208 1805 4279 reliquiaseripientes.
1868 4207 2143 4263 Caeterum
2181 4224 2252 4264 ne
2312 4209 2692 4275 morientibus
2751 4212 3007 4282 quidem,
3072 4214 3221 4283 quod
3256 4215 3394 4270 nihil
3445 4230 3696 4271 escarum

427 4322 724 4382 haberent,
756 4315 897 4371 ﬁdes
925 4310 1258 4368 habebatur.
1290 4304 1423 4359 Nam
1446 4302 1735 4373 pra'dones
1790 4302 2006 4357 animas
2045 4319 2267 4375 quoque
2330 4305 2442 4375 jam
2508 4315 2732 4376 agentes
2763 4308 3142 4376 excutiebant,
3178 4325 3248 4366 ne
3300 4312 3427 4380 quis
3482 4294 3695 4368 eorum.

425 4417 533 4474 cibi
561 4405 1080 4485 quidquamjnsinu
1109 4400 1361 4464 habens,
1401 4405 1638 4453 mortem
1702 4396 2073 4455 assimularet.
2119 4399 2198 4454 illi
2248 4413 2418 4469 porro
2469 4415 2583 4470 pne
2636 4401 2820 4472 inopia
2866 4402 3234 4468 insanientes,
3286 4408 3451 4461 sicuti
3518 4408 3695 4463 rabidi

428 4515 753 4581 hiantesque
777 4519 970 4565 canes,
1004 4501 1062 4556 in
1092 4486 1603 4560 mdesinsiliebant,
1626 4503 1684 4552 et
1737 4494 1853 4551 huc
1907 4503 2077 4565 atque
2118 4495 2249 4552 illuc
2281 4510 2572 4553 currentes
2604 4497 2951 4553 ferebantur.
2979 4499 3047 4554 Et
3080 4500 3252 4564 fores,
3280 4502 3562 4557 ebriorum
3599 4502 3699 4557 ho-

429 4612 642 4667 minum
707 4593 1199 4659 more‘identidem
1278 4594 1651 4666 impellentes,
1716 4602 1947 4665 propter
2016 4594 2405 4664 impotentiam
2433 4597 2762 4661 animi,una
2823 4596 3136 4665 eademque
3171 4598 3303 4651 hora
3348 4600 3456 4663 bis,
3516 4616 3698 4669 quan-

428 4707 612 4774 doque
634 4698 808 4762 ter,in
834 4694 1054 4750 easdem
1082 4689 1641 4760 irrumpebanttedes.
1660 4688 1841 4758 Atque
1865 4703 1993 4744 cum
2027 4687 2139 4759 jam
2203 4691 2507 4746 necessitas
2565 4704 2663 4746 eos
2694 4692 2880 4762 fruges
2903 4707 3098 4747 omnes
3131 4708 3462 4749 consumere
3492 4694 3700 4765 coegis-

428 4808 537 4856 set.
573 4792 824 4851 collectis
851 4789 1021 4845 etiam
1043 4786 1208 4842 rebus
1234 4785 1343 4840 eis
1380 4798 1502 4854 quae
1552 4782 1953 4854 impurissimis
2016 4782 2331 4853 quibusque
2374 4784 2758 4839 animantibus
2811 4785 2877 4839 ad
2928 4785 3112 4839 cibum
3167 4785 3538 4840 accommodas
3586 4800 3695 4839 non

429 4901 583 4954 sunt,
619 4888 765 4943 vesci
798 4884 1198 4941 sustinuerunt.
1235 4878 1524 4950 Siquidem
1576 4883 1645 4935 ad
1673 4889 2013 4950 postremum

2101 4897 2125 4936 e
2185 4896 2216 4935 a
2250 4879 2490 4950 cingulis
2520 4882 2746 4952 quidem
2806 4892 2863 4937 et
2915 4883 3308 4937 calceamentis
3360 4884 3699 4947 abstinuere,

428 4994 486 5039 et
510 4982 681 5053 pelles
721 4978 896 5034 scutis
950 4974 1229 5030 detractas
1259 4981 1614 5030 macerarunt
1662 4983 1719 5029 et
1784 4973 2168 5030 comederunt.
2206 4974 2531 5031 "Nonnullis
2596 4978 2760 5031 etiam
2848 4976 3055 5031 veteris
3124 4977 3253 5032 foeni
3312 4978 3707 5047 rejectamenta

428 5091 568 5134 esca:
600 5075 776 5129 fuere.
814 5071 883 5127 Et
907 5070 1060 5126 fuere
1086 5069 1182 5140 qui
1213 5069 1473 5125 collectas
1520 5067 1852 5139 quisquilias
1905 5069 2060 5139 parvi
2112 5069 2377 5139 ponderis
2400 5079 2639 5141 quatuor
2671 5070 2868 5125 Atticis
2889 5070 3263 5125 vendiderint.
3301 5090 3320 5119 ι

1029 5205 1255 5265 CAPUT
1296 5204 1409 5261 vu.
1978 5270 1985 5275 θ
2047 5213 2090 5267 ο

1978 5270 1985 5275 ,
2047 5213 2090 5267 D
2720 5206 2970 5259 κΕψΑΑ.
3022 5207 3095 5259 z'.

431 5310 509 5366 De
542 5305 764 5364 muliere
789 5303 1337 5381 Judtzahquaznsuum
1365 5297 1467 5381 sibi
1490 5312 1715 5381 puerum
1745 5294 2015 5351 devoravit

2124 5298 2262 5367 Περὶ
2289 5297 2397 5381 τῆς
2431 5299 2497 5381 τό
2533 5298 2755 5381 eliceret:
2793 5298 3048 5381 favor.
3082 5300 3560 5381 κίιςτιςεαγοιξνσης
3603 5318 3705 5369 γυ·

776 5378 831 5431 in
856 5366 1119 5429 obsidione
1149 5366 1656 5437 Hierosolymitana.
2193 5371 2369 5493 Sanus

2240 5457 2374 5493 tam:

2193 5371 2404 5491 ναικὸῗ-
2448 5369 2738 5434 Ἰουδαίας
2779 5369 2942 5437 ἑντῇ
2979 5366 3097 5422 τῶν
3143 5371 3564 5440 Ιεροσολύμων
3594 5366 3703 5424 ἐτο-

2195 5443 2368 5493 λιοοκ
2396 5456 2452 5493 a.
2950 5468 2955 5472 ι

2240 5456 2452 5508 ιορκιςι.
2950 5468 2955 5472 ~

508 5577 529 5612 ι
552 5556 659 5614 Sed
684 5554 819 5627 quid
843 5567 948 5623 ego
979 5549 1143 5605 famis
1167 5544 1597 5602 inverecundam
1632 5544 2014 5616 impotentiam

2205 5569 2223 5601 ι
2260 5552 2372 5604 Καὶ
2400 5552 2453 5603 τί
2483 5552 2567 5605 δεῖ
2598 5554 2696 5622 τὴν
2728 5555 2814 5605 ἐπ’
2843 5552 3071 5624 ἀψύχοις
3106 5543 3387 5607 ἀναίδειαν
3419 5551 3513 5605 τοῦ
3545 5548 3705 5622 λιμοῦ

432 5656 486 5710 iu
540 5653 711 5708 rebus
759 5648 1021 5704 inanimis
1067 5644 1393 5715 persequor,
1459 5655 1525 5696 ac
1568 5655 1677 5695 non
1722 5640 1909 5710 potius
1938 5639 2021 5694 fa-

2118 5641 2336 5711 λέγειν;
2370 5639 2490 5714 εἶμι
2523 5645 2631 5716 γὰρ
2665 5645 2815 5716 αὐτῷ
2845 5645 3106 5717 δηλώσων
3137 5646 3320 5717 ἔργον,
3346 5647 3532 5698 ὁποῖον
3571 5646 3707 5712 μήτε

431 5755 579 5797 ctum
622 5743 729 5796 tale
760 5751 1160 5801 commemoro,
1187 5734 1350 5806 quale
1387 5748 1569 5803 neque
1599 5733 1744 5803 apud
1771 5730 2012 5796 Grmcos,

2115 5733 2249 5804 παρ’
2271 5733 2505 5805 Ἕλλησι
2555 5737 2698 5808 μήτε
2727 5736 2879 5806 παρά
2915 5737 3210 5809 βαρϐάροις
3241 5737 3521 5806 ἱστόρηται
3544 5751 3557 5764 ⁸
3582 5750 3706 5802 φρι-

433 5849 611 5904 neque
642 5833 787 5905 apud
830 5831 1096 5888 barbaros
1129 5841 1372 5899 unquam
1420 5834 1508 5881 est
1543 5825 2010 5893 animadversum,

2112 5824 2241 5880 κτὸν
2260 5825 2359 5895 μὲν
2386 5827 2583 5896 εἰπεῖν,
2610 5828 2835 5900 φρικτὸν
2854 5827 2900 5881 δ’
2927 5828 3181 5882 ἀκοῦσαι.
3213 5825 3510 5894 Καὶέγωγε
3533 5824 3608 5895 μὴ
3629 5820 3708 5875 δό-
