4046 6458
350 400 461 471 909

1277 393 1886 471 ECCLESIAsTtCAi
1928 390 2318 471 HISTORIA“;
2360 392 2508 468 LIB.
2555 396 2663 467 tu.

3502 404 3610 471 9L0

350 529 512 596 ξαιμι
532 517 926 596 τερατεύεσθαι
958 523 1070 587 τοῖς
1090 521 1273 585 ἄλλοις
1288 523 1621 590 ἀνθρώποις·
1639 521 1742 576 κᾶν
1759 520 1931 591 παρέ-

2042 519 2369 576 horrendum
2398 519 2621 591 quidem
2668 517 2843 581 dictu,
2886 515 3226 573 horrendum
3259 530 3391 575 vero
3433 531 3491 576 et
3520 532 3614 577 ad-

348 621 513 674 λιπον
533 619 634 689 τὴν
664 618 957 688 συμφορὰν
987 616 1179 687 ἡδέως,
1208 617 1256 669 εί
1287 617 1362 686 μὴ
1390 616 1502 675 τῶν
1535 600 1656 669 κατ⁴
1689 615 1929 685 ἐμαυτὸν

350 709 499 782 εῐχον
524 711 789 781 ἀπείρους
820 709 1108 780 μάρτυρας
1137 723 1150 738 ·
1193 706 1371 771 ἄλλως
1391 724 1449 760 τε
1486 708 1578 759 καὶ
1618 694 1833 776 ψυχρὰν
1865 704 1930 758 ἂν

351 802 667 870 κατεθέμην
687 802 751 871 τῇ
781 800 1001 872 πατρίδι
1019 799 1198 869 χάριν,
1247 798 1628 869 καθυφέμενος
1657 798 1931 866 τὸνλόγον

352 887 414 948 οὗ
441 891 678 946 πέπονθε
713 890 783 944 τὰ.
815 890 975 959 ἔργα.
1016 891 1169 960 Γυνὴ
1196 892 1304 943 τῶν
1337 890 1480 960 ὑπὲρ
1519 890 1615 943 τὸν
1657 888 1931 959 Ἰορδάνην

355 986 783 1047 κατοικούντων,
821 985 1010 1054 Μαρία
1038 982 1301 1052 τοῦνομὰ,
1333 970 1541 1053 πατρὸς
1576 968 1930 1050 Ἐλεαζάρου,

258 1150 265 1157 ί
355 1078 549 1147 κώμης
575 1075 873 1146 Βαθεχζὼρ
909 1076 1191 1146 (σημαίνει
1235 1075 1294 1129 δὲ
1347 1076 1529 1140 τοῦτο,
1565 1070 1723 1157 οἶκος.
1759 1074 1935 1128 ὑσσώ-

354 1146 602 1235 που),διὰ
620 1167 777 1233 γένος
796 1165 890 1218 κάι
904 1165 1132 1218 πλοῦτον
1150 1165 1313 1235 ἔπίση
1325 1172 1442 1234 μσς,
1468 1167 1603 1235 μετά
1624 1146 1723 1219 τοῦ
1741 1164 1932 1219 λοιποῦ

354 1262 597 1327 πλήθους
625 1256 710 1321 είς
738 1259 807 1311 τὰ
852 1258 1204 1327 Ἱεροσόλυμα
1240 1259 1658 1327 καταφυγοῦσα,
1708 1270 1935 1313 συνεποέ-

352 1354 646 1423 λιορκεῖτο.
675 1352 894 1421 Ταύτης
931 1351 1034 1422 τὴν
1085 1351 1186 1419 μὲν
1217 1351 1386 1421 ἄλλην
1425 1353 1620 1420 κτῆσιν
1647 1351 1698 1404 οε
1725 1351 1933 1422 τύραν-

355 1462 438 1497 νοι
487 1444 836 1515 διήρπασαν,
885 1444 1018 1514 ὅσην
1060 1444 1125 1497 ἐκ
1177 1445 1279 1514 τῆς
1334 1444 1570 1515 περαίας
1623 1446 1934 1499 ἀνασκευα-

357 1538 569 1607 σαμένη
613 1538 951 1605 μετήνεγκεν
998 1539 1078 1601 είς
1111 1536 1210 1606 τὴν
1262 1536 1459 1590 πόλινο
1494 1538 1563 1591 τὰ
1603 1537 1660 1590 δὲ
1705 1537 1935 1606 λείψανα

353 1632 465 1685 τῶν
510 1631 835 1701 κειμηλίων,
871 1630 974 1684 κᾶν
1006 1630 1062 1683 εἴ
1094 1648 1149 1683 τι
1179 1630 1309 1685 ἄλλο
1333 1621 1542 1701 τροφῆς
1589 1630 1933 1701 ἐπινοηθείη,

356 1727 685 1798 καθημέραν
710 1726 1055 1795 ἐσπηδῶντες
1079 1726 1329 1798 ἥρπαζον
1356 1729 1405 1780 οἱ
1436 1727 1745 1799 δορυφόροι.
1774 1728 1935 1797 Δεινὴ

353 1823 412 1875 δὲ
448 1821 511 1873 τὸ
563 1820 786 1886 γύναιον
836 1820 1214 1891 ἀγανάκτησις
1262 1818 1473 1892 εἰσῄει’
1518 1821 1617 1873 καὶ
1674 1818 1938 1883 πολλάκις

355 1914 674 1985 λοιδοροῦσα
703 1916 796 1968 καὶ
832 1916 1207 1986 καταρωμένη
1229 1916 1353 1975 τοὺς
1392 1915 1673 1983 ἅρπαγας,
1698 1912 1784 1982 ἐφ’
1809 1914 1939 1966 ἐαυ-

354 2011 454 2078 τὴν
491 2007 768 2079 ἠρέθιζεν.
816 2008 904 2070 Ὡς
938 2006 983 2060 δ’
1025 2005 1153 2059 οὔτε
1190 2008 1627 2078 παροξυνόμενός
1658 2024 1764 2071 τις,
1809 2004 1936 2059 οὔτε

358 2097 526 2150 ἐλεῶν
560 2095 732 2162 αὐτὴν
781 2094 995 2166 ἀνῄρει,
1035 2096 1131 2148 καὶ
1178 2094 1240 2147 τὸ
1268 2096 1369 2164 μὲν
1426 2095 1607 2166 εὑρεῖν
1663 2112 1717 2148 τι
1769 2096 1938 2149 σιτίον

357 2189 545 2252 ἄλλοις
577 2188 802 2255 ἐκοπία,
835 2189 1179 2259 πανταχόθεν
1207 2186 1252 2241 δ’
1289 2189 1496 2258 ἄπορον
1523 2184 1593 2261 ἦν
1620 2189 1722 2262 ἥδη
1758 2192 1847 2243 καὶ
1878 2189 1939 2243 τὸ

359 2284 564 2355 εὑρεῖν,
597 2284 626 2336 ὁ
647 2282 807 2349 λιμὸς
850 2282 905 2335 δὲ
933 2282 1023 2335 διὰ
1054 2280 1380 2351 σπλάγχνων
1402 2283 1503 2334 ικαὶ
1547 2280 1769 2349 μυελῶν
1802 2281 1940 2351 ἑλώ-

362 2395 467 2447 ρει,
507 2377 602 2430 καὶ
631 2375 728 2433 τοῦ
769 2374 928 2446 λιμοῦ
965 2374 1168 2445 μᾶλλον
1200 2374 1447 2439 ἐξέκαιον
1478 2375 1528 2427 οί
1567 2375 1733 2445 θυμοί
1758 2391 1772 2406 '
1801 2373 1941 2445 σύμ·
1968 2416 1973 2421 .

355 2470 549 2524 ϐουλον
604 2468 850 2522 λαϐοῦσα
891 2468 993 2539 τὴν
1036 2467 1207 2539 ὀργὴν
1247 2469 1373 2537 μετ’
1400 2469 1668 2539 ἀνάγκης,
1715 2470 1812 2522 ἐπὶ
1841 2469 1940 2539 τὴν

357 2563 522 2633 φύσιν
557 2562 759 2634 ἐχώρει
781 2577 793 2591 ·
829 2560 926 2617 καὶ
954 2562 1015 2614 τὸ
1039 2561 1252 2621 τέκνον.
1280 2557 1349 2633 ἧν
1381 2561 1427 2615 δ’
1476 2562 1613 2633 αὐτὴ
1648 2563 1778 2625 παῖς
1809 2562 1941 2615 ὑπο-

358 2657 614 2725 μάστιος,
664 2655 1064 2725 ἁρπασαμένη,
1112 2654 1351 2725 Βρέφος,
1411 2649 1585 2721 εἶπεν,
1621 2654 1830 2717 ἄθλιον,
1878 2656 1938 2706 ἐν

357 2749 587 2818 πολέμῳ
616 2749 712 2801 καὶ
758 2747 907 2818 λιμῷ
947 2748 1043 2801 καὶ
1091 2736 1278 2801 στάσει
1308 2747 1415 2800 τίνι
1453 2764 1512 2800 σε
1557 2747 1822 2816 τηρήσω;
1860 2747 1940 2800 Tit

361 2843 462 2911 μὲν
491 2842 643 2914 παρὰ
691 2840 986 2909 Ῥωμαίοις
1009 2841 1247 2903 δουλεία,
1280 2842 1385 2895 κᾶν
1434 2841 1696 2911 ζήσωμεν
1724 2839 1812 2893 ἐπ’
1838 2841 1939 2893 ati-

360 2939 506 2998 τοῖς’
538 2936 733 3003 φθάνει
770 2936 828 2988 δὲ
868 2935 965 2990 καὶ
1008 2933 1107 3004 τὴν
1149 2934 1395 2988 δουλείαν
1428 2937 1455 2988 ὁ
1484 2935 1658 3004 λιμός.
1695 2936 1760 2987 Oi.
1810 2938 1941 2987 οτα-

362 3029 582 3081 σιασταὶ
608 3028 665 3080 δὲ
696 3029 1026 3099 ἀμφοτέρων
1066 3028 1462 3098 χαλεπώτεροι.
1502 3026 1608 3081 Ἰθι
1653 3029 1815 3095 γενοῦ
1850 3044 1938 3097 μοι

358 3120 561 3191 τροφὴ,
601 3121 845 3184 καὶτοῖς
894 3123 1253 3184 στασιασταῖς
1292 3122 1533 3189 ἐριννὺς,
1583 3120 1678 3176 καὶ
1710 3121 1789 3192 τῷ
1839 3120 1942 3192 βίῳ

2032 606 2198 668 ditu?
2227 614 2407 684 Atque
2442 612 2720 683 equidem,
2752 627 2820 667 ne
2860 611 3113 682 prodigia
3148 612 3399 683 qua‘dam
3433 615 3615 670 homi-

2033 707 2197 762 nibus
2227 708 2350 763 aliis
2386 720 2676 762 recensere
2714 706 2951 772 viderer,
2997 707 3177 763 libens
3223 709 3472 778 profecto
3509 719 3615 763 tam

2033 800 2415 855 calamitosum
2446 799 2664 854 facinus
2693 800 3104 868 prmteriissem,
3145 799 3251 853 nisi
3287 800 3617 854 innumeros

2033 892 2153 964 ejus
2174 892 2317 962 apud
2351 893 2647 962 populares
2672 904 2892 961 quoque
2930 906 3083 946 meos
3115 890 3379 945 haberem
3409 902 3616 957 testes;
3670 943 3676 949 .

2033 994 2089 1039 ct
2117 994 2336 1040 tenuem
2385 999 2517 1040 sane
2562 983 2930 1055 frigidamque
2970 998 2998 1036 a
3032 970 3206 1053 patria
3252 998 3371 1038 mea
3419 984 3617 1037 inirem

2034 1080 2286 1149 gratiam,
2337 1077 2500 1150 234
2535 1080 2579 1131 si
2633 1077 2818 1131 verbis
2868 1090 2977 1130 non
3032 1086 3435 1145 prosequerer,
3470 1077 3617 1146 quod

2037 1170 2129 1225 illa
2177 1169 2361 1238 reipsa
2406 1183 2671 1240 perpessa
2715 1177 2799 1223 est
2849 1167 3076 1233 malum.
3123 1167 3319 1222 Mulier
3365 1168 3616 1238 quaedam

2035 1270 2177 1327 erat,
2204 1276 2326 1331 qua:
2356 1270 2504 1315 trans
2535 1261 2831 1316 Iordanem
2883 1259 3249 1325 habitaverat,
3300 1259 3468 1315 Maria
3516 1277 3619 1315 no-

2038 1354 2208 1422 mine,
2243 1353 2511 1408 Eleazaro
2540 1359 2692 1424 patre
2737 1364 2883 1417 nata,
2922 1352 2977 1406 in
3002 1353 3122 1406 vico
3151 1354 3238 1406 cui
3281 1366 3482 1431 nomen
3519 1352 3623 1404 Ba-

2038 1447 2305 1502 thecbzor
2327 1445 2625 1519 (signiﬁcat
2652 1447 2703 1500 id
2728 1445 2939 1515 hyssopi
2956 1445 3214 1513 domum),
3243 1454 3300 1499 et
3330 1460 3531 1515 genere
3565 1456 3621 1497 et

2038 1539 2237 1609 opibus
2270 1537 2435 1593 clara.
2472 1536 2631 1601 Haec,
2666 1553 2790 1592 cum
2838 1538 3215 1607 Hierosolyma
3252 1551 3374 1589 cum
3410 1536 3619 1604 reliqua

2040 1628 2393 1683 multitudine
2430 1628 2798 1699 confugisset,
2836 1628 3042 1683 ibidem
3093 1637 3179 1683 est
3229 1629 3479 1683 obsessa.
3521 1626 3621 1701 Fa-

2040 1720 2276 1774 cultatcs
2321 1720 2439 1790 ejus
2484 1720 2617 1774 alias
2659 1721 2872 1791 tyranni
2924 1731 3243 1791 rapuerant.
3289 1737 3430 1790 quas
3477 1720 3624 1775 vasis

2043 1812 2291 1866 collectis
2318 1811 2494 1882 patria
2529 1813 2823 1875 excedens,
2858 1828 3045 1868 secum
3079 1815 3130 1868 in
3166 1813 3360 1867 urbem
3401 1814 3621 1867 tulerat.

2047 1904 2104 1959 Si
2134 1905 2266 1975 quid
2300 1915 2484 1960 autem
2515 1923 2580 1961 ex
2615 1908 2783 1962 rebus
2817 1907 3073 1977 repositis
3107 1906 3534 1978 pretiosioribus
3574 1909 3623 1960 et

2042 1994 2223 2051 fuerat
2264 1999 2488 2069 reliqui,
2538 2011 2592 2056 et
2630 2001 2673 2055 si
2704 2017 2869 2071 quam
2904 2013 3171 2071 praeterea
3223 2001 3497 2055 habuerat
3527 2017 3625 2056 aus

2040 2105 2268 2154 nonam,
2325 2091 2378 2146 id
2437 2107 2603 2146 omne
2657 2094 2999 2162 sanguinarii
3054 2094 3130 2148 illi
3188 2095 3476 2152 satellites.
3530 2095 3623 2163 qtli

2041 2182 2293 2252 quotidie
2340 2185 2396 2238 in
2441 2184 2790 2239 domicilium
2842 2186 2962 2256 ejus
3014 2181 3279 2256 impetum
3326 2185 3626 2251 faciebant,

2042 2276 2408 2331 abstulerant.
2456 2277 2649 2347 itaque
2705 2279 2889 2349 gravis
2931 2279 3238 2349 indignatio
3287 2277 3629 2333 muliercula:

2041 2368 2273 2423 incessit
2310 2386 2335 2425 ς
2367 2378 2421 2424 et
2463 2385 2587 2424 cum
2625 2384 2869 2440 perswpe
2906 2382 3155 2442 raptores
3198 2372 3471 2427 conviciis
3505 2387 3632 2442 pro-

2041 2462 2322 2526 scidisset,
2359 2462 2610 2533 dirisque
2636 2463 2971 2528 devovisset,
2998 2475 3281 2533 postremo
3304 2463 3357 2518 in
3392 2464 3626 2532 scipsatn

2041 2556 2298 2611 acerbius
2323 2565 2409 2612 est
2444 2566 2741 2611 commota.
2776 2555 3034 2626 Cumque
3063 2558 3173 2610 nam
3205 2564 3352 2612 esset
3381 2555 3477 2625 qui
3505 2569 3627 2611 eam

2040 2647 2128 2701 vel
2152 2663 2254 2715 per
2272 2648 2636 2713 iracundiam,
2656 2648 2738 2703 vel
2759 2662 2858 2717 per
2873 2648 3414 2703 commiserationem
3439 2650 3546 2702 inte
3557 2647 3631 2701 ri—

2041 2747 2241 2802 meret,
2277 2737 2669 2807 diﬁiciliorque
2707 2738 2759 2793 ei
2789 2738 3001 2808 aliquid
3042 2737 3306 2793 frumenti
3341 2739 3469 2795 aliis
3499 2755 3633 2793 con~

2040 2830 2302 2899 quirendi
2337 2830 2493 2884 labor
2540 2830 2701 2885 ﬁeret
2739 2829 2904 2901 (aegre
2941 2831 3090 2885 enim
3125 2829 3180 2884 id
3219 2832 3330 2897 jam
3377 2847 3444 2885 ex
3478 2832 3628 2885 omni

2042 2932 2199 2990 parte
2236 2922 2672 2990 inveniebatur),
2723 2933 2780 2977 ct
2812 2924 2986 2979 fames
3024 2940 3125 2995 per
3171 2926 3383 2979 viscera
3426 2936 3482 2981 et
3523 2942 3634 2982 mea

2042 3009 2225 3066 dullas
2249 3026 2445 3067 omnes
2476 3014 2649 3084 magis
2674 3025 3042 3084 grassaretur,
3075 3016 3333 3087 fameque
3363 3017 3479 3088 ipsa
3507 3035 3633 3089 gra-

2043 3104 2167 3159 vius
2213 3103 2381 3159 ctiatn
2432 3107 2512 3159 ira
2549 3106 2998 3175 excandesceret,
3027 3110 3199 3164 animi
3252 3109 3632 3180 indignatione

362 3211 558 3281 μῦθος.
588 3213 616 3264 ὁ
649 3212 807 3280 μόνος
840 3213 1105 3266 ἐλλείπων
1141 3215 1261 3276 ταῖς
1305 3213 1575 3267 Ἰουδαίων
1604 3215 1938 3284 συμφοραῖς.

2046 3213 2153 3250 una
2185 3211 2311 3251 cum
2352 3206 2582 3267 urgente
2613 3199 2945 3256 necessitate
2989 3201 3044 3255 in
3085 3201 3377 3256 consilium
3417 3218 3630 3258 assum.

359 3303 471 3356 Καὶ
524 3301 680 3354 ταῦθ’
718 3301 835 3370 ἅμα
882 3302 1141 3369 λέγουσα,
1177 3303 1380 3355 κτείνει
1432 3301 1524 3354 τὺν
1553 3303 1688 3356 υἱόν.
1732 3300 1946 3356 Ἐπειτ’

358 3389 673 3457 ὀπτήσασα.
711 3389 771 3441 τὸ
825 3389 923 3457 μὲν
961 3390 1134 3458 ἥμισυ
1171 3388 1454 3443 κατεσθίει
1481 3405 1496 3419 ο
1548 3389 1611 3441 τὸ
1664 3389 1720 3441 δὲ
1760 3388 1946 3442 λοιπὸν

2051 3297 2165 3357 pta.
2198 3299 2387 3343 contra
2414 3289 2586 3358 ipsam
2612 3294 2865 3346 naturam
2895 3293 3091 3348 infesta
3111 3293 3305 3349 fertur.
3332 3295 3468 3350 Nam
3496 3297 3630 3360 ﬁlio,

2051 3380 2146 3449 qui
2196 3381 2379 3437 adhuc
2422 3383 2634 3438 lactens
2674 3392 2814 3447 erat,
2862 3395 3080 3455 arrepto
3117 3404 3130 3439 :
3162 3385 3205 3441 Ο
3242 3367 3304 3441 ie
3339 3387 3632 3450 infantem.

359 3480 819 3550 κατακαλύψασα,
852 3481 1176 3549 ἐφύλαττεν.
1207 3481 1423 3544 Εὐθέως
1452 3479 1508 3533 δὲ
1537 3483 1588 3532 οί
1621 3480 1938 3533 στασιασταῖ

2051 3472 2253 3542 inquit,
2288 3474 2451 3537 bello,
2488 3476 2631 3530 fame
2656 3486 2713 3531 et
2744 3476 3016 3532 seditione
3052 3480 3314 3536 intestina
3340 3482 3630 3549 miserum,

363 3573 656 3642 παρῆσαν*
710 3573 804 3627 καὶ
860 3572 957 3641 τῆς
1009 3572 1275 3641 ἀθεμίτου
1325 3574 1555 3643 κνίσσης
1610 3575 1942 3635 σπάσαντες,

362 3668 643 3737 ἠπείλουν,
676 3666 835 3738 εἰμὴ
859 3666 1061 3732 δείξειε
1093 3666 1154 3718 τὸ
1184 3664 1666 3735 παρασκευασθὲν,
1695 3668 1945 3734 ἀποσφαι-

361 3761 476 3828 ξειν
499 3760 674 3830 αὐτὴν
702 3760 932 3824 εὐθέως.
972 3759 1039 3813 Ἦ
1060 3758 1116 3813 δὲ
1152 3760 1248 3814 καὶ
1274 3760 1471 3828 μοῖραν
1499 3761 1685 3822 αὐτοῖς
1711 3758 1943 3812 είποῦσα

358 3853 537 3924 καλὴν
586 3856 984 3924 τετηρηκέναι,
1034 3852 1104 3907 τὰ
1132 3853 1365 3923 λείψανα
1410 3853 1504 3906 τοῦ
1540 3853 1731 3906 τέκνου
1762 3852 1945 3907 διεκά-

356 3945 519 4014 λυψε.
550 3945 689 4010 Τοὺς
721 3945 768 3999 δ’
817 3946 1020 4009 εὐθέως
1050 3945 1245 4017 φρίκη,
1292 3945 1387 3999 καὶ
1427 3945 1641 4015 φρενῶν
1685 3945 1943 4009 ἔκστασις

354 4032 507 4108 ᾕρει,
556 4035 650 4088 καὶ
680 4035 833 4102 παρᾶ
864 4035 960 4105 τὴν
985 4028 1108 4104 δψιν
1136 4036 1511 4103 ἐπεπήγεσαν.
1559 4033 1618 4088 'll
1649 4035 1715 4099 δ’,
1757 4035 1941 4104 Ἐμὸν,

359 4128 488 4197 ἔφη,
533 4127 685 4185 τοῦτο
724 4127 784 4181 τὸ
814 4128 1008 4183 τέκνον
1037 4128 1285 4197 γνήσιον,
1316 4129 1413 4183 καὶ
1457 4130 1517 4181 τδ
1562 4128 1724 4198 ἔργον
1766 4129 1898 4197 ἐμόν
1924 4144 1938 4158 ο

361 4222 590 4287 φάγετε,
620 4220 717 4291 καὶ
745 4220 858 4289 γὰρ
894 4218 1009 4288 ἐγὼ
1044 4221 1303 4290 βέϐρωκα
1326 4235 1342 4251 ⁸
1380 4223 1518 4290 μήτε
1550 4219 1785 4291 γένησθε
1838 4238 1945 4290 μα-

359 4313 666 4382 λακώτεροι
695 4313 975 4382 γυναικὸς,
1017 4314 1158 4381 μήτε
1210 4311 1654 4382 συμπαθέστεροι
1711 4312 1941 4383 μητρός.

358 4405 422 4458 El
453 4404 499 4459 δ’
527 4406 684 4481 ὑμεῖς
737 4405 1005 4472 εὐσεὸεῖς,
1064 4406 1161 4458 καὶ
1207 4405 1306 4474 τὴν
1337 4404 1474 4476 ἐμὴν
1525 4391 1942 4475 ἀποστρέφεσθε

360 4494 576 4560 θυσίαν,
607 4493 720 4563 ἐγὼ
750 4496 847 4565 μὲν
877 4494 1008 4564 ὑμῖν
1034 4495 1309 4565 βέσρωκα,
1336 4496 1433 4549 καὶ
1456 4494 1518 4548 τὸ
1533 4495 1720 4551 λοιπὸν
1748 4495 1793 4549 δ’
1818 4499 1943 4566 ἐμοὶ

2048 3566 2118 3620 ad
2153 3581 2318 3636 quam
2351 3575 2403 3622 te
2440 3583 2592 3639 spem
2637 3572 2983 3627 reservabo?
3013 3573 3304 3644 Siquidem
3334 3576 3480 3645 apud
3525 3578 3636 3632 Ro-

2047 3675 2265 3729 manos,
2295 3664 2339 3717 si
2368 3664 2473 3719 sub
2495 3667 2577 3720 eis
2605 3667 2678 3721 sit
2706 3667 3027 3735 vivendum,
3053 3674 3294 3727 servitus
3322 3684 3375 3728 te
3402 3683 3590 3730 manet
3616 3695 3629 3731 :

2047 3756 2370 3811 servitutem
2420 3766 2601 3813 autem
2654 3760 2827 3830 ipsam
2879 3764 3146 3833 praevenit
3191 3764 3385 3822 fames.
3419 3767 3635 3833 Quibus

2047 3848 2458 3907 calamitatibus
2514 3853 2774 3910 duriores
2826 3857 2994 3911 etiam
3046 3866 3178 3915 sunt
3232 3862 3480 3917 seditiosi
3539 3864 3626 3918 isti

2048 3943 2356 4013 praedones.
2388 3944 2576 4016 Itaque
2603 3960 2724 4020 age,
2757 3950 2892 4004 mibi
2928 3950 3092 4007 matri
3121 3961 3226 4007 tum
3247 3970 3393 4018 esea,
3420 3970 3532 4025 prae
3552 3959 3631 4011 im

2049 4036 2218 4092 nibtt‘s
2255 4038 2455 4094 vindex
2504 4040 2764 4113 Erinnys,
2800 4053 2857 4098 et
2899 4044 3031 4100 Vitae
3066 4047 3383 4101 mortalium
3425 4049 3636 4107 fabula-

2047 4140 2170 4185 rum
2206 4130 2642 4204 sermonumque
2675 4137 2909 4192 m'ateria
2940 4147 3062 4193 esto
3088 4153 3103 4196 :
3134 4157 3257 4210 quae
3289 4157 3397 4198 una
3452 4143 3635 4201 adhuc

2046 4224 2252 4279 Iudaeis
2287 4236 2458 4281 restat
2491 4230 2798 4284 calamitas.
2853 4228 2956 4284 Vix
3009 4231 3125 4287 haec
3178 4234 3358 4289 fuerat
3389 4235 3629 4304 elocuta,

2047 4325 2105 4372 et
2145 4317 2314 4372 ﬁlium
2350 4332 2535 4383 necat,
2566 4322 2799 4392 ejusque
2838 4323 2905 4376 ad
2939 4324 3120 4393 ignem
3155 4324 3262 4379 assi
3308 4337 3520 4397 partem
3549 4329 3634 4382 di-

2047 4409 2275 4463 midiam
2322 4413 2454 4473 edit,
2503 4424 2715 4482 partem
2759 4415 2987 4469 alteram
3035 4417 3367 4472 occultatam
3425 4432 3631 4475 servat.

2046 4500 2205 4557 Nulla
2240 4503 2537 4560 intercedit
2585 4512 2761 4567 mora,
2812 4514 2868 4559 et
2911 4506 3161 4563 latrones
3205 4509 3283 4563 illi
3321 4511 3549 4575 adsunt,
3576 4521 3635 4569 et

364 4590 620 4656 μεινάτω.
649 4588 808 4642 Μετὰ
830 4587 984 4641 ταῦθ’
1010 4590 1060 4642 οἱ
1084 4589 1183 4656 μὲν
1204 4587 1501 4658 τρέμοντες
1527 4588 1780 4660 ἐξῄεσαν,
1807 4590 1938 4660 πρὸς

2045 4596 2293 4651 nidorem
2340 4597 2628 4653 infandum
2677 4599 2949 4656 sentiunt.
2995 4600 3346 4672 Quapropter
3396 4606 3469 4670 ci,
3523 4607 3632 4662 nisi

356 4681 416 4735 ἓν
446 4681 605 4735 τοῦτο
627 4682 817 4745 δειλοὶ,
838 4681 1041 4750 ταύτης
1070 4681 1171 4750 τῆς
1199 4697 1406 4752 τροφης
1435 4685 1937 4752 παραχωρήσαντες

355 4777 424 4844 τῇ
466 4775 669 4843 μητρί’
704 4774 1021 4847 ἀνεπλήσθη
1070 4772 1116 4827 δ’
1153 4774 1358 4837 εὐθέως
1392 4774 1490 4845 ὅλη
1535 4773 1633 4827 τοῦ
1671 4774 1936 4845 μύσουςή

358 4866 511 4925 πόλις
539 4881 554 4895 ⁸
585 4866 677 4918 καὶ
714 4866 822 4935 πρὸ
848 4867 1115 4935 ὀμμάτων
1154 4864 1386 4927 ἕκαστος
1413 4865 1476 4917 τὸ
1523 4864 1697 4927 πάθος
1726 4865 1941 4934 λαμὸάφ

355 4975 488 5023 νων,
516 4957 592 5020 ὡς
622 4958 754 5028 παρ’
784 4959 952 5012 αὑτοῦ
1002 4958 1298 5027 τολμηθὲν,
1345 4958 1588 5028 ἔφριττε.
1641 4958 1858 5029 Σπουδὴ
1881 4958 1939 5012 δὲ

353 5051 465 5103 τῶν
509 5050 889 5120 λιμωττόντων
922 5052 1018 5104 ἐπὶ
1055 5052 1146 5104 τὸν
1192 5051 1424 5104 θάνατον
1473 5046 1542 5121 ἦν
1566 5066 1581 5082 ’
1619 5053 1728 5105 καὶ-
1762 5068 1940 5122 μακα-

358 5142 557 5212 ρισμὸς
589 5142 696 5195 τῶν
720 5143 1067 5213 φθασάντων,
1096 5143 1227 5215 πρὶν
1258 5142 1493 5198 ἀκοῦσαι
1518 5146 1616 5199 καὶ
1639 5143 1939 5198 θεάσασθαι

357 5235 507 5288 κακὰ
530 5236 861 5306 τηλικαῦτα.
901 5255 920 5288 ι
972 5237 1059 5301 Ἐς
1089 5236 1324 5307 ὓστερον
1366 5237 1410 5290 δ’
1439 5238 1469 5289 ὁ
1496 5239 1856 5309 συγγραφεὺς
1878 5238 1939 5292 τδ

357 5328 562 5397 πλῆθος
589 5330 699 5383 τῶν
726 5330 1091 5399 ἀνῃρημένων
1125 5331 1202 5401 τῷ
1242 5348 1301 5384 τε
1325 5329 1469 5399 λιμῷ
1500 5332 1598 5382 καὶ
1640 5330 1785 5400 ξίφει
1818 5346 1940 5385 συν-

355 5420 607 5487 αγαγὼν,
638 5422 838 5476 ἑκατόν
885 5440 1023 5492 φησι
1055 5425 1322 5494 μυριάδας
1372 5423 1776 5493 διαφθαρῆναι·
1811 5422 1938 5488 τοὺς

355 5515 414 5567 δὲ
468 5516 692 5580 λοιποὺς
738 5510 1059 5580 στασιώδεις
1110 5522 1201 5571 καὶ
1258 5519 1591 5589 λῃστρικοὺς
1637 5514 1732 5571 ὑπ’
1774 5518 1939 5588 ἀλλή-

355 5609 467 5661 λων
525 5614 665 5680 μετά
714 5611 810 5683 τὴν
858 5611 1058 5665 ἅλωσιν
1113 5612 1562 5682 ἐνδεικνυμένους
1608 5612 1936 5684 ἀνῃρῆσθαι,

355 5702 468 5755 τῶν
496 5703 554 5757 δὲ
583 5706 720 5760 νέων
755 5706 883 5768 τοὺς
910 5696 1291 5776 ὑψηλοτάτους
1319 5707 1414 5759 καὶ
1447 5706 1636 5759 κάλλει
1681 5707 1939 5776 σώματος

359 5793 715 5865 διαφέροντας
770 5797 1107 5867 τετηρῆσθαι
1155 5794 1431 5866 θριάμϐῳ.
1482 5794 1590 5848 Τοῦ
1645 5795 1703 5849 δὲ
1748 5795 1936 5849 λοιποῦ

359 5886 601 5957 πλήθους
636 5888 763 5950 τοὺς
810 5888 951 5959 ὑπὲρ
996 5890 1369 5945 ἑπτακαίδεκα
1400 5890 1495 5959 ἐτη
1545 5889 1803 5959 δεσμίους
1854 5892 1935 5953 εἰς

2049 4691 2463 4763 quamprimum
2497 4690 2642 4760 quod
2675 4700 2927 4760 parasset
2955 4693 3063 4747 cibi
3101 4694 3396 4762 proferret,
3427 4698 3632 4754 caedem

2049 4780 2354 4835 minantur.
2389 4782 2483 4837 Illa
2529 4792 2713 4839 autem
2750 4795 2961 4853 partem
3000 4797 3060 4840 se
3091 4787 3174 4842 eis
3217 4791 3416 4843 bonam
3451 4806 3634 4846 resera

2047 4888 2208 4929 vasse
2232 4875 2404 4931 dicit:
2439 4888 2493 4931 et
2523 4877 2787 4943 reliquias
2817 4862 2982 4933 simul
3016 4876 3113 4935 filii
3141 4880 3321 4937 affert.
3357 4885 3435 4939 liii
3468 4898 3634 4955 porro

2050 4965 2282 5021 horrore
2315 4969 2608 5025 confestim
2656 4980 2712 5035 ct
2746 4973 2947 5028 mentis
2976 4977 3424 5031 consternatione
3468 4996 3636 5034 oecu-

2048 5059 2186 5127 pati,
2235 5061 2303 5113 ad
2356 5072 2717 5132 conspectum
2769 5064 2933 5120 talem
2979 5066 3400 5136 obstupescunt.
3454 5073 3632 5141 Atque

2049 5150 2141 5206 illa
2184 5168 2199 5206 :
2249 5150 2406 5207 Meus
2445 5153 2535 5208 hic
2573 5166 2681 5222 est,
2727 5156 2928 5226 inquit,
2954 5152 3195 5213 'nativus
3224 5175 3627 5232 germanusqnc

1978 5306 1987 5311 _
2048 5239 2233 5299 ﬁlius:
2266 5259 2449 5301 meum
2495 5245 2609 5301 ltoc.
2640 5262 2823 5316 opus;
2862 5249 3230 5315 manducate;
3265 5265 3388 5305 nam
3423 5261 3481 5306 et
3511 5253 3629 5323 ipsa

2042 5335 2155 5404 jam
2192 5336 2559 5406 manducavi;
2597 5355 2780 5410 neque
2823 5342 2906 5395 vel
2952 5342 3237 5397 molliores
3275 5342 3498 5407 femina,
3544 5343 3632 5399 vel

2048 5418 2440 5484 misericordes
2466 5431 2640 5501 magis
2677 5440 2853 5487 matre
2878 5432 3000 5506 ipsa
3033 5434 3177 5488 sitis.
3209 5432 3363 5500 Quod
3398 5435 3443 5489 si
3476 5437 3631 5491 vobis

2047 5519 2227 5587 pietas
2259 5523 2465 5587 obstat,
2511 5538 2803 5594 meamque
2835 5536 3130 5596 propterea
3169 5529 3505 5582 aversamini
3540 5531 3624 5583 vi-

2047 5613 2292 5678 ctimam,
2320 5625 2577 5670 maneant
2600 5616 2744 5685 apud
2776 5633 2863 5673 me
2889 5617 3001 5673 cibi
3026 5619 3170 5686 ejus,
3196 5633 3308 5687 quo
3329 5619 3442 5688 jam
3472 5629 3627 5690 pastu

2047 5720 2195 5770 sum,
2229 5708 2498 5778 reliquiae.
2532 5708 2694 5781 235
2732 5709 2824 5765 Sic
2860 5709 2939 5765 illi
2980 5719 3282 5767 trementes
3308 5714 3534 5778 abeunt,
3566 5707 3633 5768 atl

2049 5799 2155 5854 hoc
2182 5816 2351 5854 unum
2389 5800 2608 5857 facinus
2642 5804 2820 5857 timidi
2860 5822 2874 5857 :
2910 5815 2966 5858 et
2990 5821 3138 5875 ειεξιτο
3172 5804 3239 5858 de
3271 5806 3454 5875 epulis
3482 5807 3633 5877 ejus:-

2052 5892 2200 5947 tnodi
2256 5897 2413 5949 matri
2470 5894 2573 5963 ipsi
2625 5897 2854 5951 cedunt.
2910 5896 3135 5964 lleplcta
3195 5898 3346 5953 illico
3407 5909 3517 5955 tota
3567 5912 3635 5955 cu
