4046 6420
342 428 447 492 917

1267 428 1872 491 ECCLESIASTIQE
1918 432 2305 493 HISTORIE
2348 434 2491 495 LIB.
2538 434 2651 495 ΙΠ.

3489 432 3594 492 928

341 539 430 612 ἦν,
469 539 566 595 ἅτε
604 540 731 604 παῖς
761 538 836 593 ῶν
880 540 1110 611 ’ῐωοὴφο
1135 540 1210 604 ὡς
1238 541 1411 612 δηλοῖ“
1436 540 1528 595 xui.
1564 540 1915 610 Ἡγήσιππος

2033 543 2276 599 auxisse.
2320 545 2524 601 Fuerat
2580 557 2766 601 autem
2806 544 2976 602 Judas
3015 544 3187 600 frater
3233 544 3473 602 Domini.
3519 562 3601 598 sc—

341 632 488 688 οὖτω
537 632 770 702 γράφων
797 647 810 663 ⁸
880 654 897 685 ι
941 633 1064 687 Ἔτι
1102 633 1159 688 δὲ
1190 635 1466 704 περιῆσαν
1503 635 1553 686 οἱ
1586 633 1693 685 ἀπὸ
1729 632 1921 699 γένους

342 724 438 780 τοῦ
476 724 706 796 Κυρίου.
749 724 936 777 υἱωνοὶ
962 725 1157 791 Ἰούδα,
1184 724 1279 777 τοῦ
1306 723 1451 778 κατὰ
1484 724 1662 794 σάρκα
1686 723 1921 792 λεγομέ-

345 837 440 873 νου
471 816 637 873 αὑτοῦ
670 815 929 886 ἀδελφοῦ⁸
964 817 1057 881 οὓς
1084 817 1518 886 ἐδηλατόρευσαν
1538 816 1613 879 ὡς
1635 817 1701 869 ἐκ
1725 817 1921 885 γένους

344 913 504 973 δντας
556 909 721 963 Δαυῖδ
750 926 765 940 ·
800 910 1010 973 τούτοις
1043 910 1090 963 δ’
1129 911 1155 963 ὀ
1194 909 1522 972 Ἦουόκατος
1575 906 1749 978 ἤγαγε
1788 911 1923 978 πρὸς

348 1003 674 1075 Δομετιανὸν
706 1002 988 1073 Καίσαρα.
1028 999 1312 1068 Ἐφοσεῖτο
1342 1002 1451 1071 γὰρ
1479 1000 1578 1071 τὴν
1613 999 1922 1071 παρουσίαν

346 1093 440 1145 τοῦ
468 1090 725 1161 Χριστοῦ,
754 1091 829 1154 ὡς
861 1091 956 1147 καὶ
983 1088 1231 1161 Ἡρώδης
1252 1106 1268 1123 σ
1299 1091 1393 1144 καὶ
1418 1089 1778 1160 ἐπηρώτησεν
1828 1088 1925 1143 αὐ-

346 1185 473 1247 τοὺς
498 1186 545 1237 εί
573 1185 635 1237 ἐκ
662 1182 830 1236 Δαυῖδ
879 1183 984 1236 εἰσι
1012 1198 1025 1211 ·
1065 1183 1159 1236 καὶ
1189 1182 1568 1251 ὡμολόγησαν.
1601 1181 1736 1235 Τότε
1784 1184 1923 1251 ἐπη-

349 1279 597 1346 ρώτησεν
637 1278 832 1339 αὐτοὺς
884 1277 1060 1339 πόσας
1114 1282 1340 1347 κτήσεις
1393 1276 1633 1346 ἔχουσιν,
1673 1273 1706 1345 ἢ
1744 1273 1924 1327 πόσων

346 1371 649 1440 χρημάτων
710 1369 1088 1442 κυριεύουσιν.
1145 1371 1208 1424 0i
1254 1369 1312 1423 δέ
1353 1366 1507 1422 εἷπον
1551 1364 1925 1436 ἐννακισχίλια

346 1462 580 1532 δηνάρια
616 1461 888 1532 ὑπάρχειν
919 1462 1099 1525 αὐτοῖς
1129 1460 1290 1532 μόνα,
1329 1461 1549 1530 ἑκάστῳ,
1572 1459 1752 1514 αὐτῶν
1794 1459 1927 1530 ἀνή-

349 1570 539 1615 κοντος
572 1552 666 1604 τοῦ
698 1554 951 1623 ἡμίσεος.
1005 1553 1116 1605 Καὶ
1166 1552 1343 1606 ταῦτα
1375 1552 1477 1605 οὐκ
1531 1552 1589 1604 ὲν
1639 1549 1925 1621 ἀργυρίοις

348 1644 587 1712 ἔφασκον
623 1643 791 1714 ἔχειν,
831 1644 949 1698 ἀλλ’
982 1644 1041 1698 ἐν
1073 1645 1392 1716 διατιμήσει
1441 1645 1545 1713 γῆς
1572 1643 1823 1708 πλέθρων
1846 1639 1924 1696 λθ⁹

353 1737 529 1805 μόνων
554 1753 568 1768 ⁸
599 1736 658 1802 ἐξ
688 1730 764 1791 ὧν
788 1738 884 1790 καὶ
898 1738 1022 1800 τοὺς
1044 1736 1248 1807 φόρους
1275 1737 1592 1807 ἀναφέρειν,
1613 1737 1708 1790 καὶ
1727 1736 1926 1800 αὐτοὺς

350 1830 515 1882 αὐτου
526 1829 659 1899 ργοῦ
670 1846 799 1893 ντας
828 1817 1245 1901 διατρέφεσθαι.
1270 1825 1405 1883 Εῐτα
1420 1828 1474 1882 δὲ
1505 1830 1718 1891 καὶτὰς
1735 1830 1926 1900 χεῖρας

350 1924 449 1988 τὰς
472 1924 687 1977 ἐαυτῶν
708 1923 1082 1978 ἐπιδεικνύναι
1119 1924 1419 1996 μαρτύριον
1440 1925 1539 1995 τῆς
1568 1922 1926 1994 αὑτουργίας,

347 2014 445 2083 τὴν
467 2015 562 2067 τοῦ
598 2014 852 2084 σώματος
883 2015 1171 2086 σκληρίαν,
1204 2019 1301 2069 καὶ
1327 2016 1455 2079 τοὺς
1495 2015 1604 2071 ἀπὸ
1640 2015 1742 2085 τῆς
1770 2031 1928 2068 συνε-

351 2107 479 2176 χοῦς
514 2109 783 2178 ἐργασίας
822 2108 1348 2172 ἐναποτυπωθέντας
1381 2109 1474 2162 ἐπὶ
1502 2109 1613 2162 τῶν
1642 2107 1788 2162 ίδίων
1813 2123 1929 2179 χει-

352 2198 465 2272 ρῶν
514 2197 708 2261 τύλους
761 2198 1163 2270 παριστάντας.
1212 2196 1626 2270 Ἐρωτηθέντας
1683 2197 1742 2251 δὲ
1797 2197 1929 2270 περὶ

348 2290 444 2344 τοῦ
477 2289 717 2362 Χριστοῦ
754 2290 850 2344 καὶ
876 2292 976 2360 τῆς
1007 2290 1286 2359 βασιλείας
1314 2290 1501 2354 αὑτοῦ,
1528 2289 1687 2344 ὁποία
1702 2305 1794 2352 τις
1816 2289 1924 2358 είη,

346 2384 439 2437 καὶ
471 2385 569 2453 πῆ,
602 2385 698 2437 καὶ
732 2383 865 2437 πότε
911 2383 1289 2454 φανησομένη.
1321 2382 1484 2451 λόγον
1514 2381 1721 2450 δοῦναι,
1760 2382 1837 2445 ὡς
1867 2382 1929 2435 οὐ

347 2475 592 2544 κοσμικὴ
624 2474 747 2545 μὲν.
775 2475 885 2528 οὐδ’
911 2474 1178 2542 ἐπίγειος,
1204 2474 1532 2546 ἐπουράνιος
1556 2473 1613 2528 δέ
1637 2476 1730 2528 καὶ
1761 2475 1932 2544 ἀγγε-

345 2565 474 2634 λικὴ
496 2566 782 2634 τυγχάνει,
806 2564 901 2618 ἐπὶ
925 2562 1209 2635 συντελείᾳ
1225 2563 1320 2616 τοῦ
1338 2563 1537 2626 αίῶγος
1552 2563 1894 2634 γενησομένη
1912 2579 1931 2597 ο

347 2659 591 2727 ὁπηνίκα
621 2654 791 2710 ἐλθὼν
815 2655 1035 2729 ἐνδόξῃ,
1068 2654 1279 2726 κρίνειεν
1303 2655 1516 2719 ζῶντας
1542 2655 1640 2709 καὶ⁸
1663 2655 1926 2726 νεκροὺς,

350 2750 448 2803 καὶ
480 2748 755 2803 ἀποδώσει
788 2749 1008 2819 ἑκάστῳ
1039 2750 1179 2802 κατὰ
1204 2747 1271 2801 τὰ
1295 2748 1708 2818 ἐπιτηδεύματα
1735 2749 1927 2804 αὑτοῦ.

362 2843 481 2913 Ἐφ’
505 2836 585 2907 οἷς
616 2843 783 2914 μηδὲν
819 2843 985 2897 αὐτὸν
1013 2843 1401 2910 κατεγνωκότα
1443 2844 1538 2895 τὸν
1576 2841 1928 2908 Δομετιανὸν,

351 2935 486 2991 ἀλλὰ
513 2937 606 2989 καὶ
646 2936 722 3000 ὡς
772 2936 1009 2991 εὐτελῶν
1041 2935 1564 3008 καταφρονήσαντα,
1604 2933 1929 3005 ἐλευθέρους

354 3026 455 3096 μὲν
479 3025 678 3088 αὐτοὺς
712 3028 944 3089 ἀνεῖναι,
974 3026 1332 3082 καταπαῦσαι
1363 3026 1420 3081 δὲ
1447 3027 1536 3081 διὰ
1567 3026 1931 3097 προστάγμα-

349 3129 442 3177 τος
476 3113 569 3167 τὸν
600 3115 743 3168 κατὰ
768 3116 871 3184 τῆς
890 3115 1227 3186 Ἐκκλησίας
1247 3116 1512 3184 διωγμόν.
1547 3113 1688 3177 Τοὺς
1716 3114 1762 3167 δ’
1791 3116 1932 3169 ἀπο-

2026 635 2268 690 cundum
2307 651 2524 691 carnem
2554 655 2569 704 ;
2599 635 2824 707 Iosephi
2856 636 3062 707 quippe
3097 636 3263 691 filius.
3300 633 3416 702 Qua
3447 634 3512 687 de
3544 653 3600 687 re

2026 719 2367 795 Hegesippus
2394 726 2465 780 ita
2506 727 2701 782 scribit
2744 748 2758 782 :
2792 727 3190 796 «Supererant
3219 726 3400 781 adhuc
3440 720 3603 795 grue“-

2025 816 2103 870 ris
2145 825 2201 870 et
2251 815 2470 873 familia
2514 817 2731 873 Demini
2778 816 3008 890 nepotes
3047 834 3113 874 ex
3153 818 3264 873 filio
3302 818 3475 881 Judre,
3505 820 3597 887 qui

2024 908 2196 964 frater
2227 909 2441 965 Domini
2483 911 2636 982 juxta
2667 926 2890 967 carnem
2928 910 3115 967 dictus
3146 919 3248 967 est.
3288 910 3419 976 Eos,
3451 912 3596 980 quod

2024 999 2206 1069 gentis
2255 1001 2480 1056 Davidis
2535 1016 2657 1057 esse
2704 1002 2883 1057 delati
2933 1001 3190 1067 fuissent,
3232 1002 3502 1056 Evocatus
3532 1001 3597 1055 ad

2026 1090 2397 1145 Domitianum
2435 1092 2686 1149 adduxit.
2717 1092 2998 1148 Metuebat
3031 1093 3204 1158 enim,
3238 1093 3313 1147 ita
3359 1101 3419 1147 ut
3451 1102 3603 1145 ante-

2028 1183 2131 1238 hac
2178 1182 2445 1249 Herodes,
2485 1183 2781 1239 adventum
2825 1183 3056 1240 Christi.
3104 1183 3296 1254 itaque
3345 1199 3443 1239 eos
3487 1182 3599 1244 ille,

2025 1286 2283 1332 essentne
2316 1276 2538 1331 familiae
2583 1276 2751 1348 239
2781 1276 3027 1342 Davidis,
3065 1285 3240 1347 rogat.
3281 1275 3439 1343 Quod
3477 1291 3601 1330 cum

2027 1378 2208 1424 essent
2253 1369 2510 1439 professi,
2552 1384 2744 1424 rursus
2776 1369 2845 1424 ab
2890 1368 2997 1435 eis,
3027 1383 3151 1439 qua
3193 1383 3385 1424 eorum
3417 1378 3605 1423 essent

2026 1461 2441 1530 possessiones,
2489 1469 2545 1515 et
2600 1468 2863 1532 quantam
2921 1459 3283 1531 pecuniarum
3333 1474 3603 1513 summam

2028 1552 2316 1617 haberent,
2368 1552 2587 1623 quaerit.
2629 1558 2810 1623 Atque
2856 1554 2907 1607 ei
2958 1551 3039 1607 illi
3085 1555 3446 1620 respondent,
3492 1565 3603 1602 non

2028 1644 2265 1713 amplius
2292 1646 2374 1699 eis
2403 1659 2522 1699 esse
2553 1660 2717 1715 quam
2757 1659 2955 1699 novem
2986 1643 3218 1699 millium
3245 1641 3600 1697 denariorum

2026 1736 2418 1808 patrimonium
2468 1749 2799 1800 commune,
2845 1735 2993 1806 quod
3042 1734 3279 1789 divisum
3331 1747 3395 1787 ex
3453 1740 3605 1802 parte

2029 1827 2256 1884 dimidia
2294 1828 2360 1882 ad
2395 1843 2671 1898 quemque
2705 1843 2897 1883 eorum
2944 1827 3251 1897 pertineret
3282 1844 3297 1881 :
3338 1823 3516 1895 neque
3549 1824 3600 1876 id

2028 1922 2085 1977 in
2116 1922 2349 1992 pecunia
2382 1930 2693 1987 numerata,
2731 1922 2826 1977 sed
2860 1922 2913 1976 in
2942 1920 3307 1976 aestimatione
3337 1930 3385 1974 et
3424 1921 3604 1989 pretio

2029 2014 2542 2086 undequadraginta
2591 2014 2709 2085 agri
2761 2016 3013 2084 iugerum
3069 2012 3393 2068 consistere.
3447 2012 3604 2069 Unde

2027 2123 2151 2163 cum
2199 2108 2477 2162 tributum-
2504 2106 2827 2175 penderent,
2881 2115 2996 2160 tum
3047 2105 3151 2176 ipsi
3196 2104 3451 2159 manibus
3491 2104 3606 2158 suis

2028 2214 2165 2269 Opus
2202 2196 2491 2264 facientes,
2520 2206 2774 2268 sumptus
2806 2198 3129 2253 tolerarent.
3165 2197 3379 2252 Deinde
3409 2211 3606 2249 manus

2030 2305 2159 2347 suas
2182 2290 2507 2353 ostendunt,
2539 2299 2596 2344 ut
2630 2290 2882 2361 corporis
2919 2288 3125 2345 duritia
3150 2298 3207 2344 et
3241 2287 3395 2343 callis
3426 2288 3607 2342 conti-

2029 2398 2142 2439 nuo
2168 2384 2358 2439 labore
2396 2382 2600 2445 ductis,
2639 2397 2838 2453 operas
2874 2395 3004 2437 suas
3044 2381 3490 2450 comprobarent.
3533 2378 3608 2431 De

2030 2494 2200 2550 regno
2228 2486 2413 2533 autem
2439 2475 2671 2543 Christi,
2701 2474 2863 2544 quale
2892 2473 2945 2527 id
2975 2480 3141 2538 esset,
3175 2471 3266 2526 ubi
3298 2479 3352 2525 et
3384 2469 3607 2541 quando

2030 2572 2353 2627 habiturum
2395 2577 2543 2625 esset
2584 2569 2828 2632 initium,
2875 2566 3199 2633 interrogati
3241 2585 3252 2620 :
3288 2564 3409 2621 Non
3444 2579 3605 2617 mun-

2029 2665 2233 2721 danum
2266 2665 2340 2731 id,
2379 2678 2559 2734 neque
2590 2671 2896 2724 terrenum,
2930 2662 3025 2715 sed
3063 2658 3286 2716 caeleste
3318 2667 3370 2712 et
3405 2656 3611 2726 angrli-

2028 2772 2154 2815 cum
2200 2756 2315 2812 fore
2359 2763 2664 2819 testantur,
2725 2753 2781 2807 in
2833 2752 3017 2807 saeculi
3070 2749 3545 2806 consummatione
3593 2764 3608 2802 :

2029 2863 2157 2904 cum
2201 2848 2507 2907 adveniens
2541 2846 2635 2901 ille
2679 2861 2804 2901 cum
2851 2844 3020 2915 gloria
3065 2841 3222 2896 vivos
3258 2851 3315 2896 et
3362 2852 3611 2893 mortuos

2024 2935 2394 3006 iudicaturus,
2449 2944 2505 2990 ct
2546 2935 2748 3004 cuique
2794 2935 2951 3004 juxta
3002 2931 3187 2987 studia
3232 2939 3289 2986 et
3330 2930 3474 2985 facta
3511 2944 3615 2983 sua

2029 3028 2315 3099 praemium
2365 3026 2682 3084 redditurus
2730 3035 2899 3082 esset.
2945 3024 3202 3080 Sedenim
3251 3038 3312 3079 re
3358 3023 3430 3078 ita
3466 3036 3615 3076 como

2032 3130 2207 3192 perta,
2252 3112 2603 3176 Domitianus
2649 3119 2768 3188 ipse
2808 3118 2931 3172 illos
2965 3132 3075 3171 non
3122 3117 3478 3177 condemnat,
3511 3113 3611 3168 sed

350 3206 618 3274 λυθέντας
648 3208 963 3280 ἡγήσασθαι
989 3209 1100 3263 τῶν
1128 3207 1457 3278 ἐκκλησιῶν,
1486 3207 1562 3270 ὡς
1593 3209 1659 3261 ἂν
1682 3207 1745 3278 δὴ
1784 3209 1926 3280 μάρ-

2035 3215 2304 3268 tenuitate
2350 3214 2570 3267 illorum
2614 3220 2947 3279 contempta,
2980 3209 3144 3264 simul
3189 3217 3245 3263 et
3286 3208 3613 3264 liberos-eos

347 3314 523 3369 τυρας
578 3298 717 3370 ὁμοῦ
772 3300 869 3353 καὶ
912 3301 1019 3354 ἀπὸ
1079 3301 1275 3369 γένους
1328 3301 1491 3364 ὄντας
1544 3300 1640 3354 τοῦ
1690 3301 1925 3371 Κυρίου,

348 3388 656 3460 γενομένης
680 3405 759 3444 τε
786 3389 1041 3462 εἰρήνης,
1072 3393 1236 3463 μέχρι
1263 3389 1540 3461 Τραϊανοῦ
1584 3395 1931 3463 παραμεῖναι

350 3482 549 3546 αὐτοὺς
601 3482 678 3554 τῷ
711 3481 832 3555 βίῳ.
868 3501 887 3536 ι
923 3482 1112 3538 Ταῦτα
1166 3485 1268 3554 μὲν
1299 3486 1327 3537 ὁ
1366 3482 1718 3556 Ἡγήσιππος
1740 3501 1754 3518 ·
1796 3485 1934 3556 Τερ-

351 3574 603 3638 τυλιανδς
632 3575 689 3629 δὲ
725 3576 823 3630 καὶ
879 3576 1045 3639 αὐτὸς
1095 3575 1196 3647 τὴν
1247 3577 1583 3648 Δομετιανοῦ
1632 3578 1933 3649 πεποίηται

356 3668 811 3738 μνείαν,γράφων
831 3667 907 3731 ὡς
940 3668 1327 3740 «Πεπείραται
1355 3668 1456 3739 μὲν
1486 3671 1581 3724 καὶ
1600 3670 1934 3739 Δομετιανὸς

351 3762 529 3813 ταυτά
559 3762 732 3813 ποιεῖν
775 3760 994 3833 ἐκείνῳ,
1039 3761 1211 3833 μέρος
1236 3750 1313 3815 ὢν
1343 3763 1440 3833 τῆς
1486 3762 1744 3832 Νέρωνος
1779 3761 1935 3831 ὠμό-

352 3870 514 3923 τητος
534 3870 549 3884 ο
583 3853 701 3910 ἀλλ’
725 3851 881 3925 οἶμαι
917 3853 1014 3910 ατε
1055 3853 1280 3927 έχων-τι
1313 3858 1609 3920 συνέσεως,
1641 3855 1717 3921 ὠς
1766 3855 1932 3928 τάχος

352 3944 655 4014 ἐπαύσατε,
693 3947 1181 4020 ἀνακαλεσάμενος
1201 3948 1296 4004 καὶ
1333 3946 1429 4012 οὓς
1463 3946 1738 4020 ἐξηλάκει.
1773 3968 1793 4001 ι

858 4122 883 4167 ί

945 4271 1201 4331 ΚΕΦΔΛ.
1233 4271 1337 4330 IA'.

358 4388 617 4455 Τελευτὴ
645 4390 1134 4455 Οὐεσπασιανοῦ,
1162 4389 1339 4446 Τίτου
1360 4408 1425 4446 τε
1450 4391 1549 4445 καί
1577 4391 1937 4460 Δομετιανοῦ

426 4460 528 4512 καί
557 4462 789 4527 Νερούα
809 4480 822 4493 ·
847 4461 946 4515 καί
966 4461 1100 4529 περί
1142 4462 1250 4516 τοῦ
1278 4460 1592 4529 ,ϐασιλέως
1622 4461 1935 4530 Τραϊανοῦ.

2035 3307 2284 3367 dimittit,
2320 3316 2377 3360 et
2420 3306 2602 3360 edicto
2640 3305 2918 3374 proposito
2964 3300 3407 3372 persecutionem
3438 3302 3614 3357 eccle-

2035 3395 2238 3451 siarum
2275 3393 2507 3450 inhibet.
2539 3394 2615 3473 Ita
2643 3393 2718 3448 illi
2754 3393 3012 3457 absoluti,
3037 3391 3314 3457 ecclesiis,
3355 3402 3415 3445 ut
3443 3401 3614 3447 testes

2035 3485 2198 3544 simul
2229 3495 2287 3540 et
2312 3485 2499 3556 agnati
2538 3485 2777 3549 Domini,
2813 3482 3153 3555 praefuerunt
3182 3501 3198 3537 :
3231 3494 3288 3539 et
3316 3498 3451 3553 pace
3484 3484 3613 3541 red-

2034 3578 2168 3644 dita,
2192 3591 2364 3648 usque
2392 3578 2458 3634 ad
2486 3576 2702 3648 Traiani
2729 3586 2972 3646 tempora
3006 3585 3398 3646 pervenerunt.
3430 3594 3465 3628 ι-
3484 3575 3614 3633 Haec

2037 3670 2394 3741 Hegesippus.
2423 3668 2531 3724 Sed
2577 3679 2633 3724 et
2677 3667 3051 3722 Tcrtullianus
3104 3667 3394 3723 Domitiani
3452 3682 3611 3723 men-

2036 3764 2241 3818 tionem
2282 3762 2413 3818 facit
2460 3781 2474 3818 :
2523 3780 2543 3815 ι
2597 3763 2953 3827 'l‘entaverat,
3002 3762 3277 3832 inquiens,
3324 3769 3381 3816 et
3424 3762 3612 3817 Domi-

2038 3863 2238 3925 tianus,
2288 3860 2471 3932 portio
2506 3860 2742 3916 Neronis
2782 3860 2851 3915 de
2895 3858 3245 3922 crudelitate,
3270 3857 3463 3914 eadem
3490 3872 3614 3927 qua:

2036 3956 2128 4011 ille
2153 3955 2360 4011 facere.
2395 3952 2525 4021 Sed,
2557 3960 2617 4009 ut
2646 3953 2867 4022 opinor,-
2899 3951 3104 4022 aliquid
3136 3951 3346 4006 habens
3380 3950 3615 4004 rationis

2035 4060 2093 4105 et
2122 4048 2445 4120 prudentiae,
2486 4057 2703 4104 mature
2737 4046 2969 4113 destitit,
3017 4045 3291 4101 revocatis
3336 4044 3503 4100 etiam
3547 4044 3616 4098 iis

2037 4158 2178 4219 quos
2205 4143 2257 4199 in
2286 4142 2540 4200 exsilium
2570 4152 2783 4214 egerat.
2819 4161 2837 4195 ι

2635 4281 2863 4340 CAPUT
2922 4281 3018 4337 XI.

2037 4395 2218 4453 Obitus
2257 4396 2582 4467 Vespasiani,
2614 4395 2734 4456 Titi.
2775 4395 3090 4467 Domitiani,
3131 4406 3179 4449 et
3211 4394 3417 4461 Netum,
3476 4394 3616 4448 etde

2518 4469 2842 4521 imperatore
2871 4464 3125 4520 Traiano.

426 4574 770 4646 Κρατοῦντος
802 4574 847 4628 δ’
867 4573 948 4628 έτι
983 4573 1417 4638 Οὐεσπεσιανοῦ,
1448 4575 1637 4645 λοιμόν
1676 4592 1811 4644 φασι
1839 4574 1930 4644 μέ-

2110 4580 2425 4652 lmperante
2457 4588 2641 4637 autem
2671 4580 2975 4636 etiamnum
3024 4578 3385 4649 Vespasiano,
3421 4580 3618 4652 ingen-

351 4685 458 4737 γαν
491 4668 582 4721 ἐπὶ
615 4666 841 4737 Ῥώμης
888 4666 1174 4736 γενέσθαι,
1202 4667 1285 4729 ὡς
1314 4665 1456 4736 ὺπέρ
1511 4667 1742 4735 μυρίους
1769 4664 1937 4719 καθε-

353 4763 566 4833 κάστην
598 4767 689 4819 ἐπί
741 4763 1029 4827 πλείσταις
1062 4763 1305 4835 ἡμέραις
1344 4762 1606 4832 θνήσκειν
1630 4779 1644 4795 °
1693 4761 1937 4835 ὁπηνίκα

351 4858 452 4912 καὶ
491 4859 582 4910 τὸν
631 4862 688 4911 ἐν
722 4858 890 4929 Ῥόδῳ
943 4856 1226 4921 κολοσσὸν,
1277 4854 1483 4927 χαλκοῦ
1534 4856 1934 4927 πεποιημένον,

355 4946 564 5015 στήλην
597 4947 834 5011 Ῥοδίους
874 4946 954 5017 τῷ
1004 4947 1097 5000 Διλ⁸
1138 4946 1423 5000 ἀναθεῖναι
1454 4946 1635 5015 λόγος,
1668 4946 1810 5001 ἑπτὰ
1843 4949 1938 5001 ἐπὶ

352 5040 528 5093 εἴκοσι
559 5041 656 5093 καὶ
691 5042 889 5095 ἑκατὸν
930 5041 1097 5104 πόδας
1131 5043 1211 5105 είς
1246 5040 1381 5113 ὕψος
1421 5041 1786 5114 ἐκτρέχοντα·
1842 5042 1940 5096 καὶ

352 5132 415 5183 τὸ
442 5135 502 5185 ἐν
535 5133 729 5205 Ῥώμῃ
760 5134 816 5188 δὲ
870 5134 1221 5190 Καπιτώλιον
1274 5134 1446 5204 πυρὸς
1485 5134 1739 5204 δαπάνην
1785 5135 1941 5203 γενύ-

360 5244 523 5296 μενον
552 5224 705 5291 οὗτος
735 5224 892 5292 αὖθις
928 5229 1242 5299 ἀνήγειρεν.
1282 5229 1408 5284 Ἐπὶ
1434 5228 1569 5282 δέκα
1608 5228 1663 5283 δέ
1694 5228 1790 5299 ἐτη
1838 5229 1943 5295 τὴν

354 5320 531 5389 ἀρχὴν
551 5320 819 5387 διιθύνας,
842 5322 920 5391 τῷ
940 5322 1102 5375 παιδὶ
1126 5320 1270 5393 Τίτῳ
1295 5320 1394 5393 τὴν
1423 5320 1705 5393 βασιλείαν
1736 5319 1938 5390 λιπὼν,

353 5408 768 5479 τελευτᾴ.’Τὸτε
799 5411 863 5482 δὴ
898 5411 1108 5465 καὶτοῦ
1134 5412 1427 5466 Βεσουὸίου
1452 5411 1615 5482 ὅρους
1647 5413 1935 5483 ῥαγέντος,

353 5500 613 5556 τοσοῦτόν
665 5521 833 5572 φασιν
887 5505 1102 5559 ἐκεῖθεν
1140 5504 1253 5574 πῦρ
1283 5503 1612 5572 ἀναϐλῦσαι,
1640 5503 1783 5559 ὥστε
1836 5506 1941 5577 τὴν

355 5598 781 5666 παρακειμένην
818 5597 1004 5668 χώραν
1047 5598 1145 5652 σὺν
1195 5601 1315 5662 ταῖς
1358 5597 1685 5671 ἁγχιθύροις
1717 5599 1941 5655 πόλεσιν

357 5688 646 5756 ἀφανίσαι.
685 5691 763 5741 Δι’
797 5690 1014 5758 ἀγῶνος
1066 5690 1123 5744 δὲ
1168 5694 1406 5745 ποιεῖται
1458 5693 1559 5764 τὴν
1598 5690 1821 5765 Ῥώμην
1847 5693 1940 5746 εὑ-

338 5780 594 5851 ηδαίμονα
651 5784 706 5835 ἐν
744 5782 946 5851 ὀλίγοις
991 5782 1170 5838 ἐτεσιν
1209 5785 1531 5856 ἀποφῆναι⁹
1582 5785 1778 5854 σοφίαν
1829 5787 1938 5856 γὰρ

362 5875 456 5927 καὶ
487 5874 589 5946 τὴν
629 5875 740 5928 τῶν
786 5875 959 5946 λόγων
1006 5879 1257 5933 παιδείαν
1293 5878 1664 5949 διαφερόντως
1706 5878 1933 5948 ἠγάπα’

2043 4684 2149 4731 tem
2176 4675 2548 4747 pestilentiam
2576 4672 2768 4729 Romae
2805 4682 3104 4745 grassatum
3139 4687 3262 4728 esse
3289 4672 3506 4738 dicunt,
3542 4674 3617 4729 ita

2042 4774 2102 4821 ut
2126 4766 2324 4821 diebus
2350 4763 2605 4835 plurimis
2639 4762 2890 4833 quotidie
2907 4777 3076 4834 supra
3102 4761 3294 4819 decem
3326 4763 3615 4829 hominum

2040 4857 2213 4913 millia
2257 4858 2770 4929 exstinguerentur.
2812 4855 2933 4923 Quo
2976 4864 3231 4927 tempore
3274 4855 3419 4912 fama
3451 4856 3617 4913 etiam

2040 4952 2170 5016 fert,
2203 4950 2452 5007 Rhodios
2483 4949 2760 5005 colossum
2797 4962 3006 5003 aereum
3038 4957 3266 5003 rentum
3295 4958 3355 5004 et
3425 4949 3619 5019 viginti

2040 5053 2253 5114 septem
2283 5043 2489 5113 pedum,
2523 5041 2648 5098 ,Ιονί
2688 5039 2744 5096 in
2792 5040 2933 5096 urbe
2995 5055 3094 5096 sua
3157 5042 3391 5096 dicasse.
3434 5040 3623 5095 Romae

2039 5135 2397 5207 Capitolium,
2416 5136 2566 5206 quod
2588 5134 3046 5205 conﬂagraverat,
3072 5133 3446 5203 Vespasianus
3461 5132 3624 5205 240

2044 5229 2295 5285 restituit
2329 5245 2344 5282 :
2385 5228 2480 5299 qui
2515 5227 2751 5299 imperio
2784 5225 2947 5282 annis
2984 5225 3177 5280 decem
3205 5224 3619 5287 administrate,

2045 5325 2291 5379 moriens
2329 5321 2441 5376 lilio
2466 5320 2592 5376 Tito
2619 5320 2672 5375 id
2707 5318 2952 5389 reliquit.
2980 5317 3095 5373 Sub
3127 5317 3232 5373 hoc
3262 5332 3422 5373 mons
3449 5315 3627 5372 Vesu-

2044 5413 2167 5470 vius
2195 5421 2418 5482 ruptus,
2447 5417 2662 5465 tantum
2688 5407 2937 5465 evomuit
2962 5405 3230 5471 incendii,
3250 5415 3313 5462 ut
3345 5408 3624 5477 regionem

2046 5505 2354 5577 proximam
2405 5504 2772 5572 civitatesque
2826 5500 3036 5555 vicinas
3092 5514 3326 5570 prorsus
3370 5499 3628 5554 vastarit.

2043 5598 2416 5667 Maximopere
2453 5597 2500 5651 is
2534 5595 2901 5653 contendebat
2930 5591 3161 5647 Romam
3199 5592 3349 5647 brevi
3378 5601 3625 5663 tempore

2042 5692 2258 5748 beatam
2278 5689 2513 5745 reddere
2547 5698 2601 5743 et
2624 5686 2837 5744 felicem
2856 5702 2871 5753 ;
2890 5684 3134 5742 studium
3151 5686 3301 5741 enim
3318 5701 3374 5740 sa
3383 5686 3623 5757 pietttiar,

2042 5784 2465 5854 liberaliumque
2493 5784 2701 5837 artium
2732 5779 3077 5850 disciplinam
3126 5778 3425 5850 plurimum
3468 5792 3626 5833 ama-

2043 5876 2490 5948 vitJosephum,
2517 5874 2767 5929 utvirum
2796 5872 3076 5942 egregium
3112 5878 3166 5927 et
3182 5871 3529 5941 praeclarum.
3564 5871 3622 5926 in
