4046 6466
369 418 473 482 923

1572 427 1999 489 NICEPHORI
2037 430 2389 490 CALIJSTI

3515 422 3617 487 921

364 535 555 582 sancto
579 536 634 582 et
659 527 825 583 Maria
849 529 1061 601 virgine
1083 529 1361 586 Christum
1392 542 1579 588 natum
1608 550 1750 597 esse.
1780 552 1939 590 eum-
1966 561 1980 596 λ

2083 538 2282 608 νάρχου
2306 534 2444 590 εἶναι
2477 538 2631 592 Θεοῦ.
2670 537 2974 591 Κέιιιτεῦθεν
3003 535 3099 589 καὶ
3131 528 3277 590 οὗτοι
3309 535 3373 606 τῇ
3398 535 3619 589 ἐκείνων

365 619 489 673 dem
536 631 718 673 autem
746 621 896 689 quod
942 632 1100 674 antea
1127 622 1194 676 ab
1231 632 1439 675 aeterno
1473 623 1664 687 fuerit,
1694 625 1935 681 Verbum

2084 631 2470 699 εριετρὲποντο
2491 629 2624 682 ἁσεϐ
2661 631 2733 701 ία.
2785 628 3014 699 Ἑπίσης
3053 628 3160 699 γὰρ
3206 626 3484 690 κάκείνοις
3524 629 3620 681 καὶ

364 723 419 767 et
449 713 775 783 sapientiam
814 713 1085 782 principio
1118 716 1357 768 carentis
1380 725 1434 769 et
1461 717 1653 771 interni
1691 718 1782 772 Dei
1812 734 1939 775 esse

2083 720 2300 789 Ξτοιτὴν
2332 720 2475 773 κατὰ
2499 722 2661 791 νόμον
2708 720 2967 791 λατρείαν
3008 720 3083 783 ὡς
3131 718 3384 773 πλεῖστον
3435 719 3620 790 περιέ-

368 814 758 874 pernegarunt.
791 805 1142 875 Proindeque
1165 816 1222 858 et
1262 807 1295 860 ii
1330 806 1384 861 in
1417 808 1606 861 eadem
1645 824 1770 863 cunt
1806 809 1943 863 alte-

369 896 444 948 ris
475 897 583 950 illis
610 896 814 950 versati
842 886 1301 965 sunt'impietate.
1337 899 1528 952 ltitlem
1554 900 1725 967 enim,
1748 909 1807 954 ut
1835 901 1935 966 illi,

2038 828 2232 872 ποντες
2256 807 2419 882 ἦσαν.
2459 813 2679 880 Ἀμέλει
2713 829 2794 865 τοι
2826 813 2924 866 καὶ
2964 811 3145 875 πάσας
3184 811 3283 880 μὲν
3323 809 3419 863 τοῦ
3461 810 3624 863 Ἀπο-

2041 903 2232 957 στόλου
2260 904 2359 966 τὰς
2395 904 2687 967 ἐπιστολὰς
2716 904 3055 967 ἀπεσείοντο,
3091 903 3410 972 ἀποστάτην
3445 919 3505 955 τε
3533 901 3625 955 τὸν

371 987 509 1048 legis
532 988 739 1039 cultum
769 997 823 1041 et
855 989 1299 1043 observationem
1339 990 1638 1059 plurimum
1703 993 1945 1062 comple—

2083 993 2253 1047 ἶαῦλον
2288 994 2541 1059 ἐκάλουν,
2578 997 2722 1065 μόνῳ
2757 996 2815 1048 δὲ
2840 995 2919 1066 τῷ
2943 994 3068 1049 καθ’
3124 995 3416 1067 Ἐϐραίους
3451 993 3627 1062 Εὐαγ-

371 1078 685 1132 ctebantur.
716 1079 887 1133 Illicet
915 1090 974 1135 et
1000 1080 1246 1147 Apostoli
1289 1083 1550 1151 epistolas
1574 1098 1785 1148 omnes,
1818 1098 1949 1152 apo-

2085 1083 2218 1154 ελίῳ
2250 1085 2524 1139 διετέλουν
2556 1087 2994 1155 προστετηκότες
3025 1076 3055 1119 δ’
3076 1089 3172 1140 καὶ
3199 1087 3259 1139 τὸ
3290 1087 3390 1155 μὲν
3412 1082 3628 1137 Σάϐϐα-

370 1176 570 1219 statam
605 1178 661 1221 et
698 1170 1040 1225 desertorem
1074 1170 1300 1226 Paulum
1332 1174 1693 1242 appellantes,
1727 1174 1947 1243 ro‘jicie-

374 1262 497 1311 liam
524 1277 538 1314 ε
572 1269 627 1314 et
662 1262 761 1315 soli
791 1264 935 1332 quod
963 1265 1267 1318 secundum
1305 1266 1570 1321 chrmos
1595 1274 1737 1331 erat,
1769 1266 1948 1321 Evan-

2044 1192 2137 1229 τον
2197 1179 2295 1230 καὶ
2352 1179 2452 1248 τὴν
2513 1178 2684 1248 ἄλλην
2748 1179 2929 1232 αὐτῶν
2989 1180 3378 1248 παρατήρησιν
3432 1175 3628 1242 ἐπίσης

2048 1268 2282 1332 ἐκείνοις
2308 1270 2610 1340 ἐφύλαττον
2641 1287 2658 1303 ο
2690 1269 3097 1341 παραπλησίως
3145 1268 3193 1322 δ’
3224 1270 3359 1339 ἡμῖν
3392 1268 3486 1320 καὶ
3532 1269 3632 1330 τὰς

372 1352 517 1418 geiio
552 1353 835 1409 adhaerere
881 1358 1329 1423 perseverabunt.
1363 1359 1426 1410 Et
1469 1374 1593 1412 cum
1640 1358 1945 1413 Sahbatum

2083 1361 2342 1432 ἱνριακὰς
2369 1363 2576 1432 ιτίμων
2601 1363 2681 1426 είς
2711 1363 2934 1434 μνήμην
2960 1361 3064 1433 τῆς
3095 1361 3190 1415 τοῦ
3230 1359 3472 1431 Χριστοῦ
3500 1360 3631 1412 ἀνα-

374 1442 650 1512 aliatnque
695 1460 886 1499 eorum
941 1447 1385 1504 observationem
1415 1464 1634 1504 omnem
1683 1464 1748 1503 ex
1790 1465 1950 1518 teque
2053 1453 2318 1516 στάσεως.

377 1552 500 1589 cum
540 1538 648 1592 illis
685 1550 990 1602 servarent.
1025 1542 1387 1597 nihilominus
1417 1554 1473 1599 et
1508 1544 1798 1599 nobiseum
1846 1542 2162 1603 Dominicos
2231 1549 2350 1603 dies
2423 1551 2491 1604 ad
2557 1550 2769 1606 Christi
2822 1548 3260 1606 resurrectionis
3288 1532 3630 1603 memoriam

380 1634 660 1691 Culehant.

857 1752 1018 1823 243
1056 1751 1283 1807 CAPUT
1324 1750 1469 1806 xw.

767 1842 842 1895 De
890 1842 1138 1898 Cerintho
1175 1843 1549 1899 haeresiarcha.

2663 1753 2917 1809 ΚΕΦΛΛ.
2951 1753 3049 1807 ῐΔ’.

2322 1844 2460 1912 Περὶ
2490 1844 2790 1913 Κηρίνθου
2815 1844 2923 1899 τοῦ
2954 1843 3373 1913 αἱρεσιιὶρχου.

456 1952 656 2007 Eadem
714 1962 876 2010 aetate
923 1965 979 2009 et
1030 1955 1361 2011 Cerinthum
1405 1957 1697 2027 quemdam
1727 1959 1956 2015 alterius

2129 1957 2209 2028 Τῇ
2229 1957 2437 2029 δἀὐτῇ
2476 1954 2573 2010 τοῦ
2617 1958 2812 2028 χρόνου
2878 1958 3022 2029 φορᾷ
3070 1958 3165 2010 καὶ
3202 1954 3474 2025 Κήρινθόν
3518 1972 3642 2008 τινα

385 2046 613 2100 haeresis
636 2046 832 2100 ducem
858 2047 1053 2113 fuisse,
1087 2049 1327 2118 scriptor
1351 2051 1763 2105 ecclesiasticus
1795 2050 1966 2107 Caius

2083 2048 2239 2119 ἱλλης
2299 2050 2568 2119 αίρέσεως
2639 2049 2880 2121 ἀρχηγὸν
2932 2050 3092 2113 Γάϊος
3155 2049 3643 2116 ἐκκληστιαστικδς

384 2147 799 2202 commemorat,
828 2140 900 2193 ita
919 2140 1110 2194 dicens
1137 2155 1153 2193 :
1190 2140 1330 2194 «Sed
1357 2149 1412 2194 et
1430 2139 1731 2196 Cerinthus
1760 2159 1857 2211 per
1878 2159 1967 2199 re-

389 2231 695 2284 velationes
734 2232 882 2284 velut
910 2249 937 2284 a
965 2246 1162 2301 magno
1191 2232 1440 2301 apostolo
1469 2233 1725 2302 scriptas,
1767 2235 1964 2288 verbo-

2068 2138 2206 2209 ἀνὴρ
2238 2139 2444 2207 ἱστορεῖ
2467 2139 2724 2207 γενέσθαι
2748 2156 2762 2172 ο
2786 2159 2805 2192 ι
2853 2139 3013 2194 ’Λλλὰ
3043 2141 3136 2192 καὶ
3157 2138 3430 2210 Κήρινθος
3462 2138 3570 2191 ὁδι⁹
3586 2140 3645 2190 ἁ-

2071 2228 2429 2299 ποκαλύψεων
2451 2231 2523 2292 ὡς
2542 2230 2647 2284 ὑπὸ
2666 2231 2965 2285 ἀποστόλου
2987 2233 3229 2300 μεγάλου
3240 2230 3649 2301 γεγραμμένων

390 2339 510 2376 rum
541 2334 796 2393 portenta
837 2327 997 2379 nobis
1029 2334 1289 2395 tanquam
1324 2342 1422 2396 per
1450 2329 1674 2398 angelos
1694 2329 1742 2384 ei
1770 2330 1969 2385 tradita

2083 2323 2452 2390 τερατολογίας
2481 2324 2614 2395 ἡμῖν
2631 2325 2701 2386 ὡς
2722 2324 2791 2379 δι’
2807 2325 3060 2394 ἀγγέλων
3092 2324 3241 2395 αὐτῷ
3263 2323 3650 2393 δεδιδαγμένας

395 2416 659 2468 mentitus
678 2416 909 2477 inducit,
937 2426 1058 2485 post
1091 2418 1553 2474 resurrectionem
1580 2430 1838 2476 astruens
1860 2434 1972 2477 ter-

2068 2412 2401 2480 ψευδόμενος
2431 2413 2738 2479 ἐπεισάγει,
2793 2411 2991 2482 λέγων,
3044 2414 3184 2485 μετὰ
3211 2416 3311 2484 τὴν
3354 2414 3659 2466 ἀνάστασιν.

394 2521 585 2560 renum
643 2507 890 2562 futurum
942 2509 1152 2565 Christi
1200 2526 1454 2581 regnum,
1509 2522 1565 2567 et
1625 2513 1883 2568 homines
1915 2514 1971 2569 in

2083 2505 2318 2572 ἐπίγειον
2345 2500 2484 2557 εἶναι
2514 2505 2576 2558 τὸ
2603 2504 2878 2574 βασίλειον
2908 2503 3002 2558 τοῦ
3038 2504 3281 2575 Χριστοῦ
3311 2521 3327 2537 ⁸
3356 2506 3449 2558 καὶ
3490 2502 3652 2556 πάλιν

389 2613 557 2653 carne
581 2603 1063 2657 conversationem
1096 2603 1495 2673 cupiditatibus
1521 2617 1576 2659 et
1595 2606 1975 2677 voluptatibus

391 2690 692 2761 subiectam
726 2694 908 2748 denuo
934 2694 1077 2764 apud
1109 2694 1415 2750 Jerusalem
1448 2696 1758 2751 habituros.
1795 2698 1973 2765 Atque

392 2800 520 2838 cum
547 2800 832 2840 sacrarum
876 2787 973 2840 Dei
1021 2786 1439 2855 Scripturarum
1476 2788 1548 2843 sit
1581 2790 1774 2853 hostis,
1812 2790 1977 2844 sedu-

392 2892 520 2932 cere
553 2880 805 2933 homines
834 2880 1049 2944 voleus,
1077 2881 1227 2935 mille
1256 2895 1437 2936 tamen
1460 2898 1735 2937 annorum
1761 2884 1980 2953 nuptia-

396 2985 521 3024 rnm
568 2970 992 3026 celebritatibus
1034 2972 1371 3028 destinatum
1430 2975 1602 3030 refert
1648 2976 1747 3046 (ι).
1794 2994 1813 3028 ι
1846 2977 1978 3047 Ejus

396 3063 570 3117 etiam
608 3063 901 3135 Dionysius
937 3064 1345 3121 Alexandrinus
1376 3068 1431 3122 in
1471 3068 1716 3139 secundo
1746 3068 1981 3123 Promis-

394 3155 605 3208 sionum
635 3158 701 3209 de
732 3155 960 3210 Joannis
981 3157 1309 3230 Apocalypsi
1338 3158 1483 3214 libro
1517 3161 1769 3214 meminit
1802 3179 1815 3214 :
1849 3160 1981 3218 «Ce-

401 3246 673 3311 rinthum,
698 3247 908 3311 dicens.
934 3249 1031 3317 qui
1054 3258 1113 3305 et
1141 3265 1171 3304 a
1197 3265 1254 3305 se
1290 3250 1628 3306 nominatam
1659 3251 1976 3308 Ccrintbia-

2073 2598 2393 2668 ἐπιθυμίαις
2424 2598 2518 2651 nat
2563 2598 2780 2666 ἡδοναῖς
2809 2600 2868 2652 ὲν
2932 2597 3288 2670 Ἰερουσαλὴμ
3319 2600 3420 2666 τὴν
3472 2598 3653 2666 σάρκα

2074 2690 2503 2761 πολιτευομένην
2530 2690 2805 2745 δουλεύειν
2832 2707 2851 2723 ο
2872 2691 2966 2744 καὶ
2992 2690 3187 2763 ἐχθρὸς
3218 2689 3482 2761 ὑπάρχων
3533 2691 3654 2752 ταῖς

2074 2782 2321 2854 Γραφαῖς
2381 2781 2478 2834 τοῦ
2529 2782 2687 2848 Θεοῦ,
2752 2783 2986 2853 ἀριθμὸν
3027 2782 3318 2855 χιλιοετίας
3363 2784 3421 2835 ὲν
3473 2783 3653 2851 γάμου

2076 2875 2239 2948 ἑορτῇ
2269 2875 2439 2928 θέλων
2464 2877 2673 2945 πλανᾷν
2703 2875 2853 2944 λέγει
2894 2874 3171 2944 γενέσθαι.
3204 2892 3224 2926 ι
3256 2874 3364 2928 Τοῦ
3391 2873 3438 2926 δ’
3488 2872 3651 2927 αὑτοῦ

2077 2968 2168 3021 καὶ
2199 2966 2476 3030 Διονύσιος
2502 2968 2528 3019 ὁ
2572 2967 2988 3039 Ἀλεξανδρείας
3030 2969 3309 3040 μέμνηται
3340 2967 3397 3020 ἐν
3421 2965 3654 3037 δευτέρα

2081 3062 2193 3116 τῶν
2232 3062 2607 3132 Ἐπαγγελιῶν
2637 3065 2768 3134 περὶ
2798 3063 2895 3136 τῆς
2939 3063 3190 3119 Ἰωάννου
3236 3062 3616 3133 ’Δποκλύψεως
3639 3076 3654 3091 ·

2084 3155 2416 3225 «Κήρινθον,
2446 3154 2649 3224 λέγων,
2678 3156 2771 3210 τὸν
2791 3156 3000 3229 καὶίτην
3019 3157 3336 3211 ἀπ’ὲκείνου
3367 3157 3660 3228 κληθεῖσαν

2082 3246 2457 3318 Κηρινθιανὴν
2533 3236 2752 3319 αἳρεσιν
2835 3252 3271 3321 συστησάμενον,
3350 3250 3661 3317 ἀξιόπιστον

402 3355 529 3392 nam
579 3340 827 3396 hmresim
884 3340 1148 3407 instituit,
1207 3342 1546 3413 condignum
1601 3343 1977 3416 idoneumque

2083 3338 2414 3408 ἐπιφημίσαι
2442 3338 2751 3410 θελήσαντα
2781 3342 2858 3412 τῷ
2914 3343 3110 3397 ἑαυτοῦ
3164 3342 3443 3416 πλάσματι
3472 3342 3662 3413 ὄνομα.

407 3434 666 3497 ligmento
698 3449 800 3487 suo
832 3448 1035 3489 nomen
1065 3435 1169 3490 sibi
1198 3435 1363 3506 vulgo
1411 3451 1671 3507 arrogare
1717 3438 1978 3492 voluisse.

406 3522 719 3591 Disciplina.-
765 3525 971 3595 quippe
1013 3526 1135 3597 ejus
1202 3526 1353 3581 illam
1403 3528 1576 3583 luisse
1638 3529 1981 3593 doctrinam,

411 3613 717 3669 Terrenum
740 3614 834 3670 Dei
860 3631 1088 3687 regnum
1108 3617 1266 3672 fore:
1289 3624 1349 3673 et
1373 3632 1606 3687 quarum
1631 3634 1817 3674 rerum
1845 3619 1983 3690 ipse.

407 3707 499 3778 qui
530 3710 781 3776 corporis
805 3710 886 3763 sui
920 3723 1116 3764 amans
1139 3715 1198 3763 et
1225 3708 1526 3765 admodum
1554 3712 1794 3767 carnalis
1813 3721 1985 3780 esset,

408 3798 715 3869 cupiditate
753 3809 1059 3865 teneretur,
1102 3801 1319 3856 ventris
1363 3802 1645 3868 videlicet,
1692 3811 1749 3858 et
1796 3815 1988 3856 earum

407 3908 530 3962 qua!
560 3894 666 3948 sub
698 3902 895 3949 ventre
928 3902 1061 3947 sunt
1084 3896 1326 3963 partium
1362 3894 1670 3965 voluptatis
1692 3903 1749 3949 et
1779 3893 1987 3948 exube-

410 3986 627 4053 rantia,
663 3986 717 4040 in
750 3986 833 4041 eis
862 3993 1124 4056 tanquam
1155 3988 1210 4041 in
1244 3987 1455 4042 somnis
1494 3987 1663 4041 vitam
1701 3995 1988 4055 peractum

409 4079 480 4135 iri
509 4098 522 4134 :
558 4080 664 4133 hoc
692 4087 796 4144 est,
825 4079 882 4133 in
915 4080 1113 4147 epulis.
1139 4077 1666 4150 compotationibus,
1692 4075 1987 4148 coniugiis,

411 4182 470 4227 et
495 4173 701 4244 quibus
736 4172 853 4227 haac
874 4172 1257 4243 plausibiliora
1281 4171 1718 4241 gratiosioraque
1741 4170 1857 4226 fore
1880 4170 1994 4225 lar-

411 4265 644 4336 giusque
671 4273 1007 4336 proventura
1028 4263 1468 4336 putavit,diebus
1486 4263 1663 4330 festis,
1684 4263 1991 4326 sacriﬁciis,

411 4365 469 4411 et
523 4357 869 4413 victimarum
923 4356 1370 4411 mactationibus.
1418 4373 1436 4407 ι
1502 4352 1626 4409 Haec
1681 4354 1992 4424 Dionysius.

416 4451 659 4505 lrenaeus
705 4459 915 4515 autem,
975 4464 1099 4503 cum
1153 4448 1259 4502 alia
1297 4448 1462 4501 etiam
1501 4448 1658 4517 plura
1705 4446 1996 4517 vertiginis

416 4544 577 4613 plena
612 4544 972 4599 deliramenta
1004 4544 1123 4613 ejus
1146 4542 1199 4596 in
1244 4543 1421 4613 prium
1444 4542 1641 4598 Contra
1672 4545 1894 4597 Itwreses
1926 4542 1996 4596 li-

413 4635 518 4690 bro
551 4635 859 4705 preposuit,
895 4645 1010 4689 tum
1040 4634 1093 4688 in
1132 4636 1297 4689 tertio
1327 4636 1575 4705 ejusdem
1605 4635 1791 4704 operis
1829 4634 1897 4688 de
1928 4646 1995 4686 eo

418 4727 685 4781 memoria
739 4726 960 4795 dignam
1008 4727 1293 4782 historiam
1354 4736 1625 4791 recenset,
1681 4742 1846 4794 quam
1897 4742 1996 4795 per

419 4818 772 4873 traditionem
810 4785 1093 4889 Polycarpi
1134 4818 1400 4888 Smyrnaei
1453 4817 1697 4887 episcoyi
1745 4830 1803 4871 se
1836 4831 1996 4870 acce-

421 4910 566 4978 pisse
600 4910 754 4963 dicit.
779 4910 915 4965 Cum
940 4927 1176 4980 namque
1206 4911 1507 4981 aliquando
1535 4910 1804 4965 Joannem
1863 4923 1998 4977 apo—

424 5004 631 5057 stolum
703 5003 900 5059 balneo
959 5004 1033 5059 uti
1085 5014 1383 5076 oporteret,
1422 5014 1477 5059 et
1514 5019 1635 5057 cum
1686 5002 1797 5073 jam
1868 5003 1996 5057 illuc

424 5099 772 5166 ingressurus
833 5098 1156 5154 Cerinthum
1224 5099 1375 5152 intus
1429 5112 1553 5152 esse
1607 5096 1997 5166 cognovisset,

424 5202 628 5260 quanta
654 5192 835 5262 potuit
862 5195 1146 5248 celeritate
1169 5192 1297 5245 inde
1325 5189 1553 5261 refugit,
1578 5205 1645 5243 ne
1673 5188 1776 5242 sub
1802 5187 1998 5242 eodem

424 5285 646 5354 quidem
687 5296 830 5341 tecto
883 5304 988 5341 una
1033 5303 1157 5342 cum
1209 5287 1303 5341 illo
1339 5302 1562 5340 manere
1593 5284 1800 5356 iustum
1851 5296 1981 5337 esse

2086 3429 2260 3483 Τοῦτο
2288 3431 2398 3502 γὰρ
2428 3426 2571 3484 εῖναι
2605 3434 2703 3503 τῆς
2745 3431 3097 3497 διδασκαλίας
3145 3434 3312 3489 αὑτοῦ
3340 3434 3401 3489 τὸ
3452 3435 3659 3504 δόγμα·
3761 3480 3767 3504 θ

2087 3523 2334 3593 ἐπίγειον
2383 3523 2604 3578 ἔσεσθαι
2637 3526 2735 3594 τήν
2766 3528 2861 3579 τοῦ
2897 3525 3032 3579 Θεοῦ
3090 3525 3371 3597 βασιλείαν
3395 3542 3409 3559 ·
3444 3526 3538 3579 καὶ
3592 3520 3665 3577 ὧν

2087 3615 2251 3679 αὐτὸς
2280 3616 2544 3687 ὠρέγετο,
2565 3615 2948 3688 φιλοσώματος
2978 3618 3054 3671 ὢν
3076 3619 3169 3673 καὶ
3216 3620 3357 3673 πάνυ
3376 3616 3664 3689 ’σαρκικὸς,

2088 3706 2148 3761 ὲν
2168 3708 2381 3770 τούτοις
2430 3706 2801 3776 ὀνειροπολεῖν
2855 3707 3077 3761 ἔσεσθαι
3131 3706 3369 3779 γαστρὸς
3419 3710 3511 3760 καὶ
3556 3707 3668 3759 τῶν

2091 3799 2197 3852 ὑπὸ
2257 3799 2504 3869 γαστέρα
2548 3797 2908 3875 πλησμονῶν,
2963 3799 3108 3854 τοῦτ’
3150 3795 3268 3853 ἔστι
3330 3801 3519 3864 σιτίοις
3575 3800 3671 3852 καὶ

2094 3892 2277 3954 ποτοῖς
2300 3892 2395 3945 καὶ
2423 3891 2626 3961 γάμοις
2651 3905 2664 3921 °
2698 3892 2792 3945 καὶ
2818 3892 2888 3945 δι’
2939 3886 3015 3946 ὧν
3070 3892 3451 3965 εὐφημότερον
3499 3891 3673 3945 ταῦτα

2092 3981 2248 4054 ᾠήθη
2286 3983 2619 4053 ποριεῖσθαι,
2661 3984 2875 4056 ἑορταῖς
2918 3985 3018 4039 καὶ
3047 3985 3265 4050 θυσίαις
3297 3986 3391 4040 καὶ
3456 3985 3672 4056 ίερείων

2097 4077 2353 4143 σφαγαῖς.
2392 4093 2412 4126 ι
2441 4074 2552 4128 Καὶ
2589 4076 2868 4139 Διονύσιος
2899 4076 2999 4146 μὲν
3022 4077 3197 4131 ταῦτα
3221 4093 3237 4108 ο
3267 4077 3559 4148 Εἰρηναῖος
3592 4075 3674 4143 δὲ,
3747 4106 3753 4113 -

2096 4168 2192 4220 καὶ
2221 4165 2385 4228 ἄλλας
2416 4167 2626 4234 ἰλίγγου
2655 4166 2883 4237 πλήρεις
2937 4168 3244 4237 φαντασίας
3276 4170 3336 4220 ἐν
3379 4170 3448 4238 τῇ
3480 4165 3674 4240 πρώτῃ

2095 4260 2207 4314 τῶν
2260 4261 2419 4329 Πρὸς
2448 4262 2553 4327 τὰς
2594 4262 2857 4331 αἱρέσεις
2888 4260 3251 4333 προθέμενος,
3275 4264 3333 4317 ἐν
3384 4262 3467 4334 τῷ
3507 4262 3675 4333 τρίτῳ

2097 4348 2196 4418 τῆς
2227 4352 2392 4406 αὐτοῦ
2427 4350 2816 4420 πραγματείας
2846 4353 2940 4406 καὶ
2966 4351 3138 4421 ἄλλην
3183 4354 3316 4423 ήμῖν
3348 4357 3479 4424 περὶ
3507 4353 3674 4406 αὑτοῦ

2098 4446 2266 4515 λήθης
2294 4446 2540 4514 ἱστορίαν
2568 4446 2668 4499 οὐκ
2708 4445 2867 4510 ἀξίαν
2894 4446 3150 4518 ἐπιφέρει
3178 4462 3193 4476 ’
3227 4449 3293 4519 ἢν
3327 4448 3394 4500 ὲκ
3446 4446 3681 4517 παραδό-

2101 4555 2237 4600 σεως
2272 4540 2635 4607 Πολυκάρπου
2658 4540 3110 4610 τοῦ,Σμυρναίων
3165 4541 3474 4593 ἐπισκόπου
3534 4542 3676 4609 ἔχειν

2102 4632 2269 4702 φησίν
2299 4650 2312 4663 ⁸
2349 4635 2425 4696 ὡς
2450 4634 2638 4705 χρείας
2668 4636 2992 4705 γενομένης,
3032 4637 3126 4688 τὸν
3157 4635 3462 4690 ἀπόστολον
3505 4634 3678 4687 Ἰωάν-

2102 4743 2201 4797 νην
2224 4725 2496 4797 βαλανείῳ
2519 4728 2833 4799 χρήσασθαι
2859 4743 2874 4758 ⁸
2904 4728 3103 4797 γνόντα
3125 4728 3204 4794 δὲ,
3232 4726 3336 4800 [ἐν]
3363 4716 3442 4797 τῷ
3466 4726 3673 4799 μέλλειν

2104 4819 2360 4884 εἰσιέναι,
2394 4820 2669 4889 Κήρινθον
2716 4819 2866 4876 ἔνδον
2902 4820 3056 4885 ὄντα,
3093 4820 3297 4891 θύραζε
3345 4821 3473 4872 ὅσον
3524 4818 3679 4887 τάχος

2104 4912 2262 4975 αὖθις
2288 4913 2663 4983 ἀναπηδῆσαι,
2698 4914 2835 4985 μηδὲ
2880 4914 2981 4983 τῆς
3003 4913 3170 4967 αὐτοῦ
3202 4915 3404 4984 στέγης
3452 4911 3688 4983 μεταλα-

2103 5005 2219 5071 χεῖν
2254 5004 2451 5074 ἐκείνῳ
2480 5004 2693 5059 δίκαιον
2725 5008 2987 5076 κρίναντα
3011 5020 3027 5035 '
3055 5005 3459 5076 εἰσηγήσασθαί
3501 5021 3562 5057 τι
3592 5005 3687 5056 καὶ

2099 5098 2210 5155 τοῖς
2241 5093 2363 5163 μετ’
2395 5094 2563 5148 αὑτοῦ
2593 5095 2775 5160 τοῦτο,
2831 5095 3123 5166 Φύγωμεν,
3150 5097 3494 5156 ἐπειπόντος,
3523 5092 3599 5164 μὴ
3628 5094 3689 5145 τὸ

2099 5186 2390 5255 βαλανεῖον
2418 5189 2555 5257 ήμῖν
2594 5189 2879 5261 συμπέσῃ,
2913 5189 3064 5244 ἔνδον
3103 5192 3255 5254 ὄντος
3288 5187 3564 5259 Κηρίνθου
3592 5184 3686 5239 τοῦ

2097 5279 2194 5351 τῆς
2218 5278 2482 5350 ἀληθείας
2511 5280 2735 5352 ἐχθροῦ.

426 5371 680 5449 Opinalus
723 5381 918 5453 :‘quod
953 5381 1117 5435 etiam
1158 5379 1225 5433 iis
1269 5379 1365 5450 qui
1399 5394 1525 5434 cum
1561 5394 1628 5433 eo
1671 5387 1835 5432 erant
1860 5372 2138 5447 persuasit
2175 5389 2190 5428 :
2261 5373 2585 5444 Fugiamus,
2654 5374 2941 5447 inquiens,
2980 5390 3050 5432 ne
3082 5375 3343 5432 balneum
3406 5368 3684 5433 concidat,

431 5475 485 5528 in
511 5490 620 5546 quo
650 5476 902 5531 veritatis
932 5476 1192 5530 inimicus
1213 5474 1517 5531 Cerinthus
1547 5474 1717 5530 lavat.

500 5657 578 5727 (l)
609 5654 998 5711 Chiliastarnm
1034 5654 1151 5711 sive
1188 5651 1620 5710 Millenariorum
1653 5653 1831 5726 origo.
