4046 6422
393 388 502 450 927

1628 392 2056 462 NICEPHORI
2101 403 2454 465 CALLISTI

3571 411 3671 476 9:28

393 519 444 558 et
478 524 726 562 sororem
759 507 980 579 (quippe
1020 513 1182 567 veluti
1215 510 1604 585 consponsain,
1644 529 1808 591 atque
1837 523 1975 578 adeo

2085 525 2360 591 γυναικὸς,
2391 526 2456 595 ἢν
2485 525 2549 597 δὴ
2582 529 2674 579 καὶ
2731 529 2967 600 αδελφὴν
3005 529 3104 599 τῆς
3157 530 3423 583 Θεοτόκου
3485 532 3672 595 φασὶν,

395 597 587 664 ﬁliam)
623 601 712 655 Dei
748 602 1052 660 Cenitricis
1090 605 1263 662 fuisse
1300 610 1514 675 dicunt,
1562 629 1671 668 non
1703 633 1772 672 ex
1821 620 1977 675 Anna

393 699 448 743 et
469 688 782 759 Joacltinto,
812 697 910 749 sed
945 713 1010 751 ex
1043 697 1263 754 Salome
1294 713 1350 756 et
1389 702 1633 774 Josepho
1657 708 1890 775 editam,
1922 722 1982 768 ut

395 783 606 838 dictum
661 797 765 852 est,
796 789 1170 858 progenitum,
1223 797 1471 867 martyrii
1508 816 1731 856 cursum
1791 806 1978 860 absol-

397 877 541 932 visse
570 890 784 935 constat
813 897 826 934 :
868 883 958 936 cui
998 885 1164 940 etiam
1193 901 1318 958 post
1353 890 1621 947 Jacobum
1669 895 1980 968 Hierosoly-

398 969 617 1024 tnitanae
651 972 908 1028 Ecclesiae
937 977 1096 1031 sedes
1150 984 1444 1038 commissa
1484 985 1688 1041 fuerat.
1737 987 1978 1060 Symeon

396 1061 498 1114 iste
547 1078 576 1115 a
613 1064 944 1132 quibusdam
1008 1068 1306 1133 haereticis,
1345 1076 1496 1128 velut
1546 1093 1689 1134 unus
1726 1092 1979 1148 postero-

400 1169 519 1206 rum
575 1155 798 1211 Davidis
834 1161 980 1226 (nam
1008 1161 1073 1214 ad
1129 1153 1180 1215 id
1230 1181 1404 1233 usque
1453 1177 1670 1238 tempus
1735 1172 1982 1242 inquire-

399 1246 623 1314 hantttr)
693 1261 744 1303 et
802 1254 1001 1322 regalis
1042 1257 1221 1310 tribus
1278 1258 1453 1323 ludat,
1516 1261 1803 1333 ipsiusque
1843 1268 1980 1322 adeo

391 1337 599 1395 Christi
634 1353 892 1411 agitatus,
915 1345 1134 1401 delatus
1155 1360 1240 1404 est
1270 1363 1364 1406 :et
1394 1365 1620 1423 propter
1647 1372 1797 1424 eum,
1831 1360 1977 1430 quod

392 1430 563 1486 libere
600 1435 888 1502 pulchram
945 1441 1346 1508 professionem
1379 1449 1759 1516 profiteretur,
1796 1456 1980 1524 gravis

392 1523 676 1578 :entulatio
708 1535 764 1580 et
790 1529 998 1585 invidia
1041 1534 1384 1606 principibus
1428 1541 1676 1596 incessit.
1709 1523 1816 1599 llic
1851 1561 1977 1600 cum

393 1617 590 1671 diebus
625 1621 883 1688 pluribus
934 1624 1070 1680 dura
1112 1631 1366 1696 verbera,
1406 1651 1528 1703 qua:
1553 1637 1604 1690 ei
1632 1636 1852 1693 Atticus
1881 1655 1981 1710 per

395 1719 665 1764 tormenta
707 1712 997 1780 inferebat,
1050 1719 1272 1775 fortiter
1302 1727 1649 1792 pertulisset,
1689 1731 1806 1799 pari
1852 1747 1976 1787 cum

389 1799 614 1854 Christo
641 1806 916 1874 supplicio
946 1819 1034 1865 est
1082 1811 1338 1870 allectus.
1383 1816 1632 1889 Namque
1658 1822 1714 1875 in
1752 1838 1973 1879 crucem

2081 616 2158 678 ὡς
2187 618 2498 686 σύννυμφον
2539 618 2712 688 αὐτῆς
2763 620 2928 673 οὖσαν
2979 623 3085 674 καὶ⁴
3132 622 3430 693 θυγατέρα,
3485 625 3584 675 οὐκ
3613 624 3670 690 ἐξ

2086 707 2288 776 Ἀννης
2308 713 2398 761 καὶ
2431 709 2523 762 τοῦ
2561 712 2838 782 Ίωακεὶμ,
2863 711 3000 767 ἀλλὰ
3027 714 3296 785 Σαλώμης
3319 718 3411 770 καὶ
3449 715 3669 785 Ἰωσὴφ,

2082 794 2159 856 ὡς
2197 795 2437 864 εἴρηται,
2486 797 2548 850 τὸ
2601 799 2697 851 τοῦ
2759 803 3060 872 μαρτυρίου
3115 802 3330 856 στάδιον
3393 803 3667 858 ὑπελθεῖν.

2082 887 2274 958 Τούτῳ
2305 889 2446 941 καὶὸ
2494 889 2597 959 τῆς
2653 890 3045 961 Ἰεροσολύμων
3101 895 3430 965 Ἐκκλησίας
3481 895 3671 965 θρόνος

2085 981 2227 1049 μετᾶ
2282 981 2541 1035 Ἰάκωϐον
2591 985 2899 1056 ἐπετράπη.
2953 980 3123 1047 Οὗτος
3181 986 3360 1039 τοίνυν
3389 989 3416 1039 ό
3446 987 3670 1055 Συμεὼν

2082 1073 2188 1126 ὑπό
2219 1090 2380 1126 τινων
2411 1076 2775 1144 αἰρεσιωτῶν,
2807 1078 2882 1141 ὡς
2909 1079 3182 1146 ἀπόγονος
3229 1075 3305 1130 ὢν
3364 1080 3460 1132 τοῦ
3504 1078 3668 1133 Δαϐὶδ

2083 1167 2653 1237 κατηγορηθεὶς(κώ
2684 1169 2793 1238 γὰρ
2850 1170 2980 1240 ἀχρι
3039 1168 3104 1240 δὴ
3157 1172 3252 1224 καὶ
3296 1170 3407 1222 τῶν
3461 1172 3667 1241 χρόνων

2083 1257 2294 1310 ἐκείνου
2322 1259 2665 1329 ἀνιχνεύοντο
2726 1262 2775 1313 οί
2799 1261 2855 1328 ἐξ
2896 1260 3066 1314 Ἰούδα
3097 1265 3195 1330 τῆς
3225 1259 3508 1331 βασιλικῆς
3538 1277 3670 1314 κατ-

2080 1351 2312 1420 ηγμένοι
2349 1353 2521 1422 φυλῆς
2544 1355 2585 1424 ),
2620 1355 2714 1406 καὶ
2736 1354 2812 1416 ὡς
2857 1354 2933 1425 τῷ
2950 1354 3172 1424 Χριστῷ
3191 1353 3330 1424 πρὸς
3358 1355 3547 1423 γένους
3569 1353 3665 1419 ὢν,

2082 1437 2150 1488 δι’
2177 1438 2237 1490 ὃν
2274 1441 2370 1493 καὶ
2399 1443 2460 1494 οὐ
2496 1444 2720 1513 μέτριος
2747 1443 2778 1495 ό
2812 1444 2973 1510 ζῆλος
3011 1447 3124 1507 τοῖς
3157 1445 3420 1515 ἄρχουσιν
3443 1440 3532 1516 ἦν,
3568 1444 3666 1514 τὴν

2083 1530 2255 1601 καλὴν
2305 1533 2601 1602 ὁμολογίαν
2650 1537 3198 1606 παρρησιασάμενος,
3235 1540 3328 1588 καὶ
3381 1537 3474 1588 ἐπὶ
3521 1536 3668 1588 πλεί-

2085 1638 2217 1685 στας
2253 1623 2363 1676 τῶν
2391 1625 2617 1695 ἡμερῶν
2646 1627 2830 1686 αἰκίας
2881 1629 3232 1698 καρτερήσας
3270 1627 3496 1697 συχνὰς,
3543 1627 3662 1680 Ἀτ-

2082 1713 2233 1768 τικοῦ
2251 1717 2350 1784 τὴν
2372 1716 2596 1771 κόλασιν
2624 1719 3002 1788 ἐπιφέροντος,
3035 1718 3254 1789 Χριστῷ
3282 1718 3665 1790 παραπλήσιον

2087 1807 2148 1860 τὸ
2189 1809 2344 1872 τέλος
2375 1809 2592 1867 παθεῖν.
2627 1809 2858 1881 Σταυρῷ
2893 1813 3000 1884 γὰρ
3035 1811 3314 1882 μετέωρος
3381 1811 3661 1880 ἐπαρθεὶς,

393 1895 666 1960 sublatus,
712 1897 779 1950 ad
814 1900 966 1955 illum
1003 1905 1253 1961 moriens
1288 1885 1557 1977 transiit;
1583 1928 1709 1968 cum
1756 1915 1978 1985 quidem

2085 1899 2222 1969 πρὸς
2250 1901 2415 1956 αὑτὸν
2449 1902 2702 1973 ἐκδημεί,
2751 1903 2931 1957 είκοσι
2994 1904 3091 1957 καὶ
3143 1902 3340 1956 ἐκατὸν
3401 1901 3665 1970 διαζήσας

391 1998 610 2042 centum
645 2001 700 2044 et
738 1993 926 2062 viginti
989 2000 1292 2069 peregisset
1347 2020 1542 2060 annos.
1595 2006 1802 2063 Scribit
1845 2025 1978 2067 sane

394 2079 753 2151 Hcgesippus,
788 2101 913 2140 cum
941 2104 1008 2142 eo
1038 2100 1289 2162 tempore
1315 2095 1486 2152 Juda-i
1523 2099 1686 2168 regite
1708 2101 1900 2169 stirpis
1925 2113 1981 2159 et

394 2174 572 2225 tribus
604 2175 1047 2246 inquirerentur,
1083 2186 1265 2255 ipsius
1298 2205 1524 2261 quoque
1557 2193 1853 2265 Symeonis
1882 2213 1980 2255 ac-

391 2277 698 2327 cusatores,
730 2272 873 2336 quod
935 2275 1192 2331 videlicet
1249 2296 1318 2334 ex
1378 2283 1460 2336 eis
1520 2296 1730 2351 essent,
1789 2298 1982 2359 captos

391 2367 534 2407 esse.
563 2355 720 2420 Quod
754 2361 796 2412 si
831 2363 957 2430 quis
989 2380 1134 2419 verae
1170 2372 1372 2424 rationi
1400 2383 1564 2443 atque
1595 2377 1978 2435 observationi

393 2446 632 2509 insistat,
689 2461 835 2504 recte
871 2453 1120 2522 profecto
1177 2458 1506 2530 Symeonetn
1576 2465 1723 2521 hunc
1751 2485 1818 2522 ex
1868 2470 1979 2524 illis

388 2536 560 2592 fuisse
595 2539 766 2606 dicat,
801 2547 897 2614 qui
937 2548 1231 2605 Dominum
1263 2555 1380 2609 suis
1407 2557 1653 2625 ipsorum
1697 2563 1874 2617 oculis
1902 2563 1977 2616 vi-

391 2632 599 2697 derint,
665 2647 721 2690 et
760 2641 996 2697 auribus
1033 2643 1339 2701 audierint.
1397 2652 1667 2721 Apertum
1713 2656 1978 2711 nimirum

390 2725 658 2780 indicium
704 2739 790 2786 est
868 2734 1190 2804 longavitas
1219 2740 1395 2810 ipsius
1427 2763 1440 2798 ι
1475 2754 1529 2798 ct
1574 2748 1720 2815 quod
1762 2749 1980 2804 divino-

385 2835 514 2873 rum
563 2823 984 2895 Evangeliorum
1019 2832 1291 2902 scriptura
1338 2836 1518 2893 Mariae
1555 2839 1835 2904 Cleophae,
1908 2859 1976 2898 ex

382 2929 504 2982 .quo
531 2915 678 2972 hunc
703 2931 1031 2990 prognatum
1085 2941 1210 2982 esse
1242 2945 1410 2999 supra
1447 2931 1710 3000 diximus,
1745 2942 1980 2996 mentio-

396 3022 526 3061 nem
590 3009 742 3064 facit.
795 3013 946 3069 Idem
1004 3016 1309 3076 historicus
1368 3026 1597 3082 alterius
1655 3031 1976 3103 cujusdam,

392 3099 559 3155 unius
588 3115 657 3156 ex
705 3103 801 3168 iis,
834 3111 930 3176 qui
971 3125 1037 3164 ex
1087 3125 1289 3181 genere
1319 3115 1428 3170 orti
1463 3131 1623 3176 erant
1653 3099 1974 3193 Salvatoris,

392 3195 482 3248 cui
527 3194 684 3251 Iuda:
736 3213 938 3256 nomen
1001 3201 1195 3272 fuerit,
1253 3210 1526 3277 meminit,
1556 3229 1718 3284 quem
1751 3220 1816 3271 ad
1855 3235 1974 3275 eam
2003 3237 2047 3294 ο

394 3302 619 3360 quoque
671 3296 890 3350 aetatem
933 3296 1134 3354 vixisse
1162 3298 1297 3355 dicit
1327 3320 1340 3357 :
1379 3314 1502 3372 post
1535 3307 1609 3372 id,
1643 3309 1790 3378 quod
1847 3322 1974 3366 ante

392 3385 676 3453 exposuit,
734 3392 1104 3456 quorumdam
1147 3393 1252 3449 sub
1280 3395 1594 3454 Domitiano
1629 3417 1729 3472 pro
1775 3401 1880 3459 fide
1921 3405 1974 3459 in

391 3474 674 3532 Christum
711 3491 996 3548 peractum
1045 3488 1398 3557 martyrium.
1437 3489 1645 3547 Scribit
1692 3506 1877 3549 autem
1910 3498 1978 3551 ad

399 3570 548 3623 hunc
609 3573 883 3626 modum:
923 3595 939 3626 ι
982 3575 1146 3648 246
1197 3579 1478 3637 Venerunt
1537 3584 1704 3654 igitur
1733 3595 1786 3640 et
1837 3602 1978 3656 pra:-

387 3661 621 3716 fuerunt
677 3661 936 3721 Ecclesiae
980 3674 1154 3736 omni,
1217 3661 1366 3728 velut
1402 3686 1673 3747 martyres
1699 3687 1753 3733 et
1789 3686 1976 3745 testes,

391 3753 626 3824 gentiles
647 3771 869 3826 quoque
901 3760 1121 3816 Domini
1148 3782 1161 3817 :
1186 3775 1239 3818 et
1281 3783 1412 3834 pace
1447 3767 1709 3825 Ecclesiis
1744 3773 1980 3841 reddita,

397 3859 572 3914 usque
630 3847 697 3901 ad
755 3849 1052 3922 Trajanum
1083 3853 1358 3912 Caesarem
1395 3872 1726 3916 manserunt
1765 3863 1982 3921 :donec

390 3937 586 4004 etiam,
622 3956 785 4009 quem
820 3943 1082 4016 diximus,
1114 3947 1353 4020 Syineon
1389 3950 1649 4022 Cleophis
1683 3955 1851 4021 illius,
1885 3972 1985 4026 pa-

394 4031 503 4084 trui
559 4032 799 4102 Domini,
837 4053 930 4105 per
965 4041 1304 4098 calumniam
1346 4045 1415 4099 ab
1469 4046 1748 4103 haereticis
1786 4051 1982 4106 eodem

395 4124 561 4179 modo
613 4127 758 4196 apud
796 4129 1038 4187 Atticum
1069 4137 1420 4192 consularem
1462 4138 1681 4198 delatus
1711 4152 1815 4198 est.
1877 4146 1983 4212 Qui

393 4216 512 4269 dies
535 4217 737 4274 multos
774 4229 972 4287 tortus,
1006 4225 1079 4280 ita
1127 4229 1449 4299 martyrium
1483 4232 1644 4298 obiit,
1680 4246 1979 4304 utomnes,

392 4317 559 4380 atque
603 4311 722 4382 ipse
770 4316 941 4370 etiam
1001 4319 1245 4385 Atticus,
1289 4323 1650 4393 mirarentur,
1701 4327 1985 4388 hominem

389 4412 614 4458 centum
647 4414 702 4460 et
744 4408 934 4479 viginti
981 4427 1156 4466 annos
1216 4424 1406 4469 natum
1459 4427 1670 4474 tantunt
1742 4422 1986 4491 perferre

390 4501 675 4554 tormenti.
707 4500 775 4554 Et
806 4501 852 4558 is
881 4503 1105 4558 tandem
1151 4507 1205 4560 in
1248 4522 1468 4564 crucem
1506 4513 1592 4583 agi
1625 4525 1709 4569 est
1735 4517 1977 4586 jussus.»

2084 1993 2391 2058 ἐνιαυτούς.
2431 1995 2659 2067 Ἱστορεῖ
2708 2013 2771 2065 γε
2805 1995 2913 2068 μὴν
2953 1996 2983 2051 ό
3022 1996 3390 2064 Ἡγήσιππος,
3427 1994 3499 2057 ὼς
3558 1994 3668 2065 ἄρα

2083 2089 2179 2142 καὶ
2215 2089 2343 2151 τοὺς
2373 2090 2716 2158 κατηγόρους
2739 2089 2930 2157 αὐτοῦ,
2958 2089 3310 2160 ζητουμένων
3342 2087 3667 2158 τοτηνικαῦ-

2082 2191 2151 2228 τα
2185 2175 2296 2227 τῶν
2330 2176 2439 2228 άπὸ
2465 2177 2566 2241 τῆς
2599 2177 2891 2248 βασιλικῆς
2922 2177 3101 2247 φυλῆς
3141 2176 3437 2242 Ἰουδαίων,
3461 2175 3539 2240 ὡς
3600 2177 3667 2229 ἂν

2083 2265 2139 2332 ἐξ
2169 2267 2350 2322 αὐτῶν
2409 2267 2593 2328 ὄντας,
2638 2266 2846 2322 ἁλῶναι
2899 2268 3100 2338 συνέϐη
3127 2283 3142 2298 ·
3179 2266 3426 2337 λογισμῷ
3454 2267 3502 2321 δ’
3558 2267 3668 2338 ἄρα

2081 2357 2297 2410 καὶτὸν
2349 2358 2616 2426 Συμεῶνα
2661 2361 2831 2412 εἰκότι
2868 2360 3149 2429 χρώμενος
3212 2361 3324 2412 τῶν
3379 2358 3668 2418 αὐτοπτῶν

2080 2449 2175 2501 καὶ
2217 2448 2500 2514 αὐτηκόων
2564 2450 2709 2502 εἴποι
2761 2448 2826 2502 ἄν
2866 2466 2952 2514 τις
2991 2449 3087 2503 τοῦ
3138 2451 3344 2519 Κυρίου
3391 2450 3664 2518 γενέσθαι,

2082 2542 2378 2608 ἀκραιφνεῖ
2427 2543 2717 2612 τεκμηρίῳ
2756 2542 2833 2611 τῷ
2894 2544 3092 2614 μακρῷ
3147 2545 3246 2614 τῆς
3307 2543 3450 2613 ζωῆς
3501 2541 3664 2595 αὐτοῦ

2082 2636 2601 2702 προσχρησάμενος,
2658 2635 2852 2705 καὶτῷ
2879 2636 3070 2705 μνείαν
3129 2635 3357 2705 ποιῆσαι
3408 2634 3506 2705 τὴν
3556 2635 3666 2687 τῶν

2081 2725 2244 2779 θείων
2277 2728 2626 2795 Εὐαγγελίων
2657 2730 2878 2800 γραφὴν
2909 2730 3125 2800 Μαρίας
3171 2731 3269 2800 τῆς
3315 2730 3412 2782 τοῦ
3455 2729 3666 2792 Κλοπᾶ,

2081 2819 2139 2885 ἐξ
2171 2815 2231 2873 οὗ
2266 2819 2432 2887 φῦναι
2464 2821 2668 2892 ταύτην
2697 2825 2792 2874 καὶ
2821 2824 3086 2892 πρότερον
3108 2824 3134 2875 ό
3169 2822 3323 2886 λόγος
3362 2822 3666 2891 ἱστόρησεν.

2091 2910 2151 2961 '0
2184 2910 2228 2962 δ’
2265 2911 2426 2972 αὐτὸς
2454 2913 2810 2982 συγγραφεὺς
2837 2913 2931 2965 καὶ
2959 2913 3149 2982 ἐτέρου
3170 2912 3283 2965 τῶν
3313 2912 3424 2965 ἀπὸ
3476 2911 3664 2980 γένους

2081 3002 2402 3071 φερομένων
2428 3003 2672 3072 ἀδελφῶν
2695 3003 2787 3057 τοῦ
2819 3003 3076 3074 Σωτῆρος
3103 3005 3244 3068 ἐνδις,
3266 2998 3309 3072 ᾧ
3329 3005 3499 3074 ὄνομα
3543 3003 3670 3056 Ἰού-

2080 3094 2196 3160 δας,
2229 3095 2424 3162 μνείαν
2457 3098 2695 3148 ποιεῖται
2723 3111 2738 3127 ο
2771 3097 2835 3149 όν
2861 3113 2997 3166 φησι
3034 3097 3130 3149 καὶ
3157 3096 3325 3166 μέχρι
3361 3097 3458 3166 τῆς
3499 3095 3667 3163 αὐτῆς

2082 3184 2376 3238 ἐπιϐιῶναι
2401 3187 2576 3256 ἀρχῆς
2607 3187 2748 3256 μετὰ
2792 3188 2892 3259 τὴν
2931 3189 3034 3262 ήδη
3062 3187 3332 3261 πρότερον
3367 3186 3669 3262 ίστορηθείο

2084 3293 2185 3330 σαν
2207 3277 2358 3348 αύτῷ
2387 3279 2528 3349 ὑπὲρ
2555 3279 2656 3346 τῆς
2690 3283 2771 3344 είς
2800 3282 3036 3353 Χριστὸν
3069 3283 3310 3347 πίστεως
3362 3281 3457 3334 ἐπὶ
3500 3284 3672 3352 Δομε-

2080 3370 2265 3426 τιανοῦ
2296 3389 2459 3426 τινων
2507 3374 2836 3445 μαρτυρίαν.
2870 3375 3076 3447 Γράφει
3129 3376 3188 3429 δὲ
3213 3373 3388 3440 οὕτως
3418 3391 3432 3408 ο
3476 3393 3494 3428 t
3535 3375 3667 3444 Ἐρ-

2083 3481 2267 3536 χονται
2325 3462 2420 3520 οὖν
2478 3469 2574 3522 καὶ
2600 3469 2969 3538 προηγοῦνται
3006 3470 3187 3541 πάσης
3223 3469 3555 3539 Ἐκκλησίας
3589 3467 3668 3530 ὡς

2087 3558 2361 3630 μάρτυρες
2397 3563 2490 3614 καὶ
2523 3563 2570 3614 οἰ
2595 3562 2705 3615 ἀπὸ
2739 3563 2930 3630 γένους
2963 3563 3058 3618 τοῦ
3106 3563 3314 3634 Κυρίου
3346 3579 3360 3594 ’
3393 3562 3488 3616 καὶ
3521 3578 3670 3631 γενο-

2087 3653 2257 3722 μένης
2291 3653 2516 3725 εἰρήνης
2559 3657 2614 3707 ἐν
2671 3657 2820 3726 πάσῃ
2861 3653 3184 3727 Ἐκκλησία,
3239 3655 3459 3726 μένουσι
3504 3655 3668 3725 μέχρι

2086 3746 2356 3816 Τραϊανοῦ
2377 3749 2656 3820 Καίσαρος
2683 3767 2698 3782 ο
2730 3751 2890 3822 ἄχρις
2915 3747 2976 3807 οὖ
2998 3753 3028 3804 ό
3049 3753 3111 3804 ἐκ
3145 3751 3288 3805 θείου
3307 3751 3400 3804 τοῦ
3432 3750 3663 3820 Κυρίου,

2085 3841 2114 3892 ό
2145 3842 2546 3911 προειρημένος
2573 3842 2802 3912 Συμεὼν
2837 3845 2954 3907 υίὸς
2985 3845 3200 3912 Κλοπᾶ,
3237 3842 3669 3915 συκοφαντηθείς

2087 3934 2192 3987 ὑπὸ
2222 3935 2328 3990 τῶν
2368 3938 2686 4006 αἰρετικῶν,
2716 3939 2978 4002 ὡσαύτως
2998 3941 3351 4012 κατηγορήθη
3379 3939 3472 3993 καὶ
3507 3937 3669 4002 αὐτὸς

2083 4022 2164 4094 τῷ
2195 4024 2343 4094 αὐτῷ
2374 4025 2520 4096 λόγῳ
2550 4027 2644 4080 ἐπὶ
2679 4027 2927 4081 Ἀττικοῦ
2956 4027 3052 4082 τοῦ
3088 4029 3356 4082 ὑπατικοῦ
3391 4044 3406 4059 °
3441 4030 3536 4083 καὶ
3566 4029 3670 4080 ἐπὶ

2087 4117 2315 4180 πολλαῖς
2364 4119 2601 4189 ἡμέραις
2660 4120 3041 4189 αἰκιζόμενος,
3095 4121 3480 4192 ἐμαρτύρησεν
3511 4137 3526 4153 ο
3589 4121 3665 4184 ὡς

2090 4213 2303 4274 πάντας
2338 4212 2811 4282 ύπερθαυμάζειν,
2847 4215 2943 4268 καὶ
2979 4215 3072 4267 τὸν
3116 4216 3422 4268 ὑπατικόν
3459 4213 3516 4278 ὃς
3542 4215 3669 4267 ἐκα-

2089 4306 2181 4358 τὸν
2202 4306 2380 4359 εἴκοσι
2420 4307 2709 4375 τυγχάνων
2741 4307 2902 4372 ἐτῶν,
2940 4308 3203 4376 ὑπέμεινε
3246 4309 3343 4362 καὶ
3372 4305 3664 4377 ἐκελεύσθη

2090 4400 2495 4471 σταυρωθῆναι.
2531 4419 2550 4454 ι
2583 4402 2801 4472 Μικρὸν
2839 4402 2897 4455 δὲ
2951 4401 3309 4470 παρακατιὼν
3354 4404 3382 4456 ό
3427 4418 3670 4472 συγγρα-

2092 4496 2248 4563 φεὺς,
2285 4497 2378 4548 καὶ
2411 4497 2480 4554 τὰ
2511 4499 2638 4566 περὶ
2668 4497 2780 4550 τῶν
2825 4497 3138 4566 εἰρημένων
3197 4493 3389 4560 εἰπὼν,
3444 4494 3667 4565 ὕστερον

299 4579 309 4589 ’
394 4590 685 4648 Paululum
714 4604 900 4651 autem
945 4598 1247 4655 historicus
1276 4579 1578 4671 digressus,
1610 4605 1702 4660 ubi
1737 4622 1802 4662 ea
1858 4625 1981 4678 quae.

2090 4587 2184 4642 καὶ
2212 4587 2384 4642 ταῦτα
2420 4588 2779 4659 προστίθησιν
2813 4604 2828 4619 ·
2865 4607 2884 4640 t
2933 4588 3022 4652 Ὡς
3052 4587 3162 4658 ἄρα
3195 4588 3362 4658 μέχρι
3408 4587 3518 4642 τῶν
3547 4587 3664 4640 τότε

389 4697 825 4743 commemorata
885 4699 1016 4744 sunt
1070 4691 1230 4757 dixit,
1285 4693 1490 4751 deinde
1531 4706 1587 4752 et
1636 4698 1729 4754 illa
1781 4699 1978 4754 addit:

395 4780 543 4848 quod
577 4784 642 4835 ad
687 4798 752 4837 ea
794 4799 967 4853 usque
1027 4794 1274 4858 tempora
1345 4787 1589 4846 Ecclesia
1617 4807 1758 4863 pura
1814 4802 1870 4848 et
1895 4795 1986 4850 in-

387 4883 652 4943 corrupta
713 4879 1082 4944 permanserit
1113 4884 1285 4952 virgo,
1317 4884 1373 4938 in
1426 4883 1565 4939 locis
1623 4887 1880 4942 obscuris
1927 4895 1986 4942 et

391 4966 714 5037 caliginosis
765 4969 968 5037 adhuc,
1004 4973 1050 5027 si
1095 4976 1188 5045 qui
1241 4986 1358 5031 tum
1395 4978 1732 5034 exstiterunt
1767 4979 1861 5050 qui
1897 4994 1986 5034 sa-

391 5074 520 5114 nam
569 5059 876 5117 doctrinam
939 5066 1237 5124 salutifera:
1289 5069 1697 5139 praedicationis
1731 5086 1987 5126 corrum-

392 5170 527 5225 pere
587 5165 720 5212 sunt
775 5160 980 5226 conati,
1040 5162 1520 5218 delitescentibus.
1553 5163 1852 5234 Postquam
1887 5181 1986 5221 au-

395 5265 500 5303 tein
532 5266 688 5307 sacer
714 5257 1088 5323 apostolorum
1143 5259 1350 5313 chorus
1390 5257 1614 5313 diverso
1641 5258 1835 5313 mortis
1886 5274 1980 5328 ge-

395 5361 530 5404 nere
571 5351 738 5403 vitam
774 5350 935 5416 ﬁniit,
993 5353 1390 5423 generatioque
1439 5368 1632 5408 eorum
1695 5355 1982 5426 praeteriit,

391 5442 487 5510 qui
511 5441 742 5497 auribus
775 5443 879 5513 ipsi
937 5446 1054 5500 suis
1083 5445 1326 5500 divinam
1382 5447 1710 5516 sapientiam
1747 5448 1984 5505 audive~

394 5550 553 5590 rant:
589 5543 703 5589 tum
740 5537 978 5606 primum
1011 5537 1306 5607 impiorunt
1336 5539 1714 5605 seductorum,
1741 5555 1839 5611 per
1862 5556 1989 5611 pcr-

393 5631 707 5693 egrinoruin
743 5631 1029 5686 doctorum
1063 5631 1478 5702 deceptionem,
1544 5634 1715 5689 coitio
1761 5643 1819 5690 et
1848 5649 1985 5691 con-

399 5721 627 5789 spiratio
694 5724 911 5778 initiuut
949 5725 1114 5794 cepit.
1150 5726 1251 5792 Qui
1308 5727 1530 5793 deinde,
1567 5728 1721 5782 nullo
1749 5728 1863 5799 jam
1916 5745 1981 5784 ex

401 5817 662 5884 apostolis
716 5817 952 5890 reliquo,
990 5819 1139 5874 nudo
1194 5820 1276 5891 (ut
1307 5820 1533 5890 dicitur)
1570 5821 1748 5892 capite
1789 5829 1985 5877 contra

2089 4685 2300 4755 χρόνων
2357 4684 2631 4755 παρθένος
2657 4681 2880 4752 καθαρὰ
2911 4683 3009 4737 καὶ
3038 4682 3369 4753 ἀδιάφθορος
3391 4682 3603 4751 ἔμεινεν
3629 4680 3658 4748 ἡ

2100 4776 2422 4845 Ἐκκλησία,
2456 4777 2514 4829 ἐν
2541 4776 2725 4847 ἀδήλῳ
2748 4792 2852 4829 που
2885 4777 3086 4848 σκοτίῳ
3108 4776 3464 4844 φωλευόντων
3502 4775 3666 4829 εἰσέτι

2087 4870 2208 4924 τότε
2237 4869 2370 4938 τῶν,
2397 4869 2448 4924 εί
2480 4869 2574 4924 καί
2623 4886 2770 4933 τινες
2799 4870 3071 4941 ὑπῆρχον,
3103 4869 3506 4939 παραφθείρειν
3551 4870 3671 4923 ἐπι-

2087 4964 2418 5036 χειρούντων
2445 4963 2539 5016 τὸν
2575 4961 2702 5032 ὑγιῆ
2765 4963 2969 5018 κανόνα
3000 4962 3094 5016 τοῦ
3139 4964 3412 5033 σωτηρίου
3463 4961 3674 5032 κηρύγ-

2091 5076 2283 5130 ματος.
2331 5059 2416 5121 Ὧς
2437 5057 2481 5111 δ’
2509 5060 2538 5111 ό
2563 5061 2711 5130 ίσρὸς
2743 5058 2853 5112 τῶν
2882 5057 3200 5112 ἀποστόλων
3231 5057 3390 5128 χορὸς
3416 5055 3675 5126 διάφορον

2087 5154 2304 5223 εἰλήφει
2352 5151 2448 5205 τοῦ
2509 5150 2632 5222 βίου
2677 5149 2854 5216 τέλος,
2902 5147 3268 5220 παρεληλύθει
3329 5165 3386 5201 τε
3447 5147 3674 5218 ήγενεὰ

2088 5249 2273 5318 ἐκείνη
2323 5247 2433 5300 τῶν
2455 5246 2649 5309 αὐταῖς
2679 5245 2874 5307 ἀκοαῖς
2905 5245 3004 5315 τῆς
3051 5245 3241 5298 ἐνθέου
3289 5243 3501 5330 σοφίας.
3535 5245 3676 5295 ἐπα-

2089 5343 2282 5397 κοῦσαι
2312 5340 2766 5412 κατηξιωμένων,
2801 5338 3108 5408 τηνικαῦτα
3144 5338 3242 5410 τῆς
3280 5337 3440 5390 ἀθέου
3470 5335 3676 5404 πλάνης

2089 5438 2266 5510 ἀρχὴν
2298 5435 2610 5506 ἐλάμϐανεν
2634 5435 2668 5504 η
2715 5433 2979 5494 σύστασις
3021 5432 3112 5486 διὰ
3161 5433 3258 5498 τῆς
3290 5429 3398 5482 τῶν
3437 5426 3676 5500 ἑτεροδι-

2087 5531 2374 5587 δασκάλων
2400 5531 2618 5601 ἀπάτης
2643 5546 2659 5560 θ
2691 5526 2741 5581 οἳ
2795 5529 2890 5582 καὶ
2919 5527 3013 5581 ἅτε
3071 5526 3298 5597 μηδενὸς
3345 5523 3455 5576 τῶν
3494 5522 3675 5576 αὐτῶν

2090 5627 2406 5684 ἀποστόλων
2436 5625 2784 5694 λειπομένου,
2851 5625 3035 5693 γυμνῇ
3088 5622 3273 5674 λοιπὸν
3332 5620 3543 5688 κεφαλῇ
3596 5614 3673 5685 τῷ

2089 5726 2188 5796 τῆς
2238 5721 2504 5794 ἀληθείας
2549 5720 2870 5792 κηρύγματι
2917 5719 3014 5788 τὴν
3071 5714 3424 5786 ψευδώνυμον
3471 5711 3674 5781 γνῶσιν

2090 5817 2510 5889 ἀντικηρύττειν
2532 5816 2873 5885 ἐπεχείρουν.
2910 5833 2928 5866 ›
2974 5813 3030 5867 Ὀ
3059 5816 3156 5882 μὲν
3187 5809 3278 5863 οὖν
3319 5809 3671 5880 Ἡγήσιππος
