4046 6424
338 409 442 474 92:)

1260 412 1878 475 ECCI.ESIASTIC2E
1921 410 2312 472 HISTORIA!
2355 412 2508 476 LlB.
2549 413 2666 474 ΙΙΙ.

3503 413 3606 474 93;)

337 522 515 576 ταῦτα
539 539 552 552 ⁸
589 523 750 592 ἡμεῖς
770 521 828 576 δὲ
863 520 924 576 τὸ
952 523 1140 576 λεῖπον
1170 524 1266 619 ξῆς
1295 521 1571 593 Τραϊανοῦ
1601 520 1920 582 δυναστείας

2026 520 2278 575 veritatis
2327 521 2773 590 prtedieationem
2822 520 2957 576 falso
3024 522 3361 577 nominatam
3421 523 3607 577 scien-

337 617 404 687 τῇ
438 613 650 687 ἱστορίᾳ
689 613 1138 684 ἐπισυνάψωμεν.

937 903 1193 960 ΚΕΦΑΛ.
1223 904 1326 959 lZ'.

345 997 480 1065 Περὶ
509 995 614 1050 τοῦ
643 996 794 1068 κατὰ
826 997 1116 1068 Τραϊανὸν
1143 995 1406 1068 διωγμοῦ
1425 1013 1440 1030 ο
1473 997 1573 1068 καί
1613 990 1742 1051 οἷον
1782 996 1922 1065 δόγ-

475 1083 562 1136 μα
601 1062 794 1131 οὗτος
850 1062 1002 1121 κατὰ
1040 1062 1412 1134 Χριστιὰόρῶν
1439 1067 1752 1137 ἐξήνεγκε.

425 1180 484 1233 Ὀ
511 1180 610 1249 μὲν
631 1174 722 1233 οὖν
751 1180 992 1248 διωγμδις
1023 1180 1188 1243 πολὺς
1227 1181 1320 1234 καὶ
1365 1181 1627 1250 ἀκμάζων
1685 1181 1922 1250 μάλιστα

343 1269 412 1342 ἦν
439 1289 452 1302 '
487 1277 577 1328 καὶ
620 1273 900 1340 τοσοῦτον,
935 1273 1010 1336 ὡς
1040 1277 1135 1327 καί
1165 1292 1284 1327 τινα
1337 1273 1552 1328 Πλίνιον
1611 1275 1920 1337 Σεκοῦνδον,

277 1355 280 1360 ’
345 1370 401 1420 ὲν
426 1371 536 1430 τοῖς
559 1368 792 1436 ἡγεμόσι
823 1367 1107 1436 διάσημον,
1134 1368 1196 1420 τὸ
1241 1366 1444 1437 πλῆθος
1476 1368 1582 1420 τῶν
1628 1368 1941 1437 μαρτύρων·

345 1460 578 1530 ὁρῶντα,
630 1458 843 1530 βασιλεῖ
875 1459 1014 1530 πρὸς
1063 1459 1253 1527 λόγους
1301 1460 1497 1524 ἐλθεῖν,
1563 1461 1655 1513 καὶ
1690 1461 1748 1512 τὸ
1787 1459 1921 1512 πολὺ

343 1549 438 1604 τοῦ
475 1551 714 1621 πλήθους
755 1552 866 1606 τῶν
896 1553 1038 1622 ὑπὲρ
1067 1551 1166 1620 τῆς
1225 1554 1460 1615 πίστεως
1516 1553 1924 1620 ἀναιρουμένων

345 1643 744 1714 ὑποσημῆναιο
796 1647 889 1698 καὶ
927 1645 1043 1715 ἃμα
1099 1645 1396 1715 μηνύοντα,
1454 1646 1619 1715 μηδὲν
1679 1665 1732 1698 τι
1775 1646 1926 1709 παρὰ

342 1740 469 1799 τοὺς
497 1737 696 1806 νόμους
724 1738 992 1807 πράττειν
1035 1738 1404 1808 Χριστιανοὺς
1457 1739 1673 1791 ἀνόσιον
1721 1739 1922 1806 φάναι·

346 1831 486 1898 πλήν
519 1849 578 1896 γε
603 1830 664 1900 δὴ
685 1831 766 1884 ὅτι
794 1830 910 1900 ἅμα
957 1831 1032 1902 ἕῳ
1079 1833 1491 1900 ἐξανιστάμενοι
1545 1833 1633 1885 τὸν
1685 1831 1922 1902 Χριστὸν
1953 1869 1997 1924 Β

344 1918 431 1974 οἷα
470 1923 604 1974 Θεὸν
637 1923 946 1992 εὐφημοῦσι
971 1936 987 1952 °
1031 1923 1140 1976 τῶν
1169 1940 1232 1990 γε
1272 1923 1379 1991 μὴν
1431 1923 1704 1992 ἀθεμίτων
1747 1924 1922 1990 ἔργων

347 2014 661 2068 παντάπασι
693 2015 1024 2068 καθεστᾶσιν
1075 2016 1152 2078 ὡς
1201 2017 1554 2086 πορρωτέρω.
1609 2015 1833 2079 Τούτοις
1875 2016 1922 2069 δ’

345 2104 745 2159 ἐπικλασθέντα
805 2108 918 2170 τοῖς
973 2108 1184 2176 ῥήμασι
1251 2108 1344 2159 τὸν
1392 2108 1684 2176 Τραϊανὸν,
1748 2107 1922 2176 δόγμα

346 2200 519 2252 θεῖναι
547 2197 740 2251 τοιόνδε
768 2214 782 2230 ·
821 2199 893 2252 Τὸ
950 2199 1296 2270 Χριστιανῶν
1323 2198 1489 2268 φῦλον
1545 2201 1617 2270 μὴ
1679 2201 1923 2270 ἑκζητεῖ-

347 2290 469 2343 σθαι
491 2291 610 2360 μὲν,
669 2291 909 2363 ἐμπεσὸν
957 2292 1018 2351 δὲ,
1070 2293 1417 2355 κολάζεσθαι.
1461 2293 1769 2347 Κάντεῦθεν
1825 2293 1926 2362 μὲ-

342 2401 493 2456 τριον
519 2386 620 2454 μὲν
672 2386 798 2440 ὅσον
855 2386 948 2439 τδν
999 2385 1240 2454 διωγμὸν
1283 2385 1781 2455 άναχαιτισθῆναιο
1848 2386 1924 2458 μὴ

343 2479 580 2547 πάμπαν
607 2478 776 2533 δὲκαὶ
796 2480 907 2542 τοῖς
930 2481 1263 2549 κακουργεῖν
1285 2481 1588 2550 ᾑρημένοις
1644 2482 1924 2554 ἀνεπιχεί-

345 2588 487 2641 ρητα
520 2570 588 2624 τὰ
612 2573 856 2641 ἡμέτερα
895 2567 1035 2624 εἶναι
1061 2573 1184 2634 ταῖς
1231 2573 1456 2644 ἐκείνων
1479 2573 1813 2638 ἐπιϐουλαῖς,
1847 2577 1920 2646 πῆ

347 2665 446 2732 μὲν
473 2665 585 2717 τῶν
623 2667 811 2736 δήμων
838 2667 1035 2730 αὐτῶν,
1071 2667 1147 2736 πῆ
1189 2667 1246 2719 δὲ
1298 2669 1396 2720 καὶ
1451 2669 1730 2740 ἀρχόντων
1784 2673 1924 2724 κατά

344 2757 527 2825 χώρας
551 2759 682 2826 ἡμῖν
739 2757 1204 2826 ἐπεγειρομένων,
1256 2757 1332 2822 ὡς
1360 2760 1456 2812 καὶ
1498 2762 1793 2828 προφανῶς
1849 2762 1922 2832 μὴ

347 2852 846 2922 ἐπικηρυττομένου
873 2849 1166 2904 καθολικοῦ
1208 2851 1489 2919 διωγμοῦ’
1550 2854 1812 2921 μερικοῦς
1877 2856 1924 2908 δ’

346 2944 493 3013 ὅμως
519 2942 642 2996 κατ’
664 2942 932 3011 ἐπαρχίας
957 2941 1220 2994 κινεῖσθαί
1247 2959 1420 3006 τινας,
1458 2944 1533 3002 ὡς
1567 2945 1662 2996 καὶ
1697 2945 1922 3006 πολλοὺς

346 3035 594 3088 ἐντεῦθεν
633 3034 1045 3087 ἀναδείκνυσθαι
1075 3035 1383 3104 μάρτυρας.
1414 3034 1600 3088 Ταῦτα
1625 3037 1925 3106 Τερτυλιαο

345 3127 434 3190 νδς
457 3127 661 3195 ἱστορεῖ
689 3127 744 3178 ὲν
770 3127 834 3195 τῇ
863 3123 994 3192 παρ’
1021 3124 1186 3177 αὑτοῦ
1211 3124 1591 3196 συγγραφείσῃ
1641 3125 1921 3196 Ῥωμαϊκῇ

2025 614 2153 665 tiam
2184 614 2530 683 promulgare
2559 625 2684 669 sunt
2714 615 2858 669 ausi.
2892 634 2910 668 ι
2938 615 3006 669 Et
3031 615 3148 670 hac
3171 615 3393 684 quidem
3428 615 3603 680 Hege-

2021 703 2227 772 sippus.
2292 703 2402 758 Nos
2469 721 2632 775 porro
2689 707 2964 776 reliquum
3034 707 3258 778 Traiani
3309 707 3603 777 imperium

2023 794 2266 850 historiae
2305 796 2394 852 hic
2429 797 2853 868 subjungamus.

2599 913 2824 970 CAPUT
2864 913 3027 968 XVII.

2027 1004 2101 1058 De
2143 1009 2500 1074 persecutione
2547 1006 2646 1077 sub
2701 1007 2969 1075 Trojano,
3009 1016 3059 1060 et
3089 1007 3246 1077 quale
3295 1009 3521 1061 edictum
3559 1007 3603 1061 is

2308 1087 2493 1130 contra
2529 1076 2856 1131 Christianos
2883 1076 3315 1147 promulgaverit.

2095 1189 2413 1244 Persecutio
2443 1190 2609 1258 igitur
2651 1198 2764 1244 tum
2819 1191 2885 1244 ad
2919 1207 3194 1245 summum
3229 1202 3551 1260 pervenerat
3586 1210 3598 1245 :

2024 1283 2163 1334 a-leu
2214 1292 2272 1336 ut
2306 1281 2472 1335 etiam
2530 1283 2740 1336 Plinius
2785 1281 3094 1349 Secundus,
3134 1283 3276 1338 inter
3307 1285 3602 1352 provincim

2025 1383 2268 1427 rectores
2316 1373 2651 1442 praecipuus.
2707 1373 2852 1442 quod
2894 1383 3098 1427 tantam
3153 1382 3451 1444 martyrum
3483 1390 3602 1428 esse

2025 1465 2236 1518 videret
2295 1465 2728 1529 multitudinem,
2783 1465 2852 1519 ad
2909 1467 3303 1534 imperatorem
3353 1465 3600 1520 referen-

2026 1555 2181 1616 dutn,
2211 1565 2265 1611 et
2308 1557 2521 1609 turbam
2579 1565 2785 1610 tantam
2833 1572 3021 1610 eorum
3059 1559 3149 1626 qui
3193 1572 3290 1626 pro
3323 1558 3425 1609 lide
3474 1557 3596 1609 caesi

2025 1657 2232 1714 essent,
2260 1649 2308 1701 ei
2333 1648 2747 1718 significandam
2791 1649 3030 1705 duxerit.
3066 1649 3158 1702 illo
3189 1653 3356 1702 etiam
3388 1649 3598 1708 additu,

2027 1755 2133 1793 non
2170 1743 2466 1810 quidquam
2536 1741 2762 1794 sceleris
2823 1743 3188 1811 contraxi-ges
3251 1740 3604 1794 Christianus

2027 1834 2394 1898 committere,
2444 1845 2806 1904 praeterquam
2860 1835 3004 1902 quod
3063 1850 3186 1886 cum
3237 1836 3416 1903 primo
3447 1834 3592 1886 dilu-

2025 1927 2150 1979 culo
2175 1936 2592 1996 consurgentes,
2623 1925 2906 1982 Christum
2958 1936 3214 1995 tanquam
3264 1927 3429 1978 Deum
3482 1927 3596 1978 lan-

2025 2024 2189 2079 dibus
2237 2021 2543 2086 celebrent,
2611 2035 2639 2072 a
2698 2019 2986 2073 sceleratis
3041 2019 3300 2072 oinnibus
3381 2019 3602 2089 ﬂagitiis

2026 2113 2368 2169 alienissimi.
2403 2111 2616 2178 Quibus
2667 2111 2852 2164 verbis
2882 2109 3149 2180 Trajanus
3186 2109 3380 2171 ﬂexus.
3429 2111 3592 2183 247

2025 2205 2075 2259 ei
2107 2204 2430 2273 rescripsit:
2459 2202 2905 2258 Christianorum
2960 2204 3184 2272 quidem
3235 2216 3457 2274 gentem
3490 2221 3599 2258 non

2025 2297 2411 2366 inquirendam
2465 2313 2627 2363 esse,
2687 2298 2901 2352 oblatos
2953 2314 3082 2352 vero
3134 2298 3320 2368 puniri
3372 2299 3597 2353 debere.

2026 2391 2260 2446 Proinde
2287 2393 2370 2446 vis
2408 2400 2463 2446 et
2505 2391 2817 2461 persecutio
2851 2407 2915 2445 ea
2964 2391 3315 2461 aliquatenus
3348 2392 3600 2462 quidem

2027 2483 2270 2539 cohibita
2333 2493 2444 2547 εει,
2494 2499 2603 2536 non
2644 2494 2822 2536 tamen
2877 2499 2966 2538 res
3019 2483 3482 2543 Christianorum.
3535 2486 3603 2538 ab

2027 2575 2244 2631 insidiis
2309 2590 2502 2630 eorum
2544 2576 2637 2644 qui
2687 2575 2809 2630 illos
2866 2576 3104 2646 allligere
3161 2576 3600 2640 constituissent,

2026 2675 2156 2720 tutas
2217 2681 2443 2735 prorsus
2481 2665 2654 2721 luere.
2695 2666 2913 2720 Alicubi
2958 2666 3108 2719 enim
3165 2666 3400 2735 populus
3457 2666 3598 2734 ipse,

2037 2759 2240 2813 alicubi
2292 2775 2424 2813 vero
2455 2771 2509 2812 ct
2542 2759 2803 2828 praasides
2849 2758 3095 2812 locorum
3129 2767 3320 2811 contra
3368 2773 3468 2813 nos
3514 2761 3600 2812 in-

2025 2851 2346 2919 surgebaut.
2373 2849 2438 2904 Et
2467 2852 2720 2920 quamvis
2749 2851 2972 2919 publice
3005 2851 3060 2904 in
3105 2851 3424 2906 universum
3478 2869 3602 2922 per-

2026 2945 2237 2997 secutio
2275 2946 2527 2998 mandata
2559 2953 2614 2998 et
2642 2946 2984 3016 promulgata
3017 2961 3125 3000 non
3161 2954 3326 3008 esset,
3369 2947 3597 3001 seorsim

2030 3045 2210 3088 tamen
2243 3051 2339 3103 per
2376 3036 2687 3104 provincias
2723 3052 2784 3089 ea
2813 3037 3204 3102 exercebatur,
3240 3045 3299 3090 ut
3337 3042 3414 3092 sle
3457 3054 3600 3107 quo-

2028 3141 2136 3195 que
2165 3125 2553 3194 quamplurimi
2587 3125 2783 3180 ﬁerent
2829 3137 3118 3198 martyres.
3157 3127 3278 3182 llaac
3309 3124 3602 3184 Tertullia-

344 3214 636 3282 ἀπολογίᾳ,
689 3213 830 3267 οὕτω
855 3211 1068 3277 διεξιών
1094 3231 1107 3244 ⁸
1142 3231 1164 3265 ι
1203 3215 1394 3267 Καίτοι
1445 3215 1759 3285 εὑρήκαμεν
1825 3219 1918 3271 καὶ

2023 3231 2127 3270 nus
2164 3216 2218 3269 in
2258 3216 2580 3271 defensione
2638 3233 2757 3277 sua,
2793 3235 2956 3288 quam
2995 3220 3238 3275 Romana
3271 3223 3600 3291 conscripsit

341 3308 440 3376 τὴν
476 3309 557 3368 είς
593 3308 736 3375 ἡμᾶς
765 3304 1092 3375 ἐπιζήτησιν
1126 3307 1776 3376 κεκωλυμένην.Πλίνιος
1807 3310 1918 3381 γάρ

341 3398 634 3458 Σεκοῦνδος
662 3395 960 3466 ἡγούμενος
978 3397 1266 3468 ἐπαρχίας,
1294 3399 1630 3465 κατακρίνας
1659 3401 1702 3452 Χ
1712 3417 1916 3468 ριστια·

342 3495 469 3554 νούς
500 3507 651 3552 τινας
707 3490 802 3541 καὶ
850 3493 950 3557 τῆς
989 3489 1147 3555 ἀξίας
1197 3490 1466 3554 ἐκϐαλὼν,
1505 3491 1802 3561 ταραχθεὶς
1839 3490 1918 3560 τῷ

345 3583 563 3652 πλήθει,
593 3582 672 3635 διὸ
722 3583 906 3650 ἠγνόει
951 3581 1005 3634 τί
1040 3581 1190 3653 αὐτῷ
1253 3582 1440 3636 λοιπὸν
1490 3581 1576 3653 εἴη
1621 3583 1913 3653 πρακτέον,

344 3675 600 3745 Τραϊανῷ
629 3672 705 3745 τῷ
733 3674 948 3745 βασιλεῖ
993 3675 1411 3740 ἀνεκοινώσατο,
1443 3674 1638 3744 λέγων,
1669 3675 1774 3739 ἔξω
1823 3672 1915 3727 τοῦ

347 3765 423 3837 μὴ
447 3766 730 3834 βούλεσθαι
756 3767 956 3828 αὐτοὺς
1002 3766 1432 3836 εἰδωλολατρεῖν,
1470 3766 1638 3837 μηδὲν
1703 3765 1917 3819 ἀνόσιόν

340 3857 399 3908 ὲν
424 3857 608 3920 αὐτοῖς
635 3856 948 3927 εὑρηκέναι.
994 3855 1231 3927 Ἐμήνυε
1267 3857 1324 3910 δὲ
1357 3857 1450 3910 καὶ
1474 3855 1632 3910 τοῦτο
1659 3875 1673 3890 ·
1698 3857 1918 3910 ἀνίστα⁴

341 3951 466 4004 σθαι
524 3949 695 4002 ῖωθεν
753 3949 879 4012 τοὺς
949 3948 1334 4022 Χριστιανοὺς,
1380 3950 1476 4003 καὶ
1540 3950 1631 4001 τὸν
1679 3949 1916 4020 Χριστὸν

236 4108 237 4111 η
337 4042 474 4096 Θεοῦ
497 4043 654 4111 δίκην
683 4043 870 4112 ὑμνεῖν
899 4057 915 4074 ⁸
959 4044 1053 4097 καὶ
1084 4042 1222 4113 πρδς
1251 4042 1310 4095 τδ
1340 4044 1444 4114 τὴν
1482 4045 1791 4114 ἐπιστήμην
1813 4042 1916 4096 αὖ·

340 4135 449 4186 τῶν
471 4135 879 4203 διαφυλάσσειν,
930 4135 1239 4189 κωλύεσθαι
1293 4135 1560 4204 φονεύειν,
1617 4134 1913 4205 μοιχεύειν,

343 4226 704 4292 πλεονεκτεῖν,
739 4226 1203 4296 ἀποστερεῖν,καὶ
1231 4227 1298 4281 τὰ
1324 4226 1535 4292 τούτοις
1572 4228 1750 4296 ὃμοια.
1773 4223 1917 4296 Πρὸς

339 4317 513 4371 ταῦτα
571 4319 878 4388 ἀντέγραψε
949 4319 1238 4387 Τραϊανὸς,
1303 4318 1363 4372 τὸ
1419 4319 1529 4373 τῶν
1574 4315 1916 4386 Χριστιανῶν

340 4409 506 4477 φῦλον
543 4413 616 4482 μὴ
641 4410 986 4481 ὲκζητεῖσθαι
1019 4411 1139 4480 μὲν,
1162 4411 1402 4480 ἐμπεσὸν
1433 4410 1489 4464 δὲ
1515 4408 1860 4472 κολάζεσθαι.
1889 4426 1916 4459 »ν

2020 3306 2228 3377 lingua,
2265 3318 2658 3362 commemorat
2701 3309 2852 3364 hisce
2889 3325 3058 3379 prope
3090 3311 3277 3365 verbis
3331 3329 3344 3366 :
3383 3330 3402 3364 ι
3435 3313 3599 3382 Atqui

2027 3398 2340 3451 invenimus
2400 3399 2812 3467 inquisitionem
2862 3415 3082 3470 quoque
3117 3401 3169 3456 in
3203 3418 3300 3456 nos
3343 3404 3593 3471 prohibi-

2027 3497 2156 3541 tam.
2182 3488 2394 3543 Plinius
2418 3489 2564 3543 enim
2589 3489 2896 3555 Secundus,
2933 3506 3056 3545 cum
3085 3493 3424 3561 provinciam
3447 3509 3572 3566 rege

2025 3589 2129 3646 ret,
2180 3578 2454 3634 damnatis
2486 3580 2816 3649 quibusdam
2848 3581 3203 3647 Christianis,
3265 3584 3594 3654 quibusdam

2023 3671 2194 3740 gradu
2241 3671 2432 3740 pulsis,
2491 3671 2606 3740 ipsa
2649 3672 2871 3726 tandem
2905 3674 3262 3729 multirdiuc
3301 3677 3596 3744 perturba-

2024 3771 2132 3823 tus,
2166 3769 2224 3816 et
2258 3761 2391 3830 quid
2439 3763 2507 3816 de
2536 3773 2735 3816 eastern
2781 3772 2968 3832 ageret
3021 3768 3262 3828 nescius,
3313 3768 3596 3822 consuluit

2025 3861 2156 3906 tunc
2223 3851 2518 3925 Traianum
2579 3854 3009 3923 imperatorem,
3070 3857 3332 3926 allegans,
3396 3869 3596 3927 prazter

2023 3945 2451 4000 obstinationem
2502 3963 2609 4000 non
2653 3948 3026 4014 sacriﬁcandi,
3081 3951 3218 4004 nihil
3247 3965 3304 4003 se
3340 3951 3592 4006 scelerati

2023 4036 2088 4090 de
2145 4035 2227 4090 eis
2265 4037 2646 4106 comperisse;
2689 4037 2980 4094 insinuans
3035 4056 3256 4110 quoque
3319 4050 3375 4097 et
3437 4043 3592 4108 illud,

2023 4141 2248 4197 surgere
2305 4135 2470 4198 atque
2523 4130 2820 4184 convenire
2867 4145 3084 4185 suunno
3138 4147 3296 4186 mane
3328 4123 3604 4188 Christia?

2023 4237 2145 4285 nos,
2173 4230 2228 4275 et
2263 4221 2544 4276 Christum
2602 4232 2861 4291 tanquam
2897 4222 3066 4276 [leum
3101 4225 3439 4278 carminibus
3469 4227 3592 4278 lau-

2023 4313 2180 4379 dare,
2237 4319 2294 4367 et
2345 4314 2412 4368 ad
2476 4314 2910 4370 conservandam
2963 4331 3153 4368 eorum
3203 4317 3590 4385 disciplinam,

2027 4405 2413 4469 homicidium,
2452 4408 2813 4467 adulterium.
2869 4406 3140 4464 fraudem.
3181 4408 3486 4476 perﬁdiam.
3539 4421 3594 4460 et

343 4512 538 4558 cetera
596 4505 805 4559 scelera
869 4505 1184 4574 prohibere.
1249 4505 1332 4560 Ad
1378 4521 1500 4575 quae
1553 4504 1822 4574 Traianus
1875 4501 2177 4570 rescripsit,
2207 4495 2556 4556 Christianos
2611 4501 2970 4571 inquirendos
3045 4517 3155 4556 non
3229 4516 3392 4565 esse,
3442 4503 3590 4556 obla-

345 4609 427 4654 tus
447 4609 632 4654 autem
662 4598 990 4668 puniendos.
1033 4617 1052 4651 ι

924 4717 1178 4771 ΚΕΦΑΛ.
1220 4716 1328 4772 ιη’.

339 4810 684 4880 Μαρτύριον
740 4808 862 4880 τοῢᾼ
893 4809 1068 4878 ἁγίου
1130 4809 1479 4880 Κλήμεντος
1537 4809 1786 4878 Ῥώμης,
1816 4809 1916 4864 καὶ

624 4880 758 4946 περὶ
795 4877 913 4932 τῶν
937 4877 1420 4949 συγγραμμάτων
1438 4881 1645 4934 αὑτοῦ.

409 4994 549 5050 Κατ’
590 4997 770 5050 ἐκεῖνο
816 4994 874 5050 δὲ
921 4995 1116 5062 καιροῦ
1171 4995 1251 5048 ἔτι
1304 4993 1541 5066 Κλήμης
1598 4996 1658 5048 ἐν
1725 4995 1916 5068 Ῥώμῃ

337 5088 645 5157 διέπρεπε·
703 5086 840 5154 πρὸς
901 5085 1086 5139 δὲκαὶ
1151 5087 1415 5154 Ἰγνάτιος
1469 5086 1566 5153 τὴν
1633 5084 1912 5157 Ἀντιόχου

337 5181 512 5234 διεῖπε
539 5195 552 5210 °
586 5179 804 5243 Παπίας
853 5195 912 5232 τε
945 5174 1016 5250 ἦν
1065 5180 1124 5232 ὲν
1170 5178 1473 5247 Ἱεραπόλει
1525 5182 1866 5251 συγγράφων
1896 5197 1911 5213 ⁶

338 5270 690 5342 Παγκράτιός
742 5287 804 5323 τι
865 5269 959 5323 καὶ
1012 5271 1041 5323 ὁ
1096 5270 1197 5338 τῆς
1256 5270 1586 5339 Σμυρναίων
1647 5270 1914 5340 πρόεδρος

337 5364 723 5434 Πολύκαρπος·
758 5357 834 5416 ὢν
864 5363 912 5414 oi
947 5362 1048 5432 μὲν
1079 5363 1313 5429 Πέτρου,
1343 5361 1702 5433 Πολύκαρπος
1735 5362 1793 5416 δὲ
1819 5361 1916 5417 τοῦ

336 5459 656 5528 gms-mutor;
711 5452 854 5526 ἦσαν
907 5454 1188 5524 ὁμιληταί.
1242 5453 1462 5508 Τούτων
1489 5458 1516 5508 ὀ
1552 5458 1651 5524 μὲν
1681 5455 1914 5527 Κλήμης

348 5544 622 5611 Ῥωμαῖος
651 5543 859 5598 ἄνωθεν
888 5537 978 5613 ἦν,
1022 5544 1116 5596 καὶ
1178 5547 1244 5613 τῇ
1288 5543 1543 5614 βασιλικῇ
1589 5547 1731 5616 φυλῇ
1765 5548 1906 5599 κατά

335 5635 495 5702 γένος
525 5636 842 5704 προσήκων,
874 5634 1123 5685 Φαύστου
1155 5633 1297 5694 τινὸς
1329 5633 1422 5686 καὶ
1446 5633 1746 5693 Ματθιδίσις
1771 5635 1907 5697 υἱός,

335 5728 572 5797 παντοίᾳ
604 5728 661 5779 δὲ
694 5727 912 5796 παιδεία
957 5726 1250 5794 Ἑλληνικῇ
1289 5729 1643 5795 συντραφεὶς,
1675 5725 1767 5780 καὶ
1805 5728 1909 5778 πᾶ·-

410 5839 487 5908 (ἰ)
527 5837 628 5890 Alii
665 5837 890 5901 habent,
929 5836 1196 5890 Faustini.

1939 4717 1988 4775 D

2580 4709 2808 4767 CAPUT
2845 4713 3030 4768 XVIII.

2017 4806 2329 4876 Martyrium
2378 4805 2549 4858 sancti
2600 4804 2882 4888 Clementis
2927 4808 3177 4874 Romani,
3235 4821 3284 4864 et
3334 4813 3397 4866 de
3447 4816 3592 4872 libris

2747 4893 2882 4946 ejus.

2084 4989 2164 5044 Eo
2199 4997 2444 5060 tempore
2509 4990 2692 5046 adhuc
2728 4993 2916 5049 Romae
2967 4995 3222 5052 Clemens
3271 5001 3494 5068 enituit,
3535 5015 3590 5058 et

2018 5082 2265 5152 lgnatius
2295 5083 2594 5138 Ecclesiam
2622 5085 3024 5143 Antiochenam
3063 5093 3226 5147 rexit.
3261 5092 3459 5163 Papias
3493 5112 3592 5149 au-

2016 5183 2127 5228 tem
2160 5173 2435 5242 Hierapoli
2468 5176 2692 5246 scriptis
2722 5179 2953 5234 edendis
2984 5197 3206 5250 operam
3237 5185 3408 5240 dedit.
3447 5187 3592 5242 Vixit

2013 5267 2182 5322 etiam
2215 5267 2559 5333 Pancratius,
2611 5280 2668 5324 et
2705 5270 3122 5343 Smyrnensium
3167 5277 3396 5332 antistes
3430 5280 3592 5350 Poly-

2013 5373 2214 5428 carpus
2250 5378 2265 5416 :
2297 5374 2533 5428 quorum
2563 5361 2642 5417 illi
2683 5364 2906 5433 quidem
2962 5365 3110 5420 Petri
3152 5367 3445 5438 discipuli,
3481 5371 3584 5424 Po-

2012 5451 2270 5522 lycarpus
2325 5461 2510 5508 autem
2570 5455 2689 5525 ejus
2742 5456 2835 5524 qui
2899 5472 3062 5526 supra
3129 5471 3320 5524 pectus
3367 5461 3583 5516 Domini

2017 5544 2291 5608 recubuit,
2353 5555 2592 5600 sectator
2637 5546 2761 5602 fuit.
2806 5547 3063 5605 Clemens
3093 5566 3258 5620 porro
3303 5553 3489 5607 Romae
3518 5555 3584 5608 il-

2014 5633 2173 5686 lustri
2212 5635 2333 5689 loco
2368 5644 2551 5699 natus,
2599 5653 2881 5709 gentisque
2914 5655 3074 5693 suum
3117 5641 3184 5695 ad
3218 5643 3586 5710 imperatores

2018 5724 2297 5781 Romanos
2329 5727 2596 5787 referens.
2641 5728 2828 5785 Fausti
2890 5731 2967 5801 (l)
3026 5731 3308 5802 cujusdam
3338 5742 3394 5789 et
3446 5733 3587 5790 Mat-
