4046 6420
398 369 501 435 931

1629 368 2049 429 NICEPHORI
2093 366 2440 429 CALLISTI

3568 376 3679 433 932

404 483 594 541 thidia:
625 480 791 546 ﬁlius,
825 479 992 537 variis
1021 476 1340 541 Gratcorum
1364 475 1677 546 disciplinis
1711 476 1991 541 eruditus,

2109 492 2210 531 σαν
2247 479 2349 547 τὴν
2376 478 2486 531 τῶν
2518 478 2692 533 όντων
2720 479 2928 547 γνῶσιν
2961 480 3043 541 εἰς
3084 477 3254 549 ἀκρον
3286 476 3562 548 ἀσκήσας,
3588 484 3683 533 καὶ

402 586 570 645 atque
604 576 657 628 in
691 572 841 627 omni
892 584 1099 642 genere
1128 567 1493 623 scientiarum
1525 581 1742 621 summe
1772 568 1992 621 exerci-

404 678 577 732 tatus,
619 665 997 736 apostolorum
1030 659 1301 731 principis
1328 657 1619 714 familiaris
1654 657 1781 722 fuit,
1821 659 1993 715 sicuti

402 772 564 815 antea
597 774 627 813 a
657 773 743 812 me
778 757 988 812 dictum
1013 766 1100 811 est
1130 770 1196 811 :a
1228 769 1338 823 quo
1362 767 1562 808 arcana
1594 751 1804 807 Christi
1834 767 1991 809 saera

402 851 654 913 edoctus,
692 849 1049 919 Evangelium
1104 847 1494 917 promulgavit.
1533 846 1668 902 Cum
1706 844 1874 917 248
1894 860 1996 900 au-

405 953 514 998 tem
552 943 817 1012 imperata
852 941 1072 1011 Trajani
1130 955 1244 994 non
1300 940 1528 1000 faceret,
1594 937 1649 992 in
1708 939 1992 993 civitatem

403 1037 695 1105 quamdam
760 1036 1051 1088 obscuram
1118 1041 1175 1088 et
1245 1032 1548 1088 desolatam
1607 1029 1878 1086 Chersoni
1914 1028 1990 1100 (l)

402 1129 640 1181 vicinam
679 1136 762 1181 est
799 1128 1078 1202 relegatus
1112 1127 1189 1198 (2)
1218 1143 1233 1191 ;
1279 1126 1579 1193 multiSque
1610 1125 1832 1180 casibus
1862 1140 1993 1194 pro-

403 1230 527 1290 pter
553 1219 760 1275 Christi
788 1219 1197 1275 confessionem
1240 1218 1611 1283 conﬂictatus,
1653 1219 1873 1274 tandem
1898 1234 1996 1272 an-

403 1328 534 1367 cora
567 1313 751 1367 ferrea
803 1327 834 1365 e
875 1312 1020 1366 collo
1065 1312 1187 1379 ejus
1222 1326 1516 1381 suspensa,
1551 1311 1605 1365 in
1638 1310 1810 1366 altum
1842 1325 1995 1364 mare

403 1403 718 1475 projicitur.
805 1405 879 1457 De
935 1418 1046 1471 quo
1103 1417 1271 1473 supra
1331 1402 1651 1472 opinionem
1705 1402 1995 1471 prmsentis

404 1498 689 1551 memoria:
738 1494 1003 1567 quiddam
1039 1493 1262 1549 accidit.
1296 1492 1585 1564 Siquidem
1620 1494 1760 1548 mari
1791 1493 1993 1549 diebus

409 1598 622 1659 septem
664 1588 730 1642 ad
777 1587 881 1643 tria
948 1588 1121 1643 millia
1181 1602 1443 1657 passuum
1485 1587 1687 1655 diviso,
1732 1587 1892 1641 multi
1928 1601 1995 1642 eo

412 1690 571 1745 eunt,
607 1692 664 1736 et
723 1684 982 1751 martyris
1034 1696 1237 1751 corpus
1290 1681 1725 1746 exosculantur,
1787 1680 1995 1751 templo

406 1774 590 1828 divina
620 1773 823 1828 virtute
854 1773 1118 1827 excitato.
1145 1772 1214 1826 Et
1242 1787 1368 1824 cum
1398 1769 1701 1840 aliquando
1722 1785 1898 1837 mare,
1932 1777 1992 1822 ut

2095 565 2175 636 τῷ
2214 569 2503 639 κορυφαίῳ
2534 567 2643 621 τῶν
2685 560 3003 622 ἀποστόλων
3032 567 3365 639 περιτυχὼν,
3400 563 3546 642 ᾖπέρ
3588 587 3682 655 μοι

2098 657 2349 731 εἴρηται,
2381 662 2477 713 καὶ
2506 659 2568 713 τὸ
2598 661 2742 715 κατά
2768 661 3007 733 Χριστὸν
3058 663 3363 732 μυστήριον
3426 662 3679 732 μυηθεὶς,

2096 752 2366 823 κηρύττει
2396 753 2456 807 τὸ
2488 753 2853 823 Εὐαγγέλιον.
2885 754 3154 808 Ἀπειθῶν
3179 754 3225 808 δ’
3254 749 3476 819 οὖντοῖς
3502 756 3652 809 ἐντελ

2096 846 2348 917 λομένοις
2390 844 2671 919 Τραϊανῷ,
2728 846 3026 918 ὑπερόριος
3067 848 3131 902 ἐκ
3180 847 3403 919 Ῥώμης
3445 848 3526 913 εἷς
3558 865 3682 901 τινα

2099 941 2257 994 πόλιν
2284 939 2633 1011 τῇΧερσῶνι
2679 940 3102 1011 παρακειμένην
3127 938 3336 1011 ἔρημον
3364 941 3545 1011 πάντη
3586 941 3683 994 καὶ

2097 1033 2399 1104 αὐχμηρὰν
2441 1033 2684 1101 γίνεται.
2735 1032 2963 1097 Πολλοῖς
3002 1033 3061 1086 δέ
3106 1033 3299 1097 δεινοῖς
3343 1032 3433 1087 διά
3474 1034 3574 1105 τὴν
3602 1035 3683 1096 είς

2098 1127 2334 1198 Χριστὸν
2376 1127 2674 1197 ὁμολογίαν
2707 1126 3006 1198 ὡμιληκὼς
3042 1126 3294 1195 ὕστερον,
3330 1127 3553 1199 ἀγκύρᾳ
3598 1143 3683 1180 σι-

2098 1220 2239 1291 δηρᾷ
2263 1216 2681 1292 τού’τραχήλου
2715 1222 3108 1295 ἐξαρτηθείσῃ,
3146 1220 3225 1293 τῷ
3268 1221 3368 1286 τῆς
3403 1220 3684 1291 θαλάσσης

2101 1310 2251 1382 βυθῷ
2293 1313 2728 1385 ἁποῤῥίπτεται.
2777 1311 3098 1384 Παράδοξον
3139 1313 3285 1367 δέτι
3327 1312 3428 1382 τῆς
3458 1315 3682 1384 μνήμης

2098 1405 2462 1475 ἐνισταμένης
2497 1404 2651 1476 αύτῷ
2684 1405 3014 1474 ἐπιγίνεται.
3063 1404 3189 1458 Ἐπὶ
3214 1405 3325 1474 γὰρ
3361 1404 3488 1473 τρία
3529 1403 3681 1473 μίλια

2096 1497 2197 1568 τῆς
2230 1497 2505 1571 Θαλάττης
2527 1499 2924 1570 διαιρουμένης
2951 1496 3036 1566 ἐφ’
3058 1498 3296 1568 ἡμέραις
3325 1497 3485 1558 ἔπτὰ.
3517 1514 3683 1565 προσο

2102 1592 2245 1647 ίασιν
2274 1592 2324 1643 οι
2355 1589 2749 1658 ἐπιφοιτῶντες
2774 1604 2789 1620 ·
2822 1588 2920 1642 καὶ
2947 1588 3008 1640 τὸ
3052 1589 3248 1657 σκῆνος
3275 1585 3367 1639 τοῦ
3405 1584 3678 1656 μάρτυρος

2100 1683 2571 1750 κατασπάζονται,
2616 1686 2723 1738 νεὼ
2771 1682 2954 1735 ἐκεῖσε
3002 1679 3125 1752 θείᾳ
3173 1682 3402 1750 δυνάμει
3449 1681 3680 1750 ἀνεγερ-

2100 1777 2307 1840 θέντος.
2342 1778 2451 1830 Καί
2493 1792 2625 1830 ποτε
2666 1775 2723 1830 δέ
2756 1776 2856 1845 τῆς
2895 1774 3171 1844 θαλάσσης
3203 1769 3291 1827 οἷα
3322 1773 3440 1836 ἔθος
3473 1773 3680 1840 διαιρε-

406 1864 635 1929 assolet,
691 1863 933 1919 divisum
968 1871 1139 1929 esset,
1172 1863 1517 1933 pepnlusque
1547 1873 1683 1916 stata
1734 1862 1809 1915 ibi
1839 1877 1991 1917 sacra

2101 1868 2311 1938 θείσης,
2349 1873 2446 1923 καὶ
2491 1868 2588 1923 τοῦ
2637 1869 2769 1923 λαοῦ
2811 1868 2883 1922 τά
2916 1868 3146 1922 είωθότα
3194 1867 3538 1930 τελέσαντος,
3587 1866 3679 1916 καὶ

406 1954 729 2022 peregisset,
773 1961 938 2022 atque
992 1951 1120 2006 inde
1157 1967 1353 2007 rursus
1411 1959 1812 2018 reverteretur,
1862 1966 1992 2005 eve—

406 2047 504 2105 nit.
541 2055 601 2100 ut
658 2061 757 2114 per
816 2056 1113 2114 parentum
1169 2043 1506 2099 oblivionem
1547 2043 1660 2099 illic
1696 2059 1837 2113 puer
1871 2044 1994 2113 qui-

404 2140 528 2192 dam
562 2138 994 2207 relinqueretur.
1029 2138 1211 2207 Atque
1246 2136 1339 2190 ubi
1367 2152 1516 2191 mare
1555 2137 1611 2191 in
1649 2152 1771 2191 sese
1805 2135 1995 2204 rediit,

405 2248 544 2299 puer
575 2231 811 2285 tenellus
843 2233 1147 2285 etiamnum
1180 2230 1346 2285 undis
1370 2239 1454 2285 est
1485 2230 1748 2285 obrutus.
1784 2229 1995 2284 Deinde

404 2338 529 2376 cum
568 2338 789 2378 rursum
842 2321 1046 2377 ﬂuetus
1075 2323 1464 2387 recessissent,
1497 2334 1757 2394 parentes
1786 2339 1853 2378 eo
1904 2338 1995 2378 ac-

404 2400 677 2483 cessere:
709 2427 763 2470 et
810 2416 1059 2487 puellum
1121 2417 1333 2472 salvum
1396 2426 1454 2471 et
1517 2417 1779 2471 validum'
1814 2417 1996 2473 loculo

403 2510 579 2563 sancti
615 2510 877 2581 martyris
904 2509 1243 2564 assidentem
1270 2517 1626 2581 repererunt.
1652 2508 1770 2575 Qua
1804 2525 1863 2564 re
1894 2525 1991 2564 co-

403 2602 580 2670 gnita,
652 2603 1068 2668 inteliexerunt,
1121 2618 1249 2657 eum
1311 2619 1407 2673 per
1466 2604 1865 2659 iniiabitantem
1916 2604 1993 2659 ibi

403 2693 633 2762 gratiam
661 2693 859 2758 futuat,
895 2707 951 2748 et
982 2695 1121 2750 citra
1166 2707 1563 2751 nocumentum
1595 2713 1625 2751 a
1652 2698 1784 2752 leris
1821 2698 1992 2752 mari‘

403 2787 493 2840 nis
523 2797 907 2841 conservatum
934 2802 1076 2842 esse.
1103 2782 1457 2859 Quapmpter
1485 2789 1776 2858 Apostolo,
1815 2804 1983 2860 quem

405 2880 591 2933 decuit
622 2890 788 2949 atque
838 2881 1109 2953 oportuit,
1141 2881 1356 2937 honore
1409 2883 1622 2949 habito,
1656 2898 1780 2936 cum
1812 2898 1991 2954 puero

405 2984 506 3023 suo
532 2970 760 3023 domum
816 2981 946 3026 sunt
995 2975 1226 3027 reversi.
1257 2973 1332 3027 ite
1373 2972 1660 3027 Clemente
1692 2974 1798 3027 hoc
1827 2981 1991 3027 antea

405 3078 627 3132 quoque
664 3065 924 3119 diximus.
956 3065 1261 3134 Epistulam
1306 3066 1469 3135 hujus
1502 3068 1722 3121 nomine
1755 3066 1985 3132 editam,

406 3170 661 3224 magnam
684 3168 733 3210 et
767 3157 1171 3224 admirandam,
1208 3158 1482 3215 Eusebius
1514 3160 1786 3230 Pamphili
1819 3162 1989 3216 attin-

406 3248 484 3317 git
516 3267 529 3302 :
574 3264 736 3317 quam
772 3251 1035 3306 Romana:
1097 3253 1361 3307 Ecclesia:
1406 3256 1629 3307 nomine
1663 3253 1987 3321 Corinthiis,

405 3356 533 3395 cum
567 3344 709 3411 apud
739 3359 839 3400 eos
886 3355 1001 3399 tum
1039 3345 1241 3400 seditio
1276 3356 1444 3409 esset,
1474 3348 1698 3416 scripsit
1729 3364 1743 3400 :
1777 3365 1900 3403 eam
1931 3358 1991 3404 et

405 3436 715 3506 antiquitus
776 3427 847 3490 et‘
885 3454 987 3493 suo
1045 3447 1295 3504 tempore
1363 3439 1582 3507 publice
1637 3442 1692 3494 in
1743 3440 1989 3496 Ecclesia

406 3530 604 3583 lectam
655 3530 813 3593 dicit,
866 3530 922 3583 in
976 3546 1086 3599 qua
1146 3531 1334 3586 multis
1385 3534 1678 3589 sententiis
1735 3534 1992 3604 Epistolas

407 3620 559 3674 Pauli
589 3623 825 3690 apostoli
859 3623 926 3677 ad
970 3624 1229 3678 Hebraeos
1266 3625 1461 3679 utitur.
1501 3623 1627 3678 Fuit
1660 3636 1716 3679 et
1750 3626 1855 3680 alia
1884 3628 1989 3689 sub

406 3712 573 3785 hujus
623 3717 849 3771 nomine
894 3718 1147 3787 epistola,
1186 3718 1360 3787 priori
1394 3721 1555 3789 longe
1587 3721 1785 3790 impar,
1817 3738 1985 3791 quam

407 3817 624 3862 veteres
676 3809 1001 3878 ignorasse,
1058 3810 1202 3865 idem
1258 3812 1531 3868 Eusebius
1584 3816 1835 3870 scribit:
1893 3817 1991 3886 qui

408 3914 581 3969 porro
618 3909 673 3954 ct
705 3901 899 3970 exigua
953 3901 1073 3972 ejus
1120 3906 1343 3974 scripta,
1375 3922 1496 3974 qua:
1531 3907 1674 3961 Petri
1707 3917 1764 3962 et
1790 3909 1994 3978 Appio-

408 3989 496 4043 nis
531 4006 654 4045 esse
711 3992 790 4047 ait
834 3993 1135 4062 dialogum,
1211 3998 1470 4066 reprobat
1504 4016 1517 4051 :
1548 4014 1670 4068 quae
1725 4000 1990 4055 nimirum

406 4084 678 4137 sinceram
740 4094 1059 4155 certamque
1112 4090 1429 4157 apostolicae
1485 4093 1829 4145 orthodoxize
1878 4093 1991 4147 for-

408 4192 552 4231 tnam
586 4178 827 4233 retinere
880 4187 1061 4248 negat.
1120 4180 1235 4250 Ego
1286 4197 1415 4235 vero
1444 4181 1545 4244 illi,
1572 4181 1619 4236 si
1655 4181 1725 4236 de
1750 4183 1831 4237 eis
1865 4200 1990 4254 quae

404 4286 559 4325 nunc
596 4273 739 4339 apud
796 4286 899 4325 nos
931 4273 1277 4327 Clementiua
1313 4274 1595 4338 dicuntur,
1625 4276 1819 4340 sentit,
1854 4292 1987 4347 ‘non

407 4364 721 4427 assentior;
752 4378 813 4417 ea
847 4364 995 4418 enim
1038 4365 1297 4419 Ecclesia:
1329 4375 1546 4435 recepta
1582 4377 1732 4421 sunt.
1772 4369 1830 4422 Si
1858 4386 1988 4425 vero

412 4469 678 4526 praeterea
735 4457 917 4525 aliqua
975 4457 1083 4510 sint
1147 4458 1272 4521 alia,
1314 4459 1453 4512 nihil
1508 4460 1777 4530 refragor.
1816 4461 1992 4515 'Hunc

2098 1952 2256 2029 αὖθις
2307 1959 2793 2029 ὑποχωρήσαντος,
2854 1957 3070 2011 παιδίον
3128 1957 3271 2010 κατά
3331 1955 3508 2024 λήθην
3570 1953 3678 2005 τῶν

2099 2050 2371 2106 τεκόντων
2424 2054 2607 2105 ἐκεῖσε
2674 2050 2738 2123 δή
2794 2050 3255 2119 ἐναπολειφθῆναι
3318 2049 3581 2117 ἐγένετο·
3617 2049 3675 2105 ἐς

2098 2144 2267 2198 ⁸πιιυτὸ
2299 2144 2355 2198 δὲ
2395 2146 2494 2215 τῆς
2526 2144 2806 2214 θαλάσσης
2834 2143 3119 2215 ἐλθούσης,
3148 2141 3241 2195 τὸν
3270 2141 3437 2194 παῖδα
3486 2140 3678 2210 νήπιον

2098 2236 2231 2291 ὄντα
2261 2236 2612 2307 καλυφθῆναι
2632 2239 2743 2301 τοῖς
2765 2236 3008 2307 κύμασιν
3035 2252 3049 2266 ⁸
3079 2235 3360 2289 είσέπειτα
3385 2233 3427 2285 δ’
3458 2228 3675 2292 ἐσαῦθις

2101 2330 2596 2400 ἀνακεχωρηκότας
2630 2329 2726 2383 τοῦ
2760 2330 3027 2401 κύματος,
3062 2329 3190 2390 τοὺς
3230 2327 3408 2397 γονεῖς
3444 2317 3678 2395 πίροσελο

2104 2421 2323 2488 θόντας,
2369 2423 2558 2492 εὑρεῖν
2590 2422 2745 2489 ύγιές
2783 2422 2845 2475 τὸ
2885 2422 3098 2475 παιδίον
3142 2420 3237 2495 καὶ
3286 2416 3577 2489 εὐτραφὲς,
3608 2416 3674 2484 τῇ

2102 2513 2199 2566 τοῦ
2235 2512 2394 2581 ἁγίου
2446 2514 2917 2583 παρακαθήμενον
2959 2512 3214 2584 λάρνακι.
3263 2510 3336 2565 Οὖ
3403 2510 3467 2580 δὴ
3504 2527 3675 2561 πεπυ-

2102 2607 2293 2676 σμένοι
2324 2607 2654 2677 ἐμάνθανον,
2684 2610 2747 2660 ἐκ
2777 2608 2877 2678 τῆς
2903 2605 2999 2660 τοῦ
3032 2604 3441 2676 παρακειμένου
3463 2600 3674 2671 διατρέ-

2098 2699 2299 2770 φεσθαι
2332 2702 2581 2772 χάριτος,
2616 2702 2710 2753 καὶ
2735 2701 2835 2769 τῆς
2854 2699 2967 2753 τῶν
2997 2697 3227 2751 ἐναλίων
3261 2696 3465 2765 θηρίων
3494 2694 3676 2761 διατη-

2101 2794 2317 2864 ρεῖσθαι
2366 2794 2548 2864 λύμης
2597 2794 2909 2866 ἀνώτερον·
2948 2793 2999 2848 οἳ
3048 2791 3256 2860 καὶτῷ
3300 2788 3586 2858 ἀποστόλῳ
3615 2786 3671 2839 τὸ

2097 2886 2243 2950 εἰκὸς
2290 2887 2778 2956 ἀφοσιωσάμενοι,
2837 2885 2979 2955 μετά
3028 2883 3124 2938 τοῦ
3176 2883 3441 2952 σφετέρου
3486 2880 3672 2940 παιδὸς

2096 2984 2236 3054 πρὸς
2267 2984 2337 3037 τά
2359 2984 2539 3039 οἰκεῖα
2565 2982 2879 3055 ἐπανῄεσαν
2907 2981 3037 3053 ήθη.
3064 2981 3201 3050 Περὶ
3237 2978 3338 3049 μὲν
3366 2972 3459 3031 οὖν
3482 2975 3670 3027 τούτου

2094 3078 2189 3131 καὶ
2245 3077 2455 3132 ἀνωθεν
2502 3076 2850 3144 διελάὸομεν.
2911 3074 3393 3146 Ὀμολογουμένην
3442 3071 3540 3142 μὲν
3581 3064 3674 3123 οὖν

2095 3170 2295 3223 τούτου
2324 3170 2620 3237 ἐπιστολὴν
2651 3168 2912 3231 Εὐσέϐιος
2944 3169 3149 3238 ἱστορεῖ
3177 3168 3206 3220 ὁ
3239 3160 3546 3236 Παμφίλου,
3579 3180 3683 3232 με·-

2097 3263 2270 3331 γάλην
2298 3279 2358 3315 τε
2391 3263 2486 3316 καὶ
2513 3261 2671 3326 ἀξίαν
2696 3261 2894 3315 πολλοῦ
2928 3260 3223 3330 θαύματος·
3254 3260 3319 3328 ἢν
3338 3259 3414 3320 ὡς
3440 3256 3549 3309 ἀπὸ
3574 3256 3672 3323 τῆς

2105 3354 2395 3424 Ῥωμαίων
2437 3355 2767 3426 Ἐκκλησίας
2790 3354 3103 3424 Κορινθίοις
3122 3352 3520 3422 διαπέμπεται,
3546 3350 3673 3401 στά-

2098 3458 2236 3506 σεως
2266 3443 2448 3496 ἐκεῖσε
2479 3444 2740 3515 τηνικάδε
2768 3443 3171 3514 γεγενημένης.
3196 3440 3415 3509 Ταύτην
3444 3441 3499 3494 δέ
3526 3440 3672 3506 λέγει

2099 3534 2197 3587 καὶ
2228 3532 2468 3589 ἔκπαλαι
2501 3538 2598 3613 καὶ
2638 3537 2727 3590 ἐπ’
2769 3535 2942 3590 αὐτοῦ
2970 3537 3066 3591 ἐπὶ
3094 3535 3171 3605 τῷ
3208 3535 3373 3605 κοινῷ
3401 3534 3498 3603 τῆς
3553 3532 3676 3586 Ἑκ-⁵

2098 3626 2326 3693 κλησίας
2357 3628 2830 3700 δημοσιευομένην
2861 3625 3004 3683 εἶναι
3030 3646 3044 3660 ο
3074 3632 3132 3683 ἐν
3225 3628 3319 3681 καὶ
3352 3626 3522 3697 πολλά
3549 3626 3673 3695 νοής

2101 3738 2251 3792 ματα
2284 3725 2347 3775 ἐκ
2378 3724 2477 3791 τῆς
2508 3724 2647 3791 πρὸς
2694 3723 2975 3794 Ἐϐραίους
3000 3722 3093 3776 τοῦ
3119 3721 3420 3775 ἀποστόλου
3457 3721 3670 3775 Παύλου

2098 3815 2302 3885 χρῆται
2337 3816 2654 3887 ἐπιστολῆς.
2685 3817 2798 3869 Καὶ
2826 3816 2960 3885 άλλη
2995 3815 3051 3869 δέ
3082 3814 3246 3869 αὐτοῦ
3282 3815 3510 3885 φέρεται
3552 3815 3672 3866 ἐπιδ

2100 3909 2263 3976 στολὴ
2290 3911 2390 3978 τῆς
2417 3909 2690 3980 προτέρας
2720 3909 2863 3963 κατά
2888 3910 3024 3962 πολὺ
3052 3908 3383 3969 ἀποδέουσα.
3404 3926 3469 3960 πε
3477 3902 3615 3979 ρίῆς
3640 3909 3671 3959 ὁ

2097 4003 2264 4064 αὐτός
2296 4017 2461 4071 φησιν
2491 4001 2771 4069 Εὐσέϐιος,
2807 4002 2881 4072 μὴ
2916 4004 2973 4055 ἐν
3005 4001 3289 4071 ἐπιστήμῃ
3316 3999 3517 4067 ταύτης
3544 3998 3670 4060 τοὺς

2098 4095 2363 4165 ἀρχαίους
2403 4090 2569 4148 εῖναι.
2621 4093 3136 4167 Παραγράφεταιδ
3180 4093 3210 4145 ὁ
3253 4092 3541 4160 Παμφίλου
3577 4088 3674 4145 καὶ

2096 4189 2168 4241 τὰ
2201 4187 2375 4258 μικρά
2404 4187 2597 4241 τούτου
2631 4188 3071 4257 συγγράμματα’
3104 4185 3141 4240 ά
3165 4203 3300 4255 φησι
3325 4187 3531 4256 Πέτρου
3573 4184 3668 4237 καὶ

2110 4270 2378 4343 Ἀπίωνος
2405 4278 2656 4348 διάλογον
2692 4274 2858 4345 εἶναι,
2885 4278 2921 4332 ἃ
2950 4279 3085 4349 μηδὲ
3114 4279 3306 4341 σώζειν
3338 4277 3429 4330 τὸν
3462 4277 3663 4347 ἀκριὸῆ

2095 4375 2195 4440 τῆς
2223 4372 2595 4441 ἀποστολικῆς
2617 4370 2928 4444 ὀρθοδοξίας
2954 4372 3283 4442 χαρακτῆρά
3305 4388 3488 4442 φησιν.
3526 4370 3665 4438 Ἐγὼ

2095 4464 2176 4530 δὲ,
2205 4466 2254 4516 εἰ
2294 4465 2396 4534 μὲν
2438 4463 2508 4518 τὰ
2539 4463 2632 4517 νῦν
2685 4464 2816 4535 παρ’
2859 4465 2992 4535 ήμῐν
3043 4462 3361 4533 Κλημέντια
3407 4462 3666 4533 ὀνομαζό·

411 4558 595 4602 autem
625 4557 681 4602 et
709 4549 1140 4617 apostolicarum
1180 4551 1661 4613 eonstitutionum.
1698 4561 1755 4607 et
1800 4568 1989 4608 sacro-

2098 4571 2236 4625 μενα
2264 4555 2439 4624 λέγει,
2476 4556 2537 4609 ού
2571 4555 2853 4626 πείθομαι·
2886 4556 3060 4609 ταῦτα
3098 4556 3206 4626 γὰρ
3242 4558 3307 4627 τῇ
3375 4556 3665 4625 Ἐκκλησία

410 4656 531 4693 rum
590 4655 813 4708 quoque
856 4655 1131 4694 canonum
1189 4644 1471 4712 ipsorum,
1525 4655 1810 4699 auctorem
1865 4661 1989 4701 €886

410 4730 709 4785 credimus.
744 4731 1014 4784 Caeterum
1044 4733 1112 4784 de
1147 4733 1384 4800 epismla
1418 4735 1483 4787 ad
1524 4732 1687 4804 249
1727 4735 1990 4788 Hebraeos

413 4837 623 4890 anceps
667 4832 750 4875 est
806 4822 1016 4891 opinio,
1076 4825 1290 4878 hiccine
1326 4841 1394 4879 an
1442 4825 1619 4880 Lucas
1652 4826 1989 4896 evangelista

411 4933 531 4972 eam
567 4919 933 4986 transtulerit,
965 4935 993 4972 a
1033 4919 1220 4984 Paulo,
1253 4920 1410 4991 cujus
1460 4920 1643 4974 nativa
1686 4929 1741 4973 et
1770 4923 1988 4989 propria

436 5020 544 5072 cst,
584 5010 825 5080 primum
867 5011 1150 5066 dictatam.

990 5322 1223 5379 CAPUT
1268 5320 1422 5376 XIX.

413 5416 476 5473 Ut
527 5417 731 5471 divinus
772 5416 1017 5486 Ignatius
1065 5432 1129 5469 ea:
1184 5416 1459 5469 Antiochia
1498 5412 1724 5486 Romam
1753 5412 1987 5486 delatas,

479 5499 691 5555 promer
716 5483 985 5540 Chi‘istum
1023 5488 1195 5540 bestiis
1237 5484 1569 5538 devorandas
1606 5483 1836 5554 objectus
1872 5485 1940 5536 sit
1970 5501 1989 5540 :

478 5570 525 5610 et
557 5563 620 5612 de
655 5557 884 5628 epistolis
910 5558 1045 5625 ejus.

481 5648 596 5701 Divi
624 5647 923 5702 Clementis
965 5662 1053 5701 res
1094 5647 1177 5700 sic
1201 5660 1260 5701 se
1299 5644 1563 5699 habuere.
1590 5643 1672 5698 Ab
1729 5641 1988 5699 omnibus

482 5785 563 5842 (ll
602 5782 1041 5839 Chersonenscm
1071 5782 1162 5837 alii
1195 5792 1417 5837 vocant.

486 5853 560 5920 μὶ)
596 5855 851 5908 Clemens
878 5857 1027 5923 jussu
1066 5854 1287 5922 Trajani
1316 5855 1372 5908 in
1406 5852 1640 5907 insulam
1674 5861 1756 5907 cst
1784 5851 1991 5922 depor-

2096 4651 2193 4701 καὶ
2223 4649 2608 4718 εύπαράδεκτα
2627 4668 2642 4681 ⁸
2669 4652 2719 4703 εἰ
2749 4649 2793 4703 δ’
2827 4649 2996 4718 ἕτερά
3025 4650 3132 4705 εἰσι
3173 4649 3327 4719 παρὰ
3356 4649 3550 4711 ταῦτα,
3578 4648 3661 4700 λέ-

2093 4757 2213 4808 γειν
2239 4743 2340 4794 ούκ
2376 4741 2503 4812 ἔχω.
2553 4742 2757 4795 Τοῦτον
2802 4742 3130 4810 συγγραφέα
3171 4743 3266 4794 καὶ
3300 4741 3409 4794 τῶν
3434 4745 3659 4795 ἀποστοδ

2094 4833 2262 4888 λικῶν
2294 4833 2619 4897 διατάξεων,
2649 4833 2785 4887 ἀλλὰ
2807 4832 2870 4905 δὴ
2896 4836 2990 4887 καὶ
3027 4833 3138 4885 τῶν
3173 4827 3336 4903 ἱερῶν
3367 4833 3547 4887 αὐτῶν
3566 4850 3666 4885 κα⁴

2095 4929 2267 4981 γόνων
2297 4927 2651 4993 πιστεύομεν.
2685 4927 2820 4997 Περὶ
2868 4926 3053 4995 μέντοι
3075 4926 3172 4996 τῆς
3201 4925 3337 4993 πρὸς
3379 4924 3667 4995 Ἐϐραίους

2094 5021 2445 5089 ἀμφήριστος
2489 5020 2537 5071 6-
2566 5019 2722 5086 λόγος
2759 5020 2927 5083 ἐστὶν,
2965 5018 3076 5071 εἴτε
3113 5012 3266 5080 οὗτος
3319 5018 3428 5070 εἴτε
3457 5018 3669 5078 Λουκᾶς

2091 5112 2121 5164 ὁ
2167 5111 2565 5180 εύαγγελιστὴς
2617 5110 2830 5175 ἐξέδοτο
2879 5110 3109 5180 ταύτην,
3164 5109 3380 5162 Παύλου
3432 5108 3666 5181 γνησίαν

2092 5201 2261 5256 οὖσαν
2286 5203 2381 5255 καὶ
2406 5202 2640 5272 πρώτως
2667 5200 3167 5272 ύπαγορεύσαντος.

2679 5318 2935 5370 ΚΕΦΑΛ.
2979 5314 3082 5372 ΙΘ’.

2104 5412 2202 5476 Ὠς
2232 5410 2325 5465 καὶ
2352 5413 2385 5463 ό
2420 5406 2709 5477 θεοφόρος
2748 5406 3037 5476 Ἰγνάτιος
3061 5405 3131 5471 ἐξ
3173 5402 3533 5477 Ἀντιοχείας
3567 5405 3667 5457 ἐπὶ

2178 5481 2409 5549 Ῥώμης
2442 5478 2538 5549 διὰ
2577 5479 2842 5544 Χριστὸν
2896 5478 3125 5549 βηρίων
3158 5477 3430 5549 ⁸ἐγεγόνει
3472 5476 3665 5545 ,ϐοράο

2163 5552 2262 5604 καὶ
2289 5546 2429 5617 περι
2472 5548 2592 5601 τῶν·
2620 5546 2967 5600 ἐπιστολῶν
2991 5547 3205 5601 αὐτοῦ.

2165 5645 2247 5697 Τά
2278 5641 2378 5713 μὲν
2405 5658 2500 5695 ουν
2549 5639 2643 5693 τοῦ
2690 5638 2840 5692 θείου
2895 5638 3215 5709 Κλήμεντος
3261 5638 3455 5694 τοῦτον
3483 5642 3668 5709 ἴσχετο

2096 5790 2261 5841 tatus.
2282 5781 2337 5835 in
2363 5795 2469 5849 qua
2508 5779 2620 5834 duo
2656 5779 2822 5832 millia
2852 5776 3295 5834 Christianorum
3326 5779 3392 5836 ad
3426 5778 3663 5835 secanda

2095 5866 2375 5906 marmora
2413 5852 2799 5905 damnatorum
2838 5850 3069 5903 invenit.
