4046 6420
328 398 433 458 933

1260 394 1870 456 ECCLESIAS’I‘ICIE
1911 393 2303 455 HlSTORl/E
2340 395 2487 454 LIB-
2528 395 2644 458 ΙΙΙ.

3486 395 3587 458 924

327 512 421 566 τὸν
453 509 679 579 τρόπον.
728 507 788 563 Ὀ
815 508 872 561 δὲ
906 507 1236 577 περιϐόητος
1261 509 1752 575 πᾶσιννιγνάτιος,
1789 508 1907 561 δεύ-

2011 516 2192 561 autem
2218 504 2531 561 celebratus
2562 507 2824 577 lgnatius,
2858 507 3137 562 secundus
3175 508 3225 561 iu
3248 508 3585 565 Autiocbena

329 619 488 673 τερος
538 599 614 654 ὢν
659 603 757 668 τῆς
801 602 943 653 κατὰ
993 601 1326 671 Ἀντιόχειαν
1377 600 1582 670 Πέτρου
1631 600 1906 670 διαδοχῆς.

330 692 589 764 Τραῖανῷ
613 694 694 754 είς
716 692 817 760 τὴν
852 691 1184 763 Ἀντιόχειαν
1201 692 1503 762 γενομένῳ,
1531 691 1652 744 ἐπεὶ
1671 692 1910 761 ἐλέγχων

333 791 434 842 οὐκ
464 788 608 840 ἀνίει
637 785 735 851 τὴν
766 784 1199 855 δεισιδαιμονίαν
1229 785 1478 855 τάνδρὸς,
1514 786 1736 855 δέσμιον
1767 786 1910 838 ἐκεῖ-

333 881 428 931 Οεν
480 881 562 940 εἰς
619 878 847 946 Ῥώμην
895 878 1175 946 ἐκπέμπει
1231 876 1414 929 λέουσι
1490 876 1909 948 παραϐληθῆναι

335 972 524 1042 βορὰν,
555 969 631 1040 μὶι
664 970 764 1039 τὴν
795 970 874 1032 είς
900 969 1137 1037 Χριστὸν
1161 968 1531 1039 ὲξομνύμενον
1558 968 1760 1022 πίστιν.
1798 968 1907 1022 Καὶ

331 1064 512 1116 τοίνυν
547 1061 768 1131 δέσμιος
811 1059 880 1113 δι’
939 1060 1125 1117 Ἀσίας
1155 1051 1260 1114 ’ἰὼν
1310 1060 1430 1132 μετ’
1476 1060 1754 1130 ἀσφαλοῦς
1805 1059 1907 1128 τῆς

332 1156 603 1225 φρουρᾶς,
641 1154 733 1208 καὶ
764 1155 885 1217 ταῖς
905 1154 1051 1207 κατά
1076 1153 1231 1207 πόλιν
1261 1154 1577 1228 παροικίαις
1602 1153 1903 1228 ἐπιδημῶν,

332 1247 682 1317 προτροπαϊς
720 1248 817 1299 καὶ
858 1246 1104 1315 ὁμιλίαις
1152 1247 1471 1317 ὲπερῤώννυ
1522 1245 1749 1310 ταύτας.
1796 1248 1906 1301 Καὶ

330 1341 457 1394 ἐπεὶ
487 1339 563 1408 τῷ
597 1338 852 1409 τηνικάδε
885 1338 1011 1409 ἀρτι
1044 1341 1277 1410 πρώτως
1308 1338 1548 1404 αἱρέσεις
1578 1339 1761 1409 ἠρέμα
1784 1356 1904 1403 πως

332 1432 833 1504 ἰπαρρησιάξοντο,
868 1430 1235 1500 φυλάττεσθαι
1264 1433 1470 1494 ταύτας
1504 1432 1901 1501 προύτρέπετο,

331 1524 428 1576 καὶ
479 1524 580 1593 τῆς
645 1522 1018 1592 ἀποστολικῆς
1072 1522 1434 1593 παραδόσεως
1481 1525 1592 1585 τοῖς
1647 1523 1796 1595 ὅροις
1849 1524 1906 1586 ές

327 1615 555 1687 ἀκριϐὲς
585 1615 874 1685 ἐμμένεινο
904 1615 1182 1684 τάσφαλὲς
1223 1614 1280 1669 δὲ
1319 1615 1779 1687 μνηστευόμενος,
1811 1615 1906 1668 καὶ

326 1711 625 1779 ιγγράφως
670 1711 784 1763 δεῖν
824 1710 1013 1778 ἠγεῖτο
1041 1709 1466 1762 διατυποῦςθαι.
1513 1709 1625 1763 Καί
1655 1708 1708 1777 γ’
1751 1711 1808 1763 ὲν
1835 1710 1904 1780 τῇ

327 1800 653 1872 Σμυρναίων
679 1801 1000 1870 γενόμενος,
1036 1800 1164 1853 ἔνθα
1196 1801 1557 1870 ῐΙολύκαρπος
1583 1799 1745 1869 ίερῶς
1781 1798 1905 1868 ἑξη-

328 1894 503 1960 γεῖτο,
539 1893 671 1962 μίαν
713 1891 1004 1961 ἐπιστολὴν
1036 1894 1103 1962 τῇ
1162 1892 1431 1962 Ἐφεσίων
1467 1892 1767 1960 διέπεμπεν
1810 1893 1906 1943 ὲκ-

331 1980 551 2050 κλησίᾳ,
601 1980 895 2050 Ὀνησίμου
949 1980 1304 2050 μεμνημένος
1337 1979 1622 2049 ποιμένος.
1658 1978 1765 2031 Καὶ
1808 1977 1905 2031 ἆλ-

329 2074 431 2139 λτ,ν
479 2073 537 2125 δὲ
590 2073 658 2142 τῇ
701 2071 841 2143 πρὸς
888 2071 1189 2143 Μαιάνδρῳ
1243 2072 1543 2142 Μαγνησίᾳ
1589 2068 1902 2134 ἐπέστελλε,

331 2166 494 2236 Δάμα
533 2166 675 2228 τινος
703 2164 1004 2217 έπισκόπου
1055 2166 1248 2233 μνείαν
1274 2164 1618 2232 ποιούμενος·
1655 2162 1826 2232 ἀλλην
1849 2161 1906 2214 δὲ

329 2260 443 2321 τοίς
471 2261 527 2311 ἐν
553 2256 845 2328 Τράλλεσι,
892 2255 1158 2312 Πολυϐίου
1202 2259 1457 2325 τηνικάδε
1489 2256 1766 2318 διέποντος
1805 2254 1906 2326 τὴν

327 2352 525 2422 ἀρχήν.
556 2350 840 2422 Τετάρτην
867 2352 960 2404 ἐπὶ
987 2349 1200 2412 τούτοις
1230 2353 1297 2419 τῇ
1342 2350 1632 2420 Ῥωμαίων
1674 2350 1906 2419 Ἐκκληο

329 2442 679 2515 σίαεγράφει,
735 2444 1092 2514 παράκλησιν
1126 2444 1452 2514 προτείνων,
1516 2443 1590 2512 μὴ
1654 2440 1906 2510 ἐμποδὼν

326 2537 477 2606 αὐτῷ
504 2536 761 2602 γενέσθαι
788 2537 887 2589 τοῦ
921 2553 993 2605 μα
1005 2536 1254 2606 ρτυρίου,
1284 2536 1378 2589 καὶ
1411 2534 1766 2605 μικροψύχως
1795 2537 1910 2588 δια-

326 2631 608 2694 τεθέντας,
641 2630 740 2697 τῆς
765 2629 1228 2700 προσδοκωμένης
1252 2628 1465 2691 ἐλπίδος
1483 2610 1907 2697 παρασκευάσαι

323 2722 623 2779 διαπεσεῖν.
663 2724 853 2787 Ἀςιον
896 2722 953 2775 δὲ
994 2723 1089 2775 καί
1121 2738 1247 2775 τινα
1294 2723 1516 2792 ῥήματα
1559 2722 1660 2788 τῆς
1693 2720 1904 2774 ἐκείνου

325 2814 574 2883 γλώττης
605 2815 742 2881 πρὸς
778 2813 1008 2878 ἔνδειξιν
1053 2812 1154 2881 τῆς
1190 2814 1456 2883 μεγίστης
1500 2812 1725 2882 ἀνδρίας
1757 2813 1905 2866 ἐκεί-

326 2925 420 2961 νου
451 2911 544 2960 καὶ
585 2907 825 2970 πίστεως
854 2910 922 2976 τῇ
960 2910 1257 2976 συγγραφῇ
1300 2905 1663 2972 παραθεῖναι.
1695 2906 1905 2976 Γράφει

324 3002 382 3053 δὲ
405 3000 599 3064 οὕτως’
636 3019 655 3052 ι
708 2998 838 3053 Ἀπὸ
868 2999 1069 3069 Συρίας
1112 3000 1278 3070 μέχρι
1322 2997 1541 3068 Ῥώμης
1576 2995 1906 3069 θηριομαχῶ

322 3094 414 3147 διὰ
458 3095 561 3164 γῆς
593 3094 687 3148 καὶ
743 3093 1047 3164 θαλάσσης,
1082 3092 1409 3175 νυκτὸςοκαὶ
1451 3091 1665 3161 ἡμέρας
1695 3090 1905 3143 ἐνδεδε-

2013 596 2254 653 Ecclesia
2304 599 2449 653 Petri
2497 614 2802 660 successor,
2855 615 2979 654 cum
3038 599 3279 667 Traiani,
3328 602 3420 670 qui
3473 612 3587 656 tum

2012 687 2319 744 Antiochia:
2366 698 2518 752 erat,
2559 705 2665 743 non
2702 690 2983 746 desineret
3027 693 3436 761 reprehendere
3490 710 3586 747 su-

2012 781 2419 850 perstitionem,
2445 783 2664 836 vinetus
2698 784 2926 839 Romam
2970 793 3029 838 ut
3061 784 3135 837 ibi
3180 785 3435 839 leonibus
3461 802 3587 841 esca

2012 874 2365 947 objlceretur,
2394 875 2443 929 si
2473 875 2634 928 fidem
2658 876 2860 930 Christi
2893 892 3003 930 non
3055 877 3355 945 abjuraret.
3386 881 3588 936 missus

2011 978 2096 1023 est
2126 986 2139 1021 :
2172 976 2223 1022 et
2248 967 2431 1022 Asiam
2464 983 2592 1021 cum
2629 968 2785 1022 ﬁrma
2821 969 3054 1023 militum
3086 970 3335 1025 custodia
3367 972 3587 1027 vinctus

2010 1076 2329 1131 peragrans,
2374 1061 2746 1129 ecelesiasquc
2779 1061 3082 1130 oppidatim
3126 1063 3341 1127 adiens,
3373 1079 3587 1118 sermo-

2009 1158 2176 1212 nibus
2201 1155 2566 1211 familiaribus
2607 1165 2663 1212 et
2702 1156 3173 1212 cohortationibus
3203 1159 3585 1220 confirmabat.

2008 1259 2065 1303 et
2088 1248 2351 1317 quoniam
2381 1256 2493 1300 tum
2525 1247 2762 1316 primum
2794 1248 3032 1302 haereses
3064 1250 3321 1316 paulatim
3350 1250 3584 1304 liberius

2008 1353 2066 1393 se.
2104 1338 2353 1407 proferre
2380 1338 2670 1398 auderent,
2708 1347 2767 1390 ut
2801 1337 2905 1391 sibi
2945 1340 3014 1391 ab
3037 1338 3119 1393 eis
3154 1351 3430 1403 cavi-rent,
3456 1340 3586 1393 doc-

2009 1431 2277 1499 trinaeque
2351 1430 2777 1499 apostol‘carum
2816 1432 3205 1495 Atraditionnm
3271 1441 3588 1485 constanter

2009 1520 2349 1584 insisterent,
2395 1521 2753 1575 admouebat.
2786 1519 2941 1586 Quod
2976 1534 3036 1575 ut
3081 1522 3188 1575 illis
3223 1523 3427 1576 certius.
3465 1537 3589 1591 per-

2006 1613 2290 1675 suaderet,
2339 1613 2392 1667 in
2422 1612 2635 1667 litteras
2664 1613 3079 1668 cohortationes
3111 1629 3241 1668 suas
3271 1614 3588 1671 referendas

2006 1723 2130 1764 esse
2172 1710 2349 1763 duxit.
2383 1706 2573 1776 Itaque
2605 1706 2850 1777 Smyrnae
2881 1722 3006 1762 cum
3044 1717 3227 1771 esset,
3285 1710 3375 1762 ubi
3429 1710 3592 1780 Puly-

2009 1815 2209 1870 carpus
2252 1799 2543 1855 ecclesiam
2602 1799 2871 1868 regebat,
2935 1798 3224 1868 epistolam
3292 1815 3458 1853 unam
3517 1800 3586 1854 ad

2013 1892 2378 1963 Ephesiorum
2402 1892 2689 1946 ecclesiam
2708 1892 2879 1950 dedit.
2902 1890 3146 1946 Onesimi
3175 1893 3409 1959 pastoris
3432 1908 3587 1945 men-

2010 1988 2214 2043 tionem
2251 1986 2480 2041 faeiens.
2513 1984 2689 2038 Aliam
2738 1995 2919 2038 autent
2959 1983 3246 2053 Magnesiae
3281 1984 3347 2038 ad
3395 1985 3589 2039 Maean-

2008 2077 2171 2133 drum
2200 2077 2318 2132 sita:
2339 2076 2581 2143 scripsit,
2611 2075 2666 2128 in
2694 2090 2800 2144 qua
2826 2074 3072 2143 episcopi
3097 2075 3385 2145 cujusdam
3409 2077 3588 2131 Damae

2008 2169 2282 2224 meminit.
2324 2168 2503 2224 Aliam
2532 2167 2660 2222 item
2705 2168 2771 2222 ad
2812 2167 3101 2222 ecclesiam
3148 2183 3272 2236 qua:
3308 2166 3589 2223 Trallibus

2009 2261 2134 2326 fuit,
2183 2261 2352 2322 misit.
2403 2259 2492 2315 cui
2542 2270 2657 2313 tum
2714 2258 2974 2330 Polybius
3026 2259 3267 2326 praefuit.
3325 2260 3585 2327 Quartam

2008 2368 2173 2424 porro
2198 2353 2264 2406 ad
2295 2351 2600 2409 Romanam
2647 2350 2872 2421 scripsit
2898 2352 3224 2419 Eeelesiam,
3253 2368 3379 2408 cum
3409 2356 3589 2425 ampla

2007 2441 2413 2504 exhortatione,
2461 2456 2534 2495 ne
2585 2440 2734 2510 quod
2790 2443 3055 2513 martyrio
3095 2443 3219 2510 ejus
3280 2442 3590 2512 objicerent

2010 2531 2488 2601 impedimentum,
2546 2546 2682 2586 neve
2736 2543 2963 2601 propter
3000 2532 3305 2588 animorum
3343 2535 3589 2588 imbecil-

2011 2622 2218 2677 litatem
2250 2622 2558 2691 quidquam
2589 2632 2833 2692 agerent,
2870 2631 2929 2676 ut
2975 2623 3090 2693 ipse
3128 2635 3393 2694 concepta
3435 2635 3591 2696 opta-

2010 2725 2173 2784 taque
2205 2730 2301 2785 spe
2331 2732 2428 2770 sua
2454 2716 2757 2770 excideret.
2791 2713 2983 2784 Operae
3027 2716 3269 2785 pretium
3306 2732 3436 2771 vero
3474 2727 3585 2786 est,

2006 2805 2176 2859 verba
2202 2805 2383 2875 aliqua
2427 2805 2630 2876 linguae
2663 2805 2834 2869 illius,
2864 2805 2943 2859 ad
2977 2805 3324 2862 fortitudinis
3360 2820 3416 2862 et
3459 2809 3586 2864 fidei

2008 2897 2132 2965 ejus
2169 2896 2604 2965 magnitudinem
2662 2895 3048 2951 declarandam
3084 2938 3097 2961 ,
3159 2899 3401 2954 historiae
3457 2900 3591 2956 huic

2009 3004 2309 3059 apponere.
2363 2989 2567 3044 Scribit
2610 2989 2759 3044 enim
2811 2989 2878 3042 ad
2932 2989 3085 3045 hunc
3134 2990 3357 3044 modum
3394 3010 3409 3045 -.
3453 3012 3471 3043 ι
3504 2991 3589 3047 Ab

2010 3082 2130 3150 ipsa
2161 3081 2316 3151 Syria
2365 3082 2595 3136 Romam
2633 3095 2808 3149 usque
2831 3120 2848 3146 ,
2872 3088 3020 3135 terra
3050 3082 3321 3152 marique,
3358 3084 3452 3138 diu
3486 3100 3591 3141 no-

325 3189 487 3256 μένος
516 3187 650 3240 δέκα
682 3186 1027 3256 λεοπάρδοις·
1051 3185 1078 3238 ὅ
1112 3187 1229 3239 ἐστι
1259 3174 1453 3253 τάγμα
1486 3183 1901 3253 στρατιωτικόν·

2014 3184 2214 3244 ctuque
2242 3190 2367 3230 cum
2405 3174 2600 3230 bestiis
2640 3174 2774 3229 mihi
2825 3176 3255 3246 depugnandum
3306 3186 3428 3239 est,
3462 3194 3591 3234 cum

322 3280 374 3333 οἳ
405 3282 502 3335 καὶ
527 3278 986 3349 εὐεργετούμενοι
1014 3279 1234 3346 χείρους
1283 3277 1555 3343 γίνονται.
1597 3275 1685 3327 Ἐν
1716 3274 1773 3326 δὲ
1796 3275 1910 3337 τοῖς

323 3371 662 3440 ἀδικήμασιν
711 3369 891 3422 αὐτῶν
939 3368 1144 3437 μᾶλλον
1199 3366 1580 3437 μαθητεύομαι
1609 3379 1625 3394 ⁶
1677 3363 1795 3417 ἀλλ’
1844 3364 1907 3416 οὐ

329 3463 485 3533 παρὰ
539 3459 700 3514 τοῦτο
760 3459 1143 3528 δεδικαίωμαι.
1223 3456 1486 3525 Ὀναίμην
1531 3452 1642 3505 τῶν
1702 3452 1915 3527 θηρίων·

324 3554 436 3606 τῶν
461 3554 585 3623 ἐμοὶ
612 3552 871 3621 ἑτοίμωνο
896 3549 934 3605 ἃ
964 3553 1060 3603 καὶ
1089 3547 1348 3617 εὔχομαι,
1373 3546 1618 3612 σύντομά
1645 3561 1737 3612 μοι
1758 3543 1907 3613 εὐρε-

328 3644 551 3716 θῆναι·ἃ
574 3645 668 3698 καὶ
717 3641 1037 3697 κολακεύσω
1055 3681 1072 3704 ,
1106 3640 1396 3709 συντόμως
1430 3654 1497 3707 με
1524 3637 1867 3702 καταφαγεῖν
1888 3648 1903 3663 ⁸

326 3739 432 3792 κᾶν
463 3737 601 3791 αὐτὰ
632 3735 692 3791 δὲ
723 3737 929 3790 ἄκοντα
980 3732 1056 3802 μὴ
1099 3730 1269 3795 θέλοι,
1318 3729 1430 3798 ἐγὼ
1469 3726 1901 3798 προσϐιάσομαι.

328 3828 669 3900 Συγγνώμην
698 3846 790 3899 μοι
836 3827 1013 3897 ἔχετε.
1051 3825 1118 3877 Τί
1154 3841 1248 3895 μοι
1296 3824 1600 3894 συμφέρεις
1632 3819 1743 3889 ἐγὼ
1791 3821 1904 3890 γάρ

326 3924 603 3989 γινώσκω,
630 3924 678 3974 εί
710 3922 784 3990 μὴ
815 3919 910 3971 νῦν
933 3919 1173 3988 ἄρχομαι
1209 3915 1455 3984 μαθητὴς
1488 3912 1768 3983 γενέσθαι.
1801 3929 1906 3979 μη-

322 4016 412 4070 δέν
461 4033 530 4085 με
578 4013 822 4082 ζηλῶσαι
878 4010 988 4065 τῶν
1036 4010 1285 4078 ἀοράτων
1357 4008 1451 4060 καὶ
1526 4006 1762 4074 ὁρατῶν,
1814 4004 1902 4056 ἵνα

337 4106 512 4176 Ἰησοῦ
544 4104 782 4174 Χριστοῦ
810 4102 1076 4172 ἐπιτύχω.
1129 4099 1249 4169 Πῦρ
1276 4099 1371 4151 καὶ
1402 4098 1660 4166 σταυρὸς,
1694 4093 1902 4165 Θηρίων

324 4219 383 4254 τε
418 4199 732 4263 συστάσεις,
762 4194 1097 4267 σκορπισμοὶ
1129 4193 1356 4255 ὀστέων,
1388 4186 1665 4256 συγκοπαὶ
1698 4184 1900 4252 μελῶν,

324 4291 558 4360 ἁλεσμοὶ
594 4290 716 4343 ὅλου
757 4287 849 4341 τοῦ
912 4284 1189 4355 σώματος,
1230 4283 1483 4343 κολάσεις
1515 4278 1766 4332 διαϐόλου
1820 4276 1901 4337 εις

326 4385 425 4454 ἐμὲ
460 4384 828 4453 ὲρχέσθωσανο
865 4379 1027 4448 μόνον
1088 4375 1267 4447 Ἰησοῦ
1302 4371 1544 4445 Χριστοῦ
1576 4370 1839 4441 ἐπιτύχω.
1875 4386 1894 4421 ι

325 4477 512 4530 Ταῦτα
548 4475 646 4545 μὲν
675 4475 784 4526 ἀπὸ
835 4473 938 4542 τῆς
971 4469 1297 4540 Σμυρναίων
1347 4466 1637 4520 ἐπέστελλε
1671 4464 1899 4527 πόλεως’

2012 3265 2202 3322 decem
2238 3266 2496 3321 videlicet
2521 3266 2819 3335 leopardis,
2865 3267 2972 3322 hoc
3001 3275 3120 3331 est,
3158 3269 3380 3323 militari
3412 3272 3591 3326 maui-

2012 3357 2170 3425 pulo,
2224 3357 2321 3426 qui
2361 3356 2645 3412 beneficiis
2683 3356 2864 3412 affecti
2901 3358 3063 3427 longe
3090 3360 3255 3413 etiam
3288 3359 3594 3417 deteriores

2010 3446 2170 3501 ﬁunt.
2198 3447 2401 3502 Verum
2436 3448 2652 3518 injuriis
2678 3463 2871 3503 eorum
2914 3451 3087 3520 magis
3115 3451 3281 3505 etiam
3313 3455 3593 3523 magisque

2007 3538 2255 3593 erudior.
2284 3538 2672 3592 Verumtamen
2704 3552 2767 3592 ea
2813 3538 2882 3594 de
2913 3554 3078 3595 causa
3108 3541 3447 3611 justitieatus
3476 3561 3590 3605 non

2007 3644 2153 3684 sum.
2181 3628 2345 3699 25o
2381 3629 2553 3695 Quam
2587 3630 2750 3684 velim
2791 3631 2925 3684 mihi
2962 3633 3075 3701 jam
3118 3630 3333 3695 adesse,
3366 3652 3489 3704 quae
3534 3638 3588 3691 in

2006 3739 2094 3789 me
2123 3723 2410 3777 destinata:
2442 3735 2757 3792 parataeque
2780 3732 2913 3778 sunt
2938 3724 3147 3790 bestim,
3180 3742 3320 3795 quas
3345 3729 3510 3782 etiam
3532 3741 3591 3784 ut

2005 3814 2411 3884 quamprimum
2447 3816 2713 3883 reperiam
2744 3816 3018 3884 0pt0.Eas
3046 3833 3142 3886 per
3158 3822 3590 3876 assentationem

2005 3916 2063 3962 et
2090 3905 2459 3975 palpationem
2487 3905 2853 3969 demulcebo,
2884 3916 2946 3962 ut
2972 3924 3059 3962 me
3110 3924 3273 3978 quam
3303 3912 3592 3968 celerrime

2005 3998 2290 4054 devorent.
2322 3998 2498 4067 Atque
2525 3999 2693 4053 etiam
2731 4001 2774 4054 si
2806 4000 2856 4054 id
2891 4001 3074 4055 facere
3116 4002 3328 4063 nolent,
3356 4020 3456 4071 ego
3497 4021 3593 4060 eas

2004 4091 2116 4145 vim
2153 4090 2261 4145 illis
2297 4090 2541 4145 inferens
2569 4089 2834 4146 ineitabo.
2862 4092 2995 4147 Date
3027 4092 3185 4157 mihi,
3211 4109 3423 4163 quaeso,
3448 4099 3588 4151 Lanc

2005 4184 2245 4238 veniam.
2297 4183 2439 4249 Quid
2502 4183 2635 4237 mibi
2675 4184 2976 4252 expediat,
3034 4185 3184 4239 novi.
3237 4186 3393 4242 Nunc
3445 4191 3592 4243 enim

2004 4277 2224 4330 demum
2255 4276 2470 4329 discere
2501 4274 2735 4344 incipio,
2774 4275 2911 4329 nihil
2936 4286 3127 4344 optare
3151 4286 3249 4331 aut
3280 4278 3595 4336 desiderare

2004 4383 2190 4423 rerum
2220 4366 2467 4420 omnium
2498 4376 2555 4422 et
2585 4366 2945 4421 invisibilium
2979 4378 3034 4421 et
3065 4369 3389 4434 visibilium,
3426 4383 3483 4423 ut
3520 4373 3587 4426 ad

2002 4461 2192 4516 Jesum
2221 4461 2507 4515 Christum
2536 4460 2775 4514 veniam.
2806 4460 2993 4529 Ignes,
3028 4476 3245 4524 cruces,
3285 4462 3591 4517 bestiarum

327 4569 419 4621 ἐπὶ
451 4568 506 4621 δὲ
563 4565 820 4637 Τρωάδος
853 4563 1172 4632 γενόμενος,
1209 4560 1508 4629 γράμμασι
1540 4559 1608 4626 τῇ
1657 4554 1907 4607 Φιλαδελ-

2013 4554 2290 4617 cohortes,
2323 4552 2717 4622 dissipationes
2767 4552 3001 4615 ossium,
3028 4552 3402 4635 membrorum
3454 4571 3593 4609 ron-

328 4661 475 4729 φὲων
527 4658 797 4727 ἐκκλησίᾳ
844 4652 1196 4726 προσομιλεῖ·
1234 4650 1331 4704 καὶ
1364 4649 1697 4719 Σμυρναίοις
1746 4645 1913 4715 ἀλλην

326 4753 707 4823 διαχαράττει·
738 4749 834 4804 καὶ
884 4746 1034 4815 αῦτῷ
1066 4745 1124 4798 δὲ
1175 4743 1283 4814 ίδίᾳ
1307 4741 1384 4809 τῷ
1433 4739 1682 4809 προέδρῳ
1708 4736 1915 4805 ταύτης

331 4843 680 4913 Πολυκάρπῳ
731 4839 929 4908 ἑτέραν
980 4832 1328 4893 ἐπέστελλεν,
1384 4829 1521 4905 ὁμοῦ
1560 4827 1660 4898 μὲν
1711 4829 1805 4881 καὶ

327 4934 471 4986 θεῖον
511 4933 682 5003 ἄνδρα
716 4930 917 5002 τιμῶν,
949 4928 1024 4991 ὡς
1057 4926 1103 4979 δ’
1138 4921 1499 4980 ἀποστολικδν
1535 4921 1795 4991 ποιμένα,
1827 4912 1915 4972 οἵα

325 5025 390 5095 δὴ
423 5026 519 5078 καὶ
582 5024 749 5084 αὐτὸς
786 5020 994 5092 ποιμὴν
1052 5016 1258 5086 ἀγαθὸς
1315 5015 1413 5087 τὴν
1448 5013 1689 5083 ποίμνην
1738 5010 1916 5082 τούτῳ

328 5116 806 5185 παρατιθέμενοςο
867 5111 1180 5184 φροντίζειν
1238 5125 1299 5162 τε
1352 5102 1524 5177 αὐτῆς
1584 5104 1776 5172 ἀξιῶν,
1820 5101 1916 5155 καὶ

327 5209 673 5281 εἰσηγεῖσθαι
726 5206 903 5278 ταύτῃ
955 5206 1023 5258 τὰ
1074 5203 1385 5275 κρείττονα.
1429 5200 1519 5252 Ἐν
1562 5199 1619 5252 δὲ
1679 5200 1745 5270 τῇ
1777 5196 1916 5268 πρὸς

327 5301 674 5371 Σμυρναίους
711 5297 805 5351 καί
852 5314 964 5350 τισι
1019 5296 1223 5366 χρῆται
1279 5294 1465 5365 ῥητοῖς
1497 5290 1627 5358 περὶ
1660 5288 1756 5343 τοῦ
1785 5289 1919 5360 Χρι-

330 5390 484 5455 στοῦ,
523 5392 624 5442 οὐκ
660 5385 758 5442 οἷδ’
789 5388 986 5439 ὁπόθεν
1026 5384 1442 5455 ἐρανισάμενος·
1478 5400 1496 5432 ι
1545 5381 1685 5448 Ἐγὼ
1729 5380 1787 5434 δὲ
1820 5380 1917 5433 κα)⁸

331 5487 473 5552 μετὰ
502 5483 599 5554 τὴν
625 5484 923 5536 ἀνάστασιν
954 5482 1012 5532 ὲν
1048 5462 1212 5548 σαρκὶ
1238 5477 1403 5532 αὑτὸν
1433 5473 1597 5541 εἶδον,
1630 5475 1784 5543 φησί’
1822 5475 1916 5528 καὶ

329 5575 578 5629 πιστεύω
609 5575 758 5627 ὄνταο
796 5572 893 5625 καὶ
920 5571 1008 5624 ὅτε
1039 5569 1179 5638 πρὸς
1204 5568 1332 5629 τοὺς
1365 5571 1497 5635 περὶ
1543 5566 1749 5637 Πέτρον
1784 5567 1916 5638 ἐλή-

329 5670 485 5732 λυθε,
514 5668 609 5720 καὶ
632 5667 734 5735 ἔφη
764 5666 974 5729 αὐτοῖς,
1003 5660 1248 5727 Λάϐετε,
1280 5659 1697 5730 ψηλαφήσατέ
1718 5677 1795 5730 με
1816 5661 1917 5715 καὶ

331 5762 513 5827 ιδετε,
556 5760 647 5814 ὅτι
702 5761 814 5814 οὐκ
866 5757 983 5827 εἰμὶ
1044 5757 1359 5828 δαιμόνιαν
1405 5754 1771 5824 ἀσώματονυ
1821 5757 1917 5811 καὶ

332 5854 494 5919 εὐθὺς
527 5853 691 5908 αὑτοῦ
741 5852 952 5923 ἥψαντο
1001 5850 1096 5904 καὶ
1150 5849 1505 5904 ἐπίστευσαν.
1544 5865 1564 5899 ι
1620 5848 1915 5918 Εἰρηναῖος

2018 4644 2278 4707 cisiones,
2312 4645 2480 4700 totius
2522 4644 2769 4712 corporis
2799 4625 3255 4705 commoli'tiones,
3299 4655 3354 4698 et
3389 4645 3590 4699 diaboli

2019 4745 2288 4791 tormenta
2312 4735 2651 4805 etsupplicia
2676 4736 2730 4789 in
2764 4749 2849 4789 me
2877 4735 3324 4805 progrediantur,
3347 4743 3407 4788 ut
3431 4735 3595 4790 modo

2018 4831 2085 4886 ad
2118 4828 2305 4883 Jesum
2340 4827 2620 4884 Christum
2655 4828 2995 4896 perveniam.
3022 4845 3041 4878 ι
3073 4825 3252 4896 Atque
3274 4827 3391 4882 haec
3414 4827 3598 4899 Smyr-

2017 4937 2100 4977 nae
2127 4921 2369 4990 scripsit.
2399 4917 2536 4975 Cum
2568 4926 2751 4973 autem
2780 4916 2997 4972 Troade
3029 4928 3200 4982 esset,
3234 4934 3329 4988 per
3381 4920 3597 4973 litteras

2018 5030 2144 5070 cum
2179 5010 2573 5080 Pliiladclpbiae
2603 5009 2837 5064 ecclesia
2887 5008 3193 5064 collocutus
3224 5020 3332 5064 est.
3380 5010 3597 5078 Episto-

2017 5107 2125 5162 lam
2182 5117 2402 5176 quoque
2438 5102 2506 5156 ad
2556 5101 2868 5173 Smyrnaeos
2922 5101 3098 5165 dedit,
3150 5109 3209 5155 et
3249 5102 3412 5154 aliam
3465 5102 3597 5155 item

2019 5198 2251 5256 seorsitn
2293 5197 2360 5252 ad
2387 5195 2708 5266 episcopum
2738 5209 2930 5248 eorum
2977 5194 3365 5264 Polycarpum,
3434 5194 3597 5248 simul

2018 5301 2077 5348 et
2103 5301 2161 5347 ut
2191 5290 2364 5345 virum
2400 5289 2650 5343 divinum
2688 5288 2991 5349 honoratis,
3024 5295 3080 5339 et
3111 5285 3264 5340 velut
3297 5286 3600 5353 apostolico

2020 5383 2224 5454 pastori
2251 5382 2476 5453 (quippe
2505 5390 2562 5436 et
2593 5382 2709 5450 ipse
2746 5389 2935 5448 pastor
2964 5376 3167 5445 bonus)
3200 5392 3420 5446 gregem
3443 5392 3602 5431 cotu-

2022 5473 2544 5531 mendauszadditis
2573 5486 2791 5541 quoque.
2825 5469 3111 5540 precibus,
3147 5479 3206 5521 ut
3238 5484 3424 5521 curam
3453 5468 3604 5524 illius

2022 5571 2248 5634 habere,
2279 5578 2334 5623 et
2366 5582 2488 5637 qua:
2521 5566 2727 5634 optima
2758 5572 2945 5620 essent
2967 5602 2983 5625 ,
3018 5576 3147 5617 eum
3177 5561 3378 5615 docere
3411 5561 3600 5616 vellet.

2021 5663 2078 5717 In
2106 5662 2336 5743 epistola
2364 5661 2429 5715 ad
2483 5657 2798 5728 Smyrnaros
2860 5654 3046 5710 verbis
3096 5652 3424 5723 quibusdam
3465 5654 3604 5707 insi-

2019 5755 2222 5824 gnibus
2260 5754 2328 5807 de
2386 5752 2609 5808 Christo
2640 5750 2862 5815 utitur;
2921 5746 3055 5818 qute'
3082 5746 3226 5802 unde
3276 5744 3602 5812 desumpse-

2023 5848 2114 5913 rit,
2150 5862 2260 5901 non
2292 5846 2427 5901 satis
2457 5844 2572 5900 scio
2602 5865 2611 5896 :
2646 5860 2664 5894 ι
2693 5841 2806 5913 Ego
2829 5855 2959 5896 vero
2982 5839 3147 5895 etiam
3182 5845 3306 5909 post
3354 5847 3604 5892 resurre-
