4046 6420
1395 269 1428 287 αι

445 400 554 462 9'35
1676 394 1725 454 Ν
1732 391 2106 455 ICEPHORI
2149 393 2504 454 CALLISTI
3622 395 3728 459 936

449 514 695 570 ctionem
723 511 777 565 in
809 523 994 575 carne,
1030 508 1230 578 inquit,
1265 522 1391 562 eum
1423 506 1556 572 ridi,
1585 507 1864 577 credoque
1904 521 2028 559 eum

2139 505 2194 558 δὲ
2231 508 2330 560 καὶ
2364 508 2422 560 τὸ
2485 486 2792 580 μαβτύριον
2843 503 3009 560 αὐτοῦ
3046 499 3181 570 οἶδε,
3234 506 3329 558 καὶ
3365 504 3474 557 τῶν
3507 504 3734 556 ἐπιστο-

444 620 585 660 esse.
615 604 685 658 Et
709 619 832 658 eum
871 603 936 655 ad
977 603 1197 656 Petrum
1233 610 1286 654 et
1317 615 1414 655 eos
1442 601 1536 670 qui
1587 615 1713 655 eum
1761 615 1826 653 eo
1873 607 2028 652 erant

2137 601 2245 652 λῶν
2281 603 2448 654 αὐτοῦ
2495 604 2688 671 μνείαν
2743 603 3010 664 ποιεῖται,
3042 601 3271 670 γράφων
3305 597 3515 661 οὕτως’
3581 617 3598 648 ι
3641 597 3734 660 Ὠς

444 697 618 758 venit,
659 697 852 764 eisque
879 694 1062 748 dixit:
1125 693 1395 762 Accipite,
1431 701 1798 754 contrectate,
1851 699 1905 746 et
1954 690 2036 744 vi-

447 789 574 842 dete
607 803 694 841 me
725 802 839 841 non
862 801 986 840 esse
1019 785 1352 840 daemonium
1397 785 1820 851 incorporeum;
1845 782 2030 837 statim

445 895 572 934 eum
601 878 917 938 tetigerunt,
935 884 992 929 et
1020 875 1396 930 crediderunt.
1461 893 1479 926 ι
1528 873 1635 929 Sed
1668 882 1726 927 et
1761 873 1877 942 ipse
1920 872 2035 925 Ire—

445 986 595 1024 naeus
630 970 959 1040 martyrium
993 967 1115 1036 ejus
1149 968 1343 1032 novit,
1393 977 1451 1021 et
1500 966 1859 1036 epistolarum
1911 965 2034 1034 ejus

439 1063 780 1141 mentionem
817 1061 982 1114 facit:
1015 1078 1035 1111 ‹
1069 1058 1546 1126 Quemadmodum
1573 1068 1889 1112 nostrorum
1913 1057 2036 1124 qui-

443 1155 567 1209 dam
604 1154 761 1219 dixit,
791 1161 1018 1224 propter
1052 1153 1453 1223 professionem
1489 1163 1655 1221 atque
1683 1151 2034 1205 testiﬁcatio-

446 1264 569 1302 nem
591 1248 658 1300 de
691 1248 804 1302 Deo
838 1247 904 1300 ad
933 1248 1138 1300 bestias
1184 1247 1625 1300 condemnatus:
1673 1245 2030 1298 Frumentum

442 1355 563 1393 sum
598 1339 716 1402 Dei,
747 1349 800 1393 et
846 1354 944 1407 per
990 1337 1296 1392 bestiarum
1331 1337 1526 1391 dentes
1579 1336 1904 1398 commolor,
1975 1343 2034 1387 ut

442 1446 614 1501 purus
675 1430 1037 1498 sineerusque
1096 1429 1347 1482 inveniar
1397 1433 1576 1496 panis.
1620 1444 1638 1477 ι
1701 1426 2034 1496 Ροὶγοετριιε

444 1536 627 1576 autem
648 1563 663 1586 ,
685 1523 740 1576 in
779 1521 1010 1591 epistola
1043 1535 1138 1574 sua
1170 1519 1236 1574 ad
1260 1519 1658 1587 Fbilippenses,
1682 1517 1828 1571 hisce
1852 1517 2035 1570 verbis

443 1616 564 1684 ejus
598 1613 887 1667 meminit:
929 1633 945 1662 ι
978 1612 1225 1667 ObseCro
1250 1613 1417 1679 igitur
1447 1625 1541 1664 vos
1571 1625 1786 1671 omnes,
1822 1618 1878 1662 ut
1905 1609 2038 1661 obe-

443 1698 610 1761 diatis
633 1707 832 1772 quibus
850 1705 1084 1764 debetis,
1113 1714 1169 1756 et
1191 1717 1411 1754 omnem
1439 1700 1759 1769 patientiam
1779 1713 2036 1754 exercea-

447 1801 537 1862 tis,
568 1814 731 1868 quam
761 1798 827 1852 ad
853 1801 1073 1852 oculum
1106 1796 1322 1850 vidistis
1347 1835 1362 1856 ,
1396 1811 1504 1847 non
1551 1793 1724 1846 solum
1761 1793 1814 1846 in
1857 1793 2033 1847 beatis

445 1892 584 1947 viris
626 1891 834 1961 [gnatio
858 1902 913 1943 et
947 1887 1090 1943 ltufo
1122 1899 1178 1942 et
1214 1887 1463 1950 Zosimo,
1500 1886 1594 1939 sed
1629 1885 1793 1939 etiam
1827 1884 1882 1942 in
1911 1885 2034 1938 aliis

441 1990 648 2038 nostra:
679 1981 1038 2052 professionis
1075 1979 1414 2043 hominibus,
1445 1990 1612 2049 atque
1657 1978 1796 2032 adeo
1824 1977 1880 2032 in
1914 1977 2034 2046 ipso

443 2077 613 2131 Paulo
665 2087 723 2130 et
757 2075 984 2143 reliquis
1007 2073 1292 2143 apostolis,
1320 2071 1455 2126 illud
1481 2085 1801 2141 persuasum
1825 2069 2036 2124 baben-

443 2184 533 2223 ses
561 2167 707 2237 quod
743 2167 816 2220 illi
839 2182 1032 2220 omnes
1059 2180 1166 2218 non
1202 2165 1255 2217 in
1286 2178 1486 2217 vanum
1518 2165 1897 2225 cucurrerint,
1935 2163 2032 2216 sed

443 2262 500 2316 in
531 2260 636 2314 fide
658 2269 714 2314 et
735 2259 970 2331 iustitia,
991 2268 1046 2312 et
1073 2257 1220 2326 quod
1245 2256 1300 2309 in
1328 2256 1516 2310 debito
1539 2255 1926 2324 destinatoque
1953 2259 2034 2309 eis

442 2355 566 2410 loco
596 2354 707 2408 sint
742 2353 884 2424 apud
917 2352 1231 2416 Dominum,
1265 2351 1352 2403 cui
1382 2350 1553 2404 etiam
1579 2349 1850 2418 compassi
1881 2357 2030 2412 sunt,

439 2444 560 2500 Non
576 2446 724 2500 enim
749 2459 990 2515 praesens
1006 2442 1276 2510 complexi
1297 2449 1625 2494 amaverunt
1638 2439 1917 2502 s:eculum,
1935 2437 2032 2493 sed

437 2553 568 2592 eum
591 2535 684 2606 qui
707 2551 808 2606 pro
834 2535 994 2589 nobis
1017 2541 1268 2587 mortuus
1297 2543 1401 2597 est,
1424 2541 1479 2586 et
1504 2532 1600 2600 qui
1624 2537 1850 2600 propter
1877 2543 1976 2582 nos
2003 2542 2032 2582 a

441 2629 554 2684 Deo
568 2641 651 2683 est
669 2629 1049 2683 resuscitatus.
1079 2644 1096 2676 ›
1128 2623 1285 2694 251
1317 2624 1392 2676 De
1410 2623 1789 2694 epistolisejus
1809 2621 1881 2676 ita
1899 2621 2036 2676 scri-

438 2722 523 2778 bit
552 2738 566 2774 :
617 2741 634 2772 ι
685 2719 1002 2791 Seripsistis
1037 2719 1172 2772 mihi
1203 2731 1258 2773 et
1289 2733 1407 2782 vos,
1439 2726 1496 2772 et
1529 2717 1793 2788 lgnatius,
1817 2724 1878 2770 ut
1903 2729 2031 2770 cum

433 2817 564 2886 quis
602 2817 657 2869 in
687 2814 904 2886 Syriam
944 2815 1091 2878 ierit,
1122 2812 1336 2867 litteras
1361 2811 1428 2866 ad
1453 2825 1549 2865 vos
1576 2809 1852 2879 perferat:
1883 2808 2030 2879 quod

435 2907 662 2979 quidem
695 2907 924 2969 curabo,
951 2914 1323 2975 opportunum
1349 2912 1540 2958 nactus
1568 2903 1909 2972 tempus,vel
1931 2915 2032 2973 ego

440 3001 580 3068 ipse,
613 2999 698 3052 vel
725 3000 767 3051 is
803 3014 964 3068 quem
1001 2996 1179 3057 mitto,
1209 2996 1306 3066 qui
1344 2995 1414 3049 sit
1448 3009 1546 3064 pro
1587 2994 1749 3047 nobis
1771 2995 2026 3047 nuntium

439 3089 535 3141 illo
572 3089 903 3155 perlaturus.
936 3085 1207 3154 Epistolas
1249 3086 1436 3154 lgnatii
1476 3086 1544 3136 ab
1570 3101 1637 3138 eo
1667 3083 1733 3136 ad
1767 3099 1868 3137 nos
1898 3084 2024 3137 mis-

2136 689 2260 746 εἶπέ
2296 711 2382 755 τις
2409 695 2518 747 τῶν
2557 694 2846 763 ἡμετέρων
2879 693 2969 746 διὰ
3011 692 3110 762 τὴν
3156 691 3295 760 πρὸς
3332 690 3468 743 Θεὸν
3517 705 3732 760 papau-

2138 787 2264 854 ρίαν
2292 787 2649 856 κατακριθεὶς
2679 786 2812 858 πρὸς
2837 785 3029 856 θηρίον
3068 781 3195 838 Ὀτι
3239 782 3388 846 σῖτός
3418 785 3533 852 εἶμι
3565 780 3734 843 Θεοῦ.

2135 880 2230 932 καὶ
2281 880 2348 932 δι’
2412 880 2646 934 ὀδόντων
2696 879 2905 948 Θηρίων
2965 877 3283 946 ἁλήθομαι,
3341 875 3432 929 ἵνα
3484 874 3734 945 καθαρὸς

2137 975 2301 1044 ἄρτος
2340 973 2572 1044 εὑρεθῶ.
2611 994 2627 1024 ι
2680 974 2979 1042 Μέμνηται
3009 971 3067 1024 δὲ
3113 968 3280 1023 αὐτοῦ
3323 969 3418 1020 καὶ
3449 965 3738 1034 Πολύχαρ-

2135 1084 2238 1129 πος
2267 1068 2324 1119 ὲν
2355 1069 2423 1138 τῇ
2476 1069 2612 1134 πρὸς
2641 1065 3052 1136 Φιλιππησίους
3078 1065 3274 1116 τούτου
3325 1060 3608 1128 ἐπιστολῇ,
3641 1059 3736 1110 οὐ·⁵

2134 1160 2271 1212 τωσί
2309 1178 2425 1222 πως
2475 1158 2710 1224 διεξιών*
2756 1179 2772 1208 ι
2811 1157 3131 1231 Παρακαλῶ
3172 1155 3268 1210 οὖν
3321 1155 3533 1215 πάντας
3563 1153 3731 1220 ὑμᾶς,

2137 1251 2467 1320 πειθαρχεῖν
2506 1251 2601 1303 καὶ
2658 1253 2853 1306 ἀσκεῖν
2900 1252 3084 1301 πᾶσαν
3137 1246 3420 1316 ὑπομονὴν
3455 1249 3520 1316 ἣν
3552 1244 3728 1296 ετδετε

2137 1342 2260 1396 κατ’
2284 1341 2625 1410 ὀφθαλμοὺς,
2654 1344 2714 1393 οὐ
2753 1343 2912 1410 μόνον
2955 1342 3012 1392 ἐν
3042 1343 3156 1398 τοῖς
3193 1337 3511 1407 μακαρίοις,
3557 1335 3729 1402 ’ἰγναο

2135 1432 2236 1501 τεῳ
2272 1433 2366 1484 καὶ
2412 1430 2630 1500 Ῥούφῳ
2675 1430 2773 1482 καὶ
2823 1428 3086 1494 Ζωσίμῳ,
3143 1425 3276 1479 ἀλλὰ
3308 1414 3405 1478 και
3436 1427 3493 1476 ἐν
3545 1423 3728 1485 ἄλλοις

2134 1520 2249 1582 τοῖς
2279 1521 2335 1582 ἐξ
2377 1517 2559 1590 ἡμῶν,
2597 1521 2690 1571 καὶ
2729 1520 2789 1571 ὲν
2819 1517 2971 1587 αὐτῷ
3010 1517 3210 1586 Παύλῳ
3243 1518 3339 1569 καὶ
3368 1518 3483 1576 τοῖς
3515 1515 3724 1576 λοιποῖς

2136 1613 2486 1674 ἀποστόλοις·
2528 1611 2895 1682 πεπεισμένοι
2945 1612 3028 1664 ὅτι
3067 1607 3218 1664 οὗτοι
3252 1609 3455 1671 πάντες
3504 1610 3603 1662 οὐκ
3646 1608 3724 1671 είς

2137 1706 2295 1758 κενὸν
2329 1707 2588 1776 ἔδραμον,
2623 1705 2741 1757 ἀλλ’
2795 1707 2853 1756 ὲν
2886 1704 3071 1757 πίστει
3120 1704 3214 1756 καὶ
3259 1701 3601 1771 δικαιοσύνῃ’
3631 1708 3726 1753 καὶ

2138 1797 2218 1847 ὅτι
2260 1796 2337 1858 εἰς
2389 1797 2481 1847 τον
2538 1795 2896 1863 ὀφειλόμενον
2949 1794 3137 1854 αὐτοῖς
3190 1791 3360 1844 τόπον
3412 1793 3519 1845 eici.
3572 1789 3725 1859 παρὰ

2070 1854 2107 1908 Β
2141 1854 2351 1957 Κυρίιρ,
2468 1854 2938 1939 καίσυνέπαθον.
2975 1885 3048 1937 Οὐ
3093 1885 3204 1952 γὰρ
3237 1885 3330 1935 τὸν
3369 1882 3465 1936 νῦν
3507 1854 3728 1950 ἠγάπη-

2140 1995 2240 2032 σαν
2267 1979 2465 2044 αἰῶνα,
2496 1978 2634 2032 ἀλλὰ
2659 1978 2754 2032 τὸν
2785 1979 2927 2048 ὑπὲρ
2951 1977 3108 2048 ἡμῶν
3130 1975 3497 2040 ἀποθανόντα,
3529 1975 3624 2029 καὶ
3653 1975 3724 2028 δι’

2137 2073 2284 2142 ἡμᾶς
2316 2072 2422 2124 ὑπὸ
2455 2072 2549 2124 τοῦ
2571 2070 2710 2124 Θεοῦ
2740 2070 3076 2124 ἀναστάντα.
3112 2088 3130 2121 ι
3185 2069 3344 2138 Ἑξῆς
3373 2067 3416 2122 δ’
3445 2068 3723 2138 ἐπιφέρει·

2143 2182 2163 2218 ‹
2202 2165 2513 2235 Ἐγρὰψατέ
2563 2182 2652 2236 μοι
2705 2165 2800 2216 καὶ
2853 2163 3015 2234 ὑμεῖς
3047 2163 3141 2216 καὶ
3182 2162 3470 2227 Ἰγνάτιος,
3505 2162 3592 2214 ἵνα
3627 2160 3724 2214 ὲάν

2135 2275 2222 2322 τις
2255 2258 2573 2328 ἁπέρχηται
2607 2259 2686 2320 είς
2736 2257 2964 2328 Συρίαν,
3000 2255 3096 2309 καὶ
3125 2256 3195 2308 τὰ
3238 2253 3373 2324 παρ’
3403 2253 3563 2322 ἡμῶν
3591 2253 3728 2306 ἁπο-

2137 2349 2342 2420 κομίσῃ
2397 2351 2727 2419 γράμματαο
2761 2349 2903 2420 ὅπερ
2937 2349 3173 2420 ποιήσω,
3211 2348 3308 2400 ὲὰν
3335 2347 3490 2400 λάϐω
3525 2345 3725 2415 καιρὸν

2137 2441 2381 2509 εὔθετον,
2441 2441 2554 2495 εἴτε
2591 2440 2724 2510 ἐγὼ,
2775 2442 2886 2495 εἴτε
2922 2441 2985 2495 ὃν
3040 2441 3249 2508 πέμπω
3289 2435 3726 2508 πρεσϐεύσοντσ,

2139 2535 2234 2588 καὶ
2273 2534 2400 2604 περὶ
2439 2533 2618 2602 ὑμῶν.
2663 2533 2776 2596 Τὰς
2813 2533 3106 2596 ἐπιστολὰς
3140 2533 3407 2601 Ἰγνατίου
3452 2531 3549 2593 τὰς
3577 2544 3722 2596 πεμ-

2137 2625 2369 2694 φθείσας
2397 2626 2533 2696 ἡμῖν
2564 2624 2659 2677 ἀπ’
2691 2625 2884 2692 αὑτοῦ,
2913 2627 3009 2680 καὶ
3040 2626 3205 2689 ἄλλας
3236 2625 3302 2688 ἃς
3341 2626 3563 2695 εἴχομεν
3589 2621 3720 2690 παρ’

2137 2719 2295 2788 ἡμῖν,
2343 2717 2676 2788 ἐπέμψαμεν
2705 2717 2856 2789 ὑμῖν,
2889 2718 3071 2783 καθὼς
3123 2718 3484 2772 ἑνετείλασθεο
3516 2716 3718 2772 αἵτινες

2139 2813 2586 2884 ὑποτεταγμέναι
2634 2813 2743 2864 εἰσὶ
2771 2814 2836 2882 τῇ
2889 2811 3149 2879 ἐπιστολῇ
3184 2809 3384 2881 ταύτῃ·
3418 2809 3478 2874 ἐξ
3512 2803 3586 2863 ὧν
3619 2826 3712 2879 με·

2137 2906 2283 2975 γάλα
2313 2905 2668 2974 ὠφεληθῆναι
2698 2903 3020 2976 δυνήσεσθε·
3051 2905 3368 2971 περιέχουσι
3393 2902 3503 2973 γὰρ
3537 2905 3718 2955 πίστιν

2137 3000 2233 3051 καὶ
2291 2999 2578 3068 ὑπομονὴν
2633 2997 2731 3050 καὶ
2786 3000 2970 3050 πᾶσαν
3021 2995 3316 3066 οἰκοδομὴν
3355 2995 3452 3066 τὴν
3503 2996 3583 3057 εἰς
3630 2993 3717 3045 τὸν

2139 3086 2346 3156 Κύριον
2391 3085 2552 3156 ήμῶν
2588 3088 2924 3157 ἀνήκουσαν.
2961 3104 2980 3138 ι
3035 3087 3121 3138 Ἑν
3155 3086 3214 3138 δὲ
3259 3085 3446 3158 Ῥώμῃ
3496 3085 3718 3153 γενόμε·

438 3193 550 3242 sas,
580 3187 636 3232 et
666 3179 801 3234 alias
833 3180 984 3242 item,
1013 3195 1153 3249 quas
1180 3179 1474 3233 nobiscum
1515 3177 1831 3238 habuimus,
1868 3176 1943 3229 ita
1970 3184 2028 3229 ut

2135 3191 2244 3237 νος,
2287 3175 2380 3229 καὶ
2433 3176 2714 3237 ποικίλαις
2762 3175 3021 3246 βασάνοις
3072 3174 3383 3239 ἐξετασθείς
3429 3173 3714 3244 πρότερον,

430 3270 706 3342 jussistis,
747 3271 815 3325 ad
875 3286 973 3325 vos
1033 3271 1323 3334 misimus;
1371 3285 1493 3338 quae
1546 3269 1770 3338 quidem
1826 3269 2027 3322 litteris

438 3368 592 3418 mace
625 3366 828 3419 nostris
853 3373 984 3418 sunt
1016 3365 1310 3435 adiunctae,
1351 3363 1552 3431 quibus
1581 3361 1812 3416 multum
1854 3362 2009 3432 adju-

436 3453 552 3506 vari
585 3453 856 3522 poteritis.
891 3451 1352 3522 Complectuntur
1397 3451 1546 3504 enim
1597 3450 1782 3512 fidem,
1822 3456 1877 3502 et
1931 3463 2027 3517 pa.

437 3547 703 3609 tientiam,
742 3558 800 3602 et
837 3547 1258 3601 aedificationem
1286 3559 1530 3607 omnem,
1559 3560 1680 3613 quae
1731 3541 1798 3596 ad
1847 3542 2030 3596 Domi-

435 3655 566 3694 num
604 3650 854 3694 nostrum
890 3643 1145 3694 refertur.
1190 3657 1207 3689 ι
1250 3639 1435 3692 Roma:
1491 3652 1658 3708 porro
1700 3650 1826 3691 cum
1875 3635 2029 3705 prius

433 3732 587 3786 varia
657 3741 932 3786 tormenta
963 3730 1318 3802 pertulisset,
1377 3743 1558 3800 neque
1609 3727 1910 3798 quidquam
1959 3726 2028 3782 de

435 3825 720 3879 constanti
803 3824 1138 3893 decentique
1196 3837 1296 3878 sua
1361 3822 1636 3877 sententia
1699 3823 2025 3886 remisisset,

435 3925 720 3986 postremo
763 3916 819 3969 in
852 3916 1034 3971 medio
1063 3916 1280 3970 theatro
1307 3916 1522 3969 duobus
1569 3914 1823 3968 leonibus
1869 3914 2023 3985 obje-

2135 3267 2230 3321 καὶ
2261 3265 2431 3338 μηδέν
2466 3283 2520 3320 τι
2554 3266 2650 3320 τοῦ
2703 3268 3081 3337 προσήκοντος
3125 3265 3394 3334 καθυφεὶς
3437 3265 3719 3333 φρονήμα-

2131 3374 2244 3426 τος,
2277 3361 2431 3422 τέλος
2459 3360 2558 3414 ἐπὶ
2609 3362 2779 3430 μέσον
2808 3360 3046 3430 θεάτρου
3073 3360 3196 3412 δυσὶ
3223 3359 3406 3411 λέουσι
3437 3356 3718 3427 παραϐλη-

2132 3452 2268 3517 θεὶς,
2301 3453 2446 3504 τέλει
2485 3451 2582 3506 τοῦ
2617 3453 2933 3524 μαρτυρίου
2967 3453 3266 3524 ἐχρήσατο.
3313 3453 3435 3506 Τῶν
3464 3450 3555 3504 οὖν
3585 3465 3716 3518 σαρ-

2135 3544 2248 3597 κῶν
2279 3545 2446 3598 αὐτοῦ
2476 3546 2573 3597 καὶ
2611 3545 2718 3598 τῶν
2766 3546 3150 3616 ἀπαλωτέρων
3196 3546 3401 3598 ὀστέων
3436 3542 3722 3612 καταϐρω-

2135 3635 2361 3701 θέντων,
2417 3638 2518 3691 ὅσα
2570 3637 2683 3692 τῶν
2728 3638 3108 3710 στερροτέρων
3159 3635 3488 3706 ὑπελείφθη,
3538 3636 3720 3705 χρόνῳ

2131 3729 2317 3800 πολλῷ
2355 3729 2586 3802 ὕστερον
2617 3733 2681 3785 ἐκ
2725 3731 2951 3802 Ῥώμης
2994 3733 3072 3795 εἰς
3117 3730 3456 3800 Ἀντιόχειαν
3489 3730 3538 3781 oi.
3573 3726 3721 3780 ὲκεί-

2129 3838 2220 3874 νου
2243 3821 2513 3876 θιασῶται
2533 3823 2836 3894 ἀνήγαγον.
2857 3823 3099 3878 Τοιαῦτα
3115 3823 3209 3877 καὶ
3224 3824 3292 3878 τὰ
3314 3823 3456 3877 κατὰ
3472 3822 3561 3875 τὸν
3572 3820 3720 3875 θεῖον

2139 3913 2174 3966 Ἰ
2182 3912 2321 3981 γνάτ
2330 3931 2430 3969 ιον.
3169 3911 3178 3914 ’

431 4021 580 4076 ctus,
618 4013 880 4082 martyrio
927 4022 1010 4069 est
1065 4012 1360 4066 defunctus
1391 4027 1404 4064 :
1447 4019 1504 4065 et
1540 4024 1736 4064 carnes
1792 4010 2018 4081 quidem
2057 4013 2178 4084 ejus
2209 4027 2376 4088 atque
2445 4031 2572 4072 ossa
2637 4014 2916 4071 teneriora
2943 4015 3139 4073 bestiae
3171 4015 3506 4071 devorarunt
3539 4025 3696 4083 τίμιαι

429 4123 652 4172 cunque
683 4116 865 4160 autem
901 4105 1144 4161 firmiora
1199 4106 1411 4174 reliqua
1452 4106 1628 4167 fuere,
1658 4107 1834 4161 multo
1904 4106 2165 4179 deinceps
2235 4123 2485 4184 tempore
2551 4113 2724 4168 Roma
2766 4112 3120 4168 Antiochiam
3179 4114 3251 4167 ab
3304 4113 3592 4168 sodalibus
3633 4129 3720 4168 δε.

430 4198 847 4269 ctatoribusque
871 4199 991 4270 ejus
1017 4209 1142 4253 sunt
1171 4197 1398 4267 perlata.
1426 4196 1550 4253 llaec
1578 4199 1646 4254 de
1681 4201 1800 4269 ipso
1818 4199 2278 4275 diviouguatio.

1039 4333 1267 4389 CAPUT
1299 4333 1422 4389 XX.

433 4445 510 4499 De
545 4443 718 4514 Papia
755 4445 1093 4529 Hierapolim
1134 4462 1152 4500 .'
1184 4454 1234 4499 et
1269 4447 1487 4529 qua_ab
1519 4465 1599 4529 eo,
1649 4460 1843 4529 pne!"
1883 4470 2028 4509 com-

595 4532 803 4590 martem
840 4520 1162 4586 Opinionem,
1193 4520 1460 4574 memoria:
1488 4521 1595 4574 sint
1626 4520 1860 4592 prodita.

503 4643 701 4712 Papias
732 4660 862 4699 vero
897 4645 1346 4715 llierapolitanus
1385 4659 1442 4704 et
1499 4651 1618 4722 ipse
1649 4653 1760 4709 vita
1796 4665 2025 4726 aposto-

430 4735 536 4790 lica
559 4738 746 4791 clarus
769 4737 897 4800 fuit,
931 4739 1214 4808 multaque
1241 4740 1505 4798 Ecclesiae
1531 4745 1732 4816 scripta
1757 4749 1980 4818 reliquit
2009 4767 2023 4804 :

431 4842 668 4898 quorum
713 4830 964 4900 quinque
1014 4841 1252 4899 tantum,
1285 4849 1409 4904 qua:
1444 4838 1860 4894 Dominicorum
1911 4857 2029 4897 ser-

431 4935 658 4976 monum
708 4923 1112 4992 expositionem
1170 4926 1478 4999 inscripsit,
1524 4932 2020 4991 circumferuntur.

432 5012 638 5068 Eorum
690 5014 933 5070 [renatus
961 5032 1181 5088 quoque
1233 5024 1572 5076 mentionem
1606 5023 1759 5087 facit,
1804 5027 1879 5079 ita
1942 5025 2024 5080 in-

429 5107 630 5176 quiens
662 5124 678 5162 :
715 5127 733 5160 ς
771 5109 846 5165 De
879 5109 946 5164 iis
979 5111 1198 5181 Papias,
1257 5111 1489 5170 Joannis
1519 5116 1742 5186 quidem
1775 5119 2019 5183 auditor,

431 5199 717 5270 Pohcarpi
765 5211 947 5257 autem
1000 5201 1227 5270 sodalis,
1284 5208 1370 5261 vir
1412 5210 1649 5277 priseus,
1690 5212 1897 5282 scripto
1939 5223 2022 5266 te-

427 5303 627 5359 statur,
655 5294 708 5347 in
742 5306 938 5365 quarto
962 5297 1260 5353 voluminis
1290 5303 1377 5356 sui
1402 5302 1564 5356 libro.
1593 5302 1848 5374 Quinque
1873 5307 2020 5358 enim

429 5382 760 5449 composuit.
799 5400 820 5436 ο
855 5384 1050 5454 Papias
1078 5401 1243 5456 porro
1284 5389 1425 5458 ipse,
1465 5391 1519 5444 in
1567 5391 1848 5448 Prommio
1876 5393 2020 5448 scri-

432 5483 650 5540 ptorum
685 5491 938 5542 suorum,
991 5493 1050 5533 se
1081 5479 1260 5534 oculis
1290 5483 1408 5536 suis
1460 5485 1740 5551 apostolos
1789 5501 1899 5540 non
1941 5488 2022 5540 vi-

428 5564 717 5630 disse,sed
769 5567 894 5622 fidei
946 5568 1348 5636 professionem
1378 5573 1448 5627 ab
1491 5575 1573 5629 eis
1614 5577 1706 5645 qui
1743 5577 1852 5632 illis
1905 5579 2018 5633 noti

427 5665 594 5726 atque
623 5659 922 5715 familiares
972 5661 1204 5726 fuerint,
1243 5664 1576 5722 addidicisse
1599 5711 1614 5733 ,
1647 5668 1802 5724 bisne
1835 5671 2020 5726 verbis

429 5745 611 5802 innuit
646 5764 661 5800 :
710 5767 728 5798 ι
765 5747 881 5802 Νοιι
909 5754 1182 5821 gravabor
1223 5757 1398 5822 enim,
1435 5759 1634 5828 inquit.
1673 5775 2019 5831 quaecunque

428 5850 456 5887 τι
489 5841 691 5908 oresby
720 5841 831 5896 eris
875 5853 1021 5899 recte
1053 5847 1243 5916 didici,
1267 5863 1331 5903 ac
1364 5859 1513 5906 recte
1547 5853 1830 5907 memoria:
1861 5869 2013 5910 man-

2731 4346 2988 4404 ΚΕΦΔΛ.
3031 4347 3120 4401 ις’.

2136 4455 2279 4525 Περὶ
2310 4456 2420 4514 τοῦ
2460 4458 2875 4527 Ἰεραπολιτου
2909 4463 3134 4527 Hau/0.,
3191 4463 3290 4515 καὶ
3319 4461 3438 4515 τῶν
3461 4460 3719 4529 παραδό-

2540 4531 2658 4596 ξως
2684 4532 3129 4600 ἱστορηθέντων
3148 4532 3334 4598 αὐτῷ.

2202 4659 2424 4723 Παπίας
2457 4659 2503 4713 δ’
2534 4662 2564 4714 ὀ
2608 4661 2989 4733 Ἱεραπολίτης
3031 4665 3382 4737 ἀποστολικῷ
3412 4667 3510 4719 καὶ
3561 4658 3707 4725 οὗτος

2126 4747 2438 4822 διαπρέψας
2475 4752 2596 4824 βίῳ,
2631 4754 2808 4808 πολλὰ
2844 4757 3268 4828 συγγράμματα
3311 4760 3378 4828 τῇ
3418 4757 3710 4825 Ἐκκλησία⁵

2134 4843 2424 4896 κατέλιπεο
2467 4846 2631 4920 πέντε
2675 4845 2723 4900 δ’
2756 4846 2853 4901 οὖν
2903 4849 3057 4920 αὐτῷ
3107 4851 3245 4920 μόνα
3286 4852 3535 4920 ὲφέρετο,
3564 4850 3599 4904 ἃ
3625 4847 3714 4900 λοι

2133 4934 2270 5001 γίων
2304 4937 2605 5006 Κυριακῶν
2631 4941 2948 5012 ἐπέγραψεν
2991 4944 3327 5015 ἐξηγήσεως.
3363 4938 3466 4998 *ον
3506 4945 3600 4998 καὶ
3624 4943 3715 4998 Εί-

2129 5029 2357 5097 ρηναῐος
2388 5031 2584 5100 μνείαν
2606 5035 2872 5098 ποιεῖται,
2898 5032 3044 5087 οὕτω
3068 5035 3315 5103 φάσκων·
3355 5053 3374 5088 ι
3405 5035 3590 5089 Ταῦτα
3618 5036 3714 5090 καὶ

2129 5120 2372 5187 Παπίας,
2430 5121 2688 5176 Ἰωάννου
2744 5123 2844 5193 μὲν
2899 5126 3194 5196 ἀκουστὴς,
3251 5128 3606 5193 [Ιολυκάρπου
3657 5128 3713 5181 δὲ

2125 5213 2344 5284 ἑταῖρος
2374 5215 2640 5283 γεγονὼς,
2671 5216 2902 5286 ἀρχαῖος
2936 5219 3101 5292 ἀνὴρ,
3140 5222 3442 5290 ἐγγράφως
3477 5225 3717 5292 ὲπιμαρυ

2123 5309 2283 5376 τυρεῖ
2307 5309 2366 5358 ὲν
2412 5311 2480 5379 τῇ
2515 5309 2757 5381 τετάρτῃ
2785 5310 2893 5364 τῶν
2945 5313 3144 5366 ἑαυτοῦ
3177 5314 3420 5383 βιϐλίωψ
3456 5315 3571 5369 ἐστι
3604 5318 3713 5386 γὰρ

2123 5398 2276 5468 αὐτῷ
2309 5401 2473 5452 πέντε
2506 5401 2693 5470 βιϐλία
2728 5405 3168 5475 συντεταγμένα,
3207 5427 3225 5459 ι
3266 5409 3483 5472 Παπίας
3518 5409 3574 5460 δὲ
3614 5409 3714 5461 οὐκ

2121 5488 2404 5560 αὐτόπτην
2449 5491 2649 5546 ἑαυτὸν
2691 5495 2750 5545 ὲν
2797 5493 2876 5564 τῷ
2907 5502 3182 5567 προοιμίῳ
3212 5500 3311 5568 τῆς
3367 5499 3555 5569 βίϐλου
3603 5499 3712 5551 τῶν

2119 5581 2437 5634 ἀποστόλων
2483 5583 2655 5651 λέγει’
2686 5589 2754 5638 τὰ
2781 5587 2838 5639 δὲ
2871 5589 2969 5657 τῆς
2995 5589 3236 5653 πίστεως
3266 5592 3547 5659 εἰληφέναι
3578 5585 3712 5659 φησὶ

2122 5673 2280 5742 παρὰ
2306 5672 2414 5726 τῶν
2444 5677 2683 5739 ἐκείνοις
2717 5681 3040 5749 γνωρίμων,
3072 5682 3141 5734 δι’
3180 5678 3256 5736 ὧν
3287 5686 3709 5753 ἐπισημαίνεται

2121 5765 2344 5828 λέξεων
2383 5784 2402 5816 ι
2441 5768 2558 5823 Οὐκ
2601 5770 2826 5840 ὀκνήσω
2856 5775 2965 5846 γάρ
2994 5792 3098 5836 σοι,
3138 5780 3294 5846 φησι,
3325 5779 3418 5829 καὶ
3453 5780 3554 5832 ὅσα
3583 5779 3712 5830 ποτὲ

2122 5859 2273 5928 παρὰ
2330 5859 2438 5914 τῶν
2471 5863 2863 5936 πρεσϐυτέρων
2916 5869 3097 5932 καλῶς
3126 5871 3328 5939 ἔμαθον
3383 5872 3476 5924 καὶ
3527 5871 3708 5933 καλῶς
