4046 6424
341 378 447 445 937

1274 382 1884 446 ECCLESIASTICYE
1927 377 2319 439 HISTORL‘E
2364 379 2509 441 LIB.
2554 379 2666 440 III.

3490 376 3646 443 938.

337 487 749 562 ἐμνημόνευσα,
775 490 1064 558 συντάξαι,
1092 508 1211 555 ταις
1236 493 1558 565 ἑρμηνείαις
1576 490 1922 547 διαϐεϐαιού-

2037 490 2172 557 lavi,
2200 492 2489 548 veritatem
2526 507 2720 547 eorum
2764 491 3215 561 interpretatione
3240 495 3596 552 conﬁrmans.

341 596 501 652 μενος
529 581 671 653 ὑπὲρ
722 582 903 635 αὐτῶν
952 584 1239 655 ἀλήθειαν.
1288 586 1363 639 Οὐ
1424 585 1533 655 γὰρ
1586 588 1700 648 τοῖς
1749 583 1921 637 πολλὰ

340 672 592 739 λεγουσιν
624 672 868 741 ἔχαιρον,
925 671 1118 744 ὥσπερ
1159 674 1210 728 οἱ
1259 675 1467 739 πολλοὶ,
1499 674 1637 728 ἀλλά
1672 674 1785 737 τοῖς
1828 673 1923 726 τά-

339 764 480 835 ληθῆ
510 764 874 818 διδάσκουσιν·
925 766 1049 819 οὐδὲ
1086 770 1201 830 τοῖς
1226 770 1325 831 τὰς
1365 768 1658 837 ἀλλοτρίας
1702 767 1925 829 ἐντολὰς

346 857 804 927 μνημονεύουσιν,
838 858 975 912 ἀλλά
1006 861 1119 922 τοῖς
1148 859 1247 922 τὰς
1293 860 1445 930 παρὰ
1479 857 1574 913 τοῦ
1616 858 1825 931 Κυρίου
1854 861 1921 929 τῇ

343 949 527 1001 πίστει
578 950 895 1019 δεδομένας,
930 951 1023 1004 καὶ
1067 951 1201 1022 παρ’
1234 952 1412 1021 αὐτῆς
1461 951 1922 1021 παραγινομένοις

342 1040 443 1110 τῆς
477 1041 765 1110 ἀληθείας.
796 1043 859 1095 Ei
906 1043 963 1096 δέ
999 1061 1103 1096 που
1154 1045 1251 1099 καὶ
1303 1043 1811 1115 παρηκολουθηκώς
1839 1060 1925 1107 τις

340 1138 450 1196 τοῖς
483 1136 880 1203 πρεσϐυτέροις
913 1135 1079 1199 ἔλθοι,
1106 1138 1234 1199 τοὺς
1260 1136 1370 1189 τῶν
1394 1136 1783 1206 πρεσϐυτέρων
1806 1136 1929 1187 ἀνέ-

341 1244 532 1295 κρινον
560 1228 778 1295 λόγους·
808 1229 860 1280 τί
905 1228 1183 1299 Ἀνδρέας,
1218 1229 1251 1299 ἢ
1281 1230 1332 1281 τί
1367 1230 1572 1296 Πέτρος
1604 1224 1779 1294 εἶπεν,
1808 1227 1841 1297 ἢ
1872 1228 1924 1280 τί

342 1320 566 1388 Θωμᾶς,
600 1320 633 1390 ἦ
665 1321 965 1384 Φίλιππος,
993 1322 1026 1391 ἢ
1077 1321 1132 1373 τί
1171 1323 1376 1390 Σίμων,
1425 1320 1457 1389 ἢ
1505 1320 1782 1387 Ἰάκωϐος,
1811 1320 1845 1389 ἢ
1873 1320 1925 1374 τί

357 1413 633 1483 Ἰωάννης,
671 1414 703 1483 ἢ
736 1415 1034 1476 Ματθαῖος·
1065 1413 1100 1485 ἡ
1126 1431 1209 1477 τις
1240 1413 1427 1485 ἕτερος
1455 1412 1565 1465 τῶν
1596 1413 1689 1465 τοῦ
1717 1412 1926 1484 Κυρίου

348 1502 630 1573 μαθητῶν,
666 1503 701 1557 ἆ
729 1520 788 1555 τε
833 1504 1125 1574 Ἀριστίων
1148 1505 1296 1557 καὶὸ
1328 1503 1700 1575 πρεσϐύτερος
1749 1504 1929 1558 Ἰωάν-

343 1611 463 1662 νης,
492 1594 588 1646 τοῦ
634 1595 844 1664 Κυρίου
877 1595 1145 1666 μαθηταὶ,
1178 1593 1454 1660 λέγουσιν.
1484 1594 1560 1647 Οὐ
1604 1594 1715 1663 γὰρ
1755 1592 1826 1647 τὰ
1863 1597 1930 1647 ἐκ

342 1686 450 1737 τῶν
480 1684 989 1754 βιϐλίων’τοσοῦτόν
1018 1704 1086 1756 με
1111 1686 1343 1755 ὠφελεῖν
1370 1684 1778 1757 ὑπελάμϐανον,
1804 1687 1929 1740 ὅσον

342 1778 409 1829 τὰ
439 1778 593 1849 παρά
635 1777 821 1848 ζώσης
850 1780 1038 1848 φωνῆς
1082 1780 1179 1833 καὶ
1216 1785 1511 1849 μενούσης.
1552 1797 1570 1830 ι
1619 1778 1930 1850 Ἐπισημήο

2026 583 2127 637 tibi
2180 598 2477 652 exponere.
2539 584 2763 639 Minime
2792 584 2939 639 enim
2972 583 3041 640 iis
3092 600 3237 652 sum,
3293 596 3352 640 ut
3404 589 3601 657 vulgus

2026 672 2313 727 hominum
2339 674 2500 739 solet,
2535 674 2860 741 delectatus,
2886 676 2978 741 qui
3010 675 3181 730 multa
3209 675 3480 744 dicerent,
3508 678 3603 731 sed

2026 766 2119 835 qui
2164 782 2293 821 vera
2335 767 2600 823 docerent
2633 786 2646 823 :
2679 782 2861 839 neque
2900 769 2996 838 qui
3030 769 3229 835 aliena,
3283 771 3378 825 sed
3425 772 3519 840 qui
3573 786 3603 824 a

2027 861 2282 927 Domino,
2309 867 2365 915 et
2384 863 2453 917 ab
2475 863 2556 917 eis
2586 862 2791 932 quibus
2823 877 2948 917 cum
2983 862 3099 933 ipsa
3116 862 3350 918 veritate
3370 876 3607 918 consue-

2028 951 2162 1006 tudo
2188 950 2314 1017 fuit,
2338 951 2407 1007 de
2434 952 2539 1009 ﬁde
2562 952 2761 1007 tradita
2785 960 3061 1021 praecepta
3078 959 3601 1006 commemorarent.

2028 1043 2189 1114 252
2214 1042 2370 1109 Quod
2406 1043 2450 1099 si
2482 1044 2702 1114 quando
2730 1042 2932 1113 aliquis
2958 1042 3402 1113 presbyterorum
3430 1051 3606 1096 secta-

2028 1146 2115 1190 tor
2144 1136 2453 1201 adveniret,
2503 1150 2696 1191 eorum
2728 1136 2972 1205 ipsorum
3004 1136 3352 1206 requirebam
3394 1151 3606 1191 sermo-

2029 1242 2129 1283 nes
2163 1246 2175 1281 :
2207 1228 2341 1297 quid
2372 1228 2578 1283 scilicet
2620 1227 2890 1293 Andreas,
2927 1228 3064 1297 quid
3104 1227 3300 1283 Petrus
3332 1228 3603 1283 dixisset:

2028 1322 2161 1391 quid
2204 1320 2463 1387 Thomas,
2495 1331 2589 1376 aut
2612 1321 2923 1392 Philippus,
2958 1330 3054 1376 aut
3080 1321 3294 1386 Simon,
3331 1330 3427 1375 aut
3452 1321 3611 1376 Jaco-

2029 1414 2177 1468 bus:
2209 1420 2307 1467 aut
2358 1413 2486 1481 quid
2521 1413 2787 1479 Joannes,
2840 1423 2935 1468 aut
2984 1412 3293 1479 hlatlhaeus,
3327 1421 3424 1469 aut
3473 1414 3608 1485 quid

2030 1502 2170 1557 alius
2217 1502 2511 1572 quisquam
2565 1501 2782 1558 Domini
2838 1502 3276 1573 discipulorum:
3324 1510 3420 1557 aut
3472 1502 3609 1572 quid

2028 1595 2193 1648 etiam
2220 1593 2485 1659 Aristion,
2512 1604 2569 1650 et
2588 1593 2828 1650 Joannes
2862 1596 3171 1666 presbyter,
3204 1602 3260 1650 et
3296 1595 3399 1666 ipsi
3445 1595 3612 1651 disci-

2030 1685 2144 1754 puli
2176 1684 2391 1740 Domini
2423 1685 2629 1740 dicant.
2689 1685 2812 1741 Non
2862 1687 3012 1742 enim
3066 1694 3281 1742 tantum
3318 1701 3405 1742 me
3453 1687 3612 1742 libris

2033 1777 2303 1849 adjuvari,
2344 1788 2613 1848 quantum
2649 1778 2773 1835 viva
2798 1788 2855 1835 et
2886 1781 3147 1850 prasenti
3181 1794 3337 1848 voce,
3378 1780 3613 1835 arbitra-

343 1871 540 1923 νασθαι
568 1871 625 1924 δὲ
652 1872 779 1942 χρὴ,
827 1872 902 1935 ὡς
930 1872 1011 1935 δὶς
1038 1872 1137 1943 τὴν
1194 1873 1445 1927 Ἰωάννου
1490 1873 1818 1944 ὁμωνυμίαν
1846 1873 1925 1943 τῷ

2037 1877 2118 1923 tus
2147 1884 2289 1923 sum.
2327 1887 2345 1921 ι
2373 1869 2687 1925 Notandum
2719 1885 2886 1939 porro
2915 1880 3021 1933 est.
3049 1871 3136 1927 bis
3158 1885 3286 1927 eum
3314 1873 3369 1926 in
3402 1871 3612 1941 scripto

347 1964 749 2032 συγγράμματι
802 1963 1117 2031 καταλέγει·
1154 1956 1228 2016 ὧν
1257 1963 1358 2033 τὴν
1395 1963 1497 2032 μὲν
1546 1967 1663 2028 τοῖς
1691 1966 1926 2018 ἀποστό-

346 2056 462 2117 λοις
513 2056 940 2124 συγκαταλέγει,
980 2056 1055 2119 ὡς
1100 2055 1222 2122 ἐξὸν
1267 2052 1408 2110 εἷναι
1436 2057 1530 2109 τὸν
1564 2058 1927 2127 ἠγαπημένον

348 2151 509 2202 νοεῖν·
541 2151 606 2219 τῇ
642 2149 699 2202 δὲ
751 2149 1112 2220 προστίθησιν
1157 2148 1508 2219 Ἀριστίωνα,
1539 2151 1637 2203 καὶ
1686 2151 1927 2221 πρεσϐύ-

349 2257 508 2310 τερον
535 2240 795 2310 ὀνομάζει
820 2256 834 2270 ·
886 2233 948 2293 οὗ
981 2257 1126 2304 τινες
1178 2242 1552 2310 ἀγνοήσαντες
1583 2243 1681 2314 τὴν
1714 2245 1928 2312 ὁμωνυ-

351 2333 501 2402 μίαν,
521 2334 618 2395 τάς
649 2333 787 2403 μετά
817 2333 918 2404 τὴν
949 2333 1177 2402 πρώτην
1199 2332 1293 2386 δύο
1323 2332 1647 2396 Ἐπιστολάς
1679 2334 1928 2387 Ἰωάννου

348 2423 443 2476 καὶ
469 2422 568 2493 τὴν
608 2422 977 2492 Ἀποκάλυψιν
1008 2418 1150 2477 εἶναι
1185 2423 1467 2492 ἐνόμισαν·
1495 2424 1552 2476 ὲν
1588 2423 1798 2492 Ἐφέσῳ
1821 2422 1931 2490 γὰρ

348 2516 444 2569 καὶ
470 2509 626 2578 οὗτος
651 2518 679 2568 ὁ
706 2515 1080 2585 πρεσϐύτερος
1112 2515 1409 2585 διατρίϐων
1433 2511 1523 2588 ἦν,
1556 2516 1687 2569 ἔνθα
1720 2515 1813 2569 καὶ
1838 2516 1932 2571 δύο

355 2610 612 2678 μνήματα
640 2608 798 2677 λόγος
825 2610 994 2662 εἰσέτι
1031 2608 1304 2673 σώζεσθαι
1356 2611 1646 2679 ἀμφότερα
1682 2611 1930 2664 Ἰωάννου

354 2704 595 2770 μνημεῖα
622 2701 930 2771 ὁμωνύμως
955 2702 1249 2772 λεγόμενα.
1292 2702 1447 2755 Ἐπεὶ
1484 2702 1531 2755 δ’
1562 2703 1591 2755 ὁ
1639 2702 1931 2773 εἰρημένος

354 2792 571 2855 Παπίας
602 2795 694 2846 καὶ
740 2792 879 2847 ἄλλα
924 2793 1050 2846 τινά
1079 2792 1361 2864 παράδοξα
1410 2794 1619 2860 ἱστορεῖ
1648 2794 1768 2854 ταῖς
1806 2793 1934 2845 ἑαυ-

350 2883 445 2938 τοῦ
480 2884 707 2955 βίϐλοις,
733 2884 809 2949 ὡς
836 2886 902 2939 ὲκ
935 2884 1294 2955 παραδόσεως
1324 2883 1435 2937 τῶν
1461 2884 1568 2955 πρὸ
1610 2885 1822 2937 ἐκείνου
1850 2885 1933 2948 είς

354 2979 517 3031 αὑτὸν
545 2978 788 3043 ἐλθόντα,
820 2977 955 3046 φέρε
987 2977 1085 3031 κα)⁵
1119 2977 1247 3048 περὶ
1277 2976 1486 3032 τούτων
1515 2977 1725 3048 βραχέα
1749 2976 1936 3046 διαλη-

349 3066 609 3135 ψὼμεθα.
654 3066 864 3120 Αὐτίκα
903 3066 1007 3139 γάρ
1038 3065 1132 3119 τὸν
1167 3067 1310 3120 κατὰ
1340 3067 1439 3137 τὴν
1501 3067 1803 3136 Ἰεράπολιν
1844 3069 1935 3121 Φί-

353 3162 575 3225 λιππον,
613 3152 675 3212 οὗ
730 3159 954 3223 καὶτὰς
1005 3160 1311 3231 θυγατέρας
1365 3160 1708 3232 προφήτιδας
1746 3158 1936 3217 εἶναιὸ

351 3253 511 3323 λόγος
534 3251 836 3322 διείληφεν,
867 3252 967 3306 ἕνα
989 3251 1099 3306 τῶν
1140 3252 1353 3306 δώδεκά
1388 3269 1556 3321 φησιν
1591 3252 1931 3318 ἀποστόλων,

352 3346 413 3398 οὐ
444 3346 554 3399 τῶν
578 3345 719 3399 ἑπτὰ
756 3343 1045 3409 διακόνων,
1071 3344 1147 3407 ὡς
1175 3344 1385 3407 Λουκᾶς
1411 3346 1469 3398 ὲν
1491 3345 1764 3416 Πράξεσιν
1788 3346 1932 3398 ίστοο

359 3442 462 3511 ρεῖ.
505 3438 866 3509 Ὠμιληκέναι
900 3437 957 3490 δὲ
985 3436 1081 3491 καὶ
1113 3440 1235 3500 ταῖς
1279 3437 1493 3491 ἐκείνου
1522 3438 1824 3509 θυγατράσι
1848 3440 1937 3492 λέ-

292 3548 293 3551 η
356 3545 466 3596 γει·
504 3528 635 3595 παρ’
687 3523 763 3582 ὧν
811 3528 1022 3597 γνῶναί
1070 3544 1208 3597 φησι
1253 3528 1346 3581 καὶ
1402 3529 1599 3598 νεκροῦ
1635 3530 1935 3583 ἀνάστασιν

360 3621 481 3673 κατ’
512 3622 692 3674 ἐκεῖνο
737 3621 1045 3691 γενομένην
1093 3620 1312 3690 καιροῦ.
1358 3621 1493 3691 Περὶ
1528 3623 1628 3691 μέν
1658 3637 1745 3675 τοι
1795 3623 1937 3693 Βαρ-

360 3712 523 3777 σαϐἄ,
556 3713 613 3776 ὃς
644 3713 927 3784 ἐπεκλήθη
980 3711 1239 3775 Ἰοῦστος,
1267 3706 1329 3765 οὗ
1360 3715 1416 3766 αἱ
1451 3713 1688 3783 ιιράξεις
1745 3714 1933 3783 μνείαν

358 3806 707 3876 πεποίηνται,
734 3806 906 3875 λέγει,
942 3806 1016 3869 ὡς
1044 3806 1377 3877 δηλητηρίου
1432 3806 1729 3877 φαρμάκου
1765 3808 1935 3878 ὑπέρ-

362 3916 511 3970 τερος
543 3898 702 3970 ὤφθη
754 3900 843 3952 διά
874 3900 976 3966 τὴν
1006 3898 1097 3952 τοῦ
1132 3901 1340 3968 Κυρίου
1396 3900 1558 3970 χάριν
1610 3899 1772 3953 πιών.
1826 3902 1936 3954 Καὶ

357 3991 493 4045 ἄλλα
524 3992 580 4046 δὲ
620 3992 850 4046 πλεῖστα
879 3990 956 4054 ὠς
989 3994 1055 4045 ὲκ
1085 3992 1440 4063 παραδόσεως
1470 3993 1722 4063 ἀγράφου
1754 4010 1938 4064 παρα-

357 4085 518 4148 ϐολάς
550 4102 702 4147 τινας
726 4085 820 4138 καί
848 4084 1204 4148 διδασκαλίας
1232 4084 1327 4139 τοῦ
1369 4086 1644 4156 Σωτῆρος,
1695 4086 1789 4138 καί
1812 4102 1937 4139 τινα

357 4177 495 4234 ἄλλα
531 4178 606 4241 ὼς
653 4179 718 4230 ἂν
774 4177 1155 4249 μυθικώτερον
1207 4180 1433 4251 ἱστορεῖ.
1485 4178 1597 4232 Καὶ
1642 4179 1861 4250 χιλιάδα
1891 4181 1937 4235 δ’

359 4269 499 4323 ἐτῶν
545 4268 768 4324 ἔσεσθαι
804 4270 949 4340 μετὰ
995 4272 1095 4340 τὴν
1135 4272 1200 4323 ὲκ
1237 4271 1450 4342 νεκρῶν
1494 4271 1787 4326 ἀνάστασιν
1835 4272 1939 4342 τῆς

360 4362 602 4431 Χριστοῦ
639 4364 916 4434 βασιλείας
948 4362 1407 4433 σωματικὼτερον
1437 4365 1529 4417 ἐπὶ
1557 4366 1792 4438 ταυτησὶ
1834 4367 1937 4437 τῆς

360 4455 465 4524 γῆς
490 4455 970 4525 ὗποστησομένηςο
994 4453 1029 4508 ἀ
1044 4452 1198 4524 οἶμαι
1219 4456 1566 4526 ἀγνοήσαντα
1588 4458 1657 4511 τά
1678 4460 1736 4512 ἐν
1762 4459 1940 4528 ἐπαγ-

2029 1962 2136 2018 boc
2167 1962 2395 2018 Joannis
2423 1964 2647 2018 nomine
2674 1965 2753 2019 uti
2792 1980 2807 2018 :
2842 1964 3026 2034 primo
3051 1963 3301 2035 quidem,
3344 1964 3436 2018 ubi
3466 1979 3606 2033 apo-

2029 2055 2297 2111 stolorum
2366 2055 2841 2111 nomenclaturam
2894 2055 3156 2122 instituit,
3220 2064 3283 2110 ut
3342 2056 3606 2111 dilectum

2031 2146 2186 2201 illum
2244 2148 2552 2220 intelligere
2612 2132 2821 2214 liceat;
2887 2148 3134 2204 secundo
3196 2157 3379 2203 autem
3441 2149 3606 2212 loco.

2030 2237 2366 2294 Aristionem
2420 2249 2477 2296 et
2524 2240 2797 2296 Joannem
2854 2242 3064 2313 adjicit,
3118 2250 3175 2296 et
3223 2242 3609 2313 presbyterum

2031 2339 2213 2387 vocat.
2269 2330 2440 2403 Cujus
2486 2332 2712 2402 quidam
2768 2331 3090 2403 ignorantes
3132 2328 3430 2388 commurie
3484 2347 3613 2388 cum

2033 2422 2281 2491 apostolo
2306 2438 2529 2488 nomen,
2555 2424 2891 2495 posteriores
2908 2425 3047 2480 duas
3082 2426 3311 2483 Joannis
3337 2426 3612 2496 Epistolas

2034 2519 2090 2565 et
2120 2511 2503 2583 Apocalypsim
2560 2515 2809 2583 apostolo
2854 2515 2954 2585 ipsi
2987 2516 3381 2587 ascripserunt.
3410 2519 3613 2588 Ephesi

2033 2618 2273 2673 namque
2321 2606 2609 2677 presbyter
2653 2622 2875 2677 quoque
2926 2610 3030 2663 iste
3080 2610 3240 2677 vixit,
3290 2611 3384 2665 ubi
3440 2612 3610 2667 etiam

2034 2711 2182 2752 nunc
2205 2696 2315 2751 duo
2336 2709 2555 2755 exstare
2586 2700 2849 2756 dicuntur
2870 2713 3249 2771 monumenta,
3273 2719 3396 2776 qua:
3413 2705 3609 2761 eodem

2034 2788 2259 2843 nomine
2307 2789 2537 2846 Joannis
2594 2792 2869 2850 feruntur.
2913 2796 3371 2867 Quandoquidem
3432 2809 3615 2854 autem

2038 2877 2183 2934 idem
2232 2879 2428 2952 Papias
2480 2883 2588 2939 alia
2639 2900 2860 2957 quoque
2888 2887 3211 2943 admiranda
3244 2891 3497 2959 quaedam
3557 2893 3614 2946 in

2036 2970 2193 3027 libris
2233 2975 2348 3029 suis
2402 2976 2592 3043 refert,
2642 2992 2672 3032 a
2726 2977 3119 3035 decessoribus
3153 2982 3271 3037 suis
3295 2998 3392 3052 per
3423 3000 3618 3039 manus

2038 3063 2148 3118 sibi
2186 3065 2405 3133 tradita,
2438 3068 2670 3137 agedum
2689 3069 2757 3125 de
2786 3072 2867 3126 eis
2887 3087 3108 3144 quoque
3141 3090 3315 3145 pauca
3345 3077 3615 3133 dicamus.

2043 3154 2244 3211 Statim
2271 3158 2419 3212 enim
2450 3158 2791 3231 Philippum,
2840 3177 2969 3217 eum
3008 3165 3103 3235 qui
3145 3166 3423 3238 llierapoli
3488 3168 3615 3235 fuit,

2038 3256 2095 3303 et
2131 3248 2273 3303 illius
2299 3250 2699 3320 prophetissas,
2744 3263 2802 3307 ut
2834 3264 2994 3309 antea
3022 3255 3230 3311 dictum
3265 3267 3373 3323 est,
3402 3260 3617 3325 habuit,

2039 3353 2213 3394 unum
2244 3356 2312 3395 ex
2339 3341 2635 3397 duodecim
2682 3347 2981 3415 apostolis,
3014 3363 3123 3402 non
3174 3364 3237 3404 ex
3269 3360 3480 3420 septem
3511 3352 3620 3409 illis

2037 3429 2305 3499 diaconis,
2340 3448 2480 3503 quos
2514 3435 2567 3488 in
2601 3435 2753 3490 Actis
2788 3449 3040 3494 recenset
3069 3439 3270 3505 Lucas,
3303 3440 3473 3498 fuisse
3506 3458 3621 3499 me—

2037 3532 2256 3589 morat;
2282 3532 2337 3577 et
2367 3538 2425 3579 se
2455 3540 2579 3579 cum
2617 3526 2835 3583 ﬁliabus
2862 3529 2981 3599 ejus
3015 3530 3348 3586 collocutum
3378 3550 3499 3589 esse
3521 3537 3618 3601 ait,

2039 3617 2187 3669 unde
2227 3616 2563 3671 intellexerit
2593 3626 2752 3674 a:tate
2790 3634 2853 3674 ea
2896 3631 3172 3677 mortuum
3200 3628 3494 3694 quemdam
3530 3646 3620 3685 re-

2041 3708 2371 3763 surrexisse.
2421 3710 2497 3765 De
2548 3710 2785 3766 Barsaba
2813 3728 2946 3771 sane
2988 3717 3211 3785 quidem
3240 3758 3253 3781 ,
3303 3722 3397 3791 qui
3430 3721 3620 3780 Justus

2040 3798 2458 3868 cognominatus
2480 3813 2584 3865 est,
2607 3813 2662 3857 et
2684 3806 2841 3875 cujus
2874 3806 2926 3860 in
2952 3807 3105 3863 Actis
3138 3809 3197 3863 (lt
3221 3814 3451 3878 mentio,
3484 3815 3617 3870 illud

2040 3890 2225 3958 refert,
2262 3892 2431 3960 quod,
2469 3909 2683 3949 veneno
2727 3897 2990 3966 pestifero
3032 3901 3253 3968 hausto,
3304 3906 3442 3959 nihil
3497 3922 3621 3960 sen-

2040 3983 2178 4036 serit
2217 3998 2316 4053 per
2351 3983 2565 4043 Domini
2613 3990 2845 4057 gratiam
2882 3993 3224 4049 detrimenti.
3270 3996 3378 4051 Sed
3411 4004 3466 4051 et
3518 4001 3622 4054 alia

2039 4074 2278 4145 plurima
2304 4091 2371 4132 ex
2390 4080 2663 4151 majorum
2687 4081 2806 4137 sine
2825 4084 3033 4155 scripto
3058 4087 3356 4144 traditione
3374 4101 3621 4166 accepta,

2040 4176 2103 4221 ut
2131 4169 2421 4237 parabolas
2453 4178 2510 4227 et
2559 4172 2840 4231 doctrinas
2889 4176 3197 4235 Servatoris
3227 4182 3518 4251 quasdam,
3566 4194 3622 4239 et

2041 4258 2174 4315 item
2231 4262 2335 4316 alia
2382 4262 2629 4320 fabulose
2682 4271 2921 4337 quodam
2967 4272 3131 4325 modo
3197 4285 3616 4331 commemorat.

2042 4352 2186 4407 Mille
2216 4368 2437 4425 quoque
2470 4372 2742 4412 annorum
2798 4371 2919 4436 post
2971 4372 3319 4419 mortuorum
3370 4382 3616 4422 resurre~

2044 4447 2285 4501 ctionem
2338 4448 2457 4504 fore
2488 4449 2621 4506 dicit
2675 4452 2877 4507 Christi
2941 4470 3210 4525 regnum,
3257 4462 3622 4530 corporaliter

362 4548 571 4616 γελίαις
598 4548 869 4617 εἰρημένα
898 4547 1202 4615 μυστικῶς,
1234 4551 1547 4620 παχύτερον
1589 4550 1933 4606 ὲκλαϐέσθαι·

2048 4538 2102 4593 in
2129 4539 2231 4594 hac
2260 4548 2403 4595 terra
2425 4542 2864 4611 producendum,
2894 4551 3039 4615 quod
3065 4548 3242 4614 illum,
3278 4550 3620 4621 ignorantem

362 4635 459 4689 ἀτε
487 4635 550 4704 δη
581 4637 678 4687 καὶ
723 4635 815 4686 τὸν
846 4633 973 4687 νοῦν
1002 4633 1268 4701 τοιοῦτος,
1298 4636 1374 4697 ὼς
1423 4638 1489 4689 ὲκ
1518 4638 1626 4690 τῶν
1656 4639 1820 4693 αὑτοῦ
1847 4639 1940 4692 λό-

362 4744 477 4796 γων
509 4724 1010 4797 τεκμηριὼσασθαι
1036 4724 1214 4791 ἔξεστι
1234 4742 1250 4758 ·
1288 4726 1427 4798 πλὴν
1469 4728 1711 4792 πολλοὺς-
1732 4730 1815 4792 εἰς
1847 4732 1940 4786 τὸν

361 4819 547 4888 ὅμοιον
579 4816 743 4886 ζῆλον
774 4816 995 4869 εἵλκυσε
1028 4818 1089 4868 τὸ
1121 4817 1349 4886 ἀρχαῖον
1383 4817 1477 4870 τοῦ
1508 4819 1704 4888 ἀνδρὸς
1753 4820 1941 4873 αἰδου-

366 4912 563 4981 μένους
585 4926 598 4940 °
613 4909 800 4980 ὥσπερ
823 4905 915 4963 οὖν
942 4910 1252 4979 Εἰρηναῖος,
1280 4911 1373 4963 καὶ
1396 4911 1449 4964 εῐ
1466 4928 1546 4975 τις
1569 4912 1726 4975 ἄλλος
1746 4913 1941 4985 ἐκείνῳ

363 5002 560 5071 ἐπίσης
599 5003 814 5071 φρονῶν
836 5003 1168 5071 ὲναπέφηνε.
1199 5002 1311 5054 Καὶ
1340 5002 1497 5054 ἄλλαι
1528 5003 1583 5055 δὲ
1610 5005 1941 5072 παραδόσεις

363 5096 428 5146 ὲκ
460 5094 569 5147 τῶν
606 5094 1099 5164 προδεδηλωμένων
1142 5093 1490 5163 Ἀριστίωνος
1524 5094 1619 5148 καὶ
1647 5096 1740 5148 τοῦ
1773 5112 1943 5167 πρεσ-

364 5188 595 5257 ϐυτέρου
639 5188 892 5240 Ἰωάννου
922 5186 1065 5256 έχειν
1100 5186 1288 5256 φησίνο
1313 5186 1398 5255 ἐφ’
1429 5185 1495 5249 ἀς
1539 5185 1667 5249 τοὺς
1707 5187 1943 5257 φιλομα-

364 5280 479 5341 θεῖς
507 5279 1007 5350 παραπέμψαντες,
1040 5279 1358 5347 ἀναγκαίως
1393 5278 1429 5331 ἆ
1466 5280 1598 5350 φησι
1626 5284 1753 5349 περί
1786 5282 1943 5352 Μάρ-

365 5388 463 5424 κου
494 5373 590 5425 καὶ
624 5372 912 5425 Ματθαίου
967 5371 1075 5422 τῶν
1129 5371 1538 5439 εύαγγελιστῶν
1576 5371 1934 5442 διαλήψομαι.

362 5466 530 5532 Λέγει
563 5466 619 5517 δὲ
655 5464 818 5516 οὕτω·
859 5482 877 5515 ι
930 5465 1042 5516 Καὶ
1088 5465 1236 5516 τοῦθ’
1266 5468 1294 5517 ὁ
1340 5466 1709 5534 πρεσϐύτερος
1756 5468 1943 5535 ἔλεγεν

376 5555 654 5625 Ἰωάννηςο
689 5556 917 5627 Μάρκος
952 5556 1052 5625 μὲν
1087 5556 1429 5625 ἑρμηνευτὴς
1470 5557 1677 5626 Πέτρου
1710 5557 1939 5625 γενόμε-

364 5665 481 5712 νος,
509 5650 607 5701 ὅσα
634 5650 1072 5719 ἐμνημόνευσεν,
1104 5650 1350 5719 ἀκριϐῶς
1395 5651 1656 5719 ἔγραψεν.
1698 5652 1771 5704 Οὐ
1815 5652 1942 5720 μέν·

2046 4633 2447 4702 promissiones
2474 4650 2676 4690 arcano
2708 4638 2945 4707 quodam
2986 4641 3247 4711 mysterio
3277 4657 3399 4699 esse
3445 4644 3625 4700 editas

2048 4724 2122 4779 ita
2163 4727 2405 4782 crassius
2460 4731 2739 4797 accepisse
2785 4729 2983 4796 credo,
3053 4733 3258 4804 quippe
3298 4735 3393 4804 qui
3440 4752 3624 4791 meme

2047 4818 2161 4873 acri
2190 4834 2299 4873 non
2351 4820 2539 4885 fuerit,
2584 4821 2637 4875 id
2668 4822 2816 4891 quod
2867 4837 2934 4877 ex
2986 4823 3145 4879 libris
3187 4826 3305 4896 ejus
3346 4829 3623 4899 conjicere

2047 4912 2211 4978 licet;
2240 4916 2445 4968 multos
2477 4924 2654 4969 tamen
2705 4915 2758 4969 in
2787 4916 3035 4971 eamdem
3071 4921 3499 4985 aemulationem,
3529 4939 3625 4976 vc-

2050 5014 2311 5059 tustatem
2370 5007 2475 5061 viri
2521 5007 2841 5072 admiratos,
2906 5012 3211 5079 pertraxit:
3249 5013 3410 5083 253
3459 5016 3625 5070 sicuti

2049 5095 2312 5162 lrena-us,
2352 5108 2409 5153 et
2453 5100 2499 5153 si
2548 5102 2676 5169 quis
2731 5113 2996 5172 prazterea
3042 5105 3188 5160 alius
3212 5107 3460 5177 ejusdem
3494 5126 3622 5164 cum

2048 5187 2143 5242 illo
2168 5196 2255 5243 est
2283 5190 2573 5245 sententia:
2620 5200 2676 5245 et
2706 5193 2987 5262 Opiniouis
3034 5195 3136 5265 (l),
3170 5199 3431 5252 ostendit.
3478 5200 3623 5265 Quin

2047 5280 2183 5335 alias
2218 5284 2381 5335 etiam
2413 5297 2493 5349 se,
2528 5284 2597 5337 ab
2633 5284 2715 5339 eis
2744 5287 2837 5355 qui
2880 5286 3014 5341 dicti
3048 5300 3215 5355 sunt,
3265 5290 3541 5346 Aristione
3570 5303 3627 5349 et

2049 5373 2373 5444 presbytero
2411 5375 2661 5443 Joanne,
2696 5378 3024 5435 traditiones
3073 5380 3279 5435 habere
3320 5382 3457 5436 dicit
3488 5403 3499 5437 :
3554 5388 3625 5441 ad

2050 5481 2186 5534 quas
2217 5467 2497 5522 studiosos
2528 5469 2808 5539 rejiciens,
2829 5487 2950 5541 quae
2975 5473 3043 5527 de
3073 5472 3254 5527 Marco
3286 5483 3342 5527 et
3372 5474 3625 5532 Mattbzeo

2050 5560 2399 5628 evangelistis
2425 5562 2612 5626 tradit,
2636 5567 2949 5620 necessario
2979 5566 3067 5619 hic
3100 5571 3478 5635 persequenda
3500 5586 3625 5627 esse

2052 5655 2258 5721 putavi.
2304 5653 2382 5707 lta
2416 5659 2561 5709 enim
2594 5658 2787 5713 scribit
2829 5675 2842 5711 :
2906 5678 2924 5709 ί
2970 5660 3086 5715 lloc
3118 5674 3338 5730 quoque
3383 5658 3625 5720 Joannes

439 5834 514 5905 (l)
550 5836 947 5902 Quiopinionis
972 5845 1027 5890 et
1064 5837 1288 5889 haeresis
1319 5836 1439 5906 ejus
1462 5838 1943 5901 sunt,Xt‘/.:a::z".,
1990 5840 2091 5894 huc
2123 5851 2223 5905 est,
2261 5840 2550 5895 Millcnurii
2597 5841 2877 5899 dicuntur.

612 5933 882 5994 ι’ΛΤιιυῐ,.
924 5936 1041 5992 (in.
1109 5932 1318 5992 CXLV.

3295 5934 3376 5996 30
