4046 6420
394 368 513 433 ‘939

1639 363 2072 428 NICEPHORI
2102 361 2456 425 CALLISTI

3573 362 3680 428 940

406 481 695 554 presbyter
710 480 871 537 dixit.
900 480 1137 546 Marcus,
1166 479 1315 549 quod
1337 476 1487 533 Petri
1505 487 1655 534 esset
1682 477 1983 547 interpres,

2102 494 2171 530 τοι
2217 474 2376 543 τάξει
2422 475 2492 530 τὰ
2549 474 2655 529 ὑπὸ
2694 472 2788 528 τοῦ
2815 474 3059 544 Χριστοῦ
3093 474 3127 548 ἢ
3165 476 3429 548 λεχθέντα
3462 477 3497 550 ἢ
3534 495 3676 550 πρα-

306 574 317 577 “
406 589 529 644 quae
557 574 836 630 memoria:
871 572 1378 635 commendaverat,
1418 578 1576 625 certo
1605 577 1664 624 et
1693 569 1994 639 diligenter

405 667 756 736 conscripsit,
779 678 890 727 non
917 675 1101 720 tamen
1128 673 1356 720 servato
1383 661 1662 717 dictorum
1693 662 1997 716 factorum-

406 779 516 832 que
545 759 753 815 Christi
787 758 1005 814 ordine.
1045 756 1162 813 Non
1190 757 1343 813 enim
1387 755 1624 817 audivit,
1656 768 1834 823 neque
1860 764 1997 808 con-

406 864 651 911 sectatus
678 864 764 909 est
783 851 1106 918 Dominum,
1138 852 1237 907 sed
1266 851 1564 921 posterius,
1596 857 1657 904 ut
1685 849 1823 914 dixi,
1845 846 1995 904 Petri

407 946 718 1017 discipulus
750 943 856 1000 fuit
897 962 911 999 :
940 942 1035 1014 qui
1061 944 1286 1013 quidem
1317 959 1383 999 ex
1415 956 1519 998 usu
1554 942 1867 997 auditorum
1898 940 1998 996 do-

406 1042 640 1096 ctrinam
687 1054 844 1094 suam
892 1038 1283 1108 promulgavit,
1319 1052 1431 1091 non
1466 1037 1662 1092 ordine
1705 1050 1997 1091 sermones

406 1144 462 1189 et
491 1133 715 1189 oracula
746 1131 968 1187 Domini
994 1132 1476 1187 commemoravit.
1509 1131 1863 1199 Quapropter
1894 1130 1998 1183 mi-

409 1225 557 1279 nime
577 1223 951 1277 ballucinatus
968 1231 1055 1277 est
1079 1222 1314 1287 Marcus,
1337 1221 1417 1276 sic
1445 1222 1704 1291 pleraque
1723 1220 1995 1284 scribens,

409 1324 469 1370 ut
494 1331 557 1371 ea
589 1314 853 1370 memoria
898 1314 1082 1368 fuerat
1112 1322 1469 1368 consecutus.
1495 1312 1676 1369 Unum
1708 1313 1855 1368 enim
1889 1312 1998 1367 hoc

407 1407 513 1462 sibi
542 1407 600 1460 in
621 1404 919 1462 scribendo
946 1413 1341 1475 preposuerat,
1368 1418 1439 1459 ne
1473 1404 1605 1474 quid
1634 1418 1831 1458 eorum
1866 1416 1997 1474 qum

407 1499 675 1563 audisset,
704 1500 1014 1563 omitteret,
1038 1512 1181 1553 neve
1207 1512 1238 1551 a
1267 1498 1502 1552 veritate
1530 1497 1832 1552 aberraret.
1859 1495 1997 1549 Mat-

408 1592 584 1646 thaeus
622 1602 752 1646 vero
785 1602 1043 1645 sermone
1081 1589 1353 1644 IIebraico
1387 1588 1584 1643 librum
1627 1604 1793 1643 suum
1847 1603 1998 1644 com—

406 1684 614 1753 posuit,
647 1698 811 1754 quem
843 1682 1063 1748 deinde,
1106 1689 1165 1736 ut
1190 1683 1428 1752 quisque
1462 1680 1662 1751 potuit,
1696 1687 1786 1735 est
1820 1679 1998 1734 inter-

405 1786 679 1846 pretatus.
744 1795 764 1830 ι
823 1776 1010 1833 Utitur
1069 1776 1215 1831 idem
1271 1774 1469 1844 Papias
1550 1772 1881 1830 testimoniis
1937 1779 1994 1827 et

2098 567 2315 639 χθέντα·
2351 566 2477 622 οὔτε
2508 566 2615 637 γὰρ
2642 568 2844 638 ἤκουσε
2873 567 2969 622 τοῦ
2995 568 3226 640 Κυρίου,
3251 568 3376 623 οὔτε
3420 586 3674 641 παρηκο-

2097 662 2363 733 λούθησεν
2392 659 2542 730 αὐτῷ
2572 672 2588 691 °
2642 659 2879 731 ὕστερον
2921 661 2998 727 δὲ,
3046 662 3121 726 ὡς
3163 664 3325 734 ἔφην,
3372 662 3585 734 Πέτρῳ,
3615 662 3675 727 δς

2098 755 2237 824 πρὸς
2288 757 2388 818 τὰς
2439 755 2631 825 χρείας
2687 755 2932 807 ἐποιεῖτο
2973 754 3327 817 διδασκαλίας
3355 769 3370 786 '
3425 754 3542 809 ἀλλ’
3574 755 3678 826 οὐχ

2096 846 2287 917 ὥσπερ
2322 846 2583 912 σύνταξιν
2615 845 2724 899 τῶν
2756 845 3059 917 Κυριακῶν
3105 844 3431 916 ποιούμενος
3456 847 3675 916 λογίων*

2097 940 2239 994 ὥστε
2273 938 2427 993 οὐδὲν
2456 940 2676 1011 ἥμαρτε
2708 939 2943 1011 Μάρκος
2965 938 3146 1003 οὕτως
3189 939 3309 994 ἔνια
3349 938 3572 1011 γράψας
3602 939 3680 1003 ὡς

2097 1034 2637 1102 ἀπεμνημόνευσεν’
2701 1032 2824 1096 ἐνὸς
2874 1033 2986 1103 γὰρ
3041 1034 3341 1105 ἐποιήσατο
3395 1033 3680 1104 πρόνόιαν,

2097 1126 2195 1180 τοῦ
2248 1126 2416 1195 μηδὲν
2465 1125 2802 1195 παραλιπεῖν
2833 1119 2909 1180 ὧν
2935 1126 3193 1195 ἤκουσεν,
3226 1126 3260 1195 ἢ
3291 1125 3602 1195 ψεύσασθαί
3625 1142 3681 1177 τι

2098 1222 2157 1274 ἐν
2190 1221 2396 1283 αὐτοῖς.
2430 1218 2716 1282 Ματθαῐος
2747 1217 2796 1272 δ’
2841 1218 3085 1290 Ἐϐραΐδι
3130 1217 3398 1288 διαλέκτῳ
3426 1216 3497 1271 τὰ
3522 1217 3682 1286 λόγια

2101 1311 2453 1376 συνετάξατο·
2478 1310 2796 1380 ἡρμήνευσε
2830 1308 2887 1363 δὲ
2918 1309 3061 1363 αὐτὰ
3090 1309 3168 1372 ὡς
3198 1304 3271 1381 ἦν
3298 1306 3525 1371 δυνατὸς
3549 1309 3680 1362 ἕκα-

2100 1416 2249 1463 στος.
2290 1418 2308 1451 ι
2375 1398 2664 1469 Κέχρηται
2716 1398 2774 1451 δὲ
2827 1398 2993 1461 αὐτὸς
3035 1398 3371 1469 μαρτυρίαις
3429 1398 3538 1451 ἀπὸ
3581 1398 3680 1467 τῆς

2110 1492 2361 1546 Ἰωάννου
2391 1489 2664 1561 προτέρας
2695 1489 3022 1561 Ἐπιστολῆς
3066 1493 3161 1544 καὶ
3184 1491 3295 1544 ἀπὸ
3327 1490 3431 1560 τῆς
3469 1489 3678 1561 Πέτρου

2098 1584 2323 1655 ὁμοίως.
2359 1583 2470 1637 Καὶ
2510 1582 2682 1653 ἄλλην
2711 1583 2768 1636 δὲ
2802 1582 3049 1652 ἱστορίαν
3093 1583 3387 1653 προτίθησι
3417 1584 3545 1654 περὶ
3578 1597 3676 1651 γυ-

2098 1677 2289 1739 ναικὸς
2318 1676 2410 1727 ἐπὶ
2442 1672 2667 1737 πολλαῖς
2694 1674 2997 1744 ἁμαρτίαις
3022 1672 3413 1744 διαδληθείσης
3456 1674 3551 1726 ἐπὶ
3578 1671 3672 1727 τοῦ

2100 1769 2331 1840 Κυρίου.
2379 1766 2545 1821 Ἀλλὰ
2570 1769 2665 1821 καὶ
2692 1768 2761 1821 τὰ.
2791 1767 2869 1837 τῷ
2899 1767 3090 1839 Παπίᾳ
3128 1765 3520 1838 συγγραφέντα
3549 1766 3674 1819 τοῦο

408 1870 830 1925 auctoritatibus
886 1885 952 1924 ex
1005 1869 1193 1940 priore
1250 1866 1507 1930 Joannis,
1559 1875 1617 1921 et
1669 1865 1860 1945 itidem
1925 1878 1992 1919 ex

2102 1881 2191 1919 τον
2223 1865 2413 1934 έχουσι
2447 1864 2538 1917 τὸν
2571 1865 2796 1935 τρόπον.

408 1965 593 2032 priore
632 1963 781 2020 Petri
826 1963 1115 2034 Epistolis.
1177 1962 1345 2019 Addit
1394 1971 1661 2032 praeterea
1711 1961 1999 2016 historiam
2038 1961 2221 2027 aliam,
2269 1960 2337 2016 de
2381 1960 2657 2024 muliere,
2706 1975 2830 2030 qua-
2876 1962 3066 2018 multis
3135 1962 3465 2022 criminibus
3537 1959 3678 2031 apud

408 2056 698 2113 Dominum
729 2056 804 2113 sit
842 2054 1021 2112 delata
1059 2056 1160 2127 (i).
1206 2055 1277 2111 Et
1321 2053 1504 2125 Papiae
1539 2054 1763 2126 quidem
1792 2054 1995 2125 scripta
2037 2054 2106 2110 ad
2147 2055 2295 2110 hunc
2324 2069 2385 2111 se
2414 2054 2624 2110 habent
2654 2054 2902 2109 modum.

993 2196 1223 2255 CAPUT
1258 2196 1406 2253 XXI.

411 2314 512 2369 De.
546 2315 828 2381 Quadrato
877 2320 927 2366 et
976 2312 1230 2372 Aristide.
1293 2310 1597 2379 apostolicis
1652 2310 1811 2378 plane
1848 2312 1999 2375 uiris,

484 2391 573 2457 qui
623 2402 719 2454 pro
762 2384 1065 2455 defensioue
1117 2382 1242 2453 ﬁdei
1298 2392 1494 2437 nostra:
1527 2382 1817 2454 Apologia:
1863 2383 2002 2437 scri-

482 2465 727 2527 pserunt.

481 2572 695 2628 Floruit
732 2579 918 2626 autem
942 2584 1011 2625 eo
1041 2578 1290 2639 tempore
1316 2567 1541 2624 divinus
1585 2583 1809 2638 quoque
1858 2566 2001 2633 ουλε

411 2668 604 2721 dratus
638 2681 652 2717 :
681 2662 772 2718 cui
803 2662 943 2716 nihil
965 2675 1159 2716 eorum
1189 2659 1484 2725 donorum,
1513 2676 1635 2731 qua:
1666 2659 2004 2729 apostolicos

412 2759 614 2815 decent
646 2767 1024 2818 successores,
1070 2751 1271 2808 defuit.
1312 2751 1510 2807 Itidem
1535 2766 1665 2805 vero
1697 2761 1751 2805 et
1801 2748 2004 2804 Aristi-

412 2849 533 2911 des,
562 2844 643 2899 vir
667 2852 828 2900 :etate
858 2858 923 2897 ea
951 2842 1160 2911 ingenti
1192 2839 1319 2897 fidei
1346 2849 1550 2896 nostra:
1573 2840 1923 2896 aemulatione
1949 2846 2007 2895 et

413 2937 612 2993 ardore
656 2935 908 3004 ﬂagrans.
940 2932 1118 2988 Ambo
1145 2932 1425 2997 doctrina,
1473 2930 1717 2996 fervore,
1766 2940 1823 2985 et
1873 2930 2003 2985 vita:

411 3029 741 3085 Christiana:
774 3024 1023 3081 moribus
1056 3038 1257 3093 pares;
1306 3023 1470 3078 ambo
1508 3022 1672 3078 etiam
1721 3021 2004 3077 orationes

413 3126 481 3176 ad
508 3121 714 3175 Ailium
744 3118 1075 3181 Adrianum,
1106 3117 1201 3187 qui
1254 3114 1495 3185 Trajano
1527 3114 1581 3168 in
1612 3114 1847 3184 imperio
1878 3128 2006 3168 suc-

414 3214 599 3272 cessit,
622 3210 827 3281 quibus
849 3208 1230 3265 Christianum
1264 3206 1461 3277 dogma
1489 3205 1816 3272 defendunt,
1848 3221 2008 3261 com—

416 3313 743 3377 posuerunt,
772 3319 898 3358 cum
931 3300 1171 3372 improbi
1196 3300 1418 3368 quidam
1451 3299 1705 3353 homines
1732 3296 2006 3355 Ecclesiae

418 3412 612 3468 urgere
646 3405 811 3466 atque
858 3393 1116 3465 persequi
1166 3391 1627 3462 aggrederentur.
1684 3389 1748 3445 1n
1806 3389 2008 3460 quibus

2672 2197 2930 2253 ΚΕΦΑΛ.
2966 2200 3099 2254 KA'.

2105 2307 2247 2376 Περὶ
2302 2307 2612 2377 Κοδρᾶτον
2660 2309 2764 2363 καὶ
2821 2311 3211 2377 Ἀριστείδου,
3260 2314 3684 2369 ἀποστολικῶν

2178 2379 2441 2456 ἀνδρῷν,
2468 2379 2621 2456 ᾧπερ
2651 2378 2761 2448 τῆς
2794 2385 2926 2435 καθ’
2976 2382 3134 2456 ᾑμᾶς
3182 2387 3444 2450 πίστεως
3476 2386 3680 2456 ἐγγρά-

2178 2466 2305 2517 φως
2322 2448 2656 2518 ἀπολογίας
2684 2448 3134 2521 ποιησαμένῖων.

2179 2570 2293 2625 Καὶ
2342 2570 2618 2641 Κοδρᾶτος
2666 2570 2724 2623 δὲ
2781 2573 2811 2625 ὁ
2856 2572 3000 2637 θεῖος
3030 2573 3340 2644 τηνικαῦτα
3397 2574 3678 2649 διέπρεπε,

2104 2660 2252 2713 κατὰ
2283 2659 2454 2731 μηδὲν
2479 2660 2678 2714 ινδέων
2720 2660 2835 2715 τῶν
2884 2661 2986 2731 τῆς
3022 2663 3395 2736 ἀποστολικῆς
3424 2666 3682 2738 διαδοχῆς

2106 2754 2494 2824 χαρισμάτων.
2541 2752 2823 2817 Ὡσαύτως
2861 2753 2920 2808 δὲ
2977 2755 3072 2808 καὶ
3135 2756 3505 2830 Ἀριστείδης,
3543 2759 3683 2830 ἀνὴρ

2105 2845 2366 2914 τηνικάδε
2414 2844 2493 2915 τῷ
2543 2846 2685 2915 ὑπὲρ
2741 2845 2844 2917 τῆς
2886 2845 3013 2901 καθ’
3068 2849 3219 2919 ἡμᾶς
3261 2851 3500 2915 πίστεως
3535 2850 3681 2922 ζήλῳ

2111 2940 2461 3012 πυρούμενος
2485 2956 2500 2972 ο
2535 2941 2916 3013 παραπλήσιοι
2952 2942 3009 2997 δὲ
3050 2944 3146 2998 καὶ
3179 2944 3352 3016 ἄμφω
3380 2948 3472 3001 τόν
3503 2964 3561 3001 τε
3601 2947 3687 3001 λό-

2105 3047 2204 3099 γον
2253 3031 2349 3085 καὶ
2403 3030 2588 3101 ζῆλον,
2630 3033 2727 3086 καὶ
2756 3035 2820 3105 τῇ
2857 3035 3088 3106 ἀσκήσει
3122 3037 3225 3108 τῆς
3278 3041 3417 3094 κατὰ
3451 3042 3687 3113 Χριστὸν

2108 3123 2414 3189 πολιτείας.
2465 3125 2792 3197 Ἀμφότεροι
2828 3127 2886 3180 δὲ
2933 3128 3131 3198 λόγους
3160 3131 3239 3202 τῷ
3300 3135 3444 3203 μετὰ
3484 3135 3687 3207 Τραῖα-

2108 3214 2199 3268 νδν
2231 3214 2405 3286 Αἰλίῳ
2450 3216 2724 3288 Ἀδριανῷ
2751 3221 3173 3290 προσφωνοῦσιν
3231 3225 3374 3296 ὑπὲρ
3418 3227 3514 3282 τοῦ
3562 3230 3688 3283 καθ’

2109 3308 2257 3378 ἡμᾶς
2292 3307 2587 3378 δόγματος,
2617 3312 2784 3366 τινῶν
2813 3329 2880 3382 γε
2925 3317 3183 3387 πονηρῶν
3230 3321 3347 3383 τοῖς
3389 3321 3687 3393 ἡμετέροις

2108 3399 2455 3456 ἐπιτίθεσθαι
2515 3406 2917 3475 πειρωμένων·
2955 3410 3014 3463 ἐν
3062 3404 3145 3475 οἷς
3195 3411 3317 3467 ἔστι
3348 3418 3685 3486 κατανοῆσαι

415 3487 760 3541 orationibus
794 3484 983 3540 videre
1011 3495 1097 3538 est
1142 3497 1253 3537 non
1299 3482 1495 3552 exigua
1536 3495 1729 3536 eorum
1758 3480 2001 3536 virorum

2110 3491 2170 3545 οὐ
2200 3494 2377 3562 μικρά
2401 3510 2527 3550 τινα
2553 3498 2832 3568 τεκμήρια
2875 3498 2977 3569 τῆς
3008 3501 3119 3554 τῶν
3167 3502 3383 3574 ἀνδρῶν
3421 3480 3685 3577 λαμπρᾶς

415 3577 718 3651 splendidae
747 3577 946 3633 mentis
978 3576 1400 3645 apostolicaeque
1433 3584 1490 3630 et
1521 3583 1684 3629 rectae
1730 3572 2001 3628 doctrina:

2107 3583 2351 3648 διανοίας
2384 3587 2482 3639 καὶ
2521 3586 2623 3659 τῆς
2671 3589 3044 3661 ἀποστολικῆς
3089 3572 3438 3667 ὀρθοτομίας.
3470 3572 3683 3672 Κοδρᾶ-

416 3670 641 3726 indicia.
674 3669 987 3736 Quadratus
1017 3669 1242 3739 quidem
1273 3675 1425 3722 certe
1448 3666 1687 3737 priscam
1717 3665 2001 3721 sincerita-

2106 3693 2200 3739 τος
2241 3678 2430 3747 μέντοι
2471 3680 2567 3734 καὶ
2601 3679 2665 3733 τὺ
2717 3683 2951 3752 ἀρχαῖον
2998 3685 3164 3740 αὐτοῦ
3211 3665 3393 3757 σοιρῶς
3422 3665 3684 3762 παραδεί-

416 3769 525 3814 tem
554 3769 612 3814 et
657 3759 821 3814 fidem
851 3774 1007 3814 suam
1053 3758 1188 3813 satis
1221 3757 1464 3812 declarat
1495 3756 1563 3811 iis
1604 3754 1739 3826 ipsis
1768 3769 1890 3825 quae
1915 3768 2005 3809 se-

414 3859 660 3921 quuntur
694 3849 920 3905 verbis:
958 3866 977 3901 ι
1019 3846 1331 3903 Servatoris
1379 3855 1563 3901 autem
1615 3843 1791 3899 nostri
1834 3858 2004 3913 opera

414 3957 637 4012 semper
669 3948 871 4011 praesto
919 3939 1094 4002 fuere,
1138 3936 1303 4008 254
1348 3937 1554 4007 quippe
1583 3951 1705 4005 quae
1742 3949 1871 3990 vera
1919 3949 2006 3989 es-

414 4044 540 4091 sent
573 4051 586 4087 :
617 4035 712 4103 qui
743 4033 919 4087 sanati
966 4030 1213 4097 fuerant,
1248 4029 1344 4100 qui
1373 4045 1403 4083 a
1447 4028 1682 4083 mortuis
1726 4028 2004 4096 suscitati,

416 4140 528 4181 non
556 4125 731 4180 solum
758 4139 883 4179 cum
913 4134 1246 4179 curarentur
1275 4132 1330 4178 et
1359 4124 1838 4180 exsuscitarentur
1858 4161 1873 4188 ,
1905 4120 2002 4179 sed

418 4230 607 4292 postea
657 4218 824 4273 etiam
856 4217 1104 4273 viventes
1157 4217 1420 4271 continue
1477 4227 1904 4290 apparuerunt:
1949 4228 2005 4273 et

417 4328 528 4365 non
571 4321 783 4368 tantum
813 4325 937 4365 cum
970 4309 1229 4366 Salvator
1256 4308 1312 4363 in
1344 4308 1506 4364 terris
1538 4318 1882 4375 versaretur,
1912 4323 2005 4363 ve-

412 4419 540 4457 rum
596 4413 722 4473 post
767 4401 1072 4457 discessum
1109 4414 1332 4469 quoque
1359 4400 1481 4470 ejus
1543 4400 1706 4471 longo
1743 4400 2004 4455 vixerunt

419 4508 689 4568 tempore,
725 4497 866 4551 adeo
903 4505 963 4552 ut
986 4494 1241 4552 nonnulli
1272 4493 1438 4549 etiam
1465 4493 1532 4549 ad
1560 4503 1808 4550 nostram
1838 4491 2006 4547 dura-

412 4592 600 4645 vetint
635 4598 874 4645 aetatem.
910 4606 930 4641 ι
972 4628 978 4633 .

1002 4699 1230 4758 CAPUT
1264 4700 1436 4757 XXII.

2106 3786 2320 3836 κνυσιν,
2353 3771 2414 3838 ἐξ
2444 3767 2521 3828 ὦν
2553 3791 2721 3845 φησιν
2750 3776 2941 3841 αὑταῖς
2983 3776 3161 3843 λέξεσι
3208 3783 3437 3852 γράφων
3468 3799 3481 3815 ο
3521 3803 3542 3837 ι
3572 3784 3678 3840 Τοῦ

2104 3862 2160 3917 δὲ
2193 3864 2452 3936 Σωτῆρος
2480 3868 2639 3937 ἡμῶν
2662 3868 2733 3922 τὰ
2774 3869 2914 3940 ἔργα
2944 3871 3035 3924 ἀεὶ
3080 3874 3264 3947 παρῆν
3291 3892 3304 3906 ·
3348 3876 3526 3948 ἀληθῆ
3572 3881 3679 3950 γὰρ

2104 3950 2207 4026 ἦν·
2246 3958 2296 4010 οί
2332 3957 2790 4029 θεραπευθέντες,
2826 3964 2875 4016 οι
2904 3963 3244 4032 ἀναστάντες
3268 3969 3334 4023 ὲκ
3363 3973 3597 4041 νεκρῶν,
3628 3974 3678 4028 οἳ

2105 4047 2204 4099 οὐκ
2240 4044 2511 4117 ὤφθησαν
2545 4049 2709 4119 μόνον
2760 4052 3196 4127 θεραπευόμενοι
3246 4061 3340 4114 καὶ
3384 4063 3679 4135 ἀνιστάμε-

2104 4153 2211 4200 νοι.
2262 4138 2402 4194 ἀλλὰ
2458 4143 2553 4194 καὶ
2611 4141 2702 4196 ἀεὶ
2758 4147 3031 4217 παρόντες
3061 4165 3075 4180 ·
3117 4151 3242 4205 οὐδὲ
3280 4153 3677 4227 ἐπιδημοῦντος

2106 4230 2273 4300 μόνον
2291 4230 2383 4284 τοῦ
2419 4232 2700 4304 Σωτῆρος,
2735 4235 2874 4293 ἀλλὰ
2914 4242 3010 4294 καὶ
3069 4242 3509 4321 ἀπαλλαγέντος,
3536 4245 3676 4321 ἦσαν

2104 4326 2200 4379 ἐπὶ
2236 4326 2437 4398 χρόνον
2468 4328 2692 4383 ἱκανόν·
2727 4329 2804 4396 ὥς
2836 4348 2898 4386 τε
2932 4334 3031 4390 καὶ
3059 4337 3141 4402 είς
3183 4338 3312 4405 τοὺς
3370 4342 3674 4416 ἡμετέρους

2102 4417 2332 4487 χρόνους
2360 4419 2506 4487 τινὲς
2526 4420 2815 4492 ἀφίκοντο.
2844 4442 2866 4479 ι

2701 4693 2948 4752 ΚΕΦΑΛ.
2982 4698 3112 4755 KB'.

448 4810 587 4878 ,ριιιε
621 4814 785 4867 etiam
810 4813 914 4870 sub
944 4814 1181 4886 Trojano
1207 4814 1409 4873 Judwia
1446 4815 1733 4871 acciderint
1766 4812 1965 4869 clades.

2107 4801 2258 4858 Ὅσα
2310 4801 2415 4857 καί
2458 4803 2561 4859 ἐπὶ
2619 4805 2911 4905 Τραϊανζοῌῦ
2937 4882 2969 4905 Δ
2996 4811 3304 4884 Ἰουδαίοις
3347 4819 3677 4892 ἐπισυνέϐη

495 4996 569 5052 Ac
620 5011 712 5054 res
752 4997 977 5068 quidem
1027 5007 1229 5055 nostrae
1258 4998 1336 5054 ita
1367 4996 1665 5062 ﬂorebant,
1716 4994 2000 5067 quotidia-

418 5106 664 5161 numque
690 5091 1089 5148 incrementum
1114 5093 1427 5162 capiebant,
1463 5089 1751 5145 radicibus
1774 5098 1997 5157 aposto-

419 5183 652 5237 licorum
698 5182 947 5237 virorum
977 5223 994 5250 ,
1049 5183 1147 5254 qui
1180 5192 1294 5237 tum
1343 5181 1506 5236 multi
1550 5180 1609 5233 in
1647 5180 1756 5233 vita
1813 5185 1996 5244 erant,

419 5274 687 5330 doctrina:
713 5274 825 5331 alte
853 5276 1011 5339 actis,
1041 5283 1100 5331 et
1148 5284 1467 5329 sanctorum
1513 5281 1819 5342 martyrum
1870 5284 2000 5325 san-

419 5367 586 5438 guine
635 5366 874 5423 ubertim
928 5367 1143 5437 rigatis.
1202 5365 1521 5421 Iudaeorum
1593 5375 1779 5417 autem
1849 5364 1999 5418 natio

419 5460 803 5530 frequentibus
835 5460 1072 5530 aliisque
1100 5473 1270 5529 super
1298 5458 1438 5511 alias
1488 5455 1854 5511 accumulatis
1887 5455 2000 5509 cla-

420 5549 584 5607 dibus
605 5550 901 5606 admodum
932 5551 1308 5607 accidebatur.
1345 5548 1603 5604 Decimus
1637 5556 1866 5603 octavus
1894 5546 2000 5602 im-

422 5642 561 5709 perii
588 5642 809 5715 Traiani
827 5644 1089 5715 agebatur
1109 5658 1315 5709 annus,
1329 5656 1455 5697 cum
1474 5639 1790 5696 Iudaeorum
1812 5654 2002 5695 rursus

2813 4882 2990 4939 κακά.

2177 4989 2261 5043 Τὰ
2292 4990 2393 5061 μὲν
2422 4989 2517 5045 οὖν
2542 4993 2788 5067 ἡμέτερα
2809 4996 2985 5062 οὕτως
3012 4999 3191 5071 ἤνθει,
3236 5005 3334 5058 καὶ
3383 5006 3508 5060 καθ’
3539 5008 3677 5079 ἠμέ-

2106 5099 2209 5153 ραν
2264 5086 2348 5148 είς
2393 5086 2636 5140 ἐπίδοσιν
2666 5089 2885 5160 ἡγοντο,
2928 5093 3087 5163 ῥίζας
3116 5094 3345 5164 βαθείας
3402 5102 3680 5156 καταϐαλ-

2104 5175 2307 5247 λόμενα
2335 5181 2459 5242 ταῖς
2482 5196 2541 5233 τε
2570 5181 2682 5236 τῶν
2717 5182 3096 5240 ἁποστολικῶν
3145 5190 3359 5262 ἀνδρῶν
3425 5194 3681 5249 διδασκα-

2105 5268 2247 5335 λίαις
2283 5273 2301 5340 (
2324 5271 2514 5325 πολλοὶ
2539 5272 2597 5327 δὲ
2623 5270 2766 5345 ἦσαν
2788 5277 2866 5348 τῷ
2896 5277 3028 5352 βίῳ)
3064 5284 3295 5349 καὶτοῖς
3319 5287 3431 5341 τῶν
3463 5291 3676 5360 μαρτύ-

2099 5378 2209 5432 ρων
2239 5363 2436 5432 αίμασι
2471 5367 2834 5437 πιαινόμενα·
2875 5372 2944 5425 τὰ
2990 5374 3047 5427 δὲ
3081 5375 3192 5429 τῶν
3235 5378 3508 5436 Ἰουδαίων
3548 5399 3677 5456 συχ-

2096 5457 2208 5518 νοῖς
2239 5458 2337 5547 διαὶ
2361 5458 2792 5532 ἀλλεπαλλήλοις
2818 5463 3036 5536 ῆκμαζε
3062 5477 3177 5535 τοῖς
3198 5476 3412 5538 κακοῖς.
3452 5476 3675 5547 Ὄγδοον

2100 5549 2199 5616 μὲν
2228 5545 2323 5603 οὖν
2371 5553 2467 5604 καὶ
2490 5551 2720 5608 δέκατον
2746 5556 2866 5621 ἔτος
2887 5560 2965 5630 τῷ
3001 5562 3369 5639 αὐτοκράτορι
3402 5545 3579 5641 τούτιρ
3608 5573 3673 5640 τῇ

2098 5644 2244 5714 ἀρχῇ
2279 5642 2569 5714 διηνύετο,
2607 5645 2704 5702 καὶ
2740 5649 3018 5711 Ἰουδαίων
3073 5659 3289 5731 κίνησις
3339 5663 3496 5730 αὖθις
3519 5666 3671 5737 ἡγεί-

496 5810 573 5880 (1)
608 5809 738 5865 Eam
767 5808 1125 5880 Evangelium
1177 5812 1481 5868 secundum
1527 5814 1787 5872 liebrmos
1816 5813 2083 5870 continet.
2125 5815 2355 5885 (Euseb.
2390 5820 2489 5879 lib.
2517 5841 2597 5894 ιιι,
2635 5843 2757 5899 cap.
2790 5830 2920 5901 ult.)
