4046 6428
438 352 547 417 9'23

1657 353 2085 417 NICEPHORI
2127 355 2476 417 CALLISTI

3597 350 3706 419 944

437 471 586 542 quod
621 471 695 525 ibi
746 471 1041 525 Persarum
1089 485 1182 525 rex
1231 472 1582 543 reliquisset,
1622 481 1933 527 necarent:
1964 486 2024 526 se

2137 474 2343 538 πόλεως
2371 471 2628 535 κτείνειν,
2663 468 2756 532 οὓς
2784 468 2812 522 ὁ
2840 465 3069 538 Περσῶν
3099 466 3360 522 κατέλιπε
3394 464 3649 537 βασιλεύς
3685 483 3700 498 ο

438 563 505 617 ad
552 560 818 617 auxilium
863 563 944 618 eis
991 563 1316 631 ferendum,
1364 565 1762 632 Persicumque
1811 572 2021 617 metum

436 654 766 719 tollendum,
815 666 1015 724 praesto
1065 653 1280 711 adesse.
1310 655 1414 721 llli,
1437 657 1582 726 quod
1610 657 1750 727 jussi
1781 655 2020 721 fuerant,

379 777 381 781 ι
436 750 664 803 faciunt.
719 749 788 802 Et
839 751 956 819 ipse
1005 766 1130 805 cum
1179 752 1370 807 Persis
1422 751 1614 821 praelio
1663 763 2021 819 congressus,

441 857 568 910 rege
591 855 787 895 eorum
815 857 981 908 caeso,
1005 843 1430 913 clarissimaque
1455 851 1733 913 reportata
1766 843 2021 906 victoria,

384 929 388 935 ’
441 947 606 1001 quem
637 933 812 988 voluit
847 935 930 989 eis
962 950 1148 1004 regem
1173 935 1288 991 dat.
1324 936 1390 989 Et
1428 935 1556 990 inde
1590 935 1644 989 in
1676 949 1799 990 eam
1829 933 2023 988 urbem

441 1023 618 1076 victor
665 1022 991 1092 ingressus,
1047 1025 1241 1080 multis
1287 1041 1409 1081 eam
1466 1024 1719 1081 aediﬁciis
1766 1032 2022 1087 exornat,

438 1114 646 1170 multos
678 1115 845 1170 etiam
881 1115 1230 1173 Christianos
1263 1118 1557 1173 interimit.
1600 1117 1656 1172 ln
1705 1115 1910 1186 quibus
1968 1121 2026 1170 et

435 1208 687 1277 quinque
742 1208 989 1280 virgines
1035 1209 1201 1265 ﬁdem
1251 1212 1433 1281 palam
1491 1209 1818 1280 proﬁtentes
1870 1222 2026 1263 com—

436 1299 623 1367 burit,
661 1310 723 1356 et
767 1302 989 1358 ossibus
1027 1318 1220 1359 carum
1267 1303 1336 1358 ad
1379 1319 1659 1359 summum
1694 1301 2022 1366 combustis,

437 1393 835 1465 cineribusque
883 1395 980 1449 aeri
1040 1397 1384 1460 commistis,
1435 1396 1613 1450 ahena
1664 1396 1916 1464 quaedam
1969 1399 2027 1447 et

438 1486 544 1539 alia
578 1502 705 1540 vasa
742 1486 860 1541 ﬁeri
897 1497 1076 1552 curat,
1107 1503 1285 1559 eaque
1326 1487 1548 1559 publico
1589 1488 1835 1552 lavacro,
1873 1484 2026 1556 quod

441 1579 562 1648 ipse
585 1580 1135 1650 magniﬁcentissime
1173 1591 1585 1646 construxerat,
1626 1580 1793 1635 dicat.
1819 1577 2024 1633 Verum

440 1673 726 1728 enimvero
767 1676 1088 1745 quicunque
1137 1691 1206 1731 eo
1257 1676 1497 1730 lavatum
1549 1674 2022 1745 ingrediebantur,

441 1763 854 1832 quamprimum
913 1765 1120 1821 calidas
1172 1764 1486 1836 attigissent
1535 1778 1740 1834 aquas,
1791 1763 2024 1832 caligine

2126 565 2352 634 ἐτοιμον
2382 564 2429 617 δ’
2459 562 2626 618 αὐτὸν
2666 562 2989 632 ἐπικουρεῖν
3031 555 3196 625 εῖναι,
3233 559 3328 613 καὶ
3364 557 3455 611 τδν
3507 557 3707 627 [lapat-

2127 657 2222 712 κδν
2277 656 2445 726 φόϐον
2494 655 2839 725 περιαιρεῖν.
2922 652 3163 724 Νύκτωρ
3215 653 3262 706 δ’
3320 651 3706 714 ἐπιπεσόντες,

2138 749 2436 820 Ἀντιοχεῖς
2507 748 2767 818 ἀνῄρουν.
2844 747 2905 800 ὐ
2967 745 3024 801 δὲ
3077 744 3297 815 κρατῶν
3373 743 3537 806 εὐθὺς
3593 745 3710 807 τοῖς

2127 841 2374 911 Πέρσαις
2403 838 2655 901 ἐπέθετο,
2701 839 2800 892 καὶ
2855 839 3077 908 ἀναιρεῖ
3107 837 3199 890 τὸν
3240 836 3467 891 ἐκείνων
3499 837 3710 906 κατάρα

2127 949 2313 1003 χοντα.
2366 931 2616 1002 Ἐμφανῆ
2649 931 2708 984 δέ
2735 931 2857 985 κατ’
2881 931 3111 986 ἐκείνων
3141 930 3245 1002 τὴν
3291 931 3453 999 νίκην
3498 928 3712 1000 ἀράμει

2131 1042 2312 1095 μενος,
2347 1023 2406 1078 ὃν
2441 1024 2606 1088 αὐτὸς
2641 1024 2901 1078 ἐϐούλετο
2920 1025 3034 1087 τοῖς
3068 1024 3311 1094 Πέρσαις
3353 1022 3579 1093 βασιλέα
3605 1039 3712 1075 κα-

2128 1118 2312 1188 θίστη.
2343 1116 2726 1189 Τροπαιοῢχος
2753 1117 2799 1170 δ’
2827 1115 3122 1178 εἰσελάσας
3141 1115 3243 1188 τὴν
3275 1115 3453 1180 πόλιν,
3490 1114 3710 1177 πολλοίς

2127 1209 2918 1280 οίκοδομήμασικατεκόσμει.
2951 1209 3190 1272 Πολλοὺς
3219 1208 3276 1263 δέ
3299 1208 3411 1262 τῶν
3442 1209 3711 1277 Χριστια-

2128 1301 2237 1355 νῶν
2267 1301 2481 1373 ἀνῄρειο
2513 1302 2572 1354 ἐν
2602 1295 2687 1364 οἷς
2715 1303 2812 1355 καὶ
2844 1304 3010 1356 πέντε
3038 1301 3349 1372 παρθένους
3401 1301 3501 1371 τὴν
3528 1300 3714 1353 πίστιν

2127 1393 2342 1464 τρανῶς
2353 1395 2515 1464 διακη
2524 1393 2722 1465 ρυττού
2732 1411 2831 1458 σας
2853 1396 2988 1466 πυρὶ
3011 1393 3392 1466 παραδέδωκε.
3416 1393 3498 1446 Τὰ
3515 1392 3559 1445 δ’
3578 1391 3715 1444 ὀστᾶ

2129 1486 2344 1538 τούτων
2379 1484 2632 1556 σφοδρῶς
2681 1485 3065 1550 κατακαύσας,
3095 1485 3191 1539 καὶ
3224 1485 3326 1555 τὴν
3394 1487 3460 1539 ἐκ
3505 1482 3713 1538 τούτων

2131 1574 2358 1628 σποδιὰν
2393 1575 2474 1645 τῷ
2504 1574 2696 1647 χαλκῷ
2727 1575 3031 1646 συμμίξας,
3078 1576 3294 1646 τήγανά
3327 1591 3388 1628 τε
3431 1575 3531 1630 καὶ
3577 1573 3714 1628 ἄλλα

2131 1662 2305 1733 σκεύη
2350 1661 2430 1733 τῷ
2488 1663 2792 1733 συμμίκτῳ
2830 1663 3031 1734 ἐκείνῳ
3089 1663 3279 1735 χαλκῷ
3331 1663 3412 1734 τῷ
3468 1661 3714 1733 δημοσίῳ

2132 1754 2372 1808 ἀνετίθει
2399 1754 2633 1824 λουτρῷ,
2663 1754 2692 1808 δ
2729 1755 2892 1820 αὐτὸς
2939 1756 3387 1826 μεγαλοπρεπῶς
3421 1755 3710 1826 ᾠκοδόμει.

441 1854 606 1908 simul
640 1864 694 1908 et
723 1855 997 1928 vertigine
1031 1856 1298 1926 correpti,
1331 1873 1454 1912 cum
1491 1856 1704 1925 impetu
1737 1854 1865 1909 inde
1895 1867 2026 1924 pro-

2137 1848 2243 1902 Καὶ
2270 1847 2454 1900 τοίνυν
2508 1848 2740 1917 ὅσοιπερ
2794 1848 3052 1920 εἰσῄεσαν
3083 1848 3413 1921 λούσασθαι,
3475 1849 3592 1918 ἃμα
3628 1846 3707 1918 τῷ

439 1947 744 2003 currebant
787 1959 844 2003 et
882 1949 1272 2006 concidebant.
1323 1951 1503 2006 Causa
1551 1964 1686 2004 vero
1732 1951 1852 2018 ejus
1897 1945 2027 2000 mali

441 2037 686 2108 cognita,
727 2037 1001 2108 Trajanus
1032 2048 1091 2093 ut
1122 2040 1226 2094 alia
1257 2055 1322 2094 ex
1355 2055 1465 2094 aere
1499 2053 1638 2109 puro
1669 2053 1799 2093 vasa
1829 2036 2028 2091 balneo

442 2139 715 2200 parentur
750 2131 1019 2186 mandat:
1052 2131 1217 2202 256
1255 2131 1440 2202 priora
1476 2141 1662 2185 autem
1694 2131 1786 2185 illa
1825 2129 1882 2183 in
1913 2128 2030 2183 for-

442 2223 679 2279 nacibus
719 2223 983 2292 conﬂata,
1022 2225 1076 2278 in
1109 2225 1357 2294 quinque
1391 2223 1754 2278 transformat
1787 2230 2025 2284 statuas,

443 2329 650 2384 easque
695 2315 975 2385 virginum
1028 2315 1445 2371 combustarum
1499 2315 1675 2370 forma
1725 2320 1781 2369 et
1834 2312 2070 2366 habitu-

434 2422 552 2478 .pro
579 2407 1070 2464 balneo-collocat.

1007 2613 1234 2672 CAPUT
1276 2613 1470 2670 XXIV.

436 2703 524 2758 De
557 2706 777 2776 imperio
806 2703 944 2760 {Elii
978 2705 1226 2770 Adriani,
1273 2714 1322 2758 et
1353 2707 1419 2758 de
1449 2720 1695 2775 suprema
1721 2703 1815 2758 sub
1843 2719 1901 2757 eo
1930 2701 2029 2757 Ju-

908 2776 1147 2831 dworum
1194 2777 1571 2831 internecione.

508 2955 877 3029 Undeviginti
922 2959 1084 3015 annis
1141 2968 1201 3015 et
1265 2959 1553 3015 mensibus
1613 2973 1708 3013 sex
1764 2956 2034 3027 Traianus

449 3049 747 3119 imperium
793 3049 1225 3117 administravit,
1289 3058 1346 3106 et
1405 3051 1647 3104 moriens
1691 3049 1743 3104 id
1789 3049 2034 3103 Adriano

2129 1941 2238 1994 τῶν
2270 1940 2494 2012 θερμῶν
2559 1939 2772 1996 ὖδατων
2817 1941 3097 2011 ἅψασθαι,
3168 1941 3366 1995 σκότου
3424 1943 3518 1994 καὶ
3559 1940 3713 2012 δίνης

2135 2034 2366 2106 πλήρεις
2389 2033 2698 2104 γινόμενοι,
2733 2034 2980 2105 φοράδην
3023 2034 3287 2104 ἐξήγοντο
3337 2034 3716 2088 καταπίπτον-

2131 2143 2248 2191 τες.
2277 2128 2446 2190 Γνοὺς
2479 2126 2537 2181 δέ
2569 2127 2630 2180 τὸ
2679 2129 2856 2180 αἴτιον
2883 2127 2912 2180 ὀ
2943 2125 3234 2198 Τραϊανὸς,
3290 2127 3457 2195 ἕτερα
3486 2125 3562 2196 τῷ
3591 2127 3717 2179 λου-

2131 2219 2246 2291 τρῷ
2275 2219 2446 2288 σκεύη
2478 2218 2684 2288 χαλκοῦ
2736 2219 2975 2290 ἀμιγοῦς
3029 2220 3346 2291 ηὐτρέπιζε
3372 2235 3388 2251 ο
3451 2219 3524 2273 τὰ
3550 2218 3598 2274 δ’
3645 2219 3716 2276 αὖ

2134 2315 2385 2384 πρότερα
2416 2313 2622 2386 χωνείᾳ
2649 2315 2986 2385 παραδιδοὺς
3014 2317 3096 2380 είς
3133 2315 3341 2386 στήλας
3367 2315 3717 2386 διεμὸρφωσε

2132 2409 2323 2472 πέντε,
2374 2409 2469 2460 καὶ
2499 2408 2609 2478 πρὸ
2637 2409 2730 2461 τοῦ
2757 2409 3044 2478 βαλανείου
3075 2408 3271 2464 ἀνίστα
3295 2410 3376 2474 εἰς
3403 2409 3465 2462 τὺ
3488 2409 3598 2462 τῶν
3623 2409 3719 2462 ὑπ’

2133 2499 2301 2553 αὐτοῦ
2327 2499 2694 2570 κεκαυμένων
2728 2501 2917 2570 σχῆμα
2935 2502 3150 2557 τύπων.

2712 2615 2968 2671 ΚΕΦΑΛ.
2999 2617 3129 2672 KA'.

2134 2706 2277 2776 Περὶ
2303 2707 2414 2775 τῆς
2441 2705 2772 2772 βασιλείας
2798 2711 3015 2762 Αἰλίου
3059 2707 3374 2776 Ἀδριανοῦ
3394 2723 3408 2739 ⁸
3457 2710 3555 2763 καί
3586 2706 3718 2774 περί

2205 2778 2317 2845 τῆς
2353 2781 2479 2832 κατ’
2515 2779 2705 2831 αὑτὸν
2732 2779 3008 2847 ὑστάτης
3034 2778 3156 2834 τῶν
3197 2779 3498 2834 Ἰουδαίων
3525 2795 3720 2833 παι-ω-

2204 2851 2470 2918 λεθρίας.

2204 2961 2396 3018 Εἴκοσι
2453 2962 2500 3018 δ’
2530 2962 2618 3017 ἐπ’
2668 2963 2940 3028 ἐνιαυτοῖς
2977 2963 3169 3036 μηνῶν
3229 2963 3444 3021 δέουσιν
3500 2963 3560 3030 ἐξ
3620 2964 3719 3034 τὴν

2135 3059 2312 3129 ἀρχὴν
2374 3056 2740 3127 κατεσχηκὼς
2771 3059 2800 3112 ὁ
2834 3059 3128 3126 Τραϊανὸς,
3177 3058 3441 3130 Ἀδριανῷ
3492 3059 3570 3130 τῷ
3631 3057 3722 3110 ἐπ’

450 3144 658 3197 sororis
692 3158 804 3198 sua:
829 3143 906 3214 (Ι)
931 3144 1051 3197 viro
1077 3141 1324 3213 reliquit.
1353 3143 1579 3198 Publica
1606 3143 1653 3197 is
1679 3143 1866 3197 statim
1896 3141 2032 3196 civi-

2139 3152 2344 3220 ἁδελφῇ
2378 3149 2618 3222 γαμϐρῷ
2652 3151 2750 3218 τὴν
2795 3150 2970 3221 ἀρχὴν
3021 3151 3373 3205 καταλείπει.
3421 3153 3626 3220 ’Δνίησι
3674 3152 3720 3204 δ’

454 3236 662 3290 tatibus
686 3236 923 3290 remittit
945 3235 1152 3301 debita,
1176 3245 1233 3291 et
1262 3234 1548 3305 vectigalia
1575 3236 1743 3288 multa
1768 3233 2032 3288 Romanis

449 3327 639 3392 donat,
675 3329 818 3384 unde
844 3330 892 3385 ei
924 3329 978 3383 in
1002 3329 1140 3384 urbe
1169 3328 1342 3383 divini
1371 3327 1584 3383 decreti
1617 3335 1748 3382 sunt
1769 3327 2030 3382 honores.

448 3418 690 3473 Nicaeam
712 3428 778 3473 et
813 3419 1214 3485 Nicomediam,
1247 3433 1371 3488 qua
1405 3426 1558 3472 motu
1598 3427 1759 3472 terrae
1797 3415 2034 3470 multum

449 3510 768 3566 detrimenti
795 3519 1078 3580 ceperant,
1115 3513 1275 3565 ﬁrmo
1303 3509 1617 3565 circumdat
1643 3524 1826 3563 muro.
1859 3507 2034 3577 Leges

446 3618 672 3673 quoque
708 3603 775 3658 ad
803 3605 1064 3659 Draconis
1084 3613 1142 3659 et
1171 3603 1390 3659 Solonis
1411 3604 1838 3659 Atheniensium
1866 3603 2034 3672 legis-

446 3695 689 3749 latorum
741 3697 1110 3752 imitationem
1141 3699 1474 3767 promulgat.
1516 3697 1834 3751 Rebellasse
1867 3695 2034 3750 etiam

451 3789 558 3842 sub
593 3790 713 3857 ipso
753 3787 974 3843 Judazos
1018 3797 1074 3843 ct
1129 3789 1395 3859 templum
1439 3787 1841 3856 Hierosolymis
1871 3789 2039 3842 resti-

445 3887 611 3932 tuere
663 3878 901 3932 voluisse
965 3879 1178 3932 dicunt.
1240 3879 1361 3944 Qua
1430 3880 1500 3932 de
1549 3893 1711 3933 causa
1758 3877 2036 3932 Adrianus

447 3973 847 4042 quinquaginta
881 3980 936 4025 et
972 3980 1096 4026 octo
1127 3972 1406 4041 myriadas
1435 3986 1634 4025 eorum
1671 3985 1783 4024 uno
1816 3969 1907 4024 die
1946 3968 2032 4024 in-

444 4069 670 4123 terfecit
698 4069 798 4136 θ),
843 4077 901 4122 et
928 4083 1274 4137 quaecunque
1303 4083 1369 4122 ex
1403 4067 1638 4120 vetustis
1666 4065 1918 4120 aediﬁciis
1947 4081 2036 4120 re-

448 4165 598 4231 liqua
647 4162 831 4216 adhuc
877 4161 1130 4228 fuerant,
1183 4162 1357 4216 diruit
1407 4176 1674 4230 prorsus,
1718 4168 1775 4216 et
1811 4159 1930 4214 solo
1962 4160 2036 4215 ita

453 4257 695 4325 a’quavit
728 4257 827 4326 (3),
861 4265 918 4310 ut
950 4271 1018 4310 ne
1059 4255 1200 4326 lapis
1227 4257 1453 4327 quidem
1493 4270 1662 4325 super
1689 4255 1874 4323 lapide
1908 4269 2036 4324 per-

454 4360 730 4415 maneret,
760 4362 814 4404 ct
847 4350 1134 4404 oraculum
1168 4349 1500 4414 Servaloris,
1529 4348 1597 4402 ad
1629 4350 1837 4402 exitum
1871 4363 2033 4402 suum

444 4444 804 4514 perductum,
841 4443 1138 4498 verborum
1175 4443 1300 4512 ejus
1339 4443 1732 4516 certitudinpm
1763 4443 2036 4497 corrobo-

2144 3247 2307 3307 εύθὺς
2341 3244 2436 3306 τὰς
2470 3243 2741 3312 δημοσίας
2769 3243 2881 3297 τῶν
2911 3243 3122 3297 πόλεων
3151 3244 3382 3314 ὀφειλάς
3402 3283 3419 3310 ,
3456 3246 3550 3299 καὶ
3591 3245 3723 3298 πολ-

2143 3338 2267 3400 λοὺς
2291 3337 2348 3388 δὲ
2378 3337 2583 3406 φόρους
2621 3338 2738 3398 τοῖς
2781 3335 3086 3405 Ῥωμαίοις
3145 3338 3435 3410 χαρίζεται
3459 3351 3476 3369 ⁸
3533 3337 3656 3390 ὅθεν
3687 3339 3720 3408 ἡ

2145 3431 2300 3493 πόλις
2359 3429 2551 3491 θεῖκὰς
2603 3429 2853 3499 ἀφωσίου
2901 3429 3079 3500 τούτῳ
3126 3432 3317 3500 τιμάς.
3379 3431 3616 3484 Νίκαιαν
3665 3431 3723 3482 δὲ

2144 3525 2240 3576 καὶ
2288 3523 2666 3593 Νικομηδείαν
2723 3523 2938 3593 σεισμῷ
2987 3523 3296 3592 παθούσας,
3348 3524 3570 3594 ὀχυροῖς
3611 3523 3723 3574 τεί-

2143 3633 2299 3688 χεσιν
2335 3616 2510 3680 αὐτὰς
2563 3616 2906 3688 περιϐάλλει.
2959 3619 3072 3672 Καὶ
3123 3619 3324 3688 νόμους
3357 3618 3415 3672 δὲ
3471 3617 3722 3687 συντίθη-

2145 3726 2252 3774 σιν,
2278 3712 2342 3764 ἐκ
2373 3710 2482 3762 τῶν
2515 3708 2648 3780 παρ’
2685 3709 2946 3780 Ἀθήνῃσι
2980 3708 3291 3780 νομοθετῶν
3319 3710 3622 3780 Δράκοντός
3662 3727 3722 3764 τε

2144 3802 2239 3856 καὶ
2272 3802 2513 3865 Σόλωνος
2556 3801 2657 3865 τὰς
2707 3800 2966 3873 ἀφορμὰς
3017 3802 3293 3872 ἐσχηκώς.
3330 3802 3630 3857 Στασιάσαι
3675 3803 3719 3856 δ’

2143 3896 2236 3948 ἐπὶ
2265 3894 2460 3949 τούτου
2491 3893 2668 3948 καὶτὸ
2715 3895 2990 3949 Ἰουδαίων
3028 3895 3186 3958 αὖθίς
3222 3913 3377 3965 φασι.
3425 3897 3571 3968 Πρὸς
3598 3897 3723 3966 βου-

2145 3988 2243 4060 λῆς
2274 3989 2319 4042 δ’
2352 3984 2422 4060 ἦν
2456 3988 2692 4051 ἐκείνοις
2724 3989 2822 4042 καὶ
2877 3989 2973 4042 τὸν
3020 3991 3079 4044 ἐν
3137 3990 3538 4062 Ἱεροσολύμοις
3585 3991 3724 4046 νεὼν

2137 4085 2397 4156 ’ἀνιστᾷν.
2427 4083 2720 4153 Μυριάδας
2761 4083 2820 4135 δέ
2853 4083 3049 4138 τοῦτον
3082 4084 3229 4138 ὀκτὼ
3252 4087 3346 4139 καὶ
3383 4087 3725 4156 πεντήκοντά

2145 4192 2314 4244 φασιν
2353 4175 2448 4228 ἐπὶ
2479 4177 2611 4244 μιᾶς
2647 4174 2861 4244 ἡμέρας
2885 4174 3070 4229 αὐτῶν
3099 4175 3314 4229 ἀνελεῖν
3349 4177 3448 4246 τῆς
3469 4177 3725 4247 τοιαύτης

2146 4271 2310 4340 χάριν
2352 4270 2781 4339 ἐπιχειρήσεως·
2813 4269 2916 4322 ὃσα
2947 4285 3012 4338 γε
3055 4270 3165 4341 μὴν
3211 4272 3278 4341 τῇ
3333 4271 3488 4324 πόλει
3543 4287 3727 4341 περιε-

2145 4364 2341 4435 λείφθη
2403 4364 2508 4434 τῆς
2564 4365 2630 4417 ἐκ
2679 4363 2850 4418 πάλαι
2880 4364 3178 4435 οἰκοδομῆς
3227 4364 3462 4434 λείψανα
3495 4365 3725 4436 ἐρειπῶ-

2149 4475 2263 4521 σαι,
2293 4459 2388 4510 καλ⁵
2419 4457 3050 4525 παντάπασινάφανίσαι
3085 4474 3099 4489 ο
3134 4459 3220 4510 ἵνα
3249 4459 3389 4530 μηδὲ
3433 4459 3493 4512 τὸ
3547 4461 3724 4527 μεῖναι

453 4546 605 4590 raret
635 4553 649 4590 :
676 4537 1028 4604 civitatisque
1058 4537 1229 4589 totius
1259 4535 1540 4604 pommriis
1571 4535 1871 4605 plurimum
1903 4550 2032 4591 cou-

2145 4550 2294 4603 λίθον
2325 4549 2421 4602 ἐπὶ⁸
2450 4550 2608 4621 λίθῳ,
2655 4549 2840 4617 λόγιον
2871 4548 2966 4602 τοῦ
2999 4551 3255 4623 Σωτῆρος
3291 4553 3373 4616 είς
3411 4555 3585 4620 πέρας
3639 4553 3725 4604 ἐλ-

453 4629 647 4682 tractis
670 4667 683 4690 ,
718 4627 901 4682 denuo
932 4643 1054 4682 eam
1085 4643 1190 4682 suo
1233 4629 1337 4683 sub
1369 4629 1596 4682 nomine
1642 4628 1930 4693 excitavit,
1983 4637 2042 4682 et

454 4703 828 4790 appellatiOne
855 4736 954 4774 sua
985 4719 1034 4774 ei
1066 4719 1342 4788 imposita,
1375 4719 1573 4774 [Elian]
1605 4719 1843 4782 vocavit,
1874 4729 2040 4788 atque

453 4813 509 4866 in
546 4812 665 4881 ipso
696 4811 886 4879 templi
919 4811 1084 4881 adyto
1112 4820 1350 4865 statuam
1383 4811 1500 4880 ipse
1532 4826 1688 4866 suam
1723 4811 2038 4866 collocavit.

454 4907 628 4970 Quam
675 4905 720 4958 si
762 4905 886 4973 quis
929 4919 1043 4957 non
1086 4905 1272 4973 inepte
1313 4903 1784 4958 abominationem
1828 4903 2041 4957 desola-

443 4998 625 5052 tiouis
675 4998 947 5060 nominet,
999 4997 1056 5051 in
1101 4997 1224 5052 loco
1269 5005 1484 5063 sancto,
1525 4998 1683 5067 juxta
1730 4996 2042 5051 Servatoris

454 5091 698 5157 dictum,
735 5099 970 5145 stantem
994 5133 1008 5158 ,
1043 5091 1270 5145 minime
1310 5091 1358 5145 is
1397 5091 1612 5160 judicio
1655 5106 1779 5145 meo
1810 5089 2037 5144 errarit.

459 5184 604 5238 Solis
635 5193 821 5238 autem
867 5183 1076 5238 Graecis
1126 5183 1471 5238 incolendam
1511 5198 1631 5237 eam
1678 5183 1853 5237 dedit.
1890 5182 2040 5236 [dem

455 5279 734 5332 Adrianus
771 5277 1037 5347 templum
1083 5277 1250 5331 etiam
1295 5275 1478 5347 Cyzici
1516 5275 1821 5340 exstruxit,
1868 5276 2043 5329 maxi-

458 5385 609 5423 mum
641 5379 698 5424 et
727 5369 1178 5433 celeberrimum,
1230 5378 1285 5423 et
1326 5370 1456 5422 item
1493 5368 1686 5423 urbem
1733 5382 1878 5431 eam,
1917 5381 2041 5437 quae

455 5463 622 5519 hodie
656 5478 882 5533 quoque
922 5478 1123 5518 nomen
1162 5464 1286 5533 ejus
1323 5462 1560 5526 obtinet,
1597 5460 2038 5530 Adrianopolim.

454 5557 587 5623 Quae
612 5571 743 5609 vero
765 5564 821 5610 et
844 5556 1064 5610 Ariston
1085 5555 1319 5610 Pellaeus
1340 5554 1408 5609 de
1427 5564 1705 5624 postrema
1727 5553 2040 5608 Judaeorum

527 5692 604 5761 (Ι)
639 5692 830 5762 Neptis
861 5708 927 5747 ex
963 5707 1155 5748 sorore
1188 5707 1307 5748 sua.
1349 5692 1562 5762 (Diom)

642 5759 756 5818 Hoc
794 5773 914 5828 cst,
969 5763 1268 5834 quinquies
1327 5759 1562 5819 centena
1613 5769 1674 5819 et
1721 5759 2042 5831 octuaginta

515 5848 529 5886 ι
581 5849 650 5886 ta.
983 5868 988 5874 ο

457 5847 650 5887 millia.
983 5868 988 5874 υ

2145 4644 2573 4711 θὸν,πάσφαλὲς
2603 4642 2712 4696 τῶν
2743 4641 2919 4712 λόγων
2950 4643 3415 4716 ἐξακριϐώσαιτο.
3450 4647 3544 4709 Εἰς
3577 4643 3724 4698 ἆπαν

2145 4731 2202 4785 δέ
2232 4732 2330 4802 τὴν
2362 4731 2521 4786 πόλιν
2548 4731 2905 4802 ἀπομειώσας
2941 4733 3038 4785 ἐπὶ
3087 4732 3165 4802 τῷ
3201 4737 3449 4805 σφετέρῳ
3501 4734 3722 4804 ὀνόματι

2151 4823 2364 4892 ταύτην
2420 4823 2654 4894 ἐγείρει,
2705 4825 2803 4877 καὶ
2855 4825 2955 4892 τὴν
2988 4825 3366 4896 προσηγορίαν
3413 4828 3549 4897 αὐτῇ
3579 4827 3722 4888 δοὺς,

2148 4916 2340 4969 Αἰλίαν
2373 4915 2683 4986 ὠνόμασεν.
2727 4916 2819 4970 Ἐν
2841 4916 2992 4987 αὐτῷ
3018 4917 3076 4970 δὲ
3106 4917 3184 4988 τῷ
3243 4920 3425 4990 ἀδύτῳ
3455 4919 3545 4974 τοῦ
3578 4918 3723 4989 ἱεροῦ

2143 5009 2244 5061 καὶ
2272 5009 2334 5061 τὸ
2358 5008 2560 5061 ἑαυτοῦ
2601 5007 2891 5075 ἀνίδρυσεν
2925 5008 3152 5064 εἴδωλον
3173 5023 3189 5038 ⁸
3219 5009 3249 5062 ὃ
3313 5009 3382 5064 ἄν
3411 5027 3496 5073 τις
3552 5025 3724 5079 προσ-

2145 5101 2329 5170 φόρως
2385 5101 2668 5170 βδέλυγμα
2708 5100 3052 5172 ἐρημώσεως
3101 5101 3416 5173 προσειπὼν
3470 5105 3530 5156 ἐν
3573 5101 3725 5173 τόπῳ

2145 5190 2288 5260 ἁγίῳ
2321 5189 2521 5255 ἐστὼς,
2556 5188 2703 5244 κατὰ
2738 5190 2837 5261 τὴν
2862 5190 2959 5245 τοῦ
2983 5191 3238 5263 Σωτῆρος
3264 5195 3473 5263 φωνὴν,
3524 5193 3623 5256 οὐκ
3655 5193 3723 5246 ἂν

2143 5277 2304 5351 οἶμαι
2345 5282 2607 5353 ἁμάρτοι.
2638 5283 2950 5354 Ἕλλησιδέ
2985 5286 3171 5354 μόνοις
3200 5285 3301 5358 τὴν
3334 5287 3492 5340 πόλιν
3523 5286 3720 5350 ἐδίδου,

2147 5376 2238 5427 καὶ
2264 5377 2542 5428 κατοικεῖν
2571 5377 2902 5446 ἐπέτρεπεν.
2935 5373 3107 5440 Οὗτος
3139 5378 3197 5431 δὲ
3230 5380 3258 5431 ὁ
3294 5380 3576 5450 ’Δδριανδς
3627 5380 3725 5432 καὶ

2085 5516 2102 5521 -
2145 5467 2237 5519 τὸν
2274 5467 2332 5520 ἐν
2358 5464 2586 5536 Κυζίκῳ
2611 5465 2750 5520 νεὼν
2791 5469 3014 5539 ἁνιστᾷ,
3048 5468 3308 5539 μέγιστόν
3339 5488 3463 5524 τινα
3493 5472 3728 5528 statuta-

2147 5560 2552 5628 ριφανέστατον
2572 5576 2587 5593 ⁸
2631 5562 2724 5614 καὶ
2751 5562 2945 5645 τὴνῒές
2969 5561 3132 5635 δεῦρο
3161 5563 3226 5616 τὸ
3245 5561 3411 5617 αὑτοῦ
3442 5564 3725 5636 κτησαμέ-

2219 5693 2296 5763 (5)
2337 5693 2739 5770 {ul.__Se_v'erus
2769 5695 2823 5770 in
2853 5695 3097 5770 Judaeam
3128 5699 3333 5770 missus
3359 5699 3432 5755 ab
3460 5697 3722 5762 Adriano,

2146 5779 2304 5843 arces
2335 5764 2712 5843 50Adiruit,_et
2755 5768 2911 5823 vicos
2938 5767 3222 5843 989_ferro
3243 5779 3299 5827 et
3331 5772 3444 5843 igni
3472 5771 3723 5827 vastavit.

2149 5835 2356 5907 (Diou.,
2395 5835 2554 5893 Oros.
2587 5837 2686 5893 lib.
2716 5852 2808 5907 vn,
2840 5854 2962 5911 cap.
3003 5839 3115 5910 l5.)
