4046 6422
319 442 426 504 945

1252 441 1866 502 ECCLESIASTICJE
1910 443 2306 503 HISTORl/E
2350 443 2490 502 LIB.
2537 442 2652 502 ill.

3486 440 3593 502 946

324 576 426 628 νην
457 554 616 609 πόλιν
648 552 822 622 ὄνομα
861 551 960 623 τὴν
1019 550 1490 622 Ἀδριανούπολιν.
1543 547 1645 606 Οἷα
1695 553 1753 606 δὲ
1807 555 1902 606 καὶ

2009 554 2300 609 obsidione
2332 554 2533 608 litteris
2564 551 2895 622 prodiderit,
2932 552 3290 607 commodum
3329 553 3492 609 fuerit
3525 573 3590 610 ex

334 648 607 719 .Apictwv
637 646 664 698 ὁ
719 642 982 705 Πελλαῖος
1024 639 1182 706 αὖθις
1227 646 1357 710 περὶ
1389 646 1489 714 τῆς
1523 644 1764 714 ὑστάτης
1799 661 1900 697 πο-

319 738 572 812 λιορκίας
607 735 789 790 αὐτῶν
826 735 1053 805 ἱστορεῖ,
1081 734 1250 790 καλὸν
1279 735 1471 796 αὐταῖς
1512 734 1726 799 λέξεσιν
1767 736 1904 786 ἐπα-

325 834 546 890 κοῦσαι.
587 848 606 883 t
644 830 754 883 Καὶ
801 829 942 895 δῆτα
985 827 1086 896 τῆς
1123 828 1397 882 Ἰουδαίων
1434 829 1772 890 ἁποστασίας
1807 827 1904 880 αῦ-

325 926 410 986 θις
433 925 510 986 είς
541 921 682 991 μέγα
705 921 802 974 καὶ
834 917 970 970 πολὺ
1001 918 1400 988 προελθούσης,
1457 915 1684 984 Ῥοῦφος
1732 916 1904 985 ἔπαρ-

325 1033 418 1087 χος
451 1014 528 1068 ὣν
556 1013 657 1080 τῆς
677 1010 958 1073 Ἰουδαίας,
991 1011 1394 1078 στρατιωτικῆς
1415 1007 1564 1078 αῦτῷ
1584 1009 1905 1079 συμμαχίας

323 1107 430 1159 ὑπὸ
461 1101 733 1172 βασιλέως
770 1097 1148 1169 πεμφθείσης,
1195 1100 1316 1161 ταῖς
1377 1097 1666 1158 ἀπονοίαις
1721 1094 1904 1148 αὐτῶν

321 1197 632 1269 χρώμενος,
670 1192 922 1263 σφοδρῶς
954 1189 1203 1262 ἐπεξῄει,
1234 1190 1506 1260 μυριάδας
1545 1188 1760 1258 ἀθρόως
1810 1188 1904 1240 ἀν-

321 1291 466 1361 δρῶν
493 1289 635 1360 ὁμοῦ
676 1289 772 1341 καὶ
823 1283 1107 1354 γυναικῶν
1137 1283 1234 1336 καὶ
1293 1282 1501 1336 παίδων
1544 1281 1902 1351 διαφθείρων,

324 1383 565 1453 πολέμου
599 1396 660 1432 τε
695 1377 847 1448 νόμῳ
882 1377 981 1438 τὰς
1029 1373 1215 1447 χώρας
1249 1375 1430 1428 αὐτῶν
1459 1371 1906 1442 ἐξανδραποδιζό-

326 1489 512 1544 μενος.
546 1472 918 1540 Ἐστρατήγει
950 1467 1009 1520 δὲ
1056 1466 1174 1519 τότε
1207 1464 1484 1518 Ἰουδαίων
1514 1463 1902 1536 Βαρχωχέϐας,

321 1567 348 1621 ὃ
383 1567 448 1637 δὴ
477 1564 707 1631 ἀστέρα
727 1563 898 1634 δηλοῖ,
931 1561 1000 1615 τὰ
1035 1560 1132 1628 μὲν
1152 1560 1289 1614 ἄλλα
1317 1559 1536 1628 φονικὸς
1558 1560 1653 1611 καὶ
1679 1559 1904 1628 λῃστρι-

321 1663 415 1725 κός
443 1679 527 1723 τις
559 1660 741 1729 ἀνήρ·
792 1658 886 1709 ἐπὶ
947 1656 1004 1710 δὲ
1040 1657 1109 1727 τῇ
1143 1654 1487 1726 προσηγορίᾳ
1532 1647 1621 1706 οἷα
1668 1651 1756 1705 ἐπ’
1811 1653 1905 1704 ἀν-

319 1753 604 1823 δραπόδων
641 1751 723 1814 ὡς’
741 1749 806 1820 δὴ
833 1748 892 1814 ἔξ
924 1749 1157 1818 ούρανοῦ
1193 1749 1421 1819 φωστὴρ
1461 1746 1646 1809 αὐτοῖς
1671 1745 1904 1816 κατελη-

317 1846 520 1910 λυθὼς,
555 1843 924 1913 κακουμένοις
975 1859 1036 1894 τε
1064 1841 1376 1911 ἐπιλάμψαι
1441 1844 1900 1911 τερατευόμενος.

2009 647 2197 701 verbis
2236 647 2358 716 ejus
2394 661 2770 716 cognoscere:
2811 665 2828 696 ι
2866 645 3046 700 Porro
3088 647 3389 702 rebellione
3424 657 3593 717 atque

2007 736 2321 792 defectione
2369 734 2690 791 Judteorum
2737 737 2958 807 longius
3005 753 3224 792 rursum
3277 753 3590 808 progressa,

2009 829 2189 884 Rufus
2230 829 2433 885 Iudaeae
2460 829 2787 899 praefectus,
2838 831 3082 900 acceptis
3132 831 3201 885 ab
3252 830 3591 900 imperatore

2007 921 2342 975 militaribus
2377 921 2554 990 c0piis
2580 961 2594 986 ,
2649 930 2705 975 et
2739 925 2996 977 vecordia
3038 939 3254 985 eorum,
3292 940 3391 994 pro
3428 940 3592 978 occa-

2008 1015 2164 1070 sione
2210 1014 2354 1070 bene
2404 1016 2657 1085 gerendae
2704 1017 2816 1082 rei,
2865 1017 3104 1071 subinde
3153 1033 3319 1083 usus,
3374 1018 3591 1072 infestis

2008 1113 2203 1158 contra
2234 1120 2331 1160 eos
2364 1104 2536 1175 signis
2563 1116 2646 1159 est
2695 1121 3043 1176 progressus,
3079 1107 3240 1178 257
3266 1119 3320 1162 et
3349 1109 3585 1178 plurima

2009 1197 2213 1265 passim
2261 1197 2432 1250 millia
2470 1197 2718 1251 virorum
2751 1199 2914 1252 simul
2949 1207 3004 1252 et
3036 1199 3388 1262 feminarum,
3424 1215 3591 1268 atque

2007 1289 2177 1343 etiam
2210 1304 2512 1359 puerorum
2544 1290 2810 1354 concidit,
2841 1290 3228 1361 belliquejure
3250 1294 3368 1347 loca
3395 1309 3589 1346 eorum

2008 1380 2224 1450 direpta
2250 1382 2304 1434 in
2333 1390 2656 1451 potestatem
2692 1398 2846 1436 suam
2871 1385 3103 1452 redegit.
3131 1384 3247 1438 Dux
3270 1386 3589 1440 Judzcorum

2010 1480 2124 1527 tum
2158 1473 2588 1528 Barchochebas
2617 1473 2693 1543 (ί)
2738 1483 2888 1538 erat,
2940 1477 3087 1545 quod
3131 1492 3335 1531 nomen
3380 1477 3592 1531 stellam

2007 1565 2319 1635 signiﬁcat:
2369 1577 2569 1633 caetera
2611 1567 2698 1620 vir
2736 1568 3127 1636 sanguinarius
3176 1579 3226 1622 et
3276 1571 3592 1639 prmdnlor:

2006 1677 2074 1716 ex
2100 1661 2325 1715 nomine
2353 1670 2538 1715 autem
2571 1674 2672 1714 suo
2697 1660 2934 1729 perditis
2963 1661 3254 1730 mancipiis
3279 1663 3590 1732 prodigiose

2007 1761 2382 1824 persuaserat,
2409 1753 2634 1808 caelitus
2663 1768 2720 1807 se
2749 1753 2930 1807 lucem
2963 1754 3264 1807 demissum
3292 1770 3438 1816 esse,
3473 1771 3592 1822 qua:

2008 1845 2238 1902 afﬂictos
2269 1855 2433 1916 atque
2457 1860 2757 1915 oppressos
2793 1845 3117 1901 illustraret.
3145 1848 3319 1912 Quam
3355 1849 3591 1901 maxime

332 1903 713 2003 Ἀκμάσαντος
738 1903 800 1983 δὲ
833 1930 928 1984 τοῦ
969 1929 1214 1997 πολέμου
1235 1903 1419 1990 ’ἔτους
1446 1903 1638 1996 ὀγδόου
1673 1903 1766 1982 καὶ
1812 1929 1903 1981 δε-

2008 1949 2192 1994 autem
2257 1939 2402 1994 bello
2463 1925 2794 2010 ﬂagrante,
2836 1938 3058 1993 decimo
3121 1948 3316 1994 octavo
3374 1941 3591 2009 imperii

323 2027 498 2080 κάτου
547 2025 652 2095 τῆς
704 2025 1002 2093 ἡγεμονίας
1079 2021 1381 2092 Ἀδριανοῦ,
1440 2024 1582 2075 κατὰ
1658 2021 1902 2090 Βιθθηρὰ

323 2120 508 2188 πόλιν,
548 2119 670 2188 ἥτις
705 2111 772 2188 ἦν
809 2115 1156 2186 ὀχυρωτάτη,
1218 2115 1327 2168 τῶν
1377 2113 1782 2185 Ἱεροσολύμων
1839 2113 1899 2166 οὐ

327 2213 537 2284 σφόδρα
570 2212 761 2280 πόρρω
787 2208 1084 2272 διεστῶσα,
1117 2210 1216 2278 τῆς
1247 2225 1304 2260 τε
1346 2206 1552 2271 ἔξωθεν
1584 2205 1902 2276 πολιορκίας

323 2304 544 2374 χρονίου
579 2303 902 2371 γενομένης,
946 2298 1094 2370 λιμῷ
1136 2317 1195 2352 τε
1227 2299 1324 2354 καὶ
1357 2299 1500 2368 δίψει
1562 2299 1671 2352 τῶν
1707 2314 1903 2350 νεωτεο

324 2395 566 2467 portetth
625 2395 705 2457 είς
755 2393 986 2464 ἔσχατον
1035 2391 1262 2463 ὀλέθρου
1313 2391 1772 2460 περιελαθέντων,
1809 2390 1905 2442 καὶ

322 2489 416 2542 τοῦ
445 2489 542 2558 τῆς
573 2487 838 2551 ἀπονοίας
881 2486 1066 2548 αὐτοῖς
1103 2485 1280 2539 αίτίου
1326 2483 1426 2553 τὴν
1460 2482 1618 2546 ἀξίαν
1656 2482 1904 2535 ἐκτίσαν-

324 2598 518 2644 σαντος
545 2579 729 2650 δίκην,
755 2580 814 2632 τὸ
845 2580 955 2632 πᾶν
983 2577 1138 2641 ἔθνος
1171 2575 1233 2642 ὲξ
1269 2576 1482 2630 ἐκείνου
1515 2578 1608 2628 καὶ
1642 2576 1741 2643 τῆς
1775 2571 1904 2643 περὶ

323 2675 392 2726 τὰ
427 2672 788 2744 Ἱεροσόλυμα
843 2672 945 2741 γῆς
995 2673 1234 2741 πάμπαν
1282 2669 1592 2723 ἐπιϐαίνειν
1655 2669 1902 2738 εἴργεται

323 2766 491 2834 νόμου
549 2765 783 2834 δόγματι
847 2765 943 2819 καὶ
1013 2763 1326 2828 διατάξεσιν
1369 2760 1680 2833 Ἀδριανοῦ,
1709 2761 1783 2824 ὡς
1836 2761 1902 2813 ἂν

329 2859 466 2928 μηδὲ
493 2858 552 2922 ἐξ
577 2858 826 2912 ἀπόπτου
856 2859 1114 2929 θεωροῖεν
1155 2858 1218 2910 τὸ
1264 2856 1522 2928 πατρῷον
1562 2856 1758 2922 ἔδαφος
1812 2855 1903 2922 ἐγ-

325 2951 756 3021 κελευσαμένου.
809 2969 828 3003 ι
864 2950 1021 3020 Οὕτω
1053 2950 1109 3002 δὲ
1143 2951 1244 3021 τῆς
1289 2951 1502 3013 πόλεως
1538 2951 1618 3012 εἰς
1660 2948 1900 3018 παντελῆ

326 3044 535 3116 φθορὰν
567 3043 662 3098 τοῦ
702 3043 976 3097 Ἰουδαίων
1003 3029 1195 3106 ἔθνους
1233 3044 1345 3096 τῶν
1394 3043 1566 3097 πάλαι
1598 3042 1903 3112 οἰκητόρων

323 3137 614 3205 ἐλθούσης,
647 3135 708 3200 ἐξ
749 3135 1052 3204 ἀλλοφύλου
1082 3153 1143 3188 τε
1178 3136 1372 3204 γένους
1439 3134 1900 3202 συνοικισθείσης,

2006 2030 2236 2085 Adriani
2270 2045 2452 2095 anno,
2499 2030 2567 2085 ad
2610 2030 2917 2084 Bittheram
2955 2031 3240 2086 civitatem
3279 2034 3590 2087 munitissi-

2009 2139 2189 2189 mam,
2236 2106 2342 2178 nec
2386 2124 2461 2178 ita
2509 2123 2673 2193 longe
2705 2138 2733 2176 a
2778 2123 3180 2196 Hierosolymis
3223 2125 3418 2190 sitam,
3463 2141 3589 2179 cum

2007 2215 2332 2270 diuturnior
2366 2214 2586 2270 obsidio
2625 2215 2900 2281 instituta,
2937 2218 3284 2288 rebellesque
3315 2229 3370 2270 et
3402 2234 3591 2272 rerum

2008 2325 2279 2365 novarum
2324 2309 2560 2364 studiosi
2617 2309 2762 2365 fame
2795 2325 2860 2365 ac
2889 2311 2982 2365 siti
3008 2311 3074 2366 ad
3119 2321 3427 2367 extremum
3471 2313 3592 2367 exi-

2011 2403 2144 2458 tium
2196 2403 2408 2458 rcdacti
2461 2411 2684 2467 essent,
2727 2414 2786 2458 et
2827 2408 2921 2475 qui
2976 2405 3059 2460 eis
3107 2414 3271 2459 tanta:
3320 2407 3592 2461 vecordia

2007 2505 2202 2551 auctor
2235 2497 2430 2551 fuisset
2451 2535 2466 2562 ,
2521 2497 2714 2567 dignas
2741 2512 2840 2566 per
2870 2498 3168 2552 vindictam
3200 2499 3442 2553 dedisset
3476 2515 3592 2568 pa:-

2007 2602 2128 2651 nas,
2164 2603 2298 2657 gens
2333 2596 2447 2642 tota
2481 2602 2547 2641 ex
2583 2602 2650 2642 eo
2701 2597 2950 2657 tempore
2992 2589 3229 2643 vicinam
3263 2589 3316 2642 in
3351 2591 3589 2644 circuitu

2009 2675 2406 2748 Hierosolymis
2439 2677 2720 2748 regionem
2754 2694 2983 2747 prorsus
3013 2679 3282 2748 attingere
3311 2681 3588 2750 prohibita

2005 2765 2112 2833 est,
2157 2770 2326 2840 idque
2369 2771 2449 2826 sic
2491 2772 2893 2826 constitutione
2935 2784 2992 2828 et
3041 2774 3326 2829 sanctione
3358 2775 3586 2828 Adriani

2005 2860 2214 2916 factum
2245 2877 2260 2914 :
2289 2861 2386 2930 qui
2415 2860 2521 2916 hoc
2552 2862 2632 2916 sic
2658 2862 2848 2932 jussit,
2879 2873 2938 2916 ut
2967 2863 3044 2917 illi
3079 2879 3149 2917 ne
3179 2865 3427 2934 aspicere
3458 2866 3587 2935 qui-

2008 2953 2134 3007 dem
2165 2968 2233 3007 ει
2259 2953 2384 3009 loco
2415 2953 2678 3024 qquiam
2712 2954 2948 3009 editiore
2979 2955 3222 3024 patrium
3247 2958 3425 3011 solum
3459 2975 3589 3026 pos-

2008 3053 2155 3100 sent.
2195 3064 2213 3097 ›
2241 3045 2322 3099 Ad
2356 3045 2504 3100 hunc
2533 3047 2754 3101 modum
2786 3048 2917 3100 tirhs
2944 3047 3457 3119 Hierosolymorum
3490 3049 3588 3104 Ju-

2007 3137 2228 3192 daicum
2265 3139 2552 3208 populum.
2587 3138 3012 3208 antiquissimos
3049 3155 3180 3194 suos
3213 3140 3462 3206 colonos,
3506 3143 3590 3195 in-

323 3232 356 3300 ἡ
392 3228 694 3301 μετέπειτα
739 3229 991 3281 συστᾶσα
1055 3227 1343 3300 Ῥωμαῖκὴ
1369 3228 1526 3290 πόλις
1575 3228 1654 3292 είς
1679 3227 1777 3297 τὴν
1807 3226 1904 3278 τοῦ

2008 3231 2327 3286 ternecione
2378 3247 2594 3286 summa
2648 3229 2868 3295 amisit,
2912 3240 2968 3284 et
3009 3239 3195 3300 postea
3245 3233 3315 3287 ab
3362 3235 3589 3288 advenis

324 3319 654 3389 κρατοῦντος
703 3318 888 3372 Αίλίου
945 3317 1228 3386 Ἀδριανοῦ
1274 3319 1444 3389 τιμὴν
1494 3317 1653 3371 Αίλία
1692 3332 1899 3386 προσα·

322 3412 642 3483 γορεύεται.
672 3409 778 3464 Καὶ
807 3410 952 3465 οὕτω
983 3411 1083 3480 μὲν
1123 3411 1372 3465 Ἰουδαῖοι
1423 3411 1516 3464 καὶ
1565 3411 1658 3463 ἐπὶ
1708 3408 1901 3462 τούτου

325 3506 427 3575 τὴν
451 3498 694 3574 ἐσχάτην
717 3503 817 3574 τῆς
845 3503 991 3556 κατὰ
1021 3501 1262 3571 Χριστοῦ
1298 3504 1500 3572 μανίας
1526 3501 1798 3555 ἀπέτισαν
1821 3500 1901 3554 δί-

327 3614 431 3667 κην
453 3612 468 3626 ο
501 3597 665 3667 ἡμεῖς
691 3595 747 3649 δὲ
781 3595 878 3650 καὶ
905 3596 1001 3650 ἐπὶ
1023 3597 1123 3668 τὴν
1154 3595 1408 3667 διαδοχὴν
1431 3597 1542 3650 τῶν
1570 3595 1730 3650 θείων
1744 3593 1903 3657 αὖθις

329 3687 537 3760 ἀνδρῶν
564 3689 928 3761 χωρήσωμεν.

891 3981 1146 4036 ΚΕΦΔΑ.
1179 3981 1309 4035 κεν.

331 4091 502 4155 Τίνες
524 4087 677 4145 κατὰ
709 4089 964 4154 τούτους
990 4087 1135 4152 τοὺς
1164 4089 1424 4210 ἒρόνους
1458 4085 1577 4140 τῶν
1625 4086 1905 4155 μεγάλων

399 4159 724 4210 παυοικιῶν
765 4157 839 4210 τῆ
875 4157 1139 4210 ἱερατικῆ
1212 4157 1498 4210 ιέποεπον
1535 4159 1902 4210 λειτουργία.

399 4159 724 4228 παροικιῶν
765 4157 839 4227 τῇ
875 4157 1139 4228 ἱερατικῇ
1171 4157 1498 4226 διέπρεπον
1535 4159 1902 4227 λειτουργίᾳ.

402 4275 704 4344 Δωδεκάτῳ
732 4274 846 4327 ἔτει
893 4273 993 4343 τῆς
1037 4271 1316 4343 Τραϊανοῦ
1371 4271 1650 4342 βασιλείας
1694 4273 1904 4343 Εὐαρέ-

330 4385 459 4421 στου
491 4367 680 4435 δγδοον
710 4366 830 4428 ἔτος
884 4367 978 4418 ἐπὶ
1014 4365 1240 4436 Ῥώμης
1275 4364 1715 4436 ίερατεύσαντος,
1752 4367 1908 4418 Ἀλέ-

329 4460 558 4542 ξανδρος
589 4461 852 4528 πέμπτην
885 4457 994 4510 ἀπὸ
1031 4456 1248 4510 Παύλου
1281 4458 1378 4511 καὶ
1407 4459 1621 4528 Πέτρου
1645 4459 1905 4526 κατάγων

2009 3320 2157 3374 eulta
2192 3329 2358 3388 atque
2394 3319 2700 3374 inhabitata
2723 3358 2740 3382 ,
2788 3327 2849 3372 ut
2891 3319 3138 3372 Romana
3172 3319 3334 3387 plane
3368 3321 3585 3385 civitas,

2007 3415 2064 3469 in
2112 3416 2466 3485 imperatoris
2512 3413 2644 3469 IElii
2697 3413 2926 3468 Adriani
2982 3412 3251 3467 honorem
3302 3411 3448 3464 Elia
3505 3420 3590 3465 est

2006 3507 2302 3582 appellata.
2345 3507 2423 3561 Ac
2470 3507 2552 3562 sic
2596 3506 2819 3576 quidem
2869 3505 3035 3560 etiam
3089 3504 3194 3558 sub
3250 3504 3356 3560 hoc
3411 3503 3586 3559 Judaei

2004 3609 2318 3655 extremum
2370 3607 2561 3653 contra
2605 3597 2890 3652 Christum
2945 3612 3045 3666 per
3095 3597 3339 3651 furorem
3395 3612 3590 3666 perpe-

2007 3690 2135 3746 trati
2171 3690 2376 3760 piaculi
2413 3690 2568 3744 luere
2596 3689 2955 3759 supplicium.
2991 3688 3102 3744 Nos
3135 3699 3319 3744 autem
3361 3706 3584 3743 rursum

2004 3783 2072 3837 ad
2150 3783 2468 3838 divinorum
2543 3781 2792 3838 virorum
2884 3782 3290 3838 dcscendamus
3367 3799 3589 3838 succes-

2005 3891 2245 3931 sronem.

2571 3990 2800 4050 CAPUT
2843 3993 3011 4050 XXV.

2009 4102 2114 4169 Qui
2145 4118 2208 4156 ea
2257 4113 2412 4161 (etate
2459 4108 2707 4160 maximis
2733 4106 3018 4176 quibusque
3048 4104 3274 4160 ecclesiis
3303 4105 3587 4177 episcopali

2474 4178 2763 4232 ministerio
2801 4177 3131 4248 pra‘fuerint.

2079 4294 2420 4350 Duodecimo
2452 4292 2776 4362 imperantis
2807 4291 3029 4360 Traiani
3067 4305 3211 4343 anno
3233 4329 3249 4352 ,
3287 4304 3413 4344 cum
3450 4291 3587 4344 Eva-

2007 4397 2192 4443 restus
2236 4385 2620 4454 pontiﬁcatum
2671 4383 2858 4438 Romae
2903 4392 3030 4436 octo
3081 4397 3258 4434 annos
3305 4383 3586 4450 gessisset,

2008 4479 2322 4533 Alexander
2380 4477 2612 4545 quintus
2661 4489 2692 4528 a
2751 4474 2922 4528 Paulo
2977 4484 3034 4526 et
3087 4471 3256 4526 Petro
3299 4487 3590 4527 successor

327 4552 606 4622 διαδοχὴν,
639 4551 732 4605 τὸν
753 4550 945 4620 θρόνον
1002 4548 1298 4620 λαμϐάνει.
1339 4549 1524 4621 Τρίτῳ
1571 4551 1617 4605 δ’
1656 4552 1770 4604 ἔτει
1802 4553 1903 4622 τῆς

2008 4571 2302 4626 ecclesiam
2344 4569 2643 4640 regendam
2689 4567 2955 4635 suscepit.
2999 4564 3103 4630 Qui
3151 4566 3315 4620 tertio
3363 4567 3589 4620 Adriani

325 4647 507 4716 ἀρχῆς
538 4647 726 4700 Αἰλίου
770 4643 1060 4714 Ἀδριανοῦ
1101 4644 1329 4697 δέκατον
1378 4643 1500 4705 ἔτος
1532 4645 1905 4716 ἐκπληρώσας

343 4737 720 4808 Ἀλέξανδρος,
803 4737 996 4808 Ξύστῳ
1055 4737 1264 4806 ταύτης
1312 4735 1615 4816 ἐξίσταται.
1687 4738 1804 4807 Τῆς
1862 4739 1908 4792 δ’

331 4830 637 4900 ἡγεμονίας
681 4829 966 4899 Ἀδριανοῦ
1005 4829 1314 4884 δωδέκατον
1349 4826 1584 4901 ἐχούσης
1631 4831 1773 4895 ἔτος,
1806 4829 1910 4884 Ξύ-

329 4940 458 4975 στον
481 4923 713 4992 δεκαετῆ
753 4922 1144 4990 διαγενόμενον
1183 4925 1375 4994 χρόνον
1433 4926 1499 4995 τῇ
1540 4927 1640 4992 τῆς
1681 4925 1908 4996 Ῥώμης

327 5017 603 5082 ἐπισκοπῇ
629 5013 862 5084 ἕϐδομος
901 5014 1010 5066 ἀπὸ
1049 5013 1160 5067 τῶν
1199 5016 1515 5072 ἀποστόλων
1563 5015 1907 5086 Τελέσφορος

326 5109 660 5177 διαδεχέται.
697 5109 808 5161 Καὶ
830 5107 1026 5161 τούτου
1051 5107 1096 5159 δ’
1123 5109 1398 5176 ἑνδεκάτῳ
1431 5110 1530 5179 τῆς
1561 5110 1909 5181 λειτουργίας

327 5199 566 5271 ἐνιαυτῷ
587 5200 647 5252 τὸ
678 5197 832 5270 βιοῦν
872 5200 1313 5269 μεταλλάξαντος
1369 5201 1513 5254 τέλει
1577 5205 1904 5275 μαρτυρίου,

327 5291 407 5355 ὦς
433 5310 602 5362 φησιν
638 5293 958 5362 Είρηναῖος,
1001 5293 1220 5361 ’Υγῖνος
1252 5293 1345 5346 τὸν
1402 5295 1754 5365 κλῆροντῆς
1788 5299 1910 5350 ἐπι-

236 5397 247 5405 ’
329 5385 545 5452 σκοπῆς
594 5385 917 5454 ἐκληροῦτο,
983 5385 1106 5448 ἔτος
1165 5387 1386 5452 πρῶτον
1461 5389 1784 5442 Ἀντωνίνου
1818 5391 1906 5452 ,ὃς

326 5475 574 5548 Εὐσεϐὴς
607 5476 971 5546 ἐπεκέκλητο,
1003 5477 1226 5545 ἔχοντος
1261 5483 1326 5550 τῇ
1373 5481 1540 5552 ἀρχῇ.
1600 5482 1766 5535 Ἀλλά
1799 5483 1908 5551 γὰρ

330 5569 470 5636 μετὰ
495 5566 758 5638 τέταρτον
783 5567 884 5638 τῆς
921 5569 1232 5640 ἐπισκοπῆς
1265 5569 1388 5633 ἔτος
1449 5571 1930 5642 ἀποϐαλλομένου,

399 5725 479 5808 (l)
511 5727 932 5786 Barehocbebas
966 5732 1274 5808 perduellis
1306 5735 1430 5808 iste,
1463 5737 1682 5793 Justino
1729 5737 1911 5808 phil0«

329 5799 587 5877 applicet
615 5809 856 5877 martyre
887 5799 1212 5877 teste,ap_nd
1235 5799 1437 5860 Eusebi.
1475 5808 1575 5861 lib.
1610 5825 1682 5873 iv,
1708 5799 1829 5877 cap.
1854 5812 1886 5864 8

1819 5851 1829 5862 .
1854 5851 1906 5874 υ,

327 5869 677 5926 Christianos
695 5869 864 5939 solos,
890 5873 998 5928 nisi
1018 5869 1298 5930 Christum
1331 5869 1721 5950 abnegassent,
1742 5869 1907 5950 atque

2010 4663 2228 4733 imperii
2277 4675 2464 4726 anno,
2509 4658 2786 4715 deeennio
2835 4657 2890 4712 in
2943 4658 3248 4727 episcopali
3298 4660 3590 4714 iunctione

2011 4758 2260 4828 expleto,
2312 4754 2486 4824 Xysto
2527 4767 2650 4807 eam
2691 4753 2991 4804 concessit.
3043 4749 3378 4804 Duodecimo
3423 4767 3591 4820 porro

2009 4848 2237 4905 Adriani
2259 4861 2427 4910 anno,
2452 4860 2577 4900 cum
2602 4843 2808 4913 Xystus
2833 4841 3166 4897 decennium
3192 4842 3384 4896 itidem
3411 4844 3592 4897 eccle-

2010 4941 2107 4994 siaz
2135 4940 2468 5009 praefuisset,
2491 4935 2868 5005 Telesphorus
2895 4935 2946 4989 ei
2975 4933 3267 4989 Successit.
3300 4935 3504 4990 Verum
3535 4945 3594 4989 et

2011 5033 2142 5097 hoc,
2195 5031 2492 5086 undecimo
2525 5027 2860 5099 pontificalis
2921 5027 3219 5082 ministerii
3276 5029 3362 5083 sui
3419 5041 3589 5092 anno,

2011 5125 2178 5194 258
2221 5125 2332 5178 vita
2376 5138 2476 5192 per
2516 5122 2844 5191 martyrium
2892 5121 3154 5175 defuncto
3182 5159 3197 5184 ,
3245 5131 3304 5176 ut
3353 5121 3593 5175 lrenaeus

2011 5216 2230 5285 inquit,
2294 5215 2541 5285 Hyginus
2598 5213 2943 5283 provinciam
2993 5213 3116 5283 ejus
3167 5221 3254 5267 est
3313 5212 3591 5276 sortitus,

2013 5309 2194 5378 primo
2220 5307 2437 5376 imperii
2465 5305 2755 5370 Antonini,
2785 5307 2881 5375 qui
2911 5306 3037 5362 Pius
3067 5315 3151 5360 cst
3183 5306 3387 5372 dictus,
3419 5322 3591 5360 anno.

2014 5399 2227 5469 Hygino
2266 5414 2435 5468 porro
2470 5407 2594 5468 post
2630 5408 2892 5468 quartum
2933 5415 3138 5451 annum
3181 5409 3425 5462 mortuo,
3462 5399 3594 5453 Pius

2013 5492 2406 5562 successit-(2).
2445 5494 2624 5562 Atque
2670 5493 2801 5546 huic
2843 5509 3063 5546 rursum
3109 5494 3406 5556 Anicetus,
3444 5492 3594 5547 vice-

2013 5587 2154 5642 simo
2182 5586 2511 5656 imperantis
2536 5585 2618 5640 Pii
2639 5601 2808 5640 anno.
2839 5586 3102 5640 Anicetus
3127 5595 3311 5641 autem
3336 5586 3592 5641 undecim

2011 5741 2373 5864 blalspltemiis
2416 5741 2776 5807 incesserent,
2832 5745 2899 5796 ad
2958 5742 3279 5811 gravissima
3320 5744 3596 5816 supplicia

2016 5824 2095 5864 tra
2123 5829 2157 5864 11
2199 5822 2379 5864 ιιιεειῐ.

2016 5822 2157 5868 trahi
2193 5822 2379 5882 jussut.

2085 5885 2162 5953 (2)
2200 5883 2330 5938 Pius
2353 5883 2516 5939 annis
2556 5883 2622 5939 15
2657 5881 2979 5940 cathedram
3009 5884 3269 5941 obtinuit.
