4046 6418
452 390 555 456 947

1670 390 1715 450 Ν
1735 390 2105 451 lCEPllORl
2141 393 2486 455 CALLlSTl

3602 402 3708 468 9f8

452 504 617 561 annis
640 499 890 558 Ecclesia
918 500 1165 556 Romana
1197 498 1609 563 administrata,
1643 509 1839 556 octavo
1864 501 2035 571 impe-

2152 502 2375 573 ’Υγίνου
2418 504 2480 557 τὸ
2508 504 2631 577 ζῇν,
2658 505 2789 569 Πῖος
2818 504 2920 576 τὴν
2959 504 3066 575 τῆς·
3115 502 3335 578 Ῥώμης
3393 508 3703 584 ἱπισκοπὴν

453 597 657 654 ratoris
689 595 819 651 Veri
866 608 1050 662 anno,
1091 591 1273 648 Soteri
1314 608 1436 647 eam
1473 593 1725 664 reliquit.
1772 594 1874 650 Cui
1912 603 2037 665 post

452 702 632 745 annos
665 694 796 741 octo
835 684 1174 741 Eleutherus
1208 693 1291 739 est
1325 684 1593 740 suffectus
1615 726 1631 751 ,
1668 685 2036 743 duodecimus

450 797 479 836 a
512 782 674 836 Petro
712 791 1031 840 successor,
1084 791 1209 831 cum
1264 775 1888 848 decimum'septimum
1941 796 2039 834 an-

450 889 583 931 num
616 872 688 929 hi.
717 871 1032 929 Antoninus
1063 870 1142 939 (1)
1178 886 1305 926 cum
1334 870 1447 927 (ilio
1475 872 1784 927 Romanum
1819 883 2039 945 regeret

452 966 770 1034 imperium.
796 963 855 1018 ln
881 961 1256 1018 Alexandrina
1280 964 1512 1019 ecclesia
1538 963 1756 1020 Primus
1804 974 2038 1034 quartus

449 1056 519 1111 ab
561 1053 830 1124 apostolis
875 1053 1171 1124 episcopus
1235 1052 1363 1111 fuit.
1413 1055 1512 1121 Ei,
1561 1071 1688 1111 cum
1740 1056 2036 1113 duodecim

448 1163 627 1204 annos
655 1145 972 1217 pontiﬁcale
1002 1146 1235 1203 obiisset
1260 1161 1485 1213 munus,
1522 1148 1768 1203 Adriano
1808 1152 2035 1207 tertium

451 1242 765 1311 imperante
798 1254 1031 1303 annum,
1068 1239 1262 1295 Justus
1291 1247 1378 1295 est
1410 1251 1758 1311 surrogatus.
1792 1241 2035 1298 Circitcr

444 1335 843 1414 duodecimum
870 1343 1055 1390 autem
1088 1332 1337 1402 ejusdem
1373 1332 1587 1404 imperii
1621 1351 1854 1403 annum,
1886 1353 2036 1395 anno

452 1438 715 1499 praeterea
750 1443 860 1484 uno
886 1437 944 1484 et
970 1426 1260 1483 mensibus
1286 1427 1499 1498 aliquot
1530 1428 2030 1495 intercedentibus,

450 1521 701 1576 ecclesia:
733 1519 856 1590 ejus
890 1519 1435 1575 administrationem
1468 1519 1746 1576 Eumenes
1787 1532 1877 1577 est
1914 1537 2035 1577 sor-

454 1610 593 1666 titus
623 1651 638 1676 ,
700 1627 826 1668 cum
859 1612 1086 1683 quidem
1117 1610 1310 1668 Justus
1345 1610 1602 1667 undecim
1634 1612 1684 1667 ei
1722 1612 2037 1682 prmfuisset

452 1701 641 1758 annis.
668 1701 950 1757 Eumenes
976 1715 1110 1757 vero
1152 1701 1423 1756 tredecim
1460 1702 1622 1756 annis
1649 1702 2035 1773 episcopatum

455 1793 656 1848 tenuit.
687 1792 785 1847 Cui
822 1793 1038 1849 Marcus
1064 1793 1393 1861 succedens,
1425 1793 1620 1849 decem
1653 1795 1816 1849 annis
1846 1810 2033 1850 curam

2140 596 2543 666 ἐγχειρίζεται·
2605 597 2666 651 δν
2708 597 2994 669 ’Δνίκητος
3026 598 3354 670 διαδέχεται.
3391 602 3618 672 Ὄγδοον
3657 606 3704 661 δ’

2136 688 2269 753 ἔτος
2314 689 2533 761 Οὑήρου
2593 690 2931 758 ἐλαύνοντος,
2996 691 3279 764 ’Δνίκητον
3344 694 3538 751 ἕνδεκα
3591 702 3707 762 τοῖς

2136 783 2306 834 πᾶσιν
2343 780 2489 835 ἔτεσι
2513 780 2793 835 διελθόντα
2848 784 3158 854 διαδέχεται
3210 786 3440 858 Σωτήρ·
3496 789 3556 844 ὃν
3612 791 3708 847 iul

2134 873 2323 941 ὃγδοον
2350 875 2706 946 ἡγησάμενον
2732 875 2854 940 ἔτος
2897 877 3221 949 Ἐλεύθερος
3260 880 3587 951 διαδέχεται,
3608 883 3713 939 δω-

2135 964 2364 1029 δέκατος
2421 966 2530 1020 ἀπὸ
2560 966 2661 1036 τῆς
2695 968 2908 1037 Πέτρου
2968 968 3225 1039 διαδοχῆς
3276 972 3706 1041 γνωριζόμενος.

2133 1049 2316 1125 Ἧρχε
2344 1054 2392 1109 δ’
2444 1056 2614 1108 εἰσέτι
2678 1055 2997 1121 Ἀντωνῖνος
3042 1058 3258 1129 Ούῆρος
3320 1063 3421 1115 σὺν
3452 1061 3552 1132 υίῷ
3587 1064 3709 1128 ἔτος

2141 1147 2280 1217 πρὸς
2303 1145 2522 1218 ἑϐδόμῳ
2553 1146 2803 1203 δέκατον.
2829 1149 2939 1201 Καὶ
2965 1149 3179 1220 Πρίμον
3203 1151 3263 1205 δὲ
3294 1151 3559 1224 τέταρτον
3599 1156 3709 1210 ἀπὸ

2136 1236 2248 1290 τῶν
2275 1238 2592 1292 ἀποστόλων
2621 1239 2722 1308 τῆς
2744 1239 2802 1292 ὲν
2837 1237 3218 1313 ’Δλεξανδρείᾳ
3268 1246 3565 1315 παροικίας
3614 1249 3731 1300 τὸν

2138 1328 2328 1398 θρόνον
2360 1328 2809 1400 κεκληρωμένον,
2862 1329 3034 1400 τρίτῳ
3105 1331 3206 1401 τῆς
3260 1334 3559 1403 ἡγεμονίας
3598 1335 3709 1390 ἔτει

2148 1416 2454 1486 Ἀδριανοῦ,
2514 1417 2807 1486 δωδεκάτῳ
2853 1418 3077 1487 καὶτῆς
3132 1419 3485 1490 λειτουργίας
3540 1423 3706 1479 αὑτοῦ

2136 1509 2599 1580 ἐκπληρώσαντα,
2651 1509 2958 1579 διαδέχεται
3001 1511 3259 1576 Ἰοῦστος.
3329 1512 3498 1581 ’Δμφὶ
3536 1514 3592 1568 δὲ
3647 1514 3709 1568 τὸ

2134 1599 2441 1655 δωδέκατον
2471 1600 2571 1670 τῆς
2601 1600 2770 1653 αὐτοῦ
2799 1599 2977 1671 ἀρχῆς
3028 1600 3149 1664 ἔτος
3196 1602 3447 1657 ἐνιαυτοῦ
3500 1603 3706 1674 μεταξὺ

2135 1694 2232 1748 καὶ
2254 1692 2444 1764 μηνῶν
2470 1709 2637 1748 τινων
2684 1693 3091 1763 διαγενομένων
3138 1695 3239 1765 τῆς
3305 1696 3708 1769 Ἀλεξανδρέων

2150 1786 2483 1859 Ἐκκλησίας
2530 1787 2632 1856 τὴν
2691 1787 3033 1856 προστασίαν
3074 1788 3323 1859 Εὐμενὴς
3361 1788 3547 1860 κλήρῳ
3589 1791 3707 1846 δια-

453 1885 783 1954 pastoralem
819 1885 1029 1956 {gessiL
1069 1884 1253 1943 Marco
1301 1859 1563 1943 Celadion
1613 1885 1899 1949 suffectus.
1933 1888 2028 1957 qui

2138 1878 2380 1950 δέχεται,
2440 1878 2681 1934 Ἰούστου
2706 1880 2801 1933 ἐπὶ
2822 1879 2969 1932 ἔτεσι
2992 1878 3124 1933 δέκα
3159 1880 3299 1951 πρὸς
3329 1882 3409 1954 τῷ
3554 1882 3707 1953 διαρ-

452 1975 875 2046 quatuordecim
919 1975 1083 2033 annis
1129 1976 1454 2047 episcopatu
1500 1979 1758 2039 functus,
1808 1992 2028 2034 succes-
2076 2018 2079 2021 μ

452 2080 632 2125 sorem
666 2067 861 2123 habuit
885 2065 1269 2138 Agrippinum,
1295 2083 1505 2123 nonum
1533 2067 1780 2123 ecclesiae
1810 2069 1929 2138 ejus
1958 2070 2028 2123 ab

450 2158 713 2228 apostolis
747 2158 1093 2229 episcopum.
1135 2157 1295 2228 Apud
1338 2158 1718 2214 Antiochenns
1768 2167 1892 2227 post
1922 2156 2031 2214 He-

453 2265 645 2307 ronem
709 2252 1001 2309 ecclesiam
1059 2252 1204 2307 rexit
1271 2250 1585 2307 Cornelius.
1640 2249 1778 2306 lluic
1831 2248 2030 2322 quinto

451 2341 773 2411 apostolica:
822 2341 1192 2398 successionis
1231 2340 1405 2411 gradu
1442 2342 1578 2397 Eros
1610 2341 1666 2395 in
1703 2341 2031 2411 episcOpatu

452 2434 723 2489 successit
749 2450 762 2487 :
794 2434 999 2489 deinde
1027 2442 1217 2489 sextus
1249 2433 1621 2504 Theophilus,
1648 2442 1703 2489 et
1729 2443 1852 2503 post
1881 2437 2035 2488 hunc

452 2526 723 2596 septimus
763 2527 832 2583 ab
862 2525 1142 2597 Apostolis
1183 2525 1536 2581 Maximinus.
1576 2524 2031 2597 llierosolymita-

451 2632 648 2673 norum
692 2627 878 2674 autem
922 2618 1316 2688 episcoporum
1364 2625 1609 2688 tempora
1642 2618 1845 2672 litteris
1879 2632 2033 2672 man-

451 2708 576 2763 data
615 2726 724 2765 non
769 2719 920 2777 sunt,
953 2726 1097 2780 quos
1143 2710 1330 2765 brevis
1370 2709 1669 2764 admodum
1714 2710 1814 2764 aevi
1860 2709 2030 2766 fuisse

451 2810 692 2867 constat,
718 2801 1041 2871 quindecim
1073 2816 1137 2855 ex
1176 2800 1394 2867 ordine,
1425 2810 1483 2855 ut
1508 2800 1728 2870 quidem
1765 2800 2031 2856 memoria

452 2895 575 2948 sine
603 2893 815 2963 scripto
839 2904 923 2947 est
953 2892 1255 2962 proditum,
1288 2891 1542 2947 llebraici
1568 2890 1786 2963 generis
1813 2907 2027 2958 omnes,

452 2993 717 3056 rectoque
745 2983 925 3040 oilicio
971 2998 1073 3038 suo
1098 2982 1350 3048 functos,
1394 2984 1540 3053 quod
1571 2983 1777 3038 Christi
1820 2983 2031 3038 doctri-

454 3092 579 3131 nam
623 3086 680 3132 et
727 3074 1133 3147 professionem
1193 3075 1367 3144 probe
1418 3075 1724 3140 tenuerint;
1774 3090 1897 3144 qua:
1944 3089 2032 3131 res

452 3168 659 3234 eﬂ‘ecit,
698 3176 758 3222 ut
788 3167 855 3223 ad
886 3167 1268 3238 episcopatum
1300 3181 1427 3221 eum
1462 3166 1530 3219 ab
1566 3167 1796 3220 ecclesia
1837 3167 2032 3222 Hiero-

452 3261 805 3333 solymitana,
840 3277 965 3331 quce
999 3262 1067 3317 ab
1101 3260 1483 3329 apostolorum
1518 3271 1765 3330 tempore
1797 3276 1863 3314 cx
1894 3261 2030 3315 lide-

394 3375 413 3387 α
453 3353 601 3409 libus
624 3351 834 3409 Judazis
859 3352 975 3407 fere
1004 3361 1114 3406 tota
1140 3350 1453 3417 constabat,
1477 3360 1534 3405 et
1561 3366 1733 3420 usque
1756 3351 1821 3405 ad
1845 3359 2032 3406 extre-

456 3463 599 3502 mam
629 3446 977 3502 ohsidionem
1009 3444 1385 3515 perdurabat,
1417 3445 1526 3499 sint
1560 3444 1787 3500 delecti.
1822 3444 2029 3498 Eorum

451 3541 639 3611 itaque
662 3539 1057 3611 episcoporum
1086 3538 1179 3608 qui
1209 3552 1272 3591 ex
1305 3536 1735 3592 circumcisione
1760 3535 2036 3591 Christia-

458 3649 583 3687 nam
629 3632 1034 3704 professionem
1082 3630 1186 3684 rite
1217 3637 1345 3683 sunt
1388 3629 1695 3700 complexi,
1742 3635 1796 3683 et
1826 3626 2035 3681 mutuis

454 3724 770 3788 Judmorum
803 3722 1174 3778 seditionibus
1202 3734 1369 3793 atque
1414 3720 1651 3775 vesanire
1689 3719 1919 3775 fuerunt
1946 3733 2037 3773 re-

456 3821 635 3893 liqui,
669 3822 980 3891 catalogum
1010 3836 1039 3874 a
1071 3819 1379 3890 primordio
1423 3831 1708 3888 eXponere
1750 3814 2033 3869 convenit.

457 3913 624 3984 259
669 3913 890 3967 Primus
932 3913 1119 3981 itaque
1164 3910 1270 3965 fuit
1296 3911 1564 3973 Jacobus,
1611 3907 1782 3961 frater
1815 3904 2037 3959 Domini

457 4006 680 4070 dictus;
712 4003 1013 4069 secundus,
1043 4001 1279 4073 Symeon
1307 4018 1321 4068 ;
1355 4001 1575 4065 tertius,
1622 3998 1843 4062 Justus;
1871 4012 2039 4066 quar-

457 4106 568 4158 tus.
594 4092 857 4148 Zachaeus
888 4091 964 4160 (2)
994 4107 1010 4156 ;
1061 4091 1313 4160 quintus,
1343 4088 1549 4142 Tobias
1578 4104 1592 4153 ;
1633 4095 1856 4149 sextus,
1893 4085 2037 4139 Ben-

458 4183 669 4255 iamin;
723 4180 1023 4251 septimus,
1073 4180 1353 4243 Joannes;
1410 4188 1680 4242 octavus,
1734 4176 2035 4246 Matthias;

458 4290 664 4340 nonus,
697 4274 1027 4345 Philippus;
1079 4271 1363 4333 decimus,
1397 4268 1648 4334 Seneca;
1685 4267 2038 4339 undecimus,

458 4371 689 4435 Justus;
721 4366 900 4422 Lebes
922 4367 1025 4435 (ὅ).
1059 4363 1462 4427 duodecitnus;
1501 4360 1771 4429 Ephrem,
1804 4360 2041 4416 tredeci-

461 4479 623 4531 mus;
652 4469 888 4532 quartus
934 4456 1209 4521 decimus,
1254 4454 1492 4522 Joseph;
1528 4463 1585 4509 et
1629 4453 2039 4524 quindecimus,

459 4557 652 4613 Judas.
684 4552 918 4619 Quibus,
938 4558 1063 4620 post
1094 4547 1441 4603 eversionem
1473 4546 1649 4611 urbis,
1681 4558 1748 4600 ex
1777 4545 2035 4615 gentibus

2141 4567 2300 4620 μενος
2356 4550 2624 4617 ἀδελφός·
2685 4548 2807 4616 μεθ’
2852 4548 2917 4602 δν

2137 1974 2422 2040 κέσαντος.
2455 1976 2566 2030 Καὶ
2625 1976 2821 2029 τούτου
2870 1975 2917 2028 δ’
2955 1976 3053 2046 οὐχ
3098 1972 3328 2048 ἧττονῆ
3387 1977 3518 2033 δέκα
3572 1979 3708 2051 πρὸς

2135 2069 2286 2139 τρισὶ
2310 2069 2411 2138 τὴν
2439 2069 2795 2140 λειτουργίαν
2838 2069 3165 2137 ἀνύσαντος,
3223 2070 3444 2139 Μάρκος
3501 2072 3708 2142 ποιμὴν

2136 2162 2239 2230 τῆς
2302 2158 2661 2230 Ἀλεξάνδρου
2700 2161 3165 2231 ἀνακηρύττεται.
3235 2163 3459 2233 Δεκάτῳ
3502 2163 3548 2216 δ’
3595 2163 3706 2217 ἔτει

2138 2254 2423 2323 παραδοὺς
2452 2253 2555 2323 τὴν
2586 2254 2935 2323 λειτουργίαν
2965 2254 3292 2320 Κελαδίωνι,
3338 2257 3600 2326 ἐκμετρεῖ
3644 2257 3709 2310 τὸ

2140 2344 2426 2416 βιώσιμον.
2470 2345 2638 2400 Ἀλλά
2691 2347 2786 2399 καὶ
2822 2346 3014 2400 τούτου
3062 2347 3311 2419 τετάρτῳ
3356 2347 3452 2400 καὶ
3478 2348 3708 2419 ,δεκάτῳ

2139 2438 2251 2491 ἔτει
2281 2439 2379 2509 τὴν
2408 2438 2555 2503 ζωὴν
2586 2438 3048 2508 μεταλλάξαντος,
3077 2438 3177 2511 τὴν
3208 2438 3464 2510 διαδοχὴν
3480 2441 3708 2510 Ἀγριπ-

2139 2533 2291 2593 stiva;
2317 2530 2646 2598 ἐλάμϐανεν,
2674 2531 2906 2601 ὲννάτην
2936 2531 3088 2601 ἄγων
3118 2530 3227 2585 ἀπὸ
3252 2531 3362 2586 τῶν
3394 2532 3708 2587 ἀποστόλων

2136 2622 2412 2694 διαδοχήν.
2459 2624 2548 2676 Ἐν
2585 2623 2631 2677 δ’
2674 2624 2983 2695 Ἀντιοχείᾳ
3044 2624 3185 2694 μετά
3218 2625 3446 2697 ’Ἥρωνα
3500 2626 3709 2697 Κορνή-

2138 2714 2251 2779 λιος
2273 2716 2367 2778 τάς
2398 2716 2551 2786 ἱερὰς
2571 2715 2729 2786 ἡνίας
2765 2715 3125 2786 διεχειρίζετο
3147 2732 3162 2747 ·
3205 2716 3444 2785 πέμπτῳ
3465 2715 3522 2768 δὲ
3571 2716 3707 2785 μετά

2139 2808 2329 2863 τοῦτον
2370 2808 2565 2879 βαθμῷ
2595 2808 2700 2879 τῆς
2753 2807 3126 2878 ἀποστολικῆς
3185 2808 3475 2870 διαδόσεως
3526 2806 3705 2876 Ἐρως

2139 2899 2444 2961 ἐπίσκοπος
2486 2895 2838 2967 ὲγνωρίζετο.
2878 2896 3081 2959 Ἕκτος
3132 2895 3179 2948 δ’
3224 2895 3311 2949 ἐπ’
3350 2895 3547 2966 ἐκείνῳ
3577 2896 3706 2949 Θεό-

2140 2992 2296 3061 φιλος
2321 2990 2563 3059 διάδοχος
2596 2985 2684 3061 ἦν.
2718 2988 2925 3043 Τοῦτον
2947 2989 2993 3042 δ’
3027 2988 3257 3057 ἕϐδομος
3284 2989 3392 3042 ἀπὸ
3433 2987 3540 3042 τῶν
3572 2990 3707 3042 ἀπο-

2141 3082 2348 3137 στόλων
2384 3081 2697 3151 διαδέχεται
2742 3080 3076 3151 Μαξιμῖνος.
3110 3079 3232 3134 Τῶν
3281 3080 3327 3132 δ’
3384 3081 3441 3133 ἐν
3480 3080 3709 3151 Ἰεροσο-

2140 3174 2336 3246 λύμοις
2399 3170 2716 3226 ἐπισκόπων
2778 3172 2910 3234 τοὺς
2983 3170 3211 3241 χρόνους
3260 3170 3465 3242 ἥκιστα
3522 3171 3706 3242 γραφῇ

2128 3247 2502 3330 διασώζεσθαι
2526 3263 2777 3334 ἔγνωμεν
2802 3279 2817 3294 ο
2857 3262 3187 3334 βραχυσίους
3239 3263 3348 3333 γάρ
3375 3263 3573 3325 αὐτοὺς
3617 3278 3709 3330 γε..

2135 3356 2324 3412 νέσθαι
2380 3356 2538 3425 λόγος
2568 3356 2707 3426 ἔχει.
2772 3355 3176 3408 Πεντεκαίδεκα
3227 3353 3330 3425 μὲν
3372 3352 3465 3407 οὖν
3516 3355 3709 3417 αὐτοὺς

2135 3449 2170 3520 ἡ
2206 3432 2424 3516 ἱστορία
2482 3446 2540 3514 ἐξ
2572 3446 2827 3518 ἀγράφου
2868 3446 3212 3517 παρέδωκεν,
3279 3446 3377 3510 οὓς
3421 3445 3708 3517 Ἐὗραίους

2134 3540 2320 3604 ὄντας,
2348 3540 2596 3604 ἅπαντας
2614 3541 2675 3593 τὸ
2712 3539 2892 3610 χρεὼν
2918 3538 3338 3610 λειτουργῆσαι.
3371 3539 3441 3593 τά
3470 3535 3706 3610 Χριστοῦ

2137 3630 2379 3701 γνησίως
2408 3631 2837 3699 ἀσπασαμένους
2856 3646 2874 3664 ο
2907 3629 3002 3683 καὶ
3036 3629 3317 3696 τοσοῠτόν,
3343 3630 3418 3693 ὡς
3440 3632 3533 3683 καὶ
3557 3628 3708 3700 παρά

2137 3722 2248 3778 τῶν
2279 3722 2537 3794 τηνικάδε
2574 3723 2669 3776 καὶ
2692 3724 2773 3785 είς
2804 3722 2905 3792 τὴν
2933 3722 3204 3791 τοσαύτην
3256 3722 3579 3794 ὲγκριϐῆναι
3614 3739 3712 3775 πε-

2140 3817 2378 3885 ριωπήν.
2422 3812 2536 3884 Τὴν
2610 3814 2723 3884 γὰρ
2771 3815 2955 3868 πᾶσαν
3026 3814 3364 3885 Ἐκκλησίαν
3409 3814 3597 3884 σχεδὸν
3644 3817 3710 3869 ἔκ

2139 3907 2348 3959 πιστῶν
2390 3905 2662 3974 Ἐϐραίων
2703 3905 2813 3959 ἀπὸ
2857 3906 2969 3959 τῶν
3018 3906 3336 3960 ἀποστόλων
3374 3906 3710 3961 καθεστάναι

2140 3995 2450 4066 ἱστόρηται,
2518 3997 2615 4050 καὶ
2676 3996 2841 4066 μέχρι
2894 3996 2951 4049 δὲ
2990 3996 3091 4065 τῆς
3146 3996 3386 4066 ὑστάτης
3428 3996 3709 4066 διαρκέσαι

2140 4089 2489 4160 πολιορκίας.
2511 4086 2625 4169 Kal.
2649 4088 2832 4142 τοίνυν
2858 4087 2972 4142 τῶν
3002 4091 3068 4142 ἐκ
3102 4089 3415 4158 περιτομῆς
3442 4087 3712 4142 ἐπιλελοι-

2142 4182 2326 4236 πότων
2376 4181 2686 4251 ἀρχιερέων
2733 4182 2856 4243 ταῖς
2917 4180 3058 4252 πρὸς
3109 4180 3377 4250 ἀλλήλους
3442 4180 3712 4235 Ἰουδαίων

2146 4275 2373 4328 στάσεσι
2423 4273 2519 4325 καὶ
2570 4270 3047 4340 φρενοδλαδείαις,
3094 4272 3289 4328 λοιπὸν
3324 4274 3392 4328 ἂν
3445 4275 3553 4346 εἴη,
3611 4275 3711 4344 τὴν

2143 4364 2287 4420 κατά
2321 4365 2559 4435 Χριστὸν
2585 4363 2919 4433 δεξαμένους
2947 4364 3175 4430 γνῶσιν,
3240 4365 3455 4419 ἀνωθεν
3474 4366 3711 4420 καταλέ-

2145 4458 2490 4530 ξαι.Πρῶτος
2516 4456 2703 4511 τοίνυν
2742 4455 3002 4520 Ἰάκωϐος
3026 4453 3096 4527 ἦν
3124 4457 3154 4509 δ
3182 4456 3280 4510 τοῦ
3319 4457 3530 4527 Κυρίου
3553 4456 3712 4525 λεγό-

3002 4543 3072 4619 ἧν
3117 4548 3377 4619 δεύτερος
3434 4549 3663 4620 Συμεών
3690 4564 3708 4583 ’

460 4650 730 4708 successit
756 4646 993 4709 Marcus,
1030 4642 1134 4698 Tot
1163 4641 1562 4713 Hierosolymis
1592 4641 1664 4695 ab
1692 4640 1828 4710 ipsis
1857 4652 2035 4709 usque

2139 4643 2326 4712 τρίτος
2369 4641 2624 4705 Ἰοῦστος
2658 4643 2930 4712 Ζακχαῖος
2954 4639 3020 4693 δ”
3048 4640 3304 4710 πέμπτος
3327 4640 3547 4703 Τωὸίας
3567 4654 3582 4671 ν
3619 4638 3712 4692 ἕκ-

460 4739 728 4813 apostolis
787 4736 857 4792 ad
912 4749 1043 4790 eum
1087 4748 1252 4804 quem
1294 4733 1537 4788 diximus
1579 4731 1781 4789 Judam
1835 4746 1905 4786 ex
1933 4730 2035 4785 cir-

2139 4754 2232 4800 τος
2275 4737 2542 4809 Βενιαμίν
2564 4755 2581 4771 ·
2623 4738 2880 4807 Ἰωάννης
2921 4734 2989 4801 ζ’.
3016 4736 3208 4805 ὄγδοος
3231 4733 3480 4798 Ματθίας
3500 4749 3516 4766 ο
3539 4733 3584 4789 θ’
3622 4734 3713 4787 Φί-

460 4834 805 4892 cumcisione
847 4828 1076 4884 fuerunt
1118 4826 1386 4896 episcOpi.
1439 4824 1729 4889 Totidem,
1778 4832 1841 4879 ut
1873 4836 2035 4891 expo-

2138 4828 2376 4891 λιντπος⁸
2430 4829 2661 4893 δέκατος
2714 4828 3021 4893 Σεννόκας·
3092 4827 3386 4891 ἑνδέκατος
3443 4827 3712 4890 Ἰοῦστοςο

402 4928 412 4947 ’
458 4926 695 4990 suimus,
726 4922 961 4977 aliarum
1006 4918 1368 4973 maximarum
1415 4915 1782 4972 ecclesiarum
1824 4914 2035 4985 guber-

2138 4918 2323 4989 Λεὸὴς
2345 4918 2649 4982 δωδέκατος
2675 4936 2692 4953 ·
2737 4917 2946 4991 Ἐφρὴς
2996 4918 3454 4989 τρισκαιδέκατος
3480 4934 3495 4951 ο
3523 4933 3719 4971 τεσσα-

460 5027 709 5074 natores.
2141 5009 2573 5080 ρεσκαιδέκατος
2612 5010 2821 5081 Ἰωσήφ
2845 5026 2860 5042 ·
2892 5009 2986 5063 ἐπὶ
3010 5009 3070 5062 δὲ
3102 5008 3322 5071 τούτοις
3350 5006 3561 5070 Ἰούδας
3585 5024 3715 5061 πεν-

458 5110 886 5174 τεκαιδέκατος·
916 5108 1010 5173 οὓς
1036 5107 1096 5173 ἐξ
1142 5103 1316 5161 ἒθνῶν
1373 5101 1515 5172 μετά
1541 5103 1643 5173 τὴν
1702 5101 1912 5158 ἅλωσιν
1963 5102 2272 5174 διαδέχεται
2332 5105 2584 5176 Μάρκος.
2650 5103 2911 5159 Τοσοῦτοι
2945 5103 3047 5173 μὲν
3107 5101 3217 5156 ἀπὸ
3253 5100 3363 5155 τῶν
3400 5099 3717 5154 ἀποστόλων

458 5208 519 5268 ἐς
555 5204 649 5259 τδν
672 5204 973 5276 είρημένον
1010 5200 1215 5256 Ἰούδαν
1246 5195 1538 5251 ἐπίσκοποι
1564 5196 1630 5250 ὲκ
1679 5194 1991 5266 περιτομῆς
2048 5196 2108 5251 ἐν
2160 5197 2565 5269 Ἱεροσολύμοις
2593 5197 2907 5267 γεγόνασιν.
2956 5194 3240 5259 Ὡσαύτως
3288 5192 3347 5247 δὲ
3374 5195 3470 5248 καὶ
3501 5192 3553 5246 oi
3606 5190 3717 5246 τῶν

460 5299 643 5354 ἀλλων
672 5299 948 5370 μεγίστων
975 5292 1309 5368 παροικιῶν.

2132 5448 2297 5506 annis
2323 5450 2379 5512 4,
2410 5462 2537 5503 cum
2564 5443 2873 5502 Commodo
2915 5444 3031 5500 ﬁlio
3069 5442 3262 5501 itidem
3289 5443 3452 5501 annis
3488 5443 3544 5499 4.

2208 5520 2287 5585 (2)
2328 5518 2437 5572 Alii
2473 5515 2798 5572 Zachariam
2831 5514 3147 5571 nominant.

2206 5590 2286 5663 (5)
2307 5589 2413 5646 Alii
2445 5586 2571 5644 Levi
2604 5594 2828 5641 vocant.

524 5456 603 5528 (ι)
628 5455 911 5528 M.Elius
933 5450 1660 5528 Antopinus‘l‘bilosophus,
1690 5458 1750 5528 _et
1779 5450 1841 5506 [ι.
1856 5449 2038 5528 {Elius

455 5521 795 5585 commodus
834 5526 1029 5585 Verus.
1068 5523 1186 5578 Divi
1240 5522 1459 5591 fratres,
1503 5537 1664 5591 aequo
1692 5522 1815 5590 jure
1856 5521 2035 5589 impe-

458 5600 602 5656 rium
635 5596 1096 5655 administrarunt
1133 5589 1295 5649 annis
1318 5590 1406 5651 ﬂ.
1439 5591 1511 5649 Μ.
1538 5589 1854 5649 Antoninus
1883 5592 2037 5650 solus

2077 5776 2149 5794 —
