4046 6428
424 332 521 423 ὸδι
1647 365 2023 427 NlCEPHOF

2130 336 2472 436 CALLISTI
3589 389 3696 458 952

420 471 596 524 etiam
633 477 722 525 est
750 469 1044 532 Antinous,
1073 470 1230 539 cujus
1260 480 1392 525 sunt
1423 470 1538 526 ludi
1571 475 1856 544 agonales,
1895 479 2006 534 An-

2130 487 2355 555 ιγωγῆς,
2395 489 2490 542 καὶ
2531 488 2624 544 τοῦ
2672 490 2813 563 ὑπὲρ
2851 493 2950 566 τῆς
2986 495 3323 571 Ἐκκλησίας
3364 500 3551 572 ζήλου,
3595 509 3692 560 καὶ

431 562 590 619 tinoii
639 562 810 628 dicti,
852 571 907 618 et
957 572 1118 619 astate
1161 571 1349 619 nostra
1383 565 1514 619 acti.
1559 566 1764 622 Urbem
1805 570 2012 640 quippe

2130 578 2366 634 Ἀελίτων
2399 581 2502 652 τῆς
2536 583 2595 637 ὲν
2630 562 3232 662 Σάρδεσιννὲκκλησίας
3267 562 3568 661 ἐπίσκοπος
3597 594 3688 668 ἦν.

432 656 814 724 cognominem
861 657 912 710 ei
952 656 1233 710 Adrianus
1270 657 1540 712 condidit.
1583 677 1602 710 ι
1643 657 2010 730 Temporibus

2130 669 2280 740 δῆλον
2307 671 2353 725 δ’
2375 672 2538 739 αὐτὸς
2571 656 2766 732 ἑαυτὸν
2798 656 3105 752 καθίστησι.
3125 685 3248 738 κατ’
3272 687 3438 740 αὐτόν
3467 704 3531 756 γε
3547 656 3690 744 τούξ

424 759 649 814 quoque
675 745 780 812 eis,
813 746 932 814 pari
971 762 1097 801 cum
1135 746 1204 802 iis
1232 762 1373 817 quos
1409 748 1653 804 diximus
1682 751 1809 805 vitae
1846 751 2008 808 insti-

2130 777 2196 813 :ov
2225 762 2552 832 ὲνακμάζων
2576 767 2668 820 τὸν
2695 769 2888 838 χρόνον
2915 771 2979 824 ἐκ
3005 745 3106 842 τῆς
3137 773 3276 843 πρὸς
3310 745 3527 847 Οὐῆρον
3555 779 3691 832 ἀπο-

423 845 568 903 ῑυιο,
604 837 838 906 parique
872 839 928 892 in
963 839 1258 906 ecclesiam
1294 839 1517 907 ardore,
1562 841 1858 900 Sardensis
1886 846 2006 916 epi-

2130 849 2287 918 oyia;
2315 853 2457 922 ὑπὲρ
2481 853 2576 907 τοῦ
2604 856 2726 909 καθ’
2750 857 2899 928 ἡμᾶς
2924 837 3198 930 δόγματος
3222 878 3236 892 ο
3322 837 3686 935 λαμπροτάτη

419 941 624 998 scopus
662 927 848 983 Melito
879 929 1023 985 fuit:
1069 947 1235 1000 quem
1305 933 1441 987 satis
1476 942 1633 1002 patet
1681 951 1744 990 ea
1781 951 2003 1007 quoque

2131 941 2269 1007 ὓσα,
2308 947 2406 1001 καὶ
2437 949 2728 1020 χρησίμως
2764 927 2911 1021 μάλα
2945 927 3205 1020 διέξεισι,
3240 927 3320 1026 τῷ
3353 927 3556 1028 ἀστείῳ
3592 927 3690 1012 καί

420 1027 581 1074 aetate
610 1019 891 1078 ﬂoruisse.
925 1021 1136 1078 lndicat
1163 1023 1220 1077 id
1259 1023 1510 1080 defensio
1545 1025 1667 1096 ejus
1699 1043 1864 1096 quam
1898 1044 2001 1098 pro

2130 1032 2313 1106 πιθανῷ
2339 1037 2432 1090 τὸν
2463 1019 2818 1112 ἀκροώμενον
2847 1043 3117 1115 ἅγχουσα.

416 1111 739 1216 Christiano
761 1118 1019 1216 dogmate
1047 1120 1114 1216 ad
1142 1120 1346 1176 Verum
1379 1122 1628 1216 scripsit,
1661 1121 1999 1180 luculentam
2041 1127 2342 1187 admodum
2415 1143 2472 1190 et
2538 1137 2767 1210 utilemf,
2811 1111 3085 1200 orationis
3132 1142 3445 1200 urbanitate
3471 1153 3530 1201 et
3561 1159 3690 1216 per-

417 1211 689 1268 suadendi
721 1213 929 1270 virtute
959 1213 1269 1269 auditorem
1305 1215 1542 1271 maxime
1567 1230 1795 1272 movens
1823 1227 1990 1290 atque
2027 1222 2293 1281 aiiiciens.
2735 1197 2744 1210 .

874 1355 1033 1428 261
1069 1355 1300 1413 CAPUT
1340 1357 1556 1413 xxvn.

425 1447 488 1504 Ut
523 1449 790 1524 Adrianus
831 1449 1001 1524 edicto
1023 1467 1128 1524 pro
1158 1448 1481 1524 Christianis
1508 1453 1711 1522 publice
1739 1457 2007 1524 proposito

487 1523 732 1603 vetuerit,
767 1536 832 1574 ne
855 1521 912 1574 in
949 1536 1066 1586 nos,
1094 1521 1298 1576 indicta
1337 1531 1388 1575 et
1417 1521 1519 1576 non
1553 1521 1793 1580 indicata
1819 1521 2006 1594 causa,

489 1602 791 1645 saeviretur.

489 1607 791 1647 sa'utretur.

493 1684 771 1742 Memoriae
843 1687 1126 1744 mandavit
1192 1687 1639 1759 sapientissimus
1709 1689 2006 1755 Justinus,

2677 1378 2930 1436 ΚΕΦΑΛ.
2977 1379 3106 1435 ΚΖ’.

2123 1461 2220 1530 Ὧς
2253 1465 2556 1544 Ἀδριανὸς
2577 1469 2918 1544 ἐπιστολὴν
2933 1472 3089 1540 ὑπὲρ
3108 1471 3494 1544 Χριστιανῶν
3516 1472 3696 1544 ἔπεμ-

2279 1551 2378 1602 πε,
2411 1537 2570 1593 ὥστε
2593 1541 2681 1610 μὴ
2720 1542 2978 1612 ἀκρίτως
3009 1537 3177 1612 ἡμᾶς(
3209 1543 3515 1600 ἐλαύνειν.

540 1695 771 1791 emorias
843 1695 1126 1791 mandavit
1159 1695 1639 1791 sapientissimus
1709 1695 1967 1746 Justinus
1991 1729 2006 1755 ,
2189 1695 2416 1769 Ἱστορεῖ
2442 1714 2508 1766 γε
2538 1700 2645 1770 μὴν
2669 1701 2698 1754 ό
2725 1699 3039 1768 σοφώτατος
3069 1701 3356 1765 Ἰουστῖνος
3384 1701 3528 1771 ὑπὲρ
3561 1702 3698 1772 Χρι-

419 1777 724 1834 Adrianum
749 1793 851 1850 pro
871 1777 1203 1836 Christianis
1238 1779 1451 1836 litteras
1477 1797 1506 1836 a
1531 1781 1813 1839 Graniano
1843 1784 2007 1840 Sere-

421 1869 514 1894 .-ΞΑ
568 1868 633 1894 ..Δ
684 1883 744 1894 ,Α
796 1869 1026 1894 ι..-..ἓ..ιι-,.
1075 1873 1356 1894 -..ηρ-ιε---
1403 1890 1415 1894 -
1466 1875 1816 1894 _-_!_!_______
1867 1891 1972 1894 _,--

2130 1792 2343 1846 mava
2376 1793 2684 1894 γράμματα
2718 1795 3010 1866 δεξάμενον
3040 1795 3134 1849 τὸν
3165 1794 3469 1866 Ἀδριανδν,
3503 1794 3577 1858 ὡς
3614 1795 3692 1866 μὴ

419 1869 516 1924 nio
566 1868 634 1923 ad
683 1883 746 1925 se
795 1869 1028 1940 scriptas
1075 1873 1360 1941 accepisse
1402 1890 1416 1926 :
1466 1875 1822 1945 periniquum
1857 1891 2004 1942 esse,

2130 1884 2320 1939 ῖίκαιον
2353 1879 2492 1940 εἶναι
2535 1886 2630 1959 βοῇ
2670 1886 2848 1957 δήμου
2885 1887 3318 1958 χαριζομένους,
3355 1885 3444 1939 ἐπ’
3467 1887 3696 1958 οὐδεμιᾷ

418 1960 568 2031 quod
593 1960 670 2016 illi
698 1961 1081 2018 vociferationi
1111 1964 1300 2033 populi
1342 1964 1706 2034 donarentur,
1741 1967 2007 2038 nulloque

2130 1975 2383 2044 προφάσει
2410 1978 2652 2048 ἀκρίτως
2679 1980 2913 2033 κτείνειν
2937 1979 3158 2043 αὐτούς.
3187 1979 3487 2049 Γρανιανὸς
3511 1979 3567 2032 δὲ
3593 1979 3696 2031 Σε-

413 2055 566 2124 justo
594 2063 863 2125 praetextu
909 2055 1113 2110 indicta
1150 2071 1315 2111 causa
1345 2066 1704 2113 necarentur.
1747 2059 2004 2129 Quapro-

420 2159 545 2219 pter
581 2149 916 2218 rescriptum
964 2148 1012 2202 is
1048 2147 1115 2202 ad
1160 2147 1452 2203 Minutium
1497 2149 1826 2204 Fundanum
1867 2152 2010 2207 Asiae

422 2240 811 2309 proconsulem
850 2240 1087 2305 miserit,
1139 2239 1415 2295 neminem
1463 2239 1534 2296 de
1584 2250 1784 2296 caetero
1823 2242 2008 2298 occidi

417 2334 644 2400 iubens,
687 2331 796 2387 nisi
839 2333 1086 2401 legitima
1121 2334 1383 2404 justaque
1427 2333 1802 2402 praccessisset
1841 2349 2008 2390 accu-

422 2427 583 2481 satio.
617 2425 1084 2496 Rescriptumque
1119 2426 1171 2479 id
1209 2427 1263 2480 in
1305 2425 1508 2480 librum
1541 2441 1704 2481 suum
1740 2425 1809 2482 de
1842 2427 2011 2482 verbo

421 2519 489 2574 ad
525 2517 758 2574 verbum
793 2516 1003 2582 retulit,
1037 2517 1152 2573 haec
1181 2517 1442 2587 prazl'ams
1475 2535 1488 2572 :
1529 2536 1546 2569 ι
1576 2517 1879 2573 Possumus
1905 2517 2011 2572 hoc

422 2632 452 2670 a
485 2613 646 2669 vobis
683 2629 751 2670 ex
783 2613 1054 2680 rescripto
1087 2612 1310 2668 maximi
1345 2620 1402 2665 et
1433 2609 1800 2666 illustrissimi
1833 2609 2015 2668 Casa-

423 2709 506 2764 ris
539 2705 766 2763 Adriani
797 2705 970 2776 patris
1003 2705 1195 2770 vestri,
1233 2706 1328 2776 qui
1361 2705 1436 2760 ita
1472 2715 1530 2760 ut
1577 2721 1677 2776 per
1703 2706 2011 2777 supplicem

427 2798 680 2854 libellum
709 2796 1047 2868 rogavimus,
1070 2796 1277 2865 judicia
1305 2798 1549 2852 exerceri
1569 2798 1758 2868 jussit,
1782 2805 2009 2868 petere:

429 2890 601 2960 idque
654 2903 762 2943 non
817 2896 927 2942 tam
969 2887 1116 2957 quod
1163 2887 1232 2942 ab
1271 2888 1518 2943 Adriano
1566 2889 1884 2943 mandatum
1919 2890 2013 2956 sit,

429 2999 594 3054 quam
623 2983 768 3053 quod
809 2982 1015 3051 justam
1057 2995 1180 3037 esse
1227 2981 1555 3051 petitionem
1593 2991 1839 3037 nostram
1877 2983 2018 3038 scia-

2113 2069 2320 2140 ρέννιος
2345 2070 2375 2122 ό
2404 2069 2472 2122 τὰ
2500 2070 2811 2141 γράμματα
2837 2069 3289 2141 διαπεμψάμενος
3313 2065 3405 2141 ἦν,
3435 2071 3696 2140 ἀντιγρά-

2109 2161 2211 2231 ψαι
2247 2161 2508 2232 Καίσαρα
2541 2163 2827 2234 Μινουκίῳ
2859 2162 3146 2233 Φουνδάνῳ
3177 2163 3278 2232 τῆς
3312 2163 3500 2225 Ἀσίας
3533 2161 3698 2216 ἀνθυ-

2112 2252 2440 2322 πατεύοντι,
2478 2253 2684 2323 μηδένα
2713 2252 2948 2306 κτείνειν
2983 2253 3443 2322 ἐγκελευόμενον,
3475 2251 3700 2321 εὐλόγου

2117 2344 2194 2416 μὴ
2225 2345 2656 2416 προηγουμένης
2681 2345 3040 2415 κατηγορίας.
3075 2344 3187 2397 Καὶ
3218 2343 3388 2412 αὐτὴν
3413 2341 3461 2394 δ’
3485 2343 3701 2412 εκείνην

2111 2439 2213 2509 τὴν
2242 2437 2550 2507 ἐπιστολὴν,
2583 2438 2658 2501 ὡς
2688 2433 2805 2508 εῐχε
2835 2435 3056 2501 λέξεως,
3093 2436 3422 2507 προστίθησι
3451 2434 3532 2505 τῷ
3563 2451 3698 2503 συγ-

2113 2529 2428 2601 γράμματι,
2449 2528 2626 2583 ταῦτα
2650 2526 2936 2599 προλέγων
2960 2527 3145 2591 αὐτοῖς
3165 2541 3178 2554 ·
3213 2545 3231 2578 ι
3265 2527 3374 2580 Καὶ
3395 2527 3456 2592 εξ
3481 2527 3698 2579 ἐπιστο-

2113 2622 2213 2693 λῆς
2244 2622 2303 2676 δὲ
2331 2620 2506 2675 ταῦτα
2536 2620 2628 2675 τοῦ
2665 2621 2926 2692 μεγίστου
2962 2619 3056 2673 καὶ
3090 2619 3526 2688 ἐπιφανεστάτου
3562 2617 3699 2671 Καί-

2117 2731 2284 2785 σαρος
2315 2713 2600 2786 Ἀδριανοῦ
2633 2713 2727 2768 τοῦ
2762 2715 2969 2782 πατρὸς
3005 2713 3162 2783 ὑμῶν
3196 2713 3414 2782 ἔχοντες
3449 2712 3698 2764 ἀπαιτεῖν

2118 2809 2262 2880 ὑμᾶς
2285 2823 2302 2840 ⁸
2339 2808 2482 2864 καθὰ
2520 2806 2839 2878 ἠξιώσαμεν
2870 2805 3131 2860 κελεῦσαι
3163 2805 3262 2868 τὰς
3301 2805 3510 2875 κρίσεις
3549 2801 3700 2872 γενέ-

2121 2902 2268 2968 σθαι,
2297 2901 2456 2956 τοῦτο
2483 2901 2583 2972 οὐχ
2611 2901 2689 2965 ὡς
2718 2901 2824 2954 ὐπὸ
2859 2897 3143 2971 Ἀδριανοῦ
3175 2897 3467 2951 κελευσθὲν
3503 2896 3702 2965 μᾶλλον

2120 2994 2439 3066 ἠξιώσαμεν
2464 2993 2632 3048 ο¹ἀλλ’
2659 2994 2725 3047 ὲκ
2758 2992 2856 3048 τοῦ
2897 2991 3228 3046 ἐπίστασθαι
3266 2989 3484 3043 δικαίαν
3517 2985 3699 3053 ἀξιοῦν

432 3092 576 3132 mus.
625 3074 979 3147 Subjecimus
1023 3083 1207 3130 autem
1253 3075 1503 3142 epistola:
1549 3075 1777 3130 Adriani
1828 3091 2017 3131 exem-

2130 3090 2223 3160 τὴν
2259 3090 2670 3160 προσφώνησιν.
2706 3086 3090 3156 ’Υπετάξαμεν
3122 3085 3180 3139 δὲ
3218 3085 3314 3140 καὶ
3346 3086 3446 3154 τῆς
3484 3082 3700 3135 ἐπιστο-

430 3171 622 3240 plum,
685 3176 747 3223 ut
799 3167 904 3222 hac
950 3181 1172 3236 quoque
1226 3177 1427 3236 parte,
1475 3166 1709 3222 veritate
1755 3182 1859 3223 nos
1909 3168 2010 3222 niti

2130 3158 2226 3250 λῆς
2251 3158 2534 3250 Ἀδριανοῦ
2559 3179 2620 3232 τὸ
2645 3178 2958 3243 ἀντίτυπον,
2983 3178 3071 3231 ίνα
3095 3177 3199 3230 κάν
3220 3174 3396 3244 τούτῳ
3419 3172 3702 3242 ἀληθεύειν

431 3261 796 3333 cognoscatis.
830 3258 963 3326 Quae
1001 3259 1236 3329 epistola
1287 3273 1353 3314 ex
1389 3259 1636 3314 Romana
1681 3260 1737 3314 in
1771 3257 2016 3316 Graecam

2130 3274 2274 3343 ἡμᾶς
2319 3260 2647 3344 γνωρίζητε.
2693 3272 2804 3325 Καὶ
2847 3271 2987 3342 αὐτη
3031 3271 3095 3324 ὲκ
3132 3268 3446 3338 Ῥωμαῖκῆς
3489 3267 3566 3328 είς
3604 3264 3702 3335 τὴν

433 3360 678 3427 linguam
709 3355 1004 3419 translata,
1041 3354 1181 3408 hanc
1211 3352 1602 3422 complectitur
1633 3354 1961 3409 sententiam
2000 3369 2014 3406 :

436 3451 716 3507 Adrianus
771 3447 955 3504 Caesar
1015 3446 1250 3502 Minutio
1315 3445 1604 3502 Fundano.
1691 3447 1932 3503 Litteras
1988 3460 2020 3500 a

435 3544 668 3601 Serenio
691 3541 998 3606 Graniano,
1034 3540 1156 3597 viro
1201 3539 1535 3605 clarissimo,
1572 3539 1661 3595 cui
1701 3548 1758 3594 tu
1806 3541 1860 3594 in
1896 3552 2024 3607 pro-

435 3637 622 3694 vincia
672 3634 1012 3698 successisti,
1068 3631 1405 3704 accepimus.
1466 3629 1800 3699 inquirenda
1858 3630 2022 3686 nobis

438 3744 529 3785 res
570 3740 799 3797 prorsus
831 3738 957 3780 esse
1001 3722 1246 3787 videtur,
1297 3735 1366 3775 ne
1412 3720 1665 3776 homines
1696 3719 2024 3773 innocentes

437 3805 852 3894 opprimantur,
885 3833 1022 3875 neve
1065 3814 1572 3874 calumniatoribus
1619 3811 1838 3866 occasio
1870 3824 2022 3880 gras-

442 3919 601 3978 sandi
635 3915 970 3989 praebeatur.
1002 3909 1161 3976 Quod
1216 3908 1262 3964 si
1317 3905 1686 3977 provinciales
1723 3902 1801 3957 tui
1840 3914 2027 3972 perse-

441 4013 700 4068 cutiones
725 4008 993 4063 adversus
1023 3999 1371 4059 Christianos
1409 4005 1539 4054 suas
1583 4009 1849 4067 processu
1890 3994 2026 4064 legi-

443 4111 580 4164 timo
621 4118 722 4175 pro
771 4099 1035 4157 tribunali
1087 4097 1325 4168 probare
1381 4099 1631 4164 possunt,
1689 4103 1854 4143 unam
1903 4102 2023 4141 eam

441 4207 746 4272 sequantur
799 4196 968 4259 viam,
1019 4205 1204 4261 neque
1255 4187 1391 4244 solis
1441 4180 1810 4256 petitionibus
1858 4188 2026 4249 atque

441 4271 938 4351 vociferationibus
965 4292 1212 4340 utantur.
1236 4279 1297 4333 In
1327 4278 1525 4349 primis
1557 4275 1706 4330 enim
1741 4271 2024 4338 convenit,

443 4388 492 4444 si
531 4386 625 4458 qui
670 4382 738 4438 ad
774 4376 1152 4436 accusandum
1180 4373 1450 4427 accedere
1480 4367 1675 4430 velint,
1715 4376 1769 4422 te
1803 4377 2028 4420 causam

443 4479 692 4551 legitime
723 4485 1084 4546 cognoscere.
1115 4470 1308 4536 itaque
1342 4466 1388 4520 si
1433 4463 1561 4532 quis
1606 4475 1703 4516 eos
1741 4458 2027 4551 detulerit,

445 4549 613 4644 atque
649 4566 973 4642 probaverit
1015 4570 1212 4619 contra
1252 4559 1402 4627 leges
1450 4555 1750 4627 quidquam
1803 4549 2034 4608 commi-

445 4669 608 4733 sisse,
639 4674 696 4720 tu
720 4677 822 4733 pro
851 4658 1038 4716 delicti
1065 4654 1332 4726 qualitate
1363 4653 1436 4707 ita
1465 4647 1799 4706 sententiam
1833 4645 2034 4700 adver-

446 4776 543 4818 sus
573 4775 672 4815 eos
706 4757 872 4818 feres,
921 4761 982 4808 ut
1021 4750 1360 4814 mehercule,
1403 4747 1498 4818 qui
1531 4743 1825 4800 calumnia:
1869 4755 2036 4795 causa

449 4855 661 4909 crimen
702 4849 961 4917 cuiquam
995 4844 1302 4899 intendisse
1351 4846 1670 4910 compertus
1711 4834 1902 4897 fuerit,
1937 4846 2039 4902 pro

457 4941 714 5000 maleﬁcii
743 4939 1010 5011 gravitate
1040 4937 1096 4992 in
1130 4951 1256 4992 eum
1291 4934 1468 4989 modis
1495 4930 1755 4988 omnibus
1785 4927 2037 4983 animad-

456 5050 656 5099 vertas.
708 5059 726 5092 ι
776 5037 1130 5107 Rescriptum
1167 5031 1397 5090 Adriani
1451 5045 1553 5101 pro
1601 5026 1762 5083 nobis
1799 5025 2038 5090 editum,

455 5135 563 5190 tale
597 5132 722 5189 fuit.

898 5225 1060 5296 262
1088 5219 1315 5277 CAPUT
1350 5218 1592 5275 xxvm.

459 5325 536 5376 De
567 5335 862 5374 successore
888 5317 1113 5373 Adriani
1149 5314 1446 5374 Antonino,
1477 5319 1534 5364 ut
1566 5319 1614 5364 et
1640 5313 1749 5379 ipse
1783 5309 2043 5381 prwfectis

528 5393 587 5445 in
630 5393 761 5447 Asia
789 5391 898 5442 suis
927 5390 1216 5453 scripserit,
1249 5393 1297 5436 et
1331 5384 1749 5450 persecutionem
1780 5381 2046 5435 christia-

529 5478 723 5520 norum
749 5458 1099 5536 protzibuerit.

530 5577 832 5646 Postquam
864 5588 1000 5628 vero
1036 5572 1082 5625 is
1123 5584 1234 5624 uno
1271 5577 1327 5623 et
1369 5567 1562 5632 viginti
1616 5567 1777 5621 annis
1811 5565 2045 5635 imperio

463 5669 854 5725 administrato
889 5673 1101 5719 naturae
1127 5662 1377 5716 debitum
1412 5660 1699 5730 persolvit,
1732 5658 2046 5712 Antoninus

464 5762 595 5816 Pius
624 5761 675 5816 ei
699 5758 967 5814 successit
1000 5773 1011 5808 :
1047 5756 1115 5810 ad
1158 5769 1323 5825 quem
1364 5762 1417 5808 et
1461 5754 1527 5807 ad
1558 5761 1810 5807 senatum
1845 5750 2042 5804 Roma-

466 5864 598 5905 nam
641 5851 893 5908 Justinus
939 5857 1298 5906 memoratam
1329 5846 1675 5918 Apologiam,
1701 5843 2049 5901 Christianos

2060 4521 2114 4583 D

2135 3364 2464 3436 Ἑλληνικὴν
2495 3363 2729 3435 δύναμιν
2765 3362 3174 3434 μεταληφθεϊσα
3199 3378 3214 3393 ο
3255 3359 3536 3431 Ἀδριανὸς
3568 3358 3707 3411 Καῖ-

2129 3472 2235 3528 σαρ
2268 3457 2551 3527 Μινουκίῳ
2582 3456 2871 3526 Φουνδάνῳ
2891 3469 2907 3485 ·
2938 3453 3231 3525 ἐπιστολὴν
3266 3451 3538 3522 ἐδεξάμην
3570 3466 3708 3521 γρα-

2129 3547 2325 3619 φεῖσάν
2368 3564 2460 3617 μοι
2499 3548 2606 3600 ἀπὸ
2647 3547 2933 3619 Σερεννίου
2974 3543 3280 3616 Γρανιανοῢ
3319 3541 3707 3613 λαμπροτάτου

2130 3639 2344 3708 ἀνδρὸς,
2373 3639 2556 3692 ὅντινα
2586 3637 2650 3691 σὺ
2680 3636 2922 3700 διεδέξω.
2952 3637 3026 3691 Οὐ
3056 3635 3204 3689 δοκεῖ
3237 3651 3329 3704 μοι
3357 3633 3450 3686 οὖν
3478 3633 3539 3686 τὸ
3568 3631 3710 3701 πρᾶ-

2132 3748 2250 3803 γμα
2275 3731 2548 3802 ἀζήτητον
2573 3729 2920 3796 καταλιπεῖν,
2948 3727 3038 3780 ἵνα
3073 3728 3212 3797 μήτε
3239 3727 3287 3779 oi
3314 3725 3588 3795 ἀνθρωττοι
3614 3740 3712 3776 τα-

2134 3825 2471 3895 ράττωνται,
2507 3823 2603 3878 καὶ
2635 3824 2748 3885 τοῖς
2791 3819 3161 3889 συκοφάνταις
3199 3819 3436 3890 χορηγία
3473 3833 3715 3887 κακουρ-

2132 3919 2257 3986 γίας
2291 3916 2368 3987 μὴ
2403 3913 2750 3984 παρασχεθῇ.
2787 3911 2850 3966 Ei
2883 3912 3014 3981 γοῦν
3046 3910 3234 3980 σαφῶς
3267 3911 3348 3972 είς
3379 3908 3586 3978 ταύτην
3614 3905 3714 3978 τὴν

2132 4010 2359 4076 ἀξίωσιν
2383 4009 2434 4062 οἱ
2461 4005 2808 4079 ὲπαρχιῶται
2832 4005 3089 4060 δύνανται
3111 4001 3544 4074 διισχυρίζεσθαι
3568 3999 3711 4054 κατὰ

2135 4105 2243 4158 τῶν
2269 4101 2641 4175 Χριστιανῶν,
2666 4100 2741 4163 ὡς
2767 4098 2863 4153 καὶ
2886 4097 2992 4170 πρὸ
3019 4097 3265 4168 βήματος
3289 4092 3713 4166 ἀποκρίνασθαι,

2135 4199 2230 4252 ἐπὶ
2259 4195 2418 4250 τοῦτο
2449 4194 2610 4264 μόνον
2638 4191 2946 4263 τραπῶσιν,
2977 4189 3092 4244 ἀλλ’
3120 4189 3220 4242 οὐκ
3249 4187 3562 4253 ἀξιώσεσιν,
3593 4183 3715 4238 οὐδὲ

2142 4295 2303 4366 μόνον
2346 4291 2536 4363 βοαῖςο
2582 4287 2765 4358 πολλῷ
2807 4285 2918 4356 γὰρ
2958 4284 3161 4355 μᾶλλον
3202 4281 3502 4353 προσῆκεν,
3545 4279 3597 4332 εί
3631 4293 3715 4341 τις

2139 4385 2468 4457 κατηγορεῖν
2502 4382 2772 4454 βούλοιτο,
2804 4379 2965 4435 τοῦτό
3000 4394 3060 4431 σε
3093 4375 3500 4445 διαγινώσκειν.
3537 4371 3603 4425 Εί
3632 4387 3716 4435 τις

2138 4475 2231 4535 οὖν
2277 4479 2580 4550 κατηγορεῖ
2619 4477 2715 4530 καὶ
2760 4473 3005 4528 δείκνυσί
3053 4489 3106 4524 τι
3154 4470 3307 4539 παρά
3351 4471 3479 4531 τοὺς
3521 4465 3716 4534 νόμους

2139 4574 2521 4644 πράττοντας,
2569 4568 2748 4632 οὕτως
2799 4566 2952 4639 ὄριζε
3000 4564 3144 4619 κατὰ
3191 4563 3290 4632 τὴν
3341 4561 3574 4628 δύναμιν
3622 4555 3719 4608 τοῦ

2139 4666 2541 4738 ἁμαρτήματος
2567 4678 2583 4696 ·
2616 4664 2693 4725 ὡς
2725 4659 2803 4732 μὰ
2828 4661 2919 4714 τὸν
2950 4655 3226 4728 Ἠρακλέα
3257 4655 3308 4708 εί
3335 4670 3418 4715 τις
3451 4663 3718 4717 συκοφαν-

2142 4761 2265 4823 τίας
2307 4758 2472 4829 χάριν
2515 4755 2676 4811 τοῦτο
2717 4753 3020 4823 προτείνει,
3066 4747 3401 4817 διαλάμὸανε
3443 4743 3581 4810 ὑπὲρ
3619 4738 3720 4804 τῆς

2143 4853 2449 4920 δεινότητος
2473 4865 2486 4880 ·
2531 4847 2629 4901 καὶ
2670 4843 2925 4917 φρόντιζε
2967 4841 3165 4903 οὕτως,
3204 4839 3354 4898 ὅπως
3397 4835 3463 4889 ἂν
3501 4829 3720 4899 ἐκδικήο

2147 4957 2319 5005 σειας.
2356 4960 2374 4993 ι
2410 4938 2520 4993 Καὶ
2545 4937 2617 4991 τὰ
2652 4936 2750 5008 μὲν
2777 4935 2874 5005 τῆς
2905 4932 3046 5004 ὑπὲρ
3076 4930 3240 5002 ἡμῶν
3264 4927 3485 4998 γραφῆς
3512 4922 3723 4994 Ἀδρια·

2145 5035 2239 5089 νοῦ
2269 5033 2517 5088 τοιαῦτα.

2728 5207 2977 5263 ΚΕΦΑΛ.
3008 5203 3146 5260 KH'.

2148 5305 2290 5375 Περὶ
2320 5305 2428 5359 τοῦ
2452 5303 2580 5373 μετ’
2618 5295 3360 5375 ἈδριανόνῇΑν-τωνίνοςυ,
3403 5289 3610 5375 dicata}
3632 5289 3730 5368 af;-

2220 5363 2324 5442 τός
2364 5363 2483 5441 τοῖς
2513 5376 2584 5428 ἐν
2634 5363 2802 5436 Ἀᾰίᾳ
2853 5369 3214 5432 ἐπέστελλε,
3248 5367 3358 5420 τὸν
3404 5367 3536 5419 καθ’
3564 5363 3732 5432 ἡμῶν

2220 5447 2484 5516 διωγμὸν
2523 5443 2943 5500 ἀναστέλλων.

2235 5562 2392 5615 Ἐπεὶ
2434 5559 2478 5613 δ’
2509 5561 2716 5621 ἐκεῖνος
2765 5557 2906 5627 μετὰ
2950 5554 3170 5625 πρῶτον
3212 5550 3308 5606 καὶ
3352 5547 3598 5602 είκοστὸν
3637 5546 3734 5615 τῆς

2151 5655 2328 5725 ἀρχῆς
2371 5653 2489 5716 ἔτος
2533 5653 2595 5705 τὸ
2637 5649 2818 5722 χρεὼν
2857 5646 3317 5717 ἐλειτούργησεν,
3354 5640 3667 5700 Ἀντωνῖνος
3710 5639 3737 5690 ὁ

2153 5749 2306 5812 Πίος,
2342 5741 2386 5815 ᾧ
2427 5745 2523 5799 καὶ⁷
2566 5743 2814 5814 Εὐσεϐὴς
2857 5741 3147 5810 ἐπίκλησις
3189 5733 3279 5810 ἦν,
3319 5734 3419 5806 τὴν
3450 5730 3737 5800 Ῥωμαίων

2155 5842 2333 5914 ἀρχὴν
2377 5838 2778 5905 ὐποζὼννυται.
2825 5836 2970 5907 Πρὸς
3014 5833 3074 5887 ὃν
3115 5833 3215 5902 τὴν
3257 5826 3667 5903 προειρημένην
3707 5823 3736 5878 ὁ
