4046 6420
313 397 422 458 953

1249 393 1870 458 ECCLESIASTICIE
1913 398 2307 466 HISTORle
2349 406 2496 469 LIB.
2547 407 2663 469 ΙΙΙ.

3485 413 3591 474 9Ξ4

327 504 618 566 Ἰουστῖνος
647 501 743 556 καὶ
771 503 838 574 τῇ
873 500 1165 573 συγκλήτῳ
1195 505 1397 574 γράφει
1429 506 1727 576 ἀπολογίαν
1761 507 1902 578 ὑπὲρ

2033 514 2334 582 lefendcns,
2362 517 2714 588 conscripsit.
2747 517 2790 573 A
2812 533 2923 588 quo
2953 517 3066 584 ille,
3099 526 3155 574 et
3189 518 3350 574 simu}
3377 518 3445 573 ab
3467 519 3590 576 aliis

318 598 502 670 ἡμῶν.
539 590 751 667 Ὑφ’ἧς
784 596 812 649 ὁ
849 595 1104 664 βασιλεὺς
1141 597 1416 669 κινηθεὶς,
1453 599 1548 652 καὶ
1583 600 1676 669 ὑφ’
1701 600 1906 671 ἐτέρων

319 690 497 744 ἄλλων
543 687 812 742 πλείστων
853 687 1105 758 ἀδελφῶν
1147 689 1256 743 τῶν
1301 691 1394 744 ἐπὶ
1437 691 1538 762 τῆς
1571 693 1758 756 Ἀσίας
1801 694 1908 747 ὑπδ

320 782 432 835 τῶν
457 781 768 850 ἐπιχωρίων
796 779 1004 849 δήμων,
1036 779 1335 850 σκώμμασι
1367 784 1462 836 καὶ
1494 782 1686 854 ὓδρεσι
1715 786 1909 839 διατω-

325 873 645 945 θαζομένων
674 873 750 936 ὡς
785 873 1044 943 μάλιστα,
1075 873 1154 943 τῷ
1184 873 1348 946 κοινῷ
1375 877 1474 946 τῆς
1507 877 1695 941 Ἀσίας
1723 879 1909 948 διεχά-

310 981 490 1036 ’ραττε
523 966 832 1035 γράμματα
856 980 870 995 ·
907 964 943 1018 ἃ
975 964 1040 1034 δὴ
1073 964 1168 1018 καὶ
1203 965 1379 1029 αὐτὰ.
1414 967 1488 1030 ὡς
1522 961 1636 1036 εἶχε
1670 968 1907 1035 λέξεως,

323 1058 388 1124 τῇ
429 1058 723 1125 συγγραφῇ
761 1053 1182 1124 παραθήσομαι.
1223 1073 1242 1106 ι
1279 1057 1653 1128 Αὐτοκράτωρ
1689 1061 1908 1130 Κριῖσαρ

323 1147 548 1216 Μάρκος
581 1147 854 1218 Αὐρήλιος
891 1148 1208 1211 ’Δντωνῖνος
1245 1148 1550 1214 Σεϐαστὸς,
1589 1150 1870 1222 Ἀρμένιος
1893 1192 1908 1218 ,

324 1241 624 1310 ἀρχιερεὺς
662 1243 921 1309 μέγιστος
942 1278 960 1305 ,
994 1241 1349 1313 δημαρχικῆς
1382 1241 1635 1307 ἐξουσίας
1667 1244 1728 1296 τὸ
1762 1243 1908 1313 πέμ⁸

327 1347 464 1386 πτον
499 1333 596 1385 καὶ
629 1332 691 1385 τὸ
732 1332 962 1386 δέκατον
985 1371 1000 1397 ,
1038 1332 1246 1398 ὕπατος
1277 1333 1340 1387 τὸ
1374 1334 1560 1402 τρίτον
1581 1371 1596 1399 ,
1631 1334 1710 1404 τῷ
1747 1336 1911 1405 κοινῷ

327 1423 429 1492 τῆς
462 1422 649 1486 Ἀσίας
680 1423 911 1494 χαίρειν.
949 1423 1093 1493 Ἐγὼ
1126 1426 1228 1494 μὲν
1258 1421 1357 1479 οἷδ’
1380 1427 1464 1479 ὅτι
1496 1426 1594 1479 καὶ
1622 1427 1736 1489 τοῖς
1767 1427 1912 1490 θεοῖς

330 1515 591 1584 ἐπιμελές
636 1517 754 1568 ἐστι
803 1516 878 1586 μὴ
919 1517 1204 1571 λανθάνειν
1248 1518 1378 1581 τοὺς
1419 1517 1725 1580 τοιούτους.
1769 1517 1911 1572 Πολὺ

333 1604 442 1674 γάρ
480 1605 686 1675 μᾶλλον
718 1607 916 1660 ἐκεῖνοι
953 1607 1242 1662 κολάσαιεν
1275 1607 1342 1662 ἂν
1374 1609 1500 1671 τοὺς
1541 1607 1618 1679 μὴ
1652 1607 1913 1679 βουλομέ-

332 1712 459 1758 νους
496 1695 684 1760 αὐτοῖς
725 1700 1057 1766 προσκυνεῖν
1101 1700 1134 1770 ἢ
1177 1699 1367 1768 ὑμεῖς,
1413 1698 1508 1763 οὒς
1550 1701 1632 1764 είς
1667 1698 1916 1770 ταραχὴν

333 1782 663 1851 ἐμὸἀλλετε,
709 1783 1057 1853 βεϐαιοῦντες
1101 1787 1202 1856 τὴν
1243 1787 1472 1857 γνώμην
1516 1787 1698 1841 αὐτῶν
1738 1786 1918 1857 ἥνπερ

333 1872 521 1942 ἔχουσι
558 1875 690 1946 περὶ
730 1877 882 1946 ὑμῶν
914 1877 992 1941 ώς
1029 1877 1209 1932 ἀθέων
1243 1879 1703 1949 κατηγοροῦντες.
1738 1877 1837 1950 Είη
1873 1879 1917 1932 δ’
1952 1878 1991 1932 Β

335 1966 403 2020 ἂν
443 1969 719 2033 κάκείνοις
761 1971 1008 2042 αἱρετὸν,
1049 1972 1110 2025 τὸ
1151 1973 1328 2026 δοκεῖν
1371 1972 1914 2042 κατηγορουμένους,

339 2056 595 2114 τεθνάναι
617 2062 844 2130 μᾶλλον,
871 2063 904 2134 ἢ
929 2062 1053 2134 ζῇν,
1074 2064 1214 2135 ὑπὲρ
1236 2064 1328 2118 τοῦ
1348 2065 1551 2118 οἰκείου
1570 2063 1728 2118 Θεοῦ.
1754 2063 1918 2117 Ὅθεν

343 2150 438 2202 καὶ
466 2152 658 2206 νικῶσι
689 2155 1000 2224 προϊέμενοι
1025 2157 1124 2219 τάς
1154 2157 1366 2210 ἑαυτῶν
1389 2157 1593 2228 ψυχὰς,
1621 2157 1765 2228 ἥπερ
1800 2173 1921 2210 πει-

343 2239 564 2309 θόμενοι
604 2237 687 2307 οἷς
725 2244 944 2308 ἀξιοῦτε
985 2246 1254 2316 πράττειν
1291 2248 1499 2308 αὐτοῖς.
1542 2247 1679 2315 Περὶ
1715 2246 1773 2299 δὲ
1811 2245 1921 2299 τῶν

344 2333 590 2402 σεισμῶν
624 2336 730 2409 τῶν
765 2337 1072 2406 γεγονότων
1104 2337 1200 2392 καὶ
1241 2338 1546 2407 γινομένων
1580 2338 1682 2390 οὑκ
1721 2336 1922 2390 ἄτοπον

340 2424 488 2493 ὑμᾶς
517 2427 833 2498 ὑπομνῆσαι
855 2428 1202 2500 ἀθυμοῦντας
1225 2431 1468 2501 ὅτανπερ
1492 2423 1612 2491 ὦσι,
1640 2427 1926 2498 παραϐάλ-

341 2516 532 2580 λοντας
567 2517 626 2570 δέ
655 2521 725 2572 τά
758 2519 1008 2592 ἡμέτερα
1043 2522 1181 2593 πρὸς
1209 2521 1278 2574 τά
1314 2522 1660 2577 ἐκείνων.·οί
1697 2522 1798 2592 μὲν
1827 2516 1924 2575 οῦν

343 2607 944 2682 εὑπαρῤησιαστότεροι
974 2613 1218 2682 γίνονται
1249 2614 1388 2684 πρὸς
1432 2613 1524 2666 τὸν
1553 2612 1685 2666 Θεόν
1707 2630 1722 2644 ·
1765 2613 1926 2682 ὑμεῖς

344 2699 402 2754 δὲ
440 2703 597 2774 παρά
631 2704 810 2759 πάντα
841 2705 936 2759 τὸν
967 2706 1159 2778 χρόνον
1195 2705 1318 2760 καθ’
1341 2706 1403 2760 ὃν
1436 2707 1651 2774 ἀγνοεῖν
1684 2705 1922 2770 δοκεῖτε,

345 2792 457 2847 τῶν
483 2811 543 2846 τε
573 2795 713 2849 θεῶν
741 2797 836 2849 καὶ
863 2796 972 2851 τῶν
1003 2799 1180 2854 ἀλλων
1209 2800 1462 2870 ἀμελεῖτε
1485 2839 1500 2865 ,
1533 2797 1630 2850 καὶ
1655 2799 1755 2866 τῆς
1787 2795 1925 2866 θρη-

351 2885 540 2950 σκείας
567 2887 668 2958 τῆς
700 2890 832 2960 περὶ
861 2891 954 2943 τὸν
984 2891 1280 2959 ἀθάνατον,
1317 2891 1376 2944 ὃν
1406 2891 1470 2962 δὴ
1502 2891 1630 2952 τοὺς
1664 2890 1928 2958 Χριστια-

348 2979 475 3042 νοὺς
503 2979 908 3049 θρησκεύοντας
949 2982 1206 3036 ἐλαύνετε
1253 2983 1344 3037 καὶ
1372 2981 1600 3036 διώκετε
1631 2981 1735 3043 ἕως
1764 2980 1929 3034 θανά-

347 3085 464 3124 του.
499 3069 672 3142 ’Υπὲρ
699 3071 758 3124 δὲ
780 3071 889 3126 τῶν
913 3073 1172 3128 τοιούτων
1195 3075 1298 3146 ἢδη
1327 3074 1424 3128 καὶ
1453 3073 1645 3128 πολλοὶ
1668 3072 1776 3126 τῶν
1801 3072 1929 3142 περὶ

350 3163 452 3224 τὰς
473 3163 743 3234 ἐπαρχίας
769 3165 1057 3234 ἡγεμόνων
1079 3167 1174 3220 καὶ
1198 3167 1277 3238 τῷ
1303 3168 1566 3237 θειοτάτῳ
1588 3165 1746 3237 ἡμῶν
1768 3166 1931 3236 ἐγρα-

349 3253 462 3324 ψαν
496 3256 704 3325 πατρί’
740 3250 821 3318 οἷς
860 3258 955 3311 καὶ
995 3257 1304 3330 ἀντέγραψε
1349 3258 1516 3329 μηδὲν
1549 3257 1786 3326 ἐνοχλεῖν
1820 3255 1933 3316 τοῖς

351 3341 639 3407 τοιούτοις,
673 3343 722 3394 εί
762 3342 840 3412 μὴ
875 3342 1226 3412 ἐμφαίνοιντό
1257 3360 1312 3396 τι
1349 3345 1477 3412 περὶ
1508 3343 1606 3414 τὴν
1643 3341 1934 3412 Ῥωμαίων

351 3435 656 3505 ἠγεμονίαν
681 3434 1083 3505 ἐγχειροῦντες.
1110 3436 1224 3488 Καὶ
1246 3435 1372 3505 ἐμοὶ
1397 3436 1455 3488 δέ
1481 3435 1738 3505 περὶτῶν
1759 3433 1937 3487 τοιού-

353 3542 466 3578 των
495 3524 682 3578 πολλοὶ
715 3525 996 3597 ἐσήμηναν
1018 3541 1032 3554 °
1067 3519 1149 3590 οἷς
1181 3527 1251 3596 δὴ
1282 3527 1381 3580 καὶ
1415 3525 1735 3595 ἀντέγραψα
1769 3541 1939 3578 κατα-

355 3616 632 3669 κολουθῶν
663 3619 728 3689 τῇ
760 3617 856 3670 τοῦ
890 3617 1098 3689 πατρὸς
1130 3617 1350 3689 γνώμῃ.
1386 3619 1448 3671 El
1479 3616 1539 3672 δέ
1569 3633 1654 3680 τις
1686 3615 1938 3684 ἐπιμένοι

357 3707 484 3759 τινὰ
525 3706 636 3762 τῶν
683 3706 945 3762 τοιούτων
993 3709 1077 3771 είς
1125 3694 1438 3778 πράγματα
1486 3707 1703 3778 φέρων,
1750 3707 1826 3769 ὡς
1873 3706 1938 3776 δὴ

357 3798 634 3864 τοιοῦτον,
668 3803 878 3865 ἐκεῖνος
911 3803 940 3854 ό
971 3799 1423 3872 καταφερόμενος
1459 3798 1812 3854 ἀπολελύσθω
1845 3796 1938 3851 τοῦ

359 3893 728 3964 ἐγκλήματος,
757 3895 850 3947 καὶ
879 3894 976 3948 ἐὰν
1003 3894 1265 3964 φαίνηται
1295 3891 1535 3956 τοιοῦτος
1561 3891 1637 3945 ών
1656 3907 1671 3924 ο
1703 3893 1733 3945 ό
1758 3891 1814 3944 δέ
1843 3908 1943 3944 κα-

356 3986 613 4056 ταφέρων
648 3986 832 4056 ἔνοχος
867 3986 1027 4041 ἐσται
1061 3987 1239 4055 δίκης.
1283 3986 1596 4057 Προσετέθη
1633 3987 1690 4038 ἐν
1730 3984 1943 4055 Ἐφέσῳ

358 4076 420 4129 ἐν
451 4077 528 4148 τῷ
566 4079 734 4148 κοινῷ
768 4079 868 4149 τῆς
905 4078 1116 4142 Ἀσίας.
1158 4097 1178 4132 ι
1217 4078 1459 4133 Τοιαῦτα
1492 4079 1550 4132 δέ
1586 4077 1684 4132 καὶ
1717 4078 1788 4131 τά
1823 4078 1946 4132 Ἀν-

361 4170 568 4240 τωνίνῳ
598 4171 737 4241 ὑπὲρ
767 4171 925 4243 ημῶν
953 4173 1346 4244 γεγραμμένα.

929 4439 1186 4518 ΚΕΦἉΛ.
1214 4459 1347 4513 Κθο.

2011 609 2435 679 quamplurimis
2486 611 2782 676 fratribus,
2837 616 2929 680 qui
2977 627 3007 666 a
3051 613 3490 682 provincialibus
3534 614 3593 669 in

2010 701 2138 757 Asia
2179 705 2448 760 conviciis
2483 705 2799 776 et_injuriis
2831 705 3099 776 gravibus
3142 705 3591 760 contumeliosis-

2011 797 2149 852 sime
2177 797 2620 866 exagitabantur,
2667 809 2972 868 perunctus,
3021 799 3238 853 litteras
3270 797 3492 867 publice
3524 797 3595 851 ad

2010 889 2156 944 Asiae
2192 891 2426 960 populos
2453 891 2628 958 dedit,
2661 907 2799 962 quas
2829 892 3021 946 itidem
3069 891 3136 946 ad
3178 891 3410 946 verbum
3447 891 3597 945 inse-

2013 997 2136 1036 rere
2161 983 2405 1039 historise
2431 992 2635 1039 nostra:
2664 995 2749 1041 est
2774 985 2968 1040 visum.
3018 1004 3036 1037 ι
3079 984 3386 1054 Imperator
3411 983 3597 1038 Caesar

2013 1075 2230 1132 Marcus
2271 1077 2527 1134 Aurelius
2562 1078 2875 1134 Antoninus
2900 1079 3205 1149 Augustus,
3243 1077 3595 1142 Armenicus,

2015 1170 2264 1238 pontifex
2311 1171 2608 1237 maximus,
2663 1171 2877 1226 tribun.
2929 1181 3132 1241 potest.
3192 1187 3282 1234 xv,
3333 1185 3450 1224 cos.
3502 1167 3592 1231 ΙΙΙ,

2014 1264 2296 1318 communi
2316 1264 2460 1319 Asiae
2486 1265 2744 1319 salutem.
2778 1265 3046 1334 Equidem
3075 1264 3211 1326 scio,
3243 1261 3351 1316 diis
3377 1275 3599 1331 quoque
3629 1301 3644 1323 .

2016 1357 2153 1426 ipsis
2185 1372 2332 1411 curae
2375 1372 2520 1422 esse,
2566 1373 2636 1413 ne
2687 1359 2823 1412 tales
2856 1357 3115 1411 homines
3161 1355 3390 1409 lateant.
3428 1351 3600 1406 Multo

2016 1448 2162 1502 enim
2197 1449 2368 1517 magis
2401 1449 2478 1504 illi
2520 1449 2924 1503 vintlicaverint
2963 1463 3060 1504 eos
3105 1448 3200 1517 qui
3249 1446 3458 1501 cultum
3489 1443 3602 1498 illis

2019 1538 2266 1593 tribuere
2293 1539 2492 1604 nolint,
2516 1555 2679 1610 quam
2701 1553 2819 1605 vos,
2844 1539 2938 1608 qui
2965 1546 3157 1593 contra
3177 1551 3276 1591 eos
3303 1533 3600 1588 tumultum

2019 1633 2384 1687 commovetis
2437 1650 2450 1687 :
2499 1632 2822 1702 opinionem
2855 1647 3076 1702 quoque
3106 1644 3298 1685 eorum
3336 1641 3501 1697 quam
3533 1624 3604 1680 de

2020 1723 2179 1778 vobis
2227 1732 2636 1791 conceperant,
2690 1731 2750 1777 ut
2797 1723 2994 1776 atheos
3047 1736 3147 1775 vos
3200 1718 3596 1785 nullorumque

2021 1827 2253 1882 prorsus
2292 1814 2521 1869 deorum
2570 1815 2961 1879 criminentur,
2998 1811 3419 1867 conﬁrmantes.
3461 1804 3601 1872 Qui—

2024 1903 2125 1957 bus
2157 1905 2526 1973 praestabilius
2557 1909 2722 1961 etiam
2746 1912 2850 1968 est,
2887 1904 3016 1959 dum
3047 1899 3296 1956 accusari
3331 1896 3605 1967 arguique

2022 1996 2301 2063 videntur,
2335 2014 2435 2068 pro
2470 2000 2580 2053 Deo
2621 2014 2721 2053 suo
2755 1997 2894 2052 mori
2937 1997 3142 2066 potius,
3180 2007 3348 2064 qnam
3401 1991 3454 2044 in
3491 1988 3607 2041 vita

2027 2105 2270 2144 manere.
2302 2091 2650 2160 Proindeque
2688 2091 2924 2145 victores
2958 2088 3224 2151 evadunt,
3254 2085 3468 2138 animas
3498 2078 3605 2149 ipsi

2027 2195 2155 2236 suas
2185 2183 2349 2238 citius
2379 2183 2754 2252 projicientes,
2786 2197 2951 2251 quam
2985 2188 3044 2234 ut
3076 2195 3105 2233 a
3141 2179 3301 2233 vobis
3333 2175 3604 2247 persuasi,

2029 2275 2176 2344 quod
2213 2292 2312 2331 vos
2340 2277 2530 2342 vultis,
2568 2276 2792 2330 faciant.
2831 2274 2907 2328 De
2942 2269 3356 2327 terraamotibus
3395 2276 3608 2329 autem,

2030 2367 2126 2438 qui
2178 2367 2264 2420 vel
2308 2367 2487 2436 fuere,
2541 2367 2625 2422 vel
2671 2366 2856 2421 adhuc
2886 2364 3045 2429 ﬁunt,
3082 2377 3188 2416 non
3227 2360 3638 2430 importunum.

2031 2461 2221 2525 fuerit,
2253 2476 2373 2526 vos,
2406 2461 2500 2530 qui
2535 2475 2600 2515 ea
2641 2460 2710 2514 de
2749 2471 2914 2513 causa
2948 2454 3166 2508 animos
3209 2449 3608 2521 despondistis,

2032 2556 2349 2624 admonere,
2373 2564 2432 2610 ut
2456 2555 2666 2611 scilicet
2691 2570 2779 2610 res
2805 2562 3164 2624 vestras'cum
3191 2547 3356 2602 rebus
3388 2545 3610 2598 illorum

2030 2648 2355 2703 conferatis.
2385 2651 2564 2718 Atque
2596 2647 2677 2703 illi
2726 2647 2949 2718 quidem
2993 2639 3353 2700 liberioribus
3387 2633 3612 2706 majori-

2031 2743 2247 2812 busque
2289 2757 2418 2812 erga
2457 2743 2628 2796 Deum
2675 2748 2806 2796 sunt
2847 2737 3047 2792 animis
3088 2751 3106 2792 :
3147 2749 3248 2788 vos
3279 2740 3463 2786 autem
3497 2736 3614 2782 toto

2033 2834 2138 2889 hoc
2173 2843 2440 2904 tempore,
2464 2849 2574 2903 quo
2598 2846 2797 2887 causas
2824 2843 3017 2885 eorum
3045 2827 3302 2896 ignorare
3324 2819 3614 2885 videmini,

2035 2927 2169 2982 deos
2194 2936 2250 2982 et
2290 2941 2379 2980 res
2411 2926 2545 2980 alias
2587 2923 2884 2994 negligitis,
2925 2929 2982 2975 et
3012 2918 3362 2973 Christianos
3397 2930 3430 2970 a
3457 2914 3612 2971 cultu

2037 3017 2368 3073 immortalis
2400 3017 2494 3072 Dei
2523 3031 2688 3086 quem
2717 3014 2794 3069 illi
2827 3020 3164 3069 venerantur
3195 3007 3421 3072 arcetis,
3458 3015 3514 3060 et
3543 3003 3615 3058 ad

2039 3124 2274 3168 mortem
2309 3126 2482 3182 usque
2510 3107 2933 3180 persequimini.
2959 3104 3233 3160 Caeterum
3263 3101 3332 3155 de
3364 3100 3430 3154 iis
3457 3107 3617 3153 antea

1961 3229 2002 3287 ο
2038 3221 2261 3278 quoque
2311 3205 2473 3260 multi
2518 3202 2937 3273 provinciarum
2985 3209 3234 3253 rectores
3291 3193 3420 3248 divo
3471 3189 3616 3261 patri

2037 3311 2230 3357 nostro
2285 3300 2651 3369 scripserunt.
2703 3295 2916 3360 Quibus
2963 3292 3055 3346 ille
3106 3285 3426 3356 rescripsit,
3481 3281 3618 3338 nihil

2038 3393 2306 3448 molestiae
2365 3389 2750 3446 lacessendum
2791 3401 2911 3441 esse
2958 3384 3103 3448 illis,
3151 3393 3516 3453 praeterquam
3571 3375 3619 3429 si

2038 3485 2172 3556 quid
2212 3493 2404 3539 contra
2451 3481 2746 3552 imperium
2791 3479 3103 3533 Romanum
3149 3472 3328 3528 moliti
3360 3485 3481 3525 esse
3525 3467 3621 3522 de-

2040 3577 2546 3649 prehenderentur.
2567 3573 2710 3639 Quin
2739 3580 2794 3626 et
2822 3571 2890 3624 ad
2918 3585 3003 3623 me
3031 3566 3191 3622 multi
3216 3565 3283 3619 de
3304 3563 3383 3618 eis
3404 3562 3622 3616 litteras

2040 3671 2354 3726 dederunt:
2383 3668 2584 3737 quibus
2613 3665 2682 3719 de
2716 3661 2891 3734 patris
2933 3659 3063 3724 mei,
3109 3672 3274 3728 quem
3312 3655 3448 3709 mihi
3489 3653 3621 3706 imi-

2044 3763 2268 3817 tandum
2295 3775 2416 3816 esse
2441 3758 2596 3825 duxi,
2622 3757 2895 3812 sententia
2922 3751 3201 3820 rescripsi.
3229 3748 3389 3819 263
3414 3747 3470 3802 Si
3494 3762 3623 3800 vero

2042 3857 2316 3928 quispiam
2360 3849 2804 3924 perseveraverit
2849 3846 3111 3915 cuiquam
3150 3842 3622 3904 Christianorum,

2043 3948 2190 4019 quod
2225 3947 2351 4002 talis
2379 3945 2472 4010 sit,
2508 3941 2791 4013 negotium
2827 3937 3114 4000 exhibere,
3149 3934 3366 3989 delatus
3397 3931 3624 4002 quidem

2043 4042 2281 4098 crimine
2311 4040 2654 4101 absolvetur,
2696 4028 2950 4106 quamvis
2982 4032 3110 4088 talis
3146 4043 3270 4085 esse
3307 4034 3628 4096 compertus

2045 4135 2118 4190 sit
2142 4151 2157 4188 :
2186 4134 2400 4189 delator
2424 4142 2606 4185 autem
2637 4130 2758 4201 ipse
2788 4143 2982 4200 ptenas
3008 4119 3511 4190 dabituProposita
3540 4125 3629 4172 est

2047 4228 2165 4282 haec
2205 4227 2441 4294 epistola
2486 4225 2716 4295 Ephesi,
2748 4221 2802 4277 in
2834 4227 3111 4277 conventu
3137 4216 3364 4286 publico
3401 4213 3566 4266 Asiae.
3603 4228 3622 4259 ι

2051 4322 2178 4374 Haec
2211 4318 2290 4375 sic
2324 4326 2382 4373 et
2423 4316 2739 4372 Antoninus
2789 4330 2892 4384 pro
2929 4309 3267 4368 Christianis
3317 4302 3626 4373 rescripsit.

2601 4451 2828 4508 CAPUT
2870 4449 3065 4506 XXIX.

365 4587 508 4657 Περὶ.
539 4583 677 4657 τοῦῇ
699 4581 874 4657 ἁγίου
933 4581 1301 4657 Εὑοταθίου,
1340 4576 1582 4657 toﬁ-x92
1620 4579 1930 4657 Ᾰῌᾳκίδιεε

2051 4573 2128 4628 De
2148 4579 2332 4657 sancto
2362 4569 2658 4657 Eustath'io',
2689 4567 2780 4657 qtti
2799 4575 2848 4647 et
2877 4563 3129 4657 Ρίοισξιίαξ
3156 4562 3324 4643 dictus
3355 4560 3472 4627 fuit.
3493 4556 3628 4615 Item

439 4647 541 4711 καὶ
573 4653 681 4709 τοῦ
709 4647 885 4720 ἁγίου
941 4650 1320 4719 Ἐλευθερίου
1367 4647 1478 4701 τοῦ
1512 4649 1584 4703 ἐν
1620 4648 1948 4716 Ἰλλυριοῖς

439 4726 805 4781 ἐπισκόπου.

440 4840 556 4908 Πρὸ
584 4838 644 4892 δὲ
682 4837 793 4890 τῶν
823 4833 1178 4906 γραμμάτων
1206 4830 1418 4886 τούτων
1445 4829 1638 4884 πολλοὶ
1659 4831 1770 4885 τῶν
1807 4834 1950 4906 ὑπὲρ

368 4930 612 5004 Χριστοῦ
661 4929 851 4997 ἀγῶνα
883 4927 1182 4992 διενεγκεῖν
1229 4923 1516 4993 λέγονται·
1571 4918 1648 4978 ὧν
1696 4921 1779 4988 εἷς
1832 4927 1950 4980 ἐστι

369 5026 465 5078 καὶ
503 5024 533 5075 ὁ
585 5020 863 5086 ἀξιόνικος
903 5017 1120 5089 μάρτυς
1168 5014 1470 5076 Εὑστάθιος
1494 5031 1507 5046 ο
1545 5009 1589 5082 ᾧ
1626 5017 1719 5068 ἐπὶ
1747 5016 1954 5088 Τραϊα-

369 5114 461 5168 νοῦ
522 5114 623 5184 τὴν
680 5111 776 5164 τοῦ
850 5107 1228 5180 στρατηλάτου
1278 5105 1738 5178 περιϐεϐλημένῳ
1793 5105 1952 5172 ἀξίαν

371 5205 646 5267 Πλακίδας
673 5203 848 5272 ὅνομα
887 5197 979 5272 ἦν,
1022 5198 1131 5254 τῶν
1163 5199 1223 5252 εὖ
1268 5197 1573 5266 γεγονότων
1605 5198 1704 5252 καὶ
1734 5199 1952 5269 πλούτῳ

369 5299 643 5365 διάσημος
700 5293 797 5349 ών.
836 5292 1073 5364 Μυρίοις
1126 5289 1172 5344 δ’
1224 5289 1662 5360 ἐνωραῖξόμενος
1724 5290 1954 5358 ἀγαθοῖς

372 5389 469 5442 καὶ
523 5388 624 5458 τῆς
677 5383 887 5440 ἀνωθεν
921 5383 1172 5453 κλήσεως
1232 5383 1594 5452 κατηξίωται.
1651 5381 1810 5435 Κατά
1843 5383 1953 5453 γάρ

371 5497 495 5535 τινα
529 5479 737 5551 ἔρημον
769 5475 1015 5544 κυνηγίᾳ
1042 5473 1389 5544 ἐσχολακότι,
1416 5474 1444 5525 ό
1479 5473 1716 5543 Χριστὸς
1749 5472 1952 5542 ἐλάφου

375 5575 570 5643 κέρασι
611 5570 924 5641 καθήμενος
969 5562 1121 5621 ὧπτο
1175 5567 1492 5637 ἀπορρήτου
1537 5565 1729 5634 σοφίας
1765 5564 1957 5636 βουλή-

375 5683 530 5734 ματι,
565 5662 830 5730 καὶπρὸς
890 5661 1086 5715 ἑαυτὸν
1146 5659 1296 5712 ἐλκει
1324 5700 1340 5724 ,
1399 5659 1498 5713 καὶ
1555 5659 1626 5711 τὰ
1684 5658 1953 5728 μέλλοντα

371 5756 538 5825 ἥκειν
581 5754 734 5822 αὺτῷ
787 5752 1231 5824 προηγόρευσεν.
1272 5750 1431 5804 Ἐπεὶ
1456 5751 1512 5803 δὲ
1550 5750 1770 5804 καὶτοῦ
1805 5751 1953 5804 θείου

377 5847 614 5918 μετέσχε
665 5845 936 5917 λουτροῦ,
990 5843 1318 5915 πανοικεσίᾳ
1368 5842 1592 5915 Χριστῷ
1647 5843 1952 5914 πρόσεισιν.

2262 4643 2326 4695 de
2359 4650 2543 4696 sancto
2575 4634 2877 4693 Eleutherio
2918 4634 3122 4705 Illyrici
3149 4635 3413 4703 episcopo.

2123 4823 2437 4891 Antequam
2489 4828 2671 4875 autem
2727 4813 3005 4888 ejusmodi
3053 4812 3359 4868 ederentur
3404 4812 3631 4880 litterae,

2053 4912 2314 4984 permulti
2363 4911 2628 4968 dicuntur
2673 4908 3213 4980 egregie-certamen
3264 4899 3632 4972 pro’Christo

2054 5007 2345 5077 pertulisse
2381 5023 2394 5059 :
2427 5017 2662 5072 quorum
2693 5016 2839 5055 unus
2865 5001 3032 5055 etiam
3066 4999 3171 5053 fuit
3192 4995 3424 5050 victoria
3450 4995 3636 5048 clarus

2055 5107 2264 5168 martyr
2292 5094 2633 5150 Eustathius.
2665 5093 2716 5148 Is
2751 5091 2853 5148 sub
2886 5091 3125 5160 Traiano
3165 5087 3323 5144 ducis
3351 5083 3635 5140 exercitus

2057 5206 2256 5262 gerens
2281 5189 2628 5258 dignitatem,
2654 5185 2909 5241 Placidas
2935 5183 3245 5244 dicebatur,
3270 5189 3328 5236 et
3350 5191 3550 5249 genere
3579 5184 3636 5230 et

2055 5284 2253 5354 opibus
2287 5280 2540 5336 illustris.
2577 5278 2712 5334 Cum
2744 5292 2877 5334 vero
2917 5276 3172 5347 plurimis
3196 5275 3436 5329 eniteret
3464 5285 3633 5326 orna-

2055 5375 2279 5439 mentis,
2330 5381 2613 5442 postremo
2657 5370 2877 5425 caelesti
2928 5381 3148 5437 quoque
3214 5364 3506 5419 vocatione
3548 5369 3637 5418 est

2057 5469 2476 5524 cohonestatus.
2503 5465 2720 5520 Etenim
2746 5463 2800 5517 in
2827 5461 3126 5516 solitudine
3149 5457 3388 5527 quadam
3411 5455 3634 5512 venanti

2056 5562 2314 5618 Christus
2341 5560 2490 5615 cervi
2513 5557 2784 5614 cornibus
2806 5555 3055 5610 insidens
3087 5552 3369 5621 apparuit,
3395 5565 3636 5619 eumque

2059 5672 2272 5710 arcana:
2297 5653 2582 5723 sapientiae
2609 5650 2844 5706 consilio
2870 5648 2936 5704 ad
2967 5663 3026 5703 se
3058 5647 3352 5718 pertraxit,
3378 5655 3436 5701 et
3467 5645 3636 5701 simul

2058 5764 2181 5820 quae
2211 5747 2259 5803 ei
2291 5755 2555 5803 eventura
2587 5753 2774 5800 essent
2801 5741 3076 5813 praedixit.
3113 5739 3298 5810 Itaque
3326 5740 3638 5811 baptizatus

2057 5857 2185 5898 cum
2237 5849 2349 5897 tota
2399 5838 2565 5894 domo
2612 5854 2732 5904 sua,
2779 5835 3001 5892 Christo
3043 5849 3104 5890 se
3153 5834 3381 5892 dedidit.
3429 5833 3635 5890 Verum
