4046 6462
401 387 508 450 955
583 451 586 454 .

1623 390 2052 456 NlCEPHOBI
2097 395 2454 456 CALLISTI

3561 393 3672 460 956

399 497 682 550 enimvero
737 497 952 552 occulta
1005 508 1063 553 et
1119 513 1319 554 arcana
1371 500 1759 570 exploratione
1817 514 1985 574 atque

2108 507 2436 579 Ἀπορῤήτῳ
2469 509 2532 562 δὲ
2579 520 2643 577 τῃ
2675 507 2971 576 δοκιμασίᾳ
3007 508 3216 576 γυμνὸς
3248 507 3410 573 εὐθὺς
3441 515 3672 582 γενόμε-

403 585 729 641 excussione
760 587 924 642 rebus
967 589 1227 642 omnibus
1254 590 1436 644 statim
1464 600 1547 647 est
1573 593 1832 650 nudatus.
1849 595 1988 651 Nam

403 678 604 746 opibus
660 677 1079 750 honoribusque
1134 684 1397 738 omnibus
1453 687 1752 759 projectis,
1815 704 1987 746 uxore

400 770 570 823 etiam
615 778 669 823 et
713 770 906 826 liberis
956 772 1120 842 longo
1151 784 1403 846 tempore
1443 781 1650 836 caruit.
1688 784 1872 849 Atque
1915 784 1992 840 ita

402 863 668 918 :erumnis
698 860 965 928 ferendis,
1002 867 1172 921 veluti
1210 869 1352 924 alter
1403 871 1628 939 quidam
1653 874 1755 930 Job
1790 879 1989 942 factus,

405 964 612 1024 postea,
649 956 1113 1022 quemadmodum
1145 968 1201 1013 et
1246 960 1360 1023 ille,
1405 964 1716 1020 Servatoris
1751 966 1993 1035 disposi-

403 1049 578 1112 tione,
607 1065 714 1103 una
745 1066 869 1106 cum
901 1068 1076 1107 uxore
1100 1063 1155 1108 et
1192 1055 1318 1108 filiis
1339 1047 1555 1126 Agapio
1580 1069 1636 1114 et
1661 1059 1990 1132 Thenpisto,

403 1141 471 1195 ad
507 1143 798 1209 pristinam
835 1147 1126 1200 restitutus
1157 1158 1242 1202 cst
1272 1148 1595 1206 felicitatem
1645 1161 1700 1210 et
1733 1154 1990 1224 gloriam.

405 1233 593 1289 Multis
619 1235 818 1291 deinde
847 1237 1094 1295 victoriis
1117 1240 1185 1293 ab
1221 1241 1476 1298 hostibus
1515 1246 1835 1314 reportatis,
1869 1248 1995 1317 qui-

407 1323 510 1377 bus
562 1340 760 1396 magno
809 1328 1007 1388 terrori
1061 1337 1216 1394 erat,
1266 1347 1391 1385 cum
1431 1333 1617 1390 [initiae
1663 1349 1810 1394 esset
1849 1339 1994 1406 apud

407 1415 740 1482 Adrianum,
771 1420 865 1487 qui
914 1419 983 1474 de
1032 1422 1197 1477 rebus
1246 1425 1434 1478 multis
1463 1441 1590 1480 eum
1643 1439 1728 1483 est
1762 1445 1996 1499 percun-

407 1517 616 1572 ctatus,
662 1511 812 1578 quod
862 1511 1206 1570 daemonibus
1249 1520 1563 1574 sacrificare
1601 1533 1904 1582 recusaret.
1940 1524 1996 1579 in

411 1612 616 1652 aereum
652 1609 870 1654 taurum
927 1604 1049 1672 igne
1080 1607 1409 1662 candentem
1461 1627 1566 1665 una
1607 1628 1734 1668 cum
1765 1617 1998 1685 conjuge

410 1698 468 1740 et
511 1688 702 1745 liberis
741 1693 1047 1763 conjectus,
1083 1698 1249 1750 vitam
1281 1698 1355 1752 ibi
1390 1711 1566 1755 morte
1607 1707 1992 1774 commutavit,

411 1794 539 1833 eum
571 1782 792 1849 quidem
830 1786 936 1839 illis
967 1787 1049 1841 sic
1087 1792 1353 1861 martyrio
1392 1793 1693 1864 defunctis,
1726 1814 1795 1854 ne
1827 1799 1994 1870 pilum

411 1870 638 1938 quidem
667 1872 808 1942 ignis
837 1880 1268 1946 consumpserit,
1299 1897 1402 1937 nec
1428 1884 1823 1944 detrimentum
1851 1889 1999 1944 aliud

412 1964 688 2019 attulerit.
726 1967 798 2020 Ea
834 1967 952 2037 ipsa
1001 1981 1166 2026 aetate
1212 1979 1491 2045 praestanti
1541 1980 1741 2034 virtute
1784 1982 2001 2052 juvenis

419 2055 778 2114 Eleutherius
813 2062 864 2114 in
903 2063 1118 2133 Illyrico
1155 2078 1295 2121 erat.
1336 2068 1524 2125 Romae
1559 2074 1604 2127 is
1651 2090 1880 2146 quoque
1907 2092 2000 2130 or-

414 2159 526 2217 tus,
576 2162 751 2208 matre
785 2156 1009 2225 Anthia,
1062 2175 1226 2228 quam
1283 2179 1511 2233 magnus
1553 2167 1644 2221 ille
1689 2168 1891 2224 Paulus
1934 2168 2000 2226 ad

413 2245 816 2312 professionem
854 2248 1226 2305 Christianam
1281 2257 1604 2322 perduxisse
1660 2259 1858 2315 fertur.
1910 2261 2002 2316 Illa

412 2352 550 2392 vero
579 2337 752 2393 lilium
789 2357 1014 2412 quoque
1047 2344 1339 2418 religionis
1369 2349 1489 2418 ejus
1528 2350 1804 2407 [Heredem
1849 2353 1999 2424 fecit,

413 2438 471 2484 et
497 2429 731 2486 Auiceto
761 2432 1012 2487 Romano
1039 2435 1303 2506 episcopo
1330 2440 1558 2495 tradidit
1589 2461 1602 2496 :
1636 2444 1799 2516 264.
1829 2462 1860 2502 a
1890 2461 2002 2517 quo

414 2539 603 2580 sacras
623 2526 865 2583 Litteras
896 2529 1150 2595 edoctus,
1184 2545 1343 2586 sacro
1373 2533 1505 2588 clcri
1538 2551 1769 2594 numero
1799 2538 2003 2594 inseri-

415 2627 529 2681 tur,
567 2626 623 2672 et
652 2619 850 2690 quinto
882 2619 1098 2676 decimo
1133 2625 1311 2679 aetatis
1343 2642 1489 2682 anno
1524 2628 1740 2685 diaconi
1770 2633 2001 2702 gradum

412 2711 786 2781 consequitur
821 2729 834 2766 :
875 2728 1002 2767 mox
1049 2715 1291 2771 triennio
1339 2728 1463 2787 post
1531 2721 1822 2794 presbyter
1852 2739 2005 2778 crea-

417 2812 506 2858 tur
536 2821 549 2857 :
589 2811 644 2857 et
674 2804 874 2859 deinde
904 2805 1098 2878 viginti
1140 2817 1302 2863 natus
1331 2825 1506 2866 annos
1542 2813 1740 2887 Illyrici
1791 2816 2006 2885 episco-

421 2911 525 2965 pus
586 2896 888 2967 deligitnr.
959 2897 1069 2952 vita
1129 2900 1314 2968 priore
1377 2904 1550 2974 signis
1607 2906 2005 2977 miraculisqne

423 2989 749 3060 ingentibus
787 2990 1021 3047 edendis
1063 3001 1360 3049 transacta.
1396 2996 1499 3052 Ubi
1549 3015 1680 3054 vero
1713 3003 2006 3072 quamplu-

422 3085 580 3138 ritnis
605 3085 671 3139 ad
707 3085 993 3140 Christum
1028 3088 1332 3157 perductis,
1369 3090 1438 3144 ab
1485 3091 1730 3147 Adriano
1773 3095 2009 3153 accersi—

2091 615 2204 664 νος,
2235 600 2330 653 καὶ
2381 601 2451 653 τὰ
2503 599 2742 670 περιττὰ
2793 598 2890 651 τοῦ
2949 599 3181 654 πλούτου
3231 601 3326 655 καὶ
3375 602 3486 672 τῆς
3508 601 3671 673 δόξης

2091 689 2424 756 ἀποϐαλὼν,
2462 691 2558 744 καὶ
2595 690 2862 758 γυναικὸς
2893 691 2988 744 καὶ
3017 691 3229 746 παίδων
3263 692 3545 764 ἀλλότριος
3573 711 3672 763 γε-

2093 781 2270 850 γονὼς
2324 783 2504 854 χρόνῳ
2559 781 2780 852 συχνῷ,
2816 781 3118 836 κάντεῦθεν
3163 784 3260 837 καὶ
3303 783 3552 854 δεύτερός
3583 801 3672 849 τις

2105 872 2226 926 Ἰὼὸ
2282 875 2396 936 τοῖς
2450 855 2687 927 ἐκεῖθεν
2721 872 2958 926 πάθεσιν
3007 874 3286 941 ἐκφανεὶς,
3351 875 3409 937 ἐς
3443 873 3672 946 ὕστερον

2095 963 2217 1018 κατ’
2258 964 2464 1018 ἐκεῖνον
2509 966 2607 1018 καὶ
2646 964 2804 1028 οὗτος
2855 967 2983 1029 ταῖς
3032 965 3128 1019 τοῦ
3171 967 3423 1036 Σωτῆρος
3454 985 3676 1039 προμη·

2096 1057 2294 1122 θείαις,
2327 1058 2546 1128 σύναμα
2580 1059 2808 1125 γυναικὶ
2862 1059 2962 1112 καὶ
3013 1058 3246 1123 τέκνοις,
3290 1061 3534 1133 ’Δγαπίιρ
3578 1063 3674 1114 καὶ

2093 1149 2400 1220 Θεοπίστῳ,
2433 1151 2513 1213 είς
2561 1150 2666 1218 τὴν
2715 1148 2995 1221 προτέραν
3055 1151 3417 1212 εὐδαιμονίαν
3453 1152 3546 1205 καὶ
3583 1150 3677 1204 es-

2097 1242 2288 1296 κλειαν
2321 1242 2651 1311 ἐπανῆλθεν.
2685 1243 2940 1310 Τρόπαια
3001 1241 3062 1294 δὲ
3110 1241 3283 1298 πολλὰ
3326 1241 3677 1311 συστησάμε-

2097 1350 2210 1397 νος,
2241 1335 2334 1386 καὶ
2368 1333 2601 1404 φοϐερός
2629 1351 2714 1396 τις
2737 1335 3220 1403 ἄγανὰναφανεὶς,
3246 1335 3370 1388 ἐπεὶ
3398 1336 3458 1387 ὲν
3487 1335 3678 1406 Ῥώμῃ

2097 1426 2395 1495 γενόμενος
2436 1426 2704 1496 Ἀδριανῷ
2735 1429 3058 1496 συγγίνεται
3089 1429 3315 1480 πλεῖστα
3349 1427 3416 1497 δὴ
3447 1426 3681 1498 ἐκζητή-

2101 1539 2286 1583 σαντι,
2325 1523 2420 1574 καὶ
2477 1521 2673 1585 θυσίας
2727 1525 2843 1585 τοῖς
2893 1521 3148 1588 δαίμοσιν
3180 1522 3501 1590 ἀνενεγκεῖν
3531 1523 3679 1601 ἀπῃ-

2100 1609 2260 1676 ξίου,
2315 1608 2507 1679 ταύρῳ
2552 1608 2743 1678 χαλκῷ
2795 1609 3294 1678 πεπυρακτωμὲνῳ
3351 1609 3681 1678 ἐμϐάλλεται

2103 1705 2320 1772 σύναμα
2349 1705 2575 1771 γυναικὶ
2610 1705 2706 1758 καὶ
2737 1703 2975 1767 τέκνοις·
3014 1704 3109 1758 καὶ
3160 1706 3216 1756 ὲν
3249 1703 3401 1772 αὐτῷ
3437 1703 3497 1756 τὸ
3527 1703 3678 1766 τέλος

2051 1850 2072 1898 ι
2101 1798 2379 1867 ἠνέγκατο
2406 1796 2470 1848 οὐ
2517 1796 2704 1866 μέντοι
2737 1795 2869 1863 ἄχρι
2915 1797 2978 1862 δὴ
3033 1795 3130 1848 καὶ
3165 1797 3348 1864 τριχδς
3379 1795 3472 1848 τοῦ
3509 1795 3682 1865 πυρὸς

2103 1885 2492 1955 λυμηναμένου
2539 1883 2752 1945 αὐτοῖς.
2787 1883 2880 1951 Τῷ
2913 1882 2956 1934 δ’
2991 1883 3140 1950 αὑτῴ
3173 1885 3354 1952 χρόνῳ
3400 1884 3492 1934 καὶ
3522 1886 3548 1935 ὁ
3581 1899 3684 1961 1:0-

2101 1978 2199 2040 λὺς
2223 1979 2323 2047 τὴν
2353 1977 2557 2046 ἀρετὴν
2593 1975 2738 2029 κατὰ
2765 1976 2826 2027 τὸ
2863 1975 3160 2045 Ἰλλυρικὸν
3183 1976 3455 2047 διέτριϐεν
3495 1973 3682 2028 Ἐλευ-

2104 2065 2309 2134 θέριος,
2339 2069 2404 2119 ἐκ
2443 2065 2667 2136 Ῥώμης
2719 2065 2824 2136 μὲν
2855 2066 2953 2118 κα).
2986 2064 3144 2128 οὖτος
3191 2065 3538 2137 ὁρμώμενος,
3575 2083 3685 2136 μη-

2103 2159 2196 2228 τρὶ
2229 2159 2286 2212 δὲ
2331 2159 2522 2230 Ἀνθίᾳ
2561 2160 2936 2229 χρησάμενος“
2970 2154 3002 2232 ᾖ
3031 2159 3240 2220 Παῦλος
3267 2161 3294 2210 ό
3336 2161 3510 2228 μέγας
3538 2158 3684 2228 ὡμι-

2104 2251 2310 2322 ληκὼς,
2347 2253 2448 2321 τῆς
2491 2255 2573 2314 είς
2612 2253 2854 2320 Χριστὸν
2894 2253 3133 2314 πίστεως
3179 2251 3366 2320 ὀδηγὸς
3417 2249 3688 2320 χρηματί-

2107 2345 2214 2410 ζει.
2259 2345 2322 2398 Ἠ
2365 2346 2426 2397 δὲ
2473 2345 2566 2396 τὸν
2615 2345 2780 2397 παῖδα
2816 2345 2914 2396 καὶ
2940 2344 3039 2412 τῆς
3070 2344 3309 2406 πίστεως
3350 2344 3687 2412 κληρονόμον

2105 2435 2300 2500 ἐτίθει,
2357 2437 2454 2490 καὶ
2510 2425 2784 2504 Ἀ’νικήτῳ
2840 2434 2920 2504 τῷ
2968 2434 3191 2503 Ῥώμης
3240 2435 3525 2503 ὲπισκόπῳ
3553 2433 3689 2485 αὐτὸ

2108 2528 2422 2599 ἀνατίθησι·
2449 2530 2582 2597 παρ’
2617 2528 2678 2581 οὗ
2718 2531 2788 2581 τὰ
2839 2528 2963 2598 ιερὰ
2995 2529 3306 2595 γράμματα
3346 2527 3684 2589 παιδευθεὶς,

2105 2621 2186 2690 τῷ
2215 2621 2512 2691 καταλόγῳ
2537 2621 2630 2673 τοῦ
2668 2621 2873 2691 κλήρου
2918 2619 3238 2690 ἐναρίθμιος
3272 2619 3504 2688 γίνεται.
3544 2620 3690 2687 Πέμ-

2110 2733 2233 2785 πτῳ
2259 2714 2314 2768 δὲ
2347 2715 2444 2767 καὶ
2480 2715 2695 2782 δεκάτῳ
2737 2718 2840 2786 τῆς
2876 2713 3046 2767 αὐτοῦ
3074 2713 3294 2780 ἡλικίας
3326 2711 3438 2763 ἔτει
3467 2711 3558 2765 τὸν
3595 2712 3687 2765 τοῦ

2107 2808 2360 2862 διακόνου
2397 2808 2615 2877 βαθμὸν
2647 2809 2880 2860 εἴσεισιν
2901 2823 2915 2836 '
2946 2805 3096 2860 ὀκτὼ
3132 2807 3189 2860 δὲ
3235 2807 3375 2878 πρὸς
3410 2811 3522 2868 τοῖς
3556 2807 3688 2858 δέκα

2109 2902 2428 2971 γενόμενος,
2465 2901 2543 2969 τῷ
2588 2901 3010 2971 πρεσϐυτερείῳ
3070 2903 3546 2970 ὲγκαταλέγεταιο
3595 2901 3690 2952 καὶ

2107 2993 2189 3062 τῷ
2222 2989 2460 3061 εἰκοστῷ
2504 2991 2616 3044 ἔτει
2651 2991 2750 3044 τοῦ
2799 2992 3104 3062 Ἰλλυρικοῦ
3139 2992 3441 3053 ἐπίσκοπος
3469 3006 3690 3060 προχειο

2113 3085 2352 3156 ρίζτται,
2387 3086 2643 3154 σημείοις
2676 3084 2900 3146 πολλοῖς
2929 3085 3025 3136 καὶ
3061 3085 3252 3153 τέρασι
3295 3083 3386 3135 τὸν
3423 3082 3538 3151 βίον
3563 3080 3691 3152 πρό-

419 3187 530 3244 tns,
560 3176 723 3233 fidem
749 3178 956 3233 Christi
986 3183 1437 3238 constantissime
1463 3185 1734 3248 defendit,
1765 3187 2004 3256 primum

2119 3195 2283 3250 τερον
2317 3180 2777 3248 κατικοσμήσας.
2833 3177 2993 3230 Ἐπεὶ
3018 3177 3075 3230 δὲ
3109 3177 3340 3239 πολλοὺς
3377 3176 3692 3244 ἐπισπώμε-

420 3268 476 3318 iu
506 3266 713 3320 lectum
758 3268 1005 3323 ferreum
1044 3271 1276 3341 ignitum
1334 3274 1652 3342 reponitur,
1702 3276 1902 3330 deinde
1949 3278 2002 3331 in

421 3359 662 3413 ahenum
697 3361 820 3416 oleo
849 3370 906 3416 et
933 3363 1125 3417 arvina
1160 3363 1399 3420 ferventi
1433 3367 1658 3436 plenum
1689 3371 2005 3438 conjicitur,

423 3465 588 3523 atque
634 3469 758 3508 mox
806 3455 861 3510 in
899 3455 1022 3511 foco
1069 3457 1192 3527 igne
1221 3459 1476 3516 conferto
1505 3461 1832 3518 collowtur.
1869 3462 2008 3518 Cum

425 3557 610 3603 autent
663 3549 750 3605 his
801 3552 1091 3607 tormentis
1127 3553 1391 3609 omnibus
1441 3556 1699 3624 superior
1736 3564 1905 3621 esset,
1953 3558 2008 3611 in

423 3640 706 3698 fornacem
747 3643 870 3711 igne
920 3644 986 3698 ad
1035 3661 1313 3700 summum
1359 3646 1701 3716 calcfactam,
1752 3651 1846 3720 qui
1898 3650 2009 3718 pri«

426 3751 578 3791 mum
613 3737 947 3792 Ceraborem
979 3739 1237 3808 Opificem
1274 3741 1418 3810 ejus,
1449 3740 1597 3810 quod
1625 3740 1829 3798 Christi
1863 3758 2013 3798 com-

421 3828 619 3897 plexus
657 3839 808 3885 esset
846 3828 1033 3896 ﬁdem,
1074 3844 1393 3901 exceperat,
1435 3835 1803 3903 protruditur.
1839 3837 2012 3892 Porro

427 3921 783 3978 Eleutherius
815 3939 882 3978 ex
912 3926 1168 3980 custodia
1215 3926 1481 3997 deinceps
1512 3939 1817 3999 extractus,
1853 3930 2014 3984 indo-

425 4015 687 4085 mitisque
721 4016 879 4086 equis
909 4017 1183 4086 alligatus,
1219 4018 1329 4073 huc
1357 4031 1522 4090 atque
1561 4021 1693 4076 illuc
1727 4023 2008 4076 trahitur:

425 4109 560 4162 etvi
592 4109 778 4164 divina
822 4111 1062 4166 vinculis
1101 4113 1224 4182 ejus
1268 4114 1486 4180 Salutis,
1531 4125 1782 4168 montem
1819 4130 2015 4184 quern-

427 4204 554 4258 dam
615 4204 963 4268 conscendit,
1024 4213 1189 4274 atque
1234 4206 1307 4260 ibi
1356 4207 1677 4276 aliquandiu
1735 4217 2010 4274 versatur,

427 4313 553 4350 cum
603 4295 736 4351 feris
766 4312 907 4366 quas
952 4297 1173 4350 cicures
1214 4296 1482 4350 reddebat
1519 4297 1799 4353 habitans.
1832 4300 2014 4367 Atque

427 4405 554 4446 cum
588 4391 683 4444 Dei
715 4399 992 4460 prmeepta
1031 4390 1455 4458 promulgasset,
1490 4399 1546 4445 et
1580 4393 1917 4462 quingentos
1944 4391 2012 4445 ad

429 4483 678 4537 divinum
716 4483 1070 4550 perduxisset
1101 4484 1405 4547 lavacrum,
1437 4499 1659 4538 rursum
1696 4485 1746 4537 in
1780 4499 2014 4552 conSpe-

2115 3290 2206 3335 νος
2245 3275 2326 3336 είς
2383 3273 2643 3342 Χριστὸν,
2703 3270 2844 3340 πρὸς
2888 3269 3174 3339 Ἀδριανοῦ
3216 3269 3555 3339 μετάκλητος
3604 3284 3694 3336 γε-

2113 3362 2311 3432 γονὼς,
2345 3364 2446 3434 τὴν
2480 3365 2625 3417 κατὰ
2673 3363 2918 3434 Χριστὸν
2957 3366 3143 3416 πίστιν
3190 3364 3429 3432 μάλιστα
3458 3361 3691 3432 βεϐαιῶν

2113 3451 2206 3524 ἦν,
2246 3456 2442 3525 πρῶτα
2483 3454 2586 3522 μὲν
2641 3453 2803 3524 κλίνῃ
2865 3453 3092 3522 σιδήρου
3151 3451 3437 3521 πυρὶ’τὴν
3482 3450 3694 3520 μορφὴν

2113 3548 2279 3618 ὁμοίᾳ.
2319 3547 2770 3602 ἐπανακλίνεταν
2812 3546 2948 3613 μετὰ
2982 3547 3039 3596 δὲ
3067 3545 3227 3597 τοῦτο
3271 3547 3496 3612 τηγάνῳ
3517 3542 3693 3594 ἐλαίου

2117 3642 2321 3711 πλήρει
2376 3641 2473 3693 καὶ
2541 3640 2766 3700 στέατος
2821 3638 3262 3708 ἔχοι-πυρωθέντων
3321 3635 3693 3705 ὲμΰάλλεται·

2116 3737 2326 3805 ἐσχάρᾳ
2367 3751 2427 3786 τε
2475 3734 2648 3802 πυρὸς
2694 3731 2895 3800 ἐπίσης
2949 3729 3151 3802 ἐχούσῃ
3190 3729 3479 3784 ἁπλοῦται.
3525 3729 3613 3790 Ὧς
3638 3725 3697 3779 δὲ

2116 3831 2213 3880 καὶ
2264 3825 2472 3878 τούτων
2531 3827 2838 3894 ὑπέρτερος
2891 3820 2983 3894 ἦν,
3032 3824 3277 3892 κλιϐάνῳ
3328 3822 3536 3892 σφόδρα
3583 3820 3698 3873 δια-

2118 3921 2313 3974 καέντι
2341 3919 2637 3981 ἐκδίδοται,
2668 3917 2889 3987 πρῶτον
2919 3917 3215 3986 Κεράὖορα
3237 3918 3330 3967 τὸν
3359 3912 3700 3967 κατασκευά-

2120 4031 2292 4068 σαντα
2352 4012 2780 4083 ὑποδεξαμένῳ,
2832 4013 2930 4080 τὴν
2985 4012 3066 4073 είς
3119 4011 3357 4081 Χριστὸν
3410 4023 3698 4062 κατασπα-

2118 4108 2354 4176 σάμενον
2412 4107 2620 4158 πίστιν.
2687 4103 3031 4173 Ἐλευθέριος
3094 4103 3186 4164 δὲ,
3252 4101 3398 4171 μετὰ
3451 4100 3698 4170 φρουρὰν

2117 4199 2318 4262 πώλοις
2375 4199 2591 4269 ἀγρίοις
2645 4196 2866 4259 δεθεὶς,
2924 4197 3147 4248 ἕλκεται
3185 4211 3197 4224 ·
3249 4194 3372 4262 θείᾳ
3420 4193 3476 4243 δὲ
3536 4190 3698 4260 ῥώμῃ

2116 4294 2299 4356 λυθεὶς
2335 4293 2444 4344 τῶν
2514 4292 2761 4360 δεσμῶν,
2825 4289 2943 4361 ὄρει
3008 4286 3473 4358 προσεπιόαίνει·
3537 4281 3700 4350 θηρσὶ

2117 4389 2410 4450 διαιτᾶται,
2444 4385 2479 4439 δι
2519 4387 2614 4438 καὶ
2646 4385 2832 4453 ἥμερα
2879 4381 3114 4434 ἐδείκνυ.
3173 4381 3251 4432 Tit
3306 4380 3364 4430 δὲ
3431 4375 3524 4429 τοῦ
3560 4373 3698 4427 Θεοῦ

2119 4481 2331 4544 διεξιὼν
2383 4478 2578 4545 λόγια,
2637 4475 2770 4528 ὡσεὶ
2815 4472 3217 4533 πεντακοσίους
3275 4469 3353 4538 τῷ
3407 4470 3539 4537 θείῳ
3593 4467 3695 4535 ὑπ’·

428 4585 580 4631 ctum
617 4575 972 4644 imperatoris
1009 4584 1340 4644 pertractus,
1377 4577 1572 4632 bestiis
1606 4577 1872 4643 objicitnr
1907 4595 1921 4630 :
1959 4587 2004 4632 et

2123 4576 2250 4641 ἀγει
2303 4558 2540 4641 λουτρῷ.
2598 4569 2690 4637 Τῷ
2721 4567 2934 4636 βασιλεῖ
2988 4564 3046 4618 δὲ
3093 4565 3190 4617 καὶ
3234 4561 3394 4623 αὖθις
3447 4563 3524 4623 εἰς
3574 4559 3699 4626 όψιν

427 4684 553 4724 cum
586 4669 654 4723 ab
686 4667 756 4721 iis
786 4683 1010 4736 quoque
1041 4669 1230 4722 salvus
1268 4680 1724 4732 conservaretur,
1760 4686 1826 4724 ex
1861 4669 2014 4722 mili-

434 4763 583 4815 tibus
610 4759 722 4813 duo
748 4758 1014 4826 impetum
1043 4760 1098 4813 in
1123 4775 1247 4813 eum
1281 4761 1512 4823 faciunt,
1543 4771 1706 4831 atque
1734 4760 2016 4814 occidunt.

433 4853 609 4907 Mater
639 4850 808 4905 etiam
837 4851 948 4905 lilio
978 4851 1149 4906 vitam
1186 4852 1396 4906 finienti
1432 4853 1790 4917 circumfusa,
1823 4853 2014 4906 itidem

433 4954 494 5000 ut
519 4942 632 5012 ille,
667 4943 921 5014 martyrii
950 4959 1210 4999 coronam
1239 4946 1480 5016 excepit.

1005 5168 1233 5225 CAPUT
1275 5168 1445 5226 XXX.

434 5285 692 5360 Quasdam
709 5285 772 5340 de
790 5283 1090 5356 Polycarpo
1118 5284 1404 5406 apostzlico
1431 5299 1730 5342 successore
1750 5284 2020 5340 memoria:

1032 5373 1266 5406 commen
1310 5365 1421 5406 ata.

1032 5365 1421 5410 commendata.

507 5493 706 5550 Adhuc
763 5490 1030 5546 Anicetus
1079 5489 1271 5544 Roma:
1309 5488 1599 5544 ecclesiam
1650 5488 2016 5562 gubernabat,

435 5603 566 5641 cum
595 5585 956 5657 Polycarpus,
1000 5583 1208 5637 Irenzeo
1252 5581 1549 5642 referente.
1577 5591 1805 5650 propter
1827 5597 2020 5652 quam-

438 5679 565 5734 dam
596 5693 718 5748 qua}
765 5677 832 5734 de
866 5676 1136 5732 Paschate
1183 5675 1456 5732 inciderat
1496 5676 1881 5744 quwstioneut,
1914 5674 2020 5728 Ro-

443 5787 587 5824 mam
619 5769 791 5835 venit,
825 5781 990 5837 ntqne
1032 5768 1105 5822 ibi
1137 5782 1262 5822 cum
1299 5767 1532 5824 Anicato
1567 5767 1912 5821 familiariter
1937 5774 2021 5821 est

445 5863 776 5918 collocutus.
809 5862 916 5917 Sed
947 5871 1004 5916 et
1032 5861 1135 5916 alia
1166 5861 1404 5916 lrenmus
1435 5861 1503 5916 de
1537 5859 1838 5931 l’olycarpo
1870 5875 2018 5916 com-

2121 4661 2317 4726 ἐλθὼν,
2381 4661 2594 4730 θηρίοις
2646 4659 2784 4728 βορὰ.
2829 4657 3222 4727 παρατίθεται.
3298 4652 3391 4712 Ὧς
3441 4652 3496 4703 δὲ
3557 4651 3694 4709 σῶος

2120 4755 2446 4822 διετηρεῖτο,
2479 4751 2574 4803 δύο
2611 4747 3056 4802 ὲπεισπεσόντων
3115 4742 3474 4813 στρατιωτῶν
3542 4743 3696 4793 ἀναι-

2122 4851 2327 4919 ρεῖται.
2357 4846 2458 4898 Καὶ
2484 4847 2516 4913 ἡ
2558 4847 2742 4913 μήτηρ
2773 4841 2849 4910 τῷ
2881 4840 3033 4894 παιδὶ
3067 4839 3438 4906 τελειουμένῳ
3474 4853 3702 4905 περιχυ-

2123 4940 2300 5001 θεῖσα,
2350 4938 2550 5005 ἐπίσης
2589 4934 2784 5002 ἐκείνῳ
2811 4932 2903 4984 τὸν
2929 4928 3024 4982 τοῦ
3059 4930 3365 4998 μαρτυρίου
3405 4927 3702 4998 ἅνεδήεατο

2124 5030 2416 5096 στέφανον.

2721 5162 2980 5216 ΚΕΦΑΛ.
3018 5163 3098 5216 A'.

2131 5283 2206 5339 Τὰ
2240 5281 2375 5352 περὶ
2405 5279 2805 5347 Πολυκάρπου
2833 5275 2938 5330 τοῦ
2974 5273 3389 5352 ᾁποστολικοῦ
3416 5270 3699 5339 διαδόχου

2640 5348 3170 5420 μνημονευόμενα.

2206 5485 2333 5540 Ἐπὶ
2367 5485 2412 5538 δ’
2455 5481 2746 5550 Ἀνικὴτου
2798 5478 2869 5532 τὰ
2917 5477 3018 5545 τῆς
3077 5475 3300 5544 Ῥώμης
3352 5472 3700 5545 ἡνιοχοῦντος

2125 5580 2367 5652 πηδάλια
2403 5575 2767 5642 Πολύκαρπον
2817 5572 3110 5641 Εἰρηναῖος
3153 5571 3454 5638 ἱστόρησεν
3481 5567 3613 5621 περί
3645 5582 3694 5619 τι

2123 5671 2345 5740 συμϐὰν
2399 5668 2502 5722 τοῦν
2534 5669 2726 5736 [Ιόιαχα
2761 5664 3022 5734 τηνικάδε
3067 5663 3296 5732 ζήτημα
3349 5661 3429 5723 είς
3478 5657 3698 5725 Ῥώμην

2123 5785 2186 5821 τε
2223 5765 2547 5836 ἀφικέσθαι,
2579 5763 2674 5816 καὶ
2707 5761 2786 5828 τῷ
2830 5760 3102 5829 Ἀνικήτῳ
3132 5759 3210 5818 εἰς
3243 5753 3468 5824 ὁμιλίαν
3496 5750 3677 5804 ἐλθεῖν

2131 5860 2240 5913 Καὶ
2267 5856 2405 5912 ἄλλα
2451 5854 2507 5907 δὲ
2546 5855 2573 5906 ὁ
2607 5852 2898 5922 Εἰρηναῖος
2931 5849 3062 5918 περὶ
3115 5847 3478 5914 Πολυκάρπου
3507 5839 3699 5905 διέξει-
