4046 6424
357 379 461 442 957

1285 378 1892 441 ΕαριΕΒΙΑΒΤΙοΑι
1937 379 2330 442 HISTORIA!
2369 384 2514 446 LIB.
2558 383 2670 444 ἶ·ῐῐ.

3519 386 3628 447 958

360 508 469 546 σινο
525 491 561 543 ἃ.
608 487 975 556 καταλέγειν,
1023 490 1122 543 καὶ
1163 491 1228 561 τῇ
1270 493 1523 566 παρούσῃ
1578 494 1937 566 πραγματείᾳ

2048 507 2351 562 memorat,
2391 513 2514 566 quae
2567 496 2780 552 referre
2828 505 2884 552 et
2928 498 3191 567 praesenti
3245 499 3398 567 operi
3431 500 3629 571 adjun-

359 585 696 646 συνάπτειν,
750 582 902 636 ὅσιον
945 583 1182 651 ἥγημαι.
1231 583 1448 648 Ἀμέλει
1506 587 1566 638 ὲν
1614 585 1693 656 τῷ
1767 586 1938 657 τρίτῳ

357 678 466 731 τῶν
501 678 657 745 Πρὸς
684 675 794 740 τὰς
836 675 1120 742 αἰρέσεις,
1157 676 1285 730 τάδε
1315 678 1458 732 κατὰ
1492 680 1560 749 ῥῆ
1569 696 1644 746 μα
1678 681 1807 749 περὶ
1841 680 1939 732 αὑ-

358 770 452 823 τοῦ
499 769 762 834 διέξεισι·
797 786 814 818 ι
851 768 962 820 Καὶ
1022 767 1385 840 Πολύκαρπος
1431 770 1490 823 δὲ
1541 772 1602 824 οὐ
1639 771 1799 840 μόνον
1834 771 1942 824 ὑπὸ

357 861 467 914 τῶν
507 857 825 916 ἀποστόλων
883 857 1249 930 μαθητευθεὶς
1273 897 1291 925 ,
1330 863 1422 914 καὶ
1459 862 1939 932 συναναστραφεὶς

361 954 582 1015 πολλοῖς
615 952 707 1005 τὸν
747 951 959 1020 Κύριον
997 952 1332 1020 ἑωρακόσιν,
1361 955 1500 1008 ἀλλὰ
1533 957 1624 1008 καὶ
1671 957 1774 1008 ὑπὸ
1801 956 1928 1008 ἀπο-

361 1046 564 1100 στόλων
595 1047 678 1108 είς
701 1046 802 1116 τὴν
839 1044 1022 1099 Ἀσίαν
1057 1048 1422 1111 κατασταθεὶς
1451 1050 1509 1101 ὲν
1541 1052 1608 1120 τῇ
1640 1049 1736 1118 τῆς
1759 1049 1942 1119 Σμύρ-

360 1156 456 1208 νης
487 1137 758 1208 ἐκκλησίᾳ
809 1137 1134 1204 ἐπίσκοπος,
1167 1139 1228 1196 ὃν
1275 1143 1370 1195 καὶ
1407 1144 1570 1212 ἡμεῖς
1613 1143 1940 1212 ἑωράκαμεν

359 1228 419 1278 ὲν
440 1227 506 1296 τῇ
536 1225 733 1299 πρώτῃ
762 1226 920 1295 ἡμῶν
953 1228 1166 1300 ἡλικίᾳ,
1197 1232 1292 1284 ὲπὶ
1323 1231 1458 1285 πολὺ
1487 1232 1597 1301 γὰρ
1630 1233 1936 1303 παρέμεινε

332 1320 458 1373 ’καὶ
493 1317 636 1370 πάνυ
679 1319 951 1388 γηραλέος
996 1316 1084 1391 ἦν,
1131 1322 1363 1390 ἐνδόξως
1394 1325 1490 1378 καὶ
1521 1327 1941 1395 ἐπιφανέστατα

363 1411 726 1481 μαρτυρήσας
777 1411 972 1480 ἐξῆλθε
1027 1413 1121 1466 τοῦ
1173 1413 1315 1484 βίον,
1360 1416 1536 1470 ταῦτα
1569 1418 1787 1483 διδάξας
1825 1419 1938 1483 ἀεὶ,

359 1500 396 1556 ἃ
421 1503 518 1554 καὶ
549 1502 698 1573 παρὰ
748 1504 859 1556 τῶν
894 1504 1210 1559 ἀποστόλων
1260 1507 1482 1577 ἔμαθεν·
1537 1509 1574 1563 ἆ
1615 1511 1767 1581 καὶὴ
1820 1509 1943 1562 Ἐκ-

364 1593 562 1663 κλησία
593 1596 986 1665 παραδίδωσιν·
1015 1595 1052 1650 ὃ.
1075 1598 1170 1650 καὶ
1201 1599 1339 1668 μόνα
1375 1603 1520 1655 ἐστὶν
1551 1601 1749 1672 ἀληθῆ.
1785 1603 1942 1673 Μαρ-

362 1687 591 1758 τυροῦσι
621 1687 838 1752 τούτοις
871 1690 928 1742 at
960 1689 1105 1742 κατὰ
1131 1689 1230 1760 τὴν
1277 1691 1464 1745 Ἀσίαν
1505 1693 1798 1764 ἐκκλησίαι
1832 1697 1942 1750 πᾶ-

2044 604 2173 657 gere
2206 589 2354 658 pium
2381 604 2504 644 esse
2529 589 2737 657 judico.
2773 590 2829 644 In
2860 590 3026 645 tertio
3053 590 3202 646 enim
3231 590 3434 647 Contra
3459 593 3604 646 latere

2041 696 2123 733 se:
2164 680 2330 744 libro,
2366 679 2483 736 haec
2512 682 2584 734 ita
2616 681 2684 734 de
2715 695 2780 735 eo
2813 681 2981 736 refert
3017 700 3029 735 :
3071 701 3090 734 ι
3128 682 3464 754 Polycarpus
3493 697 3626 739 vero

2042 788 2153 827 non
2208 773 2372 853 modo
2429 773 2497 828 ab
2544 773 2808 842 apostolis
2869 774 3196 839 institutus,
3251 791 3376 831 cum
3435 777 3626 831 multis

2041 882 2236 922 eorum
2294 867 2455 934 vixit,
2503 867 2596 936 qui
2648 867 2943 922 Dominum
2998 868 3100 936 ipsi
3167 869 3453 935 viderunt,
3526 870 3626 926 sed

2041 961 2209 1016 etiam
2256 976 2355 1030 per
2396 961 2697 1029 apostolos.
2738 960 3059 1032 Smyrnensi
3107 961 3363 1018 Ecclesia:
3394 964 3448 1017 in
3493 964 3624 1019 Asia

2042 1054 2338 1122 episcopus
2385 1053 2676 1108 ordinatus
2721 1063 2828 1108 cst.
2882 1054 3057 1119 Quem
3115 1055 3276 1125 265
3322 1063 3376 1110 et
3416 1072 3518 1111 nos
3566 1057 3624 1111 in

2044 1145 2217 1213 prima
2251 1153 2441 1199 nostra
2464 1152 2628 1199 aetate
2654 1143 2899 1198 vidimus
2929 1161 2944 1199 :
2973 1145 3186 1199 diutius
3207 1146 3355 1200 enim
3382 1147 3542 1213 vixit,
3567 1157 3627 1202 ct

2046 1235 2099 1289 in
2132 1235 2304 1289 multa
2341 1241 2632 1289 senectute
2665 1249 2792 1288 cum
2825 1249 3021 1302 magna
3055 1223 3230 1303 gloria
3267 1236 3628 1305 magniﬁcen.

2045 1326 2255 1382 tissime
2283 1324 2546 1394 martyrio
2571 1323 2747 1386 obito,
2776 1339 2808 1378 e
2839 1325 2970 1380 vita-
2998 1326 3266 1392 excessit,
3305 1341 3370 1381 ea
3403 1343 3626 1397 semper

2042 1418 2246 1472 docens
2268 1432 2392 1487 qua:
2417 1417 2485 1472 ab
2512 1417 2776 1485 apostolis
2814 1416 3108 1480 didicerat,
3139 1427 3195 1473 et
3221 1433 3344 1487 quae
3376 1417 3624 1474 Ecclesia

2043 1511 2233 1575 tradit,
2266 1525 2389 1580 quae
2417 1511 2679 1566 videlicet
2708 1510 2822 1566 sola
2851 1517 2982 1566 sunt
3005 1526 3159 1566 vera.
3190 1511 3492 1568 Testantur
3522 1513 3628 1566 hoc

2041 1603 2293 1658 ecclesiae
2337 1604 2554 1660 Asiana}
2601 1617 2820 1664 omnes,
2874 1613 2929 1656 et
2977 1603 3071 1670 qui
3133 1604 3200 1658 ad
3248 1603 3396 1657 hunc
3449 1619 3628 1672 usque

2042 1693 2189 1750 diem
2241 1695 2296 1748 in
2349 1694 2636 1765 Polycarpi
2688 1709 3007 1752 successere
3058 1695 3266 1758 locum,
3309 1695 3457 1763 quod
3497 1695 3626 1750 lidei

363 1797 474 1846 σαι,
514 1781 608 1834 καὶ
639 1782 688 1834 οί
726 1782 887 1852 μέχρι
928 1781 1022 1834 νῦν
1063 1783 1470 1852 διαδεδεγμένοι
1515 1788 1607 1840 τὸν
1651 1789 1937 1858 Πολυχάρ-

2048 1786 2269 1855 majoris
2317 1789 2630 1856 certiorque
2677 1786 2929 1843 veritatis
2985 1787 3140 1842 testis
3197 1787 3404 1851 fuerit,
3457 1803 3626 1856 quam

363 1886 466 1921 που
497 1869 709 1939 θρόνον,
745 1869 926 1939 πολλῷ
967 1871 1414 1944 ἀξιοπιστότερον
1445 1878 1541 1928 καὶ
1582 1876 1938 1946 βεϐαιότερον

2048 1877 2372 1933 Valentinus
2403 1887 2456 1932 et
2487 1877 2751 1940 Marcion,
2780 1887 2834 1934 et
2879 1879 3007 1935 item
3040 1879 3129 1932 alii
3160 1879 3476 1934 insanarum
3509 1878 3628 1947 opi-

364 1959 623 2030 ὰληθείας
653 1962 915 2033 μάρτυρα
967 1965 1099 2018 ὄντα
1140 1967 1500 2023 Οὐαλεντίνου
1535 1973 1632 2026 καὶ
1663 1971 1937 2043 Μαρκίω-

363 2067 454 2114 νος
503 2052 599 2105 καὶ
650 2053 757 2106 τῶν
790 2053 996 2108 λοιπῶν
1032 2057 1416 2126 κακοφρόνων*
1451 2061 1548 2113 καὶ
1578 2063 1670 2114 ἐπὶ
1714 2063 1937 2133 Ἀνική-

363 2157 457 2194 του
489 2144 832 2215 ἐπιδημήσας
875 2148 942 2214 τῇ
973 2145 1187 2218 Ῥώμῃ,
1213 2151 1445 2214 πολλοὺς
1474 2154 1584 2206 ἀπὸ
1611 2156 1719 2207 τῶν
1751 2173 1945 2222 προειδ

307 2301 311 2304 ι
367 2236 618 2308 ρημὲνων
670 2238 966 2304 αἱρετικῶν
1024 2240 1369 2313 ἐπέστρεψεν
1424 2246 1516 2297 ἐπὶ
1564 2247 1662 2316 τὴν
1708 2248 1937 2317 Ἐκκλη-

367 2330 488 2381 σίαν
541 2329 636 2382 τοῦ
684 2329 842 2392 Θεοῦ,
881 2331 1012 2400 μίαν
1068 2335 1166 2386 καὶ
1213 2335 1388 2406 μόνην
1421 2338 1630 2408 ταύτην
1662 2339 1931 2408 ἀλήθειαν

365 2421 614 2494 κηρὺξας
677 2425 782 2477 ὑπὸ
826 2427 936 2478 τῶν
995 2428 1312 2482 ἀποστόλων
1373 2434 1937 2508 παρειληφένοαιστὴν

367 2515 474 2568 ὑπὸ
525 2517 626 2585 τῆς
670 2515 1006 2586 Ἐκκλησίας
1048 2521 1526 2593 παραδεδομένην.
1571 2525 1681 2578 Καὶ
1720 2526 1861 2579 είσὶν
1885 2528 1938 2579 οἱ

363 2607 700 2670 ἀκούσαντες
747 2608 941 2671 αὐτοῦ,
984 2610 1068 2663 ὅτι
1110 2610 1366 2682 Ἰωάννης
1405 2614 1432 2666 6
1457 2612 1553 2666 τοῦ
1590 2615 1797 2683 Κυρίου
1832 2633 1938 2685 μα-

365 2697 576 2767 θητὴς,
634 2699 691 2751 ἒν
744 2701 810 2768 τῇ
855 2699 1071 2768 Ἐφέσῳ
1123 2701 1416 2772 πορευθεὶς
1473 2702 1802 2771 λούσασθαι,
1839 2706 1935 2758 καὶ

368 2790 495 2842 ἰδὼν
525 2790 632 2843 ἔσω
667 2791 962 2860 Κήρινθον,
989 2791 1217 2858 ἐξήλατο
1255 2793 1347 2846 τοῦ
1379 2793 1664 2863 βαλανείου
1707 2798 1782 2865 μὴ
1813 2795 1948 2849 λου-’

368 2883 622 2948 σάμενος,
663 2879 779 2934 ἀλλ’
813 2881 1007 2946 είπὼν,
1042 2881 1314 2948 Φύγωμεν
1351 2921 1366 2948 ,
1428 2880 1505 2951 μὴ
1562 2881 1660 2933 καὶ
1721 2882 1782 2933 τὸ
1843 2881 1940 2952 βα·-

365 2971 573 3026 λανεῖον
625 2975 903 3046 συμπέσῃ,
963 2973 1115 3027 ἔνδον
1168 2974 1322 3036 ὄντος
1392 2973 1670 3046 Κηρίνθου
1705 2974 1802 3028 τοῦ
1835 2976 1938 3047 τῆς

364 3066 622 3136 ἀληθείας
683 3065 905 3135 ἐχθροῦ.
978 3066 1088 3118 Καὶ
1157 3065 1321 3129 αὐτὸς
1378 3066 1438 3120 δὲ
1487 3069 1515 3120 6
1567 3067 1932 3138 Πολύκαρπος

2045 1970 2270 2024 nionum
2325 1981 2613 2037 auctores;
2651 1973 2742 2040 qui
2796 1986 2920 2025 cum
2976 1971 3205 2026 Romam
3244 1971 3348 2026 sub
3390 1972 3627 2025 Anicato

2044 2063 2408 2131 pervenisset,
2440 2064 2632 2118 multis
2663 2079 2725 2118 ex
2767 2065 2852 2118 eis
2884 2065 2977 2132 qui
3011 2063 3146 2119 dicti
3183 2073 3311 2118 sunt
3345 2062 3627 2118 bereticis

2045 2156 2348 2224 persuasit,
2390 2164 2447 2209 ut
2475 2155 2540 2209 ad
2593 2155 2897 2210 Ecclesiam
2935 2155 3029 2209 Dei
3076 2155 3343 2218 redirent,
3374 2169 3540 2208 unam
3570 2161 3628 2207 et

2046 2244 2216 2298 solam
2262 2245 2407 2298 hanc
2443 2244 2752 2305 veritatem,
2802 2259 2968 2311 quam
3010 2243 3255 2298 Ecclesia
3307 2243 3626 2307 tradiderit,

2045 2350 2103 2390 se
2133 2336 2201 2390 ab
2229 2335 2492 2404 apostolis
2519 2335 2800 2403 accepisse
2827 2334 3152 2403 praedicans.
3185 2335 3414 2390 Exstant
3441 2336 3628 2392 adhuc

2045 2427 2140 2495 qui
2172 2443 2236 2481 ex
2271 2441 2340 2480 eo
2371 2426 2708 2488 audiverint,
2742 2424 3008 2480 Joannem
3047 2426 3259 2479 Domini
3293 2425 3627 2495 discipulum

2047 2519 2245 2588 Ephesi
2292 2519 2532 2573 lavatum
2594 2519 2890 2588 aliquando
2952 2519 3151 2583 ivisse;
3194 2527 3451 2572 caeterum
3499 2533 3628 2574 cum

2046 2609 2099 2662 in
2140 2610 2350 2663 balneis
2387 2609 2711 2663 Cerintbum
2749 2608 3001 2672 vidisset,
3053 2609 3266 2662 illatum
3312 2608 3440 2663 inde
3488 2624 3622 2677 pro-

2048 2700 2284 2770 fugisse,
2319 2710 2482 2770 atque
2539 2700 2744 2754 dixisse
2799 2718 2814 2754 :
2875 2701 3194 2769 Fugiamus,
3246 2701 3502 2766 obsecro,
3558 2715 3629 2756 ne

2046 2792 2324 2855 balneum,
2354 2794 2406 2847 in
2442 2808 2552 2863 quo
2572 2792 2892 2857 Cerintbus,
2916 2793 3169 2846 veritatis
3202 2792 3485 2858 inimicus,
3519 2801 3627 2858 est,

2046 2885 2322 2940 concidat.
2362 2885 2485 2953 Ipse
2527 2899 2750 2954 quoque
2804 2883 3160 2954 l’olycarpus,
3211 2899 3336 2942 cum
3377 2884 3428 2938 ei
3486 2882 3631 2938 Mar-

2046 2977 2171 3031 cion
2197 2977 2250 3029 in
2284 2983 2642 3043 conspectum
2674 2977 2910 3039 veniret,
2944 2984 3000 3028 et
3021 2975 3254 3037 diceret,
3278 2973 3454 3033 Nosce
3482 2988 3584 3028 nos
3612 2991 3628 3029 :

2047 3068 2356 3138 respondit,
2396 3053 2598 3133 Nosco,
2637 3068 2920 3136 inquiens,
2971 3083 3142 3124 nosco
3193 3067 3630 3138 primogenitum

361 3157 648 3228 Μαρκίωνί
675 3175 803 3212 ποτε
831 3160 908 3220 εἰς
943 3158 1067 3228 ὄψιν
1101 3158 1251 3230 αὐτῷ
1283 3158 1517 3225 ἐλθόντι,
1548 3161 1646 3212 καὶ
1673 3163 1938 3229 φήσαντι,

2050 3155 2290 3210 Satanae.
2341 3157 2517 3212 Tanta
2565 3156 2799 3228 apostoli
2849 3167 2904 3211 et
2952 3156 3212 3225 discipuli
3260 3171 3454 3210 eorum
3504 3155 3633 3210 reli‘

374 3245 742 3313 Ἐπιγίνωσκε
795 3247 967 3315 ἡμᾶς,
1028 3246 1353 3317 ἀπεκρίθη’
1416 3248 1806 3316 Ἐπιγινώσκω
1855 3249 1945 3302 τὸν

365 3337 713 3408 πρωτότοκον
767 3337 859 3390 τοῦ
916 3338 1164 3392 Σατανᾶ.
1213 3337 1499 3409 Τοσαύτην
1551 3340 1602 3392 οἱ
1651 3340 1944 3394 ἀπόστολοι

362 3433 461 3484 καὶ
489 3431 541 3484 οί
598 3429 840 3501 μαθηταὶ
892 3431 1075 3484 αὐτῶν
1129 3426 1278 3500 εῖγον
1311 3431 1642 3495 εὐλάϐειαν,
1697 3431 1772 3494 ὡς
1810 3431 1944 3501 μηδὲ

368 3523 532 3593 μέχρι
563 3521 737 3590 λόγων
780 3523 1062 3575 κοινωνεῖν
1103 3538 1212 3574 τινι
1244 3521 1353 3574 τῶν
1397 3521 1944 3592 παραχαρασσόντων

365 3615 765 3686 τὴνάλήθειαν,
827 3614 903 3678 ὡς
961 3614 1057 3667 καὶ
1101 3614 1313 3676 Παῦλος
1359 3612 1597 3682 ἔφησενο
1641 3612 1946 3682 Αἱρετιλιὸν

367 3708 682 3775 ἄνθρωπον
709 3705 864 3777 μετὰ
909 3707 1061 3776 μίαν
1115 3705 1216 3758 καὶ
1266 3704 1560 3773 δευτέραν
1616 3705 1946 3758 νουθεσίαν

367 3801 680 3870 παραιτοῦ,
717 3800 892 3866 εἰδὼς
947 3801 1037 3854 ὅτι
1095 3798 1497 3866 ἐξέστραπται
1547 3798 1580 3852 ὁ
1632 3796 1902 3861 τοιοῦτος
1929 3835 1944 3861 ,

365 3898 467 3952 καί
515 3894 842 3966 ἁμαρτάνει
874 3891 960 3948 ὢν
987 3891 1519 3956 αὐτοκατάκριτος.
1560 3889 1719 3943 Ἐστι
1761 3888 1818 3942 δὲ
1850 3889 1949 3942 καὶ

364 3988 630 4055 ἐπιστολὴ
675 3985 1040 4057 Πολυκάρπου
1085 3984 1223 4053 πρὸς
1268 3981 1671 4051 Φιλιππησίους
1697 3996 1952 4049 γεγραμ-

370 4082 507 4152 μένη
539 4080 896 4148 ίκανωτὰτηυ
951 4079 1010 4142 ἐξ
1071 4073 1136 4152 ἧς
1184 4077 1281 4129 καὶ
1329 4075 1423 4128 τὸν
1479 4074 1812 4144 χαρακτῆρα
1848 4074 1950 4142 τῆς

369 4174 611 4236 πίστεως
669 4172 836 4226 αὑτοῦ
897 4170 996 4226 καὶ
1055 4171 1120 4223 τὸ
1170 4172 1437 4240 κήρυγμα
1470 4172 1571 4238 τῆς
1612 4166 1874 4235 ἀληθείας
1901 4165 1952 4218 oi

370 4265 685 4336 βουλόμενοι
718 4266 812 4318 καὶ
846 4263 1233 4334 φροντίζοντες
1270 4265 1368 4330 τῆς
1425 4260 1640 4314 ἑαυτῶν
1673 4260 1954 4329 σωτηρίας

366 4359 621 4411 δύνανται
650 4357 866 4428 μαθεῖν.
907 4375 925 4406 ι
959 4355 1149 4409 Ταῦτα
1178 4355 1314 4426 περὶ
1345 4353 1541 4407 τούτου
1577 4354 1604 4407 ό
1636 4352 1952 4424 Εἰρηναῖος.

2053 3247 2217 3318 gione
2267 3247 2516 3312 fuerunt,
2566 3259 2628 3303 ut
2669 3267 2738 3305 ne
2776 3248 2943 3304 verba
2989 3248 3216 3318 quidem
3251 3246 3632 3301 communica-

2048 3348 2174 3392 rent
2199 3354 2323 3394 cum
2349 3341 2606 3410 quopiam
2635 3356 2856 3407 eorum,
2881 3342 2976 3412 qui
3003 3341 3288 3395 veritatem
3316 3338 3633 3392 adulterant

2046 3443 2214 3501 atque
2249 3432 2557 3503 depravant
2587 3451 2602 3487 :
2641 3443 2701 3488 ut
2732 3434 2940 3489 Paulus
2973 3431 3141 3487 etiam
3179 3429 3320 3482 dixit
3355 3446 3369 3482 :
3403 3428 3634 3482 "tereti-

2045 3540 2162 3577 cum
2196 3526 2462 3579 hominem
2502 3536 2618 3596 post
2661 3544 2826 3580 unam
2860 3533 3019 3594 atque
3049 3526 3279 3576 alteram
3311 3521 3631 3575 admonitio-

2048 3632 2166 3669 nem
2197 3617 2393 3683 devita,
2434 3618 2604 3670 sciens
2643 3620 2777 3686 quod
2807 3619 3086 3670 subversas
3124 3623 3200 3668 est
3241 3615 3328 3683 qui
3367 3613 3631 3682 ejusmodi

2047 3719 2144 3771 est,
2175 3718 2226 3762 et
2250 3709 2528 3777 delinquit,
2561 3710 2775 3778 proprio
2796 3708 3001 3777 judicio
3024 3723 3119 3760 suo
3151 3709 3532 3758 condemnatus
3559 3706 3630 3759 ".

2051 3799 2145 3854 Est
2167 3809 2349 3852 autem
2383 3808 2438 3853 et
2462 3798 2692 3866 epistola
2721 3797 3011 3867 Polycarpi
3043 3797 3365 3867 longissima
3391 3796 3459 3849 ad
3496 3795 3633 3850 Phi-

2047 3892 2325 3961 lippenses
2374 3891 2604 3959 scripta,
2652 3905 2715 3944 es
2760 3905 2892 3958 qua,
2943 3889 3039 3959 qui
3089 3889 3386 3952 voluerint,
3425 3889 3632 3958 quique

2051 3982 2246 4036 salutis
2287 3996 2400 4035 sua:
2435 3996 2625 4036 curam
2676 3982 2986 4051 gesserint,
3027 3981 3194 4036 simul
3235 3988 3292 4036 et
3347 3981 3632 4048 specimen

2055 4075 2181 4130 ﬁdei
2205 4075 2354 4129 illius
2396 4083 2453 4129 et
2470 4074 2777 4128 doctrinam
2800 4073 3051 4128 veritatis
3075 4073 3292 4128 discere
3314 4081 3630 4141 poterunt.»

2057 4166 2185 4222 Haec
2241 4167 2309 4221 de
2367 4182 2436 4222 eo
2494 4165 2754 4221 lrenmus.
2810 4166 2997 4220 Multis
3052 4175 3236 4220 autem
3295 4164 3636 4218 testimoniis

2057 4260 2260 4335 prioris
2284 4260 2535 4330 epistolae
2564 4259 2717 4314 Petri
2756 4257 3116 4329 Polycarpus,
3148 4256 3200 4310 in
3231 4271 3292 4310 ea
3321 4257 3440 4327 ipsa
3469 4271 3639 4327 quam

2058 4351 2223 4406 modo
2262 4351 2524 4415 diximus,
2556 4351 2792 4420 cpistola
2832 4365 2933 4404 sua
2972 4349 3172 4403 utitur.

371 4451 596 4515 Πολλοῖς
636 4451 693 4504 δὲ
727 4449 1057 4521 μαρτυρίαις
1109 4449 1219 4502 ἀπὸ
1267 4449 1367 4516 τῆς
1417 4447 1693 4519 προτέρας
1759 4446 1973 4516 Πέτρου
2023 4444 2351 4514 Ἐπιστολῆς
2403 4445 2432 4498 6
2490 4445 2856 4514 Πολύκαρπος
2902 4443 2964 4496 ὲν
3011 4443 3078 4512 τῇ
3133 4439 3406 4513 εἰρημένῃ
3473 4437 3640 4493 αὐτοῦ

367 4547 566 4618 χρῆται
610 4545 895 4615 ἐπιστολῇ.

838 4671 845 4676 ’
945 4669 1201 4723 ΚΕΦᾹΛ.
1239 4668 1371 4723 AA'.

368 4765 509 4836 Περὶ
547 4764 661 4836 τῆς
707 4761 1000 4839 διαδοχῆς
1031 4761 1154 4839 τῷν
1174 4759 1463 4839 mir-mdes
1485 4759 1950 4829 αὐτοκρατόρων

793 4834 894 4887 καὶ
920 4833 1036 4886 τῶν
1063 4832 1126 4900 ἕρ
1136 4847 1254 4902 των
1296 4832 1519 4885 αὐτῶν.

449 4953 512 5004 '0
565 4951 696 5014 Πῖος
726 4949 785 5003 δὲ
828 4947 1187 5010 Ἀντωνῖνος,
1248 4947 1276 4999 6
1323 4943 1422 4999 καὶ
1475 4944 1726 5014 Εὐσεϐὴς
1773 4943 1950 5013 ὄνομα

371 5045 558 5115 σχὼν,
600 5044 694 5097 επὶ
735 5041 864 5112 τρία
931 5041 1031 5093 καὶ
1079 5038 1255 5092 εῐκοσι
1301 5037 1402 5106 τὴν
1452 5035 1629 5107 ἀρχὴν
1688 5035 1949 5101 διιθύνας,

368 5138 588 5207 Μάρκῳ
615 5134 820 5204 Οὐήρῳ
859 5130 963 5201 υἱῷ
1013 5129 1092 5200 τῷ
1139 5131 1234 5182 καὶ
1275 5127 1427 5198 αὑτῷ
1467 5127 1777 5197 Ἀντωνίνῳ
1823 5127 1954 5178 ἐπι-

371 5229 654 5300 κληθέντι,
685 5226 785 5280 σὺν
827 5223 1050 5293 Λουκίῳ
1105 5221 1186 5292 τῷ
1225 5219 1440 5290 ἀδελφῷ
1473 5220 1574 5291 τὴν
1617 5218 1957 5289 αὐτοκρατο-

480 5390 529 5423 ¹⁰
572 5388 686 5446 Tit.
725 5403 810 5455 nt,
846 5386 938 5442 lO.

447 5533 522 5604 (l)
552 5533 621 5604 Τ.
646 5529 834 5604 Atti-el.
873 5527 1186 5604 Antoninus
1220 5525 1370 5604 P_iu_s,
1406 5522 1630 5604 Adriani
1660 5536 1862 5604 gener,-
1881 5520 1952 5576 ab

371 5592 568 5659 eodem
610 5603 665 5657 in
703 5601 873 5656 tilium
925 5599 1218 5668 adoptatus
1251 5595 1396 5668 fuit,
1445 5595 1606 5668 sicuti
1646 5592 1704 5668 et
1735 5592 1803 5646 ab
1829 5595 1954 5668 _lioc

373 5675 442 5729 Μ.
476 5674 784 5728 Antoninus
818 5684 1007 5738 gener.
1036 5663 1110 5738 'L:
1150 5675 1333 5738 autem
1366 5664 1584 5738 Annius
1639 5663 1957 5738 Antoninus

1980 4668 2036 4728 D

2520 4657 2686 4728 296
2716 4654 2943 4711 CAPUT
2983 4653 3175 4710 xxm.

2058 4754 2133 4812 De
2152 4752 2478 4808 successione
2502 4751 2617 4820 ejus
2658 4748 2910 4816 temporis
2943 4747 3351 4826 imperatorum,
3389 4742 3642 4815 rebusque

2642 4834 2826 4872 eorum
2859 4825 3042 4887 gestis.

2134 4934 2468 4995 Antoninus,
2503 4931 2593 4987 cui
2627 4931 2794 4987 etiam
2819 4930 2901 4986 Pii
2939 4945 3141 4985 nomen
3177 4929 3281 4983 fuit
3314 4928 3420 5000 (l),
3443 4927 3643 5000 viginti

2060 5037 2174 5084 tres
2203 5025 2496 5097 imperavit
2529 5039 2724 5087 annos,
2761 5031 2818 5078 et
2851 5022 3149 5092 imperium
3185 5021 3494 5076 Montanum
3549 5021 3644 5073 de—

2064 5125 2272 5180 cedens
2313 5122 2499 5176 Marco
2539 5119 2684 5174 }Elio
2721 5119 2856 5185 tilio,
2909 5128 2964 5172 et
3009 5117 3116 5188 ipsi
3156 5116 3438 5171 Antonino
3470 5114 3644 5180 dicto,

2064 5228 2123 5275 et
2178 5217 2354 5272 Lucio
2413 5215 2576 5269 fratri
2637 5214 2760 5284 ejus
2807 5211 3059 5282 reliquit.
3124 5211 3258 5266 Pius
3316 5223 3481 5280 porro
3540 5207 3646 5262 iste

2062 5518 2275 5590 imperii
2316 5519 2530 5590 socium
2558 5514 2662 5570 sibi
2693 5512 2945 5590 adscivit.
2972 5513 3037 5590 Et
3069 5520 3182 5565 tum
3213 5509 3452 5590 primum
3476 5511 3644 5590 Rom.

2064 5582 2289 5658 respub.
2333 5587 2552 5644 duobus
2608 5600 2766 5658 aequo
2811 5585 2937 5654 jure
2988 5582 3390 5658 imperantibus
3441 5582 3649 5650 paruit.

2064 5650 2189 5714 cum
2249 5667 2407 5712 antea
2461 5650 2708 5726 singulos
2758 5650 2979 5726 semper
3015 5652 3301 5726 habuisset
3325 5650 3647 5726 Augustos.

369 5721 1160 5811 iii§p35"1i§iibh'in'i"rii'_r..n.
1228 5735 1298 5811 lli.
1349 5735 1697 5811 Antoninus,
1751 5734 1846 5811 qui
1903 5740 1961 5784 et
2070 5730 2376 5811 Utrumque
2428 5721 2688 5783 Hadriani
2741 5726 2901 5797 jussu
2955 5721 3271 5778 Antoninus
3325 5721 3454 5777 Pius
3517 5721 3652 5776 ado-

373 5800 747 5882 Pb'ilosophus
774 5810 972 5870 dictus.
1002 5807 1064 5862 L.
1113 5807 1349 5862 Annium
1386 5803 1726 5861 Antoninum
1756 5800 1964 5858 Verum
2072 5802 2268 5872 ptavit.
