  <div class='ocr_page' id='page_1' title='image "/cluster/home/n/w/nwhite01/storage/ocr_20150623/145:no.1/coo.31924054870500/487.png"; bbox 0 0 4046 6442; ppageno 0'>
   <div class='ocr_carea' id='block_1_1' title="bbox 395 393 502 464">
    <p class='ocr_par' dir='ltr' id='par_1_1' title="bbox 395 393 502 464">
     <span class='ocr_line' id='line_1_1' title="bbox 395 393 502 464; baseline 0 0"><span class='ocrx_word' id='word_1_1' title='bbox 395 393 502 464; x_wconf 77' lang='lat'><strong>959</strong></span> 
     </span>
    </p>
   </div>
   <div class='ocr_carea' id='block_1_2' title="bbox 1619 394 2435 458">
    <p class='ocr_par' dir='ltr' id='par_1_2' title="bbox 1619 394 2435 458">
     <span class='ocr_line' id='line_1_2' title="bbox 1619 394 2435 458; baseline 0 -4"><span class='ocrx_word' id='word_1_2' title='bbox 1619 394 2050 457; x_wconf 82' lang='lat' dir='ltr'><strong>NlCEPHORI</strong></span> <span class='ocrx_word' id='word_1_3' title='bbox 2093 395 2435 458; x_wconf 86' lang='lat' dir='ltr'><strong>CALLISTI</strong></span> 
     </span>
    </p>
   </div>
   <div class='ocr_carea' id='block_1_3' title="bbox 3555 396 3664 461">
    <p class='ocr_par' dir='ltr' id='par_1_3' title="bbox 3555 396 3664 461">
     <span class='ocr_line' id='line_1_3' title="bbox 3555 396 3664 461; baseline 0.009 -1"><span class='ocrx_word' id='word_1_4' title='bbox 3555 396 3664 461; x_wconf 85' lang='lat'><strong>960</strong></span> 
     </span>
    </p>
   </div>
   <div class='ocr_carea' id='block_1_4' title="bbox 395 506 1990 584">
    <p class='ocr_par' dir='ltr' id='par_1_4' title="bbox 395 506 1978 575">
     <span class='ocr_line' id='line_1_4' title="bbox 395 506 1978 575; baseline -0.001 -9"><span class='ocrx_word' id='word_1_5' title='bbox 395 509 769 573; x_wconf 65' lang='lat' dir='ltr'><strong>Alexandriae,</strong></span> <span class='ocrx_word' id='word_1_6' title='bbox 800 506 1130 575; x_wconf 53' lang='lat' dir='ltr'><strong>Antiochiae,</strong></span> <span class='ocrx_word' id='word_1_7' title='bbox 1165 515 1220 562; x_wconf 89' lang='lat' dir='ltr'><strong>et</strong></span> <span class='ocrx_word' id='word_1_8' title='bbox 1253 507 1307 561; x_wconf 93' lang='lat' dir='ltr'><strong>in</strong></span> <span class='ocrx_word' id='word_1_9' title='bbox 1343 506 1536 563; x_wconf 74' lang='lat' dir='ltr'><strong>multis</strong></span> <span class='ocrx_word' id='word_1_10' title='bbox 1572 507 1702 565; x_wconf 86' lang='lat' dir='ltr'><strong>aliis</strong></span> <span class='ocrx_word' id='word_1_11' title='bbox 1735 509 1978 566; x_wconf 82' lang='lat' dir='ltr'><strong>celebri-</strong></span> 
     </span>
    </p>
   </div>
   <div class='ocr_carea' id='block_1_5' title="bbox 2096 506 3659 584">
    <p class='ocr_par' dir='ltr' id='par_1_5' title="bbox 2096 506 3659 584">
     <span class='ocr_line' id='line_1_5' title="bbox 2096 506 3659 584; baseline 0.002 -19"><span class='ocrx_word' id='word_1_12' title='bbox 2096 511 2214 583; x_wconf 82' lang='grc' dir='ltr'><strong>ρίαν</strong></span> <span class='ocrx_word' id='word_1_13' title='bbox 2250 509 2549 582; x_wconf 86' lang='grc' dir='ltr'><strong>Ῥωμαίων</strong></span> <span class='ocrx_word' id='word_1_14' title='bbox 2577 506 2901 564; x_wconf 87' lang='grc' dir='ltr'><strong>καταλιπὼν</strong></span> <span class='ocrx_word' id='word_1_15' title='bbox 2934 507 3130 580; x_wconf 75' lang='grc' dir='ltr'><strong>ᾤχετο.</strong></span> <span class='ocrx_word' id='word_1_16' title='bbox 3161 508 3329 574; x_wconf 83' lang='grc' dir='ltr'><strong>Οὗτος</strong></span> <span class='ocrx_word' id='word_1_17' title='bbox 3365 510 3424 566; x_wconf 81' lang='grc' dir='ltr'><strong>δέ</strong></span> <span class='ocrx_word' id='word_1_18' title='bbox 3449 513 3478 564; x_wconf 92' lang='lat'><strong>6</strong></span> <span class='ocrx_word' id='word_1_19' title='bbox 3512 515 3659 584; x_wconf 84' lang='grc' dir='ltr'><strong>Πῖος,</strong></span> 
     </span>
    </p>
   </div>
   <div class='ocr_carea' id='block_1_6' title="bbox 395 599 1982 670">
    <p class='ocr_par' dir='ltr' id='par_1_6' title="bbox 395 599 1982 670">
     <span class='ocr_line' id='line_1_6' title="bbox 395 599 1982 670; baseline -0.001 -11"><span class='ocrx_word' id='word_1_20' title='bbox 395 605 501 659; x_wconf 90' lang='lat' dir='ltr'><strong>bus</strong></span> <span class='ocrx_word' id='word_1_21' title='bbox 551 602 788 657; x_wconf 85' lang='lat' dir='ltr'><strong>urbibus</strong></span> <span class='ocrx_word' id='word_1_22' title='bbox 830 600 1068 663; x_wconf 79' lang='lat' dir='ltr'><strong>lavacra,</strong></span> <span class='ocrx_word' id='word_1_23' title='bbox 1129 599 1345 669; x_wconf 89' lang='lat' dir='ltr'><strong>aliaque</strong></span> <span class='ocrx_word' id='word_1_24' title='bbox 1393 599 1629 670; x_wconf 91' lang='lat' dir='ltr'><strong>plurima</strong></span> <span class='ocrx_word' id='word_1_25' title='bbox 1679 601 1982 670; x_wconf 79' lang='lat' dir='ltr'><strong>publicitus</strong></span> 
     </span>
    </p>
   </div>
   <div class='ocr_carea' id='block_1_7' title="bbox 393 677 1982 762">
    <p class='ocr_par' dir='ltr' id='par_1_7' title="bbox 393 677 1982 762">
     <span class='ocr_line' id='line_1_7' title="bbox 393 677 1982 762; baseline -0.001 -12"><span class='ocrx_word' id='word_1_26' title='bbox 393 693 653 755; x_wconf 68' lang='lat' dir='ltr'><strong>aedilicia,</strong></span> <span class='ocrx_word' id='word_1_27' title='bbox 689 693 878 746; x_wconf 71' lang='lat' dir='ltr'><strong>Romae</strong></span> <span class='ocrx_word' id='word_1_28' title='bbox 917 705 1140 761; x_wconf 92' lang='lat' dir='ltr'><strong>quoque</strong></span> <span class='ocrx_word' id='word_1_29' title='bbox 1169 691 1392 746; x_wconf 88' lang='lat' dir='ltr'><strong>Circum</strong></span> <span class='ocrx_word' id='word_1_30' title='bbox 1430 705 1692 762; x_wconf 86' lang='lat' dir='ltr'><strong>magnum</strong></span> <span class='ocrx_word' id='word_1_31' title='bbox 1723 677 1982 748; x_wconf 76' lang='lat' dir='ltr'><strong>constru-</strong></span> 
     </span>
    </p>
   </div>
   <div class='ocr_carea' id='block_1_8' title="bbox 401 782 1976 858">
    <p class='ocr_par' dir='ltr' id='par_1_8' title="bbox 401 782 1976 858">
     <span class='ocr_line' id='line_1_8' title="bbox 401 782 1976 858; baseline 0 -16"><span class='ocrx_word' id='word_1_32' title='bbox 401 789 504 842; x_wconf 81' lang='lat' dir='ltr'><strong>xit.</strong></span> <span class='ocrx_word' id='word_1_33' title='bbox 553 787 736 855; x_wconf 82' lang='lat' dir='ltr'><strong>Atque</strong></span> <span class='ocrx_word' id='word_1_34' title='bbox 779 785 1041 854; x_wconf 87' lang='lat' dir='ltr'><strong>abrogata</strong></span> <span class='ocrx_word' id='word_1_35' title='bbox 1075 782 1253 839; x_wconf 78' lang='lat' dir='ltr'><strong>veteri</strong></span> <span class='ocrx_word' id='word_1_36' title='bbox 1301 783 1362 839; x_wconf 92' lang='lat' dir='ltr'><strong>C.</strong></span> <span class='ocrx_word' id='word_1_37' title='bbox 1404 783 1536 840; x_wconf 86' lang='lat' dir='ltr'><strong>Julii</strong></span> <span class='ocrx_word' id='word_1_38' title='bbox 1569 782 1803 840; x_wconf 81' lang='lat' dir='ltr'><strong>Caesaris</strong></span> <span class='ocrx_word' id='word_1_39' title='bbox 1833 785 1976 858; x_wconf 94' lang='lat' dir='ltr'><strong>lege,</strong></span> 
     </span>
    </p>
   </div>
   <div class='ocr_carea' id='block_1_9' title="bbox 397 875 1980 950">
    <p class='ocr_par' dir='ltr' id='par_1_9' title="bbox 397 875 1980 950">
     <span class='ocr_line' id='line_1_9' title="bbox 397 875 1980 950; baseline 0 -17"><span class='ocrx_word' id='word_1_40' title='bbox 397 893 506 950; x_wconf 83' lang='lat' dir='ltr'><strong>qua</strong></span> <span class='ocrx_word' id='word_1_41' title='bbox 536 877 818 934; x_wconf 91' lang='lat' dir='ltr'><strong>senatorio</strong></span> <span class='ocrx_word' id='word_1_42' title='bbox 846 875 967 931; x_wconf 89' lang='lat' dir='ltr'><strong>viro</strong></span> <span class='ocrx_word' id='word_1_43' title='bbox 997 875 1067 931; x_wconf 93' lang='lat' dir='ltr'><strong>de</strong></span> <span class='ocrx_word' id='word_1_44' title='bbox 1116 875 1282 932; x_wconf 85' lang='lat' dir='ltr'><strong>bonis</strong></span> <span class='ocrx_word' id='word_1_45' title='bbox 1315 876 1433 933; x_wconf 83' lang='lat' dir='ltr'><strong>suis</strong></span> <span class='ocrx_word' id='word_1_46' title='bbox 1475 878 1668 932; x_wconf 85' lang='lat' dir='ltr'><strong>testari</strong></span> <span class='ocrx_word' id='word_1_47' title='bbox 1711 893 1823 933; x_wconf 87' lang='lat' dir='ltr'><strong>non</strong></span> <span class='ocrx_word' id='word_1_48' title='bbox 1855 893 1980 948; x_wconf 81' lang='lat' dir='ltr'><strong>per-</strong></span> 
     </span>
    </p>
   </div>
   <div class='ocr_carea' id='block_1_10' title="bbox 400 967 1981 1040">
    <p class='ocr_par' dir='ltr' id='par_1_10' title="bbox 400 967 1981 1040">
     <span class='ocr_line' id='line_1_10' title="bbox 400 967 1981 1040; baseline -0.001 -15"><span class='ocrx_word' id='word_1_49' title='bbox 400 971 648 1034; x_wconf 85' lang='lat' dir='ltr'><strong>miserat,</strong></span> <span class='ocrx_word' id='word_1_50' title='bbox 696 968 801 1023; x_wconf 90' lang='lat' dir='ltr'><strong>nisi</strong></span> <span class='ocrx_word' id='word_1_51' title='bbox 855 967 1140 1022; x_wconf 84' lang='lat' dir='ltr'><strong>dimidiam</strong></span> <span class='ocrx_word' id='word_1_52' title='bbox 1198 981 1395 1022; x_wconf 91' lang='lat' dir='ltr'><strong>eorum</strong></span> <span class='ocrx_word' id='word_1_53' title='bbox 1447 977 1684 1038; x_wconf 85' lang='lat' dir='ltr'><strong>partem,</strong></span> <span class='ocrx_word' id='word_1_54' title='bbox 1726 969 1822 1039; x_wconf 89' lang='lat' dir='ltr'><strong>qui</strong></span> <span class='ocrx_word' id='word_1_55' title='bbox 1877 983 1981 1040; x_wconf 91' lang='lat' dir='ltr'><strong>pro</strong></span> 
     </span>
    </p>
   </div>
   <div class='ocr_carea' id='block_1_11' title="bbox 400 1059 1982 1131">
    <p class='ocr_par' dir='ltr' id='par_1_11' title="bbox 400 1059 1982 1131">
     <span class='ocr_line' id='line_1_11' title="bbox 400 1059 1982 1131; baseline 0 -14"><span class='ocrx_word' id='word_1_56' title='bbox 400 1072 649 1130; x_wconf 87' lang='lat' dir='ltr'><strong>tempore</strong></span> <span class='ocrx_word' id='word_1_57' title='bbox 689 1060 910 1116; x_wconf 85' lang='lat' dir='ltr'><strong>futurus</strong></span> <span class='ocrx_word' id='word_1_58' title='bbox 941 1067 1112 1124; x_wconf 85' lang='lat' dir='ltr'><strong>esset,</strong></span> <span class='ocrx_word' id='word_1_59' title='bbox 1149 1059 1390 1130; x_wconf 84' lang='lat' dir='ltr'><strong>principi</strong></span> <span class='ocrx_word' id='word_1_60' title='bbox 1440 1060 1804 1131; x_wconf 84' lang='lat' dir='ltr'><strong>relinqueret,</strong></span> <span class='ocrx_word' id='word_1_61' title='bbox 1861 1077 1982 1117; x_wconf 83' lang='lat' dir='ltr'><strong>om-</strong></span> 
     </span>
    </p>
   </div>
   <div class='ocr_carea' id='block_1_12' title="bbox 399 1151 1980 1223">
    <p class='ocr_par' dir='ltr' id='par_1_12' title="bbox 399 1151 1980 1223">
     <span class='ocr_line' id='line_1_12' title="bbox 399 1151 1980 1223; baseline 0 -15"><span class='ocrx_word' id='word_1_62' title='bbox 399 1155 587 1219; x_wconf 88' lang='lat' dir='ltr'><strong>nibus,</strong></span> <span class='ocrx_word' id='word_1_63' title='bbox 621 1169 723 1222; x_wconf 92' lang='lat' dir='ltr'><strong>per</strong></span> <span class='ocrx_word' id='word_1_64' title='bbox 757 1151 1244 1214; x_wconf 89' lang='lat' dir='ltr'><strong>constitutionem,</strong></span> <span class='ocrx_word' id='word_1_65' title='bbox 1284 1151 1517 1206; x_wconf 86' lang='lat' dir='ltr'><strong>liberam</strong></span> <span class='ocrx_word' id='word_1_66' title='bbox 1553 1151 1709 1208; x_wconf 88' lang='lat' dir='ltr'><strong>dedit</strong></span> <span class='ocrx_word' id='word_1_67' title='bbox 1738 1161 1980 1223; x_wconf 85' lang='lat' dir='ltr'><strong>potesta-</strong></span> 
     </span>
    </p>
   </div>
   <div class='ocr_carea' id='block_1_13' title="bbox 402 1243 1977 1314">
    <p class='ocr_par' dir='ltr' id='par_1_13' title="bbox 402 1243 1977 1314">
     <span class='ocr_line' id='line_1_13' title="bbox 402 1243 1977 1314; baseline -0.001 -13"><span class='ocrx_word' id='word_1_68' title='bbox 402 1257 510 1301; x_wconf 91' lang='lat' dir='ltr'><strong>tcm</strong></span> <span class='ocrx_word' id='word_1_69' title='bbox 542 1245 609 1300; x_wconf 90' lang='lat' dir='ltr'><strong>de</strong></span> <span class='ocrx_word' id='word_1_70' title='bbox 632 1244 995 1300; x_wconf 80' lang='lat' dir='ltr'><strong>facultatibus</strong></span> <span class='ocrx_word' id='word_1_71' title='bbox 1019 1243 1159 1310; x_wconf 88' lang='lat' dir='ltr'><strong>suis,</strong></span> <span class='ocrx_word' id='word_1_72' title='bbox 1183 1243 1257 1298; x_wconf 90' lang='lat' dir='ltr'><strong>ita</strong></span> <span class='ocrx_word' id='word_1_73' title='bbox 1287 1253 1346 1297; x_wconf 95' lang='lat' dir='ltr'><strong>ut</strong></span> <span class='ocrx_word' id='word_1_74' title='bbox 1367 1243 1596 1307; x_wconf 89' lang='lat' dir='ltr'><strong>vellent,</strong></span> <span class='ocrx_word' id='word_1_75' title='bbox 1621 1243 1977 1314; x_wconf 89' lang='lat' dir='ltr'><strong>disponendi.</strong></span> 
     </span>
    </p>
   </div>
   <div class='ocr_carea' id='block_1_14' title="bbox 401 1335 1979 1408">
    <p class='ocr_par' dir='ltr' id='par_1_14' title="bbox 401 1335 1979 1408">
     <span class='ocr_line' id='line_1_14' title="bbox 401 1335 1979 1408; baseline 0.001 -19"><span class='ocrx_word' id='word_1_76' title='bbox 401 1337 617 1392; x_wconf 67' lang='lat' dir='ltr'><strong>Marcus</strong></span> <span class='ocrx_word' id='word_1_77' title='bbox 647 1346 834 1392; x_wconf 90' lang='lat' dir='ltr'><strong>autem</strong></span> <span class='ocrx_word' id='word_1_78' title='bbox 867 1337 1015 1392; x_wconf 77' lang='lat' dir='ltr'><strong>(ilius</strong></span> <span class='ocrx_word' id='word_1_79' title='bbox 1046 1337 1168 1408; x_wconf 86' lang='lat' dir='ltr'><strong>ejus</strong></span> <span class='ocrx_word' id='word_1_80' title='bbox 1195 1336 1403 1407; x_wconf 85' lang='lat' dir='ltr'><strong>justam</strong></span> <span class='ocrx_word' id='word_1_81' title='bbox 1438 1335 1590 1390; x_wconf 89' lang='lat' dir='ltr'><strong>illam</strong></span> <span class='ocrx_word' id='word_1_82' title='bbox 1623 1335 1804 1406; x_wconf 89' lang='lat' dir='ltr'><strong>legem</strong></span> <span class='ocrx_word' id='word_1_83' title='bbox 1834 1335 1979 1401; x_wconf 90' lang='lat' dir='ltr'><strong>tulit,</strong></span> 
     </span>
    </p>
   </div>
   <div class='ocr_carea' id='block_1_15' title="bbox 401 1427 1982 1499">
    <p class='ocr_par' dir='ltr' id='par_1_15' title="bbox 401 1427 1982 1499">
     <span class='ocr_line' id='line_1_15' title="bbox 401 1427 1982 1499; baseline 0.003 -21"><span class='ocrx_word' id='word_1_84' title='bbox 401 1445 507 1496; x_wconf 84' lang='lat' dir='ltr'><strong>qua</strong></span> <span class='ocrx_word' id='word_1_85' title='bbox 539 1431 681 1499; x_wconf 89' lang='lat' dir='ltr'><strong>patri</strong></span> <span class='ocrx_word' id='word_1_86' title='bbox 729 1429 892 1485; x_wconf 90' lang='lat' dir='ltr'><strong>liberi</strong></span> <span class='ocrx_word' id='word_1_87' title='bbox 932 1429 1002 1484; x_wconf 89' lang='lat' dir='ltr'><strong>ab</strong></span> <span class='ocrx_word' id='word_1_88' title='bbox 1043 1430 1310 1484; x_wconf 86' lang='lat' dir='ltr'><strong>intestato</strong></span> <span class='ocrx_word' id='word_1_89' title='bbox 1344 1427 1677 1484; x_wconf 88' lang='lat' dir='ltr'><strong>succedunt.</strong></span> <span class='ocrx_word' id='word_1_90' title='bbox 1719 1427 1982 1499; x_wconf 90' lang='lat' dir='ltr'><strong>ldemquc</strong></span> 
     </span>
    </p>
   </div>
   <div class='ocr_carea' id='block_1_16' title="bbox 403 1523 1982 1594">
    <p class='ocr_par' dir='ltr' id='par_1_16' title="bbox 403 1523 1982 1594">
     <span class='ocr_line' id='line_1_16' title="bbox 403 1523 1982 1594; baseline -0.001 -15"><span class='ocrx_word' id='word_1_91' title='bbox 403 1524 607 1591; x_wconf 82' lang='lat' dir='ltr'><strong>sanxit,</strong></span> <span class='ocrx_word' id='word_1_92' title='bbox 663 1535 724 1581; x_wconf 93' lang='lat' dir='ltr'><strong>ut</strong></span> <span class='ocrx_word' id='word_1_93' title='bbox 769 1525 904 1589; x_wconf 85' lang='lat' dir='ltr'><strong>lilio,</strong></span> <span class='ocrx_word' id='word_1_94' title='bbox 958 1523 1053 1594; x_wconf 90' lang='lat' dir='ltr'><strong>qui</strong></span> <span class='ocrx_word' id='word_1_95' title='bbox 1109 1525 1166 1579; x_wconf 90' lang='lat' dir='ltr'><strong>in</strong></span> <span class='ocrx_word' id='word_1_96' title='bbox 1206 1530 1536 1579; x_wconf 89' lang='lat' dir='ltr'><strong>testamento</strong></span> <span class='ocrx_word' id='word_1_97' title='bbox 1576 1524 1914 1594; x_wconf 61' lang='lat' dir='ltr'><strong>praeteritus,</strong></span> <span class='ocrx_word' id='word_1_98' title='bbox 1951 1537 1982 1578; x_wconf 93' lang='lat' dir='ltr'><strong>a</strong></span> 
     </span>
    </p>
   </div>
   <div class='ocr_carea' id='block_1_17' title="bbox 405 1615 1988 1686">
    <p class='ocr_par' dir='ltr' id='par_1_17' title="bbox 405 1615 1988 1686">
     <span class='ocr_line' id='line_1_17' title="bbox 405 1615 1988 1686; baseline 0.001 -18"><span class='ocrx_word' id='word_1_99' title='bbox 405 1617 728 1684; x_wconf 86' lang='lat' dir='ltr'><strong>parentibus</strong></span> <span class='ocrx_word' id='word_1_100' title='bbox 775 1616 1018 1672; x_wconf 86' lang='lat' dir='ltr'><strong>debitam</strong></span> <span class='ocrx_word' id='word_1_101' title='bbox 1055 1615 1288 1686; x_wconf 78' lang='lat' dir='ltr'><strong>gratiam</strong></span> <span class='ocrx_word' id='word_1_102' title='bbox 1337 1629 1450 1670; x_wconf 93' lang='lat' dir='ltr'><strong>non</strong></span> <span class='ocrx_word' id='word_1_103' title='bbox 1502 1615 1807 1679; x_wconf 88' lang='lat' dir='ltr'><strong>retulisset,</strong></span> <span class='ocrx_word' id='word_1_104' title='bbox 1849 1629 1988 1685; x_wconf 84' lang='lat' dir='ltr'><strong>qua-</strong></span> 
     </span>
    </p>
   </div>
   <div class='ocr_carea' id='block_1_18' title="bbox 405 1707 1987 1779">
    <p class='ocr_par' dir='ltr' id='par_1_18' title="bbox 405 1707 1987 1779">
     <span class='ocr_line' id='line_1_18' title="bbox 405 1707 1987 1779; baseline 0.002 -18"><span class='ocrx_word' id='word_1_105' title='bbox 405 1707 575 1763; x_wconf 87' lang='lat' dir='ltr'><strong>drans</strong></span> <span class='ocrx_word' id='word_1_106' title='bbox 606 1719 852 1779; x_wconf 83' lang='lat' dir='ltr'><strong>paternae</strong></span> <span class='ocrx_word' id='word_1_107' title='bbox 891 1708 1234 1764; x_wconf 69' lang='lat' dir='ltr'><strong>baareditatis</strong></span> <span class='ocrx_word' id='word_1_108' title='bbox 1273 1709 1438 1763; x_wconf 91' lang='lat' dir='ltr'><strong>detur</strong></span> <span class='ocrx_word' id='word_1_109' title='bbox 1473 1709 1576 1777; x_wconf 87' lang='lat' dir='ltr'><strong>(l).</strong></span> <span class='ocrx_word' id='word_1_110' title='bbox 1618 1708 1740 1764; x_wconf 90' lang='lat' dir='ltr'><strong>Non</strong></span> <span class='ocrx_word' id='word_1_111' title='bbox 1776 1708 1987 1764; x_wconf 89' lang='lat' dir='ltr'><strong>diutius</strong></span> 
     </span>
    </p>
   </div>
   <div class='ocr_carea' id='block_1_19' title="bbox 405 1798 1984 1872">
    <p class='ocr_par' dir='ltr' id='par_1_19' title="bbox 405 1798 1984 1872">
     <span class='ocr_line' id='line_1_19' title="bbox 405 1798 1984 1872; baseline 0.001 -20"><span class='ocrx_word' id='word_1_112' title='bbox 405 1811 590 1853; x_wconf 88' lang='lat' dir='ltr'><strong>autem</strong></span> <span class='ocrx_word' id='word_1_113' title='bbox 627 1813 791 1868; x_wconf 90' lang='lat' dir='ltr'><strong>quam</strong></span> <span class='ocrx_word' id='word_1_114' title='bbox 821 1799 1079 1854; x_wconf 88' lang='lat' dir='ltr'><strong>undecim</strong></span> <span class='ocrx_word' id='word_1_115' title='bbox 1113 1799 1275 1854; x_wconf 90' lang='lat' dir='ltr'><strong>annis</strong></span> <span class='ocrx_word' id='word_1_116' title='bbox 1311 1798 1516 1854; x_wconf 82' lang='lat' dir='ltr'><strong>Lucius</strong></span> <span class='ocrx_word' id='word_1_117' title='bbox 1549 1799 1626 1872; x_wconf 72' lang='lat'>(2)</span> <span class='ocrx_word' id='word_1_118' title='bbox 1659 1800 1715 1854; x_wconf 92' lang='lat' dir='ltr'><strong>in</strong></span> <span class='ocrx_word' id='word_1_119' title='bbox 1748 1800 1984 1870; x_wconf 92' lang='lat' dir='ltr'><strong>imperio</strong></span> 
     </span>
    </p>
   </div>
   <div class='ocr_carea' id='block_1_20' title="bbox 408 1891 1986 1963">
    <p class='ocr_par' dir='ltr' id='par_1_20' title="bbox 408 1891 1986 1963">
     <span class='ocr_line' id='line_1_20' title="bbox 408 1891 1986 1963; baseline 0.003 -19"><span class='ocrx_word' id='word_1_120' title='bbox 408 1893 568 1956; x_wconf 78' lang='lat' dir='ltr'><strong>vixit,</strong></span> <span class='ocrx_word' id='word_1_121' title='bbox 601 1891 996 1962; x_wconf 83' lang='lat' dir='ltr'><strong>Antoninoque</strong></span> <span class='ocrx_word' id='word_1_122' title='bbox 1032 1892 1373 1963; x_wconf 88' lang='lat' dir='ltr'><strong>Philosopho</strong></span> <span class='ocrx_word' id='word_1_123' title='bbox 1413 1893 1468 1948; x_wconf 88' lang='lat' dir='ltr'><strong>id</strong></span> <span class='ocrx_word' id='word_1_124' title='bbox 1506 1893 1757 1962; x_wconf 89' lang='lat' dir='ltr'><strong>reliquit,</strong></span> <span class='ocrx_word' id='word_1_125' title='bbox 1791 1893 1885 1963; x_wconf 89' lang='lat' dir='ltr'><strong>qui</strong></span> <span class='ocrx_word' id='word_1_126' title='bbox 1925 1902 1986 1949; x_wconf 90' lang='lat' dir='ltr'><strong>et</strong></span> 
     </span>
    </p>
   </div>
   <div class='ocr_carea' id='block_1_21' title="bbox 405 1985 1986 2056">
    <p class='ocr_par' dir='ltr' id='par_1_21' title="bbox 405 1985 1986 2056">
     <span class='ocr_line' id='line_1_21' title="bbox 405 1985 1986 2056; baseline 0.001 -17"><span class='ocrx_word' id='word_1_127' title='bbox 405 1987 525 2053; x_wconf 88' lang='lat' dir='ltr'><strong>ipse</strong></span> <span class='ocrx_word' id='word_1_128' title='bbox 549 1995 676 2039; x_wconf 92' lang='lat' dir='ltr'><strong>octo</strong></span> <span class='ocrx_word' id='word_1_129' title='bbox 707 1999 878 2054; x_wconf 87' lang='lat' dir='ltr'><strong>prepe</strong></span> <span class='ocrx_word' id='word_1_130' title='bbox 908 1985 1070 2041; x_wconf 87' lang='lat' dir='ltr'><strong>annis</strong></span> <span class='ocrx_word' id='word_1_131' title='bbox 1101 1985 1400 2056; x_wconf 86' lang='lat' dir='ltr'><strong>imperavit</strong></span> <span class='ocrx_word' id='word_1_132' title='bbox 1432 2001 1448 2044; x_wconf 88' lang='lat'><strong>:</strong></span> <span class='ocrx_word' id='word_1_133' title='bbox 1479 1995 1537 2042; x_wconf 88' lang='lat' dir='ltr'><strong>et</strong></span> <span class='ocrx_word' id='word_1_134' title='bbox 1564 2000 1691 2040; x_wconf 91' lang='lat' dir='ltr'><strong>cum</strong></span> <span class='ocrx_word' id='word_1_135' title='bbox 1727 2003 1895 2041; x_wconf 92' lang='lat' dir='ltr'><strong>unum</strong></span> <span class='ocrx_word' id='word_1_136' title='bbox 1927 1994 1986 2042; x_wconf 90' lang='lat' dir='ltr'><strong>et</strong></span> 
     </span>
    </p>
   </div>
   <div class='ocr_carea' id='block_1_22' title="bbox 407 2076 1984 2150">
    <p class='ocr_par' dir='ltr' id='par_1_22' title="bbox 407 2076 1984 2150">
     <span class='ocr_line' id='line_1_22' title="bbox 407 2076 1984 2150; baseline 0.003 -20"><span class='ocrx_word' id='word_1_137' title='bbox 407 2076 692 2148; x_wconf 73' lang='lat' dir='ltr'><strong>sexaginta</strong></span> <span class='ocrx_word' id='word_1_138' title='bbox 741 2077 969 2133; x_wconf 89' lang='lat' dir='ltr'><strong>circiter</strong></span> <span class='ocrx_word' id='word_1_139' title='bbox 1027 2079 1208 2134; x_wconf 70' lang='lat' dir='ltr'><strong>aetatis</strong></span> <span class='ocrx_word' id='word_1_140' title='bbox 1259 2093 1437 2134; x_wconf 89' lang='lat' dir='ltr'><strong>annos</strong></span> <span class='ocrx_word' id='word_1_141' title='bbox 1489 2079 1864 2150; x_wconf 83' lang='lat' dir='ltr'><strong>explevisset,</strong></span> <span class='ocrx_word' id='word_1_142' title='bbox 1915 2079 1984 2134; x_wconf 90' lang='lat' dir='ltr'><strong>ad</strong></span> 
     </span>
    </p>
   </div>
   <div class='ocr_carea' id='block_1_23' title="bbox 404 2167 1982 2241">
    <p class='ocr_par' dir='ltr' id='par_1_23' title="bbox 404 2167 1982 2241">
     <span class='ocr_line' id='line_1_23' title="bbox 404 2167 1982 2241; baseline 0.001 -20"><span class='ocrx_word' id='word_1_143' title='bbox 404 2167 792 2222; x_wconf 75' lang='lat' dir='ltr'><strong>Vindobonam</strong></span> <span class='ocrx_word' id='word_1_144' title='bbox 829 2167 1068 2222; x_wconf 90' lang='lat' dir='ltr'><strong>decessit</strong></span> <span class='ocrx_word' id='word_1_145' title='bbox 1103 2169 1205 2241; x_wconf 78' lang='lat'>(5).</span> <span class='ocrx_word' id='word_1_146' title='bbox 1238 2168 1308 2223; x_wconf 89' lang='lat' dir='ltr'><strong>lis</strong></span> <span class='ocrx_word' id='word_1_147' title='bbox 1357 2169 1782 2238; x_wconf 89' lang='lat' dir='ltr'><strong>imperantibus,</strong></span> <span class='ocrx_word' id='word_1_148' title='bbox 1826 2168 1982 2222; x_wconf 88' lang='lat' dir='ltr'><strong>multi</strong></span> 
     </span>
    </p>
   </div>
   <div class='ocr_carea' id='block_1_24' title="bbox 405 2260 1985 2332">
    <p class='ocr_par' dir='ltr' id='par_1_24' title="bbox 405 2260 1985 2332">
     <span class='ocr_line' id='line_1_24' title="bbox 405 2260 1985 2332; baseline 0.001 -17"><span class='ocrx_word' id='word_1_149' title='bbox 405 2270 463 2315; x_wconf 90' lang='lat' dir='ltr'><strong>et</strong></span> <span class='ocrx_word' id='word_1_150' title='bbox 502 2260 646 2330; x_wconf 90' lang='lat' dir='ltr'><strong>apud</strong></span> <span class='ocrx_word' id='word_1_151' title='bbox 679 2260 898 2316; x_wconf 64' lang='lat' dir='ltr'><strong>Griecos</strong></span> <span class='ocrx_word' id='word_1_152' title='bbox 938 2263 1184 2332; x_wconf 59' lang='lat' dir='ltr'><strong>praeclari</strong></span> <span class='ocrx_word' id='word_1_153' title='bbox 1230 2262 1564 2316; x_wconf 80' lang='lat' dir='ltr'><strong>exstiterunt</strong></span> <span class='ocrx_word' id='word_1_154' title='bbox 1612 2271 1824 2331; x_wconf 71' lang='lat' dir='ltr'><strong>poetae,</strong></span> <span class='ocrx_word' id='word_1_155' title='bbox 1855 2276 1985 2317; x_wconf 91' lang='lat' dir='ltr'><strong>ora-</strong></span> 
     </span>
    </p>
   </div>
   <div class='ocr_carea' id='block_1_25' title="bbox 408 2351 1988 2421">
    <p class='ocr_par' dir='ltr' id='par_1_25' title="bbox 408 2351 1988 2421">
     <span class='ocr_line' id='line_1_25' title="bbox 408 2351 1988 2421; baseline 0.002 -18"><span class='ocrx_word' id='word_1_156' title='bbox 408 2360 560 2407; x_wconf 89' lang='lat' dir='ltr'><strong>tores</strong></span> <span class='ocrx_word' id='word_1_157' title='bbox 599 2366 820 2421; x_wconf 89' lang='lat' dir='ltr'><strong>quoque</strong></span> <span class='ocrx_word' id='word_1_158' title='bbox 867 2363 921 2407; x_wconf 91' lang='lat' dir='ltr'><strong>et</strong></span> <span class='ocrx_word' id='word_1_159' title='bbox 973 2353 1196 2419; x_wconf 90' lang='lat' dir='ltr'><strong>medici,</strong></span> <span class='ocrx_word' id='word_1_160' title='bbox 1229 2353 1412 2406; x_wconf 89' lang='lat' dir='ltr'><strong>omnis</strong></span> <span class='ocrx_word' id='word_1_161' title='bbox 1454 2351 1695 2421; x_wconf 88' lang='lat' dir='ltr'><strong>denique</strong></span> <span class='ocrx_word' id='word_1_162' title='bbox 1738 2352 1988 2421; x_wconf 87' lang='lat' dir='ltr'><strong>philoso-</strong></span> 
     </span>
    </p>
   </div>
   <div class='ocr_carea' id='block_1_26' title="bbox 407 2443 1985 2514">
    <p class='ocr_par' dir='ltr' id='par_1_26' title="bbox 407 2443 1985 2514">
     <span class='ocr_line' id='line_1_26' title="bbox 407 2443 1985 2514; baseline -0.001 -18"><span class='ocrx_word' id='word_1_163' title='bbox 407 2443 554 2513; x_wconf 66' lang='lat' dir='ltr'><strong>phia:</strong></span> <span class='ocrx_word' id='word_1_164' title='bbox 599 2443 767 2513; x_wconf 90' lang='lat' dir='ltr'><strong>periti</strong></span> <span class='ocrx_word' id='word_1_165' title='bbox 821 2445 926 2499; x_wconf 90' lang='lat' dir='ltr'><strong>viri</strong></span> <span class='ocrx_word' id='word_1_166' title='bbox 971 2445 1077 2499; x_wconf 83' lang='lat' dir='ltr'><strong>:in</strong></span> <span class='ocrx_word' id='word_1_167' title='bbox 1112 2443 1316 2514; x_wconf 89' lang='lat' dir='ltr'><strong>quibus</strong></span> <span class='ocrx_word' id='word_1_168' title='bbox 1353 2443 1729 2514; x_wconf 86' lang='lat' dir='ltr'><strong>Hermogenes</strong></span> <span class='ocrx_word' id='word_1_169' title='bbox 1777 2445 1985 2508; x_wconf 89' lang='lat' dir='ltr'><strong>rhetor,</strong></span> 
     </span>
    </p>
   </div>
   <div class='ocr_carea' id='block_1_27' title="bbox 408 2535 1990 2606">
    <p class='ocr_par' dir='ltr' id='par_1_27' title="bbox 408 2535 1990 2606">
     <span class='ocr_line' id='line_1_27' title="bbox 408 2535 1990 2606; baseline 0.001 -16"><span class='ocrx_word' id='word_1_170' title='bbox 408 2545 466 2590; x_wconf 93' lang='lat' dir='ltr'><strong>et</strong></span> <span class='ocrx_word' id='word_1_171' title='bbox 516 2535 786 2593; x_wconf 84' lang='lat' dir='ltr'><strong>Aristides</strong></span> <span class='ocrx_word' id='word_1_172' title='bbox 842 2545 1035 2593; x_wconf 90' lang='lat' dir='ltr'><strong>orator</strong></span> <span class='ocrx_word' id='word_1_173' title='bbox 1090 2536 1319 2600; x_wconf 83' lang='lat' dir='ltr'><strong>nobilis,</strong></span> <span class='ocrx_word' id='word_1_174' title='bbox 1379 2536 1644 2602; x_wconf 87' lang='lat' dir='ltr'><strong>Galenus,</strong></span> <span class='ocrx_word' id='word_1_175' title='bbox 1703 2535 1990 2606; x_wconf 86' lang='lat' dir='ltr'><strong>Oppianus</strong></span> 
     </span>
    </p>
   </div>
   <div class='ocr_carea' id='block_1_28' title="bbox 409 2631 1990 2703">
    <p class='ocr_par' dir='ltr' id='par_1_28' title="bbox 409 2631 1990 2703">
     <span class='ocr_line' id='line_1_28' title="bbox 409 2631 1990 2703; baseline 0.001 -19"><span class='ocrx_word' id='word_1_176' title='bbox 409 2639 609 2700; x_wconf 91' lang='lat' dir='ltr'><strong>poeta,</strong></span> <span class='ocrx_word' id='word_1_177' title='bbox 669 2631 1079 2686; x_wconf 78' lang='lat' dir='ltr'><strong>Alexandrinus</strong></span> <span class='ocrx_word' id='word_1_178' title='bbox 1133 2631 1496 2702; x_wconf 84' lang='lat' dir='ltr'><strong>Apollonius,</strong></span> <span class='ocrx_word' id='word_1_179' title='bbox 1565 2633 1794 2703; x_wconf 87' lang='lat' dir='ltr'><strong>ejusque</strong></span> <span class='ocrx_word' id='word_1_180' title='bbox 1844 2631 1990 2685; x_wconf 85' lang='lat' dir='ltr'><strong>filius</strong></span> 
     </span>
    </p>
   </div>
   <div class='ocr_carea' id='block_1_29' title="bbox 409 2723 1991 2794">
    <p class='ocr_par' dir='ltr' id='par_1_29' title="bbox 409 2723 1991 2794">
     <span class='ocr_line' id='line_1_29' title="bbox 409 2723 1991 2794; baseline 0.001 -18"><span class='ocrx_word' id='word_1_181' title='bbox 409 2723 781 2790; x_wconf 81' lang='lat' dir='ltr'><strong>Herodianus,</strong></span> <span class='ocrx_word' id='word_1_182' title='bbox 833 2723 1211 2794; x_wconf 72' lang='lat' dir='ltr'><strong>grammatica:</strong></span> <span class='ocrx_word' id='word_1_183' title='bbox 1280 2724 1418 2779; x_wconf 90' lang='lat' dir='ltr'><strong>artis</strong></span> <span class='ocrx_word' id='word_1_184' title='bbox 1474 2735 1769 2786; x_wconf 90' lang='lat' dir='ltr'><strong>auctores,</strong></span> <span class='ocrx_word' id='word_1_185' title='bbox 1826 2730 1991 2790; x_wconf 90' lang='lat' dir='ltr'><strong>atque</strong></span> 
     </span>
    </p>
   </div>
   <div class='ocr_carea' id='block_1_30' title="bbox 409 2814 1991 2885">
    <p class='ocr_par' dir='ltr' id='par_1_30' title="bbox 409 2814 1991 2885">
     <span class='ocr_line' id='line_1_30' title="bbox 409 2814 1991 2885; baseline -0.001 -16"><span class='ocrx_word' id='word_1_186' title='bbox 409 2815 544 2869; x_wconf 83' lang='lat' dir='ltr'><strong>item</strong></span> <span class='ocrx_word' id='word_1_187' title='bbox 584 2814 680 2870; x_wconf 91' lang='lat' dir='ltr'><strong>alii</strong></span> <span class='ocrx_word' id='word_1_188' title='bbox 730 2815 905 2878; x_wconf 88' lang='lat' dir='ltr'><strong>fuere,</strong></span> <span class='ocrx_word' id='word_1_189' title='bbox 953 2830 1094 2884; x_wconf 90' lang='lat' dir='ltr'><strong>quos</strong></span> <span class='ocrx_word' id='word_1_190' title='bbox 1145 2815 1371 2885; x_wconf 82' lang='lat' dir='ltr'><strong>longum</strong></span> <span class='ocrx_word' id='word_1_191' title='bbox 1405 2825 1554 2871; x_wconf 86' lang='lat' dir='ltr'><strong>esset</strong></span> <span class='ocrx_word' id='word_1_192' title='bbox 1600 2817 1654 2869; x_wconf 89' lang='lat' dir='ltr'><strong>in</strong></span> <span class='ocrx_word' id='word_1_193' title='bbox 1698 2815 1991 2884; x_wconf 81' lang='lat' dir='ltr'><strong>praesentia</strong></span> 
     </span>
    </p>
   </div>
   <div class='ocr_carea' id='block_1_31' title="bbox 409 2904 1994 2974">
    <p class='ocr_par' dir='ltr' id='par_1_31' title="bbox 409 2904 1994 2974">
     <span class='ocr_line' id='line_1_31' title="bbox 409 2904 1994 2974; baseline -0.001 -14"><span class='ocrx_word' id='word_1_194' title='bbox 409 2921 770 2962; x_wconf 86' lang='lat' dir='ltr'><strong>enumerare.</strong></span> <span class='ocrx_word' id='word_1_195' title='bbox 816 2904 956 2961; x_wconf 86' lang='lat' dir='ltr'><strong>Illud</strong></span> <span class='ocrx_word' id='word_1_196' title='bbox 1008 2906 1152 2962; x_wconf 89' lang='lat' dir='ltr'><strong>scire</strong></span> <span class='ocrx_word' id='word_1_197' title='bbox 1198 2906 1478 2974; x_wconf 82' lang='lat' dir='ltr'><strong>convenit,</strong></span> <span class='ocrx_word' id='word_1_198' title='bbox 1531 2907 1773 2960; x_wconf 81' lang='lat' dir='ltr'><strong>Marcum</strong></span> <span class='ocrx_word' id='word_1_199' title='bbox 1822 2905 1994 2959; x_wconf 80' lang='lat' dir='ltr'><strong>Anto-</strong></span> 
     </span>
    </p>
   </div>
   <div class='ocr_carea' id='block_1_32' title="bbox 413 2995 1995 3066">
    <p class='ocr_par' dir='ltr' id='par_1_32' title="bbox 413 2995 1995 3066">
     <span class='ocr_line' id='line_1_32' title="bbox 413 2995 1995 3066; baseline 0.001 -17"><span class='ocrx_word' id='word_1_200' title='bbox 413 2997 606 3050; x_wconf 82' lang='lat' dir='ltr'><strong>uinum</strong></span> <span class='ocrx_word' id='word_1_201' title='bbox 643 2995 725 3066; x_wconf 73' lang='grc'><strong>(4)</strong></span> <span class='ocrx_word' id='word_1_202' title='bbox 751 2996 863 3051; x_wconf 88' lang='lat' dir='ltr'><strong>lilio</strong></span> <span class='ocrx_word' id='word_1_203' title='bbox 889 3011 991 3051; x_wconf 91' lang='lat' dir='ltr'><strong>suo</strong></span> <span class='ocrx_word' id='word_1_204' title='bbox 1017 2997 1380 3052; x_wconf 84' lang='lat' dir='ltr'><strong>institutionis</strong></span> <span class='ocrx_word' id='word_1_205' title='bbox 1407 2997 1706 3066; x_wconf 86' lang='lat' dir='ltr'><strong>imperialis</strong></span> <span class='ocrx_word' id='word_1_206' title='bbox 1735 2996 1937 3050; x_wconf 90' lang='lat' dir='ltr'><strong>librum</strong></span> <span class='ocrx_word' id='word_1_207' title='bbox 1965 3010 1995 3050; x_wconf 90' lang='lat' dir='ltr'><strong>a</strong></span> 
     </span>
    </p>
   </div>
   <div class='ocr_carea' id='block_1_33' title="bbox 413 3088 1998 3160">
    <p class='ocr_par' dir='ltr' id='par_1_33' title="bbox 413 3088 1998 3160">
     <span class='ocr_line' id='line_1_33' title="bbox 413 3088 1998 3160; baseline -0.001 -18"><span class='ocrx_word' id='word_1_208' title='bbox 413 3103 474 3142; x_wconf 84' lang='lat' dir='ltr'><strong>se</strong></span> <span class='ocrx_word' id='word_1_209' title='bbox 514 3088 884 3158; x_wconf 88' lang='lat' dir='ltr'><strong>compositum</strong></span> <span class='ocrx_word' id='word_1_210' title='bbox 925 3089 1240 3160; x_wconf 88' lang='lat' dir='ltr'><strong>reliquisse,</strong></span> <span class='ocrx_word' id='word_1_211' title='bbox 1273 3090 1454 3144; x_wconf 90' lang='lat' dir='ltr'><strong>omnis</strong></span> <span class='ocrx_word' id='word_1_212' title='bbox 1489 3089 1709 3160; x_wconf 88' lang='lat' dir='ltr'><strong>generis</strong></span> <span class='ocrx_word' id='word_1_213' title='bbox 1740 3091 1998 3157; x_wconf 80' lang='lat' dir='ltr'><strong>profano-</strong></span> 
     </span>
    </p>
   </div>
   <div class='ocr_carea' id='block_1_34' title="bbox 413 3182 1994 3256">
    <p class='ocr_par' dir='ltr' id='par_1_34' title="bbox 413 3182 1994 3256">
     <span class='ocr_line' id='line_1_34' title="bbox 413 3182 1994 3256; baseline -0.001 -18"><span class='ocrx_word' id='word_1_214' title='bbox 413 3199 539 3239; x_wconf 91' lang='lat' dir='ltr'><strong>rum</strong></span> <span class='ocrx_word' id='word_1_215' title='bbox 572 3183 951 3253; x_wconf 81' lang='lat' dir='ltr'><strong>exemplorum</strong></span> <span class='ocrx_word' id='word_1_216' title='bbox 986 3195 1044 3240; x_wconf 90' lang='lat' dir='ltr'><strong>et</strong></span> <span class='ocrx_word' id='word_1_217' title='bbox 1081 3186 1390 3256; x_wconf 68' lang='lat' dir='ltr'><strong>disciplinae</strong></span> <span class='ocrx_word' id='word_1_218' title='bbox 1421 3185 1666 3256; x_wconf 90' lang='lat' dir='ltr'><strong>plenum.</strong></span> <span class='ocrx_word' id='word_1_219' title='bbox 1701 3183 1820 3238; x_wconf 85' lang='lat' dir='ltr'><strong>Non</strong></span> <span class='ocrx_word' id='word_1_220' title='bbox 1849 3182 1994 3252; x_wconf 90' lang='lat' dir='ltr'><strong>apud</strong></span> 
     </span>
    </p>
   </div>
   <div class='ocr_carea' id='block_1_35' title="bbox 2087 602 3662 675">
    <p class='ocr_par' dir='ltr' id='par_1_35' title="bbox 2087 602 3662 675">
     <span class='ocr_line' id='line_1_35' title="bbox 2087 602 3662 675; baseline 0.001 -18"><span class='ocrx_word' id='word_1_221' title='bbox 2087 604 2146 658; x_wconf 87' lang='grc' dir='ltr'><strong>ἐν</strong></span> <span class='ocrx_word' id='word_1_222' title='bbox 2175 603 2556 675; x_wconf 74' lang='grc' dir='ltr'><strong>Ἀλεξανδρείᾳ</strong></span> <span class='ocrx_word' id='word_1_223' title='bbox 2588 602 2708 656; x_wconf 67' lang='grc' dir='ltr'><strong>’καὶ</strong></span> <span class='ocrx_word' id='word_1_224' title='bbox 2735 604 2802 674; x_wconf 78' lang='grc' dir='ltr'><strong>τῇ</strong></span> <span class='ocrx_word' id='word_1_225' title='bbox 2848 602 3157 674; x_wconf 77' lang='grc' dir='ltr'><strong>Ἀντιοχείᾳ</strong></span> <span class='ocrx_word' id='word_1_226' title='bbox 3197 603 3292 658; x_wconf 73' lang='grc' dir='ltr'><strong>καὶ</strong></span> <span class='ocrx_word' id='word_1_227' title='bbox 3321 604 3510 670; x_wconf 76' lang='grc' dir='ltr'><strong>ἄλλαις</strong></span> <span class='ocrx_word' id='word_1_228' title='bbox 3537 607 3662 661; x_wconf 74' lang='grc' dir='ltr'><strong>πολ-</strong></span> 
     </span>
    </p>
   </div>
   <div class='ocr_carea' id='block_1_36' title="bbox 2083 695 3663 768">
    <p class='ocr_par' dir='ltr' id='par_1_36' title="bbox 2083 695 3663 768">
     <span class='ocr_line' id='line_1_36' title="bbox 2083 695 3663 768; baseline 0.003 -19"><span class='ocrx_word' id='word_1_229' title='bbox 2083 696 2205 761; x_wconf 86' lang='grc' dir='ltr'><strong>λαίς</strong></span> <span class='ocrx_word' id='word_1_230' title='bbox 2244 697 2355 750; x_wconf 89' lang='grc' dir='ltr'><strong>τῶν</strong></span> <span class='ocrx_word' id='word_1_231' title='bbox 2385 698 2678 767; x_wconf 79' lang='grc' dir='ltr'><strong>ἐπισήμων</strong></span> <span class='ocrx_word' id='word_1_232' title='bbox 2703 695 2918 749; x_wconf 73' lang='grc' dir='ltr'><strong>πόλεων</strong></span> <span class='ocrx_word' id='word_1_233' title='bbox 2958 695 3163 768; x_wconf 84' lang='grc' dir='ltr'><strong>λουτρὰ</strong></span> <span class='ocrx_word' id='word_1_234' title='bbox 3191 698 3288 750; x_wconf 66' lang='grc' dir='ltr'><strong>καὶ</strong></span> <span class='ocrx_word' id='word_1_235' title='bbox 3334 698 3472 753; x_wconf 76' lang='grc' dir='ltr'><strong>ἄλλα</strong></span> <span class='ocrx_word' id='word_1_236' title='bbox 3510 701 3663 754; x_wconf 57' lang='grc' dir='ltr'><strong>πλεῖ-</strong></span> 
     </span>
    </p>
   </div>
   <div class='ocr_carea' id='block_1_37' title="bbox 2085 787 3662 859">
    <p class='ocr_par' dir='ltr' id='par_1_37' title="bbox 2085 787 3662 859">
     <span class='ocr_line' id='line_1_37' title="bbox 2085 787 3662 859; baseline 0.003 -18"><span class='ocrx_word' id='word_1_237' title='bbox 2085 804 2190 842; x_wconf 86' lang='grc' dir='ltr'><strong>στα</strong></span> <span class='ocrx_word' id='word_1_238' title='bbox 2211 788 2624 859; x_wconf 78' lang='grc' dir='ltr'><strong>οἰκοδομήματα</strong></span> <span class='ocrx_word' id='word_1_239' title='bbox 2669 787 2913 858; x_wconf 75' lang='grc' dir='ltr'><strong>δημοσίᾳ</strong></span> <span class='ocrx_word' id='word_1_240' title='bbox 2943 789 3397 855; x_wconf 80' lang='grc' dir='ltr'><strong>κατασκευάσας,</strong></span> <span class='ocrx_word' id='word_1_241' title='bbox 3443 793 3542 845; x_wconf 61' lang='grc' dir='ltr'><strong>καὶ¹</strong></span> <span class='ocrx_word' id='word_1_242' title='bbox 3569 793 3662 847; x_wconf 72' lang='grc' dir='ltr'><strong>τὸν</strong></span> 
     </span>
    </p>
   </div>
   <div class='ocr_carea' id='block_1_38' title="bbox 2085 878 3664 950">
    <p class='ocr_par' dir='ltr' id='par_1_38' title="bbox 2085 878 3664 950">
     <span class='ocr_line' id='line_1_38' title="bbox 2085 878 3664 950; baseline 0.003 -18"><span class='ocrx_word' id='word_1_243' title='bbox 2085 879 2263 949; x_wconf 80' lang='grc' dir='ltr'><strong>μέγαν</strong></span> <span class='ocrx_word' id='word_1_244' title='bbox 2311 880 2370 932; x_wconf 84' lang='grc' dir='ltr'><strong>ἐν</strong></span> <span class='ocrx_word' id='word_1_245' title='bbox 2411 878 2600 950; x_wconf 83' lang='grc' dir='ltr'><strong>Ῥώμῃ</strong></span> <span class='ocrx_word' id='word_1_246' title='bbox 2638 879 2826 947; x_wconf 80' lang='grc' dir='ltr'><strong>ἀγῶνα</strong></span> <span class='ocrx_word' id='word_1_247' title='bbox 2867 879 3270 948; x_wconf 81' lang='grc' dir='ltr'><strong>ἐργασάμενος,</strong></span> <span class='ocrx_word' id='word_1_248' title='bbox 3307 883 3437 944; x_wconf 83' lang='grc' dir='ltr'><strong>τοὺς</strong></span> <span class='ocrx_word' id='word_1_249' title='bbox 3465 885 3527 935; x_wconf 82' lang='grc' dir='ltr'><strong>ἐκ</strong></span> <span class='ocrx_word' id='word_1_250' title='bbox 3559 903 3664 938; x_wconf 87' lang='grc' dir='ltr'><strong>πα-</strong></span> 
     </span>
    </p>
   </div>
   <div class='ocr_carea' id='block_1_39' title="bbox 2080 966 3662 1043">
    <p class='ocr_par' dir='ltr' id='par_1_39' title="bbox 2080 966 3662 1043">
     <span class='ocr_line' id='line_1_39' title="bbox 2080 966 3662 1043; baseline 0.003 -19"><span class='ocrx_word' id='word_1_251' title='bbox 2080 970 2238 1024; x_wconf 87' lang='grc' dir='ltr'><strong>λαιοῦ</strong></span> <span class='ocrx_word' id='word_1_252' title='bbox 2269 987 2328 1024; x_wconf 91' lang='grc' dir='ltr'><strong>τε</strong></span> <span class='ocrx_word' id='word_1_253' title='bbox 2361 970 2574 1043; x_wconf 86' lang='grc' dir='ltr'><strong>χάρτας</strong></span> <span class='ocrx_word' id='word_1_254' title='bbox 2606 971 2924 1042; x_wconf 81' lang='grc' dir='ltr'><strong>ἐμπρήσας,</strong></span> <span class='ocrx_word' id='word_1_255' title='bbox 2950 966 3034 1034; x_wconf 76' lang='grc' dir='ltr'><strong>οἷς</strong></span> <span class='ocrx_word' id='word_1_256' title='bbox 3062 971 3224 1035; x_wconf 81' lang='grc' dir='ltr'><strong>Γάϊος</strong></span> <span class='ocrx_word' id='word_1_257' title='bbox 3268 973 3493 1037; x_wconf 86' lang='grc' dir='ltr'><strong>’ῐούλιος</strong></span> <span class='ocrx_word' id='word_1_258' title='bbox 3525 978 3662 1029; x_wconf 83' lang='grc' dir='ltr'><strong>Καῖ-</strong></span> 
     </span>
    </p>
   </div>
   <div class='ocr_carea' id='block_1_40' title="bbox 2084 1064 3667 1138">
    <p class='ocr_par' dir='ltr' id='par_1_40' title="bbox 2084 1064 3667 1138">
     <span class='ocr_line' id='line_1_40' title="bbox 2084 1064 3667 1138; baseline 0.003 -20"><span class='ocrx_word' id='word_1_259' title='bbox 2084 1080 2190 1136; x_wconf 86' lang='grc' dir='ltr'><strong>σαρ</strong></span> <span class='ocrx_word' id='word_1_260' title='bbox 2224 1065 2560 1136; x_wconf 76' lang='grc' dir='ltr'><strong>ἐνομοθέτει,</strong></span> <span class='ocrx_word' id='word_1_261' title='bbox 2591 1065 2667 1136; x_wconf 77' lang='grc' dir='ltr'><strong>μὴ</strong></span> <span class='ocrx_word' id='word_1_262' title='bbox 2691 1064 2897 1132; x_wconf 80' lang='grc' dir='ltr'><strong>ἐξεῖναι</strong></span> <span class='ocrx_word' id='word_1_263' title='bbox 2940 1065 3319 1138; x_wconf 83' lang='grc' dir='ltr'><strong>συγκλητικὸν</strong></span> <span class='ocrx_word' id='word_1_264' title='bbox 3351 1068 3667 1136; x_wconf 84' lang='grc' dir='ltr'><strong>διατιθέμε-</strong></span> 
     </span>
    </p>
   </div>
   <div class='ocr_carea' id='block_1_41' title="bbox 2082 1157 3666 1231">
    <p class='ocr_par' dir='ltr' id='par_1_41' title="bbox 2082 1157 3666 1231">
     <span class='ocr_line' id='line_1_41' title="bbox 2082 1157 3666 1231; baseline 0.002 -20"><span class='ocrx_word' id='word_1_265' title='bbox 2082 1175 2174 1212; x_wconf 88' lang='grc' dir='ltr'><strong>νον</strong></span> <span class='ocrx_word' id='word_1_266' title='bbox 2205 1157 2376 1228; x_wconf 81' lang='grc' dir='ltr'><strong>άνδρα</strong></span> <span class='ocrx_word' id='word_1_267' title='bbox 2432 1159 2513 1222; x_wconf 83' lang='grc' dir='ltr'><strong>είς</strong></span> <span class='ocrx_word' id='word_1_268' title='bbox 2565 1157 2733 1220; x_wconf 86' lang='grc' dir='ltr'><strong>ίδίους</strong></span> <span class='ocrx_word' id='word_1_269' title='bbox 2786 1157 3147 1225; x_wconf 79' lang='grc' dir='ltr'><strong>διατίθεσθαι,</strong></span> <span class='ocrx_word' id='word_1_270' title='bbox 3209 1159 3349 1212; x_wconf 79' lang='grc' dir='ltr'><strong>ἀλλὰ</strong></span> <span class='ocrx_word' id='word_1_271' title='bbox 3396 1160 3457 1212; x_wconf 74' lang='grc' dir='ltr'><strong>τὸ</strong></span> <span class='ocrx_word' id='word_1_272' title='bbox 3491 1161 3666 1231; x_wconf 73' lang='grc' dir='ltr'><strong>ἥμισυ</strong></span> 
     </span>
    </p>
   </div>
   <div class='ocr_carea' id='block_1_42' title="bbox 2087 1249 3666 1321">
    <p class='ocr_par' dir='ltr' id='par_1_42' title="bbox 2087 1249 3666 1321">
     <span class='ocr_line' id='line_1_42' title="bbox 2087 1249 3666 1321; baseline 0.003 -19"><span class='ocrx_word' id='word_1_273' title='bbox 2087 1250 2259 1320; x_wconf 80' lang='grc' dir='ltr'><strong>μέρος</strong></span> <span class='ocrx_word' id='word_1_274' title='bbox 2289 1250 2388 1320; x_wconf 85' lang='grc' dir='ltr'><strong>τῆς</strong></span> <span class='ocrx_word' id='word_1_275' title='bbox 2427 1249 2722 1321; x_wconf 79' lang='grc' dir='ltr'><strong>ὑπάρξεως</strong></span> <span class='ocrx_word' id='word_1_276' title='bbox 2763 1249 2842 1320; x_wconf 85' lang='grc' dir='ltr'><strong>τῷ</strong></span> <span class='ocrx_word' id='word_1_277' title='bbox 2871 1251 3014 1304; x_wconf 85' lang='grc' dir='ltr'><strong>κατὰ</strong></span> <span class='ocrx_word' id='word_1_278' title='bbox 3050 1251 3276 1321; x_wconf 78' lang='grc' dir='ltr'><strong>καιροὺς</strong></span> <span class='ocrx_word' id='word_1_279' title='bbox 3311 1252 3666 1306; x_wconf 82' lang='grc' dir='ltr'><strong>ἀνατίθεσθαι</strong></span> 
     </span>
    </p>
   </div>
   <div class='ocr_carea' id='block_1_43' title="bbox 2087 1343 3668 1414">
    <p class='ocr_par' dir='ltr' id='par_1_43' title="bbox 2087 1343 3668 1414">
     <span class='ocr_line' id='line_1_43' title="bbox 2087 1343 3668 1414; baseline 0.002 -17"><span class='ocrx_word' id='word_1_280' title='bbox 2087 1343 2320 1414; x_wconf 78' lang='grc' dir='ltr'><strong>βασιλεῖ,</strong></span> <span class='ocrx_word' id='word_1_281' title='bbox 2362 1345 2572 1397; x_wconf 86' lang='grc' dir='ltr'><strong>ἐκεῖνον</strong></span> <span class='ocrx_word' id='word_1_282' title='bbox 2616 1343 2682 1414; x_wconf 86' lang='grc' dir='ltr'><strong>δὴ</strong></span> <span class='ocrx_word' id='word_1_283' title='bbox 2729 1343 3098 1409; x_wconf 78' lang='grc' dir='ltr'>καταπαύσας</span> <span class='ocrx_word' id='word_1_284' title='bbox 3151 1344 3243 1398; x_wconf 82' lang='grc' dir='ltr'><strong>τὸν</strong></span> <span class='ocrx_word' id='word_1_285' title='bbox 3299 1344 3490 1414; x_wconf 88' lang='grc' dir='ltr'><strong>νόμον,</strong></span> <span class='ocrx_word' id='word_1_286' title='bbox 3541 1347 3668 1400; x_wconf 86' lang='grc' dir='ltr'><strong>ἐκὰ-</strong></span> 
     </span>
    </p>
   </div>
   <div class='ocr_carea' id='block_1_44' title="bbox 2087 1433 3668 1508">
    <p class='ocr_par' dir='ltr' id='par_1_44' title="bbox 2087 1433 3668 1508">
     <span class='ocr_line' id='line_1_44' title="bbox 2087 1433 3668 1508; baseline 0.001 -21"><span class='ocrx_word' id='word_1_287' title='bbox 2087 1451 2197 1504; x_wconf 81' lang='grc' dir='ltr'><strong>στῳ</strong></span> <span class='ocrx_word' id='word_1_288' title='bbox 2230 1434 2341 1488; x_wconf 88' lang='grc' dir='ltr'><strong>τῶν</strong></span> <span class='ocrx_word' id='word_1_289' title='bbox 2395 1433 2543 1488; x_wconf 80' lang='grc' dir='ltr'><strong>ἰδίων</strong></span> <span class='ocrx_word' id='word_1_290' title='bbox 2585 1433 2907 1498; x_wconf 81' lang='grc' dir='ltr'><strong>ἀπολαύειν,</strong></span> <span class='ocrx_word' id='word_1_291' title='bbox 2939 1434 3034 1488; x_wconf 79' lang='grc' dir='ltr'><strong>καὶ</strong></span> <span class='ocrx_word' id='word_1_292' title='bbox 3069 1435 3146 1498; x_wconf 85' lang='grc' dir='ltr'><strong>ὡς</strong></span> <span class='ocrx_word' id='word_1_293' title='bbox 3192 1435 3505 1507; x_wconf 75' lang='grc' dir='ltr'><strong>βουλομένῳ</strong></span> <span class='ocrx_word' id='word_1_294' title='bbox 3538 1437 3624 1508; x_wconf 81' lang='grc' dir='ltr'><strong>εἴη</strong></span> <span class='ocrx_word' id='word_1_295' title='bbox 3653 1478 3668 1502; x_wconf 93' lang='grc'><strong>,</strong></span> 
     </span>
    </p>
   </div>
   <div class='ocr_carea' id='block_1_45' title="bbox 2085 1525 3670 1600">
    <p class='ocr_par' dir='ltr' id='par_1_45' title="bbox 2085 1525 3670 1600">
     <span class='ocr_line' id='line_1_45' title="bbox 2085 1525 3670 1600; baseline 0.003 -20"><span class='ocrx_word' id='word_1_296' title='bbox 2085 1525 2425 1581; x_wconf 78' lang='grc' dir='ltr'><strong>διατίθεσθαι</strong></span> <span class='ocrx_word' id='word_1_297' title='bbox 2455 1527 2547 1580; x_wconf 75' lang='grc' dir='ltr'><strong>ἐπὶ</strong></span> <span class='ocrx_word' id='word_1_298' title='bbox 2584 1529 2699 1589; x_wconf 77' lang='grc' dir='ltr'><strong>τοῖς</strong></span> <span class='ocrx_word' id='word_1_299' title='bbox 2727 1528 3018 1597; x_wconf 75' lang='grc' dir='ltr'><strong>σφετέροις</strong></span> <span class='ocrx_word' id='word_1_300' title='bbox 3051 1529 3324 1600; x_wconf 76' lang='grc' dir='ltr'><strong>ἐπέτρεπε</strong></span> <span class='ocrx_word' id='word_1_301' title='bbox 3351 1532 3670 1600; x_wconf 67' lang='grc' dir='ltr'><strong>πράγμασι,</strong></span> 
     </span>
    </p>
   </div>
   <div class='ocr_carea' id='block_1_46' title="bbox 2086 1613 3670 1686">
    <p class='ocr_par' dir='ltr' id='par_1_46' title="bbox 2086 1613 3670 1686">
     <span class='ocr_line' id='line_1_46' title="bbox 2086 1613 3670 1686; baseline 0.002 -18"><span class='ocrx_word' id='word_1_302' title='bbox 2086 1615 2318 1683; x_wconf 86' lang='grc' dir='ltr'><strong>Μάρκος</strong></span> <span class='ocrx_word' id='word_1_303' title='bbox 2343 1615 2400 1668; x_wconf 89' lang='grc' dir='ltr'><strong>δέ</strong></span> <span class='ocrx_word' id='word_1_304' title='bbox 2441 1617 2469 1668; x_wconf 97' lang='lat'><strong>6</strong></span> <span class='ocrx_word' id='word_1_305' title='bbox 2507 1613 2704 1668; x_wconf 89' lang='grc' dir='ltr'><strong>τούτου</strong></span> <span class='ocrx_word' id='word_1_306' title='bbox 2737 1616 2850 1679; x_wconf 79' lang='grc' dir='ltr'><strong>υίὸς</strong></span> <span class='ocrx_word' id='word_1_307' title='bbox 2880 1614 2975 1668; x_wconf 81' lang='grc' dir='ltr'><strong>τὸν</strong></span> <span class='ocrx_word' id='word_1_308' title='bbox 3017 1615 3228 1669; x_wconf 83' lang='grc' dir='ltr'><strong>δίκαιον</strong></span> <span class='ocrx_word' id='word_1_309' title='bbox 3255 1619 3472 1671; x_wconf 72' lang='grc' dir='ltr'><strong>τουτονὶ</strong></span> <span class='ocrx_word' id='word_1_310' title='bbox 3505 1619 3670 1686; x_wconf 88' lang='grc' dir='ltr'><strong>νόμον</strong></span> 
     </span>
    </p>
   </div>
   <div class='ocr_carea' id='block_1_47' title="bbox 2088 1702 3672 1778">
    <p class='ocr_par' dir='ltr' id='par_1_47' title="bbox 2088 1702 3672 1778">
     <span class='ocr_line' id='line_1_47' title="bbox 2088 1702 3672 1778; baseline 0.003 -21"><span class='ocrx_word' id='word_1_311' title='bbox 2088 1704 2355 1758; x_wconf 86' lang='grc' dir='ltr'><strong>καθίστα⁶</strong></span> <span class='ocrx_word' id='word_1_312' title='bbox 2423 1704 2521 1757; x_wconf 79' lang='grc' dir='ltr'><strong>τοῦ</strong></span> <span class='ocrx_word' id='word_1_313' title='bbox 2575 1703 2674 1757; x_wconf 81' lang='grc' dir='ltr'><strong>καὶ</strong></span> <span class='ocrx_word' id='word_1_314' title='bbox 2728 1702 2788 1769; x_wconf 82' lang='grc' dir='ltr'><strong>ἐξ</strong></span> <span class='ocrx_word' id='word_1_315' title='bbox 2837 1703 3125 1758; x_wconf 84' lang='grc' dir='ltr'><strong>ἅδιαθέτου</strong></span> <span class='ocrx_word' id='word_1_316' title='bbox 3181 1706 3544 1778; x_wconf 74' lang='grc' dir='ltr'><strong>κληρονομεῖν</strong></span> <span class='ocrx_word' id='word_1_317' title='bbox 3601 1709 3672 1761; x_wconf 85' lang='grc' dir='ltr'><strong>τὰ</strong></span> 
     </span>
    </p>
   </div>
   <div class='ocr_carea' id='block_1_48' title="bbox 2088 1796 3671 1870">
    <p class='ocr_par' dir='ltr' id='par_1_48' title="bbox 2088 1796 3671 1870">
     <span class='ocr_line' id='line_1_48' title="bbox 2088 1796 3671 1870; baseline 0.003 -22"><span class='ocrx_word' id='word_1_318' title='bbox 2088 1797 2258 1850; x_wconf 87' lang='grc' dir='ltr'><strong>τέκνα</strong></span> <span class='ocrx_word' id='word_1_319' title='bbox 2289 1798 2382 1850; x_wconf 85' lang='grc' dir='ltr'><strong>τὸν</strong></span> <span class='ocrx_word' id='word_1_320' title='bbox 2413 1797 2650 1866; x_wconf 79' lang='grc' dir='ltr'><strong>πατέρα’</strong></span> <span class='ocrx_word' id='word_1_321' title='bbox 2679 1797 2778 1850; x_wconf 76' lang='grc' dir='ltr'><strong>καὶ</strong></span> <span class='ocrx_word' id='word_1_322' title='bbox 2817 1796 2895 1867; x_wconf 87' lang='grc' dir='ltr'><strong>τῷ</strong></span> <span class='ocrx_word' id='word_1_323' title='bbox 2937 1798 3240 1870; x_wconf 77' lang='grc' dir='ltr'><strong>ἀχαριστου</strong></span> <span class='ocrx_word' id='word_1_324' title='bbox 3252 1800 3400 1869; x_wconf 86' lang='grc' dir='ltr'><strong>μένῳ</strong></span> <span class='ocrx_word' id='word_1_325' title='bbox 3430 1801 3581 1853; x_wconf 75' lang='grc' dir='ltr'><strong>παιδὶ</strong></span> <span class='ocrx_word' id='word_1_326' title='bbox 3610 1802 3671 1853; x_wconf 79' lang='grc' dir='ltr'>τὸ</span> 
     </span>
    </p>
   </div>
   <div class='ocr_carea' id='block_1_49' title="bbox 2089 1889 3670 1961">
    <p class='ocr_par' dir='ltr' id='par_1_49' title="bbox 2089 1889 3670 1961">
     <span class='ocr_line' id='line_1_49' title="bbox 2089 1889 3670 1961; baseline 0.003 -18"><span class='ocrx_word' id='word_1_327' title='bbox 2089 1889 2358 1960; x_wconf 88' lang='grc' dir='ltr'><strong>τέταρτον</strong></span> <span class='ocrx_word' id='word_1_328' title='bbox 2416 1891 2584 1960; x_wconf 84' lang='grc' dir='ltr'><strong>μέρος</strong></span> <span class='ocrx_word' id='word_1_329' title='bbox 2619 1890 2721 1956; x_wconf 86' lang='grc' dir='ltr'><strong>τῆς</strong></span> <span class='ocrx_word' id='word_1_330' title='bbox 2757 1891 3038 1961; x_wconf 82' lang='grc' dir='ltr'><strong>πατρικῆς</strong></span> <span class='ocrx_word' id='word_1_331' title='bbox 3072 1891 3264 1954; x_wconf 73' lang='grc' dir='ltr'><strong>οὐσίας</strong></span> <span class='ocrx_word' id='word_1_332' title='bbox 3307 1891 3564 1947; x_wconf 86' lang='grc' dir='ltr'><strong>δίδοσθαι.</strong></span> <span class='ocrx_word' id='word_1_333' title='bbox 3595 1895 3670 1947; x_wconf 84' lang='grc' dir='ltr'><strong>Οὐ</strong></span> 
     </span>
    </p>
   </div>
   <div class='ocr_carea' id='block_1_50' title="bbox 2091 1982 3673 2054">
    <p class='ocr_par' dir='ltr' id='par_1_50' title="bbox 2091 1982 3673 2054">
     <span class='ocr_line' id='line_1_50' title="bbox 2091 1982 3673 2054; baseline 0.003 -18"><span class='ocrx_word' id='word_1_334' title='bbox 2091 1982 2265 2036; x_wconf 84' lang='grc' dir='ltr'><strong>πλείω</strong></span> <span class='ocrx_word' id='word_1_335' title='bbox 2305 1983 2363 2037; x_wconf 81' lang='grc' dir='ltr'><strong>δὲ</strong></span> <span class='ocrx_word' id='word_1_336' title='bbox 2405 1984 2502 2037; x_wconf 76' lang='grc' dir='ltr'><strong>καὶ</strong></span> <span class='ocrx_word' id='word_1_337' title='bbox 2549 1983 2778 2054; x_wconf 85' lang='grc' dir='ltr'><strong>Μάρκος</strong></span> <span class='ocrx_word' id='word_1_338' title='bbox 2812 1983 2924 2038; x_wconf 89' lang='grc' dir='ltr'><strong>τῶν</strong></span> <span class='ocrx_word' id='word_1_339' title='bbox 2949 1984 3095 2038; x_wconf 86' lang='grc' dir='ltr'><strong>ὀκτὼ</strong></span> <span class='ocrx_word' id='word_1_340' title='bbox 3135 1986 3273 2039; x_wconf 89' lang='grc' dir='ltr'><strong>ἐτῶν</strong></span> <span class='ocrx_word' id='word_1_341' title='bbox 3303 1985 3562 2050; x_wconf 81' lang='grc' dir='ltr'><strong>διανύσας</strong></span> <span class='ocrx_word' id='word_1_342' title='bbox 3611 1989 3673 2040; x_wconf 87' lang='grc' dir='ltr'><strong>ἐν</strong></span> 
     </span>
    </p>
   </div>
   <div class='ocr_carea' id='block_1_51' title="bbox 2088 2076 3677 2147">
    <p class='ocr_par' dir='ltr' id='par_1_51' title="bbox 2088 2076 3677 2147">
     <span class='ocr_line' id='line_1_51' title="bbox 2088 2076 3677 2147; baseline 0.002 -19"><span class='ocrx_word' id='word_1_343' title='bbox 2088 2077 2155 2145; x_wconf 77' lang='grc' dir='ltr'><strong>τῇ</strong></span> <span class='ocrx_word' id='word_1_344' title='bbox 2191 2078 2363 2147; x_wconf 78' lang='grc' dir='ltr'><strong>ἀρχῇ,</strong></span> <span class='ocrx_word' id='word_1_345' title='bbox 2409 2076 2716 2146; x_wconf 80' lang='grc' dir='ltr'><strong>’Δντωνίνῳ</strong></span> <span class='ocrx_word' id='word_1_346' title='bbox 2744 2077 2943 2146; x_wconf 81' lang='grc' dir='ltr'><strong>Οὐήρῳ</strong></span> <span class='ocrx_word' id='word_1_347' title='bbox 2971 2077 3047 2146; x_wconf 82' lang='grc' dir='ltr'><strong>τῷ</strong></span> <span class='ocrx_word' id='word_1_348' title='bbox 3091 2076 3256 2131; x_wconf 79' lang='grc' dir='ltr'><strong>αὐτοῦ</strong></span> <span class='ocrx_word' id='word_1_349' title='bbox 3288 2079 3388 2147; x_wconf 77' lang='grc' dir='ltr'><strong>υἱῷ</strong></span> <span class='ocrx_word' id='word_1_350' title='bbox 3420 2079 3677 2132; x_wconf 78' lang='grc' dir='ltr'><strong>καταλεί-</strong></span> 
     </span>
    </p>
   </div>
   <div class='ocr_carea' id='block_1_52' title="bbox 2090 2164 3672 2236">
    <p class='ocr_par' dir='ltr' id='par_1_52' title="bbox 2090 2164 3672 2236">
     <span class='ocr_line' id='line_1_52' title="bbox 2090 2164 3672 2236; baseline 0.003 -18"><span class='ocrx_word' id='word_1_351' title='bbox 2090 2182 2184 2219; x_wconf 87' lang='grc' dir='ltr'><strong>πει</strong></span> <span class='ocrx_word' id='word_1_352' title='bbox 2210 2165 2271 2220; x_wconf 86' lang='grc' dir='ltr'><strong>τδ</strong></span> <span class='ocrx_word' id='word_1_353' title='bbox 2303 2167 2530 2236; x_wconf 84' lang='grc' dir='ltr'><strong>κράτος.</strong></span> <span class='ocrx_word' id='word_1_354' title='bbox 2564 2168 2708 2219; x_wconf 84' lang='grc' dir='ltr'><strong>Δέκα</strong></span> <span class='ocrx_word' id='word_1_355' title='bbox 2733 2167 2789 2220; x_wconf 80' lang='grc' dir='ltr'><strong>δὲ</strong></span> <span class='ocrx_word' id='word_1_356' title='bbox 2820 2168 2951 2231; x_wconf 76' lang='grc' dir='ltr'><strong>τοὺς</strong></span> <span class='ocrx_word' id='word_1_357' title='bbox 2993 2169 3205 2231; x_wconf 83' lang='grc' dir='ltr'><strong>πάντας</strong></span> <span class='ocrx_word' id='word_1_358' title='bbox 3231 2169 3329 2222; x_wconf 75' lang='grc' dir='ltr'><strong>καὶ</strong></span> <span class='ocrx_word' id='word_1_359' title='bbox 3356 2164 3511 2232; x_wconf 69' lang='grc' dir='ltr'><strong>οὖτος</strong></span> <span class='ocrx_word' id='word_1_360' title='bbox 3539 2171 3672 2223; x_wconf 76' lang='grc' dir='ltr'><strong>ἀνα-</strong></span> 
     </span>
    </p>
   </div>
   <div class='ocr_carea' id='block_1_53' title="bbox 2092 2259 3762 2336">
    <p class='ocr_par' dir='ltr' id='par_1_53' title="bbox 2092 2259 3762 2336">
     <span class='ocr_line' id='line_1_53' title="bbox 2092 2259 3762 2336; baseline 0.004 -25"><span class='ocrx_word' id='word_1_361' title='bbox 2092 2259 2307 2328; x_wconf 79' lang='grc' dir='ltr'><strong>πλήσας</strong></span> <span class='ocrx_word' id='word_1_362' title='bbox 2340 2261 2648 2326; x_wconf 77' lang='grc' dir='ltr'><strong>ἐνιαυτοὺς,</strong></span> <span class='ocrx_word' id='word_1_363' title='bbox 2678 2259 2742 2314; x_wconf 81' lang='grc' dir='ltr'><strong>τὸ</strong></span> <span class='ocrx_word' id='word_1_364' title='bbox 2770 2259 2923 2330; x_wconf 82' lang='grc' dir='ltr'><strong>βιοῦν</strong></span> <span class='ocrx_word' id='word_1_365' title='bbox 2969 2262 3347 2335; x_wconf 83' lang='grc' dir='ltr'><strong>ἐξεμέτρησεν</strong></span> <span class='ocrx_word' id='word_1_366' title='bbox 3374 2266 3430 2316; x_wconf 86' lang='grc' dir='ltr'><strong>ἐν</strong></span> <span class='ocrx_word' id='word_1_367' title='bbox 3463 2267 3676 2336; x_wconf 82' lang='grc' dir='ltr'><strong>Προκο·</strong></span> <span class='ocrx_word' id='word_1_368' title='bbox 3740 2280 3762 2299; x_wconf 80' lang='grc' dir='ltr'><strong><em>ο</em></strong></span> 
     </span>
    </p>
   </div>
   <div class='ocr_carea' id='block_1_54' title="bbox 2093 2351 3670 2424">
    <p class='ocr_par' dir='ltr' id='par_1_54' title="bbox 2093 2351 3670 2424">
     <span class='ocr_line' id='line_1_54' title="bbox 2093 2351 3670 2424; baseline 0.005 -21"><span class='ocrx_word' id='word_1_369' title='bbox 2093 2351 2246 2420; x_wconf 85' lang='grc' dir='ltr'><strong>νήσῳ</strong></span> <span class='ocrx_word' id='word_1_370' title='bbox 2289 2351 2546 2419; x_wconf 68' lang='grc' dir='ltr'><strong>σφαγεὶς,</strong></span> <span class='ocrx_word' id='word_1_371' title='bbox 2582 2351 2658 2404; x_wconf 82' lang='grc' dir='ltr'><strong>ὢν</strong></span> <span class='ocrx_word' id='word_1_372' title='bbox 2684 2351 2867 2420; x_wconf 85' lang='grc' dir='ltr'><strong>ὀλίγου</strong></span> <span class='ocrx_word' id='word_1_373' title='bbox 2906 2353 3020 2406; x_wconf 81' lang='grc' dir='ltr'><strong>δεῖν</strong></span> <span class='ocrx_word' id='word_1_374' title='bbox 3061 2355 3199 2408; x_wconf 83' lang='grc' dir='ltr'><strong>ἐτῶν</strong></span> <span class='ocrx_word' id='word_1_375' title='bbox 3231 2357 3670 2424; x_wconf 79' lang='grc' dir='ltr'><strong>τεσσαράκοντα.</strong></span> 
     </span>
    </p>
   </div>
   <div class='ocr_carea' id='block_1_55' title="bbox 2105 2438 3672 2510">
    <p class='ocr_par' dir='ltr' id='par_1_55' title="bbox 2105 2438 3672 2510">
     <span class='ocr_line' id='line_1_55' title="bbox 2105 2438 3672 2510; baseline 0.003 -18"><span class='ocrx_word' id='word_1_376' title='bbox 2105 2439 2228 2492; x_wconf 76' lang='grc' dir='ltr'><strong>Ἐπὶ</strong></span> <span class='ocrx_word' id='word_1_377' title='bbox 2273 2438 2339 2507; x_wconf 77' lang='grc' dir='ltr'><strong>δὴ</strong></span> <span class='ocrx_word' id='word_1_378' title='bbox 2383 2439 2597 2492; x_wconf 87' lang='grc' dir='ltr'><strong>τούτων</strong></span> <span class='ocrx_word' id='word_1_379' title='bbox 2629 2439 2739 2495; x_wconf 91' lang='grc' dir='ltr'><strong>τῶν</strong></span> <span class='ocrx_word' id='word_1_380' title='bbox 2769 2441 3092 2510; x_wconf 83' lang='grc' dir='ltr'><strong>Καισάρων,</strong></span> <span class='ocrx_word' id='word_1_381' title='bbox 3129 2443 3319 2497; x_wconf 79' lang='grc' dir='ltr'><strong>πολλοί</strong></span> <span class='ocrx_word' id='word_1_382' title='bbox 3352 2461 3411 2496; x_wconf 88' lang='grc' dir='ltr'><strong>τε</strong></span> <span class='ocrx_word' id='word_1_383' title='bbox 3448 2444 3672 2499; x_wconf 72' lang='grc' dir='ltr'><strong>καὶτῶν</strong></span> 
     </span>
    </p>
   </div>
   <div class='ocr_carea' id='block_1_56' title="bbox 2093 2525 3676 2602">
    <p class='ocr_par' dir='ltr' id='par_1_56' title="bbox 2093 2525 3676 2602">
     <span class='ocr_line' id='line_1_56' title="bbox 2093 2525 3676 2602; baseline 0.006 -24"><span class='ocrx_word' id='word_1_384' title='bbox 2093 2525 2228 2596; x_wconf 85' lang='grc' dir='ltr'><strong>παρ’</strong></span> <span class='ocrx_word' id='word_1_385' title='bbox 2243 2525 2513 2595; x_wconf 86' lang='grc' dir='ltr'><strong>Ἕλλησιν</strong></span> <span class='ocrx_word' id='word_1_386' title='bbox 2543 2528 2852 2599; x_wconf 80' lang='grc' dir='ltr'><strong>εὐδοκίμων</strong></span> <span class='ocrx_word' id='word_1_387' title='bbox 2883 2531 3170 2600; x_wconf 72' lang='grc' dir='ltr'><strong>ἐφάνησαν</strong></span> <span class='ocrx_word' id='word_1_388' title='bbox 3195 2534 3440 2602; x_wconf 67' lang='grc' dir='ltr'><strong>ποιηταὶ,</strong></span> <span class='ocrx_word' id='word_1_389' title='bbox 3463 2535 3556 2586; x_wconf 76' lang='grc' dir='ltr'><strong>καὶ</strong></span> <span class='ocrx_word' id='word_1_390' title='bbox 3590 2535 3676 2587; x_wconf 89' lang='grc' dir='ltr'><strong>λό-</strong></span> 
     </span>
    </p>
   </div>
   <div class='ocr_carea' id='block_1_57' title="bbox 2093 2623 3672 2695">
    <p class='ocr_par' dir='ltr' id='par_1_57' title="bbox 2093 2623 3672 2695">
     <span class='ocr_line' id='line_1_57' title="bbox 2093 2623 3672 2695; baseline 0 -17"><span class='ocrx_word' id='word_1_391' title='bbox 2093 2641 2209 2693; x_wconf 91' lang='grc' dir='ltr'><strong>γων</strong></span> <span class='ocrx_word' id='word_1_392' title='bbox 2257 2623 2570 2695; x_wconf 82' lang='grc' dir='ltr'><strong>ῥητορικῶν</strong></span> <span class='ocrx_word' id='word_1_393' title='bbox 2615 2625 2711 2677; x_wconf 80' lang='grc' dir='ltr'><strong>καὶ</strong></span> <span class='ocrx_word' id='word_1_394' title='bbox 2757 2623 3062 2694; x_wconf 82' lang='grc' dir='ltr'><strong>ἰατρικῶν,</strong></span> <span class='ocrx_word' id='word_1_395' title='bbox 3110 2624 3195 2677; x_wconf 80' lang='grc' dir='ltr'><strong>ἐτι</strong></span> <span class='ocrx_word' id='word_1_396' title='bbox 3248 2624 3304 2677; x_wconf 81' lang='grc' dir='ltr'><strong>δέ</strong></span> <span class='ocrx_word' id='word_1_397' title='bbox 3363 2625 3461 2679; x_wconf 72' lang='grc' dir='ltr'><strong>καὶ</strong></span> <span class='ocrx_word' id='word_1_398' title='bbox 3496 2625 3672 2690; x_wconf 80' lang='grc' dir='ltr'><strong>πάσης</strong></span> 
     </span>
    </p>
   </div>
   <div class='ocr_carea' id='block_1_58' title="bbox 2095 2714 3671 2790">
    <p class='ocr_par' dir='ltr' id='par_1_58' title="bbox 2095 2714 3671 2790">
     <span class='ocr_line' id='line_1_58' title="bbox 2095 2714 3671 2790; baseline 0.003 -24"><span class='ocrx_word' id='word_1_399' title='bbox 2095 2716 2417 2785; x_wconf 83' lang='grc' dir='ltr'><strong>φιλοσοφίας</strong></span> <span class='ocrx_word' id='word_1_400' title='bbox 2440 2714 2724 2785; x_wconf 71' lang='grc' dir='ltr'><strong>ἔμπειροι·</strong></span> <span class='ocrx_word' id='word_1_401' title='bbox 2747 2715 2775 2769; x_wconf 83' lang='grc' dir='ltr'><em>ὅ</em></span> <span class='ocrx_word' id='word_1_402' title='bbox 2817 2731 2878 2768; x_wconf 89' lang='grc' dir='ltr'><strong>τε</strong></span> <span class='ocrx_word' id='word_1_403' title='bbox 2901 2717 3008 2786; x_wconf 83' lang='grc' dir='ltr'><strong>γὰρ</strong></span> <span class='ocrx_word' id='word_1_404' title='bbox 3043 2715 3383 2788; x_wconf 82' lang='grc' dir='ltr'><strong>Ἑρμογένης</strong></span> <span class='ocrx_word' id='word_1_405' title='bbox 3408 2720 3435 2773; x_wconf 91' lang='lat'><strong>6</strong></span> <span class='ocrx_word' id='word_1_406' title='bbox 3463 2719 3671 2790; x_wconf 79' lang='grc' dir='ltr'><strong>ῥήτωρ,</strong></span> 
     </span>
    </p>
   </div>
   <div class='ocr_carea' id='block_1_59' title="bbox 2093 2799 3673 2880">
    <p class='ocr_par' dir='ltr' id='par_1_59' title="bbox 2093 2799 3673 2880">
     <span class='ocr_line' id='line_1_59' title="bbox 2093 2799 3673 2880; baseline 0.003 -20"><span class='ocrx_word' id='word_1_407' title='bbox 2093 2809 2191 2863; x_wconf 73' lang='grc' dir='ltr'><strong>καὶ</strong></span> <span class='ocrx_word' id='word_1_408' title='bbox 2253 2799 2589 2878; x_wconf 77' lang='grc' dir='ltr'><strong>Ἀριστείδης</strong></span> <span class='ocrx_word' id='word_1_409' title='bbox 2641 2809 2669 2861; x_wconf 84' lang='grc' dir='ltr'>ὁ</span> <span class='ocrx_word' id='word_1_410' title='bbox 2730 2806 2794 2860; x_wconf 86' lang='grc' dir='ltr'><strong>τὸ</strong></span> <span class='ocrx_word' id='word_1_411' title='bbox 2839 2807 3064 2876; x_wconf 79' lang='grc' dir='ltr'><strong>εὐγενὲς</strong></span> <span class='ocrx_word' id='word_1_412' title='bbox 3120 2810 3230 2864; x_wconf 88' lang='grc' dir='ltr'><strong>τῶν</strong></span> <span class='ocrx_word' id='word_1_413' title='bbox 3269 2810 3445 2880; x_wconf 87' lang='grc' dir='ltr'><strong>λόγων</strong></span> <span class='ocrx_word' id='word_1_414' title='bbox 3483 2811 3673 2880; x_wconf 79' lang='grc' dir='ltr'><strong>διαφυο</strong></span> 
     </span>
    </p>
   </div>
   <div class='ocr_carea' id='block_1_60' title="bbox 2095 2896 3676 2972">
    <p class='ocr_par' dir='ltr' id='par_1_60' title="bbox 2095 2896 3676 2972">
     <span class='ocr_line' id='line_1_60' title="bbox 2095 2896 3676 2972; baseline 0.003 -21"><span class='ocrx_word' id='word_1_415' title='bbox 2095 2897 2284 2961; x_wconf 83' lang='grc' dir='ltr'><strong>λάξας,</strong></span> <span class='ocrx_word' id='word_1_416' title='bbox 2318 2897 2560 2965; x_wconf 82' lang='grc' dir='ltr'><strong>Γαληνός</strong></span> <span class='ocrx_word' id='word_1_417' title='bbox 2587 2913 2648 2949; x_wconf 89' lang='grc' dir='ltr'><strong>τε</strong></span> <span class='ocrx_word' id='word_1_418' title='bbox 2683 2897 2783 2950; x_wconf 64' lang='grc' dir='ltr'><strong>καὶ¹</strong></span> <span class='ocrx_word' id='word_1_419' title='bbox 2828 2896 3139 2964; x_wconf 84' lang='grc' dir='ltr'><strong>Ὀππιανὺς</strong></span> <span class='ocrx_word' id='word_1_420' title='bbox 3169 2902 3198 2955; x_wconf 91' lang='lat'><strong>6</strong></span> <span class='ocrx_word' id='word_1_421' title='bbox 3225 2900 3456 2972; x_wconf 81' lang='grc' dir='ltr'><strong>ποιητὴς</strong></span> <span class='ocrx_word' id='word_1_422' title='bbox 3479 2944 3493 2968; x_wconf 94' lang='grc'><strong>,</strong></span> <span class='ocrx_word' id='word_1_423' title='bbox 3527 2905 3618 2956; x_wconf 79' lang='grc' dir='ltr'><strong>καί</strong></span> <span class='ocrx_word' id='word_1_424' title='bbox 3647 2904 3676 2955; x_wconf 89' lang='grc' dir='ltr'><strong>ὀ</strong></span> 
     </span>
    </p>
   </div>
   <div class='ocr_carea' id='block_1_61' title="bbox 2106 2995 3675 3067">
    <p class='ocr_par' dir='ltr' id='par_1_61' title="bbox 2106 2995 3675 3067">
     <span class='ocr_line' id='line_1_61' title="bbox 2106 2995 3675 3067; baseline -0.002 -17"><span class='ocrx_word' id='word_1_425' title='bbox 2106 2995 2505 3067; x_wconf 79' lang='grc' dir='ltr'><strong>Ἀλεξανδρεὺς</strong></span> <span class='ocrx_word' id='word_1_426' title='bbox 2527 2995 2919 3059; x_wconf 83' lang='grc' dir='ltr'><strong>Ἀπολλώνιος,</strong></span> <span class='ocrx_word' id='word_1_427' title='bbox 2941 2997 3040 3048; x_wconf 82' lang='grc' dir='ltr'><strong>καὶ</strong></span> <span class='ocrx_word' id='word_1_428' title='bbox 3067 2997 3093 3049; x_wconf 88' lang='grc' dir='ltr'>ὁ</span> <span class='ocrx_word' id='word_1_429' title='bbox 3115 2995 3310 3049; x_wconf 86' lang='grc' dir='ltr'><strong>τούτου</strong></span> <span class='ocrx_word' id='word_1_430' title='bbox 3338 2998 3469 3059; x_wconf 84' lang='grc' dir='ltr'><strong>παῖς</strong></span> <span class='ocrx_word' id='word_1_431' title='bbox 3497 2996 3675 3066; x_wconf 84' lang='grc' dir='ltr'><strong>Ἥρω-</strong></span> 
     </span>
    </p>
   </div>
   <div class='ocr_carea' id='block_1_62' title="bbox 2098 3089 3672 3162">
    <p class='ocr_par' dir='ltr' id='par_1_62' title="bbox 2098 3089 3672 3162">
     <span class='ocr_line' id='line_1_62' title="bbox 2098 3089 3672 3162; baseline -0.001 -19"><span class='ocrx_word' id='word_1_432' title='bbox 2098 3089 2317 3154; x_wconf 71' lang='grc' dir='ltr'><strong>διανδς,</strong></span> <span class='ocrx_word' id='word_1_433' title='bbox 2353 3090 2404 3142; x_wconf 78' lang='grc' dir='ltr'><strong>οἱ</strong></span> <span class='ocrx_word' id='word_1_434' title='bbox 2453 3089 2557 3158; x_wconf 86' lang='grc' dir='ltr'><strong>τῆς</strong></span> <span class='ocrx_word' id='word_1_435' title='bbox 2607 3090 3010 3162; x_wconf 84' lang='grc' dir='ltr'><strong>γραμματικῆς</strong></span> <span class='ocrx_word' id='word_1_436' title='bbox 3056 3089 3257 3158; x_wconf 87' lang='grc' dir='ltr'><strong>τέχνης</strong></span> <span class='ocrx_word' id='word_1_437' title='bbox 3302 3090 3672 3159; x_wconf 83' lang='grc' dir='ltr'><strong>στοιχειωταί·</strong></span> 
     </span>
    </p>
   </div>
   <div class='ocr_carea' id='block_1_63' title="bbox 2097 3179 3675 3251">
    <p class='ocr_par' dir='ltr' id='par_1_63' title="bbox 2097 3179 3675 3251">
     <span class='ocr_line' id='line_1_63' title="bbox 2097 3179 3675 3251; baseline -0.001 -17"><span class='ocrx_word' id='word_1_438' title='bbox 2097 3179 2194 3243; x_wconf 79' lang='grc' dir='ltr'><strong>οὓς</strong></span> <span class='ocrx_word' id='word_1_439' title='bbox 2239 3181 2452 3251; x_wconf 80' lang='grc' dir='ltr'><strong>μακρὸν</strong></span> <span class='ocrx_word' id='word_1_440' title='bbox 2475 3179 2542 3233; x_wconf 76' lang='grc' dir='ltr'><strong>ἂν</strong></span> <span class='ocrx_word' id='word_1_441' title='bbox 2576 3179 2664 3250; x_wconf 75' lang='grc' dir='ltr'><strong>εἵη</strong></span> <span class='ocrx_word' id='word_1_442' title='bbox 2695 3179 3024 3248; x_wconf 79' lang='grc' dir='ltr'><strong>καταλέγειν</strong></span> <span class='ocrx_word' id='word_1_443' title='bbox 3056 3183 3124 3251; x_wconf 81' lang='grc' dir='ltr'><strong>τῇ</strong></span> <span class='ocrx_word' id='word_1_444' title='bbox 3163 3179 3419 3251; x_wconf 82' lang='grc' dir='ltr'><strong>παρούσῃ</strong></span> <span class='ocrx_word' id='word_1_445' title='bbox 3449 3182 3675 3251; x_wconf 75' lang='grc' dir='ltr'><strong>σπουδῇ.</strong></span> 
     </span>
    </p>
   </div>
   <div class='ocr_carea' id='block_1_64' title="bbox 413 3245 1990 3347">
    <p class='ocr_par' dir='ltr' id='par_1_64' title="bbox 413 3274 1990 3347">
     <span class='ocr_line' id='line_1_64' title="bbox 413 3274 1990 3347; baseline -0.002 -17"><span class='ocrx_word' id='word_1_446' title='bbox 413 3274 635 3330; x_wconf 55' lang='lat' dir='ltr'><strong>Graecos</strong></span> <span class='ocrx_word' id='word_1_447' title='bbox 670 3290 802 3330; x_wconf 90' lang='lat' dir='ltr'><strong>vero</strong></span> <span class='ocrx_word' id='word_1_448' title='bbox 844 3285 1059 3331; x_wconf 90' lang='lat' dir='ltr'><strong>tantum</strong></span> <span class='ocrx_word' id='word_1_449' title='bbox 1108 3276 1353 3347; x_wconf 88' lang='lat' dir='ltr'><strong>insignes</strong></span> <span class='ocrx_word' id='word_1_450' title='bbox 1408 3285 1546 3340; x_wconf 89' lang='lat' dir='ltr'><strong>tum,</strong></span> <span class='ocrx_word' id='word_1_451' title='bbox 1603 3289 1792 3330; x_wconf 83' lang='lat' dir='ltr'><strong>verum</strong></span> <span class='ocrx_word' id='word_1_452' title='bbox 1825 3274 1990 3328; x_wconf 91' lang='lat' dir='ltr'><strong>etiam</strong></span> 
     </span>
    </p>
   </div>
   <div class='ocr_carea' id='block_1_65' title="bbox 2096 3245 3679 3347">
    <p class='ocr_par' dir='ltr' id='par_1_65' title="bbox 2103 3245 3679 3344">
     <span class='ocr_line' id='line_1_65' title="bbox 2103 3245 3679 3344; baseline -0.001 -19"><span class='ocrx_word' id='word_1_453' title='bbox 2103 3245 2252 3342; x_wconf 80' lang='grc' dir='ltr'><strong>Πλήν</strong></span> <span class='ocrx_word' id='word_1_454' title='bbox 2309 3245 2375 3341; x_wconf 81' lang='grc' dir='ltr'><strong>γε</strong></span> <span class='ocrx_word' id='word_1_455' title='bbox 2432 3245 2866 3344; x_wconf 38' lang='grc' dir='ltr'><strong>ειδέναι-χρεὼν,</strong></span> <span class='ocrx_word' id='word_1_456' title='bbox 2907 3245 2983 3335; x_wconf 82' lang='grc' dir='ltr'><strong>ῶς</strong></span> <span class='ocrx_word' id='word_1_457' title='bbox 3029 3275 3056 3326; x_wconf 90' lang='lat'><strong>6</strong></span> <span class='ocrx_word' id='word_1_458' title='bbox 3097 3245 3327 3342; x_wconf 56' lang='grc' dir='ltr'><strong>Μάρκος</strong></span> <span class='ocrx_word' id='word_1_459' title='bbox 3357 3245 3679 3336; x_wconf 68' lang='grc' dir='ltr'><strong>’Ᾰντωνῖνος</strong></span> 
     </span>
    </p>
   </div>
   <div class='ocr_carea' id='block_1_66' title="bbox 415 3367 1996 3440">
    <p class='ocr_par' dir='ltr' id='par_1_66' title="bbox 415 3367 1996 3440">
     <span class='ocr_line' id='line_1_66' title="bbox 415 3367 1996 3440; baseline 0 -18"><span class='ocrx_word' id='word_1_460' title='bbox 415 3367 472 3422; x_wconf 91' lang='lat' dir='ltr'><strong>in</strong></span> <span class='ocrx_word' id='word_1_461' title='bbox 509 3367 763 3437; x_wconf 90' lang='lat' dir='ltr'><strong>dogmate</strong></span> <span class='ocrx_word' id='word_1_462' title='bbox 801 3378 991 3424; x_wconf 89' lang='lat' dir='ltr'><strong>nostro</strong></span> <span class='ocrx_word' id='word_1_463' title='bbox 1030 3369 1257 3440; x_wconf 89' lang='lat' dir='ltr'><strong>plurimi</strong></span> <span class='ocrx_word' id='word_1_464' title='bbox 1299 3369 1655 3438; x_wconf 78' lang='lat' dir='ltr'><strong>maximique,</strong></span> <span class='ocrx_word' id='word_1_465' title='bbox 1692 3367 1760 3423; x_wconf 89' lang='lat' dir='ltr'><strong>de</strong></span> <span class='ocrx_word' id='word_1_466' title='bbox 1791 3367 1996 3437; x_wconf 89' lang='lat' dir='ltr'><strong>quibus</strong></span> 
     </span>
    </p>
   </div>
   <div class='ocr_carea' id='block_1_67' title="bbox 416 3460 1746 3531">
    <p class='ocr_par' dir='ltr' id='par_1_67' title="bbox 416 3460 1746 3531">
     <span class='ocr_line' id='line_1_67' title="bbox 416 3460 1746 3531; baseline 0 -19"><span class='ocrx_word' id='word_1_467' title='bbox 416 3460 472 3513; x_wconf 90' lang='lat' dir='ltr'><strong>in</strong></span> <span class='ocrx_word' id='word_1_468' title='bbox 510 3461 762 3531; x_wconf 87' lang='lat' dir='ltr'><strong>sequenti</strong></span> <span class='ocrx_word' id='word_1_469' title='bbox 791 3476 1019 3531; x_wconf 75' lang='lat' dir='ltr'><strong>agemus</strong></span> <span class='ocrx_word' id='word_1_470' title='bbox 1057 3462 1315 3531; x_wconf 82' lang='lat' dir='ltr'><strong>bistoria,</strong></span> <span class='ocrx_word' id='word_1_471' title='bbox 1346 3461 1586 3516; x_wconf 85' lang='lat' dir='ltr'><strong>ﬂoruere</strong></span> <span class='ocrx_word' id='word_1_472' title='bbox 1617 3460 1746 3514; x_wconf 88' lang='lat' dir='ltr'><strong>viri.</strong></span> 
     </span>
    </p>
   </div>
   <div class='ocr_carea' id='block_1_68' title="bbox 2103 3357 3679 3438">
    <p class='ocr_par' dir='ltr' id='par_1_68' title="bbox 2103 3357 3679 3438">
     <span class='ocr_line' id='line_1_68' title="bbox 2103 3357 3679 3438; baseline -0.001 -20"><span class='ocrx_word' id='word_1_473' title='bbox 2103 3357 2258 3426; x_wconf 77' lang='grc' dir='ltr'><strong>οὗτος</strong></span> <span class='ocrx_word' id='word_1_474' title='bbox 2291 3362 2384 3416; x_wconf 77' lang='grc' dir='ltr'><strong>καὶ</strong></span> <span class='ocrx_word' id='word_1_475' title='bbox 2430 3361 2638 3432; x_wconf 77' lang='grc' dir='ltr'><strong>βιϐλίον</strong></span> <span class='ocrx_word' id='word_1_476' title='bbox 2671 3363 2924 3428; x_wconf 87' lang='grc' dir='ltr'><strong>παιδείας</strong></span> <span class='ocrx_word' id='word_1_477' title='bbox 2976 3364 3055 3436; x_wconf 87' lang='grc' dir='ltr'><strong>τῷ</strong></span> <span class='ocrx_word' id='word_1_478' title='bbox 3107 3367 3262 3419; x_wconf 78' lang='grc' dir='ltr'><strong>παιδὶ</strong></span> <span class='ocrx_word' id='word_1_479' title='bbox 3311 3367 3525 3438; x_wconf 80' lang='grc' dir='ltr'><strong>Μάρκῳ</strong></span> <span class='ocrx_word' id='word_1_480' title='bbox 3553 3383 3679 3418; x_wconf 90' lang='grc' dir='ltr'><strong>συν-</strong></span> 
     </span>
    </p>
   </div>
   <div class='ocr_carea' id='block_1_69' title="bbox 2105 3455 3680 3529">
    <p class='ocr_par' dir='ltr' id='par_1_69' title="bbox 2105 3455 3680 3529">
     <span class='ocr_line' id='line_1_69' title="bbox 2105 3455 3680 3529; baseline 0.001 -20"><span class='ocrx_word' id='word_1_481' title='bbox 2105 3457 2315 3517; x_wconf 79' lang='grc' dir='ltr'><strong>τάττει,</strong></span> <span class='ocrx_word' id='word_1_482' title='bbox 2357 3455 2541 3524; x_wconf 83' lang='grc' dir='ltr'><strong>πάσης</strong></span> <span class='ocrx_word' id='word_1_483' title='bbox 2595 3456 2871 3526; x_wconf 77' lang='grc' dir='ltr'><strong>κοσμικῆς</strong></span> <span class='ocrx_word' id='word_1_484' title='bbox 2923 3458 3222 3529; x_wconf 71' lang='grc' dir='ltr'><strong>ἐμπειρίας</strong></span> <span class='ocrx_word' id='word_1_485' title='bbox 3283 3459 3378 3512; x_wconf 71' lang='grc' dir='ltr'><strong>καὶ</strong></span> <span class='ocrx_word' id='word_1_486' title='bbox 3430 3459 3680 3519; x_wconf 77' lang='grc' dir='ltr'><strong>παιδείας</strong></span> 
     </span>
    </p>
   </div>
   <div class='ocr_carea' id='block_1_70' title="bbox 418 3548 3680 3629">
    <p class='ocr_par' dir='ltr' id='par_1_70' title="bbox 418 3548 3680 3629">
     <span class='ocr_line' id='line_1_70' title="bbox 418 3548 3680 3629; baseline -0.002 -21"><span class='ocrx_word' id='word_1_487' title='bbox 418 3555 641 3624; x_wconf 80' lang='grc' dir='ltr'><strong>μεστόν.</strong></span> <span class='ocrx_word' id='word_1_488' title='bbox 677 3557 753 3610; x_wconf 85' lang='grc' dir='ltr'><strong>Οὐ</strong></span> <span class='ocrx_word' id='word_1_489' title='bbox 797 3557 960 3628; x_wconf 88' lang='grc' dir='ltr'><strong>μόνον</strong></span> <span class='ocrx_word' id='word_1_490' title='bbox 991 3557 1050 3611; x_wconf 78' lang='grc' dir='ltr'><strong>δὲ</strong></span> <span class='ocrx_word' id='word_1_491' title='bbox 1093 3559 1221 3624; x_wconf 84' lang='grc' dir='ltr'><strong>παρ’</strong></span> <span class='ocrx_word' id='word_1_492' title='bbox 1257 3558 1488 3629; x_wconf 82' lang='grc' dir='ltr'><strong>Ἕλλησι</strong></span> <span class='ocrx_word' id='word_1_493' title='bbox 1531 3557 1748 3627; x_wconf 78' lang='grc' dir='ltr'><strong>δόκιμοι</strong></span> <span class='ocrx_word' id='word_1_494' title='bbox 1793 3553 1989 3625; x_wconf 78' lang='grc' dir='ltr'><strong>ἄνδρες</strong></span> <span class='ocrx_word' id='word_1_495' title='bbox 2027 3551 2380 3622; x_wconf 88' lang='grc' dir='ltr'><strong>ἐδείχθησαν,</strong></span> <span class='ocrx_word' id='word_1_496' title='bbox 2439 3550 2578 3604; x_wconf 82' lang='grc' dir='ltr'><strong>ἀλλὰ</strong></span> <span class='ocrx_word' id='word_1_497' title='bbox 2627 3550 2724 3603; x_wconf 66' lang='grc' dir='ltr'><strong>κα)⁸</strong></span> <span class='ocrx_word' id='word_1_498' title='bbox 2764 3548 2860 3603; x_wconf 74' lang='grc' dir='ltr'><strong>τοῦ</strong></span> <span class='ocrx_word' id='word_1_499' title='bbox 2933 3551 3059 3604; x_wconf 87' lang='grc' dir='ltr'><strong>καθ’</strong></span> <span class='ocrx_word' id='word_1_500' title='bbox 3124 3553 3273 3623; x_wconf 85' lang='grc' dir='ltr'><strong>ήμᾶς</strong></span> <span class='ocrx_word' id='word_1_501' title='bbox 3306 3552 3576 3621; x_wconf 86' lang='grc' dir='ltr'><strong>δόγματος</strong></span> <span class='ocrx_word' id='word_1_502' title='bbox 3605 3551 3680 3613; x_wconf 85' lang='grc' dir='ltr'><strong>ὡς</strong></span> 
     </span>
    </p>
   </div>
   <div class='ocr_carea' id='block_1_71' title="bbox 418 3643 2683 3724">
    <p class='ocr_par' dir='ltr' id='par_1_71' title="bbox 418 3643 2683 3724">
     <span class='ocr_line' id='line_1_71' title="bbox 418 3643 2683 3724; baseline -0.001 -22"><span class='ocrx_word' id='word_1_503' title='bbox 418 3652 667 3704; x_wconf 83' lang='grc' dir='ltr'><strong>πλεῖστοι</strong></span> <span class='ocrx_word' id='word_1_504' title='bbox 698 3652 794 3706; x_wconf 74' lang='grc' dir='ltr'><strong>καὶ</strong></span> <span class='ocrx_word' id='word_1_505' title='bbox 829 3651 1114 3722; x_wconf 74' lang='grc' dir='ltr'><strong>μέγιστοιο</strong></span> <span class='ocrx_word' id='word_1_506' title='bbox 1148 3653 1281 3724; x_wconf 79' lang='grc' dir='ltr'><strong>περὶ</strong></span> <span class='ocrx_word' id='word_1_507' title='bbox 1309 3644 1386 3706; x_wconf 83' lang='grc' dir='ltr'><strong>ὧν</strong></span> <span class='ocrx_word' id='word_1_508' title='bbox 1420 3655 1477 3706; x_wconf 84' lang='grc' dir='ltr'><strong>ἐν</strong></span> <span class='ocrx_word' id='word_1_509' title='bbox 1507 3653 1574 3722; x_wconf 81' lang='grc' dir='ltr'><strong>τῇ</strong></span> <span class='ocrx_word' id='word_1_510' title='bbox 1622 3650 1762 3721; x_wconf 83' lang='grc' dir='ltr'><strong>μετὰ</strong></span> <span class='ocrx_word' id='word_1_511' title='bbox 1795 3650 2008 3717; x_wconf 87' lang='grc' dir='ltr'><strong>ταύτην</strong></span> <span class='ocrx_word' id='word_1_512' title='bbox 2044 3647 2262 3717; x_wconf 76' lang='grc' dir='ltr'><strong>ἱστορία</strong></span> <span class='ocrx_word' id='word_1_513' title='bbox 2288 3643 2683 3715; x_wconf 78' lang='grc' dir='ltr'><strong>διαληψόμεθα.</strong></span> 
     </span>
    </p>
   </div>
   <div class='ocr_carea' id='block_1_72' title="bbox 841 3769 1539 3842">
    <p class='ocr_par' dir='ltr' id='par_1_72' title="bbox 841 3769 1539 3842">
     <span class='ocr_line' id='line_1_72' title="bbox 841 3769 1539 3842; baseline 0 -16"><span class='ocrx_word' id='word_1_514' title='bbox 841 3771 1006 3842; x_wconf 78' lang='lat'><strong>267</strong></span> <span class='ocrx_word' id='word_1_515' title='bbox 1043 3769 1273 3826; x_wconf 79' lang='lat' dir='ltr'><strong>CAPUT</strong></span> <span class='ocrx_word' id='word_1_516' title='bbox 1318 3770 1539 3826; x_wconf 82' lang='lat' dir='ltr'><strong>XXXII.</strong></span> 
     </span>
    </p>
   </div>
   <div class='ocr_carea' id='block_1_73' title="bbox 423 3857 1997 3933">
    <p class='ocr_par' dir='ltr' id='par_1_73' title="bbox 423 3857 1997 3933">
     <span class='ocr_line' id='line_1_73' title="bbox 423 3857 1997 3933; baseline -0.003 -19"><span class='ocrx_word' id='word_1_517' title='bbox 423 3857 487 3914; x_wconf 83' lang='lat' dir='ltr'><strong>Ut</strong></span> <span class='ocrx_word' id='word_1_518' title='bbox 547 3857 792 3915; x_wconf 73' lang='lat' dir='ltr'><strong>Justinus</strong></span> <span class='ocrx_word' id='word_1_519' title='bbox 835 3862 1186 3930; x_wconf 42' lang='lat' dir='ltr'><strong>‘philosOphus</strong></span> <span class='ocrx_word' id='word_1_520' title='bbox 1254 3861 1510 3933; x_wconf 83' lang='lat' dir='ltr'><strong>religione</strong></span> <span class='ocrx_word' id='word_1_521' title='bbox 1569 3861 1897 3923; x_wconf 77' lang='lat' dir='ltr'><strong>Christiana,</strong></span> <span class='ocrx_word' id='word_1_522' title='bbox 1948 3869 1997 3933; x_wconf 80' lang='lat' dir='ltr'><strong>et</strong></span> 
     </span>
    </p>
   </div>
   <div class='ocr_carea' id='block_1_74' title="bbox 487 3931 1999 4003">
    <p class='ocr_par' dir='ltr' id='par_1_74' title="bbox 487 3931 1999 4003">
     <span class='ocr_line' id='line_1_74' title="bbox 487 3931 1999 4003; baseline -0.001 -19"><span class='ocrx_word' id='word_1_523' title='bbox 487 3933 704 4003; x_wconf 63' lang='lat' dir='ltr'><strong>scripto,</strong></span> <span class='ocrx_word' id='word_1_524' title='bbox 740 3940 788 3985; x_wconf 87' lang='lat' dir='ltr'><strong>et</strong></span> <span class='ocrx_word' id='word_1_525' title='bbox 817 3933 931 3984; x_wconf 80' lang='lat' dir='ltr'><strong>sine</strong></span> <span class='ocrx_word' id='word_1_526' title='bbox 956 3933 1172 3999; x_wconf 84' lang='lat' dir='ltr'><strong>scripto,</strong></span> <span class='ocrx_word' id='word_1_527' title='bbox 1209 3931 1413 4002; x_wconf 82' lang='lat' dir='ltr'><strong>egregie</strong></span> <span class='ocrx_word' id='word_1_528' title='bbox 1456 3933 1706 4002; x_wconf 78' lang='lat' dir='ltr'><strong>defensa,</strong></span> <span class='ocrx_word' id='word_1_529' title='bbox 1738 3931 1999 4003; x_wconf 81' lang='lat' dir='ltr'><strong>martyrio</strong></span> 
     </span>
    </p>
   </div>
   <div class='ocr_carea' id='block_1_75' title="bbox 488 4000 1468 4071">
    <p class='ocr_par' dir='ltr' id='par_1_75' title="bbox 488 4000 1468 4071">
     <span class='ocr_line' id='line_1_75' title="bbox 488 4000 1468 4071; baseline 0.004 -19"><span class='ocrx_word' id='word_1_530' title='bbox 488 4016 586 4071; x_wconf 84' lang='lat' dir='ltr'><strong>pro</strong></span> <span class='ocrx_word' id='word_1_531' title='bbox 613 4000 807 4056; x_wconf 79' lang='lat' dir='ltr'><strong>Christi</strong></span> <span class='ocrx_word' id='word_1_532' title='bbox 833 4003 1044 4056; x_wconf 82' lang='lat' dir='ltr'><strong>nomine</strong></span> <span class='ocrx_word' id='word_1_533' title='bbox 1069 4004 1139 4056; x_wconf 73' lang='grc' dir='ltr'><strong>εει</strong></span> <span class='ocrx_word' id='word_1_534' title='bbox 1158 4000 1468 4056; x_wconf 67' lang='lat' dir='ltr'><strong>exornatus.</strong></span> 
     </span>
    </p>
   </div>
   <div class='ocr_carea' id='block_1_76' title="bbox 490 4112 1997 4192">
    <p class='ocr_par' dir='ltr' id='par_1_76' title="bbox 490 4112 1997 4192">
     <span class='ocr_line' id='line_1_76' title="bbox 490 4112 1997 4192; baseline 0.006 -25"><span class='ocrx_word' id='word_1_535' title='bbox 490 4112 572 4168; x_wconf 88' lang='lat' dir='ltr'><strong>Eo</strong></span> <span class='ocrx_word' id='word_1_536' title='bbox 621 4121 868 4184; x_wconf 89' lang='lat' dir='ltr'><strong>tempore</strong></span> <span class='ocrx_word' id='word_1_537' title='bbox 911 4115 1093 4172; x_wconf 86' lang='lat' dir='ltr'><strong>adhuc</strong></span> <span class='ocrx_word' id='word_1_538' title='bbox 1136 4117 1409 4186; x_wconf 85' lang='lat' dir='ltr'><strong>Justinus,</strong></span> <span class='ocrx_word' id='word_1_539' title='bbox 1447 4122 1606 4192; x_wconf 86' lang='lat' dir='ltr'><strong>cujus</strong></span> <span class='ocrx_word' id='word_1_540' title='bbox 1654 4121 1818 4191; x_wconf 89' lang='lat' dir='ltr'><strong>paulo</strong></span> <span class='ocrx_word' id='word_1_541' title='bbox 1870 4129 1997 4176; x_wconf 90' lang='lat' dir='ltr'><strong>ante</strong></span> 
     </span>
    </p>
   </div>
   <div class='ocr_carea' id='block_1_77' title="bbox 418 4207 1997 4284">
    <p class='ocr_par' dir='ltr' id='par_1_77' title="bbox 418 4207 1997 4284">
     <span class='ocr_line' id='line_1_77' title="bbox 418 4207 1997 4284; baseline 0.004 -22"><span class='ocrx_word' id='word_1_542' title='bbox 418 4207 653 4262; x_wconf 80' lang='lat' dir='ltr'><strong>fecimus</strong></span> <span class='ocrx_word' id='word_1_543' title='bbox 697 4209 1060 4276; x_wconf 87' lang='lat' dir='ltr'><strong>mentionem,</strong></span> <span class='ocrx_word' id='word_1_544' title='bbox 1089 4214 1294 4267; x_wconf 89' lang='lat' dir='ltr'><strong>enituit</strong></span> <span class='ocrx_word' id='word_1_545' title='bbox 1328 4231 1343 4269; x_wconf 87' lang='lat'>:</span> <span class='ocrx_word' id='word_1_546' title='bbox 1373 4222 1430 4268; x_wconf 90' lang='lat' dir='ltr'><strong>et</strong></span> <span class='ocrx_word' id='word_1_547' title='bbox 1479 4229 1630 4281; x_wconf 91' lang='lat' dir='ltr'><strong>cum,</strong></span> <span class='ocrx_word' id='word_1_548' title='bbox 1660 4229 1801 4284; x_wconf 89' lang='lat' dir='ltr'><strong>quos</strong></span> <span class='ocrx_word' id='word_1_549' title='bbox 1839 4213 1997 4269; x_wconf 83' lang='lat' dir='ltr'><strong>dixi-</strong></span> 
     </span>
    </p>
   </div>
   <div class='ocr_carea' id='block_1_78' title="bbox 418 4299 1999 4378">
    <p class='ocr_par' dir='ltr' id='par_1_78' title="bbox 418 4299 1999 4378">
     <span class='ocr_line' id='line_1_78' title="bbox 418 4299 1999 4378; baseline 0.006 -23"><span class='ocrx_word' id='word_1_550' title='bbox 418 4316 543 4355; x_wconf 86' lang='lat' dir='ltr'><strong>mus</strong></span> <span class='ocrx_word' id='word_1_551' title='bbox 579 4299 927 4373; x_wconf 88' lang='lat' dir='ltr'><strong>principibus</strong></span> <span class='ocrx_word' id='word_1_552' title='bbox 969 4303 1129 4358; x_wconf 90' lang='lat' dir='ltr'><strong>aliam</strong></span> <span class='ocrx_word' id='word_1_553' title='bbox 1169 4305 1336 4360; x_wconf 90' lang='lat' dir='ltr'><strong>etiam</strong></span> <span class='ocrx_word' id='word_1_554' title='bbox 1382 4321 1483 4376; x_wconf 93' lang='lat' dir='ltr'><strong>pro</strong></span> <span class='ocrx_word' id='word_1_555' title='bbox 1521 4307 1775 4378; x_wconf 86' lang='lat' dir='ltr'><strong>dogmate</strong></span> <span class='ocrx_word' id='word_1_556' title='bbox 1809 4318 1999 4364; x_wconf 89' lang='lat' dir='ltr'><strong>nostro</strong></span> 
     </span>
    </p>
   </div>
   <div class='ocr_carea' id='block_1_79' title="bbox 418 4393 2001 4472">
    <p class='ocr_par' dir='ltr' id='par_1_79' title="bbox 418 4393 2001 4472">
     <span class='ocr_line' id='line_1_79' title="bbox 418 4393 2001 4472; baseline 0.007 -25"><span class='ocrx_word' id='word_1_557' title='bbox 418 4393 799 4449; x_wconf 80' lang='lat' dir='ltr'><strong>defensionem</strong></span> <span class='ocrx_word' id='word_1_558' title='bbox 857 4396 1184 4464; x_wconf 85' lang='lat' dir='ltr'><strong>obtulisset,</strong></span> <span class='ocrx_word' id='word_1_559' title='bbox 1238 4408 1296 4453; x_wconf 91' lang='lat' dir='ltr'><strong>et</strong></span> <span class='ocrx_word' id='word_1_560' title='bbox 1347 4408 1541 4454; x_wconf 88' lang='lat' dir='ltr'><strong>contra</strong></span> <span class='ocrx_word' id='word_1_561' title='bbox 1591 4410 2001 4472; x_wconf 82' lang='lat' dir='ltr'><strong>Oppugnatores</strong></span> 
     </span>
    </p>
   </div>
   <div class='ocr_carea' id='block_1_80' title="bbox 419 4484 2000 4554">
    <p class='ocr_par' dir='ltr' id='par_1_80' title="bbox 419 4484 2000 4554">
     <span class='ocr_line' id='line_1_80' title="bbox 419 4484 2000 4554; baseline 0.006 -18"><span class='ocrx_word' id='word_1_562' title='bbox 419 4484 642 4541; x_wconf 63' lang='lat' dir='ltr'><strong>Graecos</strong></span> <span class='ocrx_word' id='word_1_563' title='bbox 686 4493 742 4539; x_wconf 87' lang='lat' dir='ltr'><strong>et</strong></span> <span class='ocrx_word' id='word_1_564' title='bbox 784 4484 1040 4554; x_wconf 68' lang='lat' dir='ltr'><strong>Judaaos,</strong></span> <span class='ocrx_word' id='word_1_565' title='bbox 1085 4485 1140 4540; x_wconf 90' lang='lat' dir='ltr'><strong>in</strong></span> <span class='ocrx_word' id='word_1_566' title='bbox 1189 4486 1384 4542; x_wconf 81' lang='lat' dir='ltr'><strong>faciem</strong></span> <span class='ocrx_word' id='word_1_567' title='bbox 1429 4503 1620 4545; x_wconf 89' lang='lat' dir='ltr'><strong>eorum</strong></span> <span class='ocrx_word' id='word_1_568' title='bbox 1669 4489 2000 4546; x_wconf 58' lang='lat' dir='ltr'><strong>Christiana!</strong></span> 
     </span>
    </p>
   </div>
   <div class='ocr_carea' id='block_1_81' title="bbox 419 4575 2000 4652">
    <p class='ocr_par' dir='ltr' id='par_1_81' title="bbox 419 4575 2000 4652">
     <span class='ocr_line' id='line_1_81' title="bbox 419 4575 2000 4652; baseline 0.006 -23"><span class='ocrx_word' id='word_1_569' title='bbox 419 4575 752 4646; x_wconf 80' lang='lat' dir='ltr'><strong>professioni</strong></span> <span class='ocrx_word' id='word_1_570' title='bbox 783 4578 1165 4647; x_wconf 89' lang='lat' dir='ltr'><strong>patrocinatus</strong></span> <span class='ocrx_word' id='word_1_571' title='bbox 1194 4589 1362 4645; x_wconf 89' lang='lat' dir='ltr'><strong>esset,</strong></span> <span class='ocrx_word' id='word_1_572' title='bbox 1389 4590 1553 4652; x_wconf 90' lang='lat' dir='ltr'><strong>atque</strong></span> <span class='ocrx_word' id='word_1_573' title='bbox 1576 4584 1744 4638; x_wconf 91' lang='lat' dir='ltr'><strong>etiam</strong></span> <span class='ocrx_word' id='word_1_574' title='bbox 1775 4583 2000 4639; x_wconf 82' lang='lat' dir='ltr'><strong>haereti-</strong></span> 
     </span>
    </p>
   </div>
   <div class='ocr_carea' id='block_1_82' title="bbox 420 4667 2000 4743">
    <p class='ocr_par' dir='ltr' id='par_1_82' title="bbox 420 4667 2000 4743">
     <span class='ocr_line' id='line_1_82' title="bbox 420 4667 2000 4743; baseline 0.006 -21"><span class='ocrx_word' id='word_1_575' title='bbox 420 4682 614 4722; x_wconf 85' lang='lat' dir='ltr'><strong>corum</strong></span> <span class='ocrx_word' id='word_1_576' title='bbox 655 4682 853 4722; x_wconf 86' lang='lat' dir='ltr'><strong>vanam</strong></span> <span class='ocrx_word' id='word_1_577' title='bbox 895 4667 1098 4738; x_wconf 70' lang='lat' dir='ltr'><strong>linguae</strong></span> <span class='ocrx_word' id='word_1_578' title='bbox 1143 4671 1554 4740; x_wconf 89' lang='lat' dir='ltr'><strong>loquacitatem,</strong></span> <span class='ocrx_word' id='word_1_579' title='bbox 1596 4684 2000 4743; x_wconf 87' lang='lat' dir='ltr'><strong>nocentemque</strong></span> 
     </span>
    </p>
   </div>
   <div class='ocr_carea' id='block_1_83' title="bbox 423 4757 1998 4833">
    <p class='ocr_par' dir='ltr' id='par_1_83' title="bbox 423 4757 1998 4833">
     <span class='ocr_line' id='line_1_83' title="bbox 423 4757 1998 4833; baseline 0.004 -21"><span class='ocrx_word' id='word_1_580' title='bbox 423 4757 628 4813; x_wconf 89' lang='lat' dir='ltr'><strong>mentis</strong></span> <span class='ocrx_word' id='word_1_581' title='bbox 655 4758 925 4813; x_wconf 89' lang='lat' dir='ltr'><strong>insaniam</strong></span> <span class='ocrx_word' id='word_1_582' title='bbox 957 4759 1254 4817; x_wconf 88' lang='lat' dir='ltr'><strong>luculentis</strong></span> <span class='ocrx_word' id='word_1_583' title='bbox 1293 4765 1639 4821; x_wconf 89' lang='lat' dir='ltr'><strong>orationibus</strong></span> <span class='ocrx_word' id='word_1_584' title='bbox 1677 4766 1998 4833; x_wconf 87' lang='lat' dir='ltr'><strong>retudisset,</strong></span> 
     </span>
    </p>
   </div>
   <div class='ocr_carea' id='block_1_84' title="bbox 421 4848 2001 4927">
    <p class='ocr_par' dir='ltr' id='par_1_84' title="bbox 421 4848 2001 4927">
     <span class='ocr_line' id='line_1_84' title="bbox 421 4848 2001 4927; baseline 0.006 -25"><span class='ocrx_word' id='word_1_585' title='bbox 421 4848 586 4902; x_wconf 81' lang='lat' dir='ltr'><strong>fidem</strong></span> <span class='ocrx_word' id='word_1_586' title='bbox 626 4858 872 4903; x_wconf 89' lang='lat' dir='ltr'><strong>nostram</strong></span> <span class='ocrx_word' id='word_1_587' title='bbox 917 4849 1090 4904; x_wconf 83' lang='lat' dir='ltr'><strong>firmis</strong></span> <span class='ocrx_word' id='word_1_588' title='bbox 1135 4851 1614 4924; x_wconf 84' lang='lat' dir='ltr'><strong>adamantinisque</strong></span> <span class='ocrx_word' id='word_1_589' title='bbox 1647 4871 2001 4927; x_wconf 89' lang='lat' dir='ltr'><strong>propugnans</strong></span> 
     </span>
    </p>
   </div>
   <div class='ocr_carea' id='block_1_85' title="bbox 421 4938 2002 5017">
    <p class='ocr_par' dir='ltr' id='par_1_85' title="bbox 421 4938 2002 5017">
     <span class='ocr_line' id='line_1_85' title="bbox 421 4938 2002 5017; baseline 0.006 -25"><span class='ocrx_word' id='word_1_590' title='bbox 421 4938 752 5007; x_wconf 86' lang='lat' dir='ltr'><strong>rationibus,</strong></span> <span class='ocrx_word' id='word_1_591' title='bbox 788 4940 1119 5014; x_wconf 88' lang='lat' dir='ltr'><strong>abundeque</strong></span> <span class='ocrx_word' id='word_1_592' title='bbox 1164 4947 1452 4999; x_wconf 88' lang='lat' dir='ltr'><strong>veritatem</strong></span> <span class='ocrx_word' id='word_1_593' title='bbox 1497 4947 2002 5017; x_wconf 85' lang='lat' dir='ltr'><strong>certitudinemque</strong></span> 
     </span>
    </p>
   </div>
   <div class='ocr_carea' id='block_1_86' title="bbox 421 5033 2004 5110">
    <p class='ocr_par' dir='ltr' id='par_1_86' title="bbox 421 5033 2004 5110">
     <span class='ocr_line' id='line_1_86' title="bbox 421 5033 2004 5110; baseline 0.005 -23"><span class='ocrx_word' id='word_1_594' title='bbox 421 5033 542 5103; x_wconf 89' lang='lat' dir='ltr'><strong>ejus</strong></span> <span class='ocrx_word' id='word_1_595' title='bbox 577 5033 992 5110; x_wconf 81' lang='lat' dir='ltr'><strong>demonstrans,</strong></span> <span class='ocrx_word' id='word_1_596' title='bbox 1026 5050 1233 5092; x_wconf 89' lang='lat' dir='ltr'><strong>corona</strong></span> <span class='ocrx_word' id='word_1_597' title='bbox 1277 5040 1525 5110; x_wconf 86' lang='lat' dir='ltr'><strong>martyrii</strong></span> <span class='ocrx_word' id='word_1_598' title='bbox 1563 5039 1807 5109; x_wconf 88' lang='lat' dir='ltr'><strong>seipsum</strong></span> <span class='ocrx_word' id='word_1_599' title='bbox 1843 5055 2004 5095; x_wconf 81' lang='lat' dir='ltr'><strong>exor-</strong></span> 
     </span>
    </p>
   </div>
   <div class='ocr_carea' id='block_1_87' title="bbox 422 5126 2000 5201">
    <p class='ocr_par' dir='ltr' id='par_1_87' title="bbox 422 5126 2000 5201">
     <span class='ocr_line' id='line_1_87' title="bbox 422 5126 2000 5201; baseline 0.006 -21"><span class='ocrx_word' id='word_1_600' title='bbox 422 5126 594 5181; x_wconf 89' lang='lat' dir='ltr'><strong>navit.</strong></span> <span class='ocrx_word' id='word_1_601' title='bbox 629 5127 732 5183; x_wconf 90' lang='lat' dir='ltr'><strong>Cui</strong></span> <span class='ocrx_word' id='word_1_602' title='bbox 755 5127 1027 5186; x_wconf 88' lang='lat' dir='ltr'><strong>Crescens</strong></span> <span class='ocrx_word' id='word_1_603' title='bbox 1055 5131 1279 5200; x_wconf 88' lang='lat' dir='ltr'><strong>quidam</strong></span> <span class='ocrx_word' id='word_1_604' title='bbox 1314 5131 1697 5201; x_wconf 87' lang='lat' dir='ltr'><strong>philosophus,</strong></span> <span class='ocrx_word' id='word_1_605' title='bbox 1728 5134 1840 5188; x_wconf 83' lang='lat' dir='ltr'><strong>vita</strong></span> <span class='ocrx_word' id='word_1_606' title='bbox 1879 5148 2000 5189; x_wconf 90' lang='lat' dir='ltr'><strong>mo-</strong></span> 
     </span>
    </p>
   </div>
   <div class='ocr_carea' id='block_1_88' title="bbox 422 5221 1999 5292">
    <p class='ocr_par' dir='ltr' id='par_1_88' title="bbox 422 5221 1999 5292">
     <span class='ocr_line' id='line_1_88' title="bbox 422 5221 1999 5292; baseline 0.005 -22"><span class='ocrx_word' id='word_1_607' title='bbox 422 5232 658 5288; x_wconf 90' lang='lat' dir='ltr'><strong>rumque</strong></span> <span class='ocrx_word' id='word_1_608' title='bbox 679 5221 1031 5276; x_wconf 67' lang='lat' dir='ltr'><strong>aemulatione</strong></span> <span class='ocrx_word' id='word_1_609' title='bbox 1058 5222 1318 5292; x_wconf 87' lang='lat' dir='ltr'><strong>Cynicus,</strong></span> <span class='ocrx_word' id='word_1_610' title='bbox 1350 5223 1582 5278; x_wconf 84' lang='lat' dir='ltr'><strong>insidias</strong></span> <span class='ocrx_word' id='word_1_611' title='bbox 1603 5224 1825 5279; x_wconf 78' lang='lat' dir='ltr'><strong>struxit.</strong></span> <span class='ocrx_word' id='word_1_612' title='bbox 1862 5225 1999 5279; x_wconf 89' lang='lat' dir='ltr'><strong>Cum</strong></span> 
     </span>
    </p>
   </div>
   <div class='ocr_carea' id='block_1_89' title="bbox 419 5310 2002 5384">
    <p class='ocr_par' dir='ltr' id='par_1_89' title="bbox 419 5310 2002 5384">
     <span class='ocr_line' id='line_1_89' title="bbox 419 5310 2002 5384; baseline 0.005 -20"><span class='ocrx_word' id='word_1_613' title='bbox 419 5313 569 5365; x_wconf 90' lang='lat' dir='ltr'><strong>enim</strong></span> <span class='ocrx_word' id='word_1_614' title='bbox 617 5310 671 5364; x_wconf 89' lang='lat' dir='ltr'><strong>in</strong></span> <span class='ocrx_word' id='word_1_615' title='bbox 711 5313 900 5366; x_wconf 90' lang='lat' dir='ltr'><strong>multis</strong></span> <span class='ocrx_word' id='word_1_616' title='bbox 933 5329 1077 5382; x_wconf 78' lang='lat' dir='ltr'><strong>saepe</strong></span> <span class='ocrx_word' id='word_1_617' title='bbox 1111 5313 1405 5383; x_wconf 92' lang='lat' dir='ltr'><strong>colloquiis</strong></span> <span class='ocrx_word' id='word_1_618' title='bbox 1438 5325 1492 5368; x_wconf 86' lang='lat' dir='ltr'><strong>et</strong></span> <span class='ocrx_word' id='word_1_619' title='bbox 1535 5315 2002 5384; x_wconf 87' lang='lat' dir='ltr'><strong>disputationibus</strong></span> 
     </span>
    </p>
   </div>
   <div class='ocr_carea' id='block_1_90' title="bbox 419 5407 2001 5482">
    <p class='ocr_par' dir='ltr' id='par_1_90' title="bbox 419 5407 2001 5482">
     <span class='ocr_line' id='line_1_90' title="bbox 419 5407 2001 5482; baseline 0.003 -20"><span class='ocrx_word' id='word_1_620' title='bbox 419 5407 800 5474; x_wconf 64' lang='lat' dir='ltr'><strong>Crescentem,</strong></span> <span class='ocrx_word' id='word_1_621' title='bbox 833 5409 978 5479; x_wconf 90' lang='lat' dir='ltr'><strong>quod</strong></span> <span class='ocrx_word' id='word_1_622' title='bbox 1019 5411 1280 5480; x_wconf 89' lang='lat' dir='ltr'><strong>pleraque</strong></span> <span class='ocrx_word' id='word_1_623' title='bbox 1317 5426 1604 5482; x_wconf 88' lang='lat' dir='ltr'><strong>perperam</strong></span> <span class='ocrx_word' id='word_1_624' title='bbox 1641 5410 1867 5479; x_wconf 79' lang='lat' dir='ltr'><strong>faceret,</strong></span> <span class='ocrx_word' id='word_1_625' title='bbox 1898 5412 2001 5466; x_wconf 85' lang='lat' dir='ltr'><strong>fal-</strong></span> 
     </span>
    </p>
   </div>
   <div class='ocr_carea' id='block_1_91' title="bbox 494 5570 1329 5710">
    <p class='ocr_par' dir='ltr' id='par_1_91' title="bbox 494 5570 1329 5710">
     <span class='ocr_line' id='line_1_91' title="bbox 494 5570 1329 5710; baseline 0.006 -88"><span class='ocrx_word' id='word_1_626' title='bbox 494 5571 570 5710; x_wconf 57' lang='lat'>(1)</span> <span class='ocrx_word' id='word_1_627' title='bbox 605 5570 778 5625; x_wconf 67' lang='lat' dir='ltr'><strong>Hodie</strong></span> <span class='ocrx_word' id='word_1_628' title='bbox 821 5571 1060 5640; x_wconf 74' lang='lat' dir='ltr'><strong>legitima</strong></span> <span class='ocrx_word' id='word_1_629' title='bbox 1101 5570 1329 5627; x_wconf 88' lang='lat' dir='ltr'><strong>dicitur.</strong></span> 
     </span>
     <span class='ocr_line' id='line_1_92' title="bbox 494 5639 1329 5710; baseline 0.004 -19"><span class='ocrx_word' id='word_1_630' title='bbox 494 5641 548 5710; x_wconf 66' lang='grc' dir='ltr'><strong>(ἐ</strong></span> <span class='ocrx_word' id='word_1_631' title='bbox 600 5639 865 5710; x_wconf 46' lang='grc' dir='ltr'><strong>Ιαηνειιιιε</strong></span> <span class='ocrx_word' id='word_1_632' title='bbox 897 5643 1184 5710; x_wconf 77' lang='lat' dir='ltr'><strong>aponlcxia</strong></span> <span class='ocrx_word' id='word_1_633' title='bbox 1229 5643 1329 5696; x_wconf 71' lang='lat' dir='ltr'><strong>inte</strong></span> 
     </span>
    </p>
   </div>
   <div class='ocr_carea' id='block_1_92' title="bbox 492 5639 2002 5712">
    <p class='ocr_par' dir='ltr' id='par_1_92' title="bbox 492 5639 2002 5712">
     <span class='ocr_line' id='line_1_93' title="bbox 492 5639 2002 5712; baseline 0.007 -21"><span class='ocrx_word' id='word_1_634' title='bbox 492 5639 570 5712; x_wconf 66' lang='grc' dir='ltr'><strong>(ἐ)</strong></span> <span class='ocrx_word' id='word_1_635' title='bbox 600 5639 1184 5712; x_wconf 43' lang='grc' dir='ltr'><strong>Ιληνειιιιεεροιιιοχὶα</strong></span> <span class='ocrx_word' id='word_1_636' title='bbox 1229 5643 1439 5698; x_wconf 55' lang='lat' dir='ltr'><strong>interﬁt</strong></span> <span class='ocrx_word' id='word_1_637' title='bbox 1472 5644 1614 5698; x_wconf 79' lang='lat' dir='ltr'><strong>inter</strong></span> <span class='ocrx_word' id='word_1_638' title='bbox 1657 5645 1904 5700; x_wconf 83' lang='lat' dir='ltr'><strong>Altinum</strong></span> <span class='ocrx_word' id='word_1_639' title='bbox 1947 5654 2002 5702; x_wconf 86' lang='lat' dir='ltr'><strong>et</strong></span> 
     </span>
    </p>
   </div>
   <div class='ocr_carea' id='block_1_93' title="bbox 419 5709 1786 5776">
    <p class='ocr_par' dir='ltr' id='par_1_93' title="bbox 419 5709 1786 5776">
     <span class='ocr_line' id='line_1_94' title="bbox 419 5709 1786 5776; baseline 0.004 -11"><span class='ocrx_word' id='word_1_640' title='bbox 419 5709 807 5776; x_wconf 84' lang='lat' dir='ltr'><strong>Concordiam,</strong></span> <span class='ocrx_word' id='word_1_641' title='bbox 837 5709 960 5765; x_wconf 85' lang='lat' dir='ltr'><strong>cum</strong></span> <span class='ocrx_word' id='word_1_642' title='bbox 989 5711 1158 5766; x_wconf 70' lang='lat' dir='ltr'><strong>fratre</strong></span> <span class='ocrx_word' id='word_1_643' title='bbox 1185 5712 1239 5767; x_wconf 90' lang='lat' dir='ltr'><strong>in</strong></span> <span class='ocrx_word' id='word_1_644' title='bbox 1276 5714 1533 5769; x_wconf 86' lang='lat' dir='ltr'><strong>vehiculo</strong></span> <span class='ocrx_word' id='word_1_645' title='bbox 1564 5716 1786 5770; x_wconf 90' lang='lat' dir='ltr'><strong>sedens.</strong></span> 
     </span>
    </p>
   </div>
   <div class='ocr_carea' id='block_1_94' title="bbox 495 5779 1999 5849">
    <p class='ocr_par' dir='ltr' id='par_1_94' title="bbox 495 5779 1999 5849">
     <span class='ocr_line' id='line_1_95' title="bbox 495 5779 1999 5849; baseline 0.004 -15"><span class='ocrx_word' id='word_1_646' title='bbox 495 5780 572 5846; x_wconf 77' lang='lat'>(3)</span> <span class='ocrx_word' id='word_1_647' title='bbox 603 5779 672 5833; x_wconf 88' lang='lat' dir='ltr'><strong>M.</strong></span> <span class='ocrx_word' id='word_1_648' title='bbox 704 5781 1076 5849; x_wconf 85' lang='lat' dir='ltr'><strong>Philosophus</strong></span> <span class='ocrx_word' id='word_1_649' title='bbox 1097 5781 1152 5835; x_wconf 93' lang='lat' dir='ltr'><strong>in</strong></span> <span class='ocrx_word' id='word_1_650' title='bbox 1187 5783 1484 5837; x_wconf 81' lang='lat' dir='ltr'><strong>Pannoniis</strong></span> <span class='ocrx_word' id='word_1_651' title='bbox 1523 5785 1661 5839; x_wconf 83' lang='lat' dir='ltr'><strong>obiit</strong></span> <span class='ocrx_word' id='word_1_652' title='bbox 1687 5787 1752 5838; x_wconf 85' lang='lat' dir='ltr'><strong>ad</strong></span> <span class='ocrx_word' id='word_1_653' title='bbox 1789 5784 1999 5840; x_wconf 86' lang='lat' dir='ltr'><strong>Vindo-</strong></span> 
     </span>
    </p>
   </div>
   <div class='ocr_carea' id='block_1_95' title="bbox 423 5845 1830 5917">
    <p class='ocr_par' dir='ltr' id='par_1_95' title="bbox 423 5845 1830 5917">
     <span class='ocr_line' id='line_1_96' title="bbox 423 5845 1830 5917; baseline 0.006 -16"><span class='ocrx_word' id='word_1_654' title='bbox 423 5845 645 5915; x_wconf 82' lang='lat' dir='ltr'><strong>bonam,</strong></span> <span class='ocrx_word' id='word_1_655' title='bbox 677 5865 839 5917; x_wconf 90' lang='lat' dir='ltr'><strong>quam</strong></span> <span class='ocrx_word' id='word_1_656' title='bbox 881 5845 1131 5907; x_wconf 80' lang='lat' dir='ltr'><strong>nonnulli</strong></span> <span class='ocrx_word' id='word_1_657' title='bbox 1164 5853 1426 5908; x_wconf 86' lang='lat' dir='ltr'><strong>Viennam</strong></span> <span class='ocrx_word' id='word_1_658' title='bbox 1463 5870 1584 5910; x_wconf 88' lang='lat' dir='ltr'><strong>csse</strong></span> <span class='ocrx_word' id='word_1_659' title='bbox 1616 5857 1830 5910; x_wconf 88' lang='lat' dir='ltr'><strong>volunt.</strong></span> 
     </span>
    </p>
   </div>
   <div class='ocr_carea' id='block_1_96' title="bbox 2702 3763 3114 3822">
    <p class='ocr_par' dir='ltr' id='par_1_96' title="bbox 2702 3763 3114 3822">
     <span class='ocr_line' id='line_1_97' title="bbox 2702 3763 3114 3822; baseline 0.007 -5"><span class='ocrx_word' id='word_1_660' title='bbox 2702 3765 2958 3822; x_wconf 83' lang='grc' dir='ltr'><strong>ΚΕΦΑΛ.</strong></span> <span class='ocrx_word' id='word_1_661' title='bbox 2989 3763 3114 3820; x_wconf 85' lang='grc' dir='ltr'><strong>ΛΒ’.</strong></span> 
     </span>
    </p>
   </div>
   <div class='ocr_carea' id='block_1_97' title="bbox 2117 3859 3680 3934">
    <p class='ocr_par' dir='ltr' id='par_1_97' title="bbox 2117 3859 3680 3934">
     <span class='ocr_line' id='line_1_98' title="bbox 2117 3859 3680 3934; baseline -0.001 -17"><span class='ocrx_word' id='word_1_662' title='bbox 2117 3863 2216 3928; x_wconf 77' lang='grc' dir='ltr'><strong>Ὡς</strong></span> <span class='ocrx_word' id='word_1_663' title='bbox 2246 3866 2277 3915; x_wconf 83' lang='lat' dir='ltr'><strong>d</strong></span> <span class='ocrx_word' id='word_1_664' title='bbox 2307 3861 2652 3934; x_wconf 67' lang='grc' dir='ltr'><strong>φιλόσοφος</strong></span> <span class='ocrx_word' id='word_1_665' title='bbox 2683 3859 3357 3934; x_wconf 31' lang='grc' dir='ltr'><strong>,Ἰουστῖνος-ἐγγρὰφως</strong></span> <span class='ocrx_word' id='word_1_666' title='bbox 3383 3863 3476 3917; x_wconf 76' lang='grc' dir='ltr'><strong>καὶ</strong></span> <span class='ocrx_word' id='word_1_667' title='bbox 3501 3861 3680 3934; x_wconf 66' lang='lat' dir='ltr'><strong>drmi-</strong></span> 
     </span>
    </p>
   </div>
   <div class='ocr_carea' id='block_1_98' title="bbox 2181 3929 3683 4072">
    <p class='ocr_par' dir='ltr' id='par_1_98' title="bbox 2181 3929 3683 4072">
     <span class='ocr_line' id='line_1_99' title="bbox 2181 3929 3683 4002; baseline 0 -18"><span class='ocrx_word' id='word_1_668' title='bbox 2181 3929 2320 4002; x_wconf 56' lang='lat' dir='ltr'><strong>9cqu</strong></span> <span class='ocrx_word' id='word_1_669' title='bbox 2336 3929 2881 3999; x_wconf 78' lang='grc' dir='ltr'><strong>ἀπολογησάμενος</strong></span> <span class='ocrx_word' id='word_1_670' title='bbox 2926 3929 3094 4000; x_wconf 65' lang='grc' dir='ltr'><strong>ὑπὲρ</strong></span> <span class='ocrx_word' id='word_1_671' title='bbox 3121 3929 3247 3999; x_wconf 56' lang='grc' dir='ltr'><strong>τῆξ</strong></span> <span class='ocrx_word' id='word_1_672' title='bbox 3291 3929 3581 3999; x_wconf 66' lang='grc' dir='ltr'><strong>πίστεως,</strong></span> <span class='ocrx_word' id='word_1_673' title='bbox 3604 3933 3683 3998; x_wconf 84' lang='grc' dir='ltr'><strong>τῷ</strong></span> 
     </span>
     <span class='ocr_line' id='line_1_100' title="bbox 2184 4001 3435 4072; baseline 0 -15"><span class='ocrx_word' id='word_1_674' title='bbox 2184 4004 2337 4071; x_wconf 78' lang='grc' dir='ltr'><strong>ὑπὲρ</strong></span> <span class='ocrx_word' id='word_1_675' title='bbox 2368 4001 2630 4068; x_wconf 80' lang='grc' dir='ltr'><strong>Χριστοῦ</strong></span> <span class='ocrx_word' id='word_1_676' title='bbox 2657 4001 2962 4069; x_wconf 72' lang='grc' dir='ltr'><strong>μαρτυρίᾳ)</strong></span> <span class='ocrx_word' id='word_1_677' title='bbox 2987 4004 3435 4072; x_wconf 81' lang='grc' dir='ltr'><strong>κατεκοσμήθη.</strong></span> 
     </span>
    </p>
   </div>
   <div class='ocr_carea' id='block_1_99' title="bbox 2172 4111 3685 4188">
    <p class='ocr_par' dir='ltr' id='par_1_99' title="bbox 2172 4111 3685 4188">
     <span class='ocr_line' id='line_1_101' title="bbox 2172 4111 3685 4188; baseline 0.002 -19"><span class='ocrx_word' id='word_1_678' title='bbox 2172 4115 2326 4178; x_wconf 87' lang='grc' dir='ltr'><strong>Τέως</strong></span> <span class='ocrx_word' id='word_1_679' title='bbox 2365 4130 2432 4182; x_wconf 94' lang='grc' dir='ltr'><strong>γε</strong></span> <span class='ocrx_word' id='word_1_680' title='bbox 2491 4113 2600 4184; x_wconf 82' lang='grc' dir='ltr'><strong>μὴν</strong></span> <span class='ocrx_word' id='word_1_681' title='bbox 2651 4111 2775 4166; x_wconf 86' lang='grc' dir='ltr'><strong>κατ’</strong></span> <span class='ocrx_word' id='word_1_682' title='bbox 2829 4115 3006 4167; x_wconf 81' lang='grc' dir='ltr'><strong>ἐκεῖνο</strong></span> <span class='ocrx_word' id='word_1_683' title='bbox 3053 4117 3250 4186; x_wconf 82' lang='grc' dir='ltr'><strong>καιροῦ</strong></span> <span class='ocrx_word' id='word_1_684' title='bbox 3292 4117 3560 4188; x_wconf 75' lang='grc' dir='ltr'><strong>ἀκμάζων</strong></span> <span class='ocrx_word' id='word_1_685' title='bbox 3616 4113 3685 4188; x_wconf 74' lang='grc' dir='ltr'><strong>ἦν</strong></span> 
     </span>
    </p>
   </div>
   <div class='ocr_carea' id='block_1_100' title="bbox 2122 4204 3684 4295">
    <p class='ocr_par' dir='ltr' id='par_1_100' title="bbox 2122 4204 3684 4295">
     <span class='ocr_line' id='line_1_102' title="bbox 2122 4204 3684 4295; baseline -0.015 -32"><span class='ocrx_word' id='word_1_686' title='bbox 2122 4209 2430 4270; x_wconf 83' lang='grc' dir='ltr'><strong>Ἰουστϊνος,</strong></span> <span class='ocrx_word' id='word_1_687' title='bbox 2480 4207 2510 4260; x_wconf 89' lang='lat'><strong>6</strong></span> <span class='ocrx_word' id='word_1_688' title='bbox 2555 4204 2754 4276; x_wconf 75' lang='grc' dir='ltr'><strong>μικρὸν</strong></span> <span class='ocrx_word' id='word_1_689' title='bbox 2777 4205 3030 4295; x_wconf 53' lang='grc' dir='ltr'><strong>ίπρόσθῖι</strong></span> <span class='ocrx_word' id='word_1_690' title='bbox 3059 4209 3195 4277; x_wconf 73' lang='grc' dir='ltr'><strong>ἡμῖν</strong></span> <span class='ocrx_word' id='word_1_691' title='bbox 3247 4209 3529 4276; x_wconf 57' lang='grc' dir='ltr'><strong>δηλωθείς.</strong></span> <span class='ocrx_word' id='word_1_692' title='bbox 3574 4216 3684 4274; x_wconf 60' lang='grc' dir='ltr'><strong>τοῖς</strong></span> 
     </span>
    </p>
   </div>
   <div class='ocr_carea' id='block_1_101' title="bbox 2101 4298 3684 4373">
    <p class='ocr_par' dir='ltr' id='par_1_101' title="bbox 2101 4298 3684 4373">
     <span class='ocr_line' id='line_1_103' title="bbox 2101 4298 3684 4373; baseline 0.001 -19"><span class='ocrx_word' id='word_1_693' title='bbox 2101 4301 2213 4371; x_wconf 86' lang='grc' dir='ltr'><strong>γὰρ</strong></span> <span class='ocrx_word' id='word_1_694' title='bbox 2244 4299 2563 4370; x_wconf 78' lang='grc' dir='ltr'><strong>είρημένοις</strong></span> <span class='ocrx_word' id='word_1_695' title='bbox 2619 4298 2887 4367; x_wconf 79' lang='grc' dir='ltr'><strong>ἄρχουσιν</strong></span> <span class='ocrx_word' id='word_1_696' title='bbox 2938 4299 3036 4352; x_wconf 74' lang='grc' dir='ltr'><strong>καὶ</strong></span> <span class='ocrx_word' id='word_1_697' title='bbox 3071 4298 3262 4370; x_wconf 84' lang='grc' dir='ltr'><strong>ἐτερον</strong></span> <span class='ocrx_word' id='word_1_698' title='bbox 3299 4301 3507 4371; x_wconf 78' lang='grc' dir='ltr'><strong>βιϐλίον</strong></span> <span class='ocrx_word' id='word_1_699' title='bbox 3548 4304 3684 4373; x_wconf 79' lang='grc' dir='ltr'><strong>ὑπὲρ</strong></span> 
     </span>
    </p>
   </div>
   <div class='ocr_carea' id='block_1_102' title="bbox 2098 4389 3684 4464">
    <p class='ocr_par' dir='ltr' id='par_1_102' title="bbox 2098 4389 3684 4464">
     <span class='ocr_line' id='line_1_104' title="bbox 2098 4389 3684 4464; baseline -0.001 -16"><span class='ocrx_word' id='word_1_700' title='bbox 2098 4395 2195 4449; x_wconf 77' lang='grc' dir='ltr'>τοῦ</span> <span class='ocrx_word' id='word_1_701' title='bbox 2247 4391 2373 4446; x_wconf 85' lang='grc' dir='ltr'><strong>καθ’</strong></span> <span class='ocrx_word' id='word_1_702' title='bbox 2403 4391 2553 4462; x_wconf 77' lang='grc' dir='ltr'><strong>ἡμᾶς</strong></span> <span class='ocrx_word' id='word_1_703' title='bbox 2591 4389 2870 4459; x_wconf 88' lang='grc' dir='ltr'><strong>δόγματος</strong></span> <span class='ocrx_word' id='word_1_704' title='bbox 2921 4390 3178 4458; x_wconf 81' lang='grc' dir='ltr'><strong>ἀναδοὺς,</strong></span> <span class='ocrx_word' id='word_1_705' title='bbox 3233 4395 3328 4446; x_wconf 82' lang='grc' dir='ltr'><strong>καὶ</strong></span> <span class='ocrx_word' id='word_1_706' title='bbox 3381 4394 3684 4464; x_wconf 85' lang='grc' dir='ltr'><strong>αὐτοπροσ-</strong></span> 
     </span>
    </p>
   </div>
   <div class='ocr_carea' id='block_1_103' title="bbox 2103 4481 3682 4554">
    <p class='ocr_par' dir='ltr' id='par_1_103' title="bbox 2103 4481 3682 4554">
     <span class='ocr_line' id='line_1_105' title="bbox 2103 4481 3682 4554; baseline -0.001 -15"><span class='ocrx_word' id='word_1_707' title='bbox 2103 4489 2273 4547; x_wconf 84' lang='grc' dir='ltr'><strong>ώποις</strong></span> <span class='ocrx_word' id='word_1_708' title='bbox 2314 4483 2373 4537; x_wconf 81' lang='grc' dir='ltr'><strong>δὲ</strong></span> <span class='ocrx_word' id='word_1_709' title='bbox 2401 4484 2515 4545; x_wconf 77' lang='grc' dir='ltr'><strong>τοῖς</strong></span> <span class='ocrx_word' id='word_1_710' title='bbox 2556 4481 2808 4551; x_wconf 78' lang='grc' dir='ltr'><strong>ἐλέγχοις</strong></span> <span class='ocrx_word' id='word_1_711' title='bbox 2841 4481 2937 4534; x_wconf 81' lang='grc' dir='ltr'><strong>τοῦ</strong></span> <span class='ocrx_word' id='word_1_712' title='bbox 2971 4483 3320 4552; x_wconf 86' lang='grc' dir='ltr'><strong>Χριστιανῶν</strong></span> <span class='ocrx_word' id='word_1_713' title='bbox 3353 4485 3682 4554; x_wconf 81' lang='grc' dir='ltr'><strong>ἀνθιστάμε-</strong></span> 
     </span>
    </p>
   </div>
   <div class='ocr_carea' id='block_1_104' title="bbox 2105 4573 3686 4647">
    <p class='ocr_par' dir='ltr' id='par_1_104' title="bbox 2105 4573 3686 4647">
     <span class='ocr_line' id='line_1_106' title="bbox 2105 4573 3686 4647; baseline 0 -17"><span class='ocrx_word' id='word_1_714' title='bbox 2105 4594 2193 4641; x_wconf 91' lang='grc' dir='ltr'><strong>νος</strong></span> <span class='ocrx_word' id='word_1_715' title='bbox 2248 4577 2541 4646; x_wconf 85' lang='grc' dir='ltr'><strong>δόγματος,</strong></span> <span class='ocrx_word' id='word_1_716' title='bbox 2597 4573 2874 4645; x_wconf 84' lang='grc' dir='ltr'><strong>Ἕλληνάς</strong></span> <span class='ocrx_word' id='word_1_717' title='bbox 2931 4591 2992 4627; x_wconf 92' lang='grc' dir='ltr'><strong>τε</strong></span> <span class='ocrx_word' id='word_1_718' title='bbox 3039 4576 3136 4627; x_wconf 81' lang='grc' dir='ltr'><strong>καὶ</strong></span> <span class='ocrx_word' id='word_1_719' title='bbox 3183 4575 3510 4644; x_wconf 85' lang='grc' dir='ltr'><strong>Ἰουδαίους,</strong></span> <span class='ocrx_word' id='word_1_720' title='bbox 3552 4579 3686 4647; x_wconf 78' lang='grc' dir='ltr'><strong>πρὸς</strong></span> 
     </span>
    </p>
   </div>
   <div class='ocr_carea' id='block_1_105' title="bbox 2102 4667 3687 4742">
    <p class='ocr_par' dir='ltr' id='par_1_105' title="bbox 2102 4667 3687 4742">
     <span class='ocr_line' id='line_1_107' title="bbox 2102 4667 3687 4742; baseline -0.001 -20"><span class='ocrx_word' id='word_1_721' title='bbox 2102 4669 2161 4722; x_wconf 83' lang='grc' dir='ltr'><strong>δὲ</strong></span> <span class='ocrx_word' id='word_1_722' title='bbox 2217 4669 2315 4721; x_wconf 79' lang='grc' dir='ltr'><strong>καὶ</strong></span> <span class='ocrx_word' id='word_1_723' title='bbox 2357 4668 2458 4738; x_wconf 81' lang='grc' dir='ltr'><strong>τὴν</strong></span> <span class='ocrx_word' id='word_1_724' title='bbox 2489 4668 2600 4720; x_wconf 88' lang='grc' dir='ltr'><strong>τῶν</strong></span> <span class='ocrx_word' id='word_1_725' title='bbox 2642 4668 2903 4738; x_wconf 78' lang='grc' dir='ltr'><strong>αἱρετιῶν</strong></span> <span class='ocrx_word' id='word_1_726' title='bbox 2936 4667 3322 4736; x_wconf 82' lang='grc' dir='ltr'><strong>γλωσσαλγίαν</strong></span> <span class='ocrx_word' id='word_1_727' title='bbox 3375 4672 3468 4721; x_wconf 79' lang='grc' dir='ltr'><strong>καὶ</strong></span> <span class='ocrx_word' id='word_1_728' title='bbox 3500 4686 3687 4742; x_wconf 82' lang='grc' dir='ltr'><strong>φρενο-</strong></span> 
     </span>
    </p>
   </div>
   <div class='ocr_carea' id='block_1_106' title="bbox 2103 4759 3682 4832">
    <p class='ocr_par' dir='ltr' id='par_1_106' title="bbox 2103 4759 3682 4832">
     <span class='ocr_line' id='line_1_108' title="bbox 2103 4759 3682 4832; baseline 0 -18"><span class='ocrx_word' id='word_1_729' title='bbox 2103 4762 2370 4814; x_wconf 73' lang='grc' dir='ltr'><strong>ϐλὰὕειαν</strong></span> <span class='ocrx_word' id='word_1_730' title='bbox 2411 4759 2492 4828; x_wconf 85' lang='grc' dir='ltr'><strong>τῷ</strong></span> <span class='ocrx_word' id='word_1_731' title='bbox 2529 4759 2779 4830; x_wconf 86' lang='grc' dir='ltr'><strong>περιόντι</strong></span> <span class='ocrx_word' id='word_1_732' title='bbox 2828 4759 2937 4812; x_wconf 89' lang='grc' dir='ltr'><strong>τῶν</strong></span> <span class='ocrx_word' id='word_1_733' title='bbox 2989 4759 3166 4828; x_wconf 89' lang='grc' dir='ltr'><strong>λόγων</strong></span> <span class='ocrx_word' id='word_1_734' title='bbox 3213 4761 3682 4832; x_wconf 74' lang='grc' dir='ltr'><strong>ἀποτρεπόμενος,</strong></span> 
     </span>
    </p>
   </div>
   <div class='ocr_carea' id='block_1_107' title="bbox 2103 4850 3687 4922">
    <p class='ocr_par' dir='ltr' id='par_1_107' title="bbox 2103 4850 3687 4922">
     <span class='ocr_line' id='line_1_109' title="bbox 2103 4850 3687 4922; baseline -0.003 -16"><span class='ocrx_word' id='word_1_735' title='bbox 2103 4853 2199 4907; x_wconf 72' lang='grc' dir='ltr'><strong>καὶ</strong></span> <span class='ocrx_word' id='word_1_736' title='bbox 2230 4853 2299 4905; x_wconf 83' lang='grc' dir='ltr'><strong>τὰ</strong></span> <span class='ocrx_word' id='word_1_737' title='bbox 2337 4851 2590 4922; x_wconf 82' lang='grc' dir='ltr'><strong>ἡμέτερα</strong></span> <span class='ocrx_word' id='word_1_738' title='bbox 2641 4850 2702 4903; x_wconf 79' lang='grc' dir='ltr'><strong>εὖ</strong></span> <span class='ocrx_word' id='word_1_739' title='bbox 2757 4850 2902 4920; x_wconf 84' lang='grc' dir='ltr'><strong>μάλα</strong></span> <span class='ocrx_word' id='word_1_740' title='bbox 2959 4852 3212 4920; x_wconf 76' lang='grc' dir='ltr'><strong>στερροῖς</strong></span> <span class='ocrx_word' id='word_1_741' title='bbox 3260 4853 3356 4903; x_wconf 85' lang='grc' dir='ltr'><strong>καὶ</strong></span> <span class='ocrx_word' id='word_1_742' title='bbox 3389 4851 3687 4921; x_wconf 79' lang='grc' dir='ltr'><strong>ἀδαμαντί-</strong></span> 
     </span>
    </p>
   </div>
   <div class='ocr_carea' id='block_1_108' title="bbox 2104 4943 3685 5017">
    <p class='ocr_par' dir='ltr' id='par_1_108' title="bbox 2104 4943 3685 5017">
     <span class='ocr_line' id='line_1_110' title="bbox 2104 4943 3685 5017; baseline -0.003 -17"><span class='ocrx_word' id='word_1_743' title='bbox 2104 4964 2214 5010; x_wconf 87' lang='grc' dir='ltr'><strong>νοις</strong></span> <span class='ocrx_word' id='word_1_744' title='bbox 2250 4947 2543 5017; x_wconf 82' lang='grc' dir='ltr'><strong>περιέπων</strong></span> <span class='ocrx_word' id='word_1_745' title='bbox 2577 4943 2986 5014; x_wconf 83' lang='grc' dir='ltr'><strong>συλλογισμοῖς,</strong></span> <span class='ocrx_word' id='word_1_746' title='bbox 3017 4943 3390 5014; x_wconf 85' lang='grc' dir='ltr'><strong>άποχρώντως</strong></span> <span class='ocrx_word' id='word_1_747' title='bbox 3423 4961 3484 4998; x_wconf 89' lang='grc' dir='ltr'><strong>τε</strong></span> <span class='ocrx_word' id='word_1_748' title='bbox 3514 4945 3685 5014; x_wconf 83' lang='grc' dir='ltr'><strong>ἀληθῆ</strong></span> 
     </span>
    </p>
   </div>
   <div class='ocr_carea' id='block_1_109' title="bbox 2105 5035 3686 5108">
    <p class='ocr_par' dir='ltr' id='par_1_109' title="bbox 2105 5035 3686 5108">
     <span class='ocr_line' id='line_1_111' title="bbox 2105 5035 3686 5108; baseline -0.001 -16"><span class='ocrx_word' id='word_1_749' title='bbox 2105 5039 2202 5092; x_wconf 77' lang='grc' dir='ltr'><strong>καὶ</strong></span> <span class='ocrx_word' id='word_1_750' title='bbox 2250 5039 2490 5100; x_wconf 88' lang='grc' dir='ltr'><strong>πίστεως</strong></span> <span class='ocrx_word' id='word_1_751' title='bbox 2536 5037 2868 5099; x_wconf 81' lang='grc' dir='ltr'><strong>ἀποδεικνὺς</strong></span> <span class='ocrx_word' id='word_1_752' title='bbox 2922 5036 3076 5102; x_wconf 78' lang='grc' dir='ltr'><strong>ἄξια,</strong></span> <span class='ocrx_word' id='word_1_753' title='bbox 3129 5035 3208 5106; x_wconf 83' lang='grc' dir='ltr'><strong>τῷ</strong></span> <span class='ocrx_word' id='word_1_754' title='bbox 3254 5037 3347 5089; x_wconf 79' lang='grc' dir='ltr'><strong>τοῦ</strong></span> <span class='ocrx_word' id='word_1_755' title='bbox 3385 5041 3686 5108; x_wconf 83' lang='grc' dir='ltr'><strong>μαρτυρίου</strong></span> 
     </span>
    </p>
   </div>
   <div class='ocr_carea' id='block_1_110' title="bbox 2106 5130 3688 5200">
    <p class='ocr_par' dir='ltr' id='par_1_110' title="bbox 2106 5130 3688 5200">
     <span class='ocr_line' id='line_1_112' title="bbox 2106 5130 3688 5200; baseline -0.001 -16"><span class='ocrx_word' id='word_1_756' title='bbox 2106 5131 2361 5200; x_wconf 76' lang='grc' dir='ltr'><strong>στεφάνῳ</strong></span> <span class='ocrx_word' id='word_1_757' title='bbox 2418 5131 2618 5185; x_wconf 81' lang='grc' dir='ltr'><strong>ἑαυτὸν</strong></span> <span class='ocrx_word' id='word_1_758' title='bbox 2683 5133 3070 5198; x_wconf 84' lang='grc' dir='ltr'><strong>κατεκόσμει,</strong></span> <span class='ocrx_word' id='word_1_759' title='bbox 3127 5130 3480 5199; x_wconf 86' lang='grc' dir='ltr'><strong>Κρήσκεντός</strong></span> <span class='ocrx_word' id='word_1_760' title='bbox 3541 5146 3688 5193; x_wconf 81' lang='grc' dir='ltr'><strong>τινος</strong></span> 
     </span>
    </p>
   </div>
   <div class='ocr_carea' id='block_1_111' title="bbox 2107 5219 3687 5294">
    <p class='ocr_par' dir='ltr' id='par_1_111' title="bbox 2107 5219 3687 5294">
     <span class='ocr_line' id='line_1_113' title="bbox 2107 5219 3687 5294; baseline -0.002 -17"><span class='ocrx_word' id='word_1_761' title='bbox 2107 5223 2431 5294; x_wconf 82' lang='grc' dir='ltr'><strong>φιλοσόφου,</strong></span> <span class='ocrx_word' id='word_1_762' title='bbox 2465 5223 2559 5275; x_wconf 85' lang='grc' dir='ltr'><strong>τὸν</strong></span> <span class='ocrx_word' id='word_1_763' title='bbox 2589 5222 2820 5274; x_wconf 82' lang='grc' dir='ltr'><strong>κυνικὸν</strong></span> <span class='ocrx_word' id='word_1_764' title='bbox 2852 5221 2948 5273; x_wconf 79' lang='grc' dir='ltr'><strong>καὶ</strong></span> <span class='ocrx_word' id='word_1_765' title='bbox 2980 5219 3098 5290; x_wconf 82' lang='grc' dir='ltr'><strong>βίον</strong></span> <span class='ocrx_word' id='word_1_766' title='bbox 3123 5223 3218 5274; x_wconf 68' lang='grc' dir='ltr'><strong>καὶ</strong></span> <span class='ocrx_word' id='word_1_767' title='bbox 3249 5222 3452 5290; x_wconf 86' lang='grc' dir='ltr'><strong>τρόπον</strong></span> <span class='ocrx_word' id='word_1_768' title='bbox 3483 5221 3687 5290; x_wconf 81' lang='grc' dir='ltr'><strong>ἐζηλω-</strong></span> 
     </span>
    </p>
   </div>
   <div class='ocr_carea' id='block_1_112' title="bbox 2107 5312 3685 5383">
    <p class='ocr_par' dir='ltr' id='par_1_112' title="bbox 2107 5312 3685 5383">
     <span class='ocr_line' id='line_1_114' title="bbox 2107 5312 3685 5383; baseline -0.003 -16"><span class='ocrx_word' id='word_1_769' title='bbox 2107 5316 2290 5380; x_wconf 83' lang='grc' dir='ltr'><strong>κότος,</strong></span> <span class='ocrx_word' id='word_1_770' title='bbox 2348 5315 2447 5383; x_wconf 82' lang='grc' dir='ltr'><strong>τὴν</strong></span> <span class='ocrx_word' id='word_1_771' title='bbox 2494 5312 2794 5383; x_wconf 76' lang='grc' dir='ltr'><strong>ἐπιϐουλὴν</strong></span> <span class='ocrx_word' id='word_1_772' title='bbox 2852 5312 3005 5381; x_wconf 80' lang='grc' dir='ltr'><strong>αὐτῷ</strong></span> <span class='ocrx_word' id='word_1_773' title='bbox 3054 5315 3512 5381; x_wconf 85' lang='grc' dir='ltr'><strong>καταρτίσαντος·</strong></span> <span class='ocrx_word' id='word_1_774' title='bbox 3565 5312 3685 5364; x_wconf 87' lang='grc' dir='ltr'><strong>ἐπεί</strong></span> 
     </span>
    </p>
   </div>
   <div class='ocr_carea' id='block_1_113' title="bbox 2105 5405 3685 5477">
    <p class='ocr_par' dir='ltr' id='par_1_113' title="bbox 2105 5405 3685 5477">
     <span class='ocr_line' id='line_1_115' title="bbox 2105 5405 3685 5477; baseline -0.003 -15"><span class='ocrx_word' id='word_1_775' title='bbox 2105 5410 2188 5462; x_wconf 85' lang='grc' dir='ltr'><strong>τοί</strong></span> <span class='ocrx_word' id='word_1_776' title='bbox 2215 5409 2267 5476; x_wconf 90' lang='grc' dir='ltr'><strong>γ’</strong></span> <span class='ocrx_word' id='word_1_777' title='bbox 2307 5409 2367 5462; x_wconf 88' lang='grc' dir='ltr'><strong>ἐν</strong></span> <span class='ocrx_word' id='word_1_778' title='bbox 2401 5407 2621 5470; x_wconf 85' lang='grc' dir='ltr'><strong>πολλοῖς</strong></span> <span class='ocrx_word' id='word_1_779' title='bbox 2655 5408 2753 5460; x_wconf 78' lang='grc' dir='ltr'><strong>καὶ</strong></span> <span class='ocrx_word' id='word_1_780' title='bbox 2791 5405 3056 5470; x_wconf 86' lang='grc' dir='ltr'><strong>πολλάκις</strong></span> <span class='ocrx_word' id='word_1_781' title='bbox 3103 5406 3397 5475; x_wconf 81' lang='grc' dir='ltr'><strong>διαλόγοις,</strong></span> <span class='ocrx_word' id='word_1_782' title='bbox 3431 5405 3685 5477; x_wconf 81' lang='grc' dir='ltr'><strong>εὐπρεπῆ</strong></span> 
     </span>
    </p>
   </div>
   <div class='ocr_carea' id='block_1_114' title="bbox 2179 5566 3684 5641">
    <p class='ocr_par' dir='ltr' id='par_1_114' title="bbox 2179 5566 3684 5641">
     <span class='ocr_line' id='line_1_116' title="bbox 2179 5566 3684 5641; baseline -0.004 -15"><span class='ocrx_word' id='word_1_783' title='bbox 2179 5571 2258 5641; x_wconf 69' lang='grc'><strong>(4)</strong></span> <span class='ocrx_word' id='word_1_784' title='bbox 2296 5570 2483 5640; x_wconf 82' lang='lat' dir='ltr'><strong>Magna</strong></span> <span class='ocrx_word' id='word_1_785' title='bbox 2512 5571 2657 5624; x_wconf 90' lang='lat' dir='ltr'><strong>hunc</strong></span> <span class='ocrx_word' id='word_1_786' title='bbox 2698 5566 2982 5641; x_wconf 81' lang='lat' dir='ltr'><strong>diligentia</strong></span> <span class='ocrx_word' id='word_1_787' title='bbox 3012 5581 3255 5641; x_wconf 78' lang='lat' dir='ltr'><strong>curaque</strong></span> <span class='ocrx_word' id='word_1_788' title='bbox 3286 5567 3561 5629; x_wconf 86' lang='lat' dir='ltr'><strong>educavit,</strong></span> <span class='ocrx_word' id='word_1_789' title='bbox 3593 5581 3684 5620; x_wconf 82' lang='lat' dir='ltr'><strong>ac-</strong></span> 
     </span>
    </p>
   </div>
   <div class='ocr_carea' id='block_1_115' title="bbox 2105 5637 3689 5709">
    <p class='ocr_par' dir='ltr' id='par_1_115' title="bbox 2105 5637 3689 5709">
     <span class='ocr_line' id='line_1_117' title="bbox 2105 5637 3689 5709; baseline -0.002 -13"><span class='ocrx_word' id='word_1_790' title='bbox 2105 5637 2230 5696; x_wconf 84' lang='lat' dir='ltr'><strong>citis</strong></span> <span class='ocrx_word' id='word_1_791' title='bbox 2259 5637 2501 5709; x_wconf 76' lang='lat' dir='ltr'><strong>undique</strong></span> <span class='ocrx_word' id='word_1_792' title='bbox 2531 5641 2664 5692; x_wconf 82' lang='lat' dir='ltr'><strong>viris</strong></span> <span class='ocrx_word' id='word_1_793' title='bbox 2694 5639 2944 5693; x_wconf 85' lang='lat' dir='ltr'><strong>doctrina</strong></span> <span class='ocrx_word' id='word_1_794' title='bbox 2983 5637 3168 5699; x_wconf 91' lang='lat' dir='ltr'><strong>claris,</strong></span> <span class='ocrx_word' id='word_1_795' title='bbox 3201 5642 3545 5709; x_wconf 74' lang='lat' dir='ltr'><strong>maximaque</strong></span> <span class='ocrx_word' id='word_1_796' title='bbox 3570 5651 3689 5709; x_wconf 74' lang='lat' dir='ltr'><strong>pro-</strong></span> 
     </span>
    </p>
   </div>
   <div class='ocr_carea' id='block_1_116' title="bbox 2106 5707 3685 5780">
    <p class='ocr_par' dir='ltr' id='par_1_116' title="bbox 2106 5707 3685 5780">
     <span class='ocr_line' id='line_1_118' title="bbox 2106 5707 3685 5780; baseline -0.003 -16"><span class='ocrx_word' id='word_1_797' title='bbox 2106 5713 2283 5780; x_wconf 88' lang='lat' dir='ltr'><strong>posita</strong></span> <span class='ocrx_word' id='word_1_798' title='bbox 2315 5707 2588 5775; x_wconf 82' lang='lat' dir='ltr'><strong>mercede,</strong></span> <span class='ocrx_word' id='word_1_799' title='bbox 2623 5710 2702 5762; x_wconf 85' lang='lat' dir='ltr'><strong>uti</strong></span> <span class='ocrx_word' id='word_1_800' title='bbox 2752 5724 2936 5780; x_wconf 74' lang='lat' dir='ltr'><strong>&quot;iores</strong></span> <span class='ocrx_word' id='word_1_801' title='bbox 2965 5723 3062 5780; x_wconf 83' lang='lat' dir='ltr'><strong>pro</strong></span> <span class='ocrx_word' id='word_1_802' title='bbox 3112 5723 3170 5762; x_wconf 87' lang='lat' dir='ltr'><strong>se</strong></span> <span class='ocrx_word' id='word_1_803' title='bbox 3201 5709 3434 5777; x_wconf 81' lang='lat' dir='ltr'><strong>quisque</strong></span> <span class='ocrx_word' id='word_1_804' title='bbox 3465 5707 3559 5760; x_wconf 84' lang='lat' dir='ltr'><strong>ﬁlii</strong></span> <span class='ocrx_word' id='word_1_805' title='bbox 3601 5707 3685 5760; x_wconf 83' lang='lat' dir='ltr'><strong>in-</strong></span> 
     </span>
    </p>
   </div>
   <div class='ocr_carea' id='block_1_117' title="bbox 2109 5777 3218 5851">
    <p class='ocr_par' dir='ltr' id='par_1_117' title="bbox 2109 5777 3218 5851">
     <span class='ocr_line' id='line_1_119' title="bbox 2109 5777 3218 5851; baseline -0.005 -15"><span class='ocrx_word' id='word_1_806' title='bbox 2109 5777 2442 5851; x_wconf 72' lang='lat' dir='ltr'><strong>geniumque</strong></span> <span class='ocrx_word' id='word_1_807' title='bbox 2478 5781 2815 5836; x_wconf 79' lang='lat' dir='ltr'><strong>cxcolcreut.</strong></span> <span class='ocrx_word' id='word_1_808' title='bbox 2855 5777 3218 5833; x_wconf 80' lang='lat' dir='ltr'><strong>Herodianus.</strong></span> 
     </span>
    </p>
   </div>
  </div>
