4046 6440
348 387 450 450 961

1271 378 1889 442 ECCLESIASTIC/E
1931 378 2330 440 ΗίὸΤοιῖιῶ
2368 379 2521 440 LIB.
2566 379 2690 441 III.

3511 375 3619 438 962

349 499 450 569 τὴν
477 489 650 567 ἧτταν
689 495 1162 568 ἀπενεγκάμενος,
1195 495 1281 566 ἐφ’
1302 491 1385 557 οἷς
1417 495 1479 549 οὐ
1526 494 1707 558 καλῶς
1736 494 1938 564 ἐπρατ-

2052 507 2212 565 soque
2249 494 2304 548 in
2341 494 2745 563 professionem
2779 499 3024 548 nostram
3056 491 3356 548 criminans
3390 490 3621 547 invehe-

351 606 434 655 τε,
497 588 596 642 καὶ
647 586 826 656 λέγων
876 585 1175 650 διετώθαζε
1227 585 1300 638 τὰ
1358 585 1633 655 ἡμέτερα,
1681 582 1934 653 διεφάνη.

354 679 624 752 Πονηροῖς
653 678 764 750 γάρ
794 695 906 732 τισι
957 677 1066 732 τῶν
1119 677 1312 749 ἄρχειν
1341 676 1618 747 λαχόντων
1668 677 1806 745 μετὰ
1841 673 1940 728 καὶ

354 771 532 828 ἄλλων
561 769 836 841 συσκευὴν
882 774 1010 824 κατ’
1044 769 1210 824 αὐτοῦ
1247 769 1646 840 ποιησάμενος,
1678 767 1939 838 βασάνοις

357 863 434 928 ὼς
474 863 782 930 πλείσταις,
817 863 916 916 καὶ
943 863 1004 917 τὸ
1041 862 1362 917 τελευταῖον
1395 861 1577 931 ξίφεσι
1621 859 1938 926 διακόπτει,

354 952 430 1015 ώς
457 949 535 1022 τῷ
565 951 682 1004 ὄντι
723 951 824 1022 τὴν
859 951 1038 1024 ἀληθῆ
1083 953 1280 1022 σοφίαν
1311 953 1644 1022 φιλήσαντα,
1680 947 1940 1020 καὶπρὸς

356 1044 449 1097 τόν
481 1042 826 1115 ποθούμενον
857 1044 1034 1110 οὕτως
1083 1045 1283 1116 ἐχώρει
1330 1045 1589 1116 Χριστόν.
1628 1044 1696 1097 Ἀ
1745 1042 1802 1096 δὲ
1837 1061 1940 1096 πα-

355 1136 471 1188 θεῖν
519 1137 774 1206 έμελλεν,
827 1139 887 1192 ἐν
929 1139 997 1209 τῇ
1029 1138 1336 1211 δηλωθείση
1396 1135 1672 1208 ἀπολογίᾳ
1725 1135 1939 1206 φθάσας

357 1228 769 1300 προαγορεύει,
821 1228 964 1284 οὕτω
1018 1229 1163 1284 κατὰ
1209 1230 1368 1300 ῥῆμα
1411 1228 1647 1296 διεξιών*
1707 1247 1725 1280 ε
1768 1227 1941 1297 Κάγὼ

356 1319 452 1373 οὖν
484 1323 777 1392 προσδοκῶ
833 1323 940 1376 ὑπό
1001 1340 1151 1386 τινος
1197 1322 1307 1376 τῶν
1355 1321 1769 1393 ὠνομασμένων
1819 1323 1942 1374 ὲπι-

360 1413 725 1486 ϐουλευθῆναι
757 1456 774 1482 ,
825 1419 922 1470 καὶ
961 1417 1109 1488 ξύλῳ
1147 1417 1534 1487 ὲντιναγῆναι·
1587 1416 1620 1487 ἢ
1681 1415 1776 1469 καὶ
1836 1416 1942 1468 ὑπὸ

364 1506 716 1576 Κρήσκεντος
741 1507 836 1560 τοῦ
863 1507 1195 1576 ἀφιλοσόφου
1221 1507 1317 1560 καὶ
1342 1507 1708 1576 φιλοκόμπου·
1741 1506 1803 1560 ού
1829 1507 1938 1575 γὰρ

363 1597 656 1668 φιλόσοφον
700 1599 879 1655 εἰπεῖν
935 1600 1089 1665 ἀξιον
1126 1600 1218 1653 τὸν
1264 1600 1455 1671 ἄνδρα,
1487 1601 1545 1663 ὃς
1595 1617 1658 1668 γε
1699 1600 1828 1670 περὶ
1866 1595 1941 1653 ὧν

363 1690 439 1761 μὴ
471 1691 764 1745 ἐπίσταται
798 1692 1038 1765 δημοσία
1069 1696 1512 1764 καταμαρτυρεῖ.
1539 1693 1616 1756 ὡς
1642 1691 1819 1746 ἀθέων
1844 1693 1941 1744 καὶ

357 1779 577 1832 ἀσεϐῶν
618 1782 974 1853 Χριστιανῶν
1001 1783 1196 1849 ὄντων,
1241 1785 1378 1854 πρὸς
1419 1784 1577 1855 χάριν
1613 1785 1710 1836 καὶ
1747 1783 1941 1853 ἡδονὴν

2041 598 2215 653 retur,
2245 587 2496 642 Justinus
2530 587 2886 651 convicisset,
2919 601 3045 642 cum
3082 585 3352 656 improbis
3387 585 3621 656 quibus—

2040 679 2164 732 dam
2201 679 2297 747 qui
2343 678 2695 744 magistratus
2729 678 3016 749 gerebant,
3054 687 3218 746 atque
3256 676 3448 732 itidem
3493 692 3620 732 cum

2041 769 2164 825 aliis
2220 770 2313 825 ille
2372 771 2786 840 conSpiratione
2859 781 3054 825 contra
3111 768 3388 824 Justinum
3441 768 3623 835 facta,

2041 863 2334 918 tormentis
2384 864 2808 934 quamplurimis
2856 878 2986 918 eum
3036 863 3255 928 alfecit,
3305 871 3361 917 et
3408 872 3626 933 postre-

2041 954 2388 1024 mo-gladiis
2451 957 2620 1010 etiam
2684 953 2962 1020 confecit,
3031 969 3177 1010 vera:
3241 968 3470 1023 prorsus
3535 969 3624 1010 sa-

2040 1045 2263 1115 pientiae
2305 1054 2656 1102 sectatorem.
2701 1046 2783 1100 Ita
2833 1045 2924 1100 ille
2969 1045 3037 1100 ad
3088 1043 3467 1100 desideratum
3510 1043 3618 1099 sibi

2039 1137 2323 1193 Christum
2361 1139 2596 1194 transiit.
2629 1138 2762 1206 Quae
2796 1151 2980 1193 autem
3019 1153 3286 1209 passurus
3318 1139 3520 1203 fuerat,
3554 1153 3622 1193 ea

2041 1241 2204 1283 antea
2237 1245 2458 1299 quoque
2493 1229 2546 1283 in
2579 1245 2643 1286 ea
2675 1246 2840 1300 quam
2875 1230 3138 1297 diximus,
3178 1230 3488 1300 p05teriore
3525 1230 3624 1286 de-

2042 1321 2295 1376 fensione
2336 1321 2595 1376 divinans
2630 1323 2906 1392 praedixit,
2940 1323 3006 1377 ad
3050 1323 3200 1378 hunc
3235 1322 3457 1377 modum
3487 1324 3625 1378 scri-

2043 1414 2180 1470 bens
2212 1433 2225 1469 :
2260 1434 2279 1466 (
2317 1415 2427 1485 Ego
2459 1415 2684 1484 quidem
2720 1415 2953 1471 insidias
2981 1425 3036 1470 et
3066 1415 3401 1470 fustuarium
3433 1429 3627 1480 exspe-

2041 1516 2132 1562 cto
2175 1522 2204 1561 a
2252 1508 2538 1577 quopiam,
2575 1508 2668 1578 qui
2726 1509 2960 1578 alicujus
3006 1509 3080 1563 sit
3125 1507 3387 1572 nominis,
3420 1507 3507 1560 vel
3555 1507 3626 1560 ab

2042 1598 2163 1668 ipso
2193 1599 2357 1654 etiam
2391 1598 2688 1668 Crescente
2719 1599 3038 1669 insipiente,
3065 1598 3396 1668 arrogantia;
3423 1598 3629 1667 quippe

2043 1685 2216 1754 magis
2252 1701 2416 1755 quam
2462 1687 2749 1756 sapientiae
2795 1697 3036 1743 amante.
3088 1687 3352 1758 Indignus
3390 1701 3628 1755 namque

2046 1785 2153 1842 est,
2185 1778 2280 1846 qui
2314 1778 2680 1848 philosophus
2705 1787 2762 1833 et
2791 1780 3076 1849 sapientiai
3114 1789 3330 1834 amator
3363 1779 3583 1834 dicatur
3612 1797 3626 1832 :

359 1869 468 1921 τῶν
505 1872 947 1941 πεπλανημένων
1001 1872 1163 1925 τοῦτο
1212 1873 1491 1942 πράττων.
1552 1872 1679 1926 Εἴτε
1717 1873 1826 1942 γάρ
1862 1873 1940 1940 μὴ

2052 1876 2340 1936 prepterea
2372 1868 2520 1938 quod
2550 1869 2769 1936 publice
2801 1870 2870 1924 de
2903 1869 3068 1925 rebus
3099 1885 3236 1940 quas
3269 1868 3508 1940 ignorat,
3541 1869 3629 1921 vi-

281 2007 289 2017 .
359 1961 603 2033 ἐντυχὼν
656 1966 766 2028 τοῖς
812 1965 907 2018 τοῦ
958 1965 1200 2036 Χριστοῦ
1241 1965 1542 2036 διδάγμασι
1601 1965 1937 2036 κατατρέχει

363 2054 546 2125 ἡμῶν,
581 2057 948 2128 παμτυόνηρός
980 2059 1120 2126 ἐστι,
1151 2059 1247 2112 καὶ
1280 2058 1508 2112 ίδιωτῶν
1541 2058 1675 2111 πολὺ
1712 2057 1937 2128 χείρων,

363 2145 415 2198 οἳ
449 2147 811 2216 φυλάττονται
873 2149 1139 2213 πολλάκις
1189 2151 1322 2218 περὶ
1353 2143 1428 2203 ὧν
1459 2150 1563 2202 οὐκ
1617 2149 1940 2202 ἐπίστανται

366 2237 716 2306 διαλέγεσθαι
749 2243 844 2294 καὶ
887 2240 1367 2312 ψευδομαρτυρεῖν
1397 2258 1413 2275 ο
1445 2242 1477 2312 ἢ
1529 2244 1577 2294 εἱ
1604 2240 1846 2310 ἐντυχὼν
1875 2241 1936 2293 οὐ

369 2331 576 2399 συνῆκε
629 2331 690 2382 τὸ
742 2333 801 2384 ὲν
832 2332 1020 2395 αὐτοῖς
1058 2331 1376 2401 μεγαλεῖον,
1417 2331 1450 2401 ἢ
1486 2334 1684 2394 συνιεὶς
1720 2333 1855 2401 πρὸς
1881 2331 1942 2383 τὸ

370 2415 447 2486 μὴ
478 2415 892 2488 ύποπτωθῆναι
926 2418 1172 2483 τοιοῦτος
1218 2419 1393 2474 ταῦτα
1431 2423 1598 2484 ποιεῖ,
1635 2419 1768 2472 πολὺ
1803 2420 1942 2488 μᾶλ-

362 2510 456 2562 λον
483 2509 717 2580 ἀγεννὴς
741 2511 839 2562 καὶ
870 2511 1261 2580 παμπόνηρος,
1295 2511 1581 2580 ’ἰδιωτικῆς
1609 2513 1705 2564 καὶ
1741 2512 1940 2579 ἀλόγου

363 2600 523 2671 δόξης
570 2605 666 2654 καὶ
708 2602 878 2670 φόϐου
945 2590 1049 2656 οὐκ
1101 2603 1344 2658 ἐλάττων
1398 2601 1496 2654 ὢν.
1549 2620 1568 2653 ι
1624 2603 1811 2657 Ταῦτα
1846 2605 1943 2672 μὲν

378 2691 690 2754 ’1ουστῖνοςο
724 2695 806 2747 ὅτι
852 2693 908 2746 δὲ
957 2694 1103 2747 κατά
1154 2695 1254 2764 τὴν
1295 2693 1460 2748 αὐτοῦ
1495 2696 1804 2764 πρόρρησιν
1839 2697 1943 2748 ὑπὸ

365 2781 562 2834 τούτου
611 2781 678 2852 δὴ
726 2782 822 2835 τοῦ
876 2784 1230 2854 Κρήσκεντος
1270 2785 1328 2836 τὸ
1369 2788 1490 2838 κατ’
1521 2784 1689 2837 αὑτοῦ
1737 2787 1942 2854 συρρά-

365 2871 567 2942 ψαντος
599 2873 912 2928 διαὸούλιον
942 2877 1314 2942 τετελείωται,
1351 2878 1570 2948 ἀπόχρη
1610 2877 1710 2929 καὶ
1739 2879 1940 2931 Τατια-

365 2964 442 3033 νῷ
475 2967 770 3037 παριστᾷν,
801 2968 956 3037 ἀνδρὶ
985 2969 1078 3022 τδν
1112 2971 1216 3038 μὲν
1260 2969 1477 3041 πρῶτον
1514 2972 1682 3024 αὐτοῦ
1723 2971 1838 3041 βίον
1883 2973 1943 3026 ὲν

365 3060 479 3120 τοῖς
527 3059 636 3111 τῶν
679 3059 955 3128 Ἑλλήνων
1005 3062 1300 3132 μαθήμασι
1355 3065 1798 3132 σοφιστεύσαντι,
1847 3067 1944 3118 καὶ

368 3151 596 3221 βαθεῖαν
628 3153 884 3224 ὲσχηκότι
912 3154 1071 3220 δόξαν
1106 3156 1165 3207 ὲν
1196 3155 1430 3222 τούτοις,
1464 3157 1566 3209 οὐκ
1591 3156 1852 3227 ἐλάχιστα
1887 3158 1943 3211 δὲ

2048 1957 2249 2012 delicet
2279 1959 2430 2029 quod
2465 1959 2767 2015 Christiani
2801 1961 2948 2016 athei
2985 1977 3326 2033 prorsusque
3360 1963 3480 2017 sine
3513 1963 3627 2017 Deo

2047 2060 2104 2103 et
2133 2051 2286 2120 impii
2318 2052 2451 2117 sint,
2473 2063 2771 2115 asseverat,
2793 2053 2858 2107 ad
2885 2057 3114 2125 gratiam
3142 2064 3198 2110 et
3219 2055 3502 2110 libidinem
3537 2071 3632 2108 eo-

2050 2158 2171 2195 rum
2204 2145 2296 2211 qui
2328 2144 2398 2198 ab
2425 2159 2492 2198 eo
2523 2153 2654 2199 sunt
2678 2146 2731 2198 in
2758 2160 3004 2201 errorem
3037 2145 3278 2212 seducti,
3310 2146 3365 2200 id
3398 2146 3628 2200 faciens.

2049 2228 2106 2284 Si
2145 2230 2291 2284 enim
2339 2233 2646 2288 doctrinam
2676 2233 2906 2299 Christi,
2939 2249 3105 2306 quam
3155 2251 3265 2290 non
3309 2235 3510 2307 attigit,
3544 2251 3636 2290 re-

2052 2322 2447 2391 prehendendo
2483 2326 2809 2394 proscindit,
2843 2327 3293 2404 improbissimus
3349 2337 3458 2393 est,
3493 2329 3637 2382 idio-

2055 2413 2124 2466 tis
2150 2424 2314 2483 atque
2347 2414 2587 2470 indoctis
2618 2415 2936 2472 hominibus
2968 2418 3144 2472 multo
3174 2418 3442 2484 deterior,
3469 2418 3636 2488 268

2052 2508 2147 2576 qui
2183 2522 2326 2578 saepe
2361 2507 2429 2564 de
2471 2509 2639 2564 rebus
2676 2526 2814 2580 quas
2862 2511 3142 2581 ignorant,
3193 2511 3345 2581 loqui
3396 2523 3451 2567 et
3496 2513 3636 2568 falso

2054 2600 2333 2654 testificari
2356 2603 2750 2671 supersedent;
2775 2604 2871 2658 sed
2891 2605 2936 2658 si
2953 2604 3322 2660 Christianam
3335 2594 3637 2676 professio-

2051 2707 2177 2745 nem
2206 2693 2421 2770 didicit,
2449 2705 2545 2747 aut
2574 2695 2998 2764 amplitudinem
3031 2699 3153 2767 ejus
3185 2713 3296 2752 non
3334 2698 3634 2761 intellexit,

2052 2795 2147 2838 aut
2168 2793 2317 2839 certe
2337 2785 2628 2852 intellexit,
2647 2796 2703 2842 et
2733 2803 2802 2842 ne
2821 2785 3173 2844 Christianus
3193 2805 3313 2845 esse
3343 2802 3637 2860 suspectus

2054 2876 2170 2940 ﬁat,
2195 2893 2294 2931 nos
2321 2877 2685 2934 criminatur:
2709 2879 2898 2950 itaque
2922 2880 3085 2951 longe
3108 2881 3290 2937 adhuc
3316 2893 3400 2937 est
3424 2883 3634 2953 impor-

2056 2970 2266 3032 tunior,
2289 2971 2427 3024 nihil
2447 2971 2671 3042 ingenui
2694 2981 2748 3026 et
2776 2972 3022 3028 liberalis
3054 2972 3260 3043 ingenii
3291 2975 3523 3039 habens,
3550 2983 3637 3029 ut-

2053 3071 2180 3130 pote
2199 3061 2381 3133 inepta
2398 3073 2454 3118 et
2478 3063 2716 3118 absurda
2742 3065 3007 3132 opinione
3040 3067 3146 3132 vir,
3190 3067 3486 3137 timorique
3515 3083 3638 3122 sor-

2055 3154 2186 3208 dido
2219 3155 2512 3211 obnoxius.
2551 3175 2569 3208 ι
2596 3155 2724 3211 Haec
2756 3156 3032 3212 Justinus.
3065 3158 3221 3224 Quod
3264 3169 3448 3214 autem
3480 3160 3637 3231 juxta

367 3246 466 3299 καὶ
506 3247 729 3316 μνήμης
781 3246 908 3313 ἄξια
951 3248 1043 3302 διά
1095 3247 1270 3318 λόγων
1324 3252 1458 3321 ἡμῖν
1505 3226 1945 3307 καταλελοιπότι.

2056 3261 2210 3301 suam
2245 3247 2417 3317 ipsius
2463 3249 2873 3316 praedictionem
2905 3265 2937 3304 a
2963 3249 3287 3315 Crescente,
3316 3251 3412 3320 qui
3443 3264 3641 3307 auctor

365 3337 577 3408 Γράφει
623 3337 809 3392 τοίνυν
853 3343 912 3394 ὲν
964 3330 1042 3411 ’ἰῷ
1097 3343 1240 3412 πρὸς
1283 3342 1554 3412 Ἕλληνας
1595 3344 1764 3398 αὑτοῦ
1797 3346 1946 3414 λόγῳ

363 3429 564 3493 οὓτωςο
608 3449 626 3483 ι
670 3433 780 3484 Καὶ
821 3435 849 3485 ὁ
903 3432 1370 3504 θαυμασιώτατος
1432 3435 1722 3500 Ἰουστῖνος
1768 3437 1950 3508 ὀρθῶς

367 3522 736 3593 ἐξεφώνησεν,
764 3525 1010 3579 ἐοικέναι
1033 3526 1158 3589 τοὺς
1192 3527 1637 3598 προειρημένους
1661 3529 1941 3597 λῃσταῖς.»

371 3612 510 3670 Εἶτα
562 3617 658 3670 καί
709 3635 836 3673 τινα
883 3619 1022 3672 ἄλλα
1069 3621 1199 3690 περὶ
1261 3618 1372 3672 τῶν
1429 3620 1740 3689 φιλοσόφων
1777 3620 1950 3676 εἰπὼν

370 3706 644 3778 ἐπιφέρειο
679 3726 698 3760 ι
727 3711 998 3781 Κρήσκης
1040 3710 1134 3764 οὖν
1187 3711 1573 3774 ὲννεοττεύσας
1614 3715 1682 3783 τῇ
1744 3715 1957 3784 μεγάλῃ

371 3800 549 3868 πόλει,
593 3802 956 3875 παιδεραστίᾳ
987 3805 1086 3876 μὲν
1112 3808 1321 3869 πάντας
1357 3807 1728 3876 ὑπερήνεγκε,
1763 3807 1960 3876 φιλαρ-

370 3894 540 3963 γυρία
586 3893 644 3947 δὲ
701 3895 848 3947 πάνυ
889 3895 1166 3968 προσεχὴς
1199 3893 1302 3968 ἦν·
1337 3897 1569 3950 θανάτου
1624 3897 1680 3949 δὲ
1729 3899 1960 3968 δέκατα-

368 3987 593 4054 φρονεῖν
650 3987 1084 4057 συμϐουλεύων,
1148 3987 1325 4051 οὕτως
1388 3989 1551 4050 αὐτὸς
1610 3989 1804 4042 ἐδεδίει
1865 3989 1956 4042 τὸν

371 4074 622 4144 θάνατον,
650 4077 724 4140 ώς
753 4079 847 4130 καὶ
893 4079 1204 4147 Ἰουστῖνον,
1236 4079 1494 4149 καθάπερ
1520 4080 1745 4150 μεγάλῳ
1771 4079 1949 4150 κακῷ,

367 4165 447 4236 τῷ
475 4166 695 4238 θανάτῳ
730 4169 1053 4240 περιόαλεῖν
1075 4171 1636 4242 πραγματεύσασθαι.
1667 4172 1816 4225 Διότι
1847 4189 1954 4243 κη-

373 4259 582 4327 ρύττων
646 4263 747 4333 τὴν
788 4264 1101 4335 ἀλήθειαν,
1161 4265 1383 4334 λίχνους
1434 4267 1564 4330 τοὺς
1617 4267 1956 4335 φιλοσόφους

367 4353 468 4406 καὶ
531 4353 862 4418 ἀπατεῶνας
924 4357 1240 4427 συνέλεγχε.
1303 4376 1324 4411 ι
1374 4359 1487 4412 Καὶ
1545 4361 1806 4429 τοιαύτην
1849 4357 1949 4428 μὲν

367 4441 553 4498 αἰτίαν
582 4446 713 4517 ἔσχε
758 4449 818 4500 τὸ
854 4449 999 4502 κατά
1042 4449 1334 4502 Ἰουστῖνον
1377 4449 1706 4522 μαρτύριον.

2057 3339 2208 3395 inita:
2244 3349 2435 3396 contra
2484 3356 2611 3395 eum
2644 3343 3047 3410 conjurationis
3098 3343 3224 3409 fuit,
3257 3343 3511 3399 sublatus
3543 3347 3640 3412 sit,

2057 3431 2322 3486 Tatianus
2357 3432 2490 3486 satis
2534 3441 2788 3496 testatur,
2828 3434 2915 3487 vir
2958 3435 3234 3504 egregius,
3269 3436 3363 3504 qui
3399 3437 3636 3505 primam

2059 3531 2274 3578 aetatem
2298 3522 2613 3578 Graecorum
2645 3525 2954 3594 disciplinis
2971 3524 3234 3581 docendis
3257 3529 3636 3597 consumpsit,

2061 3631 2422 3685 magnamque
2460 3618 2512 3668 in
2554 3615 2637 3669 eis
2670 3617 2886 3670 laudem
2917 3626 3002 3671 cst
3034 3630 3393 3684 consecutus,
3428 3620 3637 3689 quique

2059 3725 2167 3764 non
2205 3724 2377 3778 pauca
2417 3710 2681 3763 memoria
2713 3710 2876 3780 digna
2907 3710 3069 3766 nobis
3097 3713 3264 3766 etiam
3306 3715 3509 3782 scripta
3548 3730 3639 3767 re-

2056 3799 2242 3868 liquit.
2277 3800 2325 3852 Is
2351 3801 2538 3868 itaque
2569 3801 2621 3854 in
2650 3801 2901 3856 oratione
2931 3819 3028 3857 sua
3059 3805 3123 3856 ad
3152 3803 3382 3859 Graecos.
3402 3807 3478 3858 ita
3506 3807 3640 3860 scri-

2058 3893 2141 3947 bit
2174 3882 2246 3945 :'t
2288 3893 2346 3946 lit
2385 3893 2636 3947 Justinus
2683 3894 3052 3950 admiratione
3085 3897 3334 3951 Omnium
3380 3898 3640 3967 dignissi-

2059 3999 2204 4050 mus,
2243 3995 2391 4038 recte
2418 3999 2516 4038 cos
2550 3986 2617 4039 de
2647 3986 2853 4055 quibus
2888 3980 3131 4042 dixim’us
3174 3989 3485 4058 persimiles
3517 4006 3641 4045 esse

2059 4077 2413 4148 praedonibus
2454 4077 2807 4133 exclamavit.
2835 4097 2854 4130 ι
2895 4080 3101 4136 Deinde
3133 4080 3257 4135 aliis
3287 4081 3642 4149 quibusdam,

2057 4170 2125 4224 de
2180 4170 2544 4238 phiIOSOphis,
2601 4171 2767 4225 rebus
2795 4173 3079 4241 expositis,
3136 4171 3302 4226 infert
3338 4190 3351 4225 :
3391 4189 3410 4223 ι
3449 4171 3642 4240 Itaque

2057 4263 2328 4318 Cresaens
2362 4278 2487 4317 cuin
2520 4263 2574 4317 in
2605 4278 2800 4333 magna
2834 4264 2972 4317 urbe
3003 4263 3348 4317 domicilium
3378 4263 3646 4317 collocas~

2057 4364 2162 4422 set,
2197 4356 2430 4410 lascivia
2475 4355 2700 4424 quidem
2740 4354 2798 4409 in
2841 4368 3049 4423 pueros
3109 4369 3303 4408 omnes
3351 4369 3647 4422 exsupera-

2056 4450 2170 4505 bat.
2214 4449 2475 4504 Avaritiaa
2519 4457 2704 4502 autem
2740 4446 2899 4502 valde
2934 4447 3157 4502 deditus
3202 4457 3342 4501 erat.
3379 4446 3483 4512 Qui
3516 4462 3646 4501 vero

367 4554 493 4594 ants
555 4544 753 4598 mortis
821 4554 1204 4615 contemptum
1273 4545 1564 4611 suadebat,
1623 4547 1697 4602 ita
1750 4561 1872 4602 eam
1934 4546 2052 4617 ipse
2113 4547 2412 4604 metuebat,
2458 4553 2519 4597 ut
2568 4544 2784 4599 Iustino
2843 4552 3099 4607 mortem,
3152 4542 3322 4596 veluti
3385 4557 3642 4610 magnum

370 4632 599 4702 aliquod
640 4638 872 4704 malum,
903 4638 1322 4694 concinnaverit
1357 4655 1372 4692 :
1412 4649 1708 4709 propterea
1739 4642 1884 4708 quod
1929 4639 2020 4694 illc
2055 4640 2342 4694 veritatem
2383 4638 2706 4707 praedicans,
2743 4637 3105 4706 piiii050phos
3155 4634 3444 4690 helluones
3479 4645 3646 4706 atque

368 4725 704 4794 impostores
753 4743 873 4785 esse
931 4731 1235 4801 coarguit.»
1295 4732 1476 4794 Atque
1532 4735 1646 4787 haec
1697 4734 1921 4802 quidem
1955 4732 2177 4788 Iustino
2216 4730 2462 4807 martyrii
2501 4745 2664 4785 causa
2702 4729 2826 4785 fuit.

951 4869 1207 4955 ιςΕΦΑΛ.
1249 4869 1374 4924 AI".

371 4984 514 5054 Περὶ
558 4985 769 5040 ἄλλων
788 4985 1129 5054 μαρτύρων,
1161 4977 1249 5038 ὧν
1296 4983 1480 5050 αὐτὸς
1515 4982 1852 5050 Ἰουστῖνος
1882 4983 1957 5038 ἐν

709 5056 839 5124 ἰδίῳ
871 5056 1144 5122 ἐμνήσθη
1181 5055 1621 5125 συγγράμματι.

452 5171 512 5228 Ὀ
535 5170 580 5226 δ’
605 5171 768 5234 αὐτὸς
801 5171 896 5225 καὶ
923 5170 1102 5224 ἀλλων
1128 5170 1237 5236 πρὸ
1263 5169 1429 5224 αὐτοῦ
1455 5170 1791 5241 μνημονεύει
1821 5187 1959 5241 μαρ-

368 5257 549 5335 τύρων
594 5266 654 5320 ἐν
702 5266 770 5337 τῇ
817 5266 941 5318 κατ’
991 5265 1158 5319 αὑτὸν
1193 5263 1516 5334 ’Δπολογίᾳ,
1551 5265 1846 5334 χρησίμως
1888 5265 1955 5334 τῇ

370 5357 634 5412 ὑποθέσει
668 5359 766 5412 καὶ
800 5357 976 5410 ταῦτα
1007 5355 1358 5428 παρατιθείςο
1396 5357 1472 5419 ὡς
1503 5355 1730 5424 γύναιον
1765 5356 1958 5423 ἰταμὸν

370 5451 480 5502 ἀπὸ
531 5450 732 5520 πείρας
783 5449 1074 5519 ἀκολάστῳ
1110 5447 1385 5517 συνεζύγη
1435 5446 1612 5517 ἀνδρί.
1655 5445 1742 5510 Ὠς
1785 5447 1842 5498 δὲ
1897 5446 1958 5499 τὸ

369 5543 514 5596 κατά
553 5532 793 5614 Χριστόν
827 5541 994 5595 ποθεν
1040 5541 1183 5609 έγνω
1224 5542 1551 5612 μυστήριον,
1586 5540 1845 5610 σώφρονά
1896 5557 1957 5593 τε

369 5633 484 5704 βίον
512 5633 818 5704 ἠσπάζετο,
845 5635 942 5686 καὶ
968 5633 1060 5686 τὸν
1085 5631 1257 5702 ἄνδρα
1287 5631 1431 5684 οὕτω
1467 5630 1618 5702 βιοῦν
1657 5629 1867 5696 ἔπειθε,
1896 5629 1958 5683 τό

365 5741 427 5778 τε
465 5726 662 5795 μέλλον
701 5725 1162 5797 ὑποσημαίνουσα
1202 5723 1316 5796 πῦρ
1357 5726 1469 5786 τοῖς
1503 5723 1771 5793 ἀκολασίᾳ
1803 5740 1953 5791 χρω-

369 5817 556 5887 μένοις
588 5820 681 5874 καὶ
712 5822 832 5883 ταῖς
863 5819 1080 5890 ἡδοναῖς
1111 5819 1493 5888 φλεγομένοις,
1523 5819 1642 5870 ἐστι
1673 5815 1718 5868 δ’
1741 5816 1828 5868 ὅτε
1861 5814 1956 5868 καὶ

2595 4867 2826 4924 CAPUT
2871 4865 3117 4920 XXXIII.

2064 4983 2139 5037 De
2170 4984 2290 5038 aliis
2322 4984 2641 5054 martyribus
2665 4983 3081 5056 ,quoramipse
3112 4982 3353 5056 Justinus
3376 4983 3430 5036 in
3464 4986 3648 5056 singu-

2422 5053 2525 5108 tan
2559 5055 2788 5124 quodam
2814 5053 2990 5108 libello
3026 5055 3284 5107 meminit.

2139 5170 2285 5224 Idem
2318 5185 2452 5224 vero
2481 5169 2533 5223 in
2561 5169 2826 5240 Apologia
2853 5185 2950 5224 sua
2985 5169 3222 5222 aliorum
3266 5182 3485 5239 quoque
3519 5176 3649 5221 ante

2065 5277 2124 5317 se
2161 5272 2463 5331 martyrum
2513 5261 2765 5314 meminit
2817 5277 2831 5314 :
2879 5270 2936 5314 et
2987 5269 3314 5328 argumento
3367 5256 3649 5326 preposito

2066 5355 2460 5426 percommode
2507 5355 2886 5418 subservicns,
2922 5353 3054 5409 illud
3086 5353 3252 5406 etiam
3288 5351 3444 5406 addit
3478 5368 3492 5404 :
3522 5365 3650 5416 mtt-

2062 5449 2349 5503 Iierculam
2401 5462 2586 5501 rerum
2637 5447 2904 5500 malarum
2960 5461 3060 5499 usu
3108 5443 3479 5506 temerariam,
3529 5441 3649 5495 viro

2063 5537 2255 5592 itidem
2320 5537 2607 5591 luxurioso
2653 5538 2899 5608 junctam
2961 5535 3153 5590 fuisse.
3212 5532 3287 5588 Ut
3335 5544 3521 5587 autem
3582 5547 3646 5586 ea

2062 5630 2352 5702 mysticam
2401 5627 2608 5684 Christi
2657 5629 3058 5700 professionem
3106 5623 3365 5681 alicunde
3403 5622 3648 5692 perdidi-

2062 5720 2162 5782 cit.
2197 5735 2323 5772 cum
2367 5719 2539 5788 ipsam
2576 5720 2916 5774 moderatam
2951 5717 3445 5784 continentemque
3477 5712 3646 5766 vitam

2061 5813 2403 5884 cmnplcxam
2452 5827 2596 5880 ese,
2637 5822 2748 5867 tum
2801 5813 2949 5870 idem
3005 5824 3226 5881 quoque
3269 5809 3466 5862 marito
3519 5821 3646 5860 sua-
