4046 6412
450 384 557 447 963

1673 376 2100 443 NICEPHORI
2135 379 2491 444 CALLISTI

3609 387 3715 454 964

452 501 589 555 sisse
622 515 637 556 :
670 508 963 571 propterea
1013 503 1161 572 quod
1197 502 1276 558 illi
1321 509 1588 556 aeternum
1629 497 1785 552 illum
1824 496 2020 567 ignem,

2134 495 2203 549 τὰ
2228 498 2286 550 ὲν
2312 493 2669 565 ἐπαγγελίαις
2700 497 3038 570 ἐπιφέρουσα
3063 496 3264 568 ἀγαθά.
3298 496 3387 563 Ὦς
3407 497 3463 554 δὲ
3490 499 3720 564 πλεῖστα

452 591 548 660 qui
592 592 889 663 impudicis
921 601 979 648 et
1019 592 1391 664 voluptuariis
1434 598 1658 661 paratus
1691 588 1784 651 sit,
1819 589 2033 644 indica-

453 693 560 748 ret,
589 692 647 739 et
689 685 923 739 subinde
975 685 1377 754 promissiones
1423 697 1646 754 quoque
1693 693 2030 737 reternorum

454 774 726 830 bonorum
776 785 1130 845 praponeret.
1192 776 1453 832 Sedenim
1505 789 1630 830 cum
1674 774 1847 828 multa
1887 786 2032 843 saepe

452 866 711 932 dicendo,
745 868 882 922 nihil
910 869 1055 939 apud
1081 880 1208 923 eum
1235 870 1500 937 efficeret,
1532 876 1587 923 et
1613 867 1706 922 ille
1735 868 1788 921 in
1810 866 2030 937 procaci

453 958 756 1029 petulantia
784 974 884 1015 sua
918 970 1291 1030 permaneret,
1317 961 1608 1015 mulierem
1633 952 1899 1029 improbis
1924 972 2036 1012 mo-

453 1050 612 1105 ribus
658 1051 773 1106 suis
818 1066 847 1104 a
895 1064 954 1107 se
992 1052 1278 1107 alienavit.
1310 1052 1403 1106 llla
1445 1054 1594 1106 enim
1634 1051 1864 1122 impium
1908 1065 2032 1104 esse

447 1139 725 1211 judicans,
750 1158 877 1198 cum
906 1145 998 1198 tali
1030 1144 1298 1213 deinceps
1321 1145 1439 1199 viro
1466 1145 1844 1204 consuevisse,
1869 1142 2035 1213 269

451 1236 546 1305 qui
594 1245 794 1304 pra-ter
832 1247 1045 1291 natura:
1077 1239 1228 1307 leges
1268 1239 1448 1293 modis
1490 1238 1749 1293 omnibus
1777 1251 1875 1306 per
1910 1239 2038 1291 hbi-

452 1323 613 1379 dines
663 1324 848 1380 varias
895 1327 1234 1397 voluptatem
1281 1334 1726 1387 consectaretur,
1771 1327 2034 1381 secedere

451 1420 520 1469 ab
540 1430 607 1470 eo
632 1419 945 1473 constituit.
973 1416 1043 1473 Ut
1071 1434 1206 1473 vero
1229 1432 1347 1473 eam
1376 1416 1695 1488 propinqui,
1716 1431 1816 1487 pro
1845 1426 2038 1471 aucto-

452 1510 617 1563 ritate
656 1525 777 1576 sua,
805 1511 873 1564 ab
912 1526 980 1566 eo
1011 1511 1247 1566 consilio
1275 1519 1405 1566 sunt
1433 1508 1737 1574 dehortati,
1768 1525 2037 1581 spemque

450 1601 500 1655 ei
528 1600 801 1667 fecerunt,
824 1604 1002 1658 virum
1028 1605 1083 1658 in
1110 1606 1307 1660 melius
1329 1612 1599 1659 mutatum
1625 1605 1924 1674 aliquando
1942 1605 2032 1667 iri,

455 1708 683 1748 manere
711 1709 835 1749 eum
863 1708 930 1750 eo
955 1705 1043 1750 est
1069 1707 1279 1752 coacta.
1314 1697 1610 1767 Postquam
1640 1712 1774 1752 vero
1801 1697 2036 1751 maritus

2141 587 2379 656 λέγουσα
2412 590 2615 660 ἥκιστα
2663 590 2947 659 πειθήνιον
2995 588 3164 662 εἶχεν,
3201 594 3410 655 ἐκεῖνος
3443 595 3719 661 ἐπιμένων

2140 680 2219 751 τῷ
2245 682 2611 749 ἀσελγαίνειν,
2640 683 2934 753 ἀλλοτρίαν
2957 685 3045 737 διὰ
3070 684 3181 738 τῶν
3210 685 3464 756 πράξεων
3488 688 3723 739 ἐποιεῖτο

2140 773 2243 843 τὴν
2268 775 2538 843 γαμετήν.
2579 775 2645 827 Ὶι
2677 776 2814 847 γυνὴ
2847 776 2903 829 δὲ
2944 775 3038 829 τοῦ
3087 776 3277 831 λοιποῦ
3320 776 3517 841 ἀσεϐὲς
3553 779 3717 848 ἡγου-

2145 867 2284 936 μένη
2315 867 2470 937 ἀνδρὶ
2499 869 2733 938 τοιούτῳ
2768 870 3327 938 συγκατακλίνεσθαι,
3358 871 3465 937 ἔξω
3502 872 3720 941 φύσεως

2141 959 2313 1026 νόμου
2344 961 2511 1011 παντί
2552 976 2616 1027 γε
2668 964 2856 1032 τρόπῳ
2894 962 3099 1031 πόρους
3133 962 3339 1034 ἡδονῶν
3390 965 3719 1036 πειρωμένῳ

2145 1050 2441 1115 ποιεῖσθαι,
2493 1050 2928 1121 διαῤῥίχνυσθαι
2976 1053 3169 1107 τούτου
3218 1052 3493 1112 ἐϐούλετο.
3539 1056 3622 1119 Ὠς
3663 1057 3720 1110 δὲ

2139 1142 2252 1194 τῶν
2289 1142 2569 1210 σφετέρων
2609 1143 3004 1198 δυσωπούντων
3035 1145 3132 1198 καὶ
3178 1144 3369 1199 ἐλπίδα
3404 1145 3717 1215 προτεινόν-

2140 1248 2274 1294 των,
2306 1234 2386 1295 είς
2410 1232 2605 1286 ἐλπίδα
2635 1235 2945 1303 μεταϐολῆς
2971 1234 3197 1306 ἥξοντάς
3226 1252 3356 1291 ποτε
3386 1236 3478 1291 τοῦ
3504 1238 3714 1308 ἀνδρὸς,

2146 1321 2330 1389 μένειν
2360 1322 2696 1391 ἡνάγκαστο.
2741 1326 2893 1379 Ἐπεὶ
2933 1327 2980 1380 δ’
3011 1329 3038 1380 ό
3066 1328 3208 1397 ἀνὴρ
3253 1328 3395 1381 κατὰ
3426 1330 3525 1399 τὴν
3567 1330 3716 1384 Ἀλε-

2142 1411 2431 1484 ξάνδρειαν
2472 1416 2568 1469 ίὼν
2591 1417 2798 1487 ’πολλῷ
2828 1419 3187 1490 χαλεπώτερα
3225 1424 3493 1492 πράττειν
3516 1423 3715 1493 ὴγγέλυ

2141 1504 2286 1573 λετο,
2323 1508 2357 1578 ὴ
2384 1509 2524 1579 γυνὴ
2555 1510 2826 1564 δεδοικυῖα
2860 1511 2937 1582 μὴ
2969 1514 3231 1577 κοινωνὸς
3260 1515 3345 1585 εἴη
3378 1514 3486 1567 τῶν
3518 1514 3717 1585 ἀσεϐη-

2146 1594 2335 1663 μάτων
2366 1597 2577 1668 τάνδρὶ,
2608 1600 2896 1666 ὀμόκοκος
2922 1602 3017 1655 καὶ
3046 1602 3357 1672 ὁμοδίαιτος
3385 1603 3535 1673 αὑτῷ
3560 1603 3713 1671 οὖσα,

2143 1685 2354 1756 βιϐλίον
2381 1689 2721 1745 ἀποστασίου
2754 1693 3074 1761 πέμπουσα,
3099 1697 3128 1747 δ
3156 1695 3444 1763 ρεπούδιον
3471 1694 3715 1764 λέγεται,

451 1784 840 1839 Alexandriam
872 1786 1176 1856 profectus,
1198 1789 1360 1857 longe
1391 1788 1558 1843 etiam
1583 1788 1827 1842 deterior
1857 1786 2020 1841 factu:

2137 1776 2509 1846 διεζεύγνυτο.
2548 1779 2609 1835 ὐ
2662 1782 2743 1843 δὲ,
2795 1782 2914 1836 δέον
2969 1785 3175 1853 μᾶλλον
3227 1785 3446 1854 χαίρειν
3502 1786 3594 1838 ἐπὶ
3648 1789 3714 1857 τῇ

450 1890 573 1931 esse
605 1877 787 1931 dietus
815 1888 918 1941 est,
949 1880 1149 1933 mulier
1199 1880 1397 1948 verita,
1432 1879 1479 1935 si
1519 1879 1587 1935 de
1612 1891 1809 1935 caetero
1839 1881 2020 1934 eodem

2137 1873 2387 1938 γυναικὶ,
2424 1873 2620 1944 ὅτιπερ
2659 1874 2754 1928 τὸν
2805 1877 3075 1947 πρότερον
3113 1878 3227 1947 βίον
3269 1880 3561 1944 ἀπείπατο,
3598 1881 3719 1950 χαί-

450 1983 575 2023 cum
612 1969 705 2024 illo
740 1970 884 2025 lecto
932 1975 1238 2043 eademque
1283 1989 1471 2029 mensa
1517 1983 1793 2037 uteretur,
1826 1988 1894 2027 ne
1934 1974 2035 2027 im-

446 2061 674 2130 pietatis
703 2076 930 2133 quoque
968 2065 1087 2135 ejus
1124 2065 1279 2120 ﬁeret
1306 2066 1607 2136 particeps,
1634 2066 1804 2119 misso
1837 2064 1912 2118 illi
1951 2080 2036 2119 re-

448 2152 600 2223 pudii
645 2152 855 2219 libello,
892 2154 961 2208 ab
1012 2170 1080 2211 eo
1135 2157 1386 2227 seiuncta
1418 2165 1526 2213 est.
1567 2157 1662 2211 Ille
1705 2172 1874 2227 porro
1909 2170 2033 2210 eum

447 2246 700 2315 conjugis
743 2260 856 2300 suae
892 2262 1058 2303 causa
1100 2249 1271 2304 laetari
1319 2250 1627 2316 debuisset,
1662 2266 1784 2319 qua:
1821 2249 2035 2303 scilicet

446 2337 619 2408 priori
682 2350 795 2391 suae
849 2340 976 2393 vitae
1039 2341 1298 2396 nuntium
1360 2341 1702 2406 remisisset,
1756 2340 2033 2408 simulque

443 2403 806 2491 ebrietatem,
865 2427 1189 2496 lasciviam,
1237 2439 1293 2486 et
1334 2434 1419 2499 (ut
1444 2445 1556 2485 uno
1608 2430 1777 2483 verbo
1827 2429 2030 2496 dicam)

444 2515 859 2585 improbitatem
892 2534 1139 2585 omnem,
1168 2530 1231 2575 ut
1257 2520 1495 2590 amplius
1519 2535 1644 2574 cum
1677 2522 1853 2575 servis
1882 2520 2032 2574 aliis-

442 2624 552 2679 que
587 2612 766 2679 turpis
798 2622 1044 2681 quaastus
1090 2614 1266 2681 gratia
1317 2614 1615 2682 impudicis
1656 2629 1765 2668 non
1802 2629 2029 2683 congre—

442 2701 690 2767 deretur,
720 2718 822 2758 nec
854 2703 907 2758 in
939 2705 1237 2759 libidinum
1261 2720 1424 2761 caeno
1451 2706 1815 2772 rolutaretur,
1846 2707 2028 2761 valere

440 2793 721 2862 iussisset,
760 2795 869 2863 ipsi
902 2810 1122 2865 quoque
1157 2805 1218 2850 ut
1261 2797 1491 2852 meliora
1532 2806 1863 2867 sequeretur
1904 2811 2030 2851 sua-

440 2884 606 2938 sisset
636 2901 651 2937 :
685 2893 900 2939 tantmn
929 2885 1087 2943 abest
1116 2895 1178 2940 ut
1208 2887 1260 2940 id
1302 2887 1520 2952 fecerit,
1549 2897 1611 2942 ut
1647 2887 1871 2957 abuipsa
1913 2898 2026 2942 sta-

442 2976 539 3031 tim
596 2976 961 3045 discessione,
1010 2980 1387 3036 accusationis
1438 2981 1707 3046 libellum,
1756 2981 2027 3035 Christia-

440 3082 565 3139 nam
598 3084 718 3123 eam
750 3084 894 3133 esse,
928 3071 1249 3141 imperatori
1293 3072 1579 3126 obtulerit.
1621 3072 1816 3127 Mulier
1858 3088 2024 3142 porro

436 3160 627 3225 citata,
662 3162 899 3231 supplici
936 3178 1159 3233 quoque
1190 3164 1378 3219 libello
1411 3164 1651 3234 principi
1685 3165 1833 3227 dato,
1862 3164 2023 3233 petiit

435 3252 545 3307 sibi
595 3256 877 3323 permitti,
924 3263 982 3309 ut
1032 3272 1148 3310 rem
1201 3256 1530 3312 familiarem
1579 3273 1735 3312 suam
1777 3259 2019 3328 primum

433 3348 799 3414 constituere,
847 3363 914 3403 ac
961 3349 1164 3404 deinde
1205 3350 1545 3405 accusationi
1586 3346 1637 3405 ei
1682 3351 2021 3421 respondere

434 3447 642 3506 posset.
676 3438 832 3505 Quod
867 3456 993 3494 eum
1043 3441 1136 3495 illa
1179 3441 1554 3511 impetrasset,
1590 3444 1825 3497 maritus
1863 3456 2022 3499 accu-

433 3532 649 3584 satione
695 3532 924 3597 abolita,
966 3532 1116 3586 illam
1164 3532 1391 3601 quidem
1436 3533 1669 3599 dimisit,
1706 3534 1773 3587 ad
1840 3534 2020 3589 Ptole-

434 3638 630 3677 maeum
657 3633 843 3678 autem
870 3625 1194 3695 quemdam,
1214 3624 1310 3694 qui
1336 3625 1483 3679 illam
1511 3624 1737 3695 pietatis
1760 3626 2015 3696 dogmata

430 3712 736 3778 docuisset,
768 3722 855 3769 est
888 3731 1218 3770 conversus.
1255 3714 1394 3770 Eum
1442 3717 1572 3771 dolo
1617 3732 1928 3787 aggressus,
1962 3728 2022 3771 ut

431 3805 487 3859 in
536 3806 760 3861 vincula
808 3807 1186 3878 conjicerelur
1238 3808 1446 3863 eﬂ'ecit.
1496 3807 1820 3864 Centurioni
1867 3812 2017 3866 enim

429 3897 656 3951 cuidam
712 3898 818 3953 sibi
869 3902 1049 3954 amico
1094 3901 1394 3969 persuasit,
1438 3908 1499 3954 ut
1543 3901 1899 3956 Ptolemaeum
1932 3918 2019 3957 ar-

429 3999 654 4059 reptum
716 3987 1082 4044 hovtantum
1128 3991 1521 4061 interrogaret,
1563 4007 1632 4046 an
1666 3991 2019 4050 Christianus

428 4092 596 4136 esset.
633 4068 1050 4158 Ιιιυιηήυἰιιρε,
1065 4085 1318 4139 veritatis
1347 4094 1648 4148 amantem,
1675 4086 2017 4158 minimeque

428 4172 840 4229 fraudulentum
876 4149 980 4230 aut~
1021 4147 1367 4243 mendacem,
1409 4177 1595 4233 statim
1638 4192 1698 4232 se
1745 4177 2017 4235 Christia-

427 4280 559 4320 num
590 4281 715 4322 esse
747 4266 1156 4337 professorum.
1186 4268 1377 4339 Itaque
1405 4269 1461 4321 in
1494 4269 1714 4324 vincula
1758 4268 1850 4327 ille
1877 4288 2015 4328 cou-

418 4358 638 4427 jectus,
688 4359 854 4428 longo
906 4369 1156 4431 tempore
1209 4377 1240 4415 a
1289 4362 1615 4418 centurione
1669 4373 1758 4419 est
1812 4374 2013 4421 tortus.

424 4455 715 4509 Postremo
746 4496 761 4521 ,
795 4456 890 4509 ubi
923 4455 991 4509 ad
1037 4455 1320 4512 Urbicium
1352 4458 1598 4531 judieem
1632 4461 1929 4529 adductus,
1958 4473 2015 4518 et

2140 1977 2262 2033 ρειν
2300 1961 2533 2015 εἰποῦσα
2568 1962 2763 2032 μέθαις
2796 1968 2888 2018 καὶ
2918 1966 3236 2031 ἀσελγείαις
3261 1967 3356 2020 καὶ
3380 1968 3529 2038 πάσῃ
3561 1985 3717 2019 συνε-

2138 2051 2298 2106 λόντα
2338 2054 2505 2122 φάναι
2534 2057 2725 2127 κακίᾳ,
2759 2059 2853 2109 καὶ
2882 2056 2960 2127 τῷ
2998 2058 3142 2127 μετὰ
3167 2059 3275 2111 τῶν
3300 2059 3592 2127 ὑπηρετῶν
3621 2060 3717 2111 καὶ

2141 2145 2492 2214 μισθοφόρων
2513 2146 2822 2211 κυλίεσθαι,
2854 2149 2952 2201 καὶ
2983 2149 3133 2219 αὐτῷ
3165 2165 3229 2217 γε
3271 2149 3576 2219 σύμϐουλος
3602 2148 3717 2201 τῶν

2137 2241 2472 2306 κρειττόνων
2525 2240 2865 2292 καθίστατο⁶
2905 2243 2933 2294 ὁ
2990 2240 3047 2294 δὲ
3098 2241 3297 2296 αὐτίκα
3348 2241 3447 2311 τῆς
3498 2242 3717 2310 ἐκείνης

2139 2330 2436 2398 συναφείας
2465 2330 2828 2400 ἀπαλλαγεὶς,
2855 2333 2931 2402 τῷ
2953 2333 3319 2405 αὐτοκράτορι
3346 2332 3553 2404 βιϐλίον
3581 2348 3717 2386 κιτ-

2137 2422 2368 2491 ηγορίας
2417 2421 2615 2487 ἐδίδου,
2640 2423 2713 2485 ὡς
2740 2424 2827 2494 εἴη
2867 2424 3193 2495 Χριστιανή.
3227 2425 3443 2496 Ἐκείνη
3467 2425 3523 2478 δὲ
3549 2443 3718 2495 προσ-

2134 2511 2422 2581 κληθεῖσα,
2460 2513 2670 2582 βιϐλίον
2699 2515 2997 2580 ἁναδοῦσα,
3029 2514 3152 2586 ᾔτει
3190 2517 3457 2587 πρότερον
3497 2534 3710 2587 συγχω-

2138 2605 2371 2676 ρηθῆναι
2404 2610 2472 2656 τα
2522 2607 2645 2658 κατ’
2684 2606 2856 2677 αὐτὴν
2905 2608 3309 2678 διοικήσασθαιι
3341 2608 3535 2662 ἔπειτα
3585 2610 3712 2680 περὶ

2131 2689 2206 2747 ὧν
2266 2701 2656 2764 κατηγόρητο,
2713 2699 3019 2766 ἀπολογίαν
3072 2701 3371 2754 ποιεῖσθαι.
3441 2701 3594 2755 Ἐπεὶ
3654 2703 3710 2754 δὲ

2132 2786 2314 2839 ἀνεῖτο
2362 2787 2547 2857 εκείνη
2582 2789 2615 2857 ἡ
2667 2790 2909 2858 αἴτησις,
2953 2794 2980 2844 ό
3015 2792 3157 2863 ἀνὴρ
3206 2792 3460 2847 ἀπειπὼν
3495 2795 3710 2866 ἐκείνην

2134 2878 2235 2947 μὲν
2285 2878 2464 2943 εἴασε,
2518 2882 2655 2951 πρός
2709 2899 2833 2934 τινα
2888 2884 2944 2936 δὲ
2998 2884 3341 2954 Πτολεμαῖον
3392 2886 3710 2941 διδάσκαλον

2129 2971 2317 3040 ἐκείνῃ
2372 2974 2479 3025 τῶν
2523 2974 2647 3026 κατ’
2676 2974 2968 3027 εὐσέϐειαν
3017 2976 3309 3047 δογμάτων
3342 2980 3710 3048 γεγενημένον

2129 3066 2425 3135 ἐτράπετο.
2461 3066 2572 3119 Καὶ
2612 3066 2677 3137 δὴ
2703 3068 2869 3140 τέχνῃ
2907 3069 3206 3139 μετελθὼν,
3244 3071 3418 3142 δεσμὰ
3448 3071 3709 3143 περιϐάλ-

2128 3156 2211 3209 λει
2242 3157 2456 3228 τάνδρῖο
2495 3157 2676 3211 πείθει
2711 3160 2807 3211 καὶ
2837 3159 2947 3228 γάρ
2973 3178 3093 3213 τινα
3125 3162 3528 3234 ἑκατόνταρχον
3558 3163 3708 3232 φίλον

2128 3251 2277 3319 αὐτῷ
2327 3251 2479 3313 ὅντα,
2534 3250 2802 3304 λαϐέσθαι
2839 3253 2935 3305 τοῦ
2992 3253 3357 3322 Πτολεμαίου,
3411 3256 3509 3308 καὶ
3552 3257 3707 3309 τοῦτο

2128 3341 2295 3409 μόνον
2331 3341 2619 3411 ἁνερωτᾷν
2649 3346 2697 3392 si
2723 3341 3056 3410 Χριστιανός
3085 3343 3226 3395 ἐστι’
3263 3343 3356 3396 καὶ
3388 3344 3479 3397 τὸν
3509 3343 3705 3397 Πτολε-

2126 3435 2309 3500 μαῖον,
2338 3434 2612 3504 φιλαλήθη
2632 3451 2716 3503 ιγε
2756 3434 2955 3501 ἄλλως,
2991 3435 3086 3489 καὶ
3124 3435 3247 3506 μηδ’
3274 3438 3555 3508 ἀπατηλόν
3585 3456 3705 3492 τινα

2120 3524 2157 3594 ἢ
2187 3524 2517 3593 ψευδολόγον
2548 3527 2700 3592 ὄντα,
2735 3529 2913 3600 ῥᾷστα
2942 3530 3286 3599 ὁμολογῆσαι
3320 3534 3415 3586 καὶ
3445 3528 3704 3602 Χριστια-

2122 3615 2212 3669 νὸν
2243 3617 2440 3670 ἑαυτὸν
2476 3619 2749 3673 ἀνειπεῖν.
2791 3622 2886 3673 Ἐν
2926 3621 3148 3691 δεσμοῖς
3195 3624 3379 3677 τοίνυν
3425 3625 3702 3696 γενομένῳ

2120 3710 2216 3762 ἐπὶ
2253 3712 2391 3764 πολὺ
2421 3713 2646 3782 χρόνου,
2681 3714 2708 3766 ό
2740 3714 3143 3784 ἑκατόνταρχος
3167 3716 3491 3770 ἐκολάσατο.
3529 3715 3617 3780 Ὠς
3645 3716 3703 3770 δὲ

2121 3803 2182 3855 τὸ
2235 3804 2550 3858 τελευταῖον
2611 3806 2894 3879 Οὑρϐικίῳ
2963 3810 3253 3879 προσήχθη
3310 3809 3390 3881 τῷ
3458 3812 3699 3882 ἄρχοντι,

2120 3893 2279 3956 αὖθις
2323 3898 2600 3966 ἡρωτᾶτοο
2652 3900 2747 3951 καὶ
2796 3900 2871 3962 ὠς
2921 3901 2992 3954 τὰ
3038 3901 3182 3954 καλὰ
3237 3905 3703 3974 συνεπιστάμενος

2121 3986 2320 4056 ἐαυτῷ,
2376 3991 2496 4052 ταῖς
2556 3990 2795 4061 Χριστοῦ
2847 3993 3269 4047 κατακολουθῶν
3321 3994 3591 4066 διδαχαῖς,
3642 3998 3703 4049 τδ

2118 4080 2471 4136 διδασκάλων
2505 4083 2605 4150 τῆς
2646 4083 2797 4146 θείας
2838 4086 3043 4156 ἀρετῆς
3082 4087 3460 4157 ὡμολόγησεν.
3495 4089 3552 4143 ’0
3596 4091 3701 4162 γὰρ

2118 4172 2456 4244 ἀρνούμενος
2502 4173 2761 4246 ὁτιοῦν,ῆ
2793 4177 3180 4243 κατεγνωκὼς,
3210 4178 3435 4249 ἔξαρνος
3466 4178 3698 4249 γίνεται,

2118 4261 2152 4331 ἥ
2201 4260 2401 4316 ἑαυτὸν
2448 4263 2675 4329 ἀνάξιον
2720 4266 3099 4335 ἐπιστάμενος
3135 4268 3232 4321 καὶ
3284 4269 3569 4340 ἀλλότριον
3603 4270 3695 4325 τοῦ

2116 4353 2470 4423 πράγματος,
2504 4354 2607 4425 τὴν
2636 4356 2936 4425 ὁμολογίαν
2968 4358 3183 4427 φεύγει.
3211 4352 3312 4413 Ἦν
3356 4361 3511 4416 οὐδὲν
3539 4363 3703 4434 τάληο

2118 4446 2205 4500 θεῖ
2256 4447 2575 4517 Χριστιανῷ
2634 4448 2953 4519 πρόσεστιν.
2988 4451 3048 4504 Ὀ
3101 4451 3201 4522 μὲν
3254 4449 3351 4508 οὖν
3408 4440 3699 4527 ούρϐίκιος

422 4545 492 4600 ab
520 4563 586 4600 eo
617 4546 996 4618 interrogatus
1029 4559 1132 4612 εει,
1170 4559 1459 4619 propterea
1497 4552 1646 4621 quod
1677 4552 1884 4610 Christi
1914 4556 2011 4609 do-

2125 4540 2432 4607 ἅπάγεσθαι
2463 4542 2556 4594 τὸν
2606 4542 2949 4613 Πτολεμαῖόν
2978 4544 3069 4598 διὰ
3105 4545 3203 4616 τὴν
3248 4548 3542 4619 ὁμολογίαν
3574 4550 3695 4603 ἐκέ-

419 4638 660 4691 ctriuam
709 4648 1087 4704 consectatus,
1118 4643 1260 4696 bene
1290 4641 1396 4696 sibi
1433 4652 1581 4697 esset
1613 4645 1893 4710 conscius,
1927 4646 2009 4701 die

421 4730 566 4782 vium
610 4730 838 4785 virtutis
884 4730 1197 4785 doctrinam
1226 4742 1324 4788 test
1364 4739 1668 4804 professus.
1709 4735 1815 4802 Qui
1859 4739 2010 4794 enim

417 4833 602 4892 neget,
643 4823 727 4877 vel
781 4825 909 4893 quia
958 4824 1357 4895 professionem
1426 4829 1673 4897 damnet,
1712 4830 1766 4885 id
1819 4830 2005 4897 faciat,

422 4917 503 4968 vel
540 4916 671 4984 quia
720 4917 1004 4987 indignum
1052 4934 1110 4973 se
1155 4902 1211 4973 et
1261 4921 1506 4975 alienum
1544 4937 1575 4976 a
1611 4937 1669 4976 re
1704 4932 1852 4978 tanta
1886 4939 2010 4979 esse

418 5008 582 5070 sciat,
619 5024 730 5063 non
768 5010 1112 5078 profiteatur.
1150 5011 1422 5067 Neutrum
1471 5028 1652 5068 autem
1692 5016 1807 5069 veri
1843 5015 2009 5071 Chri—

416 5101 585 5153 stiani
619 5109 725 5154 est.
762 5100 1022 5157 Urbicius
1056 5104 1225 5173 igitur
1270 5114 1500 5174 propter
1536 5119 1658 5159 eam
1699 5105 2004 5175 professio-

413 5210 541 5248 nem
581 5194 707 5249 duci
743 5194 1102 5250 Ptolemaeum
1145 5197 1330 5268 jussit.
1379 5196 1546 5269 270
1584 5196 1787 5253 Lucius
1818 5209 2002 5255 autent

412 5283 664 5353 quidam,
694 5295 750 5339 ct
772 5284 911 5356 ,ἐνδυ
946 5275 1325 5352 Christianus,
1361 5299 1475 5343 tum
1510 5288 1585 5343 ibi
1618 5291 1833 5345 astabat
1862 5309 1877 5345 :
1907 5291 2001 5362 qui

412 5376 728 5445 improbato
776 5388 940 5448 atque
994 5373 1255 5433 daumato
1295 5381 1488 5449 iniquo
1522 5381 1729 5437 Urbicii
1763 5382 1999 5452 judicio,

410 5467 564 5535 ρυω,
592 5470 820 5533 malum,
841 5476 979 5526 ratio
1002 5473 1117 5526 ha:c
1148 5472 1271 5527 est?
1302 5475 1501 5543 inquit.
1532 5473 1672 5528 Num
1703 5476 1833 5544 quid
1862 5476 1995 5529 infa-

408 5563 515 5618 mis
547 5563 803 5618 maleficii
838 5566 920 5618 vir
954 5564 1044 5617 hic
1086 5564 1377 5620 admisisse
1409 5568 1698 5621 convictus
1741 5568 1863 5622 est?
1893 5572 1996 5633 An,

407 5655 554 5723 quod
583 5654 885 5711 Christiani
918 5659 1140 5710 nomine
1169 5665 1380 5710 tantum
1411 5658 1457 5712 is
1483 5659 1687 5728 gaudet
1713 5667 1769 5714 cl
1797 5661 1997 5729 gloria-

411 5754 519 5809 tur,
556 5757 848 5815 propterca
885 5748 949 5802 ad
987 5741 1334 5818 puniendum
1379 5766 1503 5804 eum
1538 5763 1851 5805 commotus
1891 5753 1996 5808 es?

406 5835 527 5891 Non
573 5840 677 5893 hoc
713 5840 872 5895 decet
907 5844 1297 5911 imperatorem
1336 5860 1512 5914 piunt,
1551 5861 1660 5899 non
1696 5847 1995 5916 imperato-

2114 4630 2264 4685 λευε.
2292 4634 2526 4697 Λούκιος
2555 4633 2613 4687 δέ
2647 4652 2753 4703 τις,
2801 4637 3132 4707 Χριστιανὸς
3174 4641 3232 4694 δὲ
3283 4643 3380 4694 καὶ
3404 4641 3563 4703 αὐτὸς
3594 4640 3691 4708 ὢν,

2113 4726 2428 4797 παρεστὼς,
2459 4728 2557 4782 καὶ
2579 4729 2683 4800 τὴν
2713 4727 2910 4797 ἄλογον
2937 4730 3144 4801 ταύτην
3179 4731 3364 4802 κρίσιν
3397 4733 3692 4805 Οὐρϐικίου

2112 4820 2504 4890 κατεγνωκὼς,
2529 4820 2636 4891 ἔφη
2663 4838 2676 4851 ·
2715 4822 2835 4877 Τίνι
2866 4824 3012 4894 λόγῳ
3046 4825 3122 4895 μή
3157 4841 3211 4878 τι
3248 4824 3359 4877 τῶν
3382 4825 3692 4897 ὲπιρῤήτων

2108 4913 2495 4985 διελεγχθέντα
2519 4915 2726 4984 πρᾶξαι
2750 4915 2840 4968 τὸν
2869 4916 3041 4988 ἄνδρα
3064 4958 3078 4982 ,
3107 4918 3191 4971 ὅτι
3219 4917 3275 4971 δὲ
3301 4919 3695 4990 προσωνυμίαν

2110 5005 2344 5076 ἐπαυχεῖ
2370 5006 2469 5077 τὴν
2500 5007 2829 5074 Χριστιανὸς
2858 5009 3111 5074 κολάζειν
3153 5009 3444 5081 ὴρέθισαις
3473 5011 3534 5063 ού
3565 5011 3695 5082 πρέ-

2107 5100 2284 5149 ποντά
2310 5114 2373 5166 γε
2398 5097 2571 5151 ταῦτα
2599 5100 2818 5152 εὐσεϐεῖ
2848 5102 3240 5174 αὐτοκράτορι,
3266 5103 3388 5156 οὐδὲ
3417 5103 3693 5173 φιλοσόφῳ

2110 5189 2397 5260 Καίσαρος
2445 5188 2623 5254 παιδὶ,
2650 5191 2772 5244 οὐδὲ
2804 5192 2927 5263 ίερᾴ
2959 5191 3251 5263 συγκλήτῳ
3287 5193 3513 5263 κρίνεις,
3550 5194 3692 5264 οδρ-

2104 5284 2274 5338 ϐίκιε.
2302 5286 2413 5338 Καὶ
2431 5283 2510 5347 ὃς,
2535 5285 2692 5338 οὐδὲν
2715 5285 2847 5338 ἄλλο
2868 5284 3037 5339 εἰπὼν
3061 5288 3197 5355 πρὸς
3220 5286 3310 5340 τὸν
3334 5286 3565 5340 Λούκιον
3586 5283 3687 5359 [in]

2092 5382 2294 5442 ·Δοκείς
2320 5397 2412 5448 μοι
2447 5378 2557 5449 ἄρα
2593 5381 2689 5431 καὶ
2728 5381 2796 5432 σὺ
2841 5380 3084 5443 τοιοῦτος
3110 5378 3184 5433 ῶν
3218 5383 3275 5443 ἐς
3306 5378 3469 5449 δεῦρο
3497 5380 3691 5435 λανθά-

2105 5490 2241 5539 νειν,
2272 5472 2369 5523 τοῦ
2398 5472 2454 5524 δὲ
2482 5475 2579 5524 καὶ
2618 5473 2855 5541 μάλιστα
2889 5474 3186 5543 φήσαντος,
3229 5476 3323 5526 καὶ
3358 5472 3520 5527 αὐτὸν
3549 5473 3689 5526 ἁπά-

2103 5582 2225 5634 γειν
2259 5564 2507 5616 ἐκέλευε·
2540 5566 2774 5627 Λούκιος
2806 5565 2863 5616 δὲ
2896 5567 2992 5618 καὶ
3041 5564 3207 5637 χάριν
3254 5565 3458 5619 εἰδέναι
3490 5566 3693 5634 διωμο-

2098 5659 2250 5727 λόγει
2281 5674 2295 5690 ο
2336 5659 2592 5728 πονηρῶν
2618 5658 2724 5728 γὰρ
2753 5658 3198 5712 ἀπαλλάττεσθαι
3226 5658 3526 5725 δεσποτῶν,
3554 5659 3690 5726 πρὸς

2099 5753 2141 5806 δ’
2168 5752 2372 5819 ἀγαθὸν
2396 5753 2529 5805 Θεὸν
2564 5752 2786 5824 Πατέρα
2812 5755 2908 5805 καὶ
2939 5751 3164 5822 βασιλέα
3193 5756 3552 5825 μεταχωρεῖν.
3580 5754 3689 5807 Καὶ

2100 5852 2284 5917 τρίτος,
2331 5846 2427 5900 ἐπὶ
2484 5845 2700 5908 τούτοις
2751 5844 2939 5913 ἕτερος
2988 5844 3259 5913 ἐπελθὼν,
3308 5846 3688 5918 προσετιμήθη
