4046 6440
3366 260 3407 301 \

326 380 444 447 965
1263 376 1879 440 ECCLESIASTICIE
1915 375 2306 439 HISTORIA?!
2347 377 2497 440 LIB.
2544 378 2661 443 III.
3485 386 3594 451 966

323 499 424 565 τὴν
448 493 694 549 κόλασιν.
723 495 890 550 Ταῦτ’
913 493 1106 561 εἰπὼν,
1140 494 1337 563 ἐπάγει
1368 493 1548 562 ἇσπερ
1579 492 1788 546 ἄνωθεν
1816 491 1916 544 αὺ-

2027 491 2302 567 risﬁlium
2337 491 2752 564 philosophum.
2798 493 2918 549 Non
2965 494 3059 557 ita.
3099 504 3159 550 ut
3187 508 3345 552 sacro
3376 502 3595 557 senatui

324 588 422 642 τοῦ
453 588 641 657 φωνὰς
660 588 1036 659 κατελέξαμεν
1062 604 1077 619 ο
1111 606 1130 640 ι
1161 585 1335 655 Κάγὼ
1362 586 1456 639 οὖν
1487 584 1770 656 προσδοκῶ
1800 583 1907 637 ὑπό

2027 582 2293 646 :onvenit,
2325 583 2565 653 iudicas,
2601 582 2811 638 Urbici.
2845 584 2915 639 Et
2948 584 3037 640 ille
3066 600 3175 639 non
3213 584 3363 642 aliud
3392 587 3460 642 ad
3487 587 3599 644 Lu-

328 696 475 744 τινος
514 679 624 732 τῶν
668 679 1085 750 ὠνομασμένων
1134 676 1617 746 ἐπιϐουλευθῆναι,
1644 695 1662 729 ι
1702 677 1799 730 καὶ
1839 674 1911 728 τὰ

2027 673 2161 729 :lum
2192 673 2354 736 dixit,
2390 690 2555 745 quam
2584 691 2714 731 eum
2751 693 2972 747 quoque
3001 679 3163 733 talem
3188 678 3316 747 sibi,
3347 680 3440 750 qui
3467 680 3598 736 hac-

328 767 479 836 ἑξῆς.
512 767 691 820 Πολλὰ
727 768 785 822 δὲ
815 769 911 821 καὶ
949 784 1103 831 ουτος
1146 767 1297 830 θείας
1329 767 1426 820 καὶ
1464 765 1910 835 πεπαιδευμένης

2027 776 2180 822 tenus
2225 768 2497 833 latuisset,
2553 769 2754 825 videri.
2815 771 2985 841 quue
3038 771 3133 828 ille
3183 787 3308 828 cum
3357 774 3596 828 maxime

329 858 501 922 ὅντως
528 858 711 930 ψυχῆς
739 859 1133 914 καταλέλοιπεν
1164 860 1558 937 ὑπομνήματα,
1586 857 1768 928 πάσης
1795 858 1913 909 θεο-

2027 872 2411 925 ιεεθνοηιεεθι,
2449 864 2649 919 abduci
2686 880 2812 919 eum
2862 866 3026 921 simul
3072 866 3359 937 praecepit.
3392 867 3493 921 Cui
3534 883 3597 924 se

334 953 528 1020 σοφίας
574 953 670 1006 καὶ
719 953 1032 1023 ὑπερτέρας
1077 951 1333 1018 γνώσεως
1385 951 1632 1021 ἐμπλεωο
1674 950 1807 1020 περὶ
1837 944 1912 1004 ὧν

2027 953 2245 1020 gratiam
2273 968 2495 1024 quoque
2527 956 2618 1009 ille
2659 956 2862 1012 debere
2900 958 3183 1028 professus
3212 970 3296 1015 est
3328 973 3400 1016 :a
3436 961 3597 1016 malis

330 1045 389 1097 ἐν
417 1044 496 1114 τῷ
535 1040 675 1113 μετὰ
706 1041 897 1097 τοῦτον
925 1045 1203 1114 ὲγκαίρως
1234 1043 1389 1114 τόμῳ
1418 1040 1815 1111 διαληψόμεθα.

2027 1040 2224 1111 quippe
2255 1043 2498 1100 dominis
2537 1061 2593 1100 se
2622 1046 2868 1112 liberari,
2901 1058 2955 1104 et
2989 1051 3055 1105 ad
3093 1051 3260 1106 Deum
3289 1052 3507 1108 Patrem
3541 1066 3597 1107 et

332 1149 515 1206 regem
548 1134 820 1204 optimum
853 1135 1113 1191 transire.
1146 1135 1227 1190 Ad
1253 1148 1395 1204 quos
1429 1134 1628 1189 tertius
1662 1133 1802 1186 alius
1831 1131 2022 1186 itidem
2089 1135 2344 1201 accessit,
2411 1137 2466 1189 in
2496 1153 2662 1207 quem
2732 1142 3007 1211 supplicio
3038 1159 3262 1214 quoque
3286 1155 3374 1201 est
3414 1145 3598 1200 anim-

331 1234 651 1288 adversum.
682 1232 778 1288 His
806 1232 885 1287 ita
912 1232 1377 1297 commemoratis,
1414 1228 1666 1284 Justinus
1697 1243 1762 1282 ea
1830 1245 1952 1299 quae
1991 1244 2158 1299 supra
2201 1234 2580 1300 exposuimus,
2616 1237 2841 1307 suhjicit
2883 1239 3049 1293 verba
3082 1256 3095 1293 :
3134 1258 3189 1313 ft
3229 1242 3341 1312 Ego
3373 1243 3595 1313 quidem

334 1326 565 1381 insidias
596 1334 654 1380 et
684 1325 1021 1380 fustuarium
1069 1334 1350 1395 exspecto,
1390 1342 1409 1376 ι
1440 1332 1551 1379 etc.
1593 1322 1759 1377 Multa
1807 1336 1938 1376 vero
1979 1322 2024 1376 is
2063 1338 2307 1393 quoque,
2337 1324 2524 1380 divina
2567 1330 2741 1398 probe
2780 1331 3084 1386 instructus
3119 1336 3392 1402 doctrina,
3424 1335 3599 1392 edidit

335 1421 567 1493 scripta,
602 1421 814 1477 caelesti
849 1421 1120 1492 sapientia
1155 1435 1528 1493 supremaque
1596 1419 1830 1478 scientia
1877 1419 2104 1474 referta.
2174 1420 2252 1477 De
2297 1422 2503 1492 quibus
2543 1423 2598 1477 in
2647 1440 2714 1481 eo
2755 1428 2850 1495 qui
2894 1427 3151 1499 sequitur
3199 1439 3372 1498 torno,
3441 1446 3597 1488 com-

336 1515 500 1573 mode
531 1516 802 1575 dicemus.
1250 1588 1255 1593 ἡ

915 1633 958 1686 Κ
972 1631 1171 1687 ΕΦΑΛ.
1213 1632 1335 1686 AA'.

532 1745 676 1816 Περὶ
699 1739 820 1798 τῶν
848 1744 918 1798 ἐν
967 1743 1141 1810 Ἀσίᾳ
1165 1739 1707 1812 μαρτυρησάντων.

2552 1625 2779 1683 CAPUT
2819 1627 3062 1686 XXXIV.

2122 1732 2200 1787 De
2229 1731 2373 1798 aliis,
2403 1735 2494 1804 qui
2525 1733 2580 1787 in
2610 1735 2735 1788 Λεία
2766 1738 3025 1808 martyrio
3048 1747 3175 1792 sun!
3205 1742 3487 1812 perfuncti.

405 1858 645 1922 Πολλοὺς
676 1857 735 1911 δὲ
769 1856 867 1910 καὶ
898 1856 1096 1918 ἄλλους
1130 1855 1413 1927 μάρτυρας
1441 1855 1598 1923 λόγος
1627 1855 1740 1925 ἔχει
1771 1851 1911 1907 κατὰ

2084 1846 2284 1902 Multos
2314 1862 2444 1902 vero
2466 1857 2519 1903 et
2553 1848 2690 1904 alios
2719 1860 2987 1923 martyres
3021 1855 3076 1908 in
3103 1854 3225 1909 Asia
3258 1854 3429 1912 fuisse
3463 1872 3598 1912 con-

333 1948 434 2020 τὴν
469 1948 658 2002 Ἀσίαν
706 1946 1090 2016 δνδιαπρέψαι,
1122 1948 1216 1998 καὶ
1250 1946 1418 2016 πρινὴ
1453 1947 1680 2016 Μάρκον
1728 1945 1910 2016 Αὐρή-

335 2042 452 2096 λιον
496 2041 837 2103 ’Δντωνίνον,
896 2039 1002 2091 ὑπὸ
1042 2037 1331 2092 Ἰουστίνου
1379 2039 1475 2093 καί
1527 2056 1689 2093 τινων
1735 2038 1914 2093 ἄλλων

334 2129 786 2203 παρακληθέντα,
821 2128 899 2199 τῷ
927 2128 1093 2198 κοινῷ
1125 2127 1225 2196 τῆς
1265 2128 1451 2191 Ἀσίας
1487 2128 1814 2195 ἐπιστεῖλαι,
1848 2131 1916 2198 ἢν

222 2261 242 2279 ς
341 2222 447 2294 πρὸ
501 2222 735 2293 βραχέος
795 2220 964 2274 αὐτοῦ
1021 2220 1313 2291 ἐπιστολὴν
1376 2222 1757 2292 παρεθέμεθα,
1819 2223 1915 2276 καὶ

337 2314 547 2368 παῦσαι
574 2313 671 2366 τὸν
705 2312 965 2382 διωγμόνο
996 2313 1085 2365 ὅτε
1136 2314 1414 2381 μεγίστων
1453 2314 1725 2383 κινήσεως
1772 2311 1917 2365 κατὰ

336 2405 437 2475 τὴν
470 2403 658 2458 Ἀσίαν
680 2404 1091 2472 γεγενημένων,
1122 2404 1220 2456 σὺν
1251 2401 1432 2471 πολλῷ
1463 2400 1679 2473 θορύϐῳ
1702 2404 1796 2455 καὶ
1822 2401 1916 2454 τὸν

334 2496 604 2567 ὁμιλητὴν
629 2495 1086 2557 «summam
1107 2494 1491 2564 Πολύκαρπον,
1518 2494 1593 2565 τῷ
1627 2496 1916 2565 μαρτυρίῳ

337 2586 699 2657 τελειωθῆναί
732 2603 919 2656 φασιν·
944 2586 1003 2649 ὃς
1038 2587 1180 2657 μετὰ
1207 2586 1299 2639 τὸν
1333 2586 1755 2656 θαυματουργὸν
1786 2588 1919 2639 Βου-

339 2670 496 2735 κόλον
517 2681 614 2750 τῆς
642 2678 972 2749 Σμυρναίων
999 2677 1301 2747 ἐκκλησίας
1330 2678 1597 2746 ἡγήσατο·
1625 2675 1720 2729 καὶ
1749 2676 1917 2729 εἰσέτι

341 2771 388 2826 δ’
413 2771 710 2841 ἐγγράφως
757 2771 820 2824 τὸ
877 2770 1184 2840 μαρτύριον
1230 2769 1399 2823 αὑτοῦ
1434 2770 1682 2838 φέρεται·
1718 2762 1779 2820 οὗ
1822 2768 1917 2820 καί

341 2880 465 2918 τινα
488 2864 555 2932 τῇ
577 2862 834 2933 ’παρούσῃ
862 2863 1083 2927 ἐντάξαι
1110 2864 1296 2932 γραφῇ
1325 2862 1627 2928 ἀναγκαῖον
1654 2857 1796 2913 εἶναί
1828 2866 1945 2927 μοα

344 2953 615 3024 φαίνεται.
634 2955 702 3007 Ἠ
720 2954 776 3007 δὲ
804 2954 1014 3025 γραφὴ,
1039 2955 1105 3007 ἐκ
1131 2953 1429 3024 προσώπου
1452 2949 1519 3024 ἦς
1545 2953 1708 3015 αὐτὸς
1731 2954 1919 3021 ἡγεῖτο

343 3048 486 3102 κατὰ.
519 3046 618 3117 τὴν
665 3045 850 3100 Ἀσίαν
892 3045 1189 3116 ἐκκλησίας
1221 3045 1360 3109 ἐστὶ,
1393 3047 1513 3107 ταῖς
1547 3046 1687 3098 κατὰ
1719 3046 1920 3097 Πόντον

341 3139 665 3210 παροικίαις
701 3140 772 3193 τά
820 3138 957 3209 πρὸς
992 3137 1067 3207 τῷ
1115 3137 1262 3190 τέλει
1301 3135 1479 3207 τούτῳ
1512 3137 1787 3207 γενόμενα
1816 3136 1919 3205 εμ-

2012 1946 2144 2003 stat,
2169 1940 2488 2011 priusquam
2515 1939 2732 1998 Marcus
2760 1945 3016 1999 Aurelius
3033 1947 3368 2007 Antoninus.
3392 1948 3595 2006 Justini

2014 2034 2364 2102 aliorumque
2408 2035 2853 2090 Christianorum
2895 2038 3102 2093 libellis
3136 2052 3440 2109 permotus,
3475 2044 3596 2115 epi»

2012 2124 2177 2190 stola,
2204 2139 2366 2195 quam
2398 2127 2561 2195 paulo
2587 2137 2714 2181 ante
2748 2129 3061 2194 retulimus,
3091 2131 3158 2184 ad
3194 2132 3337 2185 Asia
3364 2135 3599 2202 populos

2016 2221 2205 2284 missa,
2256 2221 2699 2287 persecutionem
2742 2222 2993 2277 cohibuit
3032 2238 3047 2276 :
3086 2240 3195 2293 quo
3252 2234 3496 2296 tempore
3543 2229 3598 2281 in

2017 2313 2277 2366 maximis
2309 2311 2449 2365 Asia
2477 2313 2718 2367 motibus
2745 2322 2799 2367 et
2829 2312 3037 2383 ingenti
3074 2317 3341 2381 tumultu,
3374 2328 3600 2387 aposto-

2017 2405 2198 2459 lorum
2227 2415 2469 2459 sectator
2495 2404 2835 2476 Polycarpus
2860 2408 3123 2478 martyrio
3151 2418 3234 2463 cst
3262 2409 3556 2466 defunctus
3579 2429 3595 2466 :

2018 2498 2113 2567 qui
2148 2509 2274 2568 post
2304 2498 2569 2553 Bucolum
2604 2500 3060 2557 admirandorum
3105 2516 3336 2572 Operum
3371 2503 3602 2560 eﬂecto—

2017 2602 2170 2653 rem,
2223 2588 2631 2660 Smyrnaorum
2685 2591 2932 2644 ecclesia
2985 2591 3222 2660 praefuit.
3276 2590 3597 2663 Martyrium

2015 2691 2154 2731 vero
2185 2679 2326 2747 ejus,
2373 2679 2427 2732 in
2471 2679 2679 2747 scripto
2725 2679 2891 2734 hodie
2926 2696 3149 2749 quoque
3183 2682 3597 2748 circumfertur,

2016 2770 2163 2839 quod
2198 2770 2254 2823 in
2289 2784 2523 2839 persona
2556 2771 2675 2840 ejus
2705 2787 2869 2840 quam
2913 2772 2968 2825 in
2995 2773 3122 2827 Asia
3156 2774 3298 2827 rexit
3329 2774 3599 2839 coclesia,

2016 2860 2086 2914 ad
2138 2861 2402 2918 ecclesias
2452 2861 2614 2915 Ponti
2667 2863 2901 2926 editum,
2940 2873 3251 2918 extremum
3303 2866 3424 2935 ejus
3476 2867 3602 2921 vita

2021 2960 2206 3005 actum
2253 2951 2401 3005 clare
2450 2950 2697 3018 exponit.
2735 2952 2887 3006 Unde
2920 2953 3107 3021 aliqua
3150 2962 3340 3008 nostro
3381 2969 3604 3025 quoque

2020 3044 2174 3111 operi
2209 3044 2456 3097 inserere
2490 3044 2715 3112 placuit.
2751 3044 2932 3099 Verba
2960 3047 3077 3115 ejus
3126 3046 3243 3100 hac
3284 3056 3452 3102 sunt:
3504 3048 3604 3103 lic-

2022 3135 2190 3189 clesia
2237 3135 2330 3188 Dei
2378 3151 2501 3204 qua
2549 3137 2796 3207 Smyrna
2844 3146 2951 3200 est,
2988 3138 3146 3208 271
3194 3136 3452 3194 Ecclesia
3508 3140 3604 3195 Dei

342 3232 490 3302 φανῆ
520 3230 859 3286 καθιστῶσα’
889 3231 1035 3299 λέγει
1063 3229 1121 3283 δὲ
1147 3229 1341 3293 οὕτως’
1419 3228 1480 3282 'H
1524 3230 1693 3299 ικκλη
1705 3230 1794 3282 σία
1820 3228 1915 3281 τοῦ

2027 3227 2168 3295 apud
2202 3226 2609 3292 Philomelium,
2639 3229 3002 3298 omnibusque
3033 3231 3239 3299 ubique
3273 3241 3480 3286 sancta
3514 3248 3603 3287 ca-

341 3325 483 3380 Θεοῦ
533 3326 568 3392 ἡ
624 3323 967 3394 παροικοῦσα
1018 3323 1299 3389 Σμύρναν,
1361 3324 1427 3393 τῇ
1469 3321 1772 3392 Ἐκκλησία
1827 3319 1922 3373 τοῦ

344 3416 484 3473 Θεοῦ
512 3419 579 3488 τῇ
613 3415 955 3486 παροικούσῃ
984 3416 1042 3467 ὲν
1072 3413 1409 3484 Φιλομηλίῳ,
1445 3414 1541 3466 καὶ
1568 3415 1773 3476 πάσαις
1801 3416 1924 3478 ταῖς

346 3510 492 3563 κατὰ
537 3509 720 3562 πάντα
782 3506 970 3568 τόπον,
1023 3504 1189 3573 ἁγίας
1245 3502 1548 3572 καθολικῆς
1599 3502 1925 3571 Ἐκκλησίας

351 3598 689 3667 παροικίαις,
716 3596 884 3662 ἕλεος,
921 3598 1137 3667 είρήνη,
1166 3597 1261 3649 καὶ
1294 3595 1483 3665 ἀγάπη
1515 3593 1652 3648 Θεοῦ
1687 3594 1922 3664 Πατρὺς,

355 3691 448 3745 καὶ
468 3690 676 3759 Κυρίου
700 3687 857 3760 ήμῶν
888 3687 1065 3758 Ἰησοῦ
1090 3687 1330 3758 Χριστοῦ
1354 3687 1712 3759 πληθυνθείη.
1731 3687 1928 3757 Ἐγρά-

320 3848 321 3851 η
353 3782 535 3853 ψαμεν
566 3782 719 3850 ὑμῖν,
744 3781 989 3850 ἀδελφοὶ,
1023 3782 1090 3834 τὰ
1121 3781 1263 3834 κατὰ
1304 3782 1431 3842 τοὺς
1464 3781 1925 3850 μαρτυρήσαντας

352 3880 445 3931 καὶ
491 3877 583 3930 τὸν
633 3876 904 3946 μακάριον
950 3873 1331 3945 Πολύκαρπον·
1362 3875 1513 3938 ὅστις
1568 3875 1759 3943 ὥσπερ
1808 3874 1929 3925 ὲπι-

352 3967 668 4037 σφραγίσας
719 3967 808 4021 διὰ
855 3964 957 4033 τῆς
1008 3964 1320 4035 μαρτυρίας
1369 3963 1561 4028 αὐτοῦ,
1612 3964 1929 4016 κατέπαυσε

350 4061 442 4114 τὸν
466 4059 727 4128 διωγμόνο
765 4059 860 4112 καὶ
899 4058 1158 4128 ἄρχονταί
1193 4074 1257 4126 γε
1294 4056 1456 4117 εὐθὺς
1492 4055 1598 4125 πρὸ
1630 4056 1722 4109 τοῦ
1754 4056 1929 4109 Πολυ-

352 4152 569 4222 κάρπου
619 4152 732 4204 τῶν
783 4150 959 4206 ἄλλων
1016 4150 1316 4221 μαρτύρων
1373 4148 1752 4219 θαυμάζοντες
1801 4152 1930 4212 τοὺς

354 4245 575 4309 ἄθλους,
608 4245 757 4308 ὅπως
786 4243 1138 4313 κατέπληξαν
1182 4245 1295 4305 τοῖς
1325 4241 1514 4305 ἄθλοις
1543 4241 1671 4304 τοὺς
1718 4240 1929 4311 θεωμέω

353 4355 504 4402 νους.
531 4335 690 4400 Τινὲς
723 4336 823 4408 μὲν
846 4337 956 4407 γὰρ
978 4337 1161 4390 αὐτῶν
1192 4335 1337 4390 οὕτω
1368 4337 1488 4398 ταῖς
1515 4334 1738 4404 μάστιξι
1767 4333 1932 4405 μέχρι

354 4434 463 4487 τῶν
510 4431 810 4501 ὲνδοτάτων
859 4431 1072 4501 φλεϐῶν
1105 4447 1165 4482 τε
1215 4429 1310 4483 καὶ
1361 4430 1642 4501 ἀρτηριῶν
1674 4428 1931 4492 κατεξαί-

354 4542 530 4590 νοντο,
563 4523 639 4588 ὡς
672 4523 766 4577 καὶ
798 4524 868 4578 τὰ
906 4524 966 4575 ὲν
1002 4524 1191 4594 μυχοῖς
1226 4523 1515 4595 ἀπόρρητα
1546 4522 1638 4576 τοῦ
1678 4521 1928 4592 σώματος

356 4619 540 4672 αὐτῶν
592 4616 731 4688 μέλη
792 4616 888 4670 καὶ
940 4614 1228 4686 σπλάγχνα
1273 4614 1732 4669 κατοπτεύεσθαι·
1781 4614 1932 4670 ἄλλοι

359 4707 564 4779 κήρυξι
611 4710 727 4772 τοῖς
772 4706 881 4761 ἀπὸ
929 4706 1207 4777 θαλάσσης
1254 4707 1350 4763 καὶ
1397 4706 1581 4771 ἄλλοις
1629 4706 1934 4770 ὀϐελίσκοις

357 4802 508 4867 ὀξέσι
554 4802 698 4855 κατὰ
729 4800 833 4870 γῆς
866 4800 1320 4872 στρωννυμένοιςο
1354 4802 1449 4852 καὶ
1482 4800 1681 4863 αὐτοὺς
1728 4798 1934 4854 ἄνωθεν

359 4890 743 4962 ἐπισύρεσθαιο
787 4888 906 4945 εἶτα
938 4889 1024 4943 διὰ
1075 4889 1375 4944 κακώσεων
1405 4889 1675 4943 πλείστων
1709 4888 1804 4943 καὶ
1835 4888 1933 4959 βα-

364 4983 545 5036 σάνων
575 4983 847 5035 παντοίων
878 4980 974 5034 καὶ
1004 4976 1394 5051 στρεϐλώσεων
1423 4978 1750 5048 προϊόντων,
1783 4977 1936 5041 τέλος

362 5073 558 5144 θηρσὶν
604 5074 685 5137 είς
730 5072 898 5144 βορὰν
944 5070 1570 5144 ἀπυρῤίπτεσθαι.Φασί
1622 5086 1683 5139 γε
1724 5068 1830 5140 μὴν
1876 5065 1935 5122 εὖ

364 5166 509 5236 μάλα
527 5165 605 5237 τῷ
631 5182 705 5236 μα
716 5164 919 5235 ρτυρίῳ
940 5164 1239 5235 διαπρέψαι
1263 5163 1627 5233 Γερμανικὸν,
1652 5165 1941 5233 ὑπερρων-

361 5262 531 5312 νύντα
573 5262 672 5311 σὺν
706 5257 827 5327 θείᾳ
875 5256 1059 5326 χάριτι
1113 5257 1215 5325 τὴν
1262 5254 1507 5325 ἔμφυτον
1553 5252 1650 5307 τοῦ
1687 5252 1940 5323 σώματος

363 5352 497 5424 περὶ
528 5350 619 5406 τὸν
666 5350 902 5405 θάνατον
940 5348 1164 5403 δειλίαν.
1200 5348 1309 5402 Τοῦ
1355 5349 1401 5400 δ’
1430 5348 1749 5401 ἀνθυπάτου
1799 5347 1941 5401 Onit-

365 5447 562 5516 γεσθαι
594 5445 785 5499 τοῦτον
816 5443 1166 5515 βουλομένου,
1200 5443 1296 5495 καὶ
1316 5442 1376 5495 τὸ
1407 5441 1605 5514 κομιδῇ
1639 5441 1732 5494 τοῦ
1758 5441 1943 5511 σώμα-

365 5556 458 5601 τος
482 5540 719 5609 ἀκμαῖον
757 5541 857 5590 σὺν
888 5535 1007 5607 ὥρᾳ
1042 5536 1210 5604 φειδὼ
1237 5552 1361 5588 τινα
1392 5534 1535 5604 ἔχειν
1562 5534 1941 5603 προϐαλλομέ-

364 5647 483 5697 νου,
519 5631 593 5700 μὴ
624 5627 891 5699 μελλῆσαι
915 5626 1007 5678 τὸν
1040 5628 1186 5696 ἱερὸν
1217 5628 1458 5691 νεανίαν,
1482 5625 1617 5679 ἀλλὰ
1647 5624 1941 5695 προθύμως

363 5724 425 5778 τὸ
459 5723 647 5795 θηρίον
678 5723 757 5785 εἰς
787 5724 980 5776 ἑαυτὸν
1024 5719 1460 5784 ἐπισπάσασθαι,
1496 5717 1779 5787 μονονουχὶ
1822 5719 1945 5787 βίαν

365 5820 646 5886 ἐπάγοντα
697 5819 790 5873 καὶ
825 5818 1224 5888 παροξύνοντα,
1253 5815 1325 5876 ὡς
1382 5815 1448 5869 ἄν
1496 5831 1557 5880 γε
1611 5813 1799 5883 τάχιον
1851 5813 1945 5866 τοῦ

2028 3320 2247 3372 tholica
2285 3319 2541 3372 Ecclesia
2582 3319 2874 3388 paracils,
2911 3321 3326 3385 misericordia,
3375 3338 3508 3392 pax,
3549 3332 3607 3379 et

2027 3411 2270 3465 Charitas
2316 3410 2410 3463 Dei
2448 3409 2649 3475 Patris,
2680 3421 2737 3465 et
2776 3411 2991 3466 Domini
3027 3413 3202 3467 nostri
3233 3413 3363 3468 Jesu
3396 3414 3605 3469 Christi

2026 3502 2448 3571 multiplicetur.
2484 3501 2819 3571 Scripsimus
2869 3503 3053 3570 vobis,
3090 3506 3308 3570 fratres,
3350 3507 3417 3560 de
3462 3520 3608 3559 mar-

2029 3592 2264 3663 tyribus,
2297 3600 2354 3646 et
2393 3592 2552 3646 beato
2597 3594 2900 3663 l’olyCarpo
2935 3613 2947 3648 :
2982 3596 3076 3664 qui
3112 3596 3280 3649 veluti
3322 3597 3608 3666 signaculo

2027 3683 2264 3753 quodam
2298 3683 2593 3752 impresso,
2628 3700 2729 3754 per
2778 3687 3101 3757 martyrium
3151 3702 3310 3741 suum
3352 3704 3611 3758 persecu-

2031 3777 2236 3831 tionem
2274 3777 2550 3831 cobibuit.
2583 3775 2651 3831 Et
2681 3777 2902 3831 initium
2932 3779 3209 3834 scribendi
3244 3781 3454 3835 faciunt
3481 3792 3609 3835 ante

2028 3868 2414 3939 Polycarpum,
2448 3868 2516 3923 de
2547 3869 2884 3940 martyribus
2930 3871 3075 3935 aliis,
3107 3886 3344 3941 quorum
3389 3873 3609 3943 egregia

2029 3960 2377 4014 admirantur
2406 3962 2733 4027 certamina,
2754 3963 2958 4030 quibus
2979 3963 3073 4018 alii
3098 3964 3242 4034 apud
3268 3975 3612 4033 Spectatores

2030 4064 2320 4122 stuporem
2349 4054 2688 4108 excitarunt.
2714 4054 2950 4119 Quidam
2994 4071 3187 4110 eorum
3225 4056 3299 4111 ita
3331 4055 3515 4127 ﬂagris
3543 4056 3610 4109 ad

2032 4145 2329 4201 interiores
2367 4160 2547 4217 usque
2574 4161 2745 4201 venas
2775 4160 2829 4203 et
2864 4149 3095 4202 arterias
3125 4158 3255 4202 sunt
3280 4150 3431 4213 caesi,
3462 4161 3522 4204 ut
3559 4150 3614 4204 in

2030 4240 2233 4294 abditis
2259 4239 2472 4294 sinibus
2500 4249 2709 4295 secreta
2732 4240 2979 4309 corporis
3006 4242 3252 4295 membra
3284 4251 3340 4296 et
3378 4241 3493 4310 ipsa
3533 4242 3617 4296 vi-

2033 4345 2189 4385 scera
2220 4334 2698 4400 conspicerentur.
2731 4331 2962 4397 Quidam
3008 4332 3160 4386 humi
3194 4333 3350 4387 testis
3389 4333 3618 4387 marinis

2033 4423 2269 4494 aliisque
2291 4424 2469 4479 acutis
2495 4424 2726 4488 spiculis
2746 4425 3237 4495 constratis,super
3253 4439 3317 4478 ea
3336 4424 3616 4486 collocati,

1964 4556 2007 4613 υ
2035 4527 2199 4586 atque
2218 4518 2348 4572 hinc
2364 4519 2556 4571 etinde
2575 4518 2773 4587 raptati
2788 4529 2918 4571 sunt
2936 4527 3151 4584 ;etmox
3169 4516 3421 4588 plurimis
3436 4521 3617 4575 omnis

2036 4610 2258 4680 generis
2280 4609 2482 4680 panis,
2509 4610 2798 4664 tormentis
2828 4620 2883 4665 et
2912 4611 3253 4667 cruciatibus
3281 4610 3488 4676 amicti,
3521 4627 3619 4682 po-

2034 4714 2244 4759 Stremo
2274 4701 2471 4758 bestiis
2500 4711 2628 4757 sunt
2652 4703 2873 4774 objecti.
2899 4703 2953 4757 ln
2972 4703 3168 4773 primis
3194 4720 3324 4758 vero
3353 4707 3619 4777 martyrio

2036 4795 2309 4849 enituisse
2361 4794 2554 4849 dicunt
2600 4793 3011 4861 Germanicum,
3049 4795 3144 4867 qui
3178 4796 3364 4852 divina
3398 4799 3621 4868 adjutus

2037 4891 2234 4960 gratia,
2271 4888 2500 4943 insitum
2552 4888 2770 4958 corpori
2819 4891 3012 4945 mortis
3055 4900 3261 4946 metum
3315 4895 3617 4963 superavit.

2039 4981 2176 5037 Cum
2208 4983 2353 5036 enim
2379 4983 2671 5053 proconsul
2696 4981 3004 5039 subducere
3033 4999 3158 5038 eum
3188 5002 3254 5039 ex
3281 4988 3620 5056 reliquorum

2042 5086 2347 5145 martyrum
2394 5089 2630 5128 numero
2670 5075 2870 5139 vellet,
2920 5078 3257 5146 parcendum
3306 5093 3429 5132 esse
3474 5079 3620 5134 artati

2041 5165 2264 5221 ﬂorenti
2294 5174 2349 5221 ct
2380 5165 2569 5222 forma
2594 5169 2885 5224 excellenti
2919 5185 3240 5241 suggerens,
3271 5171 3410 5224 nihil
3442 5185 3625 5223 mora-

2045 5268 2135 5313 tus
2175 5265 2261 5311 est
2297 5257 2659 5322 adolescens,
2710 5260 2808 5315 sed
2860 5275 3056 5329 magna
3105 5262 3273 5314 animi
3318 5261 3624 5330 cupiditate

2043 5347 2278 5403 bestiam
2336 5349 2391 5403 in
2452 5350 2697 5419 seipsum
2745 5351 3034 5420 pertraxit,
3076 5366 3195 5405 eam
3247 5361 3456 5404 tantum
3515 5367 3624 5403 non

2044 5457 2145 5512 per
2171 5442 2279 5494 vim
2313 5442 2539 5496 irritans
2594 5452 2759 5511 atque
2789 5446 3099 5507 concitans,
3129 5452 3188 5497 ut
3218 5444 3431 5498 scilicet
3463 5438 3627 5513 gnam

2047 5536 2339 5590 celerrime
2365 5536 2435 5589 ab
2470 5536 2739 5606 improbis
2770 5536 3063 5606 impiorum
3088 5537 3373 5591 hominum
3411 5539 3585 5592 libera
3606 5568 3626 5575 -

2048 5639 2202 5682 retur
2251 5628 2518 5682 moribus.
2554 5628 2687 5682 Tam
2730 5628 2948 5684 fortiter
2992 5638 3142 5684 certe
3174 5640 3232 5683 et
3269 5631 3498 5698 pulchre
3532 5644 3631 5698 per

2049 5730 2283 5775 nmrtem
2332 5730 2555 5789 prepter
2579 5720 2865 5774 Christum
2902 5723 3225 5791 martyrium
3260 5739 3420 5775 suum
3450 5723 3633 5773 absol-

2050 5813 2153 5880 vit,
2185 5823 2244 5868 ut
2270 5828 2397 5867 eum
2429 5813 2729 5870 multitudo
2757 5813 3152 5881 dcmiraretur,
3181 5825 3233 5869 ct
3267 5814 3333 5869 ad
3369 5817 3629 5867 virtutem

2558 5960 2589 5979 ε.
