4032 6448
431 397 536 458 967
1657 389 2076 452 NICEPHORI
2113 389 2460 450 CALLISTI
3579 374 3686 444 968

423 485 595 540 totius
622 483 1071 540 Christianorum
1107 484 1288 556 gentis
1320 497 1446 538 cum
1479 491 1706 551 stupore
1748 490 2003 536 conster-
2033 521 2043 541 ε

2148 482 2300 534 δίκου
2336 480 2448 533 τῶν
2491 477 2708 533 ἀσεϐῶν
2750 478 3097 547 ἀπαλλαγείη
3136 477 3361 548 τρόπου.
3404 475 3528 527 Ἐπὶ
3566 473 3684 524 διας

422 586 673 631 naretur.
711 577 1120 646 Requirebatur
1149 587 1334 630 autem
1373 575 1728 645 Polycarpus.

2148 575 2317 642 ερεπεῖ
2354 573 2543 628 τοίνυν
2587 573 2665 642 τῷ
2707 571 2923 641 θανάτῳ
2973 571 3112 642 ὑπὲρ
3142 567 3384 640 Χριστοῦ
3415 564 3690 636 ἀνδρικῶς

423 673 807 737 τελειωθέντος
829 673 923 728 τοῦ
953 673 1286 744 μαρτυρίου,
1311 672 1386 735 ὡς
1412 673 1504 724 καὶ
1528 671 1588 722 τδ
1613 669 1819 739 πλῆθος
1879 668 2331 738 ὑπερθαυμάσαι,
2404 669 2501 722 καὶ
2537 668 2636 740 τὴν
2669 667 2906 722 καθόλου
2943 665 3038 721 τοῦ
3068 666 3256 730 ἔθνους
3334 663 3538 735 ἀρετὴν
3577 662 3692 717 τῶν

425 770 771 838 Χριστιανῶν
805 773 864 823 ἐν
897 770 1159 839 ἐκπλήξει
1191 770 1370 842 ἀθρόᾳ⁵
1401 769 1697 833 ποιεῖσθαι,
1734 767 2105 839 ἀνεκζητοῦτο
2141 767 2530 838 Πολύκαρπος.

973 905 1208 962 CAPUT
1246 905 1465 961 XXXV.

587 1017 668 1072 De
699 1016 959 1088 martyrio
988 1016 1268 1088 Polycarpi
1293 1016 1527 1089 episcopi
1555 1013 1850 1086 Smyrnaei.

499 1195 659 1262 Quod
701 1209 826 1249 cum
872 1194 966 1248 ille
1001 1193 1380 1265 cognovisset,
1409 1193 1782 1248 constantiam
1813 1191 2017 1247 robur-

2695 907 2952 960 ΚΕΦΑΛ.
2992 902 3116 957 ΛΕ’.

2125 1013 2223 1080 Ὦς
2250 1013 2634 1084 ἑμάρτυρηονε
2678 1018 3082 1084 Πολύκαρπος
3120 1018 3165 1087 δέ
3201 1012 3309 1087 τῆς
3349 1019 3704 1086 Σμυρναίων

2576 1087 2920 1152 ἐπίσκοπος
2950 1104 3016 1156 γε
3025 1086 3236 1157 γονώς.

2193 1197 2260 1251 ⁸0
2281 1198 2447 1266 γνοὺς
2476 1199 2705 1267 ἐκεῖνος,
2733 1200 2993 1263 εὐσταθὲς
3017 1200 3111 1252 καὶ
3148 1201 3347 1267 πάγιον
3379 1199 3437 1252 τὸ
3463 1200 3563 1268 τῆς
3594 1199 3703 1268 ψυ-

354 1312 355 1315 η
428 1307 538 1362 que
585 1291 756 1346 animi
803 1291 1088 1355 retinens,
1136 1305 1362 1344 manere
1407 1291 1461 1343 in
1505 1289 1729 1343 civitate
1777 1303 1912 1355 sua,
1965 1297 2020 1343 et

2148 1291 2218 1358 ﬁ;
2259 1285 2390 1351 ἦθος
2434 1289 2728 1361 διατηρῶν,
2777 1291 3032 1343 ἐϐούλετο
3072 1293 3172 1358 μὲν
3222 1289 3478 1358 ἀκίνητος
3518 1291 3704 1358 μένειν

429 1394 760 1455 exspectare
800 1398 898 1438 eos
945 1383 1040 1452 qui
1075 1382 1229 1436 illum
1259 1380 1562 1436 “abducturi
1603 1391 1780 1448 erant,
1815 1381 2020 1435 consti-

2148 1381 2261 1433 ,ατά
2292 1382 2392 1452 τὴν
2421 1383 2634 1436 ἐκείνου
2660 1383 2838 1445 πόλιν,
2861 1385 2988 1446 τοὺς
3015 1383 3326 1448 ἀπάξοντας
3358 1381 3522 1435 αὑτὸν
3549 1381 3704 1434 ἐκδε-

433 1476 564 1530 tuit.
599 1475 860 1530 Sedenim
907 1473 1358 1544 presbyterorum
1389 1473 1668 1538 Ecclesiae,
1697 1487 1836 1542 quas
1880 1471 2020 1526 mul-

2148 1471 2374 1541 [άμενος
2398 1472 2504 1526 ύπό
2527 1489 2591 1542 γε
2615 1474 2724 1544 μὴν
2742 1473 2836 1527 τοῦ
2865 1474 3262 1543 πρεσϐυτερίου
3284 1474 3384 1541 τῆς
3407 1472 3705 1541 ἐκκλησίας

433 1578 519 1623 tas
545 1567 990 1639 praetendebant,
1016 1565 1280 1636 precibus
1301 1566 1503 1630 victus,
1528 1564 1583 1618 in
1606 1579 1796 1633 agrum
1826 1579 2024 1634 quem-

2148 1561 2330 1630 πολλὴν
2354 1562 2455 1633 τὴν
2487 1566 2699 1618 ἱκεσίαν
2736 1565 3011 1635 προϐεϐλη
3023 1565 3225 1632 μένων,
3262 1565 3435 1630 εἴξας,
3464 1566 3521 1616 ἐν
3549 1563 3705 1632 ἀγρῴ

433 1661 564 1714 dam
597 1676 708 1714 non
743 1659 906 1729 longe
941 1659 1010 1711 ab
1047 1659 1185 1711 urbe
1218 1656 1386 1710 situm
1422 1656 1700 1710 concessit
1726 1673 1742 1712 :
1767 1663 1933 1725 atque
1965 1657 2022 1710 in

2148 1670 2228 1706 τινι
2259 1655 2320 1707 ού
2356 1656 2504 1708 πάνυ
2539 1655 2731 1727 πόρρω
2765 1657 3077 1725 διεστηκότι
3108 1657 3206 1726 τῆς
3241 1657 3448 1718 πόλεως
3482 1654 3698 1719 ἔξεισιν·

434 1768 502 1806 co
545 1767 671 1807 cum
725 1751 919 1820 paucis
951 1749 1113 1818 272
1151 1747 1443 1812 habitans,
1487 1747 1755 1802 continue
1796 1746 2025 1818 jejuniis

2148 1766 2184 1798 .ν
2211 1739 2256 1815 ᾧ
2298 1747 2399 1802 σὺν
2427 1748 2635 1818 ὀλίγοις
2667 1749 2988 1820 διατρίϐων,
3015 1748 3296 1818 νηστείαις
3326 1749 3421 1801 καὶ
3466 1764 3704 1815 προσευ-

432 1853 492 1897 οι
543 1841 896 1895 orationibus
955 1839 1332 1898 incumbebat.
1373 1852 1566 1908 pacem
1620 1837 1881 1894 omnibus
1922 1853 2020 1908 per

2148 1841 2253 1908 ίαῖς
2296 1839 2675 1911 διακαρτερῶν
2715 1835 2803 1911 ἦν,
2845 1841 3072 1910 εἰρήνην
3104 1843 3221 1902 ταῖς
3257 1839 3362 1893 ἀνὰ
3393 1841 3573 1892 πᾶσαν
3605 1837 3706 1907 τὴν

432 1933 626 1987 orbem
666 1930 922 1986 ecclesiis
958 1931 1246 2000 postulans
1281 1947 1296 1983 :
1328 1930 1378 1985 id
1419 1929 1567 2000 quod
1609 1931 1660 1985 ei
1696 1931 1834 1986 alias
1877 1945 2018 2001 quo-

2148 1933 2275 1984 ιίκου
2284 1933 2455 2002 μένην
2479 1934 2805 2001 ἐκκλησίαις
2835 1934 3184 2004 αἰτούμενος.
3206 1930 3380 1985 Τοῦτο
3401 1929 3445 1984 δ’
3464 1927 3533 2002 ἦν
3557 1929 3706 2000 αὐτῷ

434 2039 544 2094 que
574 2038 794 2093 semper
824 2022 916 2077 diu
952 2030 1229 2090 noctuque
1261 2020 1445 2076 facere
1479 2022 1533 2078 in
1572 2039 1725 2078 more
1755 2033 1899 2080 erat.
1943 2023 2020 2080 lbi

2148 2025 2222 2077 ιαὶ
2257 2025 2494 2078 πάντοτε
2535 2026 2728 2090 εἰωθὸς
2755 2025 2974 2096 νύκτωρ
3006 2027 3100 2079 καὶ
3133 2027 3249 2096 μεθ’
3280 2025 3497 2094 ἡμέραν
3529 2025 3705 2091 πράτ-

435 2117 622 2172 triduo
669 2126 966 2185 antequam
1018 2113 1614 2185 comprehenderetur,
1657 2125 1825 2171 noctu
1875 2131 2023 2172 som-

2148 2135 2263 2170 :sw.
2291 2117 2450 2172 Οὕτω
2477 2117 2522 2170 δ’
2552 2119 2697 2188 ἔχων
2739 2118 2845 2189 πρὸ
2876 2119 3045 2188 τριῶν
3091 2118 3314 2190 ἡμερῶν
3361 2118 3459 2186 τῆς
3510 2116 3706 2186 συλλή-

439 2210 616 2272 nium,
655 2223 752 2262 seu
795 2209 983 2277 potius
1025 2206 1294 2261 visionem
1341 2205 1526 2260 vidit:
1562 2219 1758 2263 orante
1807 2209 2025 2268 scilicet

434 2315 535 2364 eo,
586 2300 914 2365 culcitram,
968 2313 1135 2368 quam
1191 2297 1359 2368 capiti
1410 2312 1727 2368 supponere
1781 2300 2024 2366 solebat,

437 2389 621 2459 ignem
687 2392 992 2460 derepente
1047 2387 1380 2456 concipere,
1439 2403 1773 2460 omnemque
1826 2390 2029 2446 conﬂa-

436 2495 623 2552 grare.
665 2479 785 2546 Quo
830 2480 947 2534 viso
994 2487 1409 2545 consternatus,
1438 2495 1468 2534 e
1501 2480 1644 2536 lecto
1680 2483 1943 2550 surrexit,
1973 2494 2031 2540 et

440 2589 560 2630 rem
590 2574 673 2629 eis
697 2573 791 2638 qui
821 2587 1012 2628 secum
1046 2582 1208 2627 erant
1229 2573 1526 2643 exposuit:
1557 2573 1762 2630 debere
1790 2592 1850 2632 se
1877 2588 2031 2635 certo

441 2681 543 2735 per
579 2667 787 2735 ignem,
818 2665 930 2718 vita
980 2665 1182 2734 posita,
1213 2665 1280 2719 ad
1316 2659 1604 2721 Christum
1647 2668 1908 2740 migrare,
1945 2669 2032 2724 di-

439 2774 595 2814 cens.
660 2758 855 2827 Magno
903 2766 1088 2811 autem
1137 2759 1326 2812 studio
1376 2760 1809 2831 inquirebatur:
1849 2773 1905 2817 et
1940 2765 2032 2833 qui

440 2865 571 2905 cum
617 2864 684 2905 eo
716 2855 898 2914 erant,
945 2848 1142 2905 intima
1181 2851 1352 2906 animi
1392 2853 1712 2922 amorisque
1744 2869 1873 2925 erga
1906 2871 2033 2911 eum

444 2941 742 2998 affectione
804 2942 1146 3012 expugnati,
1204 2942 1260 2997 in
1327 2944 1495 2998 alium
1563 2961 1690 3000 eum
1757 2947 2038 3004 abducunt

447 3051 668 3106 agrum.
713 3033 1017 3090 Confestim
1059 3049 1193 3091 vero
1243 3036 1409 3091 etiam
1451 3037 1544 3106 qui
1575 3053 1701 3092 eum
1737 3053 2038 3110 perseque-

2126 2210 2296 2280 ψεως,
2329 2209 2527 2274 νυκτὸς
2559 2209 2693 2281 ὄναρ
2732 2210 2882 2274 ἰδεῖν,
2919 2210 3120 2280 μᾶλλον
3151 2210 3208 2262 δὲ
3231 2210 3520 2274 ὀπτασίαν,
3555 2209 3710 2278 εὐχό-

2133 2316 2319 2369 μενον,
2363 2299 2424 2353 τὸ
2477 2301 2616 2371 πρὸς
2663 2303 2727 2372 τῇ
2780 2301 2993 2372 κεφαλῇ
3040 2299 3206 2353 αὑτοῦ
3243 2300 3473 2369 στρῶμα
3514 2300 3709 2369 ἀθρόον

2129 2392 2457 2462 ἐξαναφθὲν,
2495 2395 2671 2464 πυρὸς
2702 2393 2903 2448 αὐτίκα
2936 2394 3186 2464 δαπάνην
3220 2393 3499 2463 γενέσθαι.
3535 2393 3623 2462 Τῷ
3666 2391 3711 2446 δ’

2133 2485 2316 2556 ἀθρόῳ
2345 2485 2775 2553 καταπλαγέντα
2807 2485 2903 2539 τοῦ
2937 2487 3246 2556 φάσματος,
3276 2486 3376 2557 τῆς
3406 2486 3596 2556 κλίνης
3618 2487 3714 2538 ἐπὶ

2131 2578 2310 2648 τούτῳ
2351 2577 2732 2648 ἐξεγερθῆναι,
2768 2583 2862 2631 καὶ
2900 2582 3016 2642 τοῖς
3053 2577 3274 2632 συνοῦσι
3314 2578 3416 2648 τὴν
3447 2578 3714 2631 ὀπτασίαν

2135 2667 2446 2736 διασαφεῖν·
2477 2668 2553 2732 ὡς
2582 2668 2693 2722 δέοι
2724 2668 2875 2738 αύτῷ
2907 2668 2995 2720 διά
3021 2671 3193 2739 πυρὸς
3215 2668 3313 2739 τὴν
3344 2668 3493 2738 ζωὴν
3520 2668 3716 2738 μεταλ.-

2136 2757 2299 2822 λάξαι
2357 2760 2496 2827 πρὸς
2549 2759 2791 2830 Χριστὸν
2844 2759 3116 2816 διαϐάντι.
3165 2761 3377 2832 Σπουδῇ
3424 2762 3481 2815 δὲ
3527 2752 3719 2815 τοῦτον

2135 2849 2582 2920 ἀναζητούντων,
2615 2853 2663 2905 oi
2697 2851 2837 2923 ἀμφ’
2865 2853 3030 2906 αὑτὸν
3082 2857 3284 2926 στοργῇ
3338 2856 3434 2909 καὶ
3483 2854 3720 2908 διαθέσει

2138 2941 2562 3011 ἐκϐιασάμενοι,
2597 2945 2683 3012 ἐφ’
2710 2944 2899 3014 ἕτερον
2941 2945 3114 3016 ἀγρὸν
3161 2945 3406 3014 ἄγουσιν.
3453 2947 3630 3010 Εὐθὺς
3663 2947 3720 3001 δὲ

2141 3033 2238 3088 καὶ
2264 3036 2312 3088 οῖ
2343 3034 2732 3102 ἐξελαύνοντες
2763 3038 3054 3104 ἐφίσταντο
3083 3039 3148 3108 τῇ
3183 3041 3512 3110 καταγωγῇ·
3543 3039 3638 3099 ὀψὲ
3662 3039 3721 3092 δὲ

446 3127 677 3190 bantur,
711 3127 780 3180 ad
832 3129 1135 3183 mansionis
1175 3128 1295 3199 ejus
1325 3129 1506 3184 locum
1546 3130 1768 3184 adsunt.
1814 3131 1884 3186 Et
1919 3132 2030 3198 jam

2148 3131 2241 3198 τῆς
2269 3127 2420 3198 ὥρας
2446 3123 2536 3200 ἦν·
2567 3130 2820 3193 κάκεῖνος
2855 3131 2954 3201 μὲν
2987 3133 3046 3183 ἐν
3075 3131 3153 3202 τῷ
3183 3133 3446 3202 μετεώρῳ
3472 3131 3569 3196 ὣν,
3593 3131 3724 3186 ἔνθα

446 3234 681 3289 vespera
711 3229 854 3285 erat,
881 3231 939 3274 et
966 3221 1144 3291 ipsum
1172 3223 1430 3291 superior
1451 3223 1650 3277 aedium
1683 3224 1835 3278 locus
1862 3225 2032 3281 habe-

449 3313 546 3368 bat
575 3331 588 3366 :
625 3313 772 3367 unde
804 3311 965 3368 facile
999 3315 1054 3367 in
1088 3313 1312 3369 domum
1353 3315 1518 3370 aliam
1553 3318 1816 3383 transire,
1848 3329 1904 3372 et
1944 3320 2030 3374 in-

448 3406 622 3459 sidias
665 3415 1085 3476 persecutorum
1133 3406 1381 3476 effugere
1429 3417 1666 3478 poterat.
1701 3409 1809 3464 Sed
1855 3410 1909 3465 id
1956 3410 2034 3465 fa-

448 3511 578 3552 cere
607 3497 808 3564 noluit,
837 3498 1065 3553 verbum
1100 3498 1236 3554 illud
1275 3514 1548 3570 usurpans
1577 3520 1589 3555 :
1627 3499 1754 3556 Fiat
1792 3504 2036 3559 voluntas

449 3590 688 3646 Domini.
742 3591 932 3662 Itaque
985 3591 1112 3647 laeto
1164 3591 1444 3662 hilarique
1489 3608 1717 3662 prorsus
1751 3599 1907 3652 vultu
1944 3596 2040 3652 de-

453 3683 694 3746 scendit,
731 3683 1002 3753 suavique
1046 3697 1326 3748 sermone,
1360 3699 1424 3738 ac
1463 3688 1773 3756 Composito
1810 3687 2042 3744 blando-

453 3791 563 3846 que
616 3789 771 3828 more
819 3783 876 3829 et
928 3787 1122 3844 gesm,
1178 3776 1486 3830 liberaliter
1532 3778 1656 3834 illos
1702 3777 1771 3832 ad
1824 3794 2039 3835 coenam

454 3867 675 3922 invitat.
706 3866 784 3920 llli
816 3880 984 3936 porro
1012 3866 1156 3920 haud
1185 3867 1347 3923 aliter
1369 3883 1533 3938 quam
1561 3871 1609 3925 si
1636 3870 1800 3925 amici
1830 3881 2039 3939 essent,

2137 3218 2324 3288 ῥᾴδιον
2372 3214 2442 3289 ἦν
2477 3219 2562 3288 ἐφ’
2593 3219 2792 3288 ἑτέραν
2835 3219 3017 3273 οἰκίαν
3066 3222 3433 3290 μεταχωρεῖν,
3479 3221 3573 3274 καὶ
3621 3221 3721 3287 τῆς

2141 3309 2368 3378 ἐνέδρας
2417 3309 2570 3378 σφῶν
2613 3308 3083 3375 ἀπαλλάττεσθαι,
3119 3311 3222 3363 οὐκ
3271 3309 3536 3379 ἠϐούλετο
3565 3310 3724 3364 τοῦτο

2136 3401 2269 3472 δρᾷν
2301 3401 2568 3466 ἐπειπὼν,
2596 3400 2673 3456 Τό
2715 3402 2948 3472 θέλημα
3001 3402 3111 3456 τοῦ
3158 3402 3384 3470 Κυρίου
3440 3403 3724 3469 γενέσθω.

2139 3491 2251 3545 Καὶ
2279 3490 2396 3560 δῆθ’
2419 3491 2778 3555 ὑποκαταϐὰς
2809 3490 3021 3561 φαιδρῷ
3047 3492 3145 3545 καὶ
3173 3493 3548 3562 γεγανωμένῳ
3579 3492 3724 3562 μάλα

2140 3582 2446 3652 προσώπῳ,
2493 3583 2612 3653 ἡδεῖ
2652 3599 2710 3635 τε
2757 3581 3129 3651 διαλεχθῆναι,
3167 3583 3260 3635 καὶ
3294 3583 3544 3652 μειλιχίῳ
3577 3583 3723 3653 πάμ-

2144 3691 2254 3726 παν
2285 3673 2366 3744 τῷ
2397 3674 2520 3744 ἧθει
2555 3674 2652 3726 καὶ
2706 3673 2984 3738 εὐσταθεῖ,
3017 3675 3111 3727 ἐπὶ
3161 3673 3358 3745 δαψιλῆ
3395 3675 3727 3743 ἐξεναγώγει

2141 3765 2244 3834 τὴν
2274 3765 2584 3834 τράπεζαν.
2619 3766 2852 3820 Ἐκεῖνοι
2884 3767 2984 3833 μὲν
3031 3765 3124 3820 οὖν
3158 3761 3247 3819 οἶα
3277 3768 3446 3834 φίλοι,
3476 3767 3731 3834 ἀφθόνοις

2143 3860 2399 3928 τροφαῖς,
2427 3857 2577 3926 ὕπνῳ
2608 3875 2668 3910 τε
2708 3860 2804 3913 καὶ
2837 3860 3022 3913 ἀνέσει
3053 3859 3148 3912 τὸν
3178 3860 3243 3912 ἐκ
3272 3859 3370 3924 τῆς
3411 3858 3530 3911 ὄδοῦ
3565 3859 3731 3911 κόπον

453 3961 581 4016 cibo
616 3962 866 4031 copioso,
905 3974 1102 4015 somno
1152 3959 1354 4015 deinde
1394 3971 1451 4016 et
1495 3962 1684 4031 quiete
1716 3963 1950 4028 laxiore,
1977 3978 2042 4017 ex

2148 3940 2286 4017 ἦσαν
2318 3946 2694 4015 κουφίζοντες.
2729 3948 2967 4009 Ἐκεῖνος
2999 3948 3054 4000 δὲ
3086 3947 3260 4007 ἀδεῶς
3291 3947 3544 4011 σύντονος
3569 3943 3637 4018 ἦν
3664 3950 3729 4017 τῇ

457 4051 678 4107 itineris
707 4051 899 4105 labore
939 4049 1093 4116 fessi,
1129 4066 1189 4105 se
1231 4062 1505 4105 recreant.
1537 4051 1660 4120 ipse
1702 4058 1888 4105 autem
1925 4052 2043 4106 sine

2148 4037 2304 4106 εὐχῇ,
2338 4037 2592 4107 ἔμπλεως
2624 4036 2700 4090 ὢν
2727 4039 2826 4109 τῆς
2858 4039 3081 4110 χάριτος
3108 4037 3204 4091 τοῦ
3239 4038 3504 4109 Χριστοῦ,
3534 4040 3605 4100 ὡς
3639 4043 3732 4092 καὶ

457 4145 657 4200 timore
690 4143 864 4209 omni,
893 4143 1099 4199 Christi
1137 4143 1308 4214 gratia
1344 4137 1563 4214 plenus,
1593 4142 1831 4197 orationi
1869 4143 2043 4199 inten-

2148 4130 2380 4194 πολλοὺς
2401 4132 2458 4184 ἐν
2480 4131 2748 4202 ἐκπλήξει
2772 4131 3046 4185 ποιεῖσθαι
3071 4131 3301 4186 ἐκείνων
3323 4131 3728 4202 ἀκροωμένους,

458 4243 546 4290 tus
573 4243 693 4289 erat
725 4251 740 4287 :
785 4235 858 4288 ita
909 4241 971 4288 ut
1003 4233 1163 4288 multi
1195 4248 1263 4287 ex
1296 4233 1404 4288 illis
1435 4233 1529 4302 qui
1567 4247 1694 4287 eum
1728 4231 2043 4302 audiebant,

2152 4219 2450 4291 μεταμέλῳ
2499 4237 2558 4272 τε
2609 4220 2969 4290 πλήττεσθαι,
3017 4221 3066 4274 εί
3115 4221 3362 4274 τοιοῦτον
3401 4222 3602 4292 σεμνὸν
3640 4223 3734 4275 καὶ⁵

457 4334 754 4396 stupentes
799 4325 1161 4390 mirarentur,
1191 4324 1634 4395 pceniteutiaque
1672 4323 2043 4392 adicerentur,

2152 4313 2436 4384 θεοπρεπῆ
2467 4313 2783 4383 πρεσϐύτην
2816 4314 2984 4367 αττιοι
3013 4313 3283 4382 γένωνται
3311 4316 3574 4385 ἀναιρεῖν.
3605 4315 3734 4368 Τού-

459 4422 506 4476 si
541 4431 801 4475 auctores
833 4420 938 4490 ipsi
971 4418 1192 4483 ﬂerent,
1225 4426 1284 4470 ut
1318 4427 1426 4471 tam
1459 4417 1810 4473 venerandus
1840 4427 1896 4473 et
1927 4419 2043 4488 pius

2154 4422 2268 4467 τοις
2313 4404 2369 4458 δὲ
2413 4405 2556 4498 κατά
2588 4404 2732 4468 λέξιν
2773 4407 2807 4475 ἡ
2857 4405 2988 4475 περὶ
3025 4404 3190 4466 αὐτοῦ
3228 4405 3416 4477 γραφὴ
3465 4405 3732 4474 ἐπιφέρει·

460 4529 629 4568 senex
667 4512 1038 4566 occideretur.
1075 4509 1153 4564 De
1183 4523 1295 4579 quo
1346 4508 1399 4563 id
1435 4508 1583 4578 quod
1618 4509 1860 4565 diximus
1913 4511 2043 4565 scri-

2162 4516 2180 4550 ι
2225 4497 2448 4568 Ἐπειδή
2482 4515 2615 4552 ποτε
2651 4497 2970 4551 κατέπαυσε
3017 4499 3118 4568 τὴν
3167 4499 3505 4569 προσευχὴν,
3538 4515 3740 4569 μνημο-

462 4617 616 4677 ptum
646 4606 764 4659 haec
791 4607 870 4658 sic
896 4603 1065 4656 infert
1094 4617 1108 4654 :
1145 4619 1162 4653 ι
1197 4601 1492 4670 Postquam
1527 4600 1747 4655 tandem
1781 4603 2052 4672 precatio-

461 4713 590 4753 nem
638 4696 803 4761 liniit,
839 4697 893 4748 in
944 4708 1054 4764 qua
1105 4685 1352 4748 omnium
1394 4693 1487 4764 qui
1519 4693 1821 4764 aliquando
1859 4709 2048 4748 secum

462 4790 756 4850 vixissent,
809 4785 1106 4842 humilium
1160 4793 1217 4839 et
1266 4800 1618 4856 magnorum,
1667 4785 1946 4840 clarorum
1999 4794 2055 4839 et

462 4884 834 4935 obscurorum
870 4877 1180 4943 hominum,
1212 4885 1380 4948 atque
1415 4877 1553 4933 adeo
1593 4877 1763 4931 totius
1792 4876 2055 4931 Ecclesia:

465 4971 756 5026 catholicae
785 4985 882 5040 per
909 4970 1230 5025 universum
1261 4971 1452 5024 orbem
1485 4977 1757 5023 terrarum
1790 4968 2054 5038 dispersa:

466 5065 600 5120 fecit
640 5065 979 5118 mentionem
1023 5080 1036 5116 :
1075 5079 1198 5118 cum
1246 5065 1356 5133 jam
1405 5061 1793 5132 proﬁciscendi
1837 5061 2057 5116 adesset

467 5155 627 5220 hora,
654 5155 814 5208 asino
839 5169 966 5208 eum
997 5154 1341 5225 impositum,
1364 5153 1418 5206 in
1443 5153 1727 5206 civitatem
1753 5152 2056 5215 duxerunt,

470 5263 597 5303 cum
646 5248 871 5319 quidem
923 5263 1185 5322 magnum
1220 5257 1368 5302 esset
1410 5245 1735 5299 Sabbatum.
1769 5244 2059 5300 Processe-

473 5353 605 5399 runt
633 5352 817 5398 autem
863 5345 914 5399 ei
948 5343 1134 5398 Statim
1170 5340 1416 5406 obviam,
1449 5339 1744 5392 irenarcha
1774 5336 1850 5407 (1)
1886 5336 2058 5391 Hero-

473 5437 614 5502 des,
663 5445 720 5491 et
773 5446 930 5505 pater
985 5436 1149 5506 hujus
1199 5433 1455 5497 Nicetes,
1502 5421 1596 5499 qui
1646 5430 1701 5485 in
1745 5429 2058 5484 vehiculum

473 5544 635 5584 suum
697 5529 747 5582 ei
817 5529 1086 5583 translato
1149 5523 1492 5588 assidentes,
1555 5525 1632 5577 ita
1691 5521 2058 5577 suadebant:

546 5690 624 5759 (i)
653 5689 1026 5757 Είρηνὰρχης,
1075 5684 1398 5759 irenarcha.
1449 5680 1626 5750 Huius
1659 5678 1899 5759 oﬂicium
1953 5687 2058 5742 est,

478 5749 935 5828 tranquilla-aleo";
961 5749 1237 5825 publicam
1275 5768 1520 5816 servare,
1544 5749 1610 5828 et
1643 5749 1950 5828 viatoribus
1981 5765 2066 5803 se-

479 5821 767 5884 curitatem
803 5821 1084 5900 νεικείω-ο.
1115 5829 1172 5879 L.
1205 5839 1520 5879 munerum.
1566 5822 1624 5876 li.
1658 5821 1725 5876 de
1753 5835 1970 5874 muner.
2006 5829 2063 5874 et

2159 4592 2357 4654 νεύσας
2389 4591 2649 4646 ἁπάντων
2681 4592 2777 4645 καὶ
2806 4589 2919 4644 τῶν
2939 4589 3162 4644 πώποτε
3188 4591 3620 4662 συμϐεϐηκότων
3643 4591 3738 4644 αὑ-

2158 4684 2238 4755 τῷ
2277 4685 2496 4754 μικρῶν
2519 4702 2576 4738 τε
2602 4684 2700 4739 καὶ
2734 4684 3015 4754 μεγάλων,
3040 4684 3268 4750 ἐνδόξων
3297 4701 3360 4738 τε
3393 4686 3486 4740 καὶ
3517 4684 3737 4750 ἀδόξων,

2160 4779 2258 4832 καὶ
2290 4777 2472 4847 πάσης
2498 4776 2598 4848 τῆς
2626 4776 2770 4830 κατὰ
2797 4776 2896 4846 τὴν
2928 4777 3262 4845 οἰκουμένην
3291 4775 3588 4846 καθολικῆς
3623 4777 3742 4828 Ἐκ-

2162 4874 2416 4944 κλησίας,
2446 4874 2546 4944 τῆς
2575 4873 2726 4945 ὥρας
2749 4873 3012 4944 ἐλθούσης
3045 4871 3141 4926 τοῦ
3185 4872 3408 4938 ἐξεῖναι,
3449 4873 3554 4942 ὄνῳ
3585 4869 3740 4924 καθί-

2163 4983 2358 5029 σαντες
2407 4956 2593 5032 αὐτὸν,
2643 4964 2778 5037 ἦγον
2826 4968 2906 5028 εἰς
2937 4967 3033 5035 τὴν
3069 4965 3248 5032 πόλιν,
3282 4965 3436 5028 ὄντος
3463 4964 3741 5018 Σαϐϐάτου

2166 5057 2433 5128 μεγάλου.
2463 5057 2752 5128 ’Υπήντων
2779 5058 2836 5110 δέ
2867 5075 3016 5120 τινες
3050 5059 3235 5121 εὐθὺς,
3270 5059 3297 5110 ὃ
3333 5075 3390 5109 τε
3419 5057 3744 5128 εἰρήναρχος

2175 5149 2450 5220 Ἡρώδης,
2497 5152 2592 5203 καὶ
2644 5152 2670 5203 ὁ
2705 5151 2813 5220 πρὸ
2859 5149 3023 5202 αὑτοῦ
3073 5150 3347 5218 Νικήτας.
3381 5151 3491 5202 Καὶ
3543 5150 3636 5201 ἐπὶ
3688 5147 3746 5200 τὸ

2165 5240 2350 5312 ὄχημα
2377 5242 2542 5295 αὑτὸν
2570 5241 2922 5310 μεταθέντες,
2949 5240 3171 5295 ἔπειθον
3202 5240 3746 5310 παρακαθεζόμενοι,

2167 5336 2264 5388 καὶ
2300 5334 2571 5404 λέγοντεςο
2602 5334 2668 5387 Τί
2719 5335 2829 5405 γὰρ
2863 5334 3031 5387 κακόν
3061 5335 3234 5398 ἐστιν,
3284 5333 3458 5402 Κύριε
3508 5334 3749 5396 Καῖσαρ,

2169 5429 2266 5481 καὶ
2298 5426 2488 5491 θῦσαι,
2520 5427 2614 5480 καὶ
2658 5426 2963 5494 σώζεσθαις
2999 5426 3058 5481 'O
3083 5426 3139 5479 δὲ
3170 5428 3239 5479 τὰ
3283 5425 3383 5495 μὲν
3416 5425 3613 5495 πρῶτα
3649 5425 3751 5475 οὐκ

2169 5519 2527 5590 ἀπεκρίνατο·
2568 5519 2944 5591 ἐπιμενόντων
2979 5518 3037 5572 δὲ
3081 5517 3188 5589 ἔφη
3213 5533 3227 5548 ·
3260 5517 3338 5572 Ού
3371 5516 3549 5587 μέλλω
3582 5516 3753 5585 πράτ-

2171 5679 2370 5732 honor.
2396 5676 2461 5732 lii
2485 5677 2653 5732 etiam
2677 5676 2874 5733 delicta
2901 5675 3140 5740 notoria,
3163 5690 3284 5745 qua:
3308 5675 3510 5744 ubique
3537 5672 3752 5732 tierent,

2171 5749 2505 5819 praesidibus
2574 5749 3001 5819 denuntiabant.
3060 5747 3240 5819 [Γαίος
3311 5746 3364 5798 in
3446 5745 3753 5819 principum

2175 5815 2348 5874 curiis
2373 5820 2578 5875 curiosi
2611 5821 2894 5875 dicuntur.
2928 5817 3012 5888 (Ο.
3050 5816 3124 5872 De
3155 5821 3352 5872 curias.
3377 5826 3425 5870 et
3446 5815 3755 5880 stationur.)
