4032 6424
376 353 482 417 987

1600 352 2020 414 NItZEl’llOlll
2061 351 2409 412 CALL'STI

3507 351 3638 413 ’9‘\‘8

375 466 833 533 aiucerorumque
891 465 1204 536 dogmatum
1274 462 1648 534 philosophia,
1699 463 1752 515 in
1807 469 1960 516 casto

2076 461 2266 524 ἐξεῖναι
2304 460 2591 529 δύσφημόν
2624 478 2674 512 τι
2698 459 2792 512 καὶ
2819 461 3058 529 ἄσεμνον
3084 458 3287 531 τολμᾷν
3318 459 3440 512 κατ’
3469 463 3640 530 αὐτῆς

377 557 545 611 simul
575 568 630 610 et
670 572 812 622 puro
861 566 1004 612 statu
1064 573 1164 612 suo
1208 557 1436 626 pulchre
1493 567 1657 626 atque
1700 555 1958 611 decenter

379 649 647 716 perstitit,
683 660 741 702 ut
773 650 1036 719 deinceps
1089 665 1249 703 nemo
1282 649 1440 704 facile
1473 665 1572 717 per
1624 649 1956 703 ralumniam

290 795 298 802 ,
376 752 568 794 contra
598 755 716 795 eam
765 742 968 797 infame
997 742 1296 812 quidquam
1354 753 1408 796 et
1463 743 1784 797 indecorum
1833 759 1960 812 pro-

377 830 522 884 ferre
553 831 797 885 auderet.
841 832 1016 898 Quam
1050 849 1162 887 rem
1189 844 1428 895 veteres.
1463 834 1505 888 si
1538 835 1631 904 qui
1663 834 1961 903 aliquando

379 939 407 975 a
433 925 642 976 lversus
661 925 914 979 Ecclesiae
941 927 1226 981 catholicae
1252 926 1559 980 doctrinam
1584 928 1958 996 insurgerent,

381 1015 435 1066 in
477 1015 668 1083 primis
720 1018 906 1071 studio
937 1018 1274 1085 habuerunt,
1333 1029 1558 1088 propter
1615 1021 1960 1090 impurorum

2061 555 2332 624 χρωμένῳ
2348 553 2570 622 διαϐολῇ
2589 554 2888 623 ἐπιφέρειν*
2909 552 2943 606 ἃ
2963 553 3026 623 δὴ
3045 554 3157 616 τοῖς
3182 553 3347 606 πάλαι
3364 552 3447 606 διὰ
3473 570 3644 606 σπου-

2059 644 2158 711 δῆς
2187 639 2351 714 ἦσαν,
2384 644 2904 712 ἐπισυνισταμένας
2948 643 3088 696 κατὰ
3140 643 3234 695 τοῦ
3280 643 3505 697 καθόλου
3537 645 3640 713 τῆς

2075 736 2409 806 Ἐκκλησιας
2439 737 2711 804 δόγματος
2740 736 2839 804 τῆς
2876 737 2987 789 τῶν
3025 735 3270 806 βεϐήλων
3297 737 3455 806 χάριν
3486 753 3640 789 κενε-

2066 830 2296 899 φωνίας.
2339 830 2451 883 Καὶ
2486 831 2646 882 τοῦτο
2691 829 2792 899 μὲν
2829 831 2863 898 ἡ
2904 828 2997 880 τοῦ
3027 827 3164 881 Θεοῦ
3201 829 3428 898 πρόνοιά
3459 845 3517 880 τε
3543 830 3641 881 καὶ

2063 922 2224 991 χάρις
2263 921 2480 981 πολλοῖς
2506 922 2732 992 τρόποις
2757 919 2830 983 ὡς
2858 921 3036 990 χρεὼν
3069 919 3446 990 διεπράττετοο
3489 921 3638 988 ἰμως

2063 1015 2108 1066 δ’
2135 1013 2200 1068 αὖ
2219 1017 2354 1078 ’ταῖς
2388 1017 2670 1077 τοιαύταις
2699 1014 3041 1084 ἐρεσχελίαις
3073 1011 3636 1082 ἁντιστρατηγοῦιιτας

383 1115 439 1160 εἰ
473 1107 830 1174 profanorum
884 1110 1169 1164 hominum
1221 1111 1713 1180 vaniloquentiam.
1758 1111 1820 1164 Et
1860 1112 1963 1167 huc

2076 1107 2158 1158 mi
2197 1123 2353 1170 τινας
2394 1108 2618 1176 ἐτέρους
2653 1108 2902 1179 παρῆγεν
2949 1108 3030 1170 εἰς
3079 1108 3265 1176 μέσον,
3311 1105 3476 1174 ὁμόσε
3523 1106 3636 1164 τοῖς

380 1199 603 1262 quidem
637 1200 715 1253 sic
742 1201 854 1270 ipsa
881 1203 1054 1270 gratia
1084 1209 1139 1254 et
1197 1202 1543 1272 providentia
1603 1202 1695 1256 Dei
1749 1203 1959 1264 multis,

379 1286 454 1337 ita
487 1296 545 1339 ut
574 1287 779 1350 decuit,
809 1291 987 1344 modis
1030 1290 1340 1346 efﬁciebat:
1381 1292 1742 1346 nihilominus
1781 1301 1960 1346 tamen

380 1373 471 1427 illa
499 1376 636 1430 alios
667 1393 916 1447 quoque,
949 1380 1042 1448 qui
1079 1381 1355 1449 ejusmodi
1391 1382 1751 1436 deliramenta
1785 1399 1962 1452 Oppu-

2064 1196 2368 1266 ἀλιτηρίοις
2415 1199 2510 1250 καὶ
2544 1198 2911 1264 παλαμναίοις
2948 1197 3157 1260 τούτοις
3206 1195 3541 1266 χωροῦντας,
3573 1196 3634 1248 οὗ

2063 1288 2131 1342 δι’
2147 1291 2443 1359 ἐγγράφων
2476 1291 2636 1360 μόνον
2661 1292 2803 1345 κατὰ
2833 1291 2941 1344 τῶν
2974 1291 3151 1342 ἀθέων
3173 1288 3268 1342 τοῦ
3289 1289 3518 1358 ψεύδους
3549 1289 3637 1342 αἱ·

2068 1383 2272 1453 ρέσεων
2303 1387 2782 1454 στρατευομένοις,
2815 1385 2952 1439 ἀλλὰ
2997 1387 3094 1438 καὶ
3136 1384 3204 1438 δι’
3252 1383 3516 1453 ἀγράφων
3544 1381 3638 1433 καὶ

380 1479 633 1530 gnarcnt.
665 1471 716 1522 in
754 1472 994 1525 medium
1029 1474 1309 1541 produxit,
1356 1489 1480 1527 cum
1504 1474 1830 1543 perniciosis
1857 1476 1966 1530 illis

2076 1476 2447 1544 ὶδαμαντίνων
2471 1479 2548 1542 ὡς
2582 1479 2756 1532 εἰπεῖν
2788 1477 3136 1542 ἀποδείξεων.
3180 1477 3270 1530 Ἑν
3312 1472 3391 1539 οἷς
3426 1477 3638 1546 πρῶτος

381 1567 435 1608 ct
472 1561 867 1616 consceleratis
904 1565 1097 1631 pedem
1140 1565 1459 1622 collaturos.
1495 1576 1551 1620 et
1600 1581 1709 1620 non
1749 1575 1963 1621 tantum

381 1651 746 1717 editislibris,
791 1669 980 1708 verum
1013 1656 1178 1710 etiam
1227 1656 1346 1710 sine
1373 1656 1576 1726 scripto
1635 1657 1967 1712 ﬁrmissimis

384 1746 922 1804 dentoustrationum
981 1760 1147 1820 atque
1211 1752 1486 1806 rationum
1522 1751 1960 1821 probationibus.

2069 1567 2209 1638 μετὰ
2267 1570 2564 1640 Κλήμεντα
2618 1572 2714 1624 καὶ
2765 1572 3033 1638 Ἰγνάτιον
3092 1570 3635 1638 καὶ,ῐῐολύκαρπον,

2078 1662 2360 1726 Ἰουστῖνος
2397 1667 2423 1716 ὀ
2458 1666 2514 1716 ὲν
2548 1665 2783 1734 μάρτυσι
2813 1665 3105 1732 φιλόσοφος
3140 1659 3227 1735 ἦν’
3261 1665 3410 1725 ὅστις
3448 1659 3515 1731 ἦν
3545 1662 3639 1714 καὶ

2066 1747 2198 1817 οἷος,
2230 1757 2441 1809 ἐκείνου
2472 1757 2745 1824 λέγοντος,
2779 1758 2837 1809 ὲν
2863 1759 2930 1825 τῇ
2958 1756 3064 1824 πρὸ
3086 1755 3290 1822 ταύτης
3319 1753 3639 1822 διελάῆομεν

383 1837 674 1904 impiarum
747 1842 1040 1897 lueresium
1113 1845 1396 1900 mendacia
1455 1845 1851 1902 dcbellaturos.
1905 1849 1964 1902 lu

2076 1845 2306 1918 ἱστορίᾳ.
2347 1847 2502 1900 Μετὰ
2547 1818 2608 1900 δὲ
2649 1818 2843 1900 τοῦτον
2884 1818 3256 1914 ’ἶιγήσιττπος⁷
3291 1818 3636 1912 ἐγνωρίζετο.

383 1931 588 1994 quibus
615 1941 737 1999 post
763 1933 1129 1995 Clementem.
1164 1936 1436 2005 lgnatium
1472 1945 1530 1991 et
1575 1937 1965 2007 Polycarpnm,

383 2021 596 2089 primus
632 2023 884 2079 Justinus
936 2041 1003 2080 ex
1072 2027 1423 2097 phil030phis
1471 2039 1679 2100 martyr
1719 2030 1862 2084 fuit:
1899 2032 1967 2085 de

382 2131 492 2180 quo
522 2115 575 2168 in
603 2116 873 2185 proximo,
907 2119 998 2186 qui
1033 2119 1181 2173 hunc
1205 2121 1504 2188 prwcessit.
1530 2121 1673 2175 libro
1703 2122 1967 2176 diximus.

382 2204 511 2258 Post
558 2222 684 2260 eum
743 2210 1081 2279 llegesippus
1139 2211 1354 2265 laudem
1425 2214 1650 2266 multam
1707 2214 1966 2268 obtinuit.

382 2297 465 2351 Ab
492 2298 598 2352 hoc
627 2300 825 2356 tertius
859 2303 1176 2372 Dionysius.
1209 2304 1624 2358 Corinthiorum
1654 2306 1968 2374 episcopus.

383 2396 624 2454 Quartus
651 2431 668 2455 ,
702 2393 1083 2450 Antiochenus
1109 2397 1474 2467 Theophilus.
1506 2397 1712 2451 Deinde
1765 2398 1973 2466 Philip-

385 2499 508 2552 pus,
559 2495 614 2540 et
669 2486 974 2552 Modestus,
1021 2488 1222 2552 Melita,
1266 2489 1636 2559 Apollinarius
1679 2497 1734 2542 et
1789 2489 1970 2544 Musa-

386 2591 511 2627 nus.
573 2576 891 2632 Secundum
934 2581 1039 2634 hos
1083 2581 1358 2634 decimum
1420 2582 1601 2636 locum
1638 2594 1972 2636 coasecutns

383 2675 469 2720 est
500 2667 844 2726 Bardesanes
865 2672 1060 2744 Syrus.
1082 2673 1185 2740 Qui
1213 2690 1348 2728 sane
1374 2689 1569 2728 omnes
1600 2675 1834 2744 plurima
1876 2690 1971 2727 ra-

386 2757 578 2824 riaque
632 2760 978 2829 reliquerunt
1031 2764 1365 2831 scriptorum
1431 2775 1834 2819 monumenta:
1904 2767 1972 2819 de

385 2846 613 2913 quibus,
650 2862 918 2917 quantum
962 2857 1286 2920 poterimus.
1325 2855 1379 2908 in
1426 2856 1681 2923 praesenti
1726 2857 1973 2910 dicemus

391 2939 754 3010 tomo.288
777 2941 952 2996 Sicuti
1007 2945 1060 2998 in
1104 2946 1333 3014 reliquis
1385 2961 1605 3014 quoque
1661 2945 1971 3001 faciemus:

387 3043 493 3083 nec
522 3034 843 3087 memoriam
882 3036 1102 3090 illorum
1147 3039 1241 3106 qui
1279 3039 1446 3092 hosce
1499 3047 1630 3092 sunt
1668 3040 1971 3102 subsecuti,

2069 1932 2264 2002 Τρίτος
2291 1934 2386 1987 ἐπὶ
2412 1931 2586 2002 τούτῳ
2611 1932 2889 1994 Διονύσιος
2923 1928 2990 2004 ἦν
3027 1934 3054 1985 ό
3088 1932 3390 2002 Κορινθίων
3419 1931 3642 1983 ὲπίσκο·

2071 2040 2192 2085 πος.
2228 2024 2503 2094 Τέταρτος
2540 2027 2568 2078 ὁ
2597 2025 2696 2092 τῆς
2730 2024 3012 2092 Ἀντιόχου
3046 2024 3329 2090 Θεόφιλος.
3375 2023 3641 2085 Φίλιππος

2069 2116 2162 2167 ἐπὶ
2191 2117 2398 2178 τούτοις
2427 2119 2523 2169 καὶ
2547 2116 2838 2181 Μόδεστος·
2870 2112 2990 2171 εἶτα
3034 2116 3297 2180 Μελίτων,
3329 2115 3645 2169 Ἀπολλινάο

2073 2207 2187 2277 ριὸς
2209 2225 2266 2260 τε
2299 2209 2392 2260 καὶ
2421 2207 2727 2270 Μουσανός·
2771 2208 2864 2260 ἐπὶ
2890 2212 3105 2272 τούτοις
3135 2208 3226 2260 τὸν
3255 2207 3479 2260 δέκατον
3515 2207 3642 2260 έπέ-

2076 2315 2258 2366 ραινεν
2299 2299 2533 2368 ἀριθμὸν
2565 2300 2922 2370 Βαρδησάνης
2953 2304 2980 2353 ό
3013 2301 3207 2370 Σύρος.
3254 2301 3317 2354 Οἳ
3347 2299 3409 2369 δὴ
3445 2301 3645 2362 πάντες

2073 2391 2302 2443 πλεῖστα
2333 2393 2427 2444 καὶ
2451 2391 2687 2461 διάφορα
2722 2395 3143 2463 συγγράμματα
3194 2392 3642 2445 καταλελοίπασι-

2074 2484 2203 2552 ττερὶ
2235 2475 2310 2535 ὧν
2341 2483 2414 2546 ὼς
2443 2484 2560 2536 ἐνόν
2586 2501 2650 2552 γε
2685 2484 2764 2554 τῷ
2797 2486 3026 2554 παρόντι
3059 2485 3208 2554 τόμῳ
3233 2482 3643 2553 διαληψόμεθαο

2071 2576 2144 2638 ὼς
2181 2577 2245 2646 δὴ
2277 2578 2378 2629 κάν
2403 2578 2516 2639 τοῖς
2544 2577 2826 2630 εἰσέπειτα
2855 2578 3154 2648 δράσομεν,
3199 2578 3307 2630 τῶν
3346 2576 3483 2644 μετὰ
3518 2573 3644 2628 τού-

2071 2687 2197 2732 τους
2223 2668 2423 2739 ἑφεξῆς
2450 2669 2549 2739 τὴν
2578 2671 2773 2740 μνείαν
2800 2671 3036 2740 ἄληστον
3074 2669 3482 2740 διατηροῦντες.
3506 2669 3650 2722 Παν-

2072 2761 2257 2814 ταίνου
2313 2761 2422 2830 γὰρ
2475 2761 2536 2814 τὸ
2586 2763 2726 2830 μετὰ
2767 2763 2922 2815 τοῦτο
2983 2763 3362 2832 μεμνήσομαι,
3415 2761 3508 2812 καὶ
3550 2758 3654 2812 τοῦ

2087 2855 2486 2924 Ἀλεξανδρέως
2544 2855 2888 2924 Κλήμεντος,
2939 2855 2995 2918 δς
3050 2855 3112 2924 δὴ
3167 2855 3274 2908 ἀπὸ
3327 2855 3426 2922 τῆς
3462 2853 3644 2924 βίϐλου

2072 2949 2442 3017 Στρωματεὺς
2479 2947 2798 3016 ὠνομάσθη·
2835 2947 2930 3001 τοῦ
2966 2965 3023 3001 τε
3066 2947 3325 3008 Ῥόδωνος
3369 2947 3464 3000 καὶ
3511 2944 3654 3000 Μιλο

2073 3037 2284 3100 τιάδου,
2351 3036 2713 3089 ’Δπολλωνίου
2747 3054 2808 3088 τε
2851 3038 2944 3089 καὶ
2983 3036 3076 3089 τοῦ
3115 3035 3463 3106 Σεραπίωνος
3489 3075 3503 3098 ,
3553 3035 3648 3088 καὶ

389 3121 727 3180 intercidere
793 3129 1087 3197 patiemur.
1150 3130 1440 3185 Faciemus
1495 3131 1662 3184 etiam
1706 3131 1968 3199 deinceps

2076 3128 2168 3182 τοῦ
2202 3129 2532 3198 Εἰρηναίού,
2576 3130 2672 3182 καὶ
2715 3129 3063 3190 Ἱππολύτου.
3117 3130 3213 3182 καὶ
3255 3129 3364 3181 τῶν
3393 3128 3651 3196 καθεξῆς,

389 3216 728 3270 mentientem
757 3219 1020 3284 Pantzcni,
1049 3230 1106 3275 et
1137 3220 1488 3275 Alexandrini
1520 3221 1842 3283 Clementis,
1871 3224 1966 3291 qui

2076 3223 2198 3290 ἄχρι
2239 3220 2303 3291 δὴ
2345 3222 2438 3274 καὶ
2471 3219 2638 3274 αὐτοῦ
2691 3221 2800 3274 τῶν
2839 3221 3187 3290 πολυμαθοῦς
3228 3219 3562 3288 Ὠριγένουςο
3591 3222 3654 3272 ἐν

387 3321 417 3357 a
452 3306 730 3362 volumine
763 3324 865 3363 suo
890 3312 1315 3378 cognmninatus
1342 3322 1428 3367 est
1459 3313 1849 3382 Στρωματεῦςν
1869 3328 1966 3366 seu

385 3395 688 3452 Contextor
717 3417 729 3452 :
761 3410 1024 3468 praeterea
1053 3403 1341 3458 Rhodonis
1363 3412 1420 3457 et
1441 3402 1719 3466 Miltiadze,
1747 3401 1973 3470 Apollo-

389 3493 468 3546 nii
501 3503 555 3546 et
576 3493 915 3563 Serapionis.
952 3495 1142 3550 Ιησοηωί
1162 3506 1216 3551 et
1245 3497 1544 3567 Hippolyti,
1574 3505 1629 3550 et
1647 3505 1970 3550 caeterorum

391 3601 568 3654 usque
621 3587 686 3639 ad
722 3589 900 3656 ipsum
929 3589 1309 3644 doctissimum
1339 3589 1620 3658 Originem
1650 3607 1663 3642 :
1705 3587 1798 3657 qui
1851 3604 1978 3641 ora-

392 3678 558 3730 tionis
589 3679 815 3743 virtute,
852 3680 1124 3740 docu'ina,
1183 3682 1670 3748 monumentisque
1702 3680 1972 3733 librorum

391 3769 693 3837 plurimum
725 3760 1052 3840 professioni
1082 3772 1414 3826 Christianae
1460 3772 1817 3826 contulerunt
1867 3786 1982 3822 uto-

2072 3330 2130 3365 τε
2176 3313 2336 3380 λόγου
2387 3312 2621 3381 δυνάμει
2657 3313 2755 3366 καὶ
2804 3312 3148 3383 διδασκαλίᾳ,
3189 3314 3540 3381 συγγραφαῖς
3592 3328 3651 3364 τε

2082 3403 2299 3474 βίϐλων,
2325 3403 2394 3457 τὰ
2425 3405 2660 3472 μέγιστα
2689 3405 2799 3456 τῶν
2831 3405 2953 3457 καθ’
2984 3405 3132 3472 ἡμᾶς
3159 3403 3304 3473 λόγῳ
3336 3402 3650 3470 συναραμέ-

2083 3513 2208 3550 νων.
2263 3495 2400 3564 Περὶ
2446 3495 2628 3563 μέντοι
2680 3495 2886 3556 Παπὶα,
2947 3494 3250 3565 Κοδράτου,
3313 3493 3654 3562 Ἀριστείδου-

2084 3592 2178 3641 mi
2235 3589 2516 3656 Κάστορος
2607 3587 3046 3657 προειρήκαμεν.
3115 3585 3283 3637 Ἀλλὰ
3338 3585 3469 3652 περὶ
3543 3583 3658 3635 τῶν

2085 3679 2542 3748 συγγραμμάτων
2571 3676 2866 3730 Ἰουστίνου
2929 3677 2988 3729 τό
3018 3693 3081 3743 γε
3119 3675 3216 3729 νῦν
3277 3675 3400 3744 ἔχον
3459 3673 3652 3743 διαλη-

2088 3771 2274 3824 πτέον.

391 3864 586 3918 menti.
659 3866 733 3920 De
787 3866 954 3936 Papia
1007 3868 1248 3938 quidem,
1296 3868 1598 3935 Quadrato,
1659 3867 1899 3921 Aristide
1947 3874 1999 3919 et
2075 3864 2302 3921 CaStore
2355 3877 2515 3921 antea
2577 3865 2834 3920 diximus.
2898 3865 3057 3920 Nunc
3115 3865 3183 3919 de
3240 3863 3439 3920 Justini
3494 3861 3656 3919 libris

391 3980 640 4034 agamus.

1015 4101 1245 4158 CAPUT
1285 4102 1372 4156 Vl.

395 4223 471 4276 De
507 4221 670 4281 libris,
715 4237 840 4290 quos
890 4220 1132 4274 Justinus
1169 4222 1306 4303 inter
1339 4227 1596 4287 martyres
1630 4214 1970 4286 philosophus

1029 4300 1339 4355 composuit.

466 4408 737 4464 Permulta
771 4408 819 4462 is
843 4406 1066 4475 quidem
1109 4405 1284 4458 edidit
1331 4404 1536 4473 scripta
1568 4421 1580 4455 :
1612 4419 1733 4472 quae
1783 4410 1968 4456 autem

2685 4096 2938 4149 ΚΕΦΑΛ.
2974 4097 3065 4162 ς’.

2081 4213 2221 4282 Περὶ
2250 4207 2338 4267 ὧν
2359 4208 2736 4272 συνετάξατο
2758 4209 2956 4282 ,λόγων
2994 4205 3325 4270 Ἰοιιστῐνος
3357 4207 3388 4259 ό
3415 4205 3484 4258 ἐν
3503 4205 3654 4274 μάρ-

2606 4294 2743 4332 τυσι
2776 4277 3142 4346 φιλόσοφος.

2150 4397 2337 4467 Τούτῳ
2372 4393 2545 4448 πολλὰ
2582 4394 2683 4463 μὲν
2712 4392 3031 4461 συνεγράφη
3067 4391 3268 4460 βιϐλία⁸
3305 4391 3347 4446 ἃ.
3379 4392 3425 4446 δ’
3456 4386 3549 4446 οὖν
3579 4391 3658 4455 εἰς

397 4503 464 4554 ad
495 4515 594 4554 nos
624 4474 1014 4569 pervenerunt,
1049 4497 1162 4551 haec
1193 4503 1321 4550 sunt
1353 4511 1366 4547 :
1400 4495 1480 4549 Ad
1512 4495 1850 4549 Antoninum
1873 4494 1966 4564 qui

2076 4493 2224 4561 ἡμᾶς
2262 4486 2461 4560 ἦλθον,
2514 4488 2696 4540 ταῦτά
2741 4486 2902 4539 εἰσιν·
2958 4487 2988 4539 ὁ
3032 4486 3170 4556 πρὸς
3208 4474 3526 4540 ’Δντωνῖνον
3570 4485 3659 4538 τὸν

397 4595 526 4648 Pius
553 4590 973 4662 cognominatus
1003 4599 1104 4652 est,
1138 4599 1194 4642 et
1222 4589 1426 4642 liberos
1464 4589 1605 4658 ejus,
1632 4588 1972 4641 Romanumo

396 4702 506 4757 que
539 4693 813 4746 senatum,
843 4697 940 4750 pro
967 4681 1072 4735 fide
1095 4689 1303 4745 nostra,
1322 4680 1520 4733 oratio.
1551 4679 1734 4734 Altera
1754 4694 1973 4748 quoque

395 4777 642 4847 ejusdem
676 4775 1006 4846 argumenti.
1063 4774 1128 4827 ad
1182 4773 1424 4826 Marcum
1463 4772 1662 4825 Verum
1707 4770 1973 4824 Antonini

398 4884 771 4925 successorem
803 4868 1073 4922 defensio.
1115 4867 1303 4922 Oratio
1345 4867 1475 4921 item
1515 4865 1620 4918 alia
1659 4864 1724 4917 ad
1758 4863 1978 4917 Grmeos

398 4963 626 5032 scripta,
685 4963 738 5015 in
776 4979 879 5030 qua
931 4963 1098 5016 multa
1147 4961 1214 5016 de
1251 4969 1444 5015 natura
1491 4960 1801 5013 daemonum
1849 4957 1978 5011 facit

397 5053 567 5107 \erba
604 5067 767 5122 :qna:
808 5067 938 5107 sane
970 5053 1062 5105 diu
1097 5052 1442 5120 multumque
1477 5058 1532 5105 et
1580 5049 1725 5117 apud
1760 5047 1977 5103 Graecos

398 5146 696 5216 sapientes,
715 5156 770 5200 et
797 5145 940 5214 apud
966 5155 1182 5199 nostros
1209 5143 1410 5212 agitata
1434 5150 1518 5196 est
1541 5141 1795 5212 quaestio.
1818 5139 1980 5193 Li'uer

401 5254 594 5293 rursus
638 5239 780 5292 alius
819 5242 884 5292 ad
927 5237 1149 5292 Graecos
1183 5235 1387 5298 editus,
1448 5235 1607 5303 cujus
1651 5233 1846 5287 titulus
1893 5243 1979 5286 est

401 5329 721 5401 Confutatio.
755 5330 887 5384 Item
915 5330 1058 5383 liber
1089 5328 1163 5381 De
1213 5327 1519 5382 monarchia
1561 5327 1675 5388 Dei,
1702 5325 1859 5394 cujus
1889 5340 1984 5377 ar-

401 5432 657 5492 gumenta
687 5434 741 5477 et
774 5423 925 5476 locos
961 5408 1067 5477 non
1098 5420 1275 5473 solum
1309 5435 1373 5473 ex
1411 5429 1751 5476 nostrorum.
1789 5432 1981 5471 verum

401 5520 565 5568 ctiam
595 5517 954 5582 profanorum
989 5523 1279 5568 auctorum
1312 5511 1473 5566 libris
1500 5511 1799 5580 decerpsit.
1844 5508 1986 5564 Prae-

407 5625 552 5663 terea
601 5611 741 5662 liber
798 5610 891 5678 qui
951 5607 1272 5662 inscribitur
1324 5605 1550 5659 Psaltes.
1604 5603 1884 5658 Scholium
1919 5604 1986 5654 de

405 5703 610 5762 anima.
653 5703 704 5754 in
749 5717 858 5771 quo
886 5699 1288 5770 qurestiouibns
1329 5698 1496 5753 variis
1531 5696 1984 5767 philosophorum

409 5791 721 5846 Gnaeum!"
778 5791 1042 5862 expositis
1090 5790 1380 5860 Opiniones
1420 5787 1690 5858 qmsdam
1737 5785 1984 5856 apponit,

2077 4583 2297 4652 Εὐσεϐῆ
2331 4581 2702 4650 ἐπικληθέντα
2731 4577 2826 4631 καὶ
2852 4579 2979 4641 τοὺς
3007 4577 3173 4630 αὑτοῦ
3204 4578 3426 4642 παῖδας,
3461 4579 3563 4649 τήν
3598 4594 3658 4630 τε

2088 4674 2379 4744 Ῥωμαίων
2405 4671 2714 4740 σύγκλητον
2749 4671 3202 4739 προσφωνητικὸς
3231 4670 3372 4739 ὑπὲρ
3396 4669 3505 4722 τῶν
3539 4669 3658 4744 καθ’

2077 4742 2223 4836 ἡμᾶς
2257 4767 2546 4835 δογμάτων
2587 4765 2844 4834 γραφείς,
2893 4763 3181 4832 Δεύτερος,
3230 4763 3532 4830 ἀπολογίαν
3560 4742 3657 4812 πέ-

2083 4862 2282 4931 ριέχων
2315 4859 2575 4928 δευτέραν
2622 4855 2766 4926 ὑπὲρ
2815 4855 2919 4920 τῆς
2971 4855 3128 4925 ἡμῶν
3165 4853 3424 4922 πίστεωςο
3463 4853 3524 4906 δν
3565 4869 3661 4906 πε·

2080 4952 2305 5023 ποίηται
2337 4950 2474 5020 πρὸς
2505 4949 2734 5019 Μάρκον
2763 4949 2978 5017 Οὑῆρον
3004 4949 3096 5000 τὸν
3137 4946 3458 5000 Ἀντωνίνου
3485 4945 3665 4999 διάδο-

2081 5059 2197 5111 χον.
2230 5041 2336 5093 Καὶ
2359 5039 2518 5100 ἄλλος
2549 5037 2699 5107 αύτῷ
2726 5038 2886 5105 λόγος
2919 5037 3060 5107 πρὸς
3090 5036 3364 5100 Ἕλληνας
3394 5035 3663 5106 ὲπονήθη,

2081 5135 2140 5183 ὲν
2162 5125 2206 5199 ᾧ
2230 5131 2396 5184 πολὺν
2428 5135 2669 5183 ποιεῖται
2701 5129 2832 5199 ϊιεερὶ¹
2865 5130 2963 5198 τῆς
2997 5128 3108 5181 τῶν
3137 5129 3413 5198 δαιμόνων
3443 5127 3662 5196 φύσεως

2084 5226 2268 5292 λόγον,
2299 5224 2529 5276 πλεῖστα
2555 5221 2620 5294 δὴ
2652 5223 2746 5276 καὶ
2774 5219 3033 5283 πολλάκις
3061 5222 3213 5290 παρά
3239 5238 3296 5275 τε
3328 5224 3439 5281 τοῖς
3478 5219 3668 5289 Ἐλλή-

2087 5336 2194 5370 νων
2231 5318 2414 5385 σοφοῖς
2450 5317 2545 5368 καὶ
2581 5315 2713 5385 παρ’
2742 5315 2874 5385 ἡμῖν
2923 5314 3349 5383 ὲπιζητηθεῑσης
3387 5314 3486 5381 τῆς
3535 5313 3665 5364 ὑπο-

2091 5411 2314 5472 θέσεως.
2351 5409 2454 5461 Καὶ
2480 5409 2637 5463 ἄλλον
2669 5408 2724 5460 δὲ
2766 5409 3022 5478 δεύτερον
3055 5410 3189 5476 πρὸς
3221 5408 3490 5473 Ἕλληνας
3528 5405 3664 5474 γρᾶο

2089 5520 2203 5570 φει,
2242 5503 2299 5566 ὃς
2353 5502 2668 5571 ἐπιγραφὴν
2718 5503 3015 5570 Ἔλεγχος
3071 5503 3323 5570 εἴληχεν⁹
3379 5500 3564 5569 ⁸ἐτερος
3609 5499 3666 5552 δὲ

2093 5596 2241 5666 αὑτῷ
2271 5595 2409 5664 Περὶ
2441 5594 2591 5649 Θεοῦ
2625 5596 2961 5663 μοναρχίας
2989 5593 3230 5663 ἐγράφη,
3275 5592 3374 5662 τήν
3408 5593 3668 5643 σύστασιν

2095 5688 2336 5755 εἰληφὼς
2371 5688 2431 5739 ού
2468 5687 2630 5756 μόνον
2659 5687 2719 5737 ἐκ
2751 5687 2859 5739 τῶν
2885 5687 3172 5757 ἡμετέρων
3199 5684 3422 5752 meum,
3448 5683 3580 5735 ἀλλὰ
3605 5699 3667 5747 γε

2090 5783 2156 5855 δὴ
2183 5782 2276 5834 καὶ
2303 5781 2408 5834 τῶν
2445 5779 2700 5851 θύραθεν·
2737 5779 2829 5831 ἐπὶ
2867 5778 3072 5842 τούτοις
3100 5778 3156 5830 ὃν
3185 5776 3460 5848 iniu-paup:
3508 5777 3666 5828 Ψάλ-
