4032 6452
402 422 514 485 989

1334 419 1947 483 ECCLESIASTICIE
1988 419 2384 484 HISTORIA!
2430 422 2574 482 LIB.
2626 421 2722 480 ιν.

3558 417 3671 480 9Ἷο

400 550 530 601 της·
585 530 684 586 καὶ
740 530 955 601 σκόλιον
1002 532 1059 587 δὲ
1094 533 1384 589 συντάττει
1438 538 1568 606 περὶ
1596 535 1813 606 ψυχῆς’
1854 537 1910 588 ὲν
1942 526 1987 601 ᾧ

2099 538 2356 594 adversus
2390 553 2529 608 quas
2583 538 2824 591 rationes
2871 548 2996 588 suas
3028 548 3083 587 se
3120 529 3414 598 aliquando
3460 531 3670 601 prmiu-

403 625 698 694 διαφόρους
736 621 960 687 πεύσεις
997 625 1108 677 τῶν
1138 626 1272 696 παρ’
1300 625 1528 696 Ἕλλησι
1559 626 1867 695 φιλοσόφων
1891 629 1984 678 ὲκ-

407 717 663 787 θὲμενος,
692 715 852 779 δόξας
879 716 1035 780 τινὰς
1083 719 1470 789 παρατίθησιν
1503 715 1594 782 αἷς
1621 721 1685 785 δὴ
1716 718 1809 773 καὶ
1839 718 1985 786 λογι-

408 812 522 865 κῶς
554 810 872 876 ἀπαντῆσαι
919 810 1341 879 ἐπαγγέλλεται,
1399 815 1456 878 ὲς
1504 811 1732 884 ὕστερον
1763 816 1855 866 καὶ
1885 815 1984 880 τὴν

409 902 607 956 ἑαυτοῦ
659 903 820 967 δόξαν
862 904 921 956 ὲν
952 905 1126 975 ἑτέρῳ
1175 907 1508 976 παραθεῖναι
1560 907 1983 977 συγγράμματι.

410 997 639 1064 Ἕτερον
670 995 725 1047 δὲ
756 998 855 1048 καὶ
876 996 1029 1049 κατὰ
1044 1000 1395 1066 Μαρκίωνος
1416 1000 1522 1053 τοῦ
1539 997 1840 1053 Ποντικοῦ
1864 1015 1986 1049 συν-

409 1086 596 1139 τάττει
628 1086 853 1156 βιϐλίον,
891 1089 948 1139 ὲν
973 1081 1017 1155 ᾧ
1039 1091 1135 1141 καὶ
1161 1090 1334 1143 ταῦτα
1362 1092 1611 1156 διέξεισι·
1647 1091 1988 1159 «Μαρκίωνα

410 1180 469 1233 δι
500 1197 623 1233 τινα
683 1180 966 1245 Ποντικὸν,
1020 1179 1080 1243 ὃς
1119 1183 1213 1235 καὶ
1271 1182 1367 1236 νῦν
1417 1183 1498 1235 ἔτι
1540 1183 1810 1236 διδάσκων
1861 1183 1987 1243 τοὺς

410 1273 770 1342 πειθομένους
802 1275 963 1328 ἄλλον
1001 1275 1122 1328 τινὰ
1164 1271 1304 1328 εἶναι
1343 1276 1588 1343 νομίζειν
1635 1274 1858 1343 μείζονα
1891 1275 1987 1327 τοῦ

409 1366 746 1437 δημιουργοῦ
768 1367 927 1421 Θεοῦ·
956 1366 1016 1431 δς
1038 1369 1144 1420 καὶ
1174 1369 1317 1422 κατὰ
1347 1369 1457 1422 πᾶν
1487 1368 1646 1434 γένος
1681 1367 1988 1438 ἀνθρώπιον

411 1457 503 1511 δ.ὰ
534 1457 633 1525 τῆς
681 1457 790 1510 τῶν
831 1456 1108 1527 δαιμόνων
1155 1456 1478 1527 συλλήψεως
1531 1457 1762 1518 πολλοὺς
1804 1457 1990 1510 ἔπεισε

417 1550 717 1620 βλάσφημα
747 1549 953 1616 λέγειν,
987 1551 1083 1602 καὶ
1117 1549 1404 1620 ἀρνεῖσθαι
1436 1548 1529 1602 τὸν
1574 1549 1807 1618 ποιητὴν
1836 1548 1993 1601 τοῦδε

410 1644 507 1691 τοῦ
536 1637 736 1700 παντὸς
767 1637 989 1707 Πατέρα
1015 1632 1157 1690 εἶναι
1188 1637 1285 1691 τοῦ
1314 1636 1576 1707 Χριστοῶ
1609 1636 1768 1690 ἄλλον
1790 1636 1847 1689 δέ
1868 1653 1989 1688 τινα

410 1730 486 1793 ῶς
517 1728 647 1782 ὄντα
690 1728 917 1798 μείζονα
946 1729 1097 1798 παρὰ
1128 1728 1319 1781 τοῦτον
1357 1728 1643 1797 ὁμολογεῖν
1690 1728 1991 1796 πεποιηκέ-

2089 644 2332 694 ctutum,
2388 631 2829 699 sententiam-que
2890 642 3043 682 suam
3101 626 3210 680 alio
3271 625 3670 680 commentario

2086 725 2466 793 expositurum
2522 724 2838 793 pollicetur.
2890 722 3055 778 Liber
3102 721 3302 776 Contra
3348 714 3669 774 Marcianum

2093 819 2368 873 Panticum
2403 816 2766 887 compositus,
2793 817 2848 871 in
2884 831 3015 885 quo,
3051 814 3217 868 sicuti
3249 812 3387 866 etin
3419 810 3671 865 oratione

2088 911 2154 966 ad
2193 909 2535 964 Antoninum
2570 908 2961 979 imperatorem
2989 948 3003 973 ,
3043 907 3158 960 haec
3190 919 3409 974 quoque
3436 901 3668 957 scribit:

2093 1021 2114 1052 ε
2156 1001 2388 1055 Marcion
2420 1000 2681 1056 Ponticus
2733 999 2898 1056 hodie
2928 1014 3151 1069 quoque
3177 1005 3483 1051 sectatores
3537 1008 3670 1046 suos

2091 1095 2284 1159 docet,
2330 1094 2496 1148 alium
2538 1095 2829 1163 quemdam
2879 1093 3143 1161 majorem
3203 1105 3270 1144 eo
3327 1089 3421 1158 qui
3463 1085 3671 1141 creavit

2090 1182 2296 1251 'onmia,
2349 1202 2470 1241 esse
2520 1186 2733 1240 Deum:
2776 1186 2868 1255 qui
2918 1186 3085 1239 etiam
3132 1198 3228 1252 per
3275 1195 3437 1235 omne
3493 1194 3670 1249 genus

2092 1283 2402 1346 hominum,
2464 1280 2777 1334 daamonum
2832 1279 3007 1333 fretus
3076 1275 3308 1339 auxilio,
3372 1272 3669 1344 permultis

2093 1374 2386 1445 persuasit.
2417 1381 2476 1426 ut
2510 1372 2827 1440 blasphema
2858 1371 3110 1424 dicerent
3133 1410 3147 1433 ,
3195 1367 3361 1437 289
3389 1377 3444 1420 et
3470 1379 3672 1433 perne-

2093 1478 2283 1535 garent
2313 1465 2573 1520 factorem
2608 1464 2780 1518 totius
2808 1462 2977 1531 hujus
3016 1460 3262 1514 universi
3306 1468 3517 1527 patrem
3545 1471 3670 1509 esse

2092 1560 2321 1621 Christi.
2367 1559 2461 1613 sed
2510 1557 2679 1611 alium
2735 1553 3030 1624 quemdam
3067 1552 3174 1605 isto
3220 1549 3483 1618 majorem
3525 1547 3675 1599 hunc

2094 1665 2313 1706 creasse
2340 1648 2755 1719 proﬁterentur.
2787 1647 2965 1715 Atque
2995 1659 3189 1699 omnes
3220 1641 3313 1711 qui
3344 1641 3414 1695 ab
3445 1639 3514 1694 iis
3546 1653 3675 1707 pro-

2098 1752 2389 1804 venerunt,
2419 1741 2880 1812 quemadmodum
2923 1736 3190 1801 diximus,
3230 1731 3532 1789 Christiani
3574 1746 3673 1786 vo-

340 1820 347 1823 ’
411 1839 524 1876 ναι.
550 1823 660 1874 Καὶ
692 1822 896 1884 πάντες
931 1823 982 1874 οἱ
1010 1822 1118 1875 ἀπὸ
1150 1821 1358 1874 τούτων
1383 1820 1732 1891 ὡρμημένοι,
1752 1823 1828 1884 ὡς
1854 1821 1992 1890 ἔφαο

2099 1846 2340 1892 cantur:
2387 1833 2530 1888 haud
2567 1832 2729 1887 aliter
2758 1844 2944 1900 quam,
2996 1843 3123 1882 cum
3170 1824 3512 1896 philosophis
3561 1836 3672 1876 non
3746 1856 3753 1863 ι

419 1929 541 1980 μεν,
569 1913 885 1980 Χριστιανοὶ
917 1910 1233 1964 καλοῦνται·
1262 1911 1322 1963 δν
1344 1910 1548 1980 τρόπον
1575 1908 1670 1963 καὶ
1693 1911 1757 1963 οὐ
1793 1910 1992 1962 κοινῶν

414 2003 582 2055 ὕντων
612 2001 902 2069 δογμάτων
930 2002 1042 2063 τοῖς
1076 2000 1415 2069 φιλοσόφοις,
1465 2000 1526 2055 τὸ
1557 2000 1993 2070 ἐπικαλούμενον

415 2095 587 2162 ὄνομα
617 2093 712 2162 τῆς
739 2092 1056 2161 φιλοσοφίας
1083 2094 1262 2146 κοινόν
1285 2095 1486 2148 ἐστιν.»
1519 2088 1609 2156 Οἷς
1635 2094 1763 2165 ἑξῆς
1795 2095 1993 2161 ἐπάγει

416 2187 595 2255 λέγων
615 2205 629 2220 ·
671 2206 692 2240 ι
722 2188 878 2241 Ἔστι
913 2187 972 2240 δὲ
1017 2189 1150 2257 ἡμῖν
1190 2189 1287 2242 καὶ
1312 2187 1601 2257 σύνταγμα
1630 2188 1773 2242 κατὰ
1799 2188 1992 2240 πασῶν

414 2282 523 2333 τῶν
553 2280 941 2349 γεγενημένων
970 2282 1259 2350 αἱρέσεων·
1286 2275 1331 2349 ᾧ
1355 2283 1403 2333 εί
1435 2279 1694 2350 βούλεσθε
1719 2282 1990 2349 ἐντυχεῖν,

412 2370 711 2441 δώσομεν.»
749 2373 857 2426 Καὶ
885 2373 1135 2440 διάλογον
1163 2374 1219 2426 δὲ
1244 2375 1380 2444 πρὸς
1408 2374 1697 2436 Ἰουδαίους
1730 2375 1991 2437 ποιεῖται,

412 2461 471 2515 όν
499 2465 566 2533 τῇ
606 2461 875 2539 Ἐφεσίων
904 2463 1222 2534 διατρίϐων,
1254 2465 1391 2535 πρὸς
1418 2464 1694 2534 Τρύφωνα
1723 2465 1995 2533 ἐπίσημον

415 2557 549 2625 παρ’
597 2555 874 2622 Ἑϐραίοις
917 2557 1085 2626 ἄιδρα
1116 2559 1436 2627 προσφωνεῖ
1457 2574 1473 2590 ο
1508 2560 1567 2610 ὲν
1599 2549 1644 2625 ᾧ
1672 2554 1862 2625 σαφῶς
1894 2573 1996 2609 πα-

417 2649 602 2718 ριστᾷ,
634 2649 781 2711 ὅπως
811 2651 842 2717 ἡ
881 2649 976 2702 τοῦ
1009 2648 1146 2702 Θεοῦ
1192 2650 1352 2720 χάρις
1378 2651 1469 2702 ἐπὶ
1494 2649 1587 2702 τὸν
1628 2649 1727 2717 τῆς
1755 2648 1993 2709 πίστεως

415 2740 606 2792 τοῦτον
635 2738 795 2808 λόγον
819 2739 1100 2793 εἵλκυσενο
1132 2740 1283 2803 ὅπως
1315 2757 1374 2791 τε
1403 2741 1518 2801 τοῖς
1541 2738 1852 2808 φιλοσόφοις
1884 2754 1994 2805 μα-

415 2827 627 2896 θήμασι
653 2827 753 2895 τὴν
795 2827 1035 2898 σπουδὴν
1067 2826 1440 2881 κατανάλωσεο
1487 2827 1583 2880 καὶ
1629 2825 1705 2890 ῶς
1737 2824 1993 2878 ἐντεῦθεν

414 2919 669 2990 ἰκθύμως
714 2921 809 2972 ἐπὶ
859 2920 960 2989 τὴν
1018 2921 1115 2989 τῆς
1162 2919 1426 2990 ἀληθείας
1482 2919 1686 2991 ἔδραμε
1740 2918 1990 2990 ζήτησιν.

414 3013 581 3079 Λέγει
608 3012 686 3076 δὲ,
723 3012 800 3075 ὼς
828 3013 924 3065 καὶ
960 3010 1208 3064 Ἰουδαῖοι
1245 3012 1521 3082 συσκευὴν
1551 3013 1697 3064 κατὰ
1719 3010 1821 3080 τῆς
1850 3010 1990 3080 Χρι-

415 3101 546 3156 στοῦ
583 3101 934 3165 διδασκαλίας
982 3103 1407 3170 συνεστήσαντο,
1453 3102 1686 3157 τοιαῦτα
1732 3102 1990 3169 Τρύφωνι

2097 1929 2208 1983 sint
2251 1925 2563 1982 communia
2622 1922 2914 1991 dogmata,
2958 1917 3105 1989 quod
3165 1925 3349 1972 tamen
3426 1914 3674 1984 ph'loso-

2098 2021 2237 2089 phiae
2274 2017 2513 2079 dicitur,
2572 2028 2864 2069 commune
2919 2011 3181 2065 omnibus
3241 2016 3329 2064 est
3382 2021 3607 2062 nomen.
3645 2021 3667 2058 ε

2094 2108 2306 2176 Quibus
2365 2107 2551 2162 verbis
2607 2117 2795 2176 postea
2853 2104 2987 2158 illud
3055 2101 3212 2157 addit
3268 2117 3284 2159 :
3335 2100 3434 2154 Est
3484 2111 3672 2152 autem

2095 2201 2256 2255 nobis
2314 2206 2502 2254 contra
2556 2211 2748 2250 omnes
2803 2195 3041 2249 haereses
3113 2191 3375 2246 volumen
3449 2201 3677 2258 compo-

2093 2297 2257 2351 situm
2286 2333 2302 2357 ,
2348 2294 2496 2361 quod
2547 2290 2742 2363 vobis,
2793 2289 2839 2343 si
2885 2286 3116 2348 voletis.
3162 2282 3461 2355 legendum
3512 2279 3674 2335 dabi-

2097 2402 2239 2440 mus.
2279 2403 2298 2434 I
2339 2382 2526 2437 Edidit
2554 2396 2771 2450 quoque
2805 2380 2869 2433 ad
2900 2378 3120 2433 Judzeos
3159 2376 3463 2443 dialogum,
3508 2388 3674 2443 quem

2097 2476 2301 2544 Ephesi
2327 2490 2451 2528 cum
2474 2482 2641 2534 esset,
2667 2470 2972 2541 Tryphoni,
3006 2467 3208 2523 celebri
3237 2466 3383 2535 apud
3417 2464 3679 2519 Hebraeos

2095 2570 2235 2634 viro,
2266 2582 2430 2637 quem
2458 2566 2623 2621 etiam
2648 2565 2702 2619 in
2731 2578 2798 2618 eo
2823 2576 3007 2617 secum
3032 2560 3399 2614 disserentem
3426 2555 3679 2610 introduc

2094 2663 2191 2726 cit,
2223 2658 2447 2713 dicavit.
2480 2655 2535 2710 In
2564 2671 2631 2710 eo
2659 2655 2806 2709 clare
2834 2652 3150 2723 proﬁtetur,
3186 2649 3374 2705 divina
3407 2647 3581 2717 gratia
3616 2660 3679 2700 se

2094 2750 2163 2805 ad
2226 2747 2353 2802 ﬁdei
2414 2758 2618 2801 nostra;
2671 2742 3073 2814 professionem
3125 2755 3249 2796 esse
3283 2747 3677 2809 pertractum:

2097 2841 2441 2913 proindeque
2475 2853 2600 2894 cum
2642 2838 2877 2891 multum
2909 2834 3080 2890 studii
3115 2833 3171 2886 in
3215 2829 3679 2902 philosophorum

2095 2933 2404 3003 disciplinis
2432 2929 2912 2998 consumpsisset,
2954 2926 3141 2980 animo
3176 2939 3235 2979 se
3275 2920 3584 2992 percupido
3612 2917 3681 2972 ad

2098 3024 2349 3080 veritatis
2403 3020 2822 3092 inquisitionem
2868 3018 3206 3074 decurrisse.
3271 3014 3413 3070 Dicit
3459 3026 3683 3083 quoque

2099 3116 2271 3171 multa
2314 3114 2532 3170 Judzeos
2573 3121 2767 3167 contra
2798 3108 3006 3166 Christi
3053 3106 3364 3163 doctrinam
3415 3103 3682 3160 insidiose

413 3196 649 3264 διεξιών·
690 3215 708 3248 ι
742 3198 819 3250 Οὐ
848 3196 1008 3267 μόνον
1037 3195 1096 3250 δὲ
1117 3197 1177 3249 οὐ
1215 3197 1580 3267 μετενοήσατε
1610 3196 1698 3265 ἐφ’
1722 3188 1804 3258 οἷς
1825 3194 1995 3267 ἐπρά-

2102 3207 2322 3262 molitos
2374 3219 2530 3270 esse,
2585 3201 2900 3273 lmjusmodi
2956 3200 3025 3253 ad
3084 3196 3443 3267 Tryphonem
3495 3194 3682 3249 verbis

414 3288 545 3354 ξατε
585 3286 811 3350 κακῶς,
866 3287 1004 3341 ἀλλά
1049 3287 1252 3359 ἄνδρας
1300 3288 1589 3348 ἐκλεκτοὺς
1640 3286 1996 3356 ἐκλεξάμενοι

413 3380 561 3442 τότε,
615 3381 722 3432 ἀπὸ
759 3379 1124 3450 Ἰερουσαλὴμ
1159 3379 1511 3451 ἐξεπέμψατε
1562 3381 1644 3440 είς
1686 3380 1870 3432 πᾶσαν
1898 3376 1996 3447 τὴν

417 3469 545 3539 γῆν,
580 3467 833 3536 λέγοντες
867 3469 1082 3539 αἵρεσιν
1123 3471 1285 3527 ἄθεον
1315 3471 1591 3540 πεφάνθαι
1625 3466 1995 3540 Χριστιανῶν,

419 3561 816 3630 καταλέγοντες
845 3580 904 3616 τε
932 3563 1131 3628 ταῦτα,
1163 3565 1308 3635 ἅπερ
1333 3566 1457 3621 καθ’
1481 3566 1640 3637 ἡμῶν
1671 3565 1719 3619 οί
1740 3562 1998 3633 ἀγνοοῦν-

420 3671 515 3718 τες
543 3655 690 3723 ἡμᾶς
724 3654 964 3719 ἅπαντες
1003 3655 1276 3724 λέγουσιν·
1301 3657 1443 3711 ὥστε
1477 3657 1539 3710 οὐ
1577 3658 1739 3726 μόνον
1784 3654 1997 3718 ἀδικίας

421 3749 633 3810 ἑαυτοῖς
657 3748 825 3802 αἴτιοι
853 3749 1156 3819 ὐπάρχετε,
1191 3748 1330 3803 ἀλλὰ
1364 3749 1600 3814 καὶτοῖς
1635 3748 1820 3811 ἄλλοις
1853 3748 1997 3802 ἃπα-

423 3855 506 3890 σιν
544 3837 731 3901 ἁπλῶς
761 3838 1096 3908 ἀνθρώποις.
1123 3859 1142 3892 ι
1177 3840 1390 3910 Γράφει
1423 3839 1481 3893 δὲ
1525 3840 1621 3893 καὶ
1655 3840 1738 3893 ὃτι
1768 3839 1996 3893 ἐπὶτῶν

421 3930 590 4009 αὑτοῦ
640 3932 851 4001 χρόνων
903 3932 1223 4002 χαρίσματα
1281 3932 1603 4005 προφητικὰ
1646 3933 1741 3986 ἐπὶ
1779 3933 1849 4003 τῇ
1899 3928 1996 3985 τοῦ

420 4021 558 4075 Θεοῦ
586 4021 887 4095 Ἐκκλησία
928 4023 1220 4094 διέπρεπε.
1270 4026 1581 4097 Παρίστησι
1623 4025 1672 4079 δ⁹
1721 4027 1781 4078 ὲν
1822 4025 1998 4095 τούτῳ

421 4113 518 4165 καὶ
539 4111 638 4184 τὴν
662 4112 1034 4182 Ἀποκάλυψιν
1054 4115 1496 4186 ὁμολογουμένην
1518 4110 1660 4170 εἶναι
1686 4116 1781 4169 τοῦ
1813 4114 2000 4169 ’ίωάνς

420 4203 678 4254 νου.¹Ἐτι
711 4217 775 4269 γε
803 4201 911 4271 μὴν
939 4201 1221 4256 ἐνίσταται
1245 4203 1537 4273 διελέγχων
1566 4205 1659 4256 τὸν
1688 4203 1991 4274 Τρύφωνα,

419 4292 496 4357 ῶς
550 4292 807 4346 Ἰουδαῖοι
843 4293 1016 4348 πολλά
1070 4310 1194 4348 τινα
1250 4294 1357 4347 τῶν
1408 4295 1766 4365 προφητικῶν
1815 4297 2001 4365 ῥητῶν

421 4386 695 4456 περιεῖλον
742 4386 1043 4456 διαρρήδην
1099 4386 1227 4455 περὶ
1271 4385 1514 4457 Χριστοῦ
1568 4385 1994 4455 ἀναγγέλλοντα.

2101 3306 2266 3351 utens
2295 3310 2311 3351 ;
2347 3311 2365 3341 σ
2395 3292 2515 3346 Non
2545 3289 2709 3344 modo
2743 3297 2928 3343 autem
2979 3302 3089 3342 non
3138 3286 3332 3357 egistis
3392 3296 3559 3354 super
3603 3284 3682 3339 eis

2099 3405 2222 3458 qua:
2245 3386 2386 3440 male
2419 3384 2653 3448 fecistis,
2679 3381 3063 3453 paenitentiam
3096 3395 3112 3432 :
3143 3379 3238 3433 sed
3271 3377 3420 3432 viros
3449 3374 3685 3431 eximit»

2095 3479 2339 3533 delectos
2366 3474 2770 3544 Hierosolymis
2820 3473 2877 3528 in
2917 3486 3107 3527 omnes
3158 3470 3311 3526 orbis
3357 3477 3545 3539 partes
3583 3468 3684 3522 mi-

2097 3567 2272 3630 sistis,
2311 3565 2406 3635 qui
2443 3562 2815 3618 Christianam
2869 3572 3078 3617 sectam
3116 3570 3175 3615 ut
3215 3560 3436 3615 atbeam
3464 3567 3521 3614 et
3549 3559 3685 3613 deos

2096 3657 2410 3712 abolentem
2440 3693 2458 3721 ,
2501 3653 2916 3723 impietatisque
2973 3653 3284 3708 manifestae
3337 3661 3678 3721 compertam

2099 3764 2222 3804 esse
2246 3733 2529 3811 dicerent;
2562 3759 2739 3816 eaque
2773 3744 2956 3799 omnia
2996 3746 3064 3799 de
3094 3744 3277 3809 nobis,
3296 3759 3417 3814 qua:
3454 3744 3548 3814 qui
3584 3758 3688 3798 nos

2102 3841 2383 3912 ignorant,
2410 3839 2739 3908 loquuntur,
2777 3823 3155 3893 recenserem.
3196 3835 3546 3907 QuaprOpter
3575 3851 3686 3889 non

2104 3931 2263 3987 vobis
2301 3940 2513 3984 tantum
2553 3929 2707 3999 ipsis,
2735 3943 2927 3984 verum
2962 3930 3086 3983 aliis
3116 3929 3282 3984 etiam
3318 3943 3543 3998 prorsus
3568 3942 3690 3981 om-

2105 4024 2272 4078 nibus
2299 4022 2619 4077 hominibus
2646 4021 2960 4092 iniquitatis
2980 4021 3113 4076 estis
3143 4031 3417 4076 auctores.
3442 4038 3461 4071 ι
3482 4019 3690 4075 Scribit

2103 4125 2389 4186 praterea,
2430 4124 2592 4169 aetate
2631 4129 2731 4170 sua
2773 4113 2917 4168 dona
2963 4112 3291 4182 prephetiea
3332 4113 3390 4166 in
3443 4110 3687 4166 Ecclesia

2112 4209 2202 4264 Dei
2239 4196 2527 4263 enituisse.
2578 4207 2790 4262 Asserit
2821 4207 2986 4261 etiam
3025 4220 3125 4274 pro
3163 4203 3421 4260 confesso
3471 4202 3689 4273 haberi,

2107 4302 2487 4373 Apocalypsin)
2518 4296 2751 4356 Joannis
2781 4314 2923 4355 esse.
2951 4299 3255 4367 Redarguit
3286 4296 3527 4366 denique
3554 4295 3693 4366 Try-

2108 4395 2347 4464 phonem
2397 4393 2621 4455 acriter,
2663 4393 2809 4461 quod
2841 4376 3019 4445 iudici
3071 4390 3242 4442 multa
3289 4389 3687 4457 prophetarum

424 4484 533 4536 Καὶ
567 4482 718 4538 ἄλλοι
738 4482 796 4534 δὲ
833 4481 1077 4535 πλεῖστοι
1098 4481 1254 4535 πόνοι
1284 4480 1620 4550 ὲμφὲρονται
1651 4482 1744 4534 τοῦ
1777 4482 1995 4553 ἀνδρός.

2106 4488 2273 4551 dicta,
2308 4486 2596 4539 manifeste
2640 4483 2707 4537 de
2745 4482 2969 4536 Christo
3005 4479 3382 4544 vaticinantia,
3435 4478 3681 4533 sustule-

422 4575 584 4628 Οὕτω
619 4574 662 4627 δ’
693 4570 833 4648 ἦσαν
854 4573 942 4625 διὰ
978 4571 1226 4638 σπουδῆς
1252 4574 1366 4634 τοῖς
1404 4570 1658 4635 παλαιοῖς
1698 4571 1767 4623 τὰ
1811 4571 2001 4636 αὐτοῦ,

421 4670 495 4730 ὡς
525 4668 623 4722 καὶ
652 4668 946 4735 Εἰρηναῖον
981 4666 1038 4718 ὲν
1069 4667 1323 4734 τετάρτῳ
1354 4663 1464 4716 τῶν
1510 4666 1665 4731 Πρὸς
1710 4663 1817 4730 τὰς
1847 4664 2006 4732 αἱρέ-

423 4777 557 4827 σεις
613 4761 707 4813 καί
742 4775 896 4820 τινας
948 4755 1116 4811 αὑτοῦ
1167 4754 1536 4825 μνημονεύειν
1588 4753 1795 4823 φωνὰς,
1837 4756 1895 4806 ὲν
1924 4748 2008 4816 οἷς

421 4853 593 4920 λέγει’
627 4852 771 4905 «Καὶ
795 4849 977 4912 καλῶς
999 4850 1290 4910 Ἰουστῖνος
1317 4849 1375 4900 ὲν
1399 4847 1478 4918 τῷ
1503 4849 1658 4914 Πρὸς
1681 4845 2010 4914 Μαρκίων-ιι

346 4994 357 4997 -
426 4942 775 5014 συνεάγματί
824 4958 1029 5012 φησιν,
1078 4941 1161 4994 ὅτι
1214 4939 1375 5009 Αὐτῷ
1420 4939 1500 5010 τῷ
1550 4938 1744 5007 Κυρίῳ
1790 4937 1892 4990 οὐκ
1940 4936 2009 4989 ἂν

425 5038 712 5108 ἐπείσθην,
747 5037 911 5090 ἄλλον
957 5036 1092 5089 Θεὸν
1122 5033 1578 5102 καταγγέλλοντια
1605 5033 1760 5101 παρὰ
1794 5029 1886 5084 τὸν
1917 5030 2010 5100 δη-

429 5133 711 5201 μιουργόν·
749 5148 768 5182 ι
825 5132 923 5182 καὶ
959 5130 1016 5181 ὲν
1048 5126 1128 5198 τῷ
1155 5127 1389 5197 πέμπτῳ
1434 5125 1491 5178 δὲ
1528 5127 1628 5194 τῆς
1672 5123 1847 5192 αὐτῆς
1878 5124 2012 5176 ὐπο-

427 5224 632 5287 θέσεως
676 5223 878 5277 πάλιν·
941 5239 960 5272 ι
999 5221 1110 5273 Kal.
1142 5219 1322 5281 καλῶς
1360 5221 1388 5271 ό
1426 5218 1713 5278 Ἰουστῖδνος
1761 5214 1888 5301 ἔφη,
1925 5215 2008 5266 ὅτι

429 5318 535 5386 τρὸ
584 5316 683 5385 μὲν
737 5317 834 5385 τῆς
883 5313 976 5367 τοῦ
1033 5313 1239 5382 Κυρίου
1296 5310 1601 5380 παρουσίας
1645 5309 1769 5362 οὐδὲ
1810 5325 1943 5361 ποτε
1980 5308 2010 5360 ό

423 5411 671 5470 Σατανᾶς
705 5408 970 5474 ἐτόλμησε
1011 5404 1412 5476 βλασφημῆσαι
1442 5405 1532 5456 τὸν
1566 5403 1721 5455 Θεόν·
1770 5401 1866 5456 ἆτε
1903 5419 2010 5471 μη-

423 5504 574 5555 δέπω
599 5501 756 5563 εἰδὼς
790 5500 956 5553 αὐτοῦ
986 5499 1086 5568 τὴν
1113 5502 1463 5567 κατάκρισιν.
1501 5515 1520 5548 ›
1554 5498 1662 5551 Καὶ
1689 5496 1756 5549 τὰ
1790 5496 1890 5565 μὲν
1916 5495 2009 5547 ὀὖν

436 5596 726 5650 ἰυυστίνον
762 5597 819 5649 ἐν
853 5593 1086 5658 τούτοις.
1178 5626 1187 5633 -

2111 4578 2242 4630 rint.
2283 4574 2414 4627 Alia:
2444 4586 2664 4642 quoque
2706 4570 2891 4639 plures
2918 4568 3040 4636 ejus
3071 4567 3399 4620 exstiterunt
3429 4563 3693 4621 lucubra-

2111 4670 2308 4723 tiones.
2349 4665 2498 4720 Adeo
2519 4672 2706 4718 autem
2732 4663 2933 4731 scripta
2963 4662 3084 4732 ejus
3118 4661 3398 4716 veteribus
3424 4661 3478 4713 in
3509 4665 3692 4729 pretio

2112 4761 2284 4824 fuere,
2323 4767 2381 4812 ut
2406 4757 2642 4810 [renatus
2673 4757 2725 4808 in
2760 4765 2957 4823 quarto
2983 4754 3243 4808 Adversus
3271 4754 3490 4807 hereses
3549 4751 3711 4807 libro,

2111 4853 2254 4907 dicta
2308 4853 2554 4920 quaedam
2588 4848 2710 4919 ejus
2763 4847 3000 4908 referat,
3030 4847 3219 4900 dicens
3250 4866 3264 4900 :
3300 4865 3319 4898 ι
3354 4846 3523 4900 Recte
3561 4859 3693 4898 vero

2109 4945 2363 5001 Justinus
2381 4944 2433 4996 in
2464 4942 2607 4995 libro
2629 4939 2889 4993 Adversus
2913 4936 3239 4991 Marcionem
3257 4938 3472 5007 inquit:
3504 4954 3522 4987 ι
3547 4935 3693 5002 Quin

2114 5038 2344 5090 Domino
2405 5035 2508 5102 ipsi
2560 5032 2723 5087 ﬁdem
2782 5048 2889 5086 non
2925 5032 3205 5095 haberem,
3239 5032 3283 5083 si
3320 5031 3488 5084 alium
3527 5044 3692 5098 quam

2113 5144 2299 5183 rerum
2330 5128 2675 5181 conditorem
2709 5125 2877 5180 Deum
2911 5123 3288 5177 denuntiaret.
3336 5140 3354 5172 ι
3394 5121 3607 5175 Rursus
3637 5119 3693 5174 in

2112 5222 2307 5291 quinto
2357 5219 2604 5289 ejusdem
2664 5218 2899 5287 operis:
2954 5235 2972 5268 ι
3011 5217 3180 5269 Recte
3233 5215 3485 5270 Justinus
3533 5213 3695 5277 dixit,

2112 5312 2258 5381 quod
2287 5320 2414 5365 ante
2452 5310 2667 5364 Domini
2692 5308 2992 5364 adVentnm
3014 5322 3122 5362 non
3144 5321 3315 5360 ausus
3345 5304 3511 5358 fuerit
3539 5302 3698 5357 Sata—

2111 5421 2212 5459 nas
2240 5404 2629 5472 blasphemare
2673 5401 2864 5461 Denuo,
2907 5401 3110 5470 quippe
3142 5402 3237 5468 qui
3283 5398 3526 5450 nondum
3561 5410 3698 5449 con-

2114 5497 2522 5550 demnationem
2569 5511 2722 5549 suam
2764 5495 2948 5549 sciret.
2986 5513 3001 5544 ι
3042 5492 3244 5546 Justini
3291 5491 3495 5560 scripta
3525 5489 3605 5543 sic
3632 5502 3693 5543 se

2078 5628 2083 5633 ι
2116 5593 2345 5644 habent.
2380 5607 2398 5641 ι
