4032 6450
391 399 500 461 {VS

1612 393 1893 454 NICEPH
1905 392 2038 452 om
2080 392 2429 454 CALLISTI

3549 386 3661 455 €96

392 511 487 565 scd
525 503 924 576 eloquentiam.
957 504 1308 575 divinamque
1335 503 1682 574 prudentiam
1711 515 1767 560 et
1792 520 1978 560 curam

2109 506 2255 576 ιέχρι
2286 505 2380 558 τοῦ
2411 501 2655 574 διωγμοῦ
2686 499 3093 571 φυλαττόμενον
3127 500 3355 566 ἐκείνοις
3404 500 3523 573 ἔθος
3554 516 3664 554 πα-

394 614 573 662 suam,
604 614 764 667 quant
797 595 864 650 de
893 597 1075 667 gregis
1114 596 1194 651 sui
1234 597 1486 666 profectu
1513 605 1569 650 et
1589 597 1821 651 utilitate
1853 612 1978 666 ges-

396 692 487 755 s.'t,
522 690 656 744 satis
694 677 957 743 declarat.
991 687 1097 742 Sed
1147 689 1213 742 ad
1239 689 1492 744 Soterem
1522 705 1743 759 quoque
1775 691 1980 745 Roma-

400 799 484 838 na:
524 784 677 837 urbis
724 783 1044 851 episcopum
1077 782 1367 850 epistolam
1410 782 1586 846 dedit,
1621 798 1688 836 ex
1716 798 1824 852 qua
1859 797 1984 851 per-

403 891 575 944 pauca
644 875 735 928 hic
819 875 1066 928 inserere
1131 875 1382 943 placuit,
1449 875 1517 928 de
1581 874 1983 929 consuetudine

2084 602 2358 666 ρίσταται.
2389 597 2454 648 Ὃ
2489 599 2582 649 καὶ
2614 596 2888 665 ἀποδοχῆς
2922 594 3115 663 ἀξιῶν,
3135 594 3338 648 οὑτωσί
3369 610 3482 658 πως
3513 595 3543 648 δ
3566 597 3666 660 ἐξ·

2083 703 2246 739 εισιν’
2284 705 2303 738 ι
2333 687 2425 752 Ἐξ
2449 688 2625 758 ἀρχῆς
2683 689 2794 756 γὰρ
2831 688 2957 756 ὑμῖν
3000 687 3118 750 ἔθος
3154 691 3271 741 ἐστὶ
3305 688 3484 750 τοῦτο.
3522 692 3665 743 πάν-

2084 798 2184 843 τας
2219 779 2320 850 μὲν
2355 780 2624 847 ἀδελφοὺς
2657 781 2920 844 ποικίλως
2944 781 3284 849 εὐεργετεῖν⁸
3340 783 3670 852 ἐκκλησίαις

2085 886 2144 922 τε
2174 870 2398 933 πολλαῖς
2426 874 2551 934 ταῖς
2591 871 2737 924 κατὰ
2774 874 2957 924 πᾶσαν
2989 872 3145 924 πόλιν
3178 871 3369 940 ἐφόδια
3398 873 3666 939 πέμπειν·

403 967 787 1029 ecclesiarum,
817 982 937 1034 qttte
970 982 1144 1035 usque
1169 965 1237 1020 ad
1267 966 1710 1035 persecutionem
1739 966 1982 1020 duravit.

409 1060 539 1114 Eam
570 1075 694 1113 cum
723 1059 839 1128 ipse
870 1074 1091 1128 quoque
1116 1060 1387 1129 approbet
1409 1100 1422 1122 ,
1454 1061 1528 1114 ita
1559 1060 1729 1114 rclcrt
1755 1078 1769 1115 :
1813 1078 1830 1111 t
1863 1058 1984 1113 1am

2087 956 2190 1017 ὧδε
2222 965 2321 1034 μὲν
2358 964 2459 1035 τὴν
2501 965 2611 1017 τῶν
2653 964 2929 1032 δεομένων
2960 965 3151 1017 πενίαν
3187 963 3583 1034 ἀναψύχοντος,
3609 968 3674 1016 ἐν

2093 1054 2379 1124 μετάλλοις
2414 1056 2473 1110 δὲ
2497 1058 2755 1125 ἀδελφοῖς
2785 1056 3130 1127 ὑπάρχουσιν
3172 1055 3668 1126 ἐπιχορηγοῦντας,

409 1154 538 1207 inde
564 1155 630 1204 ab
663 1153 820 1205 initio
857 1152 972 1204 lucc
1002 1152 1158 1206 vobis
1186 1160 1271 1206 cst
1302 1152 1662 1207 consuetudo.
1694 1160 1752 1205 ut
1788 1150 1988 1206 fratres

2109 1150 2156 1201 lt‘
2182 1142 2256 1202 ὧν
2297 1150 2546 1219 πέμπετε
2583 1151 2828 1220 ἀρχῆθεν
2882 1149 3135 1219 ἐφοδίωνο
3183 1148 3674 1218 πατροπαράδοτον

408 1261 600 1299 omnes
658 1245 812 1297 vario
865 1244 1264 1299 beneﬁciorum
1325 1260 1524 1314 genere
1574 1244 1873 1299 aﬂiciatis:
1932 1255 1991 1300 et

2109 1239 2214 1298 ἔθος
2249 1239 2548 1309 Ῥωμαίων
2586 1240 2855 1308 Ῥωμαῖοι
2905 1239 3305 1308 φυλάττοντες’
3337 1240 3366 1293 ὃ
3405 1240 3465 1293 οὐ
3504 1242 3669 1309 μίνον

409 1337 663 1391 ecclesiis
701 1335 914 1398 multis,
945 1351 1065 1402 qttse
1097 1336 1299 1403 passim
1322 1346 1454 1389 sunt
1489 1336 1541 1387 itt
1576 1334 1830 1399 urbibus,
1858 1336 1992 1389 sub-

2109 1331 2490 1409 Ξιατετήρηκεν
2518 1332 2547 1384 ὁ
2576 1333 2852 1402 μακάριος
2898 1332 3055 1401 ὑμῶν
3103 1332 3408 1395 ἐπίσκοπος
3453 1332 3670 1400 Σωτὴρ,

411 1429 612 1481 sidium
650 1428 915 1481 mittatis:
945 1442 1044 1496 per
1073 1426 1219 1496 quod
1247 1426 1572 1497 jamdudum
1607 1435 1662 1479 et
1691 1442 1990 1496 egenorum

2109 1423 2231 1476 ma
2272 1425 2365 1476 καὶ
2408 1423 2672 1494 ηὔξηκεν,
2707 1426 3058 1496 ἐπιχορηγῶν
3099 1424 3200 1493 μέν
3229 1424 3328 1496 τὴν
3362 1425 3676 1494 διαπεμπο-

415 1523 704 1587 penuriam
766 1517 1058 1580 recreatis,
1117 1526 1171 1571 et
1217 1517 1415 1570 fratres
1445 1517 1503 1570 in
1562 1518 1801 1570 metallis
1853 1532 1994 1587 opus

2109 1536 2111 1581 ς
2142 1516 2270 1583 ένην
2297 1514 2586 1584 δαψίλειαν
2613 1516 2713 1587 τὴν
2753 1518 2829 1577 είς
2865 1518 2993 1580 τοὺς
3028 1515 3243 1587 ἀγίους,
3274 1516 3456 1585 λόγοις
3479 1515 3535 1569 δέ
3564 1534 3675 1583 μα-

416 1612 688 1664 [ttcientes
708 1609 980 1671 allevatis,
1015 1623 1338 1678 moremque
1369 1609 1677 1663 Romanum
1710 1626 1739 1663 a
1776 1611 1997 1681 majori-

2109 1609 2316 1678 ιιορΞοις
2366 1608 2494 1669 τοῦς
2544 1608 2797 1671 ἀνιόντας
2843 1609 3132 1679 ἀδελφοὺς,
3175 1611 3252 1673 ὼς
3289 1610 3455 1663 τέκνα
3492 1610 3678 1678 πατὴρ

420 1704 525 1759 bus
546 1711 837 1770 acceptum
892 1703 1120 1758 Romani
1157 1703 1426 1758 retinetis.
1460 1703 1633 1770 Quem
1680 1719 1790 1758 non
1830 1702 1997 1756 tuodo

2109 1700 2458 1769 φιλόστοργος
2512 1701 2872 1770 παρακαλῶν.
2912 1719 2932 1754 ε
2969 1702 3059 1757 Ἐν
3102 1702 3279 1771 ταύτῃ
3322 1701 3387 1772 δὴ
3419 1701 3676 1772 ἐπισεοιῇ

416 1797 794 1862 conservavit,
825 1798 921 1850 sed
967 1797 1192 1851 adauxit
1236 1797 1446 1862 etiam,
1478 1797 1673 1851 beatus
1701 1796 1998 1864 episcOpus

2109 1795 2200 1846 καὶ
2255 1794 2353 1862 τῆς
2410 1793 2547 1861 πρὸς
2599 1794 2923 1866 Κορινθίους
2972 1793 3070 1848 τοῦ
3122 1795 3441 1866 Κλήμεντος
3491 1798 3679 1864 μνείαν

421 1899 606 1945 vester
634 1890 815 1952 Soter,
847 1905 971 1944 cum
997 1890 1306 1945 liberaliter
1341 1904 1570 1944 munera
1620 1889 1827 1943 sanctis
1868 1889 2003 1942 sub-

2109 1859 2341 1939 ποιεῖται
2369 1859 2695 1956 ἐπιστολῆς,
2715 1888 2890 1957 δηλῶν
2922 1887 2999 1950 ὡς
3030 1859 3301 1942 ἀνέκαθεν
3329 1889 3443 1941 ἔθει
3471 1859 3536 1958 δή
3567 1905 3675 1941 τινι

424 1983 714 2046 mittendo,
764 1991 877 2036 tum
917 1982 1116 2037 fratres
1154 1982 1222 2036 ad
1259 1998 1362 2037 nos
1390 1982 1686 2036 redeuntes
1709 2023 1724 2048 ,
1769 1991 1829 2035 ut
1858 1979 2002 2035 ﬁlios

421 2088 556 2128 suos
602 2084 758 2144 pater
794 2075 1239 2136 amantissimus,
1294 2074 1648 2127 sermonibus
1686 2073 1860 2128 beatis
1910 2088 2003 2124 co-

425 2172 721 2226 hortando.
757 2189 777 2221 ι
829 2170 886 2225 lu
934 2185 1001 2226 ea
1038 2171 1153 2240 ipsa
1211 2169 1445 2240 epistola
1504 2180 1562 2224 et
1599 2169 1901 2225 Clementis
1932 2167 1998 2222 ad

424 2262 746 2317 Corinthios
772 2261 1019 2331 epistolae
1054 2260 1327 2324 meminit,
1377 2261 1758 2330 superioribus
1788 2270 2002 2328 tempo-

425 2355 583 2407 ribus
614 2369 762 2408 mnre
801 2354 1027 2422 antiquo
1060 2354 1117 2408 in
1158 2353 1407 2409 Ecclesia
1457 2369 1577 2408 eam
1626 2354 1730 2423 legi
1783 2353 2000 2406 solitam

425 2443 767 2513 signiﬁcans,
793 2444 955 2515 293
986 2445 1165 2514 inquit
1193 2445 1341 2498 enim
1376 2462 1389 2498 :
1432 2461 1451 2495 ι
1482 2443 1821 2498 Hodiernum
1854 2454 2003 2495 trau-

428 2537 674 2606 scgimus
731 2550 947 2590 sacrum
985 2536 1330 2591 [tontinicum
1361 2536 1530 2600 diem,
1578 2551 1688 2605 quo
1715 2536 2003 2605 epistolam

424 2637 665 2681 vestram
717 2626 990 2696 legimus,
1024 2641 1187 2696 quam
1248 2629 1413 2681 etiam
1475 2627 1739 2696 deinceps
1784 2642 2004 2696 semper

426 2718 830 2771 cohortationis
878 2718 1354 2788 institutionisque
1395 2731 1595 2772 nostra
1636 2721 1812 2789 gratia
1861 2719 2007 2788 lege-

429 2822 554 2861 mus
581 2824 597 2864 :
624 2808 812 2861 itidem
859 2818 916 2862 ut
961 2810 1186 2863 alteram
1215 2810 1365 2864 illam
1395 2824 1423 2862 a
1465 2807 1749 2865 Clemente
1785 2809 1852 2865 ad
1902 2825 2003 2866 nos

426 2901 717 2968 scriptam.
761 2918 780 2953 ι
819 2904 1051 2970 Insuper
1078 2910 1133 2955 et
1170 2905 1237 2955 de
1274 2903 1522 2970 epistolis
1560 2902 1679 2971 ipse
1707 2903 1847 2966 suis,
1882 2912 2005 2957 tan-

2106 1978 2325 2048 παλαιῷ
2347 1978 2782 2048 ἐπ’Ἒκκλησίας
2808 1978 3013 2048 ταύτην
3032 1980 3533 2048 ἀναγινώσκεσθαι.
3570 1981 3677 2034 Λέ-

2104 2088 2193 2139 γει
2229 2072 2362 2140 γάρ’
2395 2068 2538 2140 «Τὴν
2580 2071 2826 2139 σήμερον
2857 2070 2950 2124 οὖν
2983 2071 3271 2141 Κυριακὴν
3299 2071 3460 2139 ἁγίαν
3482 2072 3675 2142 διηγάο

2104 2178 2297 2231 γομεν,
2323 2163 2382 2225 ἐν
2420 2156 2454 2234 ᾖ
2485 2160 2803 2228 ἀνέγνωμεν
2834 2162 2992 2232 ὑμῶν
3017 2161 3116 2232 τὴν
3145 2162 3457 2234 ἐπιστολὴν,
3490 2163 3556 2233 ἢν
3581 2165 3678 2216 καὶ

2103 2256 2301 2322 ἕξομεν
2317 2255 2404 2306 ἀεί
2420 2271 2552 2307 ποτε
2578 2255 3043 2323 ἀναγινώσκοντες
3068 2256 3462 2313 νουθετεῖσθαιο
3492 2259 3565 2319 ὠς
3584 2259 3678 2312 καὶ

2102 2346 2203 2414 τὴν
2231 2344 2508 2416 προτέραν
2540 2346 2676 2415 ἡμῖν
2700 2345 2790 2398 διά
2823 2346 3144 2417 Κλήμεντος
3165 2349 3525 2417 γραφεῖσαν.»
3557 2349 3679 2402 Ἔτι

2106 2453 2170 2502 γε
2212 2439 2320 2507 μὴν
2348 2440 2442 2489 καὶ
2472 2439 2598 2508 περὶ
2636 2438 2748 2491 τῶν
2779 2437 2923 2491 ἰδίων
2956 2438 3260 2494 ἐπιστολῶν
3291 2432 3444 2503 οὗτος
3476 2441 3551 2503 ὡς
3581 2442 3677 2512 ρᾳ-

2104 2531 2537 2603 διουργηθεισῶν
2586 2533 2817 2586 τοιαῦτά
2866 2551 3077 2606 φησιν’
3139 2554 3159 2587 ε
3200 2536 3526 2599 Ἐπιστολάς
3573 2536 3684 2605 γὰρ

2108 2622 2355 2689 ἀδελφῶν
2382 2622 2736 2688 ἀξιωσάντων
2772 2641 2842 2694 με
2882 2624 3115 2695 γράψαι,
3143 2625 3384 2696 ἔγραψα·
3417 2626 3513 2678 καὶ
3548 2627 3683 2677 ταύ-

2105 2733 2202 2778 τας
2223 2719 2271 2769 οἱ
2300 2715 2395 2769 τοῦ
2417 2717 2662 2770 διαϐόλου
2687 2718 2980 2772 ἀπόστολοι
3010 2719 3272 2784 ζιζανίων
3293 2735 3424 2788 γεγε
3432 2721 3680 2787 μίκασιν,

2106 2810 2143 2865 ἃ
2178 2813 2278 2880 μὲν
2308 2812 2679 2881 ἐξαιροῦντες,
2715 2812 2751 2867 ἀ
2778 2813 2836 2868 δὲ
2883 2815 3272 2886 προστιθέντες
3296 2832 3312 2848 ο
3348 2809 3430 2878 οἷς
3460 2816 3519 2867 τὺ
3561 2817 3683 2868 οὖα.

2110 2908 2310 2959 κεῖται.
2362 2907 2436 2957 Οὐ
2492 2904 2807 2976 θαυμαστὸν
2846 2908 2978 2977 ἀρα,
3014 2910 3063 2962 εῖ
3103 2914 3200 2963 καὶ
3232 2909 3341 2962 τῶν
3390 2908 3687 2978 Κυριακῶν

427 3012 593 3066 quam
642 2997 838 3051 callide
865 2997 1182 3066 depravatis
1205 3038 1219 3061 ,
1254 2999 1327 3052 ita
1357 3000 1586 3068 scripsit
1614 3016 1628 3053 :
1676 3019 1695 3050 ε
1727 3000 2005 3069 Epistolas

2112 3002 2508 3074 ρᾳδιουργῆσαί
2534 3018 2680 3064 τινες
2714 3002 3106 3072 ἐπιόἐόληνται
3129 3005 3382 3076 γραφῶν,
3413 3007 3572 3059 ὁπότε
3597 3005 3688 3057 καὶ

426 3089 574 3141 enim
610 3086 838 3141 fratrum
868 3097 1060 3158 rogatu
1100 3089 1320 3157 scripsi,
1360 3089 1455 3142 sed
1500 3105 1595 3144 eas
1639 3089 1847 3144 diaboli
1880 3106 2005 3159 apo-

2110 3095 2233 3154 ταίς
2260 3094 2321 3144 οὐ
2356 3091 2637 3156 τοιαύταις
2668 3093 3213 3149 ἐπιὸεὸουλεὺκασι.»
3238 3097 3348 3149 Καὶ
3380 3098 3516 3167 πρὶς
3541 3098 3692 3167 Χρυ-

428 3181 554 3235 stoli
599 3180 828 3235 zizaniis
881 3182 1322 3250 compleverunt,
1359 3180 1609 3250 quaedam
1643 3183 1863 3251 quidem
1909 3200 2005 3236 ex-

2116 3190 2356 3260 σοφόραν
2385 3191 2459 3253 δέ,
2492 3192 2833 3262 πιστοτάτην
2883 3193 3124 3263 ἀδελφὴν
3147 3196 3284 3265 ἀλλη
3324 3195 3513 3249 τούτου
3544 3195 3693 3249 ἐστὶν

428 3282 758 3342 pungentes,
793 3271 1038 3340 quaedam
1075 3280 1258 3324 autem
1292 3270 1621 3326 inserentes.
1657 3273 1869 3338 Quibus
1916 3272 2005 3326 Vat

2117 3283 2402 3351 ἐπιστολή·
2435 3278 2468 3355 ᾖ
2496 3282 2559 3353 δὴ
2582 3285 2653 3337 τὰ
2679 3285 2996 3355 κατάλληλα
3042 3288 3295 3358 γράφων,
3327 3288 3427 3358 τῆς
3464 3289 3689 3360 λογικῆς

429 3366 566 3419 illud
606 3376 696 3418 est
719 3363 1046 3432 repositum.
1071 3361 1192 3415 Non
1231 3363 1540 3417 mirandum
1567 3374 1740 3426 certe,
1770 3365 1814 3418 si
1840 3367 2005 3420 etiam

2116 3373 2323 3442 τροφῆς
2356 3373 2690 3444 ἐνεπίμπλα.
2721 3376 2815 3430 Ἐν
2851 3378 3066 3441 τούτοις
3109 3379 3210 3450 μὲν
3259 3380 3358 3436 καὶ
3407 3381 3476 3433 τά
3507 3384 3690 3433 Διονυ-

430 3460 715 3514 Dominica
747 3461 951 3526 scripta
995 3457 1245 3510 nonnulli
1282 3472 1638 3523 corrumpere
1688 3469 1815 3513 sunt
1852 3452 2044 3525 ausi,'
2123 3467 2261 3519 σίου.

431 3552 655 3622 quando
682 3552 908 3609 nostris.
946 3552 1113 3605 etiam
1150 3551 1258 3605 illis
1297 3551 1458 3620 longe
1510 3552 1898 3621 dissimilibus,
1940 3554 2174 3616 insidias
2217 3568 2561 3617 struxerunt.
2600 3581 2619 3615 ι
2658 3563 2759 3618 Est
2785 3565 2950 3619 etiam
2985 3566 3217 3637 epistola
3243 3566 3362 3638 ejus
3393 3567 3459 3623 ad
3519 3567 3691 3636 Chry-

432 3642 760 3710 sopboram,
811 3642 1129 3697 ﬁdissimam
1184 3658 1481 3701 sororem:
1540 3645 1627 3700 cui
1679 3646 1772 3701 ille
1819 3648 2202 3704 convenientia
2255 3655 2527 3721 scribens,
2597 3657 2851 3712 rationali
2887 3672 3011 3713 eam
3071 3660 3362 3716 exsatiavit
3411 3660 3691 3715 alimento.

435 3737 561 3793 Haec
588 3738 657 3792 de
698 3738 980 3806 Dionysio.

1036 3833 1263 3888 CAPUT
1311 3833 1407 3888 IX.

2715 3839 2971 3896 ΚΕΦΑΔ.
3013 3840 3094 3896 6'.

437 3926 514 3982 De
560 3923 841 3993 Theophila
890 3926 1177 3982 Antiochia:
1207 3931 1488 3999 episcopo,
1542 3938 1592 3982 et
1645 3930 1710 3984 de
1753 3930 2007 3997 Modesto,

957 4013 1239 4068 eorumque
1265 4001 1495 4062 scriptis.

509 4108 800 4179 Theophili
841 4124 1023 4167 autem
1061 4111 1370 4167 Antiochiae
1420 4113 1667 4183 episcopi
1696 4113 1762 4167 ad
1794 4114 2015 4186 Autoly-

2115 3931 2258 4000 Περὶ
2293 3933 2597 4014 Θεοφίλοιί
2627 3936 3000 4015 Ἀντιοχείας
3024 3973 3040 4000 ,
3075 3935 3174 4016 καί
3195 3935 3557 4016 ,Μοδέστοψ
3595 3935 3695 3990 και

2531 4011 2644 4071 τῆς
2676 4011 3040 4074 συγγραφῆς
3062 4011 3287 4060 αὐτῶν.

2188 4088 2451 4183 Θεοφίλου
2494 4113 2575 4177 δέ,
2617 4114 2680 4167 ὃν
2718 4115 3054 4186 Ἀντιοχείας
3090 4117 3391 4171 ἐπίσκοπον
3419 4117 3684 4188 ἔγνωμεν,

437 4218 564 4256 cum
595 4213 706 4256 tres
735 4203 987 4257 feruntur
1018 4205 1433 4259 institutionum
1466 4206 1619 4259 libri.
1655 4206 1718 4260 Et
1748 4208 2005 4264 adversus

2120 4206 2259 4277 πρὸς
2283 4207 2591 4259 Αὐτόλυκον
2616 4206 2745 4277 τρία
2772 4209 3076 4278 ἐμφέρεται
3101 4211 3417 4281 στοιχειώδη
3444 4212 3689 4282 συγράμ-

440 4298 802 4370 Hermogenis
842 4300 1094 4355 haeresim
1136 4300 1303 4365 liber,
1353 4300 1406 4353 iu
1458 4315 1569 4369 quo
1610 4301 1797 4355 multis
1840 4303 2005 4356 utitur

2127 4316 2298 4368 ματα,
2331 4299 2593 4369 καὶπρὸς
2647 4301 2747 4370 τὴν
2791 4300 3157 4372 Ἑρμογένους
3201 4305 3417 4371 αἰρεσιν
3463 4306 3647 4375 ἐτερον
3672 4320 3688 4337 ·

439 4393 768 4448 testimoniis
817 4408 886 4447 ex
934 4393 1162 4449 Joannis
1207 4393 1557 4464 Apocalypsi.
1622 4394 1851 4449 Exstant
1893 4395 2005 4466 ejus

2124 4392 2184 4441 ἐν
2218 4385 2261 4456 ᾧ
2295 4392 2391 4441 καὶ
2441 4390 2660 4450 πολλοῖς
2710 4408 2822 4444 τισι
2867 4393 3067 4463 χρῆται
3095 4395 3279 4464 ῥητοῖς
3313 4395 3414 4465 τῆς
3445 4394 3690 4448 ἰωάννου

438 4502 663 4556 quoque
694 4487 901 4556 scripta
945 4485 1073 4547 alia,
1106 4486 1312 4541 divinis
1342 4489 1545 4542 referta
1571 4488 1859 4544 doctrinis.
1899 4488 2005 4543 Cte-

2136 4481 2560 4550 Ἀποκαλύψεως
2583 4497 2598 4512 ’
2634 4483 2731 4536 καὶ
2755 4483 2921 4555 ἕτερα
2944 4485 3003 4555 δέ
3025 4485 3188 4538 αὑτοῦ
3212 4479 3394 4556 βιϐλία
3428 4488 3693 4557 ἔγνωμεν,

438 4590 616 4633 terum
657 4594 721 4632 ea
767 4587 1091 4648 tempestate
1120 4619 1135 4638 ,
1192 4592 1316 4631 cum
1365 4579 1609 4635 haeretici
1673 4580 2005 4634 zizaniorum

2123 4574 2283 4628 θείων
2322 4575 2502 4643 μεστά
2550 4578 2934 4646 κατηχήσεων.
2967 4579 3090 4631 Τῶν
3131 4578 3179 4632 δ’
3223 4579 3516 4649 αίρετικῶν
3541 4595 3693 4649 τηνιο

439 4688 610 4733 more,
647 4672 701 4724 in
745 4670 960 4724 sincera
988 4676 1044 4721 et
1083 4685 1218 4739 pura
1252 4682 1498 4725 semente
1525 4672 1786 4727 Ecclesiae
1809 4712 1824 4737 ,
1859 4671 2016 4726 valde

437 4771 892 4826 succrescerent,
963 4762 1320 4817 ecclesiarum
1381 4779 1478 4833 per
1526 4766 1714 4821 orbem
1768 4766 2015 4836 episcopi

441 4856 562 4909 illos
602 4855 828 4924 perinde
873 4866 1037 4925 atque
1101 4857 1395 4928 sylvestres
1458 4859 1605 4915 feras
1661 4859 2018 4929 pr0pellendo

438 4946 718 5006 arcebant,
773 4946 1068 5015 aliquando
1126 4949 1348 5018 quidem
1418 4952 1642 5020 scriptis
1694 4952 1760 5004 ad
1814 4951 2018 5005 fratres

436 5038 914 5093 exlmrtationibu’s
957 5050 1012 5094 et
1059 5043 1372 5111 praeceptis,
1432 5058 1827 5114 nonnunquam
1882 5057 2017 5097 vero

437 5129 601 5181 ctiam
630 5130 745 5183 sola
784 5134 1077 5186 verborum
1114 5134 1163 5187 vi
1214 5135 1266 5188 in
1309 5135 1503 5189 faciem
1531 5135 1789 5189 hostibus
1818 5134 1885 5189 ad
1920 5151 2017 5190 eos

438 5222 770 5276 avertendus
827 5226 1150 5293 congressi;
1215 5227 1546 5296 quandoque
1608 5228 1767 5282 libris
1829 5228 2015 5291 editis,

438 5314 626 5366 densis
654 5325 816 5383 atque
846 5318 1011 5371 certis
1033 5318 1505 5373 contutationihus
1521 5334 1618 5374 eos
1643 5320 1803 5389 longe
1827 5336 2018 5375 aman-

439 5407 655 5460 dante-z.
706 5406 782 5461 Ex
814 5410 1016 5478 quibus
1052 5410 1217 5463 etiam
1261 5427 1405 5464 unus
1454 5421 1574 5477 est,
1612 5414 1680 5466 dc
1711 5429 1822 5482 quo
1867 5430 2018 5468 nunc

437 5500 672 5569 agimus.
705 5500 1067 5571 Theophilus,
1088 5500 1245 5555 fortis
1272 5518 1404 5556 sane
1423 5515 1835 5576 propugnator:
1854 5522 2015 5576 quem

438 5601 630 5644 contra
653 5592 984 5647 Marcionetu
1009 5604 1231 5649 strenue
1254 5610 1368 5649 rem
1387 5598 2021 5668 gessisse,erroremque

435 5684 557 5751 ejus
584 5691 641 5737 ct
666 5684 913 5737 fraudem
947 5686 999 5738 in
1035 5685 1319 5755 publicum
1354 5690 1714 5756 produxisse,
1744 5705 1811 5745 ex
1858 5690 2021 5745 libris

437 5776 554 5841 ejus
581 5775 673 5842 qui
705 5775 887 5829 adhuc
912 5777 1410 5842 circumferuntur,
1460 5782 1595 5834 satis
1624 5794 1871 5848 apparet.
1910 5782 2018 5836 Sed

440 5879 547 5917 non
595 5866 642 5918 is
676 5868 837 5919 modo
880 5879 1070 5923 contra
1118 5868 1407 5925 Ponticum
1463 5871 1797 5925 Marcionem
1847 5874 2022 5945 depu-

2122 4666 2298 4721 καῦτα
2324 4668 2584 4731 ζιζανίων
2601 4669 2759 4740 δίκην
2782 4669 2860 4740 τῷ
2892 4670 3180 4742 εἰλικρινεῖ
3219 4672 3320 4742 τῆς
3362 4673 3689 4742 Ἐκκλησίας

2120 4763 2306 4831 σπόρῳ
2339 4762 2549 4831 συχνῶς
2587 4765 2989 4833 ἐπιφυομένων,
3015 4767 3064 4817 οί
3089 4765 3194 4818 ἀνά
3224 4765 3322 4836 τὴν
3364 4767 3690 4836 οἰκουμένην

2117 4856 2228 4907 τῶν
2262 4856 2574 4928 ἐκκλησιῶν
2621 4858 2891 4926 ἡγεμόνες
2935 4853 3024 4913 οἷά
3065 4875 3219 4921 τινας
3248 4862 3477 4928 ἀγρίους
3520 4860 3691 4931 θῆρας

2117 4948 2502 5012 διασοσοῦντες
2546 4949 2835 5020 ἀνεῖργον,
2888 4949 3021 5003 ποτέ
3073 4953 3172 5021 μὲν
3214 4954 3355 5022 πρὸς
3387 4956 3513 5014 τοὺς
3543 4953 3693 5005 ἀδελ-

2121 5045 2254 5108 φοὺς
2279 5041 2584 5110 ἐγγράφοις
2623 5043 2936 5105 νουθεσίαις
2971 5050 3063 5096 καὶ
3085 5047 3462 5115 εῖσηγήσεσιν,
3497 5044 3613 5113 ἔστι
3646 5043 3692 5096 δ’

2121 5132 2211 5184 ὅτε
2265 5133 2362 5185 καὶ
2395 5136 2518 5194 ταῖς
2571 5134 3026 5205 αὐτοπροσὼποις
3080 5136 3192 5188 τῶν
3240 5137 3416 5204 λόγων
3451 5137 3692 5205 μάστιξι,

2121 5224 2349 5291 γυμνῶς
2384 5224 2546 5277 ὀὔτω
2599 5228 2737 5295 πρὸς
2772 5228 3092 5296 ἀνατροπὴν
3128 5228 3466 5297 χωροῦντες⁸
3506 5228 3695 5287 ποῦ,δέ

2122 5322 2217 5368 καὶ
2253 5318 2557 5388 ἐγγράφοις
2587 5320 2948 5389 ὑπομνήμασι
2978 5320 3053 5389 τῷ
3080 5324 3299 5391 συνεχεῖ
3320 5320 3429 5373 τῶν
3459 5322 3693 5390 ἐλέγχων

2122 5414 2219 5465 καὶ
2250 5412 2618 5481 ἠκριϐωμένῳ
2656 5417 2878 5482 μακράν
2913 5413 3332 5476 ἀπελαύνοντες.
3365 5415 3501 5465 Καθ’
3530 5411 3604 5467 ὦν
3634 5413 3697 5481 δὴ

2122 5508 2217 5556 καὶ
2256 5507 2283 5558 ό
2310 5505 2404 5557 νῦν
2459 5507 2593 5574 ἡμῖν
2625 5508 2704 5567 εἰς
2739 5505 2977 5575 θεωρίαν
3030 5508 3395 5577 προκείμενος
3438 5507 3695 5574 Θεόφιλος

2122 5595 2394 5666 ἀνδρικῶς
2438 5598 2943 5668 στρατευσάμενος,
2987 5598 3150 5667 δῆλός
3181 5600 3301 5652 ἐστι
3348 5603 3518 5662 πολὺς
3559 5601 3695 5669 ῥέων

2125 5691 2265 5743 κατὰ
2313 5689 2669 5759 Μαρκίωνος,
2718 5689 2776 5756 ἐξ
2826 5708 2902 5744 ων
2945 5692 3118 5744 εἰσέτι
3173 5693 3564 5762 ἐμφερομένην
3622 5694 3699 5742 οὶ-

2125 5785 2290 5838 κείων
2320 5784 2498 5850 λόγων
2543 5785 2644 5854 τὴν
2697 5784 2910 5838 ἐκείνου
2948 5785 3157 5854 πλάνην
3211 5786 3457 5856 στερρῶς
3487 5783 3702 5853 ἐστηλι-

2125 5889 2302 5926 τευεν.
2335 5875 2448 5943 Οὒχ
2480 5869 2636 5937 οὗτος
2664 5874 2719 5928 δέ
2746 5877 2912 5945 μόνος
2938 5879 3080 5929 κατὰ
3106 5875 3200 5929 τοῦ
3232 5877 3500 5930 Ποντικοῦ
3539 5877 3701 5944 Μαρ-
