4032 6426
443 431 548 495 997

1383 428 1980 490 ECCI.ESI.~\STIC:‘E
2023 431 2410 493 lliS‘l‘OliHi
2451 436 2594 497 LlB.
2648 438 2742 499 ιν.

3601 443 3703 507 $98

446 549 642 605 κίωνος
679 541 978 604 ἐνίσταται,
1022 540 1156 593 ἀλλὰ
1195 545 1280 593 κατ
1323 545 1610 606 ψί-λιππος,
1642 544 1699 596 ὃν
1731 546 1837 616 πρὸ
1883 545 2013 614 goat-

2134 551 2308 618 gnat-3t
2337 567 2350 602 :
2385 551 2549 621 294
2580 553 2671 604 sed
2703 561 2754 604 et
2797 551 3100 620 Philippus,
3136 551 3314 622 'quem
3367 556 3529 625 paulo
3576 569 3703 614 ante

447 638 570 708 χέος
629 637 694 688 ἐκ
743 634 852 686 τῶν
906 633 1188 686 Διονυσίου
1254 637 1448 702 φωνῶν
1502 640 1600 704 τῆς
1661 639 1718 687 ἐν
1781 637 2024 708 Γιρτύνῃ

449 729 744 798 παροικίας
779 725 1078 776 ἐπίσκοπον
1118 724 1387 794 ἔγνωμεν,
1422 726 1850 779 σπουδαιότατον
1883 730 2026 782 πάνυ

451 820 609 886 λόγον
635 814 756 868 κατ’
786 815 996 868 ἐκείνου
1027 817 1285 886 ἐξήνεγκε
1310 834 1322 846 ·
1357 818 1445 870 ναὶ
1471 819 1578 887 μὴν
1601 819 1698 871 καὶ
1735 819 2027 887 Εἰρηναῖος

453 912 547 965 καὶ
583 909 857 970 Μόδεστος
879 925 892 940 ·
919 907 980 970 ὃς
1036 909 1144 960 τῶν
1175 909 1350 962 ἄλλων
1387 910 1464 972 ὡς
1505 910 1761 962 πλεῖστον
1803 913 1902 980 τὴν
1931 911 2025 962 τοῦ

454 1003 645 1072 ἀνδρὸς
680 1001 1084 1069 καταφωράσας
1108 1003 1336 1069 πλάνην,
1358 1002 1726 1070 διαφερόντως
1750 1001 2025 1070 ἐξήλεγξε.

455 1096 564 1147 Καὶ
595 1093 746 1146 ἄλλοι
779 1093 834 1145 δὲ
885 1094 1106 1155 πλείους
1156 1095 1342 1160 ἀγῶνα
1408 1093 1527 1147 κατ’
1582 1093 1745 1144 αὑτοῦ
1809 1094 2028 1160 ἐνεστή-

455 1203 620 1236 σαντο
643 1202 656 1216 ·
688 1179 762 1237 ὧν
795 1186 891 1238 καὶ
935 1187 1002 1238 τὰ
1043 1185 1418 1254 ὑπομνήματα
1455 1187 1604 1256 παρὰ
1648 1185 1762 1248 τοῖς
1794 1184 2029 1253 φιλομα-

447 1277 602 1330 θέσιν
634 1279 688 1341 ἐς
719 1276 878 1349 δεῦρο
912 1277 1386 1346 διαφυλάττονται.

1066 1411 1318 1466 ΚΕΦΑΛ.
1358 1414 1414 1466 l'.

451 1519 588 1588 Περὶ
620 1520 967 1600 Μελίτωκος
992 1519 1098 1574 τοῦ
1130 1521 1407 1599 Σάρδεων
1427 1538 1442 1552 ·
1469 1521 1564 1600 καί
1589 1522 1722 1600 ἒπερὶ
1745 1517 1832 1576 ὧν
1857 1523 2031 1590 ἐγρα-

859 1596 940 1659 ψε
967 1596 1390 1660 πραγματειῶν
1424 1596 1635 1646 αὑτοῦ.

525 1707 683 1759 Κατὰ
709 1706 772 1776 δὴ
806 1708 935 1768 τοὺς
977 1709 1198 1776 χρόνον,
1243 1707 1464 1771 τούτους
1507 1712 1599 1760 καὶ
1646 1710 1894 1763 Μελίτων
1929 1712 2027 1781 τῆς

451 1804 510 1852 ὲν
537 1802 796 1870 Σάρδεσιν
823 1801 1142 1870 ἐκκλησίας,
1175 1801 1586 1870 Ἀπολλινὰριός
1621 1819 1680 1854 τε
1724 1805 1821 1870 τῆς
1851 1805 2027 1871 Ἱερα-

2132 638 2194 693 ex
2227 641 2467 712 Dionysii
2527 645 2705 698 \erbis
2739 644 3056 712 episcopum
3080 644 3336 717 Gortyna!
3368 647 3536 703 fuisse
3562 651 3704 704 didi-

2133 731 2326 794 cimus,
2348 734 2686 788 luculentum
2707 735 2975 790 adversus
2991 740 3244 792 eumdem
3279 740 3450 793 edidit
3475 742 3702 804 librum,

2130 821 2287 876 siculi
2328 835 2381 878 et
2429 826 2662 882 lrcnazus
2696 845 2709 881 :
2749 841 2803 882 et
2850 829 3158 894 Modestus,
3205 835 3296 900 qui
3342 849 3453 901 prae
3491 839 3706 888 exteris

2133 913 2367 966 maxime
2409 915 2738 982 imposturas
2771 919 2890 988 ejus
2935 929 2989 974 et
3031 921 3400 989 deprehendit
3431 931 3484 976 et
3513 925 3704 977 redaro

2131 1007 2266 1074 guit.
2303 1007 2443 1070 Quin
2469 1021 2519 1062 et
2550 1010 2735 1078 plures
2761 1011 2852 1064 alii
2886 1023 3163 1065 certamen
3196 1023 3387 1066 contra
3423 1031 3548 1068 eum
3580 1033 3704 1070 sus-

2133 1107 2395 1165 ceperunt
2428 1112 2442 1146 :
2477 1113 2710 1165 quorum
2749 1115 3098 1154 monumenta
3135 1103 3199 1156 ad
3233 1103 3337 1157 hoc
3365 1120 3536 1174 usque
3566 1120 3708 1159 tem-

2132 1202 2236 1255 pus
2264 1203 2292 1241 a
2319 1189 2582 1244 studiosis
2619 1203 2748 1244 sunt
2788 1203 3131 1246 conservata.

2751 1411 2978 1468 CAPUT
3009 1411 3078 1468 Χ.

2203 1519 2280 1572 De
2303 1519 2545 1574 .llelitone
2569 1521 2826 1579 Sardensi
2852 1529 3109 1599 episcopo,
3131 1541 3179 1584 et
3205 1533 3468 1603 apusculis
3497 1535 3630 1605 ejus.

2199 1697 2417 1751 Eisdem
2449 1701 2788 1768 temporibus
2819 1703 3002 1758 Melito
3035 1722 3255 1777 quoque
3304 1709 3616 1772 Sardcnsis.
3648 1723 3706 1770 et

2128 1790 2502 1860 Apollinarius
2556 1793 3089 1862 llierapolitanorum
3131 1802 3377 1856 ecclesia:
3416 1805 3702 1876 episcopi,

454 1893 688 1945 πολιτῶν
726 1893 1019 1945 ἐπίσκοποι
1073 1891 1458 1964 ὲγνωρίζοντο,
1499 1895 1676 1961 λόγοις
1711 1911 1770 1947 τε
1796 1896 2025 1966 διαπρε-

2134 1883 2437 1952 eloquentia
2475 1886 2634 1939 simul
2672 1887 3076 1957 :iposlolicaque
3120 1891 3368 1947 doctrina
3424 1895 3475 1948 in
3509 1898 3706 1966 primis

451 1983 568 2044 πῶς
593 1983 958 2051 ἀκμάζοντες,
1000 1985 1227 2045 καὶτοῖς
1271 1982 1379 2035 τῶν
1413 1984 1728 2036 ἀποστόλων
1755 1985 2025 2054 δόγμασιν

453 2075 888 2144 ἐπιπρέποντες·
921 2074 972 2126 οἳ
1018 2077 1082 2144 δὴ
1133 2078 1225 2127 καὶ
1259 2077 1447 2143 ἄμφω,
1479 2077 1695 2146 Μάρκῳ
1724 2076 2028 2148 Ἀντωνίνῳ

453 2169 531 2234 τῷ
553 2168 656 2235 νέῳ
675 2167 866 2234 λόγους
891 2165 1033 2236 ὑπὲρ
1064 2167 1159 2236 τῆς
1187 2167 1348 2236 ἡμῶν
1375 2167 1612 2230 πίστεως
1635 2169 1740 2236 ἰδίᾳ
1767 2169 2027 2238 ἑκάτερος

449 2259 744 2325 ἀπολογίας
766 2259 988 2328 ἔχοντας
1019 2257 1476 2328 προσεφώνησαν.
1495 2259 1553 2310 '0
1576 2259 1757 2327 μέντοι
1779 2261 2027 2314 Melith

452 2351 548 2403 καὶ
601 2351 812 2412 διττοὺς
850 2351 987 2418 Περὶ
1026 2351 1131 2404 τοῦ
1167 2351 1384 2420 Πάσχα
1443 2350 1640 2419 λόγους
1674 2353 2024 2420 συντίθησιν*

453 2443 511 2494 ὲν
541 2437 618 2504 οἷς
652 2443 904 2510 ἐμφαίνει
927 2443 1249 2512 ἀρχόμενος,
1287 2444 1409 2495 καθ’
1437 2443 1497 2496 ὃν
1529 2444 1722 2512 χρόνον
1756 2444 1824 2496 τὰ
1846 2444 2028 2512 βιϐλία

457 2537 772 2599 συνέταττε,
809 2534 1023 2596 τούτοις
1077 2537 1190 2596 τοῖς
1228 2536 1471 2606 ῥήμασιν
1497 2551 1510 2565 ·
1553 2553 1570 2586 ι
1610 2535 1738 2588 Ἐπὶ
1769 2536 2026 2604 Σερουίλ-

454 2630 548 2682 λου
599 2631 910 2682 ἀνθυπάτου
977 2629 1194 2682 Παύλου
1255 2630 1354 2698 τῆς
1388 2629 1598 2692 Ἀσίας,
1653 2621 1698 2696 ᾧ
1749 2629 2028 2697 Σάγγαρις

457 2722 634 2791 καιρῷ
657 2721 1062 2791 ἐμαρτύρησεν,
1103 2724 1322 2788 ἐγένετο
1356 2721 1582 2789 ζήτησις
1608 2719 1779 2788 πολλὴ
1799 2721 1854 2771 ὲν
1887 2721 2027 2773 Λαο-

453 2813 633 2883 δικείᾳ
680 2814 810 2882 περὶ
859 2813 956 2864 τοῦ
1011 2814 1237 2881 Πάσχα,
1280 2815 1614 2878 ἐμπεσόντος
1661 2815 1803 2864 κατὰ
1837 2813 2027 2879 καιρὸν

454 2906 775 2966 ὲνὲκείναις
798 2908 917 2965 ταῖς
948 2904 1205 2974 ἡμέραις,
1237 2905 1332 2957 καὶ
1357 2903 1572 2974 ἐγράφη
1601 2902 1797 2955 ταῦτα.
1829 2920 1847 2952 ι
1889 2903 2028 2953 Τού-

450 3015 565 3050 των
617 2999 673 3051 δὲ
722 2997 832 3049 τῶν
884 2997 1061 3065 λόγων
1123 2997 1220 3050 καὶ
1268 2998 1296 3048 ό
1353 2996 1738 3066 Ἀλεξανδρεὺς
1796 2995 2030 3064 Κλήμης

459 3095 654 3162 μνείαν
693 3093 929 3144 ποιεῖται
976 3091 1034 3142 ὲν
1075 3089 1149 3160 τῷ
1204 3090 1455 3159 σφετέρῳ
1490 3089 1624 3156 Περὶ
1673 3086 1778 3140 τοῦ
1815 3085 2031 3154 Πάσχα

457 3186 633 3254 λόγων
667 3184 725 3235 ὃν
753 3184 843 3234 διὰ
878 3182 1166 3235 Μελίτωνα
1221 3182 1481 3246 συντάξαι
1519 3183 1738 3252 ἱστορεῖ.
1771 3181 1940 3248 Λόγος
1985 3181 2030 3232 δ’

2128 1977 2363 2031 ﬂoruere
2403 1979 2540 2046 :qui
2589 1978 2751 2032 ambo
2783 1983 3013 2034 seorsim
3068 1982 3252 2038 Marco
3296 1986 3575 2042 Antonino
3618 1990 3706 2057 ju-

2132 2068 2275 2122 uiuri
2322 2084 2423 2137 pro
2458 2070 2783 2124 Christiana:
2815 2073 3092 2141 religionis
3119 2074 3438 2133 defensioue
3468 2080 3704 2150 scriptos
3737 2068 3755 2090 ⁸

2130 2164 2299 2218 libros
2329 2164 2604 2219 dicarunt.
2635 2166 2819 2220 Melite
2843 2183 2974 2222 sane
3003 2170 3142 2224 duos
3168 2170 3244 2224 De
3273 2171 3530 2228 Paschate
3553 2191 3704 2229 eom-

2130 2258 2312 2326 posuit
2340 2258 2532 2321 libros,
2587 2260 2638 2311 in
2690 2275 2917 2328 quorum
2953 2262 3224 2331 principio
3247 2303 3262 2328 ,
3294 2280 3405 2334 quo
3458 2275 3704 2335 tempore

2127 2363 2223 2402 eos
2260 2349 2670 2418 coarscripserit,
2727 2353 2967 2407 ostendit
3035 2354 3184 2411 hisce
3241 2357 3473 2412 verbis:
3535 2378 3552 2408 ι
3590 2358 3704 2414 Sub

2130 2440 2365 2495 Servilio
2393 2440 2562 2496 Paulo
2591 2441 2732 2498 Asia:
2759 2434 3108 2512 proconsule,
3153 2463 3264 2518 quo
3294 2460 3540 2520 tempore
3567 2451 3706 2506 San-

2129 2535 2275 2604 garis
2320 2538 2636 2606 martyrium
2671 2538 2832 2600 obiit,
2879 2539 3108 2607 qumstio
3162 2556 3354 2611 magna
3383 2541 3662 2597 Laodicea-
3686 2585 3702 2608 ,

2129 2629 2196 2682 de
2237 2628 2522 2687 Pascbate.
2547 2630 2692 2697 quod
2727 2632 3053 2698 tempestive
3099 2633 3152 2685 in
3195 2647 3291 2686 eos
3319 2633 3509 2687 incidit
3561 2635 3701 2698 dies,

2128 2729 2212 2774 est
2261 2729 2468 2782 exorta,
2532 2720 2646 2774 haec
2676 2736 2896 2789 quoque
2927 2737 2957 2774 a
3006 2738 3090 2776 me
3140 2733 3270 2777 sunt
3315 2726 3638 2795 perscripta.
3681 2747 3698 2777 ι

2129 2809 2363 2863 Ιηιονιιιιι
2412 2811 2675 2863 librorum
2730 2812 2984 2866 Clemens
3031 2830 3250 2884 quoque
3299 2818 3706 2872 Alexnudrinus

2132 2903 2381 2955 meminit
2442 2904 2495 2956 in
2545 2918 2645 2956 suo
2687 2903 2757 2956 De
2793 2904 3049 2957 Puscltate
3089 2923 3276 2975 opere.
3317 2911 3460 2977 quod
3492 2924 3550 2963 se
3579 2924 3706 2978 pro-

2133 3007 2252 3064 pter
2307 2996 2615 3049 Mclitonem
2669 2998 3046 3065 Composuisse
3116 3009 3370 3053 testatur.
3433 3001 3700 3055 Praeterea

2135 3087 2428 3142 Melitionis
2471 3088 2613 3142 liber
2637 3091 3048 3154 circumfertur,
3091 3091 3166 3143 De
3215 3095 3612 3147 conversatione
3658 3106 3704 3144 et

2133 3179 2418 3248 pmp/ietis,
2454 3181 2581 3233 item
2611 3179 2685 3232 De
2715 3180 2972 3244 Ecclesia,
3003 3183 3145 3235 alius
3183 3183 3257 3236 De
3292 3185 3374 3238 die
3409 3184 3704 3249 Dominico,

455 3276 646 3344 ἔτερος
675 3275 770 3326 τοῦ
804 3275 1116 3336 Μελίτωνος
1160 3277 1410 3343 φέρεται,
1448 3276 1480 3327 ὁ
1519 3274 1656 3340 Περὶ
1721 3273 2028 3337 πολιτείας

2135 3269 2274 3321 alius
2319 3272 2390 3322 De
2442 3280 2636 3324 natura
2692 3280 2742 3324 et
2786 3274 3049 3325 creatione
3108 3275 3336 3328 hantinis
3386 3278 3706 3345 inscriptus.

454 3375 555 3422 αα)
590 3368 933 3437 προφητῶν·
958 3371 1048 3420 καὶ
1075 3372 1103 3421 ὁ
1123 3367 1265 3436 Περὶ
1313 3367 1692 3434 Ἐκκλησίας
1722 3367 1815 3418 καὶ
1836 3369 1864 3419 ὁ
1892 3365 2030 3431 Περὶ

461 3459 766 3528 Κυριακῆς
866 3460 946 3511 ἔτι
1006 3459 1066 3512 δὲ
1112 3461 1139 3512 ὁ
1179 3461 1318 3525 Περὶ
1380 3457 1640 3522 πίστεως
1710 3455 2030 3524 ἀνθρώπου

460 3554 558 3606 καὶ
587 3553 867 3617 πλάσεως
898 3550 999 3620 τὴν
1025 3552 1340 3620 ἐπιγραφὴν
1387 3549 1650 3618 εἰληφώςο
1696 3549 1788 3600 καὶ
1833 3550 1861 3600 ὁ
1893 3547 2028 3613 Περὶ

459 3644 735 3711 ὑπακοῆς
771 3628 1028 3706 πίστεως
1050 3657 1064 3672 ο
1118 3642 1212 3694 καὶ
1242 3642 1270 3693 ὁ
1303 3641 1439 3708 Περὶ
1474 3639 1902 3707 αἰσθητηρίων,
1937 3636 2030 3688 ὲπὶ

459 3741 524 3809 δὴ
555 3739 765 3802 τούτοις
805 3740 833 3792 ὁ
859 3735 999 3807 Περὶ
1044 3733 1256 3806 ψυχῆς
1307 3735 1456 3805 αὐτῷ
1493 3735 1592 3788 καί
1628 3731 1901 3799 σώματος
1936 3746 2032 3782 πε-

464 3836 770 3902 πονημένος
824 3831 992 3884 ἐστίν.
1044 3830 1131 3882 Ἐν
1187 3825 1268 3892 οἷς
1306 3830 1402 3881 καὶ
1453 3827 1590 3894 Περὶ
1632 3823 1894 3892 λουτροῦ
1931 3821 2030 3874 καί

462 3923 748 3989 ἀληθείας
767 3937 781 3951 ·
809 3921 901 3975 καὶ
928 3923 956 3972 ὁ
989 3919 1128 3986 Περὶ
1157 3920 1408 3984 κτίσεως
1442 3918 1540 3970 καί
1583 3914 1876 3986 γενέσεως
1897 3916 2032 3979 Χρι-

463 4019 570 4073 τοῦ
591 4035 605 4048 ·
644 4018 737 4070 καὶ
761 4017 940 4087 ἕτεροι
963 4016 1020 4068 δὲ
1051 4013 1198 4084 αὐτῷ
1225 4015 1598 4080 συνετάγησαν
1623 4015 1650 4042 ’ί
1669 4012 1698 4062 ὁ
1726 4009 1862 4076 Περὶ
1889 4023 2033 4074 προ-

462 4112 712 4180 φητείας
752 4109 852 4161 καί
881 4106 1234 4178 φιλοξενίας
1256 4123 1272 4138 ο
1303 4105 1379 4157 ἔτι
1409 4104 1466 4157 δὲ
1511 4105 1572 4158 Ἠ
1609 4100 1810 4166 κλεῖςο
1845 4100 1940 4152 καὶ
1967 4099 2034 4150 τὰ

463 4203 598 4272 Περὶ
623 4202 729 4257 τοῦ
749 4201 1058 4267 διαϐόλου,
1084 4201 1180 4254 καὶ
1210 4197 1321 4266 τῆς
1350 4192 2034 4263 ἈποκαλύψεωςἾωάν-

461 4315 572 4351 ἰ’ου
594 4314 607 4327 °
646 4297 789 4350 καὶὸ
818 4295 959 4362 Περὶ
1011 4293 1364 4362 ἐνσωμάτου
1425 4290 1613 4345 Θεοῦο
1657 4290 1753 4342 καὶ
1805 4287 1866 4340 τὸ
1894 4286 2032 4354 πρὸς

377 4415 380 4417 ·
420 4382 427 4388 ’
474 4392 791 4444 ’Δντωνῑνον
822 4389 914 4442 ἐπὶ
955 4389 1090 4440 πᾶσι
1115 4387 1318 4457 βιϐλίον
1337 4405 1348 4416 ·
1383 4388 1440 4439 ὲν
1470 4383 1512 4451 ᾧ
1541 4384 1633 4437 καί
1657 4402 1774 4437 τινα
1806 4385 2032 4436 τοιαῦτα

461 4485 581 4540 καθ’
613 4484 771 4554 ἡμῶν
820 4481 1076 4561 τηνικάδε
1109 4481 1372 4548 γινόμενα
1409 4479 1646 4546 ἱστορεῖο
1676 4494 1695 4526 ι
1725 4477 1798 4528 Τὸ
1828 4476 1938 4545 γὰρ
1971 4477 2031 4528 οὐ

2135 3360 2266 3415 Item
2326 3361 2398 3412 De
2431 3361 2721 3415 obedientia
2765 3363 2889 3427 ﬁdei
2918 3380 2939 3416 :
2977 3364 3050 3416 De
3079 3366 3316 3420 sensibus
3365 3365 3707 3440 [eorumque

2135 3452 2400 3524 sedibus].
2455 3455 2608 3507 Alius
2647 3465 2928 3522 praeterea,
2989 3457 3061 3508 De
3111 3458 3290 3512 anima
3351 3472 3399 3512 et
3463 3479 3702 3531 corpore.

2138 3545 2369 3606 Rursus,
2399 3544 2474 3597 De
2504 3545 2715 3598 lavacro
2750 3555 2798 3598 et
2835 3547 3092 3610 veritate;
3130 3549 3202 3600 De
3228 3547 3353 3616 ﬁde,
3389 3560 3437 3603 et
3469 3553 3531 3604 de
3559 3556 3706 3605 νηπίη

2135 3637 2295 3689 vitate
2337 3635 2552 3691 Christi.
2589 3638 2814 3708 Insuper
2847 3641 2923 3692 De
2957 3643 3269 3709 prophetia,
3308 3652 3356 3695 et
3386 3644 3449 3696 de
3474 3646 3708 3716 hospita-

2135 3728 2301 3782 litate.
2340 3731 2472 3785 Item
2507 3733 2550 3785 is
2575 3735 2667 3800 qui
2716 3733 2918 3786 dicitur
2945 3734 3120 3788 (Iiavis
3159 3751 3174 3789 :
3223 3735 3296 3788 De
3351 3737 3584 3799 diabolo,
3631 3739 3708 3792 De

2132 3823 2446 3894 Apocalypsi
2496 3824 2754 3887 Joannis,
2805 3825 2880 3876 De
2943 3826 3046 3880 Deo
3097 3844 3314 3896 corpore
3365 3830 3568 3883 induto.
3621 3831 3703 3884 Ad

2135 3917 2236 3970 hos
2260 3916 2473 3970 accedit
2504 3916 2642 3969 liber
2674 3916 2952 3970 Antonino
2991 3919 3230 3990 oblatus,
3263 3921 3317 3972 in
3346 3937 3455 3988 quo
3508 3933 3701 3976 contra

2136 4024 2236 4063 nos
2269 4021 2380 4062 tum
2435 4010 2696 4077 temporis
2728 4019 2940 4078 patrata
2981 4012 3103 4063 taiia
3133 4013 3379 4080 quaadam
3413 4025 3701 4068 memorat.

2142 4120 2160 4153 ι
2193 4101 2349 4169 Quod
2379 4115 2537 4156 antea
2562 4117 2838 4170 nunquam
2871 4117 2949 4157 est
2977 4105 3200 4168 factum,
3229 4106 3278 4159 id
3312 4123 3457 4161 nunc
3488 4109 3706 4162 tandem

2139 4195 2218 4256 iit,
2253 4207 2310 4248 ut
2331 4197 2574 4249 cultores
2591 4196 2684 4249 Dei
2713 4195 3046 4265 afﬂigantur,
3073 4215 3122 4252 et
3155 4201 3312 4252 novis
3351 4201 3546 4255 edictis
3577 4219 3707 4270 νιο-

2137 4289 2327 4356 positis
2359 4303 2455 4356 per
2504 4287 2686 4341 Asiam
2739 4289 3168 4356 proscribantur.
3203 4289 3364 4358 295
3415 4290 3707 4360 lmpudcn-

2137 4381 2329 4434 tissimi
2359 4381 2505 4434 enim
2533 4381 2885 4450 syc0phaulze
2906 4421 2920 4444 ,
2954 4390 3010 4433 et
3037 4382 3128 4448 qui
3160 4381 3354 4433 alternis
3395 4381 3554 4436 bouis
3584 4384 3708 4436 aui-

2138 4490 2282 4526 nium
2309 4488 2407 4542 per
2439 4473 2793 4538 cuttiditatcm
2827 4482 2880 4524 et
2918 4472 3201 4525 avaritiam
3237 4472 3506 4542 adjecere,
3549 4488 3710 4527 occa-

465 4580 685 4633 πώποτε
735 4577 1049 4646 γενόμενον,
1093 4572 1291 4641 λέγων,
1339 4570 1436 4624 νῦν
1481 4571 1774 4623 δεώκεται’
1815 4571 1875 4622 τὸ
1925 4569 2031 4622 τῶν

2139 4567 2291 4618 sione
2334 4581 2397 4618 ex
2453 4565 2762 4634 principum
2798 4564 3291 4618 constitutionibus
3327 4575 3570 4633 arrepta,
3612 4565 3708 4618 diu

369 4699 372 4702 ·
461 4671 732 4726 θεοσεϐὦν
758 4673 940 4737 γένος,
970 4669 1178 4729 καινοῖς
1224 4665 1581 4733 ἐλαυνόμενον
1613 4665 1850 4732 δόγμασι
1889 4663 2031 4716 κατὰ

459 4766 557 4834 τὴν
607 4764 818 4816 Ἀσίαν.
853 4761 916 4814 Oi
958 4759 1066 4827 γὰρ
1109 4755 1349 4820 ἀναιδεῖς
1399 4754 1737 4824 συκοφάνται
1783 4755 1876 4807 καὶ
1923 4754 2033 4806 τῶν

460 4857 762 4926 ἀλλοτρίων
791 4854 1042 4924 ἐρασταὶ,
1075 4852 1174 4920 τὴν
1203 4851 1266 4902 ὲκ
1297 4849 1404 4901 τῶν
1438 4848 1832 4917 διαταγμάτων
1883 4846 2034 4914 ἔχον-

459 4970 548 5018 τες
578 4949 856 5021 ἀφορμὴν,
891 4944 1146 5015 φανερῶς
1175 4941 1503 5012 λῃστεύουσι
1536 4941 1750 5010 νύκτωρ
1787 4944 1880 4992 καὶ
1912 4939 2032 5008 μεθ’

459 5046 676 5116 ἡμέραν
715 5040 1111 5110 διαρπάζοντες
1153 5037 1282 5099 τοὺς
1316 5036 1484 5105 μηδὲν
1535 5033 1875 5094 ἀδικοῦντας.
1925 5034 2035 5085 Καὶ

462 5145 506 5193 εξ
546 5139 645 5208 μὲν
683 5137 777 5190 σοῦ
814 5133 1175 5194 κελεύσαντος
1201 5128 1361 5182 τοῦτο)
1418 5128 1740 5195 πράττεται,
1771 5128 1911 5178 ἔστω
1937 5143 2036 5179 κα-

461 5233 566 5292 λῶς
602 5229 918 5299 γινόμενον
950 5226 1162 5287 δίκαιος
1194 5222 1302 5290 γὰρ
1336 5220 1589 5290 βασιλεὺς
1612 5221 1713 5271 οὐκ
1747 5219 1812 5271 ἂν
1835 5219 2036 5280 ἀδίκως

467 5324 817 5393 βουλεύσαιτο
846 5318 1066 5371 πώποτε
1096 5333 1110 5348 ·
1144 5315 1238 5370 καὶ
1269 5315 1426 5395 ἡμεῖς
1467 5314 1640 5381 ἡδέως
1671 5313 1912 5381 φέρομεν
1942 5311 2034 5363 τοῦ

462 5420 710 5472 τοιούτου
746 5415 980 5468 θανάτου
1013 5413 1073 5464 τὸ
1109 5410 1302 5479 γέρας.
1343 5407 1562 5476 Ταύτην
1589 5406 1644 5458 δέ
1683 5423 1767 5456 σοι
1797 5405 2038 5474 προσφέ-

465 5528 633 5582 ρομεν
665 5510 854 5580 δέησιν
887 5505 1080 5576 μόνην,
1126 5504 1215 5557 ῐνα
1265 5503 1426 5566 αὐτὸς
1480 5501 1748 5570 πρότερον
1781 5503 2037 5567 ἐπιγνοὺς

460 5603 734 5670 τοὺςτῆς
789 5599 1046 5670 τοιαύτης
1107 5596 1451 5666 φιλονεικίας
1517 5595 1755 5666 ἐργάτας
1809 5594 2052 5654 δικαίως.

463 5696 735 5765 κρίνειας,
771 5692 819 5744 εί
851 5692 991 5756 ἄξιοι
1044 5689 1282 5742 Θανάτου
1318 5691 1412 5742 καὶ
1459 5688 1750 5758 τιμωρίας,
1783 5687 1813 5755 ἦ
1870 5702 2041 5754 σωτη-

462 5789 587 5860 ρίας
607 5789 700 5841 καί
732 5787 961 5857 ἡσυχίας
990 5785 1147 5837 εἰσίν.
1181 5785 1240 5836 Εἰ
1262 5783 1320 5836 δὲ
1354 5783 1448 5836 καὶ
1481 5782 1630 5849 παρὰ
1672 5780 1764 5832 σοῦ
1791 5779 1852 5830 τὸ
1883 5780 2040 5846 σῶμα

465 5882 543 5952 τῷ
584 5882 714 5950 πυρὶ
743 5882 949 5948 ἐπαφῇ,
998 5879 1090 5931 καὶ
1133 5877 1190 5930 τὸ
1248 5877 1432 5929 καινὶν
1477 5875 1633 5926 τοῦτο
1684 5871 1980 5942 διάταγμα,
2015 5870 2042 5922 ὃ

2136 4667 2414 4725 noctuque
2469 4656 2749 4724 proiialam
2796 4655 3084 4708 excutiunt
3116 4664 3172 4708 et
3219 4655 3438 4723 rapiunt
3469 4671 3564 4709 eos
3614 4657 3708 4724 qui

2137 4750 2273 4803 nihil
2317 4749 2590 4802 admisere
2642 4748 2792 4801 mali.
2829 4747 2905 4800 Ac
2939 4747 2983 4799 si
3018 4747 3242 4814 quidem
3280 4749 3567 4817 baacjnssu
3609 4758 3709 4801 tuo

2121 4844 2290 4905 'iiaut,
2331 4843 2402 4896 sit
2425 4855 2555 4895 sane
2589 4851 2736 4893 recte
2785 4840 3011 4893 factum.
3045 4839 3236 4893 Jusws
3265 4840 3412 4892 enim
3457 4841 3712 4908 princeps

2136 4937 2272 4990 nihil
2327 4936 2511 5004 injusti
2555 4934 2807 4986 slnlllel‘ll
2860 4948 3099 5000 ttnqumt
3141 4951 3153 4985 :
3203 4946 3262 4986 et
3316 4949 3418 4986 nos
3456 4949 3612 5002 aequo
3646 4936 3710 4986 li-

2140 5029 2403 5096 bentiqne
2459 5027 2643 5079 animo
2692 5025 2924 5078 caedium
2968 5025 3237 5093 ejusmodi
3291 5025 3518 5079 ferimus
3575 5041 3713 5093 pra--

2139 5123 2330 5174 niium.
2366 5119 2442 5172 Te
2470 5135 2601 5172 vero
2630 5117 2761 5170 illud
2785 5117 2947 5170 modo
2971 5133 3227 5186 rogamus
3249 5158 3264 5182 ,
3299 5127 3358 5169 ut
3398 5117 3513 5184 ipse
3557 5117 3712 5184 prius

2141 5229 2255 5267 rem
2282 5213 2557 5278 dispicias,
2585 5222 2951 5279 auctoresque
2992 5220 3154 5263 tanta:
3181 5209 3496 5278 pertinaciae
3525 5213 3709 5276 inqut-

2140 5323 2249 5370 ras,
2283 5321 2447 5375 atque
2479 5320 2546 5358 ex
2574 5321 2732 5372 aequo
2775 5316 2831 5356 et
2865 5305 3010 5355 bono
3035 5302 3326 5362 decernas,
3365 5301 3712 5368 supplieione

2139 5409 2196 5452 et
2220 5409 2416 5462 morte,
2443 5413 2511 5450 an
2543 5398 2722 5449 salute
2753 5405 2808 5447 ct
2835 5395 3018 5462 quiete
3053 5393 3163 5446 sint
3189 5392 3357 5460 digni.
3393 5392 3488 5444 Sin
3529 5401 3712 5443 autem

2143 5501 2194 5544 te
2224 5505 2443 5560 quoque
2479 5487 2704 5541 minimc
2732 5485 2941 5539 sciente
2967 5499 3106 5536 nova
3145 5482 3261 5535 lucc
3292 5481 3614 5534 constitutio
3660 5493 3716 5534 et

2141 5584 2355 5640 sanctio
2398 5582 2514 5638 iure
2540 5591 2623 5636 est
2661 5579 3024 5650 promulgata,
3072 5586 3130 5628 ut
3179 5576 3456 5630 inusitato
3491 5590 3716 5643 prorsus

2145 5695 2298 5733 more
2357 5677 2412 5731 in
2467 5693 2568 5732 nos
2618 5678 2894 5738 saviatur,
2925 5671 3072 5742 quod
3117 5680 3276 5724 antea
3333 5685 3400 5723 ne
3451 5668 3720 5722 adversus

2145 5773 2417 5828 Barbaros
2445 5771 2666 5840 quidem
2695 5770 2883 5824 hostes
2909 5764 3027 5822 ﬁeri
3081 5764 3268 5820 decuit
3297 5782 3309 5818 :
3338 5764 3509 5817 multo
3547 5762 3718 5830 magis

2145 5864 2516 5919 obscerandus
2545 5862 2702 5917 nobis
2728 5876 2806 5925 es,
2839 5876 2905 5916 nc
2933 5873 3034 5915 nos
3083 5859 3136 5914 in
3172 5866 3276 5912 Iam
3309 5865 3493 5927 aperta
3529 5861 3582 5911 et
3608 5868 3708 5923 pu-
