4032 6482
461 420 600 485 Ῑθθῖἶ

1679 422 2110 482 NlCEI’llOBI
2151 418 2499 480 CALLlSTI

3587 421 3745 483 1031

457 546 642 589 ιιοςιιθει
672 534 1054 596 decertarunt,
1098 545 1151 588 et
1185 536 1455 590 adversus
1489 536 1732 591 haereses
1758 537 2037 606 depugna-

2143 536 2283 606 ὑπὲρ
2308 537 2404 604 τῆς
2423 534 2662 596 πίστεως
2678 531 3092 601 ἀγωνιζόμενοι,
3118 531 3249 601 πρός
3269 549 3325 584 τε
3349 531 3446 594 τὰς
3477 535 3746 602 αίρ.’σεις

453 635 584 678 runt
617 639 632 676 :
671 624 1046 692 Ecclesizeque
1072 636 1217 680 statu
1247 635 1302 681 et
1332 629 1578 682 moribus
1604 630 1860 698 receptis,
1888 630 2036 684 aliis-

447 731 556 784 que
582 729 705 782 quae
733 715 815 769 vel
851 717 1072 784 scriptis
1107 719 1190 771 'vel
1248 718 1366 772 sine
1422 720 1590 790 298
1619 721 1840 788 scriptis
1866 735 1896 774 a
1925 735 2038 774 ma—

444 806 662 878 joribus
689 807 1061 876 accepissent,
1097 809 1155 862 in
1189 809 1404 864 litteras
1445 812 1656 875 relatis,
1699 813 1874 868 libros
1913 812 2033 882 plu-

447 901 620 954 rimos
652 901 963 968 posteritati
991 901 1365 972 reliquerunt.
1395 904 1610 970 Quibus
1635 905 1799 976 Cajus
1814 913 1870 958 et
1903 903 2037 958 Ter-

449 993 718 1047 tullianus
775 995 978 1047 merito
1009 1003 1139 1049 sunt
1197 995 1588 1060 enumerandi,
1645 997 1738 1066 qui
1800 997 2035 1066 plurima

449 1093 599 1140 certe
625 1093 682 1140 et
721 1084 1097 1154 pulcherrima
1126 1085 1421 1140 ediderunt
1451 1087 1658 1156 scripta
1692 1106 1705 1140 :
1738 1103 1858 1157 qua:
1881 1085 2034 1156 sigilo

447 1179 604 1232 latim
645 1192 962 1241 recensere,
1012 1180 1300 1248 praesentis
1340 1179 1579 1235 instituti
1611 1196 1722 1234 non
1755 1189 1860 1235 est.
1897 1180 2034 1234 Ter-

451 1269 716 1323 tullianus
751 1284 918 1338 porro
961 1269 1065 1324 iste
1110 1269 1400 1340 presbyter
1448 1270 1588 1335 fuit,
1645 1283 1800 1342 patre
1843 1278 2040 1326 centu-

448 1361 603 1414 rione
642 1371 807 1414 natus
835 1377 848 1411 :
875 1361 1034 1430 cujus
1083 1359 1324 1418 lectione
1373 1361 1686 1433 Cyprianus
1730 1362 2034 1432 plurimum

447 1461 536 1507 est
561 1452 893 1507 delectatus.
931 1453 992 1504 Et
1017 1452 1167 1522 quod
1195 1453 1514 1522 eloquentia
1539 1455 1837 1510 admodum
1863 1456 2036 1526 polle-

450 1556 554 1608 ret,
590 1544 793 1599 multos
833 1545 938 1599 sub
986 1544 1195 1600 Severo
1241 1546 1580 1617 imperatore
1627 1549 1942 1618 composuit
1973 1547 2042 1603 li-

447 1640 597 1692 bros.
641 1638 748 1693 Sed
799 1647 991 1708 postea
1043 1649 1270 1710 propter
1298 1641 1436 1696 cleri
1480 1642 1714 1696 Romani
1749 1641 2036 1705 invidiam,

446 1732 512 1784 ad
559 1731 794 1786 Montani
827 1741 914 1786 est
958 1733 1218 1802 delapsus
1261 1733 1458 1803 dogma
1483 1773 1499 1800 ,
1535 1744 1590 1788 et
1619 1735 1792 1789 libros
1827 1735 2038 1804 aliquot

448 1825 724 1878 adversus
753 1823 1086 1901 Ecclesiam,
1106 1824 1348 1880 Montani
1367 1827 1684 1894 Opinionem
1709 1825 2032 1894 defendens,

2140 623 2585 694 ἀπομαχόμενοι,
2629 623 3037 691 συγγράφοντες
3076 639 3134 674 τε
3170 625 3260 676 καὶ
3285 621 3622 695 ἱστοροῦντες
3655 627 3746 680 τὰ

2135 717 2235 784 τῆς
2253 715 2712 786 ἑκκλησιαστικῆς
2728 730 2868 769 κατα
2879 715 3117 778 στάσεως
3136 715 3321 786 ἔθιμα,
3337 717 3438 770 ὃσα
3451 733 3512 772 τε
3529 717 3746 789 ἐγγρά-

2138 825 2254 878 φως
2279 810 2373 862 καὶ
2403 811 2667 877 ἀγράφως
2697 808 3033 879 παρέ>α6ον,
3064 808 3294 864 πλεῖστα
3321 811 3738 866 καταλελοίπα-

2139 917 2224 954 σιν
2247 917 2264 936 ο
2299 897 2380 966 οἷς
2404 905 2499 956 καὶ
2519 902 2680 966 Γάϊος
2712 901 2808 956 καὶ
2829 901 3221 972 Τερτυλλιανὺς
3253 903 3745 974 ἀριθμείσθωσαν,

2138 995 2372 1048 πλεῖστα
2403 995 2466 1066 δὴ
2498 996 2595 1048 καὶ
2620 995 2884 1048 κάλλιστα
2913 995 3010 1048 καὶ
3043 995 3198 1046 αὐτοὶ
3223 994 3684 1067 συγγραψάμενοι
3717 1011 3738 1027 ο

2138 1085 2174 1140 ἃ
2209 1087 2329 1140 καθ’
2368 1088 2597 1141 ἕκαστον
2638 1087 2964 1154 καταλέγειν
3022 1087 3214 1158 πόρρω
3263 1085 3364 1158 τῆς
3439 1087 3744 1159 παρούσης

2139 1181 2524 1250 πραγματείας
2553 1180 2724 1234 ἐστίν.
2756 1180 2815 1232 '0
2855 1180 2913 1233 δὲ
2948 1178 3340 1250 Τερτυλλιανδς
3388 1180 3542 1244 οὗτος
3584 1198 3743 1251 πρε-

2140 1274 2400 1346 σόὐτερος
2433 1270 2524 1344 ἦν,
2558 1275 2766 1344 πατρὸς
2807 1274 3193 1341 κεντυρίωνος,
3239 1266 3284 1341 ᾧ
3334 1274 3659 1344 Κυπριανδς
3695 1277 3736 1326 6
3831 1265 3846 1275 ’

2141 1367 2352 1437 μάρτυς
2388 1367 2595 1436 σφόδρα
2621 1364 2892 1435 ὡμίλησε.
2931 1365 3066 1418 Δίαν
3103 1364 3160 1417 δὲ
3200 1364 3384 1432 λόγιος
3415 1362 3514 1428 ὢν,
3547 1365 3736 1417 πολλὰ

2140 1459 2558 1529 συγγράμματα
2602 1456 3000 1511 καταλέλοιπεν
3050 1458 3144 1508 ἐπὶ
3194 1457 3463 1526 Σευήρου.
3519 1457 3736 1509 ’Υστῖ-

2141 1569 2234 1624 ρον
2278 1552 2458 1622 φθόνῳ
2504 1551 2614 1607 τῶν
2647 1550 2928 1621 κληρικῶν
2965 1547 3182 1619 Ῥώμης
3214 1554 3294 1614 είς
3342 1551 3402 1603 τὸ
3437 1549 3730 1603 Μοντανοῦ

2137 1644 2315 1712 δόγμα
2335 1643 2630 1712 ὠλίσθησε,
2662 1645 2754 1696 καὶ
2778 1641 2971 1710 λόγους
3000 1642 3151 1703 τινας
3180 1641 3322 1695 κατὰ
3356 1643 3453 1710 τῆς
3485 1640 3720 1710 Ἐκκλη-

2142 1736 2262 1798 σίας
2316 1734 2699 1806 συνεγράψατο
2731 1733 2824 1788 τοῦ
2878 1734 3159 1787 Μοντανοῦ
3196 1731 3729 1804 ὐπεραπολογούμε-

2141 1841 2266 1888 νος·
2300 1828 2394 1880 καὶ
2439 1825 2580 1894 Περὶ
2628 1826 3038 1896 σωφροσύνης
3077 1825 3178 1880 καί
3230 1826 3362 1894 περὶ
3412 1826 3724 1893 νηστείας,

447 1917 645 1972 edidit.
679 1916 914 1986 Scripsit
943 1917 1110 1970 etiam
1147 1917 1222 1971 De
1252 1917 1536 1989 pudicitia,
1560 1919 1632 1972 De
1651 1919 2032 1989 persecutione,

2141 1919 2275 1986 Περὶ
2305 1920 2679 1989 μογογαμίας
2718 1919 2818 1973 καὶ
2849 1920 2990 1987 Περὶ
3029 1919 3374 1984 ἐκστάσεως
3401 1918 3590 1986 λόγους
3622 1915 3723 1980 ἓξ·

453 2010 527 2062 De
561 2010 793 2079 jejunio,
847 2007 922 2062 De
952 2012 1313 2081 monogamia,
1351 2010 1426 2064 De
1473 2013 1669 2064 cxstasi
1700 2011 1872 2065 libros
1900 2025 2034 2077 sex;

449 2106 646 2160 Contra
682 2105 1025 2175 Apollonium
1051 2115 1286 2176 septem,
1319 2115 1377 2160 et
1415 2106 1606 2176 plures
1635 2106 1795 2162 alios.
1826 2105 2040 2172 Quibus

448 2198 766 2267 Apologiam
799 2214 896 2266 pro
927 2197 1034 2264 [ide
1069 2200 1134 2251 ad
1162 2209 1415 2252 senatum
1458 2199 1770 2253 Romanum
1805 2197 2036 2260 addidit,

444 2289 500 2342 in
538 2306 644 2358 qua
671 2299 1064 2343 commemorat
1101 2309 1112 2342 :
1159 2304 1285 2344 cum
1327 2289 1543 2344 Marcus
1577 2290 1886 2345 Antoninus
1928 2289 2041 2344 bel-

445 2379 558 2432 lum
595 2388 786 2434 contra
815 2379 1124 2435 Germanos
1146 2388 1201 2434 et
1231 2379 1513 2434 Sarmatas
1553 2391 1796 2450 gereret,
1837 2383 2040 2436 aciem-

447 2489 555 2541 que
589 2472 856 2528 adversiis
902 2472 1090 2528 hostes
1119 2482 1382 2539 strueret,
1423 2475 1734 2529 exercitum
1767 2475 1890 2543 ejus
1917 2489 2038 2528 om-

447 2579 603 2626 nem,
643 2573 871 2634 propter
899 2565 1047 2619 sitim
1082 2579 1305 2634 gravem
1323 2575 1376 2620 et
1398 2566 1737 2633 diuturnam,
1760 2567 1826 2621 ad
1854 2582 2038 2622 rerum

447 2656 694 2710 omnium
716 2657 954 2726 inopiam
975 2665 1030 2710 et
1047 2656 1490 2726 desperationem
1511 2658 1852 2728 pervenisse,
1877 2675 1940 2714 ac
1961 2659 2042 2714 le-

445 2749 665 2819 gionem
702 2760 942 2802 nostram
969 2750 1024 2803 in
1053 2765 1230 2820 genua
1259 2766 1411 2804 more
1435 2760 1629 2805 nostro
1653 2752 2038 2820 procubuisse,

447 2849 766 2912 precantem
827 2850 993 2910 atque
1025 2840 1122 2896 Dei
1152 2855 1312 2910 opem
1341 2840 1731 2911 implorantem
1768 2858 2040 2912 :eamque

448 2953 592 3002 rem,
621 2948 680 2991 ut
713 2952 906 2993 novam
937 2946 996 2992 et
1029 2938 1331 3000 insolitam,
1366 2938 1621 2992 hostibus
1654 2948 1926 2993 terrorem
1960 2943 2041 2992 in-

449 3041 670 3102 gentem
705 3031 1024 3086 incussisse.
1051 3031 1230 3100 Atque
1254 3031 1362 3084 illis
1381 3031 1447 3084 ad
1474 3046 1601 3084 eum
1633 3031 1856 3086 modum
1877 3047 2042 3084 oran-

451 3124 601 3179 tibus
659 3121 807 3177 aliud
849 3122 1076 3191 insuper
1119 3123 1332 3192 majus.
1389 3130 1591 3192 praeter
1632 3124 1952 3192 opinionem
1983 3132 2040 3179 et

449 3209 952 3280 exspectationem,
983 3209 1256 3264 accidisse
1302 3209 1402 3280 (l).
1430 3209 1567 3265 Cum
1599 3213 1745 3266 enim
1778 3211 2038 3282 frequen-

451 3299 604 3356 tibus
627 3300 917 3355 lulminnm
946 3299 1149 3355 ictibus
1180 3301 1370 3356 hostes
1418 3303 1606 3372 pulsos
1631 3304 1730 3373 (2),
1781 3315 1896 3359 tum
1940 3304 2036 3375 qui

452 3410 515 3446 ea
563 3404 694 3449 sunt
741 3393 1050 3460 subsecuti,
1099 3393 1267 3447 multa
1313 3395 1612 3452 densorum
1663 3396 1926 3451 imbrium
1961 3399 2034 3465 vi,

454 3488 762 3541 exercitum
807 3486 1032 3556 jamjam
1076 3485 1167 3540 siti
1216 3495 1272 3540 et
1313 3502 1471 3557 aqua:
1506 3489 1742 3558 penuria
1779 3493 2039 3546 interitu-

459 3594 601 3640 rum,
635 3585 942 3632 recreatum
990 3587 1044 3632 et
1073 3577 1391 3634 restitutum
1438 3595 1583 3635 esse.
1617 3579 1748 3636 Tam
1787 3582 2039 3638 ellicaces

454 3671 670 3724 scilicet
698 3679 1014 3725 nostrorum
1044 3670 1216 3724 fuisse
1241 3687 1458 3740 preces.
1485 3673 1640 3728 Hanc
1671 3690 1786 3728 rem
1822 3675 2037 3743 profani

454 3764 622 3815 etiam
652 3760 902 3815 historici
942 3760 1246 3827 tradidere,
1272 3762 1365 3832 qui
1395 3763 1464 3817 de
1502 3763 1766 3819 Romanis
1801 3766 2039 3835 impera-

455 3857 672 3910 toribus
702 3853 1086 3924 scripserunt;
1118 3871 1227 3909 non
1263 3856 1340 3909 illi
1373 3857 1598 3926 quidem
1633 3859 1892 3926 precibus
1937 3875 2041 3912 noo

456 3959 698 3999 atrorum
749 3944 1015 3999 miracula
1092 3954 1242 3999 tanta
1314 3946 1656 4002 ascribentes
1713 3949 2040 4018 (quomodo

454 4042 604 4095 enim
637 4040 690 4094 id
720 4038 997 4105 facerent,
1033 4039 1127 4110 qui
1159 4039 1362 4095 alienis
1392 4057 1621 4111 prorsus
1649 4059 1678 4097 a
1713 4044 1876 4099 nobis
1908 4058 2040 4101 sunt

457 4132 747 4199 animis?),
799 4130 895 4186 scd
945 4130 1040 4200 qui
1096 4131 1336 4199 partium
1387 4142 1702 4186 nostrarum
1735 4145 1886 4199 sunt,
1945 4148 2040 4190 aut

456 4225 620 4278 ιωδέ
651 4222 857 4286 favent,
909 4221 1057 4274 nulla
1090 4221 1375 4289 depravati
1407 4222 1724 4288 aﬂéctione,
1769 4225 2040 4295 simplici-

457 4330 542 4371 ter
568 4327 782 4371 et-vere
829 4314 1150 4369 hominibus
1187 4313 1239 4367 id
1277 4315 1480 4367 factum
1515 4316 1722 4370 nostris
1764 4317 2037 4374 tribuunt.

461 4409 538 4464 Ex
571 4408 774 4478 quibus
804 4405 1138 4476 Apollinaris
1167 4406 1444 4459 memoriae
1475 4407 1778 4472 mandavit,
1805 4409 2041 4478 impera-

461 4517 637 4558 torem
690 4501 978 4563 statuisse,
1032 4508 1092 4552 ut
1140 4498 1286 4568 legio
1333 4513 1396 4552 ea
1442 4515 1563 4569 quae
1606 4515 1671 4556 ex
1707 4499 2039 4558 Christianis

2142 2013 2238 2068 καὶ
2268 2013 2410 2066 ἑπτὰ
2447 2010 2608 2066 Κατὰ
2639 2012 3050 2065 Ἀπολλωνίου
3070 2025 3085 2041 ⁸
3119 2011 3216 2064 καὶ
3257 2009 3423 2079 ἕτερα
3451 2009 3680 2060 πλεῖστα
3703 2024 3718 2038 ·

2140 2106 2342 2176 γράφει
2369 2105 2426 2157 δὲ
2450 2105 2584 2173 πρὸς
2609 2105 2823 2166 τούτοις
2849 2105 2943 2155 καὶ
2959 2103 3324 2171 Ἀπολογίαν
3346 2103 3411 2171 τῇ
3431 2100 3726 2169 Ῥωμαίων

2143 2199 2434 2267 συγκλήτῳ
2457 2197 2611 2264 ὑπὲρ
2644 2195 2755 2264 τῆς
2787 2197 3078 2261 πίστεως’
3107 2196 3165 2248 ὲν
3193 2189 3226 2268 ᾖ
3255 2191 3621 2262 παρατίθησιν
3641 2192 3724 2255 ὡς

2142 2293 2236 2345 ἐπὶ
2269 2291 2499 2360 Μάρκου
2533 2289 2856 2342 Ἀντωνίνου
2881 2289 2940 2340 ὲν
2964 2287 3244 2357 Γερμανίᾳ
3278 2285 3372 2339 καὶ
3402 2285 3726 2354 Σαρμάταις

2145 2381 2350 2449 μάχαις
2386 2379 2870 2449 παραταττόμενον
2897 2375 3040 2446 δίψει
3077 2373 3382 2445 πεζομένης
3413 2375 3512 2442 τῆς
3550 2390 3723 2443 στρα-

2141 2472 2267 2534 τιᾶς
2298 2473 2355 2523 ὲν
2383 2471 2664 2541 ἀμηχανίᾳ
2707 2467 2964 2536 γενέσθαι
2986 2481 3001 2497 ⁶
3038 2467 3140 2538 τὴν
3170 2466 3214 2519 δ’
3250 2464 3358 2518 ἀπὸ
3389 2465 3486 2535 τῆς
3520 2465 3726 2535 ἡμετέ-

2145 2575 2246 2629 ρας
2289 2559 2556 2628 λεγεῶτος
2595 2557 2924 2627 παράταξιν,
2967 2557 3098 2627 γόνυ
3151 2555 3433 2617 κλίνασαν,
3488 2553 3561 2617 ὡς
3599 2556 3726 2617 ἔθος

2141 2655 2301 2722 ἡμῖν,
2328 2655 2409 2716 εἰς
2454 2653 2622 2724 εὐχὴν
2653 2651 2960 2722 τραπέσθαι
2995 2651 3085 2706 καὶ
3119 2653 3394 2706 δυσωπεῖν
3439 2655 3532 2707 τὸν
3563 2653 3720 2708 Θεόν.

2151 2748 2217 2800 Ὀ
2247 2746 2308 2817 δὴ
2341 2747 2491 2812 ξένον
2517 2748 2612 2800 καὶ
2644 2747 2811 2814 ἄηθες
2843 2750 2954 2810 τοῖς
2989 2730 3268 2818 πολεμίοις
3291 2749 3481 2817 φανὲν,
3517 2749 3723 2820 ἐκπλη-

2145 2854 2274 2890 κτον
2329 2834 2418 2908 ἦν.
2461 2837 2620 2892 Οὖτω
2677 2837 2724 2891 δ’
2767 2837 2987 2908 ἔχουσιν
3035 2839 3229 2912 ἕτερον
3289 2841 3721 2913 παραδοξότερον

2143 2930 2452 2998 ἐπιγίνεται
2477 2942 2491 2957 ’
2526 2930 2767 2998 σκηπτὸς
2793 2931 2901 3000 γὰρ
2920 2932 3196 2985 εἰσπεσὼν
3227 2933 3441 3004 ἀθρόον,
3477 2935 3723 2999 ἐκείνους

2147 3025 2246 3092 μὲν
2276 3025 2357 3086 εἰς
2387 3023 2566 3094 φυγὴν
2591 3023 2822 3094 ἤλαυνεν
2843 3040 2858 3053 ·
2894 3025 3087 3094 συχνὸς
3117 3025 3161 3078 δ’
3187 3023 3396 3098 ὄμϐρος
3420 3029 3722 3100 ἐπικαταρ-

2145 3115 2356 3185 ραγεὶς,
2385 3113 2484 3182 τὴν
2518 3115 2644 3166 ὅσον
2697 3113 2852 3167 οὐπω
2889 3114 3194 3183 μέλλουσαν
3248 3115 3719 3187 διαφθαρήσεσθαι

2147 3205 2405 3276 στρατιὰν
2431 3207 2496 3276 τῇ
2527 3204 2659 3276 δίψῃ
2683 3204 2844 3268 εὐθὺς
2866 3207 3133 3260 ἀνεκτᾶτο
3161 3208 3282 3270 ταῖς
3300 3208 3408 3260 τῶν
3433 3208 3718 3279 ἡμετέρων

2143 3301 2367 3368 εὐχαῖς·
2421 3299 2494 3360 ὡς
2545 3299 2609 3366 δὴ
2643 3301 2881 3362 καὶτοῖς
2930 3298 3130 3362 ἔξωθεν
3189 3301 3479 3370 ἱστορικοῖς
3523 3302 3720 3370 ἀναγέ-

2141 3408 2410 3460 γραπται,
2443 3383 2524 3453 οἷς
2552 3391 2747 3458 μέλλον
2777 3391 2970 3460 γέγονε
2999 3392 3069 3444 τὰ
3102 3395 3245 3446 κατὰ
3282 3393 3406 3456 τοὺς
3435 3393 3717 3464 Καίσαρος

2142 3485 2503 3554 ἀναγράφειν.
2538 3485 2612 3538 Οὐ
2672 3483 2778 3555 μὴν
2807 3487 2931 3548 ταῖς
2989 3484 3150 3556 ἡμῶν
3199 3487 3386 3556 εὐχαῖς
3426 3489 3624 3541 ἐκεῖνοι
3656 3489 3718 3542 τὸ

2142 3579 2447 3648 παράδοξ·ιν
2495 3579 2880 3649 ἀναγράφουσι
2903 3595 2917 3610 ο
2952 3579 3070 3641 πῶς
3114 3579 3224 3651 γὰρ
3252 3582 3532 3645 ἁνοικείως
3569 3583 3716 3654 μάλα

2143 3671 2276 3738 προς
2331 3670 2478 3740 ἡμᾶς
2512 3669 2762 3740 ἕχοντες;
2797 3671 2912 3724 ὅσοι
2942 3670 2999 3722 δέ
3031 3687 3097 3738 γε
3130 3673 3414 3742 ἡμέτεροι,
3458 3675 3550 3727 καὶ
3585 3675 3716 3744 ἡμῖν

2143 3763 2310 3832 φίλοι,
2339 3763 2496 3834 ἁπλῷ
2529 3765 2626 3817 καὶ
2659 3764 2958 3832 ἀκακοὴθει
2989 3763 3066 3833 τῷ
3096 3765 3286 3834 τρόπῳ
3321 3767 3450 3835 ἡμῖν
3483 3767 3544 3820 τὸ
3577 3785 3712 3837 πρα-

2141 3854 2272 3924 χθὲν
2309 3857 2714 3926 ἐπιγράφουσιν
2740 3870 2754 3884 ·
2787 3850 2860 3909 ὧν
2888 3851 2970 3920 εἷς
2993 3857 3088 3909 καὶ
3121 3857 3552 3928 ’Δπολλινάριος,
3577 3860 3716 3912 icto-

2144 3946 2256 4017 ρῶν
2290 3948 2389 4014 τὴν
2442 3948 2551 3999 τῶν
2586 3949 2878 4018 ἡμετέρων
2932 3949 3150 4018 ἐκείνην
3199 3949 3444 4018 λεγεῶνα
3499 3950 3714 4015 ἐντάξαι

2141 4038 2232 4091 τὸν
2263 4038 2492 4109 βασιλέα
2517 4041 2671 4092 ἐσαεὶ
2695 4039 2788 4092 τοῦ
2837 4039 3070 4110 στρατοῦ
3106 4042 3488 4110 προηγεῖσθαι,
3518 4045 3582 4095 ἐκ
3624 4061 3713 4096 πι-

2143 4132 2285 4185 στῶν
2315 4135 2712 4200 συνεστηκυῖαν
2740 4133 2951 4204 ἀνδρῶν
2978 4149 2992 4164 ·
3027 4134 3059 4205 ἢ
3093 4135 3187 4186 καὶ
3209 4134 3306 4204 τὴν
3329 4135 3714 4205 κεραυνοῦόλος

2142 4225 2521 4296 προσηγορίαν
2550 4226 2616 4276 ἐκ
2639 4224 2913 4294 βασιλέως
2949 4228 3243 4296 ἐκτήσατο.
3275 4228 3382 4283 Ναὶ
3429 4229 3535 4298 μὴν
3571 4229 3660 4284 καὶ
3686 4233 3714 4282 ὀ

2143 4311 2540 4384 Τερτυλλιανὸς
2567 4313 2867 4384 ἀξιόχρεως
2913 4315 2980 4368 ἂν
3030 4316 3117 4384 εἴη
3150 4317 3277 4370 τάδε
3331 4318 3462 4388 περὶ
3511 4318 3715 4370 τούτων

2141 4403 2350 4469 διεξιών
2375 4420 2388 4434 °
2429 4423 2446 4454 ι
2488 4405 2719 4475 Μάρκου
2751 4407 2846 4460 τοῦ
2896 4407 3272 4462 συνετωτάτου
3306 4411 3562 4480 βασιλέως
3596 4413 3716 4463 ἐπι-

2145 4495 2339 4558 στολὰς
2377 4497 2546 4548 εἰσέτι
2579 4496 2673 4549 νῦν
2709 4496 2974 4567 φέρεσθαι
2990 4514 3012 4554 ,·
3045 4499 3102 4551 ὲν
3129 4493 3216 4561 αἷς
3254 4500 3414 4560 αὐτὸς
3441 4501 3714 4569 μαρτύρε-

458 4603 739 4651 constaret
794 4590 1064 4646 militibus
1109 4590 1211 4660 (5),
1265 4593 1626 4661 praerogativa
1677 4593 1912 4662 quadam
1961 4595 2037 4664 (4)

2143 4605 2232 4642 ται
2270 4593 2326 4640 εν
2363 4589 2645 4660 Γερμανίᾳ
2675 4589 2866 4653 ὕδατος
2899 4589 3106 4661 ἀπορίᾳ
3140 4589 3408 4660 μέλλοντα
3436 4593 3524 4644 τὸν
3552 4609 3714 4661 στρα-

458 4690 763 4761 principem
808 4687 864 4740 in
920 4686 1169 4738 exercitu
1206 4684 1486 4740 obtineret
1532 4686 1748 4749 locum,
1799 4687 2036 4754 aliisque

451 4795 670 4848 semper
703 4777 927 4848 praeiret
955 4774 1132 4844 copiis
1169 4793 1182 4828 :
1219 4777 1307 4829 cui
1351 4776 1495 4830 idem
1527 4778 1694 4832 etiam
1733 4777 2038 4846 imperator

451 4887 654 4929 nomen
692 4870 1106 4926 Fulminatricis
1133 4868 1415 4941 imposuit.
1445 4869 1550 4926 Sed
1575 4881 1630 4926 et
1657 4869 2036 4926 Tertullianus

526 5027 604 5098 (l)
640 5026 840 5080 Milites
857 5023 1156 5098 Christiani
1179 5025 1292 5098 sub
1315 5025 1386 5080 Μ.
1414 5025 1698 5098 Antonino
1729 5036 2032 5098 merentes,

451 5095 695 5170 pluviam
727 5099 781 5149 in
810 5111 1022 5170 summa
1059 5095 1326 5170 siccitate,
1347 5106 1402 5150 et
1432 5096 1714 5170 victoriam
1755 5095 1808 5170 in
1841 5097 2034 5149 ultima

452 5166 623 5239 prope
657 5166 1066 5239 desperatione,
1099 5181 1128 5219 a
1157 5167 1264 5219 Deo
1295 5167 1611 5239 precatione
1642 5180 1746 5239 sua
1771 5167 2038 5234 impetra-

457 5235 620 5304 runt;
655 5253 719 5291 ea
755 5235 979 5290 victoria
1029 5241 1340 5290 Antoninus
1376 5235 1880 5287 Marcomannicnm
1922 5239 2037 5290 bel-

452 5311 566 5364 lum
597 5307 854 5372 confecit,
884 5313 940 5359 et
961 5307 1271 5360 Pannonias
1296 5305 1720 5366 Marcomannis,
1745 5304 2034 5368 Sarmatis,

454 5378 714 5433 Vandalis
773 5377 940 5430 simul
989 5385 1046 5429 et
1102 5377 1310 5440 Quadis
1367 5375 1692 5438 exstinctis,
1751 5375 2032 5430 liberavit.

450 5448 634 5520 (Oros.
671 5447 768 5504 lib.
818 5462 914 5511 vit,
961 5461 1082 5515 cap.
1114 5449 1220 5510 lii;
1257 5445 1362 5500 Jul.
1403 5444 1748 5514 Capitolinus
1777 5485 1791 5508 ,
1843 5445 2039 5500 Eutro-

491 5535 596 5574 IIIS.

453 5521 654 5660 vui—li).
697 5587 925 5660 Fulmen
959 5587 1026 5639 de
1066 5583 1208 5638 coelo
1237 5585 1496 5660 precibus
1540 5585 1656 5660 suis
1684 5594 1886 5660 contra
1941 5586 2037 5640 ho-

449 5655 617 5714 stium
655 5659 1162 5713 machinamentum
1191 5657 1451 5716 extorsit,
1499 5659 1615 5724 suis
1648 5657 1826 5724 pluvia
1861 5655 2038 5724 impc-

451 5740 614 5793 trata,
647 5746 771 5784 cum
819 5729 910 5782 sui
959 5728 1296 5780 laborarent.
1341 5745 1359 5778 ι
1410 5725 1542 5793 (Jul.
1584 5723 2033 5796 Capitolinusiin

449 5803 634 5855 Muret)
661 5800 892 5857 Philos.)
1001 5834 1010 5844 .

519 5870 599 5938 (δι
631 5871 804 5924 Unam
841 5869 1112 5938 legionem
1140 5864 1440 5922 Christiani
1484 5867 1726 5922 nominis
1774 5866 1828 5921 id
1861 5866 2034 5936 impe-

2139 4682 2231 4735 τὸν
2284 4681 2755 4754 διαφθείρεσθαι,,
2789 4685 2911 4746 ταῖς
2973 4685 3082 4736 τῶν
3127 4685 3474 4756 Χριστιανῶν
3529 4685 3713 4755 εὐχαῖς

2140 4775 2430 4828 σεσῶσθαι.
2475 4795 2490 4828 ι
2531 4777 2732 4829 Τοῦτον
2761 4776 2819 4830 δέ
2849 4793 2985 4846 φασι
3021 4775 3114 4830 καὶ
3163 4776 3394 4833 θάνατον
3421 4780 3713 4847 ἀπειλῆσαι

2138 4871 2250 4931 τοῖς
2287 4872 2614 4940 κατηγορεῖν
2646 4869 2804 4940 ἡμῶν
2859 4869 3258 4940 ἐπιχειροῦσιν,
3297 4864 3380 4934 οἷς
3434 4872 3710 4941 ἐπιφέρειν

2141 5034 2337 5094 trasse,
2375 5025 2511 5080 Dion
2547 5033 2739 5081 auctor
2779 5035 2884 5080 est.
2914 5027 3114 5082 Snidas
3141 5043 3254 5083 rem
3285 5043 3504 5084 omnem
3536 5029 3590 5083 in
3617 5029 3714 5085 Ju-

2137 5097 2342 5168 lianum
2378 5096 2672 5168 quemdam
2706 5109 2932 5168 mystea
2961 5099 3265 5167 conjecrsse
3297 5100 3538 5154 videtur.

2211 5167 2285 5234 (-i)
2331 5165 2674 5220 Divifratres
2730 5165 2863 5220 tanti
2907 5165 3232 5222 Christianae
3269 5169 3501 5237 legionis
3549 5169 3708 5222 bene-

2141 5238 2250 5292 licii
2287 5251 2580 5294 memores.
2614 5252 2714 5305 per
2759 5238 3085 5306 rescriptum
3144 5241 3310 5292 etiam
3341 5239 3703 5294 Christianam

2141 5308 2464 5374 religionem
2496 5310 2916 5371 contirn'iarunt,
2957 5309 3300 5363 Christianos
3342 5311 3588 5362 accusari
3620 5325 3707 5363 ve-

2140 5387 2386 5439 tuerunt,
2421 5387 2474 5429 et
2503 5376 2751 5445 ejusdem
2786 5379 3120 5432 conditionis
3160 5393 3285 5430 cum
3334 5379 3546 5432 caeteris
3587 5393 3703 5434 esse

2140 5450 2193 5500 in
2228 5446 2532 5500 honoribus
2561 5447 2932 5512 adipiscendis
2968 5450 3401 5503 constituerunt.
3435 5445 3703 5504 Constitu-

2140 5519 2218 5572 tio
2247 5533 2438 5570 eorum
2493 5519 2882 5588 perstringitur
2933 5520 2970 5572 l.
3018 5518 3382 5583 Generaliter,
3435 5519 3485 5588 §.
3526 5522 3615 5572 θη.
3648 5519 3701 5574 tl'.

2139 5588 2217 5658 De
2273 5590 2466 5640 decori
2505 5603 2520 5637 :
2561 5605 2580 5638 ι
2623 5587 2718 5640 Eis
2770 5588 2866 5656 qui
2921 5588 3209 5643 Judaicam
3257 5587 3702 5658 superstitionem

2139 5657 2528 5728 (Christianam
2584 5658 2986 5725 professionem
3041 5657 3339 5728 intelligo)
3378 5670 3700 5728 sequuntur,

2136 5729 2249 5781 divi
2283 5727 2455 5781 Verus
2488 5738 2543 5780 et
2571 5729 2884 5781 Antoninus
2919 5734 3166 5798 tumores
3189 5729 3416 5797 adipisci
3451 5727 3708 5798 permise-'

2139 5809 2305 5859 runt,
2360 5798 2453 5848 sed
2487 5808 2543 5850 et
2609 5799 2992 5863 necessitatem
3028 5801 3108 5869 eis
3157 5797 3553 5867 imposuerunt,
3613 5800 3702 5869 qui

2136 5870 2583 5936 snperstitioncm
2614 5882 2805 5922 eorum
2855 5884 2962 5924 non
3013 5868 3293 5923 lzedercnt.
3330 5889 3347 5919 ο
3379 5869 3545 5938 (L‘tp.)
