4032 6434
441 351 571 417 1011

1649 369 2075 429 ΝῘΕΕΙῚΙΟΙΗ
2120 373 2461 433 CALIJSTI

3554 381 3698 445 1012

435 469 758 539 martyrium
806 471 1046 537 subiisse
1096 475 1327 545 inquit:
1368 487 1423 530 et
1468 491 1748 546 postremo
1799 484 2000 537 infert:

2123 490 2214 539 καὶ
2258 488 2566 540 τελευταῖον
2617 489 2813 556 ἐπάγει
2839 505 2855 522 ο
2912 509 2930 540 ι
2970 490 3084 543 Νῦν
3130 492 3185 545 δὲ
3218 492 3503 565 δωδεκάτῳ
3540 500 3694 571 τόπῳ

438 582 456 612 ι
505 562 662 625 Nunc
705 572 884 631 autem
931 563 1264 641 duodecimo
1309 567 1436 627 loco
1466 573 1535 624 ab
1578 574 1847 640 apostolis
1885 577 2008 643 epi-

436 660 698 719 scopatus
739 660 945 706 sortem
996 655 1194 708 ordine
1243 665 1298 725 et
1347 656 1600 713 doctrina
1644 676 1740 725 sua
1793 663 2010 718 obtinet

432 741 768 794 Eleutlterus
793 781 807 804 ,
841 752 897 795 et
922 743 1299 815 apostolorum
1326 746 1381 801 in
1418 746 1660 810 Ecclesia
1696 750 1924 804 traditio
1955 762 2009 805 et

433 832 683 887 veritatis
724 834 1045 903 praedicatio
1096 836 1163 889 ad
1213 853 1315 891 uos
1368 855 1589 908 quoque
1644 842 1918 910 pervenit.
1980 862 2000 895 ›

431 925 551 991 Quo
582 930 764 995 autem
794 927 1000 999 ardore
1033 941 1160 999 erga
1194 928 1355 982 fidem
1388 930 1747 1001 divinamque
1782 934 2006 1003 profes-

432 1018 642 1070 sionem
686 1017 855 1095 fuerit
889 1018 1152 1089 irenagus,
1194 1021 1414 1076 abunde
1450 1032 1685 1077 testatur
1744 1025 2003 1096 epistola,

431 1124 596 1176 quam
626 1108 971 1165 Viennenses
1006 1120 1062 1164 et
1096 1111 1497 1183 Lugdunenses
1526 1124 1816 1186 martyres,
1876 1132 2003 1172 cum

431 1199 616 1254 adhuc
658 1200 710 1253 in
738 1216 961 1256 carcere
985 1203 1186 1258 inclusi
1213 1205 1612 1283 afﬂigerentur,
1643 1207 1713 1262 ad
1749 1208 2004 1265 Eleuthe-

430 1306 549 1345 rum
587 1292 773 1346 Romae
805 1293 1149 1363 episcopum,
1181 1305 1237 1351 et
1267 1296 1555 1361 Irenaeum,
1594 1297 1685 1366 qui
1725 1306 1840 1351 tum
1872 1314 2003 1367 pre-

430 1382 641 1453 sbyteri
685 1383 959 1454 dignitate
1000 1387 1277 1457 fulgebat,
1328 1389 1786 1444 commendantes
1829 1391 2002 1446 dede-

431 1488 583 1543 runt.
637 1477 1061 1535 Commendatio
1106 1496 1170 1535 ea
1214 1484 1293 1535 sic
1343 1481 1548 1536 habet:
1598 1502 1614 1533 ι
1657 1482 1880 1540 Salvere
1928 1493 2003 1551 te,

434 1568 710 1645 rebusque
757 1569 1016 1623 omnibus
1049 1586 1269 1639 semper
1297 1571 1470 1627 laetari
1513 1582 1807 1644 Optamus,
1846 1560 2004 1643 pater

435 1661 752 1715 Eleuthere.
807 1660 1044 1717 Litteras
1088 1663 1251 1717 hasce
1303 1672 1521 1717 nostras
1562 1673 1621 1717 ut
1665 1664 1734 1719 ad
1786 1673 1837 1723 te
1883 1680 2004 1734 per-

432 1752 637 1817 ferret,
677 1752 837 1806 fratri
880 1764 936 1807 et
978 1754 1232 1824 participi
1280 1765 1471 1810 nostro
1518 1756 1726 1810 Irenaeo
1774 1772 2003 1826 persua-

432 1843 625 1896 simus.
687 1843 859 1909 Quem
915 1858 1210 1915 rogamus,
1272 1853 1331 1899 ut
1395 1845 1491 1899 tibi
1556 1846 2000 1909 commendatum

432 1935 660 2000 habeas,
695 1937 976 2007 egregium
1005 1936 1221 2014 scilicet
1254 1938 1571 1992 testamenti
1599 1938 1805 1993 Christi
1836 1954 2007 1995 ternu-

433 2031 685 2083 latorem.
738 2029 896 2096 Quod
952 2029 998 2084 si
1049 2029 1358 2095 sciremus,
1405 2044 1471 2084 ex
1520 2020 1644 2083 loco
1695 2040 1751 2083 et
1798 2031 2004 2084 honore

432 2119 623 2190 aliquo
659 2120 891 2185 iustitiae
937 2119 1159 2189 laudem
1199 2119 1458 2190 cuiquam
1497 2122 1722 2190 parari:
1770 2132 1831 2175 ut
1881 2136 2005 2190 pre-

433 2211 718 2284 sbyterum
769 2210 1062 2276 Ecclesia,
1111 2211 1204 2282 qui
1239 2213 1357 2283 ipse
1400 2222 1517 2276 est,
1547 2226 1674 2266 eum
1709 2213 1763 2267 in
1812 2212 2005 2281 primis

435 2304 535 2358 tibi
591 2292 1149 2367 commendaremus.'
1193 2322 1213 2356 ι
1269 2303 1356 2358 Fit
1405 2314 1460 2360 et
1519 2304 1755 2358 aliorum
1808 2302 1999 2357 ιτεηωί

432 2396 791 2465 pulchrorum
834 2410 1062 2463 operum
1108 2395 1352 2459 mentio,
1391 2403 1450 2449 ut
1480 2404 1612 2449 sunt
1647 2394 1896 2463 quaedam
1932 2393 2000 2447 ad

429 2486 676 2542 Blastum
702 2528 717 2551 ,
751 2496 808 2541 ct
841 2486 1147 2557 Florinum,
1189 2496 1247 2541 et
1284 2485 1622 2541 Marcianum
1665 2486 1867 2556 scripta
1897 2502 1908 2537 :
1946 2493 2003 2539 et

430 2578 868 2647 disputationum
903 2578 1066 2634 liber.
1110 2578 1177 2632 Et
1204 2578 1335 2633 item
1366 2579 1461 2647 qui
1497 2578 1564 2632 ab
1597 2592 1662 2631 eo
1702 2577 2003 2645 inscriptus

430 2678 536 2736 est,
572 2668 646 2723 De
671 2670 890 2724 scientia
951 2670 1021 2727 ad
1051 2669 1281 2734 Graecos,
1314 2670 1613 2724 admodum
1650 2669 2002 2724 necessarius

428 2762 603 2827 liber;
636 2771 693 2817 et
725 2777 789 2817 ea
813 2777 936 2832 quae
963 2761 1032 2816 de
1060 2760 1328 2816 Pascbate
1361 2761 1430 2814 ab
1455 2776 1521 2815 eo
1552 2770 1681 2816 sunt
1714 2760 1861 2814 dicta
1885 2799 1899 2824 ,
1934 2761 2003 2814 de

430 2850 637 2921 quibus
679 2862 868 2921 postea
901 2852 1026 2907 loco
1072 2865 1175 2925 suo
1215 2850 1487 2913 dicemus.
1536 2851 1662 2907 llaec
1706 2852 1773 2906 de
1811 2850 2002 2905 divino

429 2943 658 3000 Irenaeo.

1014 3061 1241 3119 CAPUT
1281 3062 1421 3117 XVI.

2113 578 2203 628 τὶν
2235 579 2327 644 τῆς
2362 580 2670 649 ἐπισκοπῆς
2693 582 2802 633 ἀπὸ
2830 581 2940 633 τῶν
2970 583 3284 651 ἀποστόλων
3310 587 3527 657 κατέχει
3555 588 3692 657 κλῆ-

2114 687 2207 737 ρον
2247 670 2565 741 Ἐλεύθερος
2596 675 2661 743 τῇ
2690 674 2855 727 αὑτοῦ
2877 674 3028 739 τάξει
3059 678 3151 729 καὶ
3180 681 3248 749 τῇ
3272 680 3644 753 αὐτοῦβιδαχῇ
3671 700 3685 714 ·

2112 760 2145 827 ἦ
2173 776 2230 810 τε
2264 761 2373 812 ἀπὸ
2407 762 2515 815 τῶν
2554 764 2871 816 ἀποστόλων
2902 769 2960 819 ἐν
2996 771 3063 837 τῇ
3121 769 3415 845 Ἐκκλησία
3448 765 3691 847 παράδὸο

2113 867 2216 911 mc,
2252 854 2344 906 καὶ
2378 855 2439 906 τὸ
2470 855 2569 922 τῆς
2603 855 2863 926 ἀληθείας
2900 860 3190 929 κήρυγμα,
3225 865 3569 933 κατήντηκεν
3608 869 3691 930 είς

2110 946 2279 1011 ἡμᾶς.
2318 965 2336 996 ι
2371 947 2464 1007 Τίς
2500 946 2555 999 δὲ
2589 947 2678 1001 τὸν
2707 949 2848 1020 ὑπὲρ
2876 950 2974 1018 τῆς
3010 951 3159 1014 Θείας
3192 955 3428 1023 πίστεως
3466 956 3630 1025 ζῆλον
3661 961 3690 1011 ό

2108 1036 2417 1105 Εἰρηναῖος,
2441 1040 2665 1109 ἀρκέσει
2698 1040 2761 1111 δὴ
2796 1045 3064 1117 παριστᾷν
3091 1047 3122 1117 η
3146 1046 3430 1114 ἐπιστολὴ,
3457 1026 3523 1117 ἢν
3552 1051 3599 1102 oi
3629 1052 3691 1102 ἐν

2107 1128 2302 1200 Βιέννῃ
2328 1131 2419 1184 καὶ
2450 1133 2773 1204 Λουγδούνῳ
2809 1134 3110 1211 μάρτυρες,
3146 1140 3204 1189 ὲν
3226 1142 3469 1207 εἱρκταῖς
3489 1142 3566 1194 ἔτι
3592 1160 3693 1213 τα·-

2106 1218 2571 1291 λαιπωρούμενοι.
2631 1223 2934 1299 Ἐλευθέρῳ
2988 1227 3066 1297 τῷ
3096 1214 3099 1219 ’
3133 1228 3353 1302 Ῥῴμης
3405 1234 3691 1304 ἐπισκόπῳ

2109 1313 2471 1382 συνιστῶντες
2501 1315 2662 1368 αὑτὸν
2695 1318 3221 1379 ὲπιστέλὶ.ουσιν,ἔτι
3251 1325 3317 1393 τῇ
3338 1322 3431 1374 τοῦ
3451 1326 3693 1399 πρεσϐυ-

2106 1405 2266 1472 τέρου
2301 1405 2549 1475 καθέδρᾳ
2580 1410 3048 1480 ἐνσεμνυνόμενον
3071 1427 3086 1442 ⁸
3118 1411 3152 1475 ἢ
3193 1411 3257 1479 δὴ
3290 1411 3486 1474 λέξεως
3511 1413 3690 1469 οὕτως

2106 1491 2248 1563 εἶχε·
2285 1516 2301 1545 ι
2340 1497 2568 1566 Χαίρειν
2610 1501 2665 1550 ὲν
2700 1502 2817 1568 ρ)εῴ
2853 1518 2910 1553 σε
2944 1504 3108 1555 πᾶσιν
3131 1503 3401 1571 εὐχόμεθα
3445 1510 3537 1561 καὶ
3565 1506 3684 1570 ἀεὶ,

2106 1588 2283 1659 πάτερ
2332 1590 2635 1654 Ἐλεύθερε.
2665 1592 2859 1669 Ταῦτά
2886 1611 2966 1646 σοι
2991 1596 3058 1647 τὰ
3087 1596 3391 1664 γράμματα
3426 1613 3689 1663 προετρε-

2105 1677 2331 1745 ψάμεθα
2371 1679 2462 1732 τὸν
2497 1680 2723 1749 ἀδελφὸν
2756 1681 2914 1750 ἡμῶν
2967 1685 3059 1735 καὶ
3105 1683 3359 1735 κοινωνὸν
3394 1682 3686 1751 Εξρηκιαῐτιν

2105 1768 2416 1839 διακομίσαι
2444 1786 2459 1802 °
2520 1773 2616 1825 καὶ
2667 1773 3099 1842 παρακαλοῦμεν
3153 1773 3297 1843 ἔχειν
3334 1790 3393 1826 σε
3427 1776 3585 1827 αὑτδν
3620 1777 3683 1829 ἐν

2109 1861 2432 1926 παραθέσει,
2463 1859 2711 1932 ζηλωτὴν
2734 1862 2862 1915 δντα
2889 1863 2989 1931 τῆς
3018 1862 3288 1933 διαθήκης
3318 1865 3554 1933 Χριστοῦ
3575 1883 3589 1894 ·
3628 1866 3683 1918 εί

2108 1952 2217 2019 γὰρ
2248 1952 2473 2021 ᾔδειμεν
2503 1953 2668 2005 τόπον
2715 1953 2838 2006 τινὰ
2880 1954 3226 2021 δικαιοσύνης
3278 1955 3683 2022 περιποιεῖσθαι

2106 2043 2179 2104 ὡς
2206 2043 2574 2112 πρεσὸύτερον
2601 2044 2921 2111 ἐκκλησίας,
2956 2046 3092 2117 ὅπερ
3120 2050 3268 2099 ἐστὶν
3304 2047 3389 2115 ἐπ’
3420 2048 3586 2117 αὐτῷ,
3620 2052 3681 2100 ὲν

2105 2132 2344 2201 πρώτοις
2376 2134 2440 2185 ἂν
2466 2134 2875 2202 παρεθέμεθα.»
2908 2137 3013 2188 Καὶ
3035 2137 3168 2189 ἄλλα
3188 2138 3241 2188 δὲ
3267 2137 3364 2203 τῆς
3389 2138 3679 2206 Εἰρηναίου

2106 2222 2427 2289 φιλοκαλίας
2471 2225 2904 2294 μνημονεύεται*
2939 2229 3006 2281 τά
3038 2245 3096 2278 τε
3132 2229 3269 2294 πρὸς
3319 2229 3552 2282 Βλάστον
3584 2232 3682 2283 καὶ

2104 2314 2374 2379 Φλωρῖνον
2402 2317 2493 2367 καὶ
2521 2318 2840 2386 Μαρκιανόν
2870 2336 3008 2379 τινα,
3041 2320 3245 2388 βιϐλίον
3277 2339 3332 2373 τε
3368 2323 3676 2386 διαὶηέξεων.

2109 2406 2230 2471 Ἔτι
2259 2406 2315 2457 δὲ
2340 2408 2475 2459 καὶὸ
2496 2408 2630 2475 Περὶ
2650 2409 2993 2477 ἐπιστήμης
3021 2414 3496 2480 ὲπιγεγραμμὲρς
3530 2415 3679 2481 αὑτῷ

2104 2497 2241 2566 πρὸς
2277 2497 2594 2566 Ἕλληνας
2618 2500 2800 2568 λόγος,
2831 2504 3296 2568 ἀναγκαιότατος’
3328 2509 3421 2557 καὶ
3454 2506 3520 2557 τὰ
3550 2507 3677 2574 περὶ

2101 2585 2197 2637 τοῦ
2222 2586 2414 2655 Πάσχα
2446 2588 2594 2655 αὑτῴ
2624 2591 2922 2657 εἰρημένω
2961 2595 3089 2662 περὶ
3116 2587 3191 2646 ὧν
3221 2593 3535 2663 ἔμπροσθεν
3561 2598 3674 2657 τοῖς

2104 2681 2447 2746 προσήκουσι
2481 2678 2814 2750 διαλήψομαι
2845 2683 3053 2745 τόποις.
3098 2684 3331 2737 Τοιαῦτα
3364 2686 3461 2753 μὲν
3492 2687 3581 2738 καὶ
3609 2690 3675 2738 τὰ

2105 2771 2248 2822 κατά
2271 2771 2360 2823 »ιδν
2386 2771 2666 2827 θεσπέσιον
2698 2775 3006 2845 Εἰρηναῖον.

2671 3060 2919 3116 ΚΕΦΑΛ.
2993 3065 3111 3129 ις’.

431 3148 512 3204 De
564 3160 870 3225 sanctorum
919 3163 1213 3223 martyrum
1258 3156 1313 3211 in
1346 3153 1525 3209 Gallia
1572 3155 1813 3207 litteris:
1845 3162 1893 3207 et
1936 3158 2000 3207 de

2107 3149 2243 3216 Περὶ
2279 3148 2387 3215 τῆς
2415 3151 2484 3202 ἐκ
2516 3151 2802 3205 Γαλλιῶν
2834 3153 3176 3225 ⁸ἐπιστολῆς
3198 3158 3297 3211 διὰ
3333 3160 3439 3213 τὸν
3477 3160 3674 3215 ἐκεῖσε

572 3218 825 3307 maxime,
851 3239 958 3292 qua
989 3218 1260 3293 ibi'aﬂlicti
1289 3232 1445 3289 sunt,
1478 3225 1856 3300 persecutione.

503 3337 964 3407 Quandoquidem
1013 3347 1197 3396 autem
1253 3339 1445 3397 lrenaai
1496 3349 1551 3396 et
1600 3340 1999 3396 Viennensium

429 3430 955 3500 Gallicanorumque
973 3441 1276 3503 martyrum
1294 3433 1528 3489 fecimus
1545 3434 1884 3491 mentionem
1901 3433 1999 3503 (l),

429 3538 651 3591 aequum
697 3523 875 3577 visum
923 3533 1045 3589 est,
1087 3526 1155 3580 de
1205 3525 1514 3589 constantia
1560 3524 2002 3594 fortitudineque

430 3628 625 3669 eorum
660 3629 837 3683 pauca
870 3614 1101 3670 referre.
1134 3617 1394 3672 Decimus
1424 3615 1697 3686 septimus
1735 3615 2002 3684 agebatur

430 3706 648 3775 imperii
675 3708 935 3763 Antonini
969 3708 1133 3780 θοῇ
1161 3708 1242 3764 Pii
1264 3726 1468 3785 annus,
1499 3725 1624 3764 cum
1657 3709 1711 3762 in
1741 3706 2002 3762 omnibus

430 3810 594 3855 terra:
636 3801 891 3869 partibus
926 3804 1246 3856 turbulento
1282 3801 1691 3871 persecutionis
1723 3799 2000 3856 Christia-

429 3909 516 3949 na':
566 3894 814 3964 spirante
867 3905 1076 3960 vento,
1134 3895 1466 3966 populisque
1527 3910 1628 3964 per
1679 3894 1999 3948 universum

428 3986 620 4042 orbem
669 3987 943 4056 praecipiti
989 3987 1218 4043 audacia
1253 3986 1521 4063 adversus
1563 4001 1666 4040 nos
1710 3985 2003 4054 insurgen-

431 4081 601 4141 tibus.
634 4079 871 4150 plurima
905 4089 1207 4150 martyrum
1239 4079 1412 4133 millia
1448 4087 1676 4148 propter
1706 4076 2000 4141 fChristum

428 4181 664 4229 mortem
711 4174 948 4230 obiere:
996 4174 1161 4229 sicuti
1202 4172 1309 4227 hoc
1349 4171 1512 4227 facile
1558 4179 1738 4227 estex
1781 4169 1850 4225 iis
1878 4183 2001 4238 quae

427 4267 572 4337 apud
605 4277 790 4324 certas
814 4275 1010 4337 gentes
1045 4273 1174 4320 sunt
1204 4263 1367 4327 facta,
1402 4264 1724 4333 conjectura
1752 4261 1998 4330 assequi.

427 4362 728 4415 Testantur
753 4359 806 4413 id
832 4373 1054 4429 quoque
1072 4357 1278 4423 scripta
1299 4368 1385 4419 ea,
1415 4355 1469 4409 in
1497 4370 1618 4424 qum
1639 4362 1747 4409 tam
1774 4354 1999 4425 egregia

424 4454 645 4509 illorum
678 4463 992 4521 a-ternaque
1024 4450 1289 4504 memoria
1342 4447 1508 4517 digna
1537 4449 1837 4503 certamina
1868 4455 1998 4502 sunt

425 4545 624 4599 relata.
652 4543 855 4599 Verum
888 4541 1172 4595 enimvero
1203 4538 1345 4594 alius
1381 4540 1699 4609 quisquam,
1764 4538 1996 4593 historia

423 4635 744 4698 scribenda,
777 4634 843 4689 ad
877 4631 1200 4688 memoriam
1241 4632 1609 4702 posteritatis,
1642 4631 1786 4701 stylo
1816 4628 2001 4685 indul—

421 4740 577 4793 gens,
614 4723 953 4779 transmittat
977 4721 1243 4778 victorias
1271 4730 1329 4778 et
1364 4720 1677 4791 triumphos
1712 4720 1781 4775 ab
1824 4720 2000 4775 hosti-

422 4821 526 4873 bus
556 4817 787 4871 devictis
813 4825 1146 4885 reportatos,
1176 4815 1565 4887 imperatorias
1590 4814 1796 4869 ducum
1826 4822 1996 4879 artes,

422 4909 769 4977 consilioque
812 4909 975 4964 simul
1014 4918 1071 4964 et
1118 4926 1282 4965 manu
1324 4926 1415 4967 res
1454 4907 1759 4980 prudenter
1789 4914 1846 4960 et
1887 4905 2000 4960 for—

420 5007 552 5059 titer
578 5011 780 5071 gestas,
805 5018 869 5058 ac
886 5012 1239 5059 strenuorum
1263 5003 1500 5058 militum
1520 5015 1622 5073 pro
1644 4998 1995 5070 coniugibus,

420 5092 616 5158 liberis
643 5102 700 5148 et
731 5094 906 5164 patria
939 5095 1057 5165 ipsa
1089 5095 1390 5149 certamina
1425 5094 1600 5157 obita,
1642 5092 1999 5161 sanguinem—

422 5203 530 5257 que
588 5200 689 5258 pro
746 5184 924 5241 salute
984 5201 1177 5240 eorum
1249 5185 1438 5239 multis
1501 5183 1708 5254 prazliis
1775 5183 1997 5237 abunde

421 5279 731 5350 profusum.
793 5276 984 5334 Oratio
1033 5287 1217 5332 autem
1278 5286 1463 5331 nostra
1517 5276 1587 5330 de
1637 5274 1888 5331 moribus
1940 5284 1999 5330 et

420 5371 689 5426 institutis
733 5369 859 5426 vita:
910 5378 967 5424 et
1009 5368 1291 5438 religionis
1336 5368 1664 5423 Christianae
1713 5377 1993 5435 suscepta,

420 5465 787 5519 constantiam
821 5465 877 5518 in
912 5460 1309 5517 certaminibus
1356 5477 1457 5531 pro
1492 5461 1724 5516 veritate
1758 5475 1994 5529 suscep-

421 5558 524 5624 tis,
557 5567 614 5612 et
649 5556 1002 5629 pacatissima
1048 5555 1398 5625 egregiarum
1436 5554 1747 5608 animarum
1783 5553 1994 5624 praelia,

521 5720 597 5781 (ll
650 5718 755 5774 Alii
815 5717 934 5785 haec
993 5717 1259 5785 martyria
1310 5714 1379 5785 in
1433 5723 1698 5785 tempora
1737 5713 1993 5769 divorum

418 5785 648 5843 fratrum
676 5787 801 5844 Veri
837 5782 887 5842 et
923 5782 1208 5852 Antonini,
1238 5784 1450 5840 oriente
1481 5784 1625 5840 bello
1652 5782 1994 5841 Marcoman-

2340 3225 2669 3288 γενόμενον
2696 3223 3424 3297 σφοδρότατονδιωγμόν.

2190 3335 2342 3388 Ἐπεὶ
2368 3335 2411 3388 δ’
2437 3335 2729 3405 Εἱρηναίου
2757 3338 2857 3392 καὶ
2888 3337 2997 3393 τῶν
3022 3341 3080 3392 ὲν
3099 3340 3349 3405 Γαλλίαις
3366 3345 3459 3398 καὶ
3484 3346 3673 3419 Βιέννῃ

2110 3427 2407 3498 μαρτύρων
2432 3429 2807 3503 ἐμνήσθημεν,
2839 3430 3044 3483 δίκαιον
3078 3430 3232 3499 οἶμαι
3264 3436 3358 3488 καὶ
3408 3438 3535 3506 περὶ
3573 3440 3675 3507 τῆς

2107 3517 2285 3572 αὐτῶν
2326 3518 2623 3586 καρτερίας
2658 3518 2869 3588 βραχέα
2907 3519 3201 3575 διαλαϐεῖν.
3239 3522 3394 3586 Ἔτος
3432 3526 3533 3594 μὲν
3579 3523 3674 3580 οὖν

2106 3609 2334 3677 ἕϐδομον
2385 3610 2520 3678 πρὸς
2578 3610 2656 3679 τῷ
2702 3612 2912 3679 δεκάτῳ
2947 3613 3311 3682 αὐτοκράτορι
3374 3617 3680 3690 Ἀντωνίνῳ

2107 3705 2226 3773 Πίῳ
2262 3706 2464 3776 Οὐήρῳ
2489 3702 2579 3777 ἦν,
2615 3708 2673 3770 ἐν
2700 3699 2743 3774 ᾦ
2778 3708 2922 3761 κατὰ
2954 3726 3075 3761 τινα
3110 3710 3252 3780 μέρη
3288 3713 3384 3780 τῆς
3416 3713 3517 3780 γῆς
3552 3730 3682 3780 σφο-

2107 3798 2236 3869 δροῦ
2288 3799 2411 3852 καθ’
2461 3802 2606 3870 ἡμᾶς
2647 3801 2981 3865 πνεύσαντος
3029 3803 3303 3873 διωγμοῦ,
3339 3804 3447 3858 τῶν
3489 3805 3678 3876 δήμων

2106 3895 2238 3962 ἡμῖν
2262 3893 2443 3964 ἀλόγῳ
2471 3894 2663 3965 θράσει
2691 3897 3155 3966 ἐπανισταμένων,
3183 3900 3448 3968 μυριάδας
3468 3901 3677 3971 μαρτύ-

2113 4003 2243 4054 ρων,
2270 3986 2346 4048 ῶς
2375 3988 2667 4057 στοχασμῴ
2697 3990 2938 4054 εἰκάσαι,
2971 3991 3071 4063 ἀνὰ
3106 3993 3288 4046 πᾶσαν
3316 3993 3411 4061 τὴν
3426 3994 3679 4062 οἰκουμέ-

2107 4096 2206 4148 νην
2233 4079 2489 4147 γενέσθαι
2507 4092 2522 4106 ·
2556 4078 2633 4142 ὡς
2661 4080 2770 4133 ἀπὸ
2802 4080 2910 4134 τῶν
2939 4081 3059 4135 καθ’
3089 4083 3321 4137 ’ἑκαστον
3359 4086 3508 4147 ἔθνος
3536 4102 3676 4155 συμ-

2106 4173 2321 4227 ϐάντων
2350 4172 2467 4225 ἔστι
2501 4176 2891 4253 τεκμήρασθαι
2919 4194 2934 4210 σ
2962 4178 2998 4229 ἂ
3026 4181 3119 4239 καὶ
3151 4183 3338 4249 γραφῇ
3370 4181 3672 4251 περιέσχεν,

2106 4263 2347 4332 ἁλήστου
2374 4265 2476 4333 τῆς
2508 4266 2727 4334 μνήμης
2776 4266 2901 4331 ἄξιά
2931 4284 2994 4336 γε
3024 4269 3170 4323 ὄντα.
3210 4271 3403 4333 Ἄλλος
3451 4272 3548 4341 μὲν
3582 4271 3675 4324 οῦν

2106 4357 2174 4411 ἄν
2216 4373 2302 4419 τις
2355 4357 2650 4426 ἱστορικαῖς
2691 4360 3045 4429 εἰσηγήσεσιν
3097 4362 3407 4432 ἐπιτρέπων
3447 4363 3672 4425 εἰκότως

2109 4449 2260 4518 ἃνιτῇ
2287 4451 2579 4519 συγγραφῇ
2605 4449 2892 4520 παρεδίδου
2915 4452 3070 4514 νίκας
3095 4468 3152 4505 τε
3177 4454 3274 4505 καὶ
3300 4455 3536 4521 τρόπαια
3553 4450 3676 4507 κατ’

2106 4540 2338 4609 ἐχθρῶν,
2371 4539 2651 4609 ἀριστείας
2693 4557 2752 4592 τε
2796 4544 3141 4611 στρατηγῶν,
3178 4545 3274 4598 καὶ
3314 4543 3546 4597 ὁπλιτῶν
3585 4545 3675 4596 ἀν-

2104 4630 2426 4701 δραγαθίας,
2464 4631 2606 4701 ὑπὲρ
2642 4633 2849 4684 παίδων
2878 4635 2966 4685 καὶ
3010 4634 3269 4701 πατρίδος
3313 4635 3449 4698 τέως
3477 4636 3673 4704 ἠγωνι·

2108 4722 2344 4791 σμένων,
2388 4721 2585 4791 αἵμασι
2618 4740 2676 4775 τε
2712 4723 2854 4793 ὑπὲρ
2887 4727 3036 4792 σφῶν
3072 4724 3251 4778 αὐτῶν
3299 4725 3440 4778 κατὰ
3475 4724 3672 4794 πολλὴν

2106 4811 2426 4880 περιουσίαν
2451 4811 2630 4865 ἄθλων
2655 4813 2854 4875 ἱκανῶς
2886 4814 3219 4881 μιανθέντων
3239 4830 3253 4844 ο
3287 4816 3316 4866 ό
3341 4815 3396 4866 δὲ
3426 4816 3523 4882 τῆς
3553 4814 3671 4867 καθ’

2107 4904 2258 4974 ἡμᾶς
2288 4904 2566 4966 πολιτείας
2593 4904 2901 4975 διηγήσεως
2932 4907 3089 4972 λόγος
3115 4908 3214 4973 τὴν
3247 4906 3389 4975 ὑπὲρ
3418 4906 3671 4977 ἀληθείας

2107 4995 2381 5060 ἔνστασιν,
2405 4996 2643 5058 καὶτοὺς
2674 4999 2811 5050 κατὰ
2835 4996 3011 5067 ψυχὴν
3036 5000 3492 5068 εἰρηνικωτάτους
3524 4999 3675 5051 πολέ-

2109 5104 2263 5151 μους,
2297 5079 2393 5140 καϊ
2423 5086 2521 5157 τὴν
2552 5088 2808 5155 ὑπερφυᾶ
2830 5091 3122 5159 καρτερίαν
3149 5090 3258 5142 τῶν
3289 5091 3427 5159 ὑπὲρ
3461 5091 3557 5157 τῆς
3588 5091 3675 5141 εὑ-

2108 5180 2320 5241 σεσείας
2349 5179 2550 5247 μᾶλλον
2577 5178 2608 5247 ἢ
2635 5177 2743 5230 τῶν
2769 5178 3037 5246 φιλτάτων
3066 5180 3496 5250 ἀνδρισαμένων,
3524 5180 3591 5231 τά
3614 5194 3671 5230 τε

2105 5275 2364 5342 τρίπαια,
2388 5271 2484 5323 καὶ
2511 5271 2609 5332 τὰς
2629 5270 2749 5322 κατ’
2764 5270 3074 5324 ἀντιπάλων
3100 5274 3347 5338 ἀοράτων
3371 5272 3549 5331 νίκας,
3579 5271 3672 5320 καὶ

2103 5367 2230 5425 τοὺς
2256 5365 2348 5416 ἐπὶ
2382 5364 2518 5416 πᾶσι
2548 5362 2760 5424 τούτοις
2793 5363 3091 5430 στεφάνους
3122 5365 3200 5424 είς
3225 5360 3442 5414 αἰώνιον
3468 5364 3671 5429 ἀνακη-

2108 5457 2257 5527 ρύξει
2286 5459 2509 5526 μνήμην
2533 5472 2547 5486 ·
2578 5449 2668 5507 οἷά
2695 5470 2817 5508 τινα
2849 5456 3052 5525 στήλην
3080 5455 3181 5508 οὐκ
3211 5455 3321 5508 ἀπὸ
3346 5453 3547 5525 χαλκοῦ
3583 5456 3672 5504 καὶ

2104 5549 2280 5610 λίθου,
2318 5548 2434 5601 ἀλλ’
2468 5547 2839 5616 ἀδαμαντίνην
2872 5547 3178 5615 ἀναγράψει
3206 5546 3284 5616 τῷ
3312 5548 3467 5598 αιῶνι
3500 5561 3674 5615 παρα-

2104 5710 2252 5837 Ρίοο,
2290 5708 2354 5763 ad
2386 5706 2533 5780 quod
2565 5722 2623 5777 se
2658 5707 2821 5769 ambo
2865 5706 3225 5776 imperatores
3260 5705 3555 5778 parabant,
3592 5716 3674 5756 re-

2126 5790 2307 5835 erunt.

2126 5790 2307 5835 erunt.
