4032 6422
356 446 502 513 1013

1291 450 1903 510 ECCLESIASTICE
1939 451 2330 510 ntsroRnE
2371 454 2517 515 LIB.
2556 441 2673 515 1v.

3490 456 3635 520 ιειιι

352 560 546 622 διδούς.
596 559 661 612 Ἥ
699 558 797 627 μὲν
829 557 921 610 οὖν
950 557 1103 627 χώρα
1153 557 1277 610 καθ’
1310 560 1374 629 ἢν
1404 561 1542 620 τέως
1591 560 1848 628 λαμπρὶν
1890 559 1949 611 τὸ

2056 560 2550 634 admirandamque
2582 575 2637 620 et
2682 583 2901 625 omnem
2958 580 3171 626 natura!
3219 581 3438 642 captum
3475 591 3639 643 supe-

355 654 573 708 στάδιον
610 651 1036 719 συγκεκρότητο,
1081 650 1279 703 mm
1312 646 1379 721 ἦν
1405 668 1416 680 ·
1446 646 1514 721 ἦς
1539 651 1818 720 διαϐόητοι
1848 656 1944 704 καὶ

354 746 491 799 πολὺ
520 745 628 799 τῶν
651 743 857 797 λοιπῶν
884 744 1213 813 προέχουσαι
1246 745 1608 814 μητροπόλεις
1644 745 1747 797 εἰσὶ
1771 748 1946 812 Λουγ-

354 838 541 899 δοῦνος
591 836 683 888 καὶ
736 836 925 889 Βιέννα
954 850 968 866 ·
1029 836 1097 888 δι’
1136 830 1211 887 ὧν
1263 837 1596 905 ἀμφοτέρων
1630 838 1728 905 τὴν
1762 839 1942 890 πᾶσαν

354 930 536 999 χώραν
564 927 744 997 πολλῷ
769 927 847 995 τῷ
878 926 1109 997 ῥεύματι
1135 928 1447 997 περιρρέων
1477 930 1504 981 ὀ
1537 928 1780 990 Ῥοδανὸς
1805 928 1945 995 διέξ-

353 1038 482 1073 εισι.
508 1020 617 1088 Τὴν
647 1020 775 1086 γοῦν
802 1020 910 1071 τῶν
945 1020 1238 1091 μαρτύρων
1273 1023 1601 1089 ἀναγραφὴν
1638 1023 1690 1074 αἱ
1722 1022 1780 1072 ἐν
1824 1023 1944 1083 ταῖς

353 1114 673 1180 εἰρημέναις
704 1113 892 1165 πόλεσι
923 1114 1198 1182 διαφανεῖς
1230 1114 1517 1184 ἐκκλησίαι
1545 1118 1656 1177 τοῖς
1683 1115 1740 1166 ἐν
1784 1114 1940 1181 Ἀσίᾳ

355 1208 446 1259 καὶ
490 1207 702 1276 Φρυγίᾳ
730 1207 1138 1275 διαπέμπονται
1170 1208 1370 1260 οὑτωσὶ
1410 1207 1935 1276 προοιμιαζόμεναι·

362 1319 379 1349 ι
415 1302 475 1351 ΟΞ
509 1302 565 1350 ἐν
618 1300 813 1369 Βιὲννῃ
846 1301 940 1353 καὶ
967 1300 1289 1368 Λουγδούνῳ
1339 1301 1436 1368 τῆς
1469 1299 1700 1361 Γαλλίας
1748 1317 1940 1370 παροι-

357 1390 579 1450 κοῦντες
637 1391 815 1443 δοῦλοι
852 1391 944 1443 τοῦ
997 1392 1236 1459 Χριστοῦ
1276 1396 1396 1454 ταῖς
1426 1394 1566 1447 κατὰ
1591 1393 1692 1462 τὴν
1751 1394 1939 1446 Ἀσίαν

358 1484 453 1535 καὶ
500 1483 739 1551 Φρυγίαν
794 1484 891 1552 τὴν
943 1486 1111 1554 αὐτὴν
1168 1486 1267 1553 τῆς
1325 1485 1759 1554 ἀπολυτρώσεως
1808 1486 1939 1554 ἡμῖν

358 1577 544 1629 πίστιν
572 1578 662 1627 καὶ
692 1576 883 1629 ἐλπίδα
915 1577 1137 1645 ἔχουσιν
1158 1577 1407 1642 ἀδελφοῖς
1434 1579 1625 1647 εἰρήνη
1658 1577 1753 1629 καὶ
1785 1577 1941 1645 χάρις

359 1668 452 1720 καὶ
478 1667 604 1733 δόξπι
654 1668 759 1719 ἀπὸ
793 1668 929 1720 Θεοῦ
960 1670 1167 1739 πατρὸς
1202 1675 1295 1722 καὶ
1347 1670 1554 1739 Κυρίου
1599 1667 1775 1734 Ἰησοῦ
1809 1670 1942 1736 Χρι-

358 1762 484 1814 στοῦ
549 1762 640 1813 τοῦ
706 1763 913 1832 Κυρίου
969 1764 1146 1831 ἡμῶν.
1201 1783 1217 1814 ι
1272 1761 1406 1817 Εἶτα
1462 1764 1811 1825 ἐπιϐαλόντες
1864 1759 1940 1831 τῷ

357 1856 633 1923 προοιμίῳ
661 1857 756 1907 καὶ
804 1855 990 1925 ἕτερα,
1025 1856 1196 1919 οὕτως
1232 1858 1629 1929 κατάρχονταιο
1671 1878 1688 1909 ι
1731 1857 1804 1910 Τὸ
1843 1856 1941 1924 μὲν

362 1938 456 1993 οὖν
507 1943 737 2010 μέγεθος
762 1944 860 2011 τῆς
908 1944 1093 1996 ἐνθάδε
1130 1944 1382 2014 θλίψεως,
1416 1946 1508 1998 καὶ
1540 1947 1637 2015 τὴν
1677 1945 1945 2012 τοσαύτην

358 2034 467 2086 τῶν
494 2034 665 2087 ἐθνῶν
693 2037 773 2097 είς
797 2037 921 2100 τοὺς
950 2036 1140 2105 ἁγίους
1172 2040 1366 2107 ὀργὴν,
1400 2038 1493 2091 καὶ
1515 2039 1613 2091 ὅσα
1646 2038 1946 2104 ὑπέμειναν

360 2129 409 2179 οἱ
450 2129 717 2197 μακάριοι
771 2128 1074 2198 μάρτυρες,
1105 2131 1196 2183 ἐπ’
1237 2132 1461 2201 ἀκριϐὲς
1510 2131 1625 2183 οὗθ’
1659 2133 1814 2201 ἡμεῖς
1861 2131 1947 2181 εί-

361 2222 483 2270 πξίν
518 2220 712 2286 ἱκανοὶ,
748 2220 874 2273 οὔτε
904 2222 1009 2292 μὴν
1040 2227 1221 2293 γραφῇ
1258 2224 1660 2295 περιληφθῆναι
1696 2224 1942 2281 δυνατόν.

363 2313 532 2366 Παντὶ
568 2315 679 2384 γὰρ
711 2315 888 2369 σθένει
923 2316 1222 2385 ἐνέσκηψεν
1252 2322 1280 2369 ὸ
1316 2317 1720 2386 ἀντικείμενος,
1758 2335 1947 2387 προοι-

363 2406 697 2477 μιαζόμενος
728 2409 832 2478 ἤδη
861 2407 959 2478 τὴν
994 2409 1167 2470 ἀδεῶς
1212 2409 1516 2479 μέλλουσαν
1545 2407 1769 2461 ἔσεσθαι
1800 2428 1945 2481 παρ-

362 2500 554 2551 ουσίαν
591 2499 757 2552 αύτοῦ
788 2518 801 2531 ·
841 2502 934 2553 καὶ
966 2501 1054 2554 διὸ.
1088 2503 1307 2556 πάντων
1338 2504 1557 2572 διῆλθεν
1596 2503 1795 2566 ἐθίζων
1825 2504 1949 2566 τοὺς

364 2591 580 2655 ἑαυτοῦ,
601 2593 695 2644 καὶ
720 2594 1126 2663 προγυμνάζων
1146 2600 1288 2649 κατὰ
1317 2595 1424 2648 τῶν
1447 2596 1651 2649 δούλων
1677 2594 1771 2648 τοῦ
1791 2594 1943 2649 (θεοῖν

364 2683 504 2736 ὥστε
533 2682 608 2753 μὴ
640 2685 796 2753 μόνον
823 2686 1010 2738 οἰκιῶν
1043 2688 1138 2739 καὶ
1165 2687 1463 2755 βαλανείων
1492 2689 1586 2741 καὶ
1610 2688 1813 2758 ἀγορᾶς
1840 2688 1950 2757 εἴρ-

366 2778 579 2843 γεσθαι,
602 2778 736 2829 ἀλλᾶ
768 2778 937 2830 καὶτὸ
966 2780 1195 2833 καθόλου
1214 2781 1501 2849 φαίνεσθαι
1519 2781 1677 2849 ἡμῶν
1711 2800 1833 2834 τινα
1857 2784 1951 2835 αὺ-

366 2870 477 2930 τοῖς
516 2868 852 2938 ἀπειρῆσθαι
909 2870 967 2922 ἐν
997 2872 1369 2941 ὁποιῳδήποτε
1400 2872 1574 2942 τόπῳ.
1627 2876 1950 2943 Ἀντεστρα-

368 2960 523 3025 τήγει
574 2959 629 3012 δὲ
663 2962 696 3030 ἡ
734 2961 892 3031 χάρις
925 2963 1017 3014 τοῦ
1050 2963 1183 3016 Θεοῦ
1212 2980 1225 2993 ⁰
1263 2966 1357 3017 καὶ
1399 2967 1525 3027 τοὺς
1553 2967 1654 3034 μὲν
1701 2968 1951 3026 ἀσθενεῖς

370 3051 718 3123 ἐρῤὡννυτου
773 3057 1277 3124 ἀντιπαρετάσσετο
1319 3058 1375 3110 δέ
1428 3059 1653 3122 στύλους
1703 3059 1954 3128 ἑδραίους

372 3145 706 3213 δυναμένους
742 3145 826 3200 διὰ
858 3149 955 3218 τῆς
992 3149 1272 3219 ὑπομονῆς
1309 3153 1490 3203 πᾶσαν
1524 3152 1617 3220 τὴν
1655 3151 1832 3222 ὁρμὴν
1858 3151 1951 3205 τοῦ

2051 668 2262 710 rantem
2294 657 2612 726 patientiam
2640 671 2695 715 et
2715 662 3090 717 fortitudinem
3118 681 3315 719 eorum
3340 666 3434 734 qui
3464 667 3643 735 magis

2049 763 2151 815 pro
2190 749 2399 817 pietate
2428 766 2672 819 veroque
2708 752 2800 806 Dei
2835 755 3009 819 cultu,
3044 772 3206 824 quam
3246 773 3345 826 pro
3376 759 3640 812 charissi-

2050 840 2153 893 mis
2201 840 2304 893 sibi
2358 843 2635 911 capitibus
2683 860 2799 897 rem
2858 856 3087 900 strenue
3141 858 3471 917 gesserunt.
3524 859 3637 903 tro-

2038 948 2276 1017 pmaque
2324 943 2379 986 et
2431 935 2697 990 vietorias
2756 936 3026 993 adversus
3080 940 3387 995 invisibiles
3442 941 3635 995 hostes

2048 1033 2254 1093 partas,
2279 1041 2625 1095 coronasque
2651 1028 3016 1097 triumphales
3042 1040 3439 1100 persequetur:
3468 1042 3636 1102 atque

2048 1127 2110 1165 ea
2152 1115 2335 1167 omnia
2379 1117 2547 1170 veluti
2584 1117 2638 1173 in
2673 1119 2964 1186 columna,
3019 1138 3124 1175 non
3176 1139 3315 1177 terea
3356 1124 3449 1177 illa
3538 1131 3634 1177 aut

2048 1220 2357 1259 marmorea
2379 1246 2392 1270 ,
2422 1209 2517 1262 sed
2556 1209 2908 1265 adamantina
2944 1230 3170 1281 prorsus
3206 1215 3483 1284 insculpet
3507 1256 3522 1278 ,
3555 1216 3620 1267 ad

2049 1299 2371 1352 memoriam
2423 1303 2762 1369 posteritatis
2809 1305 2993 1359 omnis
3049 1306 3465 1374 sempiternam.
3508 1308 3635 1361 Exi-

2048 1385 2220 1438 mium
2252 1401 2418 1454 porro
2448 1403 2511 1442 ea
2559 1400 2880 1459 tempestate
2936 1395 3183 1465 martyrii
3223 1405 3480 1465 tanquam
3520 1409 3637 1451 sla-

2047 1476 2198 1530 dium
2230 1478 2402 1533 Gallia
2436 1481 2717 1548 pr0vincia
2750 1495 2868 1539 erat
2895 1502 2908 1538 :
2946 1484 2997 1539 in
3029 1502 3136 1555 qua
3165 1497 3365 1556 praeter
3389 1499 3619 1543 caeteras

2047 1571 2295 1626 celebres
2343 1572 2465 1627 duae
2500 1584 2627 1628 sunt
2672 1577 3105 1645 metrOpolitana:
3159 1578 3359 1642 urbes,
3403 1579 3626 1648 Lugiu-

2046 1679 2176 1717 nnm
2244 1675 2300 1720 et
2353 1665 2597 1733 Vienna,
2646 1684 2784 1737 quas
2852 1670 3061 1739 reliqua
3125 1687 3316 1727 eorum
3381 1672 3627 1725 lucorum

2049 1757 2273 1826 regione
2328 1774 2592 1825 emensa,
2651 1760 2854 1817 ﬂuvius
2911 1762 3217 1818 Rhodanus
3274 1764 3623 1833 perstringit.

2049 1851 2429 1922 Martyriorum
2455 1861 2639 1907 autem
2668 1869 2856 1908 eorum
2887 1855 3369 1921 commentarium,
3398 1857 3621 1909 urbium

2049 1958 2240 1996 earum
2272 1944 2521 2000 ecclesiae
2553 1945 2814 2010 illustres,
2850 1947 3114 2002 ecclesiis
3173 1962 3298 2017 qua:
3333 1947 3384 2000 in
3418 1947 3548 2002 Asia
3575 1957 3631 2001 et

2050 2037 2286 2109 Phrygia
2314 2038 2488 2099 fuere.
2522 2040 2750 2101 misere.
2793 2042 2883 2095 tali
2918 2040 3238 2109 prmfatione
3283 2055 3434 2095 usae:
3467 2059 3484 2092 ι
3522 2039 3627 2107 Qui

2050 2129 2280 2186 Viennze
2335 2141 2391 2186 et
2449 2132 2705 2205 Lugduni
2761 2136 2814 2189 in
2876 2134 3069 2189 Galliis
3121 2133 3415 2197 habitant,
3484 2134 3631 2187 servi

2050 2222 2282 2286 Christi,
2318 2226 2371 2278 in
2404 2226 2529 2279 Asia
2567 2235 2623 2280 et
2658 2226 2896 2298 Phrygia
2932 2227 3184 2281 eamdem
3218 2225 3507 2281 nobiscum
3551 2241 3639 2279 re-

2050 2319 2387 2388 demptionis
2440 2320 2598 2374 fidem
2649 2328 2705 2375 et
2754 2337 2905 2390 spem
2955 2320 3293 2375 habentibus
3345 2319 3634 2385 fratribus,

2055 2427 2159 2480 pax
2185 2451 2198 2475 ,
2231 2420 2286 2465 et
2330 2410 2503 2481 gratia
2534 2450 2548 2477 ,
2592 2422 2648 2466 et
2680 2412 2855 2483 gloria
2899 2429 2929 2466 a
2966 2413 3080 2467 Deo
3115 2412 3277 2466 Patre
3319 2421 3371 2466 et
3403 2412 3637 2466 Domino

2050 2505 2177 2560 Jesu
2212 2504 2454 2570 Christo,
2487 2505 2723 2559 Domino
2762 2513 2976 2559 nostro.
3024 2522 3043 2555 ι
3078 2502 3290 2557 Deinde
3323 2501 3632 2573 praefationi

2050 2597 2341 2668 ejusmodi,
2372 2596 2494 2651 aliis
2516 2595 2845 2666 quibusdam
2877 2594 3062 2649 verbis
3089 2593 3316 2658 additis,
3353 2594 3461 2648 tale
3489 2593 3633 2648 scri-

2051 2690 2216 2745 bendi
2243 2691 2464 2745 initium
2497 2688 2708 2743 faciunt
2735 2706 2748 2742 :
2783 2707 2799 2740 ι
2832 2687 3205 2742 ΑΠΙὶεῑίυηυηι
3235 2698 3637 2739 aerumnarum-

2051 2800 2159 2854 que
2192 2791 2505 2837 nostrarum
2539 2780 2979 2851 magnitudinem
3007 2820 3021 2842 ,
3054 2787 3107 2833 et
3145 2787 3349 2833 tantam
3390 2777 3636 2847 gentium

2053 2878 2320 2932 adversus
2353 2885 2574 2930 sanctos
2610 2874 2768 2938 iram,
2797 2883 2965 2943 atque
3007 2886 3104 2926 eas
3138 2885 3275 2939 quas
3304 2868 3452 2924 beati
3494 2883 3642 2921 mar-

2056 2977 2207 3039 tyres
2239 2967 2627 3030 sustinuerunt
2660 2966 3032 3027 calamitates,
3063 2979 3245 3033 neque
3276 2978 3375 3016 nos
3402 2959 3639 3015 dicendo

2057 3067 2312 3112 accurate
2361 3058 2709 3127 exprimere,
2758 3072 2864 3110 nec
2912 3056 3087 3109 ullum
3139 3052 3435 3108 scribendo
3483 3065 3640 3118 posse

2058 3148 2348 3216 complecti
2380 3156 2659 3217 putamus.
2695 3145 2858 3216 305
2890 3142 3163 3199 Omnibus
3210 3142 3359 3198 enim
3398 3141 3516 3195 suis
3548 3154 3642 3192 co-

371 3237 611 3307 πιινηροῦ
639 3240 715 3300 είς
746 3240 970 3304 ἐαυτοὺς
995 3241 1223 3295 ἑλκύσαι
1244 3257 1256 3269 ·
1283 3241 1331 3294 οἳ
1366 3246 1461 3298 καὶ
1489 3244 1653 3311 ὁμόσε
1689 3245 1949 3313 ἐχώρουν,

2061 3242 2165 3314 piis
2199 3243 2250 3295 in
2286 3257 2385 3296 nos
2427 3241 2589 3294 irruit
2633 3239 3026 3303 adversarius;
3074 3249 3130 3291 et
3170 3237 3223 3288 in
3262 3234 3421 3288 initio
3451 3234 3638 3286 statim

372 3332 483 3384 πᾶν
536 3327 672 3392 dan
706 3333 1013 3403 ὀνειδιαμοῦ
1070 3338 1163 3388 καὶ
1196 3336 1469 3400 κολάσεως
1506 3338 1825 3406 ἀνεχόμενοι
1854 3353 1869 3367 ·
1898 3337 1950 3389 οἳ

372 3423 469 3476 καὶ
497 3424 565 3477 τὰ
597 3423 763 3476 πολλὰ
794 3425 948 3494 ὀλίγα
986 3426 1302 3494 ἡγούμενοι,
1336 3427 1596 3479 ἔσπευδον
1638 3429 1773 3497 πρὸς
1820 3428 1954 3498 Χρι-

378 3517 525 3579 στὸν,
561 3515 729 3580 διτως
761 3518 1231 3587 ἐπιδεικνύμενοι,
1262 3518 1345 3572 ὅτι
1377 3520 1476 3571 οὐκ
1514 3518 1645 3582 ἄξια
1676 3520 1743 3571 τὰ
1776 3519 1955 3588 παθή-

381 3626 529 3678 ματα
551 3610 645 3664 τοῦ
672 3611 765 3665 νῦν
786 3612 979 3681 καιροῦ
1009 3614 1144 3681 πρὸς
1166 3613 1266 3683 τὴν
1296 3613 1595 3682 μέλλουσαν
1622 3612 1801 3677 δόξαν.
1843 3613 1954 3664 Καὶ

380 3703 598 3770 πρῶτον
633 3707 730 3771 μέν
757 3707 999 3775 σωρηδὸν
1026 3706 1300 3776 πανδημεὶ
1327 3706 1393 3758 τὰ
1431 3705 1806 3775 ἐπιφερόμενα
1846 3706 1956 3759 ἀπὸ

380 3792 472 3844 τοῦ
507 3793 661 3864 ὄχλου
713 3796 986 3862 ὑπέμενον
1010 3813 1024 3828 ·
1078 3798 1411 3866 ἐπιϐοήσεις,
1462 3797 1557 3848 καὶ
1592 3796 1828 3865 πληγὰς,
1863 3798 1960 3850 καὶ

384 3889 649 3957 συρμοὺς,
673 3887 982 3957 διαρπαγὰς
1006 3889 1095 3941 καὶ
1114 3889 1276 3941 λίθων
1301 3888 1460 3958 βολὰς
1478 3891 1571 3941 καὶ
1596 3888 1958 3955 συγκλείσεις,

382 3977 478 4029 καὶ
517 3978 678 4031 πάνθ’
704 3980 803 4032 ὅσα
836 3980 1166 4050 ἠγριωμένῳ
1202 3979 1396 4051 πλήθει
1427 3981 1504 4043 ὼς
1542 3980 1677 4049 πρὸς
1728 3978 1960 4051 ἐχθροὺς

382 4072 476 4123 καὶ
511 4071 802 4142 πολεμίους
833 4073 981 4142 φιλεῖ
1003 4074 1269 4141 γίνεσθαι.
1313 4093 1331 4126 ι

2060 3335 2178 3403 ipso
2211 3332 2484 3402 apparuit,
2520 3331 2657 3385 nihil
2699 3332 2814 3384 fore
2848 3330 3045 3384 terrori
3083 3329 3243 3382 nobis
3273 3325 3629 3397 pricsentiam

2059 3427 2213 3497 ejus,
2267 3426 2424 3494 quasi
2472 3424 2789 3494 prolusione
2832 3425 3067 3493 quadam
3118 3437 3281 3477 suum
3336 3420 3636 3474 adventum

2060 3518 2323 3572 audacter
2383 3516 2632 3569 futurum
2681 3517 3097 3587 praenuntians,
3150 3525 3203 3568 et
3254 3528 3415 3567 omne
3465 3524 3640 3586 genus

2062 3608 2467 3678 persecutionis
2510 3618 2675 3678 atque
2758 3607 3075 3661 amictionis
3127 3607 3400 3661 adhibens
3450 3619 3642 3658 assue-

2063 3700 2193 3754 fecit
2246 3712 2302 3754 et
2354 3701 2601 3754 exercuit
2653 3715 2786 3753 suos
2842 3700 3107 3753 adversus
3161 3697 3253 3751 Dei
3315 3696 3633 3751 ministros:

2062 3794 2336 3867 siquidem
2390 3809 2498 3847 non
2554 3793 2766 3847 aedibus
2813 3802 3064 3857 tantum,
3119 3792 3329 3845 balneis
3412 3798 3468 3844 et
3518 3788 3640 3842 foro

2062 3887 2243 3950 nobis,
2274 3886 2370 3941 sed
2397 3886 2620 3958 publico
2644 3902 2865 3957 quoque
2890 3900 3135 3955 prorsus,
3164 3884 3361 3938 necubi
3388 3891 3640 3936 nostrum

2065 3980 2358 4052 quisquam
2402 3988 2699 4051 appareat,
2735 3978 3170 4033 interdixerunt.
3211 3977 3415 4032 Verum
3449 3984 3643 4029 contra

2066 4089 2164 4129 eos
2194 4089 2293 4145 pro
2324 4073 2484 4129 nobis
2515 4074 2688 4143 gratia
2720 4072 2816 4127 Dei
2846 4074 3195 4144 depugnans,
3236 4070 3490 4126 infirmos
3523 4066 3648 4137 qui-

387 4165 510 4218 dem
542 4168 916 4233 conlirmavit,
947 4168 1171 4222 stabiles
1193 4175 1373 4222 autem
1414 4169 1496 4223 eis
1551 4168 1812 4240 opposuit
1871 4167 2193 4222 columnas:
2238 4182 2334 4222 eos
2379 4167 2638 4223 videlicet
2674 4167 2958 4234 homines,
3006 4170 3101 4238 qui
3147 4182 3243 4237 per
3297 4166 3646 4221 tolerantiam

386 4277 604 4314 onmem
680 4261 809 4314 mali
860 4262 1012 4315 illius
1064 4261 1330 4331 impetum
1386 4262 1439 4315 in
1495 4261 1705 4332 seipsos
1755 4261 2188 4330 pertraherent:
2253 4261 2464 4330 quique
2524 4261 2775 4316 conferre
2803 4261 3024 4330 pedem,
3096 4275 3260 4315 oume
3296 4259 3647 4314 contumeliae

385 4365 439 4409 et
465 4353 724 4423 supplicii
750 4369 927 4423 genus
949 4355 1251 4419 sustinere,
1273 4365 1328 4409 et
1352 4371 1473 4420 quae
1493 4354 1729 4425 plurima
1755 4363 1964 4419 essent,
2008 4369 2283 4423 perpauca
2349 4363 2407 4407 et
2470 4354 2663 4424 exigua
2702 4369 2826 4417 esse
2857 4354 3057 4407 ducere
3097 4363 3339 4422 possent,
3372 4362 3428 4405 et
3469 4351 3541 4404 ita
3572 4353 3639 4403 ad

384 4447 668 4502 Christum
714 4446 908 4500 venire
958 4445 1324 4500 chtinarent:
1377 4448 1545 4500 rebus
1603 4446 1742 4516 ipsis
1792 4444 2151 4500 ostendentes
2212 4445 2278 4505 ⁸¹,
2346 4459 2453 4498 non
2491 4460 2613 4499 esse
2681 4442 2980 4512 condignas
3029 4443 3310 4510 passiones
3376 4443 3644 4511 temporis

390 4540 551 4607 hujus
600 4542 666 4592 ad
712 4539 952 4592 futuram
1024 4538 1275 4607 gloriam.
1312 4537 1556 4592 Primum
1590 4538 1794 4608 quippe
1870 4536 2161 4591 confertim
2225 4534 2490 4598 universi,
2558 4549 2680 4604 qua}
2711 4535 2791 4588 eis
2821 4552 2849 4588 a
2892 4533 3249 4587 multitudine
3282 4534 3642 4593 inferrentur.

390 4634 702 4703 pertulere,
736 4631 1165 4686 contumeliosas
1206 4630 1653 4695 inilamationes,
1731 4628 1985 4692 verbera,
2087 4627 2488 4692 volutationes,
2533 4628 2773 4696 rapinas,
2820 4625 3184 4695 lapidationes
3261 4636 3318 4680 et
3361 4644 3645 4682 calccrt's:

297 4742 303 4751 '
390 4726 575 4781 omnia
626 4726 869 4799 denique
915 4725 1054 4790 alia,
1108 4740 1231 4793 qua:
1277 4703 1565 4778 ferocienti
1624 4721 1968 4777 mtdtitudini
2010 4732 2202 4776 contra
2269 4721 2525 4777 inimicos
2555 4732 2611 4776 ct
2674 4723 2859 4775 hostes
2889 4721 3070 4775 facere
3100 4719 3153 4774 in
3185 4733 3423 4775 mentem
3463 4724 3649 4778 venire

392 4821 599 4876 solent.
647 4840 666 4874 ι

1998 4933 2052 4992 D
2650 4925 2874 4981 CAPUT
2924 4926 3084 4981 XVII.

2076 5024 2156 5084 De
2192 5024 2353 5082 Velio.
2385 5022 2585 5079 Sancto
2610 5063 2625 5084 ,
2664 5019 2889 5074 Pot/tino
2914 5061 2928 5084 ,
2983 5020 3289 5075 Alexandro
3313 5066 3327 5086 ,
3372 5022 3614 5078 Bibliade
3636 5068 3650 5089 ,

2150 5094 2442 5157 Blandina,
2474 5101 2521 5145 et
2553 5093 2712 5146 aliis:
2742 5101 2801 5162 ut
2844 5090 3042 5144 scilicet
3062 5102 3327 5146 certamen
3363 5111 3457 5162 pro
3496 5094 3652 5147 cvm-

2150 5174 2229 5247 sto
2269 5165 2635 5231 sustipuerint,
2677 5170 2724 5215 et
2771 5161 3008 5227 deinceps
3053 5163 3108 5216 in
3157 5161 3376 5228 ﬂuvium
3422 5165 3524 5217 sint
3562 5167 3652 5218 ab—

2143 5245 2293 5305 jecfi.

960 4937 1236 5001 :KEQAA.
1279 4938 1379 4991 IZ'.

396 5029 534 5097 Περὶ
555 5030 827 5094 Oder/av,
861 5027 1155 5097 Σάγκτου,
1195 5024 1503 5085 Ποθεινοῦ.
1548 5022 1968 5097 ᾎλεξάτςδρορ,

466 5091 1328 5162 ΒιϐλιάδουξκιιὶΒλανδίνης,
1362 5097 1455 5149 καὶ
1480 5094 1719 5161 ἐτέρων,
1759 5094 1838 5156 ὡς
1863 5091 1971 5143 τὸν

467 5172 619 5237 ὑπὲρ
660 5171 919 5237 Χριστοῦ
953 5162 1141 5224 ἆθλον
1187 5169 1250 5219 ἐν
1282 5166 1576 5237 Pallia“;
1597 5163 1928 5232 διήνεγκαν
1954 5178 1967 5191 ο

468 5235 661 5295 καὶ-ἐν
687 5235 767 5305 τῷ
794 5238 1037 5307 ποταμῷ
1070 5237 1329 5305 ὕστερον
1357 5235 1804 5304 ἀπερρίφησαν.

470 5351 604 5409 Εἶτα
647 5354 901 5421 διέξεισιν
946 5353 978 5421 ὴ
1013 5351 1289 5420 διήγησις,
1318 5349 1393 5412 ὡς
1432 5366 1450 5398 ‹
1498 5347 1603 5401 ὑπὸ
1634 5346 1723 5398 τὸν
1753 5343 1950 5415 χιλίαρι

2146 5350 2354 5405 Deinde
2399 5353 2667 5422 scriptum
2699 5349 2752 5405 id
2780 5351 3121 5420 exsequitur,
3154 5367 3171 5400 ι
3210 5358 3431 5403 sanctos
3466 5365 3497 5404 a
3554 5351 3649 5404 tri-

401 5467 494 5520 χον
524 5450 793 5521 ηχθησαν,
834 5447 928 5500 καὶ
974 5431 1367 5514 ἀνακριθέντες
1395 5440 1808 5512 καθείρχθησαν
1839 5455 1851 5469 ·
1880 5437 1975 5490 καί

401 5561 525 5598 τινα
566 5545 788 5596 Οὐετιον
829 5539 1164 5609 Ἐπάγαθον,
1210 5536 1289 5607 τῷ
1330 5536 1508 5606 χρόνῳ
1554 5530 1835 5599 νεάζοντα,
1881 5532 1978 5585 καὶ

402 5639 472 5708 τῇ
511 5638 692 5689 πίστει
724 5637 818 5689 καὶ
848 5634 1011 5687 πλέον
1039 5634 1153 5696 τοῖς
1197 5632 1366 5683 πᾶσιν
1399 5627 1628 5697 ἀγαθοῖς
1657 5626 1766 5679 τῶν
1795 5627 1977 5695 ἔργων

406 5728 748 5798 ἀκμάζοντα,
782 5726 878 5781 τοῦ
910 5726 1149 5797 πλήθους
1184 5723 1816 5793 δπεραγανακτήσαντα,
1844 5721 1977 5773 ἀπο-

480 5894 520 5925 ⁸¹
557 5892 712 5947 Ram.
746 5908 861 5955 vm,
906 5890 986 5944 l8.

2080 5444 2230 5498 buno
2283 5445 2523 5500 militum
2566 5446 2872 5509 abductos,
2918 5453 3084 5511 atque
3135 5443 3539 5511 interrogatos.
3593 5445 3647 5497 in

2078 5554 2359 5594 carcerem
2399 5540 2682 5609 conjectos
2715 5553 2859 5594 esse.
2896 5539 3075 5607 Atque
3118 5536 3263 5591 inter
3300 5552 3398 5591 eos
3431 5536 3648 5591 Vetium

2080 5631 2376 5699 quemdam
2413 5631 2781 5701 Epagathum,
2818 5645 2944 5685 cum
2975 5629 3151 5685 aetatis
3186 5628 3320 5685 ﬂore
3352 5630 3653 5698 vigentem,

2086 5732 2200 5776 tum
2233 5723 2337 5777 [ide
2364 5723 2628 5791 omnique
2660 5724 2931 5778 bonorum
2961 5736 3189 5792 operum
3219 5736 3420 5791 genere
3443 5721 3653 5791 pollen-
