4032 6424
433 400 572 462 101.3

1659 403 2080 462 NlCEi‘lltJElI
2125 406 2473 465 CALLISTI

3559 405 3700 469 1015

433 530 569 582 tein,
600 526 806 575 tantam
846 516 1256 571 multitudinem
1292 516 1489 572 abduci
1528 533 1667 585 a-gre
1707 519 1915 581 tulisse,
1950 530 2002 573 et

2111 522 2295 587 λογίαν
2327 525 2471 590 ἐρεῖν
2497 539 2508 551 ·
2543 520 2635 573 καὶ
2670 522 2771 592 τὴν
2818 523 2992 592 καλὴν
3044 523 3339 576 ἀνειπόντα
3381 522 3696 592 ὁμολογίαν,

432 626 493 661 se
532 609 598 662 ad
648 607 1027 662 defensionem
1076 607 1441 677 perorandam
1486 623 1678 661 eorum
1722 607 2012 668 obtulis~e.

432 714 600 771 atque
654 709 724 756 oh
775 711 884 756 tam
938 701 1226 771 pulchram
1277 700 1680 769 professionem
1732 717 1854 756 cum
1894 702 2017 756 aliis

431 796 596 850 simul
623 795 914 863 abreptum
945 809 1088 847 esse.
1122 791 1319 848 Decem
1356 807 1490 847 vero
1521 794 1750 862 periculi
1804 794 2013 862 magni-

435 887 627 941 tudine
680 887 878 951 victos,
933 886 1199 955 martyrio
1247 884 1643 940 renuntiasse:
1705 897 1762 942 et
1810 886 2015 941 sanctis

435 980 690 1033 timorem
738 978 1020 1046 ingentem
1061 977 1374 1046 reliquisse.
1421 977 1718 1031 admodum
1761 988 2016 1033 metuen-

431 1077 450 1118 t
485 1067 588 1121 bus
613 1078 843 1136 propter
867 1066 1100 1120 dubium
1139 1067 1310 1121 futuri
1346 1083 1512 1121 casus
1542 1068 1775 1132 exitum,
1811 1084 1878 1121 ne
1910 1069 2015 1124 sci-

431 1160 561 1214 licet
610 1160 678 1214 de
724 1175 791 1213 co
842 1174 1068 1229 quoque
1127 1161 1616 1229 perielitarentur.
1678 1172 1735 1216 ut
1790 1162 2013 1218 Christo

346 1276 354 1287 ι
429 1251 776 1305 exciderent.
810 1251 1013 1305 Eorum
1047 1260 1229 1307 tamen
1258 1268 1551 1306 numerum
1581 1254 1719 1307 alios
1746 1254 2010 1323 paulatim

426 1342 759 1411 explevisse.
792 1342 1045 1413 Optimos
1087 1359 1337 1413 quosque
1379 1360 1442 1398 ex
1485 1353 1717 1414 utraque
1780 1346 2012 1400 ecclesia

429 1435 699 1497 delectos,
727 1446 780 1489 et
813 1451 937 1489 cum
972 1437 1314 1505 martyribus
1342 1435 1474 1506 ipsis
1505 1452 1568 1490 ex
1599 1437 1860 1507 gentibus
1890 1452 2010 1491 ser-

426 1542 525 1582 vos
571 1543 680 1581 una
729 1528 1200 1597 comprehensos,
1247 1522 1456 1597 eosque
1506 1526 1809 1597 flagrorum
1858 1530 1908 1581 vi
1958 1538 2013 1582 et

428 1619 764 1672 necessitate
808 1628 1075 1679 coactos,
1125 1629 1321 1673 contra
1379 1635 1482 1674 nos
1536 1619 1835 1673 ementitos
1888 1636 2010 1674 esse

428 1710 686 1781 Thyestis
720 1725 905 1764 cautas
929 1721 984 1764 et
1008 1710 1203 1779 OEdipi
1228 1712 1582 1774 concubitus,
1607 1710 1770 1781 308
1792 1711 2010 1780 aliaque

429 1802 561 1855 item
598 1801 831 1870 plurima
879 1801 1165 1871 vulgasse,
1213 1816 1335 1869 quae
1391 1816 1571 1869 neque
1603 1801 1793 1854 auditu
1832 1816 2010 1870 neque

427 1891 579 1944 rhetu
608 1890 899 1946 credibilia
925 1899 1113 1945 essent
1143 1908 1154 1943 :
1183 1904 1365 1960 neque
1394 1892 1560 1945 etiam
1592 1907 1833 1959 unquam
1868 1892 2009 1944 inter

430 1986 683 2038 homines
715 1983 955 2039 admissa
991 1993 1196 2049 essent,
1228 1984 1376 2054 quod
1411 1984 1576 2037 ﬁdem
1612 1984 2006 2037 obtinuissent.

428 2078 676 2143 Quarum
740 2092 927 2131 rerum
996 2075 1223 2131 infantia
1293 2077 1455 2144 vulgo
1517 2077 1755 2146 jactata,
1818 2089 2009 2127 omnes

428 2166 658 2238 (inquit)
703 2177 895 2222 contra
925 2182 1028 2222 nos
1060 2177 1191 2222 sunt
1222 2167 1456 2222 elferati.
1501 2167 1567 2221 Et
1606 2167 1700 2236 qui
1739 2170 2009 2221 hactenus

424 2269 654 2328 propter
678 2258 1005 2313 familiarem
1035 2260 1497 2314 consuetudinem
1526 2269 1579 2313 et
1606 2260 2005 2312 humanitatem

423 2350 830 2406 moderatiores
863 2351 1118 2417 fuerant,
1167 2367 1391 2421 gravem
1433 2352 1487 2406 in
1523 2368 1621 2406 nos
1657 2352 2005 2406 frernehundi

422 2450 762 2507 acceperunt
812 2441 1084 2495 animum.
1149 2442 1497 2511 Quapropter
1547 2446 1829 2498 cruciatus
1880 2458 2008 2497 ora-

425 2531 594 2585 tionis
621 2532 730 2585 vim
764 2548 986 2587 omnem
1022 2544 1351 2602 superantes
1377 2534 1551 2588 sancti
1581 2545 1851 2605 martyres
1884 2550 2006 2603 per-

423 2624 692 2685 tulerunt.
757 2623 959 2678 Satana
1010 2639 1229 2679 summo
1281 2626 1465 2680 studio
1516 2626 1913 2684 contendentc.
1948 2635 2007 2679 ut

420 2716 490 2769 ab
525 2716 610 2770 eis
645 2731 869 2786 quoque
903 2716 1264 2785 blasphemiae
1293 2719 1593 2787 quidquam
1640 2719 2003 2788 proferretur.

422 2809 711 2878 Praecipue
747 2820 933 2863 autem
969 2810 1347 2863 multitudinis
1379 2811 1557 2877 ipsius
1590 2820 1644 2864 et
1682 2811 1915 2864 militum
1951 2818 2007 2863 et

418 2900 674 2971 prmsidis
727 2900 880 2953 furor
935 2901 1188 2956 incubuit
1236 2902 1307 2955 in'
1352 2891 1657 2968 Strictum,
1711 2902 2004 2955 diaconum

423 2991 830 3047 Viennensem:
873 2993 924 3045 in
976 2994 1289 3058 lllaturum,
1344 3010 1536 3048 recens
1578 2994 1798 3062 quidem
1849 2993 2002 3046 illum

419 3081 831 3145 illntninatum,
870 3084 962 3137 sed
994 3100 1324 3154 generosum
1366 3095 1421 3137 et
1467 3086 1663 3138 fortem
1696 3086 2005 3139 decertatu-

2119 614 2473 684 ἀνάρπαστον
2509 615 2777 681 γεγονότα
2801 633 2813 645 ·
2864 616 2999 668 δέκα
3046 615 3103 669 δέ
3146 632 3302 679 τινας
3338 615 3474 685 πρὸς
3507 617 3566 667 τὸ
3599 616 3699 683 μέ-

2119 705 2279 772 γεθος
2330 704 2435 756 τῶν
2495 705 2763 757 κινδύνων
2810 704 3327 774 ἀπαγορεύσαντος,
3370 704 3695 773 ἡττηθῆναι,

2119 798 2213 848 καὶ
2244 797 2361 857 δέος
2393 797 2655 866 μέγιστον
2684 800 2798 859 τοῖς
2827 798 3006 865 ἁγίοις
3044 797 3386 862 καταλιπεῖν,
3414 797 3604 850 δεδιοὲσι
3636 798 3699 850 τὸ

2117 884 2211 937 τοῦ
2259 887 2552 951 μέλλοντος
2584 887 2640 939 ἐν
2675 886 2880 956 ἀδήλῳ,
2923 889 2998 956 μὴ
3034 890 3128 940 καὶ
3160 888 3221 940 τὸ
3250 887 3528 940 διαπεσεῖν
3559 887 3697 954 Χρι-

2121 975 2248 1030 στοῦ
2282 976 2735 1031 κινδυνεύσωσιν.
2771 980 2988 1041 Ἀλλοις
3016 979 3072 1031 δὲ
3099 980 3192 1030 τὸν
3214 979 3439 1031 ἐκείνων
3463 977 3698 1046 ἀριθμὸν

2118 1068 2238 1119 κατ’
2266 1067 2481 1135 ὀλίγους
2516 1068 2829 1138 ἐκπλῆσαι·
2862 1070 2993 1122 ὥστ’
3029 1071 3091 1123 ἐκ
3128 1070 3236 1123 τῶν
3267 1069 3360 1121 δύο
3390 1068 3700 1137 ἐκκλησιῶν

2117 1158 2242 1220 τοὺς
2283 1158 2606 1223 σπουδαίους
2648 1162 2997 1229 συλλεγῆναι,
3030 1166 3121 1212 καὶ
3161 1161 3287 1223 τοὺς
3335 1160 3393 1226 ἐξ
3436 1160 3603 1214 ἐθνῶν
3649 1161 3698 1213 δ’

2117 1250 2332 1310 οἰκέτας
2382 1254 2494 1313 τοῖς
2529 1250 2773 1320 μάρτυσι
2808 1250 3316 1319 συλλαμϐάνεσθαισ
3348 1248 3439 1311 οὓς
3467 1249 3560 1301 καὶ
3594 1266 3698 1301 κα-

2117 1338 2483 1408 ταψεύδεσθαι
2513 1339 2721 1394 τούτων
2754 1344 2816 1409 τῇ
2877 1340 2984 1392 τῶν
3021 1341 3303 1409 μαστίγων
3337 1339 3549 1409 ἀνάγκη
3573 1354 3585 1367 ’
3618 1340 3698 1401 ὡς

2119 1433 2212 1485 καὶ
2261 1433 2528 1484 Θυέστεια
2574 1434 2768 1487 δεῖπνα
2810 1434 2905 1485 καλ⁸
2958 1434 3324 1495 Οἰδιποδείους
3362 1433 3557 1502 μίξεις,
3601 1434 3698 1485 καὶ

2116 1524 2389 1578 ἄλλ’ἄῖτα
2440 1526 2803 1596 ἐπιφημίζειν
2842 1526 3095 1588 ἐκείνοις,
3133 1526 3225 1576 καὶ
3262 1527 3362 1577 ὅσα
3394 1525 3518 1594 μήτ’
3558 1525 3697 1594 ἀκοῇ

2118 1618 2351 1684 φορητὰ,
2380 1617 2513 1685 μήτε
2551 1616 2770 1687 γλώσσῃ
2808 1612 2950 1668 εἶναι
2988 1617 3130 1687 ῥητά
3150 1632 3164 1646 ⁸
3193 1615 3309 1668 ἀλλ’
3340 1617 3388 1667 εί
3418 1614 3552 1684 μηδὲ
3582 1614 3698 1665 πώ-

2117 1724 2248 1760 ποτε
2288 1710 2413 1776 παρ’
2462 1707 2774 1775 ἀνθρώποις
2828 1708 3082 1774 ἐγένοντο
3116 1709 3300 1759 πίστιν
3337 1706 3547 1775 ἔχοντα.
3590 1700 3697 1760 Ὧν

2119 1798 2527 1866 φημισθέντων,
2586 1801 2811 1862 πάντες,
2866 1799 3058 1868 φησὶν,
3108 1799 3572 1867 ἀπεθηριώθησαν
3611 1799 3695 1859 είς

2116 1891 2261 1958 ἡμᾶς
2294 1908 2305 1920 ⁸
2338 1889 2480 1942 ὥστε
2518 1893 2611 1943 καὶ
2661 1892 2715 1943 εῖ
2763 1907 2907 1953 τινες
2954 1890 3221 1959 πρότερον
3270 1891 3339 1942 δι’
3386 1891 3697 1959 οἰκειότητα

2115 1982 2463 2051 ἐμετρίαζον,
2490 1986 2606 2035 τότε
2637 1984 2848 2052 μεγάλα
2869 1984 3225 2052 ἐχαλέπαινον
3249 1983 3339 2035 καὶ
3367 1982 3692 2051 διεπρίοντο.

2115 2075 2212 2125 Διὰ
2242 2073 2416 2128 ταῦτα
2461 2075 2721 2144 ὑπεράνω
2754 2078 2929 2142 πάσης
2964 2076 3278 2144 ἐξηγήσεως
3307 2074 3575 2141 ὑπέμενον
3605 2090 3695 2126 κο-

2113 2166 2294 2227 λάσει,
2338 2167 2387 2217 οἱ
2426 2166 2575 2234 ἅγιοι
2634 2168 2914 2237 μάρτυρες
2951 2167 3409 2235 φιλοτιμουμένου
3445 2166 3536 2217 τοῦ
3588 2165 3693 2217 Σα-

2112 2259 2272 2315 τανᾶ,
2309 2258 2405 2308 καὶ
2436 2258 2502 2309 δι’
2552 2258 2776 2311 ἐκείνων
2811 2257 3048 2327 ῥηθῆναί
3081 2275 3131 2309 τι
3175 2258 3283 2309 τῶν
3316 2256 3648 2326 βλασφήμων
3673 2273 3691 2287 θ

2116 2350 2239 2400 καθ’
2272 2349 2582 2417 ὑπερϐολὴν
2611 2350 2657 2401 δ’
2688 2349 2957 2417 ἐνσκῆψαι
2994 2349 3093 2419 τὴν
3142 2349 3312 2421 ὀργὴ-ι
3350 2350 3568 2401 ἅπασαν
3599 2347 3693 2400 τοῦ

2113 2441 2272 2507 ὄχλου
2308 2440 2543 2492 καὶτῶν
2593 2440 2945 2509 στρατιωτῶν
2998 2443 3092 2492 καὶ
3148 2439 3243 2492 τοῦ
3298 2441 3561 2507 ἡγεμόνος
3613 2440 3694 2503 εἰς

2113 2533 2358 2598 Σάγκτον
2404 2533 2655 2585 διάκονον
2714 2534 2822 2584 ἀπὸ
2875 2534 3120 2602 Ιὶιέννης,
3169 2533 3260 2584 καὶ
3297 2534 3376 2594 εἰς
3408 2532 3693 2600 Μάτονρον

2114 2624 2500 2693 νεοφὼτιστον,
2557 2625 2695 2678 ἀλλὰ
2751 2629 3004 2693 γενναῖον
3056 2625 3408 2693 ἀγωνιστήν·
3468 2622 3557 2675 καὶ
3611 2624 3693 2684 είς

2116 2719 2381 2770 Ἄτταλον
2410 2719 2771 2788 Περγαμηνὸν
2792 2719 2871 2788 τῷ
2897 2719 3064 2788 γένει,
3082 2717 3272 2770 στῦλον
3297 2720 3388 2768 καὶ
3411 2716 3692 2786 ἑδραίωμα

2110 2814 2222 2865 τῶν
2256 2814 2434 2864 ἐκεῖσε
2470 2812 2680 2863 πιστῶν
2701 2827 2717 2843 ·
2752 2814 2845 2864 καὶ
2883 2814 2964 2875 εἰς
2997 2811 3311 2876 Βλανδίναν,
3341 2810 3535 2875 δούλην
3567 2808 3689 2877 μὲν,

2112 2909 2424 2979 ἐλευθέριον
2454 2910 2508 2961 δὲ
2546 2908 2692 2978 μάλα
2726 2908 3177 2977 πρσῢαλλομὲνην
3210 2907 3268 2958 τὸ
3304 2907 3594 2975 φρόνημα·
3620 2903 3688 2956 δι’

2109 2997 2176 3069 ἧς
2204 3004 2230 3053 ὁ
2261 3001 2463 3070 Κύριος
2499 3001 2723 3065 ἔδειξεν,
2779 3000 2855 3060 ὡς
2887 3001 2954 3052 τὰ
2988 3000 3118 3070 παρ’
3150 2999 3465 3067 ἀνθριῖιποις
3498 2995 3688 3063 εὐτελῆ

2110 3112 2168 3146 τε
2206 3095 2296 3146 καὶ
2346 3095 2483 3163 ἀηδῆ
2519 3095 2610 3145 καὶ
2659 3093 2849 3163 οὑδενι
2881 3091 3209 3160 λογιζόμενα
3261 3091 3524 3159 μεγίστης
3560 3089 3689 3156 παρ’

418 3190 537 3229 rem
564 3192 577 3226 :
616 3174 671 3229 in
699 3175 941 3231 Attalum
974 3178 1374 3247 Pergamenum
1405 3192 1631 3248 genere,
1657 3177 1914 3229 columen
1944 3184 1999 3230 ct

2110 3187 2251 3255 αὐτῷ
2297 3187 2450 3254 scen.
2488 3184 2877 3248 καταξεοῦνται
2927 3185 2992 3253 τῇ
3042 3183 3177 3250 πρὸς
3213 3183 3375 3235 αὑτὸν
3405 3183 3603 3251 στοργῇ
3632 3196 3689 3232 τε

418 3262 826 3321 firmamentum
877 3270 1208 3323 Gallicorum
1253 3270 1458 3324 Christi
1505 3270 1792 3323 litlelium:
1843 3278 1899 3322 et
1945 3269 1999 3322 in

415 3359 588 3417 Bland
617 3376 765 3424 nam,
800 3378 922 3429 qua:
955 3373 1098 3415 statu
1145 3363 1375 3431 quidem
1410 3376 1569 3415 serva
1613 3361 1814 3422 fuerat,
1851 3365 2003 3431 inge—

416 3451 571 3505 nium
607 3462 788 3505 autem
819 3462 871 3506 et
899 3454 1144 3507 animum
1171 3455 1366 3508 habuit
1391 3468 1658 3521 perquam
1686 3453 2000 3506 liberalem.

420 3544 481 3597 lu
509 3558 572 3597 ea
606 3545 869 3598 nimirum
904 3548 1160 3601 exhibuit
1193 3555 1361 3615 atque
1393 3546 1810 3613 repraesentavit
1840 3546 2002 3600 Chri-

413 3646 557 3700 stus,
595 3652 714 3706 qiize
747 3638 890 3708 apud
925 3639 1180 3693 homines
1211 3637 1360 3700 vilia,
1399 3638 1637 3709 ingrata,
1678 3639 1999 3707 nullius-que

412 3727 553 3783 adeo
601 3729 766 3797 pretii
822 3730 1160 3791 habeantur,
1195 3745 1259 3784 ea
1303 3730 1446 3800 apud
1487 3746 1546 3784 se
1594 3730 1650 3784 in
1699 3732 1997 3784 niaximum

411 3836 536 3877 esse.
593 3822 899 3885 honorem,
964 3833 1188 3893 propter
1233 3824 1511 3892 egregiam
1564 3822 1621 3877 in
1670 3838 1726 3878 se
1779 3823 1997 3892 piorum

411 3913 723 3966 animorum
755 3914 1101 3968 all'ectionem
1136 3922 1192 3969 et
1228 3930 1496 3970 amorem.
1525 3914 1663 3970 Cum
1695 3914 1842 3969 enim
1875 3930 1997 3968 om-

410 4019 513 4060 nes
548 4015 883 4071 metuerent,
934 4005 1175 4075 horaque
1202 4007 1368 4060 etiam
1404 4009 1526 4077 ejns‘
1552 4007 1791 4060 carnalis
1826 4006 1997 4059 maxi-

410 4109 639 4166 mopere
665 4099 732 4152 de.
757 4112 819 4151 ea
849 4106 999 4151 esset
1018 4098 1179 4153 anxia
1200 4100 1507 4154 ctsollicita
1527 4099 1739 4169 (aderat
1760 4116 1998 4168 namque

411 4198 469 4241 et
499 4188 638 4258 ipsa,
672 4188 893 4243 fortiter
922 4191 1211 4245 certamini
1242 4207 1341 4261 pro
1365 4192 1591 4246 Christo
1626 4192 1996 4259 incumbens),

411 4295 483 4334 ne
515 4281 603 4334 illa
639 4296 853 4335 natura:
890 4281 1302 4347 imbecillitate,
1346 4284 1431 4337 vel
1470 4283 1641 4336 solam
1679 4284 1995 4337 liberiorem

408 4370 816 4439 professionem
858 4387 970 4426 non
1004 4373 1309 4442 perferret.
1356 4383 1509 4428 tanto
1542 4389 1661 4427 eam
1693 4374 1862 4428 animi
1911 4390 1998 4429 ro-

404 4464 546 4518 lmre
578 4465 944 4519 confortatam
985 4480 1111 4519 esse
1154 4466 1409 4529 tradunt,
1460 4477 1520 4519 ut
1570 4476 1847 4530 tortores,
1899 4468 1994 4537 qui

2113 3279 2206 3331 καὶ
2240 3278 2509 3329 διαθέσει·
2544 3278 2762 3327 πάντων
2792 3278 2900 3343 γὰρ
2933 3275 3205 3334 δεδιότων,
3234 3273 3326 3325 καὶ
3355 3275 3454 3342 τῆς
3494 3270 3690 3339 σαρκί-

2113 3383 2210 3436 νης
2249 3367 2431 3436 ἐκείνῃ
2480 3363 2769 3431 δεσποίιτκ
2802 3362 3129 3432 ἀγωνιώσης
3182 3361 3394 3432 (παρῆν
3442 3360 3549 3429 γὰρ
3592 3359 3690 3411 καὶ

2109 3459 2247 3527 αὓτη
2285 3459 2374 3510 τὸν
2409 3459 2552 3528 ὑπὲρ
2585 3455 2824 3523 Χριστοῦ
2845 3456 3033 3523 ἀγῶνα
3059 3454 3301 3524 στερρῶς
3322 3453 3688 3521 διαφέρουσα)
3722 3512 3733 3517 _

2113 3553 2190 3622 μὴ
2218 3553 2315 3620 οὑχ
2368 3550 2456 3603 οἵα
2496 3568 2553 3602 τε
2590 3550 2802 3616 γένοιτο
2833 3550 2911 3617 τῷ
2949 3550 3049 3617 τῆς
3083 3546 3297 3615 φύσεως
3331 3543 3551 3597 ἀσθενεῖ
3586 3545 3690 3596 κᾶν

2110 3646 2207 3715 τὴν
2235 3644 2399 3716 ψιλὴν
2429 3643 2727 3712 ὁμολιγίαν
2763 3640 3274 3710 παρρησιάσασθαι,
3304 3638 3572 3707 τοσαύτης
3593 3636 3692 3688 αὑ-

2107 3738 2209 3809 τὴν
2243 3736 2518 3807 ἱστοροῦσι
2554 3735 2914 3805 πληρωθῆναι
2946 3735 3153 3803 ίσχὺος,
3181 3733 3255 3794 ὡς
3284 3732 3536 3784 ἀπειπεῖν
3560 3731 3688 3791 τοὺς

2108 3830 2172 3879 ἐκ
2224 3827 2475 3895 διαδοιῆς
2526 3826 2585 3890 ἐξ
2641 3826 2863 3879 ἑωθινοῦ
2918 3826 3022 3887 ἓως
3075 3826 3314 3889 ἑσπέρας
3354 3822 3689 3884 κολάζοντας

2112 3919 2353 3987 ῥάϐδοις,
2386 3918 2479 3970 καὶ
2502 3917 2601 3987 τὴν
2633 3914 2803 3989 ἧτταν
2832 3918 3141 3985 ὁμολογεῖν,
3171 3917 3246 3984 μή
3277 3932 3327 3967 τι
3358 3914 3486 3966 ἄλλο
3510 3915 3685 3965 ποιεῖν

2107 4012 2349 4082 ἔχοντας,
2386 4012 2479 4063 καὶ
2513 4010 2864 4080 ἐμπλήκτους
2897 4008 3038 4061 εἶναι
3066 4010 3127 4061 τὸ
3156 4008 3498 4078 παραμένειν
3545 4005 3685 4066 ὅλως

2110 4105 2375 4171 ἔμπνουν,
2404 4102 2606 4163 παντὸς
2628 4100 2721 4153 τοῦ
2757 4099 3011 4168 σώματος
3034 4098 3477 4170 περιεῤῥωγὸτος
3503 4112 3559 4149 τε
3585 4096 3685 4148 καὶ

2111 4195 2611 4266 ἀνεῳ·;’μέυι-ου.Έκε
2625 4196 2708 4263 ίνη
2744 4193 2797 4246 δέ
2817 4193 3007 4263 ὥσπερ
3027 4192 3355 4255 ἐννεάζουσα
3372 4190 3479 4250 τοῖς
3499 4187 3683 4248 ἄθλοις

2096 4290 2419 4355 διεγεγόνει.
2477 4287 2765 4354 Ἀνακωχὴ
2798 4286 2844 4337 δ’
2886 4280 2954 4354 ἦν
2990 4284 3080 4337 καὶ
3128 4276 3240 4335 οἷον
3298 4280 3464 4349 φάναι
3519 4276 3683 4330 άναλ-

2107 4381 2276 4451 γησία
2310 4382 2415 4432 τῶν
2468 4379 2882 4448 συμϐαινόντων
2923 4376 3004 4439 τὸ,
3047 4373 3350 4442 Χριστιανή
3382 4372 3519 4438 εἰμι.
3564 4369 3684 4418 ἐπι-

2106 4473 2309 4538 λέγειν.
2350 4471 2593 4538 Σάγκτος
2624 4467 2682 4520 δὲ
2729 4469 2826 4519 καὶ
2868 4466 3031 4527 αὐτὸς
3072 4466 3344 4528 τοσαύτην
3377 4457 3681 4528 ὑπερὸολὴν

407 4555 515 4609 sibi
567 4556 711 4610 inter
751 4573 806 4609 se
852 4557 1217 4611 succedentes
1260 4575 1289 4612 a
1338 4561 1612 4614 matutino
1645 4571 1893 4629 tempore
1929 4563 1997 4614 ad

2110 4564 2213 4622 τοῖ,
2246 4563 2535 4630 ἐπαχθεῖσι
2583 4559 2679 4612 καὶ
2728 4552 2850 4620 ταῖς
2901 4557 3184 4617 πλείσταις
3217 4553 3425 4614 αἰκίαις
3460 4550 3680 4602 ὑπέδει-

404 4661 700 4716 veSperam
734 4664 909 4718 usque
944 4649 1114 4718 virgis
1145 4657 1201 4703 et
1234 4649 1474 4706 fustibus
1503 4667 1623 4706 eam
1655 4653 1995 4717 ceciderant,

408 4742 629 4794 animos
671 4740 1105 4809 desponderent,
1148 4743 1436 4812 victosque
1476 4760 1535 4799 se
1576 4745 1994 4813 profiterentur,

410 4831 542 4900 quid
581 4846 769 4884 rerum
813 4832 1077 4902 deinceps
1105 4834 1172 4887 de
1217 4851 1280 4889 ea
1310 4846 1537 4904 agerent
1583 4836 1762 4893 dubii.
1795 4837 1999 4891 Obstu-

410 4932 703 4992 pescentes
734 4926 963 4991 etenim,
998 4927 1346 4983 mirabantur
1371 4928 1626 4998 spiritum
1664 4945 1890 4998 prorsus
1930 4930 1983 4983 in

411 5031 476 5069 ea
520 5030 831 5082 remanere,
861 5021 1021 5090 cujus
1053 5036 1258 5091 corpus
1286 5023 1718 5091 circumquaque
1747 5025 1997 5078 conscis-

412 5123 535 5165 suni
571 5119 624 5162 et
670 5119 923 5177 apertum
956 5124 1125 5168 esset.
1170 5117 1239 5167 At
1288 5114 1403 5177 illa,
1454 5116 1684 5184 perinde
1716 5125 1886 5186 atque
1927 5118 1997 5170 ab

412 5201 649 5254 ineunte
695 5211 856 5257 aatate
889 5207 1292 5260 certaminibus
1324 5215 1469 5261 esset
1501 5210 1830 5273 exercitata,
1877 5225 1998 5276 per-

411 5294 649 5349 durabat
698 5311 713 5349 :
768 5299 1255 5371 laxamentumque
1306 5301 1355 5355 ei
1411 5311 1467 5355 et
1526 5304 1610 5373 (ut
1662 5303 1737 5358 ita
1793 5303 1995 5374 dicam)

409 5391 715 5449 indolentia
741 5398 1023 5467 plagarum
1051 5404 1107 5450 et
1129 5396 1478 5451 cruciatuum
1504 5404 1645 5463 erat,
1683 5397 1831 5467 quod
1867 5399 1998 5452 sub-

412 5488 538 5542 inde
594 5487 966 5544 Christianam
1031 5503 1090 5543 se
1144 5503 1264 5543 esse
1312 5490 1705 5558 proclamaret.
1758 5488 1997 5545 Sanetus

408 5595 541 5636 \ero
576 5592 633 5636 et
674 5584 789 5651 ipse
835 5591 985 5638 tanta
1032 5583 1199 5637 animi
1237 5584 1563 5652 prersenlia,
1598 5593 1655 5639 et
1690 5593 1796 5637 tam
1830 5599 1996 5654 gene-

407 5685 532 5727 rase
588 5683 646 5726 et
692 5674 913 5727 fortiter
961 5689 1019 5730 se
1071 5674 1431 5730 carnificibus
1475 5675 1770 5745 opposuit,
1816 5674 1994 5743 pluri-

408 5777 664 5833 mamque
719 5782 909 5819 eorum
974 5766 1240 5821 saevitiam
1305 5778 1364 5823 et
1420 5767 1602 5839 pennis
1658 5766 1995 5823 incutiendis

410 5850 687 5909 feriunt-ni
725 5859 863 5914 adeo
906 5860 1220 5930 superavit,
1258 5871 1314 5915 ut
1345 5861 1413 5915 ab
1450 5862 1557 5916 illis
1602 5863 1993 5928 interrogatus,

2107 4655 2218 4721 ξεν,
2246 4657 2300 4706 ἐν
2330 4654 2629 4707 ὑποστάσει
2664 4651 3150 4723 παραταττόμενος
3183 4648 3469 4718 γεννικῶς.
3501 4645 3574 4706 ὡς
3600 4643 3678 4711 μὴ

2104 4748 2279 4812 ἔθνος,
2322 4746 2406 4817 ,μὴ
2442 4747 2620 4811 πόλιν,
2657 4747 2732 4815 μὴ
2767 4745 2959 4811 ὄνομα,
2996 4743 3026 4814 ἦ
3060 4742 3188 4794 ἄλλο
3216 4758 3270 4792 τι
3304 4739 3435 4808 παρ’
3466 4738 3678 4789 ἅπαντα

2103 4840 2194 4890 τὶν
2229 4838 2417 4905 ἀγῶνα
2447 4839 2625 4889 εἰπεῖν
2658 4853 2670 4865 ·
2707 4833 2843 4889 ἀλλὰ
2876 4837 3014 4903 πρὸς
3052 4831 3200 4885 ἅπαν
3230 4832 3291 4882 τὸ
3325 4826 3678 4897 ἐρωτώμενον

2101 4932 2183 4991 τὸ,
2234 4932 2564 5000 Χριστιανὸς
2614 4932 2751 4997 εἰμι,
2827 4928 3127 4992 ἐπιλέγειν,
3187 4923 3390 4991 καίπερ
3454 4922 3677 4971 ἐκεινων

2103 5026 2328 5092 ἀγεννές
2368 5041 2421 5076 τι
2456 5024 2552 5076 καὶ
2604 5023 2894 5089 ἁπόφημον
2926 5023 3046 5080 ταῖς
3079 5015 3403 5086 ὑπερϐολαῖς
3436 5012 3543 5064 τῶν
3571 5010 3679 5062 δει-
3754 5070 3759 5074 θ

2104 5121 2214 5170 νῶν
2246 5116 2679 5187 προσδοκώντων
2706 5112 2947 5165 ἀκούειν.
2977 5110 3140 5162 Ὅθεν
3179 5109 3275 5161 καὶ
3304 5108 3364 5158 τὸ
3397 5105 3678 5173 φιλότιμον

2104 5208 2605 5279 ἀπαγτιρεὺσαντας
2638 5205 2747 5257 τῶν
2778 5204 2990 5266 δεινῶν,
3022 5201 3332 5253 τελευταῖον
3363 5197 3564 5266 χαλκᾶς
3594 5196 3673 5243 λε-

2107 5304 2266 5366 πίδας
2305 5302 2508 5361 ἱκανῶς
2538 5301 2671 5371 πυρὶ
2703 5295 3192 5368 προσωμιληκυίας
3237 5295 3349 5355 τοῖς
3398 5306 3677 5360 τρυφερω-

2102 5395 2283 5462 τέροις
2315 5393 2421 5445 τῶν
2455 5391 2634 5462 μελῶν
2663 5389 2734 5457 τῷ
2770 5389 3009 5459 μάρτυρι
3046 5388 3334 5455 ἐπιφέρειν
3381 5386 3473 5435 καὶ
3506 5396 3674 5447 προσ-

2104 5487 2324 5557 κολλᾷν.
2373 5486 2617 5538 Κάκεῖνα
2672 5486 2771 5552 μὲν
2808 5484 3024 5534 ἐκαίετο
3076 5482 3176 5549 τῆς
3227 5480 3455 5544 κνίσσης
3504 5476 3672 5543 ἀναῤ-

2105 5581 2340 5652 ρεοὺσης
2370 5596 2383 5609 ·
2420 5578 2580 5640 αὑτὸς
2616 5577 2674 5629 δέ
2727 5574 2926 5644 μᾶλλον
2980 5573 3270 5645 ἄκαμπτος
3304 5568 3372 5642 ἦν
3402 5569 3495 5620 καὶ
3523 5566 3672 5618 ἀνέν·

2101 5678 2275 5738 δοτος,
2311 5674 2535 5742 στερρὸς
2570 5670 2668 5739 τὴν
2716 5668 2899 5721 πίστιν
2932 5668 3036 5720 ὑπὸ
3068 5665 3169 5733 τῆς
3198 5662 3448 5731 οὑρανίου
3493 5655 3671 5726 πηγῆς

2102 5769 2201 5835 τῆς
2234 5762 2325 5816 τοὺ
2361 5763 2550 5825 ὑδατος
2582 5762 2728 5829 ζωῆς
2779 5759 3012 5823 ἐξ.όντος
3039 5755 3420 5829 δροσιζόμενος
3469 5750 3561 5803 καὶ
3590 5765 3675 5797 εν-

2102 5859 2534 5927 δυναμοὺμενος.
2567 5858 2637 5909 Τὸ
2669 5857 2721 5909 δὲ
2757 5854 3028 5923 σωμάτιον
3059 5853 3270 5923 μάρτυς
3303 5847 3365 5919 ἦν
3401 5849 3505 5901 τῶν
3536 5860 3671 5910 sup-
