4032 6424
349 427 482 490 1⁸17

1205 428 1880 506 ,fECCLESIASTlCﬁ
1921 433 2310 492 HI‘S'l'ORHﬁ
2348 436 2494 498 LIB.
2533 437 2630 496 IV.

3452 428 3594 494 3018

346 540 857 618 6a61,x6rmv'/6)tov
905 537 1154 608 τραῦμας
1207 540 1328 592 ὅλον
1365 539 1590 608 μώλωψ,
1643 556 1916 592 συνεσπα-

2048 559 2132 592 ton
2164 554 2380 611 gentem
2416 561 2591 610 suam,
2635 561 2743 600 non
2785 545 3040 614 patriam,
3079 559 3188 597 non
3229 558 3452 605 nomen,
3486 557 3596 596 non

349 635 542 700 όξλένον
567 649 628 684 τε
673 632 767 684 καὶ
797 630 1172 700 ἅποϐεὸληκδς
1202 631 1304 701 τὴν
1338 631 1687 702 ἀνθρωπείαν
1715 629 1916 696 ἔξωθεν

352 731 568 798 μορφήν
591 743 605 758 ·
657 728 714 779 ἐν
759 720 802 793 ᾧ
849 728 1074 796 πάσχων
1108 725 1365 796 Χριστος,
1399 725 1640 795 μεγάλας
1675 724 1916 777 ἐπετέλει

352 825 507 890 δόξας
538 822 834 894 καταργῶν
865 823 959 876 τὸν
1002 823 1398 889 ἀντικείμενον.
1433 821 1526 874 καὶ
1562 823 1642 882 είς
1683 819 1781 889 τὴν
1815 819 1924 872 τῶν

355 917 646 969 ἐπιλοίπων
678 915 1032 968 ὑποτύπωσιν
1075 913 1466 977 ὑποδεικνύων,
1493 916 1576 965 ὅτι
1611 911 1776 982 μηδὲν
1827 927 1922 978 φο-

355 1009 515 1078 ϐερὶν
538 1009 673 1060 ὅπου
689 1007 826 1058 Θεοῦ
854 1006 1056 1076 πατρὸς
1080 1006 1268 1074 ἀγάπη
1287 1020 1302 1036 ·
1331 1005 1465 1074 μηδέ
1491 1003 1762 1070 ἀλγεινὸν,
1788 1003 1924 1054 ὅπου

353 1099 593 1168 Χριστοῦ
627 1099 776 1163 δόξα.
807 1099 932 1149 Τῶν
965 1097 1074 1167 γὰρ
1105 1097 1319 1168 ἐχθρῶν
1348 1095 1427 1166 τῷ
1464 1095 1642 1164 πολλῷ
1671 1095 1926 1163 οίδήματι

355 1196 446 1244 καὶ
470 1194 588 1252 ταῖς
612 1191 944 1258 φλεγμοναῖς
966 1189 1230 1257 οἰομένων
1267 1187 1342 1248 ὡς
1367 1187 1706 1254 περιέσοιντο
1727 1186 1777 1236 εἰ
1803 1183 1925 1252 μεθ’

289 1311 300 1318 -
357 1285 389 1353 ἡ
413 1283 570 1352 ιέρας
600 1281 668 1336 τὰ
694 1281 835 1336 αὐτά
863 1280 1230 1351 προσφέροιεν
1255 1279 1592 1346 κολαστήρια
1614 1292 1630 1308 ο
1664 1275 1695 1344 ἦ
1729 1277 1926 1328 ἐναπο-

360 1375 556 1430 θανὼν.
583 1375 698 1433 δέος
724 1373 855 1441 γοῦν
881 1373 942 1425 οὐ
977 1372 1198 1440 μέτριον
1229 1372 1336 1432 τοῖς
1370 1370 1578 1430 λοιποῖς
1624 1367 1880 1436 ἐμϐαλεῖν
1909 1381 1925 1396 °

360 1467 481 1518 ἐπεὶ
541 1466 700 1519 τοῦτο
765 1465 898 1536 δρᾷν
967 1463 1328 1532 ἐπεχείρυν,
1398 1460 1655 1513 τοσοῦτον
1728 1461 1928 1528 μᾶλλον

363 1556 628 1626 ὤφθησαν
666 1559 744 1618 εἰς
781 1556 1092 1609 τούναντίον
1147 1551 1492 1623 ἐληλαμένοι,
1539 1551 1612 1614 ὡς
1649 1549 1928 1618 ἀνακύψαι

363 1649 463 1719 μὲν
503 1651 708 1702 ἐκεῖνον
749 1649 912 1710 εὐθὺς
949 1649 1010 1700 τὸ
1048 1646 1208 1713 σῶμα
1241 1647 1352 1706 τοῖς
1393 1645 1669 1712 πιεσμοῖς,
1717 1643 1816 1710 τήν
1871 1657 1930 1694 τε

361 1741 556 1811 χρῆσιν
587 1741 694 1792 τῶν
744 1739 922 1810 μελῶν
973 1740 1066 1792 καὶ
1109 1739 1212 1808 τὴν
1243 1737 1390 1790 ίδέαν
1419 1735 1564 1790 σώαν
1593 1734 1886 1787 ἀπολαϐεῖν
1918 1748 1932 1763 °

361 1835 435 1898 ὡς
456 1835 630 1886 δοκεῖν
664 1834 737 1904 μὴ
769 1833 1010 1895 κόλασιν,
1041 1832 1153 1885 ἀλλ’
1180 1830 1320 1884 ἴασιν
1343 1825 1482 1883 εἶναι
1511 1831 1579 1882 τὰ
1607 1827 1840 1896 δεύτερα
1863 1829 1928 1896 τῇ

2023 635 2168 688 aliud
2211 635 2536 704 quidquam,
2571 637 2666 690 sed
2705 640 2922 690 unicum
2968 637 3071 691 hoc
3113 637 3166 689 in
3203 633 3506 690 certamine
3539 643 3598 688 et

2023 726 2170 779 lui-ta
2217 736 2615 781 tormentorum
2652 729 2824 791 omni,
2859 727 3237 782 Christianum
3271 740 3330 780 se
3362 739 3483 778 esse
3513 723 3600 778 di-

2024 827 2208 874 ceret:
2251 818 2412 888 307
2453 833 2576 873 cum
2620 820 2842 888 quidem
2896 819 2972 872 illi
3020 835 3077 873 se
3125 833 3189 871 ex
3239 832 3334 882 eo,
3377 822 3604 884 propter

2027 921 2134 962 tam
2173 925 2368 979 graves
2405 925 2468 964 ac
2503 910 2877 965 intolerabiles
2916 909 3199 963 cruciatus
3222 947 3236 970 ,
3271 909 3598 976 degenerem

2027 1001 2575 1072 aliquam-nobisque
2613 1001 2906 1055 infaustam
2941 1011 3107 1069 atque
3144 998 3453 1052 ominosam
3496 1011 3596 1050 vo-

2027 1107 2146 1145 cem
2193 1093 2480 1147 audituros
2528 1101 2836 1162 sperarent.
2883 1092 3074 1160 Itaque
3120 1092 3476 1145 contentione
3508 1089 3602 1142 illa

2028 1184 2375 1238 cruciatuum
2423 1199 2762 1237 summorum
2815 1181 3230 1236 lnferendorum
3280 1179 3492 1242 fraeta,
3533 1179 3603 1232 ad

2031 1289 2372 1346 postremum
2419 1291 2588 1330 aereas
2623 1289 2879 1345 squamas
2924 1272 3224 1328 candentes
3263 1269 3602 1325 mollissimis

2031 1375 2086 1422 et
2122 1367 2436 1422 tenerrimis
2474 1366 2789 1434 quibusque
2820 1363 3077 1432 martyris
3111 1362 3372 1416 membris
3412 1377 3605 1429 asper-

2033 1467 2226 1513 serunt
2281 1468 2335 1512 et
2366 1457 2794 1528 agglutinarunt.
2835 1455 3012 1524 Atque
3043 1455 3117 1508 ita
3149 1470 3214 1507 ex
3249 1453 3357 1506 illis
3385 1453 3607 1521 quidem

2034 1551 2114 1606 sic
2146 1551 2361 1604 adustis
2401 1550 2558 1604 nidor
2592 1561 2646 1603 et
2699 1549 2891 1602 arvina
2935 1545 3246 1616 proﬂuebat
3277 1563 3290 1598 :
3327 1544 3441 1610 ipse
3476 1557 3610 1596 vero

2035 1653 2296 1698 constans
2326 1653 2382 1697 et
2417 1643 2681 1695 immotus
2714 1642 2994 1710 permanet
3015 1647 3094 1701 at,
3124 1636 3341 1704 fideque
3371 1632 3609 1696 stabilis,

2036 1746 2091 1788 et
2134 1749 2274 1802 aqua
2329 1735 2452 1787 vitae
2503 1748 2568 1786 ex
2619 1731 2828 1786 castesti
2883 1730 3032 1784 fonte
3083 1724 3433 1798 promananti
3475 1739 3612 1778 con-

2039 1840 2264 1895 Spersus
2294 1835 2458 1894 atque
2484 1835 2784 1886 recreatus,
2819 1820 2989 1890 magis
3021 1819 3304 1888 magisque
3332 1813 3612 1870 conforta-

363 1925 570 1978 ἄνωθεν
602 1886 815 1996 ἀρωγῇ.
849 1886 1249 1978 ttat-itionem
1295 1923 1350 1976 δὲ
1397 1921 1649 1991 παρῆγον
1676 1886 1832 1974 τινα’

2048 1918 2204 1970 batur
2235 1916 2334 1984 (fl.
2373 1916 2449 1970 Ac
2476 1931 2676 1982 corpus
2711 1915 2866 1968 testis
2899 1925 3016 1966 erat
3049 1925 3240 1965 earum
3274 1922 3458 1962 rerum
3491 1919 3614 1969 qua:

368 2018 574 2086 σφόδρα
631 2018 1004 2086 μαστίζοντες,
1052 2015 1120 2068 τὰ
1156 2015 1322 2084 ἐναγῆ
1369 2014 1530 2083 δῆθεν
1566 2011 1722 2082 ἡμῶν
1754 2010 1933 2078 λέγειν

367 2107 605 2185 ἐπ.ιοοψ
651 2109 714 2159 Ἦ
745 2109 788 2161 δ’
818 2107 1006 2176 ὥσπερ
1039 2109 1097 2172 ἐξ
1141 2107 1311 2158 ὕπνου
1343 2104 1689 2172 ἀνανήψασα,
1718 2103 1938 2154 τούναν-

370 2199 485 2252 τίον
545 2199 745 2266 μᾶλλον
791 2201 940 2269 ἥπερ
977 2201 1204 2260 ἐκείνοις
1261 2197 1601 2266 βουλομένοις
1629 2190 1696 2264 ἦν
1737 2194 1891 2260 ἔλεγε
1917 2207 1932 2224 ο

372 2290 468 2342 καὶ
519 2288 664 2341 τοῦτ’
696 2290 1053 2357 ἐπιφέρουσα,
1090 2290 1209 2350 Πῶς
1262 2289 1329 2342 ἂν
1383 2286 1575 2339 παιδία
1629 2286 1854 2354 φάγοιεν
1885 2281 1934 2335 oi

369 2379 624 2446 τοιοῦτοι,
649 2374 728 2442 οἷς
767 2379 902 2448 μ’,δέ
932 2379 1146 2445 ἀλόγων
1175 2377 1331 2442 ζώων
1381 2373 1520 2446 αἷμα
1549 2377 1743 2444 φαγεῖν
1772 2375 1888 2439 ἐξόν
1920 2391 1934 2438 ;
1962 2369 1967 2374 ’

371 2470 561 2524 Ταῦτα
605 2472 662 2524 δέ
709 2465 948 2538 λέγουσὰ
977 2487 1036 2520 τε
1079 2474 1174 2522 καὶ
1215 2471 1502 2538 πάσχουσα
1530 2467 1936 2536 γενναιότερον,

369 2561 448 2630 τῷ
483 2563 672 2630 κλήρῳ
699 2563 810 2614 τῶν
845 2561 1142 2632 μαρτύρων
1181 2561 1550 2612 κατείλεκτοι.
1607 2559 1726 2610 Των
1759 2558 1813 2609 δὲ
1844 2573 1939 2608 κο-

371 2651 678 2721 λαστηρίων
723 2651 972 2720 ὀργάνων
1005 2655 1068 2722 τῇ
1105 2651 1197 2705 τοῦ
1232 2651 1470 2720 Χριστοῦ
1503 2649 1732 2716 δυ·.ἀμει
1766 2648 1939 2709 οὕτως

371 2743 616 2795 ἀσθενῶν
667 2743 1148 2812 ἀττεληὶεγμένων,
1201 2745 1294 2794 καὶ
1346 2743 1408 2810 τῇ
1481 2742 1588 2792 τῶν
1649 2737 1940 2808 μαρτύρων

375 2836 582 2906 στεῤῥᾷ
629 2836 880 2886 ἐνστάσει
935 2833 1392 2902 καταργηθέντων
1438 2832 1531 2882 καὶ
1581 2829 1851 2898 ὑπομονῇ,
1884 2829 1940 2878 ἐν

373 2926 620 2994 εἱρκταῖς
666 2926 732 2978 τὰ
767 2925 917 2978 δεινὰ
961 2925 1240 2978 ἐπενόουν.
1294 2924 1492 2984 Σκότος
1545 2921 1656 2990 γὰρ
1707 2917 1942 2988 χαλεπὶν

375 3015 642 3082 ἔπραττον
669 3035 680 3048 ·
735 3017 824 3068 καὶ
872 3018 963 3068 ἐπὶ
1018 3016 1268 3081 πέμπτον
1299 3013 1566 3082 τρύπημα
1601 3013 1656 3062 ἐν
1691 3009 1768 3076 τῷ
1801 3009 1944 3078 ξύλῳ

375 3111 408 3178 ἡ
437 3109 680 3173 διάτασις
706 3109 816 3162 τῶν
849 3109 1026 3160 ποδῖ›ν
1061 3106 1405 3160 συνεκλείετο
1428 3123 1442 3138 ο
1474 3104 1548 3164 ὡς
1582 3104 1675 3156 καὶ
1713 3102 1944 3162 πολλοὺς

2039 2007 2380 2073 acciderant,
2419 2021 2588 2060 unum
2631 2016 2805 2060 totum
2847 2004 3082 2066 vulnus,
3131 2015 3238 2054 una
3271 2008 3446 2054 totum
3483 2012 3614 2051 cru-

2036 2109 2162 2152 enta
2209 2099 2403 2159 vibex,
2451 2107 2798 2150 contractum
2847 2107 3110 2162 prorsus,
3157 2098 3214 2145 et
3263 2089 3332 2142 ab
3373 2087 3614 2141 humana

2039 2190 2255 2262 specie,
2285 2187 2562 2242 exteriore
2603 2201 2700 2238 sua
2733 2196 2888 2254 parte
2911 2223 2926 2247 ,
2956 2181 3382 2237 alienissimum.
3415 2177 3473 2230 In
3501 2187 3614 2244 quo

2041 2279 2274 2348 ipsemet
2313 2277 2569 2332 Christus
2611 2275 2859 2346 patiens,
2906 2274 3133 2342 gloriam
3180 2279 3238 2324 et
3279 2267 3500 2323 laudem
3531 2265 3618 2318 in-

2041 2377 2256 2436 gentem
2309 2367 2664 2436 perficiebat,
2717 2374 2772 2418 et
2827 2362 3208 2417 adversarium
3269 2353 3612 2413 destruebat.

2041 2460 2305 2528 Apertum
2339 2461 2541 2528 quippe
2577 2456 2804 2526 reliquis
2839 2453 3096 2509 omnibus
3133 2449 3386 2506 exhibuit
3416 2461 3613 2502 exem-

2045 2550 2196 2619 ptum
2219 2591 2234 2615 ,
2268 2550 2408 2603 nihil
2446 2549 2518 2604 ibi
2563 2564 2685 2602 esse
2722 2547 2965 2601 terribile
3003 2554 3060 2598 et
3091 2541 3486 2605 metuendum,
3519 2534 3616 2590 ubi

2045 2645 2191 2698 adsit
2223 2642 2315 2696 Dei
2348 2641 2526 2695 Patris
2558 2641 2784 2694 dilectio
2807 2655 2825 2692 :
2856 2637 2994 2691 nihil
3032 2647 3404 2690 aerumnosum
3451 2639 3619 2699 atque

2045 2733 2372 2790 dolendum,
2403 2731 2494 2784 ubi
2523 2730 2728 2783 Christi
2761 2729 2955 2798 gloria.
2991 2724 3305 2780 Adversarii
3340 2736 3470 2776 sane
3495 2718 3622 2789 qui-

2045 2823 2168 2877 dem
2221 2820 2532 2875 incredibili
2582 2819 2894 2872 animorum
2945 2825 3164 2869 tumore
3211 2823 3268 2868 et
3313 2810 3622 2866 inflamma-

2049 2915 2197 2966 tione
2231 2911 2680 2975 etl‘ervcscentes,
2717 2909 2790 2961 ita
2817 2907 3038 2962 demum
3067 2921 3126 2960 se
3163 2903 3479 2974 superiores
3505 2900 3623 2954 fore

2050 3018 2176 3062 sunt
2209 3004 2441 3072 opinati,
2472 3003 2516 3056 si
2553 3018 2617 3055 ex
2655 3001 2947 3055 intervallo
2977 2999 3188 3061 aliquot
3220 2995 3415 3050 diebus
3450 2994 3622 3048 inter-

2045 3098 2208 3169 jectis
2235 3096 2501 3164 deinceps
2535 3095 2730 3148 eadem
2762 3091 3026 3146 inferrent
3054 3095 3350 3150 tormenta,
3381 3084 3466 3139 vel
3497 3096 3623 3137 eum

375 3203 495 3264 ταῖς
529 3201 771 3270 εἱρκταῖς
807 3199 1278 3267 ἐναποπνιγῆναι,
1307 3197 1498 3259 ἄλλους
1525 3197 1582 3248 δὲ
1617 3196 1827 3260 ζῶντας
1852 3209 1944 3245 τα-

2050 3189 2332 3259 suppliciis
2361 3185 2694 3239 immanibus
2732 3183 3108 3242 imtnortuum,
3139 3193 3357 3248 gravem
3396 3173 3624 3244 reliquis

375 3295 699 3364 λαιπωρείν,
729 3295 828 3362 τῆς
886 3294 1016 3362 παρ’
1069 3293 1378 3362 ἀνθρώποις
1411 3292 1652 3360 ἐρήμους
1713 3287 1947 3354 πάμπαν

376 3383 722 3452 ἐπικουρίας.
784 3383 904 3434 Εἰσὶ
937 3382 992 3434 δέ
1025 3381 1074 3434 οἳ
1105 3383 1200 3434 καὶ
1233 3381 1349 3450 ἅμα
1385 3379 1462 3448 τῷ
1498 3374 1944 3444 συγκλεισίὲῆναι,

316 3518 328 3528 .
385 3475 520 3542 μηδέ
553 3476 970 3544 προῃκισμένοι,
1003 3473 1062 3524 τι
1101 3471 1266 3538 βάρος
1309 3469 1384 3538 μὴ
1421 3468 1681 3536 φέροντες
1711 3465 1809 3534 τῆς
1838 3465 1951 3532 είρ-

385 3568 538 3632 κτῆς,
569 3565 994 3634 ἐναπέθνησκον,
1024 3561 1118 3615 τοῦ
1156 3559 1394 3631 Χριστοῦ
1425 3558 1698 3625 διαφόρως
1723 3556 1949 3617 τούτους

381 3655 716 3722 δοξάζοντος.
770 3657 876 3708 Καὶ
915 3651 1166 3714 Ποθεινὸς
1212 3651 1259 3704 δ’
1290 3651 1318 3703 ὀ
1365 3648 1612 3708 διάκονος
1641 3645 1741 3712 τῆς
1775 3646 1950 3710 Λουγ-

381 3747 586 3801 διώκων
613 3747 936 3816 ἐκκλησίας,
967 3745 1200 3814 ἀσθενὴς
1234 3743 1376 3812 μάλα
1405 3743 1502 3792 ml.
1532 3739 1682 3806 ὑπὲρ
1708 3735 1775 3790 τὰ
1807 3737 1950 3786 ἐννε-

382 3843 617 3912 νήκοντα
660 3841 754 3910 ἔτη
802 3839 902 3902 ὢν,
955 3838 1106 3906 μόλις
1147 3835 1248 3903 μὲν
1300 3831 1556 3902 ἐμπνέων
1594 3831 1653 3882 τὸ
1689 3830 1849 3896 σῶμα
1884 3827 1948 3898 τῇ

382 3935 585 4003 φυσικῇ
635 3930 911 3999 ἀσθενείᾳ,
944 3931 1009 3998 τῇ
1058 3927 1114 3978 δέ
1165 3923 1258 3978 τοῦ
1315 3920 1616 3994 μαρτυρίου
1683 3915 1951 3985 ἐπιθυμίᾳ.

383 4023 656 4092 εὔρωστος
690 4021 812 4084 ὅλος
839 4020 919 4090 τῷ
955 4017 1246 4087 πνεύματι,
1278 4016 1368 4068 ἐπὶ
1415 4013 1475 4065 τὸ
1522 4012 1673 4078 βῆμα
1702 4009 1952 4078 ἐσύρετο,

385 4108 474 4169 οἷά
501 4131 606 4166 τινι
634 4112 853 4182 θυλάκῳ
887 4109 966 4178 τῷ
1005 4104 1442 4176 παραλελυμένῳ
1479 4101 1693 4170 σώματι
1725 4098 1824 4166 τῆς
1851 4097 1954 4165 ψυ-

384 4210 485 4278 χῆς
521 4203 889 4276 τηρουμένης.
938 4201 1026 4261 Ὠς
1060 4199 1120 4250 δὲ
1171 4197 1444 4266 παρέστη,
1477 4193 1576 4246 καὶ
1629 4194 1727 4260 τὴν
1780 4189 1953 4257 καλὴν

383 4299 676 4368 ὁμολογίαν
733 4293 992 4364 ἐκήρυξε,
1042 4290 1127 4352 τίς
1178 4291 1326 4342 ἐστιν
1373 4289 1400 4339 ὁ
1449 4285 1556 4338 τῶν
1608 4281 1956 4353 Χριστιανῶν

384 4384 543 4447 Θεὸς,
566 4381 824 4451 ἀνηρώτα
849 4398 865 4411 °
892 4382 983 4432 καὶ
1007 4378 1090 4443 ὃς,
1125 4377 1250 4430 Ἐὰν
1279 4377 1430 4442 ἄξιος
1455 4369 1542 4444 ᾖς,
1568 4371 1724 4442 φησι,
1749 4370 1952 4440 γνώσῃσ

387 4475 482 4529 καὶ
529 4473 731 4529 αὐτίκα
783 4471 986 4544 μᾶλλον
1033 4469 1246 4522 εἵλκετο
1281 4465 1554 4536 ἁφειδῶςο
1601 4463 1696 4516 καὶ
1741 4463 1956 4529 πληγὰς

2051 3285 2348 3338 allaturum
2393 3294 2517 3332 esse
2571 3277 2823 3330 timorem
2871 3283 2928 3328 et
2977 3284 3270 3326 terrorem.
3318 3267 3478 3333 Quod
3528 3265 3623 3318 ubi

2050 3374 2234 3428 facere
2259 3377 2390 3423 sunt
2417 3365 2647 3438 agreSsi,
2678 3363 2816 3416 adeo
2843 3371 2974 3416 sunt
3001 3375 3098 3428 spe
3123 3373 3220 3410 sua
3252 3353 3521 3416 frustrati,
3555 3357 3620 3404 ut

2053 3467 2142 3519 ille
2175 3475 2409 3530 corpore
2439 3457 2728 3514 tormentis
2756 3453 3152 3520 doloribusque
3179 3446 3439 3502 omnibus
3474 3443 3623 3498 rele—

2051 3565 2177 3609 vato
2201 3593 2216 3617 ,
2246 3551 2536 3606 confestim
2572 3547 2885 3605 restitutus.
2917 3557 3076 3597 usum
3109 3537 3484 3594 membrorum
3515 3534 3626 3590 for-

2053 3658 2308 3713 mamque
2347 3642 2620 3710 integram
2658 3640 2730 3692 i‘ta
2767 3633 3058 3704 receperit,
3094 3641 3154 3686 ut
3187 3645 3309 3698 qua:
3333 3628 3384 3682 ei
3421 3627 3623 3681 iterum

2055 3746 2185 3792 sunt
2222 3735 2388 3788 illatae
2435 3746 2644 3800 patum,
2687 3743 2798 3782 non
2835 3721 3215 3784 excruciatio,
3267 3718 3360 3774 sed
3412 3716 3626 3771 sanatio

2055 3840 2220 3898 atque
2253 3825 2530 3882 restitutio
2565 3837 2686 3877 esse
2724 3818 3078 3882 viderentur,
3115 3812 3334 3869 caelitus
3370 3806 3628 3864 videlicet

2053 3923 2104 3978 ei
2151 3924 2312 3976 altato
2341 3919 2562 3974 auxilio.
2593 3917 2861 3970 Caeterum
2897 3907 3199 3964 Bibliadem
3231 3905 3399 3957 etiam
3431 3911 3627 3968 quant-

2055 4017 2180 4070 dam
2213 4013 2614 4085 produxerunt,
2643 4020 2878 4075 eamque
2905 4001 3088 4069 flagris
3115 3996 3394 4052 crudelem
3426 3993 3480 4046 in
3515 4006 3631 4044 mo-

2056 4105 2188 4160 dum
2219 4100 2664 4159 eonscindentes,
2689 4093 3024 4164 persuadere
3056 4090 3134 4144 illi
3165 4086 3536 4143 conabantur,
3567 4088 3629 4132 ut

2058 4197 2318 4252 nimirum
2357 4190 2702 4248 exsecranda
2740 4188 2984 4242 facinora
3026 4191 3213 4237 nostra
3256 4179 3490 4233 diceret.
3528 4172 3628 4226 illa

2057 4298 2243 4341 autem
2274 4285 2442 4340 veluti
2479 4299 2509 4338 e
2541 4295 2736 4336 somno
2763 4278 3022 4336 excitata,
3053 4271 3215 4340 longe
3241 4268 3390 4322 aliud
3445 4263 3632 4318 diver-

2058 4392 2292 4446 sumque
2342 4373 2516 4443 magis
2563 4383 2728 4440 quam
2759 4365 2862 4436 ipsi
2903 4368 3288 4432 exspectantes
3345 4353 3627 4415 volebant,

2063 4467 2306 4538 professa
2351 4441 2464 4528 est,
2515 4460 2649 4515 illud
2707 4460 2934 4526 insuper
2975 4451 3290 4522 adjiciens:
3341 4441 3630 4512 Quomodo

385 4569 618 4636 ἔπασχε,
645 4567 757 4618 τῶν
783 4534 896 4634 ’μὲν
927 4561 1093 4629 ἐγγυς
1133 4559 1295 4630 χερσὶ
1327 4534 1419 4611 καὶ
1448 4556 1608 4608 ποσὶν
1656 4550 1944 4622 ἐφαλλομέ·

2063 4534 2195 4613 vero
2235 4555 2492 4610 homines
2524 4552 2614 4607 isti
2659 4548 2896 4604 infantes
2941 4552 3168 4606 vorent,
3205 4539 3300 4608 qui
3347 4537 3512 4590 etiam
3561 4534 3633 4586 ab

383 4675 494 4712 νων
528 4659 622 4710 καὶ
653 4655 991 4725 ΰόριζόντων
1025 4651 1123 4722 τὴν
1165 4649 1380 4714 πολιὰν,
1427 4647 1535 4700 τῶν
1565 4645 1622 4698 δέ
1672 4642 1958 4716 πόρρωθεν

386 4743 786 4810 ἀκοντιζόντων
817 4745 897 4805 εἰς
928 4739 1112 4805 αὑτὸν,
1139 4737 1168 4792 ὃ
1203 4737 1344 4806 μετὰ
1366 4738 1558 4804 χεῖρας
1579 4733 1773 4802 ἔτυχεν
1799 4731 1962 4800 ἔχων

387 4837 609 4892 πάντων
637 4837 684 4889 δ’
714 4835 934 4888 ἀσεϐεῖν
967 4831 1292 4904 ἡγουμένων
1322 4827 1354 4899 ἦ
1393 4825 1759 4894 πλημμελεῖν,
1785 4824 1838 4876 εί
1879 4838 1964 4882 τις

388 4931 678 5001 καθυφῆκέ
711 4947 764 4982 τι
793 4930 890 4998 τῆς
929 4927 1009 4988 είς
1043 4925 1206 4979 αὐτὸν
1237 4922 1524 4992 παροινίας
1549 4920 1642 4972 καὶ
1671 4917 1966 4984 ἀσελγείας

387 5027 766 5096 ἀπολειιροείςο
797 5023 964 5096 ᾤοντο
991 5023 1100 5092 γὰρ
1129 5019 1272 5074 οὕτω
1293 5019 1418 5080 τοὺς
1439 5015 1621 5070 αὐτῶν
1641 5015 1796 5076 Θεοὺς
1825 5013 1968 5065 ἐκδι-

389 5122 532 5176 κεῖν.
563 5119 730 5182 Μόλις
755 5118 802 5170 δ’
833 5117 1084 5188 ἐμπνέων
1116 5117 1182 5186 τῇ
1219 5113 1409 5184 εἱρκτῇ
1447 5112 1673 5182 ἐρῤιπτο
1699 5123 1714 5140 ⁸
1747 5109 1840 5162 καὶ
1875 5108 1968 5160 ἐπὶ

389 5212 545 5265 δυσὶν
573 5209 811 5280 ἡμέραις
861 5207 939 5276 τῷ
986 5203 1106 5275 Θεῷ
1134 5204 1194 5256 τδ
1228 5201 1449 5270 πνεῦμα
1483 5199 1779 5269 παρέθετο.
1810 5196 1879 5248 Οἵ
1903 5211 1966 5262 γε

397 5303 504 5375 μὴν
538 5302 756 5372 ἔξαρνοι
775 5298 1079 5368 γεγονότες,
1103 5295 1176 5358 ὡς
1209 5291 1506 5362 κακοῦργοι
1533 5293 1598 5362 τῇ
1625 5290 1733 5343 τῶν
1763 5287 1969 5357 μαρτὺα

399 5374 508 5466 ρων
556 5395 808 5465 ῥιφέντες
842 5392 1058 5462 εἱρκτῇ,
1087 5391 1324 5459 ὁρῶντες
1355 5386 1602 5447 ἐκείνους
1633 5383 1860 5452 φαιδρὸν
1891 5374 1970 5434 οἷ-

393 5505 454 5542 ον
507 5485 932 5546 ἀποστίλῆοντας
1010 5480 1106 5535 καὶ
1173 5477 1562 5549 γεγανωμένον
1644 5474 1965 5540 ἁνθοῦντας,

394 5581 614 5650 ἱλαρούς
650 5596 708 5632 τε
761 5577 858 5630 καὶ
905 5575 1137 5646 πλήρεις
1169 5571 1328 5642 δόξης
1361 5571 1456 5624 καὶ
1499 5569 1746 5640 χάριτος,
1777 5569 1874 5638 τήν
1905 5583 1967 5620 τε

395 5671 492 5724 τοῦ
522 5669 764 5743 Χριστοῦ
797 5668 1022 5722 εὐωδίαν
1049 5664 1318 5727 eadem;
1343 5679 1358 5694 ’
1383 5662 1456 5725 ὡς
1481 5662 1645 5724 ἐνίοις
1668 5660 1845 5712 δοκεῖν
1869 5659 1966 5712 καὶ

2056 4647 2418 4704 animantium
2442 4645 2653 4698 ratione
2678 4639 2980 4694 carentium
3003 4633 3268 4702 sanguine
3291 4621 3630 4682 abstineant?

2059 4743 2138 4797 Ac
2175 4741 2299 4795 talia
2339 4754 2462 4793 cum
2493 4749 2547 4790 et
2576 4741 2856 4804 pateretur
2879 4736 2936 4783 et
2967 4725 3180 4780 diceret
3221 4731 3490 4792 generoso
3529 4713 3628 4768 ad-

2064 4835 2284 4888 modum
2313 4831 2522 4889 animo.
2553 4825 2738 4880 ordini
2772 4831 3076 4894 martyrum
3101 4827 3188 4872 est
3209 4815 3421 4869 allecta.
3448 4807 3641 4864 Enim-

2063 4943 2194 4982 vero
2221 4935 2505 4996 postquam
2529 4919 2851 4990 quresitores
2875 4915 2964 4969 isti
2997 4921 3053 4966 et
3086 4907 3399 4970 carnifices,
3435 4901 3638 4955 virtute

2067 5016 2268 5072 Christi
2303 5015 2368 5066 ad
2397 5015 2542 5066 hunc
2571 5007 2795 5062 modum
2829 5001 3161 5059 infirmiores
3192 5013 3314 5053 esse
3345 4989 3638 5060 comperti,

2071 5121 2233 5178 atque
2265 5116 2568 5176 martyrum
2608 5097 2918 5156 constantia
2956 5106 3012 5150 et
3049 5090 3344 5149 tolerantia
3377 5082 3639 5156 prostrati

2071 5209 2222 5264 sunt,
2254 5206 2314 5251 ut
2340 5197 2394 5250 in
2427 5207 2651 5250 carcere
2681 5206 2776 5246 eos
2807 5187 3132 5258 amigerent,
3164 5179 3450 5236 consilium
3481 5185 3644 5240 cepe-

2074 5299 2224 5346 runt.
2252 5289 2328 5345 ita
2364 5287 2439 5342 illi
2477 5295 2613 5340 tetra
2645 5281 2994 5338 horrentium
3026 5275 3377 5331 tenebrarum
3405 5265 3642 5331 caligine

2072 5393 2128 5438 et
2171 5380 2376 5450 pedore
2427 5377 2850 5435 excruciantur,
2897 5381 2954 5426 et
2998 5368 3198 5440 pedum
3247 5355 3531 5416 distractio
3574 5351 3644 5406 ad

2075 5473 2330 5542 quintum
2364 5486 2538 5539 usque
2571 5469 2737 5542 308
2768 5463 3112 5518 fidicularum
3160 5456 3406 5510 foramen
3445 5453 3643 5502 exten-

2075 5566 2244 5621 ditur.
2275 5537 2641 5634 Quaproptert
2663 5559 2822 5614 multi
2857 5558 2910 5612 in
2939 5551 3176 5610 vinculis
3208 5554 3338 5602 sunt
3365 5537 3645 5604 suﬂocati,

2077 5659 2234 5712 :ttttlti
2262 5672 2403 5724 aegre
2424 5656 2689 5720 viventes,
2707 5649 2960 5722 spiritum
2979 5661 3104 5701 cum
3122 5643 3310 5698 dolore
3336 5639 3642 5696 traxerunt,

468 5851 544 5923 (1)
579 5851 693 5908 lloc
722 5849 882 5904 etiam
916 5847 996 5901 sic
1027 5845 1161 5900 verti
1214 5850 1393 5914 potest
1421 5859 1432 5892 :
1492 5858 1510 5889 ι
1545 5841 1620 5896 Ae
1670 5837 2061 5906 corpusculum
2104 5834 2278 5902 ipsum
2312 5829 2695 5885 crudelitatem
2726 5833 2930 5880 tantam
2963 5822 3286 5881 testabatur.
