4032 6438
437 369 576 426 1019

431 574 624 640 etiam,
657 576 748 644 qui
777 577 908 633 licet
943 586 1231 640 tormentis
1277 601 1438 646 antea
1477 597 1706 650 cruciati
1743 615 1851 653 non
1881 601 1989 657 [uis

432 677 578 732 sent,
615 669 778 722 simul
808 683 973 740 atque
1015 675 1068 728 in
1100 692 1381 736 carcerem
1415 695 1544 738 sunt
1577 692 1834 760 Conjecti,
1872 697 2019 762 quod

439 774 655 828 gravem
683 761 799 830 ejus
815 764 1124 830 squalorem
1151 785 1257 823 non
1278 771 1506 843 ferrent,
1527 778 1834 848 decessere,
1857 784 2020 840 Chri-

440 862 521 904 stn
545 852 672 905 Jcsu
712 857 880 911 variis
907 871 1178 931 martyres
1209 868 1388 922 modis
1418 872 1778 940 gloriﬁcante.
1822 879 2013 935 Pothi-

434 959 538 994 nus
574 953 779 1012 autem,
822 950 911 1004 cui
946 950 1336 1022 Lugdunensis
1371 961 1635 1020 Ecclesiae
1664 969 2019 1038 episeopatus

431 1037 802 1091 ministerium
837 1051 957 1094 erat
993 1049 1415 1118 concreditum,
1461 1057 1545 1107 vir
1577 1057 1924 1122 imbecillus,
1961 1071 2020 1115 ut

429 1126 519 1197 qui
561 1133 858 1198 nonaginta
893 1148 1295 1206 supergressus
1327 1156 1475 1198 esset
1517 1163 1716 1210 annos,
1761 1161 1816 1205 et
1858 1163 2020 1208 natu-

429 1218 528 1270 rali
551 1219 771 1286 quidem
802 1223 1121 1283 inﬁrmitate
1147 1247 1289 1297 tl:ng
1318 1239 1538 1301 corpori
1569 1239 1789 1296 vitalem
1821 1258 2014 1318 auram

431 1311 832 1378 supperiitaret,
873 1319 1072 1386 spiritu
1105 1331 1292 1378 autem
1323 1337 1550 1396 propter
1592 1331 1835 1386 obeundi
1871 1315 2016 1388 mar-

433 1401 557 1468 tyrii
595 1401 938 1462 desiderium
972 1425 1117 1472 esset
1147 1417 1544 1488 validissimus,
1571 1422 1638 1477 ad
1669 1425 1907 1480 tribunal
1934 1436 2016 1482 est

429 1507 763 1564 pertractus,
795 1515 1032 1572 corpore
1066 1509 1218 1562 tenui
1254 1521 1306 1564 et
1337 1512 1542 1580 soluto,
1581 1519 1810 1586 perinde
1847 1530 2016 1588 atque

432 1587 654 1640 va:culo
697 1594 956 1662 quopiam
993 1599 1233 1654 animam
1274 1603 1361 1656 vix
1414 1606 1684 1663 retinens.
1723 1612 1901 1680 Atque
1939 1615 2016 1668 ibi

432 1679 777 1748 consistens,
805 1700 928 1736 cum
969 1688 1256 1755 pulchram
1295 1695 1580 1762 professus
1611 1711 1758 1756 esset
1805 1705 2018 1772 profes-

433 1769 685 1837 sionem,
719 1789 748 1827 a
798 1777 1023 1832 tribuno
1050 1821 1062 1843 ,
1099 1785 1352 1851 quisnam
1385 1801 1534 1846 esset
1573 1792 2015 1852 Christianorum

431 1860 600 1926 Deus,
654 1865 1082 1939 interrogatus:
1141 1876 1198 1930 Si
1249 1879 1492 1950 dignus,
1537 1885 1756 1957 inquit,
1812 1889 2010 1957 fueris,
2053 1865 2094 1920 Β

431 1956 596 2009 scies.
637 1957 983 2032 Quapropter
1014 1967 1307 2026 violentius
1332 1991 1553 2045 quoque
1587 1981 1772 2036 statim
1853 2000 2015 2040 acce-

429 2055 591 2114 ptus,
639 2053 823 2120 plagas
870 2058 1017 2114 tulit.
1059 2060 1161 2124 Qui
1192 2065 1333 2118 enim
1371 2071 1600 2139 propius
1637 2075 1686 2128 ei
1738 2077 2012 2143 astabant,

430 2141 689 2198 manibus
742 2145 1090 2220 pedibusque
1143 2155 1196 2208 in
1244 2174 1370 2212 eum
1409 2162 1753 2230 iusilientcs,
1799 2184 2012 2222 summa

429 2235 767 2290 contumelia
795 2255 962 2294 canos
989 2244 1108 2313 ejus
1137 2248 1476 2319 allecrzrunt;
1511 2256 1605 2324 qui
1632 2273 1762 2310 vero
1793 2259 2017 2329 longius

430 2312 633 2379 retrioti
675 2327 935 2396 fuerant,
977 2352 1320 2410 qumcunque
1365 2345 1521 2401 locus
1555 2352 2016 2408 subministrabat

432 2415 577 2479 tela,
627 2417 680 2472 in
727 2435 853 2476 eum
900 2428 1283 2498 coniecerunt.
1331 2434 1538 2492 Omnes
1587 2439 1812 2508 quidem
1865 2452 2014 2500 certe

430 2504 696 2584 ﬂagitium
730 2528 788 2567 se
818 2523 872 2568 et
902 2518 1178 2583 piaculqu
1214 2527 1564 2582 committere
1593 2532 2010 2602 existimarunt,

429 2596 475 2650 si
523 2599 654 2666 quid
696 2601 1007 2664 insolentiae
1052 2615 1362 2681 pervicacis
1403 2627 1460 2672 et
1505 2622 1826 2688 petulantia:
1875 2641 2010 2694 pro-

431 2697 601 2748 terve
654 2695 707 2748 in
768 2713 896 2754 eum
956 2702 1435 2765 intermitterent:
1492 2729 1672 2784 eoque
1729 2718 1893 2773 modo
1951 2734 2011 2774 se

429 2779 563 2836 deos
624 2801 756 2843 suos
829 2792 1110 2852 vindicare
1167 2810 1518 2868 putaverunt.
1579 2807 1816 2873 Deinde,
1878 2826 2005 2866 cum

427 2889 570 2942 σκετο
593 2877 706 2948 jam
744 2884 1012 2952 spiraret,
1039 2889 1094 2943 in
1133 2907 1412 2949 carcerem
1447 2910 1532 2952 est
1557 2901 1878 2970 coniectus:
1915 2905 2008 2958 ubi

429 2962 600 3019 biduo
635 2980 759 3037 post
817 2975 1076 3044 spiritum
1124 2981 1236 3036 Deo
1265 2984 1541 3043 decedens
1583 2962 2008 3050 commendavit.

429 3055 602 3112 Porro
638 3063 732 3130 qui
774 3063 1058 3124 Christum
1103 3073 1551 3144 abnegaverant,
1598 3091 1653 3136 ut
1686 3085 1922 3140 maleﬁci
1954 3086 2008 3143 in

1655 392 2086 457 NICEl‘IIOliI
2121 401 2472 468 CALLISTI

431 481 582 535 omni
630 496 860 551 prorsus
906 487 1153 547 humano
1189 495 1439 553 destituti
1492 505 1717 560 auxilio.
1771 510 2016 568 Fuerunt
2044 525 2087 582 Α
2123 517 2282 588 μύρῳ
2316 522 2423 572 τινὶ

3563 426 3712 494 102)

2463 525 2778 592 κεχρίτθαι,
2817 528 2892 593 ὡς
2927 533 3018 586 καὶ
3067 535 3134 591 τὰ
3185 536 3362 608 δεσμά
3395 542 3570 598 δοκεῖν
3606 550 3709 600 κό-

2126 627 2263 676 σμον
2294 612 2544 684 εὐπρεπῆ
2585 622 2952 686 περικεῖσθαι.
2983 609 3174 698 οῖαδή
3227 649 3383 692 τινας
3429 637 3708 704 νυμφίους

2125 705 2577 774 κεκοσμημένους
2597 725 2610 738 ·
2641 709 2870 775 ἑαυτοὺς
2900 714 2956 767 δὲ
3003 717 3271 784 δυσειδεῖς
3299 741 3356 775 τε
3387 728 3478 778 καὶ
3521 727 3707 784 δεινὸν

2122 794 2369 860 δζοντας,
2417 799 2809 872 ἀσχημοσύνης
2840 805 3116 874 ἔμπλεως,
3159 816 3400 883 τιμωρὸν
3427 817 3488 868 τὸ
3519 837 3708 873 συνει-

2122 886 2210 948 δὸς
2260 887 2477 956 ἔχοντες
2529 895 2623 945 καὶ
2657 895 2890 963 πλῆττον
2923 898 2997 962 ὡς
3033 903 3268 968 μάλιστα
3289 923 3303 937 ·
3346 908 3422 970 ὡς
3455 907 3704 978 ἀγεννεῖς

2122 979 2216 1031 καὶ
2246 980 2522 1052 ἄνανδροι,
2555 985 2903 1056 ἀνδροφόνων
2937 992 3035 1060 μὲν
3075 993 3328 1066 ἔγκλημα
3364 1001 3572 1063 ἑαυτοῖς
3601 1019 3704 1056 πε-

2125 1071 2389 1140 ριθέντες.
2421 1077 2520 1144 τὴν
2561 1079 2832 1148 πάντιμον
2877 1083 2934 1134 δὲ
2984 1091 3358 1156 προσηγορίαν
3389 1093 3701 1165 ἀποϐεϐλη-

2121 1164 2298 1228 κότες,
2327 1168 2391 1218 ὲκ
2418 1169 2516 1236 τῆς
2544 1171 2653 1222 τῶν
2687 1175 2988 1244 μαρτύρων
3022 1179 3152 1240 θέας
3183 1182 3555 1251 ὲστηρίζοντο,
3601 1191 3700 1241 καὶ

2119 1259 2310 1326 ἠξίουν
2341 1262 2688 1329 προσίεσθαι.
2713 1268 2778 1317 Oi
2811 1267 2856 1319 δ’
2881 1269 3131 1338 ἐδέχοντο
3161 1272 3221 1324 εὖ
3253 1277 3419 1341 μάλα,
3451 1279 3521 1346 μή
3551 1297 3701 1342 τινος

2122 1351 2336 1412 ἐννοίας
2372 1355 2750 1424 ἐφεπομένης.
2798 1358 2870 1409 Τὸ
2899 1360 2954 1412 δὲ
2987 1362 3128 1431 μετά
3157 1365 3318 1418 τοῦτο
3346 1369 3423 1430 είς
3451 1369 3700 1422 ποικίλον

2121 1443 2188 1494 τά
2222 1444 2498 1514 μαρτύρια
2530 1447 2808 1520 διῃρείτο·
2848 1453 2910 1504 ὲκ
2953 1455 3277 1510 πολυανθῶν
3309 1463 3419 1528 γὰρ
3453 1463 3544 1514 καὶ
3576 1463 3700 1515 δια-

2120 1537 2303 1606 φόρων
2334 1541 2646 1608 χρωμάτων
2678 1543 2776 1597 ἕνα
2808 1548 3076 1614 στέφανον
3110 1549 3427 1616 πλέξαντες,
3451 1556 3526 1622 τῷ
3559 1555 3700 1624 Χρι-

2122 1627 2233 1694 στῷ
2271 1632 2550 1698 προσῆγον
2577 1650 2590 1664 ο
2618 1635 2687 1686 δι’
2712 1627 2788 1689 ὧν
2817 1639 2877 1688 τὸ
2909 1639 3054 1707 μέγα
3085 1642 3184 1710 τῆς
3213 1644 3522 1712 ἀφθαρσίας
3551 1647 3700 1698 ἐκεῖ·

2121 1717 2214 1771 θεν
2265 1720 2599 1790 ἐλάμϐανον.
2652 1727 2942 1799 Μάτουρος
2983 1731 3082 1801 μὲν
3136 1729 3227 1786 οὗν
3285 1738 3381 1788 καὶ
3429 1737 3695 1804 Σάγκτος,

2123 1810 2387 1866 Βλανδίνα
2438 1817 2536 1869 καὶ
2569 1817 2836 1882 ’Δτταλος
2865 1825 2976 1885 τοῖς
3031 1822 3244 1893 θηρίοις
3291 1825 3526 1898 δημοσίᾳ
3557 1829 3694 1898 άνή·

2118 1921 2280 1971 γοντο
2300 1923 2312 1936 ·
2365 1911 2457 1959 καὶ
2488 1908 2566 1977 τῷ
2599 1910 2967 1983 ἀμφιθεάτρῳ
2997 1916 3259 1982 ἀγόμενοι
3291 1917 3398 1972 τῶν
3429 1921 3557 1972 ίσων
3586 1921 3697 1973 δει-

2116 1991 2223 2046 νῶν
2254 1993 2348 2046 καὶ
2380 1991 2540 2058 αὖθις
2575 2002 2850 2068 μετεῖχον.
2888 2003 2993 2054 Καὶ
3027 2005 3164 2070 δῆτα
3192 2007 3278 2057 διὰ
3307 2006 3579 2060 πλείστων
3603 2009 3696 2061 ὲλ·

2117 2082 2324 2148 θόντες,
2361 2087 2456 2140 καὶ
2515 2088 2608 2140 ἐπὶ
2658 2090 2757 2158 τὴν
2817 2092 3044 2162 σιδηρᾶν
3079 2095 3352 2165 καθέδραν
3385 2100 3649 2168 ἀνήγοντο
3677 2115 3696 2134 ’

2076 2219 2088 2238 ,
2118 2171 2210 2240 ὑφ’
2251 2169 2319 2244 ἧς
2355 2177 2765 2247 τηγανιζόμενα
2812 2182 2884 2235 τὰ
2930 2184 3183 2251 σώματα,
3218 2186 3450 2256 κνίσσης
3495 2189 3696 2253 αὐτοὺς

2117 2265 2366 2335 ἐνεφόρει
2399 2268 2621 2338 πολλῆς.
2657 2271 2722 2323 Ol
2755 2273 2810 2324 δὲ
2846 2275 3104 2328 τοσοῦτον
3131 2277 3354 2346 ἡλγουν,
3379 2277 3454 2340 ὡς
3489 2281 3582 2334 καὶ
3609 2297 3695 2333 νι-

2118 2358 2220 2425 κᾷν
2272 2357 2562 2424 βούλεσθαι
2616 2361 2713 2430 τὴν
2769 2363 3048 2433 ὑπομονὴν
3085 2363 3173 2418 οἷα
3228 2371 3568 2436 μαινόμενοι.
3613 2371 3697 2422 Δι’

2119 2451 2333 2516 ἀγῶνος
2364 2453 2544 2504 τοίνυν
2577 2455 2816 2521 μεγάλου
2849 2455 3120 2524 ἐλθόντες,
3167 2460 3411 2528 Σάγκτος
3443 2464 3536 2514 καὶ
3566 2463 3692 2515 Μά-

2116 2557 2306 2608 τουρος
2345 2543 2437 2596 ἐπὶ
2459 2545 2554 2613 τῆς
2579 2547 2790 2616 ἡμέρας
2815 2549 3028 2617 ἐκείνης
3063 2551 3354 2621 ὲτύθησαν.
3379 2555 3452 2606 'ﬂ
3485 2571 3547 2622 γε
3584 2555 3694 2624 μὴν

2117 2631 2412 2687 Βλανδίλλα
2465 2637 2544 2706 τῷ
2595 2638 2736 2707 ξύλῳ
2788 2640 3133 2708 διαταθείσα,
3165 2643 3308 2713 βορά
3337 2647 3450 2706 τοῖς
3481 2644 3692 2712 θηρίοις

2117 2725 2417 2794 προῦκειτο
2438 2745 2450 2758 ·
2481 2734 2574 2782 καὶ
2605 2732 2666 2782 τὸ
2701 2733 2888 2802 σχῆμα
2920 2734 3015 2786 τοῦ
3045 2735 3114 2787 δι’
3147 2735 3314 2804 αὐτὴν
3349 2737 3690 2802 σταυρωθέν-

2115 2832 2206 2878 τος
2254 2819 2525 2884 τυποῦσα,
2572 2822 2776 2894 πολλὴν
2806 2827 2924 2888 τοῖς
2971 2829 3404 2894 συναγωνισταῖς
3460 2829 3685 2896 παρεῖχε

2113 2910 2213 2978 τὴν
2251 2913 2584 2982 προθυμίαν,
2617 2915 2706 2968 διὰ
2736 2917 2837 2985 τῆς
2869 2918 3108 2986 ἀδελφῆς
3141 2921 3200 2972 τὸ
3221 2920 3315 2972 τοῦ
3349 2920 3684 2989 ποθουμένου

2116 3002 2307 3072 σχῆμα
2359 3005 2654 3074 βλέπουσιν
2689 3024 2702 3038 ο
2736 3010 2796 3062 ὲν
2821 3011 3004 3080 ταυτῷ
3029 3012 3084 3065 δὲ
3117 3015 3408 3075 πείθουσα,
3445 3016 3537 3065 καὶ
3565 3013 3636 3076 ὡς
3659 3015 3689 3066 δ

2114 3093 2256 3164 ὑπὲρ
2291 3097 2389 3164 τῆς
2419 3097 2664 3166 Χριστοῦ
2711 3100 2872 3168 δόξης
2923 3101 3117 3156 παθὼν
3153 3107 3406 3157 κοινωνεῖ
3439 3110 3550 3168 τοῖς
3584 3106 3688 3158 πά-

429 3159 729 3222 martyrum
772 3161 1081 3216 custodiam
1115 3167 1376 3237 coniecti,
1415 3172 1563 3240 quod
1605 3175 1855 3234 viderem
1887 3179 2012 3236 ίιιοε

431 3243 648 3267 ι...ε,1,...-
686 3247 808 3267 2.-_,_
875 3253 909 3267 ν
1079 3257 1090 3267 ι
1396 3264 1406 3267 -

2118 3159 2236 3238 θεσί
2265 3159 2355 3257 τῷ⁷
2377 3159 2540 3251 ζῶντι
2567 3191 2706 3258 Θεῷ.
2737 3159 2867 3246 Τῶν
2894 3191 2991 3248 οὖν
3022 3195 3232 3265 θηρίων
3260 3197 3339 3267 μὴ
3370 3196 3686 3266 ἁψαμένων,

429 3243 652 3310 quidem
679 3247 984 3319 jucundius
1014 3257 1268 3314 relueere
1298 3278 1362 3318 ac
1396 3264 1577 3322 laetius
1611 3268 1833 3337 ﬂorere,
1872 3273 2012 3329 hila-

428 3346 627 3402 resque
655 3338 827 3406 gloria
855 3354 910 3396 et
938 3346 1114 3413 gratia
1142 3349 1516 3423 abundantes,
1552 3375 1653 3416 nec
1681 3377 1792 3417 non
1821 3366 2012 3421 suavi-

431 3432 596 3482 tatem
620 3430 810 3488 odoris
837 3434 1046 3494 Christi
1082 3444 1434 3515 redolentes,
1470 3466 1752 3524 unguento
1798 3459 2013 3516 scilicet

429 3519 690 3586 quodam,
735 3525 896 3584 sicuti
931 3537 1214 3594 nonnullis
1243 3539 1420 3597 visum
1458 3519 1572 3611 est,
1595 3549 1673 3604 ita
1705 3549 2008 3616 delibatos,

1595 3597 1673 3604 --_
1708 3597 2008 3616 --υ---υη

397 3597 491 3662 ἰιι
540 3612 760 3670 vincula
813 3634 1007 3678 eorum
1057 3630 1218 3697 quasi
1271 3643 1623 3705 comptorum
1677 3657 2010 3712 sponsorum

429 3715 688 3757 ornatum
723 3707 1010 3768 decentem
1037 3732 1148 3786 prae
1169 3737 1226 3777 se
1252 3723 1500 3782 ferrent:
1537 3732 1753 3800 seipsos
1827 3745 2010 3790 autem

431 3791 707 3852 deformes
735 3815 796 3857 ac
832 3806 973 3862 male
1006 3810 1219 3869 olentes
1248 3818 1580 3890 probrisque
1612 3791 1847 3894 obsitos,
1886 3831 2013 3883 vin-

429 3884 724 3957 diremque
772 3892 916 3950 intra
957 3913 1017 3954 se
1061 3913 1118 3956 et
1157 3909 1479 3965 carnificem
1519 3915 1923 3973 conscientiam
1955 3921 2013 3976 in

429 3977 632 4034 animis
671 3996 928 4051 gerentes
959 3994 1114 4060 :_qui
1165 3998 1423 4056 videlicet
1485 4014 1543 4059 ut
1578 4006 1874 4063 illiberales
1923 4028 2015 4080 pa-

432 4081 664 4138 rumque
691 4073 898 4143 viriles,
927 4080 1214 4140 homicidii
1249 4089 1353 4143 sibi
1383 4093 1518 4160 ipsis
1550 4096 1762 4151 crimen
1803 4099 2012 4169 ilnpillo

419 4173 642 4228 gentes,
682 4169 931 4224 onmium
976 4179 1502 4242 praestantissimum
1543 4203 1743 4244 nomen
1790 4194 2015 4264 rejecis-

429 4263 606 4308 sent:
659 4271 726 4312 ex
783 4275 1086 4335 martyrum
1145 4284 1447 4342 conspectu
1509 4263 2008 4351 conﬁrmabantur,

429 4363 602 4416 seque
636 4351 706 4407 ab
745 4357 824 4413 eis
869 4362 1042 4430 recipi
1087 4369 1376 4435 rogabant.
1417 4371 1598 4443 Atque
1641 4377 1718 4432 illi
1770 4395 1866 4434 eos
1900 4396 2012 4436 non

427 4453 691 4516 gratante,
733 4449 942 4503 nullam
966 4469 1194 4521 prorsus
1223 4464 1598 4532 suspicionem
1629 4471 1894 4540 reliquam
1937 4475 2014 4528 fa-

430 4532 681 4599 .cicntes,
740 4551 1128 4610 susceperunt.
1189 4549 1269 4604 Ex
1319 4568 1388 4608 eo
1451 4565 1696 4628 tempore
1746 4567 2013 4635 martyria
2047 4547 2091 4605 θ

434 4627 590 4683 yarie
655 4639 786 4683 sunt
831 4633 1007 4691 divisa
1073 4649 1238 4711 atque
1285 4645 1569 4706 distincta.
1620 4654 1696 4708 Ex
1743 4657 2014 4712 multifor-

433 4719 621 4774 mibus
674 4738 912 4795 namque
969 4738 1027 4785 et
1072 4737 1506 4798 versicoloribus
1572 4744 1805 4802 ﬂoribus
1855 4764 2014 4804 coro-

435 4825 562 4864 nam
647 4815 725 4870 illi
795 4827 1082 4890 texentes,
1152 4827 1373 4888 Christo
1448 4851 1570 4890 eam
1642 4839 2011 4905 obtulerunt,

431 4902 600 4974 309
632 4917 687 4962 et
718 4913 1019 4971 maximum
1061 4919 1196 4977 illud
1235 4923 1673 4986 immortalitatis
1717 4934 2010 5002 praemium

431 5011 786 5066 receperunt.
823 5006 1068 5068 Maturus
1094 5016 1316 5084 quidem
1375 5029 1430 5076 et
1454 5021 1712 5092 Sanctus,
1747 5025 2014 5080 Blandina

435 5098 494 5142 et
524 5091 762 5159 Attalus,
795 5099 848 5152 in
875 5103 1158 5170 publicum
1193 5112 1473 5180 producti,
1504 5123 1558 5169 et
1584 5117 1638 5170 in
1671 5119 2019 5188 amphithea-

437 5187 527 5233 tro
557 5181 750 5241 bestiis
779 5190 1005 5262 objecti,
1033 5199 1259 5254 eosdem
1303 5213 1434 5258 sunt
1481 5221 1718 5274 angores
1751 5208 1962 5277 experti
1999 5226 2012 5262 :

435 5273 804 5346 plurimisque
833 5288 1126 5344 tormentis
1151 5295 1428 5362 superatis
1452 5333 1468 5357 ,
1501 5273 1722 5350 tandem
1767 5299 1821 5352 in
1853 5299 2012 5354 sedili

434 5365 638 5432 ierreo,
682 5373 771 5428 cui
816 5375 958 5446 ignis
987 5395 1138 5436 esset
1188 5386 1528 5453 suppositus,
1573 5398 1704 5444 sunt
1733 5391 2012 5458 collocati,

437 5459 529 5511 ubi
555 5475 622 5514 ex
652 5469 976 5534 corporibus
1005 5487 1198 5528 eorum
1231 5477 1446 5534 adustis
1477 5481 1642 5535 nidor
1669 5483 1862 5554 ingens
1895 5487 2018 5541 red-

432 5549 606 5622 ditus,
659 5561 951 5617 carnifices
999 5566 1313 5634 complevit.
1361 5571 1464 5637 Qui
1511 5586 1720 5630 tantum
1773 5594 1839 5632 ex
1879 5595 2015 5634 con-

433 5647 640 5701 stantia
686 5663 994 5724 martyrum
1025 5671 1334 5730 concepere
1375 5664 1649 5730 dolorcm,
1700 5681 1754 5724 ut
1802 5675 2017 5742 patien-

435 5737 569 5794 tiam
627 5743 850 5800 illorum
908 5760 1172 5821 tanquam
1230 5755 1388 5813 furiis
1436 5762 1626 5828 agitati
1677 5779 2016 5834 exsuperare

433 5835 852 5895 contenderent.
916 5844 992 5900 Ae
1035 5846 1274 5903 Sanctus
1343 5852 1564 5917 quidem
1629 5865 1683 5909 et
1745 5857 2013 5920 Maturus.

2117 3280 2198 3340 εἰς
2245 3279 2508 3351 δευτέραν
2550 3283 2789 3353 ἅμιλλαν
2838 3289 3122 3358 ὲτηρεῖτοο
3168 3290 3242 3352 ὡς
3269 3287 3334 3342 ἂν
3361 3291 3452 3342 διὰ
3483 3290 3690 3343 πολλῶν

2120 3370 2214 3420 καὶ
2269 3373 2536 3426 ποικίλων
2592 3376 2685 3429 τὸν
2737 3380 2956 3432 σκολιὸν
3009 3382 3354 3448 ἑκνικήσασα
3382 3381 3526 3450 ὅφιν,
3558 3395 3692 3450 προ-

2125 3463 2300 3530 τροπῇ
2337 3466 2451 3526 τοῖς
2479 3465 2729 3534 ἀδελφοῖς
2766 3470 2849 3538 εἴη
2885 3470 2917 3540 ή
2955 3472 3165 3539 σμικρά
3207 3487 3268 3523 τε
3315 3471 3410 3526 καὶ
3442 3469 3689 3540 εὐτελὴς,

2121 3555 2299 3624 μέγαν
2338 3559 2434 3610 καὶ
2465 3559 2916 3629 ἀκαταγὼνιστον
2949 3563 3188 3634 ἀθλητὴν
3217 3565 3308 3618 τὸν
3338 3565 3572 3636 Χριστίν
3599 3578 3690 3615 κερ

2117 3648 2390 3717 κτημένη,
2420 3649 2510 3703 διὰ
2545 3652 2756 3705 πολλῶν
2789 3654 3016 3724 κλήρων
3044 3657 3138 3708 τὸν
3186 3656 3566 3725 ἀντικείμενον
3593 3655 3693 3706 ὲκ-

2117 3740 2378 3802 ὅιάσασα,
2413 3741 2504 3793 καὶ
2531 3741 2601 3794 δι’
2635 3743 2848 3810 ἀγῶνος
2885 3744 3124 3813 μεγάλου
3155 3747 3217 3798 τὸ
3250 3745 3353 3815 τῆς
3381 3746 3694 3817 ἀφθαρσίας

2119 3831 2315 3900 στέφος
2341 3833 2647 3901 ἁρπάσασα
2675 3851 2688 3866 ⁸
2723 3838 2817 3888 ἐπὶ
2843 3838 2896 3890 δὲ
2935 3837 3110 3909 ταύτῃ
3145 3842 3172 3892 ὁ
3215 3840 3480 3900 Ἄτταλος
3527 3839 3693 3909 ἤγετο

2115 3921 2195 3990 τῷ
2246 3923 2610 3996 ἀμφιθεάτρῳ
2659 3931 2892 3992 πίνακος
2940 3931 3386 4000 προηγουμένου,
3429 3931 3598 3984 ταῦτα
3626 3929 3691 3998 δὴ

2115 4014 2390 4082 λέγοντος,
2421 4013 2589 4082 Οὗτός
2618 4022 2768 4072 ἐστιν
2794 4022 3059 4084 ’Ἄτταλος
3084 4024 3112 4074 ὁ
3139 4023 3489 4091 Χριστιανός.
3536 4018 3604 4092 ἦν
3629 4021 3688 4074 δὲ

2116 4109 2225 4160 τῶν
2251 4111 2541 4180 ἐπισήμων
2571 4113 2730 4184 ἀνὴρ,
2760 4115 3072 4184 συνείδησιν
3093 4131 3152 4168 τε
3179 4117 3504 4188 ἐρρωμένην
3523 4114 3686 4185 ἔχων,

2117 4202 2211 4254 καὶ
2241 4204 2356 4266 τοῖς
2385 4204 2528 4258 κατὰ
2560 4206 2798 4274 Χριστὸν
2821 4208 2897 4270 ὼς
2931 4208 3076 4278 μάλα
3105 4211 3564 4280 γεγυμνασμένος
3595 4207 3690 4263 καὶ

2116 4296 2207 4346 ἀεὶ
2242 4297 2458 4366 μάρτυς
2492 4297 2754 4366 ἀληθείας
2795 4298 2892 4354 ῶν.
2943 4301 3301 4372 Σφριγῶντος
3331 4303 3376 4354 δ’
3407 4303 3496 4354 ἐπ’
3539 4298 3692 4368 αὖτῷ

2116 4387 2210 4438 τοῦ
2233 4387 2433 4456 δήμου,
2461 4388 2652 4442 τοῦτον
2679 4391 2755 4454 ὡς
2790 4390 3060 4462 Ῥωμαῖον
3089 4395 3116 4446 ὁ
3158 4394 3382 4462 ἡγεμὼν
3408 4396 3474 4464 τῇ
3498 4392 3690 4460 εἱρκτῇ

2119 4475 2430 4542 συγκλείειν
2465 4479 2772 4538 ἐκέλευσεν,
2807 4480 2910 4542 ἕως
2960 4481 3022 4534 οὗ
3057 4482 3134 4551 τῷ
3171 4483 3412 4551 Καίσαρι
3457 4481 3583 4551 περί
3627 4495 3690 4530 τε

2121 4567 2286 4620 αὑτοῦ
2323 4569 2419 4622 καὶ
2463 4569 2577 4622 τῶν
2623 4570 2830 4624 λοιπῶν
2875 4573 3182 4641 ἀνενέγκοι.
3225 4574 3316 4630 Ἐν
3348 4573 3524 4642 τούτῳ
3549 4571 3607 4624 δὲ
3637 4572 3690 4624 οι

2121 4660 2387 4728 πρότερον
2420 4663 2487 4732 τῇ
2521 4663 2750 4733 ἀρνήσει
2799 4667 2985 4736 νεκροὶ
3033 4667 3096 4718 τὸ
3149 4665 3372 4736 πνεῦμα
3413 4665 3512 4732 τῆς
3546 4663 3691 4732 ζωῆς

2119 4749 2500 4820 ἀνελάμϐανον
2524 4769 2540 4783 ·
2594 4757 2689 4807 καὶ
2743 4755 2839 4820 οὓς
2889 4759 3118 4826 νεκροὺς
3149 4757 3439 4828 ὲξὲτρωσε,
3468 4755 3691 4816 τούτους

2119 4841 2328 4906 ζῶντας
2359 4847 2392 4915 ἡ
2427 4847 2612 4918 μήτηρ
2639 4849 2860 4919 ἐδέχετο
2880 4867 2894 4882 ο
2925 4851 3020 4903 καὶ
3049 4849 3436 4918 ἐγλυκαίνοντο
3469 4847 3572 4901 ὑπὸ
3595 4845 3689 4898 τοῦ

2121 4939 2196 5006 μὴ
2232 4936 2482 5002 θέλοντος
2508 4942 2598 4994 τὸν
2631 4943 2864 4997 θάνατον
2895 4943 2988 4996 τοῦ
3027 4943 3362 5014 ἀμαρτωλοῦ
3384 4959 3398 4974 ·
3432 4941 3525 4996 καὶ
3555 4939 3688 5009 προς

2117 5029 2180 5081 τὸ
2211 5029 2406 5084 παθεῖν
2438 5033 2912 5104 -ἀνερρὼσθησαν.
2949 5037 3057 5089 Καὶ
3087 5036 3195 5104 γὰρ
3240 5033 3591 5105 γραμμάτων
3629 5033 3692 5084 ἐκ

2117 5124 2212 5174 τοῦ
2239 5125 2520 5196 Καίσαρος
2543 5129 3078 5197 καταπεμφθέντων,
3097 5130 3210 5182 ὅσοι
3233 5125 3375 5199 ἦσαν
3410 5125 3689 5194 Ῥωμαῖοι,

2119 5219 2184 5286 τῇ
2225 5217 2313 5272 διὰ
2346 5219 2535 5287 ξίφους
2566 5223 2842 5291 ὑπήγοντο
2871 5223 3101 5293 τελευτῇ
3125 5237 3138 5250 ·
3166 5223 3217 5274 οί
3251 5222 3308 5274 δὲ
3344 5220 3556 5289 θηρίοις
3599 5215 3691 5270 καὶ

2119 5309 2304 5373 ἄλλοις
2333 5311 2442 5362 τῶν
2472 5312 2662 5364 δεινῶν
2688 5312 3113 5382 παρεϐάλλοντο.
3145 5313 3360 5384 Πρῶτοι
3387 5313 3442 5365 δὲ
3477 5311 3691 5362 πάντων

2119 5403 2167 5453 οί
2208 5404 2503 5472 μεταμέλῳ
2534 5406 2875 5475 χρησάμενοι
2911 5407 3183 5478 πρότερον
3217 5405 3571 5475 ἀνητάζοντο,
3605 5400 3692 5452 ἐλ-

2121 5495 2276 5558 πίδος
2332 5497 2744 5565 ὕποσαινούσης
2797 5498 3024 5565 τούτους
3063 5499 3222 5562 αὖθις
3265 5499 3430 5552 ἑλεῖν.
3472 5494 3609 5548 Ἀλλ’
3643 5491 3690 5544 οἱ

2123 5585 2226 5652 μὲν
2254 5583 2333 5652 τῷ
2364 5586 2552 5656 κλήρῳ
2586 5587 2695 5640 τῶν
2729 5588 3032 5658 μαρτύρων
3073 5590 3397 5643 ἐτάττοντο·
3427 5588 3534 5638 εἰσὶ
3561 5585 3614 5637 δὲ
3641 5581 3692 5634 οἳ

2121 5680 2214 5726 καί
2248 5677 2346 5746 τῆς
2401 5678 2682 5742 ἀπωλείας
2736 5681 2969 5734 κατόπιν
3003 5677 3139 5753 ἧκον
3161 5699 3178 5716 ο
3214 5680 3264 5735 οἳ
3305 5681 3368 5750 δὴ
3399 5675 3606 5743 ἀνάξιοί
3635 5689 3692 5725 τε

2119 5764 2260 5838 ἦσαν
2317 5773 2414 5822 καὶ
2470 5773 2797 5843 ἀστήρικτοι
2849 5773 2980 5843 περὶ
3035 5773 3135 5842 τὴν
3184 5773 3304 5872 ὁδον
3357 5770 3690 5872 βλασφημῇς

2123 5863 2358 5926 ἔχοντες.
2387 5864 2478 5925 Τῷ
2507 5865 2563 5917 δὲ
2597 5866 2882 5934 καταλόγῳ
2932 5865 3041 5920 τῶν
3090 5864 3388 5936 μαρτύρων
3423 5861 3516 5914 καὶ
3549 5860 3692 5914 Ἀλέ-
