4032 6458
352 403 484 468 1021

1282 402 1892 465 ECCLESIASTlC.-E
1940 402 2339 464 HISTORUE
2375 404 2507 464 LIB
2577 405 2670 462 IV.

3487 402 3624 470 102:7.

349 521 578 590 ξανδρος
629 518 942 588 ἠριθμεῖτο,
979 519 1232 587 ἰατρικῆς
1273 519 1370 588 μὲν
1402 521 1695 588 ἔμπειρος,
1725 519 1835 578 τοῖς
1867 518 1918 567 ἐν

2025 516 2332 569 certamine
2361 525 2514 568 tanto
2545 515 2721 580 obito,
2763 528 2830 568 eo
2870 513 2958 568 die
2991 529 3216 572 cursum
3250 531 3408 570 suum
3439 517 3621 572 absol-

349 612 606 674 Γαλλίαις
637 627 698 663 τε
731 611 868 664 πᾶσι
905 611 1247 680 καταφανὴς,
1273 612 1366 666 ἆτε
1401 612 1466 680 δὴ
1498 613 1702 679 πολλὴν
1735 625 1792 662 τε
1840 609 1928 662 λό-

348 723 445 774 γου
475 703 794 775 παρρησίαν
820 701 1292 772 προϐεϐλημένος,
1320 705 1410 756 καὶ
1433 705 1532 772 τῆς
1557 701 1928 770 ἁποστολικῆς

348 799 448 852 ούκ
477 797 709 866 ἄμοιρος
757 795 1020 866 χάριτος·
1058 795 1351 868 παρεστὼς
1399 797 1508 869 γὰρ
1560 797 1638 866 τῷ
1695 795 1927 865 βήματι,

349 891 446 943 καὶ
478 887 713 959 νεύματι
741 886 866 948 τοὺς
893 888 1178 958 μάρτυρας
1213 890 1533 957 παρορμῶν,
1557 887 1718 955 δῆλος
1739 883 1806 956 ἦν
1833 887 1926 938 καὶ

348 983 515 1043 αὐτὸς
565 979 753 1048 ὥσπερ
799 977 1010 1032 ὠδίνων
1053 980 1180 1042 τοὺς
1217 979 1414 1041 ἄθλους
1441 995 1456 1012 ο
1486 981 1680 1048 ἀμέλει
1721 995 1802 1030 τοι
1833 976 1928 1030 καὶ

349 1073 673 1140 καταφανὴς
703 1073 815 1134 τοῖς
868 1074 999 1142 περὶ
1029 1071 1121 1124 τὸν
1153 1071 1418 1142 δικαστὴν
1451 1071 1655 1124 ἑστῶσι
1689 1071 1923 1139 γενόμε-

347 1181 455 1223 νος,
489 1163 579 1216 καὶ
611 1161 993 1230 κατακριθεὶς,
1025 1163 1123 1215 σὺν
1163 1162 1405 1232 Ἀττάλῳ
1436 1163 1708 1232 περιήχθη
1731 1162 1926 1231 θηρσὶν

345 1251 578 1305 ὀδόντων
607 1251 980 1320 ἐπαφεθῆναι.
1031 1253 1279 1323 Μηδενδς
1327 1249 1420 1306 οὖν
1463 1251 1641 1307 δεινοῦ
1675 1251 1926 1304 ἐντεῦθεν

348 1346 544 1412 πεῖραν
585 1343 982 1414 ὲπῃσθημένοι,
1022 1344 1108 1397 διὰ
1157 1343 1369 1400 πολλῶν
1420 1345 1646 1411 ἀγώνων
1673 1344 1922 1414 ἥκοντες,

349 1434 650 1502 τοῦσχατον
685 1433 961 1502 ἐτύθησαν
980 1435 1073 1486 καὶ
1093 1435 1268 1487 αὐτοί·
1287 1437 1312 1487 ὁ
1329 1434 1428 1502 μὲν
1458 1433 1802 1508 Ἀλέξανδρος
1823 1451 1926 1502 μη-

351 1525 440 1576 δὲν
465 1524 512 1575 εἰ
543 1523 656 1576 ,ὡνσ
685 1523 952 1588 Ἄτταλος
968 1525 1045 1590 δὲ,
1068 1525 1144 1595 τῷ
1164 1525 1256 1578 ἐπὶ
1277 1527 1375 1596 τῆς
1394 1526 1620 1596 σιδηρᾶς
1653 1524 1925 1594 καθέδρας

349 1616 692 1682 ὲκκαίεσθαι,
719 1619 818 1680 τῆς
845 1617 1012 1670 αὑτοῦ
1037 1617 1271 1687 κνίσσης
1297 1619 1735 1689 ἀναφερομένης,
1765 1619 1924 1670 τοῦτο

349 1709 514 1775 μόνον
562 1708 848 1778 Ῥωμαϊκῇ
897 1712 1050 1780 φωνῇ
1103 1708 1371 1791 ἐπειπὼν,
1418 1709 1552 1764 Ἰδοὺ
1587 1710 1744 1764 τοῦτό
1775 1713 1924 1763 ἐστιν

345 1795 672 1865 ἀνθρεῦπους
723 1795 948 1863 ἐσθίειν,
984 1798 1124 1868 ὅπερ
1157 1799 1316 1868 ὑμεῖς
1357 1802 1586 1852 ποιεῖτε.
1638 1799 1834 1868 ⁹Ημιεῖς
1863 1798 1919 1850 δὲ

342 1886 466 1939 οὗτε
521 1887 845 1958 ἀνθρώπους
900 1888 1178 1956 ἐσθίομεν,
1207 1889 1328 1942 οὔτε
1373 1890 1568 1960 ἕτερον
1601 1907 1650 1942 τι
1680 1889 1920 1960 πονηρὸν

343 1976 686 2046 πράσσομεν.
755 1977 1143 2048 Ἐρωτώμενος
1195 1979 1252 2032 δὲ
1309 1979 1404 2032 καὶ
1453 1985 1505 2032 τί
1551 1979 1720 2049 ὗνομα
1753 1979 1864 2050 ἔχει
1895 1981 1922 2030 ὁ

343 2068 556 2130 ὁθεὸε.
591 2067 778 2135 φάναι,
819 2071 880 2123 Ὀ
930 2070 1061 2136 Θεὸς
1113 2071 1289 2140 ὄνομα
1325 2072 1424 2124 οὐκ
1461 2073 1572 2144 ἔχει
1603 2071 1676 2134 ὡς
1713 2071 1922 2140 ἄνθρω-

344 2176 465 2222 πος.
497 2159 619 2212 Ἐπὶ
635 2161 690 2212 δὲ
709 2160 920 2224 τούτοις
949 2165 1082 2216 πᾶσι
1103 2166 1166 2232 τῇ
1195 2164 1306 2217 τῶν
1335 2163 1690 2233 μονομαχιῶν
1717 2165 1918 2233 ἐσχάτῃ

342 2251 530 2322 ἡμέρᾳ
587 2251 730 2322 μετὰ
784 2253 1050 2306 Ποντικοῦ
1109 2255 1398 2322 παιδαρίου
1449 2255 1583 2332 ὡσεὶ
1616 2255 1753 2308 ἐτῶν
1799 2253 1918 2326 ιε’ἡ

345 2341 571 2405 γενναία
626 2341 887 2395 Βλανδίνα
943 2344 1220 2413 εἰσήγετο.
1261 2345 1414 2396 Ἐπεὶ
1450 2345 1494 2398 δ’
1525 2345 1744 2412 ὀμνύειν
1776 2347 1921 2398 κατὰ

341 2431 452 2482 τῶν
479 2429 716 2483 είδὼ).ων
747 2435 1086 2501 ἡνάγκαστο,
1106 2437 1200 2488 καὶ
1233 2436 1479 2500 ἀπειθεῖς
1508 2432 1667 2507 ἦσαν,
1699 2437 1920 2504 ἐξαγρι-

333 2519 496 2574 ὀῖται
528 2521 652 2574 κατ’
696 2523 878 2575 αὐτῶν
909 2525 969 2576 τὸ
1002 2525 1228 2593 πλῆθος,
1273 2529 1367 2580 καὶ
1421 2527 1610 2597 διῆγον
1644 2528 1918 2590 πλείστοις

340 2611 532 2674 δεινοῖς
558 2629 574 2644 ο
603 2615 630 2666 ὁ
653 2613 751 2684 μὲν
777 2618 904 2678 παῖς
933 2619 1053 2678 ταῖς
1077 2617 1335 2686 βασάνοις
1363 2619 1753 2688 ἀπαγορεύων,
1783 2620 1920 2672 ἀπε-

337 2705 482 2760 δίδου
516 2705 576 2759 τὸ
607 2707 852 2778 πνεῦμν
882 2709 1091 2780 ἐσχάτη
1123 2713 1177 2764 δὲ
1205 2713 1237 2780 ἡ
1273 2711 1534 2764 Βλανδίνα
1586 2714 1672 2764 οἶα
1730 2713 1916 2781 μήτηρ

341 2799 572 2870 εὐγενὴς
607 2805 1044 2872 παρορμήσασα,
1077 2809 1247 2860 τέκνα
1283 2810 1379 2861 καὶ
1423 2808 1917 2880 νικηφνερουξκπροπ

342 2893 612 2964 πέμψασα
640 2894 773 2964 πρὸς
799 2895 890 2949 τὸν
919 2897 1166 2967 βασιλέα,
1197 2899 1585 2969 ἀγαλλιωμένη
1616 2901 1915 2954 ἐπέσπευδε

343 2984 437 3037 καὶ
466 2987 606 3056 αὑτὴ
642 2990 704 3057 τῇ
741 2987 904 3059 ἐξόδῳ
935 2990 1010 3052 ὼς
1032 2991 1111 3055 είς
1143 2991 1411 3061 νυμφικὸν
1439 2993 1676 3055 δεῖπνον,
1708 2995 1810 3046 οὐκ
1837 2996 1916 3057 είς

344 3075 548 3146 Θηρίων
582 3079 1003 3150 προϐεϐλημένη
1055 3081 1254 3152 βοράν·
1287 3086 1380 3137 καὶ
1417 3086 1558 3154 μετὰ
1591 3085 1690 3148 τὰς
1723 3086 1920 3154 μάστι⁹

2031 621 2252 669 verum,
2307 617 2362 660 et
2409 607 2590 678 gladio
2635 607 2786 674 δινεῖ,
2839 607 3009 662 veluti
3058 607 3298 663 victimae
3340 608 3452 664 Deo
3488 617 3622 662 sunt

2027 695 2224 751 oblati.
2261 695 2529 749 Blandina
2563 704 2748 750 autem
2801 696 2854 750 in
2888 697 3080 765 stipite
3115 697 3380 758 distenta,
3423 696 3622 752 bestiis

2027 799 2153 838 esca
2202 793 2284 839 est
2316 787 2602 854 propesita
2652 785 3014 853 :faciemque
3063 784 3320 854 supplicii
3369 787 3488 856 ejus
3519 785 3618 855 qui

2027 891 2126 946 pro
2154 890 2217 928 ea
2247 884 2331 928 est
2367 876 2664 929 cruciﬁxus
2688 875 2956 939 referens,
2991 891 3242 946 magnam
3271 885 3618 930 concertato-

2029 966 2186 1020 ribus
2213 966 2330 1020 suis
2361 967 2548 1021 attulit
2587 967 2754 1020 animi
2789 967 3155 1034 alacritatem,
3191 969 3246 1022 in
3291 984 3484 1022 sorore
3513 983 3613 1029 sua

2037 1059 2285 1111 habitum
2323 1070 2378 1113 et
2427 1059 2661 1113 formam
2705 1060 2951 1128 exoptati
2985 1061 3133 1115 illius
3168 1059 3615 1130 inspicientihus.

2031 1150 2212 1216 Quare
2263 1149 2396 1202 illud
2448 1165 2668 1219 quoque
2699 1151 3024 1214 exhibebat,
3064 1167 3129 1205 ac
3165 1151 3333 1206 veluti
3383 1166 3615 1220 persua-

2027 1241 2216 1305 debat,
2250 1241 2344 1311 qui
2391 1257 2490 1309 pro
2532 1239 2740 1296 Christi
2785 1242 2957 1312 gloria
2997 1244 3265 1311 patiatur,
3311 1254 3436 1296 eum
3485 1257 3616 1312 pas-

2027 1335 2280 1390 sionihus
2311 1333 2636 1402 participem
2685 1348 2810 1388 esse
2862 1334 3104 1388 viventis
3151 1334 3269 1388 Dei.
3318 1334 3424 1388 Sed
3464 1337 3614 1388 enim

2029 1441 2152 1480 cum
2184 1424 2374 1479 bcsthe
2402 1440 2522 1477 cam
2557 1439 2666 1476 non
2704 1425 3067 1493 attingerent,
3109 1424 3175 1476 ad
3223 1423 3393 1476 alium
3435 1438 3615 1476 rescr-

2029 1527 2155 1572 vata
2180 1529 2264 1570 est
2293 1529 2523 1586 agonem
2549 1555 2564 1578 ,
2599 1523 2662 1568 ut
2691 1515 2855 1568 simul
2887 1525 2943 1568 et
2975 1514 3164 1568 multis
3192 1513 3474 1582 variisque
3500 1513 3606 1567 col-

2027 1606 2428 1663 luctationibus
2467 1606 2686 1661 devicto
2728 1607 2990 1676 perplexo
3037 1606 3133 1660 illo
3173 1615 3455 1675 serpente,
3489 1619 3606 1658 cer-

2030 1710 2144 1753 tum
2201 1698 2512 1754 constantis
2571 1696 2918 1752 fortitudinis
2973 1697 3288 1766 exemplum
3344 1695 3614 1750 fratribus

2030 1793 2207 1858 ﬁeret,
2247 1793 2374 1846 vilis
2406 1792 2522 1861 ipsa
2557 1801 2613 1846 et
2659 1791 2976 1850 imbecillis,
3011 1799 3068 1844 et
3099 1790 3364 1843 invictum
3400 1788 3611 1842 habens

2029 1895 2491 1956 prepugnatorem
2517 1885 2821 1949 Christum,
2847 1882 3195 1952 diversisque
3227 1883 3608 1936 adversarium

2026 1977 2432 2032 certaminibus
2485 1977 2810 2042 debellans,
2865 1974 3293 2028 immortalitatis
3348 1987 3606 2027 coronam

2024 2077 2354 2136 reportaret.
2393 2067 2710 2123 Secundum
2750 2067 2890 2120 hanc
2971 2065 3185 2120 Attalus
3231 2066 3284 2119 in
3330 2065 3608 2120 theatrum

2024 2161 2355 2224 ducebatur,
2403 2161 2492 2216 cui
2537 2161 2734 2214 tabella
2783 2157 3180 2228 praeferebatur
3214 2172 3340 2211 cum
3391 2155 3594 2210 inscri-

2023 2259 2213 2327 ptione
2256 2257 2575 2329 hujusmodi
2630 2275 2642 2310 :
2694 2257 2795 2311 llic
2837 2265 2919 2310 est
2967 2255 3186 2309 Attalus
3234 2252 3602 2308 Christianus.

2023 2350 2156 2404 Erat
2186 2357 2366 2403 autem
2399 2349 2445 2403 is
2473 2363 2539 2401 ex
2567 2349 2846 2402 clarorum
2875 2347 3116 2401 virorum
3144 2344 3359 2406 ordine,
3393 2342 3604 2396 ﬁrmam

2023 2455 2324 2509 sanamque
2369 2440 2633 2494 obtinens
2681 2438 3100 2502 conscientiam,
3139 2448 3306 2505 atque
3340 2435 3394 2489 in
3433 2443 3608 2488 certa-

2024 2533 2274 2588 minibus
2307 2547 2406 2602 pro
2449 2531 2672 2586 Christo
2717 2531 2994 2601 susceptis
3030 2529 3199 2601 probe
3247 2527 3606 2589 exercitatus,

2019 2636 2076 2678 et
2127 2634 2389 2679 constans
2445 2623 2692 2678 veritatis
2739 2624 2914 2677 testis.
2966 2622 3086 2688 Quo
3137 2620 3428 2690 producto,
3477 2631 3604 2672 cum

2023 2717 2355 2786 petulantius
2412 2715 2565 2784 plebs
2625 2715 3078 2778 tumultuaretur,
3125 2726 3328 2782 prreses
3357 2725 3507 2774 eum,
3542 2717 3605 2763 ut

2019 2810 2194 2864 cit'cm
2253 2807 2604 2873 Reman-um,
2664 2807 2723 2860 in
2788 2805 3041 2860 custodia
3093 2803 3364 2858 asservari
3409 2801 3599 2873 jussit,

2019 2903 2197 2956 donec
2222 2901 2456 2956 Caesaris
2480 2900 2548 2954 de
2576 2915 2643 2955 eo
2671 2911 2836 2969 atque
2863 2901 2985 2953 aliis
3008 2899 3353 2968 explorasset
3373 2907 3604 2952 senten-

2023 2995 2172 3048 tiam.
2202 2993 2416 3048 Interea
2453 2993 2549 3062 qui
2581 3002 2744 3048 antea
2780 2993 3081 3063 negatione
3109 2989 3318 3044 mortui
3355 2989 3601 3054 fuerant,

2020 3087 2275 3157 spiritum
2322 3087 2449 3141 vita:
2493 3086 2872 3155 resipiscentia
2921 3092 3259 3154 receperunt
3303 3100 3317 3136 :
3369 3089 3424 3137 et
3461 3093 3604 3150 quos

339 3183 466 3234 γας,
504 3169 642 3237 μετᾶ
693 3169 762 3222 τὰ
816 3171 1004 3240 θηρία,
1057 3174 1200 3242 μετὰ
1256 3174 1319 3226 τὸ
1354 3177 1612 3246 τήγανον,
1644 3177 1800 3241 τέλος
1836 3177 1916 3240 είς

2025 3194 2284 3249 tanquam
2319 3178 2388 3232 ab
2433 3188 2559 3233 ortu
2605 3177 2910 3232 exstinctos
2950 3177 3210 3247 ejeeerat,
3258 3188 3358 3229 eos
3401 3171 3605 3226 revivi-

339 3257 622 3327 γύργαθον
671 3261 931 3331 βληθεῖσα
983 3265 1170 3336 ταύρῳ
1218 3267 1378 3337 δεινῷ
1414 3269 1736 3340 παρεϐλήθη
1771 3284 1786 3299 ⁶
1819 3271 1916 3324 καὶ

343 3352 544 3415 ἱκανῶς
579 3353 946 3424 ἀναϐληθεῖσα
978 3357 1055 3424 τῷ
1089 3357 1232 3426 (tingi,
1266 3357 1492 3430 ὕστερον
1531 3361 1594 3430 δὴ
1628 3362 1722 3414 καὶ
1774 3362 1913 3433 αὐιὴ

341 3443 506 3512 ἐτύθη
538 3445 926 3514 ἐμφανέστατα
949 3489 962 3514 ,
997 3450 1094 3500 καὶ
1119 3443 1228 3503 τῶν
1257 3451 1561 3520 ὠμοτάτων
1589 3453 1819 3506 ἐκείνων
1839 3454 1915 3506 el-

343 3537 578 3602 πόντων,
607 3537 681 3610 μὴ
705 3539 926 3594 πώποτε
951 3541 1080 3610 παρ’
1107 3543 1292 3604 αὐτοῖς
1313 3543 1547 3598 τοιαῦτα
1563 3545 1657 3599 καὶ
1680 3546 1915 3598 τοσαῦτα

345 3633 577 3696 γυναῖκα
611 3632 814 3686 ίδέσθαι
845 3633 1064 3688 παθεῖν.
1100 3635 1320 3688 Τούτων
1363 3635 1420 3688 δὲ
1463 3637 1791 3706 γενομένων,
1823 3637 1916 3691 ἅλ-

345 3719 442 3790 λην
471 3721 647 3794 ἀρχὴν
681 3723 818 3776 ἰδίαν
858 3726 891 3796 ἡ
931 3725 1038 3777 τῶν
1067 3725 1288 3795 ἀνόμων
1321 3725 1482 3798 ὕϐρις
1513 3727 1603 3780 ἐπὶ
1647 3731 1763 3792 τοῖς
1811 3729 1916 3782 σώ-

345 3826 481 3879 μασι
517 3812 626 3864 τῶν
665 3814 960 3884 μαρτύρων
997 3815 1292 3885 ἐλάμϐανε.
1323 3817 1396 3870 Τὸ
1432 3818 1542 3888 γὰρ
1571 3819 1663 3871 ὑπ’
1689 3819 1912 3872 ἐκείνων

338 3903 540 3969 αὐτοὺς
571 3907 894 3971 νενικῆσθαι
935 3907 1136 3978 μᾶλλον
1179 3911 1259 3970 εἰς
1306 3910 1481 3980 ὀργὴν
1537 3912 1784 3980 ἀνῆπτε·
1819 3914 1913 3966 καὶ

337 3995 463 4058 τοὺς
489 3998 548 4048 ἐν
569 3996 782 4068 εἱρκτῇ,
816 3998 908 4050 καὶ
931 3999 1056 4060 τοὺς
1086 3998 1261 4060 ἄλλως
1290 3999 1570 4070 διαφόροις
1597 4002 1915 4067 ἐξετασθέν-

337 4102 437 4148 τας
490 4086 769 4156 βασάνοις,
821 4091 980 4142 κυσὶν
1035 4090 1314 4158 ἐπιμελῶς
1368 4092 1660 4159 φυλάττειν
1693 4095 1914 4164 νύκτωρ

341 4179 435 4230 καὶ
465 4179 586 4248 μεθ’
610 4182 826 4251 ἡμέραν
856 4184 1188 4252 παρέϐαλον,
1218 4185 1308 4240 ῐνα
1342 4187 1506 4256 μήτις
1533 4187 1690 4256 λάχοι
1713 4189 1911 4256 ταφῆς.

341 4269 485 4325 Ὅσα
513 4271 570 4326 δὲ
601 4275 650 4325 oi
685 4273 852 4345 θῆρες
905 4277 999 4330 καὶ
1054 4277 1155 4332 ὅσα
1208 4278 1270 4332 τὸ
1308 4279 1419 4348 πῦρ
1453 4280 1770 4350 παρέδραμε
1805 4280 1917 4332 λεί-

335 4362 504 4433 ψανα,
535 4366 987 4437 διεσπαραγμὲνα
1017 4387 1077 4423 τε
1106 4372 1201 4425 καὶ
1230 4373 1654 4444 ἠνθρακωμὲνα,
1697 4374 1787 4428 καὶ
1816 4375 1914 4438 τὰς

339 4457 583 4526 κεφαλὰς
624 4459 723 4512 σὺν
747 4465 862 4524 τοῖς
893 4461 1075 4516 αὐτῶν
1109 4464 1332 4534 ἀποτμή
1343 4482 1532 4533 μασιν,
1557 4466 1644 4534 ἐφ’
1673 4465 1914 4537 ἡμέραις

2023 3283 2243 3329 scentes
2291 3275 2466 3324 male‘r
2510 3278 2594 3325 est
2635 3269 2941 3338 complexa.
2985 3267 3024 3321 li
3063 3267 3312 3321 dulciore
3350 3261 3599 3319 doctrina

2023 3371 2272 3432 accepta,
2307 3362 2377 3416 ab
2416 3377 2483 3418 eo
2527 3362 2620 3430 qui
2670 3377 2780 3414 non
2825 3359 2944 3413 vult
2991 3367 3222 3412 mortem
3269 3355 3600 3425 peccatoris,

2020 3456 2278 3509 virtutem
2309 3461 2362 3507 et
2392 3453 2561 3506 robur
2589 3453 2656 3506 ad
2695 3447 3122 3520 perpetiendum
3155 3452 3597 3516 assumpserunt.

2019 3547 2154 3601 Nam
2191 3545 2354 3598 allato
2379 3559 2409 3598 a
2434 3544 2650 3617 Caesare
2675 3543 2968 3610 rescripto,
3000 3540 3319 3610 quicunque
3349 3553 3417 3592 ex
3441 3535 3602 3591 Citri-

2021 3637 2217 3692 stianis
2258 3635 2489 3690 Romani
2539 3621 2750 3698 essent,
2790 3633 2976 3704 gladio
3027 3643 3157 3686 sunt
3207 3632 3378 3696 caesi;
3415 3629 3601 3684 eteteri

2021 3726 2216 3782 bestiis
2263 3733 2396 3780 sunt
2447 3725 2674 3794 objecti,
2715 3733 2814 3778 aut
2858 3723 2984 3778 aliis
3013 3723 3274 3793 gravibus
3309 3719 3600 3789 suppliciis

2020 3818 2225 3872 all‘ecti.
2261 3815 2428 3871 Primi
2461 3825 2643 3870 autem
2672 3815 2943 3879 omnium,
2968 3815 3063 3884 qui
3089 3824 3248 3870 antea
3271 3811 3598 3882 pmnitentia

2018 3911 2103 3965 usi
2135 3910 2374 3975 fuerant,
2422 3909 2871 3978 inqttirebantur.
2919 3907 3057 3977 Spes
3105 3907 3308 3976 quippe
3341 3905 3604 3975 quaesito-

2023 3999 2180 4054 ribus
2213 4009 2351 4060 erat,
2389 3998 2554 4068 310
2579 4012 2676 4052 eos
2700 3997 2884 4052 denuo
2917 4001 3144 4064 captum
3172 3995 3261 4048 iri.
3287 3993 3490 4048 Verum
3519 3991 3602 4046 illi

2021 4093 2576 4164 partim.tnartyrum
2629 4090 2908 4160 aggregati
2948 4095 3079 4142 sunt
3131 4085 3350 4150 ordini,
3397 4085 3600 4155 partim

2024 4183 2389 4254 perditionem
2441 4183 2618 4237 secuti
2674 4199 2689 4236 :
2745 4181 2824 4234 illi
2875 4180 3178 4244 nimirum,
3237 4178 3334 4250 qui
3386 4175 3601 4248 indigni

2022 4290 2326 4344 parumque
2362 4273 2502 4327 lirmi
2538 4273 2780 4334 fuerant,
2808 4280 2864 4326 et
2889 4273 2956 4326 de
2983 4272 3248 4340 religione
3275 4277 3462 4324 nostra
3496 4269 3599 4322 mi-

2021 4382 2128 4422 nus
2161 4375 2311 4420 recte
2352 4372 2666 4419 senserant.
2711 4363 3011 4432 Martyrum
3047 4363 3294 4430 catalogo
3324 4361 3602 4428 ascriptus

2021 4460 2188 4515 etiam
2233 4467 2318 4514 est
2349 4457 2684 4517 Alexander,
2727 4455 2864 4510 artis
2897 4453 3127 4508 medicae
3169 4453 3403 4522 peritus,
3438 4461 3494 4505 et
3539 4451 3596 4514 in

341 4551 563 4618 συχναῖς
613 4556 982 4625 στρατιωτικῇ
1036 4552 1278 4624 φάλαγγι
1315 4557 1599 4626 ἐπιμελῶς
1657 4557 1908 4627 ἐτήρουν.

2022 4547 2188 4603 Galiis
2233 4547 2494 4602 omnibus
2537 4553 2700 4600 notus
2740 4561 2754 4597 :
2795 4555 2916 4598 erat
2964 4544 3112 4598 enim
3157 4543 3328 4597 inulta
3373 4543 3595 4604 dicendi

343 4639 452 4690 Καὶ
491 4638 540 4690 oi
601 4639 700 4708 μὲν
731 4640 857 4700 τοὺς
909 4641 1128 4705 ὀδόντας
1162 4641 1377 4708 ἔτριζον
1411 4645 1530 4696 κατ’
1565 4644 1746 4698 αὐτῶν
1773 4660 1788 4675 ο
1815 4645 1915 4698 καὶ

339 4730 556 4796 νεκροῖς
583 4729 650 4794 γὰ
659 4745 692 4800 ρ
722 4730 820 4781 ἐπε
830 4729 1086 4798 μαίνοντο
1111 4734 1222 4794 τοῖς
1248 4731 1530 4802 λειψάνοις
1553 4749 1569 4764 ο
1597 4736 1644 4786 oi
1667 4733 1714 4787 δ’
1737 4736 1796 4788 ἐν
1825 4734 1915 4804 γέ-

339 4817 472 4870 λωτι
516 4817 839 4872 ἐποιοῦντοο
889 4821 939 4872 οί
989 4817 1036 4871 δ’
1085 4821 1492 4892 ἐπιεικέστεροι
1529 4823 1713 4892 δῆθεν,
1747 4824 1852 4877 ποῦ
1887 4825 1914 4878 ὁ

340 4913 474 4976 Θεὸς
533 4915 736 4980 αὐτῶν,
797 4915 1180 4978 ἐπωνείδιζον’
1230 4915 1284 4969 τί
1337 4915 1394 4970 δέ
1447 4920 1548 4988 τῆς
1615 4918 1914 4989 θρησκείας

341 5005 566 5073 ὤναντο,
597 5007 663 5080 ἦν
699 5009 804 5078 πρὸ
841 5009 950 5061 τῶν
989 5010 1136 5062 ῖδίων
1171 5007 1354 5062 ἔθεντο
1383 5009 1615 5080 ψυχῶν;
1657 5012 1746 5064 Ἑν
1786 5011 1916 5066 πέν-

342 5098 426 5150 θει
457 5097 512 5150 δὲ
543 5093 599 5152 τδ
627 5099 917 5168 σύνταγμα
951 5096 1020 5170 ἦν
1051 5101 1163 5154 τῶν
1197 5099 1428 5164 πιστῶν,
1453 5103 1514 5154 τὸ
1550 5101 1626 5171 μὴ
1653 5099 1915 5155 δύνασθαι

342 5188 610 5260 κρύπτειν
662 5189 838 5244 ταῦτα
873 5195 936 5262 τῇ
967 5194 1038 5262 γῇ
1065 5208 1081 5224 ο
1115 5191 1237 5244 οὕτε
1267 5180 1377 5264 γὰρ
1409 5193 1444 5263 ἡ
1474 5191 1572 5258 νὺξ
1602 5192 1917 5264 καθυπούρ-

307 5284 449 5350 ’γει,
503 5281 626 5335 οὔτε
684 5282 890 5354 χρυσίῳ
947 5285 1231 5352 μετελθεῖν
1277 5280 1368 5355 ἦν.
1423 5283 1610 5354 Πολλῴ
1647 5301 1710 5352 γε
1763 5288 1914 5354 μεῖον

340 5375 526 5427 ἔπειθε
575 5375 796 5445 δέησις·
851 5377 1042 5444 κέρδος
1095 5376 1206 5444 γὰρ
1261 5379 1494 5440 ἐκείνοις
1526 5377 1589 5429 τὺ
1621 5366 1916 5446 κράτιστον

341 5464 616 5531 ἐλογίζετο
649 5468 708 5518 τί)
744 5463 820 5536 μὴ
851 5468 1027 5532 ταφῆς
1054 5467 1300 5528 ἐκείνους
1327 5471 1532 5537 τυχεῖν.
1577 5487 1595 5518 ι
1636 5470 1762 5523 Ἐπὶ
1794 5471 1918 5520 τού-

343 5571 459 5618 τοις
491 5557 524 5624 ὴ
563 5557 831 5626 εἰρημένη
860 5557 1111 5626 διήγησις
1146 5558 1298 5626 ἔλεγε
1323 5575 1338 5590 ο
1373 5577 1392 5610 ι
1439 5559 1520 5612 Τὰ
1555 5559 1655 5628 μὲν
1679 5558 1771 5612 οὖν
1811 5557 1916 5610 σώ-

349 5663 495 5716 ματα
534 5645 643 5700 τῶν
673 5647 850 5715 ἁγίων
880 5649 1128 5714 ἐκείνων,
1166 5651 1438 5714 παντοίως
1474 5650 1914 5720 παραδειγματι-

347 5735 542 5790 σθέντα
585 5740 680 5793 καὶ
713 5739 1110 5811 αίθριασθέντα
1137 5741 1231 5794 ἐπὶ
1261 5743 1474 5814 ἡμέρας
1505 5741 1583 5808 ἒξ,
1617 5743 1914 5812 μετέπειτα

347 5829 548 5886 καέντα
585 5832 680 5886 καὶ
713 5831 1081 5888 αῖθαλωθὲντα
1129 5835 1234 5887 ﬁni)
1283 5837 1392 5889 τῶν
1446 5837 1685 5906 ἀνόμων,
1719 5838 1914 5904 κατερ-

2018 4641 2278 4694 libertate
2303 4638 2586 4708 praeditus,
2611 4647 2668 4690 et
2691 4635 3010 4706 apostolicae
3029 4634 3218 4704 gratiae
3239 4650 3348 4687 non
3373 4649 3620 4703 expers.-

2015 4728 2236 4784 Etenim
2275 4725 2539 4782 tribunali
2573 4726 2864 4787 assistens.
2897 4740 2962 4780 ac
2999 4734 3136 4778 nutu
3185 4734 3456 4794 martyres
3497 4737 3594 4784 co-

2019 4823 2270 4882 hortalis.
2310 4818 2694 4888 deprehensus
2726 4826 2784 4871 et
2825 4803 2944 4887 ipse
2977 4827 3063 4872 est
3091 4815 3261 4870 veluti
3291 4816 3598 4881 certamina

2017 4913 2312 4984 parturire.
2345 4911 2536 4980 Itaque
2564 4909 2738 4980 iudici
2773 4908 3009 4970 delatus,
3051 4918 3107 4963 et
3139 4909 3334 4976 capitis
3365 4909 3594 4963 damnae

2018 5015 2107 5060 tus
2145 5019 2253 5060 una
2301 5019 2427 5059 cum
2474 5002 2681 5068 Attalo,
2719 5002 3028 5057 bestiarum
3070 5001 3278 5055 feritati
3326 5010 3412 5056 est
3444 5001 3604 5070 obje:

2017 5108 2158 5154 ctus.
2194 5098 2299 5153 Sed
2329 5113 2452 5152 cum
2485 5097 2626 5152 nihil
2656 5095 2875 5150 adversi
2909 5095 2977 5149 ab
3007 5096 3089 5150 eis
3121 5095 3448 5156 sensissent.
3474 5095 3602 5162 plus

2019 5193 2170 5245 ribus
2213 5191 2460 5246 defuncti
2503 5188 2922 5253 certaminibus,
2973 5198 3254 5258 postremo
3297 5199 3354 5242 et
3393 5186 3499 5255 ipsi
3533 5193 3596 5245 ut

2016 5283 2256 5337 victimae
2293 5293 2423 5336 sunt
2449 5282 2576 5337 caesi
2615 5295 2630 5334 :
2666 5281 2980 5336 Alexander
3008 5281 3258 5350 quidem,
3289 5280 3430 5336 nihil
3462 5294 3598 5348 pro-1

2016 5375 2232 5430 locutus
2286 5391 2301 5429 :
2348 5375 2565 5432 Attalus
2615 5385 2841 5441 autem,
2894 5389 3019 5428 cum
3079 5373 3136 5428 in
3185 5372 3371 5437 ferreo
3426 5371 3592 5426 sedili

2020 5477 2304 5534 ureretur,
2345 5469 2618 5538 nidorque
2647 5469 2717 5523 ab
2749 5483 2816 5522 eo
2872 5467 3136 5536 prodiret,
3195 5465 3330 5523 illud
3380 5474 3594 5523 tantum

2019 5561 2264 5616 Romana
2299 5563 2482 5631 lingua
2528 5561 2789 5631 praefatus
2831 5577 2846 5614 :
2884 5559 2961 5614 En
3012 5559 3119 5615 hoc
3151 5560 3330 5629 ipsum
3373 5568 3458 5615 est
3489 5559 3594 5612 hu-

2019 5669 2177 5708 tnana
2211 5652 2360 5707 vesci
2387 5668 2575 5718 carne,
2601 5651 2749 5722 quod
2781 5667 2878 5706 vos
2921 5651 3136 5716 facitis;
3183 5667 3286 5705 nos
3326 5665 3460 5705 vero
3489 5665 3593 5704 neq

2018 5760 2126 5814 que
2159 5745 2416 5798 homines
2447 5758 2727 5809 voramus,
2758 5761 2936 5816 neque
2972 5753 3236 5816 praeterea
3271 5743 3398 5796 mali
3426 5740 3591 5812 quid-

2019 5851 2182 5906 quam
2216 5834 2463 5906 ljacimus.
2506 5833 2872 5906 Interrogatus
2911 5839 3096 5901 etiam,
3131 5833 3275 5905 quod
3315 5833 3410 5892 Dcl
3438 5841 3589 5890 esset
