4032 6418
439 382 573 444 1023

1630 389 2073 451 .NlCEPlIORl
2121 395 2472 453 CALLlSTl

3557 393 3694 456 1025

440 511 678 562 noun-n,
732 499 1037 561 resnondil,
1091 499 1233 554 Deus
1286 515 1487 554 nomen
1536 517 1648 556 non
1695 502 1898 564 habet.
1951 514 2008 560 ιιι

2121 510 2284 580 ῥάνοη
2323 512 2404 572 εἰς
2440 508 2532 561 τὸν
2577 508 2826 562 Ῥοδανὸν
2891 508 3137 576 ποταμὸν
3195 506 3423 578 πλησίον
3480 511 3694 581 παραρ-

443 585 631 640 homo.
682 588 812 640 Post
851 587 952 642 hos
998 603 1212 650 omnes,
1253 588 1449 641 ultimo
1489 590 1856 666 gladiatorum
1901 594 2013 660 die,

443 692 568 728 cum
606 675 834 729 Pontico
871 691 1040 745 puero
1069 679 1382 748 quindecim
1405 681 1628 735 circiter
1656 698 1832 738 annos
1863 701 2013 749 na'o,

445 779 708 834 gerierosa
755 765 1018 820 Blandina
1063 775 1145 820 est
1185 768 1473 836 producta.
1508 769 1548 822 li
1588 785 1684 838 per
1721 772 2014 828 simulacra

445 857 671 908 ιιι-οιυιιι
711 857 897 925 jurare
951 857 1133 924 jussi,
1193 875 1302 913 non
1362 875 1620 928 paruere.
1673 862 2018 932 Quapropter

447 945 815 998 multitudinis
870 947 1068 1000 anim's
1124 948 1390 1004 adversus
1433 966 1528 1005 eos
1578 951 1844 1018 eﬂ‘eiatis,
1894 971 1991 1022 per

445 1038 630 1090 multis
657 1047 782 1091 sunt
825 1042 1128 1094 excruciati
1164 1043 1476 1098 tormentis.
1526 1043 1586 1098 Et
1627 1060 1764 1113 puer
1792 1045 2016 1114 quidem

444 1130 731 1197 suppliciis
778 1133 945 1184 tantis
989 1133 1211 1190 cedens.
1250 1135 1487 1188 reddidit
1533 1135 1812 1201 Spiritum.
1859 1137 2021 1190 Blan-

444 1224 573 1277 dina
609 1239 740 1275 vero
769 1233 1068 1293 postrema,
1096 1227 1262 1279 veluti
1298 1237 1472 1280 mater
1501 1243 1787 1295 generosa,
1819 1230 2017 1292 excita,

444 1331 565 1382 qum
598 1316 802 1368 liberos
843 1317 1084 1370 victores
1125 1317 1190 1370 ad
1233 1335 1411 1383 regem
1448 1336 1606 1372 suum
1648 1321 2018 1388 pramtisisset,

448 1408 744 1461 chtinabat
773 1419 826 1462 et
855 1409 972 1477 ipsa
1009 1426 1105 1478 per
1138 1419 1369 1464 mortem
1403 1414 1703 1476 exsultans,
1746 1413 1913 1466 veluti
1951 1415 2017 1468 ad

446 1499 692 1560 nuptiale
720 1499 1032 1552 convivium
1061 1539 1075 1561 ,
1121 1510 1175 1552 et
1207 1516 1310 1551 non
1355 1504 1418 1554 ad
1463 1500 1789 1566 bestiarum,
1819 1505 2022 1572 quibus

448 1589 763 1657 objuienda
793 1601 928 1648 erat,
979 1592 1388 1645 lacerationem.
1439 1592 1626 1661 Itaque
1676 1605 1794 1663 post
1828 1593 2016 1663 ﬂagra,

448 1695 569 1750 post
610 1683 832 1745 bestias,
875 1693 998 1753 post
1044 1685 1308 1748 ahenum,
1355 1686 1421 1738 ad
1479 1686 1731 1740 ultiinum
1791 1691 2023 1744 reticulo

2119 601 2334 667 ῥέοντα,
2367 603 2518 664 ὅπως
2578 601 2713 672 μηδὲ
2767 600 3020 669 λείψανον
3052 601 3233 653 αὐτῶν
3287 601 3552 670 φαίνηται
3595 602 3693 654 ἐπὶ

2115 693 2216 760 τῆς
2246 693 2349 760 γῆς
2378 692 2478 747 ἔτι.
2514 693 2623 746 Καὶ
2654 692 2830 747 ταῦτα
2859 693 3148 762 ἔπραττον,
3176 691 3252 754 ὠς
3285 693 3575 760 δυνάμενοι
3615 711 3697 744 νι-

2118 785 2285 852 κῆσαι
2307 785 2464 851 Θεὸν,
2481 786 2574 838 καὶ
2592 785 2888 852 ἀφελέσθαι
2911 784 3091 838 αὐτῶν
3112 785 3211 856 τὴν
3231 785 3656 850 παλιγγενεσίπν
3677 803 3692 816 ·

2119 877 2223 942 ἵνα,
2252 877 2326 938 ὡς
2361 877 2544 946 ελεγον
2575 879 2798 940 ἐκεῖνοι,
2836 876 2970 946 μηδὲ
3013 877 3203 930 ἐλπίδα
3229 877 3425 946 ἔχωσιν
3459 876 3694 928 ἀναστάο

2120 987 2280 1033 σεως,
2311 970 2396 1038 ἐφ’
2484 969 2826 1032 πεποιθότες,
2860 969 3018 1038 ξένην
3056 967 3178 1021 τινὰ
3209 970 3303 1020 καὶ
3332 968 3526 1035 καινὴν
3549 967 3698 1020 εἰσά-

2119 1076 2310 1128 γουσιν
2341 1062 2474 1129 ἡμῖν
2525 1060 2846 1130 θρησκείαν,
2879 1061 2974 1112 καὶ
3010 1057 3418 1126 καταφρονοῦσι
3449 1058 3560 1109 τῶν
3587 1058 3700 1110 δει-

2120 1149 2250 1210 νῶν,
2279 1149 2492 1218 ἕτοιμοι
2525 1150 2667 1219 μετά
2717 1153 2894 1219 χαρᾶς
2940 1149 3032 1202 ἐπὶ
3063 1149 3155 1202 τὸν
3187 1149 3414 1200 θάνατον
3440 1149 3693 1218 ἥκοντες.

2119 1238 2235 1290 Νῦν
2271 1238 2471 1304 ἴδωμεν
2508 1240 2556 1291 si
2583 1240 3004 1311 ἀναστήσονται,
3039 1240 3132 1293 καὶ
3159 1241 3205 1290 εἰ
3235 1238 3459 1291 δύναται
3495 1237 3699 1308 βοηθῆ-

2124 1345 2214 1380 σαι
2252 1330 2440 1392 αὐτοῖς
2473 1330 2501 1382 ὁ
2533 1331 2667 1391 Θεὸς
2697 1332 2898 1394 αὐτῶν,
2924 1331 3016 1384 καὶ
3050 1331 3326 1394 ἐξελέσθαι
3357 1333 3419 1382 ὲκ
3446 1331 3554 1382 τῶν
3584 1347 3699 1398 χει-

2125 1420 2235 1488 ρῶν
2265 1421 2444 1488 ἡμῶν.
2491 1438 2509 1472 ι
2562 1422 2750 1474 Ταῦτα
2787 1424 2884 1492 μὲν
2916 1423 2947 1492 ἡ
2983 1423 3171 1491 γραφὴ
3203 1437 3216 1448 ’
3247 1422 3416 1473 εἰκότι
3449 1421 3504 1473 δὲ
3535 1422 3700 1474 συνάο

2122 1525 2320 1576 γοντας
2373 1510 2620 1581 λογισμῷ
2671 1513 3180 1580 καταστοχάζεσθαι
3219 1513 3453 1581 πάρεστι
3501 1514 3592 1564 καὶ
3627 1512 3696 1563 τὰ

2123 1600 2180 1651 ἐν
2211 1605 2332 1663 ταῖς
2365 1602 2578 1666 λοιπαῖς
2607 1604 2906 1672 ὲπκρχίαις
2936 1603 3301 1671 γεγενημένα,
3338 1607 3428 1654 καὶ
3459 1603 3571 1655 ὅσοι
3601 1619 3700 1672 τη·-

2125 1692 2310 1746 νικάδε
2348 1695 2628 1765 μάρτυρες
2664 1695 2950 1765 ἀνεδείχθη
2963 1713 3078 1748 σαν.

447 1774 678 1839 inclusa,
712 1787 868 1830 tauro
899 1778 1098 1845 agresti
1135 1786 1190 1831 et
1210 1779 1381 1832 feroci
1413 1787 1496 1834 est
1526 1780 1740 1849 objecta
1773 1799 1788 1834 :
1817 1792 1872 1838 ct
1893 1798 2017 1836 cum
2060 1785 2152 1838 diu
2187 1786 2534 1856 multumque
2567 1805 2595 1841 a
2631 1788 2814 1842 bellua
2845 1803 2907 1841 ea
2933 1796 3081 1842 esset
3101 1789 3321 1857 jactata,
3367 1786 3579 1839 tandem
3642 1795 3697 1839 et

446 1868 560 1936 ipsa
594 1882 677 1926 est
707 1875 1445 1946 manilestissimejugulata.
1487 1877 1658 1946 Cujus
1691 1889 1897 1933 tantum
1964 1879 2220 1936 dcmirati
2296 1881 2679 1939 fortitudinem
2714 1883 3100 1938 immanissimi
3172 1884 3246 1937 illi
3292 1892 3692 1952 persecutores,

445 1966 589 2020 haud
624 1985 862 2037 unquam
907 1971 1048 2040 apud
1085 1988 1180 2026 eos
1231 1972 1401 2026 visam
1453 1990 1574 2028 esse
1649 1976 1938 2030 mulierem
2010 1987 2090 2032 tot
2127 1989 2184 2034 et
2234 1988 2383 2034 tanta
2439 1981 2708 2050 supplicia
2757 1982 2993 2051 perpeti,
3049 1981 3229 2035 testati
3281 1991 3427 2036 sunt.
3483 1980 3574 2033 llis
3623 1979 3693 2032 ita

447 2066 708 2132 peractis,
746 2065 932 2121 denuo
972 2069 1369 2122 eontuuicliosa
1419 2071 1895 2138 iniquissimorum
1929 2073 2213 2129 hominum
2286 2075 2486 2145 injuria
2517 2077 2712 2132 sati-ire
2745 2078 2797 2130 in
2861 2088 3158 2147 martyrum
3221 2091 3448 2145 corpora
3511 2076 3694 2142 cmpit.

447 2157 604 2220 Quod
640 2173 874 2226 namque
920 2159 989 2214 ab
1023 2161 1130 2215 illis
1161 2153 1648 2230 essent‘superati,
1680 2163 1838 2233 311
1877 2164 1927 2216 id
1994 2165 2050 2219 in
2091 2169 2354 2236 majorem
2379 2168 2557 2222 evasit
2587 2167 2746 2221 iram.
2773 2168 3007 2222 Proinde
3033 2177 3089 2223 et
3115 2183 3210 2223 eos
3237 2169 3331 2239 qui
3365 2169 3416 2221 in
3478 2181 3695 2221 carcere

450 2263 681 2306 mortem
732 2254 1006 2321 obierant,
1049 2267 1102 2311 et
1146 2273 1242 2310 eos
1281 2258 1371 2326 qui
1419 2259 1584 2313 variis
1634 2269 1688 2312 et
1729 2261 2020 2328 exquisitis
2057 2263 2344 2333 suppliciis
2405 2263 2706 2318 excruciati
2738 2263 2976 2330 fuerant,
3013 2281 3081 2320 ne
3114 2264 3237 2334 quis
3265 2277 3456 2318 eorum
3519 2260 3698 2331 sepul-

449 2361 588 2403 turae
619 2349 885 2406 honorem
921 2354 1238 2418 sortiretur,
1276 2372 1479 2408 canum
1552 2359 1840 2410 nocturnis
1880 2359 2044 2412 simul
2082 2371 2138 2413 et
2209 2360 2424 2416 diurnis
2469 2359 2817 2414 tradiderunt
2864 2361 3156 2418 custodiis.
3202 2362 3470 2416 Phi-terea
3517 2379 3635 2431 qum
3664 2377 3694 2414 a

447 2449 746 2502 bestiarum
795 2449 1012 2504 feritate
1058 2461 1112 2503 et
1157 2451 1298 2518 ignis
1341 2452 1601 2506 violentia
1639 2454 2023 2520 superfuerant
2063 2456 2346 2524 reliquias,
2406 2455 2773 2510 comminutas
2837 2455 2957 2510 illas
2975 2467 3031 2510 et
3059 2456 3112 2510 in
3139 2457 3408 2512 carbones
3428 2455 3692 2516 redactas,
3737 2494 3748 2502 .

445 2542 622 2610 capita
678 2557 897 2612 quoque
943 2555 998 2598 et
1050 2556 1448 2600 resectamenia
1503 2563 1694 2599 eorum
1747 2563 1846 2616 per
1891 2548 2011 2603 dies
2051 2549 2238 2618 plures
2278 2549 2606 2603 asservanda
2679 2549 2999 2619 diligentius
3047 2549 3301 2604 militaris
3371 2563 3562 2603 manus
3600 2563 3690 2600 ex-

445 2637 626 2691 cubiis
660 2639 1013 2692 mandarunt.
1046 2641 1122 2694 Ae
1156 2641 1307 2710 impii
1357 2643 1562 2696 milites
1597 2643 1795 2709 partim
1841 2643 2098 2698 dentibus
2159 2645 2212 2698 in
2241 2660 2339 2698 eos
2399 2645 2726 2708 stridebant,
2766 2651 2823 2696 ut
2854 2658 2950 2713 per
3003 2643 3246 2698 furorem
3315 2641 3690 2696 defunctorum

446 2745 668 2798 quoque
710 2731 960 2800 reliquiis
996 2733 1365 2787 insultarent:
1407 2734 1604 2800 partim
1673 2734 1725 2786 ia
1793 2734 2094 2788 ludibrium
2135 2734 2400 2788 cadavera
2451 2731 2763 2788 vertebant.
2812 2732 2866 2788 Si
2902 2732 2996 2801 qui
3045 2747 3175 2787 vero
3226 2731 3544 2785 viderentur
3574 2744 3693 2782 esse

446 2823 571 2874 aliis
620 2821 914 2889 aequiores,
970 2823 1258 2890 probrose,
1294 2822 1387 2875 ubi
1433 2824 1576 2878 Deus
1649 2839 1840 2876 eorum
1884 2834 2051 2890 esset,
2093 2826 2296 2895 quidve
2343 2826 2453 2880 illis
2501 2825 2694 2896 religio
2743 2839 2958 2891 eorum,
3037 2824 3126 2878 cui
3175 2824 3386 2878 animas
3420 2821 3522 2893 ipsi
3569 2836 3694 2875 suas

450 2913 1252 2983 posthabuissent,prodesset,
1277 2916 1652 2986 requirebant.
1701 2917 1846 2971 Grex
1905 2926 2091 2970 autem
2135 2918 2378 2972 ﬁdelium
2428 2917 2482 2971 in
2539 2933 2736 2987 magno
2775 2916 2880 2972 fuit
2932 2931 3172 2972 maerore
3223 2925 3278 2971 et
3324 2915 3498 2978 luctu,
3552 2911 3692 2983 Quod

453 3009 684 3064 humare
738 3020 1038 3080 martyrum
1097 3013 1362 3064 cadavera
1415 3027 1521 3064 non
1568 3012 1781 3066 liceret.
1841 3012 2027 3082 Neque
2065 3013 2214 3068 enim
2284 3013 2348 3067 ad
2389 3013 2494 3068 hoc
2557 3013 2640 3070 eis
2669 3030 2773 3067 nox
2807 3013 3036 3083 profuit,
3080 3029 3259 3084 neque
3288 3029 3420 3067 auro
3447 3027 3509 3067 ea
3549 3009 3692 3065 redi.

450 3122 599 3160 mere
630 3114 972 3176 potuerunt:
1008 3105 1212 3161 nedum
1253 3105 1511 3173 precibus
1543 3107 1688 3162 ullus
1714 3108 1866 3162 locus
1897 3118 2045 3163 esset
2087 3109 2229 3177 apud
2270 3123 2388 3170 eos,
2425 3109 2627 3178 quibus
2694 3109 2748 3164 id
2784 3111 3080 3164 maximum
3126 3109 3339 3162 lucrum
3378 3115 3462 3160 est
3492 3105 3690 3167 visum,

424 3197 492 3251 'si
553 3195 642 3250 illa
698 3199 978 3267 sepultura
1033 3208 1310 3252 carerent.
1362 3216 1381 3250 ι
1432 3197 1546 3252 Sub
1591 3197 1707 3252 haec
1761 3201 2022 3264 narratio,
2065 3215 2230 3269 quam
2264 3199 2529 3266 diximus,
2560 3199 2762 3256 infert:
2801 3219 2819 3252 ι
2851 3201 3036 3269 Itaque
3091 3216 3318 3270 corpora
3383 3204 3694 3254 sanctorum

449 3290 665 3345 illorum
695 3293 844 3347 omni
889 3309 1091 3364 genere
1133 3293 1360 3348 ludibrii
1403 3304 1458 3348 et
1507 3295 1692 3364 probri
1743 3294 2014 3362 traducta,
2056 3306 2112 3352 ct
2179 3313 2274 3352 sex
2317 3297 2514 3351 diebus
2591 3297 2694 3352 sub
2727 3298 3064 3368 diojactata,
3103 3307 3288 3368 postea
3337 3305 3517 3350 autem
3546 3310 3696 3350 com-

445 3381 606 3436 busta
651 3393 816 3453 atque
848 3384 901 3437 in
971 3383 1189 3438 eineres
1237 3385 1480 3452 redacta,
1549 3387 1618 3440 ab
1690 3387 1894 3454 iniquis
1938 3387 2256 3444 hominibus
2310 3389 2366 3443 in
2414 3389 2743 3443 Rhodanum
2801 3389 3027 3443 fluvium
3079 3390 3153 3444 ibi
3216 3389 3694 3460 pmicrlabentem

447 3488 576 3534 sunt
608 3497 822 3550 sparsa,
859 3495 919 3536 ut
951 3481 1089 3535 nihil
1123 3499 1349 3552 prorsus
1392 3499 1582 3538 eorum
1623 3482 1674 3538 in
1746 3483 1911 3538 terris
1987 3485 2226 3553 amplius
2286 3494 2433 3540 esset
2472 3485 2766 3555 reliquum.
2803 3483 2866 3538 Et
2891 3484 2997 3538 hoc
3029 3484 3110 3539 sic
3136 3483 3407 3548 fecerunt,
3472 3482 3700 3552 perinde

447 3580 614 3639 atque
658 3574 825 3626 Deum
857 3573 1174 3640 devincere,
1205 3585 1299 3628 aut
1333 3578 1806 3646 regenerationem
1835 3589 2028 3628 eorum
2068 3575 2375 3646 pra‘pedire
2443 3585 2669 3646 possent
2707 3593 2719 3630 :
2780 3583 2841 3628 ut
2871 3590 2939 3629 ne
2972 3591 3134 3644 quam
3180 3575 3280 3645 (sic
3312 3574 3388 3628 illi
3424 3573 3698 3642 dicebant)

445 3664 874 3718 resurrectionis
939 3680 1092 3733 spem
1144 3667 1402 3734 habeant,
1457 3685 1563 3738 qua
1626 3669 1726 3737 ipsi
1779 3667 2024 3729 adducti,
2069 3671 2412 3739 pcregrinam
2484 3669 2644 3724 nobis
2684 3678 2738 3722 et
2780 3683 2977 3722 novam
3049 3667 3317 3722 inducunt
3359 3667 3698 3734 religionem,

442 3765 502 3812 et
523 3757 658 3812 dura
681 3759 987 3826 acerbaque
1013 3762 1198 3817 omnia
1227 3762 1561 3831 despiciunt,
1590 3763 1826 3831 prompti
1898 3777 2122 3830 prorsus
2183 3773 2238 3816 et
2302 3762 2477 3832 parati
2511 3778 2634 3816 cum
2667 3761 2866 3831 gaudio
2900 3761 3052 3816 adire
3085 3773 3337 3815 mortem.
3403 3763 3697 3816 Videamus

443 3870 614 3920 nunc,
661 3871 730 3909 an
775 3857 888 3910 sint
919 3859 1311 3922 resurrecturi,
1342 3869 1399 3914 et
1429 3861 1473 3915 si
1517 3869 1698 3929 potest
1737 3862 1816 3912 eis
1882 3872 2043 3926 opem
2085 3858 2231 3912 ferre
2275 3859 2418 3914 Deus
2488 3873 2708 3924 eorum,
2756 3865 2812 3912 et
2843 3872 2876 3912 e
2922 3859 3175 3911 manibus
3219 3857 3424 3912 nostris
3456 3873 3552 3914 eos
3586 3858 3698 3911 eii-

444 3965 598 4019 pere.
681 3969 700 4001 ι
751 3951 930 4020 Atque
988 3951 1103 4008 haec
1155 3954 1378 4022 quidem
1435 3956 1866 4008 commentarius
1919 3955 2010 4009 ille
2053 3953 2242 4008 refert.
2303 3952 2472 4009 Facili
2545 3962 2730 4007 autem
2798 3953 3116 4023 conjectura
3162 3961 3220 4007 et
3292 3951 3504 4006 ratione
3566 3966 3698 4004 con-

442 4043 686 4098 venienti
723 4045 979 4115 colligere
1009 4047 1156 4111 licet,
1192 4063 1314 4116 qua:
1347 4050 1400 4102 in
1433 4048 1660 4117 reliquis
1730 4051 1894 4104 etiam
1959 4047 2261 4118 provinciis
2289 4047 2400 4102 sint
2429 4055 2570 4111 acta,
2594 4055 2871 4116 quantave
2913 4057 3026 4102 tum
3069 4053 3371 4116 martyrum
3420 4043 3699 4100 exstiterit

447 4137 656 4205 ubique
686 4137 1004 4194 multitudo.

913 4229 1073 4328 31'2
1101 4258 1328 4314 CAPUT
1369 4260 1560 4317 xvm.

445 4349 632 4416 Qualis
656 4353 783 4405 visio
813 4352 991 4406 Attalo
1015 4355 1584 4423 martyriapparuerit,
1613 4361 1827 4423 prapter
1847 4355 2017 4408 alium

517 4433 824 4492 martyrem,
881 4425 971 4492 qui
1021 4426 1211 4476 durant
1265 4427 1418 4478 nimis
1467 4436 1512 4477 et
1545 4435 1816 4478 austeram
1855 4426 2017 4478 vitam

513 4495 766 4566 urgebat:
811 4503 858 4566 et
884 4503 940 4545 ut
973 4493 1165 4566 Christi
1208 4505 1468 4562 martyres
1498 4494 1652 4563 facile
1683 4494 1849 4566 lapsis
1883 4511 2010 4565 gra-

514 4564 646 4616 tiam
681 4565 898 4630 [eccriut
919 4601 934 4626 ,
967 4565 1280 4633 veniamque
1313 4568 1696 4618 concesserint.

2720 4250 2974 4305 ΚΕΦΑΛ.
3008 4247 3116 4304 lH'.

2131 4345 2238 4404 Οἷα
2265 4345 2346 4414 τῷ
2368 4347 2622 4416 μάρτυρι
2664 4345 2719 4403 Ἀ
2732 4343 2926 4408 ττάιιῳ
2960 4345 3211 4412 γέγονεν
3231 4343 3550 4416 ἐπιφάνεια
3599 4345 3700 4401 διὰ

2195 4420 2304 4472 τὸν
2331 4414 2436 4471 τὸν
2451 4414 2759 4485 αὐχμηρῶν·
2769 4417 3210 4481 μετερχόμενον
3235 4415 3382 4485 ,βίον
3404 4414 3696 4483 μάρτυραο

2195 4489 2276 4554 ὠς
2307 4487 2404 4542 καὶ
2433 4486 2557 4550 τοῖς
2574 4484 3066 4554 asprata-armarium
3099 4484 3468 4552 συγγνώμην
3487 4488 3540 4539 οι
3571 4488 3700 4553 XM-

2193 4559 2346 4613 στυῦ
2373 4558 2672 4628 μάρτυρες
2704 4553 2956 4610 ἔδοσαν.

513 4674 573 4728 In
627 4675 1024 4728 commentario
1077 4692 1144 4729 eo
1185 4676 1332 4731 aliud
1389 4679 1648 4747 quiddam
1707 4689 2010 4734 memoratu

2143 4731 2148 4735 _
2188 4673 2268 4742 Τῇ
2297 4670 2342 4724 δ’
2375 4670 2649 4741 εἰρημένῃ
2681 4670 2869 4736 γραφῇ
2909 4672 3003 4718 καὶ
3036 4667 3166 4720 ἄλλο
3195 4683 3248 4718 τι
3291 4670 3512 4737 μνήμης
3550 4669 3700 4733 ἄξιον

441 4767 666 4837 tignum
704 4767 962 4831 traditur,
999 4769 1143 4837 quod
1177 4770 1242 4821 ad
1280 4772 1576 4824 multorum
1611 4772 1928 4837 utilitatem,
1961 4773 2008 4827 si

443 4861 688 4916 hzstoria':
729 4861 859 4916 huc
908 4863 1284 4924 inseruissem,
1319 4865 1545 4918 minime
1591 4865 1643 4918 id
1679 4865 2012 4920 invidiosum

444 4951 578 5006 mihi
639 4953 754 5006 fore
808 4953 960 5007 duxi.
1006 4973 1026 5006 ι
1076 4956 1389 5011 Alcibiades
1437 4956 1661 5026 quidam
1717 4967 2016 5026 martyrum

443 5047 617 5099 choro
655 5047 947 5115 ascriptus,
991 5061 1264 5103 austeram
1308 5050 1468 5118 plane
1503 5058 1559 5102 et
1593 5049 1786 5102 duram
1819 5049 2017 5117 agebat

441 5137 633 5199 vitam,
681 5145 736 5191 ct
783 5137 900 5191 solo
932 5153 1072 5206 pane
1108 5149 1162 5193 et
1204 5156 1345 5207 aqua
1381 5139 1662 5204 victitans,
1713 5153 1743 5192 a
1797 5141 2012 5196 caeteris

439 5226 580 5281 cibis
611 5227 870 5283 o.unibus
922 5229 1256 5284 abstinebat.
1305 5230 1476 5296 Quem
1527 5245 1733 5284 morem
1782 5245 1908 5286 cum
1957 5231 2012 5286 in

2114 4766 2438 4835 ἱστορεῖται,
2456 4763 2485 4816 ὃ
2505 4764 2583 4825 sl;
2606 4761 2821 4814 πολλῶν
2843 4761 3110 4828 ὼψέλειαν
3129 4760 3473 4831 παραθέσθαι
3491 4765 3553 4832 τῇ
3575 4778 3698 4830 ενγ-

2123 4863 2308 4932 γραφῇ
2327 4861 2503 4924 οὐδεὶς
2535 4859 2602 4914 ἂν
2625 4858 2901 4928 ἐγγένοιτο
2924 4857 3136 4926 φθόνος.
3175 4877 3194 4910 ι
3226 4858 3566 4926 Ἀλκιϐιάδης
3591 4861 3698 4930 γάρ

2121 4972 2204 5015 τι;
2243 4953 2303 5018 ἐξ
2337 4953 2518 5006 αὐτῶν
2555 4956 2621 5023 τῇ
2669 4954 2983 5022 μαρτυρικῇ
3023 4950 3450 5018 κατειλεγμένος
3486 4954 3696 5022 χορείᾳ,

2119 5046 2406 5116 αὐχμηρὸν
2432 5045 2572 5099 πάνυ
2606 5050 2697 5099 καὶ
2731 5048 2968 5114 σκληρὸν
2995 5046 3109 5117 βίον
3133 5047 3442 5115 μετήρχετο
3469 5063 3478 5073 ·
3509 5045 3602 5096 καὶ
3639 5044 3696 5096 τὸ

2119 5137 2220 5206 ζῇν
2249 5140 2306 5190 ὲν
2329 5141 2479 5209 ἄρτῳ
2511 5139 2658 5210 μόνῳ
2695 5139 2790 5191 κιὶ
2827 5138 2981 5191 ὕδατι
3004 5137 3309 5203 διασὼζωι,
3371 5137 3480 5191 τῶν
3519 5138 3694 5192 ἄλλων

2121 5232 2342 5285 πάντων
2374 5233 2656 5302 ἀπείχετο.
2708 5231 2861 5283 Ἐπεὶ
2899 5231 2954 5282 δὲ
2995 5233 3087 5283 καὶ
3121 5233 3180 5283 ἐν
3215 5234 3278 5300 τῇ
3333 5231 3526 5300 εἱρκτῇ
3557 5229 3695 5282 οὕτω

439 5335 665 5374 carcere
701 5335 920 5390 quoque
967 5336 1194 5376 servare
1231 5331 1505 5392 pergeret,
1564 5322 1770 5384 Attalo,
1826 5325 1920 5392 qui
1962 5335 2015 5378 et

2123 5327 2384 5392 ἐπειρᾶτο
2413 5325 2642 5392 διάγειν,
2697 5323 2938 5394 Ἀττάλῳ
2961 5323 3320 5394 ἀπεκαλύφθη
3344 5323 3420 5393 τῷ
3461 5325 3696 5392 μάρτυρι

437 5408 554 5477 ipse
593 5421 717 5480 post
754 5413 991 5480 primum
1023 5412 1235 5467 obitum
1283 5423 1565 5466 certamen
1613 5429 1682 5468 co
1729 5413 2018 5485 conjectus

437 5501 638 5568 fuerat,
687 5519 774 5558 res
809 5521 872 5559 ea
908 5516 991 5559 eat
1023 5507 1286 5560 revelata.
1327 5505 1377 5558 ls
1414 5521 1582 5577 porro
1616 5507 1772 5562 illum
1819 5510 2016 5562 admo-

436 5591 580 5656 nuit,
616 5611 723 5647 non
765 5605 913 5651 recte
957 5597 1160 5660 facere,
1195 5597 1288 5667 qui
1325 5599 1598 5652 creaturis
1627 5598 1721 5653 Dei
1755 5613 1865 5652 non
1901 5609 2020 5654 utc-

441 5692 616 5748 rctur,
641 5695 696 5738 et
725 5689 914 5742 multis
945 5689 1258 5759 exemplum
1302 5689 1546 5743 scandali
1585 5700 1749 5760 atque
1779 5690 2015 5746 offendi-

442 5774 551 5826 culi
627 5776 803 5833 fieret.
879 5780 1118 5836 Proinde
1185 5782 1498 5837 Alcibiades
1565 5781 1795 5851 posthac
1864 5783 2018 5837 nullo

2129 5416 2270 5486 μετὰ
2301 5418 2392 5468 τὸν
2435 5419 2652 5484 πρῶτον
2693 5415 2881 5484 ἀγῶνα
2940 5418 3032 5467 καὶ
3096 5413 3244 5484 αὑτῷ
3295 5413 3692 5482 καθειργμένῳ,

2124 5508 2199 5571 ὡς
2231 5509 2292 5562 αὐ
2318 5510 2502 5572 καλῶς
2544 5509 2724 5577 ποιοῐη
2777 5507 3140 5574 Ἀλκιϐιάδης,
3171 5507 3246 5578 μὴ
3273 5507 3550 5576 χρώμενος
3585 5512 3694 5566 τοῖς

2123 5601 2509 5668 κτίσμασιτοῦ
2532 5601 2691 5666 Θεοῦ,
2743 5599 2836 5654 καὶ
2899 5597 3112 5662 πολλοῖς
3171 5598 3338 5660 τύπος
3405 5595 3692 5649 σκανδάλου

2127 5693 2434 5761 γινόμενος.
2465 5691 2748 5745 Ἐντεῦθεν
2767 5690 3014 5753 πεισθεὶς
3046 5693 3074 5744 ὀ
3107 5689 3472 5756 Ἀλκιϐιάδης.
3506 5686 3696 5748 ἀίδην

2129 5784 2349 5838 πάντων
2387 5784 2524 5855 πλὴν
2553 5785 2651 5837 οὐκ
2675 5786 2755 5849 si;
2785 5783 3102 5855 πλησμονὴν
3138 5783 3517 5851 μετελάμϐανε
3550 5793 3564 5807 ⁸
3606 5783 3696 5833 καὶ
