4032 6430
347 467 485 530 19925

1273 465 1880 526 ECtILESIASl‘lCrE
1925 465 2318 526 HISTORle
2358 467 2506 529 LIB.
2550 469 2646 529 IV.

3458 438 3593 542 ποετ

341 583 418 652 τῷ
451 580 570 650 Θεῷ
609 578 838 649 χάριτας
886 577 998 649 ᾔδει
1059 576 1114 630 τὸ
1157 569 1424 646 ἔλλειμμα
1488 578 1913 646 περιστείλαντι.

2023 579 2384 646 discrimine,
2447 596 2612 637 onme
2669 597 2841 651 genus
2897 585 3044 650 cibi,
3097 586 3231 642 citra
3283 591 3588 648 satietatem

341 675 420 727 Οὐ
464 673 571 742 γὰρ
605 669 998 723 ἁνεπίσκεπτοι
1041 669 1263 738 χάριτος
1298 665 1438 739 ἦσαν
1470 667 1604 720 Θεοῦ
1628 685 1643 700 ’
1676 668 1809 720 ἀλλὰ
1856 669 1917 720 τὸ

345 765 570 834 Πνεῦμα
607 762 668 815 τὸ
726 762 878 828 ἅγιον
943 755 1010 832 ἦν
1070 761 1252 823 αὐτοῖς
1306 763 1479 814 πάντα
1545 760 1917 828 συμϐουλεῦον

343 853 437 904 καὶ
470 851 818 922 μεθαρμόζον
845 849 982 920 πρὸς
1005 849 1064 901 τὸ
1089 851 1471 921 χρηστότερον.
1510 869 1529 902 ι
1573 852 1700 920 Περὶ
1736 851 1789 901 δὲ
1818 850 1914 903 τοῦ

343 943 618 1007 ἐπιεικοῦς
643 944 736 996 καὶ
769 941 1154 1011 φιλανθρώπου
1185 943 1364 994 αὐτῶν
1395 942 1622 996 τοιαῦτα
1667 945 1702 1014 ή
1742 945 1916 1014 προρ-

343 1037 576 1108 ρηθεῖσα
623 1034 877 1102 διέξεισιν
927 1035 1138 1104 ἱστορία
1163 1050 1178 1064 ⁸
1223 1051 1243 1086 t
1281 1036 1345 1088 Οἳ
1381 1035 1476 1090 καὶ
1533 1037 1626 1088 ἐπὶ
1664 1036 1916 1090 τοσοῦτον

339 1126 580 1198 ζηλωταὶ
612 1127 706 1179 καὶ
741 1125 978 1195 μιμηταὶ
1035 1123 1290 1192 γεγόνασι
1325 1123 1420 1178 τοῦ
1460 1125 1726 1194 Χριστοῦ,
1774 1125 1914 1179 ὥστε

337 1221 396 1270 ἐν
421 1221 486 1287 τῇ
527 1216 755 1290 τοιαύτῃ
786 1215 912 1285 δόξῃ
948 1215 1308 1282 ὑπάρχοντες,
1341 1215 1436 1268 καλ⁵
1463 1214 1560 1285 οὐχ
1595 1211 1742 1278 ἅπαξ
1774 1213 1914 1266 ἀλλὰ

337 1309 432 1380 και
462 1307 726 1372 πολλάκις
769 1306 1246 1376 μαρτυρήσαντες,
1273 1307 1369 1358 καὶ
1405 1307 1473 1359 τὰ
1511 1307 1789 1374 στίγματα
1819 1304 1912 1358 τοῦ

337 1397 577 1468 Χριστοῦ
605 1397 1000 1468 περικείμενοι,
1023 1394 1136 1448 οὔτ’
1165 1396 1316 1448 αὐτοὶ
1349 1395 1637 1465 μάρτυρας
1687 1395 1913 1458 ἑαυτοὺς

337 1490 728 1558 ἁνεκήρυττον,
773 1487 898 1542 οὔτε
952 1487 1058 1558 μὴν
1098 1489 1230 1556 ἡμῖν
1279 1487 1582 1556 ἐπέτρεπον
1617 1487 1794 1556 τούτῳ
1834 1484 1912 1556 τῷ

336 1576 560 1645 ὀνόματι
611 1575 1045 1646 προσαγορεύειν
1093 1573 1314 1636 αὐτούς.
1391 1573 1532 1626 Ἀλλ’
1581 1573 1636 1624 εἴ
1661 1573 1790 1625 ποτέ
1830 1589 1913 1636 τις

333 1665 496 1736 ἡμῶν
529 1664 597 1717 δι’
631 1664 927 1734 ἐπιστολῆς
958 1663 991 1734 ἢ
1027 1663 1116 1716 διὰ
1167 1663 1327 1730 λόγου
1365 1662 1651 1733 μάρτυρας
1713 1661 1912 1723 αὐτοὺς

336 1760 625 1827 προσεῖπε,
664 1755 878 1824 πικρῶς
905 1755 1274 1825 ἐπέπλησσον,
1332 1755 1504 1826 ἡδέως
1537 1755 1637 1824 τήν
1664 1771 1724 1807 τε
1767 1769 1910 1824 μαρ-

335 1847 529 1915 τυρίας
575 1845 956 1916 προσηγορίαν
1025 1845 1484 1916 παραχωροῦντες
1543 1839 1765 1912 Χριστῷ
1831 1841 1910 1910 τῷ

2023 676 2224 733 tamen,
2276 673 2423 741 cepit
2460 691 2473 726 :
2507 684 2559 727 et
2595 675 2796 744 gratias
2846 675 2956 730 Deo
3001 679 3140 742 egit,
3201 682 3294 750 qui
3341 684 3483 750 quod
3537 683 3587 738 ei

2020 762 2328 829 defuisset,
2384 765 2457 819 ita
2509 767 2860 834 exlilevisset.
2919 769 3142 825 Minime
3200 788 3437 840 namque
3488 791 3590 829 suo

2019 851 2312 908 destitutos
2343 854 2540 908 obtutu
2590 858 2886 926 reliquerat
2917 861 3091 930 gratia
3127 862 3244 926 Dei,
3277 865 3369 917 sed
3412 865 3586 934 Spirio

2021 952 2106 998 tus
2135 956 2358 1000 sanctus
2402 957 2670 1002 eratcum
2718 952 2822 1014 eis,
2867 953 3052 1008 omnia
3098 957 3392 1011 consulens
3425 968 3589 1026 atque

2019 1035 2264 1106 dirigens
2322 1038 2374 1092 in
2433 1041 2647 1094 melius.
2702 1061 2720 1092 ι
2779 1043 2850 1097 De
2905 1047 3228 1099 enrumdem
3285 1057 3585 1117 martyrum

2015 1129 2278 1196 aequitate
2312 1138 2478 1198 atque
2531 1131 2868 1188 humanitate
2902 1137 3174 1204 scriptura
3203 1151 3264 1190 ea
3299 1155 3464 1206 quam
3500 1139 3586 1191 di-

2016 1218 2218 1283 ximus,
2271 1223 2396 1276 talia
2441 1234 2710 1278 memorat
2753 1226 2827 1295 (l)
2866 1243 2880 1278 :
2921 1244 2939 1276 t
2977 1227 3032 1278 ln
3075 1235 3282 1281 tantum
3330 1229 3589 1283 videlicet

2015 1315 2364 1370 aemulatores
2410 1317 2578 1372 fuisse
2629 1318 2756 1373 Jesu
2803 1317 3038 1379 Christi,
3077 1327 3137 1373 ut
3169 1335 3291 1374 cum
3340 1323 3390 1374 in
3437 1330 3587 1376 tanta

2015 1416 2200 1459 essent
2224 1407 2424 1476 gloria,
2459 1409 2768 1478 saepiusque
2807 1409 3052 1478 martyrii
3082 1425 3309 1480 agonem
3342 1411 3584 1477 obirent,

2011 1494 2328 1567 Christique
2371 1499 2507 1552 adeo
2537 1499 2789 1569 stigmata
2821 1501 3264 1568 circumferrem,
3291 1519 3470 1570 neque
3521 1519 3580 1558 se

2015 1588 2118 1659 ipsi
2157 1601 2429 1660 martyres
2459 1603 2741 1653 vocarent.
2777 1608 2957 1662 neque
3002 1593 3162 1649 nobis
3203 1595 3586 1664 permitterent

2017 1689 2076 1735 ut
2124 1695 2219 1734 eos
2267 1681 2490 1736 nomine
2539 1697 2603 1736 eo
2655 1685 3131 1752 compellaremus.
3179 1685 3332 1751 Quod
3377 1689 3420 1742 si
3464 1688 3588 1756 quis

2015 1780 2266 1827 nostrum
2294 1773 2380 1827 vel
2412 1776 2464 1828 in
2494 1774 2764 1843 epistolis,
2801 1776 2884 1830 vel
2917 1777 2970 1829 in
3001 1779 3355 1832 sermonibus
3383 1789 3590 1849 marty-

2016 1879 2104 1919 res
2153 1879 2250 1919 eos
2294 1867 2659 1933 nominasset,
2707 1869 2890 1922 acrius
2937 1868 2990 1922 id
3045 1870 3525 1938 reprehendebant
3568 1891 3583 1927 :

334 1939 577 2011 ἀληθινῷ
607 1941 699 1992 καὶ
755 1937 932 2008 πιστῷ
993 1939 1250 2007 μάρτυρι,
1301 1939 1393 1991 καὶ
1437 1937 1766 2006 πρωτοτόκῳ
1803 1935 1913 1990 τῶν

2017 1955 2358 2024 perlibenter
2387 1955 2636 2026 martyrii
2675 1935 3391 2026 appellationem—cedentes
3424 1958 3588 2013 Chri-

336 2033 570 2102 νεκρῶν,
605 2034 696 2086 καὶ
725 2031 954 2103 ἀρχηγῷ
976 2031 1074 2098 τῆς
1100 2031 1244 2100 ζωῆς
1273 2032 1366 2084 τοῦ
1389 2029 1546 2083 Θεοῦ.
1573 2047 1592 2080 ›
1633 2028 1909 2096 Ἐπιλέγει

336 2116 424 2187 δὲ,
453 2143 472 2176 t
525 2125 612 2186 Ὠς
649 2125 748 2176 καὶ
779 2124 886 2174 τῶν
925 2122 1321 2174 τελειωθέντων
1373 2122 1682 2191 ἐμέμνηντο
1711 2121 1908 2172 ἐκεῖνοι

341 2218 640 2286 μάρτυρες,
715 2213 810 2277 οὓς
858 2212 1095 2283 Χριστὸς
1163 2213 1299 2280 πρὸς
1367 2213 1560 2264 ἑαυτὸν
1615 2209 1908 2262 εἵλκυσεν·

339 2309 499 2377 ἡμεῖς
527 2308 580 2360 δὲ
606 2306 818 2376 μέτριοι
853 2309 947 2358 καὶ
999 2304 1300 2373 οὐδαμινοί.
1352 2303 1460 2354 Καὶ
1521 2302 1686 2370 εὐχάς
1747 2301 1909 2371 ᾔτουν

273 2451 280 2456 ,
335 2395 478 2450 ὥστε
515 2399 610 2448 καὶ⁵
635 2397 833 2459 αὐτοὺς
887 2396 980 2448 τὸν
1034 2397 1150 2447 ῐσον
1198 2390 1360 2445 ἆθλον
1395 2391 1754 2461 διαδραμεῖν·
1815 2389 1911 2441 καὶ

335 2490 434 2560 τὴν
467 2489 565 2558 μὲν
585 2488 816 2557 δύναμιν
843 2487 942 2558 τῆς
978 2485 1286 2556 μαρτυρίας
1325 2484 1472 2552 ἔργῳ
1511 2483 1712 2554 πολλὴν
1767 2485 1912 2553 παρ-

337 2581 535 2652 ρησίαν
578 2581 804 2648 ἄγοντες
844 2576 1224 2631 ἐπεδείκνυντο
1258 2591 1274 2607 ο
1325 2575 1671 2645 παρῃτοῦντο
1718 2574 1777 2626 δὲ
1829 2576 1909 2626 ἔτι

245 2724 247 2726 .
333 2677 435 2740 τὴν
474 2673 870 2743 προσηγορίαν,
912 2671 1062 2741 φόϐῳ
1115 2670 1272 2731 Θεοῦ,
1331 2670 1436 2721 ὑπὸ
1487 2669 1588 2737 τὴν
1641 2667 1910 2736 κραταιὰν

334 2763 498 2817 αὐτοῦ
523 2759 939 2834 ταπεινούμενοι
955 2764 1133 2830 χεῖρα,
1159 2757 1247 2826 ὑφ’
1267 2753 1332 2828 ἧς
1365 2757 1564 2820 ἱκανῶς
1589 2755 1909 2824 sesequi.

335 2857 444 2908 Καὶ
471 2854 840 2923 ἀπελογοῦντο
873 2853 974 2922 μὲν
1016 2851 1172 2913 πᾶσι,
1209 2848 1556 2917 κατηγόρουν
1587 2847 1642 2899 δὲ
1673 2847 1908 2906 ουδενός⁴

338 2950 447 3001 Καὶ
477 2948 634 3001 ἔλυον
673 2946 775 3017 μὲν
825 2947 1057 3008 πάντας,
1108 2945 1370 3012 ὲδέσμουν
1411 2942 1468 2995 δὲ
1520 2939 1734 2995 οὐδένα.
1800 2939 1911 2990 Καὶ

341 3039 482 3110 ὑπὲρ
505 3043 616 3092 τῶν
649 3039 708 3091 ιν
735 3037 928 3100 δεινοῖς
977 3035 1327 3112 διατιθέντων
1378 3034 1578 3095 αὐτοὺς
1635 3030 1868 3102 ηὔχοντο
1893 3047 1908 3062 ·

335 3135 474 3200 ὅπερ
504 3131 568 3202 δὴ
597 3134 692 3185 καὶ
725 3131 993 3200 Στέφανος
1023 3129 1310 3200 πρότερον.
1338 3144 1358 3178 ι
1391 3128 1500 3180 Καὶ
1527 3126 1690 3179 πάλιν
1719 3127 1912 3188 αὐταῖς

2012 2055 2120 2109 sto,
2167 2063 2300 2102 vero
2347 2055 2403 2102 et
2450 2047 2596 2102 fideli
2637 2048 2864 2118 martyri
2899 2059 3060 2118 atque
3107 2050 3254 2115 testi,
3292 2050 3585 2120 eidemque

2012 2138 2381 2208 primogenito
2427 2152 2495 2191 ex
2547 2138 2801 2200 mortuis,
2844 2151 2900 2192 et
2948 2138 3076 2193 duci
3124 2139 3415 2208 autorique
3464 2139 3588 2194 vita:

2012 2228 2147 2284 Deo.
2187 2228 2356 2282 Addit
2397 2237 2663 2297 praeterea
2713 2229 2872 2296 illud,
2903 2230 3050 2298 quod
3097 2229 3264 2284 etiam
3295 2230 3586 2285 defuncto-

2013 2335 2134 2373 rum
2187 2322 2512 2376 memoriam
2569 2321 2902 2376 celebrarint
2953 2339 2967 2375 :
3025 2323 3150 2377 illos
3198 2323 3411 2378 scilicet
3463 2340 3588 2378 esse

2014 2423 2306 2484 martyres,
2331 2429 2468 2478 quos
2497 2412 2754 2468 Christus
2779 2415 2844 2469 ad
2879 2431 2937 2469 sc
2975 2416 3232 2470 traxisset
3263 2434 3276 2481 ;
3311 2432 3368 2471 se
3397 2427 3582 2471 autem

2012 2505 2150 2558 viles
2179 2521 2322 2568 esse,
2361 2515 2418 2560 ct
2456 2505 2664 2560 nullius
2705 2507 2783 2560 rei
2821 2507 3073 2562 homines
3133 2508 3402 2566 dicentes.
3445 2512 3584 2562 Ora-

2015 2597 2192 2650 tiones
2235 2613 2454 2666 quoque
2499 2612 2599 2666 pro
2643 2613 2702 2652 se
2752 2597 2869 2652 fieri
2915 2601 3210 2666 petierunt,
3259 2607 3404 2653 utet
3450 2599 3586 2670 ipsis

2010 2689 2312 2742 certamine
2344 2691 2460 2758 pari
2490 2705 2613 2744 cum
2643 2691 2804 2745 laude
2836 2691 3054 2762 defungi
3081 2691 3296 2748 liceret.
3324 2691 3426 2758 Qui
3455 2707 3581 2746 cum

2012 2778 2266 2831 libertate
2300 2781 2470 2834 multa
2501 2779 2646 2844 freti,
2681 2781 2845 2835 rebus
2877 2781 3010 2850 ipsis
3047 2782 3295 2852 martyrii
3327 2785 3586 2838 virtutem

2013 2878 2358 2936 praestarent,
2387 2884 2586 2923 nomen
2641 2879 2821 2922 tamen
2882 2880 3010 2926 sunt
3038 2873 3315 2940 deprecati
3343 2889 3357 2925 :
3389 2871 3588 2929 timore

2015 2959 2106 3012 Dei
2141 2961 2241 3013 sub
2275 2960 2482 3028 potenti
2515 2975 2676 3013 manu
2709 2962 2828 3030 ejus
2859 2962 3128 3016 humiliati
3157 2962 3225 3027 ⁵⁸,
3248 2979 3277 3016 a
3313 2980 3418 3034 qua
3453 2965 3587 3020 sazis

2015 3051 2212 3107 deinde
2255 3062 2384 3106 sunt
2417 3053 2662 3108 exaltati.
2703 3053 2769 3106 Et
2803 3055 2905 3122 ipsi
2953 3054 3175 3123 quidem
3217 3056 3586 3111 defenderunt

2013 3159 2224 3208 omnes,
2267 3155 2593 3198 accnsarunt
2631 3155 2815 3200 autem
2852 3148 3154 3201 neminem.
3196 3147 3358 3217 313
3390 3148 3584 3204 Solve-

333 3225 512 3292 λέξεσι
556 3225 676 3296 μετ’
724 3224 878 3292 ὀλίγα
941 3223 1109 3294 φησὶν
1167 3224 1200 3292 ἡ
1255 3222 1481 3290 γραφή·
1525 3218 1744 3324 codro;
1801 3221 1908 3324 ys?

2016 3245 2144 3288 runt
2181 3235 2370 3289 itidem
2403 3251 2620 3299 omnes,
2656 3237 2895 3305 ligarunt
2927 3239 3203 3292 neminem
3243 3257 3254 3291 :
3289 3251 3454 3309 atque
3482 3254 3583 3308 pro

339 3318 596 3386 μέγιστος
623 3315 811 3377 αὐτοῖς
855 3313 993 3384 πρὸς
1025 3311 1190 3366 αὐτὸν
1221 3312 1250 3364 ὁ
1281 3311 1518 3377 πόλεμος
1556 3307 1774 3374 ἐγένετο
1820 3307 1907 3359 διὰ

333 3412 396 3464 τὸ
417 3411 642 3479 γνήσιον
679 3407 774 3475 τῆς
803 3398 1046 3472 ἁγάπῆς,
1085 3404 1171 3454 ἵνα
1211 3398 1568 3468 ἀποπνιχθεὶς
1588 3402 1616 3450 ὁ
1661 3397 1786 3466 θὴρ,
1817 3395 1911 3458 οὓς

335 3503 601 3572 πρότερον
628 3498 767 3570 ᾤετο
819 3495 1307 3556 καταπεπωκέναι,
1358 3491 1568 3556 ζῶντας
1625 3489 1862 3560 ἐξεμέσῃ
1891 3501 1905 3514 '

338 3592 400 3646 οὐ
415 3595 524 3660 γὰρ
549 3591 636 3642 έλα
647 3590 742 3643 ϐον
765 3589 1028 3658 καύχημα
1051 3584 1193 3639 κατὰ
1215 3584 1325 3638 τῶν
1353 3581 1721 3634 πεπτωκότων
1751 3595 1765 3610 ο
1791 3575 1908 3630 ἀλλ’

341 3685 398 3739 ὲν
429 3678 512 3744 οἷς
564 3678 897 3744 ἐπλεόναζον
950 3677 1128 3742 αὐτοὶ,
1176 3675 1333 3730 τοῦτο
1379 3677 1494 3736 τοῖς
1546 3673 1909 3741 ὲνδεεστέροις

337 3773 638 3842 ἐπήρκουν,
697 3771 943 3842 μητρικὰ
991 3767 1274 3837 σπλάγχνα
1321 3766 1558 3836 ἔχοντες,
1592 3763 1688 3817 καὶ
1739 3761 1912 3814 πολλὰ

335 3867 467 3936 περὶ
499 3865 678 3918 αὐτῶν
717 3866 1002 3933 ἐκχέοντες
1057 3861 1270 3929 δάκρυα
1319 3858 1458 3928 πρὸς
1509 3857 1600 3910 τὸν
1665 3855 1906 3926 Πατέρα.

335 3957 493 4028 Ζωὴν
521 3959 813 4030 ᾐτήσαντο,
854 3957 948 4009 καὶ
979 3953 1179 4006 ἔδωκεν
1213 3953 1422 4016 αὐτοῖς,
1453 3950 1522 4021 ἢν
1553 3950 1650 4003 καὶ
1681 3966 1912 4018 συνεμε-

339 4051 560 4120 ρίσαντο
583 4053 695 4114 τοῖς
754 4049 982 4118 πλησίον
1012 4065 1028 4082 ο
1061 4048 1156 4100 καὶ
1195 4047 1395 4108 πάντες
1449 4045 1735 4114 νικηφόροι
1773 4043 1912 4114 πρὸς

335 4143 428 4196 τὸν
452 4142 587 4195 Θεὸν
613 4142 958 4204 ἀπελθόντες,
998 4139 1223 4210 εἰρήνην
1250 4137 1637 4206 ἀγαπήσαντες
1675 4137 1784 4200 ἀεὶ,
1816 4135 1912 4188 καὶ

336 4235 564 4306 εἰρήνην
589 4236 722 4303 ήμίν
743 4233 1258 4304 παρεγγυήσαντες,
1289 4228 1408 4298 μετ’
1437 4227 1658 4298 εἰρήνης
1697 4226 1912 4298 ἐχώρη-

339 4345 440 4379 σαν
471 4327 608 4398 πρὸς
639 4327 728 4380 τὸν
759 4326 916 4387 Θεὸν,
956 4325 1032 4395 μὴ
1069 4323 1461 4384 καταλιπόντες
1507 4321 1668 4374 πόνον
1697 4323 1765 4390 τῇ
1809 4339 1912 4390 μη-

337 4421 451 4490 τρὶ,
486 4419 622 4490 μηδὲ
650 4420 843 4474 στάσιν
873 4419 966 4471 καὶ
1018 4418 1256 4486 πόλεμον
1291 4417 1404 4478 τοῖς
1442 4413 1719 4481 ἀδελφοῖς,
1777 4413 1912 4467 ἀλλὰ

336 4517 535 4584 χαρὰν,
561 4515 808 4584 εἰρήνην,
837 4514 930 4565 καὶ
961 4511 1211 4577 ὁμόνοιαν
1267 4509 1355 4561 καὶ
1389 4509 1633 4576 ἀγάπην.
1667 4523 1685 4556 ι
1726 4504 1913 4560 Ταῦτα

337 4607 397 4665 δὲ
465 4609 790 4680 παρεθέμην
853 4605 953 4674 τῆς
1007 4603 1116 4656 τῶν
1175 4601 1698 4672 παραπεπτωκότων
1752 4601 1914 4670 χάριν
1946 4594 1989 4649 D

340 4701 576 4772 στοργῆς
628 4700 738 4753 τῶν
778 4697 1064 4768 μακαρίων
1099 4695 1327 4766 ἀνδρῶν,
1385 4693 1486 4760 τῆς
1540 4691 1913 4763 ἀπανθρώπου

340 4793 435 4845 καὶ
454 4790 717 4861 άνηλεοῦς
739 4791 901 4844 ἕνεκα
934 4787 1229 4848 διαθέσεως
1245 4786 1364 4840 τῶν
1396 4785 1536 4854 μετὰ
1558 4784 1734 4840 ταῦτα
1759 4785 1915 4856 άφει-

335 4886 441 4951 δῶς
474 4890 585 4948 τοῖς
614 4886 853 4954 Χριστοῦ
879 4881 1067 4952 μέλεσι
1117 4881 1664 4950 προσενηνεγμένων,
1691 4879 1800 4934 καὶ
1839 4877 1914 4948 μὴ

335 4984 396 5032 τὸ
430 4979 709 5049 συμπαθὲς
739 4977 814 5040 ὡς
847 4975 1232 5047 προσηκόντως
1284 4973 1746 5041 προϐεϐλημένων
1779 4986 1792 5000 ο
1823 4970 1918 5022 καὶ

337 5073 422 5127 ἵνα
453 5074 528 5142 μὴ
552 5072 650 5142 τὴν
680 5071 855 5140 ὀφρὺν
880 5071 1109 5139 αἴροιεν,
1150 5069 1199 5119 εί
1223 5066 1317 5120 καί
1343 5083 1397 5120 τι
1453 5064 1590 5126 τέως
1623 5063 1917 5134 κατωρθω-

335 5168 491 5225 κότες
519 5161 683 5220 εἰσίν.
715 5162 854 5232 Ἤδη
877 5161 935 5213 δὲ
989 5162 1084 5213 καὶ
1135 5159 1243 5212 τῶν
1309 5155 1454 5228 ἀμφὶ
1505 5155 1785 5209 Μοντανδν
1819 5153 1915 5206 καὶ

349 5256 696 5326 Ἀλκιϐιάδην
729 5256 825 5310 καὶ
851 5253 1107 5306 Θεόδοτον
1131 5252 1262 5321 περὶ
1291 5248 1510 5318 Φρύγας
1535 5247 1661 5318 ἄρτι
1683 5245 1916 5316 πρώτως

335 5354 437 5420 τὴν
467 5349 562 5402 τοῦ
594 5346 966 5419 προφητεύειν
1005 5344 1276 5416 ὑπόληψιν
1311 5339 1632 5410 ἁπανταχοῦ
1656 5337 1919 5412 θρυλλουο

340 5442 520 5500 μένων
563 5441 778 5511 (εἰσέτι
823 5439 933 5509 γάρ
984 5437 1093 5491 τῶν
1151 5436 1311 5489 θείων
1365 5433 1720 5504 χαρισμάτων
1777 5431 1918 5484 κατὰ

335 5535 630 5604 διαφόρους
659 5534 956 5604 ἐκκλησίας
985 5531 1352 5600 τελουμένων,
1407 5528 1582 5580 ἐδόκει
1616 5527 1729 5588 τοῖς
1788 5525 1918 5577 πολ-

339 5631 448 5692 λοῖς
473 5629 581 5680 τῶν
639 5629 774 5680 ἴσων
805 5627 1120 5696 μετέχειν·
1183 5624 1278 5676 καὶ
1327 5621 1417 5675 διὰ
1472 5619 1666 5673 τούτου
1731 5615 1915 5670 πίστιν

443 5745 491 5778 ⁸⁵
542 5745 740 5800 ll‘etr.
775 5761 828 5812 ν,
861 5745 914 5799 6.

413 5887 489 5957 (l)
525 5887 730 5944 Euseb.
761 5887 861 5942 lib.
892 5901 947 5955 ν,
977 5901 1103 5958 cap.
1137 5883 1194 5938 2.

2012 3328 2093 3380 eis
2121 3326 2212 3395 qui
2252 3342 2310 3379 se
2352 3327 2582 3380 stttumis
2611 3327 2926 3382 aﬂ‘ecissent
2967 3329 3144 3390 malis,
3188 3339 3314 3384 sunt
3347 3332 3582 3399 precati,

2013 3417 2088 3469 ita
2148 3425 2209 3470 ut
2257 3416 2310 3470 id
2369 3426 2530 3470 antea
2576 3417 2784 3472 fecerat
2845 3403 3179 3486 Stephanus.
3239 3438 3257 3470 ι
3310 3421 3584 3492 Deinceps

2013 3513 2276 3580 scriptum
2311 3512 2362 3564 id
2390 3511 2542 3565 bisce
2572 3511 2641 3565 de
2669 3513 2750 3566 eis
2780 3513 2954 3566 utitur
2985 3513 3203 3570 verbis:
3246 3533 3264 3566 ι
3288 3515 3585 3573 Maximum

2011 3602 2122 3655 illis
2158 3601 2360 3654 bellum
2413 3611 2604 3656 contra
2650 3601 3030 3661 adversarium
3091 3605 3217 3669 fuit,
3267 3621 3367 3670 per
3399 3609 3586 3663 eltari-

2013 3693 2143 3746 tatis
2179 3692 2572 3756 sinceritatem,
2612 3701 2672 3746 ut
2704 3693 2884 3746 bellua
2915 3694 3005 3748 illa
3040 3698 3401 3764 strangulata,
3444 3715 3586 3768 quos

2013 3783 2167 3850 prius
2217 3781 2321 3835 sibi
2383 3781 2681 3836 devorasse
2731 3783 3044 3848 videbatur,
3098 3784 3250 3840 vivos
3300 3787 3577 3844 redderet.

2012 3875 2129 3928 Non
2157 3876 2302 3928 enim
2330 3875 2546 3944 gloriati
2573 3889 2704 3930 sunt
2736 3890 2903 3945 super
2931 3877 3366 3946 delinquentium
3425 3896 3578 3942 casis.

2013 3963 2104 4015 sed
2150 3964 2352 4030 quibus
2405 3963 2508 4030 ipsi
2545 3963 2902 4017 abundarunt
2937 3967 3126 4034 gratiis
3173 3977 3230 4021 et
3277 3968 3458 4034 donis,
3513 3977 3584 4026 de

2011 4054 2220 4108 eisdem
2267 4053 2640 4123 indigentibus
2689 4057 3191 4112 communicarunt.
3230 4059 3294 4113 Et
3339 4071 3585 4118 materna

2017 4165 2243 4220 prorsus
2277 4150 2542 4205 habentes
2569 4153 2800 4217 viscera,
2827 4153 3027 4208 multas
3054 4169 3152 4221 pro
3173 4155 3255 4210 eis
3279 4157 3345 4210 ad
3379 4169 3586 4227 patrem

2017 4241 2385 4312 profuderunt
2437 4246 2726 4314 lacrymas.
2768 4245 2946 4299 Vitam
2999 4245 3298 4314 petierunt,
3345 4259 3400 4303 et
3438 4253 3589 4306 dedit

2012 4335 2117 4399 eis,
2168 4349 2332 4402 quam
2386 4336 2654 4402 proximis
2695 4338 2812 4390 suis
2849 4337 3255 4405 impertierunt,
3291 4352 3346 4394 et
3395 4357 3590 4408 omnes

2015 4426 2258 4480 victores
2331 4426 2397 4480 ad
2457 4427 2625 4480 Deum
2691 4427 3053 4482 transierunt.
3114 4429 3306 4484 Pacem
3366 4448 3587 4500 semper

2017 4519 2464 4588 complectentes,
2512 4527 2570 4572 et
2608 4532 2794 4586 pacem
2830 4519 2994 4574 nobis
3020 4522 3494 4586 commendantes,
3531 4525 3588 4579 in

2019 4625 2153 4680 pace
2183 4610 2250 4665 ad
2296 4611 2463 4664 Deum
2496 4621 2904 4678 pervenerunt:
2945 4627 3050 4666 non
3085 4613 3324 4670 laborem
3356 4626 3451 4670 aut
3487 4618 3590 4670 ilo-

2017 4704 2192 4758 lorem
2237 4701 2422 4765 matri,
2455 4717 2636 4771 neque
2671 4702 3000 4758 seditionem
3039 4713 3135 4759 aut
3169 4706 3372 4761 bellum
3405 4710 3594 4764 fratri-

2018 4795 2126 4850 bus
2155 4835 2170 4862 ,
2223 4795 2318 4849 sed
2369 4795 2651 4864 gaudium,
2697 4811 2910 4864 pacem,
2941 4797 3296 4852 concordiam
3325 4809 3381 4854 et
3413 4804 3594 4856 citari-

2021 4896 2189 4942 tatem
2234 4888 2633 4957 relinquentes.
2691 4905 2710 4938 l
2759 4887 2884 4944 Hmc
2934 4889 3159 4955 addidi,
3212 4900 3324 4945 tum
3368 4908 3596 4964 prOptcr

2019 4980 2288 5034 sinceram
2317 4981 2574 5049 piamque
2603 4989 2922 5034 sanctorum
2942 4980 3164 5035 illorum
3187 4985 3431 5038 virorum
3461 5000 3594 5056 erga

2019 5073 2202 5141 lapsos
2230 5072 2580 5126 affectionem
2615 5113 2630 5137 ,
2667 5085 2781 5126 tum
2828 5082 3053 5142 propter
3086 5074 3447 5130 inhumanum
3485 5078 3589 5131 im—

2025 5165 2553 5234 misericordemque
2581 5179 2776 5216 eorum
2826 5165 3094 5230 animum,
3136 5164 3230 5234 qui
3263 5176 3453 5234 postea
3493 5183 3590 5222 su-

2025 5258 2195 5322 perbe
2228 5263 2285 5308 et
2331 5253 2634 5308 crudeliter
2681 5255 2947 5309 membris
2993 5254 3196 5310 Christi
3235 5257 3591 5326 insultarunt,

2023 5347 2344 5416 nullamque
2367 5361 2558 5400 eorum
2585 5361 2684 5416 per
2709 5346 3108 5414 compassionis
3132 5346 3392 5400 virtutem
3421 5349 3596 5403 habu-

2021 5447 2188 5492 erunt
2227 5437 2522 5490 rationem.
2556 5436 2661 5502 Qui
2709 5451 2842 5492 sane
2885 5435 3104 5490 etiamsi
3135 5444 3250 5490 tum
3291 5436 3594 5506 quidquam

2021 5537 2118 5583 aut
2153 5529 2396 5583 ofliciose
2441 5530 2714 5594 fecerunt,
2763 5539 2857 5582 aut
2907 5537 3054 5583 recte
3093 5537 3445 5593 statuerunt,
3485 5547 3594 5586 non

2019 5619 2286 5676 continuo
2325 5630 2507 5676 tamen
2553 5619 2661 5676 sibi
2698 5620 2982 5689 placeant,
3015 5619 3100 5675 vel
3151 5621 3446 5690 supercilia
3483 5622 3595 5676 eri-
