4032 6430
460 487 599 558 Ιϐἳῖ
1695 479 2130 543 NICEPIIORI
2171 475 2519 538 CALLISTI
2828 464 2831 465 ν
3597 464 3757 534 1023

459 612 614 678 μοι.
682 600 955 658 Caeterum
1019 613 1146 655 cum
1222 596 1333 667 jam
1424 603 1542 650 tum
1598 593 1837 665 primum
1890 588 2069 661 apud,

2177 587 2405 658 ;αρεῖχον
2443 586 2520 649 ὡς
2552 584 2984 656 προφητεύουσι)
3010 600 3026 618 ο
3052 582 3349 652 διαφωνίας
3385 583 3563 636 τοίνυν
3610 586 3762 653 περὶ

456 676 703 765 Phryges
738 693 1051 771 Montanus,
1099 700 1155 744 et
1207 686 1545 753 Alcibiades,
1594 695 1651 740 et
1699 684 2043 751 Theodotus,

2177 681 2363 735 ratier
2383 683 2444 734 οὗ
2476 683 2710 748 μετρίας
2733 678 2922 749 οὔσης,
2956 680 3004 732 oi
3038 679 3180 731 κατὰ
3208 677 3306 750 τὴν
3334 677 3565 730 Γαλλίαν
3586 676 3765 731 ἀδελ-

456 786 853 860 pmphetarum
885 769 1205 852 opinionem
1242 780 1447 851 passim
1482 777 1622 833 fama
1657 776 2044 833 obtinuissent

2177 776 2242 828 mi.
2278 774 2379 844 τὴν
2405 773 2616 827 ἑαυτῶν
2643 772 2846 842 εύλασῆ
2872 773 2967 825 καί
2998 770 3280 842 ὀρθὸδοξον
3310 770 3491 842 κρίσιν
3516 769 3763 825 ὑποτάτ-

459 879 630 953 (quod
670 878 818 934 enim
862 892 928 930 ea
954 889 1177 945 quoque
1210 882 1533 943 tempestate
1565 872 1712 925 varia
1760 871 1903 924 dona
1949 870 2046 924 Dei

2182 884 2303 920 ουσι
2333 868 2399 937 τῇ
2438 866 2707 937 εἰρημένῃ
2739 868 2948 935 γραφῇ,
2987 863 3081 918 καί
3115 881 3268 928 τινας
3313 864 3601 934 ἐκθέμενοι
3628 863 3758 915 τῶν

458 975 515 1029 in
558 971 748 1026 multis
793 969 1059 1024 florerent
1100 966 1373 1033 ecclesiis,
1424 965 1611 1020 multis
1644 963 1723 1017 illi
1770 961 1874 1015 visi
1917 967 2047 1013 sunt

2185 958 2556 1029 ιειλημμένων
2609 958 2905 1028 μαρτύρων
2956 955 3271 1022 ἐπιστολὰς,
3312 955 3377 1018 ἃς
3438 954 3762 1025 εμφρουροι

457 1063 855 1119 charismatum
902 1074 1096 1114 eorum
1138 1057 1440 1128 participes
1488 1068 1649 1119 esse,
1700 1050 2049 1122 proindequc

2177 1065 2305 1111 ιντες
2327 1051 2439 1111 τοῖς
2471 1049 2559 1101 ἐπ’
2601 1047 2781 1110 Ἀσίας
2812 1048 2907 1100 καὶ
2939 1047 3181 1116 Φρυγίας
3236 1046 3483 1115 ἀδελφοῖς
3517 1044 3765 1116 διεπέμ-

458 1153 766 1226 prophetiae
811 1152 976 1206 fidem
1023 1150 1324 1219 meruere),
1363 1157 1419 1202 et
1460 1145 1748 1200 sententiae
1789 1140 2053 1211 plurimo-

2177 1140 2332 1209 ἱκαντο
2366 1141 2495 1211 περί
2526 1159 2688 1194 τινων
2719 1140 3195 1211 ἐκκλησιαστικῶν
3229 1141 3599 1210 συζητήσεων.
3631 1136 3761 1191 Καὶ

457 1263 583 1302 rum
614 1247 681 1301 de
720 1246 802 1301 eis
832 1245 1132 1309 variarent,
1180 1244 1275 1314 qui
1317 1242 1371 1295 in
1418 1239 1595 1295 Gallia
1632 1236 1789 1292 fuere
1827 1235 2051 1300 fratres,

2177 1234 2221 1286 :6:
2250 1233 2349 1304 μὲν
2373 1234 2470 1302 τῆς
2505 1233 2564 1299 ἐξ
2639 1233 2873 1299 Ἰταλίας
2913 1234 3133 1305 γραφῆς
3182 1236 3299 1297 τοῖς
3338 1233 3398 1286 ἐν
3455 1232 3612 1304 Ἀσίᾳ
3646 1231 3762 1285 καὶ

458 1340 613 1408 pium
651 1348 976 1407 rectumque
1027 1336 1094 1390 de
1138 1337 1220 1390 eis
1256 1333 1527 1404 judicium
1580 1346 1745 1385 suum
1819 1330 1873 1382 in
1918 1327 2055 1381 scri-

2177 1327 2367 1399 βρυγίᾳ
2398 1330 2455 1380 ἐν
2489 1326 2701 1392 τούτοις
2730 1322 2895 1399 ἦσαν.

458 1440 638 1502 ptum,
684 1432 830 1501 quod
878 1445 1021 1500 saepe
1067 1430 1332 1492 diximus,
1382 1426 1717 1488 retulerunt,
1788 1423 2083 1489 eidemque
2126 1420 2390 1490 quasdam
2426 1436 2620 1476 eorum
2684 1422 2781 1492 qui
2820 1422 3240 1477 commemorati
3275 1429 3406 1476 sunt
3439 1427 3754 1491 martyrum

460 1530 726 1600 epistolas
784 1530 1141 1582 inseruerunt
1172 1565 1186 1589 ,
1246 1540 1386 1594 quas
1439 1522 1513 1576 illi
1570 1537 1636 1576 ex
1699 1519 1939 1573 vinculis
1994 1525 2050 1571 et
2090 1532 2315 1572 carcere
2384 1518 2452 1573 ad
2515 1518 2717 1574 fratres
2747 1519 2804 1574 in
2834 1519 2963 1575 Asia
3008 1531 3062 1576 et
3101 1519 3335 1591 Phrygia
3366 1521 3433 1576 de
3461 1520 3756 1576 nonnullis

461 1622 858 1680 ecclesiasticis
907 1620 1307 1691 qumstionibus
1357 1620 1664 1674 dederunt.
1714 1616 1893 1683 Atque
1937 1612 2053 1667 ham
2093 1612 2315 1681 quidem
2348 1612 2633 1668 hactenus.

954 1736 1121 1807 315
1149 1735 1379 1791 CAPUT
1424 1734 1580 1789 XIX.

466 1829 572 1897 Qui
621 1837 732 1884 tum
775 1830 1021 1899 temporis
1062 1832 1122 1899 in
1169 1826 1387 1881 excelsis
1418 1822 1729 1899 episcopalis
1771 1820 2049 1893 dignitatis

978 1898 1185 1951 sedibus
1215 1898 1527 1950 enituerint.

535 2016 852 2073 Antoninus
878 2014 953 2085 (i)
996 2024 1204 2079 autem,
1243 2011 1371 2067 Veri
1401 2010 1593 2074 frater,
1643 2019 1853 2078 septem
1891 2003 2053 2060 annis

432 2121 524 2185 (et
556 2121 794 2181 quatuor
827 2108 1117 2163 mensibus
1166 2106 1414 2158 Romano
1458 2102 1842 2157 administrate
1879 2098 2055 2166 impe-

467 2205 575 2269 rio,
623 2201 928 2258 Commodo
985 2200 1037 2253 id
1098 2198 1343 2267 reliquit.
1410 2196 1579 2263 Cujus
1636 2194 1854 2248 decimo
1908 2203 2054 2244 anno

468 2296 807 2352 Eleutherus
850 2291 1062 2347 Soteris
1112 2304 1399 2346 successor
1448 2289 1636 2342 Romae
1673 2287 2055 2357 episcOpatum

470 2388 672 2442 tenuit.
696 2385 796 2440 Cui
830 2382 1049 2445 deinde,
1082 2396 1207 2435 cum
1241 2379 1501 2433 tredecim
1529 2379 1841 2449 praefuisset
1860 2389 2054 2440 annos,

469 2481 660 2534 Victor
710 2484 793 2529 est
846 2474 1197 2544 subrogatus.
1250 2473 1348 2526 llic
1376 2471 1683 2526 Ecclesiam
1739 2469 1813 2523 ibi
1863 2469 2056 2522 decem

467 2567 801 2640 gubernavit
850 2565 1031 2640 annis,
1120 2572 1175 2618 et
1258 2577 1637 2617 successorem
1686 2558 2059 2629 Zephyrinum

478 2662 692 2725 habuit,
727 2673 877 2713 nono
896 2639 1137 2726 .imperii
1174 2656 1362 2710 Severi
1394 2671 1560 2709 anno.
1590 2652 1930 2724 Zephyrino,
1964 2650 2057 2720 qui

474 2755 670 2807 decem
726 2761 781 2804 et
833 2759 957 2803 octo
1012 2750 1173 2802 annis
1226 2747 1525 2802 Ecclesiam
1559 2746 1863 2799 Romanam
1894 2743 2060 2805 rexit,

473 2846 740 2900 Callistus
790 2852 876 2896 est
924 2842 1191 2898 suliectus
1237 2857 1249 2893 ε
1292 2840 1386 2909 qui
1434 2855 1556 2893 eam
1604 2838 1852 2908 quinque
1901 2836 2062 2889 annis

475 2937 961 2996 adunnistratam,
1029 2934 1260 2989 Urbano
1325 2930 1630 2986 successori
1698 2927 1943 2996 reliquit.
2002 2925 2063 2977 In

480 3027 850 3082 Alexandrina
886 3024 1135 3078 Ecclesia
1167 3021 1504 3092 Agrippinus
1550 3017 1846 3072 duodecim
1888 3028 2064 3068 annos

476 3123 857 3191 episc0patum
910 3116 1099 3187 gessit.
1158 3115 1222 3169 Ei
1269 3114 1525 3168 Julianus
1585 3110 1853 3165 successit
1905 3126 1920 3163 :
1970 3108 2065 3177 qui

2761 1730 3011 1785 ΚΕΦΑΛ.
3039 1731 3142 1784 ιΘν.

2168 1822 2340 1887 Τίνες
2374 1818 2503 1889 τοῖς
2529 1823 2939 1948 cannensi):
2968 1821 3143 1892 ιερῶν
3163 1826 3392 1891 θρόνων
3418 1822 3759 1892 τηνικαῦτα

2815 1913 2833 1946 ι
2915 1908 3127 1948 canor.

2815 1908 3127 1962 ιεπρεπον.

2247 2011 2564 2073 Ἀντωνῖνος
2611 2010 2669 2063 δὲ
2718 2013 2748 2063 6
2791 2010 2907 2073 υίὸς
2959 2010 3191 2078 Μάρκου
3241 2011 3513 2081 τέσσαρας
3569 2011 3754 2082 μῆνας

2166 2102 2302 2169 πρὸς
2330 2103 2462 2156 δέκα
2489 2103 2823 2172 διαγεγονὼς
2864 2105 2930 2174 τῇ
2974 2103 3227 2175 βασιλείᾳ
3249 2106 3535 2167 ἐνιαυτοῖς,
3571 2105 3758 2175 K0316-

2164 2195 2239 2266 δῳ
2254 2195 2354 2264 τῆς
2388 2197 2564 2266 ἀρχῆς
2582 2197 2936 2263 ὑπεξίσταται
2965 2213 2981 2230 ο
3016 2191 3077 2251 οὗ
3106 2196 3183 2265 τῷ
3206 2197 3420 2266 δεκάτῳ
3447 2200 3547 2267 τῆς
3571 2198 3754 2268 ἀρχῆς

2166 2291 2274 2344 ἔτει
2318 2292 2633 2361 Ἐλεύθερος
2662 2293 2692 2345 6
2723 2293 2862 2361 μετὰ
2893 2292 3123 2363 Σωτῆρα
3152 2294 3253 2364 τῆς
3287 2292 3504 2362 Ῥώμης
3525 2294 3751 2346 amom-

2168 2386 2241 2452 πή
2252 2400 2370 2448 σας,
2392 2385 2487 2452 ἐτη
2514 2383 2645 2437 δέκα
2674 2385 2811 2453 πρὸς
2832 2386 2982 2453 τρισὶ
3004 2384 3490 2455 λελειτουργηκὼς,
3515 2385 3752 2453 Βίκτωρι

2167 2477 2571 2546 καταλιμπάνει
2602 2481 2693 2530 τὸν
2734 2477 2946 2549 θρόνον.
2990 2478 3195 2532 Τούτου
3230 2479 3287 2531 δέ
3336 2480 3437 2548 οὐχ
3494 2474 3654 2551 ἧττον
3716 2480 3750 2548 ἢ

2167 2571 2299 2622 δέκα
2331 2571 2506 2623 ἔτεσιν
2540 2571 2913 2639 ἡγησαμένου,
2956 2573 3255 2640 Ζεφυρῖνος
3287 2572 3530 2642 διάδοχος
3577 2572 3754 2640 ἐγνω-

2173 2662 2373 2733 ρὶζετο,
2430 2662 2675 2732 Σευήρου
2735 2662 2835 2730 τῆς
2918 2662 3197 2732 βασιλείας
3257 2664 3476 2716 ἔννατον
3531 2665 3757 2730 ἄγοντος

2173 2757 2312 2807 Eros.
2345 2754 2499 2807 Μετὰ
2528 2754 2587 2806 δὲ
2619 2753 2809 2809 τοῦτον
2839 2754 3019 2806 ἐτεσιν
3079 2754 3148 2824 ιη’
3182 2755 3609 2825 ὑπουργήσαντα
3661 2754 3758 2808 τὸν

2172 2850 2377 2918 κλῆρον
2434 2847 2538 2915 τῆς
2580 2847 2930 2914 λειτουργίας
2976 2848 3276 2912 Κάλλιστος
3337 2846 3709 2916 ἀνελάμϐανεν
3738 2863 3753 2879 ³

2173 2939 2228 3001 ὃς
2254 2939 2398 2995 ἔτεσι
2434 2941 2595 2989 πέντε
2618 2938 2944 3001 ἐπιϐιώσας,
2978 2938 3245 3007 Οὐρϐανῷ
3279 2940 3379 3009 τὴν
3410 2938 3758 3007 λειτουργίαν

2175 3029 2518 3083 καταλείπει.
2562 3030 2684 3080 Τῶν
2714 3045 2775 3096 γε
2820 3030 2925 3097 μὴν
2960 3028 3080 3081 κατ’
3134 3029 3542 3099 Ἀλεξάνδρειαν
3568 3046 3759 3098 παροι-

2178 3124 2311 3176 κιὼν
2339 3121 2624 3183 Ἰουλιανὸς
2646 3122 2743 3190 τὴν
2767 3122 3078 3192 ἐπισκοπὴν
3102 3121 3493 3193 ἐγχειρίζεται,
3529 3121 3757 3192 Ἀγριπ-

479 3218 673 3272 decem
706 3213 868 3268 anuis
907 3224 1138 3266 munere
1170 3222 1324 3262 sacro
1367 3205 1628 3260 obeundo
1668 3203 1924 3271 expletis,
1959 3202 2064 3255 De-

2177 3216 2334 3267 πίνου
2388 3216 2480 3268 ἐπὶ
2523 3214 2852 3267 δυοκαίδεκα
2898 3216 3043 3267 ἔτεσι
3076 3217 3173 3282 τὴν
3214 3216 3362 3285 ζωὴν
3388 3216 3762 3286 μεταλλάξαν·

486 3312 745 3366 metrium
778 3317 1161 3361 successorem
1198 3300 1407 3369 recepit
1438 3298 1537 3365 (2).
1571 3297 1729 3366 Apud
1765 3296 2067 3349 Antioche-

483 3418 585 3457 nos
618 3384 747 3470 post
782 3396 1163 3457 Maximinum,
1193 3392 1288 3459 qui
1322 3391 1579 3445 undecim
1614 3390 1774 3442 annis
1809 3387 2070 3441 Ecclesia:

451 3496 819 3568 ‘guhcrnator
868 3488 994 3553 luit,
1046 3486 1313 3554 Serapion
1362 3484 1661 3553 episcopus
1708 3491 1928 3535 creatus
1962 3490 2066 3545 est,

481 3598 714 3641 octavus
748 3584 817 3636 ab
859 3579 1129 3650 apostolis
1162 3592 1470 3631 successor.
1504 3575 1608 3641 Qui
1644 3574 1777 3627 satis
1819 3574 1912 3626 diu
1946 3587 2071 3625 cum

474 3680 645 3735 laude
684 3674 943 3730 Ecclesia:
996 3671 1236 3738 maluit,
1278 3681 1335 3723 et
1369 3684 1490 3723 eam
1525 3665 1837 3734 Asclepiadi
1884 3679 2075 3732 regen-

476 3775 610 3828 dam
665 3770 908 3837 reliquit.
972 3767 1192 3820 Eisdem
1252 3762 1592 3832 temporibus
1650 3757 2069 3828 Hierosolymis,

478 3868 545 3921 in
574 3873 765 3918 sancta
790 3863 946 3926 Sion,
969 3858 1153 3912 adhuc
1180 3856 1539 3911 admirandus
1567 3853 1655 3906 ille
1683 3850 1972 3906 Narcissus
1994 3850 2072 3918 (5)

485 3964 841 4012 sacrosancto
867 3953 1193 4019 fungebatur
1219 3964 1469 4011 munere,
1492 3944 1909 4015 quindecimum
1938 3941 2075 3994 obti-

487 4062 629 4102 nens
648 4043 1019 4097 successionis
1040 4042 1277 4101 locum,a
1301 4038 1561 4100 secunda,
1576 4052 1696 4106 qua:
1716 4036 1819 4089 sub
1837 4034 2075 4087 Adriano

479 4140 633 4195 facta
659 4147 764 4199 cst,
790 4136 912 4204 ejus
937 4136 1091 4188 urbis
1114 4132 1402 4187 obsidione
1433 4146 1535 4183 τοι
1559 4145 1689 4197 quo,
1721 4138 1843 4197 post
1870 4143 1965 4180 eos
1981 4126 2075 4194 qui

489 4249 557 4286 ea
599 4227 1143 4285 circumcisione-ibi
1197 4227 1442 4287 fuerunt,
1487 4236 1798 4291 episcopos,
1832 4221 2076 4275 Marcum

484 4326 730 4395 primum
771 4337 838 4375 ex
888 4322 1148 4389 gentibus
1182 4318 1432 4388 regendae
1461 4316 1721 4368 Ecclesia:
1752 4315 2076 4383 praefectum

486 4435 637 4473 esse.
690 4427 851 4469 antea
902 4415 1165 4467 diximus.
1212 4413 1311 4465 Cui
1369 4411 1686 4471 Cassianus,
1743 4407 1905 4461 sicuti
1957 4422 2081 4459 suc-

486 4510 776 4565 cessiones
801 4509 922 4577 ejus
950 4506 1212 4560 Ecclesiae
1248 4502 1493 4566 tradunt,
1519 4512 1603 4554 est
1633 4500 1912 4554 suffectus.
1941 4498 2079 4551 lluic

2175 3326 2289 3371 τος.
2328 3310 2434 3361 Καὶ
2472 3308 2663 3360 τούτου
2690 3308 2746 3360 δέ
2776 3309 3006 3360 δέκατον
3038 3310 3462 3379 ἀποπλήσαντος
3488 3310 3626 3372 ἔτος,
3651 3309 3759 3361 τῶν

2175 3405 2351 3454 ἐκεῖσε
2404 3400 2711 3470 παροικιῶν
2746 3402 2844 3471 τὴν
2890 3401 3043 3453 θείαν
3089 3402 3396 3469 ὑπουργίαν
3444 3402 3760 3471 Δημήτριος

2175 3494 2243 3545 ἀν
2273 3494 2484 3560 δέχετο.
2532 3494 2618 3543 Ἐν
2646 3490 2691 3542 δ’
2736 3492 3038 3562 Ἀντιοχείᾳ
3096 3491 3236 3561 μετὰ
3268 3492 3571 3562 Μαξιμῖνον
3616 3493 3760 3545 ἐνδί-

2175 3602 2342 3637 κατον
2382 3585 2728 3653 ἡγησάμενον
2765 3583 2902 3648 ἔτος,
2941 3585 3226 3653 Σεραπίων
3247 3584 3337 3638 τδν
3359 3586 3459 3654 τῆς
3483 3586 3758 3649 διακονίας

2176 3679 2377 3746 κλῆρον
2411 3676 2737 3744 ἐλάμϐανεν,
2761 3676 2959 3743 ὀγδόην
2991 3675 3131 3746 ἔχων
3161 3677 3268 3730 ἀπὸ
3301 3677 3413 3730 τῶν
3447 3678 3754 3730 ἀποστόλων

2175 3768 2431 3837 διαδοχήν
2467 3784 2480 3798 ·
2514 3771 2608 3820 καὶ
2646 3767 2821 3837 τούτῳ
2854 3767 2899 3819 δ’
2930 3769 3134 3832 ίκανῶς
3283 3770 3600 3841 λειτουργίᾳ
3657 3772 3752 3838 ip.-

2177 3860 2447 3929 πρέψαντι
2491 3856 2899 3927 Ἀσκληπιάδης
2928 3858 3172 3928 διάδοχος
3205 3859 3567 3913 ἀνεδείκνυτοι
3602 3858 3757 3913 Κατά

2175 3954 2232 4006 δὲ
2268 3956 2392 4011 τοὺς
2425 3954 2625 4013 αὐτοὺς
2654 3951 2881 4020 χρόνους
2906 3954 3008 4018 τῆς
3049 3954 3108 4005 ἐν
3177 3952 3533 4023 Ἰερουσαλὴμ
3597 3953 3754 4020 ἁγίας

2180 4045 2318 4097 Σιὼν
2353 4045 2521 4097 είσέτι
2551 4043 2865 4112 Νάρκισσος
2889 4048 2917 4096 6
2943 4044 3249 4114 θαυμάσιος
3287 4045 3385 4114 τὴν
3418 4045 3752 4115 λειτουργίαν

2179 4134 2315 4205 εἶχε,
2355 4137 2613 4204 πέμπτην
2634 4136 2727 4188 καὶ
2763 4135 2998 4205 δεκάτην
3042 4137 3191 4203 ἄγων
3230 4136 3481 4206 διαδοχὴν
3508 4136 3615 4189 ἀπὸ
3660 4137 3756 4205 τῆς

2177 4229 2285 4278 τῶν
2330 4225 2599 4279 Ἰουίαὲων
2636 4224 2779 4279 κατὰ
2820 4226 3101 4295 Ἀδριανὺν
3128 4226 3388 4293 δευτέρας
3414 4226 3752 4298 πολιορκίαςο

2179 4318 2270 4385 ἀρ’
2300 4318 2357 4370 οὗ
2398 4321 2532 4386 μετὰ
2564 4317 2688 4377 τοὺς
2720 4320 2782 4369 ἐκ
2812 4321 3118 4387 περιτομῆς
3144 4319 3476 4381 ἐπισκόπους
3529 4319 3628 4382 τῆς
3658 4320 3755 4370 αὺ-

2181 4410 2296 4463 τὸθι
2352 4407 2646 4475 ἐκκλησίας
2690 4408 2921 4475 Μάρκον
2966 4409 3389 4477 καθηγήσασθαι
3445 4411 3662 4478 πρῶτον
3702 4409 3756 4473 ἐξ

2183 4505 2352 4559 ἐθνῶν
2380 4505 2683 4558 ἐπίσκοπον
2721 4505 3095 4576 ἐδηλώσαμεν.
3124 4507 3278 4559 Μετὰ
3308 4506 3363 4558 δὲ
3400 4506 3583 4560 τοῦτον
3614 4508 3759 4560 Κασ-

482 4611 677 4656 autem
727 4600 988 4661 Publius,
1047 4597 1248 4650 Publio
1297 4595 1584 4659 Maximus,
1633 4594 1869 4660 Maximo
1912 4591 2069 4645 Julia-

2190 4600 2373 4651 σξανὶν
2400 4600 2813 4669 ἐγχειρισθῆναι
2841 4601 2939 4668 τὴν
2974 4599 3319 4666 λειτουργίαν
3344 4601 3401 4651 αί
3436 4600 3544 4651 τῶν
3576 4599 3759 4652 αὐτόθι

490 4716 599 4753 nus
631 4698 755 4768 (4);
806 4696 893 4748 cui
943 4695 1140 4748 ordine
1195 4701 1581 4747 successerunt
1652 4691 1836 4760 Cajus,
1916 4687 2072 4757 Syru-

490 4791 746 4853 xnaclius,
778 4786 945 4855 Cajus
996 4786 1153 4848 alter,
1185 4785 1435 4840 Julianus
1477 4784 1605 4837 item
1650 4783 1808 4846 alter,
1854 4780 2072 4848 Capito,

493 4883 717 4944 Valens,
771 4880 1148 4943 Dolicliianus,
1202 4893 1260 4933 et
1304 4879 1373 4933 ab
1426 4877 1801 4948 apostolorum
1854 4888 2076 4927 succes-

480 4972 654 5026 sione
687 4972 1000 5026 tricesimus
1034 4971 1429 5024 celeberrimus
1468 4969 1779 5022 Narcissus.
1811 4968 2077 5019 Ctesareze

484 5082 665 5136 :porro
717 5066 1019 5119 Palaestina:
1078 5064 1391 5133 episcopale
1456 5078 1655 5114 munus
1711 5069 1826 5113 tum
1886 5057 2077 5111 habuit

492 5159 856 5227 TlttOphilus.
888 5158 1050 5228 315
1106 5157 1165 5210 ln
1198 5157 1406 5211 Gracia
1437 5164 1619 5208 autem
1654 5151 1905 5206 Corinthi
1943 5151 2079 5203 Bac-

482 5251 690 5321 ~cbylus
727 5250 1018 5319 t'pis‘Cupus
1060 5248 1187 5313 fuit,
1233 5246 1435 5316 Ephesi
1480 5261 1612 5300 vero
1648 5245 1982 5313 Polycrates,
2023 5252 2077 5295 et

571 5430 647 5499 (l)
687 5429 755 5482 M.
795 5430 1135 5485 Antoninum
1189 5430 1253 5483 19
1308 5426 1467 5482 annis
1513 5427 1836 5496 imperasse,
1885 5422 2083 5480 scribit

490 5499 704 5554 «Euseb.
741 5502 834 5554 lib.
866 5517 918 5563 v,
955 5518 1076 5570 cap.
1102 5501 1157 5553 9.

575 5573 651 5638 (2)
688 5572 847 5624 Anno
878 5566 1163 5625 Commodi
1192 5586 1228 5622 ι.
1257 5567 1480 5636 (Euseb.
1518 5570 1615 5623 lib.
1648 5584 1703 5631 v,
1743 5582 1863 5635 cap.
1896 5566 1974 5635 9.)

692 5643 746 5693 In
801 5642 1187 5711 persecutione
1237 5635 1339 5693 Sub
1390 5642 1595 5694 Severo
1639 5635 2086 5711 Nat'cisstts_cp_i-

499 5707 709 5781 scapus
730 5707 1261 5781 liiernsolymitanus
1278 5726 1449 5763 annos
1475 5711 1687 5781 aliquot
1717 5723 1767 5759 In
1793 5707 1926 5781 solis
1948 5707 2085 5781 locis

510 5777 689 5833 Patuit.
724 5782 843 5845 Quo
876 5777 1121 5851 tempore
1174 5782 1396 5835 interim
1443 5783 1494 5833 ci
1550 5777 1767 5851 ordine
1795 5777 2082 5851 substituti

503 5859 638 5903 sunt
686 5850 838 5914 DlllS,
888 5847 1263 5913 Gertnanion,
1314 5851 1572 5911 Cordius,
1630 5860 1689 5903 ut
1758 5848 1900 5901 infra
1946 5847 2084 5900 libro

506 5921 732 5986 quinto.
765 5936 886 5993 cap.
922 5924 1007 5989 1'0,
1040 5923 1322 5988 scribitur,
1355 5922 1447 5975 ubi
1476 5922 1579 5976 alia
1621 5921 1786 5989 hujus
1828 5934 2088 5974 secessus

2180 4690 2426 4758 διαδοχαὶ
2479 4690 2845 4760 περιέχουσι·
2896 4688 3167 4743 Πούπλιον
3215 4689 3271 4742 δὲ
3327 4692 3465 4760 μετὰ
3524 4688 3707 4742 τοῦτον
3741 4706 3755 4721 ο

2183 4779 2303 4835 εἶτα
2335 4782 2581 4849 Μάξιμον
2612 4798 2625 4813 ⁶
2658 4784 2755 4835 ἐπὶ
2794 4783 2849 4834 δὲ
2884 4782 3062 4853 τούτῳ
3102 4783 3411 4847 Ἰουλιανον,
3446 4783 3502 4835 ὃλ
3525 4783 3761 4849 διαδέχε-

2182 4892 2274 4927 ται
2330 4875 2485 4937 Γάϊος
2510 4891 2525 4907 ο
2562 4875 2753 4929 τοῦτον
2780 4876 2834 4928 δὲ
2890 4876 3205 4944 Σύμμαχος,
3231 4875 3293 4928 οὗ
3346 4877 3503 4938 Γάϊος
3535 4879 3649 4943 Eas;
3663 4892 3719 4937 ος
3744 4890 3758 4904 ⁶

2184 4966 2275 5019 τὸν
2304 4967 2344 5019 δ’
2369 4965 2527 5029 αὖθις
2580 4968 2739 5031 ἄλλος
2820 4969 3104 5031 Ἰουλιανός
3135 4986 3149 5000 ·
3212 4968 3406 5021 ἔπειτα
3454 4968 3714 5020 Καπίτων
3742 4983 3757 4999 ο

2186 5061 2279 5111 καὶ
2310 5062 2447 5128 μετὰ
2482 5062 2754 5113 Οὐάλεντα
2794 5063 3106 5131 Δολιχιανός
3132 5078 3146 5093 ·
3175 5064 3267 5114 ἐπὶ
3289 5062 3346 5115 δὲ
3386 5063 3597 5125 τούτοις
3634 5065 3760 5114 πᾶσι

2185 5158 2507 5223 τριακοστὸς
2538 5155 2645 5208 άπὸ
2672 5156 2781 5209 τῶν
2842 5158 3153 5210 ἀποστόλων
3185 5160 3247 5211 ἐκ
3279 5158 3531 5226 διαδοχῆς
3553 5159 3580 5209 6
3611 5173 3761 5224 περι-

2187 5248 2380 5316 δὸητος
2409 5249 2733 5316 ὲγνωρίζετο
2761 5250 3098 5317 Νάρκισσος.
3138 5249 3292 5303 Κατὰ
3317 5251 3372 5303 δὲ
3402 5250 3498 5321 τὴν
3543 5252 3598 5301 ἐν
3629 5251 3761 5303 Και-

2190 5430 2421 5484 all‘ertur
2449 5443 2634 5483 causa.
2662 5430 2769 5483 Alii
2801 5438 3055 5484 auctores
3104 5431 3157 5483 in
3192 5427 3299 5483 hoc
3329 5427 3577 5497 catalogo
3606 5424 3761 5493 Sym-

2191 5501 2448 5555 machum
2496 5511 2548 5553 et
2594 5500 2788 5569 Cajum
2839 5501 3075 5553 alterum
3106 5516 3215 5554 non
3251 5508 3555 5552 recensent.
3583 5497 3761 5559 anue

2191 5573 2405 5623 ratione
2477 5568 2803 5634 Narc:s$us,
2867 5586 2989 5624 cum
3060 5586 3090 5624 e
3154 5570 3455 5625 solitudine
3516 5578 3759 5634 reversus

2190 5641 2569 5708 episcopatum
2628 5633 2854 5709 recepit,
2911 5654 2942 5693 a
3001 5640 3181 5694 Marco
3241 5637 3663 5709 quindecimus,
3697 5633 3761 5688 ab

2194 5711 2462 5778 apostolis
2516 5710 2831 5767 tricesimus
2890 5711 3060 5765 fuerit
3098 5708 3497 5781 Hierosolymis
3544 5708 3759 5778 episco-

2192 5796 2318 5850 pus.

2270 5851 2345 5921 (ι)
2380 5850 2484 5906 Alii
2517 5851 2720 5906 Iulium
2761 5851 2982 5906 habent.
