  <div class='ocr_page' id='page_1' title='image "/cluster/home/n/w/nwhite01/storage/ocr_20150623/145:no.1/coo.31924054870500/525.png"; bbox 0 0 4032 6422; ppageno 0'>
   <div class='ocr_carea' id='block_1_1' title="bbox 492 377 627 443">
    <p class='ocr_par' dir='ltr' id='par_1_1' title="bbox 492 377 627 443">
     <span class='ocr_line' id='line_1_1' title="bbox 492 377 627 443; baseline -0.022 0"><span class='ocrx_word' id='word_1_1' title='bbox 492 381 537 443; x_wconf 65' lang='grc' dir='ltr'><strong>Ῑῗ</strong></span> <span class='ocrx_word' id='word_1_2' title='bbox 558 377 627 442; x_wconf 83' lang='grc'><strong>35</strong></span> 
     </span>
    </p>
   </div>
   <div class='ocr_carea' id='block_1_2' title="bbox 1715 373 2527 437">
    <p class='ocr_par' dir='ltr' id='par_1_2' title="bbox 1715 373 2527 437">
     <span class='ocr_line' id='line_1_2' title="bbox 1715 373 2527 437; baseline 0.004 -3"><span class='ocrx_word' id='word_1_3' title='bbox 1715 373 2134 435; x_wconf 71' lang='lat' dir='ltr'><strong>NICEPIIORI</strong></span> <span class='ocrx_word' id='word_1_4' title='bbox 2181 375 2527 437; x_wconf 73' lang='lat' dir='ltr'><strong>CALLISTI</strong></span> 
     </span>
    </p>
   </div>
   <div class='ocr_carea' id='block_1_3' title="bbox 3633 376 3781 443">
    <p class='ocr_par' dir='ltr' id='par_1_3' title="bbox 3633 376 3781 443">
     <span class='ocr_line' id='line_1_3' title="bbox 3633 376 3781 443; baseline -0.034 -1"><span class='ocrx_word' id='word_1_5' title='bbox 3633 376 3781 443; x_wconf 72' lang='lat'><strong>10&quot;5</strong></span> 
     </span>
    </p>
   </div>
   <div class='ocr_carea' id='block_1_4' title="bbox 491 492 2057 565">
    <p class='ocr_par' dir='ltr' id='par_1_4' title="bbox 491 492 2057 564">
     <span class='ocr_line' id='line_1_4' title="bbox 491 492 2057 564; baseline -0.004 -12"><span class='ocrx_word' id='word_1_6' title='bbox 491 507 676 552; x_wconf 88' lang='lat' dir='ltr'><strong>matus</strong></span> <span class='ocrx_word' id='word_1_7' title='bbox 709 494 1070 553; x_wconf 82' lang='lat' dir='ltr'><strong>transversim</strong></span> <span class='ocrx_word' id='word_1_8' title='bbox 1103 504 1261 550; x_wconf 91' lang='lat' dir='ltr'><strong>actus</strong></span> <span class='ocrx_word' id='word_1_9' title='bbox 1293 492 1347 562; x_wconf 89' lang='grc' dir='ltr'>(ο</span> <span class='ocrx_word' id='word_1_10' title='bbox 1380 492 1676 548; x_wconf 78' lang='lat' dir='ltr'><strong>absurdam</strong></span> <span class='ocrx_word' id='word_1_11' title='bbox 1718 503 1775 548; x_wconf 91' lang='lat' dir='ltr'><strong>et</strong></span> <span class='ocrx_word' id='word_1_12' title='bbox 1804 492 2057 564; x_wconf 78' lang='lat' dir='ltr'><strong>importit</strong></span> 
     </span>
    </p>
   </div>
   <div class='ocr_carea' id='block_1_5' title="bbox 2166 492 3773 565">
    <p class='ocr_par' dir='ltr' id='par_1_5' title="bbox 2184 492 3773 565">
     <span class='ocr_line' id='line_1_5' title="bbox 2184 492 3773 565; baseline 0.003 -22"><span class='ocrx_word' id='word_1_13' title='bbox 2184 493 2393 563; x_wconf 83' lang='grc' dir='ltr'>μίαςί)</span> <span class='ocrx_word' id='word_1_14' title='bbox 2437 492 2805 565; x_wconf 78' lang='grc' dir='ltr'>Παράκλητον</span> <span class='ocrx_word' id='word_1_15' title='bbox 2871 495 2966 547; x_wconf 77' lang='grc' dir='ltr'>καὶ</span> <span class='ocrx_word' id='word_1_16' title='bbox 3008 493 3153 546; x_wconf 82' lang='grc' dir='ltr'>θεῖον</span> <span class='ocrx_word' id='word_1_17' title='bbox 3206 493 3428 563; x_wconf 80' lang='grc' dir='ltr'><strong>Πνεῦμα</strong></span> <span class='ocrx_word' id='word_1_18' title='bbox 3486 494 3773 563; x_wconf 70' lang='grc' dir='ltr'>ὠνόμασε.</span> 
     </span>
    </p>
   </div>
   <div class='ocr_carea' id='block_1_6' title="bbox 487 586 2072 662">
    <p class='ocr_par' dir='ltr' id='par_1_6' title="bbox 487 586 2072 662">
     <span class='ocr_line' id='line_1_6' title="bbox 487 586 2072 662; baseline -0.004 -17"><span class='ocrx_word' id='word_1_19' title='bbox 487 606 612 645; x_wconf 85' lang='lat' dir='ltr'><strong>nam</strong></span> <span class='ocrx_word' id='word_1_20' title='bbox 668 589 1135 662; x_wconf 74' lang='lat' dir='ltr'><strong>IIIISpItchami)</strong></span> <span class='ocrx_word' id='word_1_21' title='bbox 1184 588 1533 644; x_wconf 88' lang='lat' dir='ltr'><strong>Paracletum</strong></span> <span class='ocrx_word' id='word_1_22' title='bbox 1597 603 1656 642; x_wconf 89' lang='lat' dir='ltr'><strong>se</strong></span> <span class='ocrx_word' id='word_1_23' title='bbox 1705 596 1763 642; x_wconf 92' lang='lat' dir='ltr'><strong>et</strong></span> <span class='ocrx_word' id='word_1_24' title='bbox 1821 586 2072 641; x_wconf 85' lang='lat' dir='ltr'><strong>divinum</strong></span> 
     </span>
    </p>
   </div>
   <div class='ocr_carea' id='block_1_7' title="bbox 488 680 2074 755">
    <p class='ocr_par' dir='ltr' id='par_1_7' title="bbox 488 680 2074 755">
     <span class='ocr_line' id='line_1_7' title="bbox 488 680 2074 755; baseline -0.001 -17"><span class='ocrx_word' id='word_1_25' title='bbox 488 683 759 755; x_wconf 75' lang='lat' dir='ltr'><strong>Spiritum</strong></span> <span class='ocrx_word' id='word_1_26' title='bbox 815 683 1142 738; x_wconf 75' lang='lat' dir='ltr'><strong>nominavit.</strong></span> <span class='ocrx_word' id='word_1_27' title='bbox 1201 682 1555 737; x_wconf 81' lang='lat' dir='ltr'><strong>Mulierculas</strong></span> <span class='ocrx_word' id='word_1_28' title='bbox 1608 680 1768 746; x_wconf 89' lang='lat' dir='ltr'><strong>duas,</strong></span> <span class='ocrx_word' id='word_1_29' title='bbox 1806 680 2074 751; x_wconf 72' lang='lat' dir='ltr'><strong>coniuges</strong></span> 
     </span>
    </p>
   </div>
   <div class='ocr_carea' id='block_1_8' title="bbox 486 776 2073 847">
    <p class='ocr_par' dir='ltr' id='par_1_8' title="bbox 486 776 2073 847">
     <span class='ocr_line' id='line_1_8' title="bbox 486 776 2073 847; baseline 0 -14"><span class='ocrx_word' id='word_1_30' title='bbox 486 795 637 843; x_wconf 81' lang='lat' dir='ltr'><strong>suas,</strong></span> <span class='ocrx_word' id='word_1_31' title='bbox 666 777 975 834; x_wconf 80' lang='lat' dir='ltr'><strong>Priscillam</strong></span> <span class='ocrx_word' id='word_1_32' title='bbox 1008 787 1064 831; x_wconf 91' lang='lat' dir='ltr'><strong>et</strong></span> <span class='ocrx_word' id='word_1_33' title='bbox 1106 776 1485 840; x_wconf 82' lang='lat' dir='ltr'><strong>Maximillam,</strong></span> <span class='ocrx_word' id='word_1_34' title='bbox 1523 777 1908 847; x_wconf 89' lang='lat' dir='ltr'><strong>prophetissas</strong></span> <span class='ocrx_word' id='word_1_35' title='bbox 1941 793 2073 833; x_wconf 87' lang='lat' dir='ltr'><strong>suas</strong></span> 
     </span>
    </p>
   </div>
   <div class='ocr_carea' id='block_1_9' title="bbox 482 867 2073 938">
    <p class='ocr_par' dir='ltr' id='par_1_9' title="bbox 482 867 2073 938">
     <span class='ocr_line' id='line_1_9' title="bbox 482 867 2073 938; baseline 0.005 -20"><span class='ocrx_word' id='word_1_36' title='bbox 482 868 726 929; x_wconf 62' lang='lat' dir='ltr'><strong>vocavit,</strong></span> <span class='ocrx_word' id='word_1_37' title='bbox 761 882 1063 936; x_wconf 85' lang='lat' dir='ltr'><strong>earumque</strong></span> <span class='ocrx_word' id='word_1_38' title='bbox 1096 867 1303 937; x_wconf 89' lang='lat' dir='ltr'><strong>scripta</strong></span> <span class='ocrx_word' id='word_1_39' title='bbox 1342 868 1703 938; x_wconf 81' lang='lat' dir='ltr'><strong>propheticos</strong></span> <span class='ocrx_word' id='word_1_40' title='bbox 1735 869 1909 926; x_wconf 89' lang='lat' dir='ltr'><strong>lihros</strong></span> <span class='ocrx_word' id='word_1_41' title='bbox 1948 886 2073 926; x_wconf 85' lang='lat' dir='ltr'><strong>esse</strong></span> 
     </span>
    </p>
   </div>
   <div class='ocr_carea' id='block_1_10' title="bbox 481 957 2071 1028">
    <p class='ocr_par' dir='ltr' id='par_1_10' title="bbox 481 957 2071 1028">
     <span class='ocr_line' id='line_1_10' title="bbox 481 957 2071 1028; baseline 0.003 -14"><span class='ocrx_word' id='word_1_42' title='bbox 481 961 643 1014; x_wconf 84' lang='lat' dir='ltr'><strong>dixit.</strong></span> <span class='ocrx_word' id='word_1_43' title='bbox 677 959 916 1028; x_wconf 84' lang='lat' dir='ltr'><strong>Maligno</strong></span> <span class='ocrx_word' id='word_1_44' title='bbox 947 967 1133 1014; x_wconf 88' lang='lat' dir='ltr'><strong>autem</strong></span> <span class='ocrx_word' id='word_1_45' title='bbox 1164 957 1367 1028; x_wconf 89' lang='lat' dir='ltr'><strong>spiritu</strong></span> <span class='ocrx_word' id='word_1_46' title='bbox 1416 959 1637 1028; x_wconf 88' lang='lat' dir='ltr'><strong>plenus,</strong></span> <span class='ocrx_word' id='word_1_47' title='bbox 1668 961 1833 1015; x_wconf 85' lang='lat' dir='ltr'><strong>sicuti</strong></span> <span class='ocrx_word' id='word_1_48' title='bbox 1860 972 1917 1017; x_wconf 89' lang='lat' dir='ltr'><strong>et</strong></span> <span class='ocrx_word' id='word_1_49' title='bbox 1948 962 2071 1018; x_wconf 65' lang='lat' dir='ltr'><strong>dua:</strong></span> 
     </span>
    </p>
   </div>
   <div class='ocr_carea' id='block_1_11' title="bbox 481 1052 2069 1123">
    <p class='ocr_par' dir='ltr' id='par_1_11' title="bbox 481 1052 2069 1123">
     <span class='ocr_line' id='line_1_11' title="bbox 481 1052 2069 1123; baseline 0.003 -16"><span class='ocrx_word' id='word_1_50' title='bbox 481 1054 586 1108; x_wconf 71' lang='lat' dir='ltr'><strong>illa:</strong></span> <span class='ocrx_word' id='word_1_51' title='bbox 620 1053 907 1115; x_wconf 83' lang='lat' dir='ltr'><strong>mulieres,</strong></span> <span class='ocrx_word' id='word_1_52' title='bbox 941 1067 1083 1106; x_wconf 83' lang='lat' dir='ltr'><strong>nova</strong></span> <span class='ocrx_word' id='word_1_53' title='bbox 1131 1052 1385 1123; x_wconf 67' lang='lat' dir='ltr'><strong>quaedam</strong></span> <span class='ocrx_word' id='word_1_54' title='bbox 1434 1063 1491 1107; x_wconf 89' lang='lat' dir='ltr'><strong>et</strong></span> <span class='ocrx_word' id='word_1_55' title='bbox 1542 1053 1840 1111; x_wconf 77' lang='lat' dir='ltr'><strong>insolentia</strong></span> <span class='ocrx_word' id='word_1_56' title='bbox 1879 1054 2069 1112; x_wconf 91' lang='lat' dir='ltr'><strong>dicere</strong></span> 
     </span>
    </p>
   </div>
   <div class='ocr_carea' id='block_1_12' title="bbox 483 1144 2070 1217">
    <p class='ocr_par' dir='ltr' id='par_1_12' title="bbox 483 1144 2070 1217">
     <span class='ocr_line' id='line_1_12' title="bbox 483 1144 2070 1217; baseline 0.003 -19"><span class='ocrx_word' id='word_1_57' title='bbox 483 1145 678 1213; x_wconf 74' lang='lat' dir='ltr'><strong>coepit,</strong></span> <span class='ocrx_word' id='word_1_58' title='bbox 734 1144 952 1198; x_wconf 75' lang='lat' dir='ltr'><strong>insania</strong></span> <span class='ocrx_word' id='word_1_59' title='bbox 1005 1153 1214 1214; x_wconf 86' lang='lat' dir='ltr'><strong>aperte.</strong></span> <span class='ocrx_word' id='word_1_60' title='bbox 1250 1154 1307 1199; x_wconf 90' lang='lat' dir='ltr'><strong>et</strong></span> <span class='ocrx_word' id='word_1_61' title='bbox 1355 1144 1671 1199; x_wconf 69' lang='lat' dir='ltr'><strong>daemonum</strong></span> <span class='ocrx_word' id='word_1_62' title='bbox 1723 1147 2070 1217; x_wconf 88' lang='lat' dir='ltr'><strong>intemperiis</strong></span> 
     </span>
    </p>
   </div>
   <div class='ocr_carea' id='block_1_13' title="bbox 478 1237 2065 1310">
    <p class='ocr_par' dir='ltr' id='par_1_13' title="bbox 478 1237 2065 1310">
     <span class='ocr_line' id='line_1_13' title="bbox 478 1237 2065 1310; baseline 0.002 -18"><span class='ocrx_word' id='word_1_63' title='bbox 478 1250 660 1295; x_wconf 85' lang='lat' dir='ltr'><strong>actus.</strong></span> <span class='ocrx_word' id='word_1_64' title='bbox 696 1237 973 1294; x_wconf 69' lang='lat' dir='ltr'><strong>Caeterum</strong></span> <span class='ocrx_word' id='word_1_65' title='bbox 1011 1246 1071 1292; x_wconf 91' lang='lat' dir='ltr'><strong>nt</strong></span> <span class='ocrx_word' id='word_1_66' title='bbox 1108 1238 1458 1294; x_wconf 86' lang='lat' dir='ltr'><strong>adulterinus</strong></span> <span class='ocrx_word' id='word_1_67' title='bbox 1492 1239 1587 1295; x_wconf 88' lang='lat' dir='ltr'><strong>ille</strong></span> <span class='ocrx_word' id='word_1_68' title='bbox 1628 1240 1861 1310; x_wconf 84' lang='lat' dir='ltr'><strong>spiritus</strong></span> <span class='ocrx_word' id='word_1_69' title='bbox 1900 1239 2065 1295; x_wconf 88' lang='lat' dir='ltr'><strong>ﬁdem</strong></span> 
     </span>
    </p>
   </div>
   <div class='ocr_carea' id='block_1_14' title="bbox 477 1330 2066 1401">
    <p class='ocr_par' dir='ltr' id='par_1_14' title="bbox 477 1330 2066 1401">
     <span class='ocr_line' id='line_1_14' title="bbox 477 1330 2066 1401; baseline 0.002 -16"><span class='ocrx_word' id='word_1_70' title='bbox 477 1330 582 1386; x_wconf 86' lang='lat' dir='ltr'><strong>sibi</strong></span> <span class='ocrx_word' id='word_1_71' title='bbox 615 1340 858 1401; x_wconf 51' lang='lat' dir='ltr'><strong>pararet,</strong></span> <span class='ocrx_word' id='word_1_72' title='bbox 890 1330 1139 1399; x_wconf 72' lang='lat' dir='ltr'><strong>qumdam</strong></span> <span class='ocrx_word' id='word_1_73' title='bbox 1165 1346 1265 1400; x_wconf 90' lang='lat' dir='ltr'><strong>per</strong></span> <span class='ocrx_word' id='word_1_74' title='bbox 1298 1330 1442 1398; x_wconf 81' lang='lat' dir='ltr'><strong>illos,</strong></span> <span class='ocrx_word' id='word_1_75' title='bbox 1468 1332 1810 1401; x_wconf 73' lang='lat' dir='ltr'><strong>coniecturis</strong></span> <span class='ocrx_word' id='word_1_76' title='bbox 1840 1332 2066 1401; x_wconf 80' lang='lat' dir='ltr'><strong>ductus,</strong></span> 
     </span>
    </p>
   </div>
   <div class='ocr_carea' id='block_1_15' title="bbox 477 1422 2067 1498">
    <p class='ocr_par' dir='ltr' id='par_1_15' title="bbox 477 1422 2067 1498">
     <span class='ocr_line' id='line_1_15' title="bbox 477 1422 2067 1498; baseline 0.003 -19"><span class='ocrx_word' id='word_1_77' title='bbox 477 1425 819 1497; x_wconf 75' lang='lat' dir='ltr'><strong>przedicebat</strong></span> <span class='ocrx_word' id='word_1_78' title='bbox 861 1435 918 1478; x_wconf 86' lang='lat' dir='ltr'><strong>et</strong></span> <span class='ocrx_word' id='word_1_79' title='bbox 948 1422 1255 1492; x_wconf 81' lang='lat' dir='ltr'><strong>divinabat,</strong></span> <span class='ocrx_word' id='word_1_80' title='bbox 1294 1426 1572 1481; x_wconf 90' lang='lat' dir='ltr'><strong>seducens</strong></span> <span class='ocrx_word' id='word_1_81' title='bbox 1597 1427 1916 1498; x_wconf 89' lang='lat' dir='ltr'><strong>plerosque,</strong></span> <span class='ocrx_word' id='word_1_82' title='bbox 1956 1439 2014 1483; x_wconf 90' lang='lat' dir='ltr'><strong>et</strong></span> <span class='ocrx_word' id='word_1_83' title='bbox 2039 1444 2067 1483; x_wconf 88' lang='lat' dir='ltr'><strong>a</strong></span> 
     </span>
    </p>
   </div>
   <div class='ocr_carea' id='block_1_16' title="bbox 476 1518 2064 1592">
    <p class='ocr_par' dir='ltr' id='par_1_16' title="bbox 476 1518 2064 1592">
     <span class='ocr_line' id='line_1_16' title="bbox 476 1518 2064 1592; baseline 0.003 -20"><span class='ocrx_word' id='word_1_84' title='bbox 476 1528 629 1574; x_wconf 85' lang='lat' dir='ltr'><strong>recta</strong></span> <span class='ocrx_word' id='word_1_85' title='bbox 695 1518 782 1573; x_wconf 89' lang='lat' dir='ltr'><strong>via</strong></span> <span class='ocrx_word' id='word_1_86' title='bbox 846 1529 1136 1586; x_wconf 80' lang='lat' dir='ltr'><strong>avertens,</strong></span> <span class='ocrx_word' id='word_1_87' title='bbox 1209 1518 1759 1592; x_wconf 79' lang='lat' dir='ltr'><strong>promissionumque</strong></span> <span class='ocrx_word' id='word_1_88' title='bbox 1825 1522 2064 1576; x_wconf 83' lang='lat' dir='ltr'><strong>tumenti</strong></span> 
     </span>
    </p>
   </div>
   <div class='ocr_carea' id='block_1_17' title="bbox 480 1602 2063 1685">
    <p class='ocr_par' dir='ltr' id='par_1_17' title="bbox 480 1602 2063 1685">
     <span class='ocr_line' id='line_1_17' title="bbox 480 1602 2063 1685; baseline 0.004 -21"><span class='ocrx_word' id='word_1_89' title='bbox 480 1613 863 1683; x_wconf 79' lang='lat' dir='ltr'><strong>magnitudine</strong></span> <span class='ocrx_word' id='word_1_90' title='bbox 906 1613 1127 1679; x_wconf 85' lang='lat' dir='ltr'><strong>inﬁans,</strong></span> <span class='ocrx_word' id='word_1_91' title='bbox 1171 1602 1605 1683; x_wconf 48' lang='lat' dir='ltr'><strong>beatosque/eos</strong></span> <span class='ocrx_word' id='word_1_92' title='bbox 1663 1617 2063 1685; x_wconf 88' lang='lat' dir='ltr'><strong>pronuntians,</strong></span> 
     </span>
    </p>
   </div>
   <div class='ocr_carea' id='block_1_18' title="bbox 475 1707 2066 1779">
    <p class='ocr_par' dir='ltr' id='par_1_18' title="bbox 475 1707 2066 1779">
     <span class='ocr_line' id='line_1_18' title="bbox 475 1707 2066 1779; baseline 0.003 -19"><span class='ocrx_word' id='word_1_93' title='bbox 475 1710 571 1777; x_wconf 87' lang='lat' dir='ltr'><strong>qui</strong></span> <span class='ocrx_word' id='word_1_94' title='bbox 608 1708 676 1762; x_wconf 90' lang='lat' dir='ltr'><strong>de</strong></span> <span class='ocrx_word' id='word_1_95' title='bbox 708 1724 767 1762; x_wconf 83' lang='lat' dir='ltr'><strong>se</strong></span> <span class='ocrx_word' id='word_1_96' title='bbox 803 1708 1059 1778; x_wconf 78' lang='lat' dir='ltr'><strong>quamvis</strong></span> <span class='ocrx_word' id='word_1_97' title='bbox 1087 1707 1353 1773; x_wconf 82' lang='lat' dir='ltr'><strong>absurde,</strong></span> <span class='ocrx_word' id='word_1_98' title='bbox 1390 1708 1676 1779; x_wconf 82' lang='lat' dir='ltr'><strong>magniﬁce</strong></span> <span class='ocrx_word' id='word_1_99' title='bbox 1716 1718 1899 1765; x_wconf 91' lang='lat' dir='ltr'><strong>tamen</strong></span> <span class='ocrx_word' id='word_1_100' title='bbox 1936 1726 2066 1766; x_wconf 88' lang='lat' dir='ltr'><strong>sen-</strong></span> 
     </span>
    </p>
   </div>
   <div class='ocr_carea' id='block_1_19' title="bbox 476 1800 2063 1875">
    <p class='ocr_par' dir='ltr' id='par_1_19' title="bbox 476 1800 2063 1875">
     <span class='ocr_line' id='line_1_19' title="bbox 476 1800 2063 1875; baseline 0.003 -20"><span class='ocrx_word' id='word_1_101' title='bbox 476 1803 670 1856; x_wconf 85' lang='lat' dir='ltr'><strong>tirent.</strong></span> <span class='ocrx_word' id='word_1_102' title='bbox 708 1802 825 1855; x_wconf 81' lang='lat' dir='ltr'><strong>Non</strong></span> <span class='ocrx_word' id='word_1_103' title='bbox 860 1800 1163 1857; x_wconf 81' lang='lat' dir='ltr'><strong>admodum</strong></span> <span class='ocrx_word' id='word_1_104' title='bbox 1218 1814 1400 1855; x_wconf 89' lang='lat' dir='ltr'><strong>tamen</strong></span> <span class='ocrx_word' id='word_1_105' title='bbox 1450 1803 1611 1858; x_wconf 90' lang='lat' dir='ltr'><strong>multi</strong></span> <span class='ocrx_word' id='word_1_106' title='bbox 1648 1818 1717 1858; x_wconf 73' lang='lat' dir='ltr'><strong>ex</strong></span> <span class='ocrx_word' id='word_1_107' title='bbox 1751 1803 2063 1875; x_wconf 78' lang='lat' dir='ltr'><strong>Phrygibus</strong></span> 
     </span>
    </p>
   </div>
   <div class='ocr_carea' id='block_1_20' title="bbox 473 1886 2062 1967">
    <p class='ocr_par' dir='ltr' id='par_1_20' title="bbox 473 1886 2062 1967">
     <span class='ocr_line' id='line_1_20' title="bbox 473 1886 2062 1967; baseline 0 -17"><span class='ocrx_word' id='word_1_108' title='bbox 473 1898 655 1959; x_wconf 66' lang='lat' dir='ltr'><strong>fuere,</strong></span> <span class='ocrx_word' id='word_1_109' title='bbox 684 1894 777 1965; x_wconf 73' lang='lat' dir='ltr'><strong>qui</strong></span> <span class='ocrx_word' id='word_1_110' title='bbox 811 1894 881 1949; x_wconf 91' lang='lat' dir='ltr'><strong>ab</strong></span> <span class='ocrx_word' id='word_1_111' title='bbox 912 1909 980 1949; x_wconf 91' lang='lat' dir='ltr'><strong>eo</strong></span> <span class='ocrx_word' id='word_1_112' title='bbox 1011 1886 1171 1949; x_wconf 86' lang='lat' dir='ltr'><strong>erant</strong></span> <span class='ocrx_word' id='word_1_113' title='bbox 1207 1894 1445 1950; x_wconf 87' lang='lat' dir='ltr'><strong>seducti.</strong></span> <span class='ocrx_word' id='word_1_114' title='bbox 1483 1894 1865 1951; x_wconf 74' lang='lat' dir='ltr'><strong>Universalem</strong></span> <span class='ocrx_word' id='word_1_115' title='bbox 1892 1912 2062 1967; x_wconf 92' lang='lat' dir='ltr'><strong>porro</strong></span> 
     </span>
    </p>
   </div>
   <div class='ocr_carea' id='block_1_21' title="bbox 483 1988 2063 2062">
    <p class='ocr_par' dir='ltr' id='par_1_21' title="bbox 483 1988 2063 2062">
     <span class='ocr_line' id='line_1_21' title="bbox 483 1988 2063 2062; baseline 0.001 -18"><span class='ocrx_word' id='word_1_116' title='bbox 483 1999 541 2044; x_wconf 88' lang='lat' dir='ltr'><strong>et</strong></span> <span class='ocrx_word' id='word_1_117' title='bbox 568 2005 692 2059; x_wconf 67' lang='lat' dir='ltr'><strong>quae</strong></span> <span class='ocrx_word' id='word_1_118' title='bbox 728 1989 830 2044; x_wconf 89' lang='lat' dir='ltr'><strong>sub</strong></span> <span class='ocrx_word' id='word_1_119' title='bbox 862 1990 1004 2044; x_wconf 77' lang='lat' dir='ltr'><strong>ccelo</strong></span> <span class='ocrx_word' id='word_1_120' title='bbox 1035 2000 1122 2044; x_wconf 89' lang='lat' dir='ltr'><strong>est</strong></span> <span class='ocrx_word' id='word_1_121' title='bbox 1153 1988 1461 2043; x_wconf 78' lang='lat' dir='ltr'><strong>Ecclesiam</strong></span> <span class='ocrx_word' id='word_1_122' title='bbox 1499 2005 1744 2053; x_wconf 87' lang='lat' dir='ltr'><strong>omnem,</strong></span> <span class='ocrx_word' id='word_1_123' title='bbox 1769 1990 1921 2045; x_wconf 87' lang='lat' dir='ltr'><strong>omni</strong></span> <span class='ocrx_word' id='word_1_124' title='bbox 1957 2008 2063 2062; x_wconf 90' lang='lat' dir='ltr'><strong>pu-</strong></span> 
     </span>
    </p>
   </div>
   <div class='ocr_carea' id='block_1_22' title="bbox 473 2081 2063 2153">
    <p class='ocr_par' dir='ltr' id='par_1_22' title="bbox 473 2081 2063 2153">
     <span class='ocr_line' id='line_1_22' title="bbox 473 2081 2063 2153; baseline 0.004 -20"><span class='ocrx_word' id='word_1_125' title='bbox 473 2081 614 2136; x_wconf 87' lang='lat' dir='ltr'><strong>dore</strong></span> <span class='ocrx_word' id='word_1_126' title='bbox 645 2082 883 2153; x_wconf 84' lang='lat' dir='ltr'><strong>abjecto,</strong></span> <span class='ocrx_word' id='word_1_127' title='bbox 916 2081 1438 2150; x_wconf 82' lang='lat' dir='ltr'><strong>impudentissimus</strong></span> <span class='ocrx_word' id='word_1_128' title='bbox 1474 2081 1568 2138; x_wconf 89' lang='lat' dir='ltr'><strong>ille</strong></span> <span class='ocrx_word' id='word_1_129' title='bbox 1595 2082 1809 2138; x_wconf 70' lang='lat' dir='ltr'><strong>daemon</strong></span> <span class='ocrx_word' id='word_1_130' title='bbox 1846 2084 2063 2139; x_wconf 80' lang='lat' dir='ltr'><strong>calum-</strong></span> 
     </span>
    </p>
   </div>
   <div class='ocr_carea' id='block_1_23' title="bbox 473 2175 2061 2249">
    <p class='ocr_par' dir='ltr' id='par_1_23' title="bbox 473 2175 2061 2249">
     <span class='ocr_line' id='line_1_23' title="bbox 473 2175 2061 2249; baseline 0.001 -19"><span class='ocrx_word' id='word_1_131' title='bbox 473 2177 585 2231; x_wconf 90' lang='lat' dir='ltr'><strong>niis</strong></span> <span class='ocrx_word' id='word_1_132' title='bbox 621 2176 980 2247; x_wconf 87' lang='lat' dir='ltr'><strong>proscindere</strong></span> <span class='ocrx_word' id='word_1_133' title='bbox 1017 2190 1129 2229; x_wconf 91' lang='lat' dir='ltr'><strong>non</strong></span> <span class='ocrx_word' id='word_1_134' title='bbox 1183 2176 1439 2231; x_wconf 77' lang='lat' dir='ltr'><strong>cessavit.</strong></span> <span class='ocrx_word' id='word_1_135' title='bbox 1486 2175 1563 2230; x_wconf 87' lang='lat' dir='ltr'><strong>Ea</strong></span> <span class='ocrx_word' id='word_1_136' title='bbox 1608 2176 1806 2233; x_wconf 63' lang='lat' dir='ltr'><strong>haeresi</strong></span> <span class='ocrx_word' id='word_1_137' title='bbox 1850 2178 2061 2249; x_wconf 88' lang='lat' dir='ltr'><strong>passim</strong></span> 
     </span>
    </p>
   </div>
   <div class='ocr_carea' id='block_1_24' title="bbox 473 2267 2059 2340">
    <p class='ocr_par' dir='ltr' id='par_1_24' title="bbox 473 2267 2059 2340">
     <span class='ocr_line' id='line_1_24' title="bbox 473 2267 2059 2340; baseline 0.001 -16"><span class='ocrx_word' id='word_1_138' title='bbox 473 2270 723 2340; x_wconf 78' lang='lat' dir='ltr'><strong>vulgata,</strong></span> <span class='ocrx_word' id='word_1_139' title='bbox 762 2269 858 2338; x_wconf 88' lang='lat' dir='ltr'><strong>qui</strong></span> <span class='ocrx_word' id='word_1_140' title='bbox 903 2269 957 2321; x_wconf 92' lang='lat' dir='ltr'><strong>in</strong></span> <span class='ocrx_word' id='word_1_141' title='bbox 989 2267 1120 2322; x_wconf 84' lang='lat' dir='ltr'><strong>Asia</strong></span> <span class='ocrx_word' id='word_1_142' title='bbox 1169 2267 1328 2322; x_wconf 80' lang='lat' dir='ltr'><strong>fuere</strong></span> <span class='ocrx_word' id='word_1_143' title='bbox 1379 2267 1569 2323; x_wconf 87' lang='lat' dir='ltr'><strong>ﬁdeles</strong></span> <span class='ocrx_word' id='word_1_144' title='bbox 1599 2285 1745 2340; x_wconf 56' lang='lat' dir='ltr'><strong>saepe</strong></span> <span class='ocrx_word' id='word_1_145' title='bbox 1781 2272 1974 2326; x_wconf 90' lang='lat' dir='ltr'><strong>multis</strong></span> <span class='ocrx_word' id='word_1_146' title='bbox 2006 2273 2059 2326; x_wconf 90' lang='lat' dir='ltr'><strong>in</strong></span> 
     </span>
    </p>
   </div>
   <div class='ocr_carea' id='block_1_25' title="bbox 472 2361 2061 2433">
    <p class='ocr_par' dir='ltr' id='par_1_25' title="bbox 472 2361 2061 2433">
     <span class='ocr_line' id='line_1_25' title="bbox 472 2361 2061 2433; baseline 0.001 -14"><span class='ocrx_word' id='word_1_147' title='bbox 472 2362 614 2419; x_wconf 83' lang='lat' dir='ltr'><strong>locis</strong></span> <span class='ocrx_word' id='word_1_148' title='bbox 634 2362 876 2431; x_wconf 78' lang='lat' dir='ltr'><strong>regionis</strong></span> <span class='ocrx_word' id='word_1_149' title='bbox 899 2361 1020 2433; x_wconf 80' lang='lat' dir='ltr'><strong>ejus</strong></span> <span class='ocrx_word' id='word_1_150' title='bbox 1045 2369 1354 2416; x_wconf 89' lang='lat' dir='ltr'><strong>conventus</strong></span> <span class='ocrx_word' id='word_1_151' title='bbox 1378 2376 1563 2432; x_wconf 78' lang='lat' dir='ltr'><strong>egere,</strong></span> <span class='ocrx_word' id='word_1_152' title='bbox 1590 2378 1786 2419; x_wconf 86' lang='lat' dir='ltr'><strong>recens</strong></span> <span class='ocrx_word' id='word_1_153' title='bbox 1808 2373 2061 2420; x_wconf 82' lang='lat' dir='ltr'><strong>exortam</strong></span> 
     </span>
    </p>
   </div>
   <div class='ocr_carea' id='block_1_26' title="bbox 472 2452 2059 2526">
    <p class='ocr_par' dir='ltr' id='par_1_26' title="bbox 472 2452 2059 2526">
     <span class='ocr_line' id='line_1_26' title="bbox 472 2452 2059 2526; baseline 0.003 -18"><span class='ocrx_word' id='word_1_154' title='bbox 472 2455 936 2526; x_wconf 77' lang='lat' dir='ltr'><strong>peregrinamque</strong></span> <span class='ocrx_word' id='word_1_155' title='bbox 966 2453 1315 2523; x_wconf 87' lang='lat' dir='ltr'><strong>inquirentes</strong></span> <span class='ocrx_word' id='word_1_156' title='bbox 1349 2452 1663 2509; x_wconf 87' lang='lat' dir='ltr'><strong>doctrinam</strong></span> <span class='ocrx_word' id='word_1_157' title='bbox 1699 2472 1715 2509; x_wconf 91' lang='lat'><strong>:</strong></span> <span class='ocrx_word' id='word_1_158' title='bbox 1747 2465 1803 2511; x_wconf 87' lang='lat' dir='ltr'><strong>et</strong></span> <span class='ocrx_word' id='word_1_159' title='bbox 1838 2459 2059 2513; x_wconf 84' lang='lat' dir='ltr'><strong>tandem</strong></span> 
     </span>
    </p>
   </div>
   <div class='ocr_carea' id='block_1_27' title="bbox 473 2544 2062 2614">
    <p class='ocr_par' dir='ltr' id='par_1_27' title="bbox 473 2544 2062 2614">
     <span class='ocr_line' id='line_1_27' title="bbox 473 2544 2062 2614; baseline 0.003 -13"><span class='ocrx_word' id='word_1_160' title='bbox 473 2556 683 2601; x_wconf 87' lang='lat' dir='ltr'><strong>sectam</strong></span> <span class='ocrx_word' id='word_1_161' title='bbox 719 2560 864 2610; x_wconf 86' lang='lat' dir='ltr'><strong>eam,</strong></span> <span class='ocrx_word' id='word_1_162' title='bbox 894 2553 954 2599; x_wconf 89' lang='lat' dir='ltr'><strong>ut</strong></span> <span class='ocrx_word' id='word_1_163' title='bbox 1004 2544 1231 2614; x_wconf 88' lang='lat' dir='ltr'><strong>impiam</strong></span> <span class='ocrx_word' id='word_1_164' title='bbox 1276 2553 1333 2599; x_wconf 89' lang='lat' dir='ltr'><strong>et</strong></span> <span class='ocrx_word' id='word_1_165' title='bbox 1382 2546 1783 2602; x_wconf 81' lang='lat' dir='ltr'><strong>exsecrandam</strong></span> <span class='ocrx_word' id='word_1_166' title='bbox 1830 2546 2062 2606; x_wconf 86' lang='lat' dir='ltr'><strong>damna-</strong></span> 
     </span>
    </p>
   </div>
   <div class='ocr_carea' id='block_1_28' title="bbox 471 2637 2057 2710">
    <p class='ocr_par' dir='ltr' id='par_1_28' title="bbox 471 2637 2057 2710">
     <span class='ocr_line' id='line_1_28' title="bbox 471 2637 2057 2710; baseline 0.001 -16"><span class='ocrx_word' id='word_1_167' title='bbox 471 2648 606 2704; x_wconf 85' lang='lat' dir='ltr'><strong>tam,</strong></span> <span class='ocrx_word' id='word_1_168' title='bbox 641 2656 671 2695; x_wconf 91' lang='lat' dir='ltr'><strong>e</strong></span> <span class='ocrx_word' id='word_1_169' title='bbox 702 2638 977 2694; x_wconf 86' lang='lat' dir='ltr'><strong>catholica</strong></span> <span class='ocrx_word' id='word_1_170' title='bbox 1007 2637 1255 2693; x_wconf 85' lang='lat' dir='ltr'><strong>Ecclesia</strong></span> <span class='ocrx_word' id='word_1_171' title='bbox 1296 2638 1608 2708; x_wconf 76' lang='lat' dir='ltr'><strong>eiecerunt,</strong></span> <span class='ocrx_word' id='word_1_172' title='bbox 1643 2650 1810 2710; x_wconf 82' lang='lat' dir='ltr'><strong>atque</strong></span> <span class='ocrx_word' id='word_1_173' title='bbox 1840 2657 1869 2695; x_wconf 90' lang='lat' dir='ltr'><strong>a</strong></span> <span class='ocrx_word' id='word_1_174' title='bbox 1904 2658 2057 2696; x_wconf 85' lang='lat' dir='ltr'><strong>com-</strong></span> 
     </span>
    </p>
   </div>
   <div class='ocr_carea' id='block_1_29' title="bbox 469 2729 2058 2801">
    <p class='ocr_par' dir='ltr' id='par_1_29' title="bbox 469 2729 2058 2801">
     <span class='ocr_line' id='line_1_29' title="bbox 469 2729 2058 2801; baseline 0.003 -15"><span class='ocrx_word' id='word_1_175' title='bbox 469 2731 736 2786; x_wconf 88' lang='lat' dir='ltr'><strong>munione</strong></span> <span class='ocrx_word' id='word_1_176' title='bbox 787 2730 1177 2801; x_wconf 87' lang='lat' dir='ltr'><strong>pr0pulerunt.</strong></span> <span class='ocrx_word' id='word_1_177' title='bbox 1234 2729 1387 2785; x_wconf 89' lang='lat' dir='ltr'><strong>Idem</strong></span> <span class='ocrx_word' id='word_1_178' title='bbox 1438 2730 1734 2786; x_wconf 84' lang='lat' dir='ltr'><strong>Montanus</strong></span> <span class='ocrx_word' id='word_1_179' title='bbox 1783 2743 2058 2789; x_wconf 86' lang='lat' dir='ltr'><strong>novorum</strong></span> 
     </span>
    </p>
   </div>
   <div class='ocr_carea' id='block_1_30' title="bbox 468 2822 2063 2895">
    <p class='ocr_par' dir='ltr' id='par_1_30' title="bbox 468 2822 2063 2895">
     <span class='ocr_line' id='line_1_30' title="bbox 468 2822 2063 2895; baseline 0.003 -18"><span class='ocrx_word' id='word_1_180' title='bbox 468 2839 694 2894; x_wconf 85' lang='lat' dir='ltr'><strong>quoque</strong></span> <span class='ocrx_word' id='word_1_181' title='bbox 742 2823 1107 2895; x_wconf 84' lang='lat' dir='ltr'><strong>jejuniorum,</strong></span> <span class='ocrx_word' id='word_1_182' title='bbox 1149 2832 1353 2892; x_wconf 68' lang='lat' dir='ltr'><strong>praeter</strong></span> <span class='ocrx_word' id='word_1_183' title='bbox 1387 2822 1651 2878; x_wconf 63' lang='lat' dir='ltr'><strong>Ecclesiae</strong></span> <span class='ocrx_word' id='word_1_184' title='bbox 1701 2826 2063 2882; x_wconf 78' lang='lat' dir='ltr'><strong>consuetudi-</strong></span> 
     </span>
    </p>
   </div>
   <div class='ocr_carea' id='block_1_31' title="bbox 469 2918 2058 2993">
    <p class='ocr_par' dir='ltr' id='par_1_31' title="bbox 469 2918 2058 2993">
     <span class='ocr_line' id='line_1_31' title="bbox 469 2918 2058 2993; baseline 0.003 -18"><span class='ocrx_word' id='word_1_185' title='bbox 469 2935 623 2987; x_wconf 88' lang='lat' dir='ltr'><strong>nem,</strong></span> <span class='ocrx_word' id='word_1_186' title='bbox 658 2933 855 2974; x_wconf 77' lang='lat' dir='ltr'><strong>auCtor</strong></span> <span class='ocrx_word' id='word_1_187' title='bbox 890 2918 1038 2975; x_wconf 83' lang='lat' dir='ltr'><strong>iuit:</strong></span> <span class='ocrx_word' id='word_1_188' title='bbox 1083 2926 1140 2973; x_wconf 85' lang='lat' dir='ltr'><strong>et</strong></span> <span class='ocrx_word' id='word_1_189' title='bbox 1184 2918 1252 2973; x_wconf 92' lang='lat' dir='ltr'><strong>de</strong></span> <span class='ocrx_word' id='word_1_190' title='bbox 1298 2918 1582 2973; x_wconf 79' lang='lat' dir='ltr'><strong>soIVendis</strong></span> <span class='ocrx_word' id='word_1_191' title='bbox 1614 2920 2058 2993; x_wconf 79' lang='lat' dir='ltr'><strong>dirimendisque</strong></span> 
     </span>
    </p>
   </div>
   <div class='ocr_carea' id='block_1_32' title="bbox 467 3011 2055 3085">
    <p class='ocr_par' dir='ltr' id='par_1_32' title="bbox 467 3011 2055 3085">
     <span class='ocr_line' id='line_1_32' title="bbox 467 3011 2055 3085; baseline 0.003 -16"><span class='ocrx_word' id='word_1_192' title='bbox 467 3012 743 3085; x_wconf 83' lang='lat' dir='ltr'><strong>conjugiis</strong></span> <span class='ocrx_word' id='word_1_193' title='bbox 774 3013 948 3083; x_wconf 85' lang='lat' dir='ltr'><strong>legem</strong></span> <span class='ocrx_word' id='word_1_194' title='bbox 1001 3012 1147 3067; x_wconf 89' lang='lat' dir='ltr'><strong>tulit.</strong></span> <span class='ocrx_word' id='word_1_195' title='bbox 1184 3012 1262 3066; x_wconf 88' lang='lat' dir='ltr'><strong>De</strong></span> <span class='ocrx_word' id='word_1_196' title='bbox 1309 3011 1498 3067; x_wconf 87' lang='lat' dir='ltr'><strong>divina</strong></span> <span class='ocrx_word' id='word_1_197' title='bbox 1533 3021 1719 3067; x_wconf 88' lang='lat' dir='ltr'><strong>autem</strong></span> <span class='ocrx_word' id='word_1_198' title='bbox 1758 3015 2055 3084; x_wconf 88' lang='lat' dir='ltr'><strong>Trinitate,</strong></span> 
     </span>
    </p>
   </div>
   <div class='ocr_carea' id='block_1_33' title="bbox 464 3104 2056 3164">
    <p class='ocr_par' dir='ltr' id='par_1_33' title="bbox 464 3104 2056 3164">
     <span class='ocr_line' id='line_1_33' title="bbox 464 3104 2056 3164; baseline 0.001 -2"><span class='ocrx_word' id='word_1_199' title='bbox 464 3118 524 3162; x_wconf 85' lang='lat' dir='ltr'><strong>et</strong></span> <span class='ocrx_word' id='word_1_200' title='bbox 554 3105 747 3161; x_wconf 90' lang='lat' dir='ltr'><strong>mundi</strong></span> <span class='ocrx_word' id='word_1_201' title='bbox 777 3106 1060 3162; x_wconf 90' lang='lat' dir='ltr'><strong>creatione</strong></span> <span class='ocrx_word' id='word_1_202' title='bbox 1093 3104 1288 3160; x_wconf 89' lang='lat' dir='ltr'><strong>eadem</strong></span> <span class='ocrx_word' id='word_1_203' title='bbox 1327 3104 1620 3160; x_wconf 84' lang='lat' dir='ltr'><strong>nobiscum</strong></span> <span class='ocrx_word' id='word_1_204' title='bbox 1659 3108 1871 3162; x_wconf 87' lang='lat' dir='ltr'><strong>docuit.</strong></span> <span class='ocrx_word' id='word_1_205' title='bbox 1904 3109 2056 3164; x_wconf 81' lang='lat' dir='ltr'><strong>Non-</strong></span> 
     </span>
    </p>
   </div>
   <div class='ocr_carea' id='block_1_34' title="bbox 463 3291 2052 3365">
    <p class='ocr_par' dir='ltr' id='par_1_34' title="bbox 463 3291 2052 3365">
     <span class='ocr_line' id='line_1_34' title="bbox 463 3291 2052 3365; baseline 0 -17"><span class='ocrx_word' id='word_1_206' title='bbox 463 3292 656 3348; x_wconf 82' lang='lat' dir='ltr'><strong>nitatis</strong></span> <span class='ocrx_word' id='word_1_207' title='bbox 712 3291 1109 3347; x_wconf 81' lang='lat' dir='ltr'><strong>subsistentias</strong></span> <span class='ocrx_word' id='word_1_208' title='bbox 1170 3306 1344 3345; x_wconf 90' lang='lat' dir='ltr'><strong>unum</strong></span> <span class='ocrx_word' id='word_1_209' title='bbox 1395 3305 1521 3346; x_wconf 89' lang='lat' dir='ltr'><strong>esse</strong></span> <span class='ocrx_word' id='word_1_210' title='bbox 1582 3303 1719 3348; x_wconf 90' lang='lat' dir='ltr'><strong>sunt</strong></span> <span class='ocrx_word' id='word_1_211' title='bbox 1776 3296 1988 3365; x_wconf 83' lang='lat' dir='ltr'><strong>opinati</strong></span> <span class='ocrx_word' id='word_1_212' title='bbox 2036 3310 2052 3348; x_wconf 87' lang='lat'><strong>:</strong></span> 
     </span>
    </p>
   </div>
   <div class='ocr_carea' id='block_1_35' title="bbox 353 3382 2050 3459">
    <p class='ocr_par' dir='ltr' id='par_1_35' title="bbox 353 3382 2050 3459">
     <span class='ocr_line' id='line_1_35' title="bbox 353 3382 2050 3459; baseline 0.005 -22"><span class='ocrx_word' id='word_1_213' title='bbox 353 3426 361 3437; x_wconf 90' lang='lat'><strong>.</strong></span> <span class='ocrx_word' id='word_1_214' title='bbox 461 3385 723 3444; x_wconf 83' lang='lat' dir='ltr'><strong>eumdem</strong></span> <span class='ocrx_word' id='word_1_215' title='bbox 783 3399 906 3440; x_wconf 89' lang='lat' dir='ltr'><strong>esse</strong></span> <span class='ocrx_word' id='word_1_216' title='bbox 961 3384 1205 3451; x_wconf 83' lang='lat' dir='ltr'><strong>Patrem,</strong></span> <span class='ocrx_word' id='word_1_217' title='bbox 1269 3392 1325 3439; x_wconf 86' lang='lat' dir='ltr'><strong>et</strong></span> <span class='ocrx_word' id='word_1_218' title='bbox 1385 3382 1612 3452; x_wconf 80' lang='lat' dir='ltr'><strong>Filium,</strong></span> <span class='ocrx_word' id='word_1_219' title='bbox 1665 3395 1722 3441; x_wconf 88' lang='lat' dir='ltr'><strong>et</strong></span> <span class='ocrx_word' id='word_1_220' title='bbox 1779 3386 2050 3459; x_wconf 87' lang='lat' dir='ltr'><strong>Spiritum</strong></span> 
     </span>
    </p>
   </div>
   <div class='ocr_carea' id='block_1_36' title="bbox 461 3477 2048 3545">
    <p class='ocr_par' dir='ltr' id='par_1_36' title="bbox 461 3477 2048 3545">
     <span class='ocr_line' id='line_1_36' title="bbox 461 3477 2048 3545; baseline 0.001 -9"><span class='ocrx_word' id='word_1_221' title='bbox 461 3482 747 3545; x_wconf 79' lang='lat' dir='ltr'><strong>sanctum,</strong></span> <span class='ocrx_word' id='word_1_222' title='bbox 788 3478 1040 3534; x_wconf 88' lang='lat' dir='ltr'><strong>dicentes</strong></span> <span class='ocrx_word' id='word_1_223' title='bbox 1075 3494 1088 3530; x_wconf 89' lang='lat'><strong>:</strong></span> <span class='ocrx_word' id='word_1_224' title='bbox 1121 3477 1269 3532; x_wconf 90' lang='lat' dir='ltr'><strong>unde</strong></span> <span class='ocrx_word' id='word_1_225' title='bbox 1301 3478 1468 3534; x_wconf 89' lang='lat' dir='ltr'><strong>etiam</strong></span> <span class='ocrx_word' id='word_1_226' title='bbox 1501 3478 1804 3536; x_wconf 87' lang='lat' dir='ltr'><strong>Sabellium</strong></span> <span class='ocrx_word' id='word_1_227' title='bbox 1851 3483 2048 3538; x_wconf 80' lang='lat' dir='ltr'><strong>Afrum</strong></span> 
     </span>
    </p>
   </div>
   <div class='ocr_carea' id='block_1_37' title="bbox 460 3571 2050 3647">
    <p class='ocr_par' dir='ltr' id='par_1_37' title="bbox 460 3571 2050 3647">
     <span class='ocr_line' id='line_1_37' title="bbox 460 3571 2050 3647; baseline 0.003 -19"><span class='ocrx_word' id='word_1_228' title='bbox 460 3573 737 3645; x_wconf 81' lang='lat' dir='ltr'><strong>principia</strong></span> <span class='ocrx_word' id='word_1_229' title='bbox 774 3571 1003 3626; x_wconf 65' lang='lat' dir='ltr'><strong>haeresis</strong></span> <span class='ocrx_word' id='word_1_230' title='bbox 1028 3586 1142 3626; x_wconf 83' lang='lat' dir='ltr'><strong>suae</strong></span> <span class='ocrx_word' id='word_1_231' title='bbox 1168 3572 1477 3642; x_wconf 82' lang='lat' dir='ltr'><strong>sumpsisse</strong></span> <span class='ocrx_word' id='word_1_232' title='bbox 1509 3571 1714 3628; x_wconf 79' lang='lat' dir='ltr'><strong>ferunt.</strong></span> <span class='ocrx_word' id='word_1_233' title='bbox 1744 3575 1920 3631; x_wconf 87' lang='lat' dir='ltr'><strong>Porro</strong></span> <span class='ocrx_word' id='word_1_234' title='bbox 1952 3577 2050 3647; x_wconf 84' lang='lat' dir='ltr'><strong>qui</strong></span> 
     </span>
    </p>
   </div>
   <div class='ocr_carea' id='block_1_38' title="bbox 463 3666 2052 3737">
    <p class='ocr_par' dir='ltr' id='par_1_38' title="bbox 463 3666 2052 3737">
     <span class='ocr_line' id='line_1_38' title="bbox 463 3666 2052 3737; baseline 0.003 -15"><span class='ocrx_word' id='word_1_235' title='bbox 463 3666 713 3723; x_wconf 76' lang='lat' dir='ltr'><strong>Montani</strong></span> <span class='ocrx_word' id='word_1_236' title='bbox 742 3666 1097 3737; x_wconf 81' lang='lat' dir='ltr'><strong>disciplinam</strong></span> <span class='ocrx_word' id='word_1_237' title='bbox 1130 3668 1313 3721; x_wconf 90' lang='lat' dir='ltr'><strong>secuti</strong></span> <span class='ocrx_word' id='word_1_238' title='bbox 1339 3675 1494 3735; x_wconf 90' lang='lat' dir='ltr'><strong>sunt,</strong></span> <span class='ocrx_word' id='word_1_239' title='bbox 1520 3669 1871 3726; x_wconf 78' lang='lat' dir='ltr'><strong>Montanistae</strong></span> <span class='ocrx_word' id='word_1_240' title='bbox 1894 3672 1964 3727; x_wconf 83' lang='lat' dir='ltr'><strong>ab</strong></span> <span class='ocrx_word' id='word_1_241' title='bbox 1983 3687 2052 3727; x_wconf 91' lang='lat' dir='ltr'><strong>eo</strong></span> 
     </span>
    </p>
   </div>
   <div class='ocr_carea' id='block_1_39' title="bbox 464 3760 2051 3834">
    <p class='ocr_par' dir='ltr' id='par_1_39' title="bbox 464 3760 2051 3834">
     <span class='ocr_line' id='line_1_39' title="bbox 464 3760 2051 3834; baseline 0.002 -17"><span class='ocrx_word' id='word_1_242' title='bbox 464 3761 752 3817; x_wconf 88' lang='lat' dir='ltr'><strong>dicuntur.</strong></span> <span class='ocrx_word' id='word_1_243' title='bbox 788 3761 1031 3816; x_wconf 88' lang='lat' dir='ltr'><strong>Vocatur</strong></span> <span class='ocrx_word' id='word_1_244' title='bbox 1085 3775 1309 3831; x_wconf 88' lang='lat' dir='ltr'><strong>quoque</strong></span> <span class='ocrx_word' id='word_1_245' title='bbox 1346 3760 1750 3834; x_wconf 81' lang='lat' dir='ltr'><strong>Cataphrygas,</strong></span> <span class='ocrx_word' id='word_1_246' title='bbox 1803 3778 1900 3819; x_wconf 86' lang='lat' dir='ltr'><strong>seu</strong></span> <span class='ocrx_word' id='word_1_247' title='bbox 1958 3780 2051 3821; x_wconf 87' lang='lat' dir='ltr'><strong>se-</strong></span> 
     </span>
    </p>
   </div>
   <div class='ocr_carea' id='block_1_40' title="bbox 461 3851 2046 3925">
    <p class='ocr_par' dir='ltr' id='par_1_40' title="bbox 461 3851 2046 3925">
     <span class='ocr_line' id='line_1_40' title="bbox 461 3851 2046 3925; baseline 0.001 -14"><span class='ocrx_word' id='word_1_248' title='bbox 461 3855 712 3911; x_wconf 86' lang='lat' dir='ltr'><strong>cundum</strong></span> <span class='ocrx_word' id='word_1_249' title='bbox 759 3851 1006 3923; x_wconf 76' lang='lat' dir='ltr'><strong>Phryges</strong></span> <span class='ocrx_word' id='word_1_250' title='bbox 1050 3851 1299 3919; x_wconf 64' lang='lat' dir='ltr'><strong>haeresis,</strong></span> <span class='ocrx_word' id='word_1_251' title='bbox 1343 3853 1412 3908; x_wconf 83' lang='lat' dir='ltr'><strong>ab</strong></span> <span class='ocrx_word' id='word_1_252' title='bbox 1463 3853 1583 3925; x_wconf 88' lang='lat' dir='ltr'><strong>ipsa</strong></span> <span class='ocrx_word' id='word_1_253' title='bbox 1611 3863 1776 3924; x_wconf 70' lang='lat' dir='ltr'><strong>gente</strong></span> <span class='ocrx_word' id='word_1_254' title='bbox 1809 3856 2046 3913; x_wconf 80' lang='lat' dir='ltr'><strong>scilicet.</strong></span> 
     </span>
    </p>
   </div>
   <div class='ocr_carea' id='block_1_41' title="bbox 457 3944 2049 4018">
    <p class='ocr_par' dir='ltr' id='par_1_41' title="bbox 457 3944 2049 4018">
     <span class='ocr_line' id='line_1_41' title="bbox 457 3944 2049 4018; baseline 0 -16"><span class='ocrx_word' id='word_1_255' title='bbox 457 3946 825 4016; x_wconf 80' lang='lat' dir='ltr'><strong>Appellantur</strong></span> <span class='ocrx_word' id='word_1_256' title='bbox 909 3944 1075 3999; x_wconf 89' lang='lat' dir='ltr'><strong>etiam</strong></span> <span class='ocrx_word' id='word_1_257' title='bbox 1138 3945 1438 4016; x_wconf 82' lang='lat' dir='ltr'><strong>Pepuziani</strong></span> <span class='ocrx_word' id='word_1_258' title='bbox 1503 3962 1534 4002; x_wconf 86' lang='lat' dir='ltr'><strong>a</strong></span> <span class='ocrx_word' id='word_1_259' title='bbox 1595 3947 1719 4003; x_wconf 82' lang='lat' dir='ltr'><strong>vico</strong></span> <span class='ocrx_word' id='word_1_260' title='bbox 1774 3949 2049 4018; x_wconf 82' lang='lat' dir='ltr'><strong>quodam,</strong></span> 
     </span>
    </p>
   </div>
   <div class='ocr_carea' id='block_1_42' title="bbox 459 4020 2053 4114">
    <p class='ocr_par' dir='ltr' id='par_1_42' title="bbox 459 4020 2053 4114">
     <span class='ocr_line' id='line_1_42' title="bbox 459 4020 2053 4114; baseline 0.005 -26"><span class='ocrx_word' id='word_1_261' title='bbox 459 4054 628 4106; x_wconf 89' lang='lat' dir='ltr'><strong>quem</strong></span> <span class='ocrx_word' id='word_1_262' title='bbox 684 4020 777 4092; x_wconf 86' lang='lat' dir='ltr'><strong>ille</strong></span> <span class='ocrx_word' id='word_1_263' title='bbox 818 4035 1128 4093; x_wconf 76' lang='lat' dir='ltr'><strong>Jerusalem</strong></span> <span class='ocrx_word' id='word_1_264' title='bbox 1181 4052 1389 4093; x_wconf 84' lang='lat' dir='ltr'><strong>vocare</strong></span> <span class='ocrx_word' id='word_1_265' title='bbox 1446 4037 1643 4094; x_wconf 89' lang='lat' dir='ltr'><strong>solitus</strong></span> <span class='ocrx_word' id='word_1_266' title='bbox 1691 4050 1830 4096; x_wconf 86' lang='lat' dir='ltr'><strong>erat.</strong></span> <span class='ocrx_word' id='word_1_267' title='bbox 1886 4043 2053 4114; x_wconf 71' lang='lat'><strong>320</strong></span> 
     </span>
    </p>
   </div>
   <div class='ocr_carea' id='block_1_43' title="bbox 2180 583 3777 659">
    <p class='ocr_par' dir='ltr' id='par_1_43' title="bbox 2180 583 3777 659">
     <span class='ocr_line' id='line_1_43' title="bbox 2180 583 3777 659; baseline 0.001 -23"><span class='ocrx_word' id='word_1_268' title='bbox 2180 583 2286 638; x_wconf 87' lang='grc' dir='ltr'><strong>Δύο</strong></span> <span class='ocrx_word' id='word_1_269' title='bbox 2309 585 2354 638; x_wconf 82' lang='grc' dir='ltr'>δ’</span> <span class='ocrx_word' id='word_1_270' title='bbox 2390 585 2528 656; x_wconf 80' lang='grc' dir='ltr'>ἔχων</span> <span class='ocrx_word' id='word_1_271' title='bbox 2549 591 2842 658; x_wconf 83' lang='grc' dir='ltr'>γυναῖκας,</span> <span class='ocrx_word' id='word_1_272' title='bbox 2893 588 3232 659; x_wconf 83' lang='grc' dir='ltr'>ΙΙρισκίλλαν</span> <span class='ocrx_word' id='word_1_273' title='bbox 3262 588 3360 640; x_wconf 69' lang='grc' dir='ltr'><strong>καὶ</strong></span> <span class='ocrx_word' id='word_1_274' title='bbox 3415 586 3777 658; x_wconf 81' lang='grc' dir='ltr'>Μαξιμίλλαν</span> 
     </span>
    </p>
   </div>
   <div class='ocr_carea' id='block_1_44' title="bbox 2177 677 3773 752">
    <p class='ocr_par' dir='ltr' id='par_1_44' title="bbox 2177 677 3773 752">
     <span class='ocr_line' id='line_1_44' title="bbox 2177 677 3773 752; baseline 0.004 -22"><span class='ocrx_word' id='word_1_275' title='bbox 2177 677 2372 747; x_wconf 75' lang='grc' dir='ltr'>ὄνομα,</span> <span class='ocrx_word' id='word_1_276' title='bbox 2429 681 2528 744; x_wconf 81' lang='grc' dir='ltr'>τὰς</span> <span class='ocrx_word' id='word_1_277' title='bbox 2591 680 2788 735; x_wconf 79' lang='grc' dir='ltr'>ἑαυτοῦ</span> <span class='ocrx_word' id='word_1_278' title='bbox 2863 685 3127 748; x_wconf 79' lang='grc' dir='ltr'>γυναῖκας</span> <span class='ocrx_word' id='word_1_279' title='bbox 3177 681 3517 752; x_wconf 78' lang='grc' dir='ltr'><strong>προφήτιδας</strong></span> <span class='ocrx_word' id='word_1_280' title='bbox 3565 683 3773 736; x_wconf 78' lang='grc' dir='ltr'>ἑαυτοῦ</span> 
     </span>
    </p>
   </div>
   <div class='ocr_carea' id='block_1_45' title="bbox 2178 773 3772 854">
    <p class='ocr_par' dir='ltr' id='par_1_45' title="bbox 2178 773 3772 854">
     <span class='ocr_line' id='line_1_45' title="bbox 2178 773 3772 854; baseline 0.004 -30"><span class='ocrx_word' id='word_1_281' title='bbox 2178 773 2599 844; x_wconf 81' lang='grc' dir='ltr'><strong>προσηγόρευσε</strong></span> <span class='ocrx_word' id='word_1_282' title='bbox 2621 791 2635 806; x_wconf 75' lang='grc' dir='ltr'><strong>ο</strong></span> <span class='ocrx_word' id='word_1_283' title='bbox 2671 778 2767 828; x_wconf 76' lang='grc' dir='ltr'>καὶ</span> <span class='ocrx_word' id='word_1_284' title='bbox 2801 775 2872 828; x_wconf 85' lang='grc' dir='ltr'>τὰ</span> <span class='ocrx_word' id='word_1_285' title='bbox 2905 773 3132 829; x_wconf 76' lang='grc' dir='ltr'><strong>ἐκείνων</strong></span> <span class='ocrx_word' id='word_1_286' title='bbox 3169 777 3584 854; x_wconf 69' lang='grc' dir='ltr'>συγγράμματι</span> <span class='ocrx_word' id='word_1_287' title='bbox 3624 796 3772 848; x_wconf 82' lang='grc' dir='ltr'>προ-</span> 
     </span>
    </p>
   </div>
   <div class='ocr_carea' id='block_1_46' title="bbox 2178 864 3775 941">
    <p class='ocr_par' dir='ltr' id='par_1_46' title="bbox 2178 864 3775 941">
     <span class='ocr_line' id='line_1_46' title="bbox 2178 864 3775 941; baseline 0.006 -26"><span class='ocrx_word' id='word_1_288' title='bbox 2178 865 2417 933; x_wconf 84' lang='grc' dir='ltr'>φητικὰς</span> <span class='ocrx_word' id='word_1_289' title='bbox 2455 864 2675 935; x_wconf 79' lang='grc' dir='ltr'>βίϐλους</span> <span class='ocrx_word' id='word_1_290' title='bbox 2710 867 2920 921; x_wconf 81' lang='grc' dir='ltr'>ἐκάλει.</span> <span class='ocrx_word' id='word_1_291' title='bbox 2978 867 3228 939; x_wconf 82' lang='grc' dir='ltr'>Πονηροῦ</span> <span class='ocrx_word' id='word_1_292' title='bbox 3275 868 3331 920; x_wconf 86' lang='grc' dir='ltr'>δὲ</span> <span class='ocrx_word' id='word_1_293' title='bbox 3364 867 3579 941; x_wconf 81' lang='grc' dir='ltr'>πλήρης</span> <span class='ocrx_word' id='word_1_294' title='bbox 3610 873 3775 937; x_wconf 77' lang='grc' dir='ltr'>γενό-</span> 
     </span>
    </p>
   </div>
   <div class='ocr_carea' id='block_1_47' title="bbox 2179 958 3773 1034">
    <p class='ocr_par' dir='ltr' id='par_1_47' title="bbox 2179 958 3773 1034">
     <span class='ocr_line' id='line_1_47' title="bbox 2179 958 3773 1034; baseline 0.004 -24"><span class='ocrx_word' id='word_1_295' title='bbox 2179 974 2341 1027; x_wconf 87' lang='grc' dir='ltr'>μενος</span> <span class='ocrx_word' id='word_1_296' title='bbox 2382 958 2717 1030; x_wconf 70' lang='grc' dir='ltr'>πνεύματος,</span> <span class='ocrx_word' id='word_1_297' title='bbox 2756 962 3161 1034; x_wconf 80' lang='grc' dir='ltr'><strong>παραπλησίως</strong></span> <span class='ocrx_word' id='word_1_298' title='bbox 3222 962 3278 1015; x_wconf 81' lang='grc' dir='ltr'>δὲ</span> <span class='ocrx_word' id='word_1_299' title='bbox 3310 964 3405 1017; x_wconf 78' lang='grc' dir='ltr'>καὶ</span> <span class='ocrx_word' id='word_1_300' title='bbox 3450 966 3506 1016; x_wconf 82' lang='lat' dir='ltr'><strong>al</strong></span> <span class='ocrx_word' id='word_1_301' title='bbox 3536 964 3629 1017; x_wconf 86' lang='grc' dir='ltr'><strong>δύο</strong></span> <span class='ocrx_word' id='word_1_302' title='bbox 3662 982 3773 1032; x_wconf 86' lang='grc' dir='ltr'>γυ-</span> 
     </span>
    </p>
   </div>
   <div class='ocr_carea' id='block_1_48' title="bbox 2176 1050 3779 1134">
    <p class='ocr_par' dir='ltr' id='par_1_48' title="bbox 2176 1050 3779 1134">
     <span class='ocr_line' id='line_1_48' title="bbox 2176 1050 3779 1134; baseline 0.004 -32"><span class='ocrx_word' id='word_1_303' title='bbox 2176 1050 2383 1115; x_wconf 88' lang='grc' dir='ltr'>ναῖκες,</span> <span class='ocrx_word' id='word_1_304' title='bbox 2422 1050 2548 1117; x_wconf 85' lang='grc' dir='ltr'>ξένα</span> <span class='ocrx_word' id='word_1_305' title='bbox 2580 1052 2705 1106; x_wconf 72' lang='grc' dir='ltr'>τινὰ</span> <span class='ocrx_word' id='word_1_306' title='bbox 2734 1053 2917 1123; x_wconf 89' lang='grc' dir='ltr'>λέγειν</span> <span class='ocrx_word' id='word_1_307' title='bbox 2946 1055 3285 1126; x_wconf 77' lang='grc' dir='ltr'><strong>κατήρχετο,</strong></span> <span class='ocrx_word' id='word_1_308' title='bbox 3340 1056 3635 1134; x_wconf 75' lang='grc' dir='ltr'><strong>ἐνθουσιῶν</strong></span> <span class='ocrx_word' id='word_1_309' title='bbox 3673 1058 3779 1111; x_wconf 79' lang='grc' dir='ltr'><strong>ἄν-</strong></span> 
     </span>
    </p>
   </div>
   <div class='ocr_carea' id='block_1_49' title="bbox 2174 1146 3773 1218">
    <p class='ocr_par' dir='ltr' id='par_1_49' title="bbox 2174 1146 3773 1218">
     <span class='ocr_line' id='line_1_49' title="bbox 2174 1146 3773 1218; baseline 0.006 -24"><span class='ocrx_word' id='word_1_310' title='bbox 2174 1157 2371 1213; x_wconf 83' lang='grc' dir='ltr'>τικρυς</span> <span class='ocrx_word' id='word_1_311' title='bbox 2400 1147 2492 1199; x_wconf 76' lang='grc' dir='ltr'><strong>καὶ</strong></span> <span class='ocrx_word' id='word_1_312' title='bbox 2532 1146 2984 1218; x_wconf 85' lang='grc' dir='ltr'>διαμαινόμενος.</span> <span class='ocrx_word' id='word_1_313' title='bbox 3021 1147 3142 1202; x_wconf 84' lang='grc' dir='ltr'>Ἵνα</span> <span class='ocrx_word' id='word_1_314' title='bbox 3172 1148 3230 1202; x_wconf 77' lang='grc' dir='ltr'>δὲ</span> <span class='ocrx_word' id='word_1_315' title='bbox 3277 1148 3338 1202; x_wconf 71' lang='grc' dir='ltr'>τὸ</span> <span class='ocrx_word' id='word_1_316' title='bbox 3386 1149 3538 1202; x_wconf 81' lang='grc' dir='ltr'>νόθον</span> <span class='ocrx_word' id='word_1_317' title='bbox 3589 1151 3773 1203; x_wconf 83' lang='grc' dir='ltr'>ἐκεῖνο</span> 
     </span>
    </p>
   </div>
   <div class='ocr_carea' id='block_1_50' title="bbox 2177 1237 3767 1311">
    <p class='ocr_par' dir='ltr' id='par_1_50' title="bbox 2177 1237 3767 1311">
     <span class='ocr_line' id='line_1_50' title="bbox 2177 1237 3767 1311; baseline 0.003 -21"><span class='ocrx_word' id='word_1_318' title='bbox 2177 1237 2396 1309; x_wconf 80' lang='grc' dir='ltr'>πνεῦμα</span> <span class='ocrx_word' id='word_1_319' title='bbox 2430 1239 2623 1293; x_wconf 81' lang='grc' dir='ltr'>πιστὸν</span> <span class='ocrx_word' id='word_1_320' title='bbox 2653 1240 2808 1311; x_wconf 78' lang='grc' dir='ltr'>δοκῇ,</span> <span class='ocrx_word' id='word_1_321' title='bbox 2841 1240 2935 1295; x_wconf 86' lang='grc' dir='ltr'><strong>καί</strong></span> <span class='ocrx_word' id='word_1_322' title='bbox 2967 1258 3091 1295; x_wconf 90' lang='grc' dir='ltr'>τινα</span> <span class='ocrx_word' id='word_1_323' title='bbox 3123 1240 3392 1311; x_wconf 76' lang='grc' dir='ltr'>προύλεγε</span> <span class='ocrx_word' id='word_1_324' title='bbox 3436 1242 3502 1294; x_wconf 88' lang='grc' dir='ltr'>δι’</span> <span class='ocrx_word' id='word_1_325' title='bbox 3532 1243 3767 1295; x_wconf 80' lang='grc' dir='ltr'><strong>ἐκείνων</strong></span> 
     </span>
    </p>
   </div>
   <div class='ocr_carea' id='block_1_51' title="bbox 2177 1333 3771 1406">
    <p class='ocr_par' dir='ltr' id='par_1_51' title="bbox 2177 1333 3771 1406">
     <span class='ocr_line' id='line_1_51' title="bbox 2177 1333 3771 1406; baseline 0.003 -22"><span class='ocrx_word' id='word_1_326' title='bbox 2177 1333 2578 1403; x_wconf 85' lang='grc' dir='ltr'>στοχαστικῶς,</span> <span class='ocrx_word' id='word_1_327' title='bbox 2604 1334 2900 1400; x_wconf 74' lang='grc' dir='ltr'>ἐξαπατῶν</span> <span class='ocrx_word' id='word_1_328' title='bbox 2938 1333 3032 1389; x_wconf 73' lang='grc' dir='ltr'>καὶ</span> <span class='ocrx_word' id='word_1_329' title='bbox 3068 1335 3170 1406; x_wconf 81' lang='grc' dir='ltr'>τῆς</span> <span class='ocrx_word' id='word_1_330' title='bbox 3197 1334 3422 1400; x_wconf 75' lang='grc' dir='ltr'>εὐθείας</span> <span class='ocrx_word' id='word_1_331' title='bbox 3451 1336 3771 1405; x_wconf 80' lang='grc' dir='ltr'>παρεκτρέ-</span> 
     </span>
    </p>
   </div>
   <div class='ocr_carea' id='block_1_52' title="bbox 2175 1426 3744 1500">
    <p class='ocr_par' dir='ltr' id='par_1_52' title="bbox 2175 1426 3744 1500">
     <span class='ocr_line' id='line_1_52' title="bbox 2175 1426 3744 1500; baseline 0.003 -24"><span class='ocrx_word' id='word_1_332' title='bbox 2175 1442 2277 1478; x_wconf 78' lang='grc' dir='ltr'><strong>πον</strong></span> <span class='ocrx_word' id='word_1_333' title='bbox 2313 1426 2461 1494; x_wconf 80' lang='grc' dir='ltr'>ὁδοῦ,</span> <span class='ocrx_word' id='word_1_334' title='bbox 2519 1426 2867 1499; x_wconf 75' lang='grc' dir='ltr'>ἐπαγγελιῶν</span> <span class='ocrx_word' id='word_1_335' title='bbox 2922 1429 3075 1500; x_wconf 78' lang='grc' dir='ltr'>ὄγκῳ</span> <span class='ocrx_word' id='word_1_336' title='bbox 3139 1429 3449 1499; x_wconf 78' lang='grc' dir='ltr'>μακαρίζον</span> <span class='ocrx_word' id='word_1_337' title='bbox 3488 1432 3614 1491; x_wconf 74' lang='grc' dir='ltr'>τοὺς</span> <span class='ocrx_word' id='word_1_338' title='bbox 3670 1430 3744 1480; x_wconf 82' lang='grc' dir='ltr'><strong>ἐπ</strong></span> 
     </span>
    </p>
   </div>
   <div class='ocr_carea' id='block_1_53' title="bbox 2173 1517 3761 1590">
    <p class='ocr_par' dir='ltr' id='par_1_53' title="bbox 2173 1517 3761 1590">
     <span class='ocr_line' id='line_1_53' title="bbox 2173 1517 3761 1590; baseline 0.001 -20"><span class='ocrx_word' id='word_1_339' title='bbox 2173 1518 2325 1587; x_wconf 87' lang='grc' dir='ltr'>αὐτῷ</span> <span class='ocrx_word' id='word_1_340' title='bbox 2369 1521 2803 1589; x_wconf 86' lang='grc' dir='ltr'>χαυνουμένους,</span> <span class='ocrx_word' id='word_1_341' title='bbox 2832 1521 2929 1575; x_wconf 79' lang='grc' dir='ltr'><strong>καὶ</strong></span> <span class='ocrx_word' id='word_1_342' title='bbox 2980 1521 3208 1590; x_wconf 81' lang='grc' dir='ltr'>φυσιοῦν</span> <span class='ocrx_word' id='word_1_343' title='bbox 3235 1536 3250 1552; x_wconf 83' lang='grc'><em>’</em></span> <span class='ocrx_word' id='word_1_344' title='bbox 3313 1522 3485 1588; x_wconf 83' lang='grc' dir='ltr'>ὀλίγοι</span> <span class='ocrx_word' id='word_1_345' title='bbox 3516 1519 3572 1573; x_wconf 85' lang='grc' dir='ltr'><strong>δὲ</strong></span> <span class='ocrx_word' id='word_1_346' title='bbox 3616 1517 3761 1589; x_wconf 73' lang='grc' dir='ltr'>ἦσαν</span> 
     </span>
    </p>
   </div>
   <div class='ocr_carea' id='block_1_54' title="bbox 2170 1610 3762 1687">
    <p class='ocr_par' dir='ltr' id='par_1_54' title="bbox 2170 1610 3762 1687">
     <span class='ocr_line' id='line_1_54' title="bbox 2170 1610 3762 1687; baseline 0.001 -22"><span class='ocrx_word' id='word_1_347' title='bbox 2170 1611 2282 1669; x_wconf 88' lang='grc' dir='ltr'><strong>τῶν</strong></span> <span class='ocrx_word' id='word_1_348' title='bbox 2312 1612 2543 1687; x_wconf 82' lang='grc' dir='ltr'>Φρυγῶν</span> <span class='ocrx_word' id='word_1_349' title='bbox 2574 1617 2622 1667; x_wconf 83' lang='lat' dir='ltr'><strong>ei</strong></span> <span class='ocrx_word' id='word_1_350' title='bbox 2674 1613 3106 1686; x_wconf 80' lang='grc' dir='ltr'>ἐξηπατημένοι.</span> <span class='ocrx_word' id='word_1_351' title='bbox 3161 1610 3274 1685; x_wconf 76' lang='grc' dir='ltr'><strong>Τὴν</strong></span> <span class='ocrx_word' id='word_1_352' title='bbox 3305 1614 3360 1669; x_wconf 84' lang='grc' dir='ltr'><strong>δὲ</strong></span> <span class='ocrx_word' id='word_1_353' title='bbox 3405 1615 3632 1669; x_wconf 78' lang='grc' dir='ltr'>καθόλου</span> <span class='ocrx_word' id='word_1_354' title='bbox 3662 1617 3762 1668; x_wconf 77' lang='grc' dir='ltr'>καὶ</span> 
     </span>
    </p>
   </div>
   <div class='ocr_carea' id='block_1_55' title="bbox 2173 1704 3758 1781">
    <p class='ocr_par' dir='ltr' id='par_1_55' title="bbox 2173 1704 3758 1781">
     <span class='ocr_line' id='line_1_55' title="bbox 2173 1704 3758 1781; baseline 0.002 -23"><span class='ocrx_word' id='word_1_355' title='bbox 2173 1704 2355 1759; x_wconf 80' lang='grc' dir='ltr'>πᾶσαν</span> <span class='ocrx_word' id='word_1_356' title='bbox 2385 1707 2485 1777; x_wconf 83' lang='grc' dir='ltr'><strong>τὴν</strong></span> <span class='ocrx_word' id='word_1_357' title='bbox 2519 1708 2615 1761; x_wconf 78' lang='grc' dir='ltr'><strong>ὑπ’</strong></span> <span class='ocrx_word' id='word_1_358' title='bbox 2638 1709 2871 1778; x_wconf 79' lang='grc' dir='ltr'>οὐρανὸν</span> <span class='ocrx_word' id='word_1_359' title='bbox 2920 1709 3255 1779; x_wconf 84' lang='grc' dir='ltr'>Ἐκκλησίαν</span> <span class='ocrx_word' id='word_1_360' title='bbox 3293 1709 3758 1781; x_wconf 81' lang='grc' dir='ltr'>ἁπηρυθριασμέ-</span> 
     </span>
    </p>
   </div>
   <div class='ocr_carea' id='block_1_56' title="bbox 2173 1799 3829 1871">
    <p class='ocr_par' dir='ltr' id='par_1_56' title="bbox 2173 1799 3829 1871">
     <span class='ocr_line' id='line_1_56' title="bbox 2173 1799 3829 1871; baseline 0.004 -19"><span class='ocrx_word' id='word_1_361' title='bbox 2173 1817 2278 1864; x_wconf 89' lang='grc' dir='ltr'><strong>νως</strong></span> <span class='ocrx_word' id='word_1_362' title='bbox 2328 1799 2647 1855; x_wconf 78' lang='grc' dir='ltr'>διαϐάλλειν</span> <span class='ocrx_word' id='word_1_363' title='bbox 2702 1803 2764 1855; x_wconf 85' lang='grc' dir='ltr'><strong>τὸ</strong></span> <span class='ocrx_word' id='word_1_364' title='bbox 2796 1803 3015 1866; x_wconf 80' lang='grc' dir='ltr'>ἀναιδὲς</span> <span class='ocrx_word' id='word_1_365' title='bbox 3064 1804 3166 1857; x_wconf 82' lang='grc' dir='ltr'><strong>οὐκ</strong></span> <span class='ocrx_word' id='word_1_366' title='bbox 3219 1802 3464 1856; x_wconf 66' lang='grc' dir='ltr'>ἐπαύετο</span> <span class='ocrx_word' id='word_1_367' title='bbox 3512 1802 3755 1871; x_wconf 78' lang='grc' dir='ltr'>πνεῦμα.</span> <span class='ocrx_word' id='word_1_368' title='bbox 3824 1845 3829 1849; x_wconf 61' lang='grc' dir='ltr'><em>ρ</em></span> 
     </span>
    </p>
   </div>
   <div class='ocr_carea' id='block_1_57' title="bbox 2171 1890 3757 1965">
    <p class='ocr_par' dir='ltr' id='par_1_57' title="bbox 2171 1890 3757 1965">
     <span class='ocr_line' id='line_1_57' title="bbox 2171 1890 3757 1965; baseline 0.003 -22"><span class='ocrx_word' id='word_1_369' title='bbox 2171 1890 2392 1962; x_wconf 84' lang='grc' dir='ltr'>Ταύτης</span> <span class='ocrx_word' id='word_1_370' title='bbox 2419 1892 2476 1946; x_wconf 81' lang='grc' dir='ltr'>δὲ</span> <span class='ocrx_word' id='word_1_371' title='bbox 2507 1892 3005 1965; x_wconf 82' lang='grc' dir='ltr'>διαθρυλληθείσης</span> <span class='ocrx_word' id='word_1_372' title='bbox 3062 1894 3356 1965; x_wconf 80' lang='grc' dir='ltr'>αἱρέσεως,</span> <span class='ocrx_word' id='word_1_373' title='bbox 3383 1893 3433 1946; x_wconf 81' lang='lat' dir='ltr'><strong>oi</strong></span> <span class='ocrx_word' id='word_1_374' title='bbox 3482 1894 3626 1946; x_wconf 86' lang='grc' dir='ltr'><strong>κατὰ</strong></span> <span class='ocrx_word' id='word_1_375' title='bbox 3654 1896 3757 1963; x_wconf 81' lang='grc' dir='ltr'><strong>τὴν</strong></span> 
     </span>
    </p>
   </div>
   <div class='ocr_carea' id='block_1_58' title="bbox 2182 1980 3759 2056">
    <p class='ocr_par' dir='ltr' id='par_1_58' title="bbox 2182 1980 3759 2056">
     <span class='ocr_line' id='line_1_58' title="bbox 2182 1980 3759 2056; baseline 0.001 -20"><span class='ocrx_word' id='word_1_376' title='bbox 2182 1980 2376 2036; x_wconf 82' lang='grc' dir='ltr'>Ἀσίαν</span> <span class='ocrx_word' id='word_1_377' title='bbox 2400 1984 2581 2037; x_wconf 70' lang='grc' dir='ltr'>πιστοὶ</span> <span class='ocrx_word' id='word_1_378' title='bbox 2611 1983 2876 2047; x_wconf 82' lang='grc' dir='ltr'>πολλάκις</span> <span class='ocrx_word' id='word_1_379' title='bbox 2906 1987 3006 2039; x_wconf 77' lang='grc' dir='ltr'>καὶ</span> <span class='ocrx_word' id='word_1_380' title='bbox 3038 1983 3310 2056; x_wconf 81' lang='grc' dir='ltr'>πολλαχοῦ</span> <span class='ocrx_word' id='word_1_381' title='bbox 3363 1982 3466 2054; x_wconf 79' lang='grc' dir='ltr'>τῆς</span> <span class='ocrx_word' id='word_1_382' title='bbox 3512 1984 3759 2037; x_wconf 80' lang='grc' dir='ltr'>Ἀσιάτι-</span> 
     </span>
    </p>
   </div>
   <div class='ocr_carea' id='block_1_59' title="bbox 2167 2072 3756 2146">
    <p class='ocr_par' dir='ltr' id='par_1_59' title="bbox 2167 2072 3756 2146">
     <span class='ocr_line' id='line_1_59' title="bbox 2167 2072 3756 2146; baseline 0.001 -20"><span class='ocrx_word' id='word_1_383' title='bbox 2167 2072 2256 2135; x_wconf 83' lang='grc' dir='ltr'><strong>δος</strong></span> <span class='ocrx_word' id='word_1_384' title='bbox 2284 2072 2385 2143; x_wconf 83' lang='grc' dir='ltr'>γῆς</span> <span class='ocrx_word' id='word_1_385' title='bbox 2415 2074 2705 2145; x_wconf 82' lang='grc' dir='ltr'>συνῆλθον,</span> <span class='ocrx_word' id='word_1_386' title='bbox 2740 2075 2870 2139; x_wconf 83' lang='grc' dir='ltr'>τοὺς</span> <span class='ocrx_word' id='word_1_387' title='bbox 2906 2075 3262 2146; x_wconf 81' lang='grc' dir='ltr'>προσφάτους</span> <span class='ocrx_word' id='word_1_388' title='bbox 3312 2075 3406 2128; x_wconf 74' lang='grc' dir='ltr'>καὶ</span> <span class='ocrx_word' id='word_1_389' title='bbox 3445 2076 3756 2144; x_wconf 83' lang='grc' dir='ltr'>ξενοφανεῖς</span> 
     </span>
    </p>
   </div>
   <div class='ocr_carea' id='block_1_60' title="bbox 2169 2164 3757 2252">
    <p class='ocr_par' dir='ltr' id='par_1_60' title="bbox 2169 2164 3757 2252">
     <span class='ocr_line' id='line_1_60' title="bbox 2169 2164 3757 2252; baseline 0.002 -32"><span class='ocrx_word' id='word_1_390' title='bbox 2169 2164 2518 2232; x_wconf 71' lang='grc' dir='ltr'>ἐξετάζοντες</span> <span class='ocrx_word' id='word_1_391' title='bbox 2561 2168 2778 2238; x_wconf 89' lang='grc' dir='ltr'>λόγους.</span> <span class='ocrx_word' id='word_1_392' title='bbox 2839 2169 2952 2238; x_wconf 76' lang='grc' dir='ltr'><strong>Τὴν</strong></span> <span class='ocrx_word' id='word_1_393' title='bbox 3003 2169 3135 2238; x_wconf 82' lang='grc' dir='ltr'>γοῦν</span> <span class='ocrx_word' id='word_1_394' title='bbox 3172 2171 3387 2252; x_wconf 78' lang='grc' dir='ltr'>αἰρεσιν</span> <span class='ocrx_word' id='word_1_395' title='bbox 3414 2169 3757 2237; x_wconf 71' lang='grc' dir='ltr'>ἀποδοκιμά-</span> 
     </span>
    </p>
   </div>
   <div class='ocr_carea' id='block_1_61' title="bbox 2172 2261 3757 2336">
    <p class='ocr_par' dir='ltr' id='par_1_61' title="bbox 2172 2261 3757 2336">
     <span class='ocr_line' id='line_1_61' title="bbox 2172 2261 3757 2336; baseline 0.003 -24"><span class='ocrx_word' id='word_1_396' title='bbox 2172 2276 2387 2326; x_wconf 80' lang='grc' dir='ltr'>σαντες,</span> <span class='ocrx_word' id='word_1_397' title='bbox 2441 2261 2518 2326; x_wconf 87' lang='grc' dir='ltr'>ὡς</span> <span class='ocrx_word' id='word_1_398' title='bbox 2567 2261 2800 2333; x_wconf 76' lang='grc' dir='ltr'>βέϐηλον</span> <span class='ocrx_word' id='word_1_399' title='bbox 2832 2264 2928 2316; x_wconf 82' lang='grc' dir='ltr'><strong>καὶ</strong></span> <span class='ocrx_word' id='word_1_400' title='bbox 2982 2263 3265 2336; x_wconf 79' lang='grc' dir='ltr'>μυσαρὰν,</span> <span class='ocrx_word' id='word_1_401' title='bbox 3310 2263 3410 2332; x_wconf 84' lang='grc' dir='ltr'>τῆς</span> <span class='ocrx_word' id='word_1_402' title='bbox 3452 2262 3757 2331; x_wconf 77' lang='grc' dir='ltr'>καθολικῆς</span> 
     </span>
    </p>
   </div>
   <div class='ocr_carea' id='block_1_62' title="bbox 2181 2344 3753 2426">
    <p class='ocr_par' dir='ltr' id='par_1_62' title="bbox 2181 2344 3753 2426">
     <span class='ocr_line' id='line_1_62' title="bbox 2181 2344 3753 2426; baseline 0.001 -20"><span class='ocrx_word' id='word_1_403' title='bbox 2181 2353 2512 2423; x_wconf 80' lang='grc' dir='ltr'>Ἐκκλησίας</span> <span class='ocrx_word' id='word_1_404' title='bbox 2555 2344 2820 2421; x_wconf 70' lang='grc' dir='ltr'>ἐξέωσαν,</span> <span class='ocrx_word' id='word_1_405' title='bbox 2853 2360 2951 2409; x_wconf 79' lang='grc' dir='ltr'><strong>καὶ</strong></span> <span class='ocrx_word' id='word_1_406' title='bbox 2998 2358 3097 2425; x_wconf 83' lang='grc' dir='ltr'>τῆς</span> <span class='ocrx_word' id='word_1_407' title='bbox 3127 2355 3414 2418; x_wconf 83' lang='grc' dir='ltr'>κοινωνίας</span> <span class='ocrx_word' id='word_1_408' title='bbox 3463 2355 3753 2426; x_wconf 74' lang='grc' dir='ltr'>ἀπεῖρξαν.</span> 
     </span>
    </p>
   </div>
   <div class='ocr_carea' id='block_1_63' title="bbox 2179 2446 3756 2519">
    <p class='ocr_par' dir='ltr' id='par_1_63' title="bbox 2179 2446 3756 2519">
     <span class='ocr_line' id='line_1_63' title="bbox 2179 2446 3756 2519; baseline 0.003 -20"><span class='ocrx_word' id='word_1_409' title='bbox 2179 2446 2238 2499; x_wconf 87' lang='lat'><strong>&#39;0</strong></span> <span class='ocrx_word' id='word_1_410' title='bbox 2266 2446 2312 2499; x_wconf 86' lang='grc' dir='ltr'>δ’</span> <span class='ocrx_word' id='word_1_411' title='bbox 2333 2447 2495 2510; x_wconf 78' lang='grc' dir='ltr'>αὐτὸς</span> <span class='ocrx_word' id='word_1_412' title='bbox 2513 2448 2794 2511; x_wconf 81' lang='grc' dir='ltr'>Μοντανὸς</span> <span class='ocrx_word' id='word_1_413' title='bbox 2828 2449 2922 2501; x_wconf 72' lang='grc' dir='ltr'><strong>καί</strong></span> <span class='ocrx_word' id='word_1_414' title='bbox 2951 2449 3287 2519; x_wconf 78' lang='grc' dir='ltr'>καινοτέρων</span> <span class='ocrx_word' id='word_1_415' title='bbox 3309 2449 3574 2519; x_wconf 79' lang='grc' dir='ltr'>νηστειῶν</span> <span class='ocrx_word' id='word_1_416' title='bbox 3598 2448 3756 2519; x_wconf 75' lang='grc' dir='ltr'>παρὰ</span> 
     </span>
    </p>
   </div>
   <div class='ocr_carea' id='block_1_64' title="bbox 2168 2537 3757 2611">
    <p class='ocr_par' dir='ltr' id='par_1_64' title="bbox 2168 2537 3757 2611">
     <span class='ocr_line' id='line_1_64' title="bbox 2168 2537 3757 2611; baseline 0.001 -20"><span class='ocrx_word' id='word_1_417' title='bbox 2168 2537 2228 2591; x_wconf 75' lang='grc' dir='ltr'>τὸ</span> <span class='ocrx_word' id='word_1_418' title='bbox 2257 2538 2359 2609; x_wconf 84' lang='grc' dir='ltr'>τῆς</span> <span class='ocrx_word' id='word_1_419' title='bbox 2402 2539 2738 2611; x_wconf 86' lang='grc' dir='ltr'>Ἐκκλησίας</span> <span class='ocrx_word' id='word_1_420' title='bbox 2760 2539 2881 2601; x_wconf 74' lang='grc' dir='ltr'>ἔθος</span> <span class='ocrx_word' id='word_1_421' title='bbox 2906 2540 3209 2611; x_wconf 77' lang='grc' dir='ltr'>είσηγητὴς</span> <span class='ocrx_word' id='word_1_422' title='bbox 3241 2540 3433 2610; x_wconf 83' lang='grc' dir='ltr'>γέγονε</span> <span class='ocrx_word' id='word_1_423' title='bbox 3460 2556 3473 2569; x_wconf 84' lang='grc'><em>’</em></span> <span class='ocrx_word' id='word_1_424' title='bbox 3511 2540 3757 2595; x_wconf 71' lang='grc' dir='ltr'>διαλύειν</span> 
     </span>
    </p>
   </div>
   <div class='ocr_carea' id='block_1_65' title="bbox 2166 2630 3754 2704">
    <p class='ocr_par' dir='ltr' id='par_1_65' title="bbox 2166 2630 3754 2704">
     <span class='ocr_line' id='line_1_65' title="bbox 2166 2630 3754 2704; baseline 0.001 -20"><span class='ocrx_word' id='word_1_425' title='bbox 2166 2648 2225 2684; x_wconf 86' lang='grc' dir='ltr'><strong>τε</strong></span> <span class='ocrx_word' id='word_1_426' title='bbox 2250 2633 2378 2694; x_wconf 81' lang='grc' dir='ltr'>τοὺς</span> <span class='ocrx_word' id='word_1_427' title='bbox 2398 2631 2614 2700; x_wconf 79' lang='grc' dir='ltr'>γάμους</span> <span class='ocrx_word' id='word_1_428' title='bbox 2641 2632 2982 2703; x_wconf 81' lang='grc' dir='ltr'>ἐνομοθέτει.</span> <span class='ocrx_word' id='word_1_429' title='bbox 3018 2633 3121 2688; x_wconf 81' lang='grc' dir='ltr'>Τὸν</span> <span class='ocrx_word' id='word_1_430' title='bbox 3156 2634 3214 2687; x_wconf 76' lang='grc' dir='ltr'><strong>δὲ</strong></span> <span class='ocrx_word' id='word_1_431' title='bbox 3270 2634 3401 2704; x_wconf 77' lang='grc' dir='ltr'>περὶ</span> <span class='ocrx_word' id='word_1_432' title='bbox 3448 2630 3550 2702; x_wconf 81' lang='grc' dir='ltr'>τῆς</span> <span class='ocrx_word' id='word_1_433' title='bbox 3601 2631 3754 2694; x_wconf 82' lang='grc' dir='ltr'>θείας</span> 
     </span>
    </p>
   </div>
   <div class='ocr_carea' id='block_1_66' title="bbox 2166 2723 3754 2797">
    <p class='ocr_par' dir='ltr' id='par_1_66' title="bbox 2166 2723 3754 2797">
     <span class='ocr_line' id='line_1_66' title="bbox 2166 2723 3754 2797; baseline 0.001 -21"><span class='ocrx_word' id='word_1_434' title='bbox 2166 2723 2400 2795; x_wconf 83' lang='grc' dir='ltr'>Τριάδος</span> <span class='ocrx_word' id='word_1_435' title='bbox 2432 2724 2595 2794; x_wconf 90' lang='grc' dir='ltr'>λόγον</span> <span class='ocrx_word' id='word_1_436' title='bbox 2625 2731 2719 2778; x_wconf 81' lang='grc' dir='ltr'><strong>καὶ</strong></span> <span class='ocrx_word' id='word_1_437' title='bbox 2743 2726 2811 2779; x_wconf 69' lang='grc' dir='ltr'>τὰ</span> <span class='ocrx_word' id='word_1_438' title='bbox 2843 2726 2974 2797; x_wconf 79' lang='grc' dir='ltr'>περὶ</span> <span class='ocrx_word' id='word_1_439' title='bbox 3001 2727 3101 2797; x_wconf 86' lang='grc' dir='ltr'>τῆς</span> <span class='ocrx_word' id='word_1_440' title='bbox 3124 2725 3216 2779; x_wconf 78' lang='grc' dir='ltr'>τοῦ</span> <span class='ocrx_word' id='word_1_441' title='bbox 3255 2725 3463 2795; x_wconf 82' lang='grc' dir='ltr'>κόσμου</span> <span class='ocrx_word' id='word_1_442' title='bbox 3488 2724 3754 2796; x_wconf 86' lang='grc' dir='ltr'>δημιουρ-</span> 
     </span>
    </p>
   </div>
   <div class='ocr_carea' id='block_1_67' title="bbox 2165 2817 3747 2891">
    <p class='ocr_par' dir='ltr' id='par_1_67' title="bbox 2165 2817 3747 2891">
     <span class='ocr_line' id='line_1_67' title="bbox 2165 2817 3747 2891; baseline 0.001 -22"><span class='ocrx_word' id='word_1_443' title='bbox 2165 2818 2290 2885; x_wconf 88' lang='grc' dir='ltr'>γίας</span> <span class='ocrx_word' id='word_1_444' title='bbox 2318 2817 2518 2889; x_wconf 75' lang='grc' dir='ltr'>ἐπίσης</span> <span class='ocrx_word' id='word_1_445' title='bbox 2539 2819 2672 2891; x_wconf 72' lang='grc' dir='ltr'>ημῖν</span> <span class='ocrx_word' id='word_1_446' title='bbox 2701 2818 3052 2889; x_wconf 77' lang='grc' dir='ltr'>ἐδογμάτιζε.</span> <span class='ocrx_word' id='word_1_447' title='bbox 3080 2820 3236 2884; x_wconf 84' lang='grc' dir='ltr'>Τινὲς</span> <span class='ocrx_word' id='word_1_448' title='bbox 3258 2820 3315 2873; x_wconf 81' lang='grc' dir='ltr'>δὲ</span> <span class='ocrx_word' id='word_1_449' title='bbox 3348 2820 3458 2873; x_wconf 88' lang='grc' dir='ltr'><strong>τῶν</strong></span> <span class='ocrx_word' id='word_1_450' title='bbox 3489 2818 3549 2884; x_wconf 79' lang='grc' dir='ltr'><strong>ἐξ</strong></span> <span class='ocrx_word' id='word_1_451' title='bbox 3577 2818 3747 2872; x_wconf 75' lang='grc' dir='ltr'>αὑτοῦ</span> 
     </span>
    </p>
   </div>
   <div class='ocr_carea' id='block_1_68' title="bbox 2165 2913 3750 2987">
    <p class='ocr_par' dir='ltr' id='par_1_68' title="bbox 2165 2913 3750 2987">
     <span class='ocr_line' id='line_1_68' title="bbox 2165 2913 3750 2987; baseline 0.001 -21"><span class='ocrx_word' id='word_1_452' title='bbox 2165 2915 2223 2979; x_wconf 81' lang='grc' dir='ltr'><strong>ἐς</strong></span> <span class='ocrx_word' id='word_1_453' title='bbox 2267 2914 2500 2985; x_wconf 79' lang='grc' dir='ltr'>ὕστερον</span> <span class='ocrx_word' id='word_1_454' title='bbox 2529 2918 2630 2979; x_wconf 81' lang='grc' dir='ltr'>τὰς</span> <span class='ocrx_word' id='word_1_455' title='bbox 2667 2918 2819 2986; x_wconf 85' lang='grc' dir='ltr'>τρεῖς</span> <span class='ocrx_word' id='word_1_456' title='bbox 2873 2919 2974 2987; x_wconf 84' lang='grc' dir='ltr'>τῆς</span> <span class='ocrx_word' id='word_1_457' title='bbox 3009 2915 3266 2984; x_wconf 78' lang='grc' dir='ltr'>θεότητος</span> <span class='ocrx_word' id='word_1_458' title='bbox 3331 2915 3658 2976; x_wconf 72' lang='grc' dir='ltr'>ὑποστάσεις</span> <span class='ocrx_word' id='word_1_459' title='bbox 3686 2913 3750 2967; x_wconf 78' lang='grc' dir='ltr'>ἓν</span> 
     </span>
    </p>
   </div>
   <div class='ocr_carea' id='block_1_69' title="bbox 2165 3004 3748 3079">
    <p class='ocr_par' dir='ltr' id='par_1_69' title="bbox 2165 3004 3748 3079">
     <span class='ocr_line' id='line_1_69' title="bbox 2165 3004 3748 3079; baseline -0.001 -17"><span class='ocrx_word' id='word_1_460' title='bbox 2165 3004 2307 3062; x_wconf 73' lang='grc' dir='ltr'>εἶναι</span> <span class='ocrx_word' id='word_1_461' title='bbox 2337 3009 2622 3075; x_wconf 77' lang='grc' dir='ltr'>ἐδόξασαν,</span> <span class='ocrx_word' id='word_1_462' title='bbox 2647 3009 2738 3063; x_wconf 77' lang='grc' dir='ltr'>τὸν</span> <span class='ocrx_word' id='word_1_463' title='bbox 2760 3010 2925 3063; x_wconf 81' lang='grc' dir='ltr'>αὐτὸν</span> <span class='ocrx_word' id='word_1_464' title='bbox 2956 3012 3210 3079; x_wconf 67' lang='grc' dir='ltr'>λέγοντες</span> <span class='ocrx_word' id='word_1_465' title='bbox 3232 3006 3371 3064; x_wconf 68' lang='grc' dir='ltr'>εἶναι</span> <span class='ocrx_word' id='word_1_466' title='bbox 3409 3012 3499 3062; x_wconf 82' lang='grc' dir='ltr'><strong>καί</strong></span> <span class='ocrx_word' id='word_1_467' title='bbox 3526 3008 3748 3076; x_wconf 62' lang='grc' dir='ltr'>Πατέρα</span> 
     </span>
    </p>
   </div>
   <div class='ocr_carea' id='block_1_70' title="bbox 2166 3099 3750 3175">
    <p class='ocr_par' dir='ltr' id='par_1_70' title="bbox 2166 3099 3750 3175">
     <span class='ocr_line' id='line_1_70' title="bbox 2166 3099 3750 3175; baseline -0.001 -20"><span class='ocrx_word' id='word_1_468' title='bbox 2166 3106 2262 3155; x_wconf 76' lang='grc' dir='ltr'>καὶ</span> <span class='ocrx_word' id='word_1_469' title='bbox 2300 3102 2430 3157; x_wconf 85' lang='grc' dir='ltr'>Υίὸν</span> <span class='ocrx_word' id='word_1_470' title='bbox 2488 3105 2586 3157; x_wconf 71' lang='grc' dir='ltr'><strong>καὶ</strong></span> <span class='ocrx_word' id='word_1_471' title='bbox 2624 3103 2782 3173; x_wconf 74' lang='grc' dir='ltr'>ἆγιον</span> <span class='ocrx_word' id='word_1_472' title='bbox 2821 3103 3087 3175; x_wconf 73' lang='grc' dir='ltr'>Πνεῦμα”</span> <span class='ocrx_word' id='word_1_473' title='bbox 3147 3104 3206 3170; x_wconf 79' lang='grc' dir='ltr'><strong>ἐξ</strong></span> <span class='ocrx_word' id='word_1_474' title='bbox 3251 3099 3327 3159; x_wconf 84' lang='grc' dir='ltr'>ὧν</span> <span class='ocrx_word' id='word_1_475' title='bbox 3359 3121 3493 3172; x_wconf 80' lang='grc' dir='ltr'>φασι</span> <span class='ocrx_word' id='word_1_476' title='bbox 3527 3105 3621 3157; x_wconf 75' lang='grc' dir='ltr'><strong>καὶ</strong></span> <span class='ocrx_word' id='word_1_477' title='bbox 3654 3103 3750 3154; x_wconf 59' lang='grc' dir='ltr'><strong>τὶν</strong></span> 
     </span>
    </p>
   </div>
   <div class='ocr_carea' id='block_1_71' title="bbox 360 3195 2057 3269">
    <p class='ocr_par' dir='ltr' id='par_1_71' title="bbox 360 3198 2057 3268">
     <span class='ocr_line' id='line_1_71' title="bbox 360 3198 2057 3268; baseline 0.001 -12"><span class='ocrx_word' id='word_1_478' title='bbox 360 3212 365 3217; x_wconf 86' lang='lat'><strong><em>‘</em></strong></span> <span class='ocrx_word' id='word_1_479' title='bbox 465 3200 603 3256; x_wconf 81' lang='lat' dir='ltr'><strong>nulli</strong></span> <span class='ocrx_word' id='word_1_480' title='bbox 636 3210 819 3256; x_wconf 90' lang='lat' dir='ltr'><strong>tamen</strong></span> <span class='ocrx_word' id='word_1_481' title='bbox 853 3214 921 3254; x_wconf 78' lang='lat' dir='ltr'><strong>ex</strong></span> <span class='ocrx_word' id='word_1_482' title='bbox 955 3198 1332 3253; x_wconf 84' lang='lat' dir='ltr'><strong>sectatoribus</strong></span> <span class='ocrx_word' id='word_1_483' title='bbox 1359 3198 1479 3268; x_wconf 84' lang='lat' dir='ltr'><strong>ejus</strong></span> <span class='ocrx_word' id='word_1_484' title='bbox 1506 3208 1702 3268; x_wconf 88' lang='lat' dir='ltr'><strong>postea</strong></span> <span class='ocrx_word' id='word_1_485' title='bbox 1754 3209 1870 3256; x_wconf 86' lang='lat' dir='ltr'><strong>tres</strong></span> <span class='ocrx_word' id='word_1_486' title='bbox 1915 3202 2057 3257; x_wconf 87' lang='lat' dir='ltr'><strong>divi-</strong></span> 
     </span>
    </p>
   </div>
   <div class='ocr_carea' id='block_1_72' title="bbox 2166 3195 3750 3269">
    <p class='ocr_par' dir='ltr' id='par_1_72' title="bbox 2166 3195 3750 3269">
     <span class='ocr_line' id='line_1_72' title="bbox 2166 3195 3750 3269; baseline -0.001 -21"><span class='ocrx_word' id='word_1_487' title='bbox 2166 3195 2334 3249; x_wconf 76' lang='grc' dir='ltr'>Λίϐυν</span> <span class='ocrx_word' id='word_1_488' title='bbox 2364 3196 2657 3251; x_wconf 80' lang='grc' dir='ltr'>Σαδέλλιον</span> <span class='ocrx_word' id='word_1_489' title='bbox 2682 3198 2780 3261; x_wconf 79' lang='grc' dir='ltr'>τὰς</span> <span class='ocrx_word' id='word_1_490' title='bbox 2810 3197 2910 3268; x_wconf 83' lang='grc' dir='ltr'>τῆς</span> <span class='ocrx_word' id='word_1_491' title='bbox 2939 3198 3207 3269; x_wconf 79' lang='grc' dir='ltr'>αἱρέσεως</span> <span class='ocrx_word' id='word_1_492' title='bbox 3242 3199 3419 3268; x_wconf 76' lang='grc' dir='ltr'>άρχὰς</span> <span class='ocrx_word' id='word_1_493' title='bbox 3447 3196 3750 3266; x_wconf 66' lang='grc' dir='ltr'>ἐκπορίσας</span> 
     </span>
    </p>
   </div>
   <div class='ocr_carea' id='block_1_73' title="bbox 2166 3286 3747 3361">
    <p class='ocr_par' dir='ltr' id='par_1_73' title="bbox 2166 3286 3747 3361">
     <span class='ocr_line' id='line_1_73' title="bbox 2166 3286 3747 3361; baseline 0 -20"><span class='ocrx_word' id='word_1_494' title='bbox 2166 3286 2311 3341; x_wconf 87' lang='grc' dir='ltr'>σθαι.</span> <span class='ocrx_word' id='word_1_495' title='bbox 2340 3289 2403 3341; x_wconf 87' lang='grc' dir='ltr'><strong>Οἱ</strong></span> <span class='ocrx_word' id='word_1_496' title='bbox 2431 3289 2486 3341; x_wconf 86' lang='grc' dir='ltr'>δὲ</span> <span class='ocrx_word' id='word_1_497' title='bbox 2514 3288 2614 3359; x_wconf 83' lang='grc' dir='ltr'>τῆς</span> <span class='ocrx_word' id='word_1_498' title='bbox 2643 3291 2753 3344; x_wconf 82' lang='grc' dir='ltr'>ἀπὸ</span> <span class='ocrx_word' id='word_1_499' title='bbox 2774 3290 2869 3343; x_wconf 80' lang='grc' dir='ltr'>τοῦ</span> <span class='ocrx_word' id='word_1_500' title='bbox 2891 3291 3176 3345; x_wconf 81' lang='grc' dir='ltr'>Μοντανοῦ</span> <span class='ocrx_word' id='word_1_501' title='bbox 3206 3291 3564 3354; x_wconf 82' lang='grc' dir='ltr'>διδασκαλίας</span> <span class='ocrx_word' id='word_1_502' title='bbox 3587 3292 3747 3361; x_wconf 78' lang='grc' dir='ltr'>ὲξηρ·</span> 
     </span>
    </p>
   </div>
   <div class='ocr_carea' id='block_1_74' title="bbox 2163 3371 3740 3457">
    <p class='ocr_par' dir='ltr' id='par_1_74' title="bbox 2163 3371 3740 3457">
     <span class='ocr_line' id='line_1_74' title="bbox 2163 3371 3740 3457; baseline 0.003 -24"><span class='ocrx_word' id='word_1_503' title='bbox 2163 3371 2392 3452; x_wconf 83' lang='grc' dir='ltr'>τημένοι</span> <span class='ocrx_word' id='word_1_504' title='bbox 2427 3383 2722 3440; x_wconf 82' lang='grc' dir='ltr'>καλοῦνται</span> <span class='ocrx_word' id='word_1_505' title='bbox 2765 3387 2864 3457; x_wconf 83' lang='grc' dir='ltr'>μὲν</span> <span class='ocrx_word' id='word_1_506' title='bbox 2918 3387 3027 3440; x_wconf 74' lang='grc' dir='ltr'>ἀπὸ</span> <span class='ocrx_word' id='word_1_507' title='bbox 3080 3387 3273 3442; x_wconf 83' lang='grc' dir='ltr'>τούτου</span> <span class='ocrx_word' id='word_1_508' title='bbox 3338 3386 3740 3441; x_wconf 78' lang='grc' dir='ltr'>Μοντανισταίο</span> 
     </span>
    </p>
   </div>
   <div class='ocr_carea' id='block_1_75' title="bbox 2164 3474 3742 3550">
    <p class='ocr_par' dir='ltr' id='par_1_75' title="bbox 2164 3474 3742 3550">
     <span class='ocr_line' id='line_1_75' title="bbox 2164 3474 3742 3550; baseline 0.002 -21"><span class='ocrx_word' id='word_1_509' title='bbox 2164 3474 2462 3530; x_wconf 75' lang='grc' dir='ltr'>καλοῦνται</span> <span class='ocrx_word' id='word_1_510' title='bbox 2528 3476 2584 3530; x_wconf 80' lang='grc' dir='ltr'>δὲ</span> <span class='ocrx_word' id='word_1_511' title='bbox 2635 3477 2730 3531; x_wconf 80' lang='grc' dir='ltr'><strong>καὶ</strong></span> <span class='ocrx_word' id='word_1_512' title='bbox 2782 3482 2927 3532; x_wconf 80' lang='grc' dir='ltr'>κατὰ</span> <span class='ocrx_word' id='word_1_513' title='bbox 2983 3478 3203 3550; x_wconf 78' lang='grc' dir='ltr'>Φρύγας</span> <span class='ocrx_word' id='word_1_514' title='bbox 3255 3480 3472 3550; x_wconf 81' lang='grc' dir='ltr'>αἵρεσις</span> <span class='ocrx_word' id='word_1_515' title='bbox 3508 3480 3615 3534; x_wconf 82' lang='grc' dir='ltr'>ἀπὸ</span> <span class='ocrx_word' id='word_1_516' title='bbox 3645 3478 3742 3533; x_wconf 74' lang='grc' dir='ltr'>τοῦ</span> 
     </span>
    </p>
   </div>
   <div class='ocr_carea' id='block_1_76' title="bbox 2162 3566 3747 3646">
    <p class='ocr_par' dir='ltr' id='par_1_76' title="bbox 2162 3566 3747 3646">
     <span class='ocr_line' id='line_1_76' title="bbox 2162 3566 3747 3646; baseline 0.005 -27"><span class='ocrx_word' id='word_1_517' title='bbox 2162 3566 2348 3631; x_wconf 79' lang='grc' dir='ltr'>ἔθνους</span> <span class='ocrx_word' id='word_1_518' title='bbox 2367 3584 2379 3597; x_wconf 91' lang='grc'><strong>·</strong></span> <span class='ocrx_word' id='word_1_519' title='bbox 2423 3570 2786 3634; x_wconf 74' lang='grc' dir='ltr'>Πεπουςιανοὶ</span> <span class='ocrx_word' id='word_1_520' title='bbox 2807 3572 2864 3625; x_wconf 84' lang='grc' dir='ltr'>δὲ</span> <span class='ocrx_word' id='word_1_521' title='bbox 2893 3573 3002 3627; x_wconf 82' lang='grc' dir='ltr'>ἀπὸ</span> <span class='ocrx_word' id='word_1_522' title='bbox 3035 3573 3136 3644; x_wconf 84' lang='grc' dir='ltr'>τῆς</span> <span class='ocrx_word' id='word_1_523' title='bbox 3186 3576 3404 3644; x_wconf 83' lang='grc' dir='ltr'>κώμης,</span> <span class='ocrx_word' id='word_1_524' title='bbox 3433 3578 3499 3643; x_wconf 78' lang='grc' dir='ltr'>ἧν</span> <span class='ocrx_word' id='word_1_525' title='bbox 3544 3575 3747 3646; x_wconf 81' lang='grc' dir='ltr'>Ἰερου-</span> 
     </span>
    </p>
   </div>
   <div class='ocr_carea' id='block_1_77' title="bbox 2164 3661 3746 3741">
    <p class='ocr_par' dir='ltr' id='par_1_77' title="bbox 2164 3661 3746 3741">
     <span class='ocr_line' id='line_1_77' title="bbox 2164 3661 3746 3741; baseline 0.008 -29"><span class='ocrx_word' id='word_1_526' title='bbox 2164 3661 2348 3731; x_wconf 81' lang='grc' dir='ltr'>σαλὴμ</span> <span class='ocrx_word' id='word_1_527' title='bbox 2378 3664 2590 3728; x_wconf 79' lang='grc' dir='ltr'>ἐκεῖνος</span> <span class='ocrx_word' id='word_1_528' title='bbox 2615 3664 2924 3735; x_wconf 82' lang='grc' dir='ltr'>ὠνόμασεν.</span> <span class='ocrx_word' id='word_1_529' title='bbox 2949 3668 3017 3720; x_wconf 78' lang='grc' dir='ltr'><strong>Αἱ</strong></span> <span class='ocrx_word' id='word_1_530' title='bbox 3054 3668 3112 3721; x_wconf 79' lang='grc' dir='ltr'>δὲ</span> <span class='ocrx_word' id='word_1_531' title='bbox 3153 3668 3254 3737; x_wconf 80' lang='grc' dir='ltr'>τῆς</span> <span class='ocrx_word' id='word_1_532' title='bbox 3289 3671 3616 3741; x_wconf 79' lang='grc' dir='ltr'>ιιρισκίλλης</span> <span class='ocrx_word' id='word_1_533' title='bbox 3648 3672 3746 3725; x_wconf 76' lang='grc' dir='ltr'>καὶ</span> 
     </span>
    </p>
   </div>
   <div class='ocr_carea' id='block_1_78' title="bbox 2161 3751 3741 3834">
    <p class='ocr_par' dir='ltr' id='par_1_78' title="bbox 2161 3751 3741 3834">
     <span class='ocr_line' id='line_1_78' title="bbox 2161 3751 3741 3834; baseline 0.009 -30"><span class='ocrx_word' id='word_1_534' title='bbox 2161 3751 2515 3827; x_wconf 84' lang='grc' dir='ltr'>Μαξιμίλλης</span> <span class='ocrx_word' id='word_1_535' title='bbox 2547 3764 2881 3828; x_wconf 76' lang='grc' dir='ltr'>προφητεῖαι</span> <span class='ocrx_word' id='word_1_536' title='bbox 2928 3762 3070 3832; x_wconf 77' lang='grc' dir='ltr'>ὑπὲρ</span> <span class='ocrx_word' id='word_1_537' title='bbox 3108 3763 3171 3817; x_wconf 86' lang='grc' dir='ltr'>τὸ</span> <span class='ocrx_word' id='word_1_538' title='bbox 3205 3764 3351 3818; x_wconf 87' lang='grc' dir='ltr'>θεῖον</span> <span class='ocrx_word' id='word_1_539' title='bbox 3402 3765 3741 3834; x_wconf 78' lang='grc' dir='ltr'>Εὑαγγέλιον</span> 
     </span>
    </p>
   </div>
   <div class='ocr_carea' id='block_1_79' title="bbox 2162 3849 3737 3927">
    <p class='ocr_par' dir='ltr' id='par_1_79' title="bbox 2162 3849 3737 3927">
     <span class='ocr_line' id='line_1_79' title="bbox 2162 3849 3737 3927; baseline 0.01 -28"><span class='ocrx_word' id='word_1_540' title='bbox 2162 3849 2293 3917; x_wconf 82' lang='grc' dir='ltr'>παρ’</span> <span class='ocrx_word' id='word_1_541' title='bbox 2323 3850 2509 3914; x_wconf 79' lang='grc' dir='ltr'>αὐτοῖς</span> <span class='ocrx_word' id='word_1_542' title='bbox 2564 3854 2861 3922; x_wconf 88' lang='grc' dir='ltr'>τιμῶνται.</span> <span class='ocrx_word' id='word_1_543' title='bbox 2896 3855 3032 3926; x_wconf 84' lang='grc' dir='ltr'>Περί</span> <span class='ocrx_word' id='word_1_544' title='bbox 3067 3873 3133 3926; x_wconf 86' lang='grc' dir='ltr'><strong>γε</strong></span> <span class='ocrx_word' id='word_1_545' title='bbox 3189 3858 3297 3927; x_wconf 83' lang='grc' dir='ltr'>μὴν</span> <span class='ocrx_word' id='word_1_546' title='bbox 3327 3858 3436 3912; x_wconf 87' lang='grc' dir='ltr'><strong>τῶν</strong></span> <span class='ocrx_word' id='word_1_547' title='bbox 3463 3860 3519 3912; x_wconf 82' lang='grc' dir='ltr'><strong>ἐν</strong></span> <span class='ocrx_word' id='word_1_548' title='bbox 3550 3862 3737 3923; x_wconf 78' lang='grc' dir='ltr'>αὐτοῖς</span> 
     </span>
    </p>
   </div>
   <div class='ocr_carea' id='block_1_80' title="bbox 2154 3937 3735 4019">
    <p class='ocr_par' dir='ltr' id='par_1_80' title="bbox 2154 3937 3735 4019">
     <span class='ocr_line' id='line_1_80' title="bbox 2154 3937 3735 4019; baseline 0.008 -25"><span class='ocrx_word' id='word_1_549' title='bbox 2154 3945 2474 4013; x_wconf 83' lang='grc' dir='ltr'>μυστηρίων</span> <span class='ocrx_word' id='word_1_550' title='bbox 2520 3945 2667 4019; x_wconf 80' lang='grc' dir='ltr'>τινὲς</span> <span class='ocrx_word' id='word_1_551' title='bbox 2717 3948 2818 4017; x_wconf 86' lang='grc' dir='ltr'><strong>μὲν</strong></span> <span class='ocrx_word' id='word_1_552' title='bbox 2852 3948 3145 4019; x_wconf 74' lang='grc' dir='ltr'>θρυλλοῦσί</span> <span class='ocrx_word' id='word_1_553' title='bbox 3176 3968 3299 4006; x_wconf 88' lang='grc' dir='ltr'>τινα</span> <span class='ocrx_word' id='word_1_554' title='bbox 3321 3970 3334 3983; x_wconf 80' lang='grc'><em>’</em></span> <span class='ocrx_word' id='word_1_555' title='bbox 3360 3956 3558 4006; x_wconf 80' lang='grc' dir='ltr'>ἐκεῖνοι</span> <span class='ocrx_word' id='word_1_556' title='bbox 3583 3954 3637 4006; x_wconf 81' lang='grc' dir='ltr'><strong>δὲ</strong></span> <span class='ocrx_word' id='word_1_557' title='bbox 3672 3937 3735 4008; x_wconf 68' lang='grc' dir='ltr'>οὐ</span> 
     </span>
    </p>
   </div>
   <div class='ocr_carea' id='block_1_81' title="bbox 2153 4038 3734 4120">
    <p class='ocr_par' dir='ltr' id='par_1_81' title="bbox 2153 4038 3734 4120">
     <span class='ocr_line' id='line_1_81' title="bbox 2153 4038 3734 4120; baseline 0.007 -28"><span class='ocrx_word' id='word_1_558' title='bbox 2153 4038 2637 4109; x_wconf 59' lang='grc' dir='ltr'>ωνομολογιῦσιν,</span> <span class='ocrx_word' id='word_1_559' title='bbox 2684 4042 2821 4095; x_wconf 81' lang='grc' dir='ltr'>ἀλλὰ</span> <span class='ocrx_word' id='word_1_560' title='bbox 2853 4049 3319 4114; x_wconf 72' lang='grc' dir='ltr'>συκοφαντεῖσθαι</span> <span class='ocrx_word' id='word_1_561' title='bbox 3373 4050 3734 4120; x_wconf 60' lang='grc' dir='ltr'>διισχυρίζολ-</span> 
     </span>
    </p>
   </div>
   <div class='ocr_carea' id='block_1_82' title="bbox 459 4127 2263 4200">
    <p class='ocr_par' dir='ltr' id='par_1_82' title="bbox 459 4127 2263 4200">
     <span class='ocr_line' id='line_1_82' title="bbox 459 4127 2263 4200; baseline 0.002 -16"><span class='ocrx_word' id='word_1_562' title='bbox 459 4128 731 4186; x_wconf 78' lang='lat' dir='ltr'><strong>Priscillae</strong></span> <span class='ocrx_word' id='word_1_563' title='bbox 770 4142 901 4183; x_wconf 89' lang='lat' dir='ltr'><strong>vero</strong></span> <span class='ocrx_word' id='word_1_564' title='bbox 955 4135 1012 4182; x_wconf 91' lang='lat' dir='ltr'><strong>et</strong></span> <span class='ocrx_word' id='word_1_565' title='bbox 1061 4127 1376 4182; x_wconf 73' lang='lat' dir='ltr'><strong>Maximillae</strong></span> <span class='ocrx_word' id='word_1_566' title='bbox 1426 4129 1779 4200; x_wconf 86' lang='lat' dir='ltr'><strong>prophetiam</strong></span> <span class='ocrx_word' id='word_1_567' title='bbox 1820 4131 1938 4189; x_wconf 85' lang='lat' dir='ltr'><strong>&#39;ﬁde</strong></span> <span class='ocrx_word' id='word_1_568' title='bbox 1993 4144 2052 4191; x_wconf 91' lang='lat' dir='ltr'><strong>et</strong></span> <span class='ocrx_word' id='word_1_569' title='bbox 2148 4150 2263 4188; x_wconf 81' lang='grc' dir='ltr'>ται.</span> 
     </span>
    </p>
   </div>
   <div class='ocr_carea' id='block_1_83' title="bbox 461 4222 3741 4310">
    <p class='ocr_par' dir='ltr' id='par_1_83' title="bbox 461 4222 3741 4310">
     <span class='ocr_line' id='line_1_83' title="bbox 461 4222 3741 4310; baseline 0.004 -27"><span class='ocrx_word' id='word_1_570' title='bbox 461 4224 832 4283; x_wconf 86' lang='lat' dir='ltr'><strong>veneratione</strong></span> <span class='ocrx_word' id='word_1_571' title='bbox 899 4232 1256 4279; x_wconf 84' lang='lat' dir='ltr'><strong>sacrosancto</strong></span> <span class='ocrx_word' id='word_1_572' title='bbox 1300 4222 1607 4294; x_wconf 79' lang='lat' dir='ltr'><strong>praeferunt</strong></span> <span class='ocrx_word' id='word_1_573' title='bbox 1685 4224 2012 4299; x_wconf 78' lang='lat' dir='ltr'><strong>Evangelia.</strong></span> <span class='ocrx_word' id='word_1_574' title='bbox 2048 4232 2124 4289; x_wconf 89' lang='lat' dir='ltr'><strong>De</strong></span> <span class='ocrx_word' id='word_1_575' title='bbox 2164 4231 2496 4303; x_wconf 87' lang='lat' dir='ltr'><strong>quibusdam</strong></span> <span class='ocrx_word' id='word_1_576' title='bbox 2549 4247 2685 4290; x_wconf 83' lang='lat' dir='ltr'><strong>sane</strong></span> <span class='ocrx_word' id='word_1_577' title='bbox 2737 4249 2932 4291; x_wconf 89' lang='lat' dir='ltr'><strong>eorum</strong></span> <span class='ocrx_word' id='word_1_578' title='bbox 2983 4237 3262 4310; x_wconf 82' lang='lat' dir='ltr'><strong>mysteriis</strong></span> <span class='ocrx_word' id='word_1_579' title='bbox 3317 4242 3571 4297; x_wconf 89' lang='lat' dir='ltr'><strong>nonnulli</strong></span> <span class='ocrx_word' id='word_1_580' title='bbox 3628 4257 3741 4299; x_wconf 86' lang='lat' dir='ltr'><strong>non</strong></span> 
     </span>
    </p>
   </div>
   <div class='ocr_carea' id='block_1_84' title="bbox 460 4315 3740 4404">
    <p class='ocr_par' dir='ltr' id='par_1_84' title="bbox 460 4315 3740 4404">
     <span class='ocr_line' id='line_1_84' title="bbox 460 4315 3740 4404; baseline 0.006 -30"><span class='ocrx_word' id='word_1_581' title='bbox 460 4333 638 4394; x_wconf 75' lang='lat' dir='ltr'><strong>paura</strong></span> <span class='ocrx_word' id='word_1_582' title='bbox 689 4316 1009 4386; x_wconf 76' lang='lat' dir='ltr'><strong>vulgarunt,</strong></span> <span class='ocrx_word' id='word_1_583' title='bbox 1064 4330 1190 4385; x_wconf 68' lang='lat' dir='ltr'><strong>quae</strong></span> <span class='ocrx_word' id='word_1_584' title='bbox 1250 4315 1328 4371; x_wconf 86' lang='lat' dir='ltr'><strong>illi</strong></span> <span class='ocrx_word' id='word_1_585' title='bbox 1412 4331 1527 4372; x_wconf 87' lang='lat' dir='ltr'><strong>non</strong></span> <span class='ocrx_word' id='word_1_586' title='bbox 1578 4331 1932 4391; x_wconf 73' lang='lat' dir='ltr'><strong>agnoscunt,</strong></span> <span class='ocrx_word' id='word_1_587' title='bbox 1995 4325 2385 4397; x_wconf 77' lang='lat' dir='ltr'><strong>sycaphantice</strong></span> <span class='ocrx_word' id='word_1_588' title='bbox 2470 4341 2535 4382; x_wconf 87' lang='lat' dir='ltr'><strong>ea</strong></span> <span class='ocrx_word' id='word_1_589' title='bbox 2585 4327 2852 4386; x_wconf 81' lang='lat' dir='ltr'><strong>adversus</strong></span> <span class='ocrx_word' id='word_1_590' title='bbox 2906 4344 2966 4386; x_wconf 88' lang='lat' dir='ltr'><strong>se</strong></span> <span class='ocrx_word' id='word_1_591' title='bbox 3052 4334 3367 4404; x_wconf 79' lang='lat' dir='ltr'><strong>excogitata</strong></span> <span class='ocrx_word' id='word_1_592' title='bbox 3425 4350 3553 4392; x_wconf 88' lang='lat' dir='ltr'><strong>esse</strong></span> <span class='ocrx_word' id='word_1_593' title='bbox 3587 4337 3740 4394; x_wconf 74' lang='lat' dir='ltr'><strong>allii--</strong></span> 
     </span>
    </p>
   </div>
   <div class='ocr_carea' id='block_1_85' title="bbox 462 4423 698 4470">
    <p class='ocr_par' dir='ltr' id='par_1_85' title="bbox 462 4423 698 4470">
     <span class='ocr_line' id='line_1_85' title="bbox 462 4423 698 4470; baseline -0.021 -1"><span class='ocrx_word' id='word_1_594' title='bbox 462 4423 698 4470; x_wconf 72' lang='lat' dir='ltr'><strong>mantes.</strong></span> 
     </span>
    </p>
   </div>
   <div class='ocr_carea' id='block_1_86' title="bbox 1023 4530 1484 4590">
    <p class='ocr_par' dir='ltr' id='par_1_86' title="bbox 1023 4530 1484 4590">
     <span class='ocr_line' id='line_1_86' title="bbox 1023 4530 1484 4590; baseline 0.009 -4"><span class='ocrx_word' id='word_1_595' title='bbox 1023 4530 1251 4587; x_wconf 82' lang='lat' dir='ltr'><strong>CAPUT</strong></span> <span class='ocrx_word' id='word_1_596' title='bbox 1292 4531 1484 4590; x_wconf 80' lang='lat' dir='ltr'><strong>XXIII.</strong></span> 
     </span>
    </p>
   </div>
   <div class='ocr_carea' id='block_1_87' title="bbox 464 4638 2047 4721">
    <p class='ocr_par' dir='ltr' id='par_1_87' title="bbox 464 4638 2047 4721">
     <span class='ocr_line' id='line_1_87' title="bbox 464 4638 2047 4721; baseline 0.004 -23"><span class='ocrx_word' id='word_1_597' title='bbox 464 4644 543 4699; x_wconf 83' lang='lat' dir='ltr'><strong>De</strong></span> <span class='ocrx_word' id='word_1_598' title='bbox 573 4641 879 4710; x_wconf 69' lang='lat' dir='ltr'><strong>Apollinari</strong></span> <span class='ocrx_word' id='word_1_599' title='bbox 928 4638 1268 4721; x_wconf 72' lang='lat' dir='ltr'><strong>Hierapolim</strong></span> <span class='ocrx_word' id='word_1_600' title='bbox 1291 4683 1305 4709; x_wconf 90' lang='lat'><strong>,</strong></span> <span class='ocrx_word' id='word_1_601' title='bbox 1339 4661 1459 4721; x_wconf 79' lang='lat' dir='ltr'><strong>quce</strong></span> <span class='ocrx_word' id='word_1_602' title='bbox 1494 4646 1539 4721; x_wconf 75' lang='lat' dir='ltr'><strong>is</strong></span> <span class='ocrx_word' id='word_1_603' title='bbox 1569 4657 1756 4703; x_wconf 83' lang='lat' dir='ltr'><strong>contra</strong></span> <span class='ocrx_word' id='word_1_604' title='bbox 1781 4650 2047 4721; x_wconf 77' lang='lat' dir='ltr'><strong>ejusmodi</strong></span> 
     </span>
    </p>
   </div>
   <div class='ocr_carea' id='block_1_88' title="bbox 981 4715 1547 4786">
    <p class='ocr_par' dir='ltr' id='par_1_88' title="bbox 981 4715 1547 4786">
     <span class='ocr_line' id='line_1_88' title="bbox 981 4715 1547 4786; baseline 0.009 -19"><span class='ocrx_word' id='word_1_605' title='bbox 981 4715 1221 4767; x_wconf 64' lang='grc' dir='ltr'><strong>ἡαπ-(ξείνη</strong></span> <span class='ocrx_word' id='word_1_606' title='bbox 1257 4718 1547 4786; x_wconf 75' lang='lat' dir='ltr'><strong>scripserit.</strong></span> 
     </span>
    </p>
   </div>
   <div class='ocr_carea' id='block_1_89' title="bbox 532 4825 2049 4901">
    <p class='ocr_par' dir='ltr' id='par_1_89' title="bbox 532 4825 2049 4901">
     <span class='ocr_line' id='line_1_89' title="bbox 532 4825 2049 4901; baseline 0.009 -22"><span class='ocrx_word' id='word_1_607' title='bbox 532 4825 875 4879; x_wconf 78' lang='lat' dir='ltr'><strong>Lueulenter</strong></span> <span class='ocrx_word' id='word_1_608' title='bbox 911 4840 1063 4889; x_wconf 85' lang='lat' dir='ltr'><strong>sane,</strong></span> <span class='ocrx_word' id='word_1_609' title='bbox 1102 4825 1156 4880; x_wconf 90' lang='lat' dir='ltr'><strong>id</strong></span> <span class='ocrx_word' id='word_1_610' title='bbox 1183 4828 1329 4896; x_wconf 87' lang='lat' dir='ltr'><strong>quod</strong></span> <span class='ocrx_word' id='word_1_611' title='bbox 1361 4839 1523 4885; x_wconf 88' lang='lat' dir='ltr'><strong>antea</strong></span> <span class='ocrx_word' id='word_1_612' title='bbox 1558 4835 1874 4901; x_wconf 85' lang='lat' dir='ltr'><strong>retulimus,</strong></span> <span class='ocrx_word' id='word_1_613' title='bbox 1915 4853 2049 4892; x_wconf 87' lang='lat' dir='ltr'><strong>con-</strong></span> 
     </span>
    </p>
   </div>
   <div class='ocr_carea' id='block_1_90' title="bbox 462 4918 2047 4997">
    <p class='ocr_par' dir='ltr' id='par_1_90' title="bbox 462 4918 2047 4997">
     <span class='ocr_line' id='line_1_90' title="bbox 462 4918 2047 4997; baseline 0.007 -25"><span class='ocrx_word' id='word_1_614' title='bbox 462 4928 549 4974; x_wconf 70' lang='lat' dir='ltr'><strong>tra</strong></span> <span class='ocrx_word' id='word_1_615' title='bbox 582 4918 729 4972; x_wconf 88' lang='lat' dir='ltr'><strong>hanc</strong></span> <span class='ocrx_word' id='word_1_616' title='bbox 776 4928 983 4972; x_wconf 86' lang='lat' dir='ltr'><strong>sectam</strong></span> <span class='ocrx_word' id='word_1_617' title='bbox 1032 4918 1261 4989; x_wconf 78' lang='lat' dir='ltr'><strong>scripsit</strong></span> <span class='ocrx_word' id='word_1_618' title='bbox 1306 4922 1645 4991; x_wconf 83' lang='lat' dir='ltr'><strong>Apollinaris</strong></span> <span class='ocrx_word' id='word_1_619' title='bbox 1677 4924 2047 4997; x_wconf 77' lang='lat' dir='ltr'><strong>Hierapolita,</strong></span> 
     </span>
    </p>
   </div>
   <div class='ocr_carea' id='block_1_91' title="bbox 462 5007 2047 5082">
    <p class='ocr_par' dir='ltr' id='par_1_91' title="bbox 462 5007 2047 5082">
     <span class='ocr_line' id='line_1_91' title="bbox 462 5007 2047 5082; baseline 0.011 -25"><span class='ocrx_word' id='word_1_620' title='bbox 462 5010 555 5078; x_wconf 83' lang='lat' dir='ltr'><strong>qni</strong></span> <span class='ocrx_word' id='word_1_621' title='bbox 586 5008 772 5062; x_wconf 88' lang='lat' dir='ltr'><strong>statim</strong></span> <span class='ocrx_word' id='word_1_622' title='bbox 800 5007 854 5061; x_wconf 91' lang='lat' dir='ltr'><strong>in</strong></span> <span class='ocrx_word' id='word_1_623' title='bbox 888 5008 1166 5078; x_wconf 86' lang='lat' dir='ltr'><strong>principio</strong></span> <span class='ocrx_word' id='word_1_624' title='bbox 1213 5012 1506 5082; x_wconf 74' lang='lat' dir='ltr'><strong>scriptura:</strong></span> <span class='ocrx_word' id='word_1_625' title='bbox 1546 5030 1659 5070; x_wconf 79' lang='lat' dir='ltr'><strong>sua:</strong></span> <span class='ocrx_word' id='word_1_626' title='bbox 1690 5032 1750 5073; x_wconf 87' lang='lat' dir='ltr'><strong>se</strong></span> <span class='ocrx_word' id='word_1_627' title='bbox 1778 5018 2047 5076; x_wconf 85' lang='lat' dir='ltr'><strong>adversus</strong></span> 
     </span>
    </p>
   </div>
   <div class='ocr_carea' id='block_1_92' title="bbox 462 5101 2051 5172">
    <p class='ocr_par' dir='ltr' id='par_1_92' title="bbox 462 5101 2051 5172">
     <span class='ocr_line' id='line_1_92' title="bbox 462 5101 2051 5172; baseline 0.01 -18"><span class='ocrx_word' id='word_1_628' title='bbox 462 5115 586 5154; x_wconf 89' lang='lat' dir='ltr'><strong>eam</strong></span> <span class='ocrx_word' id='word_1_629' title='bbox 630 5101 973 5169; x_wconf 81' lang='lat' dir='ltr'><strong>argumentis</strong></span> <span class='ocrx_word' id='word_1_630' title='bbox 1018 5115 1241 5172; x_wconf 86' lang='lat' dir='ltr'><strong>quoque</strong></span> <span class='ocrx_word' id='word_1_631' title='bbox 1287 5113 1346 5157; x_wconf 87' lang='lat' dir='ltr'><strong>et</strong></span> <span class='ocrx_word' id='word_1_632' title='bbox 1401 5104 1880 5165; x_wconf 71' lang='lat' dir='ltr'><strong>contntationibus</strong></span> <span class='ocrx_word' id='word_1_633' title='bbox 1930 5113 2051 5170; x_wconf 85' lang='lat' dir='ltr'><strong>sine</strong></span> 
     </span>
    </p>
   </div>
   <div class='ocr_carea' id='block_1_93' title="bbox 460 5193 2045 5265">
    <p class='ocr_par' dir='ltr' id='par_1_93' title="bbox 460 5193 2045 5265">
     <span class='ocr_line' id='line_1_93' title="bbox 460 5193 2045 5265; baseline 0.006 -15"><span class='ocrx_word' id='word_1_634' title='bbox 460 5194 668 5264; x_wconf 84' lang='lat' dir='ltr'><strong>scripto</strong></span> <span class='ocrx_word' id='word_1_635' title='bbox 722 5193 1067 5265; x_wconf 81' lang='lat' dir='ltr'><strong>depugnasse</strong></span> <span class='ocrx_word' id='word_1_636' title='bbox 1126 5195 1394 5250; x_wconf 90' lang='lat' dir='ltr'><strong>ostendit.</strong></span> <span class='ocrx_word' id='word_1_637' title='bbox 1442 5196 1673 5253; x_wconf 88' lang='lat' dir='ltr'><strong>Librum</strong></span> <span class='ocrx_word' id='word_1_638' title='bbox 1731 5216 1917 5258; x_wconf 83' lang='lat' dir='ltr'><strong>autem</strong></span> <span class='ocrx_word' id='word_1_639' title='bbox 1975 5205 2045 5260; x_wconf 91' lang='lat' dir='ltr'><strong>ad</strong></span> 
     </span>
    </p>
   </div>
   <div class='ocr_carea' id='block_1_94' title="bbox 458 5288 2048 5368">
    <p class='ocr_par' dir='ltr' id='par_1_94' title="bbox 458 5288 2048 5368">
     <span class='ocr_line' id='line_1_94' title="bbox 458 5288 2048 5368; baseline 0.006 -24"><span class='ocrx_word' id='word_1_640' title='bbox 458 5288 756 5344; x_wconf 85' lang='lat' dir='ltr'><strong>Abercium</strong></span> <span class='ocrx_word' id='word_1_641' title='bbox 787 5289 1083 5358; x_wconf 84' lang='lat' dir='ltr'><strong>quemdam</strong></span> <span class='ocrx_word' id='word_1_642' title='bbox 1110 5290 1358 5359; x_wconf 87' lang='lat' dir='ltr'><strong>scripsit,</strong></span> <span class='ocrx_word' id='word_1_643' title='bbox 1393 5291 1558 5346; x_wconf 89' lang='lat' dir='ltr'><strong>talem</strong></span> <span class='ocrx_word' id='word_1_644' title='bbox 1592 5307 1826 5351; x_wconf 78' lang='lat' dir='ltr'><strong>exorsus</strong></span> <span class='ocrx_word' id='word_1_645' title='bbox 1853 5299 2048 5368; x_wconf 77' lang='lat' dir='ltr'><strong>praefa-</strong></span> 
     </span>
    </p>
   </div>
   <div class='ocr_carea' id='block_1_95' title="bbox 460 5381 2048 5456">
    <p class='ocr_par' dir='ltr' id='par_1_95' title="bbox 460 5381 2048 5456">
     <span class='ocr_line' id='line_1_95' title="bbox 460 5381 2048 5456; baseline 0.008 -20"><span class='ocrx_word' id='word_1_646' title='bbox 460 5384 712 5439; x_wconf 87' lang='lat' dir='ltr'><strong>tionem:</strong></span> <span class='ocrx_word' id='word_1_647' title='bbox 755 5401 772 5434; x_wconf 85' lang='grc' dir='ltr'><strong>ι</strong></span> <span class='ocrx_word' id='word_1_648' title='bbox 813 5381 1161 5438; x_wconf 86' lang='lat' dir='ltr'><strong>Charissime</strong></span> <span class='ocrx_word' id='word_1_649' title='bbox 1206 5382 1408 5439; x_wconf 84' lang='lat' dir='ltr'><strong>Aberci</strong></span> <span class='ocrx_word' id='word_1_650' title='bbox 1466 5386 1743 5456; x_wconf 82' lang='lat' dir='ltr'><strong>Marcelle,</strong></span> <span class='ocrx_word' id='word_1_651' title='bbox 1782 5392 2048 5448; x_wconf 86' lang='lat' dir='ltr'><strong>mandato</strong></span> 
     </span>
    </p>
   </div>
   <div class='ocr_carea' id='block_1_96' title="bbox 461 5473 2048 5543">
    <p class='ocr_par' dir='ltr' id='par_1_96' title="bbox 461 5473 2048 5543">
     <span class='ocr_line' id='line_1_96' title="bbox 461 5473 2048 5543; baseline 0.007 -14"><span class='ocrx_word' id='word_1_652' title='bbox 461 5490 494 5529; x_wconf 91' lang='lat' dir='ltr'><strong>a</strong></span> <span class='ocrx_word' id='word_1_653' title='bbox 535 5478 615 5543; x_wconf 84' lang='lat' dir='ltr'><strong>te,</strong></span> <span class='ocrx_word' id='word_1_654' title='bbox 648 5483 708 5529; x_wconf 92' lang='lat' dir='ltr'><strong>ut</strong></span> <span class='ocrx_word' id='word_1_655' title='bbox 748 5474 960 5543; x_wconf 87' lang='lat' dir='ltr'><strong>aliquid</strong></span> <span class='ocrx_word' id='word_1_656' title='bbox 998 5473 1272 5529; x_wconf 83' lang='lat' dir='ltr'><strong>adversus</strong></span> <span class='ocrx_word' id='word_1_657' title='bbox 1313 5477 1638 5543; x_wconf 82' lang='lat' dir='ltr'><strong>Alcibiadis,</strong></span> <span class='ocrx_word' id='word_1_658' title='bbox 1675 5479 1916 5538; x_wconf 83' lang='lat' dir='ltr'><strong>fortasse</strong></span> <span class='ocrx_word' id='word_1_659' title='bbox 1950 5501 2048 5540; x_wconf 85' lang='lat' dir='ltr'><strong>au-</strong></span> 
     </span>
    </p>
   </div>
   <div class='ocr_carea' id='block_1_97' title="bbox 462 5566 2044 5644">
    <p class='ocr_par' dir='ltr' id='par_1_97' title="bbox 462 5566 2044 5644">
     <span class='ocr_line' id='line_1_97' title="bbox 462 5566 2044 5644; baseline 0.006 -23"><span class='ocrx_word' id='word_1_660' title='bbox 462 5574 574 5621; x_wconf 90' lang='lat' dir='ltr'><strong>tem</strong></span> <span class='ocrx_word' id='word_1_661' title='bbox 618 5567 941 5633; x_wconf 86' lang='lat' dir='ltr'><strong>dicendum,</strong></span> <span class='ocrx_word' id='word_1_662' title='bbox 987 5566 1235 5622; x_wconf 82' lang='lat' dir='ltr'><strong>Montani</strong></span> <span class='ocrx_word' id='word_1_663' title='bbox 1295 5568 1576 5637; x_wconf 64' lang='lat' dir='ltr'><strong>haeresim,</strong></span> <span class='ocrx_word' id='word_1_664' title='bbox 1628 5587 2044 5644; x_wconf 85' lang='lat' dir='ltr'><strong>componerem,</strong></span> 
     </span>
    </p>
   </div>
   <div class='ocr_carea' id='block_1_98' title="bbox 461 5661 2048 5731">
    <p class='ocr_par' dir='ltr' id='par_1_98' title="bbox 461 5661 2048 5731">
     <span class='ocr_line' id='line_1_98' title="bbox 461 5661 2048 5731; baseline 0.008 -17"><span class='ocrx_word' id='word_1_665' title='bbox 461 5661 785 5731; x_wconf 85' lang='lat' dir='ltr'><strong>aliquandiu</strong></span> <span class='ocrx_word' id='word_1_666' title='bbox 830 5661 1305 5718; x_wconf 84' lang='lat' dir='ltr'><strong>deliberabundus</strong></span> <span class='ocrx_word' id='word_1_667' title='bbox 1339 5672 1395 5719; x_wconf 90' lang='lat' dir='ltr'><strong>et</strong></span> <span class='ocrx_word' id='word_1_668' title='bbox 1427 5665 1692 5721; x_wconf 80' lang='lat' dir='ltr'><strong>haesitans</strong></span> <span class='ocrx_word' id='word_1_669' title='bbox 1724 5683 1812 5723; x_wconf 88' lang='lat' dir='ltr'><strong>me</strong></span> <span class='ocrx_word' id='word_1_670' title='bbox 1865 5673 2048 5727; x_wconf 87' lang='lat' dir='ltr'><strong>conti-</strong></span> 
     </span>
    </p>
   </div>
   <div class='ocr_carea' id='block_1_99' title="bbox 464 5754 2046 5829">
    <p class='ocr_par' dir='ltr' id='par_1_99' title="bbox 464 5754 2046 5829">
     <span class='ocr_line' id='line_1_99' title="bbox 464 5754 2046 5829; baseline 0.011 -24"><span class='ocrx_word' id='word_1_671' title='bbox 464 5754 608 5808; x_wconf 90' lang='lat' dir='ltr'><strong>nui:</strong></span> <span class='ocrx_word' id='word_1_672' title='bbox 648 5769 759 5809; x_wconf 80' lang='lat' dir='ltr'><strong>non</strong></span> <span class='ocrx_word' id='word_1_673' title='bbox 799 5757 1084 5826; x_wconf 89' lang='lat' dir='ltr'><strong>equidem,</strong></span> <span class='ocrx_word' id='word_1_674' title='bbox 1126 5758 1279 5829; x_wconf 86' lang='lat' dir='ltr'><strong>quod</strong></span> <span class='ocrx_word' id='word_1_675' title='bbox 1323 5759 1510 5815; x_wconf 89' lang='lat' dir='ltr'><strong>minus</strong></span> <span class='ocrx_word' id='word_1_676' title='bbox 1570 5762 1922 5820; x_wconf 81' lang='lat' dir='ltr'><strong>mendacium</strong></span> <span class='ocrx_word' id='word_1_677' title='bbox 1956 5783 2046 5821; x_wconf 83' lang='lat' dir='ltr'><strong>re-</strong></span> 
     </span>
    </p>
   </div>
   <div class='ocr_carea' id='block_1_100' title="bbox 469 5842 2044 5924">
    <p class='ocr_par' dir='ltr' id='par_1_100' title="bbox 469 5842 2044 5924">
     <span class='ocr_line' id='line_1_100' title="bbox 469 5842 2044 5924; baseline 0.014 -31"><span class='ocrx_word' id='word_1_678' title='bbox 469 5842 775 5912; x_wconf 76' lang='lat' dir='ltr'><strong>darguere,</strong></span> <span class='ocrx_word' id='word_1_679' title='bbox 835 5848 1169 5919; x_wconf 84' lang='lat' dir='ltr'><strong>veritatique</strong></span> <span class='ocrx_word' id='word_1_680' title='bbox 1232 5850 1566 5921; x_wconf 82' lang='lat' dir='ltr'><strong>patrocinari</strong></span> <span class='ocrx_word' id='word_1_681' title='bbox 1621 5868 1880 5924; x_wconf 81' lang='lat' dir='ltr'><strong>possem;</strong></span> <span class='ocrx_word' id='word_1_682' title='bbox 1946 5861 2044 5915; x_wconf 87' lang='lat' dir='ltr'><strong>sed</strong></span> 
     </span>
    </p>
   </div>
   <div class='ocr_carea' id='block_1_101' title="bbox 2011 4531 2129 4608">
    <p class='ocr_par' dir='ltr' id='par_1_101' title="bbox 2011 4531 2129 4608">
     <span class='ocr_line' id='line_1_101' title="bbox 2011 4531 2129 4608; baseline 0 0"><span class='ocrx_word' id='word_1_683' title='bbox 2011 4531 2015 4536; x_wconf 85' lang='grc'><em>’</em></span> <span class='ocrx_word' id='word_1_684' title='bbox 2079 4549 2129 4608; x_wconf 83' lang='grc' dir='ltr'><strong>ο</strong></span> 
     </span>
    </p>
   </div>
   <div class='ocr_carea' id='block_1_102' title="bbox 2741 4540 3157 4598">
    <p class='ocr_par' dir='ltr' id='par_1_102' title="bbox 2741 4540 3157 4598">
     <span class='ocr_line' id='line_1_102' title="bbox 2741 4540 3157 4598; baseline 0.012 -6"><span class='ocrx_word' id='word_1_685' title='bbox 2741 4540 2993 4596; x_wconf 78' lang='grc' dir='ltr'><strong>ΚΕΦΑΛ.</strong></span> <span class='ocrx_word' id='word_1_686' title='bbox 3028 4540 3157 4598; x_wconf 73' lang='grc' dir='ltr'><strong>ΚΓ.</strong></span> 
     </span>
    </p>
   </div>
   <div class='ocr_carea' id='block_1_103' title="bbox 2156 4651 3743 4723">
    <p class='ocr_par' dir='ltr' id='par_1_103' title="bbox 2156 4651 3743 4723">
     <span class='ocr_line' id='line_1_103' title="bbox 2156 4651 3743 4723; baseline 0.008 -15"><span class='ocrx_word' id='word_1_687' title='bbox 2156 4651 2297 4722; x_wconf 77' lang='grc' dir='ltr'>Περὶ</span> <span class='ocrx_word' id='word_1_688' title='bbox 2340 4653 2801 4723; x_wconf 67' lang='grc' dir='ltr'>Ἀπολλιναρίου</span> <span class='ocrx_word' id='word_1_689' title='bbox 2826 4653 2931 4707; x_wconf 83' lang='grc' dir='ltr'>τοῦ</span> <span class='ocrx_word' id='word_1_690' title='bbox 2967 4653 3383 4723; x_wconf 76' lang='grc' dir='ltr'>Ἰεραπολίτου</span> <span class='ocrx_word' id='word_1_691' title='bbox 3403 4675 3416 4689; x_wconf 90' lang='grc'><strong>·</strong></span> <span class='ocrx_word' id='word_1_692' title='bbox 3448 4661 3565 4714; x_wconf 80' lang='grc' dir='ltr'>ὅσα</span> <span class='ocrx_word' id='word_1_693' title='bbox 3586 4667 3743 4723; x_wconf 80' lang='grc' dir='ltr'>κατὰ</span> 
     </span>
    </p>
   </div>
   <div class='ocr_carea' id='block_1_104' title="bbox 2332 4722 3556 4801">
    <p class='ocr_par' dir='ltr' id='par_1_104' title="bbox 2332 4722 3556 4801">
     <span class='ocr_line' id='line_1_104' title="bbox 2332 4722 3556 4801; baseline 0.008 -25"><span class='ocrx_word' id='word_1_694' title='bbox 2332 4722 2444 4792; x_wconf 84' lang='grc' dir='ltr'>τῆς</span> <span class='ocrx_word' id='word_1_695' title='bbox 2472 4725 2755 4801; x_wconf 74' lang='grc' dir='ltr'>τοιαύτης</span> <span class='ocrx_word' id='word_1_696' title='bbox 2788 4723 3078 4792; x_wconf 77' lang='grc' dir='ltr'>αΙρέο-εὼς</span> <span class='ocrx_word' id='word_1_697' title='bbox 3106 4734 3556 4799; x_wconf 71' lang='grc' dir='ltr'>συνεγράψατο.</span> 
     </span>
    </p>
   </div>
   <div class='ocr_carea' id='block_1_105' title="bbox 2224 4843 3734 4925">
    <p class='ocr_par' dir='ltr' id='par_1_105' title="bbox 2224 4843 3734 4925">
     <span class='ocr_line' id='line_1_105' title="bbox 2224 4843 3734 4925; baseline 0.006 -29"><span class='ocrx_word' id='word_1_698' title='bbox 2224 4844 2515 4915; x_wconf 83' lang='grc' dir='ltr'>Λαμπρῶς</span> <span class='ocrx_word' id='word_1_699' title='bbox 2544 4843 2679 4913; x_wconf 82' lang='grc' dir='ltr'>γοῦν</span> <span class='ocrx_word' id='word_1_700' title='bbox 2708 4844 2830 4898; x_wconf 87' lang='grc' dir='ltr'>κατ’</span> <span class='ocrx_word' id='word_1_701' title='bbox 2871 4846 3046 4916; x_wconf 80' lang='grc' dir='ltr'>αὐτῆς</span> <span class='ocrx_word' id='word_1_702' title='bbox 3077 4849 3104 4899; x_wconf 81' lang='grc' dir='ltr'>ὁ</span> <span class='ocrx_word' id='word_1_703' title='bbox 3142 4845 3513 4919; x_wconf 84' lang='grc' dir='ltr'>Ἱεραπολίτης</span> <span class='ocrx_word' id='word_1_704' title='bbox 3547 4845 3734 4925; x_wconf 80' lang='grc' dir='ltr'>ἐνέστη</span> 
     </span>
    </p>
   </div>
   <div class='ocr_carea' id='block_1_106' title="bbox 2170 4937 3739 5014">
    <p class='ocr_par' dir='ltr' id='par_1_106' title="bbox 2170 4937 3739 5014">
     <span class='ocr_line' id='line_1_106' title="bbox 2170 4937 3739 5014; baseline 0.006 -25"><span class='ocrx_word' id='word_1_705' title='bbox 2170 4937 2598 5007; x_wconf 78' lang='grc' dir='ltr'>’Δπολλινάριος,</span> <span class='ocrx_word' id='word_1_706' title='bbox 2625 4938 2704 5002; x_wconf 82' lang='grc' dir='ltr'>ὡς</span> <span class='ocrx_word' id='word_1_707' title='bbox 2735 4939 3098 5009; x_wconf 79' lang='grc' dir='ltr'>προείπομεν.</span> <span class='ocrx_word' id='word_1_708' title='bbox 3138 4942 3248 4993; x_wconf 82' lang='grc' dir='ltr'><strong>Καὶ</strong></span> <span class='ocrx_word' id='word_1_709' title='bbox 3279 4943 3460 4995; x_wconf 79' lang='grc' dir='ltr'>τοίνυν</span> <span class='ocrx_word' id='word_1_710' title='bbox 3499 4947 3739 5014; x_wconf 81' lang='grc' dir='ltr'>ἀρχόμε-</span> 
     </span>
    </p>
   </div>
   <div class='ocr_carea' id='block_1_107' title="bbox 2154 5031 3736 5109">
    <p class='ocr_par' dir='ltr' id='par_1_107' title="bbox 2154 5031 3736 5109">
     <span class='ocr_line' id='line_1_107' title="bbox 2154 5031 3736 5109; baseline 0.006 -26"><span class='ocrx_word' id='word_1_711' title='bbox 2154 5048 2243 5094; x_wconf 90' lang='grc' dir='ltr'><strong>νος</strong></span> <span class='ocrx_word' id='word_1_712' title='bbox 2270 5031 2369 5100; x_wconf 81' lang='grc' dir='ltr'>τῆς</span> <span class='ocrx_word' id='word_1_713' title='bbox 2398 5032 2622 5102; x_wconf 78' lang='grc' dir='ltr'>γραφῆς</span> <span class='ocrx_word' id='word_1_714' title='bbox 2647 5033 2927 5102; x_wconf 79' lang='grc' dir='ltr'>ἐμφαίνει,</span> <span class='ocrx_word' id='word_1_715' title='bbox 2962 5035 3038 5098; x_wconf 87' lang='grc' dir='ltr'>ὡς</span> <span class='ocrx_word' id='word_1_716' title='bbox 3069 5036 3166 5088; x_wconf 79' lang='grc' dir='ltr'>καὶ</span> <span class='ocrx_word' id='word_1_717' title='bbox 3188 5038 3462 5107; x_wconf 69' lang='grc' dir='ltr'>ἀγράφοις</span> <span class='ocrx_word' id='word_1_718' title='bbox 3494 5040 3736 5109; x_wconf 73' lang='grc' dir='ltr'>ἐλέγχοις</span> 
     </span>
    </p>
   </div>
   <div class='ocr_carea' id='block_1_108' title="bbox 2154 5123 3731 5201">
    <p class='ocr_par' dir='ltr' id='par_1_108' title="bbox 2154 5123 3731 5201">
     <span class='ocr_line' id='line_1_108' title="bbox 2154 5123 3731 5201; baseline 0.008 -26"><span class='ocrx_word' id='word_1_719' title='bbox 2154 5125 2337 5187; x_wconf 81' lang='grc' dir='ltr'>αὐτοῖς</span> <span class='ocrx_word' id='word_1_720' title='bbox 2376 5123 2730 5189; x_wconf 72' lang='grc' dir='ltr'>ἀντετάξατο.</span> <span class='ocrx_word' id='word_1_721' title='bbox 2770 5126 3044 5199; x_wconf 76' lang='grc' dir='ltr'>Ἀὅερκίῳ</span> <span class='ocrx_word' id='word_1_722' title='bbox 3077 5127 3134 5181; x_wconf 89' lang='grc' dir='ltr'><strong>δέ</strong></span> <span class='ocrx_word' id='word_1_723' title='bbox 3167 5146 3274 5183; x_wconf 83' lang='grc' dir='ltr'>τινι</span> <span class='ocrx_word' id='word_1_724' title='bbox 3302 5132 3360 5184; x_wconf 78' lang='grc' dir='ltr'>τὸ</span> <span class='ocrx_word' id='word_1_725' title='bbox 3392 5131 3731 5201; x_wconf 77' lang='grc' dir='ltr'>σύγγραμμα</span> 
     </span>
    </p>
   </div>
   <div class='ocr_carea' id='block_1_109' title="bbox 2156 5218 3735 5295">
    <p class='ocr_par' dir='ltr' id='par_1_109' title="bbox 2156 5218 3735 5295">
     <span class='ocr_line' id='line_1_109' title="bbox 2156 5218 3735 5295; baseline 0.006 -27"><span class='ocrx_word' id='word_1_726' title='bbox 2156 5218 2496 5286; x_wconf 80' lang='grc' dir='ltr'>προσφωνεῖ,</span> <span class='ocrx_word' id='word_1_727' title='bbox 2554 5218 2760 5271; x_wconf 78' lang='grc' dir='ltr'>οὑτωσὶ</span> <span class='ocrx_word' id='word_1_728' title='bbox 2801 5221 3333 5290; x_wconf 78' lang='grc' dir='ltr'>προοιμιαζόμενος’</span> <span class='ocrx_word' id='word_1_729' title='bbox 3396 5243 3414 5275; x_wconf 79' lang='grc' dir='ltr'><strong>ι</strong></span> <span class='ocrx_word' id='word_1_730' title='bbox 3457 5225 3735 5295; x_wconf 69' lang='grc' dir='ltr'>’Δγαπητὲ</span> 
     </span>
    </p>
   </div>
   <div class='ocr_carea' id='block_1_110' title="bbox 2168 5306 3731 5387">
    <p class='ocr_par' dir='ltr' id='par_1_110' title="bbox 2168 5306 3731 5387">
     <span class='ocr_line' id='line_1_110' title="bbox 2168 5306 3731 5387; baseline 0.009 -29"><span class='ocrx_word' id='word_1_731' title='bbox 2168 5306 2424 5377; x_wconf 75' lang='grc' dir='ltr'>Ἀϐέρκιε</span> <span class='ocrx_word' id='word_1_732' title='bbox 2456 5308 2776 5379; x_wconf 80' lang='grc' dir='ltr'>Μάρκελλε,</span> <span class='ocrx_word' id='word_1_733' title='bbox 2806 5311 3121 5383; x_wconf 77' lang='grc' dir='ltr'>ἐπιταχθεὶς</span> <span class='ocrx_word' id='word_1_734' title='bbox 3149 5314 3255 5367; x_wconf 85' lang='grc' dir='ltr'>ὑπὸ</span> <span class='ocrx_word' id='word_1_735' title='bbox 3288 5316 3378 5368; x_wconf 79' lang='grc' dir='ltr'>σοῦ</span> <span class='ocrx_word' id='word_1_736' title='bbox 3420 5318 3731 5387; x_wconf 58' lang='grc' dir='ltr'>συγγράψαι</span> 
     </span>
    </p>
   </div>
   <div class='ocr_carea' id='block_1_111' title="bbox 2153 5401 3735 5479">
    <p class='ocr_par' dir='ltr' id='par_1_111' title="bbox 2153 5401 3735 5479">
     <span class='ocr_line' id='line_1_111' title="bbox 2153 5401 3735 5479; baseline 0.007 -26"><span class='ocrx_word' id='word_1_737' title='bbox 2153 5406 2277 5453; x_wconf 80' lang='grc' dir='ltr'>τινα</span> <span class='ocrx_word' id='word_1_738' title='bbox 2310 5401 2468 5469; x_wconf 84' lang='grc' dir='ltr'>λόγον</span> <span class='ocrx_word' id='word_1_739' title='bbox 2516 5404 2597 5464; x_wconf 84' lang='grc' dir='ltr'><strong>είς</strong></span> <span class='ocrx_word' id='word_1_740' title='bbox 2619 5402 2716 5471; x_wconf 77' lang='grc' dir='ltr'>τὴν</span> <span class='ocrx_word' id='word_1_741' title='bbox 2742 5403 2853 5456; x_wconf 85' lang='grc' dir='ltr'><strong>τῶν</strong></span> <span class='ocrx_word' id='word_1_742' title='bbox 2902 5409 3045 5459; x_wconf 76' lang='grc' dir='ltr'>κατὰ</span> <span class='ocrx_word' id='word_1_743' title='bbox 3080 5406 3407 5479; x_wconf 83' lang='grc' dir='ltr'>Μιλτιάδην,</span> <span class='ocrx_word' id='word_1_744' title='bbox 3434 5402 3555 5463; x_wconf 72' lang='grc' dir='ltr'>ἴσον</span> <span class='ocrx_word' id='word_1_745' title='bbox 3583 5412 3627 5463; x_wconf 84' lang='grc' dir='ltr'>δ’</span> <span class='ocrx_word' id='word_1_746' title='bbox 3656 5414 3735 5464; x_wconf 80' lang='grc' dir='ltr'><strong>εἰ-</strong></span> 
     </span>
    </p>
   </div>
   <div class='ocr_carea' id='block_1_112' title="bbox 2156 5494 3732 5574">
    <p class='ocr_par' dir='ltr' id='par_1_112' title="bbox 2156 5494 3732 5574">
     <span class='ocr_line' id='line_1_112' title="bbox 2156 5494 3732 5574; baseline 0.008 -30"><span class='ocrx_word' id='word_1_747' title='bbox 2156 5495 2278 5545; x_wconf 89' lang='grc' dir='ltr'>πεῖν</span> <span class='ocrx_word' id='word_1_748' title='bbox 2308 5494 2608 5559; x_wconf 82' lang='grc' dir='ltr'>Μοντανὺν,</span> <span class='ocrx_word' id='word_1_749' title='bbox 2660 5497 2897 5565; x_wconf 76' lang='grc' dir='ltr'>αἵρεσιν,</span> <span class='ocrx_word' id='word_1_750' title='bbox 2955 5499 3394 5570; x_wconf 82' lang='grc' dir='ltr'>ὲφεκτικώτερόν</span> <span class='ocrx_word' id='word_1_751' title='bbox 3423 5519 3539 5566; x_wconf 84' lang='grc' dir='ltr'><strong>πως</strong></span> <span class='ocrx_word' id='word_1_752' title='bbox 3568 5506 3732 5574; x_wconf 78' lang='grc' dir='ltr'>μέχρι</span> 
     </span>
    </p>
   </div>
   <div class='ocr_carea' id='block_1_113' title="bbox 2154 5584 3733 5665">
    <p class='ocr_par' dir='ltr' id='par_1_113' title="bbox 2154 5584 3733 5665">
     <span class='ocr_line' id='line_1_113' title="bbox 2154 5584 3733 5665; baseline 0.008 -29"><span class='ocrx_word' id='word_1_753' title='bbox 2154 5587 2247 5638; x_wconf 82' lang='grc' dir='ltr'>νῦν</span> <span class='ocrx_word' id='word_1_754' title='bbox 2274 5584 2580 5655; x_wconf 86' lang='grc' dir='ltr'>διεκείμην,</span> <span class='ocrx_word' id='word_1_755' title='bbox 2636 5589 2737 5641; x_wconf 80' lang='grc' dir='ltr'><strong>οὐκ</strong></span> <span class='ocrx_word' id='word_1_756' title='bbox 2785 5589 2994 5660; x_wconf 79' lang='grc' dir='ltr'>ἀπορίᾳ</span> <span class='ocrx_word' id='word_1_757' title='bbox 3026 5590 3119 5645; x_wconf 82' lang='grc' dir='ltr'>τοῦ</span> <span class='ocrx_word' id='word_1_758' title='bbox 3175 5593 3438 5647; x_wconf 84' lang='grc' dir='ltr'>δύνασθαι</span> <span class='ocrx_word' id='word_1_759' title='bbox 3492 5597 3733 5665; x_wconf 77' lang='grc' dir='ltr'>ἐλέγχειν</span> 
     </span>
    </p>
   </div>
   <div class='ocr_carea' id='block_1_114' title="bbox 2156 5679 3733 5758">
    <p class='ocr_par' dir='ltr' id='par_1_114' title="bbox 2156 5679 3733 5758">
     <span class='ocr_line' id='line_1_114' title="bbox 2156 5679 3733 5758; baseline 0.008 -29"><span class='ocrx_word' id='word_1_760' title='bbox 2156 5679 2256 5748; x_wconf 85' lang='grc' dir='ltr'>μὲν</span> <span class='ocrx_word' id='word_1_761' title='bbox 2285 5679 2343 5731; x_wconf 83' lang='grc' dir='ltr'><strong>τὸ</strong></span> <span class='ocrx_word' id='word_1_762' title='bbox 2376 5679 2592 5749; x_wconf 77' lang='grc' dir='ltr'>ψεῦδος,</span> <span class='ocrx_word' id='word_1_763' title='bbox 2630 5685 2931 5752; x_wconf 85' lang='grc' dir='ltr'>μαρτυρεῖν</span> <span class='ocrx_word' id='word_1_764' title='bbox 2963 5684 3020 5737; x_wconf 85' lang='grc' dir='ltr'>δὲ</span> <span class='ocrx_word' id='word_1_765' title='bbox 3055 5688 3118 5756; x_wconf 80' lang='grc' dir='ltr'>τῇ</span> <span class='ocrx_word' id='word_1_766' title='bbox 3155 5686 3389 5758; x_wconf 82' lang='grc' dir='ltr'>ἀληθείᾳ</span> <span class='ocrx_word' id='word_1_767' title='bbox 3410 5703 3425 5720; x_wconf 76' lang='grc' dir='ltr'><strong>ο</strong></span> <span class='ocrx_word' id='word_1_768' title='bbox 3456 5688 3641 5751; x_wconf 85' lang='grc' dir='ltr'>δεδιὼς</span> <span class='ocrx_word' id='word_1_769' title='bbox 3677 5689 3733 5742; x_wconf 75' lang='grc' dir='ltr'>δὲ</span> 
     </span>
    </p>
   </div>
   <div class='ocr_carea' id='block_1_115' title="bbox 2154 5773 3735 5854">
    <p class='ocr_par' dir='ltr' id='par_1_115' title="bbox 2154 5773 3735 5854">
     <span class='ocr_line' id='line_1_115' title="bbox 2154 5773 3735 5854; baseline 0.008 -31"><span class='ocrx_word' id='word_1_770' title='bbox 2154 5775 2249 5824; x_wconf 75' lang='grc' dir='ltr'><strong>καὶ</strong></span> <span class='ocrx_word' id='word_1_771' title='bbox 2274 5773 2503 5826; x_wconf 77' lang='grc' dir='ltr'>εὑλαὸού</span> <span class='ocrx_word' id='word_1_772' title='bbox 2514 5792 2696 5843; x_wconf 86' lang='grc' dir='ltr'>μενος,</span> <span class='ocrx_word' id='word_1_773' title='bbox 2724 5781 2800 5848; x_wconf 85' lang='grc' dir='ltr'>μή</span> <span class='ocrx_word' id='word_1_774' title='bbox 2828 5795 2942 5842; x_wconf 81' lang='grc' dir='ltr'><strong>πως</strong></span> <span class='ocrx_word' id='word_1_775' title='bbox 2968 5779 3106 5844; x_wconf 79' lang='grc' dir='ltr'>δόξω</span> <span class='ocrx_word' id='word_1_776' title='bbox 3130 5784 3275 5834; x_wconf 79' lang='grc' dir='ltr'>τισὶν</span> <span class='ocrx_word' id='word_1_777' title='bbox 3302 5785 3735 5854; x_wconf 77' lang='grc' dir='ltr'>ἐπισυγγράφειν</span> 
     </span>
    </p>
   </div>
   <div class='ocr_carea' id='block_1_116' title="bbox 2156 5866 3727 5945">
    <p class='ocr_par' dir='ltr' id='par_1_116' title="bbox 2156 5866 3727 5945">
     <span class='ocr_line' id='line_1_116' title="bbox 2156 5866 3727 5945; baseline 0.006 -28"><span class='ocrx_word' id='word_1_778' title='bbox 2156 5866 2189 5935; x_wconf 80' lang='grc' dir='ltr'><strong>ἢ</strong></span> <span class='ocrx_word' id='word_1_779' title='bbox 2223 5866 2709 5924; x_wconf 73' lang='grc' dir='ltr'>ἐπιδιατάσσεσθαι</span> <span class='ocrx_word' id='word_1_780' title='bbox 2763 5871 2841 5942; x_wconf 76' lang='grc' dir='ltr'>τῷ</span> <span class='ocrx_word' id='word_1_781' title='bbox 2896 5874 2996 5944; x_wconf 78' lang='grc' dir='ltr'>τῆς</span> <span class='ocrx_word' id='word_1_782' title='bbox 3023 5872 3121 5927; x_wconf 83' lang='grc' dir='ltr'>τοῦ</span> <span class='ocrx_word' id='word_1_783' title='bbox 3168 5873 3502 5944; x_wconf 68' lang='grc' dir='ltr'>Εὐαγγελίου</span> <span class='ocrx_word' id='word_1_784' title='bbox 3533 5877 3727 5945; x_wconf 71' lang='grc' dir='ltr'>καινῆς</span> 
     </span>
    </p>
   </div>
  </div>
