4032 6424
403 434 540 499 1-337

1332 374 1938 490 ECCLiESlAS'l‘lCE
1985 421 2369 481 merome
2407 418 2555 483 Lm.
2590 382 2705 481 iv.

3524 420 3654 483 1038

401 550 677 620 Διαθήκης
711 547 855 619 λόγῳ
877 563 892 580 ο
933 539 976 616 ᾧ
1010 546 1149 618 μήτε
1187 547 1526 619 προσθεῖναι,
1588 545 1725 625 μήτε
1758 543 1977 610 ἀφελεῖν

2083 539 2228 609 quod
2264 538 2472 592 veritus
2502 537 2611 591 sim
2636 546 2692 591 et
2714 537 2980 601 caverim,
3007 551 3072 591 ne
3102 536 3186 591 cui
3209 536 3430 591 viderer
3450 540 3656 608 scripto

399 644 626 698 δυνατὸν
656 641 738 713 τῷ
791 640 932 694 κατά
971 640 1033 693 τὸ
1065 641 1404 708 Εὑαγγέλιον
1437 638 1570 691 αὐτὸ
1592 635 1975 690 πολιτεύεσθαι

399 735 777 810 προῃρημένῳ
797 750 813 766 ⁸
863 733 1199 803 προσφάτως
1228 731 1284 786 δὲ
1316 731 1613 802 γενόμενος
1640 731 1698 783 ὲν
1731 728 1979 799 Ἀγκύρᾳ

396 831 495 899 τῆς
526 828 820 892 Γαλατίας,
853 826 946 879 καὶ
984 823 1314 878 καταλαϐὼν
1338 824 1437 894 τὴν
1468 824 1612 878 κατὰ
1661 822 1827 875 τόπον
1882 822 1975 873 έκ-

309 934 316 940 “
401 921 655 990 κλησίαν,
691 919 796 973 ὑπὸ
825 920 925 989 τῆς
960 925 1085 979 νέας
1135 917 1365 985 ταύτης,
1398 915 1496 985 οὐχ
1539 914 1614 977 ὡς
1640 912 1795 966 αὐτοί
1819 928 1974 980 φασι.

401 1007 761 1077 προφητείας,
798 1007 931 1060 πολὺ
964 1006 1020 1060 δὲ
1057 1005 1282 1076 μᾶλλον,
1316 1004 1392 1069 ὡς
1441 1000 1810 1076 δειχθήσεται,
1845 1001 1979 1072 ψευ-

396 1095 825 1168 δοπροφητείας,
846 1094 1031 1149 διατεο
1040 1094 1207 1164 ρυλλη
1216 1094 1406 1164 μένης,
1438 1092 1563 1147 καθ’
1579 1093 1704 1146 ὅσον
1726 1091 1974 1155 δυνατὸν,

395 1188 490 1242 τοῦ
523 1189 732 1256 Κυρίου
770 1188 1166 1258 παρασχόντος,
1202 1189 1331 1257 περὶ
1354 1186 1534 1241 αὐτῶν
1556 1203 1617 1238 τε
1650 1185 1853 1238 τειύτων
1883 1184 1975 1236 καὶ

395 1280 504 1336 τῶν
540 1280 979 1350 προτεινομένων
1020 1278 1109 1331 ὑπ’
1143 1279 1326 1333 αὐτῶν
1357 1277 1569 1331 ἕκαστά
1600 1295 1658 1329 τε
1692 1275 1976 1345 διελέχθη-

399 1391 497 1445 μεν
527 1373 767 1443 ἡμέραις
824 1372 1037 1424 πλείοσι
1090 1374 1155 1441 τῇ
1220 1370 1555 1440 Ἐκκλησίᾳ’
1614 1370 1709 1423 καὶ
1740 1369 1974 1441 ἡσθῆναι

399 1466 498 1536 μὲν
546 1465 647 1536 τὴν
715 1463 1071 1534 Ἐκκλησίαν,
1112 1463 1573 1533 ἀντικρουσθῆναι
1627 1463 1683 1514 δὲ
1742 1463 1871 1524 τοὺς
1914 1460 1973 1526 ἐξ

395 1560 667 1619 ἐναντίας.
707 1575 725 1608 ι
755 1556 1049 1625 Ἐμφαίνει
1071 1556 1148 1623 δὲ,
1180 1556 1255 1619 ὡς
1279 1555 1388 1607 τῶν
1418 1557 1593 1608 ἐκεῖσε
1619 1554 1974 1621 ἀξιωσάντων

394 1653 485 1705 τὸν
519 1650 810 1720 γενόμενον
837 1648 917 1718 τῷ
945 1649 1066 1701 τότε
1097 1649 1343 1716 διάλογον
1368 1649 1461 1700 καὶ
1485 1646 1759 1716 ἔγγραψον
1792 1647 1973 1705 αὐτοῖς

394 1744 670 1804 ἐκθέσθαι,
732 1742 1108 1812 πρεσϐυτέρου
1180 1740 1422 1794 Ζωτικοῦ
1480 1757 1625 1803 τινος
1672 1737 1971 1809 Ὀστρηνοῦ

398 1836 768 1909 μεμνημένος.
811 1831 944 1888 Εἶτα
998 1832 1247 1901 ἐκτίθησι
1308 1833 1504 1901 μικρὸν
1536 1831 1852 1885 ὑποκατιὼν
1903 1828 1973 1880 τὰ

393 1931 537 1985 κατὰ
571 1929 869 1990 Μοντανδν,
896 1928 976 1991 τίς
1010 1921 1099 1997 ἦν,
1131 1926 1226 1979 καλ
1257 1925 1400 1989 ὅθεν,
1438 1925 1530 1978 καί
1550 1924 1605 1976 τί
1634 1921 1969 1993 ὲληρὼδησεο

396 2022 585 2092 σχεδὸν
613 2021 804 2091 ὥσπερ
827 2021 988 2089 ἡμεῖς
1008 2020 1074 2071 τὰ
1107 2019 1232 2086 περὶ
1264 2016 1430 2069 αὑτοῦ
1459 2014 1826 2085 διεξήλθομεν.
1862 2014 1972 2068 Καὶ

395 2117 450 2170 ἐν
494 2114 592 2184 μὲν
620 2113 694 2182 τῷ
734 2111 936 2180 πρώτῳ
960 2110 1104 2177 λόγῳ
1135 2108 1309 2161 ταῦτα
1348 2107 1595 2170 διέξεισι,
1626 2107 1720 2175 τῆς
1766 2105 1975 2174 πλάνης

395 2209 487 2261 τὸν
518 2208 737 2276 ἔλεγχον
790 2205 1056 2271 ἱστορῶν*
1092 2205 1152 2256 ἐν
1208 2202 1264 2255 δὲ
1310 2201 1388 2270 τῷ
1414 2202 1655 2269 δευτέρῳ
1708 2199 1837 2270 περὶ
1873 2199 1974 2267 τῆς

396 2299 576 2352 αὐτῶν
607 2295 866 2364 τελευτῆς
896 2292 1072 2348 ταῦτά
1099 2308 1295 2361 φησιν·
1331 2311 1348 2340 ι
1399 2292 1554 2345 Ἐπεὶ
1584 2290 1647 2361 δὴ
1676 2291 1858 2343 τοίνυν
1882 2292 1976 2343 καὶ

394 2388 1020 2461 προφητοφόσταξήμάς
1053 2385 1388 2446 ἀπεκάλουν,
1451 2385 1533 2438 δτι
1573 2384 1649 2454 μὴ
1707 2384 1806 2445 τὰς
1839 2383 1977 2450 ἀμεο

393 2480 704 2556 τροφώνους
742 2480 923 2534 αὐτῶν
953 2472 1297 2548 προφητείας
1326 2476 1712 2546 ἐξεδεξάμεθα,
1750 2474 1976 2539 τούτους

395 2576 503 2644 γάρ
542 2591 706 2642 φασιν
732 2569 893 2637 εἶναι,
934 2570 1028 2633 ob;
1059 2570 1429 2640 ἐπηγγείλατο
1460 2566 1539 2637 τῷ
1584 2566 1697 2636 λαῷ
1737 2567 1977 2636 πέμψειν

399 2667 428 2717 ὁ
456 2663 693 2733 Κύριοςο·
723 2661 1214 2731 ἀποκρινάσθωσαν
1250 2661 1383 2730 ἡμῖν
1418 2659 1555 2728 πρὸς
1589 2655 1725 2711 Θεοῦ
1749 2674 1764 2689 ο
1819 2658 1976 2710 Ἐστι

395 2774 497 2822 τις,
526 2751 571 2809 ὦ
607 2756 899 2825 βέλτιστοι,
934 2751 1141 2806 τούτων
1175 2752 1284 2804 ἀπὸ
1313 2750 1597 2805 Μοντανοῦ
1623 2750 1849 2803 καὶτῶν
1870 2766 1976 2816 γυ-

398 2847 603 2903 ναικῶν
630 2847 816 2901 λαλεῖν
839 2844 1185 2915 ἀρξαμένων,
1209 2844 1359 2906 ὅστις
1380 2842 1486 2894 ὑπὸ
1521 2841 1798 2897 Ἰουδαίων
1827 2840 1978 2894 ἰδιώ-

398 2943 522 3012 χθη,
560 2942 655 2994 καὶ
689 2940 793 2992 sua
823 2938 1161 3007 παρανόμων
1191 2931 1548 3004 ἀπεκτάνθης
1579 2933 1723 2987 Ἀλλ’
1749 2933 1871 3009 οὐδέ
1894 2949 1979 2996 τις

398 3030 580 3089 αὐτῶν
636 3032 939 3103 κρατηθεὶς
979 3029 1123 3099 ὑπὲρ
1180 3028 1274 3081 τοῦ
1311 3029 1478 3098 νόμου
1537 3026 1977 3105 ἀνεσταυρώθηῇ

396 3126 519 3181 οὐδὲ
549 3127 607 3179 ὲν
630 3125 975 3193 συναγωγαῖς
1006 3121 1283 3176 Ἰουδαίων
1306 3118 1681 3191 ἐμαστιγώθη.
1718 3118 1899 3188 Ἀλλῳ
1921 3117 1979 3171 δὲ

2081 639 2137 682 ct
2174 628 2563 683 lucubratione
2597 642 2717 681 mea
2748 628 2955 696 aliquid
2992 628 3058 683 ad
3095 629 3379 697 Evangelii
3425 639 3483 685 et
3516 630 3656 684 Novi

2080 722 2423 778 Testamenti
2476 721 2649 776 libros
2685 722 2889 777 addere
2919 739 2932 776 :
2966 723 3170 794 quibus
3205 733 3379 789 certe,
3414 724 3510 793 qui
3551 723 3657 777 sibi

2078 831 2142 869 ex
2181 804 2506 886 prmScripto
2557 814 2836 887 Evangelii
2884 815 3049 871 vitam
3103 815 3407 886 degendam
3448 817 3658 872 consti-

2081 909 2437 978 tuitrneque
2468 910 2676 985 adjicit,
2712 925 2892 978 neque
2925 910 3120 965 adimit
3160 911 3484 982 quidquam.
3518 910 3655 967 Cum

2078 1009 2264 1055 autem
2325 1014 2504 1070 nuper
2548 1002 2821 1072 Ancyram
2862 997 3106 1064 Galatizc,
3160 1013 3219 1057 et
3271 1003 3325 1057 iu
3361 1003 3656 1059 ecclesiam
3736 986 3744 993 ’

2078 1092 2197 1161 ejus
2249 1091 2381 1157 loci,
2438 1108 2560 1162 quae
2604 1108 2760 1149 novae
2806 1095 2988 1160 istius,
3028 1110 3136 1149 non
3186 1106 3243 1151 ut
3291 1095 3394 1165 ipsi
3437 1096 3653 1162 dicunt,

2080 1183 2407 1253 prophetim,
2444 1182 2539 1238 sed
2576 1184 2779 1254 potius,
2816 1192 2895 1239 uti
2928 1186 3278 1250 ostendetur,
3310 1185 3659 1256 pseudopro-

2077 1275 2279 1345 plietiae
2324 1275 2551 1330 nomine
2580 1285 2666 1332 est
2693 1276 3011 1340 decantata,
3045 1280 3345 1340 venissem,
3380 1294 3480 1348 pro
3510 1279 3658 1335 virili

2079 1382 2222 1432 mea,
2255 1366 2473 1422 Domini
2524 1370 2701 1438 gratia
2740 1368 3155 1439 suppeditante,
3195 1372 3263 1425 de
3294 1357 3374 1425 eis
3415 1372 3570 1442 ipsis,
3604 1381 3659 1426 et

2078 1476 2201 1530 qua:
2233 1462 2303 1515 ab
2338 1461 2421 1515 eis
2454 1460 2863 1531 objiciebantur
2910 1464 3194 1526 omnibus,
3238 1463 3436 1518 diebus
3487 1464 3659 1533 pluri-

2079 1554 2181 1607 bus
2217 1553 2487 1618 ecclesiae,
2513 1554 2699 1608 omnia
2728 1553 3017 1624 disputans
3046 1556 3313 1611 disserui.
3348 1557 3507 1622 Quod
3534 1557 3660 1628 qui-

2079 1642 2227 1710 dem,
2262 1645 2602 1700 adversariis
2644 1648 3106 1717 repugnantibus,
3144 1648 3405 1704 Ecelesire
3440 1665 3659 1720 pergra-

2082 1747 2196 1790 tum
2253 1736 2476 1793 accidit.
2531 1755 2551 1789 ι
2605 1737 2860 1794 Ostendit
2915 1752 3203 1809 praeterea,
3257 1741 3405 1811 quod
3466 1752 3660 1812 rogatu

2081 1827 2472 1899 quorumdam,
2509 1829 2786 1901 dialogum
2832 1840 2887 1887 et
2928 1832 3359 1903 disputationem
3417 1843 3532 1889 tum
3584 1836 3659 1890 ibi

2083 1920 2323 1976 habitam
2380 1922 2435 1976 in
2488 1922 2757 1993 scriptum
2804 1925 3083 1991 retulerit,
3133 1925 3309 1980 Zotici
3362 1927 3659 1998 cujusdam

2077 2014 2298 2071 Ostreni
2332 2003 2639 2087 presbyteri
2681 2014 2757 2087 (ί)
2796 2017 3137 2071 mentionem
3172 2017 3401 2074 iaciens.
3449 2019 3661 2073 Deinde

2079 2120 2201 2178 post
2224 2108 2447 2163 brevem
2477 2107 2903 2178 digressionem,
2929 2124 3019 2163 res
3050 2108 3317 2173 Montani,
3340 2110 3437 2178 qui
3471 2110 3660 2186 fuerit,

2082 2201 2228 2256 unde
2269 2199 2556 2277 prodierit,
2592 2209 2648 2253 et
2677 2215 2799 2269 quae
2830 2199 3075 2255 delirans
3100 2212 3337 2271 nugatus
3362 2201 3454 2267 sit,
3492 2217 3663 2271 expo-

2079 2294 2202 2348 nit:
2241 2292 2307 2347 ad
2350 2307 2476 2346 eum
2518 2290 2635 2346 fere
2668 2291 2916 2353 modum,
2947 2291 3111 2346 sicuti
3150 2307 3251 2346 nos
3287 2293 3354 2346 de
3398 2308 3462 2345 eo
3494 2296 3663 2362 paulo

2080 2394 2208 2439 ante
2250 2382 2600 2452 scripsimus.
2634 2382 2816 2453 Atque
2851 2382 2968 2438 bmc
3001 2383 3251 2453 quidem,
3284 2382 3532 2439 fraudem
3571 2399 3662 2438 se-

2080 2476 2508 2545 ductioncmque
2534 2476 2654 2545 eius
2682 2488 2942 2546 arguens,
2972 2473 3025 2527 in
3055 2475 3395 2544 primolibro
3413 2476 3661 2531 disserit.

2092 2571 2149 2625 ln
2182 2573 2429 2626 secundo
2488 2578 2671 2623 autem
2704 2568 2772 2622 de
2801 2568 2958 2621 obitu
2996 2568 3115 2638 ejus
3148 2567 3223 2623 ita
3266 2567 3465 2622 refert.
3498 2570 3658 2639 321

2081 2663 2541 2733 Quandoquidem
2563 2677 2693 2715 vero
2714 2660 3127 2731 proplieticidas
3151 2674 3249 2713 nos
3267 2668 3487 2716 vocant.
3511 2664 3660 2729 quod

2080 2758 2379 2813 immensas
2415 2754 2833 2825 prophetiarum
2865 2768 3060 2808 eorum
3090 2752 3351 2821 ambages
3376 2768 3485 2806 non
3521 2756 3663 2807 reci-

2080 2846 2267 2917 pimus
2314 2850 2432 2915 (eos
2489 2861 2548 2900 se
2594 2859 2830 2913 namque
2860 2844 3071 2913 iactant
3104 2858 3249 2907 esse,
3285 2857 3424 2912 quos
3458 2845 3663 2913 populo

2082 2938 2385 2992 missurum
2418 2952 2478 2992 se
2512 2935 2779 2989 Dominus
2824 2933 3131 3002 promisit),
3154 2934 3529 3003 respondeant
3562 2952 3659 2987 no-

2083 3032 2190 3097 bis,
2232 3047 2331 3101 per
2389 3031 2755 3085 immortalem
2804 3029 3024 3083 Deum:
3074 3027 3242 3082 Estne
3281 3028 3579 3097 quispiam,
3628 3047 3685 3089 υ,

2082 3124 2190 3178 viri
2225 3123 2379 3189 boni,
2407 3138 2473 3176 ex
2506 3122 2769 3176 omnibus
2814 3121 2880 3175 iis
2910 3120 3007 3191 qui
3042 3136 3072 3174 a
3106 3119 3390 3183 Montano,
3427 3122 3663 3191 ejusque

398 3220 618 3288 θανάτῳ
672 3219 1004 3287 τελευτῆσαι
1059 3213 1347 3278 Μοντανός,
1382 3229 1443 3265 τε
1492 3212 1589 3266 καὶ
1639 3211 1976 3280 Μαξιμίλλα.

2087 3213 2352 3268 uxoribus
2386 3215 2776 3282 provenientcs
2814 3212 3017 3266 docere
3060 3223 3374 3281 cmperuat,
3409 3213 3500 3281 qui
3540 3229 3666 3282 per-

398 3313 639 3375 Τούτους
668 3311 779 3381 γὰρ
799 3310 905 3364 ὑπὸ
937 3307 1256 3379 πνεύματος
1289 3304 1655 3376 βλαψίφρονος
1680 3303 1981 3372 ἑκατέρους

396 3405 827 3472 ύποκινήσαντος
854 3402 1014 3469 λόγος
1049 3400 1355 3468 ἀναρτῆσαι
1409 3399 1639 3460 ἑαυτοὺς
1675 3398 1773 3466 οὐχ
1797 3395 1936 3464 ὁμοῦ
1962 3410 1977 3423 ·

397 3499 497 3552 καὶ
543 3497 688 3551 οὕτω
717 3495 1069 3562 τελευτῆσαι,
1136 3493 1234 3545 καὶ
1288 3492 1380 3544 τὸν
1436 3489 1553 3560 βίον
1597 3488 1981 3557 καταστρέψαι

412 3588 584 3643 ’ἰούδα
614 3588 706 3642 τοῦ
739 3587 1001 3657 προδότου
1032 3584 1188 3653 δίκην
1207 3598 1223 3612 ·
1258 3581 1450 3649 ὥσπερ
1489 3581 1553 3651 δὴ
1582 3581 1679 3633 καὶ
1704 3581 1795 3633 τὸν
1828 3580 1982 3649 πρῶ-

400 3700 493 3736 τον
515 3682 812 3751 ἐπίτροπον
838 3679 941 3748 τῆς
972 3677 1155 3731 αὐτῶν
1178 3674 1520 3743 προφητείας
1544 3673 1638 3725 τὸν
1663 3671 1979 3740 θαυμαστὸν

400 3776 655 3829 Θεόδοτον
688 3772 980 3843 αίρόμενόν
1008 3787 1139 3822 ποτε
1186 3770 1284 3821 καὶ
1334 3764 1860 3843 ἀναλαμϐανόμενον
1900 3766 1980 3826 είς

401 3868 689 3939 οὐρανοὺς,
735 3863 1118 3937 παρεκστῆναι
1143 3862 1199 3914 δὲ
1239 3862 1335 3914 καὶ
1365 3858 1806 3919 καταπιστεῦσαι
1852 3858 1982 3910 ἑαυ-

362 3944 369 3949 ’
402 3963 494 4015 τὸν
522 3960 600 4031 τῷ
631 3958 732 4028 τῆς
755 3956 973 4026 ἀπάτης
1008 3954 1305 4024 πνεύματι,
1346 3954 1441 4006 κά).
1470 3950 1848 4012 δισκευθέντα,
1877 3967 1981 4004 κα·

402 4052 514 4114 κῶς
542 4049 886 4122 τελευτῆσαι..
919 4067 937 4101 ι
969 4047 1062 4101 Ἐν
1109 4045 1166 4100 δὲ
1214 4043 1293 4115 τῷ
1325 4044 1476 4115 αὐτῷ
1515 4044 1869 4114 παρίστησιν,
1905 4042 1980 4105 ὡς

402 4145 498 4197 καὶ
531 4144 667 4214 ίεροίι
727 4142 863 4195 θεῖοι
911 4141 1103 4211 ἄνδρες
1136 4140 1334 4209 πεῖραν
1387 4138 1668 4207 προσῆγον
1702 4136 1762 4188 τὸ
1795 4139 1854 4188 έν
1910 4137 1977 4204 τῇ

402 4231 720 4303 Μαξιμίλλῃ
751 4229 992 4299 πονηρὸν
1023 4228 1349 4298 ἀπελέγχειν
1371 4225 1595 4296 πνεῦμα
1614 4243 1629 4257 ·
1669 4224 1978 4278 κωλύεσθαι

403 4323 462 4377 δὲ
488 4325 627 4394 πρὸς
657 4324 862 4393 ἐτέρων
893 4321 1096 4390 δηλαδὴ
1127 4318 1204 4391 τῷ
1231 4317 1507 4387 πνεύματι
1541 4314 1977 4387 συνεργούντων.

405 4411 539 4470 Εἶτα
572 4416 665 4468 καὶ
689 4414 784 4468 τοῦ
832 4412 1025 4485 χρόνον
1056 4411 1287 4482 προῖὼν,
1328 4410 1593 4480 διελέγχει
1642 4410 1742 4472 τὰς
1762 4408 1980 4476 ψευδεῐς

404 4507 743 4578 προφητείας
775 4503 1146 4573 Μαξιμίλλης,
1177 4502 1628 4571 τρισκαιδέκατον
1671 4501 1787 4563 ἔτος
1810 4500 1980 4567 λέγων

2085 3307 2429 3361 secutionem
2475 3322 2503 3359 a
2538 3304 2757 3371 ,ίιιιιςιιὶςκ
2774 3319 2993 3372 passus,
3030 3312 3086 3357 et
3119 3318 3149 3357 a
3183 3303 3320 3373 legis
3363 3313 3659 3375 transgres-

2086 3398 2313 3452 soribus
2366 3397 2585 3473 occisus
2633 3396 2746 3451 sit?
2778 3394 2885 3449 Sed
2921 3410 3103 3463 neque
3151 3395 3443 3464 quisquam
3472 3411 3662 3450 eorum

2083 3488 2546 3558 comprehensus,
2583 3498 2681 3543 aut
2709 3502 2809 3555 pro
2839 3487 2959 3557 lege
2986 3487 3104 3553 ipsa
3136 3487 3455 3555 cruciﬁxus,
3487 3504 3666 3555 neque

2085 3581 2142 3636 in
2173 3581 2491 3636 Iudaeorum
2523 3579 2817 3650 synagogis
2864 3578 3095 3646 flagellis
3127 3595 3301 3633 ca'sus
3335 3589 3441 3634 est.
3483 3580 3661 3633 Aliam

2084 3683 2268 3729 autem
2330 3682 2563 3726 mortem
2618 3670 2830 3725 obiisse
2896 3669 3191 3726 Montanus
3254 3681 3310 3725 et
3365 3671 3663 3725 Maximilla

2084 3765 2367 3820 dicuntur.
2420 3762 2466 3819 Α
2501 3762 2701 3834 spiritu
2739 3777 2980 3833 namque
3017 3777 3226 3818 vesano
3272 3773 3506 3833 uterque
3548 3763 3667 3832 agi-

2086 3866 2233 3913 tatus
2264 3858 2365 3927 (2),
2398 3857 2643 3927 seipsum
2678 3855 2914 3911 seorsim
2946 3855 3257 3924 suspendit,
3284 3871 3463 3926 eoque
3496 3860 3662 3913 modo

2084 3951 2151 4005 ad
2184 3949 2364 4005 instar
2390 3931 2546 4004 Iuda:
2573 3948 2879 4018 proditoris
2901 3948 3068 4003 vitam
3096 3949 3259 4005 (iniit.
3292 3950 3468 4005 Sicuti
3495 3952 3662 4005 etiam

2084 4044 2303 4114 primus
2331 4042 2754 4112 prophetiarum
2779 4055 2973 4096 eorum
2996 4041 3279 4104 defensor,
3304 4042 3667 4098 admirandus

2084 4137 2179 4191 ille
2217 4134 2571 4197 Theodorus,
2611 4148 2737 4188 cum
2772 4148 2831 4188 se
2878 4118 3224 4188 seductionis
3259 4134 3482 4206 spiritui
3516 4151 3667 4190 com-

2090 4228 2432 4294 mendasset,
2463 4227 2843 4297 potestatique
2870 4226 2993 4293 ejus
3024 4214 3394 4295 permisisSet,
3424 4227 3666 4296 jactams

2086 4331 2257 4391 atque
2287 4320 2542 4374 sublatus
2574 4322 2631 4373 in
2674 4319 2877 4373 malum
2912 4317 3011 4385 (3),
3045 4331 3109 4369 ac
3138 4333 3358 4372 rursum
3406 4320 3667 4387 delapsus

2084 4414 2325 4487 pessime
2354 4413 2540 4483 periit.
2586 4432 2603 4463 ο
2645 4412 2705 4466 ln
2751 4413 2945 4465 eodem
2982 4411 3127 4465 libro
3184 4413 3409 4477 astruit,
3447 4414 3664 4467 divinos

2084 4506 2353 4578 quosdam
2408 4505 2558 4557 viros
2609 4503 2917 4571 periculum
2965 4501 3186 4567 fecisse,
3241 4513 3300 4557 ut
3351 4504 3666 4558 Maximilla!

401 4600 652 4666 διελθεῖν,
683 4599 778 4652 καὶ
816 4597 983 4668 μηδὲν
1010 4593 1266 4660 γενέσθαι
1287 4589 1363 4648 ὧν
1392 4592 1818 4664 προεφοίϐασεν.
1845 4591 1977 4645 Οὐδὲ

2087 4598 2345 4668 spiritum
2416 4596 2718 4665 malignum
2780 4594 3220 4664 redarguerem,
3290 4597 3666 4666 vanitatis’quc

402 4692 515 4762 γὰρ
548 4692 795 4763 μερικὸς,
855 4690 915 4741 ού
967 4685 1254 4748 καθολικδς
1308 4685 1500 4754 γέγονε
1530 4684 1808 4753 πόλεμος·
1847 4682 1983 4736 ἀλλᾶ

408 4789 500 4838 καὶ
529 4785 883 4857 Χριστιανοῖς
929 4779 1131 4850 μᾶλλον
1161 4778 1356 4849 είρήνη
1391 4777 1450 4843 ἐξ
1478 4777 1663 4839 ἐλέους
1695 4776 1853 4831 Θεοῦ.
1885 4775 1984 4828 Ἐν

403 4893 467 4946 γε
526 4878 634 4949 μὴν
688 4875 768 4946 τῷ
800 4874 973 4944 τρίτῳ
1018 4871 1289 4940 διελέγχει
1351 4868 1479 4932 τοὺς
1530 4866 1984 4939 αὐχοῦνταςηὼς

406 4969 625 5030 πλείους
666 4965 798 5039 παρ’
820 4966 1003 5030 αὐτοῖς
1038 4963 1318 5036 μάρτυρές
1348 4965 1487 5015 εἰσιν
1511 4978 1525 4993 ⁸
1572 4964 1708 5031 ὅπερ
1738 4963 1834 5014 καὶ
1858 4978 1986 5013 τεκ-

412 5063 614 5132 μήριον
675 5060 866 5113 πιστὸν
905 5052 1047 5112 εἶναι
1081 5057 1269 5123 ελεγον
1305 5054 1400 5107 τοῦ
1451 5053 1580 5124 παρ’
1612 5055 1795 5117 αὐτοῖς
1824 5053 1982 5127 λεγο-

411 5153 574 5224 μένου
610 5150 956 5222 προφητικοῦ
985 5138 1320 5219 πνεύματος.
1355 5166 1375 5198 ‹
1412 5145 1484 5201 Τὸ
1514 5147 1559 5199 δ’
1590 5147 1738 5198 ἐστὶν
1767 5146 1875 5214 ἄρα
1909 5144 1985 5208 ὡς

403 5246 550 5299 ἔοικε
581 5246 782 5306 παντὸς
806 5242 1007 5312 μᾶλλον
1033 5242 1131 5295 ούκ
1161 5239 1386 5310 ἀληθές.
1411 5239 1521 5291 Καὶ
1542 5240 1650 5309 γὰρ
1673 5236 1783 5290 τῶν
1809 5236 1987 5290 ἄλλων

407 5336 676 5409 αἱρέσεων
713 5352 858 5398 τινες
893 5333 1185 5394 πλείστους
1214 5332 1375 5393 ὅσους
1410 5329 1597 5399 ἔχουσι
1656 5330 1939 5399 μάρτυρας
1967 5345 1980 5360 ·

422 5430 520 5482 καὶ
545 5429 607 5480 οὐ
648 5427 800 5497 παρὰ
848 5425 1006 5480 τοῦτο
1048 5425 1222 5495 δήπου
1275 5422 1838 5493 συγκαταθησόμεθα.
1872 5425 1983 5476 Καὶ

405 5520 613 5589 πρῶτοί
643 5536 708 5587 γε
740 5518 848 5570 ἀπὸ
891 5518 988 5589 τῆς
1019 5515 1346 5586 Μαρκίωνος
1391 5515 1681 5584 αἱρέσεως,
1721 5515 1888 5583 Μαρκ
1913 5533 1984 5567 ω-

474 5662 551 5730 (ι)
588 5662 807 5717 Zoticus
839 5661 1108 5716 ()strert’us
1136 5657 1442 5730 presbyter,
1471 5667 1529 5713 et
1555 5658 1807 5714 Julianus
1839 5659 1978 5723 Apa-

405 5729 622 5795 meuus,
649 5734 902 5800 spiritum
933 5729 1241 5785 Maximillae
1269 5729 1532 5785 cohibere
1557 5744 1685 5784 sunt
1710 5745 1874 5799 aggre
1897 5730 1972 5781 si.

405 5801 638 5870 (Euseb.
677 5804 777 5857 lib.
816 5820 870 5868 v,
902 5817 1025 5870 cap.
1064 5800 1173 5870 l6.)

475 5874 554 5942 (ε)
590 5872 1073 5944 Pseudopropheta
1103 5908 1118 5939 ,
1174 5870 1271 5940 qui
1321 5885 1500 5939 neque
1552 5871 1747 5923 timore
1806 5887 1981 5939 neque

2089 4690 2530 4745 convincerent:
2581 4684 2676 4739 sed
2725 4685 2795 4739 ab
2849 4685 2973 4740 aliis
3021 4685 3317 4755 impeditos
3368 4703 3514 4748 esse.
3572 4689 3668 4756 qui

2089 4782 2327 4837 daemonii
2360 4764 2410 4835 ei
2468 4779 2920 4835 subservierunt.
2959 4778 3333 4851 Progrediens
3379 4780 3668 4851 deinreps,

2088 4892 2157 4933 ex
2192 4877 2311 4946 ipso
2350 4883 2600 4943 tempore
2633 4872 2960 4943 proplietias
2988 4873 3238 4943 ejusdem
3292 4875 3457 4928 falsas
3495 4875 3665 4929 fuisse

2088 4968 2332 5025 ostendit
2360 4983 2374 5021 :
2399 4965 2815 5030 Tredecimum,
2851 4964 3063 5028 dicens,
3091 4968 3402 5036 pra-tcrissc
3434 4983 3667 5033 annum,

2090 5061 2340 5129 mbilquc
2376 5074 2566 5114 earum
2614 5074 2802 5111 rerum
2849 5073 2972 5126 quae
3012 5060 3129 5127 ipsa
3167 5058 3536 5125 divinaverat,
3580 5077 3669 5115 nc-

2088 5154 2309 5208 cidisse.
2362 5152 2563 5229 Neque.
2585 5151 2735 5206 enim
2769 5150 2852 5204 vel
2907 5154 2959 5203 in
2996 5151 3258 5206 universo
3291 5152 3448 5215 orbe,
3486 5153 3570 5206 vel
3613 5155 3667 5206 in

2091 5244 2315 5310 reg'one
2345 5241 2530 5310 aliqua
2577 5241 2781 5296 bellum
2819 5242 2969 5297 fuit:
3005 5242 3099 5295 sed
3136 5252 3191 5295 et
3231 5242 3571 5296 Christianis
3603 5260 3667 5297 ex

2090 5334 2471 5387 misericordia
2530 5341 2588 5386 et
2636 5333 2808 5403 gratia
2884 5335 2976 5388 Det
3039 5349 3139 5403 pax
3187 5343 3244 5388 et
3292 5335 3667 5403 tranquillitas

2086 5425 2234 5479 data.
2272 5423 2331 5477 lu
2376 5425 2540 5478 ter-tio
2588 5439 2754 5493 porro
2798 5424 2966 5488 libro,
3004 5426 3310 5494 gloriantes
3354 5439 3474 5488 eos,
3512 5426 3667 5494 quod

2091 5515 2281 5585 plures
2311 5515 2458 5586 apud
2508 5532 2564 5571 se
2604 5516 2717 5569 siut
2750 5527 3046 5587 martyres,
3101 5515 3268 5585 idque
3301 5528 3518 5573 eertum
3547 5534 3669 5573 esse

2087 5664 2326 5709 tremore
2366 5655 2615 5728 ducitur,
2652 5659 2705 5711 in
2740 5658 3193 5713 consternatione
3221 5658 3388 5711 animi
3420 5661 3666 5728 sinistra,

2084 5741 2113 5798 ιι
2149 5742 2257 5798 non
2292 5727 2600 5782 voluntaria
2638 5730 2833 5798 incipit
2863 5729 3178 5791 inscitia.et
3212 5729 3267 5782 in
3301 5730 3668 5788 voluntariam

2084 5795 3129 5874 desinitaninueinsaniam.(Euseb.
3178 5798 3276 5855 lib.
3307 5817 3361 5865 v,
3395 5817 3514 5872 cap.
3549 5802 3667 5874 l7.)

2159 5866 2232 5937 (3)
2262 5867 2465 5924 Euseb.
2499 5869 2596 5923 lib.
2632 5885 2686 5935 v,
2711 5886 2831 5940 cap.
2868 5870 2955 5924 15.
