4032 6422
339 446 477 512 1345

1190 537 1194 540 ,
1264 459 1873 524 ECCLESlAsSTIC/E
1915 465 2306 527 HlSTOIilrE
2347 469 2501 528 LIB.
2542 469 2639 532 IV.

3474 465 3611 530 lii/:6

333 565 432 617 τοῦ
492 562 945 633 μακαριωτάτου,
1006 566 1064 620 ὲν
1106 564 1408 638 Ἱεραπόλει
1458 573 1759 642 γενομένου
1817 574 1920 643 τῆς

2051 581 2172 650 cupi
2206 582 2271 634 ad
2302 597 2401 637 vos
2433 582 2583 636 misi.
2612 600 2630 631 ι
2668 581 2725 635 In
2777 577 2972 634 eadem
3013 575 3338 647 Serapionis
3368 575 3607 643 epistola

346 658 532 719 Ἀσίας
570 655 1245 727 ὲπισκὸπου,γράμματα.
1278 679 1298 713 ι
1340 661 1428 714 Ἐν
1473 664 1614 735 αὐτῇ
1650 664 1704 718 δὲ
1732 670 1797 735 τῇ
1823 666 1917 720 τοῦ

334 747 692 817 Σεραπίωνος
746 749 1011 820 ἐπιστολῇ
1065 752 1157 803 καὶ
1184 751 1920 828 ύποσημειὼσειςλφέρονται

336 843 611 912 διαφόρων
645 843 967 897 ἐπισκόπων
988 859 1001 873 ⁸
1027 836 1147 898 (Ine
1180 846 1282 908 μὲν
1313 865 1397 911 τις
1432 842 1536 903 ὧδέ
1566 826 1681 915 πως
1714 853 1922 924 ὑπεση-

344 937 589 1005 μὴνατο·
648 953 667 986 ι
707 933 984 1006 Αὐρήλιος
1040 937 1319 1007 Κυρήνιος
1382 940 1597 1012 μάρτυς
1644 943 1924 1015 ἐρρῶσθαι

343 1028 487 1096 ὑμᾶς
553 1024 809 1096 εὔχομαι.
875 1046 895 1081 ι
945 1028 1003 1080 ’0
1056 1028 1111 1081 δέ
1152 1047 1238 1091 τις
1297 1032 1488 1087 τοῦτον
1547 1034 1640 1090 τὸν
1686 1038 1920 1107 τρόπον·

349 1138 366 1170 ι
406 1119 585 1181 Αἴλιος
618 1117 889 1181 Πούπλιος
919 1119 1165 1187 Ἰούλιος,
1194 1121 1303 1177 ἀπὸ
1333 1124 1432 1194 τῆς
1458 1126 1727 1198 Δεὸελτῆς
1753 1129 1926 1183 κολω-

343 1208 492 1271 νείας
523 1208 625 1275 τῆς
658 1207 884 1279 Θρᾴκης
933 1209 1236 1275 ἐπίσκοπος
1261 1228 1274 1242 ·
1313 1215 1390 1285 Ζῇ
1439 1216 1467 1268 δ
1500 1215 1631 1279 θεὸς
1674 1218 1701 1271 ό
1727 1219 1785 1271 ὲν
1809 1221 1925 1283 τοῖς

343 1301 619 1370 οὐρανοῖς,
655 1294 738 1353 ὅτι
766 1300 952 1365 Σώτας
975 1305 1004 1356 ὁ
1030 1303 1306 1374 μακάριος
1332 1307 1361 1359 ό
1396 1308 1455 1360 ἐν
1502 1308 1773 1379 Ἀγχιάλῳ
1800 1313 1928 1382 ἠθέ-

345 1392 475 1460 λησε
510 1393 599 1445 τὸν
630 1393 864 1463 δαίμονα
913 1395 1005 1449 τὸν
1037 1396 1372 1468 Πρισκίλλης
1430 1399 1680 1455 ἐκϐαλεῖν
1701 1418 1715 1433 ⁶
1747 1407 1845 1460 καὶ
1875 1406 1926 1458 οί

347 1485 644 1552 ὑποκριταὶ
697 1484 797 1539 οὐκ
834 1487 1075 1558 ἀφῆκαν.
1122 1508 1141 1540 ι
1178 1491 1289 1544 Καὶ
1336 1492 1515 1547 ἄλλων
1538 1495 1804 1553 πλειόνων
1834 1500 1926 1553 τὸν

348 1577 583 1648 ἀριθμὸν
609 1578 926 1632 ἐπισκόπων
953 1579 1264 1652 συμψήφων
1289 1576 1503 1651 τούτοις
1528 1589 1586 1642 ὲν
1614 1592 1728 1654 τοῖς
1756 1591 1929 1662 δηλω-

350 1671 490 1724 θεῖσι
523 1672 847 1743 γράμμασιν
882 1675 1223 1746 αὑτόγραςροι
1257 1680 1521 1748 φέρονται
1570 1684 1926 1754 σημειώσεις.

351 1761 433 1816 Τά
465 1764 565 1832 μὲν
595 1762 690 1819 οὖν
724 1771 869 1821 κατά
915 1768 1197 1823 Μοντανὸν
1230 1770 1325 1824 καὶ
1376 1772 1489 1843 τῆς,
1525 1778 1667 1832 κατά
1708 1778 1928 1849 Φρύγας

351 1857 617 1925 αἱρέσεως
652 1862 710 1914 ὲν
739 1860 977 1929 τούτοις.

890 1998 891 2001 ‘
919 1980 1171 2037 ΚΕΦΑΛ.
1228 1981 1361 2039 KH'.

367 2066 465 2133 Ὠς
497 2069 595 2121 καὶ
619 2069 657 2137 ἠ
684 2070 793 2152 τοᾷ
819 2074 1542 2152 Μαρξιιῳνοςιαῖρεσιςείς
1569 2082 1773 2137 πολλὰ
1802 2082 1933 2152 διῃ-

672 2141 844 2209 ρέθη,
877 2143 976 2196 καὶ
1002 2146 1135 2199 τίνα
1164 2141 1609 2214 ἐτερατεῦοντο.

425 2318 687 2389 Μαρκίων
710 2323 767 2377 δὲ
802 2326 829 2377 ὁ
852 2326 1136 2393 Ποντικὸς,
1167 2321 1227 2384 οὗ
1259 2331 1353 2387 καὶ
1379 2331 1590 2389 ἄνωθεν
1618 2339 1815 2406 μνείαν
1838 2357 1938 2393 πε-

356 2413 615 2482 ποίημαι,
646 2420 705 2468 τδ
731 2418 825 2470 τοῦ
863 2421 1149 2491 Κέρδωνος
1197 2426 1394 2489 ἀσεϐὲς
1427 2429 1738 2499 ἑπιμᾶλλον
1767 2434 1938 2505 αὐξή-

357 2522 476 2570 σας,
512 2507 790 2594 τέσσαρας
814 2511 1146 2584 άγεννήτους
1188 2519 1382 2580 οὐσίας
1424 2519 1506 2591 τῷ
1535 2521 1679 2594 λόγῳ
1711 2525 1938 2583 διέπλα-

358 2615 448 2652 σεν
471 2614 485 2629 ·
514 2593 589 2653 ὧν
613 2602 704 2655 τὸν
729 2604 830 2670 μὲν
861 2605 1067 2672 ἀγαθόν
1102 2626 1162 2661 τε
1214 2614 1307 2664 καὶ
1337 2612 1623 2682 ἄγνωστον
1660 2623 1939 2689 προσηγό-

361 2704 570 2761 ρευσεν.
601 2690 660 2743 ὃν
678 2693 900 2764 Πατέρα
931 2697 1023 2748 τοῦ
1045 2700 1286 2769 Χριστοῦ
1308 2703 1457 2772 λέγει
1476 2721 1491 2736 '
1527 2707 1623 2760 τὸν
1651 2709 1708 2762 δὲ
1730 2710 1938 2764 δίκαιον

357 2782 452 2835 καὶ
484 2781 824 2854 δημιουργόν
849 2802 862 2817 ο
897 2787 1088 2844 τοῦτον
1121 2790 1179 2846 δὲ
1215 2797 1461 2867 πονηρὸν
1511 2798 1807 2866 ὀνομάζει·
1844 2804 1939 2857 καὶ

250 2922 254 2925 ,
360 2874 495 2941 πρὸς
551 2875 764 2940 τούτοις
823 2877 959 2949 ὓλην
985 2883 1169 2956 κακήν
1215 2902 1277 2939 τε
1306 2883 1499 2955 οὖσαν,
1537 2892 1635 2946 καὶ.
1669 2894 1764 2946 ὑπ’
1795 2896 1940 2964 ἄλλῳ

358 2966 436 3034 τῷ
458 2966 615 3036 κακῷ
638 2969 1021 3029 συντελοῦσαν.
1056 2973 1161 3030 Τόν
1182 2992 1246 3044 γε
1276 2979 1385 3050 μὴν
1415 2980 1754 3055 δημιουργὸν
1779 3003 1940 3058 περι-

360 3060 654 3153 γενόμενον
678 3063 775 3116 τοῦ
806 3065 979 3119 κακοῦ
1004 3066 1106 3136 τὴν
1138 3068 1273 3141 ὕλην
1320 3072 1510 3128 λαϐεῖν
1547 3077 1643 3130 καὶ
1675 3077 1942 3153 δημιουρ-

362 3152 530 3222 γῆσαι
562 3153 631 3206 τὰ
665 3153 982 3225 σύμπαντα.
1017 3158 1113 3213 Ἐκ
1144 3162 1243 3231 μὲν
1273 3165 1369 3218 τοῦ
1421 3167 1820 3236 καθαρωτάτου
1854 3174 1943 3226 τὸν

360 3246 592 3318 οὐρανὸν
650 3251 741 3304 καὶ
768 3249 835 3303 τὰ
866 3250 1002 3303 ἄλλα
1034 3251 1242 3320 διηθῶν
1271 3255 1422 3325 λέγει
1449 3258 1810 3331 δημιουργεῖν
1831 3277 1845 3293 ο
1877 3265 1943 3316 ὲκ

1960 1938 2008 1997 Β

2024 674 2431 739 adnotationes,
2446 675 2560 729 sive
2582 670 3019 741 subscriptiones
3036 669 3277 739 plurium
3302 666 3490 736 cpisco
3500 680 3573 736 po
3590 694 3613 705 -

2026 781 2145 819 rum
2169 777 2545 826 recensentur.
2571 779 2808 834 quorum
2833 762 3056 831 quidam
3080 761 3154 815 ita
3175 759 3289 813 fere
3311 775 3474 811 manu
3503 774 3608 813 sua

2024 855 2075 910 ei
2106 855 2467 924 subscripsit:
2505 853 2790 908 «Aurelius
2817 851 3086 923 Cyrenius
3110 861 3320 919 martyr
3355 857 3484 917 opto
3516 863 3612 901 vos

2025 948 2232 1002 valere.
2262 967 2281 1001 ι
2312 947 2543 1015 Quidam
2565 948 2670 1001 hoc
2689 947 2882 1001 modo:
2915 963 2933 996 ι
2967 943 3140 999 Elius
3158 942 3382 1000 Publius
3407 940 3604 996 Julius.

2028 1041 2240 1096 Debelti
2295 1042 2526 1098 coloniae
2565 1041 2816 1096 Thracia:
2840 1039 3177 1108 episcopus:
3238 1036 3405 1110 326
3465 1034 3612 1090 Vivit

2029 1133 2196 1197 Deus,
2236 1133 2331 1202 qui
2366 1134 2422 1188 in
2461 1133 2620 1188 caelis
2658 1141 2762 1193 est,
2792 1132 2936 1201 quod
2967 1129 3159 1184 beatus
3194 1127 3377 1190 ﬁctas,
3410 1127 3504 1196 qui
3526 1134 3615 1181 est

2027 1223 2305 1289 Anchiali,
2333 1222 2669 1277 daemonium
2702 1219 2966 1275 Priscillae
2992 1218 3199 1287 ejicere
3228 1216 3408 1269 voluit
3433 1229 3447 1265 :
3511 1212 3609 1267 sed

2028 1314 2332 1388 hypocrita:
2372 1314 2426 1370 id
2478 1330 2587 1369 non
2631 1313 2962 1383 permisere.
2992 1329 3009 1362 ι
3044 1310 3112 1365 Ει
3152 1308 3250 1363 alii
3291 1307 3610 1375 complures

2028 1408 2276 1478 episcopi
2312 1407 2525 1467 calculo
2554 1416 2612 1463 et
2648 1406 2928 1469 sententia
2977 1420 3076 1458 sua
3101 1403 3313 1457 litteras
3334 1409 3429 1454 eas
3461 1412 3612 1452 com-

2029 1500 2348 1569 probantes,
2373 1498 2489 1555 suis
2520 1501 2768 1568 ipsorum
2825 1494 3107 1561 manibus,
3151 1494 3237 1548 eis
3265 1489 3615 1558 subscripses

2031 1597 2182 1651 runt.
2211 1588 2275 1643 Et
2304 1589 2546 1656 Montani
2583 1588 2808 1657 quidem
2839 1597 3005 1657 atque
3037 1583 3342 1643 secundum
3367 1581 3614 1652 Phryges

2031 1683 2259 1743 haeresis
2287 1682 2367 1745 sic
2394 1697 2454 1743 se
2509 1682 2726 1741 habuit.

2476 1961 2493 1971 ‘
2579 1976 2805 2035 CAPUT
2837 1974 3069 2031 xxvm.
3536 2028 3542 2033 ,

2042 2071 2107 2128 Ut
2137 2071 2423 2126 Marcionis
2452 2073 2669 2127 haeresis
2705 2080 2755 2125 et
2783 2079 2925 2124 secta
2970 2071 3027 2123 in
3058 2068 3255 2122 multas
3279 2068 3346 2119 sit
3371 2063 3615 2130 {dissuta

2110 2154 2318 2213 partes,
2351 2152 2401 2197 et
2434 2159 2597 2210 quant
2651 2152 3011 2195 monstruosas
3062 2139 3332 2213 opiniones
3379 2149 3442 2189 ea
3491 2148 3615 2203 pro-

2108 2211 2310 2271 tulerit.
3118 2211 3121 2215 ’

2108 2330 2351 2386 Marcion
2381 2339 2567 2387 autem
2632 2327 2921 2393 Ponticus,
2980 2325 3141 2396 cujus
3184 2331 3347 2380 antea
3394 2334 3620 2392 quoque

2040 2422 2414 2486 meminimus,
2449 2420 2720 2477 Cerdonis
2742 2419 3079 2490 impietatem
3102 2416 3348 2481 adauxit,
3379 2422 3437 2468 et
3481 2428 3622 2482 qna-

2042 2526 2169 2569 tuor
2190 2515 2531 2571 substantias
2552 2514 2829 2585 ingenitas
2852 2512 3151 2568 verborum
3180 2507 3452 2579 portentis
3482 2520 3622 2559 con-

2040 2607 2213 2663 finxit.
2235 2608 2312 2664 Ex
2334 2609 2535 2679 quibus
2551 2623 2719 2661 unum
2738 2594 2960 2674 quidem
2990 2604 3221 2667 bonum,
3250 2596 3623 2679 cun‘identque

2040 2699 2383 2770 incognitum
2423 2699 2684 2769 appellat,
2724 2706 2781 2752 et
2808 2698 3027 2752 Patrem
3063 2693 3268 2748 Christi
3301 2689 3474 2745 dicit:
3535 2705 3626 2743 sc-

2038 2792 2285 2846 cuudum
2307 2806 2440 2846 vero
2464 2792 2673 2861 justum
2694 2798 2746 2844 et
2771 2787 3138 2851 conditorem,
3176 2798 3408 2855 pravum
3437 2791 3620 2836 tamen

2048 2885 2326 2940 nominat.
2360 2885 2637 2939 Praeterea
2691 2879 2975 2939 materiam
3009 2877 3204 2933 malam
3231 2875 3399 2937 dicit:
3449 2886 3505 2930 et
3557 2875 3627 2927 ab

2044 2978 2102 3029 al
2130 2990 2162 3030 0
2193 2975 2335 3029 malo
2361 2974 2657 3044 perfectam
2697 2982 2862 3042 atque
2886 2970 3217 3026 absolutam.
3260 2967 3324 3020 Et
3369 2964 3626 3019 condito.

2047 3083 2162 3122 rem
2182 3058 2339 3121 malo
2369 3066 2742 3136 superiorem,
2772 3062 3061 3120 materiam
3089 3062 3392 3132 accepisse,
3414 3067 3468 3113 et
3496 3072 3629 3112 con-

2047 3160 2253 3215 didisse
2281 3159 2500 3215 omnia:
2551 3157 2861 3228 etquidem
2922 3172 2990 3215 ex
3046 3154 3349 3226 purissimo
3404 3166 3630 3222 quoque

2049 3253 2253 3309 coelum
2280 3262 2337 3308 et
2364 3254 2470 3308 alia
2501 3253 2851 3324 escolantem
2887 3248 3086 3305 fecisse
3113 3247 3315 3312 refert;
3349 3261 3414 3300 ex
3475 3259 3628 3299 eraso
3714 3312 3715 3315 η

364 3339 670 3409 παχυτέρου
701 3341 756 3393 δὲ
783 3341 874 3395 τόν
897 3360 957 3396 τε
985 3347 1338 3415 παράδεισον,
1375 3351 1472 3405 καὶ
1499 3352 1716 3406 ἐκεῖθεν
1747 3356 1813 3407 ὲκ
1842 3354 1942 3424 βώ-

2051 3346 2202 3401 siore
2234 3355 2422 3401 autem
2453 3353 2610 3414 parte
2655 3341 2997 3413 paradisum,
3029 3345 3196 3409 atque
3224 3352 3294 3391 ex
3314 3335 3475 3406 gleba
3506 3335 3631 3405 ejus

362 3431 458 3487 λου
482 3435 573 3484 τὸν
600 3432 773 3504 Ἀδάμ
796 3451 807 3463 ·
843 3438 906 3489 ἐκ
925 3437 1024 3506 τῆς
1047 3440 1255 3505 οἰκείας
1278 3443 1336 3495 δὲ
1370 3445 1561 3508 οὐσίας
1586 3448 1773 3502 δοῦναι
1797 3449 1946 3519 αὐτῷ

368 3525 468 3594 τὴν
496 3524 711 3598 ψυχήνο
742 3530 1046 3586 κάντεῦθεν
1079 3531 1222 3588 εἶναι
1251 3538 1349 3607 τὴν
1379 3537 1660 3610 διαμάχην
1709 3542 1809 3611 τῆς
1847 3543 1948 3611 ψυ-

366 3621 463 3689 χῆς
499 3624 595 3677 καὶ
622 3621 719 3675 τοῦ
756 3623 1034 3693 σώματος.
1067 3627 1444 3702 Ἀγαθὼτερον
1471 3631 1528 3684 δὲ
1565 3635 1657 3685 καὶ
1687 3633 1777 3686 τὸν
1821 3634 1948 3703 δςριν

369 3714 600 3768 πλάττει
620 3715 714 3768 τοῦ
738 3716 1103 3787 δημιουργοῦ.
1129 3720 1277 3790 Τιμᾷ
1298 3720 1355 3774 δὲ
1381 3721 1546 3785 αὐτὸς
1575 3723 1779 3776 καὶτὸν
1796 3724 1943 3792 ὅφιν.

369 3802 695 3873 Βλασφημεῖ
747 3806 805 3859 δὲ
837 3806 935 3860 καὶ
968 3809 1095 3867 τοὺς
1143 3810 1494 3881 πατριάρχας
1524 3810 1620 3864 καὶ
1651 3812 1781 3875 τοὺς
1816 3829 1950 3882 προ-

368 3898 565 3965 φήτας.
598 3897 697 3951 Ἐκ
726 3899 823 3969 μὲν
845 3894 940 3953 οὖν
964 3899 1073 3954 τῶν
1095 3900 1448 3971 Εὐαγγελίων
1477 3903 1539 3956 τὸ
1562 3904 1707 3957 κατὰ
1732 3905 1949 3961 Λουκᾶν

373 3990 535 4055 μόνον
561 3990 803 4060 δέχεται,
834 3991 934 4063 τὴν
988 3993 1348 4062 γενεαλογίαν
1392 3995 1727 4066 περιαιρῶν.
1764 3996 1952 4052 Ἐννέα

368 4075 424 4128 δὲ
456 4079 622 4147 μόνας
644 4078 739 4132 τοῦ
768 4080 1097 4135 ’Δποςτόλου
1133 4082 1420 4151 προσίεται
1457 4082 1821 4149 Ἐπιστολάς*
1855 4086 1951 4140 καὶ

368 4174 575 4226 τούτων
607 4172 909 4241 περικόψας
949 4170 1019 4226 τά
1044 4174 1300 4230 πλεῖστα.
1325 4173 1438 4245 Τὴν
1467 4174 1523 4228 δὲ
1556 4175 1796 4230 παλαιὰν
1819 4178 1952 4231 Δια-

366 4265 546 4335 θήκην
575 4265 669 4318 καὶ
719 4267 846 4328 τοὺς
884 4265 1176 4337 Προφήτας
1232 4265 1539 4321 ἀπελαύνει
1575 4268 1950 4334 παντάπασιν,

370 4358 444 4421 ὡς
472 4358 577 4411 ὑπὸ
606 4357 892 4426 ἀλλοτρίου
917 4358 1213 4429 δεδομένην
1240 4358 1404 4414 Θεοῦ.
1447 4361 1730 4431 Φαντασία
1764 4361 1823 4414 δὲ
1857 4364 1954 4418 καὶ

369 4449 659 4519 ἄνθρωπον
687 4451 780 4500 τὸν
811 4449 1046 4516 Χριστὸν
1068 4449 1349 4516 γενέσθαι.
1374 4450 1594 4520 Ἐξάγει
1618 4452 1684 4505 ’δὲ
1707 4452 1803 4505 τοῦ
1833 4453 1952 4523 βίου

371 4542 465 4594 καὶ
523 4541 622 4611 τὴν
682 4540 1004 4593 ἀνάστασιν.
1064 4540 1232 4603 οὗτος
1269 4543 1360 4595 τὸν
1392 4543 1490 4612 μὲν
1524 4543 1666 4598 Κάῖν
1703 4546 1795 4599 καὶ
1826 4545 1955 4608 τοὺς

372 4635 671 4701 Σοδομίτας
706 4634 857 4701 λέγει
888 4633 1170 4703 σωτηρίας
1194 4636 1492 4703 μετασχεῖν
1529 4641 1864 4704 προσιόντας
1897 4640 1953 4692 ἐν

373 4725 478 4799 ἅδῃ
500 4724 724 4797 Χριστῴ
744 4740 755 4754 ·
788 4725 882 4778 τὸν
910 4724 1080 4779 Ἀὃελ
1108 4725 1188 4786 δὲ,
1225 4724 1318 4778 τὸν
1342 4725 1516 4797 Ἑνὼχ
1542 4728 1640 4783 καὶ
1677 4730 1770 4783 τὸν
1801 4729 1951 4794 Νῶε,

371 4821 498 4880 τούς
530 4836 589 4872 τε
627 4822 978 4888 πατριάρχας
1007 4818 1102 4870 καὶ
1129 4819 1416 4889 προφήτας
1442 4820 1540 4874 καὶ
1573 4821 1843 4887 δικαίους,
1881 4825 1957 4893 μὴ

374 4910 778 4982 προσελθόντας
830 4910 1048 4980 ἐκείνῳ,
1101 4909 1195 4964 τὸν
1248 4910 1386 4982 ᾅδην
1416 4912 1615 4967 οίκείν.
1676 4916 1784 4968 Καὶ
1820 4916 1960 4971 ἄλλα.

375 5004 608 5057 πλεῖστα
640 5003 783 5057 κατὰ
806 5002 945 5058 Θεοῦ
969 5002 1267 5073 ὲλύττησεν
1289 5020 1305 5036 ο
1339 5000 1417 5059 ὧν
1441 5005 1511 5059 τά
1533 5006 1706 5060 πλείω
1733 5009 1959 5077 παρῆκα

376 5103 529 5171 σιγῇ.
555 5099 723 5153 Ἀλλὰ
754 5099 850 5151 καὶ
877 5100 913 5169 ἡ
942 5099 1134 5152 τούτου
1172 5098 1401 5167 φάλαγξ.
1419 5097 1651 5171 ὕστερον
1682 5103 1760 5166 είς
1787 5102 1960 5157 πολλὰ

375 5192 628 5263 διῃρέθη.
673 5191 941 5258 Ἀπελλῆς
970 5192 1081 5261 γάρ
1106 5208 1192 5254 τις
1236 5195 1349 5255 τοῖς
1393 5192 1607 5247 ἐκείνου
1636 5195 1960 5264 ἀγεννήτοις

376 5288 643 5358 τέσσαρσι
682 5290 774 5340 καὶ
808 5287 999 5355 ἕτερον
1038 5285 1350 5357 προσέθηκε
1380 5284 1629 5355 πύρινον.
1663 5285 1879 5339 Βιϐλίων
1903 5285 1959 5338 δέ

377 5399 429 5435 τι
461 5380 677 5445 συνθεὶς
709 5378 1051 5446 Φιλουμένης
1109 5378 1459 5447 προφητείαν
1480 5377 1757 5446 ὠνόμασε.
1794 5378 1957 5447 Περι.

378 5473 591 5526 τέθεικε
626 5471 684 5524 δὲ
710 5470 789 5540 τῷ
842 5468 1068 5539 Χριστῷ
1101 5468 1199 5521 καὶ
1256 5469 1418 5539 σῶμα
1462 5467 1564 5522 οὐκ
1591 5467 1957 5540 ἀνθρώπινον,

380 5562 497 5617 ἀλλ’
524 5567 589 5616 ἐκ
613 5562 711 5632 τῆς
735 5561 833 5614 τοῦ
864 5559 993 5630 παρ’
1014 5560 1199 5624 αὐτοῖς
1227 5560 1438 5628 κόσμου
1470 5560 1683 5626 οὐσίας.

461 5863 537 5932 (l)
582 5881 599 5913 ι
635 5863 806 5931 Igitur
833 5863 900 5916 de
943 5860 1374 5932 calcaria.‘quod
1406 5860 1519 5932 dici
1554 5860 1716 5932 solet,
1752 5860 1804 5912 in
1839 5874 1958 5913 car-

389 5928 699 6001 bonariam,
748 5948 776 5986 a
828 5932 1100 5986 Marcione
1149 5928 1217 5986 ad
1248 5928 1562 6001 ’Apcllem:
1607 5931 1713 5987 hoc
1759 5940 1868 5997 est,
1925 5946 1955 5984 a

2048 3437 2263 3492 Adam:
2306 3437 2395 3492 cui
2435 3452 2500 3490 es
2536 3435 2759 3505 propria
2779 3430 3089 3490 substantia
3117 3428 3358 3484 animam
3412 3424 3628 3480 indide-

2049 3528 2144 3591 rit,
2183 3527 2329 3583 unde
2354 3536 2623 3598 perpetua
2653 3526 2744 3587 illa
2792 3538 2977 3595 ptigna
3019 3522 3166 3577 inter
3189 3533 3394 3589 corpus
3424 3527 3481 3573 et
3509 3514 3631 3569 ani-

2050 3636 2194 3675 mam
2225 3602 2424 3675 exstet.
2451 3617 2728 3675 Meliorem
2755 3631 2884 3673 vero
2909 3614 3079 3670 etiam
3104 3619 3418 3682 serpentem
3458 3624 3620 3664 crea-

2052 3724 2170 3768 tore
2230 3713 2350 3781 ipso
2380 3709 2559 3780 tingit,
2592 3709 2887 3778 ipsumque
2906 3704 3047 3760 adeo
3074 3712 3390 3773 serpentem
3413 3700 3627 3754 honore

2050 3803 2217 3857 etiam
2249 3800 2629 3870 prosequitur.
2682 3795 3055 3868 Blasphemiis
3102 3804 3159 3850 et
3205 3792 3392 3862 impiis
3445 3789 3632 3845 verbis
3728 3814 3737 3821 κ

2053 3894 2336 3951 invehitur
2354 3894 2410 3948 in
2431 3890 2776 3964 patriarchas
2794 3900 2852 3945 et
2873 3887 3196 3960 prophetas.
3216 3885 3297 3940 Ex
3317 3882 3634 3952 Evangeliis

2054 3987 2234 4043 solum
2264 3986 2316 4039 id
2346 3984 2495 4054 quod
2523 3982 2830 4039 secundum
2855 3979 3059 4034 Lucam
3092 3986 3197 4042 est,
3222 3977 3426 4047 rejecta
3449 3983 3633 4029 tamen

2058 4076 2414 4147 Genealogia,
2440 4076 2659 4146 recipit.
2676 4071 2884 4128 Novem
2908 4078 3123 4126 tantum
3148 4066 3399 4137 Apostoli
3421 4065 3637 4136 Episto-

2057 4174 2139 4229 las
2167 4173 2385 4248 probat,
2414 4179 2581 4242 atque
2611 4170 2666 4224 in
2699 4169 2767 4223 iis
2802 4173 3016 4223 resecat
3041 4165 3162 4219 loca
3198 4162 3632 4233 quamplurima.

2055 4267 2225 4322 Vetus
2258 4263 2671 4321 Testamentum
2709 4269 2767 4315 et
2796 4258 3099 4328 Prophetas
3140 4255 3327 4323 abjicit
3386 4254 3635 4316 omnino.

2056 4358 2228 4413 veluti
2256 4358 2325 4413 ab
2376 4357 2556 4411 alieno
2585 4355 2762 4409 editos
2796 4353 2944 4417 Deo:
2996 4348 3281 4404 Christum
3341 4347 3636 4417 phantasia

2060 4460 2271 4508 tantum
2292 4456 2360 4503 et
2392 4447 2578 4517 Specie
2610 4443 2888 4500 hominem
2936 4441 3109 4495 fuisse
3139 4448 3399 4509 ungatur.
3463 4439 3634 4494 Tollit

2055 4544 2275 4600 etiame
2327 4542 2437 4598 vita
2468 4540 2962 4596 resurrectionem.
2996 4538 3166 4603 Idem,
3205 4536 3338 4592 Cain
3371 4544 3427 4592 et
3454 4537 3632 4593 Sodo-

2060 4635 2222 4690 mitas
2260 4634 2494 4695 salutem
2546 4639 2878 4687 consecutos
2915 4645 3042 4686 esse
3104 4629 3318 4695 scribit,
3372 4630 3517 4698 quod
3568 4630 3637 4683 ad

2061 4727 2343 4783 Christum
2377 4724 2523 4796 apud
2557 4724 2766 4778 inleros
2812 4722 3187 4779 accesserint:
3227 4722 3362 4777 Abel
3426 4732 3638 4787 autem,

2064 4818 2275 4883 Enoch,
2304 4816 2437 4882 Nor,
2466 4814 2826 4886 patriarchas.
2855 4814 3175 4884 prephctas,
3198 4822 3255 4869 et
3290 4813 3641 4882 reliquosju-

2061 4920 2198 4977 stos,
2229 4909 2378 4980 quod
2430 4908 2499 4962 ad
2554 4905 2709 4961 illum
2737 4920 2849 4961 non
2901 4904 3179 4972 venerint,
3217 4905 3363 4975 apud
3428 4905 3640 4960 inferos

2063 5018 2308 5058 manere.
2346 5000 2453 5057 Sed
2505 5007 2562 5055 et
2613 4998 2715 5052 alia
2764 4997 3168 5068 quamplurima
3222 5007 3412 5053 contra
3467 4996 3639 5053 Deum

2064 5112 2162 5166 per
2188 5094 2456 5155 insaniam
2498 5091 2701 5148 mentis
2746 5092 3024 5146 elatravit:
3090 5107 3327 5161 quorum
3374 5093 3639 5164 pleraque

2063 5187 2284 5242 silentio
2303 5181 2743 5240 commendanda
2773 5181 3051 5239 duximus.
3087 5181 3402 5240 Sectatores
3454 5190 3637 5237 autem

2062 5279 2184 5349 ejus
2235 5278 2292 5332 in
2324 5272 2526 5331 multas
2554 5274 2713 5330 divisi
2751 5284 2882 5330 sunt
2936 5282 3138 5330 sectas.
3203 5274 3639 5349 327‘Apelles

2063 5370 2213 5425 enim
2250 5367 2475 5440 quidam
2513 5367 2590 5437 (l)
2626 5367 2775 5421 illius
2850 5374 3094 5435 quatuor
3151 5364 3412 5433 ingenitis
3459 5364 3629 5417 alium

2063 5463 2280 5517 addidit
2297 5462 2518 5532 igneum
2538 5478 2550 5514 :
2572 5469 2631 5515 et
2659 5460 2845 5516 libroa
2870 5474 2930 5514 se
2942 5457 3270 5526 composito,
3299 5455 3641 5513 Philumena:

2064 5534 2353 5627 prophetia
2402 5567 2603 5607 nomen
2664 5550 2902 5606 indidit:
2964 5548 3188 5604 Christo
3220 5554 3642 5615 autem‘corpus

2068 5646 2258 5702 tribuit
2294 5661 2405 5701 non
2438 5644 2764 5709 humanum,
2801 5640 2896 5697 sed
2922 5655 2987 5695 ex
3036 5639 3158 5710 ejus
3186 5636 3285 5708 qui
3312 5637 3458 5709 apud
3488 5637 3641 5708 ipsos

2065 5751 2151 5796 est
2199 5738 2387 5796 mundi
2418 5737 2747 5793 substantia.
2839 5734 2853 5748 '

2066 5859 2217 5997 malo)
2246 5862 2583 5927 praeceptore
2613 5853 2678 5907 ad
2703 5854 2821 5931 ejus
2856 5851 3212 5921 discipulum.
3266 5870 3282 5901 ι
3313 5848 3640 5921 (Tertullia-

2068 5943 2191 5983 nus.

2068 5943 2191 5983 nus.
