4032 6426
358 433 490 499 1061

1174 478 1181 487 .
1284 436 1887 497 Ε(Σ(Σ[Ε51.ι5ΤΙΟιἘ
1924 435 2325 498 HISTORle
2354 439 2506 499 LIB.
2556 439 2660 500 Π.

3483 445 3613 503 ltili")

344 556 454 606 τῶν
502 557 746 625 ἡμερῶν,
801 556 923 610 κατ’
968 555 1140 626 αὑτήν
1209 557 1262 623 γ’
1318 557 1535 625 ἐκείνην
1585 559 1678 610 καὶ
1736 557 1833 619 τὰς
1882 554 1926 617 ἐξ

2048 557 2347 610 necessitas
2382 572 2609 626 prorsus
2641 555 2892 626 quaedam
2946 557 3201 627 imposita
3247 559 3324 614 eis
3357 572 3522 621 esset.
3560 564 3613 616 in

347 649 502 709 ἔθους
536 650 857 702 ἐπιλύεσθαι
878 649 1115 715 ἀσιτίας,
1140 651 1236 701 καὶ
1253 649 1489 711 συνόλως
1510 651 1694 717 φάναι,
1719 649 1935 714 σύναμα

361 741 636 803 Ἰουδαίοις
664 743 756 795 καὶ
788 742 959 805 αύτάς
983 740 1043 794 τδ
1065 741 1161 796 τοῦ
1187 743 1458 813 ἡμετέρου
1493 744 1686 811 Πάσχα
1730 744 1939 810 μυστὴ-

353 848 468 898 ριον
502 831 811 902 ἐκπληροῦν
838 849 853 864 ’
887 835 944 886 al
977 833 1022 885 δ’
1056 834 1160 885 ἀνά
1193 835 1376 887 πᾶσαν
1401 833 1500 902 τὴν
1531 834 1703 901 ἀλλην
1735 833 1809 886 ἕω
1842 833 1937 885 καὶ

350 922 590 990 ἑσπέραν
622 924 909 992 ἐκκλησίαι
941 926 1014 992 μὴ
1050 924 1171 987 ὲξδν
1210 920 1347 985 εῐνλι
1373 924 1773 993 διισχυρίζοντο
1795 923 1937 976 οὕτω

353 1014 663 1083 πράσσειν·
714 1016 1107 1079 ἁποστολικαῖς
1177 1016 1235 1071 δὲ
1290 1018 1660 1083 παραδόσεσιν
1729 1016 1937 1070 ἄνωθεν

350 1104 673 1170 ἑπομένους,
703 1105 764 1156 τὸ
808 1106 862 1168 ἐς
892 1106 1062 1175 δεῦρο
1101 1111 1386 1177 κρατῆσαν
1423 1109 1544 1172 ἔθος
1574 1109 1936 1178 παραφυλάτ-

348 1196 540 1246 τεσθαι
567 1209 581 1222 ·
619 1196 754 1265 μηδὲ
798 1197 907 1266 γὰρ
945 1197 1010 1251 ἂν
1044 1199 1206 1268 ἑτέρᾳ
1237 1201 1540 1267 προσήκειν
1568 1200 1677 1252 τῶν
1706 1200 1934 1268 ἡμερίὺν

345 1288 407 1338 τὸ
446 1288 636 1358 Πάσχα
682 1289 876 1348 ποιεῖν.
909 1291 1008 1360 τὴν
1044 1292 1301 1361 νηστείαν
1334 1294 1781 1361 ἀπωθουμένους,
1817 1293 1935 1345 ἀλλ’

348 1377 381 1447 ἢ
415 1378 534 1431 κατ’
568 1380 740 1449 αὑτήν
786 1397 848 1448 γε
881 1382 981 1449 τὴν
1035 1381 1386 1451 κυριώνυμον
1417 1384 1628 1453 ἡμέραν
1664 1383 1760 1450 τῆς
1801 1384 1933 1435 ἀνα-

351 1468 616 1531 στάσεως.
691 1469 977 1522 Ἐντεῦθεν
1035 1472 1218 1524 τοίνυν
1259 1471 1614 1541 ,ἀμφιδολίας
1672 1475 1934 1542 πλείστης

347 1562 478 1629 ὅσης
539 1561 951 1631 ἐπικρατούσης
1004 1565 1123 1626 ταῖς
1178 1564 1521 1634 ἐκκλησίαις,
1571 1565 1645 1627 ὡς
1698 1566 1792 1619 καὶ
1852 1568 1934 1629 είς

347 1654 644 1706 ἀντίπαλον
725 1655 1077 1725 διακριθῆναι
1138 1659 1358 1725 μοῖραν,
1411 1658 1656 1710 ἑκάστων
1713 1660 1812 1727 τὴν
1872 1660 1930 1724 ἐξ

347 1747 575 1815 ἀρχαίου
615 1747 915 1814 παράδοσιν
961 1749 1325 1817 πειρωμένων
1359 1751 1672 1818 κρατύνειν,
1721 1749 1931 1802 σύνοδοι

348 1837 667 1890 ἐπισκόπων
716 1838 857 1891 κατά
902 1839 1194 1909 διαφόρους
1234 1839 1434 1901 τόπους
1483 1840 1927 1910 συνεκροτοῦντο.

2042 661 2428 717 quemcunque
2474 649 2618 701 diem
2656 649 3016 704 hebdomadis
3061 651 3364 715 incidisset.
3396 670 3462 707 eo
3497 656 3614 722 ξς)κο
3688 650 3691 651 ⁷

2041 739 2130 793 die
2166 750 2302 794 stata
2358 752 2732 809 consuetaque
2765 743 3116 798 solverentur
3141 745 3368 815 jejunia,
3426 757 3479 799 et
3532 751 3614 814 (ut

2041 835 2209 883 semel
2232 831 2433 896 dicam)
2467 848 2572 885 una
2599 847 2722 885 cum
2753 831 2973 893 Iudaeis,
3014 837 3153 903 apud
3192 837 3336 903 ipsas
3395 853 3615 905 quoque

2040 933 2258 973 sacrum
2319 921 2492 974 nostri
2543 921 2827 976 Paschalis
2860 926 3180 992 mysterium
3217 925 3612 979 celebraretur.

2041 1010 2286 1078 Reliqua:
2308 1025 2440 1066 vero
2462 1028 2560 1081 per
2583 1012 2885 1074 Orientem,
2903 1015 3115 1071 ct.item
3144 1031 3240 1084 per
3264 1018 3613 1071 Occidentem

2039 1102 2282 1155 ecclesiae
2340 1118 2448 1155 non
2481 1103 2644 1156 licere
2682 1103 2732 1155 id
2772 1104 2843 1157 ita
2873 1104 3051 1158 facere
3079 1108 3459 1159 asseverabant
3486 1109 3613 1161 :sed

2039 1194 2222 1261 potius
2249 1194 2532 1247 obtinente
2572 1205 2683 1247 tum
2706 1230 2721 1255 ,
2757 1209 2919 1263 quam
2955 1198 3262 1263 antiquitus
3295 1213 3360 1250 cx
3389 1209 3614 1266 aposto-

2037 1284 2217 1338 lorum
2250 1284 2638 1339 traditionibus
2675 1286 3051 1339 continuatam
3084 1290 3443 1356 accepissent,
3479 1304 3614 1341 con-

2037 1375 2328 1430 suetudine
2382 1376 2636 1429 standum
2686 1392 2825 1430 csse.
2860 1376 2976 1431 Non
3038 1382 3184 1444 enim
3250 1379 3446 1433 decere
3503 1380 3615 1432 alio
3666 1406 3685 1423 -.

2036 1483 2198 1539 quam
2238 1470 2660 1524 resurrectionis
2724 1470 3010 1523 Dominico
3062 1471 3172 1530 die.
3226 1472 3436 1541 jejunio
3474 1475 3614 1539 reje-

2033 1570 2122 1615 cto
2154 1561 2252 1629 (ι),
2288 1561 2496 1615 Pascha
2546 1561 2845 1616 celebrare.
2881 1562 2994 1616 lloc
3023 1577 3155 1623 vero
3189 1563 3351 1615 modo
3388 1575 3612 1617 contro-

2036 1655 2214 1708 versia
2242 1661 2297 1708 et
2327 1652 2558 1707 dissidio
2581 1654 2755 1709 multo
2788 1655 3028 1707 maximo
3062 1654 3119 1708 in
3162 1654 3410 1708 ecclesiis
3438 1671 3612 1721 usque
3644 1652 3648 1657 ’

2034 1743 2172 1795 adeo
2188 1751 2400 1807 exorto,
2437 1752 2496 1796 ut
2524 1744 2663 1798 inter
2688 1760 2746 1798 se
2778 1744 2904 1804 sibi.
2934 1744 3378 1797 adversariorum
3405 1753 3609 1812 partes,

2035 1835 2295 1904 utrinque
2329 1835 2635 1903 antiquitus
2682 1836 2935 1890 traditam
2974 1836 3435 1889 Consuetudinem
3469 1837 3613 1889 obti-

350 1930 557 1992 Πάντες
583 1932 627 1983 δ’
657 1931 736 1994 εἰς
767 1931 934 1985 ταυτδ
973 1932 1072 2001 τῆς
1098 1931 1325 2000 γνώμης
1354 1932 1623 1994 ἐλθόντες,
1671 1935 1730 1996 ἑς
1774 1932 1926 1985 ὓστε-

2032 1942 2165 1981 nere
2196 1927 2398 1981 debere
2433 1927 2896 1981 contendentibus
2920 1965 2933 1989 .
2965 1936 3269 1988 sumerent,
3305 1939 3612 1982 conventus

351 2035 442 2091 ρον
478 2019 573 2071 καὶ
606 2018 881 2089 ἔγγραφον
906 2014 1083 2086 δόγμα
1107 2020 1226 2079 ταῖς
1266 2019 1584 2089 ἁπανταχοῦ
1612 2021 1932 2089 ἐκκλησίαις

348 2110 723 2175 διετυποῦντο,
747 2112 822 2175 ὡς
851 2112 917 2165 ἂν
950 2112 1024 2183 μὴ
1052 2112 1144 2166 τοῦ
1181 2112 1370 2165 λοιποῦ
1398 2115 1455 2166 ὲν
1487 2112 1621 2184 ἄλλῃ
1653 2113 1762 2165 τῶν
1791 2115 1931 2184 ἡμε-

354 2203 486 2274 ρῶν,
534 2204 650 2258 ἀλλ’
703 2206 760 2258 ἑν
809 2205 946 2275 αὐτῇ
1002 2207 1068 2274 τῇ
1125 2207 1380 2275 Κυριακῇ
1434 2206 1495 2257 τὸ
1552 2206 1785 2275 φρικτὸν
1832 2208 1933 2274 τῆς

353 2296 706 2358 ἀναστάσεως
740 2298 834 2350 καὶ
870 2296 965 2349 τοῦ
1005 2297 1198 2366 Πάσχα
1248 2298 1453 2350 τελοῖτο
1502 2300 1824 2368 μυστήριον,
1857 2298 1933 2360 ὡς

349 2389 450 2459 τῆς
499 2390 755 2459 νηστείας
786 2389 1041 2458 τηνικάδε
1087 2390 1402 2444 διαλύεσθαι
1450 2392 1791 2461 ὀφειλούσης.
1826 2393 1935 2445 Καὶ

353 2486 563 2550 γραφαὶ
588 2483 645 2534 δὲ
674 2484 783 2534 τῶν
818 2483 1076 2552 τηνικάδε
1129 2483 1271 2536 κατὰ
1302 2485 1502 2546 τόπους
1542 2485 1933 2554 γεγενημένων

352 2575 589 2628 συνόδων
626 2577 994 2646 ἐμφέρονται⁶
1032 2574 1109 2631 ὧν
1153 2579 1186 2648 ή
1241 2578 1342 2648 μὲν
1388 2581 1483 2631 ἐπὶ
1531 2578 1753 2649 Ῥώμης
1803 2581 1933 2632 Βίκ-

349 2683 499 2737 τωρα
550 2668 852 2739 ἡγούμενον
890 2671 1095 2738 ίστορεῖ
1121 2687 1138 2705 ο
1173 2671 1274 2738 τῆς
1331 2670 1378 2723 δ’
1427 2674 1484 2722 ἐν
1526 2671 1930 2742 Ἰεροσολύμοις

350 2760 705 2830 Νάρκισσον·
758 2762 856 2814 καὶ⁵
920 2762 1019 2830 τῆς
1077 2765 1138 2817 ἐν
1195 2764 1531 2836 Παλαιστίνῃ
1589 2766 1929 2835 Καισαρείας

350 2853 613 2922 Θεόφιλον
641 2871 655 2885 ·
692 2855 789 2908 καὶ
815 2855 1058 2908 Κάσσιον
1092 2856 1190 2925 τῆς
1222 2856 1438 2923 Τυρίων
1472 2858 1764 2928 παροικίας
1786 2875 1799 2889 ’
1836 2863 1930 2914 καὶ

349 2948 459 3000 τῶν
513 2948 570 3000 ἑν
615 2948 944 3015 Πτολεμαΐδι
987 2949 1228 3018 Κλάρον.
1263 2948 1374 3018 Τῆς
1424 2949 1482 3001 δὲ
1538 2950 1680 3003 κατά
1729 2951 1929 3005 Πόντον

349 3042 726 3107 γεγενημένης
761 3040 992 3108 lla).in
1021 3038 1113 3091 τὸν
1147 3039 1511 3108 ἀρχαιότατον
1546 3044 1927 3112 προκαθῆσθαι

349 3131 521 3197 λέγει.
554 3132 675 3184 Τῶν
705 3133 761 3185 δὲ
794 3133 938 3185 κατά
982 3132 1216 3185 Γαλλίαν
1247 3149 1307 3185 τε
1345 3135 1439 3186 καὶ
1491 3134 1573 3187 ἔτι
1630 3136 1926 3209 Ὀσροηνὴν

346 3225 440 3277 τὸν
472 3226 762 3293 Εἱρηναίον
787 3226 992 3296 ἱστορεῖ
1016 3226 1426 3296 προτάττεσθαι
1449 3246 1463 3262 ο
1499 3228 1605 3300 ἰδία
1631 3231 1685 3283 δὲ
1719 3232 1926 3302 Βάκχυ-

346 3318 453 3360 ὶηνξ
518 3317 577 3360 δυ
640 3318 943 3360 κῆηουίὶίιην
998 3319 1298 3360 caelaverunt:
1355 3323 1762 3360 ἳηφηηιληηηρυο
1826 3329 1917 3360 νηὶ

2033 3225 2354 3284 quissimum
2411 3225 2689 3267 Palmam:
2743 3225 2927 3267 mune
2981 3225 3071 3265 attt

2031 3305 2286 3360 Osroeme
2336 3305 2689 3359 ecclesiarqu
2746 3304 3009 3357 Irenaemn
3057 3319 3071 3355 :

345 3318 459 3385 λον,
518 3317 577 3371 δν
637 3318 943 3390 Κορινθίων
998 3319 1298 3374 ἐπίσκοπον
1355 3323 1762 3393 ἱστορήσαμεν·
1826 3329 1922 3381 καὶ

347 3405 620 3461 πλείστων
651 3405 826 3459 ἄλλων
850 3407 899 3459 οἳ
940 3407 1039 3476 μιᾷ
1069 3405 1237 3477 ψήφῳ
1268 3409 1410 3461 κατὰ
1446 3409 1542 3481 τὴν
1573 3413 1922 3483 κυριώνυμον

347 3499 408 3552 τὸ
438 3499 633 3567 Πάσχα
663 3498 935 3551 ἐπιτελεῖν
960 3498 1256 3568 ἐγγράφως
1288 3499 1578 3571 ὡρίσαντο.
1610 3504 1677 3556 Οἵ
1708 3521 1770 3573 γε
1809 3507 1920 3577 μὴν

349 3592 491 3645 κατὰ.
540 3590 906 3659 Παλαιστίνην
953 3589 1266 3657 Νάρκισσός
1323 3608 1383 3644 τε
1436 3593 1531 3646 καὶ
1588 3582 1851 3661 Κάσσιος
1892 3600 1921 3651 ό

327 3680 561 3752 Τύρου,
595 3682 688 3735 καὶ
732 3682 759 3732 ὁ
808 3680 1174 3749 Πτολεμαΐδος
1228 3682 1484 3753 Κλάρος,
1534 3686 1627 3737 καὶ
1682 3688 1801 3741 ὅσοι
1855 3689 1919 3760 δὴ

346 3772 497 3827 ἄλλοι
556 3774 615 3835 ἐς
665 3771 834 3824 ταυτὺ
893 3771 1178 3842 συνῆλθον,
1234 3774 1409 3844 μυρία
1457 3774 1597 3829 ἄττα
1654 3779 1920 3851 πρότερον

345 3863 643 3928 διελθόντες
672 3865 800 3933 περὶ
832 3863 931 3932 τῆς
957 3863 1016 3930 ἐξ
1051 3864 1228 3935 ἀρχῆς
1251 3866 1361 3918 τῶν
1394 3866 1709 3922 ἀποστόλων
1734 3886 1919 3941 παρα-

290 3971 311 3976 ’
345 3956 549 4021 δόσεως
583 3958 676 4010 τοῦ
728 3959 940 4029 Πάσχα,
978 3965 1073 4012 καὶ
1115 3961 1171 4020 ἐς
1219 3958 1418 4022 αὐτοὺς
1459 3960 1741 4031 ἐλθούσης,
1774 3966 1918 4018 κατὰ

343 4051 407 4104 τὸ
432 4051 583 4113 τέλος
609 4052 707 4120 τῆς
757 4053 1039 4121 συνοδικῆς
1065 4051 1283 4119 γραφῆς
1321 4052 1415 4105 καὶ
1446 4051 1618 4103 ταῦτα
1653 4052 1716 4122 δὴ
1750 4071 1920 4124 προσ-

304 4196 309 4203 ,
346 4141 594 4193 τιθέασι·
630 4162 648 4195 ι
687 4144 796 4213 Τῆς
828 4145 885 4198 δὲ
923 4144 1217 4214 ἐπιστολῆς
1251 4144 1410 4214 ἡμῶν
1440 4144 1748 4215 πειράθητε
1780 4149 1921 4199 κατά

347 4235 529 4287 πᾶσαν
588 4236 889 4303 ἐκκλησίαν
934 4238 1249 4307 ἀντίγραφα
1286 4235 1725 4305 διαπέμψασθαι,
1767 4238 1920 4302 ὅπως

350 4329 427 4399 μὴ
466 4329 637 4397 ἔνοχοι
667 4318 820 4395 ὦμεν
863 4328 977 4390 τοῖς
1022 4310 1220 4397 ῥαδίως
1269 4327 1549 4381 πλανὼσιν
1584 4329 1794 4382 ἑαυτῶν
1823 4331 1922 4393 τὰς

348 4421 551 4493 ψυχάς.
586 4419 867 4490 Δηλοῦμεν
913 4419 968 4471 δὲ
1023 4420 1173 4489 ὑμῖν,
1208 4420 1295 4488 ῥτι
1335 4423 1400 4491 τῇ
1433 4421 1568 4489 αὐτῇ
1613 4420 1799 4490 ἡμέρᾳ
1833 4419 1923 4472 καὶ

349 4520 409 4570 ἐν
450 4513 822 4583 Ἀλεξανδρείᾳ
850 4513 1075 4580 ἄγουσιν
1099 4506 1243 4584 ᾗπερ
1270 4516 1363 4566 καὶ
1387 4516 1570 4583 ἡμεῖς.
1596 4516 1730 4585 Παρ’
1762 4516 1919 4585 ἡμῶν

346 4613 457 4683 γάρ
492 4612 561 4663 τὰ
590 4606 897 4679 γράμματα
933 4606 1222 4674 κομίζεται
1256 4607 1463 4672 αὐτοῖς,
1497 4609 1756 4678 καιήμῖν
1788 4627 1898 4677 παρ

345 4705 547 4767 αὐτῶν,
577 4702 720 4756 ὥστε
767 4699 1074 4770 συμφώνως
1122 4700 1218 4751 καὶ
1268 4698 1404 4767 όμοῦ
1447 4699 1602 4768 ἄγειν
1632 4701 1780 4771 ἡμᾶς
1827 4700 1925 4771 τὴν

343 4799 506 4865 ἁγίαν
536 4796 766 4865 ἡμέραν.
812 4813 831 4846 ι

921 4996 1175 5050 ΚΕΦΑΛ.
1220 4997 1342 5049 ΛΖ’.

345 5092 484 5159 Περὶ
518 5090 631 5159 τῆς
669 5092 739 5144 ἐν
786 5090 959 5154 Ἀσίᾳ
1008 5091 1338 5158 διαφωνίας
1364 5088 1471 5141 τοῦ
1502 5088 1758 5157 Πάσχαο
1819 5082 1929 5145 καί

412 5164 529 5215 ὅσα
554 5164 586 5214 ό
621 5160 878 5229 Ἐφέσου
908 5159 1300 5228 Πολυκράτης
1330 5161 1579 5227 Βίκτωρι
1621 5159 1702 5225 τῷ
1747 5161 1921 5228 προέ-

411 5234 529 5309 δρφ
552 5230 660 5299 τῆς
700 5231 930 5298 Ῥώμης
960 5231 1245 5298 ﬁmum?-

409 5349 553 5402 Πᾶσι
588 5346 687 5416 μὲν
716 5343 810 5397 οὖν
853 5338 936 5406 εἷς
981 5344 1107 5414 ὅρος
1139 5346 1169 5397 δ
1203 5344 1392 5414 ῥηθεὶς
1446 5343 1797 5415 ἐξενήνεκται
1823 5362 1835 5375 ·
1866 5347 1917 5399 oi

336 5440 383 5491 δ’
417 5442 475 5493 ἐν
518 5440 677 5510 Ἀσίᾳ
713 5439 807 5491 καὶ
849 5436 931 5488 ἔτι
965 5437 1389 5505 διισχυρίξοντο,
1418 5440 1513 5489 καὶ
1562 5438 1763 5507 χρῆναι
1814 5439 1915 5507 μέ-

339 5548 431 5599 χρι
473 5532 661 5594 τέλους
690 5536 810 5593 ταῖς
855 5531 1243 5592 ἁποστολικαίς
1286 5532 1538 5599 ἀντέχειν
1579 5529 1915 5599 παραδόσεσι

337 5627 450 5679 δεῖν
489 5625 679 5695 ᾤοντο.
710 5625 821 5695 Τῆς
872 5623 915 5677 δ’
953 5624 1041 5677 ἐπ’
1088 5623 1320 5684 ἐκείνοις
1364 5622 1522 5691 δόξης
1553 5621 1913 5691 προασπίζων

341 5719 577 5786 μάλιστα
617 5718 971 5786 Πολυκράτης
1005 5711 1095 5787 ἦν,
1143 5718 1170 5768 ὁ
1219 5715 1314 5784 τῆς
1371 5713 1640 5781 Ἐφεσίων
1704 5714 1915 5770 πόλεως

411 5881 487 5942 Η)
521 5878 660 5934 Tum
691 5878 1109 5949 enimjejunare
1142 5852 1765 5930 Christia'ni'dcsinunt.

2034 2023 2417 2088 cpiscOporum
2461 2019 2626 2072 variis
2666 2021 2720 2072 in
2754 2018 2890 2072 locis
2920 2027 3050 2073 sunt
3089 2018 3220 2072 acti.
3266 2018 3368 2073 Ubi
3401 2034 3525 2073 cum
3556 2021 3611 2073 in

2033 2109 2281 2164 eamdem
2309 2111 2709 2165 concessissent
2740 2112 3088 2176 sententiam,
3132 2120 3317 2180 postea
3348 2111 3612 2166 omnibus

2038 2202 2239 2270 ubique
2283 2203 2535 2265 ecclesiis
2571 2203 2854 2256 decretum
2910 2205 3026 2256 sive
3057 2202 3299 2257 edictum
3343 2203 3612 2270 scriptum

2036 2294 2452 2362 promulgarunt
2487 2302 2543 2348 et
2595 2304 3022 2363 proposuerunt,
3057 2304 3118 2347 ut
3159 2296 3223 2347 de
3255 2305 3453 2347 crctero
3503 2310 3613 2348 non

2035 2384 2143 2438 alio
2166 2401 2327 2453 quam
2359 2386 2643 2438 Dominico
2674 2384 2761 2440 die
2809 2386 3154 2439 tremendum
3193 2385 3615 2440 resurrectionis

2034 2487 2091 2531 et
2149 2477 2428 2532 Paschalis
2487 2479 2839 2547 mysterium,
2886 2478 3094 2548 jejunio
3152 2488 3265 2533 tum
3322 2479 3610 2543 solvendo,

2034 2569 2423 2623 celebraretur.
2470 2570 2629 2639 337
2662 2568 3145 2623 Circumferuntur
3187 2566 3490 2624 etiamnum
3522 2584 3616 2623 ce-

2035 2661 2365 2715 lebratarum
2417 2677 2483 2715 eo
2540 2673 2784 2730 tempore
2835 2661 3168 2731 synodorum
3228 2662 3443 2725 litterae,
3491 2677 3613 2731 qua:

2035 2755 2313 2807 variarum
2357 2754 2484 2808 hinc
2516 2763 2569 2808 et
2599 2755 2726 2807 inde
2755 2754 3111 2808 ecclesiarum
3148 2754 3436 2823 episcopos
3469 2754 3617 2808 desi-

2032 2857 2199 2911 gnant
2220 2864 2234 2902 ε
2258 2847 2518 2901 Romana:
2543 2847 2752 2899 scilicet
2783 2846 3075 2904 Victorem.
3102 2846 3635 2915 Hicrosolymitaum'

2031 2938 2366 3001 Narcissum,
2394 2939 2656 2991 Caesareas
2703 2938 3004 2991 Palzestinre
3055 2937 3422 3006 Theophilum
3453 2977 3466 3001 ,
3501 2938 3615 3009 Ty-

2031 3030 2240 3082 riorum
2270 3029 2516 3083 Cassium
2544 3070 2556 3093 ,
2597 3028 2950 3082 Ptolemaidis
2990 3028 3229 3083 Clarum.
3261 3030 3474 3083 Eadem
3517 3031 3613 3084 lit-

2042 3132 2169 3187 teras
2230 3122 2385 3177 Ponti
2421 3121 2671 3175 ecclesiis
2710 3129 2821 3173 tum
2864 3120 3146 3189 praefuisse
3181 3120 3425 3175 indicant
3468 3124 3613 3175 anti-

2033 3215 2354 3284 quissimum
2411 3213 2689 3267 Palmam:
2743 3212 2927 3267 Gallia?
2981 3225 3165 3266 autem
3223 3221 3386 3280 atque
3440 3212 3608 3267 etiam

3117 3301 3366 3357 Corinthi
3419 3310 3606 3358 autem

2030 3397 2360 3468 Baccliylum
2406 3415 2417 3447 :
2465 3406 2519 3451 et
2566 3395 2971 3464 provinciarum
3020 3395 3247 3448 aliarum
3304 3395 3462 3459 alios.
3508 3396 3609 3464 qui

2032 3504 2140 3542 uno
2199 3488 2460 3554 sullragio
2492 3502 2498 3507 ·
2531 3494 2587 3539 et
2625 3485 2893 3538 sententia
2950 3498 3143 3536 omnes
3188 3482 3472 3537 Dominico
3517 3484 3613 3539 die

2027 3578 2232 3634 Pascha
2267 3577 2655 3631 celebrandum
2683 3583 3007 3628 sanxerunt.
3042 3575 3330 3629 Narcissus
3359 3589 3514 3641 sane,
3548 3584 3611 3629 et
3670 3610 3673 3615 -

2024 3670 2263 3733 Cassius,
2307 3668 2604 3732 Palmstini,
2665 3677 2717 3720 et
2747 3666 2991 3721 Clarusa
3030 3667 3387 3733 Ptolemaide,
3414 3679 3470 3722 et
3511 3667 3610 3736 qui

2023 3771 2289 3833 praeterea
2344 3761 2397 3814 in
2455 3759 2703 3814 eamdem
2767 3774 3075 3813 convenere
3126 3759 3419 3829 synodum,
3478 3774 3612 3815 cunt-

2023 3852 2258 3922 primum
2294 3850 2700 3920 quamplurima
2761 3848 2828 3903 de
2865 3849 3186 3915 traditione,
3218 3865 3381 3919 quam
3439 3851 3609 3905 initio

2024 3943 2092 3997 ab
2127 3942 2385 4011 apostolis
2415 3949 2687 4010 sumptam
2732 3956 2902 4009 usque
2940 3941 3009 3994 ad
3048 3953 3291 4011 tempora
3322 3958 3422 3997 sua
3472 3958 3611 3997 con-

2023 4044 2327 4099 servarant,
2363 4035 2767 4101 esposuissent.
2798 4031 2942 4086 circa
2980 4032 3141 4086 linem
3185 4034 3458 4103 synodalis
3500 4034 3603 4088 de-

2022 4127 2159 4181 creti
2219 4126 2332 4179 hzec
2385 4141 2603 4194 quoque
2659 4124 2925 4179 addidere
2975 4142 2989 4179 :
3057 4143 3075 4176 ι
3118 4124 3373 4194 Epistolze
3442 4125 3606 4196 hujus

2026 4229 2231 4274 nostra:
2278 4219 2441 4272 facite
2478 4227 2536 4271 ut
2584 4218 2650 4271 ad
2680 4217 2943 4274 ecclesias
2975 4232 3167 4271 omnes
3196 4219 3442 4287 exempla
3476 4219 3611 4271 mit-

2027 4319 2209 4366 tantur
2236 4328 2249 4362 :
2287 4326 2353 4364 ue
2383 4309 2595 4364 scilicet
2643 4309 2724 4361 rei
2753 4315 2916 4375 atque
2944 4307 3240 4377 participes
3280 4307 3453 4361 simus
3505 4323 3601 4361 eo—

2028 4416 2173 4466 rum,
2205 4402 2297 4470 qui
2333 4399 2493 4454 facile
2521 4398 2729 4452 animas
2777 4413 2903 4451 suas
2930 4398 3215 4467 decipiunt
3241 4408 3405 4465 atque
3436 4398 3601 4451 sedu-

2025 4502 2178 4550 cunt.
2207 4492 2484 4548 Certiores
2517 4501 2699 4545 autem
2734 4506 2828 4544 vos
2857 4490 3109 4553 facimus,
3145 4489 3337 4543 eodem
3370 4505 3609 4557 prorsus

1903 4608 1917 4629 ν
1952 4590 1993 4644 D
2024 4583 2112 4638 die
2141 4584 2503 4649 Alexandrizc,
2535 4598 2646 4651 quo
2675 4581 2815 4651 apud
2843 4595 2972 4645 vos,
3024 4580 3231 4634 Pascha
3274 4580 3541 4634 celebrari
3578 4595 3605 4635 ι

2026 4677 2236 4732 litteras
2281 4692 2514 4745 namque
2544 4675 2706 4729 ea‘de
2766 4689 2821 4728 re
2854 4673 2923 4727 ad
2957 4672 3080 4727 illos
3127 4671 3401 4737 dedimus,
3432 4684 3605 4743 atque

2024 4771 2101 4823 illi
2132 4769 2321 4823 itidem
2354 4769 2420 4823 ad
2461 4783 2558 4822 nos
2589 4767 2889 4836 scripsere,
2943 4765 3017 4819 ita
3069 4773 3129 4818 ut
3178 4781 3290 4818 uno
3325 4780 3609 4820 consensu

2022 4862 2187 4916 simul
2218 4872 2465 4918 sanctum
2493 4862 2641 4917 hunc
2667 4873 2986 4930 peragamus
3015 4858 3185 4913 diem.
3219 4878 3236 4911 ι

2549 4996 2776 5052 CAPUT
2807 4994 3071 5050 XXXVII.

2024 5089 2099 5144 De
2127 5090 2451 5145 dissensione
2498 5088 2814 5143 Asianorum
2854 5095 3068 5158 propter
3100 5085 3308 5158 Pascha
3338 5099 3357 5138 :
3397 5096 3446 5140 et
3476 5102 3610 5157 quas

2091 5177 2151 5214 ea
2172 5162 2235 5213 de
2263 5177 2317 5213 re
2339 5160 2643 5228 Polycrates
2691 5157 3241 5229 Ephesiusepiscopus
3275 5157 3461 5212 Victori
3472 5194 3473 5197 η
3491 5161 3606 5211 lio~

2090 5248 2248 5284 marte
2265 5231 2500 5301 episcopo
2528 5231 2812 5301 scripserit.

2088 5343 2169 5400 Ad
2202 5359 2394 5398 oniues
2448 5343 2612 5412 igitur
2645 5358 2813 5397 unum
2844 5341 2951 5396 hoc
2985 5334 3364 5411 praescriptum
3394 5351 3451 5396 et
3500 5358 3597 5397 re-

2018 5439 2142 5508 gula
2172 5445 2257 5491 est
2285 5434 2587 5504 divulgata.
2625 5434 2810 5488 Asiani
2840 5444 3023 5488 autem
3052 5435 3379 5487 sententiam
3409 5435 3607 5490 adhuc‘

1986 5542 2169 5583 'suam
2200 5528 2527 5590 retinebant,
2565 5535 2623 5580 et
2650 5540 2708 5580 se
2739 5525 2803 5580 ad
2856 5525 3021 5579 linem
3052 5540 3226 5593 usque
3264 5525 3605 5581 traditiones

2016 5621 2344 5692 apoStolieas
2370 5619 2665 5674 defendere
2712 5626 2968 5687 oportere
3013 5617 3408 5686 Opinabantu‘r.
3455 5617 3594 5671 Scn-
3682 5655 3694 5664 .

2018 5719 2203 5771 tentias
2236 5729 2427 5770 eorum
2473 5712 2770 5783 primarius
2821 5711 3169 5779 potissimum
3219 5720 3595 5781 propugnator
