4032 6422
431 372 563 436 107i

1664 370 2096 436 NICEPHORI
2137 368 2484 432 CALLIS’I‘I

3571 368 3713 440 1072

427 504 483 547 et
504 506 536 546 a
553 505 688 546 sana
717 489 968 546 doctrina
992 488 1283 545 exciderit.
1313 488 1729 558 Complectetur
1751 496 2016 559 praeterea

2124 487 2500 557 φρονήματος.
2536 483 2873 557 Διαλήψεταί
2897 503 2960 555 γε
2994 483 3104 558 μὴν
3124 485 3218 542 καὶ
3247 486 3382 543 ἄλλα
3406 488 3665 561 ἠίστορία
3691 506 3706 519 ·

432 584 540 638 alia
566 598 788 654 quoque
814 597 829 635 :
854 597 1080 654 gravem
1106 581 1369 637 videlicet
1400 580 1549 635 iilam
1573 580 1678 636 sub
1704 579 1872 636 Decio
1892 594 2022 649 per-

434 676 805 738 secutionem,
854 673 1332 744 ecclesiarumque
1386 688 1669 729 sacrarum
1716 673 2018 739 antistites,

431 777 485 821 ct
519 783 640 837 quze
669 766 724 820 in
752 767 835 821 eis
863 764 1174 821 acciderint
1207 781 1293 819 res
1326 765 1625 835 inopinatae
1655 774 1715 821 et.
1743 764 2024 820 admiran-

429 859 531 914 ἀίω.
565 859 792 915 Initium
821 868 1009 914 autem
1044 857 1175 913 inde
1209 857 1568 912 sumendum.

1052 972 1285 1029 CAPUT
1328 973 1396 1029 ιι.

429 1071 504 1127 De
538 1074 899 1142 persecutione
921 1071 1014 1126 sub
1060 1069 1288 1142 Severo,
1331 1071 1385 1125 in
1417 1087 1522 1142 qua
1569 1068 1826 1125 Leonides
1865 1079 2021 1141 pater

573 1143 837 1214 Origenis,
883 1150 1101 1214 prapter
1142 1141 1409 1197 Christum
1440 1150 1661 1197 nionem
1694 1142 1874 1197 subiit.

494 1325 802 1382 Commodo
845 1322 1143 1392 imperium
1187 1320 1636 1384 adtninistrante,
1692 1336 1781 1376 res
1828 1320 2020 1377 Chris-

425 1417 825 1483 tiauaapacataa
882 1414 1325 1483 tranquillaeque
1363 1411 1518 1469 fuere
1565 1412 1664 1481 (1).
1718 1411 2016 1482 Postquam

425 1521 614 1565 autem
647 1509 740 1563 ille
772 1522 841 1561 ex
874 1506 1094 1561 insidiis
1123 1519 1299 1559 caesus
1326 1515 1433 1569 eSt,
1464 1516 1523 1560 et
1562 1505 1819 1559 Pertinax
1863 1504 2017 1559 brevi

427 1602 727 1658 admodum
779 1609 1029 1669 tempore
1075 1597 1403 1668 imperavit,
1448 1607 1615 1667 atque
1660 1599 1790 1654 huic
1829 1599 2015 1668 (sicuti

426 1693 691 1760 dixi-mus)
724 1690 965 1746 Severus
992 1690 1287 1753 successit,
1317 1698 1433 1743 tum
1461 1704 1681 1759 quoque
1713 1690 1847 1745 satis
1871 1689 2018 1745 bono

425 1786 551 1841 loco
587 1800 676 1839 res
729 1795 935 1838 nostrae
988 1782 1167 1849 fuere,
1218 1782 1512 1852 indiesque
1564 1782 1691 1837 (idei
1744 1781 2016 1853 professio

2125 578 2197 632 τά
2216 596 2279 633 τε
2309 581 2441 650 περὶ
2469 579 2564 633 τοῦ
2586 580 2733 633 κατὰ
2788 579 2982 634 Δέκιον
3030 579 3232 650 πικροῦ
3273 579 3537 650 διωγμοῦ,
3581 581 3709 642 τούς

2124 689 2187 727 τε
2227 675 2336 726 τῶν
2373 673 2684 743 ἐκκλησιῶν
2739 673 3042 744 ἡγεμόνας,
3099 673 3195 728 καὶ⁵
3226 673 3295 728 τὰ
3349 672 3435 727 ἐπ’
3481 673 3707 739 ἐκείνοις

2126 766 2433 838 παράδοξα.
2471 767 2730 839 Ἀρκτέον
2758 767 2815 821 δὲ
2840 766 3004 821 οὕτω.

2729 968 2984 1024 ΚΕΦΑΛ.
3034 966 3111 1025 B'.

2124 1060 2265 1127 Περὶ
2301 1058 2409 1114 τοῦ
2447 1059 2600 1114 κατὰ
2648 1059 2926 1131 Σευῆρον
2971 1060 3255 1130 διωγμοῦ,
3294 1060 3390 1131 ἐφ’
3416 1055 3464 1129 ᾧ
3490 1062 3712 1116 Astur!-

2192 1131 2309 1254 ⁴(ἕης
2340 1135 2372 1185 ό
2410 1131 2610 1200 πατὴρ
2638 1130 2979 1201 Ὡριγένους
3003 1132 3072 1185 τὸ
3116 1131 3214 1186 διὰ
3241 1130 3502 1201 Χριστὸν
3533 1133 3711 1199 τέλος

2228 1218 2364 1270 σχε.

2194 1318 2435 1391 Εἰρήνης
2470 1320 2572 1389 μὲν
2597 1316 2744 1391 ἦσαν
2784 1319 2961 1388 μεστὰ
3012 1317 3086 1373 τὰ
3124 1318 3393 1390 ἡμέτερα,
3461 1319 3710 1388 Κομόδον

2122 1409 2223 1481 τὴν
2247 1411 2426 1482 ἀρχὴν
2456 1411 2792 1477 διιοῦνοντος
2827 1427 2840 1442 ·
2870 1407 2993 1465 ἐπεὶ
3017 1409 3063 1466 δ’
3092 1413 3301 1466 ἐκεῖνον
3324 1412 3383 1477 ἐξ
3417 1411 3711 1480 ἐπιϐουλῆς

2124 1509 2401 1574 σφαγέντα
2432 1505 2700 1576 Περτίναξ
2750 1508 2945 1579 χρόνον
3008 1507 3337 1579 ἑπίδραχυν,
3384 1505 3480 1559 καὶ
3521 1504 3711 1558 τοῦτον

2121 1599 2384 1669 Σεσῆρος,
2422 1601 2498 1664 ὡς
2534 1599 2774 1672 εἴρηται,
2823 1601 3120 1671 διεδέχετο,
3147 1596 3291 1672 ἦσαν
3353 1602 3453 1671 μὲν
3491 1599 3556 1671 δὴ
3608 1601 3710 1652 κάν

2119 1693 2302 1765 τούτῳ
2341 1693 2528 1765 ἡρέμα
2560 1712 2680 1759 πως
2708 1695 2905 1765 ἔχοντα
2954 1696 3025 1748 τὰ
3060 1696 3330 1766 ἡμέτερα,
3356 1695 3449 1746 καὶ
3496 1694 3562 1746 τὰ
3610 1693 3711 1762 τῆς

2122 1785 2363 1851 πίστεως
2412 1787 2632 1857 ἤκμαζε
2667 1787 3018 1859 καθημέραν,
3051 1788 3230 1857 λόγοις
3260 1805 3318 1841 τε
3341 1787 3439 1842 xui.
3453 1785 3713 1840 διδασκα-

425 1890 723 1950 augmenta
754 1893 852 1932 sua
885 1877 1055 1947 cepit,
1096 1892 1293 1931 eorum
1321 1891 1465 1945 quos
1509 1879 1894 1932 recensuimus
1921 1892 2015 1932 ec-

2123 1881 2266 1943 λίαις
2302 1881 2417 1943 τοῖς
2444 1845 2868 1952 προειρημένοίς
2889 1845 3001 1934 τῶν
3026 1880 3336 1949 ἐκκλησιῶν
3367 1879 3711 1940 διδασκάλοις

424 1972 869 2028 clesiasticorum
916 1970 1210 2025 doctorum
1267 1970 1493 2041 scriptis
1537 1980 1704 2041 atque
1746 1971 2019 2026 doctrinis

424 2066 573 2122 illam
611 2065 1052 2135 provehentibus
1077 2103 1093 2128 ,
1127 2064 1292 2145 idque
1329 2064 1383 2117 iu
1414 2064 1673 2119 maximis
1701 2064 2018 2134 quibusque

423 2161 779 2231 potissimum
832 2158 1093 2218 urbibus.
1148 2156 1415 2212 nimirum
1468 2157 1840 2223 Alexandriae,
1872 2166 1929 2212 et
1962 2157 2016 2211 in

424 2268 488 2307 ea
527 2252 664 2306 urbe
695 2267 817 2321 qua:
839 2252 908 2305 ab
938 2249 1219 2304 Antiocho
1244 2258 1329 2304 est
1362 2249 1610 2315 condita,
1638 2249 1815 2315 Elite,
1839 2259 1894 2304 et
1920 2265 2018 2319 per

423 2344 771 2399 Palaestinam
804 2358 1046 2402 onum-ni,
1084 2341 1310 2411 Ephesi,
1340 2340 1604 2395 Caesarem
1624 2381 1640 2405 ,
1672 2350 1729 2395 et
1755 2340 2015 2396 occiden-

425 2448 535 2493 tem
592 2453 788 2492 versus
838 2436 1275 2499 Thessalonicae,
1324 2435 1582 2499 Athenis,
1629 2432 1882 2489 Corinthi
1913 2450 1929 2488 :
1960 2434 2016 2487 in

421 2531 636 2595 Galliis,
661 2539 718 2583 et
764 2531 952 2584 Romae
1003 2528 1265 2582 maxime.
1303 2527 1508 2598 lntegri
1542 2526 1691 2583 enim
1737 2527 1925 2599 populi
1960 2539 2017 2583 et

423 2627 625 2679 domus
646 2633 784 2680 ιοιω
831 2622 1098 2677 adlidem
1145 2620 1513 2688 accedebant,
1565 2621 1789 2691 quidvis
1835 2621 2015 2677 facere

419 2728 479 2772 et
513 2717 624 2787 pati
660 2725 889 2782 paratae,
922 2730 1089 2785 quam
1124 2722 1186 2769 ut
1218 2713 1524 2785 quidquam
1554 2722 1749 2769 contra
1794 2714 2017 2784 religio-
2058 2736 2067 2745 ν

421 2826 553 2866 nem
603 2820 848 2864 nostram
903 2816 1155 2878 agerent,
1214 2815 1310 2861 aut
1361 2815 1657 2862 novarent.
1718 2807 1875 2876 Quod
1923 2807 2015 2863 ubi

422 2903 630 2961 Severo
677 2902 906 2957 minime
957 2900 1308 2957 tolerandum
1343 2910 1430 2957 est
1475 2903 1694 2968 visum,
1741 2900 2014 2971 insignem

422 2998 614 3055 statim
640 3008 832 3051 contra
894 2994 1199 3050 Ecclesiam
1224 3008 1446 3049 omnem
1473 2993 1645 3048 movit
1669 2995 2015 3064 persecutio-

423 3108 577 3147 nem.
604 3090 671 3145 Et
707 3090 893 3146 subito
918 3105 1018 3160 per
1040 3104 1261 3143 omnem
1297 3096 1569 3142 terrarum
1597 3089 1788 3143 orbem
1816 3088 2014 3142 eximia

2122 1975 2450 2039 ἐπιδιδόντα,
2486 1976 2583 2029 καὶ
2618 1974 2824 2046 μᾶλλον
2874 1976 2933 2029 ὲν
2961 1977 3079 2037 ταῖς
3113 1976 3399 2043 μεγίσταις
3450 1973 3558 2027 τῶν
3607 1974 3709 2025 1:6-

2119 2066 2473 2122 λεων.Ᾱ-5ται
2507 2067 2555 2121 δ’
2599 2064 2741 2139 ἦσαν
2815 2066 3200 2145 Ἀλεξάνδρειά
3262 2084 3319 2121 τε
3370 2068 3466 2121 καὶ
3521 2067 3555 2139 ἢ
3617 2068 3713 2120 τὸν

2134 2162 2412 2233 Ἀντίοχον
2436 2162 2564 2234 εσχε
2597 2164 2900 2234 δομήτορα,
2955 2164 3023 2216 τά
3069 2179 3129 2215 τε
3190 2164 3321 2231 περὶ
3367 2162 3469 2230 τὴν
3521 2161 3711 2214 Αίλίαν

2120 2260 2304 2312 πᾶσαν
2329 2258 2424 2312 καὶ
2448 2258 2839 2328 Παλαιστίνην,
2875 2257 3114 2326 Ἔφεσόν
3134 2274 3194 2310 τε
3220 2257 3317 2311 καὶ
3346 2257 3709 2321 Καισάρειαν,

2120 2350 2216 2403 κα)⁸
2250 2349 2318 2403 τὰ
2352 2350 2484 2418 περὶ
2508 2349 2610 2421 τὴν
2635 2348 2901 2419 ἑσπέραν,
2940 2347 3312 2420 Θεσσαλονίκη
3343 2348 3437 2401 καὶ
3482 2345 3711 2417 ’Δθῆναι

2122 2440 2214 2494 καὶ
2238 2441 2510 2512 Κόρινθος
2544 2440 2709 2495 αὗται
2735 2456 2749 2470 ·
2784 2442 2881 2495 καὶ
2911 2440 2981 2495 τὰ
3016 2441 3145 2513 περὶ
3198 2440 3454 2503 Γαλλίας,
3502 2441 3599 2494 καὶ
3644 2442 3710 2491 τὸ

2120 2533 2282 2591 πλϊον
2337 2534 2430 2587 ἐπὶ
2481 2532 2704 2605 Ῥώμην
2735 2534 2906 2606 αὐτήν
2936 2549 2950 2565 ο
2983 2534 3059 2597 ὡς
3093 2535 3184 2588 καὶ
3212 2532 3489 2604 αὔτανδρα
3523 2531 3706 2604 πλήθη

2121 2630 2217 2684 καὶ
2245 2629 2434 2691 οῐκους
2473 2627 2630 2690 ὅλους
2672 2628 2964 2697 προσιέναι
3017 2629 3085 2698 τῇ
3136 2628 3340 2693 πίστει,
3390 2627 3487 2680 καὶ
3527 2626 3705 2681 πάντα

2116 2726 2252 2798 δρᾷν
2275 2727 2334 2779 ἐν
2362 2723 2567 2794 ἑτοίμῳ
2602 2722 2752 2793 ἔχειν
2774 2724 2808 2791 ἦ
2842 2740 2895 2777 τι
2922 2724 3248 2793 νεωτερίσαι
3274 2722 3416 2776 κατὰ
3457 2721 3558 2791 τῆς
3607 2720 3706 2774 πίο

2121 2836 2317 2882 στεως.
2366 2818 2526 2873 Ἐπεὶ
2591 2819 2646 2872 δὲ
2699 2819 2927 2890 Σευήρῳ
2978 2818 3182 2887 ἥκιστα
3225 2815 3464 2888 φορητὸν
3507 2815 3702 2878 ἐδόκει,

2118 2911 2382 2985 λαμπρὸν
2413 2913 2621 2966 αὐτίκα
2648 2914 2741 2966 τὸν
2777 2912 3021 2982 διωγμὸν
3059 2909 3200 2964 κατὰ
3253 2911 3435 2982 πάσης
3475 2909 3706 2978 Ἐκκλη-

2120 3008 2244 3071 σίας
2273 3008 2584 3076 ἀνεγείρειν
2602 3006 2740 3077 ᾣετο
2776 3007 2908 3061 δεῖν.
2944 3006 3057 3060 Καὶ
3086 3007 3313 3074 γενναῖα
3367 3004 3469 3072 μὲν
3526 3005 3701 3057 ἁπαν-

2119 3101 2289 3171 ταχοῦ
2316 3101 2415 3170 τῆς
2446 3101 2553 3171 γῆς
2612 3099 2960 3171 ὲσχεδιάζετο
2989 3100 3055 3152 τὰ
3112 3098 3388 3169 μαρτύρια
3418 3114 3434 3129 ο
3469 3097 3702 3165 μάλιστα

423 3186 678 3242 instituta
702 3195 836 3239 sunt
867 3183 1160 3254 martyris,
1193 3183 1433 3237 maxime
1457 3196 1589 3236 vero
1623 3183 1678 3236 in
1703 3179 1940 3252 IEgypto
1960 3191 2014 3236 et

2123 3196 2164 3249 δ’
2195 3200 2254 3249 ἐν
2283 3195 2555 3265 Αἰγύπτῳ
2588 3196 2684 3249 καὶ
2714 3194 2895 3266 Λιϐύῃ
2927 3196 3021 3248 καὶ
3051 3193 3304 3265 Θηϐαΐδι,
3341 3194 3434 3245 καὶ
3464 3192 3581 3245 κατ’
3606 3192 3704 3244 αὒ-

422 3278 595 3351 Libya
654 3288 822 3349 atque
874 3275 1181 3333 Thebaide.
1232 3275 1583 3331 Alexandriae
1629 3291 1796 3345 porro
1839 3276 2009 3331 veluti

422 3373 663 3427 stadium
704 3356 847 3426 verae
884 3370 1113 3441 pietatis
1143 3368 1539 3435 constitutum,
1593 3368 1686 3424 ubi
1725 3368 2012 3424 fortissimi

422 3468 632 3536 quique
667 3478 723 3522 et
775 3450 969 3533 optimi
1020 3463 1222 3521 delecti
1271 3472 1579 3534 martyres,
1620 3462 1794 3519 variis
1847 3474 2014 3534 atque

423 3560 716 3630 exquisitis
747 3569 1157 3615 tormentorum
1183 3559 1487 3629 generibus
1519 3556 1886 3629 miriﬁcisque
1911 3559 1983 3611 im

424 3652 805 3725 pressionibus
833 3652 1101 3720 exceptis,
1133 3667 1163 3707 a
1193 3650 1328 3719 Deo,
1357 3652 1447 3706 cui
1481 3652 1635 3707 chari
1660 3651 1843 3717 fuere,
1874 3668 2015 3722 prte—

421 3747 532 3802 mia
558 3753 874 3799 eteoronas
907 3752 1266 3813 acceperunt.
1302 3742 1423 3811 Quo
1453 3754 1699 3813 tempore
1723 3753 1780 3799 et
1809 3745 2011 3798 Leoni-

422 3838 572 3904 dem,
625 3837 882 3908 Origeuis
925 3847 1164 3907 patrem,
1214 3838 1369 3891 obito
1418 3852 1518 3908 pro
1545 3837 1752 3893 Christi
1785 3839 2012 3892 nomine

422 3930 711 4001 martyrio,
751 3945 782 3984 e
824 3928 935 3982 vita
979 3927 1287 3982 excessisse
1346 3927 1608 3993 tradunt,
1644 3927 1831 3997 gladio
1859 3927 2014 3982 vide-

425 4024 554 4078 licet
581 4036 811 4085 caesum,
844 4036 972 4075 cum
1007 4021 1181 4075 tilium
1215 4020 1516 4074 admodum
1559 4021 1745 4075 adhuc
1777 4035 2011 4091 puerum

428 4115 793 4182 relinqueret.
825 4112 992 4183 356
1020 4112 1268 4177 Quantus
1300 4118 1484 4163 autem
1520 4107 1788 4179 Origenes
1824 4109 2010 4174 fuerit,

422 4215 480 4261 et
510 4218 624 4274 quo
667 4203 854 4258 studio
885 4202 1167 4272 animique
1197 4199 1563 4255 destinatione
1593 4201 1646 4253 in
1679 4213 1864 4255 sacras
1899 4197 2016 4255 Lit-

424 4310 572 4355 teras
596 4296 936 4358 incubuerit,
966 4297 1103 4350 t~itra
1137 4293 1403 4348 invidiam
1428 4291 1629 4363 experti
1655 4307 1816 4362 posse
1839 4303 2008 4363 puto:

424 4406 537 4446 non
564 4392 740 4445 solum
774 4391 920 4459 quod
954 4389 1189 4443 celebris
1217 4387 1262 4440 is
1287 4385 1371 4440 vir
1398 4385 1547 4456 apud
1575 4402 1677 4443 nos
1699 4388 1792 4448 sit,
1821 4402 2010 4440 verum

421 4486 591 4540 etiam
630 4482 778 4555 quod
815 4483 1118 4553 ingentem,
1157 4481 1268 4534 vita
1304 4494 1428 4543 sua,
1459 4481 1713 4550 quamvis
1742 4479 1808 4534 ad
1844 4482 2008 4536 liuent

419 4594 532 4633 non
582 4577 850 4648 integram
904 4588 1154 4645 prorsus,
1204 4573 1406 4627 famam
1450 4583 1505 4626 et
1533 4573 1764 4642 gloriam
1803 4582 1923 4642 post
1955 4589 2014 4629 se

425 4671 734 4741 reliquerit.
805 4666 1006 4723 Verum
1060 4667 1346 4721 enimvero
1403 4665 1669 4737 singulari
1729 4666 1844 4720 otio
1875 4682 2014 4735 Opus

420 4767 594 4823 esset,
622 4759 688 4812 ad
720 4762 888 4813 vitam
914 4759 1035 4829 ejus
1063 4771 1285 4811 omnem
1312 4756 1516 4811 litteris
1541 4760 1824 4811 memoria:
1855 4773 2014 4812 man-

422 4850 683 4905 dandam.
718 4848 825 4905 Sed
859 4865 961 4905 nos
983 4867 1013 4906 e
1062 4849 1253 4905 multis
1287 4864 1410 4919 quae
1439 4848 1509 4902 de
1531 4864 1599 4903 eo
1624 4860 1756 4904 sunt
1790 4850 2013 4915 tradita,

424 4945 662 5014 plurima
716 4951 1034 4997 resecantes
1062 4983 1075 5007 ,
1107 4943 1295 5013 aliqua
1336 4951 1551 4996 tantum
1589 4941 1849 4998 Historiae
1882 4946 2014 5001 huic

2119 3288 2218 3359 τήν
2241 3303 2305 3355 γε
2336 3286 2436 3357 τὴν
2466 3286 2887 3356 Ἀλεξάνδρειαν
2909 3289 3211 3351 ,συνίστατο
3240 3286 3383 3353 ὑπὲρ
3424 3285 3523 3355 τῆς
3555 3284 3707 3338 εὗσε-

2118 3380 2274 3442 6εἱας
2304 3380 2365 3434 τὸ
2406 3380 2642 3444 στάδιον,
2706 3381 3027 3451 ἀριστίνδην
3077 3379 3269 3449 ὥσπερ
3314 3374 3702 3449 ἑξειλεγμένων

2116 3476 2241 3538 ταῖς
2268 3474 2546 3538 ποικίλαις
2579 3476 2675 3527 καὶ
2720 3473 3028 3544 φιλοτίμοις
3085 3472 3193 3526 τῶν
3249 3472 3499 3543 βασάνων
3542 3458 3701 3529 ἰδέαις

2117 3568 2211 3620 καὶ
2234 3568 2356 3630 ταῖς
2379 3567 2721 3637 ὑπερφυέσιν
2744 3568 3058 3631 ὲνστάσεσι,
3089 3566 3228 3636 πρὸς
3267 3564 3404 3618 Θεοῦ
3441 3564 3512 3619 τὰ
3567 3565 3703 3636 γέρα

2116 3663 2228 3716 τῶν
2253 3661 2521 3732 θεοφιλῶν
2555 3662 2857 3732 μαρτύρων
2886 3661 3269 3730 ἀναδονμένων
3299 3675 3312 3689 °
3344 3660 3434 3714 ὅτε
3473 3661 3534 3731 δή
3568 3678 3703 3728 φασι

2117 3754 2212 3805 καὶ
2236 3752 2511 3823 Λεωνίδην
2548 3752 2638 3805 τὸν
2660 3753 2973 3822 Ὠριγένους
3007 3752 3224 3821 πατέρα
3278 3751 3354 3820 τῷ
3400 3751 3540 3820 ὑπὲρ
3573 3750 3706 3816 Χρι-

2120 3844 2247 3898 στοῦ
2273 3846 2562 3917 μαρτυρίῳ
2598 3845 2892 3899 τελειῶσαι
2919 3845 3010 3898 τὸν
3061 3843 3201 3913 βίον,
3236 3842 3382 3913 ξίφει
3437 3844 3537 3913 τὴν
3559 3842 3704 3907 ζωὴν

2116 3938 2526 4001 καταλύσαντα,
2584 3938 2707 3991 νέον
2747 3938 2953 4009 κομιδῆ
3001 3941 3092 3993 τὸν
3136 3939 3300 3992 παῖδα
3323 3938 3567 3992 λιπόντα.
3611 3937 3700 3990 'U-

2118 4031 2269 4092 ποῖος
2297 4029 2397 4097 μὲν
2420 4023 2513 4080 οὖν
2531 4026 2685 4092 οὗτος
2717 4028 2956 4098 ἐγένετο,
2986 4029 3074 4099 οἵᾳ
3105 4046 3161 4080 τε
3216 4028 3418 4100 σπουδῇ
3444 4031 3537 4083 καὶ
3567 4045 3702 4098 προ-

2117 4122 2329 4191 αιρέσει
2364 4122 2494 4191 περὶ
2521 4121 2612 4174 τὸν
2641 4123 2787 4191 ἱερὸν
2809 4120 2967 4190 λόγον
2986 4123 3274 4193 ἐχρήσατο,
3311 4122 3369 4174 οὐ
3408 4120 3602 4194 φθόνος
3633 4123 3700 4174 ἂν

2116 4216 2324 4279 γένοιτο
2346 4213 2576 4268 διελθεῖν
2609 4230 2621 4246 ο
2648 4214 2712 4267 οὐ
2745 4213 2907 4282 μόνον
2937 4214 3020 4268 ὅτι
3074 4213 3187 4266 τῶν
3236 4213 3359 4267 καθ’
3412 4215 3561 4285 ἡμᾶς
3606 4217 3701 4267 καὶ

2117 4307 2443 4379 περιϐόητος
2468 4306 2630 4379 ἀνὴρ,
2668 4305 2808 4363 ἀλλὰ
2867 4307 2963 4360 καὶ
3012 4306 3090 4375 τῷ
3140 4305 3341 4378 πολλὴν
3383 4305 3545 4371 δόξαν
3602 4309 3701 4372 τὴν

2116 4403 2251 4473 περὶ
2284 4400 2449 4454 αὑτοῦ
2480 4402 2770 4471 ἐπαφεῖναι
2818 4400 2896 4470 τῷ
2929 4399 3053 4471 βίῳ,
3086 4401 3192 4454 κᾶν
3216 4404 3314 4471 οὐχ
3379 4400 3510 4467 ὑγιᾶ
3540 4397 3702 4458 τέως.

2122 4489 2233 4544 Καί
2262 4507 2325 4558 γε
2369 4488 2568 4560 σχολῆς
2603 4490 2742 4553 ίδίας
2785 4491 2816 4561 ὴ
2852 4489 2997 4542 κατὰ
3049 4488 3140 4543 τὸν
3194 4487 3309 4559 βίον
3350 4488 3517 4542 αὑτοῦ
3579 4487 3704 4541 σύν-

2119 4583 2276 4649 ταξις
2312 4581 2475 4636 δέοιτ’
2503 4584 2593 4638 ἄν.
2630 4581 2772 4636 Ἀλλ’
2804 4585 2970 4654 ἡμεῖς
2997 4584 3057 4635 ἐκ
3088 4582 3300 4635 πολλῶν
3322 4579 3430 4636 τῶν
3452 4582 3580 4650 περὶ
3610 4582 3706 4633 αὖ-

2117 4674 2213 4728 τοῦ
2233 4673 2547 4742 εἰρημένων
2579 4675 2939 4744 ὲπιτεμὸντες
2974 4674 3044 4727 τὰ
3072 4673 3304 4726 πλεῖστα
3369 4672 3702 4741 παραδῶμεν

2120 4768 2188 4838 τῇ
2239 4764 2476 4838 Ἱστορίᾳ
2510 4781 2524 4796 ’
2564 4766 2651 4819 ἵνα
2688 4768 2802 4829 τοῖς
2851 4764 3176 4836 φιλομαθέσι
3206 4763 3342 4835 μηδὲ
3388 4762 3458 4817 τὰ
3507 4760 3701 4815 τούτου

2117 4859 2378 4928 ἄγνωστα
2392 4858 2604 4930 εῐη.Τὰ
2638 4857 2750 4930 γὰρ
2781 4858 2874 4911 τοῦ
2902 4856 3116 4923 ἀνδρὸς,
3146 4856 3241 4911 καὶ
3294 4853 3365 4909 τὰ
3408 4853 3468 4920 ἐξ
3520 4852 3702 4907 αὐτῶν

2121 4951 2455 5021 σπαργάνων
2485 4953 2610 5017 ἄξια
2646 4952 2872 5022 μνήμης
2906 4949 3244 5018 λελόγισται.

423 5039 756 5101 inseremus,
784 5047 845 5091 ut
881 5052 969 5093 res
997 5037 1131 5093 tanti
1153 5038 1257 5092 viri
1287 5036 1555 5092 studiosis
1584 5039 1878 5106 incognitae
1901 5056 2010 5096 non
2052 5044 2167 5099 sint
2200 5061 2217 5100 :
2249 5060 2373 5116 quae
2403 5061 2534 5102 sane
2555 5044 2770 5116 judicio
2802 5044 3099 5100 multorum
3170 5044 3348 5116 dignm
3380 5042 3511 5099 visat
3551 5050 3700 5105 sunt,

421 5142 485 5187 ut
513 5132 599 5187 vel
633 5132 701 5187 ab
733 5132 869 5203 ipsis
917 5133 1272 5189 incunabulis
1303 5133 1573 5204 repetita‘,
1603 5134 1887 5190 memoria:
1919 5138 2296 5196 traderentur.
2406 5207 2417 5217 ἢ

1029 5249 1260 5307 CAPUT
1304 5252 1398 5308 ill.

422 5350 500 5405 De
544 5348 785 5422 Origeuis
816 5367 848 5406 a
878 5421 885 5422 γ
912 5364 1075 5422 puero
1127 5348 1315 5401 studiis
1352 5358 1512 5418 atque
1542 5351 1824 5422 esereitiis,
1862 5360 1913 5406 et
1950 5364 2011 5408 ut

491 5419 784 5476 etiamnum
816 5419 1117 5492 adolescens
1142 5434 1440 5470 sermonem
1472 5420 1710 5492 veritatis
1741 5424 2009 5492 professus

491 5493 672 5563 fuerit,
708 5501 755 5544 et
789 5500 845 5544 ut
868 5505 982 5544 sese
1008 5491 1081 5563 od
1112 5497 1379 5541 certamen
1408 5505 1506 5559 pro
1538 5491 1748 5546 Christo
1781 5494 2009 5547 subeun-

489 5562 619 5618 dum
652 5562 1063 5634 prwparaverit.

489 5677 686 5733 Statim
721 5688 963 5747 namque
1012 5673 1083 5728 ab
1115 5672 1299 5737 initio,
1329 5683 1519 5730 tenera
1555 5683 1748 5730 exacta
1788 5685 1949 5731 aetate
1978 5693 2009 5732 a

419 5782 574 5837 patre
601 5769 807 5824 divinis
855 5767 1105 5824 imbutus
1145 5777 1231 5821 est
1263 5766 1510 5823 Litteris.
1551 5767 1657 5823 Cui
1690 5768 1777 5824 illa
1829 5770 2007 5840 prima

2724 5260 2978 5315 ΚΕΦΑΛ.
3018 5259 3094 5313 Γ.

2121 5350 2262 5420 Περὶ
2314 5353 2425 5421 τῆς
2452 5354 2522 5408 ἐκ
2559 5353 2773 5420 παιδὸς
2819 5353 3144 5420 ἀσκήσεως
3192 5351 3571 5422 Ὠριγένουςο
3619 5352 3702 5417 ὡς

2191 5424 2279 5477 ἔτι
2303 5424 2444 5490 νέος
2487 5424 2593 5490 ὢν,
2622 5428 2731 5478 τὸν
2754 5422 2953 5493 ἀληθῆ
2982 5427 3173 5493 λόγον
3196 5424 3528 5492 ἐπρέσϐευε
3548 5439 3563 5454 ο
3599 5425 3699 5493 καὶ

2190 5494 2271 5625 ἒς
2297 5497 2386 5561 εις
2431 5496 2540 5549 τὸν
2579 5495 2736 5564 ὑπὲρ
2768 5491 3031 5564 Χριστοῦ
3064 5491 3283 5565 dri-3rd
3321 5491 3701 5562 παρεσκευά·

2252 5583 2340 5621 το.

2186 5678 2365 5742 Εὐθὺς
2394 5679 2492 5750 μὲν
2517 5681 2627 5751 γὰρ
2647 5678 2707 5745 ἐξ
2751 5679 2933 5753 ἀρχῆς
2965 5681 3065 5752 τὴν
3098 5680 3319 5750 ἁπαλὴν
3363 5678 3697 5746 ἀποθέμενος

2113 5768 2358 5840 ἠλικίαν,
2418 5771 2571 5841 παρὰ
2624 5770 2720 5824 τοῦ
2773 5771 2981 5843 πατρὸς
3035 5772 3157 5836 ταῖς
3192 5771 3369 5833 θείαις
3419 5768 3699 5840 ivnoni-to

488 5888 565 5961 (ι)
618 5891 847 5961 Propter
911 5888 1174 5946 Divorum
1230 5887 1441 5945 scilicet
1500 5887 1739 5945 fratrum
1801 5889 2158 5964 rescriptum.
