4032 6420
313 488 454 552 ίῡἹΒ

1231 489 1844 570 ΕΟΟιΕδΙΑΞΤιΟΑι
1890 496 2282 558 ΙΙΙὸΤΟΒίίΕ
2325 501 2471 561 LIB.
2521 503 2583 562 V.

3441 504 3575 570 107l

308 600 575 671 Γραφαίς,
606 600 700 656 τοῦ
733 601 938 672 πατρὸς
959 601 1108 672 αὐτῷ
1133 605 1270 673 πρὸς
1314 606 1379 674 τῇ
1423 604 1533 658 τῶν
1586 605 1890 672 ἐγκυκλίων

2010 626 2125 664 :ura
2159 610 2284 675 fuit,
2329 621 2388 665 ut
2423 612 2566 667 ﬁlius
2598 629 2706 666 non
2737 615 3030 681 succisiva,
3068 616 3164 671 sed
3200 617 3350 686 jusla
3395 635 3582 683 opera,

311 696 530 765 παιδείᾳ
561 695 622 748 ού
665 697 960 764 παρέργως
983 695 1044 766 δὴ
1071 697 1166 749 καὶ
1197 695 1295 765 τὴ)
1320 697 1542 750 ἐκείνων
1567 698 1893 766 ποιουμένου

315 786 572 852 φροντίδα
603 801 618 816 ·
648 786 790 840 ὥστε
819 786 882 847 δὴ
919 790 1013 840 καὶ
1072 789 1182 857 πρὸ
1211 787 1314 855 τῆς
1372 789 1599 842 ἐκείνων
1663 789 1894 861 μελέτης

308 879 538 940 ταύταις
593 877 1022 946 ἐνασχολεῖσθαι,
1084 881 1321 950 ἑκάστης
1359 881 1597 952 ἡμέρας,
1659 885 1893 953 μερικὰς

312 970 519 1024 ἐκεῖθεν
543 969 877 1039 ἐκμαθήσεις
901 973 994 1023 καὶ
1023 973 1380 1041 ἀπαγγελίας
1405 975 1892 1046 είσπραττόμενον.

313 1064 386 1116 (ιύ
419 1063 528 1132 μὴν
559 1079 618 1130 γε
649 1063 744 1115 καὶ
798 1064 908 1115 ἀπὸ
967 1065 1346 1135 προαιρέσεως
1397 1066 1477 1136 τῷ
1539 1067 1688 1120 παιδὶ
1723 1066 1896 1120 ταῦτα

311 1148 475 1223 ἦσαν.
524 1154 830 1223 Ὑπερφυετ
852 1155 909 1208 δέ
936 1173 1046 1208 τινι
1077 1156 1363 1227 προθυμία
1399 1158 1526 1227 περὶ
1551 1158 1724 1212 ταῦτα
1757 1159 1896 1226 μᾶλ-

309 1244 400 1297 λον
428 1245 572 1315 ἤπερ
600 1246 728 1315 περὶ
763 1245 854 1297 τὸν
891 1245 1130 1316 Ἕλληνα
1152 1247 1309 1314 λόγον
1359 1249 1568 1311 ἐπόνει,
1631 1249 1708 1311 ὡς
1758 1247 1896 1318 μηδὲ

309 1338 371 1390 τὸ
398 1337 606 1391 ἁπλοῦν
630 1339 778 1406 αὐτῷ
812 1339 922 1392 τῶν
957 1339 1117 1408 ἱερῶν
1143 1339 1321 1409 λόγων
1351 1343 1444 1394 καὶ
1497 1342 1789 1412 πρόχειρον
1820 1343 1896 1405 είς

317 1429 558 1497 μάθησιν
591 1429 870 1499 ἐξαρκεῖν,
895 1429 1028 1482 ἀλλὰ
1081 1433 1176 1485 καὶ
1221 1432 1698 1502 πολυπραγμονεῖν
1729 1433 1901 1502 αἱρεῖς

315 1519 465 1584 σθαι,
519 1520 610 1572 καὶ
643 1519 702 1572 τὸ
752 1521 1079 1591 ἐγκείμενον
1127 1522 1319 1584 αὐταῖς
1370 1523 1533 1592 βάθος
1593 1523 1899 1593 ἀνιχνεύειν

312 1610 631 1678 πειρᾶσθαι,
657 1613 751 1663 καὶ
787 1612 1088 1681 πράγματα
1123 1613 1199 1684 τῷ
1227 1617 1396 1685 πατρὶ
1445 1615 1730 1685 παρέχειν,
1767 1615 1899 1667 ἁνα-

315 1701 746 1770 πυνθανόμενον,
769 1705 820 1758 τί
845 1706 909 1758 ἂν
942 1707 1048 1776 ἄρα
1095 1707 1341 1776 βούλοιτο
1372 1709 1432 1761 τὸ
1460 1711 1695 1778 γράμμα
1731 1711 1894 1762 νοεῖν.

315 1792 407 1861 Τῷ
435 1794 492 1846 δὲ
521 1796 692 1865 πατρὶ
718 1797 1024 1866 θαυμάζειν
1060 1800 1160 1868 μὲν
1195 1799 1368 1870 εἰσῄει
1406 1801 1500 1853 καὶ
1547 1801 1670 1853 καθ’
1703 1800 1900 1853 ἑαυτὸν

318 1886 824 1955 καταπλήττεσθαι,
883 1891 1146 1958 γεγηθότι
1215 1891 1294 1944 ὅτι
1339 1891 1470 1954 Θεὸς
1524 1883 1770 1944 τοιούτου
1835 1891 1899 1958 δὴ

316 1977 529 2046 πατέρα
554 1982 736 2043 παιδὸς
773 1981 1024 2048 γενέσθαι
1055 1982 1207 2052 ἠξίου
1240 1997 1253 2012 ³
1296 1984 1400 2054 ἰδίᾳ
1446 2000 1508 2052 γε
1566 1985 1672 2054 μὴν
1732 1983 1905 2054 πλήτ-
1938 1960 1974 2012 Β

317 2085 426 2120 των
458 2065 525 2138 ἦν
551 2071 608 2123 τὸ
637 2071 812 2124 δοκεῖν
848 2073 1016 2142 μηδὲν
1051 2074 1181 2143 παρ’
1210 2075 1425 2144 ἠλικίαν
1461 2076 1555 2128 καὶ
1586 2075 1905 2144 περαιτέρω

320 2163 417 2227 τῆς
437 2163 660 2227 ἀτελοῦς
691 2166 930 2228 διανοίας
959 2168 1144 2235 ζητεῖν
1177 2167 1596 2237 εἰσηγούμενος.
1634 2165 1906 2220 Τοσοῦτόν

320 2271 382 2318 γε
420 2255 528 2324 μήν
555 2273 721 2333 φασιν
769 2256 1046 2326 ἑκθαμὸον
1086 2255 1229 2309 εἶναι
1275 2259 1370 2310 καὶ
1426 2259 1502 2329 τῷ
1553 2259 1742 2330 δοτῆρι
1797 2260 1906 2312 τῶν

317 2343 539 2410 ἀγαθῶν
573 2345 691 2412 Θεῴ
723 2339 822 2412 τῆν
845 2346 1009 2415 χάριν
1027 2347 1334 2416 ὁμολογεῖν,
1369 2347 1440 2411 ὼς
1477 2348 1768 2417 ἐπιστῆναι
1805 2348 1908 2418 μὲν

322 2435 580 2498 πολλάκις
639 2439 847 2492 εὕδοντι
897 2443 978 2509 τῷ
1031 2441 1203 2504 παιδὶ,
1263 2440 1688 2510 ἀπογυμνοῦντα
1727 2441 1784 2494 δὲ
1847 2440 1910 2494 τὸ

321 2529 568 2598 στέρνον,
635 2531 950 2604 σεϐασμίως
1004 2533 1154 2598 μάλα
1226 2532 1570 2602 καταφιλεῖν,
1624 2528 1712 2586 οἷά
1764 2549 1908 2594 τινος

320 2623 465 2674 ἔνδον
501 2623 648 2676 θείου
683 2625 997 2690 Πνεύματος
1049 2627 1579 2694 ἐνσκηνοῦντος,κα“ι
1605 2626 1706 2695 τῆς
1759 2627 1912 2678 εὐτε·

324 2717 480 2779 κνίας
506 2719 776 2787 μακάριον
806 2721 1004 2773 ἑαυτὸν
1036 2721 1317 2790 ἡγεῖσθαι.
1352 2721 1659 2775 Κάντεῦθεν
1689 2720 1750 2773 οὐ
1787 2737 1913 2788 σμι-

320 2810 459 2878 κρὰς
507 2811 761 2881 ἀφορμὰς
789 2813 817 2863 ὁ
850 2815 976 2876 παῖς
1015 2814 1121 2864 τῶν
1172 2815 1268 2882 τῆς
1300 2816 1555 2879 ,πίστεως
1607 2814 1700 2867 καὶ
1751 2812 1910 2865 θείων

322 2904 498 2970 λογων
522 2905 1014 2974 καταϐαλλόμενος,
1063 2902 1121 2960 εὖ
1151 2907 1296 2975 μάλα
1348 2907 1594 2975 κοσμίως
1651 2907 1909 2976 ἀνήγετο,

320 2997 400 3066 τῷ
426 2999 574 3067 αύτῴ
623 2999 792 3069 πατρί
839 3017 900 3051 τε
957 3004 1051 3051 καὶ
1092 2997 1401 3066 διδασκάλῳ
1454 2997 1760 3067 χρώμενος,
1817 2998 1912 3050 καὶ

325 3091 539 3159 μεγάλα
608 3087 689 3154 οἷς
755 3091 1082 3158 παρεδείκνυ
1167 3090 1390 3160 δράσειν
1449 3090 1908 3160 ὑπισχνούμενος.

324 3184 506 3236 Ἱάᾆτα
541 3184 635 3236 καὶ
673 3184 896 3238 τοιαῦτα
942 3184 1004 3254 δή
1037 3200 1157 3236 τινα
1187 3183 1351 3254 ἐτερα
1408 3185 1648 3254 συγγενῆ
1700 3180 1912 3242 τούτοις

2001 718 2108 758 una
2143 719 2270 758 cum
2317 704 2538 775 eyelieis
2584 705 2897 774 disciplinis
2948 723 3041 762 eas
3071 709 3405 765 addisceret.
3443 710 3578 776 Qua-

1998 805 2226 865 propter
2247 805 2373 850 ante
2396 812 2587 851 earum
2617 798 3032 868 disciplinarum
3058 801 3380 856 exercitium
3407 801 3576 871 quoti-

1998 889 2085 944 die
2116 889 2183 944 ab
2207 906 2294 953 eo,
2322 907 2386 945 ex
2412 892 2582 946 sacris
2603 892 2906 961 Scripturis
2929 883 3325 963 promissiones
3347 907 3400 948 et
3427 903 3580 951 certa

2001 984 2142 1042 loca,
2177 997 2301 1050 qua:
2372 983 2695 1038 memoriter
2732 983 3024 1049 didicerat,
3062 987 3382 1054 requirebat
3413 1004 3425 1039 :
3465 1003 3581 1056 qua!

2003 1088 2090 1126 res
2143 1074 2366 1128 minime
2417 1084 2616 1144 praeter
2660 1075 2932 1145 judicium
2961 1087 3018 1132 et
3051 1079 3390 1131 voluntatem
3427 1094 3580 1140 puer~

2000 1165 2125 1219 fuit.
2151 1166 2380 1221 Mirifica
2413 1168 2560 1221 enim
2605 1169 2908 1237 cupiditate
2939 1169 3111 1239 magis
3165 1170 3217 1223 in
3245 1170 3361 1223 base
3383 1168 3565 1222 studia

1999 1272 2163 1326 quam
2195 1258 2248 1312 in
2306 1257 2622 1314 Graecorum
2665 1269 2812 1314 artes
2859 1259 3136 1314 ferebatur
3167 1279 3180 1318 :
3217 1278 3390 1331 usque
3425 1262 3585 1324 adeo,

2004 1360 2061 1404 ut
2082 1366 2189 1404 non
2216 1359 2515 1424 contentus
2546 1362 2696 1407 esset
2725 1367 2790 1407 ex
2817 1353 2992 1408 sacris
3015 1354 3278 1418 oraculis,
3304 1373 3425 1424 qua:
3453 1355 3584 1409 sinu

2003 1445 2164 1514 plicia
2199 1453 2256 1499 et
2287 1461 2396 1498 non
2433 1445 2505 1498 ita
2533 1445 2774 1501 difﬁcilia
2805 1455 2956 1511 sunt,
2982 1447 3194 1501 discere
3230 1465 3242 1500 :
3274 1448 3369 1519 sed
3404 1449 3560 1502 curio

2001 1539 2161 1595 sitatc
2199 1546 2472 1603 uteretur,
2503 1548 2558 1592 et
2609 1538 2827 1593 abditos
2851 1552 3042 1592 eorum
3094 1554 3291 1594 sensus
3343 1541 3587 1595 scrutari

2002 1641 2333 1697 conaretur,
2395 1631 2743 1701 subindcqne
2818 1632 3082 1701 quidnam
3138 1633 3324 1686 arcani
3377 1648 3580 1687 sensus

2004 1723 2057 1778 in
2090 1725 2272 1778 littera
2329 1722 2552 1787 lateret,
2604 1725 3040 1793 percunctando,
3101 1724 3242 1792 patri
3304 1726 3588 1794 negotium

2004 1816 2322 1872 lacesseret.
2359 1817 2406 1872 ls
2434 1833 2599 1886 porro
2633 1817 2776 1887 apud
2810 1817 3052 1887 seipsum
3082 1833 3143 1871 ea
3173 1817 3239 1871 de
3273 1833 3438 1871 eausa
3463 1834 3588 1872 cum

2007 1909 2372 1963 admiratione
2417 1907 2699 1977 stupebat,
2755 1917 2812 1961 et
2865 1905 3023 1961 valde
3079 1907 3380 1976 gaudebat,
3439 1907 3588 1976 quod

2009 2003 2152 2056 Deus
2183 2017 2239 2055 se
2272 2013 2484 2071 patrem
2525 2001 2614 2056 tali
2651 1999 2909 2070 dignatus
2954 2009 3097 2054 esset
3149 2000 3280 2053 ﬁlio.
3318 1999 3384 2054 Et
3415 2016 3590 2068 quan-

2008 2095 2188 2165 doque
2226 2096 2477 2162 privatim
2504 2095 2799 2148 simulabat
2829 2110 2888 2148 se
2913 2109 3037 2147 eum
3065 2097 3248 2148 acrius
3273 2093 3602 2162 objurgate,

2009 2205 2078 2244 ne
2118 2188 2247 2258 quid
2277 2204 2441 2257 supra
2479 2197 2694 2242 :rtalcm
2729 2203 2884 2240 suam
2926 2196 2980 2240 el
3015 2185 3324 2254 simplicem
3365 2201 3590 2240 sensum

2009 2290 2351 2335 scrutaretur
2371 2281 2699 2334 admonens.
2727 2280 3040 2348 Tantopcre
3059 2294 3193 2332 vero
3223 2263 3592 2330 admiratione

2009 2374 2130 2441 ejus
2157 2384 2234 2428 est
2277 2384 2685 2433 eonsxernatus.
2719 2372 2986 2426 maximas
3021 2388 3079 2426 se
3110 2372 3288 2426 datori
3323 2372 3592 2424 bonorum

2017 2470 2122 2521 Deo
2155 2470 2357 2537 gratias
2396 2468 2594 2522 debere
2632 2467 2934 2536 professus,
2974 2474 3031 2519 ut
3063 2478 3440 2533 saepenumero
3466 2462 3592 2515 dor-

2012 2559 2200 2613 mienti
2234 2561 2516 2614 assisteret
2561 2573 2752 2628 puero,
2807 2567 3114 2626 pectusque
3153 2555 3274 2624 ejus
3320 2552 3590 2606 nudatum

2010 2667 2133 2704 eum
2171 2651 2524 2706 veneratione
2561 2650 2732 2704 multa
2767 2648 3209 2709 deoscularetur,
3245 2645 3474 2716 perinde
3515 2657 3582 2698 at-

2013 2761 2118 2811 que
2154 2744 2207 2797 in
2247 2759 2313 2797 eo
2363 2741 2587 2797 divinus
2627 2741 2871 2812 Spiritus
2901 2740 3243 2795 domicilium
3293 2753 3453 2793 suum
3499 2738 3591 2790 ha-

2011 2837 2201 2898 b-ret.
2234 2836 2572 2905 beatumque
2612 2851 2845 2905 prorsus
2873 2850 2931 2889 se
2965 2843 3074 2888 tam
3123 2833 3270 2888 [elici
3312 2831 3593 2901 proliﬁca-

2013 2929 2162 2985 tione
2186 2929 2494 3000 judicabat.
2526 2929 2658 2994 Quae
2693 2944 2779 2982 res
2821 2943 3073 2998 magnam
3108 2928 3344 2997 prmbuit
3369 2942 3592 2981 causam

2011 3030 2068 3076 et
2095 3021 2463 3086 occasionem,
2491 3030 2552 3074 ut
2583 3037 2717 3090 puer
2749 3020 2908 3074 fidem
2943 3034 3241 3088 sacrasque
3285 3018 3501 3073 litteras
3527 3019 3593 3072 ab

2015 3117 2242 3168 ineunte
2273 3123 2434 3168 mtate
2461 3123 2890 3181 assequeretur:
2930 3111 3092 3184 347
3134 3120 3189 3167 et
3224 3120 3372 3166 recte
3407 3110 3584 3165 adnuo-

2013 3205 2144 3260 dum
2182 3203 2534 3270 educaretur,
2568 3204 2822 3258 entndem
2857 3212 2913 3258 et
2944 3214 3156 3273 patrem
3192 3213 3250 3260 et
3288 3212 3580 3273 praecepto-

320 3285 388 3332 tit
415 3278 512 3348 τῆς
541 3279 802 3347 παιδικῆς
833 3278 1048 3348 ἡλικίας
1086 3275 1399 3346 Ὠριγένους
1431 3273 1904 3344 μνημονευόμενα.

2015 3315 2128 3354 rem
2164 3299 2399 3364 babens,
2443 3315 2808 3369 magnamque
2837 3298 2904 3352 de
2929 3313 2987 3353 se
3025 3299 3276 3369 prtebens
3306 3307 3589 3368 exspecta-

322 3372 486 3423 Ἐπεὶ
518 3371 573 3423 δὲ
611 3371 834 3441 Σευήρῳ
865 3371 1093 3424 δέκατον
1131 3372 1230 3439 μὲν
1252 3370 1350 3437 τῆς
1377 3366 1553 3437 ἀρχῆς
1594 3367 1712 3426 ἔτος
1748 3363 1908 3434 ἠνύε-

321 3483 399 3526 το,
435 3467 636 3528 Δαῖτος
669 3463 724 3516 δὲ
756 3462 984 3534 ἡγεμὼν
1016 3463 1320 3530 Αἰγύπτου,
1356 3461 1452 3513 καὶ
1498 3457 1909 3528 ’Δλεξανδρείας

325 3554 644 3618 καθίστατο,
675 3553 976 3623 Δημητρίῳ
1009 3553 1065 3606 δὲ
1091 3553 1230 3623 μετὰ
1261 3550 1558 3606 Ἰουλιανὸν
1593 3550 1717 3618 ἄρτι
1754 3549 1910 3618 πρώ-

325 3665 429 3712 τως
456 3649 606 3718 ὁτῆς
653 3645 1062 3718 Ἀλεξανδρείας
1111 3645 1300 3716 θρόνος
1354 3643 1736 3720 ἐνεχειρίζετο,
1778 3645 1806 3696 ὁ
1852 3642 1909 3695 δὲ

325 3741 431 3795 τῶν
454 3741 766 3812 ἐκκλησιῶν
788 3739 1030 3810 διωγμὸς
1056 3742 1133 3802 είς
1190 3740 1334 3808 μέγα
1366 3737 1773 3808 ἀνερριπίζετο,
1809 3739 1904 3789 καὶ

319 3821 512 3886 πολλοὶ
558 3831 823 3902 γενναίως
871 3831 1350 3900 παραταττόμενοι
1395 3832 1506 3892 τοῖς
1569 3830 1752 3892 ἄθλοις
1785 3829 1910 3891 τοὺς

327 3922 622 3993 στεφάνους
648 3922 948 3994 διήρπαζον
981 3937 994 3950 ·
1025 3921 1282 3974 τοσοῦτόν
1311 3937 1474 3990 φασιν
1495 3919 1674 3992 ἔρωτα
1705 3935 1912 3990 μαρτυ-

327 4015 446 4083 ρίου
481 4011 736 4081 γενέσθαι
760 4013 852 4064 καὶ
881 4009 1175 4081 Ὠριγένει,
1209 4009 1422 4081 ἁπαλὴν
1449 4009 1644 4078 κομιδῆ
1668 4008 1763 4080 τὴν
1787 4009 1910 4080 ἡλι-

328 4107 454 4160 κίαν
491 4107 884 4176 περικειμένῳ,
923 4105 996 4167 ὼς
1043 4105 1273 4174 σκιρτᾷν
1303 4104 1428 4174 ἤδη,
1480 4105 1573 4156 καὶ
1613 4103 1760 4172 ὁρμῇ
1805 4118 1910 4154 τινι

328 4201 544 4271 ἀσχέτιρ
575 4201 742 4270 ὁμόσε
765 4205 878 4265 τοῖς
907 4201 1045 4272 ὑπὲρ
1089 4199 1333 4270 Χριστοῦ
1382 4199 1650 4262 κινδύνοις
1687 4201 1908 4268 χωρεῖν.

332 4293 438 4345 Καί
471 4289 517 4360 γ’
557 4291 935 4362 ἀπηλλάττετο
972 4295 1261 4363 μαρτυρίῳ
1299 4290 1394 4346 τοῦ
1425 4289 1546 4362 ζῇν,
1574 4292 1621 4343 εἰ
1668 4290 1744 4361 μὴ
1779 4290 1910 4352 Θεὸς

327 4386 500 4456 ἑτέρῳ
533 4385 794 4456 προνοίας
845 4383 989 4452 λόγῳ
1015 4383 1114 4452 τῆς
1169 4383 1381 4437 πολλῶν
1425 4381 1698 4451 ὠφελείας
1751 4381 1912 4452 χάριν

329 4475 582 4546 ἐμποδὼν
611 4474 708 4546 τὴν
751 4475 966 4544 μητέρα
1001 4475 1192 4544 ἐκείνῳ
1216 4475 1470 4530 καθίστα.
1513 4473 1772 4527 Εἰσιοῦσα
1804 4473 1912 4544 γὰρ

329 4569 541 4620 ἐκείνου
573 4565 662 4618 τὸν
693 4565 960 4634 θάλαμον,
989 4564 1155 4633 φειδώ
1183 4581 1305 4619 τινα
1329 4565 1628 4634 λαμϐάνειν
1649 4566 1745 4635 τῆς
1782 4565 1912 4634 περὶ

329 4660 494 4714 αὑτὸν
526 4660 799 4731 μητρικῆς
828 4657 1121 4719 διαθέσεως
1167 4658 1512 4722 καθικέτευε,
1545 4659 1640 4711 καὶ
1685 4661 1758 4728 μὴ
1809 4655 1905 4712 οὔ·
1944 4657 1984 4712 D

329 4768 438 4818 τως
466 4755 566 4822 τὴν
595 4753 812 4824 μητέρα
841 4749 1186 4814 καταλιπεῖν,
1217 4752 1311 4803 καὶ
1341 4751 1563 4820 θρήνοις
1596 4750 1910 4820 ἀκατασχέ-

329 4860 444 4906 τοις
481 4842 833 4914 περιόάλλειν
879 4840 1200 4912 πειρᾶσθαι.
1259 4839 1347 4904 Ὠς
1376 4840 1435 4893 δὲ
1487 4840 1630 4893 ἑάλω
1679 4839 1828 4909 αὐτῷ
1884 4841 1913 4893 ό

331 4937 542 5008 πατὴρ,
580 4939 679 4991 καὶ
729 4936 1096 5007 δεσμωτηρίῳ
1135 4935 1455 5006 καθεῖρκτο,
1485 4937 1569 4989 ἐτι
1627 4936 1832 5006 μᾶλλον
1883 4934 1912 4988 ό

333 5033 473 5102 ἔρως
517 5032 666 5101 αὐτῴ
715 5033 1050 5095 ἐπετείνετο,
1111 5031 1207 5083 καὶ
1253 5030 1584 5102 δριμύτερος
1669 5014 1912 5102 εἰσέρρει

331 5123 498 5186 πόθος
523 5123 616 5178 τοῦ
666 5123 994 5194 μαρτυρίου,
1029 5122 1125 5177 καὶ
1176 5125 1548 5192 καθεκάστην,
1587 5121 1665 5185 ὡς
1710 5123 1910 5186 εἰπεῖν,

331 5217 524 5272 τοῦτον
561 5217 830 5287 ἀνέφλεγε
862 5217 1181 5288 πυρπολῶν.
1208 5215 1366 5271 Οὕτω
1399 5216 1444 5270 δ’
1487 5218 1666 5287 ὁρμῆς
1716 5216 1911 5287 ἔχοντα

333 5313 367 5382 ὴ
399 5312 582 5382 μήτηρ
625 5313 718 5365 τὸν
756 5312 1045 5383 Ὠριγένην
1074 5311 1310 5382 ὁρῶντα,
1337 5311 1435 5381 τὴν
1493 5311 1698 5382 ἐσθῆτα
1733 5312 1913 5364 πᾶσαν

334 5406 550 5458 ἐκείνου
584 5405 930 5474 ἀπέκρυπτε,
966 5403 1062 5457 καὶ
1114 5403 1255 5457 οἴκοι
1304 5405 1490 5474 μένειν
1536 5404 1604 5458 δι’
1665 5405 1912 5474 ἀνάγκης

337 5499 531 5552 ἐποίει.
561 5498 716 5551 Ἐπεὶ
739 5499 784 5550 δ’
806 5497 935 5550 ἄλλο
962 5496 1230 5570 πράττειν
1269 5499 1371 5552 ούκ
1420 5495 1593 5569 εἶχεν,
1645 5499 1912 5571 ἀλείπτης

337 5590 548 5657 ἐγίνετο
576 5589 652 5660 τῷ
678 5591 851 5661 πατρί
877 5605 888 5620 ·
922 5591 1106 5644 καὶτὰ
1162 5593 1542 5662 προτρεπτικα
1603 5593 1912 5647 συντάττων

336 5684 660 5749 ἀπέστελλε,
699 5689 795 5738 καὶ
828 5685 1002 5739 ταῦτα
1031 5685 1176 5739 κατὰ
1203 5685 1348 5752 λέξιν
1403 5685 1620 5752 διεξιών
1652 5703 1668 5718 ο
1707 5687 1912 5758 Ἐπεχε

340 5776 416 5848 μὴ
436 5777 503 5830 δι’
557 5779 706 5846 ἡμᾶς
753 5779 882 5834 ἄλλο
915 5797 965 5833 τι
1016 5779 1318 5850 φρονήσῃς.
1357 5774 1548 5831 Τοῦτο
1583 5778 1647 5850 δὴ
1695 5781 1912 5849 πρῶτον

309 5868 481 5923 ’ἔστω
512 5869 707 5940 δεῖγμα
737 5871 1074 5940 σαφέστατον
1124 5873 1225 5942 τῆς
1279 5875 1342 5926 ἐκ
1396 5873 1640 5943 πρώτης,
1675 5873 1702 5926 ὃ
1759 5890 1909 5944 φασι,

1607 6143 1642 6192 1

2015 3390 2241 3443 tionem.
2277 3390 2400 3444 Hzee
2442 3399 2607 3458 atque
2646 3391 2775 3444 item
2807 3389 2910 3443 alia
2942 3389 3030 3443 bis
3065 3390 3265 3443 similia
3299 3388 3366 3442 de
3393 3390 3590 3459 puerili

2011 3487 2167 3532 :rtate
2188 3478 2440 3548 Origenis
2466 3488 2596 3532 sunt
2627 3479 2863 3548 prodita.
2894 3479 3190 3548 Postquam
3221 3494 3351 3533 vero
3377 3478 3591 3534 decimo

2012 3571 2198 3626 Severi
2232 3572 2558 3640 imperantis
2591 3588 2757 3637 anno,
2792 3571 2974 3627 Laetus
3005 3571 3240 3644 Aﬂgypto
3271 3581 3328 3628 et
3356 3573 3589 3628 Alexan-

2010 3665 2146 3719 driae
2203 3664 2496 3734 praefectus
2528 3675 2607 3719 est
2632 3705 2648 3728 ,
2675 3675 2732 3720 et
2779 3666 3092 3719 Demetrius
3137 3666 3356 3721 Juliano
3389 3666 3443 3719 in
3477 3667 3582 3735 epi-

2009 3768 2239 3825 scopatu
2261 3757 2632 3811 Alexandrino
2654 3758 2942 3818 successit.
2969 3759 3442 3828 ecclesiarumque
3467 3774 3588 3828 per-

2011 3849 2226 3904 secutio
2267 3849 2562 3905 admodum
2611 3851 2868 3915 invaluit,
2905 3867 2968 3905 ac
2995 3851 3154 3906 multi
3190 3851 3592 3906 certaminibus

2011 3956 2210 4011 magno
2238 3941 2436 3996 animo-
2451 3943 2667 3997 obviam
2690 3951 2911 4010 euntes,
2943 3959 3177 3998 coronas
3199 3952 3593 4014 reportarunt:

2014 4043 2221 4089 tantam
2255 4035 2452 4091 dicunt
2483 4037 2728 4108 martyrii
2763 4036 3125 4107 cupiditatem
3157 4036 3381 4109 Origeni
3415 4037 3582 4092 inces-

2012 4130 2175 4188 sisse,
2206 4143 2332 4182 eum
2359 4127 2414 4182 in
2439 4128 2672 4198 juvenili
2703 4128 2998 4183 admodum
3029 4129 3213 4183 adhuc
3247 4139 3404 4184 aetate
3426 4139 3593 4197 esset,

2014 4229 2074 4274 ut
2114 4220 2396 4274 exsultans
2419 4220 2530 4290 jam
2560 4221 2761 4275 ardore
2792 4222 3027 4290 quodam
3072 4223 3406 4287 incredibili,
3441 4211 3592 4292 peri-

2012 4309 2134 4364 cuia
2165 4325 2263 4379 pro
2288 4309 2510 4364 Christo
2538 4308 2823 4364 toleranda
2853 4308 3051 4363 adiret.
3084 4308 3150 4362 Et
3188 4308 3453 4363 ﬁnivisset
3498 4308 3596 4362 ille

2007 4405 2118 4474 jam
2179 4411 2294 4456 tum
2347 4402 2613 4473 martyrio
2635 4403 2826 4466 vitam,
2864 4401 2966 4454 nisi
3005 4401 3109 4455 alia
3157 4401 3358 4456 divinae
3404 4402 3593 4456 Provi-

2011 4498 2212 4555 dentiae
2252 4498 2484 4562 ratione,
2530 4498 2784 4553 utilitatis
2826 4498 3124 4553 multorum
3170 4497 3380 4567 gratia,
3416 4508 3596 4552 mater

2012 4594 2132 4664 ejus
2177 4593 2610 4648 intercessisset.
2660 4591 2755 4645 llla
2808 4592 2954 4646 enim
3011 4591 3066 4645 in
3110 4591 3428 4646 cubiculum
3474 4594 3596 4664 ejus

2017 4687 2281 4756 ingressa,
2318 4685 2549 4755 supplex
2587 4683 2638 4738 ei
2671 4683 2793 4745 fuit,
2826 4693 2884 4736 ut
2921 4699 3009 4746 ne.
3047 4693 3296 4738 materno
3323 4700 3424 4738 suo
3465 4700 3595 4755 erga

2013 4786 2140 4828 eum
2176 4772 2360 4825 animo
2387 4781 2437 4826 et
2475 4771 2648 4824 amori
2679 4785 2935 4840 parcens,
2978 4785 3178 4840 :egram
3217 4785 3274 4824 se
3314 4770 3387 4824 ita
3420 4772 3596 4825 relin-

2015 4873 2230 4935 queret,
2263 4874 2320 4919 et
2365 4861 2697 4918 intolerabili
2757 4862 2932 4916 luctui
2971 4871 3028 4916 et
3091 4863 3316 4915 moemri
3351 4863 3594 4933 objieere

2015 4962 2424 5024 perseveraret.
2469 4951 2574 5007 Ubi
2629 4967 2760 5006 vero
2813 4961 2973 5021 pater
3025 4953 3145 5021 ejus
3198 4961 3394 5020 captus
3448 4955 3593 5008 etin

2016 5045 2232 5100 vincula
2269 5045 2552 5116 conjectus
2583 5054 2686 5111 est,
2708 5047 2882 5115 major
2904 5061 3028 5100 eum
3048 5048 3213 5102 etiam
3237 5064 3414 5110 amor,
3448 5049 3594 5101 aerio

2018 5153 2190 5206 usque
2213 5138 2464 5209 martyrii
2493 5137 2832 5192 desiderium
2865 5138 3087 5198 invasit,
3123 5138 3300 5193 indies
3328 5139 3379 5191 id
3404 5138 3488 5208 (ut
3517 5139 3596 5192 ita

2016 5230 2218 5300 dicam)
2251 5230 2449 5285 ardore
2483 5239 2540 5285 et
2569 5231 2692 5299 igne
2725 5246 2871 5285 novo
2893 5231 3168 5287 excitante
3197 5240 3360 5301 atque
3391 5246 3594 5284 accen-

2016 5323 2202 5379 dente.
2235 5323 2754 5392 Quaprop‘er-cum
2813 5325 2886 5377 ita
2939 5326 3242 5378 animatum
3295 5321 3599 5392 Origenem

2015 5431 2138 5471 esse
2188 5425 2365 5470 mater
2394 5417 2644 5481 videret,
2687 5431 2908 5470 omnem
2942 5417 3060 5486 ejus
3092 5425 3301 5469 vestem
3336 5416 3590 5470 recondi-

2015 5509 2116 5570 dit,
2160 5509 2656 5579 necessitatemque
2699 5509 2752 5563 ei
2791 5510 2940 5563 domi
2994 5509 3249 5563 manendi
3303 5509 3590 5580 imposuit.

2017 5601 2116 5655 Hic
2145 5616 2269 5654 cum
2298 5600 2445 5654 aliud
2482 5600 2661 5654 facere
2697 5617 2804 5654 non
2840 5609 3044 5670 pOSSt't,
3073 5601 3280 5668 alipten
3320 5610 3378 5656 et
3401 5611 3594 5656 uncto-

2020 5708 2133 5746 rem
2165 5691 2490 5748 certaminis
2520 5708 2578 5748 se
2609 5691 2748 5761 patri
2784 5692 3039 5760 pra-buit,
3071 5701 3127 5745 et
3156 5692 3476 5760 frequenter
3499 5706 3594 5746 co-

2018 5787 2348 5840 bortatorias
2372 5786 2439 5841 ad
2465 5784 2616 5839 illum
2650 5785 2860 5840 litteras
2885 5785 3131 5854 scripsit,
3163 5785 3308 5839 inter
3333 5785 3438 5839 alia
3468 5802 3595 5839 ver-

2017 5878 2081 5931 ba
2112 5877 2214 5932 ista
2243 5894 2511 5950 usurpans
2541 5895 2555 5932 :
2590 5877 2840 5946 Sustine,
2873 5888 2928 5933 ct
2961 5894 3026 5952 ne.
3057 5877 3187 5945 quid
3220 5877 3448 5933 alterius
3467 5893 3594 5936 sen-
