4032 6464
437 441 576 507 1075

1681 449 1864 508 NlCE
1879 444 2110 507 PI—lOlil
2158 444 2246 503 CA
2261 445 2513 505 LLISTI

3592 441 3726 507 1076

433 565 632 620 tentias
665 578 761 624 aut
791 570 1019 625 consilii
1049 584 1238 627 nostra
1270 589 1434 628 causa
1467 574 1654 644 capias
1676 571 1822 625 vide.
1857 569 2033 635 Atque

2146 561 2398 630 βαλϐῖδος
2430 563 2560 632 περὶ
2590 559 2726 616 Θεὸν
2756 560 2926 615 αὐτοῦ
2980 560 3215 631 γνησίας
3259 561 3500 626 πίστεώς
3526 579 3584 616 τε
3633 560 3726 616 καὶ

437 657 549 713 hoc
587 659 829 729 primum
881 663 956 718 sit
1002 664 1522 729 evidentissimum,
1557 684 1585 721 a
1623 667 1814 736 primis
1860 665 2033 734 (quod

438 747 664 820 dicitur)
693 753 1034 817 carceribus,
1068 772 1344 826 germanae
1379 758 1527 823 ﬁdei,
1562 760 1881 830 sincerique
1912 763 2038 833 ejus

439 857 574 916 erga
602 841 777 901 Deum
806 848 1003 914 animi,
1038 850 1323 920 specimen
1356 860 1526 922 atque
1565 851 1857 908 indicium.

1045 989 1278 1048 CAPUT
1335 993 1424 1048 IV.

441 1096 516 1149 De
550 1099 884 1177 institutione
917 1110 966 1154 et
994 1103 1306 1177 educatione
1333 1106 1481 1177 ejus,
1510 1114 1560 1158 et
1593 1109 1774 1159 eorum
1807 1111 1898 1177 qui
1919 1108 2035 1176 ejus

511 1173 891 1224 consuetudine
932 1182 980 1224 et
1013 1174 1254 1227 doctrina
1307 1173 1390 1228 uéi
1438 1176 1564 1228 sint.
1619 1177 1684 1229 Et
1741 1173 1827 1228 ut'
1856 1173 2035 1231 decem

510 1251 562 1318 et
592 1251 706 1318 octo
739 1252 897 1318 natus
916 1261 1096 1318 annos
1118 1285 1130 1304 ,
1169 1244 1513 1298 Alexandri?
1542 1245 1782 1314 ﬁdelium
1812 1249 2038 1318 prwfue-

512 1313 584 1364 rit
617 1313 832 1377 schola,
875 1313 1012 1368 clari
1045 1331 1263 1382 prorsus
1300 1313 1892 1374 nominisiadolescens.

512 1488 672 1542 Patre
706 1490 848 1559 citis,
892 1490 1057 1544 sicuti
1105 1491 1372 1558 diximus,
1415 1493 1521 1550 vita
1580 1511 1677 1566 ρειι·
1711 1498 2035 1569 martyrium

440 1596 543 1648 pro
562 1580 785 1636 Christo
811 1583 1092 1648 :lcl'uncto,
1125 1587 1368 1641 nondum
1391 1604 1623 1658 prorsus
1640 1595 2035 1660 septemdecim

440 1691 618 1730 annos
648 1685 830 1740 natus,
872 1695 996 1731 cum
1028 1680 1176 1748 apud
1208 1689 1439 1734 matrem
1469 1697 1596 1736 cum
1622 1684 1746 1738 aliis
1778 1700 1873 1741 sex
1903 1693 2034 1739 natu

2144 655 2467 718 διαθέσεως.

2743 997 2999 1052 ΚΕΦΑΛ.
3037 999 3114 1051 Δ’.

2137 1107 2278 1177 Περί
2309 1106 2421 1174 τῆς
2470 1106 2600 1162 κατ’
2653 1110 2844 1162 αὐτὸν
2873 1108 3154 1174 παιδείας
3186 1108 3284 1163 καὶ
3314 1108 3551 1177 ἀγωγῆς
3575 1129 3588 1142 ·
3629 1113 3726 1166 καὶ

2208 1176 2330 1231 τῶν
2363 1177 2526 1243 αὐτῷ
2556 1179 3004 1247 φοιτησάντων.
3069 1181 3178 1233 Καὶ
3217 1181 3296 1245 ὡς
3322 1176 3727 1236 ὀκτωκαίδεκα

2207 1247 2294 1301 ὢν
2324 1247 2500 1310 ἐτῶν,
2545 1249 2660 1315 τῆς
2717 1250 2789 1302 ἐν
2848 1249 3266 1317 Ἀλεξανδρείᾳ
3322 1250 3445 1303 τῶν
3496 1252 3730 1306 πιστῶν

2208 1317 2416 1386 ἠγεῖτο
2448 1317 2784 1388 διατριϐῆς,
2839 1322 3200 1388 περιϐόητος
3241 1320 3465 1389 ἀθρόον
3490 1325 3730 1392 γενόμε-
3824 1385 3831 1390 _

2209 1406 2340 1457 νος.

2206 1505 2315 1561 Τοῦ
2341 1506 2400 1561 δὲ
2431 1506 2642 1578 πατρὸς
2679 1505 2872 1572 αὐτοῦ,
2901 1506 2980 1572 ὡς
3039 1507 3284 1579 εἴρηται,
3324 1506 3388 1561 τὸ
3451 1505 3606 1576 βιοῦν
3649 1507 3729 1578 τῷ

2135 1601 2277 1670 ὑπὲρ
2305 1599 2552 1672 Χριστοῦ
2615 1598 3059 1668 μεταλλάξαντος
3119 1599 3432 1670 μαρτυρίῳ.
3487 1600 3548 1654 οὐ
3584 1599 3726 1654 πάνυ
3805 1644 3810 1646 .

2131 1712 2187 1748 τι
2221 1695 2438 1765 πλήρης
2469 1691 2548 1748 ὢν
2607 1693 2750 1747 ἑτῶν
2783 1693 3186 1759 ἑπτακαίδεκα,
3239 1693 3392 1764 παρὰ
3436 1696 3500 1764 τῇ
3557 1695 3727 1764 μητρὶ

443 1769 752 1824 minoribus
779 1770 970 1825 liberis
1000 1785 1170 1838 esset,
1203 1782 1256 1828 et
1288 1775 1436 1844 quod
1475 1776 1880 1845 patrimonium
1913 1777 2033 1848 ejus

2145 1785 2498 1855 μεθ’ὲτέρων
2560 1783 2626 1848 ἐξ
2683 1784 3043 1856 βραχυτέρων
3092 1785 3300 1840 παίδων
3340 1786 3726 1854 ταλαιπωρῶν,

439 1877 605 1913 mune
647 1862 919 1931 imperiali
952 1864 1087 1919 ﬁsco
1122 1865 1338 1920 illatum
1375 1867 1578 1934 fuerat,
1613 1885 1718 1923 una
1757 1886 1882 1924 cum
1917 1870 2032 1926 suis

2145 1881 2234 1949 τῆς
2259 1879 2536 1950 πατρικῆς
2561 1879 2753 1941 οὐσίας
2774 1881 2888 1942 τοῖς
2931 1877 3239 1946 βασιλικοῖς
3273 1880 3526 1950 ταμείοις
3559 1897 3728 1934 κατα·

435 1968 750 2007 αιτιιιηηοεο
784 1956 843 2007 in.
863 1971 1056 2025 magna
1079 1973 1265 2012 rerum
1305 1962 1740 2016 necessariarum
1775 1965 2028 2032 angustia

437 2045 606 2117 348
647 2055 702 2100 ct
764 2049 997 2116 penuria
1045 2051 1279 2117 viveret,
1331 2052 1521 2107 divino
1569 2055 1618 2109 ei
1667 2069 2030 2114 succurreute

440 2135 710 2202 Numine,
744 2139 1080 2196 incredibile
1112 2155 1452 2200 consecutus
1483 2156 1570 2202 est
1605 2148 1910 2206 auxilium.
1945 2150 2032 2206 Si-

438 2229 667 2296 quidem
704 2232 908 2287 mulier
944 2235 1199 2302 quzedam
1251 2238 1572 2307 ingentibus
1599 2241 1812 2298 divitiis
1852 2254 1906 2298 et
1941 2260 2032 2299 co-

438 2323 547 2390 piis
594 2324 764 2388 clara,
797 2336 853 2380 et
899 2329 1062 2382 aliter
1111 2344 1336 2399 quoque
1385 2332 1729 2391 Alexandriae
1762 2337 2027 2402 celebris,

439 2418 622 2486 magni
650 2420 892 2474 nominis
912 2422 1091 2476 virum
1121 2423 1532 2482 Antiochenum
1556 2445 1782 2500 genere,
1806 2440 1863 2487 et
1886 2433 2031 2486 inter

441 2509 740 2570 haereticos
801 2517 1211 2574 Alexandrinos
1275 2521 1652 2591 primarium,
1703 2537 2031 2585 consectans

436 2616 608 2676 atque
635 2609 1034 2679 complectens,
1066 2615 1329 2684 adoptato
1357 2616 1464 2672 sibi
1498 2617 1592 2673 lilii
1621 2619 1741 2674 loco
1766 2621 2028 2692 Origene.

435 2715 563 2754 cum
587 2703 956 2758 maximieum
999 2705 1148 2772 fecit,
1187 2718 1301 2763 tum
1325 2708 1374 2764 ei
1395 2711 1625 2781 suisque
1662 2714 1928 2771 omnibus
1961 2715 2030 2771 ad

436 2790 824 2858 quotidianum
844 2810 1006 2850 usum
1027 2797 1333 2854 liberaliter
1351 2802 1649 2872 etc0piose
1676 2806 1859 2859 omnia
1895 2822 2030 2876 sup-

437 2883 726 2952 peditavit.
748 2887 1123 2946 Familiariter
1138 2907 1270 2963 ergo
1289 2909 1414 2948 cum
1438 2895 1610 2952 Paulo
1629 2897 1704 2966 (ί)
1727 2899 1853 2966 (hoc
1880 2899 2030 2955 enim

440 2993 645 3032 nomen
673 2981 856 3036 mariti
877 2983 1001 3053 ejus
1027 2984 1280 3040 mulieris
1303 2987 1445 3055 erat)
1467 2989 1676 3052 vivens,
1699 3006 1981 3061 nunquam
2000 3009 2031 3049 a

437 3077 705 3124 consueta
731 3071 839 3127 sibi
863 3072 1087 3128 deﬂexit
1108 3078 1449 3144 precatione,
1475 3081 1889 3137 communicare
1909 3098 2034 3152 pre-

437 3179 532 3218 ces
552 3179 675 3220 cum
697 3165 864 3221 Paulo
885 3168 1141 3224 haeretico
1154 3170 1368 3235 nolens,
1384 3173 1897 3246 ecclesiasticasque
1909 3192 2034 3232 sau-

2134 1972 2417 2042 λεγείσης,
2441 1972 2501 2024 ἐν
2537 1972 2773 2043 πλείστῃ
2824 1971 3024 2024 σπάνει
3061 1972 3173 2024 τῶν
3225 1973 3544 2040 ἀναγκαίων
3579 1973 3729 2040 γενος

2137 2082 2299 2137 μενος
2340 2065 2482 2136 μετὰ
2527 2065 2639 2119 τῶν
2675 2065 2816 2135 πρὸς
2865 2065 3046 2132 γένος,
3081 2064 3182 2133 τῆς
3215 2066 3368 2128 θείας
3399 2065 3731 2135 ἀντιλαμϐα-

2134 2159 2372 2228 νομένης
2395 2162 2593 2230 ῥοπῆς,
2623 2160 2726 2230 τῆς
2774 2161 2991 2213 ἐκεῖθεν
3053 2161 3297 2229 ὸῤῥήτου
3357 2161 3730 2230 κατετύγχανε

2132 2251 2455 2316 δεξιώσεως.
2502 2252 2648 2321 Γυνὴ
2727 2253 2840 2323 γάρ
2905 2269 3012 2320 τις,
3073 2253 3292 2323 πλούτῳ
3351 2254 3454 2322 μὲν
3508 2253 3732 2322 κομῶσι

2138 2345 2312 2414 βαθεῖ,
2351 2346 2659 2416 περιφανὴς
2703 2345 2761 2398 δὲ
2795 2346 2974 2410 ἄλλως
3005 2346 3116 2399 τῶν
3145 2347 3235 2399 ἐπ’
3302 2345 3731 2416 Ἀλεξανδρείας,

2134 2437 2230 2491 καί
2282 2455 2406 2490 τινα
2436 2438 2770 2509 περιϐόητον
2810 2438 3003 2510 ἄνδρα,
3057 2439 3344 2509 Ἀντιοχέα
3393 2454 3458 2506 γε
3509 2441 3616 2508 μὴν
3672 2438 3733 2492 τὸ

2132 2535 2314 2602 γένος,
2347 2531 2458 2586 τῶν
2485 2533 2530 2586 δ’
2575 2533 2664 2585 ἐπ’
2706 2532 3128 2603 ’Λλεξανόρείας
3190 2530 3533 2601 αίρεσιωτῶν
3587 2530 3734 2599 πρῶ-

2133 2642 2316 2678 τιστον
2357 2623 2725 2694 περιέπουσα,
2781 2623 2936 2677 θετὸν
2963 2625 3078 2678 υἱὸν
3106 2623 3199 2676 τὸν
3247 2623 3532 2693 Ὠριγένην
3561 2623 3729 2693 ἑαυτῇ

2133 2713 2452 2782 είσῳκίζετο
2481 2731 2495 2743 ·
2525 2714 2622 2766 καὶ
2655 2713 2712 2764 ὲν
2747 2715 2861 2776 τοῖς
2897 2713 3140 2782 μάλιστα
3176 2710 3533 2776 κατατάξασα
3555 2710 3731 2780 ἄφθο-

2133 2809 2204 2864 νά
2267 2826 2328 2862 τε
2386 2807 2480 2862 καὶ
2517 2807 2719 2879 δαψιλῆ
2755 2812 2819 2863 τά
2859 2807 2998 2879 πρὸς
3026 2808 3127 2876 τὴν
3156 2807 3346 2879 χρείαν
3379 2805 3528 2877 αὐτῷ
3553 2825 3611 2860 τε
3635 2808 3730 2861 καὶ

2132 2903 2246 2963 τοῖς
2271 2901 2494 2963 οἰκείοις
2525 2901 2788 2971 ἐπήρκει*
2841 2901 3018 2954 συνὼν
3065 2899 3123 2954 δὲ
3173 2901 3253 2970 τῷ
3310 2901 3506 2972 Παύλῳ
3541 2899 3732 2968 (τοῦτο

2133 2993 2245 3064 γὰρ
2272 2988 2338 3064 ἦν
2369 2991 2542 3063 ὄνομα
2585 2993 2664 3060 τῷ
2706 2993 2928 3062 συζύγῳ
2960 2993 3061 3062 τῆς
3109 2992 3439 3062 γυναικὸς),
3472 2990 3588 3045 οὐδὲ
3618 2992 3733 3042 mb-

2138 3103 2272 3139 ποτε
2303 3087 2404 3155 τῆς
2447 3085 2719 3157 συνήθους
2755 3086 2923 3158 εὐχῆς
2955 3084 3315 3154 παρετράπη,
3375 3085 3500 3144 τοὺς
3531 3083 3730 3150 ἐκκλη-

2138 3178 2456 3240 σιαστικοὺς
2489 3175 2728 3245 θεσμοὺς
2759 3178 2816 3237 ἐς
2845 3175 3018 3246 ἀκρον
3060 3174 3337 3244 διατηρῶν
3359 3215 3374 3238 ,
3423 3173 3518 3226 καί
3559 3173 3728 3225 ταῦτα

440 3259 658 3314 stiones
679 3261 1097 3317 accuratissime
1122 3280 1352 3321 servans
1373 3283 1386 3318 :
1406 3282 1531 3321 cum
1551 3267 1773 3335 quidem
1797 3269 1864 3323 ad
1898 3269 2033 3323 Pau-

2145 3268 2356 3323 πολλῶν
2382 3269 2520 3340 δῆτα
2548 3269 2628 3339 τῷ
2686 3267 2887 3337 Παύλῳ
2951 3265 3287 3335 φοιτώντων,
3356 3265 3468 3320 τῶν
3514 3281 3574 3317 τε
3633 3265 3731 3331 τῆς

437 3351 552 3405 lum
573 3353 832 3421 permulti
852 3353 1296 3424 frequentarent.
1329 3373 1440 3412 non
1468 3360 1643 3413 solum
1669 3360 1763 3429 qui
1795 3375 1860 3413 ex
1885 3359 2036 3414 Grat-

439 3459 636 3499 eorum
657 3447 1289 3516 essentsnperstitione,
1324 3449 1418 3504 sed
1443 3451 1611 3504 etiam
1648 3451 1823 3506 nostri
1858 3452 2037 3506 homi-

439 3554 562 3592 nes.
592 3537 907 3594 Graecorum
936 3555 1109 3609 porro
1129 3539 1439 3611 disciplinis
1464 3543 1796 3614 jampridem
1823 3561 1851 3598 a
1881 3556 2036 3614 patre

442 3631 712 3698 imbutus,
749 3634 921 3706 magis
949 3634 1115 3689 etiam
1163 3636 1218 3690 in
1257 3637 1410 3691 Pauli
1447 3639 1640 3692 schola
1684 3639 2032 3708 proliciebat.

440 3725 686 3780 Proinde
731 3737 921 3796 postea
952 3744 1018 3783 ex
1055 3745 1248 3784 earum
1295 3731 1679 3786 doetrinarum
1711 3731 2030 3803 disciplina,

441 3819 531 3874 cui
567 3821 815 3890 praeibat,
845 3822 1066 3877 abunde
1109 3839 1198 3878 res
1227 3823 1520 3880 familiaris
1577 3825 1628 3881 ei
1678 3826 2031 3896 suppetebat.

440 3912 808 3982 Posteaquam
824 3924 1007 3968 autem
1025 3917 1430 3986 persecutionis
1447 3917 1643 3981 timore
1661 3921 1922 3975 omnibus
1936 3935 2035 3975 οι-

441 4009 640 4079 pulsis,
655 4009 836 4063 nullus
848 4009 1194 4069 Alexandria:
1210 4025 1493 4064 sacrorum
1509 4012 2038 4086 oraculorumenar-

442 4112 597 4156 rator
615 4101 740 4168 fuit,
754 4101 910 4156 multi
929 4116 994 4157 ex
1014 4100 1274 4172 gentibus
1288 4103 1351 4154 ad
1371 4102 1664 4172 Origenem
1679 4105 2030 4173 accedentes,

441 4195 676 4250 verbum
703 4196 799 4250 Dei
834 4204 966 4250 sunt
997 4195 1230 4265 professi
1256 4212 1270 4250 :
1307 4197 1576 4266 multique
1605 4197 1828 4252 illorum
1858 4199 2030 4268 patria

440 4304 597 4342 sacra
621 4287 906 4351 detestati,
931 4289 1132 4358 partim
1157 4297 1216 4341 ut
1244 4288 1594 4343 familiariter
1625 4304 1757 4345 cum
1784 4305 1850 4345 eo
1880 4291 2034 4347 vive-

443 4382 810 4451 rent,partim
834 4390 894 4435 ut.
909 4395 1131 4450 semper
1151 4381 1202 4436 ei
1229 4381 1507 4446 adessent,
1529 4397 1640 4451 pra:
1659 4383 1825 4438 rebus
1848 4384 2036 4438 omni-

445 4477 550 4528 bus
574 4474 760 4528 studio
779 4474 882 4530 sibi
906 4475 1238 4529 habuerunt.
1269 4473 1343 4528 Ex
1365 4475 1432 4529 iis
1458 4477 1675 4544 primus
1699 4491 1819 4531 esse
1845 4477 2033 4546 perhi-

2148 3360 2430 3432 Ἐλλήνων
2493 3360 2815 3432 θρησκείας,
2881 3360 2983 3413 οὐκ
3033 3359 3336 3429 ἐλαχίστων
3402 3359 3586 3427 μέντοι
3641 3359 3734 3412 καὶ

2140 3455 2454 3525 ἡμετέρων.
2488 3455 2616 3516 Τοῖς
2647 3454 2705 3507 δὲ
2726 3455 2837 3507 τῶν
2879 3453 3155 3521 Ἑλλήνων
3188 3451 3474 3520 μαθήμασι
3533 3467 3732 3520 προτε-

2140 3547 2356 3610 λεσθεὶς
2379 3548 2443 3600 ὲκ
2475 3546 2572 3599 τοῦ
2618 3547 2828 3617 πατρὸς
2879 3545 3187 3616 Ὠριγένης,
3217 3543 3313 3596 ἐπὶ
3365 3541 3567 3614 μᾶλλον
3606 3543 3735 3594 ὲπὲο

2140 3640 2280 3694 δωκε
2343 3642 2410 3709 τῇ
2467 3637 2686 3692 Παύλου
2754 3638 3038 3708 σχολάζων
3089 3636 3384 3706 διατριὸῇο
3439 3633 3736 3688 κάντεῦθεν

2142 3732 2237 3786 καὶ
2263 3730 2505 3799 δαψιλῶς
2536 3731 2647 3783 τῶν
2695 3730 3016 3798 ἀναγκαίων
3050 3729 3230 3800 τούτῳ
3286 3727 3480 3799 μετῆν,
3536 3728 3628 3780 καὶ
3669 3727 3733 3778 ὲκ

2139 3825 2236 3881 τοῦ
2271 3825 2632 3898 καθηγεῖσθαι
2659 3826 2722 3878 τὸ
2777 3825 2968 3878 λοιπὸν
2997 3827 3111 3889 τοῖς
3142 3824 3484 3895 μαθήμασιν.
3541 3823 3627 3883 Ὠς
3673 3821 3736 3874 εδ

2141 3919 2362 3978 πάντων
2421 3917 2497 3987 τῷ
2528 3917 2642 3970 δέει
2695 3914 2792 3969 τοῦ
2843 3915 3087 3986 διωγμοῦ
3141 3915 3593 3988 ἀπεληλαμένων,
3644 3911 3731 3964 ἐπ’

2153 4009 2568 4078 Ἀλεξανδρείας
2597 4008 2774 4072 οὐδεὶς
2810 4009 2918 4060 τῶν
2939 4007 3103 4078 ἱερῶν
3128 4007 3401 4078 ἐξηγητὴς
3428 4001 3516 4076 ἦν,
3545 4003 3730 4058 πολλοὶ

2141 4103 2239 4156 καὶ
2262 4102 2372 4155 τῶν
2404 4100 2464 4167 ἐξ
2489 4100 2664 4155 ἐθνῶν
2687 4101 2863 4171 τούτῳ
2881 4100 2945 4173 δὴ
2981 4101 3305 4172 προσιόντες
3331 4099 3408 4170 τῷ
3447 4100 3734 4171 Ὠριγένει,

2142 4195 2233 4250 τὸν
2263 4194 2425 4262 λόγον
2455 4191 2550 4247 τοῦ
2611 4192 2749 4246 Θεοῦ
2803 4193 3282 4264 κατηγγέλλοντο’
3340 4191 3527 4246 πολλοὶ
3577 4191 3620 4244 δ’
3673 4191 3736 4256 ἐξ

2143 4287 2374 4341 ἐκείνων
2404 4287 2584 4340 καὶτὰ
2611 4288 2822 4358 πάτρια
2855 4285 3302 4356 βδελυσσόμενοι,
3343 4289 3580 4339 συνεῖναι
3604 4286 3734 4337 τάν-

2139 4381 2246 4449 δρὶ,
2283 4379 2376 4432 καὶ⁸
2426 4378 2579 4434 ἄλλοι
2625 4379 2683 4432 δὲ
2742 4381 2934 4450 φοιτᾷν
3003 4381 3157 4434 ἐσαεὶ
3206 4379 3447 4448 σπουδῆς
3512 4378 3732 4448 ἁπάσης

2143 4471 2357 4527 ὶτίθουν
2393 4473 2720 4543 ὑπέρτερον.
2757 4473 2978 4526 Τούτων
3005 4472 3064 4525 δὲ
3123 4472 3340 4542 πρῶτον
3403 4469 3558 4534 οὗτος
3607 4473 3730 4524 ἑπι-

443 4568 608 4623 betur
628 4565 987 4630 Plutarchus,
1007 4582 1135 4622 cum
1153 4566 1280 4620 vita:
1304 4567 1621 4627 sanctitate.
1644 4576 1758 4620 tum
1784 4568 2030 4640 martyrii

2145 4565 2477 4636 σημαίνεται
2529 4564 2882 4637 Πλούταρχον
2916 4579 2932 4596 ⁸
2969 4565 3030 4629 ὃς
3068 4567 3423 4634 προσήκοντα
3469 4563 3562 4615 τὸν
3617 4560 3731 4631 βίον

383 4669 392 4679 ·
444 4676 657 4715 corona
699 4661 900 4716 clarus.
935 4659 1098 4714 Alter
1125 4660 1194 4716 ab
1234 4661 1340 4714 hoc
1379 4659 1646 4714 Heraclas
1671 4671 1994 4718 recensetur
2018 4702 2034 4728 ,

444 4753 726 4808 Plutarchi
772 4751 949 4822 ipsius
973 4753 1145 4809 frater
1176 4769 1192 4807 :
1227 4752 1322 4823 qui
1365 4761 1580 4807 tantum
1615 4752 1684 4807 de
1715 4768 1776 4808 se
1802 4753 2037 4809 verioris

443 4845 815 4916 philosophite
847 4845 1018 4899 studii
1046 4845 1330 4916 specimen
1369 4844 1632 4914 praebuit,
1665 4853 1724 4898 ut
1754 4853 1948 4915 postea
1977 4846 2032 4900 in

443 4939 696 4994 ecclesia
746 4939 1124 4993 Alexandrina
1152 4937 1432 4993 Demetrio
1465 4952 1757 4992 successor
1810 4938 1884 4992 sit
1910 4937 2036 4992 sub-

442 5041 692 5102 rogatus.
741 5033 913 5087 Porro
958 5033 1242 5087 decimum
1297 5043 1554 5088 octavum
1611 5047 1780 5102 agens
1828 5049 2036 5087 annum

443 5126 735 5198 Origenes,
782 5127 987 5182 schola:
1026 5127 1366 5183 catechistes
1391 5127 1447 5182 in
1497 5127 1636 5181 urbe
1659 5125 2035 5182 Alexandrina

445 5229 533 5273 est
570 5222 881 5288 praefectus.
921 5218 987 5272 Et
1013 5233 1140 5274 cum
1179 5218 1384 5274 ibidem
1417 5219 1522 5274 sub
1546 5217 1744 5288 Aquila
1773 5218 2039 5288 praelecto.

447 5316 764 5382 persecutio
813 5314 1052 5367 maxime
1086 5312 1375 5368 exundans
1417 5311 1858 5374 incrudesceret,
1919 5326 2039 5364 ma-

446 5422 616 5476 gnum
661 5414 995 5460 consecutus
1036 5413 1120 5459 ett
1146 5419 1352 5459 nomen
1393 5403 1540 5472 apud
1577 5419 1674 5460 eos
1707 5403 1804 5475 qui
1829 5401 2040 5459 Christi

449 5499 675 5553 nomine
728 5507 1031 5552 censentur
1062 5513 1077 5550 :
1104 5495 1252 5566 quod
1297 5505 1352 5552 et
1401 5506 1567 5552 notos
1595 5497 1702 5552 sibi
1735 5505 1792 5552 et
1817 5497 2038 5567 ignotos

451 5587 803 5644 familiariter
851 5586 1138 5657 excipiens
1187 5586 1662 5657 complecteretur
1696 5593 1794 5641 :et
1852 5587 1949 5656 qui
1980 5587 2037 5642 in

447 5683 691 5738 vinculis
717 5690 901 5747 erant,
933 5680 1129 5736 sedulo
1159 5680 1434 5746 visitaret,
1463 5679 1805 5735 alacritatem
1838 5697 2037 5738 eorum

2141 4657 2535 4730 παρεσχηκὼς,
2569 4659 2664 4712 καὶ
2703 4658 3032 4730 μαρτυρικῷ
3061 4657 3454 4729 κατεκοσμήθη
3525 4655 3727 4726 στεφά-

2136 4769 2212 4822 νῳ
2243 4765 2259 4782 ⁸
2293 4750 2548 4821 δεύτερον
2605 4751 2664 4805 δὲ
2721 4751 2860 4821 μετὰ
2911 4750 3104 4806 τοῦτον
3159 4751 3442 4823 Ἠρακλᾶν
3490 4753 3725 4820 ἱστορεῑο

2135 4844 2232 4898 τοῦ
2267 4843 2680 4916 προειρημένου
2717 4844 2775 4898 δὲ
2826 4845 3182 4915 Πλουτάρχου
3219 4845 3452 4914 ἀδελφὸς
3500 4843 3731 4912 ἐτύγχαο

2139 4953 2228 4990 νεν
2256 4935 2332 4991 ὢν
2369 4952 2382 4968 ⁸
2417 4938 2492 5000 ὼς
2523 4937 2589 5008 δὴ
2615 4937 2714 4992 καὶ
2765 4936 2916 5008 αῦτῷ
2949 4937 3152 5008 πολλὴν
3214 4937 3506 5008 φιλοσόφου
3561 4937 3730 5006 ἀσκή-

2142 5045 2282 5091 σεως
2313 5029 2754 5100 είσενηνεγμένῳ
2801 5027 3152 5094 ἀπόδειξιν,ό
3196 5029 3294 5097 τῆς
3337 5028 3731 5097 Ἀλεξανδρέων

2147 5123 2338 5191 θρόνος
2368 5125 2506 5193 μετὰ
2539 5126 2853 5196 Δημήτριον
2893 5125 3214 5196 ἐκληροῦτο.
3243 5125 3466 5191 Ὄγδοον
3511 5124 3567 5177 δὲ
3596 5123 3732 5193 πρὸς

2147 5215 2361 5286 δεκάτῳ
2389 5217 2508 5280 ἔτος
2541 5220 2639 5288 τῆς
2685 5216 2898 5287 ήλικίας
2953 5212 3022 5289 ἦν
3082 5216 3371 5286 Ὠριγένει,
3427 5214 3594 5286 ήνίκα
3635 5213 3730 5266 τοῦ

2149 5308 2273 5362 κατ’
2303 5309 2720 5380 Ἀλεξάνδρειαν
2743 5311 2986 5380 προέστη
3011 5309 3389 5364 διδασκαλείου
3413 5308 3516 5378 τῆς
3567 5323 3738 5374 κατηο

2148 5401 2367 5471 χήσεως
2395 5419 2407 5432 ·
2451 5401 2541 5455 ὅτε
2586 5402 2682 5455 καὶ
2733 5400 2845 5454 τῶν
2901 5400 3027 5454 κατ’
3071 5398 3311 5454 Ἀκύλαν
3369 5398 3623 5467 διωγμῶν
3677 5399 3736 5450 ὲν

2147 5493 2534 5564 Ἀλεξανδρείᾳ.
2585 5493 2792 5564 σφόδρα
2847 5491 3396 5563 πλημμυρησάντων,
3442 5491 3583 5562 μέγα
3641 5488 3740 5541 καὶ

2147 5587 2480 5658 περιϐοήτον
2503 5587 2658 5652 οὗτος
2685 5587 2960 5658 ἐκτήσατο
2987 5588 3183 5657 δνομα,
3213 5584 3296 5652 οἷς
3327 5587 3392 5658 δὴ
3417 5587 3476 5639 τὸ
3499 5583 3739 5654 Χριστοῦ

2143 5681 2274 5752 ἐνῆν
2302 5682 2496 5752 ὄνομα.
2534 5684 2679 5738 Πᾶσι
2715 5683 2826 5755 γὰρ
2853 5684 2952 5737 καὶ
2969 5682 3278 5754 γνωρίμοις
3310 5682 3405 5735 καὶ
3450 5679 3526 5752 μή
3565 5670 3739 5748 πολλῇ

522 5862 599 5931 (ι)
625 5864 781 5933 Apud
810 5863 1134 5937 Eusebium,
1165 5863 1268 5919 lib.
1302 5879 1380 5930 vi,
1413 5878 1531 5932 cap.
1571 5864 1621 5924 5.
1660 5873 1760 5927 est,
1795 5863 2021 5918 Paulum
2061 5860 2224 5918 istum
2252 5863 2511 5922 alemina
2527 5863 2870 5937 adoptatum,
2902 5869 2958 5920 et
2985 5859 3277 5932 Origencm
3311 5874 3435 5914 cum
3467 5871 3536 5914 eo
3573 5852 3724 5926 apud

457 5929 606 5986 illam
639 5929 912 5993 versatum
951 5934 1144 5989 fuisse.
