4032 6420
368 372 503 433 1077

1295 383 1913 446 ECCLESIASTIC:E
1957 387 2355 448 HISTORle
2398 390 2542 451 LIB.
2582 390 2646 450 V.

3509 382 3649 451 1078

365 493 568 561 ἐχρῆτο
596 495 661 563 τῇ
721 492 987 564 δεξιότητι
1027 512 1039 526 ·
1073 496 1130 549 ἐν
1161 513 1218 550 τε
1252 498 1474 567 δεσμοῖς
1521 495 1694 565 οὖσιν,
1729 504 1951 555 ἐπισκο-

2069 507 2305 559 excitans
2326 514 2381 559 et
2412 505 2690 574 adaugcns
2717 521 2731 557 :
2758 513 2870 557 tum
2905 514 3088 559 autem
3150 518 3247 557 eos
3268 502 3365 572 qui
3393 500 3459 556 ad
3495 516 3650 555 mor-

368 585 473 650 πῆς
500 583 687 650 ἀξιῶν,
720 586 813 636 καὶ
842 586 1154 655 ὑπεγείρων
1177 589 1236 641 τὸ
1269 591 1558 660 πρόθυμον
1592 608 1604 622 ·
1637 593 1737 662 ἤδη
1768 592 1823 645 δὲ
1858 596 1955 645 καὶ

367 678 468 745 τὴν
493 679 588 730 ἐπὶ
630 678 863 731 θάνατον
888 681 1286 751 ἀπαγομένοις,
1320 684 1630 754 θαρσαλέως
1655 687 1751 739 σὺν
1781 686 1954 756 πολλῇ

368 770 653 840 παρρησία
684 770 952 838 προάγειν
994 776 1089 826 καὶ
1123 774 1392 843 φιλήματι
1453 774 1910 841 κατασπάζεσθαι
1935 789 1954 807 ⁰

368 861 446 921 ὡς
468 860 562 912 καὶ
589 861 855 926 πολλάκις
891 863 1004 916 τῶν
1049 864 1224 918 ἐθνῶν
1253 867 1342 919 τὸν
1385 867 1559 937 δῆμον
1603 868 1960 937 ἐπιμαινόμε-

369 970 459 1004 νον
524 954 854 1007 καταλεύειν
902 956 1239 1025 πειρᾶσθαι,
1296 959 1402 1011 κᾶν
1447 964 1599 1030 παρὰ
1652 959 1811 1023 δόξαν
1862 960 1958 1027 τῆς

370 1043 579 1096 ἄνωθεν
602 1045 784 1108 δεξιᾶς
808 1048 1279 1117 προασπιζούσης,
1307 1049 1506 1119 βοηθοῦ
1528 1051 1956 1121 κατετύγχανενο

369 1135 563 1206 ὥσπερ
593 1137 658 1204 δὴ
691 1142 783 1190 καὶ
807 1141 899 1192 ἐπὶ
933 1140 1104 1194 πολλὰ
1139 1142 1235 1196 καὶ
1258 1142 1522 1207 πολλάκις
1556 1144 1634 1211 τῷ
1691 1143 1960 1215 προθύμῳ

369 1228 467 1296 τῆς
504 1231 630 1298 περὶ
650 1230 738 1280 τὸν
769 1232 914 1284 θεῖον
948 1233 1109 1301 λόγον
1152 1236 1390 1305 σπουδῆς
1412 1254 1471 1289 τε
1506 1238 1599 1289 καὶ
1647 1240 1959 1308 παρρησίας

371 1318 891 1391 ἐπιϐουλευόμενον,
947 1325 1225 1397 ἀνώτερον
1262 1329 1527 1399 διετήρει.
1580 1330 1849 1383 Τοσοῦτον
1904 1330 1961 1383 δὲ

370 1412 463 1463 τὸν
497 1413 735 1481 πόλεμον
762 1416 912 1487 αὐτῷ
948 1420 1308 1486 καθεστάναι,
1360 1420 1436 1483 ὡς
1491 1422 1609 1491 μετ’
1657 1423 1760 1474 οὐκ
1804 1421 1964 1489 ἀγεν-

372 1501 499 1567 νοῧί
524 1504 808 1573 φάλαγγος
841 1512 918 1580 τῇ·
938 1511 1089 1582 οἰκίᾳ
1135 1513 1192 1563 ἐν
1319 1514 1625 1581 κατέμενεν
1680 1513 1958 1580 ἐνδημεῖν,

371 1592 480 1641 τῶν
512 1594 644 1661 παρ’
676 1596 827 1666 αὐτῷ
862 1602 1289 1670 κατηχουμένων
1314 1602 1413 1673 τὴν
1476 1602 1632 1672 ἱερὰν
1676 1603 1963 1656 παίδευσιν

371 1682 432 1730 τὸ
462 1681 661 1749 πλῇθος
697 1687 1088 1758 ὑφορωμένων.
1123 1694 1223 1747 Καὶ
1253 1694 1509 1756 τοσοῦτος
1534 1699 1561 1748 ὁ
1618 1698 1739 1748 κατ’
1795 1697 1962 1748 αὐτοῦ

370 1772 617 1842 διωγμὸς
658 1779 886 1848 ἀνῆπτο,
924 1782 999 1842 ὡς
1048 1786 1153 1837 ἀνὰ
1219 1786 1404 1839 πᾶσαν
1450 1787 1615 1839 αὑτὸν
1661 1789 1761 1855 τὴν
1807 1787 1964 1839 πόλιν

372 1866 559 1934 κρύφα
610 1872 907 1940 περιιέναι,
959 1876 1140 1929 οἰκίαν
1168 1877 1224 1944 ἐξ
1271 1879 1451 1940 οἰκίας
1515 1878 1841 1949 ἁμείϐοντα,
1872 1878 1968 1933 τοῦ

373 1959 602 2029 σὶίφους
636 1964 794 2032 χάριν
822 1966 930 2019 τῶν
974 1968 1045 2021 δι’
1088 1970 1254 2023 αὑτοῦ
1321 1974 1387 2042 τῇ
1451 1972 1574 2042 θείᾳ
1627 1972 1969 2042 προσιόντων

304 2051 311 2061 ’
373 2049 604 2118 ἀσκήσει
634 2054 743 2105 τῶν
768 2054 976 2123 λόγων·
1033 2058 1158 2112 ἐπεί
1199 2060 1285 2113 τοί
1334 2077 1396 2128 γε
1445 2062 1504 2114 οὐ
1531 2061 1727 2131 λόγους
1782 2062 1966 2131 μόνον,

374 2142 510 2195 ἀλλὰ
544 2145 637 2196 καὶ
670 2146 728 2198 τὸ
761 2149 894 2218 παρ’
929 2149 1127 2221 ἐκείνῳ
1168 2154 1551 2223 πραττόμενον
1581 2155 1968 2225 γνησιωτάτης

383 2236 709 2304 φιλοσοφίας
739 2239 1041 2312 ἐτύγχανεν
1098 2244 1342 2311 ἔνδειξις.
1376 2247 1682 2315 Σύμφωνος
1723 2244 1858 2319 δ’ἦν
1907 2247 1969 2302 εὖ

376 2330 526 2395 μάλα
554 2339 644 2385 καὶ
673 2336 699 2386 ό
726 2334 885 2401 λόγος
918 2336 996 2406 τῷ
1024 2337 1199 2409 ἔργῳ,
1233 2340 1329 2392 καὶ
1362 2339 1625 2410 ἔμπαλιν.
1658 2340 1854 2393 Ἔνθεν
1883 2359 1968 2395 τοι

372 2422 466 2472 καὶ
524 2424 626 2491 τῆς
685 2426 895 2480 ἄνωθεν
952 2432 1356 2503 συναιρομένης
1408 2432 1691 2500 δυνάμεως
1738 2433 1970 2500 πολλοὺς

372 2508 547 2582 εἷλκε,
586 2519 681 2572 καὶ
721 2519 972 2590 ζηλωτὰς
1019 2526 1301 2580 ἐπεσπᾶτο
1359 2529 1610 2599 μυρίους.

967 2740 1009 2790 Κ
1022 2740 1218 2795 ΕΦᾹΛ.
1280 2741 1352 2795 κ’.

386 2848 878 2928 Ὠς-τελεωτέρας
909 2856 1257 2928 φιλοσόφου
1292 2857 1595 2927 διαγωγῆς
1623 2859 1843 2928 ἥψατο,
1867 2862 1968 2915 καί

443 2921 552 2998 ζον
591 2922 993 2990 εὐαγγελικόν
1023 2926 1112 2989 είς
1140 2921 1467 2995 ’ἀκρίϐειαν
1488 2921 1968 2998 ’πἰὶρέεὲύλαττεν

444 2991 608 3056 ὅρον.

456 3103 543 3166 Ὠς
571 3106 628 3159 δέ
656 3106 878 3171 πλείους
912 3112 1107 3179 ἐκείνῳ
1144 3113 1399 3178 ἐγένοντο
1431 3119 1691 3188 φοιτηταὶ
1717 3119 1817 3186 τῆς
1850 3123 1967 3173 δια-

370 3196 569 3267 τριϐῆς
628 3199 725 3251 τοῦ
786 3203 1050 3269 κατηχεῖν
1106 3204 1598 3278 ἐπιτετραμμένης
1659 3210 1855 3281 ἐκείνῳ
1903 3214 1966 3266 ἐκ

372 3291 712 3361 Δημητρίου,
745 3292 1080 3364 ἀσύμφωνον
1129 3296 1205 3358 ὼς
1260 3298 1415 3361 είκὸς
1453 3300 1822 3369 λογισάμενος
1864 3304 1967 3371 τὴν

371 3385 482 3437 τῶν
512 3384 713 3451 ἔξωθεν
763 3389 938 3456 λόγων
970 3389 1226 3444 παιδείαν
1261 3394 1374 3455 τοῖς
1411 3393 1576 3462 ἱεροῖς
1620 3397 1968 3465 καταμίγνυ-

376 3478 522 3543 σθαι,
562 3480 857 3548 ἀφίσταται
911 3480 1014 3548 μὲν
1049 3482 1273 3552 ἐκείνης
1320 3483 1486 3544 εὐθὺς
1517 3486 1618 3552 τῆς
1655 3487 1964 3556 διατριϐῆς,

376 3569 450 3629 ὡς
480 3569 681 3639 ἥκιστα
708 3570 969 3624 τοσοῦτον
997 3572 1228 3641 ὠφελεῖν
1256 3574 1590 3646 δυναμένης,
1624 3579 1886 3632 τάναντία
1910 3580 1968 3633 δὲ

376 3665 613 3725 καὶτοῖς
656 3664 825 3732 ίεροῖς
875 3666 1284 3736 είσηγουμένης
1329 3668 1440 3721 τῶν
1488 3669 1684 3737 λόγων.
1727 3672 1968 3727 Ἔπειτα

374 3755 612 3823 γενναίῳ
665 3755 759 3808 καὶ
807 3755 1096 3826 ἀνδρώδει,
1130 3757 1224 3810 καὶ
1276 3757 1341 3810 τὸ
1375 3758 1563 3812 πλεῖον
1600 3761 1768 3830 φάναι
1817 3763 1969 3830 φιλο-

376 3847 528 3916 σόφῳ
581 3848 657 3915 τῷ
696 3847 970 3919 λογισμῷ,
1035 3849 1125 3902 ἵνα
1183 3850 1258 3920 μὴ
1304 3851 1600 3922 ἀλλοτρίας
1645 3856 1969 3925 ἐπικουρίας

376 3938 564 4009 ἐνδεὴς
598 3939 798 4009 ὁρῷτο,
845 3941 947 3994 ὅσα
1000 3957 1066 4009 γε
1121 3943 1273 4010 αὐτῷ
1306 3940 1448 4014 ἦσαν
1496 3944 1606 3999 τῶν
1654 3946 1877 4016 βιϐλίων
1912 3950 1968 4012 ἐς

377 4030 637 4097 περιττὸν
669 4031 767 4100 τῆς
795 4030 1119 4099 φιλοκαλίας
1150 4034 1576 4104 ἐσπουδασμένα
1625 4034 1805 4102 λόγων
1848 4039 1969 4090 Ἐλ-

377 4121 624 4188 ληνικῶν
654 4125 748 4176 ἐπὶ
776 4124 889 4195 ὠνῇ
930 4124 1008 4194 τῷ
1036 4126 1353 4195 βουλομένῳ
1385 4126 1634 4197 προθεὶς,
1669 4128 1969 4199 τέσσαρσιν

378 4213 587 4277 ὀϐολοῖς
618 4217 859 4285 ἑκάστης
911 4219 1128 4287 ἡμέρας
1177 4219 1314 4290 πρὸς
1358 4219 1453 4271 τοῦ
1500 4221 1817 4290 ἐωνημένου
1874 4223 1967 4275 ἐκ-

378 4306 770 4376 ποριζόμενος,
813 4311 906 4361 ἐπὶ
957 4311 1216 4363 πλεῖστον
1252 4310 1449 4380 χρόνον
1475 4310 1619 4365 οὕτω
1656 4313 1967 4383 φιλοσοφῶν

376 4400 625 4465 διετέλει,
661 4402 843 4455 πᾶσαν
873 4405 1311 4474 νεωτερίζουσαν
1344 4406 1478 4478 ὕλην
1519 4408 1613 4461 καὶ
1660 4409 1967 4479 ἐπιθυμίαν

377 4495 438 4547 οὐ
471 4494 863 4566 προσήκουσαν
904 4496 963 4561 ἐξ
1012 4496 1213 4549 ἑαυτοῦ
1250 4499 1665 4569 ἀπωθούμενος.
1720 4501 1967 4572 Ἡμέρας

380 4587 483 4656 μὲν
507 4584 602 4641 οὖν
632 4588 860 4657 ἐνιδρῶν
894 4588 969 4651 ὡς
1002 4588 1278 4655 πλεῖστον,
1310 4591 1528 4662 νύκτωρ
1561 4594 1806 4646 πλείοσιν
1840 4595 1966 4645 ἐπε-

377 4681 519 4733 δίδου
545 4680 753 4743 πόνοις,
788 4681 849 4732 τὸ
878 4680 1069 4733 πλεῖον
1096 4682 1264 4753 μέρος
1296 4686 1363 4753 τῇ
1406 4684 1514 4735 τῶν
1545 4684 1704 4737 θείων
1733 4686 1967 4755 Γραφὼν

378 4775 725 4828 ἐκδαπανῶν.
753 4776 815 4827 Εἰ
846 4774 901 4829 δέ
936 4791 1041 4827 που
1073 4777 1167 4828 καὶ
1192 4773 1360 4828 ὕπνου
1387 4777 1807 4846 παραγεύεσθαι
1832 4778 1963 4844 ἔδει,

380 4868 471 4919 ἐπὶ
499 4867 658 4937 ψιλοῦ
691 4865 1095 4937 κατακείμενος
1124 4867 1220 4920 τοῦ
1250 4869 1502 4935 ἐδάφους,
1528 4870 1629 4922 οὐκ
1660 4871 1752 4923 ἐπὶ
1787 4887 1966 4941 στρω-

384 4962 530 5031 μνῆς
580 4961 1026 5031 μεταλαμϐάνειν
1072 4962 1270 5025 ἐδόκει,
1324 4962 1588 5033 ὀλιγίστῳ
1638 4963 1818 5034 πάντη
1868 4965 1968 5018 καὶ

384 5055 791 5126 ρεμετρημένῳ
842 5055 1017 5125 τούτῳ
1069 5055 1524 5127 προσχρώμενος,
1562 5055 1654 5126 ,τῷ
1714 5055 1966 5110 πλεῖστον

385 5149 488 5218 μὲν
522 5148 756 5212 άσιτεῖν,
786 5148 882 5201 καὶ
908 5147 1102 5211 ἄλλαις
1139 5147 1455 5217 φιλοσόφοις
1506 5148 1839 5217 γυμνασίαις
1878 5148 1969 5216 ἐγο

384 5242 678 5310 καρτερεῖν
711 5239 1071 5307 γενναιότατα
1090 5257 1106 5272 ο
1131 5240 1240 5293 τῶν
1269 5240 1325 5292 δὲ
1350 5240 1443 5295 τοῦ
1468 5240 1722 5310 Σωτῆρος
1749 5239 1967 5307 φωνῶν,

384 5335 607 5396 ἐκείνας
653 5333 857 5403 μᾶλλον
887 5333 1184 5402 φυλάττειν
1230 5328 1342 5388 δεῖν
1386 5334 1546 5403 ῷετο,
1584 5333 1709 5386 ὅσαι
1747 5334 1822 5403 μὴ
1874 5333 1970 5387 δύο

384 5427 645 5497 χιτῶνας,
701 5423 827 5497 μηδ’
874 5428 1208 5498 ὑποδήματα
1258 5429 1632 5496 περικεῖσθαι,
1687 5429 1826 5497 μήτε
1861 5428 1969 5498 μὴν

383 5520 501 5579 ταῖς
545 5518 659 5571 εἱσέ
673 5535 830 5571 πειτα
862 5520 1149 5587 φροντίσιν
1176 5519 1590 5572 ἐκδαπανᾶσθαι
1619 5518 1969 5573 διακελεύον-

459 5694 697 5768 (Ι)-Οἴον
731 5701 863 5768 γοῦν
894 5701 982 5753 τιν
1005 5699 1183 5767 λόγον,
1214 5698 1415 5753 τοιόνδε
1444 5697 1577 5763 φασὶ
1616 5698 1708 5752 τὸν
1742 5699 1965 5768 τρόπον·

384 5764 483 5822 καῖ
518 5764 631 5840 οἷον
660 5764 754 5822 τὸν
789 5771 1010 5840 τρόπον,
1045 5764 1251 5823 τοιόνδε
1296 5769 1390 5822 καὶ
1421 5771 1510 5821 τὸν
1553 5768 1710 5835 λόγον
1757 5764 1965 5822 ἐπεδεί-

392 5855 574 5894 κνυτο.
615 5839 805 5907 itaque
828 5839 921 5896 ille
948 5842 1166 5908 qualem
1194 5841 1525 5908 orationem,
1551 5840 1713 5895 talem
1746 5855 1967 5909 quoquc

2060 604 2169 651 tem
2211 608 2561 666 raperentur,
2605 598 2771 670 349
2804 613 2928 653 cum
2967 597 3135 651 multa
3168 596 3368 650 fiducia
3394 606 3447 650 et
3480 595 3650 650 liber-

2061 698 2168 744 tate
2218 691 2556 760 produceret
2614 700 2783 762 atque
2829 690 3271 746 exoscularetur.
3304 687 3650 758 Quapropter

2059 798 2205 852 saepe
2238 791 2322 838 est
2354 784 2557 839 factum
2580 825 2594 847 ,
2628 793 2691 838 ut
2722 800 2787 839 ex
2814 783 3072 854 gentibus
3104 782 3290 852 plebes
3313 781 3501 835 furore
3529 795 3655 835 cor-

2061 890 2233 944 repta,
2286 877 2563 946 lapidibus
2616 892 2745 933 eum
2801 876 3041 931 obruere
3093 873 3471 930 contenderit.
3539 873 3648 928 Sed

2063 967 2217 1021 illum
2265 978 2467 1037 praeter
2516 970 3015 1039 exspectationem,
3065 967 3288 1021 caelitus
3331 958 3522 1019 dextra
3554 962 3648 1016 Dei

2062 1063 2322 1131 praesenti
2377 1077 2482 1131 ope
2535 1074 2619 1117 est
2680 1070 2905 1117 tutata:
2964 1060 3433 1129 quemadmodum
3483 1055 3650 1111 etiam

2062 1171 2205 1225 saepe
2248 1157 2405 1221 alias,
2451 1168 2678 1229 propter
2716 1173 2989 1213 summam
3042 1154 3378 1209 alacritatem
3428 1152 3653 1206 liberta-

2063 1258 2284 1319 temque
2329 1249 2502 1303 divini
2551 1250 2705 1305 verbi
2757 1249 3017 1314 docendi,
3078 1247 3298 1303 insidiis
3347 1243 3649 1315 expetitum

2062 1341 2434 1396 conservarit.
2471 1341 2680 1397 Tantus
2731 1355 2897 1411 porro
2932 1341 3202 1395 adversus
3237 1338 3523 1393 hominem
3554 1349 3653 1389 ex-

2064 1432 2205 1484 stitit
2255 1441 2460 1495 motus,
2530 1444 2590 1487 ut
2636 1433 2797 1502 plebe
2848 1431 3070 1485 ethuica
3128 1438 3484 1500 procurante,
3540 1442 3653 1481 non

2065 1523 2467 1579 contemnenda
2499 1525 2738 1579 militum
2782 1540 3001 1591 manus,
3035 1525 3091 1579 in
3127 1540 3190 1579 ea
3224 1524 3315 1577 ubi
3368 1521 3657 1576 habitabat

2065 1614 2232 1668 domo
2271 1626 2611 1680 versaretur,
2646 1624 2702 1671 et
2739 1616 2957 1671 turbam
2984 1632 3177 1671 eorum
3204 1615 3300 1684 qui
3352 1622 3422 1668 ab
3455 1614 3549 1668 illo
3598 1613 3656 1667 in

2067 1700 2243 1756 sacris
2275 1702 2591 1772 disciplinis
2625 1705 3074 1771 instituerentur,
3102 1712 3372 1759 servaret.
3406 1703 3656 1773 Denique

2073 1805 2245 1858 usque
2278 1806 2345 1845 eo
2365 1794 2681 1861 persecutio
2711 1795 2977 1850 adversus
3011 1812 3137 1850 eum
3187 1796 3441 1858 invaluit,
3471 1805 3531 1849 ut
3560 1810 3658 1865 per

2074 1883 2266 1939 urbem
2300 1900 2542 1953 omnem,
2576 1886 2802 1942 domum
2835 1887 3000 1943 domo
3024 1898 3266 1953 mutans,
3295 1886 3659 1943 clamcircui-

2071 1984 2182 2037 ret,
2215 1976 2593 2033 multitudinis
2622 1980 2745 2050 ejus
2795 1982 2991 2050 gratia,
3055 1995 3179 2049 quae
3233 1980 3485 2034 doctrina
3536 1980 3658 2051 ejus

2070 2068 2308 2129 adducta
2343 2072 2408 2128 ad
2446 2070 2691 2125 divinam
2746 2080 3060 2127 accesserat
3093 2068 3517 2140 professionem.
3566 2069 3657 2122 Si-

2070 2161 2295 2229 quidem
2358 2177 2469 2216 non
2498 2163 2663 2218 verba
2706 2163 2910 2228 solum,
2950 2163 3045 2218 sed
3104 2163 3247 2220 facta
3307 2163 3483 2217 etiam
3536 2163 3659 2232 ejus

2070 2256 2447 2310 certissimum
2480 2256 2916 2325 germanissima:
2944 2256 3316 2325 philosophiae
3345 2257 3468 2326 ejus
3500 2255 3658 2311 fuere

2072 2346 2337 2402 indicium
2377 2347 2480 2418 (i).
2504 2347 2740 2403 Prorsus
2772 2363 3034 2418 namque,
3088 2347 3326 2403 orationi
3360 2348 3469 2402 vita
3523 2362 3659 2401 eon-

2069 2453 2276 2506 gruens
2316 2437 2712 2507 respondebat.
2757 2437 2933 2505 Quam
2974 2437 3048 2495 ob
3096 2452 3321 2492 causam
3379 2436 3545 2493 etiam
3605 2436 3657 2491 vi

2070 2539 2124 2584 et
2153 2545 2258 2599 ope
2288 2530 2475 2585 divina
2513 2531 2841 2597 auxiliante,
2895 2531 3100 2593 multos
3129 2532 3195 2585 ad
3237 2546 3297 2587 se
3362 2531 3655 2602 pertraxit,

2071 2624 2506 2694 innumerosque
2525 2623 2721 2678 habuit
2748 2623 3080 2678 imitatores.
3332 2627 3338 2633 “

2696 2756 2926 2814 CAPUT
2970 2755 3035 2810 ν.

2074 2868 2136 2922 Ut
2186 2872 2348 2923 vitam
2382 2869 2621 2937 attigerit
2666 2866 2971 2938 philosopho
2998 2866 3389 2938 perfectiorem,
3433 2870 3486 2938 et
3523 2880 3661 2935 pra:-

2243 2943 2442 3013 scripta
2471 2934 2778 3010 evangelica
2817 2934 3214 2991 accuratissime
3241 2934 3487 2989 servarit.

2146 3121 2446 3176 Enimvero
2494 3118 2585 3173 ubi
2635 3114 3079 3188 quamplurimas
3125 3112 3192 3167 ad
3240 3125 3301 3166 se
3352 3109 3660 3179 discipulos

1996 3195 2038 3253 (ἶ
2071 3212 2351 3268 conﬂuere
2373 3252 2386 3274 ,
2429 3225 2659 3264 munere
2688 3207 3003 3265 catecbistaa
3047 3220 3154 3257 una
3192 3216 3319 3258 cum
3368 3200 3557 3255 schola
3592 3215 3660 3253 ea

2071 3323 2101 3361 a
2133 3305 2417 3360 Demetrio
2468 3304 2573 3360 sibi
2622 3301 2958 3364 commissa,
2998 3297 3176 3351 vidit:
3222 3295 3522 3350 absurdum
3559 3293 3661 3363 (ita

2077 3410 2138 3453 ut
2184 3414 2282 3469 par
2331 3406 2486 3461 erat,
2544 3396 2882 3456 arbitratus,
2933 3390 3287 3462 proianarum
3343 3388 3651 3442 litterarum

2070 3488 2443 3544 eruditionem
2496 3500 2667 3540 sacrae
2712 3483 3079 3539 commiscere
3133 3479 3443 3543 doctrinae,
3503 3478 3657 3533 illico

2069 3590 2426 3637 externarum
2479 3578 2683 3633 artium
2737 3575 2984 3629 studium
3036 3572 3399 3644 posthabuit;
3449 3571 3663 3642 quippe

2070 3691 2193 3747 quae
2220 3684 2513 3744 tantopere
2548 3673 2709 3727 utiles
2742 3685 2865 3725 esse
2896 3684 3007 3723 non
3038 3676 3304 3737 possent,
3339 3676 3396 3721 et
3436 3666 3655 3720 diversa

2071 3785 2098 3823 a
2126 3767 2299 3824 sacris
2327 3766 2564 3820 oraculis
2608 3764 2805 3818 alierre
2837 3762 3103 3817 solerent.
3138 3758 3347 3813 Deinde
3379 3771 3655 3827 generoso

2069 3871 2126 3915 et
2173 3859 2356 3922 virili,
2408 3858 2683 3927 planeque
2728 3857 2811 3926 (ut
2858 3853 3098 3923 amplius
3149 3850 3413 3922 quiddam
3450 3849 3655 3919 dicam)

2070 3952 2402 4024 philosopho
2435 3950 2657 4015 animo,
2708 3964 2777 4003 ne
2823 3956 3057 4002 externo
3097 3944 3360 4016 quopiam
3407 3941 3661 3998 subsidio

2073 4045 2321 4114 indigere
2342 4043 2649 4106 videretur,
2676 4054 3025 4111 quaecunque
3057 4039 3107 4092 ei
3135 4046 3313 4101 erant,
3336 4035 3659 4092 Graecorum

2071 4138 2340 4193 librorum
2372 4151 2585 4192 summa
2615 4134 2890 4205 elegantia
2918 4143 2972 4187 et
3001 4140 3295 4186 venustate
3319 4129 3657 4184 concinnata

2069 4228 2375 4294 volumina,
2406 4226 2622 4282 venalia
2658 4222 2974 4295 proposuit,
3003 4230 3062 4276 et
3093 4229 3337 4289 quatuor
3358 4218 3655 4273 obolorum

2072 4324 2127 4378 in
2154 4320 2301 4376 diem
2340 4320 2595 4390 quemvis
2624 4317 2865 4387 pretium
2894 4315 3004 4368 sibi
3034 4312 3104 4367 ab
3130 4321 3383 4381 emptore
3414 4310 3660 4379 penden-

2071 4413 2269 4469 dorum
2313 4420 2400 4466 est
2445 4411 2765 4480 stipulatus.
2813 4407 2970 4463 Unde
3018 4403 3259 4474 plurimo
3292 4410 3541 4472 tempore
3585 4401 3652 4455 ad

2069 4517 2196 4556 eum
2254 4501 2479 4555 modum
2538 4496 2917 4569 pliilOSOphari
2984 4491 3420 4563 perseverabat,
3483 4489 3651 4560 350

2070 4610 2292 4650 causam
2327 4601 2381 4647 et
2415 4592 2703 4645 materiam
2736 4604 2980 4653 onmem,
3014 4602 3137 4657 quae
3167 4586 3393 4639 allicere
3423 4599 3550 4638 eum
3583 4582 3654 4637 ad

2072 4703 2161 4743 res
2187 4702 2358 4741 novas
2381 4695 2432 4740 et
2464 4685 2685 4738 illicitas
2715 4691 2917 4753 posset,
2947 4688 3113 4750 atque
3140 4675 3655 4747 concupiscentiam

2071 4777 2417 4833 indecentem
2459 4776 2621 4847 longe
2666 4791 2697 4829 a
2744 4788 2805 4830 se
2858 4770 3196 4843 propellens.
3248 4769 3318 4825 Et
3363 4768 3453 4822 die
3487 4766 3654 4822 sudo-

2072 4872 2231 4926 ribus
2274 4881 2335 4925 ut
2374 4870 2673 4941 plurimum
2724 4875 2984 4937 peracto,
3040 4871 3205 4917 noctu
3259 4861 3427 4916 etiam
3479 4859 3661 4913 multo

2071 4964 2427 5021 incumbebat
2449 4962 2649 5028 labori,
2677 4960 2971 5014 maximam
3003 4958 3124 5030 ejus
3151 4954 3417 5026 temporis
3441 4959 3654 5023 partem

2073 5059 2436 5115 meditatione
2479 5057 2793 5113 divinarum
2837 5054 3250 5124 Scripturarum
3293 5062 3651 5106 consumens.

2073 5151 2131 5209 Si
2165 5151 2388 5223 quando
2411 5153 2574 5206 etiam
2608 5165 2838 5204 somnus
2871 5148 3055 5203 obiter
3080 5142 3455 5215 degustandus
3482 5148 3651 5203 esset,

2072 5258 2183 5298 non
2212 5242 2268 5297 in
2297 5250 2470 5297 strato
2506 5241 2716 5309 aliquo,
2745 5238 2842 5294 sed
2876 5239 2929 5292 in
2967 5236 3114 5293 nuda
3148 5236 3322 5290 humo
3342 5233 3552 5303 jacens,
3585 5244 3654 5284 eo

2071 5334 2397 5404 parcissime
2451 5334 2748 5395 utebatur,
2794 5330 3023 5403 jejuniis
3069 5326 3369 5398 plurimum
3415 5320 3653 5391 aliisque

2072 5426 2479 5496 philosophicis
2509 5425 2794 5483 exercitiis
2832 5422 3277 5479 constantissime
3307 5429 3527 5485 semper
3560 5415 3649 5467 in.

2073 5523 2281 5571 tentus.
2329 5516 2407 5571 Ex
2450 5515 2764 5572 Servatoris
2794 5513 3089 5584 praeceptis
3130 5510 3221 5564 illa
3258 5505 3495 5561 maxime
3526 5516 3652 5565 ser-

2072 5694 2239 5749 vitam
2274 5712 2289 5749 :
2334 5706 2390 5752 et
2423 5696 2640 5755 qualem
2674 5695 2866 5755 vitam,
2915 5692 3079 5747 talem
3141 5688 3305 5743 etiam
3342 5684 3649 5739 orationem

2072 5767 2391 5825 exhibuisse
2422 5758 2642 5823 dicitur.
2671 5766 2871 5822 Euseb.
2906 5764 3001 5820 lib.
3034 5778 3104 5828 vn,
3139 5774 3257 5829 cap.
3299 5758 3353 5813 5.
