4032 6440
346 376 487 442 1οἹ9

1585 382 2015 444 NICEPHORI
2058 383 2412 444 CALLISTI

3484 382 3624 448 l(’80

341 493 523 547 vanda
549 507 675 549 esse
689 492 1004 561 judicabat.
1028 511 1152 566 qua;
1176 486 1536 567 prohiberent
1559 497 1699 552 duas
1723 497 1930 554 habere

2057 516 2151 553 ται.
2202 498 2312 554 Καί
2344 502 2397 567 γ’
2444 499 2715 571 ἐφύλαττε
2751 500 3123 573 διαφερόντως
3159 497 3322 565 αὐτὰ,
3356 499 3417 553 ἐν
3457 497 3620 570 ψύχει

347 587 589 650 tunicas,
622 598 719 643 aut
747 590 1143 646 calCeamentis
1173 591 1279 657 uti,
1309 599 1407 646 aut
1441 591 1689 645 animum
1721 590 1934 647 futura-

347 695 471 735 rum
516 697 698 737 rerum
741 697 876 738 cura
920 694 975 739 et
1009 684 1392 741 sollicitudine
1446 700 1729 741 macerare
1781 694 1937 741 veta-

348 786 493 830 rent.
529 775 719 845 anue
759 775 878 846 ipsa
924 778 1168 833 servavit
1207 790 1504 843 accurate,
1548 780 1603 833 in
1640 778 1845 850 frigore
1880 789 1940 835 et

349 865 635 933 nuditate,
685 865 853 921 etiam
905 878 1105 938 praeter
1152 880 1414 935 aetatem,
1462 871 1633 926 vitam
1689 871 1937 941 exigens.

348 956 466 1011 Illis
494 972 717 1028 quoque
765 963 939 1016 rebus
984 960 1157 1016 animi
1205 964 1292 1017 sui
1341 963 1842 1036 promptitudinem
1882 971 1940 1019 et

348 1049 604 1103 arderem
652 1050 789 1105 satis
841 1052 1183 1122 declaravit,
1231 1056 1380 1125 quod
1430 1057 1686 1126 regiones
1736 1055 1940 1113 multas

352 1144 700 1212 temporibus
737 1145 928 1201 multis
971 1163 1275 1218 peragrans
1296 1190 1311 1213 ,
1360 1150 1531 1204 nullis
1563 1165 1699 1206 usus
1731 1151 1806 1205 sit
1829 1150 1943 1205 cal-

349 1233 504 1287 ceis:
534 1234 774 1305 vinoque
796 1252 1049 1306 prorsus,
1077 1240 1317 1309 aliisque
1349 1241 1538 1304 rebus,
1559 1252 1721 1296 extra
1750 1254 1943 1296 neces-

351 1324 562 1378 sarium
612 1325 965 1392 alimentum,
1018 1329 1395 1385 abstinuerit:
1451 1344 1630 1400 usque
1676 1330 1837 1394 adeo.
1883 1338 1945 1386 ut

350 1414 663 1483 periculum
717 1426 774 1472 et
812 1418 1122 1487 perniciem
1173 1419 1396 1489 corpori
1452 1433 1555 1475 suo
1604 1418 1941 1476 conciliarit.

2031 592 2132 647 καὶ
2157 594 2464 664 γυμνότητι
2517 595 2899 666 διακαρτερῶν
2927 596 3024 650 καὶ
3052 594 3186 666 παρ’
3218 586 3477 664 ἡλικίανλ
3523 594 3622 647 καὶ

2033 688 2094 740 ὲν
2123 685 2351 750 ταύταις
2386 688 2834 758 ἐπιδεδειγμένος
2870 688 2933 742 τὸ
2966 687 3248 758 πρόθυμον
3277 685 3353 750 ὡς
3388 684 3485 739 καὶ
3513 683 3625 754 γῆν

2034 777 2244 847 πολλὴν
2273 778 2493 848 χρόνοις
2526 781 2759 847 μακροῖς
2780 779 3155 850 διερχόμενον,
3192 777 3461 849 μηδαμῶς
3488 777 3621 830 ὕπο-

2031 870 2245 939 δήμασι
2295 871 2636 941 χρήσασθαι·
2689 870 2837 925 οίνου
2876 887 2938 923 τε
2996 873 3236 941 πάμπαν
3285 867 3625 940 ἀποσχέσθαι

2036 962 2135 1016 καὶ
2168 963 2277 1015 τῶν
2305 962 2484 1032 ᾷλλων
2525 964 2670 1033 πλὴν
2697 965 2796 1035 τῆς
2827 961 3133 1032 ἀναγκαίας
3158 961 3394 1033 τροφῆςο
3425 961 3501 1023 ὡς
3533 961 3626 1013 καὶ

2036 1054 2292 1109 κίνδυνον
2346 1056 2441 1110 καὶ
2495 1054 2799 1126 διαφθορὰν
2857 1055 2937 1124 τῷ
2994 1055 3214 1125 σώματι
3266 1051 3621 1123 προξενῆσαι.

2037 1146 2200 1203 Οὕτω
2227 1149 2284 1203 δὲ
2321 1149 2477 1220 βιῶν,
2513 1150 2610 1203 καὶ
2637 1149 2715 1220 τῷ
2746 1149 2874 1204 καθ’
2903 1148 3099 1202 ἑαυτὸν
3138 1146 3505 1217 ὑποδείγματι
3530 1144 3628 1199 τὸν

2038 1242 2268 1313 ἄριστον
2300 1242 2588 1308 είκονίζων
2629 1242 2769 1315 βίον,
2800 1241 3145 1311 κατέπληττε
3194 1238 3297 1312 μὲν
3337 1238 3623 1301 ἅπανταςο

2040 1332 2324 1405 εἰσφέρειν
2357 1333 2416 1388 δὲ
2464 1335 2559 1390 καὶ
2591 1335 2878 1390 κοινωνεῖν
2908 1333 3065 1405 αὐτῷ
3097 1332 3226 1398 τοὺς
3266 1330 3408 1386 οίκοι
3439 1330 3625 1403 βουλο·

2045 1424 2250 1493 μένους
2279 1426 2585 1496 ἀπέτρεπε.

351 1508 533 1577 Atque
562 1509 667 1565 hoc
698 1513 864 1567 modo
892 1512 1106 1580 vivens,
1138 1513 1504 1583 exemploque
1568 1528 1671 1569 suo
1739 1512 2015 1583 optimum
2054 1516 2278 1573 vivendi
2331 1519 2650 1577 institutum
2697 1518 3002 1577 ostendens
3028 1561 3044 1586 ,
3098 1519 3154 1574 in
3203 1518 3624 1574 admirationem

354 1599 580 1667 quidem
608 1603 693 1656 sui
725 1604 925 1659 extulit
950 1620 1167 1662 omnes.
1196 1606 1305 1663 Eos
1334 1615 1522 1662 autem
1558 1606 1655 1676 qui
1722 1606 1857 1663 dare
1921 1617 2020 1664 aut
2058 1614 2468 1669 communicare
2507 1614 2815 1686 quidquam
2861 1629 2988 1671 cum
3038 1630 3105 1670 eo
3146 1611 3425 1678 volebant,
3471 1609 3628 1664 lami-

355 1697 521 1756 liares
546 1713 698 1767 suos,
733 1711 1026 1757 aversatus
1050 1712 1157 1757 est.

981 1819 1210 1876 CAPUT
1256 1818 1342 1875 Vl.

427 1909 533 1978 Qui
566 1910 631 1966 ab
657 1927 718 1965 eo
746 1912 889 1966 ducti
930 1921 981 1965 et
1018 1914 1211 1976 edocti,
1256 1913 1507 1996 martyrii
1535 1913 1745 1969 coronis
1769 1915 1875 1969 sint

1021 1993 1291 2040 exornati.

424 2096 756 2167 Complures
806 2113 941 2154 sane
994 2114 1063 2154 ex
1125 2097 1499 2157 sectatoribus
1556 2098 1716 2165 suis,
1783 2110 1950 2171 atque

354 2191 522 2244 etiam
558 2206 624 2244 ex
663 2191 746 2245 eis
792 2192 887 2261 qui
934 2190 1267 2246 adulterina:
1314 2203 1479 2248 erant
1523 2192 1828 2261 doctrinae,
1882 2193 1950 2248 ad

355 2281 614 2337 eumdem
654 2281 1084 2352 philosophandi
1117 2297 1366 2338 amorem
1394 2284 1680 2340 excitavit.
1711 2285 1772 2340 In
1805 2300 1951 2355 quo—

356 2388 483 2428 rum
521 2374 729 2429 intimis
757 2374 960 2430 animis
990 2377 1065 2429 ita
1096 2374 1350 2430 divinum
1381 2375 1509 2431 ﬁdei
1537 2377 1769 2433 verbum
1800 2378 1952 2433 inse-

355 2467 479 2532 vit,
539 2475 602 2523 ut
680 2477 961 2523 maturum
1017 2469 1357 2539 uberemque
1412 2467 1678 2541 deinceps
1727 2477 1952 2539 caperet

357 2560 645 2616 fructum:
684 2561 737 2614 in
780 2568 1029 2627 tantum,
1080 2567 1140 2613 ut
1171 2574 1241 2614 ex
1271 2559 1356 2615 eis
1393 2558 1644 2630 quidam,
1679 2574 1948 2630 persecu-

362 2654 573 2706 tionum
637 2651 1030 2722 temporibus,
1067 2652 1321 2724 martyrii
1377 2651 1602 2707 coronis
1659 2651 1773 2707 sint
1825 2650 1952 2707 illu-

359 2745 545 2801 strati.
575 2746 796 2801 Primus
829 2746 1078 2816 quidem,
1114 2761 1281 2816 quem
1312 2745 1578 2812 diximus,
1613 2745 1951 2801 Plutarchus

358 2838 507 2893 fuit:
557 2839 653 2909 qui
697 2854 825 2894 cum
878 2838 947 2894 ad
998 2839 1339 2911 supplicium
1391 2840 1718 2903 duceretur,
1754 2855 1949 2910 parum

359 2927 542 2983 abfuit
585 2927 723 2997 quin
753 2929 1022 3000 Origenes
1050 2944 1273 3002 quoque
1311 2929 1381 2985 ab
1426 2931 1575 2985 illius
1605 2929 1952 2986 occideretur

360 3021 607 3087 civibus,
659 3029 719 3075 ut
764 3021 861 3091 qui
908 3031 1105 3077 auctor
1145 3022 1299 3079 necis
1352 3023 1501 3078 illius
1545 3022 1730 3078 dictus
1778 3030 1949 3078 esset.

361 3113 537 3184 quue
584 3113 793 3169 factum
848 3113 1100 3184 profecto
1146 3123 1332 3180 esset,
1383 3114 1491 3170 nisi
1541 3130 1671 3170 eum
1723 3128 1945 3170 rursum

363 3208 511 3277 (quae
547 3222 636 3261 res
664 3207 787 3277 ejus
813 3222 1009 3262 omnes
1035 3207 1335 3278 dirigebat)
1371 3207 1562 3262 divina
1595 3207 1951 3262 Providentia

361 3298 779 3354 custodivisset.
813 3298 1106 3355 Secundus
1136 3299 1206 3355 ab
1239 3298 1347 3354 hoc
1390 3308 1600 3371 martyr
1647 3298 1750 3353 fuit
1793 3298 1957 3353 Sere-

362 3406 493 3458 nus,
528 3391 621 3462 qui
646 3405 712 3446 ex
746 3391 937 3447 schola
965 3392 1113 3446 illius
1142 3392 1448 3463 profectus,
1485 3399 1791 3461 spectatam
1826 3389 1954 3444 ﬁdei

366 3484 737 3541 constantiam
783 3484 840 3539 in
892 3484 1024 3555 igne
1062 3493 1254 3555 aperte
1302 3484 1583 3540 exhibuit.
1632 3482 1956 3539 Heraclides

363 3592 534 3648 porro
577 3578 804 3632 tertium
873 3576 1121 3632 obtinuit
1167 3577 1372 3643 locum,
1406 3576 1568 3648 351
1613 3592 1738 3631 cutn
1774 3576 1957 3629 adhuc

365 3670 422 3722 in
449 3682 608 3723 sacra
644 3668 1030 3723 institueretur
1058 3667 1311 3723 doctrina
1330 3706 1346 3733 ,
1383 3677 1571 3738 utpote
1598 3666 1957 3722 catechume-

365 3775 494 3816 nus.
539 3760 786 3826 Quartus
826 3759 1011 3816 Heron
1062 3760 1312 3831 symbola
1342 3759 1421 3831 (l)
1466 3758 1652 3815 adhuc
1695 3768 1753 3813 et
1800 3758 1957 3828 signa

365 3852 571 3907 divina:
612 3852 756 3909 lucis
794 3851 1200 3908 circumferens
1231 3851 1354 3923 (2):
1408 3852 1633 3922 utrique
1684 3852 1720 3906 ii
1773 3849 1957 3922 gladio

365 3954 500 4000 sunt
532 3945 807 4015 percussi.
843 3945 1084 4012 Quintus
1115 3947 1332 4012 ordine,
1366 3945 1569 4001 scholae
1601 3944 1753 3999 illius
1780 3944 1960 3998 alum—

367 4053 512 4103 nus,
565 4039 743 4108 priori
789 4038 864 4092 illi
912 4038 1297 4109 cognominis,
1341 4036 1587 4093 Serenus
1627 4038 1798 4101 alter,
1831 4045 1960 4105 post

366 4132 779 4202 quamplurima
804 4130 1214 4187 tormentorum
1246 4131 1598 4193 discrimina,
1631 4144 1730 4199 per
1755 4128 1960 4198 capitis

371 4223 747 4279 resectionem
769 4263 785 4288 ,
820 4238 920 4294 pro
965 4239 1110 4280 verre
1145 4223 1366 4293 pietatis
1410 4223 1637 4293 praemio
1659 4263 1673 4287 ,
1711 4221 1956 4275 divinam

369 4316 565 4387 gloria:
595 4319 841 4388 suscepit
875 4332 1161 4372 coronam.
1190 4316 1393 4373 Sextus
1428 4315 1631 4371 deinde
1667 4312 1957 4379 Basilides,

371 4409 469 4480 qui
498 4409 849 4466 decantatam
873 4410 1025 4464 illam
1053 4409 1472 4474 Potamimnam,
1501 4424 1572 4464 ex
1599 4406 1963 4464 commisera-

372 4504 524 4559 tione
558 4504 630 4559 ab
670 4502 1077 4572 impudicorum
1115 4503 1420 4559 multorum
1454 4501 1727 4573 petulanti
1754 4498 1959 4572 injuria
1988 4533 2045 4596 ὓ

369 4598 701 4654 vindicavit.

971 4715 1199 4774 CAPUT
1246 4716 1354 4771 VII.

588 4809 663 4864 De
702 4810 971 4882 discipula’
985 4813 1100 4881 ejus
1129 4809 1461 4865 Potamiama
1487 4816 1748 4878 martyre.

444 4990 525 5045 Ex
556 4990 779 5046 feminis
820 4999 1008 5045 autem
1046 4990 1283 5061 septima
1321 4998 1408 5043 est
1440 4989 1595 5053 Bais,
1625 5002 1751 5058 quae
1778 4986 1964 5043 adhuc

375 5084 445 5139 de
478 5083 584 5138 ﬂde
635 5094 692 5139 et
716 5086 892 5138 sacris
917 5084 1125 5138 nostris
1153 5081 1571 5144 instituebatur,
1598 5090 1657 5135 et
1689 5080 1965 5149 baptismo

376 5177 580 5247 (sicuti
637 5176 845 5231 alicubi
894 5175 1013 5245 ipse
1061 5174 1238 5243 dicit)
1289 5188 1391 5242 per
1442 5173 1621 5242 ignem
1678 5181 1961 5240 suscepto,

375 5272 704 5341 martyrium
752 5269 1075 5340 complevit.
1128 5265 1333 5322 Octava
1390 5282 1556 5336 porro
1604 5266 1964 5328 l’otamiaena,

375 5366 538 5437 cujus
588 5365 778 5419 adhuc
832 5363 1077 5419 celebris
1137 5372 1225 5416 est
1273 5361 1418 5429 apud
1477 5361 1777 5431 populares
1818 5372 1967 5414 suos

377 5460 564 5514 fama:
607 5468 666 5512 ut
713 5458 930 5513 scilicet
965 5456 1202 5524 plurima
1226 5494 1243 5519 ,
1277 5463 1472 5510 contra
1517 5463 1825 5516 amatores,
1864 5465 1965 5522 pro

379 5550 644 5619 pudicitia
672 5562 729 5605 et
757 5549 1082 5617 virginitate
1112 5562 1211 5602 sua
1254 5548 1479 5611 tuenda,
1512 5546 1754 5600 subierit
1783 5550 1967 5600 certa-

378 5645 529 5698 mina
574 5641 918 5715 (accedebat
960 5641 1109 5694 enim
1162 5641 1218 5693 iu
1260 5655 1323 5693 ea
1366 5639 1432 5692 ad
1468 5637 1719 5693 ﬂorentis
1765 5637 1966 5693 anima

379 5736 884 5806 pulchritudinem,
918 5723 1086 5788 eiiam
1128 5733 1329 5795 forma,
1366 5740 1421 5786 et
1462 5731 1621 5801 vigor
1656 5731 1840 5786 vultus
1878 5730 1964 5786 inv

458 5880 533 5949 tt)
563 5882 622 5936 lu
655 5894 810 5935 sacro
845 5878 1120 5950 baptismo
1151 5883 1425 5946 suscepta.

2650 1821 2903 1877 ΚΕΦΑΛ.
2942 1818 3036 1887 ς’.

2055 1917 2221 1984 Τίνες
2274 1916 2376 1974 ὑπ’
2422 1915 2585 1981 αὑτῷ
2639 1914 3185 1984 καθοδηγηθέντες,
3238 1912 3628 1983 μαρτυρικοῒς

2365 1987 2697 2057 στεφάνοις
2732 1982 3303 2055 κατεκοσμήθησαν.
3568 1993 3587 2013 ⁸

2121 2101 2363 2165 Πολλούς
2387 2118 2451 2171 γε
2481 2100 2589 2173 μὴν
2615 2101 2712 2155 καὶ
2742 2099 2852 2154 τῶν
2884 2097 3160 2170 φοιτητῶν
3192 2098 3285 2152 ἐπὶ
3312 2098 3404 2153 τδν
3443 2098 3630 2168 ὅμοιον

2050 2197 2152 2268 τῆς
2194 2195 2519 2267 φιλοσοφίας
2554 2194 2705 2265 αὐτῷ
2756 2192 3083 2265 ἀνηρέθισεν
3124 2192 3325 2263 ἔρωτα,
3384 2191 3477 2245 καὶ
3523 2191 3634 2244 τῶν

2051 2290 2160 2344 ἀπὸ
2185 2291 2285 2360 τῆς
2312 2287 2469 2343 νόθου
2510 2286 2871 2350 διδασκαλίας
2894 2301 2907 2317 ·
2951 2279 3035 2350 οἷς
3062 2284 3201 2355 δῆτα
3230 2283 3327 2337 καὶ
3363 2284 3505 2336 κατὰ
3533 2280 3637 2352 βά-

2052 2384 2181 2447 θους
2214 2381 2393 2454 ψυχῆς
2443 2381 2536 2435 τὸν
2566 2378 2710 2433 θεῖον
2752 2380 2851 2446 τῆς
2892 2378 3134 2453 πίστεως
3184 2377 3344 2445 λόγον
3398 2377 3639 2443 ἐγκατα-

2053 2474 2316 2546 σπείρων,
2336 2461 2526 2536 ὀὕτως
2570 2471 2785 2542 ῶριμον
2825 2470 3096 2542 ὲδρὲψατο
3138 2467 3231 2522 τὸν
3281 2467 3513 2538 καρπὸν,
3559 2465 3637 2529 ὡς

2053 2567 2147 2625 καί
2172 2584 2324 2631 τινας
2357 2564 2541 2620 αὐτῶν
2570 2563 2649 2634 τῷ
2677 2563 2787 2618 τῶν
2818 2562 3077 2632 διωγμῶν
3106 2561 3289 2632 καιρῷ
3328 2558 3634 2632 μαρτυρίου

2053 2661 2345 2731 στεφάνοις
2358 2659 2741 2729 ὲνδιαπρέψαι.
2766 2657 2989 2728 Πρῶτος
3009 2656 3217 2724 τοίνυν,
3237 2655 3298 2710 δν
3313 2654 3636 2727 είρήκαμεν,

2053 2752 2402 2824 Πλούταρχος
2432 2748 2534 2822 ἦν·
2578 2750 2641 2805 οὗ
2687 2749 3044 2820 ἀπαγομένου
3098 2747 3201 2819 τὴν
3254 2748 3348 2802 ἐπὶ
3385 2746 3634 2811 θάνατον,

2056 2844 2260 2918 μικροῦ
2301 2845 2397 2899 καὶ
2439 2843 2730 2916 Ὠριγένης
2783 2842 2923 2914 πρὸς
2974 2841 3084 2896 τῶν
3133 2839 3344 2894 ἐκείνου
3395 2837 3638 2910 ἀνῄρητο

2054 2938 2313 3003 πολιτῶν,
2343 2937 2421 3002 ὡς
2448 2938 2621 2998 αίτιος
2648 2934 2801 3005 αὐτῷ
2844 2935 2946 3005 τῆς
2975 2933 3073 2987 τοῦ
3121 2933 3237 3005 βίου
3290 2930 3638 3004 χρηματίσας

2050 3028 2403 3097 ἀπαλλαγῆς,
2428 3028 2478 3082 εί
2509 3030 2583 3097 μὴ
2604 3024 2795 3079 τοῦτον
2827 3020 2987 3088 αὖθις
3015 3022 3133 3094 ὴτὰ
3159 3023 3287 3076 κατ’
3315 3020 3479 3075 αὐτὸν
3499 3017 3640 3082 διεξ-

2061 3121 2273 3202 ἀγουςα
2323 3118 2445 3173 Θεία
2493 3118 2721 3190 πρόνοια
2771 3116 3071 3187 ὑπέρτερον
3103 3113 3367 3184 διετήρει.
3402 3110 3638 3202 Σερῆνος

2060 3215 2118 3269 δὲ
2154 3200 2295 3287 μετὰ
2345 3208 2537 3267 τοῦτον
2595 3212 2810 3281 μάρτυς
2861 3209 3158 3273 ἐδείκνυτο,
3209 3207 3313 3271 τῆς
3353 3200 3642 3273 διατριϐῆς

2062 3307 2276 3363 ἐκείνου
2302 3305 2625 3376 τυγχάνων’
2669 3305 2729 3358 τὸ
2762 3303 2991 3372 δόκιμον
3022 3300 3122 3371 τῆς
3156 3299 3391 3361 πίστεως
3421 3298 3479 3349 ὲν
3506 3297 3644 3363 ’πυρὶ⁴

2065 3398 2378 3468 καταφανὲς
2435 3394 2751 3461 ὑποδείξας.
2829 3395 2958 3449 Ἐπὶ
3011 3392 3075 3463 δὴ
3130 3390 3308 3460 τούτῳ
3356 3389 3541 3460 τρίτος
3574 3380 3644 3456 ἦν

2075 3490 2461 3563 Ἡρακλείδης,
2482 3489 2564 3542 ἔτι
2592 3488 2686 3543 τὸν
2716 3486 2861 3557 ἱερὸν
2888 3483 3299 3555 κατηχούμενος
3326 3481 3506 3547 λόγον.
3534 3480 3644 3533 Καὶ

2064 3580 2226 3643 ἄλλος
2245 3580 2512 3648 τέταρτος
2530 3595 2545 3610 ⁸
2579 3576 2768 3646 Ἥρων
2797 3570 2868 3647 ἢν
2899 3574 3047 3644 αὐτῷ
3074 3574 3278 3642 ὄνομα·
3307 3571 3389 3624 ἔτι
3411 3570 3480 3623 τὰ
3508 3568 3646 3637 σύμ-

2064 3669 2201 3724 ϐολα
2237 3670 2334 3724 τοῦ
2366 3670 2513 3723 θείου
2551 3669 2732 3737 φωτὸς
2776 3665 3181 3737 περικείμενος.
3227 3663 3340 3716 Καὶ
3385 3660 3554 3731 ἄμφω
3585 3658 3645 3711 δὲ

2065 3762 2212 3832 ξίφει
2245 3763 2339 3816 τὸν
2370 3761 2486 3833 βίον
2523 3758 2891 3832 μετήλλαξαν.
2922 3758 3151 3827 Ἕτερος
3188 3755 3248 3810 δὲ
3280 3753 3539 3824 Σερῆνος,
3565 3750 3645 3821 τῷ

2066 3856 2271 3926 πρώτῳ
2298 3852 2615 3924 ὁμώνυμος,
2658 3853 2912 3922 πέμπτος
2940 3849 3097 3913 οὗτος
3125 3848 3224 3916 τῆς
3267 3845 3476 3900 ἐκείνου
3519 3857 3649 3911 σχο-

2065 3942 2185 4015 λῆς,
2221 3939 2387 3998 ἆθλον
2437 3941 2719 4005 εὐσεϐείας
2758 3942 2901 4011 μετὰ
2947 3940 3210 4009 πλείστην
3260 3937 3396 4006 ὅσην
3446 3936 3646 4001 πεῖραν

2065 4037 2278 4101 δεινῶν,
2325 4036 2420 4091 καὶ
2453 4035 2699 4106 κεφαλῆς
2733 4033 2999 4106 ἐκτομὴν,
3033 4032 3123 4085 τὸν
3164 4030 3308 4085 θεῖον
3351 4027 3452 4092 τῆς
3488 4023 3647 4095 δόξης

2070 4126 2358 4198 περιέθετο
2394 4127 2682 4195 στέφανον.
2719 4126 2917 4186 Ἕκτος
2945 4122 3034 4176 tn‘
3066 4121 3264 4191 hesith
3301 4116 3644 4183 Βασιλείδης,

2066 4220 2095 4273 ὁ
2121 4217 2221 4290 τὴν
2249 4217 2581 4288 περιϐόητον
2612 4215 2992 4286 Ποταμίαιναν
3018 4213 3117 4284 τῆς
3143 4213 3252 4267 τῶν
3281 4209 3494 4264 πολλῶν
3515 4208 3650 4261 duo.

2070 4311 2271 4366 λάστου
2308 4309 2519 4382 ὕϐρεως
2549 4309 2844 4380 ἀπείρξας,
2879 4305 3013 4376 ἐλέῳ
3040 4304 3119 4377 τῷ
3147 4303 3285 4377 περὶ
3312 4302 3484 4373 αὐτὴν
3513 4316 3646 4372 χρη·

2071 4404 2330 4475 σάμενος.

2670 4698 2923 4755 ΚΕΦΔΛ.
2961 4698 3037 4754 Z'.

2071 4799 2239 4867 Περὶ·
2275 4796 2390 4865 τῆς
2438 4794 2778 4867 μαθητρίας
2823 4792 3012 4847 αὐτοῦ
3075 4786 3503 4858 Ποταμιαίνηςη
3535 4781 3649 4853 τῆς

2684 4864 3016 4935 μάρτυρος.

2152 4984 2292 5040 Ἀπὸ
2314 4984 2373 5039 δὲ
2408 4982 2518 5037 τῶν
2542 4978 2824 5051 γυναικῶν
2855 4976 3060 5048 ἑϐδόμη
3097 4975 3198 5048 μέν
3221 4976 3371 5029 ἐστιν
3403 4974 3435 5045 ἡ
3475 4971 3647 5034 Ῥατς,

2070 5081 2152 5135 ἔτι
2194 5094 2436 5149 κατηχου
2447 5076 2583 5148 μένη
2606 5075 2670 5128 τὸ
2701 5074 3010 5145 βάπτισμα,
3034 5068 3111 5133 ῶς
3140 5068 3245 5123 πού
3272 5082 3440 5138 φησιν
3467 5063 3648 5128 αὐτὸς,

2071 5173 2133 5226 τὸ
2174 5171 2265 5224 διὰ
2297 5171 2471 5241 πυρὸς
2522 5166 2791 5220 λαϐοῦσα.
2838 5164 2950 5217 Καὶ
3003 5163 3098 5217 ἐπὶ
3148 5161 3361 5224 τούτοις
3409 5158 3570 5228 ὀγδόη
3615 5157 3650 5225 ή

2074 5263 2438 5333 Ποταμίαινα,
2471 5256 2540 5332 ἦς
2586 5261 2651 5329 δὴ
2687 5258 2857 5319 πολύς
2893 5270 2979 5319 τις
3013 5255 3172 5323 λόγος
3208 5254 3361 5324 παρὰ
3392 5254 3504 5313 τοῖς
3534 5253 3653 5303 ὲπι·

2071 5357 2295 5426 χωρίοις
2330 5355 2409 5408 ἔτι
2442 5354 2667 5424 κρατεῖ*
2704 5338 2785 5413 ὡς
2814 5350 3046 5402 πλεῖστα
3079 5345 3196 5416 δῆτ’
3234 5344 3651 5414 ἀγωνισαμένης

2073 5452 2217 5519 ὑπὲρ
2257 5448 2357 5517 τῆς
2400 5445 2631 5515 ὲνούσης
2674 5444 2813 5513 αὐτῇ
2848 5442 3157 5513 παρθενίας
3204 5441 3342 5509 πρὸς
3389 5438 3646 5508 ἐραστάς.

2085 5543 2343 5612 Ἐπήνθει
2377 5541 2471 5593 καὶ
2506 5539 2615 5609 γὰρ
2645 5537 2785 5607 αὐτῇ
2825 5535 2965 5606 πρὸς
3006 5532 3086 5604 τῷ
3121 5534 3221 5602 τῆς
3253 5531 3434 5602 ψυχῆς
3464 5527 3651 5597 ὡραίῳ

2075 5638 2172 5689 καὶ
2214 5634 2276 5687 τὸ
2304 5635 2402 5703 τῆς
2430 5631 2608 5701 ὅψεως
2644 5630 2867 5699 εὐφυὲς,
2914 5631 3009 5680 καὶ
3038 5628 3278 5696 ἀκμαῖον
3317 5623 3649 5691 expolitam.

2078 5729 2223 5783 Πολὺ
2251 5725 2385 5794 γοῦν
2415 5727 2475 5779 τὺ
2505 5726 2760 5794 γενναῖον
2785 5722 3175 5793 ἐνδειξαμένης
3209 5717 3328 5789 μετ’
3345 5712 3653 5784 ἀφορήτους

2146 5868 2219 5935 (Ξ)
2247 5864 2570 5935 Ncophytus
2607 5861 2881 5921 videlicet.
