4032 6424
313 385 444 452 108!

1240 387 1862 449 EUCLESIASTICA‘}
1905 388 2105 448 HISTt
2143 388 2302 452 RLE
2350 391 2499 450 LIB.
2546 392 2608 454 V.

3449 389 3588 454 10ςὲ

313 504 610 576 βασάνους,
669 501 826 562 τέλος
861 499 1080 568 σύναμα
1119 503 1187 570 τῇ
1246 501 1414 570 μητρὶ
1448 500 1748 571 Μαρκέλλῃ
1799 499 1892 554 τὸν

2021 502 2158 566 {enni
2189 511 2243 556 et
2274 502 2525 556 liberalis
2552 504 2848 572 summus),
2893 513 2950 560 et
2984 508 3267 562 constanti
3304 509 3591 577 generosi-

310 598 398 650 διὰ
432 596 606 664 πυρὸς
639 592 984 658 εἰσδέξασθαι
1020 592 1271 646 Θάνατον.
1317 591 1553 661 Λέγεται
1589 592 1772 662 μέντοι
1803 593 1898 646 τὸν

311 688 579 755 δικαστὴν
622 684 856 738 ’Δκύλαν
886 684 1143 754 χαλεπῶς
1177 685 1315 754 αὐτῇ
1348 685 1407 736 τὸ
1444 684 1604 751 σῶμα
1631 683 1899 752 πρότερον

313 779 720 844 καταξάναντα,
782 774 884 831 εἶτ’
919 777 1246 841 ἀκολάστοις
1299 778 1544 838 νεανίαις
1595 777 1680 845 ἐφ’
1741 775 1900 847 ῦϐρει

315 873 498 926 δοῦναι
560 872 1029 941 προσαπειλῆσαι.
1091 871 1157 924 ‘0
1194 869 1242 922 δ’
1285 871 1562 939 αἱρεῖται,
1615 867 1790 938 βραχύ
1845 885 1900 921 τι

317 964 678 1017 διαλιποῦσαν
736 961 1256 1017 ἀναπυνθεὶινεσθαι⁸
1312 962 1409 1015 καὶ
1452 961 1555 1032 τὴν
1607 961 1902 1029 ἀπόκρισιν

319 1057 576 1125 γεννικὴν
612 1056 672 1109 εὖ
725 1057 869 1125 μάλα
921 1048 1248 1124 ἐπαγαγεῖν,
1281 1055 1358 1116 ῶς
1390 1057 1480 1108 καὶ
1511 1053 1904 1125 νενομισμένον

317 1148 468 1212 δόξαι
497 1147 575 1216 τῷ
619 1149 846 1216 δικαστῇ
879 1165 930 1200 τι
981 1149 1185 1210 ἀσεϐὲς
1220 1145 1662 1214 ἐπιφθέγξασθαι
1687 1159 1701 1174 ’
1738 1143 1904 1204 εὐθὺς

319 1243 374 1295 δὲ
405 1244 502 1296 xei.
537 1243 616 1313 τῷ
651 1243 796 1312 λόγῳ
823 1243 1130 1312 δεξαμένην
1160 1242 1262 1311 τὴν
1295 1242 1454 1310 δίκην
1484 1240 1620 1309 πρὸς
1655 1237 1904 1292 Βασιλεί-

319 1335 410 1386 δου
440 1335 519 1402 τῷ
550 1335 650 1402 τῆς
686 1335 990 1405 καταδίκης
1035 1335 1189 1404 τόπῳ
1246 1336 1583 1401 ἀπάγεσθαι.
1628 1334 1716 1395 Ὠς
1755 1333 1809 1385 δὲ
1846 1333 1908 1385 τὸ

323 1427 552 1495 πλῆθος,
582 1427 798 1496 βάλλειν
825 1444 886 1480 τε
941 1427 1268 1500 σκώμμασι,
1327 1427 1424 1480 καὶ
1475 1427 1655 1495 λόγοις
1711 1425 1909 1480 ἀκολά-

325 1536 473 1580 στοις
526 1521 824 1589 πρόχειρον
858 1521 1168 1589 ἐνυϐρίζειν
1198 1517 1289 1592 ἦν,
1337 1520 1661 1590 Βασιλείδης
1707 1519 1907 1587 φιλανο

323 1612 674 1679 ορωπότερον
729 1611 859 1682 περὶ
889 1614 990 1680 τὴν
1030 1613 1288 1684 μάρτυρα
1333 1612 1628 1674 διατεθεὶς,
1667 1607 1818 1680 ε’ίργέ
1847 1626 1907 1663 τε

325 1705 416 1754 καὶ
472 1703 720 1755 ἁνεσόϐει
755 1703 815 1756 τὸ
866 1706 1054 1772 στῖφος
1093 1703 1204 1756 τῶν
1237 1702 1535 1774 ὑϐριστῶν.
1579 1702 1643 1755 Ἢ
1697 1701 1756 1754 δὲ
1807 1700 1910 1770 τῆς

325 1797 455 1864 περὶ
477 1795 650 1864 αὐτὴν
677 1796 1008 1864 κηδεμονίας
1026 1796 1412 1866 ἀποδεξαμένη
1438 1797 1532 1848 τὸν
1560 1795 1906 1864 Βασιλείδην,

327 1887 554 1958 Οαρρεἴν
582 1905 640 1940 τε
667 1889 907 1956 ἐκέλευε,
955 1891 1048 1943 καὶ
1081 1891 1182 1943 οὐκ
1214 1893 1294 1952 είς
1332 1889 1550 1960 μακρὰν
1577 1889 1733 1953 ἀξίας
1761 1887 1910 1958 αὐτῷ

325 1979 424 2041 τὰς
458 1981 695 2046 ἀμοιϐὰς
743 1981 1006 2046 ἐκτίσειν,
1059 1983 1214 2050 παρὰ
1255 1982 1348 2035 τὸν
1389 1983 1588 2051 ἑαυτῆς
1627 1981 1912 2050 Δεσπότην

330 2074 539 2127 ἰοῦσαν.
564 2073 734 2126 Ταῦτ’
768 2077 1079 2144 είρηκυίαν,
1117 2076 1284 2130 πίττα
1317 2075 1589 2146 διάπυρος
1626 2074 1750 2128 καθ’
1784 2074 1910 2127 ὅλου

327 2166 648 2235 διαχυθεῖσα
683 2167 778 2221 τοῦ
815 2166 1090 2237 σώματος,
1129 2167 1297 2235 ἐξῆγε
1340 2167 1437 2219 τοῦ
1470 2167 1592 2236 ζῇν.
1629 2167 1708 2218 Οὐ
1743 2167 1914 2228 πολὺς

327 2263 354 2311 ὁ
383 2259 574 2327 χρόνος
601 2260 663 2313 τὸ
694 2261 750 2326 ἐξ
785 2261 1020 2321 ἐκείνου,
1057 2262 1152 2312 καὶ
1184 2259 1502 2326 Βασιλείδης
1535 2261 1699 2327 ὅρκον
1729 2260 1914 2329 ᾐτεῖτο

327 2357 438 2410 τοῖς
467 2354 908 2424 συστρατιώταις
938 2353 1165 2415 διδόναι,
1214 2354 1313 2405 οὐκ
1360 2351 1620 2419 ἀγεννοῦς
1662 2366 1914 2417 προηγη-

329 2449 573 2515 σαμένης
615 2448 817 2506 αἰτίας.
878 2447 939 2500 ὐ
976 2447 1033 2499 δὲ
1067 2446 1142 2516 μὴ
1191 2447 1392 2512 ἐξεῖναι
1442 2445 1772 2515 τοπαράπαν
1813 2443 1918 2510 ὀμ-

327 2557 484 2591 νακαι
513 2539 670 2606 ἔλεγε
693 2553 708 2570 ο
749 2538 1085 2606 Χριστιανὸν
1122 2537 1232 2605 γὰρ
1271 2533 1448 2588 εἶναι·
1493 2537 1586 2586 καὶ
1618 2533 1778 2586 τοῦτο
1815 2535 1916 2587 πᾶ-

331 2646 420 2681 σιν
439 2629 748 2697 ὁμολογεῖν.
789 2631 852 2681 Οί
896 2630 994 2697 μὲν
1021 2627 1116 2682 οὖν
1147 2629 1214 2682 τὰ.
1244 2628 1437 2698 πρῶτα
1469 2626 1687 2688 παίζειν
1721 2625 1914 2695 ᾤοντο,

334 2715 429 2768 καὶ
455 2715 540 2783 ἐφ’
582 2715 738 2782 ὕϐρει
769 2715 878 2767 τῶν
913 2714 1205 2784 ἡμετέρων
1243 2714 1573 2784 προϐάλλειν
1607 2713 1700 2766 τὸν
1735 2713 1914 2779 λόγον’

330 2806 406 2867 ὼς
460 2804 505 2858 δ’
541 2805 796 2859 ἐπέκειτο
829 2808 1325 2879 διισχυριζόμενος,
1377 2810 1471 2861 ἐπὶ
1522 2809 1616 2861 τὸν
1679 2807 1918 2860 Ἀκύλαν

333 2898 590 2968 ἀνήγετο.
657 2901 814 2953 Ἐπεὶ
853 2901 911 2954 δὲ
947 2902 1044 2954 καὶ
1095 2901 1356 2971 ἐμφανῶς
1409 2898 1703 2970 ὡμολόγει,
1741 2899 1920 2965 δεσμὰ

331 2987 654 3057 διεδέχοντο.
689 2991 866 3043 Τινῶν
897 2990 940 3042 δ’
971 2991 1047 3054 ὡς
1077 2991 1240 3044 αὑτὸν
1276 2993 1465 3043 ἰόντων
1519 2989 1789 3056 ἀδελφῶν,
1827 2989 1922 3041 καὶ

332 3081 433 3152 τὴν
479 3081 684 3152 ἀθρόαν
740 3083 1048 3153 μεταϐολὴν
1101 3085 1155 3134 ὲν
1196 3083 1401 3151 θάμϐει
1437 3082 1502 3148 δὴ
1553 3081 1919 3150 ποιουμένων,

1875 1841 1986 1900 ,ΖΒ

2006 602 2115 648 tate
2141 611 2264 660 sua,
2298 605 2421 664 post
2447 597 2818 652 intolerabilia
2860 605 3137 653 tormenta
3167 601 3304 654 satis
3339 610 3587 662 Ostensa.

2003 685 2070 737 ad
2114 698 2455 754 postremum
2486 705 2592 741 una
2624 704 2749 741 cum
2786 700 2965 743 matre
3004 690 3282 754 Marcella,
3319 691 3370 744 in
3410 693 3588 760 ignem

2003 781 2255 850 conjecta
2287 794 2520 835 mortem
2547 783 2772 838 oliierit.
2797 782 2997 838 Fertur
3025 784 3307 852 equidem,
3338 786 3592 852 Aquilam

2001 872 2264 940 judicem,
2302 889 2428 926 cum
2462 889 2663 944 cm;pus
2699 875 2818 944 ejus
2851 875 3093 943 primum
3129 877 3374 943 graviter
3403 873 3593 944 ﬂagris

2007 949 2353 1033 fustibusqtie
2388 966 2701 1028 cecidisset,
2733 968 2999 1021 minatum
3032 969 3080 1022 ei
3119 983 3263 1030 esse,
3291 968 3594 1034 juvenibus

2009 1055 2386 1122 petulantibus
2440 1071 2498 1110 se
2549 1071 2668 1110 eam
2723 1057 2790 1112 ad
2841 1059 3233 1112 contumeliam
3293 1058 3593 1112 daturum:

2007 1161 2260 1216 eamque,
2295 1148 2558 1216 quidnam
2598 1165 2662 1202 ex
2697 1151 3004 1218 ιιι-οιιοείιῖε
3041 1150 3464 1204 conditionibus
3497 1165 3597 1217 pcl'

2009 1239 2290 1307 Optionem
2332 1240 2581 1307 eligeret,
2612 1241 3032 1310 interrogatam,
3072 1241 3366 1311 paululum
3405 1256 3595 1295 secum

2011 1331 2233 1383 tat-itam
2264 1331 2628 1392 deliberasse.
2663 1343 2719 1386 et
2757 1349 3021 1402 perquam
3056 1349 3382 1403 generosum
3413 1335 3598 1385 animo

2012 1423 2271 1490 pratsenti
2309 1438 2638 1492 responsum
2675 1424 2897 1479 dediSse
2927 1440 2940 1478 :
2984 1441 3081 1495 per
3115 1424 3263 1493 quod
3303 1425 3399 1494 (Ι),
3433 1425 3602 1477 mori-

2013 1515 2117 1570 bus
2154 1532 2346 1570 eorum
2375 1556 2389 1580 ,
2433 1517 2663 1584 impium
2709 1519 2975 1587 quiddam
3020 1519 3308 1588 prolocuta
3340 1519 3454 1572 visa
3491 1526 3601 1573 est.

2009 1606 2235 1677 itaque,
2277 1624 2402 1662 cum
2450 1611 2598 1663 illico
2650 1611 2926 1664 sententia
2985 1611 3361 1666 damnationis
3406 1619 3601 1665 contra

2012 1715 2134 1755 eam
2173 1701 2314 1765 lata,
2347 1717 2376 1755 a
2425 1702 2664 1755 Basilide
2712 1704 2776 1755 ad
2826 1703 3004 1757 locum
3051 1703 3310 1772 supplicii
3360 1702 3605 1755 abduce-

2015 1802 2190 1854 retur,
2228 1802 2281 1847 ct
2311 1794 2609 1848 multitudo
2640 1795 2889 1848 convicia
2925 1807 3094 1863 atque
3119 1795 3396 1863 impudica
3431 1794 3603 1848 verba

2017 1896 2115 1949 per
2145 1881 2403 1948 iniuriam
2439 1883 2492 1936 in
2519 1899 2639 1938 eam
2672 1885 2998 1954 conjiceret,
3031 1883 3297 1938 Basilides
3329 1899 3427 1954 per
3451 1900 3606 1938 com-

2017 1971 2430 2026 miserationem
2462 1973 2761 2027 humanius
2781 1991 2909 2044 erga
2936 1990 3059 2030 eam
3087 1975 3348 2038 allectus,
3378 1975 3598 2029 turbam

2016 2063 2411 2134 injuriosorum
2451 2065 2742 2119 hominum
2784 2082 3020 2130 arcens,
3057 2066 3126 2120 ab
3157 2082 3221 2120 ea
3268 2067 3504 2120 removit
3539 2081 3605 2121 ac

2016 2158 2281 2226 propulit.
2331 2157 2411 2211 ibi
2461 2159 2551 2211 illa
2600 2174 2789 2213 curam
2833 2159 3188 2227 ofﬁciumque
3239 2159 3344 2212 tale
3385 2169 3602 2228 gratum

2019 2251 2259 2314 habens,
2310 2252 2602 2306 Basiliden]
2638 2250 2922 2305 conlidere
2945 2291 2960 2315 ,
2998 2261 3054 2305 et
3086 2252 3232 2306 bono
3265 2253 3452 2304 animo
3482 2267 3606 2306 esse

2013 2347 2216 2415 jussit:
2249 2345 2400 2398 brevi
2432 2360 2488 2398 se
2518 2344 2584 2397 ad
2619 2343 2912 2396 Dominum
2945 2359 3105 2396 sumn
3136 2353 3380 2405 euntem,
3413 2343 3609 2396 condi-

2019 2454 2178 2510 gnam
2225 2440 2276 2493 ei
2325 2439 2621 2492 relaturam
2671 2437 2929 2506 gratiam.
2963 2435 3124 2506 352
3171 2434 3298 2490 Haec
3349 2451 3476 2490 cum
3529 2437 3606 2490 ita

2019 2533 2270 2597 dixisset,
2310 2533 2400 2602 pix
2440 2532 2608 2600 ignita
2649 2547 2749 2601 per
2781 2541 2956 2584 totum
2999 2531 3119 2600 ejus
3147 2544 3351 2598 corpus
3383 2526 3604 2593 dill'usa,

2019 2627 2187 2680 vitam
2229 2627 2277 2680 ei
2315 2626 2544 2680 ademit.
2594 2625 2714 2680 Non
2768 2625 3003 2678 multum
3051 2623 3255 2679 deinde
3290 2623 3610 2678 intercessit

2023 2719 2316 2788 temporis,
2365 2726 2422 2772 et
2453 2734 2482 2772 a
2528 2718 2768 2772 Basilide
2814 2719 3196 2785 juramentmn
3255 2732 3364 2771 non
3405 2716 3496 2768 vili
3538 2714 3610 2769 de

2021 2827 2184 2867 causa
2237 2813 2381 2865 inter
2432 2811 2843 2864 commilitones
2900 2825 3032 2862 suos
3089 2807 3440 2876 exigebatur.
3501 2805 3602 2860 llle

2021 2919 2178 2967 vero,
2223 2919 2330 2956 non
2363 2903 2532 2956 licere
2563 2903 2664 2956 sibi
2705 2917 2938 2972 prorsus
2962 2903 3154 2971 jurare
3179 2941 3194 2965 ,
3227 2900 3607 2964 asseveravit;

2023 2997 2399 3052 Christianum
2426 2997 2570 3049 enim
2600 3009 2747 3060 esse,
2776 3005 2832 3049 et
2863 2995 2914 3048 id
2945 3010 3004 3049 se
3035 2995 3319 3064 propalam
3349 2993 3612 3046 omnibus

2025 3088 2290 3157 profiteri.
2324 3087 2742 3143 Colomilitones
2768 3104 2936 3156 porro
2966 3089 3208 3157 primum
3240 3102 3366 3141 eum
3395 3085 3612 3152 ludere,
3677 3116 3694 3123 -

334 3175 543 3227 ἐκεῖνον
574 3173 732 3242 λόγος
763 3179 962 3240 εἰπεῖν,
990 3175 1066 3239 ὡς
1089 3177 1196 3246 ἄρα
1221 3175 1565 3243 Ποταςιίαινα
1590 3175 1695 3245 πρὸ
1725 3173 1915 3242 τρίτης

2026 3187 2082 3229 ct
2114 3174 2182 3228 ad
2207 3177 2600 3230 contumeliam
2629 3186 2875 3230 nostram
2910 3193 2973 3230 ea
3005 3177 3168 3230 verba
3202 3177 3454 3245 proferre
3483 3184 3614 3228 Sunt

334 3269 611 3320 ἐπιστᾶσα
668 3268 882 3337 φαιδρῷ
927 3271 1024 3322 καὶ
1079 3269 1315 3338 γενναίῳ
1371 3267 1448 3334 τῷ
1502 3267 1918 3334 παραστήματι,

337 3362 607 3429 στέφανον
635 3364 702 3430 τῇ
731 3362 944 3413 ἐκείνου
977 3360 1260 3431 ὲπιθήσειε
1291 3361 1528 3428 κορυφῇ,
1563 3359 1730 3424 φάναι
1771 3374 1824 3408 τι
1850 3356 1924 3419 ὡς

337 3451 478 3522 ὑπὲρ
505 3454 713 3505 ἐκείνου
755 3452 1054 3522 πρεσϐείαν
1094 3451 1476 3520 πεποιημένην
1512 3450 1653 3519 Θεῷ,
1691 3449 1768 3518 μὴ
1803 3448 1925 3501 δια-

339 3546 526 3597 πεσεῖν
559 3545 658 3612 τῆς
692 3545 985 3614 αἰτήσεως,
1019 3543 1121 3596 οὐκ
1153 3545 1234 3606 είς
1273 3542 1492 3613 μακρὰν
1527 3541 1584 3594 δὲ
1619 3542 1714 3593 καὶ
1758 3541 1925 3592 αὑτὸν

342 3635 461 3704 μεθ’
497 3635 700 3707 ἑαυτῆς
754 3638 1076 3707 ἐσχηκέναι.
1122 3637 1234 3691 Καὶ
1281 3635 1467 3689 τοίνυν
1511 3634 1624 3689 τῶν
1677 3633 1926 3701 ἀδελφῶν

336 3731 436 3801 τὴν
485 3733 544 3784 ἐν
575 3730 799 3800 Χριστῷ
826 3730 1116 3800 σφραγῖδα
1167 3728 1576 3801 περιϐαλόντων
1627 3727 1812 3790 αὐτὸν,
1857 3728 1924 3797 τῇ

341 3823 463 3892 μετ’
492 3823 712 3894 ἐκείνην
759 3823 838 3893 τῷ
886 3824 1028 3892 ὑπὲρ
1084 3821 1328 3893 Χριστοῦ
1380 3822 1671 3892 μαρτυρίῳ
1703 3819 1928 3873 τελειω-

339 3915 526 3984 θῆναι,
573 3915 720 3983 ξίφει
757 3914 856 3986 τὴν
907 3915 1152 3985 κεφαλὴν
1185 3913 1558 3984 ἐκτμηθέντα.
1606 3913 1723 3965 Οὐκ
1762 3911 1928 3973 αὐτὸς

338 4007 396 4059 δὲ
428 4008 616 4076 μόνον,
665 4009 804 4062 ἀλλὰ
861 4011 959 4063 καὶ
989 4009 1178 4061 πολλοὶ
1236 4009 1418 4075 ἕτεροι
1463 4005 1662 4074 ἀθρόον
1705 4001 1929 4074 Χριστῷ

340 4095 627 4162 προσιέναι
679 4095 802 4148 κατ’
843 4094 1253 4166 Ἀλεξάνδρειαν
1310 4094 1390 4164 τῷ
1436 4093 1718 4163 εἰρημένῳ
1774 4091 1932 4144 καθι-

343 4181 636 4255 στόρηνται
676 4187 942 4257 διωγμῷ,
993 4189 1084 4241 τὸν
1126 4191 1241 4241 ῐσον
1282 4186 1486 4258 τρόπον
1525 4187 1602 4256 τῷ
1639 4184 1929 4255 Βασιλείδῃ

343 4277 440 4347 τῆς
481 4278 855 4348 Ποταμιαίνης
906 4281 1344 4350 ἐπιφαινομένης
1397 4277 1523 4332 καθ’
1577 4278 1780 4339 ὕπνους
1838 4275 1931 4329 καὶ

343 4369 723 4443 παρορμὼσης
750 4371 843 4424 ἐπὶ
876 4372 945 4425 τὰ
979 4375 1300 4441 κρείττονα.
1347 4371 1490 4425 Ἀλλ’
1522 4370 1670 4423 οὗτοι
1707 4369 1808 4440 μὲν
1837 4369 1929 4420 ὑπ’

356 4462 672 4531 Ὠριγένους
703 4461 1112 4534 κατηχηοέντες
1142 4465 1286 4531 τότε,
1317 4465 1380 4518 τὸ
1403 4465 1548 4519 θεῖον
1571 4459 1738 4517 ἆθλον
1769 4461 1931 4532 ἡνέγ-

343 4570 534 4610 καντο.

2030 3269 2263 3336 opinati.
2316 3268 2386 3323 Ut
2435 3281 2620 3324 autem
2675 3269 2728 3322 id
2781 3279 3206 3338 perseveranter
3240 3269 3610 3331 confirmavit,

2031 3359 2097 3412 ad
2133 3361 2384 3428 Aquilam
2415 3373 2499 3413 est
2547 3361 2895 3430 productus:
2937 3361 3081 3430 apud
3128 3377 3290 3429 quem
3337 3359 3430 3414 ubi
3467 3360 3613 3414 idem

2028 3451 2254 3506 disertis
2286 3453 2468 3507 verbis
2497 3464 2579 3508 est
2618 3454 2927 3522 professus,
2965 3455 3141 3509 illicet
3182 3454 3238 3508 in
3278 3454 3499 3508 vincula
3529 3461 3618 3510 est

2028 3545 2332 3614 conjectus.
2361 3545 2440 3600 Ad
2470 3562 2631 3615 quem
2660 3562 2784 3600 cum
2825 3547 3028 3602 fratres
3073 3548 3297 3617 quidam
3324 3545 3614 3600 visendum

2030 3636 2210 3700 irent,
2248 3644 2304 3690 et
2334 3651 2457 3690 cum
2506 3647 2735 3708 stupore
2772 3646 2878 3692 tam
2916 3641 3260 3708 repentinam
3295 3639 3416 3710 ejus
3449 3639 3618 3694 mira-

2029 3738 2221 3783 rentur
2247 3730 2607 3785 mutationem
2635 3749 2649 3785 :
2683 3732 2775 3786 ille
2800 3731 2884 3787 eis
2913 3733 3125 3797 retulit,
3161 3744 3220 3788 ut
3251 3732 3613 3797 Potamizena,

2030 3819 2198 3873 tertio
2225 3828 2352 3874 ante
2382 3819 2494 3884 die,
2526 3821 2654 3876 laeto
2684 3821 2846 3892 plane
2881 3833 2934 3878 et
2971 3823 3187 3878 liberali
3221 3823 3391 3877 animi
3414 3838 3616 3892 corpo-

2029 3912 2216 3981 risque
2244 3922 2387 3967 statu
2418 3913 2525 3968 sibi
2565 3915 2829 3970 insistens
2855 3955 2871 3978 ,
2913 3924 2969 3970 et
3009 3915 3176 3985 capiti
3214 3931 3316 3969 suo
3351 3930 3614 3970 coronam

2032 4004 2362 4073 imponens,
2409 4003 2612 4059 dixerit
2661 4021 2676 4058 :
2727 4005 3081 4074 deprecatam
3129 4021 3187 4060 se
3236 4020 3361 4060 esse
3409 4021 3511 4075 pro
3549 4018 3618 4058 co

2033 4102 2231 4168 Deum,
2263 4117 2442 4173 neque
2484 4117 2677 4172 preces
2709 4117 2804 4156 eas
2840 4101 3043 4157 frustra
3082 4102 3222 4164 fore,
3260 4101 3528 4170 brevique
3557 4115 3620 4155 se

2033 4207 2161 4248 eum
2191 4207 2377 4247 secum
2420 4193 2762 4247 habituram.
2810 4192 2997 4263 Itaque
3039 4191 3242 4247 fratres
3288 4191 3527 4261 sigillum
3565 4189 3617 4243 ei

2033 4283 2240 4339 Christi
2276 4283 2759 4339 circumfuderunt
2781 4284 2860 4354 (2)
2888 4301 2902 4339 :
2939 4282 3322 4353 postridieque
3353 4283 3476 4350 ejus
3508 4279 3618 4334 diei

2035 4376 2220 4446 gladio
2260 4391 2578 4445 percussus,
2615 4379 2938 4447 martyrium
2976 4391 3074 4446 pro
3101 4375 3325 4430 Christo
3354 4373 3617 4427 absolvit.

2035 4469 2157 4524 Non
2190 4468 2306 4538 ipse
2329 4483 2463 4523 vero
2499 4478 2734 4534 tantum,
2771 4469 2867 4524 sed
2902 4477 2956 4523 et
2998 4469 3158 4523 multi
3189 4467 3283 4522 alii
3319 4466 3616 4522 confertim

1963 4553 2004 4608 ί)
2034 4561 2414 4626 Alexandriae,
2449 4561 2504 4616 in
2531 4577 2596 4617 ea
2629 4577 2752 4630 quae
2784 4562 2932 4617 dicta
2961 4571 3046 4617 est
3083 4561 3474 4632 persecutione
3497 4597 3512 4621 ,
3547 4560 3616 4612 ad

341 4652 624 4708 Christum
657 4652 974 4715 transiisse,
1023 4652 1305 4708 momorim
1333 4662 1464 4708 sunt
1509 4653 1707 4723 proditi
1759 4672 1775 4710 :
1811 4671 1934 4710 cum
1973 4656 2196 4725 quidem
2248 4656 2446 4711 eodem
2479 4673 2591 4727 quo
2619 4657 2847 4712 Basilidi
2879 4655 3068 4722 modo,
3137 4655 3472 4711 Potamiazna
3534 4653 3620 4707 eis

344 4749 400 4802 in
443 4747 654 4802 somnis
687 4761 995 4816 apparens,
1043 4747 1110 4801 ad
1158 4747 1387 4812 meliora
1421 4762 1518 4802 eos
1582 4757 1736 4802 esset
1797 4749 2108 4803 cohortata.
2147 4749 2214 4802 Et
2261 4749 2297 4803 ii
2367 4750 2596 4818 quidem
2639 4751 2709 4806 ab
2751 4749 2990 4822 Origene
3035 4749 3343 4806 catecbista
3373 4763 3443 4804 eo
3480 4757 3622 4803 tem-

344 4861 484 4918 pore
511 4845 580 4900 de
611 4843 719 4899 ﬁde
756 4841 1020 4907 instituti,
1061 4841 1312 4895 divinum
1356 4841 1435 4898 sic
1473 4843 1760 4897 consecuti
1795 4851 1925 4896 sunt
1968 4842 2408 4899 immortalitatis
2442 4845 2756 4916 praemium.

947 4961 1204 5014 ΚΕΦΛΔ.
1237 4961 1321 5014 H'.

267 5118 270 5121 _
349 5057 486 5125 Περὶ
517 5055 625 5110 τοῦ
663 5055 1072 5126 τοκιμηθέντος
1127 5051 1206 5118 τῷ
1254 5053 1570 5126 Ὠριγένειο
1601 5053 1678 5122 τῆ
1702 5056 1928 5126 ἐκτομῇ

416 5123 528 5196 τῆς
552 5123 782 5194 σαρκὸς
810 5125 887 5190 τῷ
908 5125 1298 5190 παρθενεύειν
1323 5123 1510 5191 δῆθεν
1535 5123 1850 5193 αἱρεῖσθαιξ

417 5241 574 5311 Οῦτῷ
625 5241 670 5293 δ’
707 5240 885 5310 ἔχοντι
946 5237 1025 5308 τῷ
1076 5239 1442 5307 Ἀδαμαντίῳ,
1481 5241 1577 5291 καὶ
1626 5239 1769 5293 οὕτω
1817 5242 1926 5311 γὰρ

345 5333 634 5402 διωνύμως
681 5332 967 5402 Ὦριγένης
1018 5330 1328 5394 ὼνόμαστο,
1388 5333 1483 5384 καὶ
1528 5333 1616 5386 ἐπ’
1679 5333 1928 5398 Ἀλεξαν-

345 5425 533 5494 δρείας
575 5423 657 5476 ἔτι
691 5426 790 5493 τῆς
819 5422 930 5475 τῶν
961 5423 1174 5476 πιστῶν
1203 5425 1594 5493 προϊσταμένῳ
1617 5425 1927 5495 διατριϐῆς⁹

352 5516 586 5586 πρᾶγμά
612 5533 666 5569 τι
698 5515 988 5584 τολμᾶται,
1019 5514 1218 5584 φρενὸς
1248 5515 1349 5585 μὲν
1371 5515 1594 5581 ἀτελοῦς
1624 5518 1717 5570 καὶ
1748 5535 1929 5572 νεανι-

428 5679 511 5749 (1)
535 5679 612 5749 Διῗ
640 5673 707 5749 ἦς
739 5679 917 5733 ἐδόκει
975 5677 1367 5748 νενομισμένον
1402 5695 1456 5730 τι
1492 5678 1680 5742 αὐτοῖς
1725 5677 1922 5744 ἀσεϐὲς

356 5748 818 5816 ἐπιφθέγξασθαι.
847 5749 1072 5822 (Euseb.
1100 5749 1201 5805 lib.
1231 5764 1308 5815 νι,
1341 5764 1462 5818 cap.
1488 5749 1568 5820 5.)

427 5825 503 5884 (τι
539 5819 890 5890 διειιαριιίυιίι
945 5822 1145 5886 crucis,
1211 5829 1303 5874 aut
1352 5819 1683 5890 baptismum
1733 5819 1923 5887 potius

2619 4962 2847 5020 CAPUT
2889 4962 3032 5018 VIII.

2039 5053 2318 5127 Origenem
2343 5057 2670 5118 sustinuisse,
2691 5065 2749 5109 ut
2775 5059 3008 5126 seipsum
3029 5063 3310 5120 castraret,
3336 5061 3394 5106 ut
3421 5051 3622 5106 scilicet

2367 5127 2599 5181 swlibem
2634 5144 2885 5198 peragere
2918 5135 3089 5197 posset
3119 5127 3308 5181 vitam.

2107 5241 2244 5295 Cum
2294 5239 2361 5294 ad
2424 5240 2574 5295 hunc
2637 5240 2862 5295 modum
2922 5239 3192 5310 Origenes
3251 5238 3620 5292 Adamantius

2037 5335 2424 5390 Alexandrinae
2456 5334 2702 5388 fidelium
2731 5334 2934 5390 scholae
2959 5341 3240 5404 praeesset,
3274 5346 3392 5384 rem
3423 5345 3619 5398 quatu-

2035 5427 2163 5482 dam
2195 5425 2418 5496 aggredi
2461 5442 2631 5482 ausus
2673 5436 2794 5491 est,
2829 5425 3162 5495 imperfecta:
3207 5423 3431 5493 quidem
3467 5421 3614 5473 illam

2036 5529 2090 5576 et
2115 5517 2381 5589 juvenilis
2412 5519 2638 5584 mentis,
2675 5517 2771 5572 sed
2807 5517 2934 5570 ﬁdei
2967 5515 3352 5585 eaStitatisque
3385 5511 3617 5566 ﬁrmita-

2031 5679 2297 5749 intellige.
2351 5675 2525 5733 Graeci
2568 5676 2872 5734 Christiani
2926 5677 3259 5748 baptismum
3311 5671 3611 5744 σφραγῖδα,

2027 5752 2379 5822 signaculum,
2417 5749 2628 5805 dixere.
