4032 6456
399 376 501 442 108
516 375 535 427 ί

1630 373 2024 438 NICEI’HOR
2042 376 2069 435 [ο
2110 378 2468 439 CALLISTI

3534 369 3675 438 1684

394 503 505 548 tem
557 503 610 545 ct
659 489 1022 546 stabilitatem
1072 490 1208 546 satis
1258 489 1661 545 declarantem.
1707 490 1984 556 Quoniam

2129 492 2214 562 ῆς,
2253 493 2491 557 πίστεως
2524 491 2573 548 δ’
2606 488 2703 547 οὖν
2730 492 2828 546 καὶ
2859 489 3137 560 σώφρονος
3171 488 3288 559 βίου
3320 484 3677 554 καθυπογρά-

392 583 545 638 enim
577 579 762 636 adhuc
785 582 1029 652 juvenis,
1059 596 1171 635 non
1199 580 1380 635 solum
1406 578 1562 643 viris.
1587 579 1682 633 sed
1707 587 1765 634 et
1787 578 1985 634 mulie-

398 674 556 730 ribus
583 674 835 730 docendo
863 674 1106 729 salutare
1136 670 1476 743 praedicabat
1501 671 1754 733 verbum,
1791 670 1985 726 volens

393 767 730 824 calumniam
761 782 981 822 omnem
1014 765 1171 820 fmtlae
1202 764 1541 836 suspicionis
1571 763 1900 834 praecidere.
1927 773 1987 819 et

398 859 709 929 simplicius
756 858 904 912 dicto
954 857 1049 911 illo
1100 856 1405 911 Saivatoris
1458 855 1791 912 intellecto:
1849 854 1987 909 Sunt

396 952 627 1005 eunuchi
648 949 809 1020 353
835 948 1075 1020 quidam,
1096 950 1187 1018 qui
1208 947 1407 1015 seipse:
1429 955 1742 1002 castraruitt
1765 955 1989 1018 propter

400 1059 623 1113 regnum
674 1041 1025 1106 caelorum",
1061 1040 1368 1111 adimplere
1408 1040 1463 1096 id
1503 1041 1686 1111 reipsa
1716 1040 1772 1095 in
1803 1041 1990 1095 animo

402 1137 650 1202 habens,
700 1138 942 1206 seipsum
975 1138 1237 1191 castravit
1267 1155 1279 1189 :
1316 1152 1531 1192 summa
1595 1151 1727 1192 cura
1759 1145 1815 1190 et
1857 1135 1990 1190 dili-

400 1232 584 1295 gentia
628 1229 932 1284 familiares
976 1244 1107 1284 suos
1156 1226 1209 1282 id
1264 1228 1469 1283 factum
1519 1227 1701 1283 celare
1735 1225 1992 1292 studens,

403 1323 553 1393 quod
591 1331 775 1378 tamen
813 1321 1037 1376 dillicile
1063 1320 1212 1376 factu
1243 1328 1384 1374 erat.
1420 1318 1721 1375 Permultis
1746 1317 1895 1372 enim
1926 1332 1991 1371 ea

404 1431 495 1471 res
537 1413 799 1469 innotuit.
830 1411 1008 1480 Quam
1043 1411 1138 1467 ubi
1173 1411 1344 1466 etiam
1387 1409 1495 1465 loci
1535 1408 1658 1480 ejus
1699 1408 1996 1478 episcopus

407 1507 724 1563 Demetrius
748 1506 996 1569 rescivit,
1027 1521 1153 1560 cum
1178 1503 1397 1559 facinus
1422 1498 1529 1558 tale
1551 1511 1639 1558 est
1665 1502 1993 1568 admiratus,

407 1611 524 1654 tum
558 1600 836 1654 fervorem
885 1611 1052 1653 tanta:
1088 1600 1211 1653 fidei
1262 1613 1371 1652 non
1406 1596 1832 1666 improbanzlum
1872 1610 1998 1650 e830

407 1695 654 1754 ducens.
695 1693 846 1746 hino
878 1707 1004 1746 eum
1039 1706 1162 1746 esse
1196 1692 1386 1745 animo
1410 1731 1422 1749 .
1469 1690 1721 1758 nihilque
1767 1705 1889 1743 eam
1924 1688 1997 1743 ob

410 1802 527 1838 rem
570 1795 817 1837 metuere
857 1784 1045 1852 jussit.
1081 1782 1261 1851 Atque
1311 1790 1428 1836 tum
1462 1781 1687 1851 quidem
1738 1781 1835 1835 tali
1867 1795 1999 1851 erga

409 1893 536 1931 eum
573 1877 759 1930 animo
793 1875 897 1930 fuit
929 1875 1247 1944 cpiscopus.
1285 1874 1635 1929 Proce.iente
1670 1888 1806 1927 vero
1838 1872 2002 1927 dein-
2036 1859 2078 1915 Β

411 1986 542 2039 eeps
572 1978 842 2039 tempore,
870 1983 997 2022 cum
1031 1967 1313 2022 hominem
1341 1965 1551 2036 ubique
1580 1966 1850 2021 celebrari
1882 1967 2006 2022 lau-

412 2063 445 2114 d
470 2064 648 2131 :rique
677 2059 913 2123 videret,
943 2060 1191 2114 humano
1216 2058 1458 2129 quodam
1483 2057 1687 2114 aﬂ‘ectu
1720 2058 2008 2123 seductus,

413 2155 482 2209 ad
524 2154 819 2222 episcopos
865 2151 1150 2217 scribens,
1194 2163 1451 2221 premere
1495 2158 1664 2218 atque
1706 2148 2011 2205 obscurare

414 2248 618 2301 famam
646 2253 732 2299 est
761 2252 1018 2308 conatus,
1052 2250 1415 2312 captumque
1450 2240 1774 2311 huiusmodi
1809 2240 2010 2295 absur-

410 2340 548 2391 dum
602 2337 656 2390 in
705 2334 914 2390 litteris
961 2335 1081 2390 suis
1129 2333 1414 2403 exposuit.
1461 2332 1733 2388 Caeterum
1778 2347 1905 2387 cum
1956 2331 2011 2385 in

415 2428 710 2485 Palaestina
732 2466 746 2492 ,
796 2426 1309 2496 Hierosolymorum
1341 2432 1395 2478 et
1442 2421 1709 2478 Cmsaretc
1740 2421 2015 2493 episcopi,

416 2522 592 2592 gloria
621 2533 672 2574 et
699 2520 969 2589 dignitate
995 2518 1214 2573 caeteris
1236 2516 1694 2587 praestabiliores,
1718 2513 2014 2586 Origeuem

418 2617 633 2685 majore
668 2614 899 2683 dignum
936 2613 1231 2668 duxissent
1268 2611 1506 2674 honore,
1538 2624 1718 2680 eaque
1752 2607 1823 2662 de
1851 2623 2017 2664 causa

417 2727 518 2782 per
547 2725 812 2764 manuum
846 2706 1260 2778 itnpositionem
1291 2708 1345 2760 in
1381 2702 1836 2774 presbyterorum
1866 2700 2020 2755 ordi-

417 2817 547 2856 nem
579 2809 972 2870 cooptassent,
1017 2814 1082 2853 ex
1130 2812 1197 2852 eo
1244 2807 1492 2866 tempore
1526 2795 1699 2866 gloria
1735 2794 1857 2866 ejus
1901 2808 2020 2849 cre-

422 2904 617 2947 scente
642 2931 656 2955 ,
691 2891 1029 2959 nominaque
1064 2896 1122 2942 et
1152 2887 1317 2940 laude
1350 2887 1568 2939 virtutis
1601 2891 1767 2951 atque
1802 2880 2018 2951 sapien-

423 2987 515 3038 tiae
565 2983 708 3054 apud
763 2997 958 3035 omnes
1003 2980 1120 3035 fere
1177 2977 1434 3033 homines
1498 2976 1738 3031 maxime
1802 2974 2021 3028 invale-

416 3085 653 3131 scente:
703 3074 1042 3132 Demetrius.
1091 3072 1223 3142 quia
1275 3086 1385 3125 non
1438 3069 1717 3133 haberet,
1765 3067 1914 3138 quod
1962 3065 2021 3120 in

427 3179 587 3225 tanto
618 3169 741 3223 viro
791 3165 1268 3237 reprehenderet,
1303 3163 1357 3217 id
1404 3162 1554 3232 quod
1587 3162 1679 3216 ille
1720 3157 2023 3232 aliquando

427 3279 529 3334 per
554 3261 862 3333 juvenilem
897 3259 1235 3329 imperitiam
1265 3258 1493 3323 fecerat,
1516 3253 1583 3310 ad
1608 3268 1830 3323 gravem
1860 3252 2027 3307 traxit

426 3356 808 3412 calumniam:
860 3362 917 3407 et
964 3352 1313 3421 aliquantum
1359 3347 1527 3402 etiam
1577 3359 1673 3401 eos
1723 3345 1819 3416 qui
1872 3344 2025 3400 illum

429 3447 700 3518 dignitate
747 3442 1061 3515 presbyteri
1116 3448 1484 3503 ornaverant,
1539 3436 1774 3491 notavit.
1823 3436 2026 3490 Verum

428 3542 612 3596 serius
642 3540 761 3594 lnec
797 3536 1114 3592 Demetrius
1145 3544 1233 3590 est
1263 3547 1532 3598 exorsus;
1564 3530 1656 3585 ille
1680 3530 1830 3585 enim
1862 3529 2029 3600 impi-

431 3651 530 3707 gre
564 3649 688 3688 cum
724 3630 1011 3693 omnibus,
1047 3627 1143 3699 qui
1180 3626 1249 3681 ad
1288 3640 1348 3681 se
1382 3624 1674 3686 venirent.
1717 3621 2027 3677 doctrinam

432 3724 903 3786 communicabat,
932 3733 1151 3790 tempus
1176 3733 1343 3774 omne
1373 3724 1431 3771 et
1453 3715 1702 3770 studium
1734 3713 2027 3784 discipulis

433 3818 551 3872 suis
599 3814 950 3885 impertiens.
1002 3811 1218 3867 interea
1269 3809 1514 3863 Severus
1559 3805 1752 3861 decem
1795 3816 1852 3860 et
1902 3814 2045 3859 ocl0“

435 3907 604 3962 annis
670 3903 910 3975 imperio
984 3902 1253 3972 ﬂagitiose
1324 3899 1762 3961 administrato,
1851 3896 2026 3949 Anto-

437 4003 634 4055 ninum
675 3998 1012 4054 Caracallam
1064 3996 1238 4052 lilium
1289 4009 1452 4051 suum
1501 4004 1888 4048 successorem
1932 3989 2029 4045 ha-

440 4092 587 4148 buit.

1051 4200 1278 4260 CAPUT
1328 4200 1423 4256 IX.

440 4295 519 4358 De
573 4296 908 4353 adiuirandis
964 4295 1204 4379 Narcissi
1255 4293 1747 4420 Hierosolymorum
1800 4291 2033 4367 episcopi

1086 4383 1288 4420 miracu
1317 4383 1390 4420 18.

1086 4383 1390 4421 intracutts.

514 4484 593 4541 lia
637 4492 967 4553 tempestate
991 4481 1332 4546 Alexander,
1360 4496 1428 4536 ex
1469 4479 1576 4535 illis
1608 4493 1753 4534 unus
1785 4476 1881 4548 qui
1912 4475 2035 4546 plu-

2094 603 2196 655 φον
2227 588 2592 658 στερρότητα.
2640 584 2864 654 Ἐπειδὴ
2901 586 3010 655 γὰρ
3058 582 3121 636 οὐ
3177 582 3341 651 μόνον
3390 581 3674 649 ἀνδράσιν,

2097 675 2235 730 ἀλλὰ
2284 677 2381 729 καὶ
2419 674 2637 743 γυναιξὶ
2676 674 2792 737 νέος
2835 673 2911 728 ὣν
2936 673 3019 727 ἔτι
3046 672 3140 728 τὸν
3176 673 3444 743 σωτήριον
3478 669 3677 741 ὡμίλει

2095 769 2274 838 λόγον.
2315 772 2501 826 πᾶσαν
2550 771 2788 842 αἰσχρᾶς
2843 768 3100 832 ὑπονοίας
3129 769 3444 838 περιαιρεῖν
3476 765 3681 821 ἐθέλων

2096 864 2354 933 διαϐολὴν
2406 867 2518 927 τοῖς
2561 863 2842 925 ἀπίστοις,
2884 861 3261 931 ἁπλούστερον
3311 857 3681 928 ἐκλαϐόμενος

2096 960 2199 1029 τὴν
2226 960 2496 1030 σωτήριον
2539 960 2759 1030 ἐκείνην
2805 956 3013 1028 φωνὴν,
3043 956 3128 1023 τὸ,
3186 954 3368 1010 Είσίν
3394 950 3685 1020 εὐνοῦχοι

2098 1055 2158 1108 οἳ
2205 1071 2365 1119 τινες
2391 1053 2764 1122 εὐνούχισαν
2790 1050 3047 1116 ἑαυτοὺς
3081 1047 3180 1102 διὰ
3215 1047 3331 1116 τὴν
3352 1044 3688 1112 ,βασιλειαν

2100 1146 2220 1202 τῶν
2250 1142 2550 1215 οὐρανῶν,
2585 1145 2682 1199 καὶ
2711 1146 2810 1212 τὴν
2853 1142 3080 1214 ἐντολὴν
3110 1140 3470 1212 ἐκπληρῶσαι
3513 1138 3685 1192 θέλων

2104 1242 2199 1293 καὶ
2227 1240 2436 1309 ἔργοις,
2475 1238 2757 1307 ἀπέτεμεν
2788 1238 2984 1292 ἑαυτόν
3004 1253 3021 1269 ο
3044 1237 3129 1291 δτι
3156 1235 3394 1306 μάλιστα
3411 1233 3499 1287 διὰ
3522 1246 3687 1285 σπου-

2100 1331 2196 1400 δῆς
2221 1329 2519 1400 φροντίσας
2545 1328 2675 1392 τοὺς
2694 1346 2763 1381 πε
2774 1327 2829 1399 ρὶ
2856 1327 3023 1382 αὑτὸν
3047 1325 3362 1398 γνωρίμους
3387 1323 3684 1378 διαλαθεῖνο

2103 1423 2164 1476 τὸ
2182 1423 2227 1476 δ’
2260 1423 2371 1491 ἄρα
2410 1423 2618 1493 ἥκιστα
2647 1417 2715 1492 ἦν
2748 1420 2979 1491 εὐχερές
3003 1438 3020 1454 ο
3069 1422 3166 1473 καὶ
3197 1417 3412 1479 πολλοῖς
3447 1416 3547 1485 μὲν
3577 1414 3686 1483 γὰρ

2104 1508 2368 1577 ἔγνωστο.
2416 1510 2573 1565 Ἐπεὶ
2623 1510 2680 1564 δὲ
2730 1509 2828 1563 καὶ
2861 1513 2889 1563 ὀ
2917 1510 3014 1578 τῆς
3069 1508 3367 1578 παροικίας
3411 1503 3689 1576 προεστὼς

2105 1605 2417 1672 Δημήτριος
2457 1602 2621 1670 ἔγνω,
2655 1602 2755 1671 τῆς
2787 1602 2888 1670 μὲν
2931 1602 3141 1671 τόλμης
3173 1598 3523 1668 ἐθαύμασενο
3555 1598 3694 1651 ἁπο-

2104 1696 2268 1767 δοχῆς
2317 1697 2373 1750 δὲ
2422 1697 2484 1750 τὸ
2536 1695 2662 1760 ζέον
2691 1697 2789 1768 τῆς
2839 1697 2973 1768 περὶ
3019 1694 3185 1748 αὐτόν
3215 1693 3457 1755 πίστεως
3501 1689 3691 1756 ἀξιῶν,

2110 1786 2336 1858 θαρρεῖν
2385 1804 2445 1842 τε
2503 1786 2747 1853 ἐκέλευε,
2802 1786 2902 1839 καὶ
2948 1783 3045 1838 τοῦ
3071 1784 3239 1854 ἔργου
3295 1780 3498 1853 μᾶλλον
3520 1780 3693 1844 ἀδεῶς

2108 1878 2333 1949 ἔχεσθαι
2382 1878 2792 1949 προύτρέπετο.
2826 1878 2938 1932 Καὶ
2980 1880 3106 1931 τότε
3141 1877 3245 1946 μὲν
3278 1874 3424 1929 οὕτω
3467 1872 3694 1943 γνώμης

2109 1968 2224 2041 εἶχε
2262 1971 2392 2040 περὶ
2429 1972 2596 2027 αὐτὸν
2644 1975 2674 2026 ό
2726 1973 3068 2035 ἐπίσκοπος*
3126 1969 3303 2040 χρόνῳ
3349 1969 3408 2023 δέ
3448 1967 3695 2040 προῖόντι

2111 2065 2258 2135 δρῶν
2292 2066 2459 2120 αὑτὸν
2510 2068 2832 2138 ἁπανταχοῦ
2873 2067 2950 2133 ὡς
2993 2067 3251 2139 λαμπρόν
3291 2084 3353 2121 τε
3392 2066 3489 2118 καὶ
3520 2064 3698 2133 μέγαν

2112 2160 2522 2229 ἐπιϐοώμενον,
2554 2161 2759 2232 πάσχει
2799 2179 2853 2216 τι
2879 2161 2978 2214 καὶ
3003 2160 3170 2225 αὐτὸς
3194 2157 3558 2231 ἀνθρώπινον.
3603 2150 3701 2206 καὶ

2111 2252 2225 2314 τοῖς
2283 2251 2614 2313 ἐπισκόποις
2675 2251 2945 2320 γράφων,
3001 2248 3102 2322 τὴν
3158 2248 3293 2319 περὶ
3345 2244 3510 2300 αὑτοῦ
3541 2242 3702 2309 δόξαν

2115 2341 2403 2411 ἀμαυροῦν
2450 2344 2736 2413 ἐπειρᾶτο,
2770 2343 2832 2396 τὸ
2884 2343 3091 2398 ἄτοπον
3140 2341 3237 2395 τοῦ
3297 2338 3704 2408 ἐγχειρήματος

2114 2433 2443 2502 καταλέγων
2495 2436 2612 2498 τοῖς
2657 2434 3008 2504 γράμμασιν.
3066 2433 3223 2488 Ἐπεί
3273 2431 3358 2485 τοί
3400 2448 3464 2500 γε
3493 2429 3544 2482 oi
3574 2427 3705 2499 δόξῃ

2118 2527 2214 2581 καὶ
2251 2529 2389 2597 τιμῇ
2434 2525 2579 2581 κατὰ
2623 2525 2999 2597 Παλαιστίνην
3042 2527 3334 2580 ἐπίσκοποι
3368 2519 3706 2592 Καισαρείας

2120 2620 2216 2677 καὶ
2247 2617 2670 2692 Ἰεροσολύμων,
2707 2618 2862 2685 ἄξιον
2919 2618 3234 2689 ὑπερτέρας
3275 2613 3442 2685 τιμῆς
3475 2610 3706 2679 δοκιμά-

2118 2728 2350 2778 σαντες,
2391 2713 2589 2783 χεῖράς
2632 2728 2692 2764 τε
2735 2711 3040 2780 ἐπέθηκαν,
3072 2709 3173 2763 καὶ
3200 2707 3311 2760 τῶν
3343 2704 3437 2758 τοῦ
3472 2700 3701 2774 πρεσϐυο

2120 2802 2304 2874 τερίου
2358 2802 2672 2874 πρεσϐείων
2720 2801 2910 2871 ἠξίουν
2939 2817 2955 2834 ο
3005 2803 3072 2854 ἐκ
3127 2798 3308 2852 τοίνυν
3361 2793 3574 2857 τούτου,
3624 2792 3707 2855 είς

2126 2899 2272 2968 μέγα
2297 2895 2457 2967 δόξης
2491 2899 2833 2967 προήκοντα,
2875 2893 3055 2965 δνομά
3079 2909 3141 2946 τε
3173 2891 3271 2946 καὶ
3310 2889 3470 2953 κλέος
3506 2885 3705 2957 ἀρετῆς

2125 2990 2221 3043 καὶ
2251 2993 2443 3057 σοφίας
2472 2990 2628 3060 παρὰ
2676 2990 2812 3042 πᾶσι
2848 2987 3040 3057 σχεδὸν
3085 2985 3399 3056 ἀνθρώποις
3448 2984 3708 3053 μέγιστον

2126 3080 2466 3152 κεκτημένον
2488 3080 2693 3152 ἥκιστα
2720 3083 3048 3150 Δημήτριος
3073 3078 3205 3134 ἄλλο
3232 3094 3286 3131 τι
3309 3076 3447 3147 ἔχων
3475 3088 3709 3142 “rm”.

2130 3173 2246 3245 ρεῖν
2266 3169 2363 3225 τοῦ
2382 3171 2606 3237 ἀνδρὸς,
2641 3170 2737 3223 τοῦ
2774 3171 3058 3239 πρόπαλαι
3089 3167 3458 3239 τολμηθέντος
3484 3166 3551 3237 τῇ
3583 3179 3706 3216 νεα-

2128 3267 2253 3336 νικῇ
2302 3264 2492 3334 ἡλικίᾳ
2522 3262 2706 3333 δεινὴν
2760 3263 2998 3316 ἐποιεῖτο
3045 3260 3327 3330 διαϐολὴν,
3369 3258 3557 3330 ἡρέμα
3582 3255 3711 3318 τοὺς

2128 3356 2222 3411 ἐπὶ
2249 3358 2312 3410 τὸ
2354 3356 2760 3427 πρεσϐυτέριον
2813 3354 3118 3419 καλοῦντας
3169 3349 3711 3422 συμπεριλαμϐάνων

2127 3453 2249 3513 ταῖς
2279 3449 2575 3521 μέμψεσιν.
2624 3449 2769 3503 Ἀλλ’
2816 3449 2919 3519 ὀψέ
2954 3464 3089 3501 ποτε
3114 3445 3317 3500 ταῦτα’
3350 3445 3473 3498 τότε
3497 3460 3561 3511 γε
3605 3440 3713 3512 μὴν

2127 3543 2342 3606 ἀόκνως
2396 3543 2534 3597 πᾶσι
2585 3544 2701 3603 τοῖς
2751 3539 3043 3609 προσιοῦσι
3100 3538 3160 3592 τὸ
3208 3537 3309 3607 τῆς
3366 3533 3715 3598 διδασκαλίας

2129 3635 2362 3708 ἐπέρρει
2394 3636 2569 3704 νᾶμα.
2622 3633 2722 3704 τὴν
2775 3634 2959 3688 πᾶσαν
3018 3630 3214 3703 σχολὴν
3268 3632 3383 3693 τοῖς
3428 3631 3504 3692 ὼς
3553 3627 3715 3681 αὑτὸν

2130 3728 2395 3798 φοιτῶσιν
2433 3727 2813 3799 ἐνδιατρίϐων.
2857 3727 2949 3780 Ἐν
2979 3725 3158 3794 τούτῳ
3201 3724 3260 3777 δὲ
3301 3723 3543 3794 Σευῆρος
3572 3719 3714 3774 ὀκτὼ

2120 3822 2269 3893 πρὸς
2296 3822 2432 3877 δέκα
2471 3821 2617 3875 ἔτεσι
2660 3818 2956 3892 μοχθηρῶς
2983 3822 3051 3891 τῇ
3089 3817 3312 3888 ἐξουσίᾳ
3345 3816 3715 3887 χρησάμενος,

2128 3912 2209 3982 τῷ
2254 3913 2411 3968 παιδὶ
2447 3912 2754 3983 ’Δνιωνίνῳ
2806 3911 2982 3985 αὐτὴν
3032 3908 3383 3974 καταλείπει,
3415 3907 3475 3973 δς
3517 3905 3583 3977 δὴ
3623 3904 3719 3958 καὶ

2131 4006 2494 4079 Καράκαλλος
2516 4002 2829 4077 ἐπεκλήθη.

2740 4211 2995 4268 ΚΕΦΔΛ.
3035 4209 3117 4266 Θ’.

2135 4300 2277 4373 Περὶ
2303 4301 2426 4358 τῶν
2447 4303 2601 4357 κατὰ
2619 4301 2980 4371 Νάρκισσον
3004 4297 3367 4373 παραδόξων
3374 4293 3721 4373 θαυμάτων,

2406 4374 2477 4441 ὃς
2514 4365 2956 4444 Ἰεροσολύμων
2987 4365 3332 4438 ἐπίσκοπος
3359 4365 3460 4440 ἦν.

2208 4454 2348 4544 Κατ’
2381 4489 2563 4542 ἐκεῖνο
2589 4487 2774 4541 τοίνυν
2803 4485 3001 4557 καιροῦ
3034 4482 3383 4556 Ἀλέξανδρος
3415 4479 3494 4571 εἷς
3515 4481 3589 4536 ὢν
3618 4479 3725 4537 τῶν

439 4580 586 4638 rima
625 4579 681 4633 in
717 4577 1113 4649 persecutione
1144 4574 1252 4633 sub
1282 4575 1488 4631 Severo
1518 4588 1619 4645 pro
1652 4587 1781 4628 vera
1826 4571 2018 4641 pietati

2141 4585 2285 4657 ὑπὶρ
2307 4582 2597 4647 εὐσεϐείας
2631 4581 2864 4636 πλεῖστα
2891 4580 3175 4635 παθόντων
3203 4579 3281 4650 τῷ
3309 4580 3453 4633 κατὰ
3488 4576 3726 4646 Σευῆρον

437 4672 863 4737 sustinuerant,
912 4688 945 4725 a
1001 4668 1114 4739 Deo
1163 4677 1445 4735 servatus,
1495 4666 2036 4722 administrationem

438 4766 696 4822 ecclesiae
737 4763 1257 4836 Hierosolymitanze
1295 4763 1585 4832 suscepit:
1620 4761 1903 4828 Narcisso,
1940 4758 2038 4829 qui

441 4858 523 4918 ibi
559 4872 761 4912 munus
807 4858 860 4912 id
895 4865 1183 4927 gesserat,
1230 4855 1413 4911 adhuc
1443 4854 1767 4925 superstite.
1818 4853 1896 4908 De
1925 4866 2039 4923 quo

442 4948 703 5007 Narcisso
736 4945 860 5017 ejus
891 4948 996 5003 loci
1039 4945 1301 5003 homines
1335 4961 1461 5001 cum
1500 4945 1671 4999 multa
1707 4944 1815 4998 alia
1850 4942 2037 4997 admi-

446 5037 622 5093 randa
656 5052 823 5107 Opera
857 5044 1189 5102 memorant,
1237 5045 1353 5090 tum
1395 5035 1501 5089 hoc
1532 5034 1698 5088 etiam
1734 5033 1788 5090 in
1821 5034 2037 5088 litteras

446 5133 685 5193 relatum
720 5132 968 5190 tradunt.
1002 5131 1413 5195 Dicunt‘enim,
1444 5130 1510 5186 ad
1546 5129 1714 5204 354
1746 5144 2037 5200 vesperam

447 5226 675 5288 Pascha:
729 5226 913 5282 oleum
965 5225 1033 5280 ad
1099 5240 1261 5281 usum
1318 5224 1673 5279 lucernarum
1726 5222 2035 5278 defecisse:

445 5319 597 5389 quod
648 5334 774 5374 cum
810 5318 1047 5390 populus
1092 5331 1235 5389 aegre
1273 5314 1474 5382 ferret,
1525 5314 1847 5374 Narcissum
1885 5329 2040 5368 man-

448 5415 654 5479 dasse,
701 5423 761 5468 ut
812 5413 937 5485 ejus
980 5412 1059 5466 rei
1092 5411 1337 5465 ministri
1389 5426 1453 5464 ex
1504 5408 1819 5481 prepinquo
1873 5417 2043 5479 puteo

455 5521 654 5575 .quam
701 5504 1019 5569 haurirent,
1066 5512 1235 5573 atque
1275 5500 1342 5557 ad
1390 5516 1450 5557 se
1494 5499 1781 5557 aﬂ‘errent.
1818 5500 1936 5557 Hoc
1966 5499 2047 5556 sic

454 5597 636 5663 facso,
669 5597 824 5652 illum
873 5605 1163 5666 precatum
1199 5610 1323 5650 esse
1344 5635 1360 5662 ,
1392 5610 1547 5665 aqua:
1579 5591 1956 5660 benedixisse,
1987 5601 2043 5649 et

451 5703 717 5761 germana
764 5699 1029 5761 certaque
1086 5688 1226 5759 (ide,
1263 5700 1323 5746 ut
1373 5688 1430 5744 in
1477 5688 1733 5745 lucernas
1784 5685 2044 5744 infunde-

531 5834 578 5868 "
620 5831 817 5888 Matth.
851 5846 964 5899 XIX,
1002 5830 1093 5886 l2.

2138 4675 2390 4747 διωγμῷ,
2438 4675 2580 4748 πρὸς
2613 4673 2753 4728 Θεοῦ
2781 4673 2842 4728 δέ
2873 4671 3164 4745 τηρηθεὶς,
3195 4672 3298 4742 τῆς
3334 4667 3728 4740 Ἱεροσολύμων

2150 4768 2484 4840 Ἐκκλησίας
2504 4769 2631 4830 τοὺς
2653 4767 2847 4830 οῐακας
2867 4764 3264 4836 ἐγχειρίζεται,
3287 4761 3371 4817 ἔτι
3388 4762 3726 4832 Ναρκίσσου,

2138 4863 2197 4928 δς
2241 4858 2310 4934 ἢν
2342 4863 2461 4916 ἐκεῖ
2511 4861 2805 4930 πρότερον,
2854 4858 3146 4928 περιόντος
3186 4856 3267 4926 τῷ
3304 4856 3441 4927 βίῳ·
3496 4852 3637 4925 ὑπὲρ
3664 4851 3726 4907 οὗ

2141 4952 2312 5007 πολλὰ
2351 4952 2450 5021 μὲν
2484 4952 2535 5003 οἱ
2565 4952 2750 5003 ἐκεῖσε
2796 4948 3025 5020 μνήμης
3053 4947 3194 5019 ἔργα
3222 4946 3501 5017 παράδοξα
3529 4941 3727 4999 διασώ-

2142 5045 2358 5110 ζουσιν,
2394 5044 2451 5098 ἐν
2482 5036 2563 5103 οἷς
2611 5038 2708 5094 καὶ
2750 5038 2912 5094 τοῦτο
2953 5035 3404 5109 πῳσιστοροῦσιε
3448 5034 3591 5089 Φασὶ
3631 5032 3726 5086 καὶ

2145 5138 2255 5209 γὰρ
2302 5137 2380 5201 ὡς
2435 5132 2579 5190 κατὰ
2636 5132 2734 5204 τὴν
2767 5133 3015 5203 ἐσπέραν
3061 5130 3157 5185 τοῦ
3207 5130 3400 5201 Πάσχα
3445 5127 3629 5181 ἐλαίου
3666 5124 3727 5178 τδ

2146 5229 2285 5298 πρὸς
2314 5228 2508 5300 χρείαν
2539 5225 2649 5280 τῶν
2684 5224 3019 5295 θρυαλλίδων
3059 5223 3334 5277 ἐπιλιπεῖν
3354 5238 3370 5251 ·
3396 5225 3453 5275 ἐν
3487 5219 3644 5288 δεινῷ
3670 5216 3725 5270 δέ

2145 5317 2309 5373 τοῦτο
2342 5316 2675 5389 τωιουμένου
2716 5315 2812 5370 τοῦ
2859 5314 3127 5387 πλήθους,
3158 5311 3420 5368 κελεῦσαι
3457 5310 3549 5365 τδν
3580 5310 3725 5379 Νάρ-

2145 5428 2359 5479 κισσον,
2406 5411 2471 5465 ἐκ
2520 5408 2620 5464 τοῦ
2652 5407 3067 5480 παρακειμένου
3114 5408 3351 5477 φρέατος
3384 5402 3725 5472 ἀπαντλῆσαι

2145 5505 2260 5566 τοῖς
2291 5504 2419 5573 περὶ
2440 5500 2619 5555 ταῦτα
2648 5499 3095 5569 διακονουμένοις
3133 5495 3301 5566 ὕδωρ,
3330 5496 3426 5550 καὶ
3463 5493 3540 5557 ὡς
3566 5490 3727 5545 αὐτὸν

2145 5594 2395 5662 ἀγαγεῖν.
2438 5591 2596 5645 Ἐπεὶ
2624 5590 2683 5644 δέ
2714 5588 2876 5642 τοῦτο
2907 5586 3256 5661 παραχρῆμα
3301 5583 3533 5653 ἐγίνετο,
3558 5576 3723 5632 ἐπεύ-

2145 5685 2346 5758 ξασθαι
2391 5686 2492 5758 μὲν
2550 5682 2644 5740 καὶ
2691 5678 2991 5752 εὐλογῆσαι
3042 5679 3105 5737 τὸ
3149 5676 3331 5751 θδωρο
3381 5671 3501 5731 εἶτα
3548 5670 3727 5728 πίστει
