4032 6466
408 420 549 491 1085

1322 426 1933 490 ΕΕΟΙ.Ε81Α5ΤΙΕ.Ε
1975 427 2368 490 HISTORIA!
2412 429 2561 494 LIB.
2604 433 2681 494 γ.

3454 396 3457 399 ’
3530 429 3667 495 1035

406 537 608 608 γνησίᾳ
645 537 898 591 κελεῦσαι
929 540 1070 593 κατά
1110 540 1216 593 τῶν
1246 534 1460 612 λύχνων
1487 544 1721 612 mea”.
1757 543 1868 598 Καὶ
1898 543 1976 605 ὡς

2084 553 2261 604 retur,
2296 542 2548 611 jnssisse.
2598 542 2714 610 Qua
2745 556 2804 598 re
2845 550 2903 598 ut
2930 542 3167 615 jusserat
3191 550 3438 614 peracta,
3477 542 3667 598 divina

405 629 628 684 δκέλευι
653 629 1014 702 δεδρακότων,
1039 631 1163 704 θεία
1181 632 1412 703 δυνάμει
1440 633 1503 687 τὸ
1526 633 1671 706 ὕδωρ
1693 636 1774 698 είς
1798 634 1979 688 ὲλαίου

406 720 572 790 φύσιν
620 720 823 775 αὐτίκα
857 723 1417 794 μεταστοιχειωϐἧναι
1469 725 1565 778 καὶ
1596 725 1850 796 χρώματι
1886 723 1984 779 καὶ¹

406 814 695 886 ποιότητιο
746 814 823 877 ὼς
882 813 981 868 καὶ
1021 815 1100 885 τῷ
1152 815 1287 885 πυρὶ
1316 817 1578 887 παρέχειν
1623 818 1820 886 καινήν
1856 832 1983 869 τινα

404 905 755 977 φωταύγειαν
801 906 1174 977 ἀπολάμπειν.
1227 908 1316 975 Ἐξ
1376 900 1438 961 οὗ
1491 914 1585 963 καὶ
1625 908 1845 969 πολλοῖς
1898 909 1981 972 είς

403 997 682 1066 θαύματος
719 998 883 1069 χάριν
910 999 1040 1068 ἀχρι
1070 998 1134 1068 δὴ
1167 999 1364 1054 πολλοῦ
1402 999 1753 1068 ἐφυλάττετο.
1804 1000 1980 1054 Πολλά

402 1090 460 1143 δὲ
496 1091 587 1142 καὶ
615 1088 751 1142 ἀλλα
773 1091 926 1161 ξπερὶ
958 1091 1059 1159 τῆς
1105 1090 1202 1145 τοῦ
1237 1091 1354 1161 βίου
1387 1093 1615 1162 ἀγωγῆς
1643 1090 1809 1146 αὐτοῦ
1851 1091 1980 1157 ἀξια

404 1183 624 1253 μνήμης
675 1182 1088 1252 διαθρυλλοῦσιν
1110 1200 1125 1216 ·
1176 1177 1253 1240 ὧν
1281 1185 1561 1256 ἐπίσημον
1591 1184 1685 1238 καὶ
1717 1184 1837 1238 τόδε
1877 1186 1976 1253 ὲμ-

401 1276 669 1347 φέρεταιο
726 1275 998 1345 ἀνθρώπι*
1045 1278 1182 1333 ἄττα
1255 1279 1476 1347 φαῦλα,
1534 1278 1812 1350 σύντροφα
1878 1278 1981 1348 μὲν

400 1369 608 1441 ἁπάσῃ,
631 1367 929 1440 μοχθηρίᾳ,
981 1371 1173 1433 κακοῖς
1211 1369 1270 1423 δὲ
1323 1370 1549 1440 μυρίοις
1598 1370 1660 1424 τὸ
1692 1368 1792 1441 ζῇν
1833 1368 1984 1423 διαν-

397 1459 653 1526 τλοῦντα,
676 1460 743 1513 τὸ
768 1461 864 1514 τοῦ
892 1461 1091 1533 ἀνδρὸς
1120 1463 1326 1524 είδότες
1349 1461 1651 1528 ἀνάνδοτον,
1681 1462 1981 1525 δεδοικότες

402 1549 478 1623 μὴ
504 1553 662 1616 δίκας
692 1553 913 1617 ἁλόντες
947 1547 1028 1618 οἷς
1067 1556 1317 1625 αἰσχροῖς
1353 1553 1628 1626 ἔπραττον
1653 1553 1978 1620 ἀποτίσωσι,

400 1642 758 1714 ῥᾳδιουργίαν
807 1644 934 1699 τινὰ
986 1646 1471 1709 συσκευάσαντες,
1525 1645 1710 1713 δεινὴν
1760 1644 1980 1698 ἐποίουν

397 1732 548 1803 αὐτῷ
576 1733 676 1803 τὴν
703 1733 985 1804 διαϐολήν.
1024 1735 1105 1789 Τά
1130 1736 1296 1790 πιστά
1323 1737 1383 1791 δὲ
1423 1737 1611 1805 λέγειν
1645 1736 1980 1807 παρέχοντες

397 1822 628 1886 ἔννοιαν,
681 1822 871 1891 ὅρκοις
928 1821 1029 1893 τὴν
1089 1824 1462 1893 συκοφαντίαν
1514 1823 1591 1889 ὡς
1640 1822 1849 1892 ἀληθὴς
1892 1823 1978 1893 εἴη

398 1908 893 1982 κατησφαλίζοντο.
923 1892 1036 1966 καὶ
1072 1915 1099 1966 ὁ
1138 1892 1297 1983 μὲνῆ
1341 1915 1450 1985 μὴν
1481 1916 1654 1985 πυρὸς
1678 1892 1982 1984 δαπάνημα
2013 1892 2055 1947 Β

396 2003 646 2073 γένοιτοο
699 2005 729 2058 ὁ
777 2004 834 2058 δὲ
871 2003 1195 2076 παλαμναίᾳ
1249 2007 1391 2077 νόσῳ
1439 2004 1810 2078 διαφθαρείηο
1856 2005 1886 2059 ὁ
1923 2005 1981 2058 δὲ

395 2098 605 2164 τρίτος,
636 2090 671 2168 ἦ
702 2097 812 2168 μὴν
833 2097 930 2162 τὰς
955 2097 1107 2167 ὄψεις
1140 2097 1388 2169 πηρώσει
1418 2098 1716 2154 ἀποϐαλεῖν
1740 2098 1977 2168 ὤμνυον.

398 2191 617 2258 Καίπερ
648 2188 693 2242 δ’
728 2189 904 2253 οὕτως
946 2190 1218 2260 τάσφαλὲς
1248 2191 1364 2254 τοῖς
1392 2188 1980 2261 ὅρκοιςοῦπισχνουμέ-

395 2297 510 2341 νοις
540 2280 719 2333 οὐδενὶ
743 2282 1036 2351 προσέχειν
1062 2280 1157 2355 ἦν,
1195 2280 1443 2353 ἀκριϐῶς
1468 2281 1669 2345 ειδότες
1688 2283 1750 2334 τό
1782 2297 1842 2334 τε
1870 2281 1979 2333 σῶ-

396 2391 534 2442 φρον
564 2373 810 2443 τάνδρὸς,
844 2375 942 2428 καὶ
978 2374 1079 2444 τὴν
1108 2374 1184 2436 ῶς
1226 2375 1437 2428 ἐπίπαν
1479 2375 1811 2443 λάμπουσαν
1840 2375 1976 2443 ἀρε-

392 2464 493 2530 τὴν
526 2466 622 2515 τοῦ
670 2462 1016 2535 Ναρκίσσου.
1088 2461 1325 2526 Ἐκεῖνος
1365 2465 1411 2519 δ’
1442 2460 1535 2518 οὖν
1577 2466 1678 2534 τὴν
1721 2465 1831 2517 τῶν
1880 2466 1978 2519 ἁν-

391 2551 534 2622 δρῶν
576 2553 882 2623 μοχθηρίαν
915 2555 991 2623 μὴ
1026 2549 1138 2618 οἶός
1161 2571 1222 2607 τε
1246 2552 1321 2609 ὢν
1346 2557 1557 2625 φέρειν,
1592 2555 1766 2619 ἄλλως
1800 2555 1857 2609 δὲ
1879 2555 1976 2610 καὶ

389 2645 483 2694 τὶν
520 2643 724 2714 ἥσυχον
759 2644 854 2698 καὶ
892 2646 1225 2717 ἀπράγμονα
1261 2646 1379 2717 βίον
1411 2646 1788 2716 μεταδιώκων,
1823 2648 1976 2717 φιλο-

296 2795 302 2803 ,
395 2734 573 2804 σόφως
595 2753 653 2789 τε
687 2737 788 2808 ζῇν
815 2737 1116 2809 ᾑρημένος,
1154 2738 1216 2791 τὸ
1257 2737 1464 2808 πλῆθος
1491 2739 1642 2793 ἅπαν
1673 2741 1974 2811 παραλογι-

393 2827 629 2896 σάμενος
676 2828 924 2898 διαδρὰς,
975 2830 1070 2883 ἐπὶ
1121 2830 1341 2894 πολλοῖς
1390 2830 1569 2884 ἐτεσιν
1618 2832 1830 2896 ἀφανὴς
1877 2827 1968 2902 ἦν.

392 2918 660 2981 Κάκεῖνος
695 2918 796 2989 μὲν
823 2918 994 2982 οὕτως
1022 2914 1138 2991 εἶχε
1165 2923 1259 2974 καὶ
1289 2921 1580 2993 διατριϐῆς
1607 2923 1702 2976 καὶ
1729 2921 1966 2993 διαίτης.

392 3009 460 3063 "0
489 3026 552 3077 γε
583 3010 690 3080 μὴν
727 3010 903 3079 μέγας
931 3011 1028 3082 τῆς
1053 3013 1214 3082 δίκης
1248 3012 1528 3083 ὀφθαλμὸς
1556 3013 1810 3079 οὐδαμῶς
1842 3013 1973 3084 ⁴ὴρέἑ-

393 3116 485 3170 μει
507 3117 520 3130 ·
556 3102 685 3164 τοὺς
731 3101 778 3155 δ’
829 3102 1137 3175 ἀλάστορας
1169 3105 1411 3168 ἐκείνους
1445 3104 1692 3172 μέτεισιν
1723 3105 1847 3158 ὅσον
1873 3104 1972 3157 τά-

388 3210 481 3262 χος
502 3208 516 3224 ⁸
568 3194 662 3247 καὶ
696 3191 777 3257 οἷς
808 3194 1057 3250 ἑάλωσαν
1105 3195 1527 3267 ἑπιορκοῦντες,
1561 3195 1760 3260 ἱκανῶς
1809 3214 1973 3250 κατε-

389 3284 600 3353 δέσμει.
645 3285 704 3339 '0
737 3287 837 3355 μὲν
864 3283 958 3341 οὖν
985 3286 1225 3357 πρῶτος,
1259 3286 1318 3351 ἐξ
1345 3288 1606 3357 οὐδεμιᾶς
1637 3290 1969 3358 προφάσεως

387 3376 505 3441 ἐνὸς
543 3375 838 3448 σπινθῆρος
888 3377 982 3431 τοῦ
1031 3378 1227 3449 λύχνου
1280 3380 1817 3450 ἀποσκιρτήσαντος,
1869 3381 1967 3449 τῆς

386 3470 565 3529 οίκίας
598 3469 948 3539 ὑφαφθείσης
1002 3471 1174 3539 αὐτῷ,
1233 3471 1506 3540 παγγενεὶ
1552 3472 1966 3541 καταφλέγεται

388 3560 559 3630 πυρὸς
582 3559 796 3629 δαπάνη
833 3562 987 3630 παρά
1016 3559 1180 3627 δόξαν
1217 3562 1317 3615 σὺν
1364 3563 1658 3634 περιουσίᾳ
1690 3564 1842 3634 πάσῃ
1874 3565 1967 3616 καὶ

387 3650 499 3711 τοῖς
557 3648 700 3701 κατά
733 3646 891 3715 γένος
947 3647 1100 3716 αὐτῷ
1156 3650 1495 3718 προσήκουσι
1551 3649 1825 3717 γεγονώς·
1862 3650 1965 3704 ὁδ’

386 3738 584 3811 ἀθρόον
615 3741 763 3811 δεινῇ
803 3740 944 3810 νόσῳ
978 3740 1304 3812 ὲνσκηψὰσῃ
1338 3740 1462 3793 καθ’
1493 3740 1737 3804 ἅπαντος
1773 3741 1966 3809 σῶμα·

386 3850 478 3896 τος
509 3831 767 3903 βάλλεται
788 3851 802 3864 ·
834 3833 862 3885 ὁ
901 3832 957 3885 δὲ
986 3832 1192 3902 τρίτος,
1238 3832 1339 3902 τὴν
1376 3831 1605 3886 ἔκϐασιν
1637 3832 1748 3884 τῶν
1775 3831 1964 3885 δεινῶν

387 3925 446 3978 ὃν
475 3925 707 3985 ἐκείνοις
753 3926 1059 3994 σκοπήσας,
1094 3926 1190 3980 καὶ
1242 3923 1304 3977 τὸ
1343 3922 1625 3994 ταχύπουν
1656 3924 1758 3993 τῆς
1807 3922 1963 3986 θείας

386 4015 540 4087 δίκης
570 4017 666 4070 τοῦ
722 4017 942 4071 πάντων
1000 4017 1201 4086 ἐφόρου
1250 4016 1414 4083 Θεοῦ,
1454 4015 1526 4069 τὰ
1576 4018 1732 4087 κοινῇ
1775 4016 1963 4085 σφίσιν

386 4109 576 4178 τάνδρὶ
605 4110 1035 4179 ἐσκαιωρημένα
1070 4110 1232 4172 εὐθὺς
1271 4108 1566 4179 ὡμολόγει.
1598 4111 1883 4180 Οίμωγαῖς
1908 4108 1967 4162 δὲ

388 4202 483 4253 καὶ
528 4201 796 4268 δάκρυσιν
841 4203 904 4255 οὐ
941 4202 1206 4266 διέλιπεν,
1246 4201 1349 4263 ἕως
1381 4194 1444 4255 οὗ
1473 4201 1535 4255 τὸ
1580 4200 1698 4271 φῶς
1728 4201 1837 4254 τῶν
1868 4196 1970 4270 δμ-

390 4291 577 4361 μάτων
629 4293 910 4362 ἀπορρυὲν
942 4293 1105 4361 ἔγνω.
1141 4294 1250 4347 Καὶ
1279 4293 1330 4345 οἱ
1374 4292 1475 4364 μὲν
1505 4290 1653 4345 οὕτω
1686 4291 1783 4362 τῆς
1828 4291 1972 4345 κατὰ

385 4385 480 4439 τοῦ
514 4384 707 4453 ἀνδρῖς
735 4385 1029 4437 ἁπώναντο
1058 4385 1421 4456 ψευδορκίας.

2090 635 2140 688 vi
2172 646 2228 689 et
2255 635 2495 691 ctﬁcacia
2540 652 2680 705 aqua
2715 636 3021 705 derepente
3050 636 3107 690 in
3144 634 3253 690 olei
3287 644 3538 689 naturam
3573 651 3667 688 co-

2087 728 2202 783 lore
2232 737 2288 782 et
2316 730 2582 798 qualitate
2617 743 2800 790 versa,
2847 729 2958 798 igni
2986 743 3187 783 novam
3219 730 3514 797 quamdam
3544 728 3664 781 cla-

2083 820 2400 889 rioremqne
2460 820 2641 875 lucem
2696 821 2952 892 praebuit.
3013 820 3094 876 Ex
3145 837 3254 889 quo
3306 815 3554 890 tempore
3606 821 3663 874 id

2082 911 2269 964 oleum
2299 927 2328 965 a
2370 911 2558 971 multis
2597 912 2846 966 miraculi
2872 912 3046 983 gratia
3079 911 3393 967 diutissime
3423 922 3511 966 cst
3546 927 3666 965 scr-

2084 1010 2293 1058 vatum.
2329 1003 2492 1056 Plura
2526 1011 2789 1073 prmterea
2831 1003 2899 1060 de
2932 1005 3056 1058 vita:
3082 1004 3202 1075 ejus
3246 1004 3503 1057 instituto
3550 1018 3665 1057 tne-

2084 1101 2299 1148 moratu
2345 1093 2507 1164 digna
2540 1093 2825 1159 referunt,
2856 1094 2910 1148 in
2941 1095 3148 1164 quibus
3175 1104 3231 1149 et
3263 1094 3398 1148 illud
3437 1092 3666 1161 prmi-la-

2083 1200 2209 1240 rum
2254 1192 2360 1239 cst.
2406 1183 2671 1240 Homines
2715 1185 2939 1256 quidam
2988 1185 3154 1249 mali,
3202 1185 3296 1255 qui
3330 1200 3428 1255 per
3459 1183 3662 1250 ﬂagitia

2081 1279 2268 1334 omnia
2301 1286 2358 1332 et
2393 1277 2605 1332 scelera
2636 1275 2930 1332 innumera
2966 1278 3133 1332 vitam
3170 1287 3495 1348 exegerant,
3527 1264 3667 1331 con-

2081 1367 2345 1425 stantiam
2378 1377 2437 1422 et
2480 1367 2838 1423 severitatem
2869 1368 2973 1422 viri
3017 1375 3306 1422 noverant.
3354 1368 3542 1437 Itaque
3569 1367 3664 1437 jn-

2081 1460 2290 1517 dicium
2332 1459 2456 1531 ejus
2485 1457 2766 1521 timentes,
2802 1472 2872 1512 ne
2900 1457 2957 1512 in
2987 1458 3135 1514 [mdo
3174 1457 3503 1528 deprehensi
3532 1458 3666 1513 faci-

2080 1565 2241 1616 nore,
2269 1564 2410 1621 quas
2441 1548 2626 1605 meriti
2652 1555 2860 1615 essent,
2889 1548 3114 1604 luerent
3145 1563 3358 1618 poenas,
3395 1548 3664 1604 fallaciam

2080 1642 2378 1713 quamdam
2421 1646 2836 1694 antevertentes
2874 1641 3400 1702 comminiscuntur,
3447 1650 3504 1696 et
3545 1657 3667 1712 gra-

2080 1747 2204 1789 vem
2230 1732 2280 1787 ei
2314 1730 2624 1802 impingunt
2653 1728 3009 1789 calumniam.
3046 1731 3229 1801 Atque
3260 1743 3319 1787 ut
3344 1733 3664 1798 opimoncm

2083 1836 2142 1878 se
2169 1836 2298 1877 vera
2322 1821 2510 1876 dicere
2533 1817 2680 1890 apud
2710 1818 2963 1873 homines
2987 1829 3487 1890 consequerentur,
3511 1835 3669 1890 syco-

2087 1914 2372 1985 phantiam
2405 1913 2650 1985 pcrjurio
2680 1913 3013 1969 conﬁrmant
3041 1931 3056 1966 :
3092 1912 3230 1967 diris
3264 1928 3488 1982 quoque
3520 1927 3645 1967 sese

2088 2007 2135 2061 si
2166 2005 2454 2067 fallerent,
2499 2003 2875 2059 devoventes:
2916 2003 3133 2074 primus
3166 2003 3389 2072 quidem
3414 2044 3429 2064 ,
3464 2013 3522 2056 ut
3556 2003 3666 2072 igni

2087 2093 2484 2165 conﬂagraret;
2539 2092 2844 2159 secundus,
2891 2093 3199 2147 utsontico
3241 2090 3671 2160 detestabilique

2086 2187 2279 2244 morbo
2304 2185 2549 2257 periret;
2584 2187 2785 2242 tertius
2813 2200 2978 2250 vero,
3018 2194 3080 2240 ut
3120 2184 3301 2239 oculis
3331 2184 3668 2255 privaretur.

2084 2279 2153 2334 Et
2182 2278 2437 2349 quamvis
2468 2278 2549 2333 illi
2598 2278 2934 2334 calumniam
2980 2277 3283 2346 juramenti
3318 2287 3375 2332 et
3415 2292 3670 2330 exsecra-

2086 2374 2250 2427 tionis
2279 2371 2508 2426 obtentu
2542 2373 2945 2435 cuntexlssent,
2980 2384 3146 2424 nemo
3178 2379 3358 2426 tamen
3389 2369 3474 2424 eis
3502 2367 3669 2422 tidem
3783 2381 3786 2383 λ

2050 2498 2055 2503 ς
2084 2463 2325 2519 habebat
2352 2481 2367 2516 :
2396 2462 2603 2533 quippe
2640 2461 2900 2517 omnibus
2932 2459 3176 2515 Narcissi
3203 2462 3432 2514 castitas
3463 2469 3520 2513 ct
3559 2458 3693 2512 virm

2022 2566 2033 2571 τ
2084 2564 2173 2608 tus
2203 2560 2448 2624 spectata
2497 2561 2636 2607 erat.
2686 2552 2785 2608 ille
2825 2563 3036 2620 autem,
3082 2568 3208 2607 cum
3253 2551 3668 2623 improbitatem

2082 2653 2289 2699 tantam
2324 2643 2610 2699 hominum
2642 2660 2834 2700 eorum
2869 2643 3014 2699 terre
3064 2644 3346 2713 nequiret,
3397 2644 3670 2712 aliterque

2079 2749 2110 2788 a
2140 2735 2372 2807 negotiis
2419 2746 2722 2798 semotam,
2775 2736 3058 2806 quietam,
3109 2735 3671 2805 philosophicamque

2078 2826 2248 2881 vitam
2293 2836 2762 2897 persequeretur,
2815 2825 3217 2892 multitudine,
3269 2838 3387 2881 arte
3430 2827 3670 2895 quadam

2079 2917 2309 2988 decepta
2331 2955 2346 2981 ,
2377 2918 2644 2990 profugit,
2692 2926 2862 2989 atque
2891 2919 3052 2974 annis
3085 2919 3276 2973 multis
3303 2933 3412 2972 non
3446 2933 3671 2988 compa—

2079 3008 2215 3064 ruit.
2263 3009 2330 3063 Et
2376 3009 2470 3063 ille
2512 3009 2740 3079 quidem
2772 3009 2847 3063 ita
2891 3011 3085 3075 vitam,
3117 2990 3182 3062 ac
3222 3008 3423 3064 deinde
3459 3008 3671 3063 disces-

2078 3098 2296 3154 sionem
2335 3099 2673 3155 instituerat.
2717 3097 2995 3154 Caeterum
3026 3112 3260 3170 magnus
3292 3098 3381 3153 ille
3413 3097 3674 3157 vindicta

2079 3191 2272 3247 oculus
2321 3207 2667 3262 nequaquam
2711 3192 3100 3255 cunctabatur,
3143 3190 3240 3246 sed
3284 3206 3449 3260 quam
3494 3191 3671 3246 ccler-

2079 3286 2224 3341 rime
2258 3286 2557 3355 pestiferos
2591 3296 2644 3339 et
2684 3284 3030 3355 perniciosos
3074 3282 3198 3337 illos
3227 3282 3485 3337 homines
3512 3298 3669 3338 como

2075 3373 2423 3444 preltensos,
2477 3372 2634 3427 malis
2683 3373 2767 3428 eis
2821 3373 3029 3443 quibus
3080 3372 3298 3442 seipsos
3340 3372 3666 3442 iuramento

2077 3465 2403 3534 interposito
2434 3464 2888 3531 obstrinxerant,
2938 3463 3179 3519 maxime
3226 3464 3498 3519 devinxit.
3546 3465 3668 3520 Pri-

2075 3571 2200 3610 mus
2231 3555 2399 3627 igitur
2431 3556 2580 3610 nulla
2617 3571 2784 3625 prope
2826 3556 2892 3611 de
2921 3570 3110 3622 causa,
3147 3555 3395 3610 scintilla
3439 3557 3599 3610 unica
3632 3574 3664 3612 a

2075 3649 2307 3703 lucerna
2334 3639 2664 3718 prosiliente
2690 3648 3173 3712 domo'succensa,
3202 3664 3310 3702 una
3332 3663 3458 3702 cum
3484 3650 3669 3703 omni-

2073 3739 2178 3794 bus
2208 3753 2411 3809 genere
2440 3739 2545 3793 sibi
2578 3739 2927 3810 propinquis,
2964 3748 3132 3809 atque
3160 3743 3328 3795 etiam
3359 3756 3485 3796 cum
3518 3742 3654 3797 sub-

2070 3831 2275 3886 stantia
2293 3832 2866 3897 omni,miserabiliter
2886 3844 3086 3902 praeter
3101 3834 3423 3904 opinionem
3443 3851 3667 3893 omnem

2070 3920 2442 3977 comburitur.
2475 3922 2637 3995 355
2656 3921 2944 3979 Secundus
2974 3923 3168 3979 morbo
3196 3924 3544 3995 gravissimo,
3573 3926 3670 3995 qui

2074 4020 2253 4067 totum
2314 4013 2445 4083 ejus
2510 4029 2716 4084 corpus
2779 4014 3016 4080 invasit,
3070 4016 3390 4087 corripitur.
3447 4017 3673 4073 Tertius

2072 4121 2408 4177 porro,cum
2436 4115 2545 4162 tam
2569 4122 2793 4179 gravem
2817 4118 2875 4163 et
2895 4108 3097 4166 durant
3124 4109 3180 4164 in
3208 4111 3319 4166 illis
3341 4112 3551 4167 exitum
3584 4113 3666 4166 rei

2074 4198 2326 4265 videret,
2358 4207 2416 4255 et
2462 4199 2806 4255 celeritatem
2846 4202 3033 4256 omnia
3080 4203 3423 4271 speculantis
3450 4196 3673 4259 divina:

2075 4292 2341 4348 vindictae
2376 4294 2783 4356 consideraret,
2822 4309 2945 4364 quae.
2984 4297 3356 4350 communiter
3397 4297 3545 4350 inter
3582 4312 3669 4364 se,

2074 4400 2175 4455 per
2226 4383 2414 4439 dolum
2467 4394 2523 4438 et
2571 4384 2874 4449 malitiam,
2924 4397 3121 4440 contra
3169 4385 3352 4439 virum
3391 4387 3673 4455 optimum

384 4481 816 4546 conitinxissent,
864 4481 1050 4536 statim
1079 4490 1159 4538 est
1199 4481 1525 4553 professus:
1594 4495 1778 4553 neque
1845 4479 2032 4537 luctus
2067 4479 2552 4551 lacrymaruntque
2609 4478 2768 4548 prius
2825 4478 3050 4533 modum
3102 4479 3275 4546 fecit,
3328 4497 3493 4552 quam
3547 4497 3662 4538 una

385 4594 511 4635 cutn
569 4577 677 4633 illis
727 4574 1015 4630 oculorum
1062 4576 1174 4629 vim
1213 4585 1272 4631 et
1317 4577 1495 4632 aciem
1543 4575 1796 4632 dililuere
1836 4573 2033 4632 sensit.
2076 4573 2170 4629 Sic
2195 4573 2273 4628 illi
2296 4571 2521 4644 dignum
2558 4571 2787 4642 pcrjurii
2816 4572 2990 4631 tulere
3016 4573 3278 4642 pretium.

1004 4695 1256 4751 ΚΕΦΔΛ.
1288 4695 1351 4750 l'.

412 4813 493 4878 Ως
523 4809 933 4877 Ἀλέξανδρος
970 4808 1331 4877 Καισαρείας
1356 4808 1696 4875 ἐπίσκοπος
1718 4806 1975 4878 χρησμῷ

458 4877 596 4948 θείῳ
620 4886 705 4948 είς
731 4881 848 4949 τὴν
883 4881 1329 4947 Ἰεροσολύμων
1348 4878 1630 4947 μετετέθη
1650 4877 1970 4949 καθέδραν,

458 4954 546 5006 ἑτι
579 4948 802 5017 ζῶντος
815 4950 921 5005 τοῦ
950 4950 1068 5018 πρὸ
1099 4949 1290 5004 αὐτοῦ
1313 4952 1675 5018 Ναρκίσσου
1693 4963 1706 4977 ·
1739 4948 1975 5018 καὶδύο

458 5022 580 5091 ἅμα
638 5016 830 5086 ὄντες,
865 5022 938 5075 τὰ
965 5016 1093 5091 ,τῆς
1154 5016 1547 5091 ἘκκλησίαςΔ
1569 5017 1840 5073 desiero,“
1877 5016 1977 5073 καί

458 5087 593 5160 περὶ
617 5091 738 5146 τῶν
756 5087 1164 5160 Ἀλεξάνδρου
1188 5087 1692 5160 συγγραμμάτων.

368 5248 385 5259 .
452 5207 566 5262 ’Τοῦ
620 5207 678 5261 δὲ
732 5206 1050 5276 Ναρκίσσου
1085 5204 1318 5277 δρασμῷ
1347 5176 1732 5276 χρησαμένου,
1777 5203 1875 5257 καὶ
1917 5202 1977 5266 ἐς

391 5301 527 5355 πολὺ
552 5300 648 5354 τοῦ
671 5302 869 5372 χρόνου
903 5301 962 5355 ἐν
989 5298 1070 5371 τῷ
1098 5301 1300 5370 ἀφανεῖ
1333 5298 1708 5363 καθεστῶτος,
1737 5299 1848 5361 τοῖς
1866 5295 1977 5350 τῶν

392 5389 704 5458 ἐκκλησιῶν
747 5390 1076 5461 ἡγουμένοις
1113 5388 1273 5457 δόξαν
1303 5389 1470 5453 οὕτω,
1504 5388 1597 5442 ἐπὶ
1627 5387 1977 5460 χειροτονίαν

390 5484 579 5554 ἑτέρου
619 5483 952 5553 ἐτράποντο’
992 5482 1087 5535 καὶ
1116 5482 1228 5552 Δίῳ
1259 5481 1371 5536 τινὶ
1396 5482 1499 5551 τὴν
1529 5480 1727 5551 κλῆσιν
1752 5478 1854 5552 τὴν
1876 5478 1977 5545 τῆς

404 5575 734 5644 Ἐκκλησίας
791 5573 1193 5646 Ἰεροσολύμων
1247 5574 1577 5626 ἐπιστασίαν
1629 5571 1973 5641 ἐπέτρεπονο

390 5666 452 5721 οὗ
511 5666 630 5737 μετ’
665 5666 850 5733 ὀλίγον
880 5665 1266 5734 ἀπειπαμένου
1317 5662 1379 5716 τὸ
1427 5662 1528 5735 ζῇν
1562 5661 1807 5731 διάδοχος
1838 5660 1975 5731 Γερ-

393 5759 604 5829 μανίων
644 5760 817 5827 ὄνομα
848 5754 942 5829 ἦν.
979 5759 1087 5812 Καὶ
1137 5756 1329 5809 τούτου
1374 5755 1560 5827 τρίτος
1593 5752 1758 5806 πάλιν
1786 5752 1975 5823 ἕτερος

395 5854 565 5921 ὄνομα
615 5854 872 5921 Γόρδιοςο
907 5853 992 5921 ἐφ’
1021 5851 1083 5906 οὗ
1120 5853 1194 5919 ὡς
1245 5852 1308 5907 ἔκ
1348 5852 1491 5916 τινός
1526 5851 1691 5905 ποῢεν
1736 5847 1976 5904 ἀναϐιώ-

1996 4710 2044 4768 D

2689 4690 2917 4747 CAPUT
2959 4689 3031 4748 Χ.

2087 4805 2152 4863 Ut
2177 4803 2482 4860 Alexander
2502 4801 2764 4858 Cmam:
2793 4802 3084 4873 episcopus,
3122 4801 3339 4873 oraculo
3368 4804 3548 4858 divino
3596 4806 3675 4863 ad

2153 4874 2643 4942 Hierosolymorum
2686 4872 3063 4942 episcopatum
3099 4872 3169 4926 sit
3228 4875 3504 4927 traductus
3530 4914 3543 4936 ,
3594 4892 3677 4930 tu.

2153 4954 2303 4999 vente
2354 4940 2524 4998 adhuc
2573 4945 2840 5013 decessore
2881 4943 2995 5011 ejus
3038 4940 3328 4997 Narcisso:
3359 4953 3519 5013 utque
3564 4944 3676 5000 duo

2153 5015 2316 5069 simul
2335 5013 2566 5084 episcopi
2596 5012 2871 5067 ecclesiam
2897 5012 2968 5067 ibi
2998 5014 3231 5067 rexerint
3261 5028 3281 5067 :
3335 5022 3384 5067 et
3429 5012 3493 5067 de
3545 5014 3675 5068 Δίες

2155 5085 2354 5139 τοπάτὶ
2382 5084 2618 5154 scriptis.

2153 5196 2292 5254 Cum
2347 5210 2484 5252 vero
2536 5192 2834 5251 Narcissus
2883 5192 3154 5265 profugus
3199 5192 3366 5265 longo
3414 5202 3675 5266 tempore

2084 5305 2197 5347 non
2217 5298 2547 5360 appareret,
2582 5286 2946 5341 ecclesiarum
2974 5285 3325 5342 antistitibus
3353 5283 3534 5339 visum
3556 5294 3669 5351 cst,

2082 5382 2250 5437 alium
2282 5379 2601 5448 episcopum
2624 5375 2907 5432 ordinare.
2943 5375 3022 5430 lta
3054 5376 3135 5431 illi
3172 5375 3336 5430 Dium
3368 5374 3670 5445 quemdam

2086 5474 2594 5544 Hierosolymorum
2633 5470 2952 5542 praeﬁciunt
3003 5468 3269 5525 Ecclesiae
3307 5486 3322 5521 :
3366 5467 3477 5533 cui,
3520 5465 3673 5535 quod

2086 5583 2196 5623 non
2250 5569 2426 5622 multo
2477 5572 2603 5636 post
2663 5562 2926 5630 decessit,
2986 5560 3329 5617 Germanion
3379 5572 3673 5614 successor

2081 5660 2390 5725 sollicitor,
2452 5667 2620 5728 atque
2684 5656 2817 5711 huic
2872 5669 3095 5710 rursum
3152 5654 3354 5710 tertius
3411 5649 3669 5707 succedit

2079 5753 2341 5811 Gordius.
2375 5750 2491 5807 Sub
2530 5766 2642 5822 quo
2677 5746 3080 5819 Hierosolymis
3131 5744 3341 5809 subito,
3390 5740 3564 5798 veluti
3597 5756 3670 5798 ex
3782 5757 3788 5762 '

2083 5847 2320 5918 quadam
2356 5842 2746 5899 l€\‘i‘llSCCIllla
2801 5851 3004 5914 praesto
3026 5839 3181 5897 adest
3204 5837 3525 5907 Narcissus,
3547 5834 3676 5909 epi-
