4032 6474
355 416 373 480 1
389 416 489 480 ’187

1591 416 1638 474 Ν
1653 416 2014 477 lCEPllORI
2055 416 2142 476 CA
2155 416 2404 476 LLISTI

3493 419 3626 482 1088

357 540 764 600 scopatumquc
795 529 1057 586 Ecrlesia:
1086 529 1185 594 ibi,
1221 527 1486 585 fratribus
1511 530 1814 599 plurimum
1840 543 1938 581 co-

2048 545 2186 590 σεως
2227 529 2422 597 φανεὶς
2471 531 2808 605 Νάρκισσος,
2861 533 2970 586 τῶν
3006 532 3254 603 ἀδελφῶν
3299 533 3375 600 ὠς
3405 535 3629 592 πλεῖστα

350 623 630 695 gentibus,
670 623 884 691 recipit.
949 621 1180 676 Multum
1231 637 1402 690 porro
1454 622 1835 676 venerationis
1883 620 1937 674 ei

347 726 686 775 accesserat,
714 729 779 768 ex
823 714 1214 784 philosophice
1251 715 1348 768 illo
1383 729 1651 769 secessu:
1691 724 1746 767 et
1774 729 1942 784 prop-

349 818 436 863 ter
466 808 572 862 alia
603 808 842 878 plurima
885 807 1055 870 bona,
1096 809 1264 861 etiam
1299 822 1369 862 ex
1409 808 1658 863 vindicta
1691 808 1784 862 illa
1839 821 1940 861 ne-

348 902 616 956 fariorum
680 900 992 967 hominum,
1050 917 1159 970 qua
1230 915 1359 955 eum
1423 902 1593 956 etiam
1650 901 1939 956 absentem

354 994 498 1048 Deus
530 995 708 1048 fuerat
740 993 1024 1064 dignatus.
1053 993 1520 1063 Quandoquidem
1557 1004 1740 1047 autem
1776 1010 1944 1064 prop-

349 1098 433 1142 ter
467 1097 681 1141 aetatem
715 1087 1057 1157 decrepitam
1095 1089 1232 1157 (jam
1283 1089 1432 1141 enim
1481 1099 1703 1141 centum
1753 1098 1810 1143 et
1844 1103 1940 1144 sex

347 1195 521 1234 annos
552 1180 792 1247 vixerat)
828 1179 1206 1235 ministerium
1240 1195 1404 1233 suum
1437 1179 1598 1234 obire
1634 1181 1938 1249 nequibat:

347 1271 750 1338 Alexandrum,
812 1287 978 1341 quem
1017 1271 1284 1332 diximus,
1341 1272 1576 1326 alterius
1639 1273 1943 1342 provinciae

346 1364 698 1433 episcOpnm,
741 1380 849 1417 una
880 1380 1004 1418 cum
1048 1363 1331 1429 Narcisso,
1369 1365 1718 1434 providentia
1745 1376 1801 1420 et
1827 1366 1942 1421 dis-

350 1459 560 1527 positio
592 1457 785 1512 divina
829 1457 1350 1528 Hierosolymitana:
1385 1459 1642 1512 Ecclesia:
1683 1460 1938 1529 praeficit,

349 1559 518 1604 noctu
543 1566 644 1619 per
677 1551 951 1604 visionem
985 1550 1034 1605 ei
1069 1551 1369 1620 designans
1397 1551 1606 1605 omnia.
1632 1553 1750 1619 Qua
1771 1553 1940 1607 etiam

350 1642 464 1707 ille,
502 1642 674 1696 veluti
718 1643 974 1696 divinum
1019 1642 1246 1712 aliquod
1287 1645 1579 1698 oraculum
1618 1646 1939 1715 perficiens.

347 1747 414 1784 ex
448 1732 565 1798 ipsa
595 1732 974 1802 Cappadocia,
1012 1736 1107 1791 ubi
1142 1738 1526 1810 episcopatum
1558 1743 1806 1812 gerebat.
1841 1759 1941 1798 ex-

347 1824 515 1891 citus,
547 1825 1117 1898 llierosolymitanam
1155 1832 1561 1902 profectionem
1596 1835 1938 1903 precationis

345 1931 500 1985 ergo,
535 1925 702 1986 atque
738 1926 797 1972 ut
841 1935 928 1974 res
976 1921 1051 1976 ibl
1100 1931 1358 1992 peractas
1389 1937 1774 1996 cognosceret,
1809 1942 1936 1982 sus-

346 2009 515 2080 cepit.
584 2011 784 2079 Itaque
855 2012 1061 2068 fratres
1131 2015 1576 2088 Hierosolymis.
1644 2019 1940 2076 affectione

345 2104 524 2158 amica
579 2113 634 2159 et
683 2106 794 2174 pia,
843 2106 1222 2164 Alexandrum
1277 2111 1504 2166 domum
1559 2113 1746 2169 redire
1790 2115 1939 2183 passi

347 2209 458 2248 non
491 2205 662 2250 sunt:
707 2214 772 2252 ex
810 2199 916 2252 alia
955 2200 1234 2266 videlicet,
1267 2219 1392 2273 quae
1425 2205 1506 2258 eis
1543 2216 1710 2260 noctu
1758 2206 1943 2264 fuerat

349 2287 559 2352 oblata,
588 2298 645 2344 et
683 2291 830 2345 idem
869 2293 1034 2349 bonis
1083 2294 1158 2348 ibi
1189 2298 1454 2352 omnibus
1483 2298 1936 2367 denuntiaverat,

347 2383 712 2439 revelatione.
758 2384 1104 2456 Accepcrant
1137 2389 1327 2454 etiam,
1380 2407 1507 2445 cum
1555 2403 1710 2448 extra
1749 2407 1939 2464 portas

345 2475 564 2528 obviam
601 2476 649 2529 ei
692 2476 921 2532 honoris
953 2494 1087 2550 ergo
1121 2483 1396 2552 progressi
1429 2484 1691 2548 fuissent,
1719 2488 1942 2543 caelitus

346 2583 566 2634 vocem,
611 2572 891 2627 dicentem
930 2594 943 2628 :
978 2576 1152 2641 Quem
1201 2578 1361 2634 vobis
1396 2583 1572 2649 gratia
1607 2582 1796 2638 dit-ina
1834 2586 1943 2638 mi-

345 2663 437 2728 sit,
467 2677 595 2716 eum
629 2665 774 2718 ultro
806 2667 1076 2737 suscipite
1108 2670 1462 2740 episcopum.
1499 2673 1666 2746 356
1698 2675 1812 2731 lloc
1847 2677 1941 2733 ubi

344 2755 426 2808 sic
459 2753 669 2809 factum
701 2768 807 2822 est,
847 2759 1102 2816 finitimis
1142 2762 1426 2832 episcopis
1459 2766 1654 2833 etiam,
1708 2771 1802 2837 qui
1835 2770 1945 2823 cir-

345 2847 627 2903 cumcirca
669 2850 942 2907 ecclesias
988 2854 1278 2923 regebant,
1311 2857 1689 2927 designationi
1743 2861 1794 2914 ei
1847 2877 1944 2916 ac-

346 2941 753 3006 quiescendum
793 2959 920 2998 esse
959 2944 1140 2999 visum
1181 2957 1290 3003 est.
1335 2950 1709 3016 Quamobrem
1741 2968 1945 3023 cogen—

346 3039 451 3094 tes,
487 3040 547 3085 ut
577 3032 653 3086 ibi
693 3045 967 3096 maneret,
1003 3037 1052 3090 ei
1095 3041 1487 3095 necessitatem
1525 3043 1935 3113 imposuerunt,

347 3135 629 3181 annuente
671 3127 841 3182 etiam
876 3129 996 3199 ipso
1024 3131 1306 3190 Narcisso.
1352 3137 1638 3207 Ejusmodi
1687 3156 1941 3196 commu-

2044 621 2398 690 βιασαμένων
2447 623 2540 675 ἐπὶ
2592 624 2692 694 τὴν
2739 625 2844 695 τῆς
2905 625 3240 693 Ἐκκλησίας
3289 629 3628 696 προστασίαν

2042 712 2350 768 ἀνέϐαινεν.
2402 716 2737 785 Ἐπιμᾶλλόν
2771 734 2828 770 τε
2855 712 2924 788 ἦν
2953 717 3238 788 αἰδέσιμος
3277 719 3378 786 τῆς
3418 721 3468 772 τ’
3503 721 3634 775 ἅνα-

2043 809 2342 878 χωρήσεως
2388 809 2489 862 καὶ
2536 810 2885 879 φιλοσοφίας,
2941 813 3037 864 καὶ
3086 809 3222 880 πρὸς
3258 810 3444 875 ἄλλοις
3482 813 3637 866 πλείο

2045 917 2194 962 στοις
2231 904 2514 972 χρηστοῖς,
2553 897 2636 966 οἷς
2667 905 2763 956 καὶ
2794 903 2934 972 πρὸς
2975 903 3115 956 Θεοῦ
3163 903 3256 957 ἐπὶ
3283 907 3398 968 τοῖς
3444 907 3603 974 ἀλιτη

2048 993 2186 1063 ρίοις
2225 994 2461 1056 ἐκείνοις
2496 993 2764 1064 τοιαύτης
2786 995 2942 1064 δίκης
2980 996 3204 1064 ἠξίωτο,
3239 997 3337 1051 καὶ
3371 997 3541 1051 ταῦτα
3567 998 3610 1052 δ.

2049 1087 2124 1156 μὴ
2154 1085 2371 1156 παρών.
2433 1086 2589 1140 Ἐπεὶ
2618 1088 2673 1140 δὲ
2718 1090 2899 1159 χρόνῳ
2943 1088 3033 1141 διὰ
3068 1088 3301 1159 λιπαρὸν
3344 1091 3522 1161 γῆρας
3556 1092 3634 1160 (ς’

2045 1181 2154 1250 γὰρ
2182 1181 2323 1248 πρὸς
2361 1183 2474 1244 τοῖς
2515 1180 2716 1235 ἑκατὸν
2748 1181 2841 1247 ἐτη
2873 1181 3173 1250 διέζησεν),
3207 1183 3304 1252 οὐχ
3335 1178 3449 1246 οἷός
3479 1201 3538 1237 τε
3565 1179 3635 1257 ἦν

2044 1270 2418 1339 λειτουργεῖν,
2481 1271 2574 1324 τὸν
2638 1272 2934 1340 εἰρημένον
3007 1271 3364 1341 Ἀλέξανδρον
3433 1271 3639 1342 ἐτέρας

2045 1365 2320 1434 ἐπαρχίας
2355 1364 2659 1419 ἐπίσκοπον
2715 1365 2866 1431 ὄντα,
2920 1365 3041 1419 θεία
3089 1382 3174 1428 τις
3205 1367 3488 1435 οἰκονομία
3515 1365 3635 1438 ἅμα

2044 1457 2352 1528 Ναρκίσσῳ
2399 1459 2492 1511 ἐπὶ
2544 1460 2645 1529 τὴν
2707 1460 2809 1527 τῆς
2875 1459 3212 1529 Ἐκκλησίας
3271 1459 3631 1532 Ἰερουσαλὴμ

2045 1543 2231 1602 εἷλκεν
2261 1552 2615 1617 ἐπιστασίαν,
2653 1552 2878 1622 νύκτωρ
2933 1552 3087 1622 αὐτῷ
3138 1553 3320 1606 πάντα
3377 1571 3634 1625 καταμη-

2047 1642 2272 1696 νύουσα.
2311 1643 2503 1716 Ταύτῃ
2545 1662 2630 1696 τοι
2661 1646 2754 1699 καὶ
2787 1644 2864 1707 ὥς
2901 1662 3027 1698 τινα
3082 1645 3227 1698 θεῖον
3262 1646 3510 1716 χρησμὸν
3540 1646 3634 1699 ἐκ·

2043 1735 2237 1798 τελῶν,
2271 1737 2335 1787 ἐκ
2375 1736 2475 1797 τῆς
2506 1735 2902 1789 Καππαδόκων
2940 1735 3184 1805 ἀπάρας,
3224 1737 3282 1789 ἐν
3415 1737 3506 1788 καὶ
3536 1733 3638 1807 τὴν

2045 1829 2358 1898 ἐπισκοπὴν
2392 1824 2531 1897 εἶχε,
2571 1831 2669 1898 τῆς
2700 1831 2795 1882 ἐπὶ
2827 1831 2897 1882 τὰ
2940 1829 3298 1898 Ἰεροσόλυμα
3341 1829 3506 1899 εὐχῆς
3534 1830 3634 1897 χά·

2045 1942 2132 1994 ριν
2161 1924 2256 1977 καὶ
2313 1925 2558 1994 ἱστορίας
2605 1926 2716 1978 τῶν
2765 1927 2944 1978 ἐκεῖσε
3002 1924 3164 1996 ίερῶς
3223 1925 3634 1997 πεπραγμένων

2041 2017 2268 2088 ἥπτετο.
2306 2019 2368 2070 Οί
2395 2019 2577 2072 τοίνυν
2619 2020 2802 2072 ἐκεῖσε
2832 2018 3056 2086 ἀδελφοὶ
3081 2019 3426 2088 φιλοφρόνως
3456 2018 3634 2071 διατε-

2045 2110 2255 2175 θέντες,
2313 2111 2501 2163 οὐκέτι
2555 2113 2650 2163 καὶ
2697 2111 2797 2180 τῆς
2860 2110 3048 2163 οἴκαδε
3109 2110 3276 2162 πάλιν
3329 2112 3635 2179 ἐπέτρεπον

2045 2203 2320 2256 ’ἅπτεσθαι
2343 2243 2357 2266 ,
2397 2205 2524 2258 καθ’
2558 2205 2757 2274 ἑτέραν
2787 2203 2994 2274 δηλαδὴ
3019 2202 3386 2272 ἀποκάλυψιν,
3419 2201 3638 2273 νύκτωρ

2045 2292 2109 2361 δὴ
2144 2294 2236 2345 καὶ
2269 2294 2458 2357 αὐτοῖς
2488 2294 2774 2363 ὀφθεῖσαν,
2802 2295 2901 2347 καὶ
2933 2294 3102 2347 ταυτὸ
3137 2295 3270 2347 πᾶσι
3308 2295 3422 2356 τοῖς
3456 2293 3638 2344 ἐκεῖσε

2050 2385 2368 2448 σπουδαίοις
2409 2387 2697 2456 χρήσασαν
2722 2403 2735 2417 °
2766 2387 2922 2454 ἔλεγε
2949 2387 3004 2440 δὲ
3037 2387 3068 2456 ἡ
3095 2385 3241 2455 ὄψις,
3273 2385 3379 2451 ἔξω
3406 2385 3640 2454 γενομέ-

2044 2494 2171 2540 νους
2227 2478 2435 2542 πυλῶν,
2487 2480 2602 2544 τὸν,
2661 2479 2719 2532 ὃν
2782 2483 2811 2547 ἡ
2869 2481 3034 2551 χάρις
3094 2481 3396 2532 ἐπίσκοπον
3453 2478 3637 2541 αὐτοῖς

2047 2569 2324 2640 ἔπεμπεν,
2368 2571 2758 2643 ὑποδέχεσθαι.
2810 2573 2984 2625 Τοῦτο
3029 2573 3342 2641 γενόμενον,
3400 2571 3636 2632 καὶτοῖς

2045 2665 2274 2735 ὁμόροις
2308 2666 2417 2718 τῶν
2451 2665 2773 2719 ἐπισκόπων
2799 2665 2850 2718 οἳ
2875 2665 2977 2727 τὰς
3009 2664 3170 2731 πέριξ
3199 2664 3409 2717 διεῖπον
3440 2663 3636 2732 ἐκκλη-

2049 2759 2197 2822 σίας,
2230 2758 2340 2811 δεῖν
2373 2761 2628 2829 στέργειν
2657 2758 2964 2827 λελόγιστο.
3020 2757 3130 2810 Καὶ
3163 2757 3446 2828 προσῆγον
3471 2756 3638 2824 ἀνάγ-

2047 2868 2170 2920 κην,
2201 2852 2300 2904 καὶ
2348 2851 2481 2921 παρ’
2509 2852 2695 2914 αὐτοῖς
2733 2852 2921 2920 μένειν
2952 2849 3374 2912 κατεειάσαντο,
3420 2865 3638 2901 συνεπι-

2047 2945 2301 3009 νεύοντος
2338 2945 2524 3009 αὐτοῖς
2577 2946 2674 2998 καὶ
2704 2945 3048 3015 Ναρκίσσου.
3105 2943 3219 3013 Τῆς
3271 2941 3329 2995 δὲ
3380 2941 3636 3009 τοιαύτης

2049 3037 2271 3104 σύναμα
2328 3038 2630 3108 Ναρκίσσῳ
2664 3037 2959 3108 προεδρίας
3006 3036 3101 3090 καὶ
3149 3035 3312 3098 αὑτός
3341 3051 3444 3087 που
3497 3049 3637 3104 μνη-

2050 3129 2272 3201 μονεύει.
2327 3129 2686 3200 Ἀλέξανδρος
2722 3132 2776 3182 ἐν
2829 3133 2893 3200 τῇ
2942 3132 3078 3200 πρὸς
3122 3128 3458 3190 Ἀντινοῖτας
3492 3124 3638 3194 αὐτῷ

348 3216 437 3271 nis
489 3231 617 3272 cum
672 3217 934 3275 Narcisso
984 3223 1346 3294 episc0patus
1405 3229 1938 3296 administrationis,

2048 3223 2330 3296 γραφείσῃ
2361 3223 2648 3294 ἐπιστολῇ,
2685 3224 2822 3292 πρδς
2857 3221 2934 3292 τῷ
2974 3221 3122 3275 τέλει
3167 3220 3264 3273 τοῦ
3305 3221 3642 3291 γράμματος

347 3307 666 3364 Alexander
707 3326 931 3381 quoque
988 3314 1106 3382 ipse
1171 3314 1226 3368 in
1277 3315 1513 3385 epistola
1568 3319 1634 3372 ad
1685 3319 1945 3376 Antinoi-

350 3411 432 3455 tas
470 3402 546 3472 (l)
590 3402 660 3457 ab
715 3405 835 3472 ipso
882 3406 1111 3477 scripta.
1152 3407 1298 3462 circa
1337 3407 1500 3464 finem
1552 3410 1706 3467 hisce
1755 3413 1944 3470 verbis

351 3495 646 3550 meminit:
691 3515 709 3548 ι
755 3497 973 3554 Salutat
1007 3515 1105 3554 vos
1149 3501 1466 3568 Narcissus,
1514 3505 1608 3573 qui
1658 3513 1788 3560 ante
1853 3524 1940 3563 me

347 3588 530 3641 locum
558 3589 916 3660 episcopatus
964 3591 1131 3661 hujus
1163 3596 1384 3650 tenuit.
1428 3604 1484 3650 et
1533 3612 1683 3651 nunc
1714 3600 1781 3652 ad
1814 3614 1944 3654 cen-

351 3689 467 3735 zum
508 3690 564 3737 et
615 3683 858 3738 sedecim
909 3699 1088 3741 annos
1119 3686 1232 3740 vita
1269 3695 1541 3753 extracta,
1590 3691 1943 3748 orationibus

351 3793 566 3833 mecum
617 3779 915 3843 incumbit,
952 3781 1260 3836 cohortans
1298 3797 1395 3835 vos
1427 3797 1671 3848 mecum,
1707 3792 1767 3838 ut
1806 3799 1942 3839 con-

348 3873 656 3929 sentientes
725 3873 871 3928 idem
957 3873 1214 3943 sapiatis.
1277 3893 1295 3926 ι
1367 3873 1705 3930 Mentionem
1772 3877 1944 3931 etiam

349 3965 664 4020 Alexander
702 3965 1045 4034 Asclepiadze
1086 3963 1242 4029 facit,
1274 3964 1370 4034 qui
1414 3964 1726 4020 Antiochiae
1777 3965 1943 4022 Sera-

350 4056 503 4126 pioui
530 4055 823 4118 successit,
851 4056 1012 4126 cujus
1039 4055 1203 4125 paulo
1236 4063 1364 4110 ante
1393 4072 1618 4127 quoque
1647 4060 1704 4112 in
1734 4058 1934 4113 haeresi

348 4150 657 4206 secundum
709 4149 955 4218 Phryges
1008 4147 1390 4202 meminimus.
1447 4149 1629 4204 Verba
1689 4150 1811 4221 ejus
1863 4151 1946 4206 sic

351 4245 595 4300 habent:
630 4261 646 4293 ι
669 4241 986 4297 Alexander
1015 4256 1212 4296 servus
1244 4250 1299 4296 et
1319 4221 1537 4296 vinctus
1557 4241 1687 4297 Jesu
1707 4243 1940 4310 Christi,

352 4340 523 4393 beatae
550 4336 1022 4390 Antiochenorum
1057 4334 1310 4389 ecclesiae
1333 4335 1384 4388 in
1419 4334 1658 4389 Domino
1681 4337 1940 4392 salutem.

351 4429 553 4486 Facilia
606 4429 742 4484 mihi
808 4435 866 4484 et
929 4428 1074 4482 levia
1136 4428 1424 4490 Dominus.
1482 4429 1752 4485 custodia:
1809 4445 1946 4485 mea:

351 4533 621 4594 tempore,
652 4523 876 4579 vincula
903 4523 1111 4584 effecit,
1136 4538 1264 4578 cum
1297 4524 1718 4592 intellexissem,
1739 4537 1945 4581 sancta:

2045 3315 2174 3369 τάδε
2202 3316 2347 3370 κατὰ
2379 3316 2536 3385 ῥῆμα
2579 3313 2832 3380 διεξιώνο
2891 3333 2909 3365 ι
2945 3315 3282 3378 Ἀσπάζεται
3317 3314 3460 3384 ὑμᾶς
3492 3312 3640 3382 Nip-

2049 3425 2240 3470 κισσος
2279 3409 2306 3459 ὁ
2358 3407 2464 3477 πρὸ
2513 3407 2654 3477 ἐμοῦ
2685 3407 2886 3461 διέπων
2924 3407 3015 3460 τὸν
3069 3407 3236 3460 τόπον
3290 3407 3392 3476 τῆς
3449 3405 3640 3459 ἐνθάδε

2046 3498 2388 3569 ἐπισκοπῆς,
2433 3499 2532 3551 καὶ
2583 3499 2679 3553 νῦν
2736 3498 3230 3570 συνεξεταζόμενός
3273 3515 3364 3568 μοι
3403 3498 3492 3551 διὰ
3534 3498 3644 3551 τῶν

2048 3593 2259 3663 εὐχῶν,
2296 3594 2494 3647 ἐκατὶν
2543 3593 2675 3647 δέκα
2729 3592 2787 3659 ἒξ
2835 3593 2931 3663 ἐτη
2985 3591 3240 3664 ὴνυκὼςο
3301 3591 3642 3663 παρακαλῶν

2049 3687 2193 3758 ⁹ὂμὸἱς
2224 3687 2426 3758 ὁμοίως
2459 3689 2582 3756 ἐμοὶ
2613 3689 3018 3758 ὁμοφρονῆσαι.
3061 3705 3079 3737 ι
3119 3687 3414 3757 Μέμνηται
3445 3685 3502 3739 δὲ
3542 3685 3640 3738 καὶ

2060 3781 2468 3851 ’Δσκληπιάδου
2506 3779 2866 3851 Ἀλέξανδρος
2913 3779 2970 3843 ὃς
3016 3781 3074 3832 ἐν
3117 3778 3421 3849 Ἀντιοχείᾳ.
3475 3779 3643 3846 Σερα-

2049 3873 2231 3926 πίωνα
2269 3873 2569 3937 διεδέξατο,
2631 3865 2692 3925 οῦ
2750 3872 2936 3943 μικρῷ
2976 3871 3212 3943 πρόσθεν
3269 3873 3326 3925 ἐν
3377 3873 3442 3941 τῇ
3500 3867 3641 3923 κατὰ

2047 3965 2270 4036 Φρύγας
2306 3965 2521 4030 αἱρέσει
2556 3964 2748 4035 μνείαν
2782 3964 3120 4033 πεποίημαι,
3164 3964 3395 4034 γράφων
3433 3959 3639 4024 οὓτως.

2053 4077 2072 4110 ι
2123 4057 2479 4127 Ἀλέξανδρος
2511 4057 2538 4110 ὁ
2565 4055 2750 4120 δοῦλος
2780 4058 2875 4110 καὶ
2909 4056 3133 4126 δέσμιος
3173 4055 3352 4126 Ἰησοῦ
3401 4051 3639 4123 Χριστοῦ

2049 4151 2112 4218 τῇ
2154 4150 2404 4218 μακαρίᾳ
2445 4147 2765 4216 Ἀντιοχέων
2806 4145 3104 4216 Ἐκκλησία
3123 4147 3178 4198 ὲν
3201 4145 3392 4215 Κυρίῳ
3412 4143 3640 4214 χαίρειν.

2061 4240 2309 4313 Ἐλαφρά
2345 4259 2437 4312 μοι
2469 4241 2566 4293 καὶ
2596 4239 2776 4308 κοῦφα
2809 4239 2873 4293 τὰ
2901 4240 3082 4309 δεσμὰ
3110 4239 3137 4290 ὁ
3172 4235 3374 4306 Κύριος
3416 4236 3640 4304 ἐποίησε

2050 4337 2194 4388 κατὰ
2226 4335 2318 4387 τὸν
2354 4334 2549 4404 καιρὸν
2580 4333 2682 4402 τῆς
2729 4331 2980 4402 εἱρκτῆς,
3025 4329 3324 4399 πυθομένῳ
3354 4327 3453 4398 τῆς
3483 4326 3643 4395 ἁγίας

2052 4427 2210 4499 ὑμῶν
2235 4427 2345 4480 τῶν
2387 4427 2742 4496 ’Ἃντιοχέων
2786 4423 3118 4494 Ἐκκλησίας
3153 4422 3302 4476 κατὰ
3347 4423 3448 4491 τὴν
3493 4420 3643 4473 θείαν

2057 4519 2343 4589 πρόνοιαν,
2402 4516 2816 4586 Ἀσκληπιάδην
2873 4517 2966 4569 τὸν
3029 4513 3478 4584 ἐπιτηδειότατον
3521 4509 3644 4565 κατ’

350 4630 552 4675 vestra:
597 4619 960 4674 Antiochense
1005 4617 1257 4673 ecclesiae
1301 4619 1710 4689 episcOpatum,
1750 4618 1941 4674 divina

2054 4611 2212 4675 ἀξίαν
2236 4610 2332 4679 τῆς
2356 4609 2598 4672 πίστεως
2627 4608 2728 4680 τὴν
2755 4607 3066 4675 ἐπισκοπὴν
3091 4602 3638 4675 ἐγκεχειρισμένον.»

351 4709 727 4780 providentia,
783 4707 1126 4777 Asclepiadae
1176 4716 1402 4778 propter
1452 4709 1718 4763 eximiam
1775 4707 1941 4764 fidem

354 4804 594 4858 maxime
624 4801 851 4864 idoneo,
888 4800 1285 4856 demandatum
1317 4816 1460 4856 esse.
1501 4819 1518 4851 ι
1559 4799 1690 4854 Eam
1733 4802 1945 4870 episto-

353 4896 464 4950 lam
493 4910 592 4966 per
620 4895 986 4959 Clementem,
1040 4909 1206 4963 quem
1251 4894 1418 4948 etiam
1449 4894 1828 4958 commendat,
1885 4908 1946 4950 se

353 4988 421 5044 ad
473 5004 570 5043 eos
622 4988 866 5051 mittere,
911 4987 1066 5042 hisce
1099 4985 1287 5041 verbis
1343 4986 1597 5041 indicat:
1637 5003 1657 5039 ι
1695 4985 1943 5043 Litteras

356 5083 544 5146 hasce,
577 5081 788 5136 domini
825 5082 1137 5151 fratresque
1183 5082 1314 5145 mei,
1347 5079 1414 5134 ad
1470 5096 1572 5136 vos
1619 5081 1769 5147 misi,
1812 5097 1941 5137 cum

351 5176 641 5230 Clemente
672 5175 1002 5246 presbytero
1033 5173 1378 5239 beatissimo,
1409 5174 1611 5244 insigni
1663 5183 1944 5244 spectata-

353 5283 464 5336 que
497 5268 704 5324 virtute
733 5269 965 5338 praedito
995 5266 1138 5332 viro,
1161 5282 1327 5335 quem
1358 5281 1455 5321 vos
1483 5267 1742 5332 novistis,
1773 5279 1943 5337 atque

353 5361 521 5416 etiam
553 5361 794 5430 amplius
826 5359 1196 5430 cognoscetis.
1234 5357 1283 5413 Is
1314 5374 1439 5413 cum
1490 5359 1582 5413 hic
1614 5368 1788 5424 esset,
1846 5375 1945 5429 per

359 5454 772 5524 providentiam
809 5464 866 5508 et
895 5452 1274 5507 visitationem
1316 5452 1558 5516 Domini,
1589 5453 1944 5508 confirmavit

357 5560 524 5618 atque
555 5549 710 5602 auxit
739 5545 1044 5601 Ecclesiam
1076 5545 1196 5601 Dei.
1244 5564 1262 5597 ι
1301 5545 1451 5600 Idem
1475 5545 1777 5600 Clementis
1805 5560 1944 5614 quo-

357 5655 469 5710 que
517 5648 575 5695 et
623 5639 894 5706 Pantami,
927 5647 986 5693 ut
1015 5637 1380 5694 familiarium
1420 5637 1530 5693 sibi
1573 5639 1848 5703 virorum,
1881 5635 1940 5691 in

2053 4705 2275 4775 Ταύτην
2307 4705 2364 4758 δὲ
2401 4704 2497 4757 καὶ
2543 4704 2634 4757 διὰ
2685 4703 3012 4775 Κλήμεντος
3059 4700 3308 4770 πέμπειν
3342 4697 3646 4768 ἐπισημαίο

2054 4794 2322 4859 νεται,ὃν
2364 4796 2457 4848 καὶ
2514 4795 2826 4865 συνίστησι,
2883 4793 3057 4847 ταῦτα
3107 4792 3319 4860 λέγων’
3383 4808 3400 4842 ι
3459 4789 3642 4859 Ὑμῖν,

2057 4889 2240 4960 κύριοί
2286 4906 2388 4958 μου
2437 4889 2682 4957 ἀδελφοὶ,
2721 4888 2790 4941 τὰ
2840 4888 3152 4958 γράμματα
3207 4883 3509 4938 ἀπέστειλα
3555 4882 3646 4934 διὰ

2055 4981 2380 5052 Κλήμεντος
2413 4980 2507 5034 τοῦ
2545 4981 2981 5052 μακαριωτάτου
3015 4977 3420 5049 πρεσϐυτέρου,
3451 4973 3643 5043 ἀνδρὸς

2055 5076 2321 5145 ἐναρέτου
2366 5076 2462 5129 καὶ
2491 5074 2754 5143 δοκίμου⁶
2789 5073 2850 5128 ὂν
2897 5075 3014 5128 ἴστε
3047 5073 3145 5126 καὶ
3176 5073 3335 5142 ὑμεῖς
3385 5071 3480 5123 καὶ
3530 5070 3648 5121 ἐπι-

2057 5167 2339 5236 γνώσεσθε
2358 5183 2372 5198 ·
2404 5169 2462 5233 ὃς
2486 5169 2582 5220 καὶ
2613 5166 2802 5220 ἐνθάδε
2837 5163 3054 5236 παρὼν,
3083 5166 3230 5218 κατὰ
3253 5164 3352 5232 τὴν
3384 5164 3646 5231 πρόνοιαν

2053 5259 2146 5312 καὶ
2204 5261 2514 5331 ἐπισκοπὴν
2565 5261 2660 5314 τοῦ
2709 5259 2997 5323 δεσπότου,
3047 5256 3389 5328 ἐπεστήριζέ
3441 5271 3500 5308 τε
3548 5255 3644 5306 καὶ

2048 5350 2260 5424 τοῦξησε
2309 5351 2408 5424 τὴν
2447 5352 2543 5406 τοῦ
2580 5351 2719 5406 Θεοῦ
2783 5351 3145 5424 Ἐκκλησίαν.
3201 5369 3219 5402 ι
3274 5350 3335 5404 Ὁ
3382 5348 3427 5401 δ’
3481 5347 3644 5409 αὐτὸς

2047 5449 2144 5499 καὶ
2174 5430 2498 5518 Κλήμεντος
2523 5449 2618 5502 καὶ
2652 5447 2962 5501 Πανταίνου
3011 5445 3068 5500 έν
3096 5464 3205 5499 τινι
3252 5444 3410 5514 πρὸς⁷
3430 5439 3644 5510 Ὠριγέ·

2044 5559 2145 5611 νην
2189 5544 2455 5615 ἐπιστολῇ
2510 5542 2856 5614 μνημονεύει
2903 5542 2979 5606 ὼς
3011 5541 3310 5613 γνωρίμων
3351 5535 3502 5606 αὐτῷ
3533 5535 3641 5587 τῶν

2045 5634 2281 5706 ἀνδρῶν,
2321 5635 2535 5707 λέγων·
2575 5657 2594 5691 ι
2630 5636 2806 5691 Τοῦτο
2848 5637 2954 5710 γὰρ
2989 5636 3204 5706 θέλημα
3237 5631 3401 5699 Θεοῦ,
3445 5631 3520 5694 ὡς
3563 5623 3641 5682 οἴ-

431 5827 508 5886 (tl
542 5801 838 5895 Antinous,
877 5825 1174 5889 Ἀντίνοος,
1202 5821 1420 5895 [Egypti
1451 5823 1605 5885 urbs,
1646 5822 1714 5895 in
1761 5821 2031 5895 honorem
2074 5823 2320 5890 Antinoi,
2373 5833 2432 5880 ut
2468 5836 2635 5895 Supra
2689 5822 2898 5880 dictum
2935 5829 3040 5890 est,
3075 5819 3141 5876 ab
3170 5817 3414 5875 Adriano
3469 5814 3662 5884 imper.

361 5899 603 5954 condita.
635 5894 876 5955 Vocatur
896 5896 1060 5954 etiam
1093 5893 1376 5963 Antinoia,
1424 5903 1478 5949 et
1513 5893 1938 5963 Adrianopolis.
