4032 6434
337 411 477 481 1089

1258 412 1869 490 ECCLESIASTIC/E
1908 413 2311 476 IIISTORLE
2351 415 2495 480 LIB.
2540 417 2604 478 Υ.

3470 409 3610 475 1030

331 530 452 593 δας,
487 528 736 598 γέγονεν,
770 526 857 582 ἵνα
888 529 921 598 ἡ
954 525 1067 583 ἀπὸ
1098 531 1390 599 προγόνων
1425 531 1563 601 ἡμῖν
1594 531 1749 599 φιλία
1780 532 1917 603 μένῃ

2025 530 2259 601 epistola
2290 531 2357 586 ad
2386 530 2680 603 Origenem
2708 530 2984 593 meminit.
3024 531 3095 586 ita
3129 528 3380 586 scribens
3404 547 3451 586 τι
3481 532 3610 587 Haec

331 622 535 683 ἄσυλος
564 661 581 687 ,
639 622 842 692 μᾶλλον
875 622 934 675 δὲ
987 621 1302 693 θερμοτέρα
1408 624 1502 676 καὶ
1550 623 1925 694 βεδαιοτέραῖ

335 710 581 783 πατέρας
612 714 720 784 γὰρ
761 714 921 781 ἴσμεν
958 714 1089 778 τοὺς
1127 717 1437 782 μακαρίους
1478 717 1607 779 τοὺς
1654 717 1918 787 προοδεύ-

335 822 538 868 σαντας
562 819 577 832 °
607 806 745 874 πρὸς
776 804 870 869 οὓς
914 806 1035 875 μετ’
1065 807 1247 874 ὀλίγον
1277 806 1522 876 ἐσόμεθα
1543 822 1586 837 ο·
1615 809 1920 861 ιίάνταινον

332 900 424 952 τὸν
461 898 735 968 μακάριον
765 899 841 962 ὡς
874 899 1093 971 ἀληθῶς
1127 902 1222 954 καὶ
1256 900 1484 970 κύριον·
1522 901 1617 954 καὶ
1647 901 1740 953 τὸν
1776 902 1924 971 ἱερξν

335 991 661 1061 Κλήμεντα,
696 991 890 1064 κύριόν
924 1010 1031 1062 μου
1072 995 1372 1063 γενόμενον
1418 995 1516 1047 καὶ
1555 993 1921 1065 ὠφελήσαντά

338 1101 405 1155 με
430 1100 444 1116 ·
481 1083 579 1138 καὶ
608 1082 662 1136 εί
687 1102 772 1148 τις
807 1085 998 1155 ἕτερος
1034 1085 1306 1148 τοιοῦτος.
1338 1084 1419 1140 Δι’
1448 1080 1526 1140 ὧν
1554 1104 1616 1140 σε
1644 1086 1920 1156 ἐγνώρισα

332 1174 426 1231 τὸν
458 1176 603 1230 κατὰ
656 1177 835 1230 πάντα
865 1180 1091 1246 ἄριστον
1138 1178 1232 1230 καὶ
1273 1179 1465 1250 κύριόν
1498 1197 1603 1249 μου
1634 1181 1730 1233 καὶ
1763 1179 1922 1233 dos).-

335 1264 455 1333 φόν.
496 1285 514 1316 ι
550 1266 763 1334 Γράφει
809 1264 868 1317 δὲ
913 1267 1005 1319 καὶ
1044 1267 1184 1335 πρὸς
1228 1268 1525 1339 Ἀντιοχεῖς
1559 1267 1758 1340 ἑτέραν
1795 1270 1922 1321 ἐπ.-

336 1355 534 1424 στολήν
557 1371 571 1385 ο
603 1357 666 1409 οὐ
706 1357 814 1426 μὴν
848 1356 987 1411 ἀλλὰ
1022 1358 1121 1411 καὶ
1143 1358 1282 1428 πρὸς
1339 1359 1630 1430 Ὠριγένην
1660 1360 1755 1414 καὶ
1781 1361 1925 1431 ὑπὲρ

344 1449 659 1519 Ὠριγένους
689 1453 832 1506 κατὰ
852 1454 1170 1523 Δημητρίου
1199 1472 1213 1486 ·
1247 1455 1331 1508 ὃτι
1360 1454 1923 1526 προσμαρτυροῦντος

333 1545 660 1615 Δημητρίου
702 1546 1086 1616 πρεσϐύτερον
1128 1548 1299 1603 αὐτὸν
1340 1549 1782 1619 ἐχειροτόνησεν.
1817 1552 1924 1602 Καὶ

332 1628 494 1687 ἄλλαι
523 1636 581 1688 δὲ
612 1636 779 1690 αὑτοῦ
810 1637 950 1707 πρὸς
989 1638 1285 1711 διαφόρους
1316 1640 1608 1694 ἐπιστολαὶ
1643 1641 1923 1711 φέρονται.

332 1727 422 1797 Τῴ
456 1728 500 1779 δ’
537 1728 756 1798 ἑϐδόμῳ
788 1729 984 1783 Δεκίου
1018 1730 1250 1803 διωγμῷ
1299 1731 1460 1796 αὖθις
1506 1734 1624 1796 τοῖς
1660 1735 1928 1803 ἡγεμονι-

2025 625 2174 679 enim
2212 626 2470 682 voluntas
2496 624 2633 691 Dei,
2654 637 2713 679 ut
2736 624 2868 687 seis,
2905 624 3031 684 fuit,
3059 633 3120 677 ut
3154 640 3277 692 quae
3307 639 3338 678 a
3378 625 3612 696 majori-

2026 721 2134 773 bus
2164 719 2371 771 nostris
2410 717 2477 771 ad
2527 731 2630 771 nos
2659 715 2914 784 pervenit
2960 715 3228 779 amititia,
3260 724 3408 769 sarta
3441 723 3609 781 tecta,

2027 824 2125 865 seu
2159 809 2346 879 potius
2382 809 2688 864 ferventior
2722 808 3042 878 ﬁrmiorque
3093 816 3264 862 esset.
3301 808 3495 862 Patres
3532 807 3614 861 si-

2026 904 2247 974 quidem
2289 904 2644 972 agnoscimus
2688 902 2881 956 beatos
2914 900 3186 971 illos.rqui
3239 917 3342 956 nos
3378 917 3615 972 praet-es-

2026 1006 2242 1059 serunt,
2274 998 2455 1051 viros:
2479 1012 2603 1051 cum
2636 997 2841 1067 quibus
2875 1010 2975 1049 nos
3007 995 3165 1051 brevi
3194 995 3364 1050 futuri
3396 1011 3610 1050 sumus.

2025 1089 2361 1144 Pantarnum
2385 1089 2532 1149 dico.
2574 1089 2726 1142 illum
2760 1103 2889 1144 vere
2922 1089 3146 1144 beatum
3179 1098 3236 1143 et
3276 1089 3563 1142 dominum
3595 1105 3611 1142 :

2025 1187 2084 1233 et
2130 1192 2352 1232 sacrum
2404 1178 2751 1234 Clementem
2786 1179 3079 1233 dominum
3135 1195 3347 1245 meum,
3379 1189 3436 1234 et
3470 1179 3613 1235 bene

2026 1271 2096 1327 de
2124 1287 2214 1325 me
2265 1272 2529 1327 meritum
2565 1289 2579 1324 :
2613 1282 2670 1326 et
2703 1272 2747 1325 si
2791 1272 3213 1342 quis'praatcrea
3250 1273 3355 1327 fuit
3392 1273 3612 1340 eiusce-

2025 1364 2202 1429 modi,
2260 1380 2360 1436 per
2395 1380 2539 1435 quos
2578 1377 2630 1420 te
2661 1366 2922 1422 omnibus
2955 1365 3136 1420 modis
3189 1367 3463 1435 optimum
3517 1366 3615 1418 du-

2025 1459 2239 1512 minum
2308 1467 2366 1512 et
2420 1458 2653 1514 fratrem
2720 1475 2903 1514 meum
2966 1458 3224 1529 cognovi.
3298 1476 3314 1509 ι
3377 1457 3616 1528 Scripsit

2026 1567 2254 1622 quoque
2302 1554 2465 1607 aliam
2527 1553 2595 1608 ad
2646 1553 3030 1608 Antiochenos
3085 1553 3399 1624 epistolam,
3446 1555 3613 1607 aliam

2028 1646 2223 1701 itidem
2256 1646 2326 1701 ad
2367 1647 2690 1718 Origencm,
2722 1660 2780 1702 et
2828 1664 3051 1703 rursum
3082 1649 3242 1702 aliam
3271 1658 3466 1702 contra
3515 1649 3617 1702 Dc—

2028 1741 2291 1794 metrium
2334 1755 2436 1809 pro
2467 1739 2710 1810 Origene
2752 1759 2765 1806 ;
2800 1740 2963 1812 357
3002 1742 3150 1811 quod
3199 1741 3457 1797 videlicet
3493 1739 3618 1795 Ori-

329 1821 449 1879 κοῖς
473 1820 764 1889 παραστὰς
788 1821 1193 1893 δικαστηρίοις.
1239 1824 1593 1896 Ἀλέξανδρος
1629 1825 1917 1897 συνεδρίου

2027 1846 2249 1901 genem,
2303 1834 2584 1888 Demetrio
2635 1837 2840 1887 bonum
2874 1834 2926 1888 ei
2970 1833 3303 1903 perbibente
3359 1835 3616 1888 testium-

331 1913 632 1980 πειρᾶται,
703 1914 893 1985 σεμνῷ
944 1918 1097 1986 γήρᾳ
1146 1933 1243 1970 και
1288 1894 1511 1989 λιπαρῷ
1565 1894 1917 1991 διαπρέττων,

2029 1894 2210 1993 nium,
2235 1894 2656 1998 'presbyterum
2702 1927 2933 1980 crearit.
2967 1894 3075 1980 Sed
3123 1934 3180 1979 et
3209 1924 3332 1979 alia:
3366 1924 3488 1995 ejus
3544 1922 3615 1977 ad

329 2002 522 2073 ἀχθεὶς
540 2008 621 2069 εἰς
648 2006 996 2078 Καισάρειαν
1012 2023 1029 2038 ⁸
1056 2008 1188 2062 ἔνθα
1205 2011 1423 2080 χρόνιος
1449 2012 1803 2082 καθειρχθεὶς
1826 2013 1920 2067 τὸν

330 2095 420 2152 διὰ
447 2101 753 2171 μαρτυρίου
782 2101 1054 2171 στέφανον
1089 2104 1472 2172 ἀπηνέγκατο.

2031 2018 2173 2073 alios
2229 2019 2709 2074 circumferuntur
2765 2018 3034 2088 epistolae.
3100 2018 3159 2072 In
3223 2018 3614 2087 persecutione

2031 2119 2214 2165 autem
2260 2110 2495 2180 septima
2532 2112 2638 2166 sub
2688 2110 2880 2176 Decio,
2928 2110 3242 2165 Alexander
3276 2124 3499 2164 rursum
3543 2105 3615 2161 ad

333 2197 594 2266 praesidis
621 2200 926 2268 productus
954 2202 1219 2265 tribunal,
1250 2216 1474 2256 causam
1527 2204 1767 2259 dicendo
1800 2205 1997 2276 judieii
2040 2200 2345 2279 periculum
2393 2210 2588 2273 subiit,
2625 2208 2777 2278 gravi
2823 2216 2878 2262 et
2926 2221 3096 2277 prope
3136 2206 3415 2276 decrepita
3451 2220 3615 2262 sene-

331 2302 485 2349 ctute
515 2293 866 2349 venerandus
891 2312 908 2348 :
932 2294 1351 2365 Caesareamque
1382 2297 1609 2363 ductus,
1640 2309 1806 2371 atque
1868 2300 1945 2355 ibi
1985 2302 2311 2374 aliquandiu
2358 2303 2413 2358 in
2451 2317 2678 2357 carcere
2707 2310 2980 2366 servatus,
3050 2316 3315 2357 Coronam
3358 2299 3613 2372 martyrii

330 2390 658 2458 reportavit.

920 2534 1175 2589 ΚΕΦΑΛ.
1220 2534 1324 2590 IA’.

328 2648 473 2718 Περὶ
497 2648 611 2716 τῆς
641 2648 984 2719 Ὠριγένους
1016 2652 1104 2714 είς
1144 2649 1255 2715 τὰς
1289 2652 1537 2719 Γρίιςρὰς
1562 2652 1916 2718 ἐπιδόσεως*

399 2721 502 2792 καί
533 2720 666 2792 περὶ
694 2719 815 2774 τῶν
856 2719 1176 2784 Ἑξαπλῶν
1198 2721 1337 2790 παρ’
1369 2720 1531 2786 αὐτῷ
1576 2724 1920 2792 λεγομένων

398 2790 726 2845 ἐκδόσεων.

398 2906 492 2977 τῷ
515 2905 563 2960 δ’
620 2884 888 2977 Ὠριγένει
924 2907 1064 2980 ἔρως
1097 2908 1419 2979 ἐνσκήπτει,
1464 2909 1770 2980 Ζεφυρίνου
1817 2909 1916 2978 τῆς

341 2996 671 3069 Ἐκκλησῐας
700 3002 1036 3070 ηγουμένου,
1064 3001 1167 3072 τὴν
1205 3001 1500 3071 Ῥωμαίων
1552 3003 1710 3055 πόλιν
1764 3002 1914 3057 [δεῖν.

330 3089 634 3160 Γενόμενος
664 3090 720 3144 δὲ
745 3092 839 3143 καὶ
861 3092 924 3144 οὑ
957 3092 1093 3145 πολὺ
1122 3092 1322 3163 χρόνου
1347 3093 1527 3146 ἐκεῖσε
1562 3110 1625 3162 με
1635 3091 1915 3163 μενηκὼς,

2642 2533 2875 2591 CAPUT
2916 2534 3008 2589 XI.

2028 2650 2107 2707 De
2126 2650 2369 2721 Origenis
2394 2653 2449 2705 in
2476 2652 2643 2705 sacris
2675 2650 2886 2705 Litteris
2917 2650 3176 2720 profectu,
3199 2659 3254 2721 et
3277 2648 3341 2701 de
3363 2648 3615 2719 sumpta

2234 2720 2300 2778 ob
2338 2739 2397 2776 eo
2423 2724 2565 2776 dicta
2602 2722 3003 2789 Scripturarum
3031 2720 3410 2773 translatione.

2095 2898 2321 2971 Origeni
2360 2907 2546 2953 autem
2580 2898 2844 2953 Romana:
2882 2897 3039 2952 urbis
3067 2896 3330 2963 visenda,
3372 2911 3499 2951 cum
3535 2897 3613 2950 ibi

2026 2994 2378 3066 Zepybrinus
2438 2991 2745 3047 Ecclesiam
2795 2999 3053 3060 regeret,
3105 2989 3312 3059 cupido
3362 2989 3612 3044 incessit.

2028 3085 2131 3141 Ubi
2168 3102 2293 3141 cum
2343 3101 2452 3140 non
2490 3085 2564 3139 ita
2604 3084 2700 3139 diu
2741 3084 3061 3145 mansisset,
3091 3092 3148 3138 et
3198 3083 3327 3137 inde
3369 3084 3614 3137 Alexan-

330 3182 388 3246 ἐς
427 3180 526 3252 τὴν
576 3180 934 3253 Ἀλεξάνδρου
979 3183 1137 3247 αὖθις
1186 3183 1462 3251 ἐπάνεισι,
1535 3185 1759 3239 καὶτοῦ
1819 3187 1917 3255 τῆς

2025 3178 2201 3232 driam
2255 3178 2535 3245 rediisset,
2586 3176 2861 3231 doctrinae
2913 3184 3080 3244 atiue
3131 3175 3496 3241 institutioni,
3553 3182 3613 3229 ut

330 3274 694 3344 κατηχήσεως
731 3275 895 3343 λόγου
926 3273 1151 3346 ἐξῆρχε,
1210 3276 1530 3349 Δημητρίου
1563 3275 1916 3330 ἀντιϐολοῦν-

327 3377 421 3424 τος
466 3360 564 3414 τοῦ
622 3359 790 3431 ἔργου
848 3362 1275 3437 σπουδαιότερον
1329 3362 1574 3433 ἔχεσθαι.
1601 3364 1846 3427 Ἐκεῖνος
1873 3363 1919 3415 δ’

330 3453 525 3507 ἑαυτὸν
564 3452 710 3523 ὀρῶν
745 3453 846 3522 τῆς
869 3470 928 3506 τε
959 3452 1270 3524 βαθυτέρας
1301 3454 1547 3519 διανοίας
1568 3456 1678 3509 τῶν
1710 3458 1920 3528 νοημά-

328 3559 438 3600 των
479 3545 699 3616 Γραφῆς
756 3544 1266 3615 ἀπασχολούμενον,
1318 3546 1457 3617 μηδὲ
1486 3550 1672 3602 πνέειν
1701 3549 1920 3602 ἐώντων

331 3639 441 3694 τῶν
489 3639 764 3711 ὁσημέραι
816 3638 950 3710 παρ’
1004 3639 1157 3710 αὑτῷ
1216 3639 1537 3708 φοιτώντων
1572 3640 1634 3706 ἐξ
1685 3641 1914 3695 ἑωθινοῦ

330 3732 458 3804 ἄχρι
496 3732 560 3803 δὴ
590 3734 683 3787 καὶ⁵
709 3731 957 3803 ἑσπέρας
1008 3733 1202 3803 αὐτῆς,
1235 3732 1289 3786 τί
1323 3736 1505 3802 ποιεῖ;
1553 3737 1815 3806 Δίανέμει
1851 3737 1918 3790 τὰ

330 3826 540 3896 πλήθηο
565 3826 662 3880 καὶ
702 3823 953 3895 Ἠρακλᾷ
980 3824 1082 3894 μὲν
1113 3824 1191 3894 τῷ
1213 3825 1322 3878 τῶν
1343 3825 1620 3895 φοιτητῶν
1650 3825 1914 3896 ἐκκρίτῳ,

327 3917 407 3982 ὥς
441 3916 598 3988 ἀνδρί
625 3933 684 3970 τε
722 3916 1043 3986 λογιωτάτῳ
1081 3915 1177 3970 καὶ
1214 3918 1433 3987 περὶτὰ
1460 3917 1582 3970 θεῖα
1602 3918 1703 3971 οὐκ
1733 3919 1918 3988 ἐλαχί-

331 4026 467 4080 στην
495 4009 868 4082 εἰσενηνοχὸτι
897 4008 1159 4079 σπουδὴν,
1195 4011 1290 4062 καὶ
1322 4009 1400 4078 τῷ
1439 4009 1755 4080 φιλοσοφεῖν
1781 4012 1919 4082 λαμ-

330 4107 488 4174 πρῶς
514 4104 883 4169 ἐπιϐάλλοντι,
909 4096 1163 4175 συνεργῷ
1183 4103 1384 4173 ἐχρῆτο
1410 4104 1508 4174 τῆς
1532 4107 1913 4177 κατηχήσεως·

330 4196 430 4248 καὶ
463 4194 529 4265 δὴ
558 4195 629 4248 τὰ
656 4196 754 4266 μὲν
783 4197 1131 4264 είσαγωγικὰ
1157 4194 1266 4248 τῶν
1300 4195 1427 4266 ἄρτι
1460 4198 1917 4266 στοιχειουμένων

329 4291 398 4359 τῇ
436 4290 620 4341 πίστει
650 4288 847 4358 ἐκείνῳ
878 4289 1073 4359 ἐνῆκεν
1100 4305 1115 4318 ο
1149 4290 1328 4360 ἐαυτῷ
1376 4289 1433 4343 δέ
1461 4289 1570 4342 τῶν
1595 4292 1653 4343 ἐν
1679 4289 1791 4357 ἔξει
1816 4293 1918 4362 τὴν

334 4385 607 4451 ἀκρόασιν
649 4381 976 4452 ἐφυλάξατο.
1018 4383 1147 4438 Ἐπὶ
1190 4386 1349 4437 τόσον
1400 4383 1447 4438 δ’
1502 4385 1536 4454 ή
1595 4383 1707 4438 τῶν
1758 4384 1918 4438 θείων

327 4478 509 4546 λόγων
574 4474 725 4545 αὐτῷ
776 4473 1029 4540 ἐξέτασις
1083 4475 1479 4545 ἀπηκρίϐωτο,
1543 4475 1619 4539 ὡς
1667 4478 1762 4530 καὶ
1814 4478 1916 4549 τὴν

2024 3270 2556 3327 catechumenorum
2611 3268 2898 3338 magister,
2932 3266 3005 3321 ibi
3047 3265 3303 3335 praefuit,
3341 3266 3612 3321 Demetrii

2024 3373 2216 3434 rogatu
2253 3362 2553 3427 adductus,
2587 3369 2649 3414 ut
2690 3375 2757 3413 eo
2795 3360 3004 3427 majore
3034 3358 3221 3412 studio
3250 3358 3403 3427 operi
3429 3359 3479 3412 ei
3511 3359 3563 3412 in
3591 3390 3611 3398 -

2021 3453 2328 3509 cumberet.
2379 3453 2516 3507 Cum
2567 3466 2703 3505 vero
2747 3451 3241 3515 animadverteret,
3273 3450 3606 3505 abstrusiori

2021 3561 2081 3603 se
2108 3544 2420 3614 Scriptura:
2454 3543 2641 3597 sensui
2666 3542 2969 3597 scrutando
3022 3551 3189 3611 atque
3224 3541 3498 3606 eruendo,
3533 3543 3608 3597 ita

2019 3647 2082 3691 ut
2126 3635 2366 3700 volebat,
2412 3648 2613 3689 vacare
2657 3649 2769 3689 non
2831 3648 3016 3705 posse,
3042 3633 3188 3703 quod
3229 3649 3297 3687 ne
3330 3634 3611 3704 respirare

2020 3730 2241 3801 quidem
2280 3731 2513 3785 liberius
2539 3730 2587 3783 ei
2631 3730 2855 3791 liceret,
2891 3745 2989 3799 per
3025 3745 3123 3784 eos
3158 3728 3250 3799 qui
3292 3730 3549 3800 quotidie
3576 3746 3606 3784 a

2019 3824 2137 3880 sole
2183 3833 2304 3878 orto
2340 3821 2407 3877 ad
2458 3810 2751 3892 vespci‘am
2802 3826 2977 3892 usque
3032 3823 3279 3879 scholam
3326 3826 3449 3894 ejus
3495 3824 3612 3878 fre-

2020 3918 2393 3988 quentabant;
2452 3914 2769 3970 faciendum
2823 3916 2929 3970 sibi
2989 3914 3226 3985 putavit,
3278 3924 3339 3970 ut
3393 3925 3606 3970 tantam

2021 4009 2436 4064 multitudinem
2468 4008 2745 4063 divideret
2773 4049 2789 4075 ,
2820 4016 2877 4064 et
2906 4008 3218 4073 Ileraeiam,
3257 4024 3324 4063 ex
3361 4017 3608 4064 sectato-

2021 4103 2177 4158 ribus
2207 4103 2323 4156 suis
2351 4103 2720 4172 praecipuum,
2762 4104 2943 4157 virum
2981 4101 3390 4169 doetissimum,
3420 4103 3513 4172 qui
3552 4105 3607 4157 in

2020 4195 2327 4263 disciplinis
2368 4195 2771 4265 philosopliicis
2819 4203 2876 4248 et
2923 4209 3210 4248 sacrarum
3263 4193 3603 4248 Litterarum

2019 4286 2332 4342 eruditione
2371 4287 2673 4356 plurimum
2718 4286 3092 4343 collocaverat
3138 4286 3334 4352 studii,
3387 4287 3493 4341 sibi
3546 4291 3601 4340 in

2021 4379 2368 4433 instituendo
2411 4380 2627 4434 s-icinm
2677 4386 2732 4434 et
2787 4379 3096 4450 adjutorem
3149 4378 3470 4433 ascisceret.
3525 4382 3603 4433 Ita

2018 4468 2251 4535 factum,
2284 4482 2345 4527 ut
2388 4474 2627 4543 primum
2675 4470 2922 4525 laborem
2961 4485 3153 4523 eorum
3198 4468 3601 4535 docendorum,

342 4571 615 4642 Ἐὕραίων
645 4569 897 4638 γλῶτταν
939 4568 1205 4636 ἀσκῆσαι,
1260 4571 1352 4623 καὶ
1381 4575 1479 4633 τὰς
1511 4571 1911 4641 πρωτοτύπους

2024 4566 2114 4635 qui
2148 4563 2274 4619 fidei
2321 4564 2597 4618 elementa
2632 4577 2811 4631 nuper
2841 4561 3081 4615 assecuti
3115 4570 3328 4625 essent,
3383 4562 3461 4615 illi
3500 4560 3603 4617 dc-

331 4661 467 4731 παρ’
494 4662 679 4723 αὐτοῖς
704 4658 922 4729 βίϐλους
965 4657 1281 4727 Ἐὅραῖιιοῖς
1310 4661 1619 4728 κτήσασθαι
1649 4661 1916 4730 γράμμα-

2024 4654 2357 4708 mandaret:
2395 4652 2499 4707 sibi
2555 4651 2658 4721 ipsi
2720 4665 2850 4706 vero
2908 4651 3250 4722 prmincium
3298 4667 3395 4707 eos
3447 4652 3606 4707 inSti-

295 4774 303 4779 ’
330 4770 417 4806 σιν
437 4768 451 4781 ⁸
492 4751 812 4821 ἁνιχνεῦσαί
834 4768 899 4820 γε
935 4751 1043 4822 μὴν
1067 4753 1162 4803 καὶ
1191 4751 1375 4813 πάσας
1408 4754 1505 4814 τὰς
1536 4751 1778 4814 ἐκδόσεις
1806 4754 1915 4805 τῶν

2024 4747 2210 4803 tuendi
2239 4745 2331 4816 qui
2373 4745 2736 4815 perfectiores
2764 4746 2976 4807 essent,
3011 4744 3370 4815 divinumque
3399 4745 3606 4799 doctri-

331 4844 485 4915 παρὰ
515 4843 644 4908 τοὺς
693 4840 1104 4912 Ἐσδομήκοντα
1151 4841 1253 4911 τᾲς
1290 4839 1439 4910 ἱερὰς
1483 4839 1914 4910 ήρμηνευκότων

2024 4854 2150 4894 nam
2199 4840 2374 4893 veluti
2442 4838 2497 4892 in
2545 4838 2794 4892 habitum
2832 4838 3212 4896 deduxissent.
3263 4851 3600 4895 reservaret.

329 4935 578 5007 Γραφὰς,
613 4938 710 4989 καί
740 4952 894 4998 τινας
928 4935 1123 5005 ἐτέρας
1147 4935 1304 5004 παρὰ
1346 4932 1447 4996 τὰς
1483 4932 1915 5004 κατημαξευμέ-

2024 4929 2214 5001 Usque
2241 4945 2308 4986 eo
2358 4940 2545 4986 autem
2572 4940 2891 4985 accuratam
2927 4946 3213 4985 sacrorum
3245 4932 3604 4987 oraculorum

328 5046 427 5093 νας
459 5028 762 5099 ἑρμηνείας
793 5026 1252 5091 ἐναλλαττούσας,
1278 5026 1374 5089 τὰς
1410 5024 1617 5079 Ἀκύλα
1647 5025 1744 5080 καὶ
1770 5025 1841 5077 Συ
1852 5042 1915 5093 μ-

332 5123 508 5192 μὰχου
561 5125 656 5175 καὶ
693 5120 1053 5183 Θεοδοτίωνσς
1096 5119 1364 5183 ἐκδόσεις,
1422 5120 1627 5189 εὐρείν,
1658 5118 1720 5170 ἐκ
1750 5134 1915 5170 τινων

328 5217 662 5287 ἀπορρήτων
689 5214 794 5284 γῆς
822 5213 1009 5284 μυχῶν
1037 5214 1131 5266 τὸν
1157 5212 1397 5267 ἔκπαλαι
1419 5208 1805 5281 διαδιδρασκού
1817 5227 1914 5274 σας

329 5311 540 5380 χρόνον,
577 5310 658 5372 εἰς
685 5307 800 5377 φῶς
823 5307 1126 5374 ἀγαγόντα.
1159 5306 1238 5359 Δι’
1270 5296 1345 5359 ὢν
1375 5306 1471 5358 καὶ
1499 5305 1600 5375 τὴν
1645 5304 1756 5357 τῶν
1792 5303 1912 5368 Ἐξ-

330 5401 521 5455 απλών
568 5397 699 5470 παρ’
760 5399 912 5469 αὐτῷ
939 5398 1249 5469 λεγομένων
1291 5397 1531 5468 σπουδὴν
1555 5398 1906 5466 ἐτεχνάσατο.

325 5495 422 5554 Τίς
456 5493 514 5546 δὲ
568 5496 602 5564 ἡ
653 5494 860 5545 τούτων
917 5492 1172 5562 δύναμις,
1249 5490 1504 5546 ἐντεῦθεν
1557 5490 1908 5561 γνωσόμεθα.

329 5587 673 5656 Συναγαγὼν
729 5586 836 5656 γὰρ
890 5588 990 5650 τὰς
1054 5584 1296 5648 ἐκδόσεις
1346 5587 1444 5654 τῆς
1478 5586 1630 5655 ἱερᾶς
1663 5585 1702 5638 Γ
1708 5585 1909 5655 ραφῆς,

322 5682 444 5733 ὅσαι
494 5681 776 5746 γεγόνασι,
836 5679 1052 5751 πρῶτον
1106 5679 1207 5748 μὲν
1252 5678 1366 5733 τῶν
1394 5675 1459 5745 0',
1511 5674 1631 5731 εἶτα
1673 5677 1912 5731 καὶτῶν

327 5774 470 5844 μετὰ
498 5773 731 5841 Χριστὸν
761 5774 1096 5845 γενομένων,
1127 5766 1202 5827 ὧν
1253 5773 1353 5843 τὴν
1392 5771 1493 5843 μὲν
1535 5771 1793 5836 Ἰουδαῖός
1828 5788 1913 5836 τις

338 5867 569 5930 Ἀκύλας
614 5867 786 5940 δνομα
815 5869 949 5940 πρὸς
982 5869 1043 5922 τὸ
1106 5868 1418 5939 Ἑλληνικὸν
1455 5867 1866 5940 μετερρύθμισε
1891 5903 1907 5932 ,

2018 5025 2442 5095 inquisitionem
2477 5032 2532 5078 et
2567 5021 2811 5079 studium
2844 5023 3130 5094 produxit,
3167 5032 3228 5077 ut
3275 5020 3605 5078 llebraieam

2017 5117 2184 5172 etiam
2215 5117 2530 5172 addisceret
2580 5116 2849 5184 linguam,
2887 5126 2943 5169 et
2982 5115 3286 5169 Hebraicos
3329 5113 3501 5169 libros
3535 5112 3604 5168 ad

2016 5210 2199 5281 prima
2229 5208 2570 5279 exemplaria
2597 5209 2910 5279 descriptos
2932 5208 3295 5278 conquireret
3327 5223 3341 5261 :
3380 5207 3608 5277 insuper

2017 5303 2181 5358 etiam
2218 5317 2411 5357 omnes
2441 5300 2831 5355 translationes
2858 5300 3109 5354 diversas
3134 5312 3326 5354 eorum
3353 5297 3448 5368 qui
3477 5304 3606 5367 post

2017 5394 2378 5466 Septuaginta
2438 5392 2759 5462 Scripturas
2795 5399 3100 5455 verterant,
3147 5404 3213 5445 ac
3250 5398 3453 5459 praeter
3511 5401 3606 5442 eas

2017 5506 2142 5563 qua:
2174 5491 2227 5545 in
2263 5506 2363 5546 usu
2401 5497 2582 5554 erant,
2616 5489 2830 5559 Aquilae
2871 5487 3108 5551 scilicet,
3150 5483 3497 5554 Symmachi,
3544 5490 3606 5539 et

2019 5580 2422 5638 Thcodotionis
2453 5580 2752 5644 editiones,
2788 5579 2925 5634 alias
2960 5577 3239 5632 inveniret
3289 5586 3347 5632 et
3394 5591 3462 5631 ex
3509 5590 3606 5630 oc-

2016 5678 2183 5736 Cttltis
2215 5678 2599 5747 abstrusisque
2635 5686 2797 5731 terra:
2830 5675 3165 5739 recessibus,
3201 5672 3297 5727 ubi
3337 5671 3606 5742 longissi-

2018 5786 2109 5826 mo
2126 5771 2409 5825 latuerant
2432 5779 2703 5844 tempore,
2731 5769 2786 5824 in
2811 5769 2994 5824 lucem
3021 5767 3314 5839 proferret.
3337 5765 3507 5838 358
3528 5765 3609 5822 Ex

2015 5865 2223 5936 quibus
2253 5864 2515 5921 omnibus
2560 5878 2705 5934 Opus
2742 5863 2893 5935 quod
2920 5862 2992 5919 ab
3028 5877 3097 5920 eo
3146 5861 3456 5933 llcxaplum
3486 5864 3607 5917 sive
