4032 6430
384 395 518 461 19η

384 515 713 585 Sextuplum
783 512 1114 584 inscriptum
1177 520 1302 577 est,
1366 509 1750 581 composuit:

384 608 574 676 operis
602 623 726 678 qua:
762 608 846 662 ris
878 615 933 663 et
967 606 1110 660 ratio
1141 604 1236 668 sit,
1266 619 1333 658 est
1364 602 1732 673 sequentibus
1770 601 1978 656 intelli-

314 696 320 702 ’
386 711 547 771 getur
577 701 782 756 verbis.
810 698 1229 754 Translationes
1263 710 1434 751 sacra
1467 695 1798 765 Scripturze,
1825 709 1979 762 quae-

385 810 606 864 cunque
628 802 935 857 exstarent,
955 792 1195 863 collegit.
1219 791 1458 845 l’rimam
1479 789 1704 859 quidem
1737 787 1978 856 Septua-

387 890 536 957 ginta
574 888 963 956 interpretum,
983 885 1186 939 deinde
1207 899 1400 938 eorum
1419 885 1514 952 qui
1548 893 1674 950 past
1695 881 1978 938 Christum

390 990 580 1034 natum
640 979 817 1042 fuere,
865 977 1078 1048 Aquilae
1129 975 1306 1032 Judati
1346 976 1660 1047 cujusdam,
1705 975 1799 1040 qui
1854 990 1978 1028 eam

388 1069 575 1124 Graece
618 1069 808 1134 vertit,
845 1078 972 1138 post
1002 1069 1149 1122 hunc
1203 1068 1546 1138 Symmachi,
1583 1066 1747 1121 aliam
1783 1081 1982 1121 rursus

390 1161 818 1227 Theodotionis,
849 1171 906 1216 et
939 1161 1105 1216 aliam
1136 1161 1409 1229 deinceps
1441 1160 1778 1215 innominati
1811 1170 1983 1228 atque

393 1255 588 1309 incerti
623 1254 936 1325 cujuSpiam
968 1255 1218 1308 auctoris
1252 1271 1266 1307 :
1299 1254 1396 1322 qui
1458 1269 1592 1308 sane
1641 1268 1836 1308 omnes
1877 1253 1986 1308 lle-

393 1347 566 1401 braici
608 1357 666 1402 et
721 1347 897 1401 Grmci
953 1349 1230 1401 sermonis
1298 1351 1518 1417 egregie
1579 1347 1743 1417 periti
1801 1346 1980 1402 (utere.

1624 387 2048 452 NICEPHORI
2087 387 2438 452 CALLIS’I‘I

3528 394 3666 461 Π)θέ

1819 509 1982 578 cujus
2009 510 2059 569 Δ
2086 525 2183 562 και
2211 509 2332 580 μετ’
2361 511 2526 564 αὐτὸν
2560 509 2860 581 Σύμμαχος
2881 528 2897 544 ·
2931 511 3103 582 ἄλλην
3131 512 3190 567 δὲ
3217 513 3539 579 Θεοδοτίων,
3568 519 3666 570 καὶ

2081 603 2270 673 ἕτερός
2299 620 2384 667 τις
2416 603 2706 674 ἀνώνυμος
2727 605 3086 671 ἐκδεδὼκασι,
3123 608 3278 676 σοφοί
3317 623 3379 676 τε
3415 613 3513 662 καὶ
3541 609 3664 663 κατ’

2080 696 2251 766 ἄμφω
2279 696 2344 769 δὴ
2373 699 2472 761 τὰς
2499 697 2818 762 παιδεύσεις
2851 698 3029 764 ὄντες,
3059 699 3157 769 τὴν
3195 699 3456 770 Ἐσραῖδα
3483 717 3540 752 τε
3565 700 3664 754 καὶ

2080 790 2182 858 τὴν
2217 789 2490 860 Ἕλληνα·
2552 783 2629 845 ὧν
2659 793 2825 854 αὐτὸς
2860 792 2958 860 τὴν
3018 792 3122 863 μέν
3177 810 3344 863 φησιν
3379 794 3560 864 εὑρεῖν
3601 797 3667 865 τῇ

2083 881 2223 952 πρὸς
2276 882 2481 954 ’Δκτίῳ
2535 883 2858 948 Νικοπόλει,
2924 883 3024 956 τὴν
3083 883 3129 936 δ’
3186 885 3244 937 ἐν
3281 884 3451 955 ἑτέρῳ
3478 885 3669 955 τοιῷδε

2083 973 2256 1044 τόπῳ.
2287 972 2380 1026 Ἐν
2409 974 2466 1027 δὲ
2498 976 2609 1037 τοῖς
2647 973 2938 1040 Ἐξαπλοϊς
2981 978 3092 1028 τῶν
3123 974 3376 1045 Ψαλμῶν
3407 979 3550 1046 μετὰ
3569 976 3671 1038 τὰς

2083 1070 2359 1136 τέσσαρας
2411 1067 2722 1137 ἐπισήμους
2787 1067 3034 1130 ἐκδόσεις
3079 1069 3144 1120 οὐ
3179 1068 3442 1136 πέμπτην
3478 1068 3664 1136 μόνον,

2084 1159 2222 1213 ἀλλά
2257 1161 2353 1213 καὶ
2401 1160 2571 1230 ἐκτην
2625 1161 2721 1214 καὶ
2775 1159 3014 1230 ἐὸδόμην
3060 1159 3335 1230 παραθεὶς
3375 1159 3672 1229 ἑρμηνείαν

2087 1254 2536 1324 ἐπισημαίνεται,
2589 1252 2666 1314 ὡς
2717 1255 2778 1305 ἐν
2820 1253 3048 1323 Ἱεριχοῖ
3087 1251 3403 1322 εὑρημένας
3445 1252 3502 1303 ἐν
3531 1249 3674 1321 πίθῳ

2086 1346 2230 1400 κατὰ
2255 1347 2380 1409 τοὺς
2405 1345 2633 1416 χρόνους
2683 1344 3008 1397 Ἀντωνίνου
3073 1343 3192 1396 υἱοῦ
3250 1344 3520 1415 Σευῆρον.
3561 1343 3676 1407 Τὰς

391 1443 636 1512 Quarum
679 1443 1111 1497 translationum
1146 1443 1444 1513 quamdam
1478 1459 1537 1498 se
1587 1443 1841 1513 Nicopoli
1878 1445 1982 1515 (l),

2120 1439 2268 1492 οίνυν
2310 1437 2571 1500 τοιαύτας
2628 1435 2811 1500 πάσας
2850 1436 3102 1499 ἐκδόσεις
3159 1435 3342 1488 είτουν
3375 1436 3675 1506 ἑρμηνείας

392 1551 517 1605 qua:
547 1533 615 1588 ad
650 1534 870 1589 Actium
912 1535 1015 1589 sita
1046 1545 1150 1597 est.
1190 1545 1360 1606 atque
1387 1537 1549 1593 aliam
1578 1537 1688 1590 alio
1723 1537 1818 1590 tali
1847 1555 1987 1609 quo-

2120 1531 2196 1584 ῶν
2227 1529 2503 1596 παλαιῶν,
2533 1528 2932 1598 ἀντιπαραθεὶς
2955 1528 3247 1598 ἀλλήλαις,
3273 1531 3369 1581 καὶ
3398 1526 3590 1581 διελὼν
3617 1531 3677 1580 ἐν

397 1627 524 1679 dam
563 1627 686 1680 loco
727 1627 1007 1681 invenisse
1045 1627 1262 1682 scribit.
1317 1628 1377 1683 In
1419 1629 1767 1684 Psahnorum
1796 1640 1983 1686 autem

2116 1627 2191 1697 ιιᾷ
2211 1624 2417 1697 ἑκάστῃ
2443 1623 2612 1678 σελίδι
2639 1622 2782 1694 μετὰ
2803 1621 2900 1677 καὶ
2928 1622 3028 1692 τῆς
3080 1621 3388 1693 Ἐὄραῖκῆς
3419 1638 3680 1692 παραση-

397 1718 688 1788 llexaplis,
727 1729 852 1788 post
890 1729 1133 1789 quatuor
1164 1719 1507 1776 celebriores
1552 1721 1832 1776 editiones
1872 1737 1985 1777 non

2116 1717 2398 1781 ιειὼσεως,
2455 1715 2758 1770 κάντεῦθεν
2805 1715 2905 1788 τὴν
2962 1715 3173 1785 ἀκριόἦ
3208 1715 3310 1782 τῆς
3341 1714 3563 1784 Γραφῆς
3592 1713 3680 1766 ἔνο

396 1810 647 1880 quintant
680 1811 884 1876 solum,
921 1811 1016 1866 sed
1053 1819 1108 1864 et
1139 1823 1377 1876 sextam,
1412 1822 1580 1882 atque
1619 1815 1760 1867 adeo
1810 1813 1985 1881 septi-

2116 1828 2264 1878 νοιαν,
2297 1809 2397 1864 καὶ
2416 1807 2516 1879 τὴν
2543 1809 2682 1880 πρὸς
2708 1807 2883 1878 αὐτὴν
2909 1808 3020 1861 τῶν
3061 1805 3351 1877 ἑρμηνέων
3379 1796 3682 1874 διαφωνίαν

400 1919 546 1956 mam
599 1903 1024 1959 translationem
1083 1920 1143 1960 se
1198 1905 1525 1975 apposuisse
1575 1905 1844 1971 ostendit,
1899 1905 1989 1961 Je-

2116 1909 2126 1975 j
2153 1875 2486 1976 συμφωνίαν
2508 1875 2977 1972 ἀσφαλισάμενος,
3003 1901 3074 1954 τὰ
3096 1875 3207 1954 τῶν
3239 1899 3525 1964 Ἑξαπλῶν
3549 1899 3682 1974 ἡμῖν

397 1997 660 2052 richunte
716 1996 770 2050 in
827 1997 997 2059 dolio.
1055 1999 1406 2068 temporibus
1465 1999 1732 2054 Antonini
1796 1998 1988 2054 Severi

2116 1997 2413 2067 ιντίγραφα
2456 1993 2894 2050 καταλέλοιπεν
2968 1993 3116 2053 ἰδίως
3189 1991 3289 2053 τὴν
3349 1990 3551 2045 Ἀκύλα
3589 1991 3685 2044 καὶ

398 2091 522 2155 ﬁlii,
557 2102 832 2160 repertas.
872 2091 1048 2147 Hasce
1098 2092 1268 2162 igitur
1308 2093 1799 2162 interpretationes
1823 2101 1988 2163 atque

2116 2090 2397 2160 Ξυμμάχου
2430 2087 2528 2140 καὶ
2568 2085 2929 2149 Θεοδοτίωνος
2978 2083 3196 2137 ἔκδοσιν
3231 2083 3352 2154 ἅμα
3394 2085 3507 2144 τοῖς
3535 2087 3574 2133 ο⁹
3623 2082 3685 2132 ἐν

393 2186 675 2240 οτίιίοιιρε
713 2194 963 2240 veterum
1022 2185 1170 2241 inter
1225 2201 1286 2241 se
1321 2186 1684 2256 compositas,
1717 2195 1884 2256 atque
1930 2186 1986 2242 in

2116 2187 2206 2249 :o‘t';
2245 2182 2582 2254 Τετρασσοῖς
2615 2178 3007 2250 ὀνομασθείσιν
3054 2177 3207 2246 αὐτῷ
3231 2173 3682 2236 κατεσκευακὼς.

400 2297 738 2354 unaquaque
782 2283 984 2353 pagina
1031 2298 1141 2338 una
1189 2297 1316 2338 cum
1369 2282 1623 2339 llebraici
1657 2283 1994 2353 exemplaris
2031 2279 2394 2337 adnotatione
2456 2277 2722 2347 digestas,
2756 2275 3074 2345 proposuit.
3134 2271 3292 2328 Unde
3321 2281 3506 2328 certus
3538 2269 3672 2327 Scri-

398 2390 583 2451 ptura:
647 2393 885 2442 sensus,
943 2377 1488 2446 translationumque
1534 2389 1845 2431 consensus
1906 2378 1993 2432 vel
2037 2375 2328 2431 dissensus
2409 2381 2569 2426 certo
2613 2368 2849 2439 intelligi
2929 2377 3118 2438 queat.
3167 2367 3233 2421 Et
3284 2366 3366 2421 sic
3395 2365 3487 2422 ille
3530 2362 3692 2426 nobis

400 2476 659 2544 hexapla,
721 2477 842 2531 sive
880 2473 1143 2544 sextupla
1197 2474 1428 2545 reliquit
1461 2472 1834 2544 exemplaria:
1870 2485 1995 2525 cum
2037 2470 2264 2542 quidem
2336 2476 2501 2522 antea
2547 2464 2782 2521 seorsim
2830 2462 3067 2534 Aquilae,
3139 2459 3478 2533 Symmachi,
3515 2460 3694 2517 Theo-

398 2571 672 2635 dotionis,
699 2579 752 2623 et
777 2569 1141 2640 Septuaginta
1165 2569 1539 2640 interpretum
1609 2565 2030 2624 translationem
2075 2567 2130 2620 iu
2208 2564 2493 2621 volumine
2548 2560 2700 2631 quod
2757 2559 3110 2623 Tctrassum,
3166 2559 3283 2612 sive
3324 2555 3689 2628 quadruplum

401 2661 740 2728 nominavit,
781 2661 1218 2732 composuisset.

1001 2775 1232 2833 CAPUT
1274 2776 1392 2832 XII.

2719 2767 2973 2820 ΚΕΦΑΛ.
3009 2766 3107 2819 IB’.

477 2874 557 2930 De
587 2872 905 2946 Symmacho
926 2874 1236 2942 interprete,
1270 2881 1317 2924 et
1354 2870 1630 2944 discipulis
1662 2869 1931 2944 Origenis.

2116 2863 2250 2934 Περὶ
2276 2864 2607 2933 Συμμάχπ
2659 2859 2772 2984 tog
2803 2857 3107 2982 ἑρέηνέως
3139 2859 3239 2913 καί
3271 2857 3391 2914 τῶν
3419 2857 3693 2930 μαθητῶν·

2773 2948 2876 3000 ριγ
2910 2949 3079 2994 νους.

481 3049 784 3106 Sciendum
807 3063 998 3119 porro,
1021 3048 1418 3119 Symmachum
1441 3047 1808 3116 interpretem
1834 3045 2006 3100 Ehio-

2184 3047 2398 3100 Εἰδέναι
2428 3044 2614 3114 μέντοι
2643 3040 2845 3112 χρεῶν,
2873 3041 2948 3103 ὡς
2974 3041 3084 3095 τῶν
3107 3041 3467 3113 ἐρμηνευτῶν
3496 3044 3523 3096 ὁ
3550 3041 3694 3110 Σύμ-

409 3146 656 3200 nitarum
706 3152 869 3196 sect-ae
901 3141 1096 3205 fuisse,
1137 3154 1262 3210 qua:
1295 3138 1487 3208 (sicuti
1527 3139 1594 3193 in-
1616 3137 2005 3206 superioribus

2116 3157 2285 3208 μαχος
2322 3138 2420 3208 τῆς
2457 3135 2799 3189 Ἐ6ιωναίων
2826 3133 3094 3204 αἱρέσεως
3123 3130 3190 3208 ἦν
3219 3151 3229 3163 ·
3265 3134 3300 3204 ἢ
3332 3135 3418 3204 δὴ,
3451 3135 3529 3198 ὡς
3559 3133 3698 3188 ἀνω-

407 3232 798 3306 exposuimus)
836 3234 1031 3303 inopes
1065 3229 1336 3302 quasdam
1375 3240 1432 3285 et
1461 3230 1747 3286 mendicas
1781 3229 2007 3300 Opinio-

2116 3230 2203 3282 ῢεν
2229 3229 2574 3298 διελὰὁομεν,
2601 3227 2797 3297 πτωχά
2820 3244 2942 3280 τινα
2964 3228 3062 3280 καὶ
3083 3227 3278 3299 εὐτελῆ
3308 3230 3438 3299 περὶ.
3461 3226 3697 3298 Χριστοῦ

410 3346 512 3385 nes
535 3329 605 3384 de
637 3328 865 3384 Christo
905 3325 1158 3391 induxit;
1211 3324 1366 3378 illum
1406 3324 1624 3379 scilicet
1653 3338 1854 3393 purum
1883 3336 2008 3377 esse

2116 3323 2414 3387 δοξάζουσα
2472 3317 2570 3391 ἦν’
2627 3321 2785 3391 ψιλὸν
2841 3321 2946 3392 γὰρ
2974 3320 3269 3393 ἄνθρωπον
3317 3322 3409 3374 τὸν
3465 3319 3698 3394 Χριστὸν

412 3425 724 3488 hominem,
776 3430 832 3476 et
860 3436 931 3477 ex
973 3417 1182 3490 Ioseph
1233 3427 1291 3476 et
1339 3417 1517 3472 Maria
1566 3416 1907 3488 principium
1951 3424 2010 3470 et

2116 3417 2300 3485 ἔλεγεν
2332 3411 2476 3470 εἶναι
2503 3431 2516 3443 '
2552 3417 2652 3470 καὶ
2683 3415 2744 3483 ἐξ
2794 3415 2996 3487 Ἰωσὴφ
3031 3417 3122 3470 καὶ
3146 3415 3369 3486 Μαρίας
3399 3415 3498 3487 τὴν
3527 3415 3698 3486 ἀρχὴν

411 3529 602 3573 ortum
639 3515 974 3586 sumpsisse,
1010 3512 1306 3584 legemque
1333 3510 1572 3567 Judaico
1621 3525 1778 3565 more
1815 3509 2011 3564 obser-

2116 3511 2417 3582 ἐσχηκέναι
2443 3527 2456 3539 ·
2489 3508 2541 3562 οἳ
2577 3511 2672 3562 καὶ
2697 3510 2791 3563 τὸν
2816 3509 2984 3580 νόμον
3012 3507 3457 3581 Ἰουδαῖκώτερον
3494 3509 3702 3580 φυλὰτο

414 3609 532 3663 vari
581 3616 846 3676 oportere
873 3603 1240 3660 conﬁrmans.
1275 3601 1463 3658 Edidit
1505 3616 1729 3674 quoque
1756 3601 2011 3672 Symma-

2116 3622 2230 3657 τειν
2262 3603 2469 3674 χρῆναι
2497 3601 2948 3672 ἁπισχυρίζοντο.
2978 3601 3227 3666 Ἐξέδοτο
3253 3602 3310 3654 δέ
3345 3603 3370 3656 ὁ
3406 3601 3702 3672 Σύμμαχος

415 3701 558 3757 chus
587 3701 643 3756 in
667 3703 888 3756 sacrum
917 3697 1163 3753 Matthzei
1194 3695 1555 3767 Evangelium
1585 3692 2011 3754 commentaria,

413 3811 485 3851 ex
521 3810 634 3865 quo
675 3791 934 3849 haeresim
987 3805 1146 3846 suam
1180 3798 1438 3846 astruere
1471 3798 1528 3844 et
1562 3789 1816 3844 stabilire
1861 3787 2017 3842 vide-

417 3898 534 3943 tur.
580 3887 656 3942 Ea
713 3901 848 3940 vero
891 3883 1059 3955 359
1091 3882 1495 3938 commentaria
1545 3880 1862 3954 Symmachi
1907 3894 2016 3935 una

418 3995 549 4036 cum
607 3977 858 4051 ejusdem
907 3977 1332 4047 Scripturarum
1395 3975 1681 4037 versione,
1751 3975 2020 4044 Origenes

419 4073 653 4144 scripsit
701 4087 762 4126 se
810 4087 841 4124 a
889 4069 1132 4140 quadam
1173 4068 1379 4124 femina
1427 4067 1652 4124 Juliana
1688 4067 2016 4136 recepisse:

423 4178 549 4233 quae
577 4159 805 4232 quidem
838 4159 1047 4215 femina
1075 4174 1172 4214 eos
1199 4159 1373 4214 libros
1403 4159 1474 4214 ab
1527 4158 1645 4228 ipso
1677 4167 1906 4212 auctore
1930 4171 2023 4211 ac-

424 4264 644 4327 ceptos,
671 4252 818 4325 apud
852 4268 912 4308 se
935 4252 1329 4307 reservaverit.
1355 4251 1580 4307 interea
1606 4261 1663 4305 et
1693 4250 2022 4306 Ambrosius

423 4348 656 4422 quidam
703 4346 904 4402 haeresi
951 4344 1234 4400 Valentini
1267 4343 1576 4408 admodum
1629 4342 1896 4402 infectus,
1952 4339 2022 4395 ab

425 4443 666 4514 Origene
695 4441 1010 4504 convictus,
1039 4437 1405 4508 veritatisque
1455 4437 1583 4491 luce
1609 4445 1853 4492 mentem
1900 4435 2027 4492 illu-

436 4543 673 4600 stratus,
723 4533 793 4588 ad
830 4533 1106 4587 sinceram
1157 4529 1283 4584 ﬁdei
1319 4529 1628 4585 doctrinam
1674 4529 1917 4583 transiit.
1960 4527 2025 4582 Et

430 4629 526 4684 alii
565 4643 696 4680 vero
721 4624 1014 4696 permulti,
1053 4639 1294 4702 quorum
1327 4638 1496 4679 aures
1519 4625 1780 4678 oratione
1818 4622 2029 4677 doctri-

437 4735 626 4789 naque
685 4733 784 4774 sua
819 4715 1087 4787 Origenes
1111 4717 1514 4787 permulscrat,
1571 4715 1929 4786 undiquaque
1958 4714 2028 4769 ad

431 4827 564 4867 eum
619 4809 1054 4876 conveniebant,
1115 4811 1429 4880 periculum
1485 4810 1551 4864 de
1614 4809 1858 4880 perfecra
1906 4809 2030 4880 ejus

435 4907 690 4961 doctrina
735 4901 960 4957 lacturi.
993 4901 1176 4972 Atque
1227 4900 1285 4956 in
1321 4902 1391 4975 iis
1436 4917 1549 4956 non
1593 4902 1756 4971 pauci
1800 4915 2031 4970 quoque

435 5014 507 5054 ex
542 4997 841 5060 hiereticis,
880 4995 1134 5066 plerique
1173 5010 1307 5050 vero
1334 4994 1506 5051 etiam
1538 5010 1606 5049 ex
1637 4994 1773 5049 viris
1808 4994 2034 5063 praecla-

441 5091 522 5145 ris
547 5103 602 5144 et
631 5088 971 5156 illustribus,
1002 5089 1099 5159 qui
1130 5097 1426 5158 utramque
1450 5086 1865 5159 philosophiam
1891 5089 2032 5157 pur’e

441 5181 873 5247 addidicissent,
912 5197 1112 5251 magno
1162 5181 1353 5236 studio
1388 5182 1456 5236 ad
1488 5196 1617 5236 eum
1651 5182 2032 5239 conﬂuebant.

443 5272 511 5326 Et
549 5287 692 5342 quos
736 5272 827 5327 ille
861 5271 1100 5326 idoneos
1134 5286 1259 5326 esse
1293 5269 1362 5325 ad
1407 5270 1828 5342 philosophicas
1861 5270 2033 5326 disci-

444 5367 626 5436 plinas
661 5365 1060 5435 percipiendas
1088 5363 1340 5430 videbat,
1373 5378 1473 5419 eos
1525 5364 1594 5418 ad
1641 5365 2030 5434 geometriam,

445 5457 879 5520 arithmeticam,
911 5456 1161 5526 aliasque
1191 5454 1455 5512 liberales
1483 5463 1634 5510 artes
1662 5453 2036 5525 producebat.

446 5560 676 5620 Insuper
724 5557 910 5603 autem
968 5557 1028 5603 ct
1079 5547 1150 5602 ad
1202 5547 1898 5622 philosophorumosectas
1946 5562 2041 5603 co-

449 5640 798 5710 gnoscendas
831 5641 1167 5708 instruebat,
1203 5640 1462 5711 dogmata
1496 5655 1692 5695 eorum
1729 5641 1842 5696 illis
1873 5656 2043 5712 expo‘

533 5803 614 5872 (ί)
653 5803 858 5860 Euseb.
886 5787 984 5860 lib.
1015 5820 1092 5871 vi,
1124 5804 1372 5875 capt”.
1413 5802 1509 5859 Est
1532 5801 1600 5856 ad
1631 5803 1854 5860 Actium
1911 5819 2044 5875 pro-

454 5878 795 5933 «tentorium
839 5875 908 5932 ab
956 5873 1208 5945 Augusto
1235 5873 1456 5932 (lasere
1493 5883 1775 5932 exstructa
1803 5873 2042 5942 Nicone-

2118 3698 2497 3766 ὑπομνήματα
2530 3695 2624 3749 καὶ
2653 3696 2736 3757 είς
2755 3695 2819 3748 τὸ
2852 3697 2996 3749 κατὰ
3025 3696 3310 3749 Mareotico
3351 3696 3497 3767 ἱερὸν
3529 3696 3706 3762 Εὐαγ-

2118 3789 2324 3860 γέλιον,
2371 3787 2467 3858 ἀφ’
2517 3786 2578 3840 οὗ
2606 3789 2699 3841 καὶ
2751 3786 2850 3857 τὴν
2881 3786 3050 3840 αὑτοῦ
3085 3788 3303 3858 αἵρεσιν
3323 3790 3584 3858 συνιστᾷν
3613 3787 3707 3839 καὶ

2120 3879 2418 3950 κρατύνειν
2445 3879 2621 3932 δοκεῖ.
2672 3878 2753 3931 Τὰ
2787 3876 2847 3930 δὲ
2876 3875 3106 3931 τοιαῦτα
3163 3877 3538 3948 ὑπομνήματα
3567 3879 3707 3944 μετά

2120 3973 2231 4026 τῶν
2281 3971 2460 4026 ἄλλων
2504 3969 2825 4041 ἐρμηνειῶν
2887 3971 3193 4042 Συμμὰχου
3239 3971 3320 4034 είς
3356 3971 3456 4034 τὰς
3488 3971 3526 4022 Γ
3531 3969 3708 4040 ραφὰς

2121 4065 2411 4137 Ὠριγένης
2445 4064 2702 4134 ἱστόρησε
2755 4064 2911 4135 παρά
2949 4080 3092 4127 τινος
3119 4061 3420 4132 Ἰουλιανῆς
3456 4059 3712 4130 γυναικὸς

2125 4158 2412 4230 εἰληφέναι
2438 4171 2452 4185 ⁸
2479 4156 2604 4228 ἥτις
2632 4153 2799 4209 πάλιν
2831 4155 3050 4218 ἐκείνας
3071 4154 3131 4219 ἐξ
3161 4154 3324 4208 αὑτοῦ
3351 4155 3444 4208 τοῦ
3475 4171 3713 4224 συγγρα-

2124 4249 2378 4320 ψαμένου
2416 4245 2805 4316 διαδεξαμένη,
2845 4243 2962 4316 εἶχε
2991 4245 3124 4316 παρ’
3151 4247 3321 4315 ἑαυτῇ
3355 4245 3450 4299 καὶ
3480 4244 3713 4313 ἐφύλατ-

2125 4359 2240 4396 τεν.
2267 4341 2357 4394 Ἐν
2382 4340 2439 4392 δέ
2472 4342 2649 4410 τούτῳ
2675 4339 2772 4392 καὶ
2792 4338 3124 4409 Ἀμϐρόσιός
3147 4355 3234 4402 τις
3265 4339 3334 4390 τὰ
3354 4337 3454 4408 τῆς
3485 4338 3716 4392 Οὐαλεν-

2127 4434 2276 4488 τίνου
2309 4432 2458 4504 μάλα
2492 4433 2667 4485 νοσῶν
2702 4434 2994 4502 αἱρέσεως,
3047 4432 3188 4503 πρὸς
3242 4432 3558 4503 Ὠριγένους
3587 4433 3718 4483 ἁπε-

2056 4577 2103 4634 D
2129 4529 2406 4600 λεγχθεὶς,
2448 4529 2544 4579 καὶ
2578 4526 2658 4597 τῷ
2687 4525 2789 4596 τῆς
2826 4525 3089 4595 ἀληθείας
3129 4528 3273 4594 φωτὶ
3313 4524 3718 4596 περιλαμφθεὶς

2131 4621 2230 4692 τὴν
2261 4621 2526 4682 διάνοιαν,
2560 4618 2637 4690 τῷ
2661 4619 2958 4689 ἀκραιφνεῖ
2980 4618 3082 4686 τῆς
3106 4619 3347 4682 πίστεως
3377 4619 3521 4689 λόγῳ
3552 4618 3720 4689 πρόσ-

2134 4729 2263 4766 εισι.
2290 4711 2483 4766 Πολλοὶ
2511 4711 2570 4766 δὲ
2597 4709 2692 4763 καὶ
2713 4710 2870 4764 ἄλλοι
2899 4713 2966 4781 τῇ
2989 4709 3100 4763 τῶν
3124 4710 3301 4778 λόγων
3328 4711 3548 4780 παιδείᾳ
3567 4709 3718 4779 Ὠρι-

2134 4805 2327 4872 γένους
2360 4803 2431 4856 τὰ
2460 4796 2578 4858 ὦτα
2607 4801 3546 4873 κατακροτούμενοι,ἁπανταχόθεν
3576 4799 3722 4870 ἐφοί-

2136 4914 2266 4960 των,
2296 4896 2496 4968 πεῖράν
2517 4911 2642 4948 τινα
2663 4895 2764 4966 τῆς
2797 4895 2929 4965 περὶ
2958 4894 3150 4964 λόγους
3184 4894 3355 4948 αὑτοῦ
3384 4893 3721 4964 τελειότητος

2137 4988 2410 5043 κατιδεῖνο
2448 4988 2550 5040 οὐκ
2598 4985 2777 5056 ὀλίγοι
2842 4987 3030 5058 μέντοι
3088 4988 3325 5042 καὶτῶν
3357 4989 3416 5054 ἐξ
3458 4988 3722 5058 αἱρέσεως

2137 5082 2450 5152 φιλοσόφων
2473 5122 2489 5150 ,
2524 5084 2618 5136 καὶ
2650 5079 2802 5134 ἄλλοι
2824 5081 2883 5135 δὲ
2910 5080 3020 5136 τῶν
3047 5081 3334 5150 ἐπιφανῶν
3371 5081 3512 5151 μετὰ
3553 5098 3721 5133 σπου-

2138 5175 2505 5248 δῆς.ἐρρεον·
2567 5175 2664 5229 καὶ
2695 5174 2865 5246 ἄμφω
2918 5174 3022 5237 τὰς
3079 5175 3406 5245 φιλοσοφίας
3467 5174 3723 5244 καθαρῶς

2141 5267 2773 5338 ἐξασκούμενοι.”οσους
2793 5284 2858 5338 γε
2884 5268 2994 5339 μὴν
3022 5267 3161 5340 πρὸς
3191 5268 3486 5340 ἀναλήψεις
3514 5267 3726 5336 φιλοσό-

2143 5377 2261 5430 φων
2289 5361 2636 5432 μαθημάτων
2663 5359 2856 5427 δεξιῶς
2889 5359 3116 5431 ἔχοντας
3143 5359 3315 5432 ἐώρα,
3347 5362 3444 5413 καὶ
3468 5360 3562 5414 ἐπὶ⁸
3586 5376 3730 5427 γεωο

2146 5454 2376 5525 μετρίαν
2399 5455 2494 5507 καὶ
2518 5452 2924 5525 ἀριθμητικὴν,
2974 5455 3074 5510 καὶ
3119 5454 3292 5508 τᾶλλα
3341 5454 3443 5524 τῆς
3477 5453 3729 5515 παιδείας

2144 5548 2359 5620 προῆγε
2382 5546 2453 5600 τά
2484 5547 2626 5617 ἔργα
2649 5563 2664 5577 ο
2689 5547 2771 5600 ἐτι
2795 5546 2853 5599 δὲ
2886 5547 2982 5600 καὶ
3009 5549 3090 5610 είς
3117 5550 3217 5611 τὰς
3240 5547 3385 5601 κατά
3407 5548 3731 5617 φιλοσόφους

2145 5642 2388 5714 αἱρέσεις
2418 5641 2758 5714 ἐρρύθμιζε·
2815 5642 2914 5694 καὶ
2951 5639 3022 5695 τὰ
3047 5641 3275 5695 ἐκείνων
3320 5642 3525 5712 ίστόρει
3553 5641 3732 5711 ἐκδιη-

2147 5807 2242 5861 lis.
2279 5805 2377 5888 Est
2423 5804 2700 5888 itemgnon
2752 5804 2917 5876 longe
2968 5805 3036 5864 ab
3065 5802 3284 5861 Euxino
3329 5802 3434 5862 sita
3481 5800 3728 5876 ejusdem

2148 5886 2396 5932 neminis
2448 5886 2662 5933 civitas.
