4032 6430
446 373 577 440 llOl

1363 368 1964 445 ECCLESlASTlCzE
2007 371 2401 451 ms'romai
2440 375 2587 453 Lis.
2633 382 2704 457 v.

3504 362 3511 365 ⁷
3557 388 3690 455 ιιδξ

437 489 577 556 ὅπερ
644 484 760 538 ἐστὶ
811 486 1036 551 Βοηθός
1071 503 1084 517 ·
1144 486 1325 556 βίϐλος
1394 490 1674 557 Ψαλμῶν,
1746 496 1974 563 Σφηρθε

2079 514 2226 559 ,uon
2280 501 2492 569 primus
2549 511 2606 557 et
2666 498 2966 565 secundus,
3019 514 3161 555 unus
3223 500 3448 566 dicitur,
3513 500 3689 557 Dibrw

435 577 585 645 ,εἰμ’
645 576 961 645 Σολομῶνος
1014 578 1356 647 Παροιμίαι,
1418 581 1706 635 Μεσλώθ·
1780 585 2007 655 Ἐκκλη.

436 667 685 738 σιαστὴς,
735 668 1003 721 Κωέ.1εο’
1045 665 1233 739 ’ᾼσαα
1282 671 1576 741 ᾀσμάτων·
1627 677 1686 726 ού
1744 678 1891 744 γὰρ,
1932 677 2009 740 ὡς

432 758 885 828 ὑπολαμϐάνουσί
941 777 1108 824 τινες,
1152 760 1409 830 ’ᾼσματα
1465 763 1764 833 ᾀσμάτων·
1797 767 2004 836 Σιρὰχ,

432 852 601 919 Σιρίμ
621 867 636 882 ·
677 849 931 917 Ἡσαΐας,
965 851 1164 916 Ἰεζίαο
1206 853 1483 924 Ἱερεμίας
1514 856 1613 909 σὺν
1642 857 1878 926 Θρήνοις
1912 862 2007 913 καὶ

428 946 493 1012 τῇ
529 942 811 1013 ἐπιστολῇ,
843 942 902 995 ἓν
943 942 1222 1013 Ἰερεμία·
1279 947 1501 1016 Δανιὴλ,
1551 948 1815 1018 Δανιήλ·
1844 950 2006 1015 Ἰεζε-

430 1033 578 1101 κιῆλ,
616 1031 896 1099 ἰεζεκιήλ
917 1050 930 1064 ·
963 1035 1108 1101 Ἰὼϐ,
1140 1037 1294 1090 Ἰὼϐ*
1322 1037 1547 1109 Ἐσθῆρ,
1577 1040 1818 1110 Ἔσθήρ.
1860 1044 2005 1108 Ἐξω

426 1124 484 1175 δὲ
510 1123 718 1177 τούτων
751 1128 869 1181 ἐστὶ
897 1127 968 1179 τὰ
992 1127 1391 1192 Μακκαϐαῖκὰ,
1415 1129 1562 1200 ἆπερ
1593 1134 2003 1204 ἐπιγέγραπται

427 1218 667 1284 Σαρσὴθ
690 1220 1042 1273 Σαόαναῖελ.
1057 1238 1076 1271 ι
1098 1221 1281 1274 Ταῦτα
1308 1221 1408 1290 μὲν
1436 1225 1493 1275 ἐν
1514 1224 1592 1295 τῷ
1616 1228 2003 1296 προειρημένῳ

425 1310 824 1378 συγγράμματι
852 1309 1071 1379 τίθησιν
1091 1327 1108 1344 ⁶
1139 1314 1196 1365 ὲν
1238 1314 1297 1366 δὲ
1343 1315 1423 1384 τῷ
1456 1316 1660 1386 πρώτῳ
1691 1317 1801 1370 τῶν
1832 1321 1909 1382 είς
1938 1320 2000 1373 τὸ

423 1397 567 1449 κατὰ
595 1398 900 1462 Ματθαὶᾙν,
953 1400 1045 1453 τὸν
1073 1402 1526 1472 ἐκκλησιαστικὸν
1573 1407 1861 1475 φυλάττων
1896 1425 1998 1461 κα-

422 1487 573 1552 νόνα,
614 1489 751 1555 μόνα
774 1489 1015 1559 τέσσαρα
1052 1492 1360 1559 Εὐαγγέλια
1416 1494 1617 1549 είδέναι
1655 1498 1997 1568 μαρτύρεται

418 1568 520 1624 ιὶηδέ
553 1591 669 1637 πως
695 1577 928 1644 γράφων
954 1592 968 1608 ⁸
1007 1596 1026 1629 ι
1085 1578 1175 1640 Ὠς
1205 1580 1262 1631 ὲν
1297 1581 1592 1650 παραδόσει
1620 1582 1810 1650 μαθὼν
1866 1586 1998 1655 περὶ

417 1664 527 1717 τῶν
549 1668 832 1737 τεσσάρων
861 1669 1234 1738 Εὑαγγελίων,
1259 1672 1296 1726 ἃ.
1324 1676 1417 1728 καὶ
1453 1675 1590 1745 μόνα
1617 1678 1996 1749 ὰνανΐίρῤητά

415 1760 564 1810 ἐστιν
592 1760 648 1810 ὲν
673 1762 739 1829 τῇ
764 1761 870 1813 ὑπὸ
907 1763 999 1815 τὸν
1055 1765 1286 1833 οὐρανὸν
1337 1767 1639 1840 Ἐκκλησία
1688 1772 1780 1824 τοῦ
1812 1773 1950 1826 Θεοῦ
1973 1790 1988 1805 ·

2111 592 2350 646 Imiamin
2372 609 2390 645 :
2426 594 2532 647 hoc
2556 601 2662 659 est,
2686 593 2968 649 Sermones
3005 593 3227 647 dierum.
3260 594 3451 648 Esdraz
3477 596 3690 663 primus

2111 692 2165 735 et
2190 685 2490 750 secundus,
2527 686 2749 748 Esdras,
2784 685 2877 754 qui
2913 701 3058 740 unus
3103 697 3209 751 est,
3256 697 3313 740 et
3359 687 3688 742 inscribitur

2110 775 2248 830 Esra
2291 793 2311 831 :
2375 779 2481 832 hoc
2533 788 2653 842 est,
2710 778 3031 832 Aurilialor.
3084 778 3249 832 Liber
3306 779 3684 844 Psalmorum,

2107 862 2455 937 Spliarteli‘n.
2501 866 2804 925 Proverbia
2854 858 3193 937 Sdlumonis,
3243 871 3449 927 Heslot.
3495 872 3685 926 Eccle-

2108 960 2322 1024 siastes,
2365 959 2636 1015 Culielellt.
2675 961 2962 1017 Canticum
3011 966 3377 1031 canticorum,
3431 980 3539 1019 non
3584 982 3683 1019 au-

2107 1056 2214 1101 tem
2249 1049 2331 1118 (ut
2365 1049 2591 1118 quidam
2630 1053 2851 1121 putant)
2891 1053 3120 1109 Cantica
3163 1056 3530 1118 canticorum,
3564 1055 3683 1111 Sir-

2104 1136 2344 1191 hasirim.
2382 1139 2569 1204 Isaias,
2603 1141 2882 1197 Ieremias
2909 1156 3035 1197 cum
3062 1144 3301 1200 Threnis
3326 1156 3381 1201 et
3409 1145 3676 1216 Epistula,

2105 1242 2215 1282 uno
2234 1228 2457 1285 nomine
2483 1229 2736 1287 Ieremia.
2771 1234 2982 1300 Daniel,
3004 1233 3279 1292 Ezechiel.
3307 1238 3428 1301 Job,
3456 1239 3678 1294 Esther.

2105 1318 2309 1372 Praeter
2337 1321 2439 1376 hos
2478 1332 2608 1377 sunt
2631 1324 2760 1379 libri
2789 1324 3246 1397 Machabaaorum,
3283 1330 3376 1399 qui
3409 1331 3552 1399 apud
3581 1346 3677 1386 eos

2104 1410 2507 1477 inscribuntur,
2537 1414 2761 1471 Sarbelh
2789 1419 3101 1475 Sabanaiel.
3131 1440 3149 1474 ι
3180 1422 3361 1493 Atque
3384 1424 3499 1479 lucc
3530 1426 3585 1480 in
3607 1441 3675 1480 eo

2101 1515 2262 1569 quem
2294 1502 2535 1560 diximus
2564 1513 2968 1565 commentario
2995 1515 3242 1583 estpunit.
3276 1516 3333 1570 lu
3364 1520 3544 1586 primo
3576 1535 3672 1574 au-

2098 1599 2209 1646 tem
2268 1594 2323 1649 in
2377 1596 2733 1669 Evangelinm
2784 1605 3089 1659 secundum
3149 1608 3463 1665 Mattlueum
3508 1613 3670 1683 libro,

2096 1684 2531 1742 ecclesiasticum
2565 1704 2798 1747 servans
2831 1708 3123 1762 canonum,
3162 1709 3402 1768 quatuor
3434 1710 3677 1761 tantum-

2101 1774 2262 1828 modo
2294 1775 2585 1850 Evangelia
2620 1797 2681 1837 se
2714 1790 2901 1848 nesse,
2934 1788 3014 1842 sic
3046 1791 3459 1859 quodammodo
3497 1794 3671 1855 testa-

413 1851 494 1901 ὅτι
525 1851 743 1920 πρῶτον
771 1854 870 1923 μὲν
897 1855 1217 1927 γέγραπται
1250 1859 1310 1912 τὸ
1334 1861 1478 1914 κατὰ
1521 1863 1616 1915 τὸν
1654 1867 1784 1918 ποτὲ
1818 1868 1974 1919 τελώ-

2096 1872 2188 1916 tur
2220 1883 2233 1919 :
2274 1884 2292 1916 ι
2340 1868 2409 1922 Ut
2437 1845 2660 1938 quidem
2697 1888 2765 1928 ex
2818 1845 3117 1935 traditione
3148 1881 3314 1938 didici
3343 1886 3409 1942 de
3435 1900 3670 1959 quatuor

414 1959 535 2010 νην,
591 1942 823 2016 ὕστερον
879 1948 936 2000 δὲ
983 1949 1287 2005 ἀπόστολον
1332 1952 1509 2022 Ἰησοῦ
1545 1957 1809 2025 Χριστοῦ,
1838 1962 1991 2014 Ματ-

408 2029 590 2095 οαίον,
643 2034 982 2089 ἐκδεδωκότα
1028 2038 1160 2092 αὐτὸ
1191 2043 1306 2103 τοῖς
1364 2043 1472 2097 ἀπὸ
1517 2045 1611 2097 τοῦ
1648 2046 1987 2118 Ἰουδαϊσμοῦ

412 2110 757 2186 πιστεύσασι,
791 2126 1120 2197 γράμμασιν
1162 2130 1481 2199 Ἑϐραϊκοῖς
1517 2146 1984 2208 συντεταγμένον

408 2212 667 2282 δεύτερον
690 2216 746 2268 δὲ
773 2217 836 2270 τὸ
861 2219 1004 2271 κατὰ
1051 2221 1283 2291 Μάρκον
1320 2223 1394 2287 ὡς
1423 2226 1629 2296 Πέτρος
1661 2230 1988 2302 ὑφηγήσατο

406 2304 559 2376 αὐτῷ
583 2308 896 2376 ποιήσαντι,
926 2309 984 2363 ὃν
1017 2314 1111 2365 καὶ
1140 2312 1255 2365 υἱὸν
1290 2316 1348 2367 ὲν
1392 2320 1457 2388 τῇ
1517 2320 1794 2393 Καθολικῇ
1829 2323 1985 2378 Ἐπι-

406 2398 567 2465 στολῇ
601 2398 689 2449 διὰ
722 2401 929 2454 τούτων
959 2403 1281 2476 ὡμολόγησε
1317 2409 1573 2476 φασκωνο
1627 2412 1985 2478 Ἀσπάζεται

404 2482 562 2567 ὑμᾶς
589 2487 628 2555 ἠ
658 2487 729 2542 ἐν
751 2492 1067 2546 Βαϐυλῶνι
1095 2495 1375 2565 suam),
1411 2503 1510 2554 καὶ
1531 2502 1775 2572 Μάρκος
1797 2511 1830 2562 ὁ
1854 2510 1984 2576 υἱός

396 2592 517 2643 μου
537 2559 559 2608 ν’
582 2580 675 2631 καὶ
695 2583 883 2651 τρίτον
906 2583 966 2636 τὸ
990 2586 1134 2639 κατὰ
1160 2559 1405 2658 Λουκᾶν,
1435 2593 1496 2645 τὸ
1521 2559 1979 2655 ὑπίτοῦδῐιαύλοῦ

401 2668 802 2739 ἐπαινούμενον
831 2673 1167 2743 Εὐαγγέλιον
1210 2682 1321 2742 τοῖς
1369 2683 1477 2735 ἀπὸ
1507 2685 1618 2738 τῶν
1669 2689 1840 2742 ἐθνῶν
1886 2708 1982 2744 πε-

401 2763 662 2829 ποιηκὸτο
673 2782 690 2822 ;
716 2779 731 2795 ο
765 2767 860 2816 ἐπὶ
896 2769 1031 2821 πᾶσι
1057 2770 1118 2822 τὸ
1147 2773 1290 2826 κατὰ
1322 2774 1599 2847 Ἰωάννην.
1635 2797 1655 2830 ι
1691 2781 1799 2835 Καὶ
1824 2784 1978 2854 ὲν,τῷ

399 2852 638 2924 πέμπτῳ
668 2855 726 2908 δὲ
758 2860 866 2910 τῶν
898 2861 980 2923 είς
1032 2862 1094 2913 τὸ
1132 2866 1274 2917 κατὰ
1308 2866 1561 2940 Ἰωάννην
1596 2852 1977 2945 Ἐξηγητικῶν

397 2942 426 2993 ὀ
451 2944 615 3004 αὐτὸς
644 2945 820 2999 ταῦτα
850 2949 945 3002 καὶ
995 2952 1125 3021 περὶ
1182 2954 1294 3006 τῶν
1325 2956 1663 3014 Ἐπιστολῶν
1697 2964 1804 3018 τῶν
1834 2967 1975 3021 ἀπο-

398 3032 604 3086 στόλων
640 3040 806 3102 φησίν
828 3053 841 3067 ·
880 3056 899 3089 ι
945 3038 1007 3092 ’0
1034 3040 1091 3093 δὲ
1120 3043 1405 3110 ἱκανωθεὶς
1441 3036 1689 3114 διάκονος
1720 3057 1975 3121 γενέσθαι

392 3119 492 3187 τῆς
522 3122 718 3192 καινῆς
744 3126 1045 3198 Διαοήκης,
1077 3133 1138 3183 ού
1172 3134 1522 3204 γράμματος,
1550 3141 1688 3196 ἀλλὰ
1723 3119 1974 3218 πνεύμαι

393 3226 503 3274 τος,
537 3206 749 3278 Παῦλος
776 3219 804 3269 ό
840 3219 1227 3290 πεπληρωκὼς
1271 3225 1332 3278 τὸ
1364 3227 1700 3297 Εὐαγγέλιον
1727 3237 1837 3290 ἀπὸ
1866 3206 1971 3291 Ἰεο

392 3303 677 3374 ρουσλλὴμ
713 3309 807 3359 καὶ
834 3309 1018 3380 κύκλῳ
1042 3313 1207 3385 μέχρι
1240 3316 1334 3369 τοῦ
1361 3316 1684 3391 Ἰλλυρικοῦ,
1722 3328 1843 3381 οᾶδὲ
1872 3333 1975 3382 πᾶ-

392 3396 513 3454 σαις
561 3394 800 3466 ἔγραψεν
853 3399 941 3464 αἷς
975 3402 1217 3473 ἐδίδαξεν
1267 3408 1627 3480 ἐκκλησίαις·
1699 3420 1838 3472 ἀλλα
1874 3426 1969 3477 καὶ

392 3478 480 3547 αἶς
538 3486 802 3558 ἔγραψεν,
867 3494 1085 3562 ὀλίγους
1129 3500 1343 3569 στίχους
1414 3478 1714 3564 ἐπέστειλε.
1766 3516 1970 3585 Πέτρος

390 3574 468 3640 δὲ,
491 3578 577 3645 ἐφ’
605 3572 650 3647 ᾧ
678 3582 1048 3655 οἰκοδομεῖται
1078 3592 1109 3658 ή
1136 3590 1381 3661 Χριστοῦ
1418 3596 1733 3669 Ἐκκλησία,
1765 3601 1833 3674 ἧς

391 3665 477 3719 λαι
508 3667 634 3738 ᾆδου
685 3671 744 3723 οὐ
779 3677 1193 3745 κατισχύσουσι,
1254 3682 1385 3751 μίαν
1409 3683 1737 3762 Ἐπιστολὴν
1771 3696 1965 3764 ὁμολο-

387 3761 665 3830 γουμένην
696 3766 1110 3822 καταλέλοιπεν.
1145 3771 1328 3826 Ἔστω
1347 3773 1404 3827 δὲ
1435 3780 1530 3833 καὶ
1552 3779 1785 3854 δευτέρα
1806 3800 1818 3813 ·
1859 3788 1965 3855 ἁμ-

386 3848 701 3913 ιριὸσὶλλεταί
752 3870 836 3922 γε.
870 3858 934 3909 Τί
965 3859 1048 3912 δεῖ
1073 3862 1202 3933 περὶ
1228 3865 1327 3917 τοῦ
1382 3869 1748 3937 ἀναπεσόντας
1772 3877 1867 3930 ἐπὶ
1903 3880 1964 3933 τὸ

386 3944 582 4011 στῆθος
607 3945 786 4014 λέγειν
811 3948 907 4002 τοῦ
940 3951 1145 4023 Ἰησοῦ,
1176 3955 1467 4027 Ἰωάννου;
1495 3964 1590 4027 Ὃς
1627 3966 1962 4037 Εὑαγγέλιον

388 4032 446 4084 ἒν
482 4035 896 4103 καταλέλοιπεν,
920 4041 1200 4111 ὁμολογῶν
1236 4045 1502 4103 δύνασθαι
1534 4055 1774 4109 τοσαῦτα
1802 4061 1960 4132 ποιή-

387 4141 524 4190 σειν,
555 4125 592 4179 ἂ.
624 4127 734 4179 οὐδ’
764 4132 792 4181 ὁ
822 4132 1029 4201 κόσμος
1057 4138 1306 4206 χωρῆσαι
1338 4141 1587 4216 ἐδύνατο.
1625 4147 1870 4220 Ἔγραψε
1903 4125 1958 4206 δὲ

382 4216 476 4268 καὶ
503 4218 602 4288 τὴν
630 4219 1026 4293 ’Λποκάλυψιν,
1055 4227 1371 4295 κελευσθεὶς
1398 4232 1693 4306 σιωπῆσαι,
1728 4246 1821 4295 καὶ
1882 4245 1959 4315 μὴ

380 4311 594 4379 γράψαι
620 4312 717 4375 τὰς
743 4315 852 4366 τῶν
879 4316 1019 4372 ἑπτὰ
1054 4323 1299 4392 βροντῶν
1338 4328 1548 4394 φωνάς.
1581 4311 1956 4388 Καταλέλοιπε

380 4402 474 4452 καὶ
503 4400 832 4474 Ἐπιστολὴν
868 4407 1009 4459 πάνυ
1049 4409 1249 4477 ὀλίγων
1286 4416 1514 4485 στίχων·
1563 4419 1706 4474 ἔστω
1751 4424 1808 4478 δε
1860 4429 1956 4480 καὶ

374 4491 637 4561 δευτέραν
669 4496 763 4546 καὶ
796 4497 989 4567 τρίτην
1012 4515 1026 4529 '
1055 4503 1177 4554 ἐπεὶ
1205 4505 1267 4555 ού
1305 4510 1506 4574 πάντες

377 4579 521 4637 εἶναι
553 4585 761 4649 ταύτας
781 4604 796 4619 ο
827 4590 969 4659 πλὴν
1002 4593 1101 4646 οῦκ
1125 4597 1239 4649 εἰσὶ
1264 4600 1462 4669 στίχων
1508 4605 1798 4678 ἀμφότερα
1828 4612 1957 4664 ἑκα-

373 4676 486 4728 τόν.
525 4693 545 4726 ι
597 4676 716 4730 Ἔτι
768 4680 905 4748 πρὸς
933 4682 1144 4747 τούτοις
1171 4691 1299 4758 περὶ
1325 4691 1424 4761 τῆς
1475 4696 1614 4763 πρὸς
1661 4676 1955 4769 Ἑϐραίους

388 4766 709 4838 Ἐπιστολῆς
748 4772 805 4822 ὲν
857 4775 980 4836 ταῖς
1034 4777 1117 4839 είς
1172 4782 1272 4848 τὴν
1304 4782 1477 4853 αὐτὴν
1510 4788 1749 4855 ὁμιλίαις
1777 4793 1952 4848 ταῦτα

373 4856 766 4929 διαλαμϐάνει·
795 4864 951 4917 ("Ott
970 4866 997 4917 ό
1016 4872 1307 4939 χαρακτὴρ
1335 4878 1433 4945 τῆς
1460 4878 1658 4943 λέξεως
1681 4883 1781 4951 τῆς
1814 4888 1953 4956 πρὸς

386 4949 674 5018 Ἐϐραίους
706 4954 1198 5030 ἐπιγεγραμμένης
1228 4962 1555 5037 Ἐπιστολῆς
1585 4974 1686 5025 οὐκ
1723 4949 1837 5045 ἔχει
1857 4949 1951 5032 ’το

370 5040 427 5089 ὲν
455 5041 601 5111 λόγῳ
656 5045 945 5114 ἰδιωτικὸν,
992 5052 1088 5103 τοῦ
1145 5057 1447 5111 ἀποστόλου
1499 5040 1949 5136 ὁμολογήσαντος

368 5134 560 5186 ἑαυτὸν
588 5137 799 5208 ἰδιώτην
824 5138 967 5195 εἶναι
1007 5145 1084 5215 τῷ
1134 5147 1297 5220 λόγῳ,
1330 5157 1577 5208 τουτέστι
1624 5161 1691 5229 τῇ
1721 5134 1944 5229 ιρράσει.

322 5246 331 5251 ι
383 5228 526 5278 Ἀλλ’
554 5231 699 5282 ἔστιν
724 5235 755 5299 ὴ
795 5234 1085 5307 Ἐπιστολὴ
1119 5243 1371 5296 συνθέσει
1393 5247 1493 5315 τῆς
1515 5228 1714 5314 λέξεως
1751 5254 1943 5326 Ἐλλη-

369 5324 663 5392 νικωτέρα.
701 5327 811 5388 na;
850 5330 878 5380 ό
905 5331 1271 5400 ἐπιστάμενος
1300 5342 1509 5408 κρίνειν
1542 5346 1799 5413 φράσεων
1827 5348 1948 5402 διαο

350 5415 541 5482 ’φορὰς
568 5416 905 5488 ὁμολογήσαι
933 5421 1020 5474 ἄν.
1050 5424 1219 5478 Πάλιν
1240 5445 1299 5480 τε
1324 5427 1418 5496 αὖ,
1453 5435 1537 5485 ὅτι
1566 5438 1637 5487 τὰ
1693 5440 1943 5508 νοήματα

366 5504 462 5572 τῆς
497 5502 824 5577 Ἐπιστολῆς
865 5512 1150 5579 θαυμάσιὰ
1190 5520 1328 5586 ἐστι,
1364 5524 1455 5576 καὶ
1482 5528 1542 5578 οὐ
1572 5527 1803 5600 δευτέρα
1831 5534 1941 5589 τῶν

364 5595 737 5649 ἀποστολικῶν
761 5603 1210 5673 ὁμολογουμένων
1235 5616 1586 5683 γραμμάτιον
1610 5637 1623 5649 ·
1659 5623 1751 5673 καὶ
1780 5624 1939 5676 τοῦτο

436 5771 513 5844 (l)
547 5774 746 5833 Euseb.
782 5779 876 5834 lib.
908 5797 981 5847 vr,
1007 5798 1126 5853 cap.
1157 5785 1248 5840 9.5.

2091 1948 2424 2024 Evangeliis,
2459 1958 2619 2031 365
2656 1963 2773 2017 sola
2808 1979 2873 2019 ea
2903 1976 3035 2021 sunt
3072 1980 3238 2026 certa:
3290 1948 3667 2048 auctoritatis,

2091 2055 2147 2097 et
2175 2046 2573 2118 irrel‘ragabilia
2608 2054 2662 2108 in
2697 2053 2946 2112 Ecclesia
2983 2058 3079 2115 Dei
3108 2077 3231 2132 qua-
3257 2074 3344 2120 est
3374 2070 3476 2124 sub
3501 2074 3666 2130 caelo.

2092 2137 2334 2193 Primum
2373 2144 2640 2213 scriptum
2696 2156 2783 2202 est
2825 2150 2894 2204 ab
2934 2151 3065 2207 olim
3119 2156 3441 2227 publicano,
3478 2178 3666 2233 postea

2092 2245 2220 2284 vero
2281 2237 2533 2303 apostolo
2568 2237 2696 2294 Jesu
2736 2240 2970 2310 Christi,
3003 2245 3276 2316 Matthzeo,
3316 2263 3374 2310 et
3413 2256 3669 2316 iidelibus

2087 2320 2314 2388 Iudaeis,
2354 2340 2610 2384 sermone
2646 2326 2939 2390 Hebraicis"
2961 2338 3248 2396 traditum.
3281 2344 3599 2405 Secundum
3632 2370 3662 2407 a

2091 2412 2295 2480 Marco,
2321 2420 2485 2475 sicuti
2515 2438 2543 2476 a
2585 2424 2748 2480 Petro
2778 2427 2859 2482 illi
2892 2439 2983 2483 est
3010 2430 3303 2505 dictatum,
3335 2452 3499 2509 quem
3525 2443 3575 2501 is
3606 2446 3660 2501 in

2085 2506 2369 2564 Catholica
2428 2510 2669 2581 Epistula
2729 2532 2829 2572 sua
2894 2534 3020 2575 eam
3068 2524 3141 2579 ob
3213 2506 3435 2586 causam
3484 2533 3659 2591 illium

2061 2601 2352 2667 -agnoscit.
2380 2602 2639 2673 inquiens
2666 2625 2678 2661 :
2712 2608 2930 2666 Salutat
2959 2630 3047 2668 vos
3075 2618 3128 2670 in
3161 2617 3435 2691 Babylone
3466 2627 3658 2691 electa.

2084 2701 2130 2742 el
2168 2691 2380 2747 Marcus
2418 2695 2566 2763 ﬁlius
2598 2716 2765 2756 meus.
2794 2702 3043 2761 Tertium
3094 2714 3400 2770 secundum
3427 2717 3658 2788 Lucam,

2081 2796 2113 2835 α
2153 2782 2319 2838 Paulo
2344 2787 2629 2845 laudatum
2669 2804 2756 2848 est
2799 2796 3182 2869 Evangelium,
3212 2807 3359 2874 quod
3400 2811 3447 2865 is
3483 2782 3661 2881 genti;

2083 2874 2187 2929 bus
2218 2878 2388 2932 scribi
2413 2884 2648 2937 curavit.
2684 2885 2781 2941 His
2803 2892 3057 2956 accessit,
3089 2893 3143 2947 id
3170 2898 3315 2965 quod
3349 2874 3656 2962 secundum

2077 2963 2347 3021 Joannem
2402 2981 2506 3024 est.
2558 2993 2578 3026 ο
2615 2975 2672 3029 1η
2724 2980 2921 3047 quinto
2980 2999 3146 3052 porro
3186 2963 3249 3042 in
3297 2991 3655 3065 Evangeliqu

2079 3055 2306 3114 Joannis
2331 3062 2753 3124 Enarrationum
2785 3072 2930 3129 libro
2958 3075 3074 3133 ha-c
3100 3080 3269 3135 etiam
3297 3083 3368 3140 de
3396 3055 3657 3158 Epistolis

2079 3153 2398 3219 apostolicis
2428 3157 2599 3215 refert
2629 3177 2643 3214 :
2679 3180 2698 3213 ι
2734 3164 2840 3229 Qui
2869 3182 3002 3223 vero
3030 3170 3229 3242 dignus
3256 3153 3543 3246 judicatus
3573 3195 3655 3241 est

2082 3240 2337 3297 minister
2386 3244 2503 3300 ﬁeri
2558 3251 2683 3305 novi
2735 3240 3105 3321 Testamenti,
3145 3240 3274 3317 nun'
3303 3265 3520 3336 littera,
3556 3280 3650 3329 sed

2078 3332 2333 3400 spiritus,
2368 3336 2599 3404 Paulus,
2635 3344 2730 3411 qui
2760 3360 2986 3402 cursum
3019 3350 3303 3423 Evangelii
3336 3358 3404 3414 ab
3428 3332 3653 3420 Jerusa-

2076 3420 2183 3475 lem
2238 3435 2293 3480 et
2342 3428 2706 3487 circumcirca
2737 3451 2910 3505 usque
2946 3441 3015 3494 ad
3053 3443 3333 3517 illyricum
3390 3452 3646 3523 absolvit,

2074 3530 2185 3569 non
2228 3518 2294 3571 ad
2339 3536 2532 3576 omnes
2571 3540 2708 3593 quas
2753 3527 2966 3595 docuit,
3010 3536 3176 3589 etiam
3208 3541 3434 3610 scripsit
3464 3549 3647 3605 eccle-

2072 3607 2208 3661 sius.
2258 3608 2339 3663 Ad
2369 3627 2508 3681 quas
2542 3625 2731 3671 autem
2774 3622 3021 3691 scripsit.
3064 3607 3355 3698 perpaucis
3391 3648 3524 3691 usus
3561 3649 3647 3693 est

2071 3700 2351 3771 versibus,
2411 3707 2480 3759 At
2541 3706 2734 3763 Petrus
2789 3713 2891 3781 (l).
2947 3729 3119 3785 super
3177 3736 3288 3789 quo
3342 3725 3648 3784 aedificatur

2068 3786 2287 3843 Christi
2324 3791 2594 3861 Ecclesia,
2626 3798 2891 3856 adversus
2926 3820 3089 3872 quam
3121 3824 3300 3880 neque
3342 3813 3644 3876 inferorum

2069 3887 2241 3947 porta:
2268 3886 2669 3951 praevalebunt,
2706 3906 2870 3946 unam
2903 3900 3040 3950 citra
3077 3906 3520 3960 controversiam
3559 3926 3645 3965 re-

2066 3967 2229 4038 liquit
2254 3973 2588 4042 Epistolam.
2627 3980 2826 4035 Verum
2851 3984 2925 4039 sit
2954 3988 3077 4056 ejus
3105 3991 3272 4046 etiam
3306 3994 3501 4062 altera,
3521 4015 3644 4069 qua:

2070 4070 2252 4118 tamen
2277 4063 2334 4118 in
2374 4066 2604 4124 dubiqu
2634 4084 2888 4129 vocatur.
2920 4077 3064 4143 Quid
3095 4097 3230 4137 vero
3264 4086 3335 4139 de
3358 4102 3426 4143 eo
3453 4089 3645 4146 dicen-

2066 4152 2225 4216 dum,
2283 4157 2378 4226 qui
2427 4174 2593 4229 supra
2653 4174 2847 4232 pectus
2887 4169 3015 4224 Jesu
3069 4175 3349 4243 recubuit,
3393 4179 3647 4240 Joanne?

2063 4247 2157 4313 qui
2188 4247 2549 4321 Evangelium
2588 4272 2757 4311 unum
2792 4260 2858 4314 ad
2895 4273 3153 4331 posteros
3189 4274 3524 4341 transmisit,
3563 4288 3642 4331 tot

2063 4352 2122 4392 se
2165 4345 2333 4397 edere
2377 4359 2537 4412 posse
2570 4351 2872 4417 professus,
2908 4365 3047 4423 quot
3079 4360 3376 4418 universus
3403 4381 3514 4421 non
3550 4385 3641 4424 ca~

2064 4439 2220 4496 peret
2250 4435 2510 4490 mundus.
2556 4441 2788 4509 Scripsit
2817 4459 3044 4512 quoque
3078 4450 3488 4523 Apocalypsim,
3512 4459 3637 4529 jus-

1558 4518 1695 4582 φασὶ
1719 4518 1950 4585 γνησίας

2079 4534 2156 4573 ius
2186 4530 2366 4578 tacere
2398 4535 2452 4579 et
2477 4543 2589 4582 non
2617 4534 2863 4590 scribere
2887 4550 3097 4608 septem
3123 4544 3428 4601 tonitruum
3453 4565 3634 4606 voces.

2062 4611 2307 4682 Reliquit
2343 4615 2485 4672 idem
2519 4621 2814 4678 admodum
2846 4643 3147 4696 paucorum
3194 4651 3454 4692 versuum
3504 4642 3635 4709 Epi-

2060 4703 2300 4759 stulam;
2326 4712 2420 4761 sed
2447 4712 2519 4764 sit
2545 4712 2665 4782 ejus
2687 4726 2745 4770 et
2772 4721 3037 4787 secunda,
3058 4734 3223 4793 atque
3253 4728 3417 4782 etiam
3447 4735 3632 4799 tertia,

2059 4810 2197 4864 quas
2230 4815 2340 4853 non
2374 4816 2571 4859 omnes
2598 4823 2891 4877 germanas
2918 4828 3043 4869 esse
3075 4828 3292 4885 putant,
3317 4830 3374 4875 Cl
3400 4832 3635 4895 utraque

2057 4898 2282 4945 centum
2324 4910 2517 4951 versus
2556 4915 2667 4954 non
2696 4905 2935 4962 excedit.
2978 4930 2997 4959 ι
3034 4912 3114 4964 Ad
3144 4912 3260 4968 haec
3286 4915 3354 4970 de
3389 4918 3633 4987 Epistula

2057 4981 2125 5033 ad
2186 4980 2445 5040 Hebraeos
2510 4988 2564 5042 in
2627 4992 2877 5062 ejusdem
2930 4999 3173 5057 bomiliis
3233 5008 3349 5062 lucc
3409 5012 3629 5066 refert:

2061 5091 2081 5124 ι
2104 5074 2290 5146 Stylus
2307 5089 2362 5133 et
2390 5081 2634 5137 elocutio
2655 5086 2915 5156 Epistula:
2935 5094 3003 5147 ad
3038 5096 3297 5155 llebrmos
3354 5102 3631 5174 inscripta:

2054 5175 2162 5214 non
2200 5167 2410 5221 redolet
2453 5175 2757 5240 genuinum
2798 5189 2854 5232 et
2885 5183 3168 5240 rudiurem
3204 5187 3454 5257 Apostuli
3493 5167 3631 5251 d-uc-

2055 5262 2212 5311 tum:
2247 5260 2341 5327 qui
2386 5263 2630 5330 seipsum
2675 5272 2866 5324 rudem
2913 5289 3036 5329 esse
3081 5280 3368 5346 professus
3393 5294 3478 5338 est
3506 5301 3625 5341 ser-

2052 5361 2236 5411 mone,
2275 5355 2378 5406 hoc
2410 5366 2514 5420 est,
2548 5359 2885 5420 elocutione.
2932 5369 3001 5421 At
3040 5370 3282 5439 Epistula
3321 5389 3386 5428 ea
3423 5380 3625 5432 verbo-

2054 5456 2172 5493 rum
2201 5449 2607 5514 compositione
2637 5457 2899 5525 majorem
2940 5460 3109 5515 habet
3135 5463 3313 5519 (Ζτωοί
3353 5474 3628 5528 sermonis

2049 5546 2420 5591 venustatem.
2478 5541 2532 5594 ld
2591 5558 2745 5611 sane,
2783 5550 3104 5621 quicunque
3147 5556 3216 5608 de
3251 5557 3626 5618 elocutionum

2047 5621 2376 5683 dill'ereutiis
2419 5631 2670 5700 judicare
2707 5648 2907 5705 potest,
2940 5644 3315 5709 prolitebitur.
3350 5648 3622 5717 Rursum,
