4032 6436
413 486 548 548 Ilii!)

1331 483 1951 547 ECCIESIASTIC/E
1996 482 2394 547 HISTORIA!
2437 485 2581 545 LIB.
2629 488 2707 547 V.‘

3532 479 3686 546 ῒῙῙῢο

408 603 876 678 ἀμείψασθαι-τὴν
901 602 1139 671 σπουδὴν
1172 602 1277 674 ὅλῳ
1304 604 1457 674 πόθῳ
1484 606 1614 675 περὶ
1646 604 1818 674 αὐτὴν
1851 619 1989 672 παρ-

2106 618 2222 656 cum
2268 604 2479 675 ingenti
2525 604 2806 659 desiderio
2853 603 3039 676 priora
3088 604 3269 660 studia
3306 618 3406 660 sua
3441 603 3675 667 meliore

410 697 725 753 εσκεύασεν.
758 695 831 748 Ού
870 695 1043 748 πλείω
1071 695 1129 748 δὲ
1156 693 1191 764 ἦ
1230 698 1393 748 πέντε
1443 695 1981 764 παραμεμενηκότες

409 791 503 859 ἔτη
533 785 703 855 αὐτῷ,
744 784 998 841 τοσοῦτον
1029 785 1321 864 ἐπέδωκαν,
1347 784 1482 853 πρὸς
1515 786 1576 837 τδ
1627 784 1858 854 βέλτιον,
1908 782 1985 844 ὡς

410 884 516 935 κᾶν
553 879 653 949 νέᾳ
682 880 748 947 τῇ
779 876 967 949 ἡλικίᾳ
999 877 1108 930 τῶν
1142 877 1281 931 κατὰ
1310 879 1511 931 Πόντον
1545 874 1857 944 ἐκκλησιῶν
1889 873 1986 927 καὶ

410 973 579 1041 ἄμφω
628 969 727 1041 τὴν
763 968 1098 1040 προστασίαν
1142 968 1602 1037 ὲμπιστευθῆναι.
1657 965 1883 1029 Τούτοις
1938 963 1985 1018 δ’

411 1063 531 1130 ἃμα
560 1059 655 1113 καὶ
676 1058 954 1120 Διονύσιος
984 1053 1075 1129 ἦν,
1131 1057 1191 1119 ὃς
1224 1057 1324 1128 τὴν
1356 1060 1414 1111 ὲν
1449 1056 1837 1127 Ἀλεξανδρείᾳ
1884 1053 1986 1123 τῆς

409 1151 766 1213 διδασκαλίας
798 1150 1016 1221 σχολὴν,
1048 1150 1111 1202 οὐ
1139 1149 1300 1220 μόνον
1325 1148 1412 1213 δὲ,
1446 1149 1586 1203 ἀλλὰ
1615 1150 1710 1202 καὶ
1739 1147 1838 1217 τὴν
1866 1148 1987 1199 ὲπιο

416 1245 627 1313 σκοπὴν
686 1242 983 1309 διεδέξατο.
1051 1241 1306 1311 Τοσαύτη
1364 1258 1451 1305 τις
1503 1237 1575 1311 ἦν
1605 1241 1682 1305 τῷ
1713 1239 1987 1309 Ὦριγένει

416 1337 545 1408 περὶ
576 1336 673 1406 τὴν
703 1334 976 1405 ἀνάληψιν
1004 1334 1112 1387 τῶν
1143 1333 1495 1403 μαθημάτων
1542 1332 1855 1402 φιλοκαλία,
1893 1331 1990 1383 καλ⁸

413 1428 586 1492 οὕτως
617 1430 649 1500 ἡ
682 1428 843 1499 φήμη
895 1427 1105 1488 πάντας
1134 1419 1286 1478 εἷλκε
1327 1424 1471 1478 κατὰ
1525 1424 1656 1479 θέαν
1678 1427 1780 1494 τῆς
1816 1421 1988 1476 αὐτοῦ

417 1522 611 1590 σοφίας
663 1522 760 1574 καὶ
804 1520 1063 1589 γνώσεως
1086 1533 1099 1549 ’
1153 1519 1274 1573 οὐδὲ
1308 1518 1419 1589 γὰρ
1448 1519 1496 1571 οί
1529 1517 1781 1579 παιδείας
1812 1516 1991 1584 λόγων

417 1613 653 1684 ἐρῶντες
683 1613 813 1685 παρ’
837 1613 999 1667 αὑτὸν
1025 1610 1263 1682 ἐφοίτων
1302 1611 1490 1681 μόνον,
1522 1610 1659 1665 ἀλλὰ
1688 1610 1786 1663 καὶ
1808 1609 1858 1661 οἳ
1880 1608 1992 1662 τῶν

416 1703 721 1777 τηνικαῦτα
778 1705 1056 1776 διαϐίητοι
1106 1704 1411 1775 ἐτύγχανον
1465 1703 1644 1767 ὄντες.
1706 1700 1995 1773 Τοσαύτην

418 1799 512 1852 καὶ
544 1799 653 1869 γὰρ
679 1799 772 1852 καὶ
800 1797 1152 1870 Φιρμιλιανδς
1174 1800 1386 1860 ἐκεῖνος
1414 1797 1545 1868 περὶ
1583 1796 1674 1849 τὸν
1702 1794 1994 1865 Ὠριγένην

2090 692 2342 748 doctrina
2381 702 2789 749 commutarent
2823 713 2837 749 :
2873 694 2907 748 ii
2943 693 3327 766 quinquennio
3356 693 3474 748 solo
3500 707 3668 759 opera

2091 787 2147 842 in
2176 787 2351 843 sacris
2384 786 2608 842 Litteris
2636 787 2781 859 apud
2815 803 2943 843 eum
2973 795 3194 859 navata,
3239 793 3454 840 tantum
3483 782 3673 855 profe-

2092 888 2311 941 cerunt,
2339 887 2399 933 ut
2431 878 2514 933 eis
2545 856 2815 933 amhobus
2853 877 3040 933 adhuc
3072 856 3378 946 juvenibus
3405 874 3675 945 regenda-

2093 986 2214 1023 rum
2238 970 2293 1024 in
2316 971 2492 1026 Ponto
2513 970 2870 1026 ecclesiarum
2895 984 3028 1024 cura
3052 977 3200 1024 recte
3218 966 3670 1022 demandaretur.

2093 1059 2214 1116 Una
2264 1075 2390 1116 cum
2435 1059 2524 1116 Itis
2569 1061 2737 1116 etiam
2785 1060 3084 1130 Dionysius
3119 1058 3243 1124 fuit,
3291 1056 3385 1127 qui
3432 1056 3673 1110 Alexan-

2094 1152 2226 1207 dria:
2290 1168 2401 1207 non
2451 1153 2632 1208 solum
2693 1152 2939 1207 divinam
3000 1151 3246 1207 scholam
3321 1147 3671 1205 catechistes.

2094 1244 2260 1315 370
2288 1244 2384 1299 sed
2424 1245 2590 1300 etiam
2632 1244 2935 1300 ecclesiam
2959 1244 3258 1314 episcopus
3299 1240 3468 1295 rexit.
3496 1238 3674 1293 Tanta

2095 1338 2308 1393 scilicet
2335 1335 2558 1407 Origeni
2606 1335 2919 1405 disciplinis
2956 1332 3241 1389 tradendis
3288 1332 3468 1388 inerat
3499 1328 3678 1385 [acili-

2098 1439 2180 1484 tas
2230 1436 2286 1483 et
2338 1428 2638 1500 elegantia,
2691 1435 3019 1497 tantumque
3069 1424 3305 1480 celebris
3351 1422 3472 1494 ejus
3529 1421 3673 1476 fama

2096 1521 2398 1591 plerosque
2420 1520 2488 1575 ad
2518 1519 2879 1590 spectandam
2914 1518 3224 1573 doctrinam
3260 1505 3319 1571 et
3347 1515 3673 1585 sapientiam

2097 1613 2217 1684 eius
2245 1612 2623 1683 pertrahebat.
2662 1611 2789 1668 Nec
2819 1618 3038 1666 tantum
3080 1609 3184 1680 qui
3208 1606 3455 1663 studiosi
3490 1615 3678 1661 essent

2099 1705 2345 1769 dicendi,
2374 1704 2718 1773 aliarumque
2741 1704 2969 1763 artium.
2994 1715 3187 1756 verum
3217 1700 3385 1756 etiam
3413 1697 3507 1769 qui
3539 1711 3679 1768 prte-

2100 1799 2309 1853 clarum
2335 1799 2445 1869 jam
2487 1798 2540 1851 in
2567 1798 2650 1853 eis
2684 1812 2884 1851 nomen
2918 1803 3079 1851 erant
3109 1794 3421 1855 consecuti,
3455 1792 3520 1846 ad
3547 1805 3675 1845 eum

415 1890 627 1943 ἐδείκνυ
653 1891 913 1961 σπουδὴν,
938 1893 1038 1960 τῆς
1059 1890 1105 1945 δ’
1136 1892 1196 1943 ὲν
1225 1891 1543 1963 Καισαρείᾳ
1590 1889 1994 1953 Καππαδοκίας

2106 1890 2414 1945 veniebant.
2449 1888 2805 1944 Firmilianus
2838 1899 3059 1956 quoque
3093 1884 3358 1939 Caesarea-
3386 1881 3678 1951 Cappado-

415 1982 572 2046 οὗτος
599 1983 697 2045 τὰς
729 1982 883 2054 ἱερὰς
932 1981 1090 2052 ἡνίας
1124 1981 1528 2053 ἶδιεχειρίζετο,
1581 1982 1654 2046 ὡς
1718 1983 1849 2035 ποτὲ
1884 1981 1988 2052 μὲν

415 2075 575 2129 αὐτὸν
617 2076 822 2128 ἐκεῖνον
870 2075 963 2128 τὸν
1023 2075 1310 2146 Ὠριγένην
1365 2075 1670 2146 πρεσϐείαν
1723 2077 1985 2142 πέμπων,

415 2163 551 2230 πρὸς
575 2163 642 2215 τὰ
667 2163 788 2215 κατ’
819 2164 1029 2215 ἐκεῖνον
1061 2161 1307 2233 κλίματα
1335 2164 1415 2226 εἰς
1465 2162 1711 2216 ἐπίδοσιν
1761 2162 1865 2214 τῶν
1892 2164 1988 2215 ὲκ-

415 2253 650 2323 κλησιῶν
689 2254 1075 2324 μετεστέλλετο
1100 2267 1114 2283 ⁸
1147 2254 1338 2308 ἄλλοτε
1370 2254 1427 2307 δὲ
1470 2255 1637 2309 αὐτὸν
1677 2256 1989 2326 προφάσεις

415 2345 807 2416 πλαττόμενον,
841 2346 955 2400 ’ἐπὶ
981 2346 1054 2400 τὰ
1083 2346 1183 2416 τῆς
1225 2346 1493 2411 Ἰουδαίας
1517 2347 1775 2419 ἔρχεσθαι
1804 2350 1946 2421 μέρη
1974 2365 1989 2379 ⁸

413 2437 509 2490 καὶ
545 2437 736 2508 χρόνον
754 2440 856 2493 οὐκ
885 2438 1170 2510 ἐλάχιστον
1206 2440 1722 2510 συνδιαγενόμενον,
1758 2442 1888 2510 περὶ
1920 2441 1989 2494 τὰ

415 2531 535 2583 Oeta.
583 2533 660 2594 ὡς
697 2533 937 2602 μάλιστα
1001 2530 1373 2602 βελτιοῦσθαι,
1431 2533 1527 2588 καὶ
1581 2533 1761 2598 οὕτως
1805 2535 1989 2588 οἴκαδε

416 2623 741 2692 ἐπανήκειν.
770 2625 844 2678 Οὐ
874 2625 983 2693 μὴν
1003 2625 1061 2680 δὲ
1093 2625 1232 2678 ἀλλὰ
1260 2626 1353 2679 καὶ
1379 2628 1406 2679 ὁ
1435 2625 1545 2679 τῶν
1597 2626 1990 2695 Ἱεροσολύμων

430 2714 828 2785 Ἀλέξανδρος,
890 2717 989 2770 καὶ
1036 2717 1363 2781 Θεόκτιστος
1415 2720 1443 2772 ὁ
1473 2720 1570 2788 τῆς
1622 2719 1991 2791 Παλαιστίνης

418 2806 761 2878 Καισαρείας
810 2808 1134 2875 ἐπίσκοπος,
1202 2810 1389 2880 σχεδὸν
1428 2810 1522 2869 τὸν
1570 2811 1747 2864 πάντα
1797 2813 1990 2883 χρόνον

419 2896 571 2968 αὐτῷ
624 2898 887 2966 συνῆσαν,
939 2892 1029 2952 οἷα
1074 2899 1409 2966 διδασκάλῳ,
1454 2900 1549 2955 καί
1578 2916 1684 2955 τινι
1719 2905 1991 2975 κρείττονι

417 2989 562 3058 ἤπερ
590 2990 689 3057 τῆς
721 2988 844 3042 καθ’
875 2990 1024 3061 ἡμᾶς
1049 2990 1266 3059 φύσεως
1290 2990 1723 3061 προσανέχοντες
1747 3006 1761 3020 °
1794 2992 1992 3062 ἀνέδην

419 3097 480 3133 τε
503 3081 966 3152 παραχωροῦντες
990 3078 1131 3153 ἦσαν
1158 3081 1327 3152 αὐτῷ,
1354 3084 1453 3137 ὅσα
1479 3083 1545 3153 δὴ
1565 3083 1662 3136 τοῦ
1694 3084 1994 3155 ἐκκλησια-

424 3171 612 3225 στικοῦ
642 3172 826 3239 λόγου,
860 3178 956 3227 καὶ
998 3172 1202 3243 μᾶλλον
1236 3175 1334 3227 ὅσα
1366 3175 1434 3244 τῇ
1481 3173 1593 3228 τῶν
1632 3174 1791 3229 θείων
1820 3177 1993 3247 ὲρμη·

426 3267 545 3331 νείᾳ
576 3265 827 3334 προσῆκε
859 3265 1118 3337 Γραφῶν.

985 3379 1240 3437 ΚΕΦΛΛ.
1279 3383 1409 3436 KA'.

424 3469 563 3540 Περὶ
591 3470 696 3525 τοῦ
722 3470 1119 3550 συπῃφαφέως
1149 3473 1415 3550 Ἰουμῑίου
1461 3474 1846 3550 ﬁguraturvel
1898 3478 1997 3532 καὶ

780 3541 900 3595 τῶν
923 3541 1407 3611 συγγραμμάτων
1436 3541 1646 3598 αὐτοῦ.
1832 3541 1837 3543 ”
2000 3552 2015 3562 '

493 3655 801 3725 Σύγχρονον
847 3654 902 3708 δὲ
938 3649 1080 3707 εἶναι
1136 3654 1213 3724 τῷ
1239 3654 1519 3725 Ὠριγένει,
1542 3658 1637 3710 καὶ
1662 3657 1752 3710 τὸν
1777 3656 2002 3715 Ἰούλιον

438 3748 765 3820 ’Ἀφρικανὸν
796 3751 825 3801 ὁ
853 3748 953 3818 τῆς
1004 3747 1249 3817 ἱστορίας
1306 3748 1498 3802 δίδωσι
1539 3750 1731 3818 λόγος·
1763 3753 1853 3805 καὶ
1891 3753 2001 3806 τῶι

426 3843 783 3899 σπουδαστῶν
805 3843 900 3896 ἕνα
915 3844 1013 3896 καὶ
1039 3842 1201 3896 αὐτὸν
1223 3844 1483 3911 γενέσθαι
1504 3861 1517 3876 ·
1554 3843 1613 3904 ὃς
1647 3848 2003 3916 συγγραφεὺς

424 3937 688 4011 ἀκριϐοῦς
744 3936 854 3990 τῶν
887 3935 1100 4008 χρόνων
1156 3938 1484 4008 ἀναγραφῆς
1517 3940 1917 4009 ἐχρημάτισεν,
1945 3945 2003 3995 ὲν

427 4031 588 4083 πέντε
621 4026 1007 4098 σπουδάσμασι
1038 4029 1212 4080 ταῦτα
1242 4029 1563 4081 καταλιπών
1585 4045 1607 4061 ι
1641 4032 1700 4084 ὲν
1738 4026 1821 4095 οἷς
1856 4034 2004 4088 i010-

431 4126 516 4195 ρεῖ
543 4124 637 4178 καὶ
669 4122 812 4176 κατὰ
853 4121 1074 4190 μακρὰν
1108 4122 1304 4191 φήμην
1352 4123 1444 4175 τοῦ
1495 4123 1743 4192 Ἡρακλᾶ
1773 4126 2006 4196 πορείαν

429 4219 514 4272 ἐπ’
536 4215 926 4287 Ἀλεξανδρεία
949 4214 1295 4269 στείλασθαι.
1326 4213 1496 4278 Οὗτος
1522 4216 1603 4282 δὲ,
1624 4216 1727 4271 καὶ
1749 4217 1861 4272 τῶν
1880 4220 2007 4273 επιε-

430 4313 795 4383 γραφομένων
817 4307 1029 4363 κεστῶν
1052 4308 1229 4377 λόγων
1265 4311 1621 4379 συγγραφεὺς
1653 4308 1753 4375 ὢν,
1790 4312 2009 4364 επιστο-

429 4408 527 4477 λὴν
554 4403 845 4475 σχεδιάσας
880 4402 1130 4471 ἔπεμπεν
1159 4400 1432 4468 Ὠριγένει
1460 4418 1473 4433 ⁸
1519 4399 1618 4471 τὴν
1646 4402 1790 4455 κατᾶ
1818 4402 2007 4456 Σωσά-

431 4517 524 4551 ναν
547 4496 689 4550 κατὰ
717 4495 777 4547 τὸ
807 4492 1010 4561 Δανιὴλ
1049 4493 1295 4562 ἱστορίαν
1321 4493 1397 4556 ὡς
1434 4492 1502 4546 ἂν
1541 4493 1698 4547 νόθον
1740 4495 1840 4564 τῆς
1866 4496 2007 4565 Γρα-

431 4590 540 4658 φῆς
573 4585 970 4655 ἀποσειόμενος
1002 4582 1369 4655 σύγγραμμα.
1428 4583 1574 4654 Πρὸς
1607 4582 1675 4655 ἢν
1720 4586 2008 4657 Ὠριγένης

429 4681 805 4752 ἀντιγράφων,
835 4678 1077 4732 δείκνυσι
1107 4677 1183 4747 μὴ
1211 4675 1368 4730 νόθον
1393 4672 1554 4740 εἶναι,
1585 4674 1722 4729 ἀλλὰ
1755 4678 1848 4731 καὶ
1873 4679 2011 4745 μᾶ).-

432 4775 524 4827 λον
555 4774 776 4844 γνήσιον
815 4772 889 4843 τῇ,
918 4770 1136 4841 Γραφῇ,
1173 4768 1264 4823 καὶ
1316 4768 1706 4839 πληρεστάτην
1739 4785 2009 4841 πραγμαο

434 4866 726 4943 τευόμενον
770 4846 1294 4919 λυσιτέλειανίΚαὶ
1339 4861 1477 4932 πρὸς
1504 4861 1851 4933 ’Ἀριστείδην
1875 4862 2010 4932 ἄλλη

434 4957 697 5026 ἐπιστολὴ
746 4955 978 5028 φέρεται
1008 4953 1105 5008 τοῦ
1156 4951 1493 5025 Ἀφρικανοῦ
1525 4954 1658 5024 περὶ
1689 4953 1794 5024 τῆς
1823 4952 2013 5006 δοκού-

436 5066 536 5119 σης
567 5049 689 5119 μὲν,
713 5048 921 5120 ἥκιστα
943 5045 1002 5100 δὲ
1038 5044 1208 5116 οῠσης
1235 5042 1533 5113 διαφωνίας
1570 5046 1628 5097 ὲν
1661 5046 1726 5114 τῇ
1759 5045 2015 5113 γενεαλο-

435 5143 530 5213 γία
562 5138 803 5212 Χριστοῦ
834 5139 988 5209 παρὰ
1014 5139 1092 5209 τῷ
1116 5137 1379 5208 Ματθαίῳ
1410 5153 1471 5190 τε
1501 5134 1598 5190 καὶ
1627 5138 1814 5208 Λουκᾷ
1834 5154 1849 5170 -
1897 5138 1954 5190 ὲν
1981 5132 2014 5208 ᾗ

434 5233 711 5287 δείκνυσιν
747 5231 811 5286 ἐκ
839 5248 987 5294 τινος
1015 5230 1259 5299 ἱστορίας
1285 5232 1367 5292 είς
1388 5229 1554 5283 αὐτὸν
1583 5228 1791 5283 ἄνωθεν
1824 5228 2016 5284 κατελ-

437 5323 639 5395 Οούσης
674 5324 986 5392 συμφωνεῖν
1017 5324 1144 5386 τοὺς
1174 5320 1573 5389 εὐαγγελιστὲις
1616 5319 1818 5388 μᾶλλον
1838 5362 1853 5384 ,
1880 5318 2018 5373 ἀλλὰ

443 5417 520 5488 μὴ
549 5416 866 5485 διαφωνεῖν.
896 5415 1000 5469 Ἦν
1043 5416 1101 5467 ἐν
1134 5417 1201 5485 τῇ
1235 5414 1613 5485 μετὰ-χεῖρας
1658 5415 2017 5484 πραγματείᾳ

440 5510 497 5560 ἐν
520 5507 598 5576 τῷ
619 5504 824 5579 πρώτῳ
853 5506 1005 5576 τόμῳ
1036 5505 1425 5576 προσηκόντως
1446 5503 1741 5572 κατέταξα.
1778 5504 2017 5573 Τοιαύτη

445 5597 542 5664 μὲν
570 5597 701 5663 δόξα
729 5597 885 5667 παρᾶ
932 5597 1068 5649 πᾶσι
1117 5595 1195 5664 τῷ
1225 5595 1498 5663 Ὠριγὲνει
1520 5610 1533 5624 ·
1588 5594 1729 5663 αὔτη
1759 5594 1856 5663 τῆς
1888 5595 2020 5665 περὶ

443 5689 511 5742 τὰ
541 5690 662 5759 ἱερὰ
698 5690 999 5759 μαθήματα
1029 5688 1187 5759 αὐτῷ
1215 5691 1247 5758 ἡ
1282 5687 1488 5756 σπουδή
1513 5706 1526 5718 ·
1570 5685 1740 5748 οὕτως
1774 5686 1878 5738 ὑπὸ
1907 5685 2018 5738 τῶν

516 5851 594 5921 (1)
629 5851 787 5906 Forte
832 5850 921 5905 hic
968 5866 1065 5917 pro
1104 5845 1984 5921 iioruclmlegendumOrigcnis.

2099 1998 2223 2038 cum
2248 1983 2541 2053 episcopus
2606 1980 2747 2035 tanti
2783 1980 3062 2033 hominem
3095 1976 3245 2043 fecit,
3278 1980 3343 2030 ut
3379 1973 3679 2043 aliquando

2101 2074 2511 2130 internuntium
2553 2074 2620 2128 ad
2661 2088 2788 2127 eum
2829 2070 3065 2134 miserit,
3100 2084 3199 2138 per
3239 2082 3404 2138 quem
3437 2080 3562 2120 eum
3609 2064 3675 2117 ad

2100 2181 2159 2220 se
2214 2166 2573 2221 ecclesiarum
2602 2176 2829 2217 suarum
2860 2160 3223 2215 emolumenti
3260 2171 3426 2210 causa
3473 2154 3680 2208 invita-

2105 2268 2207 2314 ret.
2237 2257 2507 2314 C:eterum
2553 2270 2679 2310 cum
2727 2254 2820 2309 ille
2871 2267 3150 2306 morarum
3197 2248 3437 2304 subinde
3486 2259 3683 2302 causas

2106 2360 2376 2417 necteret,
2410 2350 2529 2420 ipse
2560 2347 2612 2401 in
2643 2347 2886 2403 Iudaeam
2929 2346 3234 2416 profectus,
3270 2351 3435 2409 atque
3470 2339 3544 2393 ibi
3577 2338 3682 2391 ali-

2103 2442 2348 2515 quandiu
2389 2457 2514 2497 cum
2561 2440 2657 2494 illo
2692 2447 2992 2495 versatus:
3027 2434 3248 2491 tandem
3295 2433 3471 2486 multo
3514 2443 3678 2501 quam

2100 2544 2263 2591 antea
2292 2534 2471 2590 fuerat
2519 2547 2798 2589 sacrarum
2824 2529 3158 2584 Litterarum
3196 2524 3426 2596 peritior
3453 2522 3519 2577 ad
3550 2534 3685 2577 suos

2103 2631 2290 2687 rediit.
2315 2629 2423 2685 Sed
2450 2640 2506 2684 et
2532 2625 2842 2682 Alexander
2872 2621 3378 2691 Hierosolymorum
3412 2627 3470 2672 et
3497 2614 3682 2670 Theo-

2103 2724 2301 2780 ctistus
2358 2720 2620 2776 Caesareae
2670 2715 2974 2772 Palaestinae
3019 2710 3262 2783 episc0pi
3309 2722 3529 2778 semper
3567 2706 3684 2761 fere

2105 2818 2183 2873 ibi
2227 2831 2352 2871 cum
2404 2829 2470 2869 eo
2517 2821 2578 2867 ut
2629 2809 2915 2880 magistro,
2959 2806 3053 2877 qui
3102 2804 3160 2858 in
3204 2801 3378 2857 sacris
3412 2798 3683 2853 doctrinis

2106 2912 2278 2981 major
2323 2926 2483 2980 quam
2546 2907 2786 2960 huumna
2835 2913 3032 2958 natura
3094 2899 3224 2961 fert.
3279 2905 3450 2962 esset,
3502 2895 3682 2957 fuere,

2104 3017 2326 3073 operam
2368 3001 2420 3056 ei
2462 3008 2728 3053 navantes
2781 3011 2796 3049 :
2846 3004 2901 3049 et
2957 2992 3278 3063 propalam,
3321 3004 3443 3059 quae
3487 2988 3572 3042 vel
3612 2985 3684 3040 ad

2099 3095 2526 3153 ecclesiasticam
2562 3089 2890 3151 doctrinam,
2924 3081 3005 3140 vel
3035 3088 3102 3139 ad
3133 3097 3412 3138 sacrarum
3442 3078 3683 3134 Littera-

2106 3202 2230 3242 rum
2291 3181 2811 3253 interpretationem
2848 3164 3214 3248 pertinerent,
3251 3172 3300 3226 ei
3368 3169 3683 3226 conceden-

2022 3271 2068 3333 C
2102 3289 2206 3337 tes.

2680 3386 2906 3447 CAPUT
2947 3382 3093 3439 XXI.

2172 3485 2252 3541 De
2277 3484 2535 3557 scriptore
2570 3480 2717 3537 Julia
2746 3479 2997 3548 Africano
3018 3517 3035 3543 ,
3062 3475 3315 3544 librisque
3349 3471 3605 3542 ejusdem.

2175 3664 2380 3722 Eodem
2444 3674 2693 3732 tempore
2755 3673 2881 3716 cum
2946 3655 3185 3726 Origene
3240 3654 3407 3711 etiam
3463 3652 3674 3710 Iulium

2106 3758 2424 3813 Africanum
2496 3754 2735 3817 vixisse,
2804 3750 3051 3806 historia:
3123 3747 3351 3802 tradunt
3403 3763 3417 3799 :
3475 3747 3570 3816 qui
3623 3753 3682 3800 et

2105 3849 2258 3905 illius
2283 3846 2452 3901 fuerit
2473 3853 2739 3907 sectator,
2770 3854 2826 3897 et
2852 3841 3082 3911 diligens
3109 3837 3388 3892 annalium
3418 3836 3676 3904 scriptor,

2106 3955 2251 4011 quos
2277 3938 2438 3993 libris
2489 3936 2737 4006 quinque
2783 3945 2865 3989 est
2908 3931 3252 4001 complexus.
3290 3930 3353 3985 In
3395 3928 3479 3983 eis
3522 3942 3688 3999 porro

2106 4031 2326 4097 scribit,
2385 4045 2442 4084 se
2487 4027 2750 4100 praeclara
2801 4026 2942 4079 fama
2998 4022 3243 4079 Heraclea
3287 4020 3368 4091 (l)
3422 4021 3686 4085 excitum,

2110 4121 2507 4193 profectionem
2588 4115 3019 4172 Alexandrinam
3085 4112 3417 4181 suscepisse.
3479 4109 3689 4165 Africa-

2109 4231 2215 4271 nus
2235 4215 2338 4269 iste
2380 4212 2656 4268 librorum
2679 4224 2875 4265 eorum
2899 4206 2988 4277 qui
3012 4204 3393 4260 inscribuntur
3412 4200 3561 4256 Cesti
3586 4199 3689 4271 (2),

2112 4316 2303 4361 auctor
2341 4305 2684 4373 perhibetur.
2733 4300 2892 4354 Dedit
2939 4298 2985 4352 is
3021 4310 3240 4366 quoque
3280 4293 3348 4348 ad
3389 4294 3683 4361 Origenem

2109 4395 2420 4466 epistolam,
2449 4395 2502 4447 in
2535 4409 2638 4462 qua
2676 4389 2960 4446 historiam
2992 4386 3283 4445 Susannze,
3319 4383 3488 4437 veluti
3523 4383 3682 4437 adul-

2116 4488 2360 4541 terinum
2410 4485 2678 4553 scriptum
2705 4522 2721 4546 ,
2769 4496 2835 4537 ex
2880 4478 3107 4547 Daniele
3154 4474 3356 4545 reiicit.
3394 4472 3475 4528 Ad
3521 4487 3689 4541 quem

2117 4579 2433 4635 rescribens
2477 4575 2765 4645 Origenes,
2816 4586 2936 4626 eam
3000 4586 3108 4624 non
3172 4567 3539 4637 illegitimam,
3591 4562 3689 4620 sed

2115 4685 2431 4742 germanam
2485 4668 2669 4737 potius
2723 4679 2848 4719 esse
2890 4661 3255 4731 Scripturam.
3308 4656 3429 4727 qua:
3476 4657 3693 4712 sciliCet

2113 4762 2417 4836 plurimum
2447 4758 2640 4815 aﬂ'erat
2673 4755 2950 4825 utilitatis,
2986 4751 3256 4809 ostendit.
3285 4748 3694 4806 Circumfertur

2113 4864 2168 4910 et
2211 4853 2318 4908 alia
2346 4852 2585 4908 Africani
2633 4847 3030 4904 ad'Aristidem
3071 4843 3325 4913 epistola,
3353 4842 3422 4897 de
3456 4857 3522 4896 ea
3567 4855 3695 4911 qua:

2118 4947 2340 5002 videtur
2369 4960 2512 5011 esse,
2543 4959 2669 4999 cum
2701 4957 2811 4996 non
2848 4939 2942 5006 sit,
2975 4934 3335 4994 dissonantia
3355 4934 3694 5007 genealogiam

2116 5039 2319 5095 Christi
2357 5037 2501 5109 apud
2544 5035 2705 5107 371
2737 5032 3151 5089 Matthazumet
3185 5029 3386 5083 Lucam
3428 5045 3440 5082 :
3474 5026 3528 5080 in
3563 5040 3694 5094 qua,

2117 5147 2185 5188 ex
2217 5132 2447 5187 historia
2482 5128 2742 5199 quadam,
2790 5141 2953 5197 quam
2991 5140 3020 5179 a
3063 5121 3342 5178 veteribus
3379 5127 3693 5188 acceperat,

2121 5224 2487 5295 evangelistas
2522 5220 2694 5293 magis
2724 5221 2867 5275 inter
2896 5233 2971 5275 se-
2999 5217 3319 5272 consentire
3339 5253 3354 5278 ,
3386 5227 3551 5282 quam
3582 5210 3695 5264 dis-

2122 5318 2430 5372 sonantium
2472 5315 2713 5384 aliquam
2758 5312 2903 5382 apud
2950 5326 3050 5366 eos
3097 5325 3242 5372 esse,
3293 5307 3509 5377 prohat.
3565 5303 3696 5357 Eam

2127 5408 2391 5464 volumini
2445 5407 2574 5461 huic
2620 5417 2835 5471 nostro,
2892 5404 3013 5460 loco
3048 5417 3170 5468 suo,
3224 5400 3280 5454 in
3327 5396 3508 5469 primo
3552 5405 3699 5450 tomo

2127 5499 2486 5557 inseruimus.
2538 5498 2722 5567 Atque
2772 5495 2890 5551 haec
2942 5494 3167 5565 quidem
3217 5491 3475 5560 Origenis
3527 5488 3701 5560 gloria

2125 5592 2270 5663 apud
2313 5606 2507 5646 omnes
2535 5590 2662 5653 fuit,
2708 5590 2813 5644 hoc
2848 5588 3027 5658 ipsius
3068 5585 3123 5639 in
3170 5582 3345 5639 sacr-is
3389 5579 3703 5654 disciplinis

2127 5685 2373 5740 Studium
2409 5704 2422 5738 :
2456 5683 2508 5737 in
2544 5684 2646 5738 hac
2689 5696 2913 5750 quoque
2956 5680 3350 5750 episcoporum
3382 5675 3488 5732 fuit
3529 5673 3704 5730 admi-

628 5922 703 5977 De
729 5913 1017 5977 Gestorum
1046 5922 1200 5974 lihrzs
1232 5913 1441 5973 Suiilas
1475 5918 1529 5973 in
1561 5913 2194 5985 ἀίειίυηόἈφρικανός.
