4032 6430
348 450 481 515 1ί13

1278 446 1889 512 ECCLESIASTIC/E
1932 446 2327 507 ΗιεΤΟΗΙΑς
2368 448 2518 512 LIB.
2561 453 2631 513 ν.

3459 448 3594 521 illi

338 565 664 634 τάρξαντος·
698 564 731 634 ἢ
764 564 932 635 πρινὴ
965 565 1202 635 φανῆναι
1247 569 1340 619 καὶ
1371 569 1490 630 ταῖς
1522 566 1722 637 αὔραις
1756 567 1897 637 ῥιπι·

2014 567 2306 629 exstincta,
2345 567 2580 639 Origene
2604 572 2762 640 aquis
2800 586 2921 627 eam
2960 579 3189 642 repente
3220 586 3287 627 ex
3344 570 3594 642 Scriptu-

340 656 533 725 σθῆναι
563 654 658 707 τοῦ
686 652 946 724 πονηροῦ,
979 654 1175 707 θᾶττον
1198 655 1514 721 ὲσὸέννυτο,
1541 658 1602 709 τδ
1629 655 1775 724 ’ὕδωρ
1800 655 1912 707 τῶν

336 746 633 817 Γραφικῶν
683 748 1002 818 χειμάρρων
1063 750 1127 800 ὲκ
1188 748 1285 801 τοῦ
1348 749 1539 819 σχεδὸν
1602 749 1912 819 Ὠριγένους

337 843 477 912 αὐτῇ
511 841 906 909 καταχέαντος.
939 841 1003 892 Ol.
1026 839 1134 909 γὰρ
1175 839 1485 894 Ἐλκεσαϊοι
1517 834 1664 893 οὗτοι
1706 838 1912 908 μύθους

336 933 458 985 ὅθεν
493 932 557 1003 δή
587 948 714 985 ποτε
764 932 1175 1001 ὲρανισάμενοι,
1206 933 1624 1003 τερατόμορφον
1665 949 1785 985 τινα
1813 934 1912 1000 τὴν

341 1026 476 1076 ἰδίαν
509 1022 893 1075 συντεθείκασι
945 1022 1180 1095 πλάνην.
1220 1025 1332 1077 Καὶ
1379 1027 1508 1095 περὶ
1540 1023 1638 1093 μὲν
1674 1026 1769 1091 τὴν
1801 1021 1909 1075 τῶν

336 1116 471 1168 ὂὶων
499 1113 674 1184 ἀρχὴν
726 1114 1009 1182 σύμφωνοι
1041 1117 1255 1177 πάντως
1303 1118 1469 1187 ἡμῖν·
1521 1117 1616 1169 ενα
1655 1116 1763 1185 γὰρ
1814 1115 1910 1167 καὶ

334 1200 484 1259 οὗτοι
513 1205 603 1259 τὸν
657 1204 766 1259 τῶν
796 1206 935 1259 ὅλων
977 1207 1205 1261 καλοῦσι
1245 1207 1584 1278 δημιουργόν
1615 1224 1629 1237 θ
1661 1209 1785 1279 οὐχ⁹
1809 1207 1907 1259 ἕνα

341 1299 523 1364 μέντοι
563 1301 657 1349 καὶ
687 1300 780 1350 τὸν
828 1300 1088 1368 Χριστὸν,
1123 1301 1258 1353 ἀλλὰ
1293 1301 1519 1363 πολλούς
1559 1318 1616 1354 τε
1666 1301 1761 1353 καὶ
1790 1300 1908 1353 δια-

335 1392 531 1460 φόρους
558 1407 571 1421 ·
611 1391 703 1443 καὶ
758 1392 855 1444 ἕνα
898 1393 997 1460 μὲν
1032 1393 1146 1447 ἄνω
1194 1389 1361 1458 εἶναι,
1406 1395 1570 1448 ἄλλον
1601 1394 1657 1446 δὲ
1711 1394 1861 1445 κάτω
1889 1407 1904 1421 ·

333 1483 392 1535 ὃν
418 1486 511 1537 καὶ
549 1483 765 1546 πολλοῖς
815 1485 1156 1555 ἐνῳκηκέναι
1191 1489 1461 1558 πρότερον
1495 1487 1820 1554 φάσκουσιν.
1851 1486 1907 1546 ἐς

335 1572 563 1637 ὕστερον
614 1571 672 1622 δὲ
700 1573 793 1626 καὶ
837 1572 916 1642 τῷ
970 1575 1034 1625 ἐκ
1083 1574 1304 1644 Μαρίας
1364 1575 1465 1643 υἱῷ
1497 1574 1782 1643 ἐνοικῆσαι
1826 1574 1905 1638 τῷ

346 1661 545 1731 Ἰησοῦ.
581 1663 685 1714 Τὸν
712 1663 771 1717 δὲ
811 1664 1028 1733 Ἰησοῦν
1076 1667 1206 1720 ποτὲ
1239 1666 1340 1735 μὲν
1368 1667 1431 1719 ὲκ
1459 1666 1554 1719 τοῦ
1599 1666 1734 1728 Θεοῦ
1764 1661 1906 1719 εἷναί

334 1771 488 1821 φασι,
523 1754 654 1807 ποτὲ
686 1757 742 1808 δὲ
776 1755 1048 1826 παρθένον
1079 1759 1371 1827 ἐσχηκέναι
1420 1759 1633 1828 μητέρα
1659 1776 1672 1789 '
1705 1759 1762 1811 ἐν
1792 1775 1904 1811 τισι

330 1847 386 1899 δὲ
412 1847 534 1899 οὐδὲ
566 1844 728 1899 τοῦτο
758 1849 998 1913 λέγουσι.
1031 1849 1104 1902 Τὸ
1132 1851 1187 1903 δὲ
1229 1851 1473 1921 Πνεῦμα,
1498 1853 1593 1904 καὶ
1618 1853 1775 1906 τοῦτο
1806 1869 1902 1923 με·

330 1938 834 2005 τενσωματοῦσθαι,
869 1940 963 1993 καὶ
1006 1944 1086 2003 είς
1114 1942 1349 2012 διάφορα
1384 1943 1614 1997 εἰσιέναι
1645 1942 1899 2013 σώματα,

332 2045 423 2080 και
454 2027 576 2080 καθ’
617 2030 843 2098 ἕκαστον
874 2032 1068 2100 καιρὸν
1104 2032 1387 2105 διαφόρως
1417 2034 1761 2098 δείκνυσθαι,
1781 2036 1903 2088 Δαι-

336 2122 513 2186 μόνων
548 2121 592 2173 δ’
636 2123 874 2191 ἐπῳδαῖς
920 2126 1016 2179 καὶ
1064 2127 1391 2197 ἐπικλήσεσι
1446 2129 1766 2198 κέχρηνται.
1808 2129 1903 2181 καὶ

334 2210 707 2280 βαπτίσμασιν
732 2215 822 2266 ἐπὶ
840 2218 907 2286 τῇ
927 2215 1039 2268 τῶν
1061 2219 1344 2288 στοιχείων
1368 2218 1650 2289 ὁμολογίᾳ.
1684 2219 1902 2285 Ἀστρο-

330 2300 516 2367 ὶογίαν
547 2304 642 2354 καὶ
686 2303 1077 2376 μαθηματικὴν
1124 2308 1331 2377 πλάνην
1361 2309 1723 2372 ἀσπάζονται,
1765 2324 1900 2379 προ⁶

328 2394 666 2458 ’ίνωστικοὺς
692 2397 921 2458 ἑαυτοὺς
945 2397 1321 2463 ὀνομάζοντες.
1347 2400 1453 2455 Τὸν
1478 2400 1534 2453 δὲ
1554 2401 1698 2454 θεῖον
1743 2400 1906 2454 Ἀπό-

331 2488 514 2539 στολον
549 2489 869 2541 παντάπασι
895 2488 1266 2561 διαγράφουσι
1292 2508 1307 2523 ·
1340 2493 1430 2545 καί
1460 2510 1581 2545 τινα
1623 2493 1680 2547 δὲ
1720 2492 1901 2562 βίϐλον

328 2578 855 2648 ἐπισκευασάμενοι,“
914 2583 972 2648 ἐξ
1030 2583 1266 2652 ούρανοῦ
1328 2584 1682 2637 πεπτωκέναι
1730 2585 1900 2653 αὐτὴν

326 2669 751 2734 τερατεύονται·
796 2671 893 2723 καὶ
938 2674 1028 2723 τὸν
1071 2671 1277 2741 ταύτης
1322 2673 1554 2728 ἀκοῦσαι
1596 2673 1899 2739 ἀξιωθέντα

324 2755 491 2825 ἄλλην
539 2759 959 2831 ἁμαρτημάτων
990 2762 1189 2830 ἄφεσιν
1239 2764 1387 2834 ἔχειν
1422 2764 1552 2834 παρ’
1587 2765 1651 2833 ἢν
1683 2768 1711 2817 ὁ
1760 2766 1898 2834 Χρι-

325 2851 449 2913 στὸς
480 2853 811 2922 ἐδωρήσατο.
848 2856 1004 2908 Κατὰ
1053 2855 1117 2926 δὴ
1161 2846 1367 2928 ταύτης
1412 2860 1507 2913 καὶ
1547 2859 1896 2927 ’Δλκιὸιάδης

324 2938 383 3001 ἐξ
444 2939 752 3009 Ἀπαμείας
811 2942 910 3012 τῆς
969 2944 1171 3014 Συρίας
1220 2944 1518 3016 πάμπολλα
1562 2947 1893 3017 ἠγωνίσατο.

336 3031 619 3102 Ὠριγένης
648 3033 703 3087 δὲ
730 3036 843 3098 τοῖς
869 3034 990 3089 κατ’
1014 3037 1181 3106 αὐτῆς
1204 3037 1453 3108 ἐλέγχοις
1483 3040 1755 3108 ἡρίστευε.
1780 3039 1897 3107 ιΤῆς

322 3123 369 3173 δ’
403 3126 671 3194 αἱρέσεως
700 3127 907 3196 ταύτης
941 3128 1253 3198 καθομιλῶν
1286 3130 1377 3182 ἐπὶ
1405 3130 1499 3183 τοῦ
1530 3130 1713 3184 κοινοῦ
1752 3130 1899 3200 Ὠρι-

2016 674 2202 712 rarum
2235 647 2577 716 torrentibus
2603 663 2814 718 haustis
2836 665 3131 729 obruente,
3154 678 3316 733 quam
3341 664 3398 719 in
3432 679 3592 732 aper-

2016 760 2130 805 tum
2173 754 2398 823 maligni
2459 756 2689 824 spiritus
2753 756 2908 810 auris
2949 757 3286 811 exsuscitata
3316 756 3588 825 prodiret.

2016 843 2336 901 llelccsaitte
2377 862 2615 917 namque
2660 847 2747 900 isti
2802 847 3169 917 undecunque
3216 847 3418 901 fabulis
3472 849 3589 901 col-

2012 938 2191 1003 lectis,
2261 947 2642 1008 portentosum
2704 939 2808 993 sibi
2873 939 3169 1008 quemdam
3225 954 3588 1007 composuere

2010 1046 2274 1085 errorem.
2312 1030 2379 1084 Et
2406 1031 2630 1097 quidem
2674 1032 2742 1086 de
2796 1034 2981 1085 rerum
3008 1033 3257 1085 omnium
3308 1033 3585 1101 principio

2012 1123 2299 1178 nobiscum
2331 1124 2725 1178 consentiunt:
2761 1140 2927 1178 unum
2962 1125 3235 1193 siquidem
3287 1135 3343 1179 et
3370 1126 3470 1194 ipsi
3498 1141 3587 1179 re-

1966 1252 1969 1255 ν
2014 1230 2133 1269 rum
2159 1215 2405 1269 omnium
2438 1215 2784 1269 conditorem
2812 1226 3106 1270 asserunt:
3140 1231 3249 1270 non
3284 1231 3451 1271 unum
3481 1232 3581 1269 au-

2012 1317 2119 1362 tem
2153 1307 2455 1370 Christum,
2508 1308 2603 1362 sed
2638 1308 2820 1378 plures
2885 1319 2943 1363 et
2974 1310 3249 1364 diversos.
3300 1315 3377 1365 Ac
3413 1326 3583 1362 unum

2009 1399 2231 1468 quidem
2262 1417 2478 1454 sursum
2501 1416 2641 1463 esse,
2672 1402 2841 1455 alium
2860 1411 3043 1455 autem
3078 1403 3369 1455 deorsum:
3419 1419 3582 1470 qttem

2010 1491 2065 1545 in
2105 1492 2292 1546 multis
2332 1503 2490 1546 antea
2522 1493 2881 1556 inhabitasse,
2909 1492 3111 1546 deinde
3145 1510 3272 1547 vero
3307 1494 3470 1547 etiam
3528 1495 3581 1548 in

2006 1579 2188 1637 Maria:
2221 1580 2332 1635 ﬁlio
2367 1582 2491 1638 Jesu
2527 1582 2805 1637 habitasse
2830 1582 3046 1645 dicunt.
3102 1582 3285 1637 Jesum
3315 1599 3446 1638 vero
3479 1584 3580 1636 ali—

2006 1674 2225 1743 quando
2255 1691 2318 1728 ex
2349 1676 2459 1728 Deo
2493 1690 2632 1735 esse,
2666 1674 2964 1743 aliquando
3019 1684 3251 1729 matrem
3305 1674 3578 1729 habuisse

2006 1765 2272 1837 virginem
2331 1766 2595 1831 referunt,
2666 1783 3063 1836 nonnunquam
3119 1777 3302 1821 autem
3354 1781 3422 1820 ne
3480 1767 3584 1821 hoc

2005 1860 2228 1927 quidem
2260 1861 2434 1915 aiunt.
2469 1859 2732 1930 Spiritum
2763 1875 2928 1928 porro
2955 1861 3132 1930 ipsum
3156 1875 3373 1929 quoque
3401 1869 3580 1914 trans-

2005 1952 2309 2021 corporati,
2341 1963 2508 2020 atque
2564 1953 2618 2004 in
2652 1953 2871 2006 diversa
2928 1951 3144 2021 ingredi
3203 1966 3464 2018 corpora,
3521 1958 3582 2003 et

2007 2057 2337 2111 unoquoque
2362 2050 2609 2111 tempore
2639 2041 2789 2094 varie
2823 2040 3075 2095 exhiberi
3110 2042 3378 2094 sentiunt.
3414 2039 3580 2111 373

2004 2128 2246 2189 Utuntur
2297 2131 2745 2185 iuvocatiouibus
2778 2143 2943 2199 atque
2984 2130 3409 2185 incantamentis
3470 2130 3582 2184 dte-

2004 2236 2249 2284 monum.
2303 2231 2468 2292 atque
2527 2223 2654 2276 item
2711 2222 3001 2291 baptismis
3060 2222 3115 2275 in
3177 2222 3578 2277 elementorum

2002 2311 2339 2383 professione
2369 2311 2468 2381 (l).
2498 2312 2869 2382 Astrologiam
2904 2321 2961 2367 et
2997 2312 3444 2367 mathematicum
3496 2326 3583 2366 er-

2004 2417 2185 2457 rorem
2222 2403 2692 2473 complectuntur,
2722 2402 3108 2472 prognosticos
3161 2411 3218 2457 et
3273 2401 3480 2457 ariolos
3517 2416 3578 2457 se

2002 2493 2374 2548 nominantes.
2409 2492 2676 2549 Sanctqu
2710 2493 3052 2560 Apostolum,
3076 2493 3305 2563 ejusque
3340 2491 3580 2562 scripta,

2003 2585 2271 2641 inducunt
2306 2599 2532 2653 prorsus
2557 2593 2611 2639 et
2649 2583 2897 2638 abolent.
2962 2581 3190 2637 Librum
3253 2581 3575 2651 quemdam.

2000 2691 2163 2745 quem
2217 2675 2319 2744 ipsi
2366 2690 2752 2745 composuere,
2806 2674 2874 2727 de
2926 2673 3066 2728 cmlo
3114 2674 3394 2742 delapsum
3455 2688 3579 2727 esse

2007 2763 2323 2833 prodigiose
2349 2763 2604 2828 iactitant
2627 2762 2727 2832 (2).
2750 2761 2903 2828 Quod
2937 2762 2978 2814 si
3012 2761 3132 2829 quis
3163 2761 3360 2831 dignus
3384 2761 3578 2815 iuven-

2000 2862 2089 2907 tus
2118 2854 2191 2908 sit
2214 2864 2274 2908 ut
2305 2870 2434 2907 eum
2467 2854 2676 2917 audiat,
2723 2867 2848 2907 eum
2905 2852 3067 2906 aliam
3101 2868 3264 2921 quant
3322 2851 3578 2906 Christus

2000 2945 2235 3004 dederit,
2268 2954 2614 3008 peccatorum
2639 2943 2905 3013 consequi
2931 2943 3333 2999 remissionem.
3364 2942 3578 2997 Adver-

2000 3051 2096 3091 sus
2129 3037 2268 3091 hanc
2294 3046 2350 3091 et
2387 3035 2699 3091 Alcibiades
2751 3038 3067 3105 Apamenus
3093 3033 3263 3106 Syrus
3284 3034 3580 3105 plurimum

2002 3126 2354 3197 depugnavit:
2383 3125 2649 3196 Origenes
2671 3143 2802 3179 vero
2843 3142 2906 3181 ea
2975 3127 3352 3182 convincenda
3376 3126 3580 3195 primas

322 3213 510 3284 γένης.
543 3218 601 3267 ἐν
645 3216 721 3284 τῷ
746 3219 1097 3288 ὀγδοηκοπῷ
1134 3220 1377 3293 δευτέρῳ
1417 3220 1620 3293 ψαλμῷ
1646 3216 1748 3276 ὧδέ
1784 3238 1897 3285 πως

2003 3220 2148 3274 tulit.
2180 3221 2313 3290 Ejus
2343 3219 2590 3284 haeresis,
2626 3219 2693 3275 ad
2725 3218 2988 3289 populum
3023 3234 3124 3288 pro
3148 3212 3414 3272 concione
3449 3233 3580 3271 ver-

325 3308 658 3377 μνημονεύει
699 3309 875 3378 λέγων
900 3327 914 3343 ο
956 3329 976 3362 ι
1028 3311 1289 3385 Ἐλήλυθιέ
1321 3331 1406 3378 τις
1439 3315 1536 3367 ἐπὶ
1563 3315 1655 3368 τοῦ
1692 3316 1897 3386 παρόν-

321 3418 411 3463 τος
445 3400 590 3469 μέγα
621 3403 839 3471 φρονῶν
870 3405 962 3458 ἐπὶ
995 3406 1071 3476 τῷ
1094 3405 1363 3460 δύνασθαι
1396 3408 1727 3478 πρεσϐεύειν
1757 3409 1894 3477 γνὼ-

318 3510 433 3565 μης
461 3494 625 3547 ἀθέου
673 3495 768 3548 καὶ
809 3495 1191 3569 ἁσεϐεστάτης
1227 3498 1571 3571 καλουμένης
1613 3499 1896 3553 Ἐλκεσαῖ-

322 3589 452 3659 τῶν,
476 3589 673 3642 νεωστὶ
688 3589 1133 3661 ἐπανισταμένης
1153 3594 1277 3656 ταῖς
1302 3591 1641 3663 ἐκκλησίαις.
1678 3593 1894 3665 Ἐκείνη

324 3682 355 3747 ἡ
385 3679 578 3750 γνώμη
611 3673 698 3732 οἷα
724 3679 874 3751 λέγει
901 3682 1063 3747 κακὰ,
1092 3684 1487 3754 παραθήσομαι
1516 3684 1669 3755 ὑμῖν,
1702 3685 1787 3737 ἵνα
1819 3684 1895 3756 μὴ

323 3768 744 3838 συναρπάζησθε
792 3770 1007 3825 ἀθετεῖν
1053 3789 1199 3826 τινα.
1247 3774 1381 3827 Ἀπὸ
1437 3774 1621 3844 πάσης
1667 3770 1896 3845 Γραφῆς

320 3859 581 3929 κέχρηται
618 3862 806 3935 ῥητοῖς
830 3878 846 3893 ·
883 3863 1046 3916 πάλιν
1077 3882 1140 3917 τε
1194 3865 1303 3918 ἀπὸ
1342 3864 1522 3937 πάσης
1565 3866 1798 3928 παλαιᾶς
1832 3881 1891 3918 τε

314 3946 413 4017 καὶ
468 3947 835 4019 εὐαγγελικῆς
895 3952 986 4002 τὸν
1048 3951 1370 4006 Ἀπόστολον
1432 3952 1618 4006 τέλεον
1683 3953 1891 4009 ἀθετεῖ.

317 4038 453 4106 Φησὶ
480 4038 524 4091 δ’
565 4040 647 4094 ὅτι
697 4040 762 4095 τὸ
810 4041 1155 4114 ἀρνήσασθαι
1200 4043 1492 4114 ἀδιάφορόν
1543 4047 1660 4098 ἐστι
1687 4060 1701 4074 ⁸
1739 4045 1834 4098 καὶ
1864 4042 1892 4099 ὁ

320 4131 419 4203 μὲν
446 4133 646 4204 νοήσας
678 4133 759 4204 τῷ
791 4136 894 4203 μὲν
927 4136 1159 4206 στόματι
1186 4140 1245 4192 ὲν
1271 4138 1540 4207 ἀνάγκαις
1566 4139 1890 4210 ἀρνήσεται,

315 4227 379 4295 τῇ
419 4226 476 4278 δὲ
522 4225 724 4297 καρδία
781 4228 922 4300 οὐχί.
960 4230 1068 4283 Καὶ
1114 4230 1293 4300 βίϐλον
1332 4233 1455 4284 τινὰ
1507 4232 1791 4304 φέρουσιν,
1823 4233 1891 4304 ἢν

316 4320 566 4386 λέγουσιν
600 4318 661 4384 ἐξ
690 4320 923 4391 ούρανοῦ
955 4324 1307 4377 πεπτωκέναι
1333 4338 1347 4353 ·
1381 4324 1474 4378 καὶ
1501 4324 1590 4376 τὸν
1614 4325 1890 4397 ἀκηκοότα

315 4412 533 4483 ἐκείνης
563 4414 657 4465 καὶ
689 4414 1020 4468 πιστεύοντα
1054 4414 1250 4483 ἄφεσιν
1277 4414 1543 4484 λήψεσθαι
1569 4415 1678 4467 τῶν
1710 4416 1891 4485 ἁμαρ-

312 4505 574 4577 τημάτων
608 4505 736 4577 παρ’
790 4507 858 4577 ἢν
887 4507 914 4559 ὀ
946 4507 1185 4578 Χριστὸς
1225 4508 1431 4576 Ἰησοῦς
1481 4508 1683 4579 ἀφῆκε.
1724 4527 1742 4561 ι
1782 4509 1888 4561 Καὶ

312 4599 380 4655 τὰ
419 4599 520 4667 μὲν
555 4600 914 4668 περὶτούτων
965 4598 1138 4664 οὕτως
1162 4613 1179 4633 ⁸
1216 4602 1388 4670 μυρία
1426 4600 1469 4654 δ’
1499 4599 1594 4654 οὖν
1633 4604 1727 4655 καὶ
1753 4600 1886 4655 ἄλλα

317 4694 441 4761 περὶ
476 4692 792 4764 Ὠριγένονς
839 4692 967 4757 ἄξια
1004 4695 1445 4765 μνημονεύεται·
1487 4693 1524 4751 ὃ.
1570 4694 1664 4748 καὶ
1702 4695 1776 4759 ὡς
1812 4694 1888 4764 μὴ

312 4788 376 4855 τῇ
415 4787 669 4858 παρούσῃ
718 4787 993 4856 ἀνήκοντα
1039 4788 1412 4858 πραγματείᾳ,
1458 4789 1829 4863 παρατρέχειν
1860 4789 1888 4842 ὁ

312 4879 470 4946 λόγος
503 4878 804 4945 ἐπείγεται.
843 4879 985 4931 Ὅσα
1013 4877 1058 4931 δ’
1097 4879 1191 4932 οὖν
1221 4880 1501 4948 ἀναγκαῖα
1551 4880 1779 4948 διέγνων
1812 4875 1890 4937 εἷο

312 4989 397 5023 ναι
429 4972 496 5041 τῇ
535 4971 786 5044 παρούσῃ
813 4973 1040 5043 σπουδῇ,
1074 4971 1255 5036 καλῶς
1296 4988 1382 5041 γε,
1428 4968 1604 5042 οἶμαι,
1637 4972 1890 5038 ἀνελεξάο

315 5081 421 5131 μην
451 5079 509 5114 τε
539 5063 630 5114 καὶ
660 5064 1044 5131 κατέστρωσα.
1073 5063 1169 5116 Ἐν
1195 5064 1260 5133 δὴ
1285 5064 1535 5118 λείπεται
1561 5067 1726 5134 φάναι
1756 5067 1887 5134 περὶ

326 5154 631 5223 Ὠριγένους
679 5154 865 5207 λωπόν
890 5170 903 5183 ·
935 5155 1010 5218 ῶς
1042 5154 1222 5224 φθόνῳ
1266 5157 1361 5208 τοῦ
1405 5156 1565 5209 πάντ’
1594 5156 1887 5224 ἐνεργοῦν-

312 5240 401 5309 τος
430 5248 456 5299 ὁ
487 5247 739 5310 τοσοῦτος
774 5249 869 5301 καὶ
920 5246 1100 5316 λόγοις
1137 5249 1232 5303 καὶ
1276 5248 1482 5319 ἔργοις,
1542 5252 1636 5302 καὶ
1665 5249 1888 5321 ἀκριΰεῖ

313 5338 607 5411 φιλοσοφίᾳ
638 5340 731 5391 ἐπὶ
780 5339 940 5391 τόσον
968 5321 1360 5411 ’ἐνδιατρίψαῇ
1398 5341 1497 5413 τῆς
1537 5342 1744 5404 εὐθείας
1792 5344 1886 5395 καὶ

311 5426 464 5494 οὗτος
497 5430 863 5503 ἀπεπλανήθη
888 5448 904 5463 ο
932 5434 1025 5486 καὶ
1047 5432 1398 5504 διαστρόφοις
1435 5434 1736 5505 ἐνειληθεὶς
1765 5435 1887 5503 δογ-

315 5542 469 5592 μασι,
501 5527 684 5596 τήντε
710 5525 989 5597 παροῦσαν
1027 5526 1120 5579 καὶ
1148 5527 1248 5598 τὴν
1281 5528 1583 5596 μέλλουσαν
1607 5528 1883 5599 διέφθειρε

311 5617 490 5682 δόξαν.
531 5618 693 5672 Ἀλλὰ
725 5618 891 5690 μήπω
944 5618 1036 5671 νῦν
1059 5636 1072 5651 ο
1106 5619 1197 5672 τὸν
1243 5619 1288 5671 δ’
1320 5619 1388 5673 αὖ
1438 5620 1738 5686 κατάλογον
1775 5622 1886 5683 τῶν

385 5812 916 5885 (l)r_hlathcmaticus
945 5830 1122 5885 error,
1149 5816 1240 5882 qui
1294 5825 1553 5885 tanquam
1599 5817 1882 5874 maleﬁcus

314 5882 633 5958 prohibitus
670 5891 773 5936 est.
817 5885 899 5951 (Π.
944 5883 1016 5938 Ile
1052 5885 1281 5952 male/ie.
1316 5897 1362 5940 et
1407 5882 1747 5954 neat/remur.)

2001 3313 2067 3368 ba
2109 3313 2331 3375 faciens,
2362 3313 2415 3369 in
2455 3311 2831 3381 octuagesimo
2876 3309 3121 3365 secundo
3171 3309 3387 3363 Psalmo
3426 3308 3579 3364 hisce

2001 3408 2185 3462 verbis
2205 3404 2491 3461 meminit:
2535 3405 2804 3459 «Advenit
2829 3403 3050 3471 quidam
3077 3402 3183 3456 hoc
3215 3411 3461 3470 tempore
3489 3401 3579 3455 vir

1997 3511 2259 3567 arrogans
2289 3504 2342 3549 et
2363 3495 2558 3555 elatus.
2585 3493 2677 3566 qui
2702 3494 3030 3547 sententiam
3057 3491 3381 3562 ﬁagitiosam
3413 3507 3576 3562 pror—

1998 3576 2092 3639 sus
2125 3595 2180 3639 et
2241 3583 2490 3654 impiam,
2536 3586 2659 3654 quae
2684 3583 2886 3637 dicitur
2939 3582 3392 3649 Helcesaitarum,
3452 3597 3580 3653 pro-

1997 3662 2223 3748 mulgat.
2258 3692 2435 3746 nuper
2458 3675 2756 3731 admodum
2789 3674 2843 3729 in
2874 3675 3138 3728 ecclesias
3168 3674 3469 3728 inductam.
3497 3673 3574 3729 Ea

1995 3760 2117 3840 quae
2147 3769 2452 3837 perniciosa
2484 3767 2828 3838 proﬁteatur,
2884 3765 3268 3839 exponendum
3299 3765 3457 3820 vobis
3477 3782 3578 3835 pu-

1998 3864 2130 3927 tavi,
2163 3879 2233 3916 ne
2264 3877 2403 3932 quos
2432 3864 2497 3915 ad
2524 3860 2774 3931 quaedam
2808 3859 2931 3913 ﬁdei
2976 3867 3179 3914 nostrae
3233 3859 3487 3929 dogmata
3513 3874 3574 3911 a-

1996 3953 2279 4026 broganda
2353 3962 2702 4007 transversos
2751 3951 3008 4023 abripiat.
3058 3950 3245 4008 Utitur
3300 3951 3575 4006 universa:

1996 4045 2299 4118 Scriptura:
2328 4044 2535 4101 veteris
2559 4055 2614 4099 et
2641 4043 2972 4114 evangelicae
3000 4042 3450 4103 auctoritatibus.
3497 4043 3570 4096 A-

1994 4141 2273 4213 postolum
2299 4139 2354 4192 in
2387 4136 2637 4192 ordinem
2673 4135 2897 4206 redigit,
2945 4144 3112 4205 atque
3165 4135 3302 4189 adeo
3335 4149 3563 4204 prorsus

1995 4232 2203 4287 abolet.
2234 4231 2406 4286 Docet
2427 4244 2647 4301 quoque
2677 4230 2915 4285 liberum
2949 4226 3397 4298 permissumque
3427 4240 3570 4290 esse,

1993 4324 2157 4378 ﬁdem
2183 4323 2490 4395 abnegare:
2517 4321 2664 4393 quod
2688 4320 2783 4391 q‘ui
2817 4319 2981 4375 ﬁdem
3016 4320 3271 4374 stabilem
3298 4321 3351 4372 in
3385 4319 3573 4372 animo

1992 4422 2313 4486 conceptam
2356 4414 2574 4478 habeat,
2611 4430 2708 4467 ore
2749 4412 2975 4482 quidem
3012 4412 3336 4467 necessitate
3390 4410 3572 4466 addu-

1993 4516 2114 4563 ctus
2147 4507 2384 4579 abjuret,
2421 4505 2589 4560 corde
2647 4521 2780 4559 vero
2810 4505 3057 4560 minime.
3088 4504 3157 4563 Et
3189 4505 3391 4558 librum
3456 4505 3567 4558 cir-

1993 4599 2333 4665 cumferunt,
2369 4614 2531 4669 quem
2565 4615 2596 4653 e
2633 4599 2773 4653 cmlo
2802 4596 3080 4653 decidisse
3107 4599 3298 4652 aiunt:
3332 4596 3567 4652 audien-

1994 4702 2213 4765 temque
2241 4703 2295 4748 et
2327 4693 2643 4746 credentem
2703 4691 2776 4754 ei,
2837 4705 3110 4745 noxarum
3154 4691 3566 4754 remissionem,

1992 4788 2155 4842 aliam
2185 4785 2253 4840 ab
2282 4801 2344 4839 ea
2374 4797 2537 4854 quam
2584 4782 2838 4839 Christus
2866 4782 3026 4839 Jesus
3050 4782 3378 4847 instituerit,
3422 4785 3570 4837 acci-

1991 4890 2121 4946 pere
2155 4873 2447 4929 afIirmant.
2479 4872 2605 4928 Haec
2627 4872 2916 4927 hactenus.
2963 4872 3254 4926 lnnumera
3303 4882 3571 4943 praeterea

1990 4964 2095 5018 alia
2124 4961 2387 5017 memoria
2442 4960 2604 5032 digna
2647 4961 2716 5016 de
2756 4959 2991 5031 Origene
3042 4970 3570 5025 commemorantur,

1991 5071 2113 5125 quae
2148 5054 2380 5124 perinde
2402 5060 2569 5123 atque
2622 5067 2732 5106 non
2769 5064 2953 5106 essent
3004 5054 3298 5123 praesentis
3360 5054 3569 5124 aperis,

1991 5151 2278 5208 brevitatis
2304 5152 2469 5206 etiam
2499 5164 2664 5206 causa
2695 5152 3114 5221 praetermittere
3140 5158 3225 5206 est
3257 5151 3460 5206 visum.
3493 5150 3571 5207 Ac

1989 5261 2112 5316 quae
2143 5244 2447 5299 necessaria
2476 5259 2600 5299 esse
2646 5252 2706 5298 ut
2737 5243 2867 5300 huic
2917 5244 3159 5299 historia:
3191 5243 3572 5299 insererentur
3611 5272 3616 5275 λ

1991 5337 2201 5407 putavi,
2227 5344 2375 5390 recte
2401 5335 2643 5407 (Opinor)
2679 5344 2736 5391 et
2786 5335 2985 5390 ordine
3020 5335 3214 5405 collegi
3241 5343 3406 5404 atque
3438 5349 3569 5388 con-

1992 5429 2162 5483 texui.
2196 5428 2461 5498 Superest
2495 5443 2665 5482 unum
2694 5428 2761 5482 de
2791 5426 3029 5497 Origene
3062 5426 3387 5496 dicendum,
3420 5426 3566 5480 invi-

1988 5519 2077 5574 dia
2110 5520 2229 5590 ejus
2261 5519 2354 5590 qui
2390 5518 2658 5573 malorum
2703 5519 2950 5573 omnium
2987 5527 3070 5572 est
3104 5528 3320 5581 auctor,
3381 5517 3566 5571 virum

1990 5621 2227 5678 tantum,
2263 5612 2359 5684 qui
2391 5612 2555 5668 simul
2579 5620 2639 5666 et
2663 5612 2848 5669 verbis
2879 5621 2934 5666 et
2991 5610 3152 5670 factis
3178 5627 3247 5667 eo
3293 5610 3568 5682 magnitu-

2059 5816 2134 5885 (2)
2179 5816 2447 5872 Fraudcm
2500 5817 2641 5871 hanc
2690 5813 2890 5872 deinde
2948 5813 3193 5871 imitatus
3241 5817 3326 5870 est
3380 5807 3571 5865 Mallo-

1990 5901 2185 5945 ιιιοιεε.
