4032 6430
453 428 595 493 ms

1679 435 2124 505 iNlCEPIIORl
2170 446 2521 506 CALLISTI

3594 450 3731 516 1116

448 546 618 610 diuis,
645 551 934 606 continuis
959 551 1158 605 stmliis
1186 552 1322 608 suis.
1343 553 1396 604 in
1423 554 1662 608 certiore
1690 566 1856 621 atque
1871 557 2005 611 absii

2143 561 2510 630 ἡγησαμένων
2537 559 2633 627 τῆς
2662 575 2721 611 τε
2758 559 3043 627 βασιλείας
3069 561 3161 612 καὶ
3193 561 3299 613 τῶν
3333 563 3611 632 μεγίστων
3638 569 3731 618 ἐκ-

452 640 655 695 lutiore
681 643 1031 713 philosophia
1068 645 1363 714 processit,
1401 659 1429 698 a
1481 654 1629 701 recta
1666 662 1888 716 quoque
1947 648 2036 703 via

449 746 549 800 per
575 746 827 788 errorem
859 749 981 791 esse
1011 735 1351 805 digressum,
1383 740 1774 809 perversisque
1815 742 2036 796 involu-

452 834 566 877 tum
592 825 965 894 dogmatibus,
992 837 1323 898 praesentem
1343 830 1507 884 simul
1540 842 1597 887 et
1627 832 1869 889 futuram
1905 849 2040 889 coo—

451 915 746 971 ta‘minasse
763 918 1015 988 gloriam.
1037 919 1145 975 Sed
1174 937 1284 974 non
1317 922 1371 976 in
1393 924 1703 991 praesentia.
1724 925 1828 981 Ubi
1858 927 2033 992 enim,

447 1013 562 1058 tum
587 1021 781 1062 eorum
827 1011 921 1079 qui
960 1012 1217 1082 imperio,
1254 1022 1369 1066 tum
1405 1028 1596 1068 eorum
1646 1032 1873 1086 quoque
1937 1020 2034 1089 qui

2140 651 2381 720 κλησιῶν
2419 650 2689 721 πρότερον
2721 650 3068 722 ἀναγράψας,
3106 646 3228 705 εἶτα
3258 653 3326 706 τὰ
3366 654 3728 726 ὲνδιάστροφα

2138 744 2250 797 τῶν
2280 744 2575 815 δογμάτων
2600 742 2795 808 αὑτοῦ,
2822 744 2921 797 καὶ
2944 743 3044 816 τὴν
3074 744 3297 799 ἀνοσίαν
3317 745 3579 817 τελευτὴν
3606 750 3729 803 ἑπι-

2139 835 2319 904 θήσω.
2363 837 2454 889 Ἑν
2483 836 2668 907 ταυτῷ
2702 836 2760 890 δὲ
2790 836 2887 891 καὶ
2918 838 3097 908 πέρας
3127 838 3220 890 καὶ
3246 837 3326 908 τῷ
3359 840 3600 910 πέμπτῳ
3633 859 3725 910 μοι

2137 929 2248 980 τῶν
2281 929 2444 998 ίερῶν
2486 929 2553 999 δὴ
2608 928 2817 982 τούτων
2852 930 3062 998 τόμιον,
3098 931 3174 994 ὡς
3218 930 3359 998 ἐνὸν,
3410 933 3723 1004 ῐπιγράψω.

2142 1020 2286 1090 Ἤδη
2317 1019 2375 1073 δὲ
2404 1023 2537 1091 περὶ
2576 1020 2688 1073 τῶν
2719 1019 3012 1089 βασιλειῶν
3046 1021 3235 1091 δίειμι.

450 1080 1305 1177 maximisquibusque—ecclesiis
1329 1080 1689 1181 praefuerunt.
1731 1080 2041 1184 catalogum
2083 1117 2238 1187 prius
2273 1080 2526 1182 texuero,
2549 1080 3165 1189 37ﬂ'deindeinsana.
3197 1132 3418 1188 quoque
3446 1080 3722 1188 dogmata.

444 1206 495 1249 et
526 1206 760 1287 mortem
802 1199 923 1269 ejus
949 1200 1171 1271 impiam
1209 1217 1549 1274 persequar:
1579 1213 1640 1261 et
1697 1206 1803 1287 sic,
1837 1207 2001 1263 linem
2042 1224 2269 1281 quoque
2297 1209 2498 1281 quinto
2523 1210 2657 1266 huic
2728 1210 2893 1276 libro,
2937 1218 2999 1265 ut
3024 1217 3240 1281 potero,
3299 1209 3516 1267 faciam.
3562 1209 3722 1268 Nunc

447 1300 581 1356 ergo
615 1286 684 1341 de
709 1288 960 1358 imperiis
975 1289 1178 1345 dicam.

1016 1410 1247 1469 CAPUT
1296 1414 1465 1471 XXV.

2745 1416 2996 1471 ΚΕΦᾹΛ.
3032 1415 3161 1472 κε’.

450 1498 743 1581 ϐαιαίοᾳιιε
780 1503 1162 1581 imperatorum
1212 1503 1573 1581 Romanorum
1599 1549 1614 1574 ,
1656 1518 1715 1563 ut
1769 1511 1906 1565 alius
1941 1511 2034 1567 alii

2139 1510 2491 1581 Κατὰλογος
2525 1509 2673 1581 -τῶν
2708 1509 2971 1581 καθεξῆς
3034 1509 3146 1581 τῆς
3214 1508 3516 1581 Ῥωμαίων
3539 1511 3722 1581 ,ϐασι-

520 1574 705 1651 o‘rdiue
757 1574 1066 1651 successerit
1118 1590 1138 1630 :
1189 1586 1239 1651 et
1291 1585 1348 1651 u_t
1374 1579 1598 1645 'primus
1649 1582 2036 1651 imperatorum

521 1642 800 1713 Philippus
827 1643 1163 1698 Christianus
1194 1649 1262 1698 sit
1304 1642 1499 1716 factus.

519 1754 745 1819 Severo,
785 1757 879 1828 qui
913 1758 1106 1814 decem
1136 1769 1193 1813 et
1222 1773 1348 1815 octo
1380 1760 1676 1832 imperavit
1709 1763 1892 1828 annis,
1923 1766 2038 1819 An-

452 1848 681 1903 toninus
706 1849 851 1904 {ilius
878 1853 1167 1907 successit.
1198 1852 1362 1919 Huic,
1385 1863 1594 1924 septem
1620 1856 1779 1911 annis
1804 1866 1860 1912 et
1882 1873 2035 1911 men-

2209 1579 2859 1648 λείας-’διαδεξαμένων
2884 1580 2956 1633 τὰ
2977 1579 3261 1647 σκῆπτρα
3286 1594 3300 1609 ο
3338 1581 3435 1634 καί
3459 1580 3539 1647 ὥς
3567 1580 3723 1649 πρῶ-

2210 1667 2313 1717 τος
2352 1649 2714 1719 Χριστιανὸς
2737 1650 3060 1715 βασιλέων
3110 1650 3413 1718 Φίλιππος
3445 1649 3711 1722 γέγονεν.

2210 1766 2450 1836 Σευῆρον
2506 1765 2601 1836 ἔτη
2663 1773 2735 1836 ιη’
2795 1766 3145 1837 ἡγησάμενον
3214 1764 3535 1829 Ἀντωνῐνος
3587 1769 3717 1831 παῖς

2137 1856 2463 1929 διαδέχεται.
2498 1860 2818 1913 Ἀντωνῐνον
2846 1860 2903 1913 δὲ
2932 1862 3025 1913 τὸν
3057 1860 3301 1928 Σευήρου
3331 1860 3519 1925 παῖδα,
3546 1859 3639 1930 ἔτη
3668 1860 3717 1924 ζ’

447 1940 600 1994 siluis
657 1956 752 1994 sex
785 1957 970 1996 rerum
1022 1946 1220 2013 potito,
1282 1944 1580 2002 Macrinus.
1631 1947 1880 2003 Macrino
1938 1966 2030 2004 an-

2139 1948 2539 2018 βασιλεύσαντα
2575 1953 2713 2020 πρὸς
2745 1952 2916 2022 μησὶν
2945 1949 3027 2016 ἓξ,
3080 1950 3388 2022 διαδέχεται
3416 1953 3723 2023 Μακρῖνοςι

448 2042 578 2096 tetu,
609 2042 735 2087 ante
772 2034 1042 2105 integrum
1096 2051 1302 2090 annum
1354 2038 1408 2091 in
1462 2039 1698 2109 imperio
1750 2049 2030 2109 exactum,

445 2125 729 2189 def-meto,
760 2129 1073 2185 Antoninus
1107 2130 1161 2184 id
1207 2132 1372 2195 alter,
1406 2131 1795 2203 Heliogabalus
1831 2149 2036 2205 cogno-

446 2218 708 2285 minatus,
744 2221 1021 2277 obtinuit:
1055 2223 1204 2293 quod
1231 2225 1276 2279 is
1303 2232 1542 2295 quatuor
1596 2228 1759 2283 annis
1788 2227 2034 2283 admini-

445 2323 707 2379 stratum,
747 2316 814 2368 ad
856 2314 1230 2371 Alexandrum
1267 2317 1565 2373 Mammaea}
1615 2319 1787 2374 tilium
1852 2329 2033 2377 trans-

447 2405 591 2461 misit
617 2423 633 2461 :
666 2424 829 2476 quam
866 2408 1123 2463 feminam
1154 2409 1439 2480 religionis
1466 2410 1780 2483 divinaeque
1809 2413 2034 2484 pietatis

447 2514 709 2570 perquam
734 2501 1038 2556 studiosam
1075 2501 1270 2567 fuisse,
1303 2515 1465 2559 antea
1501 2505 1763 2561 diximus.
1798 2506 2036 2563 Alexan-

444 2594 545 2647 der
570 2604 752 2649 autem
787 2594 1048 2650 tredecim
1074 2611 1250 2651 annos
1284 2597 1338 2651 in
1374 2597 1607 2668 imperio
1633 2599 1836 2670 exegit.
1867 2610 2033 2670 atque

446 2685 501 2738 in
529 2685 651 2755 ejus
687 2687 865 2741 locum
904 2685 1236 2742 Maximinus
1288 2687 1473 2742 Cmsar
1508 2690 1797 2744 successit.
1857 2690 2060 2757 Qnetn

445 2780 743 2833 Alexandri
771 2779 922 2844 odio,
963 2781 1110 2850 quod
1137 2781 1190 2835 in
1219 2781 1340 2851 ejus
1361 2782 1528 2837 domo
1568 2784 1791 2854 plurimi
1825 2785 2035 2839 fuerint

448 2870 654 2927 ﬁdeles.
675 2872 1039 2926 ecclesiarum
1065 2873 1341 2929 antistites
1358 2875 1507 2930 solos
1560 2875 1771 2930 cmdere
1799 2876 2033 2946 jnssisse

446 2965 797 3035 scripsimus.
825 2966 957 3022 Post
987 2967 1352 3021 Maximinum
1388 2968 1488 3039 (l),
1512 2971 1606 3037 qui
1637 2970 1816 3024 tribus
1874 2972 2035 3025 annis

447 3058 745 3127 imperium
771 3059 962 3129 gessit,
994 3057 1310 3114 Gordianus
1359 3060 1661 3130 imperator
1688 3063 1868 3119 factus
1896 3081 1911 3118 :
1945 3064 2035 3119 cui

447 3165 555 3203 non
590 3151 720 3204 totis
752 3166 846 3204 sex
886 3151 1047 3206 annis
1084 3151 1372 3219 republica
1427 3153 1496 3208 ab
1522 3169 1589 3209 eo
1625 3153 2033 3222 administrata,

2137 2039 2347 2095 Τούτου
2397 2041 2442 2095 δ’
2482 2042 2570 2095 ἐπ’
2617 2042 2865 2097 ἐνιαυτὸν
2911 2042 3322 2111 διαγενομένου,
3369 2044 3558 2115 ἕτερος
3595 2046 3721 2099 ‘Avo

2136 2131 2360 2195 τωντνος
2399 2131 2458 2196 δς
2503 2132 2749 2195 Γάϐάλος
2794 2134 3094 2205 ἐπεκλήθη,
3126 2132 3223 2204 τὴν
3266 2135 3554 2205 Ῥωμαίων
3587 2137 3719 2205 ἡγε-

2139 2221 2335 2290 μονίαν
2366 2223 2817 2294 παραλαμϐάνει,
2847 2223 2923 2290 ὥς
2952 2243 3044 2294 μοι
3076 2226 3401 2297 προείρηται
3427 2244 3441 2258 ο
3478 2229 3569 2281 καὶ
3597 2228 3720 2282 τού-

2135 2330 2230 2366 του
2264 2312 2312 2366 δ’
2366 2314 2464 2367 ἐπὶ
2501 2314 2756 2388 τέσσαρα
2806 2314 2902 2388 ἔτη
2951 2318 3325 2387 ἡγησαμένου,
3371 2318 3719 2388 Ἀλέξανδρος

2136 2408 2164 2460 ὁ
2187 2406 2453 2477 Μαμαίας
2484 2407 2601 2471 υίὸς
2656 2407 2900 2479 διάδοχος
2945 2404 3013 2480 ἦν
3035 2426 3052 2444 ο
3098 2408 3159 2462 οὗ
3194 2410 3298 2480 τὴν
3351 2411 3564 2481 μητέρα
3598 2410 3717 2465 θοο-

2138 2498 2271 2567 σεϐἧ
2301 2516 2359 2552 τε
2394 2499 2490 2553 καὶ
2514 2499 2805 2564 εὐλαϐείας
2851 2500 3312 2572 άντιποιουμένην
3368 2502 3548 2572 μικρῷ
3583 2503 3718 2571 πρόο

2138 2586 2267 2640 σθεν
2295 2589 2541 2641 ἀνεῖπον.
2589 2588 2702 2642 Καὶ
2733 2585 2933 2642 τοῦτον
2961 2587 3020 2641 δὲ
3063 2588 3158 2642 τὸν
3198 2588 3547 2660 Ἀλέξανδρον
3579 2590 3715 2644 δέκα

2137 2678 2275 2750 πρὸς
2304 2679 2489 2749 τρισὶν
2519 2678 2667 2732 ἔτεσι
2712 2678 3068 2744 διανύσαντα,
3099 2680 3129 2733 ό
3158 2682 3381 2753 Καῖσαρ
3412 2681 3715 2753 Μαξιμϊνος

2136 2771 2230 2824 ἐπὶ
2279 2771 2389 2824 τῶν
2448 2773 2750 2843 σκήπτρων
2804 2772 3142 2827 καθίσταται
3202 2768 3289 2838 οὗ,
3344 2775 3421 2840 ῶς
3476 2777 3711 2847 εἴρηται,

2136 2865 2281 2919 κατὰ
2331 2865 2497 2935 μῆνιν
2539 2865 2920 2937 Ἀλεξάνδρου,
2971 2867 3165 2938 ὅτιπερ
3195 2866 3225 2920 ό
3257 2864 3408 2932 οἶκος
3458 2868 3618 2922 αὐτοῦ
3647 2871 3714 2924 ὲκ

2137 2956 2402 3009 πλειόνων
2439 2958 2789 3024 συνειστήκει
2817 2956 3050 3022 πιστῶν,
3089 2958 3217 3021 τοὺς
3264 2958 3373 3013 τῶν
3410 2959 3719 3029 ἐκκλησιῶν

2137 3048 2415 3120 ἡγεμόνας
2446 3050 2644 3118 μόνους
2678 3049 3025 3120 ἀναιρεῖσθαι
3059 3051 3420 3119 προσέταττε.
3447 3051 3552 3105 Τοῦ
3591 3053 3715 3105 Μα-

2140 3141 2356 3211 ξιμίνου
2390 3139 2449 3196 δὲ
2482 3141 2577 3195 τὸν
2614 3140 2731 3209 βίον
2758 3142 2903 3195 κατὰ
2935 3145 3123 3213 τριετῆ
3155 3142 3348 3213 χρόνον
3396 3142 3719 3198 καταλιπόν-

447 3245 734 3315 Philippus
762 3260 871 3300 una
911 3261 1035 3300 cum
1071 3246 1328 3316 Philippo
1384 3247 1497 3303 lilio
1531 3256 1619 3304 est
1675 3249 2033 3321 subrogatus.

2139 3251 2250 3298 τος.
2284 3234 2575 3306 Γορδιανὸς
2598 3236 2695 3288 ἐπὶ
2731 3234 2861 3297 τοὺς
2890 3234 3089 3299 ἄξονας
3134 3235 3237 3306 τῆς
3270 3236 3447 3306 ἀρχῆς
3492 3237 3721 3308 ἐγνωρί-

447 3336 605 3390 llunc
640 3336 882 3405 primunt
917 3336 1075 3392 aiunt
1103 3352 1169 3392 ex
1201 3338 1629 3407 imperatoribus
1687 3339 1754 3394 ad
1822 3339 2031 3395 Christi

2139 3328 2283 3393 ζετο.
2324 3326 2448 3382 Οὐδ’
2482 3326 2626 3391 ὅλοις
2652 3327 2834 3383 ἐτεσιν
2865 3327 2927 3393 ἓξ
2954 3327 3056 3398 τὴν
3077 3329 3384 3400 ἡγεμονίαν
3414 3330 3718 3392 ἀνύσαντος

447 3430 611 3483 tidem
644 3429 1252 3500 accessissezeumque
1289 3431 1487 3488 ultimo
1540 3431 1828 3489 Paschalis
1853 3435 2035 3505 pervi—

442 3521 594 3591 giliu,
624 3521 693 3578 de
738 3522 990 3594 reliquiis
1015 3523 1333 3578 orationum
1410 3525 1467 3580 in
1510 3525 1743 3581 ecclesia
1808 3528 2035 3597 partici-

444 3629 577 3686 pare
606 3614 876 3672 voluisse:
911 3630 1022 3670 non
1046 3616 1203 3686 prius
1228 3625 1415 3673 tamen
1440 3617 1496 3674 in
1527 3626 1865 3676 conventum
1898 3618 2033 3675 lide-

443 3710 576 3766 lium
619 3708 907 3777 accedere,
940 3709 1346 3765 intercessione
1376 3720 1433 3767 et
1458 3710 1857 3781 impedimento
1912 3712 2035 3783 ejus

440 3801 536 3871 qui
562 3810 678 3855 tum
711 3800 961 3857 ecclesia!
998 3801 1219 3871 praefuit
1271 3801 1513 3874 episcopi
1551 3802 1648 3875 (2),
1704 3804 2031 3875 permissum

439 3909 586 3961 esse,
610 3908 775 3965 quam
809 3892 1195 3961 conﬁteretur,
1225 3903 1282 3949 et
1331 3896 1721 3966 ptenitentium
1777 3910 2031 3965 numero,

442 3989 539 4056 qui
571 3986 767 4042 ordine
797 3997 854 4041 et
892 3986 1014 4042 loco
1045 4001 1148 4042 suo
1195 3988 1490 4058 segregati,
1526 3988 1819 4059 disciplina
1881 4000 2032 4046 certa

441 4081 1306 4155 explorabantur,aggregaretur
1326 4101 1341 4139 :
1365 4084 1512 4154 quod
1542 4098 1649 4139 non
1677 4084 1836 4140 aliter
1865 4086 2033 4143 licere

444 4178 535 4232 ille
556 4176 790 4241 diceret,
825 4176 933 4230 nisi
974 4176 1081 4231 hoc
1112 4175 1358 4243 fecisset,
1389 4185 1614 4247 propter
1656 4178 1858 4235 multas
1911 4180 2032 4251 ejus

444 4284 636 4345 noxas,
666 4284 790 4325 cum
816 4268 1071 4323 ecclesia:
1128 4267 1508 4330 multitudine,
1545 4279 1854 4326 conventus
1913 4271 2034 4343 ejus

444 4362 569 4417 festi
606 4361 934 4432 participem
968 4359 1105 4414 fieri.
1136 4359 1276 4414 Eum
1302 4376 1456 4423 vero,
1510 4361 1674 4415 rebus
1702 4360 1836 4433 ipsis
1866 4362 2031 4417 timo-

443 4470 560 4509 rem
604 4453 778 4509 divini
827 4452 1076 4507 numinis
1136 4452 1571 4523 religionemque
1614 4452 1861 4508 debitam
1924 4454 2031 4509 rite

442 4559 609 4617 atque
638 4547 852 4602 sincere
877 4543 1283 4609 declarantem,
1320 4543 1648 4600 obsecutum
1676 4547 1752 4601 illi
1791 4562 1915 4602 esse
1951 4547 2032 4602 fe-

2135 3420 2405 3485 Φίλιππος
2437 3418 2555 3491 ἅμα
2577 3422 2732 3476 παιδὶ
2752 3419 3012 3493 Φιλίππῳ
3044 3420 3159 3474 τῶν
3183 3421 3481 3492 σκήπτρων
3514 3421 3718 3491 ἐγκρα-

2134 3512 2234 3582 τὴς
2277 3509 2369 3582 ἡν.
2409 3511 2615 3567 Τοῦτόν
2666 3529 2804 3582 φασι
2853 3512 3073 3581 πρῶτον
3121 3512 3186 3566 ὲκ
3228 3510 3328 3582 τῆς
3379 3512 3717 3583 ἡγεμονικῆς

2135 3605 2292 3671 ἀξίας
2320 3605 2545 3678 Χριστῷ
2581 3604 2908 3677 προσελθεῖν
2930 3621 2947 3638 ο
2984 3607 3051 3677 τῇ
3091 3603 3140 3660 δ’
3168 3603 3383 3677 ύστάτῃι
3403 3602 3498 3658 τοῦ
3526 3602 3719 3674 Πάσχα

2128 3699 2424 3770 παννυχίδι
2453 3698 2562 3754 τῶν
2607 3700 2702 3753 ἐπὶ
2732 3699 2828 3770 τῆς
2877 3699 3178 3769 ἐκκλησίας
3221 3698 3400 3770 εὐχῶν
3436 3698 3515 3768 τῷ
3546 3696 3719 3767 λοιπῷ

2138 3794 2547 3864 συμμετασχεῖν
2579 3791 2836 3862 θελῆσαν
2872 3792 2948 3862 μὴ
3005 3790 3193 3861 μέντοι
3241 3791 3509 3862 πρότερον
3536 3792 3718 3860 τυχεῖν

2136 3883 2236 3951 τῆς
2269 3881 2511 3951 ἐφέσεως
2541 3881 2677 3952 πρὸς
2719 3881 2816 3935 τοῦ
2850 3881 3110 3954 τηνικάδε
3156 3881 3266 3935 τῶν
3298 3881 3461 3950 ἱερῶν
3492 3882 3724 3952 ἐξηγου-

2139 3976 2331 4046 μένου,
2365 3973 2618 4046 ἐμποδὼν
2671 3975 2869 4047 ἐκείνῳ
2914 3975 3347 4045 καθισταμένου,
3401 3975 3570 4045 πρινὴ
3600 3975 3717 4038 ἑξο-

2140 4066 2576 4139 μολογήσασθαι,
2603 4067 2701 4121 καὶ
2731 4069 2798 4138 τῇ
2823 4066 2932 4121 τῶν
2966 4065 3380 4138 μετανοούντων
3408 4068 3503 4121 καὶ
3527 4066 3714 4121 στάσει

2137 4157 2231 4211 καὶ
2255 4157 2410 4229 χώρᾳ
2439 4156 2851 4229 ἐξεταζομένων
2882 4158 3077 4212 ἑαυτὸν
3101 4157 3374 4232 καταλέξῃ
3399 4176 3415 4193 ο
3446 4158 3581 4230 μηδὲ
3608 4160 3715 4230 γὰρ

2138 4252 2206 4305 ἂν
2270 4250 2449 4312 άλλως
2521 4250 2643 4316 ἐξὸν
2721 4248 2864 4305 εἶναι
2922 4250 3077 4321 ἔλεγε
3119 4251 3197 4322 μὴ
3247 4248 3405 4305 τοῦτο
3451 4250 3517 4322 δὴ
3587 4249 3716 4322 δρά-

2140 4359 2334 4407 σαντα,
2389 4345 2811 4414 συμμετασχεῖν
2852 4343 2932 4413 τῷ
2984 4343 3181 4413 πλήθει
3214 4343 3312 4414 τῆς
3354 4341 3716 4414 πανηγύρεως

2134 4437 2224 4491 διὰ
2268 4436 2473 4500 πολλὰς
2520 4437 2703 4501 αἰτίας
2728 4438 2839 4491 τῶν
2874 4438 2997 4492 κατ’
3048 4438 3234 4493 αὐτόν.
3266 4438 3371 4493 Τὸν
3392 4438 3451 4491 δὲ
3491 4436 3715 4507 πειθαρ-

2136 4534 2253 4604 χεῖν
2285 4532 2508 4586 ἑλέσθαι
2540 4532 2722 4601 λόγος,
2756 4531 2944 4604 ἔργοις
2969 4531 3032 4585 τὸ
3072 4534 3202 4604 περὶ
3232 4532 3302 4586 τὰ
3335 4531 3456 4585 θεῖα
3483 4530 3603 4595 δέος
3624 4530 3715 4584 καὶ

447 4651 578 4695 runt
603 4639 704 4710 (3).
734 4639 1000 4709 Philippi,
1024 4638 1118 4709 qui
1153 4650 1370 4708 septem
1398 4640 1698 4710 imperavit
1732 4641 1897 4695 annis
1929 4640 2030 4710 (4),

2139 4626 2238 4694 τὴν
2295 4623 2648 4695 καθήκουσαν
2702 4624 2998 4679 εὐλάϐειαν
3046 4624 3289 4694 γνησίως
3339 4623 3712 4694 ἐμφαίνοντα·

452 4733 651 4789 Decius
691 4731 897 4788 Christi
968 4742 1296 4803 persecutor
1358 4750 1649 4789 successor
1696 4734 1822 4788 fuit.
1873 4732 2037 4805 375

447 4828 624 4899 Atque
651 4828 698 4883 is
722 4825 948 4881 biennio
971 4827 1026 4881 in
1050 4826 1261 4897 imperii
1284 4827 1524 4883 culmine
1546 4839 1849 4891 transacto,
1879 4827 2035 4883 Gallo

448 4935 632 4973 τιξτυιιι
665 4933 938 4972 summam
990 4934 1196 4972 annum
1229 4928 1282 4974 et
1341 4934 1561 4974 menses
1601 4928 1728 4974 06ιο
1776 4919 2036 4974 obtinen-

448 5012 574 5067 dam
621 5009 864 5082 reliquit.

1010 5121 1238 5179 CAPUT
1284 5120 1473 5176 XXVI.

517 5216 620 5282 Qui
653 5224 767 5269 tum
802 5230 1121 5286 magnarum
1152 5214 1363 5268 urbium
1389 5214 1622 5285 epismpi
1648 5218 1955 5287 ﬂoruerint.

517 5398 620 5467 Qui
652 5414 783 5454 vero
806 5399 908 5453 sub
940 5397 1028 5453 his
1057 5396 1490 5465 imperatoribus
1520 5363 1774 5456 ec.clesiis
1798 5401 2036 5471 praefue-

449 5500 600 5556 runt,
636 5491 677 5545 ii
711 5499 863 5546 sunt.
917 5488 1107 5543 Romae
1139 5487 1457 5544 Alexandro
1488 5487 1818 5559 imperante,
1851 5491 2033 5549 Urba-

516 5626 960 5699 (l)AMaximinus
1006 5639 1130 5699 cum
1177 5624 1287 5699 lilio
1321 5627 1828 5699 apudiAquileiaim
1883 5631 2031 5685 occi-

452 5694 568 5768 sus.
611 5697 731 5751 Mox
779 5712 1000 5766 quoque
1054 5694 1323 5768 Maximus
1360 5694 1649 5768 Pupienus
1674 5708 1730 5754 et
1770 5698 2034 5755 Balbinus

455 5767 624 5836 impp.
661 5768 811 5838 lecti,
846 5767 1070 5838 militari
1124 5768 1365 5838 tumultu
1405 5767 1666 5838 jngulati,
1706 5779 1763 5825 et
1796 5769 2031 5826 Gordia-

460 5851 562 5888 nus
590 5836 777 5902 jttnior
798 5837 951 5891 solus
985 5836 1294 5905 imperavit.

530 5907 604 5973 (2)
664 5906 1001 5975 Episcopalis
1047 5906 1317 5963 libertatis
1370 5908 1704 5981 exemplum,
1760 5909 2030 5968 Fabianus

2141 4717 2236 4771 καὶ
2261 4717 2533 4773 Φίλιππον
2563 4718 2611 4771 δ’
2647 4720 2745 4788 οὐχ
2774 4713 2940 4790 ἦττον
2968 4717 3000 4789 ἡ
3030 4716 3175 4770 ἑπτὰ
3200 4715 3602 4787 βασιλεύσαντα
3620 4715 3714 4783 ἔτη

2139 4816 2168 4869 ὁ
2205 4814 2345 4868 κατὰ
2369 4813 2610 4886 Χριστοῦ
2666 4815 2859 4879 μανεὶς
2906 4813 3215 4885 διαδέχεται
3249 4812 3476 4875 Δέκιος·
3511 4810 3572 4876 ὃς
3624 4809 3717 4863 δύο

2138 4905 2232 4976 ἔτη
2267 4908 2539 4974 ἐπιϐιοὺς,
2573 4909 2685 4971 τοῖς
2737 4907 2873 4979 περὶ
2913 4908 3119 4961 Γάλλον
3152 4905 3273 4970 ἔτος
3316 4905 3375 4959 ἓν
3420 4905 3516 4959 καὶ
3546 4904 3717 4976 μῆνας

2138 4998 2285 5052 ὀκτὼ
2310 5000 2719 5071 διαγενομένοις
2741 5001 2841 5071 τὴν
2875 4999 3051 5072 ἀρχὴν
3078 4998 3512 5069 κατελίμπανεν.

2708 5113 2961 5169 ΚΕΦΑΛ.
3004 5109 3155 5180 Kq'.

2177 5209 2353 5265 Ὅσοι
2381 5206 2504 5262 τῶν
2525 5209 2810 5278 μεγάλων
2843 5207 3086 5261 πόλεων
3129 5202 3205 5276 τῇ
3233 5204 3532 5274 ἱερωσύνῃ
3558 5201 3679 5258 διέ-⁸

2810 5291 3068 5347 xperior.

2211 5401 2274 5453 Οἱ
2315 5399 2373 5452 δὲ
2403 5398 2514 5452 τῶν
2560 5394 2873 5466 ἐκκλησιῶν
2906 5392 3050 5448 κατὰ
3094 5390 3324 5457 τούτους
3379 5390 3716 5462 ἡγησάμενοι

2138 5482 2288 5544 οὗτοι
2314 5491 2379 5544 ἂν
2409 5486 2544 5544 εἶεν.
2585 5488 2693 5543 Τὸν
2730 5488 2829 5559 μὲν
2877 5488 2936 5540 ὲν
2972 5485 3169 5555 Ῥώμῃ
3210 5484 3423 5556 θρόνον,
3471 5479 3709 5547 Ἀλεξάν-

2137 5630 2298 5687 Rom.
2331 5632 2585 5687 antistes.
2743 5700 2751 5702 _
2836 5698 2903 5702 ,Α
3089 5695 3103 5702 _
3175 5696 3185 5702 _
3283 5694 3295 5702 ,
3531 5694 3544 5702 .
3588 5689 3623 5702 ..

2207 5701 2285 5772 (ὅ)
2318 5702 2641 5772 Exemplum
2669 5698 2959 5772 principis,
2988 5694 3380 5772 ecclesiasticae
3412 5691 3715 5765 disciplina!

2137 5766 2685 5831 sese'sulunittentis.‘
2705 5766 2993 5839 Philippus
3020 5766 3339 5839 imperator.

2213 5841 2289 5912 (4)
2325 5842 2624 5913 EutrOpius
2652 5836 2905 5912 quinque
2933 5853 3108 5893 annos
3140 5836 3325 5892 habet.
