4032 6432
456 494 597 558 ῙῘΠ

1403 494 2011 557 ECCLESIASTICIE
2046 496 2440 559 H‘lSTORI/E
2475 499 2624 560 LIB.
2667 501 2741 562 V.

3576 493 3715 560 1118

457 609 582 677 Ξρου
611 608 680 661 τὰ
717 607 973 678 σκῆπτρα
1019 606 1474 697 διαχειρίζοντος,
1521 607 1801 677 Οὐρϐανὸν
1853 606 2031 660 ἐτεσιν

2139 623 2229 672 no,
2259 611 2353 679 qui
2381 619 2508 665 octo
2532 609 2695 663 annis
2719 604 2980 663 Ecclesiae
3007 602 3380 659 ministerium
3413 601 3487 657 ibi
3521 603 3711 674 gessit,

448 699 594 753 ὀκτὼ
636 698 1132 769 λειτουργήσαντα,
1195 698 1493 760 Ποντιανὸς
1549 698 1841 769 διεδέχετο.
1908 698 2031 751 Ἐπ’

450 793 596 844 ἔτεσι
624 789 683 844 δὲ
718 792 814 843 καὶ
839 789 1030 843 τοῦτον
1062 790 1122 854 ἐξ
1167 792 1233 861 τῇ
1271 791 1549 862 ἐπισκοπῇ
1585 791 1769 854 καλῶς
1797 791 2032 861 διαπρέ-

448 885 630 954 ψαντα
657 883 754 937 ἐπὶ
782 884 820 935 Γ
823 882 1092 952 ορδιανοῦ,
1132 884 1404 953 Ἀντέρως
1429 884 1673 955 διάδοχος
1705 879 1794 954 ἦν.
1826 886 2032 938 Τοῦτον

449 979 493 1030 δ’
533 976 630 1029 ἐπὶ
666 977 814 1046 μῆνα
865 975 1354 1046 διακονησάμενον,
1386 975 1657 1039 Φαϐιανὸς
1710 975 1897 1028 θεόθεν
1938 976 2031 1029 τὸν

449 1070 548 1131 τῆς
577 1068 926 1138 λειτουργίας
980 1066 1185 1137 κλῆρον
1230 1068 1543 1137 ἐλάμϐανεν
1570 1084 1585 1098 ’
1616 1069 1676 1121 ὃν
1722 1085 1855 1134 φασι
1894 1066 2034 1136 μετὰ

448 1160 709 1230 τελευτὴν
754 1160 1083 1229 ⁹Δντέρωτος
1132 1160 1366 1229 ἀγρόθεν
1410 1146 1615 1230 ἥκοντα
1657 1159 1781 1229 μεθ’
1829 1160 2035 1229 ἐτέρων

448 1252 753 1324 δ.ατρίϐειν
783 1254 840 1304 ἐν
883 1251 1093 1326 Ῥώμῃ.
1125 1253 1246 1305 Τῶν
1286 1253 1331 1306 δ’
1366 1255 1424 1306 ἐν
1466 1254 1654 1324 Ῥώμῃ
1693 1252 2032 1315 ἐπισκόπων,

452 1340 685 1395 καὶτῶν
733 1340 984 1408 ἀδελφῶν
1038 1342 1260 1395 πάντων
1311 1344 1400 1394 ἐπ’
1440 1342 1740 1412 ἐκκλησίας
1771 1341 1900 1411 περ).
1938 1340 2035 1392 τοῦ

453 1430 745 1499 μέλλοντος
773 1431 866 1484 τὸν
912 1429 1100 1499 θρόνον
1138 1431 1396 1500 δέχεσθαι
1427 1429 1875 1500 συγκροτούντων
1910 1446 2033 1482 συν-

452 1525 630 1593 ἑδριον
652 1564 667 1588 ,
700 1526 797 1578 καὶ
823 1524 924 1594 τὴν
953 1525 1136 1594 ψῆφον
1171 1524 1267 1577 ἐπὶ
1302 1524 1521 1588 πολλοῖς
1564 1524 1674 1577 τῶν
1707 1522 1847 1591 ἄγαν
1888 1523 2037 1577 ἐνδό-

452 1620 559 1683 ξων
586 1616 933 1686 περιφανῶν,
964 1619 1027 1669 ἐν
1059 1616 1285 1688 ὑπονοίᾳ
1312 1616 1408 1669 τοῦ
1432 1617 1677 1671 τοιούτου
1713 1616 2034 1686 λειτουργή-

454 1727 625 1779 ματος
648 1710 841 1776 ὄντων,
871 1709 1168 1770 ἑλκόντων,
1197 1712 1390 1781 παρὼν
1418 1710 1513 1764 καὶ
1542 1709 1808 1772 Ψαϐιανὺς
1860 1709 2037 1762 οὐδενὶ

455 1802 554 1872 μὲν
581 1802 692 1856 τῶν
747 1803 1070 1857 ἐπισκόπων
1096 1805 1178 1866 είς
1231 1803 1455 1872 μνήμην
1485 1801 1572 1872 ᾔει
1605 1818 1620 1833 ο
1663 1802 1817 1870 ὅμως
1864 1801 1909 1854 δ’
1942 1795 2037 1853 οὖν

451 1894 647 1963 ἀθρόον
680 1895 848 1948 ποθὲν
888 1895 1192 1965 περιστερά
1239 1896 1593 1956 καταπτᾶσα,
1629 1896 1696 1963 τῇ
1728 1893 1944 1947 ἐκείνου
1973 1910 2034 1946 τε

452 1988 826 2042 ἐπικαθίσασα
858 1989 1095 2059 κεφαλῇ,
1122 1989 1283 2056 δῆλον
1310 1988 1485 2040 ἐποίει
1511 1988 1602 2040 τὸν
1629 1987 1820 2055 ἄνδρα.
1865 1987 2032 2040 Ἐπα-

454 2079 799 2134 ναπαύεσθαι
825 2080 934 2149 γὰρ
959 2079 1110 2148 αὐτῷ
1138 2079 1199 2131 τὸ
1238 2077 1464 2147 Πνεῦμα
1512 2080 1776 2148 ἐμήνυεν,
1804 2079 1861 2129 ὲν
1905 2077 2033 2129 εῖδει

454 2174 787 2242 περιστερᾶς
817 2171 1010 2235 είωθδς
1046 2170 1341 2239 φαίνεσθαι
1368 2186 1383 2201 ·
1423 2169 1566 2223 καθὰ
1605 2169 1668 2236 δὴ
1702 2171 1796 2222 καὶ
1822 2168 1899 2236 τῷ
1930 2170 2036 2221 Σω·

453 2263 581 2335 τῆρι
608 2264 782 2317 πάλαι
800 2262 1082 2333 τάσφαλὲς
1107 2261 1490 2331 μαρτυροῦσα,
1522 2260 1621 2328 τὴν
1644 2260 1827 2329 φωνὴν
1851 2255 2035 2312 εἷλκεν

451 2354 544 2404 ἐπὶ
574 2350 668 2403 τὸν
720 2350 900 2418 λόγον.
948 2348 1066 2418 Ἐφ’
1102 2343 1147 2416 ᾧ
1177 2352 1360 2403 πάντα
1396 2349 1489 2403 τὸν
1544 2347 1674 2400 λαὸν
1721 2347 2036 2417 ἐφησθέντα

451 2445 528 2515 τῷ
560 2443 872 2514 παραδόξῳ,
900 2443 1069 2513 ὁμόσε
1103 2440 1554 2513 προθυμηθέντα,
1584 2440 1789 2515 καὶοτὸ,
1824 2438 2032 2504 Ἄξιος,

452 2533 861 2605 ἀναϐοήσαντα,
896 2537 962 2587 ἐκ
992 2534 1190 2587 τούτου
1225 2532 1416 2603 σχεδὸν
1439 2531 1532 2585 ἐπὶ
1557 2532 1649 2584 τὸν
1678 2532 1776 2601 τῆς
1806 2532 2033 2584 ἐπισκο-

454 2630 563 2698 πῆς
597 2629 789 2697 θρόνον
824 2626 1263 2699 ἐγκαθιδρῦσαι·
1299 2626 1358 2679 ὃν
1387 2628 1483 2681 καὶ
1523 2626 1618 2678 ἐπὶ
1656 2625 1734 2695 τῷ
1760 2625 1901 2679 κατὰ
1937 2625 2033 2678 Δέ-

453 2737 569 2774 κιον
601 2719 831 2791 διωγμῷ
870 2721 1176 2790 μαρτυρίου
1226 2718 1476 2787 στεφάνῳ
1507 2718 1609 2787 τὴν
1654 2719 2034 2786 πνευματικὴν

450 2813 875 2882 καταστέψαντα
924 2815 1197 2881 κορυφὴν,
1249 2810 1553 2880 Κορνήλιος
1583 2810 1682 2879 τὴν
1723 2811 2034 2879 ἐπισκοπὴν

451 2907 750 2972 διεδέξατο.
788 2907 949 2961 Κατὰ
981 2907 1037 2959 δὲ
1071 2907 1172 2975 τὴν
1213 2904 1631 2976 Ἀλεξάνδρειαν
1675 2903 2031 2973 Ἀλεξάνδρου

450 2998 545 3050 τοῦ
569 2998 670 3068 τῆς
722 3000 986 3068 Μαμαίας
1037 2998 1486 3068 ἡγεμονεύοντος,
1544 2997 1862 3067 Δημήτριος
1922 2997 2033 3048 τῶν

450 3093 633 3144 ἐκεῖσε
664 3091 977 3162 παροικιῶν
1023 3092 1120 3163 τὴν
1159 3091 1510 3161 λειτουργίαν
1563 3091 1702 3161 μετᾶ
1747 3089 2034 3143 Ἰουλιανέιν

450 3172 871 3254 τεᾶσαρᾶκοντα
905 3184 1003 3238 καὶ
1031 3183 1213 3253 τρισὶν
1248 3181 1429 3235 ἐτεσιν
1470 3181 1633 3251 ίερῶς
1656 3182 2031 3252 ἡγησάμενος,

2139 704 2445 759 Pontianus
2475 703 2769 759 successit.
2821 699 2920 755 Hic
2955 700 3119 753 annis
3148 713 3243 752 sex
3290 697 3395 752 sub
3431 696 3720 751 Gordiano

2137 800 2462 869 episcopatu
2515 799 2622 852 rite
2667 796 2917 858 functus,
2971 796 3276 848 Anteroten
3329 806 3714 846 successorem

2139 892 2354 946 habuit.
2387 891 2506 957 Quo
2535 901 2661 961 post
2687 902 2933 944 mensem
2961 902 3132 942 unum
3170 886 3226 939 in
3259 883 3564 953 episcopali
3598 898 3719 935 tutt-

2140 1000 2274 1039 nere
2341 992 2583 1045 mortuo,
2638 982 2909 1036 divinitus
2966 993 3118 1035 sacra
3174 976 3586 1031 administratio
3646 974 3714 1027 ad

2088 1135 2096 1143 ,
2141 1077 2442 1132 Fabianum
2474 1084 2559 1129 est
2594 1074 2797 1138 delata,
2836 1087 3003 1142 quem
3037 1070 3232 1125 dicunt
3270 1078 3395 1137 post
3430 1064 3718 1121 Anterotis

2141 1178 2376 1224 mortem
2417 1184 2484 1222 ex
2532 1182 2663 1237 agro
2698 1166 2927 1221 Romam
2976 1164 3218 1226 venisse,
3254 1171 3418 1230 atque
3469 1159 3542 1213 ibi
3588 1173 3713 1213 cum

2140 1260 2265 1316 aliis
2299 1269 2579 1314 versatum
2628 1271 2770 1312 esse.
2803 1254 2942 1311 Cum
2986 1268 3119 1308 vero
3160 1252 3346 1306 Romae
3377 1249 3623 1319 episcopi
3661 1254 3719 1301 et

2139 1355 2340 1409 fratres
2363 1368 2561 1407 omnes
2593 1352 2649 1405 in
2680 1348 2915 1405 ecclesia
2955 1347 3022 1400 ad
3057 1346 3375 1415 episcOpum
3409 1341 3714 1397 creandum

2141 1447 2556 1507 convenissent,
2581 1452 2750 1513 atque
2776 1440 3042 1511 suil'ragia
3064 1437 3450 1509 deligentium,
3480 1436 3547 1490 de
3581 1435 3719 1489 mul-

2141 1541 2210 1595 tis
2240 1537 2522 1610 przeclaris
2545 1545 2602 1591 et
2626 1535 2943 1590 illustribus
2965 1532 3124 1595 viris,
3157 1530 3362 1601 quibus
3389 1544 3512 1584 eam
3539 1526 3720 1596 digni-

2141 1640 2308 1686 tatem
2365 1628 2629 1682 collatum
2678 1626 2745 1679 iri
2794 1624 3083 1678 hominum
3118 1622 3306 1692 opinio
3355 1630 3497 1679 erat,
3530 1619 3715 1671 varia-

2142 1732 2284 1788 rent,
2324 1721 2485 1776 alluit
2522 1721 2689 1775 etiam
2740 1717 3066 1773 Fabianus:
3125 1725 3183 1770 et
3229 1712 3485 1784 quamvis
3531 1709 3600 1765 de
3650 1723 3719 1762 eo

2141 1816 2276 1870 nulli
2308 1814 2699 1884 episcoporum
2742 1811 2797 1865 in
2842 1818 3087 1864 mentem
3141 1806 3381 1869 veniret,
3416 1804 3719 1872 derepente

2144 1920 2326 1963 tamen
2376 1905 2636 1960 alicunde
2680 1903 2946 1958 advolans
2983 1900 3061 1972 (l)
3101 1898 3381 1961 columba,
3433 1912 3497 1950 ac
3552 1892 3719 1962 capiti

2139 2001 2262 2069 ejus
2291 1999 2561 2059 insidens,
2598 2013 2726 2050 eum
2763 1994 3097 2064 designavit,
3145 2001 3203 2045 et
3247 1989 3519 2059 Spiritum
3559 1986 3614 2039 in
3651 1999 3720 2039 eo

2141 2091 2497 2159 acquiescere
2545 2086 2903 2158 significavit,
2931 2085 2985 2138 in
3035 2081 3306 2137 columbae
3339 2078 3521 2149 specie
3548 2092 3718 2146 appa-

2142 2197 2262 2236 rere
2292 2180 2517 2235 solitum
2553 2197 2566 2233 :
2596 2176 3067 2248 quemadmodum
3105 2174 3235 2229 olim
3272 2180 3487 2226 certum
3519 2168 3719 2223 Serva-

2141 2274 2245 2328 tori
2279 2273 2564 2342 perhibuit
2596 2270 2997 2334 testimonium,
3021 2281 3212 2321 vocem
3241 2264 3721 2337 cwlestem_supcr

2142 2367 2319 2436 ipsum
2348 2364 2594 2421 Verbum
2624 2363 2975 2431 pertrahens.
3003 2358 3120 2426 Qua
3152 2374 3209 2412 re
3238 2367 3349 2411 tam
3393 2352 3718 2409 admiranda

2142 2459 2439 2513 universus
2476 2458 2727 2529 populus
2779 2455 3113 2517 delectatus,
3170 2451 3363 2505 eadem
3408 2446 3716 2509 alacritate,

2138 2561 2303 2620 atque
2346 2551 2539 2605 eodem
2583 2548 2746 2605 simul
2781 2563 2880 2603 ore
2917 2561 3112 2601 omnes
3158 2545 3384 2614 dignum
3435 2556 3560 2595 eum
3596 2555 3720 2594 esse

2138 2656 2193 2698 et
2225 2644 2485 2697 idoneum
2523 2642 2996 2703 acclamarerunt,
3026 2648 3082 2692 et
3114 2637 3380 2691 continuo
3415 2637 3466 2688 in
3504 2634 3720 2703 episco-

2139 2720 2479 2807 pali‘throno
2514 2737 2881 2791 collocarunt.
2925 2733 3104 2800 Atque
3139 2732 3186 2785 is
3222 2732 3276 2785 in
3330 2727 3719 2795 persecutione

2136 2831 2242 2885 sub
2291 2828 2457 2884 Decio
2507 2828 2855 2899 spiritualem
2891 2827 3155 2880 verticem
3205 2821 3460 2890 martyrii
3512 2836 3719 2875 corona

2138 2931 2438 2978 exornatus
2473 2922 2578 2991 (2),
2627 2922 3012 2991 episcopatum
3049 2921 3116 2972 ad
3145 2915 3465 2972 Cornelium
3498 2926 3720 2967 succes-

2138 3031 2318 3069 sorem
2376 3014 2705 3069 transmisit.
2757 3012 3105 3067 Alexandriae
3155 3017 3364 3070 autem,
3403 3005 3720 3061 Alexandro

2138 3104 2436 3159 Mammaea:
2486 3103 2601 3158 filio
2640 3102 2972 3173 imperante,
3027 3111 3150 3170 post
3186 3096 3467 3153 lulianum
3522 3095 3721 3149 Demec

2142 3196 2301 3256 trius.
2355 3195 2451 3266 qui
2487 3195 2857 3266 quadraginta
2895 3193 3074 3248 tribus
3116 3190 3276 3244 annis
3310 3200 3593 3243 sacrarum
3625 3200 3721 3239 ec-

463 3275 711 3346 Ἦρακλᾷ
740 3273 821 3344 τῷ
869 3271 1153 3342 φιλοσόφῳ
1182 3272 1279 3324 καὶ
1309 3269 1515 3341 πρώτῳ
1564 3269 1675 3324 τῶν
1721 3270 2032 3342 Ὠριγένους

2139 3288 2431 3343 clesiarum
2470 3288 2835 3359 regendarum
2875 3300 3075 3339 munus
3127 3281 3368 3336 obierat.
3425 3278 3717 3332 lleraclam

453 3366 811 3422 σπουδαστῶν
847 3364 1174 3420 καταλείπει
1219 3363 1313 3417 τὸν
1352 3363 1564 3432 θρόνον,
1604 3361 1714 3415 Καὶ
1751 3361 1945 3416 τούτου
1974 3361 2033 3416 δὲ

454 3460 593 3530 μετὰ
622 3460 810 3533 τρίτον
854 3458 951 3512 καὶ
986 3457 1215 3511 δέκατον
1245 3454 1366 3519 ἔτος
1408 3456 1470 3507 τὸ
1515 3453 1781 3526 βιώσιμον
1834 3454 2036 3524 μεταλ-

450 3552 733 3619 λάξαντος,
765 3556 793 3607 ό
825 3551 995 3614 πολὺς
1037 3548 1314 3613 Διονύσιος
1361 3548 1454 3601 ἐπὶ
1486 3548 1599 3602 τῶν
1638 3547 2036 3614 ἐκκλησιαστιο

453 3645 566 3699 κῶν
594 3645 798 3699 οίάκων
831 3643 930 3712 τῆς
978 3640 1339 3710 Ἀλεξάνδρου
1386 3636 1699 3701 ἀνέϐαινεν,
1739 3636 2032 3706 Γορδιανοῦ

453 3737 857 3808 βασιλεύοντος.
886 3738 962 3792 Οὐ
993 3734 1100 3806 μὴν
1125 3734 1182 3787 δέ
1215 3733 1352 3787 ἀλλὰ
1380 3733 1478 3785 καὶ
1507 3731 1653 3807 κατὰ
1678 3732 1781 3802 τὴν
1824 3729 2034 3783 Ἀντιό-

452 3848 550 3901 χου
575 3831 670 3883 τὸν
712 3827 1126 3898 Ἀσκληπιάδην
1171 3826 1400 3895 Φιλητὸς
1434 3824 1731 3895 διεδέχετο,
1780 3821 2034 3889 ’ᾼλεξάν-

453 3924 580 3993 ὅρου
610 3921 892 3984 διέποντος
931 3919 1030 3990 τὴν
1061 3919 1239 3989 ἀρχήν
1262 3934 1274 3949 η
1312 3917 1372 3970 οὖ
1402 3915 1630 3977 Ζέϐενος
1668 3910 1826 3977 αὖθις
1859 3914 2035 3968 διάδο-

452 4034 545 4088 χος
587 4015 675 4089 ἧν.
737 4017 843 4070 Τὸν
907 4014 955 4068 δ’
1008 4014 1101 4068 ἐπὶ
1160 4010 1454 4082 Γορδιανοῦ
1507 4010 1955 4080 τελευτήσαντα,
2008 4009 2036 4061 ὁ

455 4096 787 4184 ἱερομάρτυς
819 4109 1074 4172 Βαϐύλας
1107 4108 1206 4172 τὰς
1237 4107 1388 4178 ἱερὰς
1443 4105 1601 4176 ἡνίας
1637 4104 1994 4174 διεχειρίζετο
2017 4118 2033 4134 ο

451 4206 511 4259 δν
537 4207 675 4275 μετὰ
725 4205 827 4275 τὴν
873 4202 1171 4272 ὁμολογίαν
1214 4202 1272 4253 ἐν
1326 4197 1693 4269 δεσμωτηρίῳ
1747 4196 1844 4266 τὴν
1888 4196 2037 4266 ζωὴν

452 4297 837 4366 ἀμειψάμενοι)
864 4294 958 4346 ἐπὶ
987 4291 1200 4357 Δέκίου,
1231 4292 1435 4354 Φάϐιος
1456 4289 1558 4359 τῆς
1584 4289 1773 4343 αὐτόθι
1808 4289 2037 4358 Ἐκκληι

455 4384 577 4453 σίας
608 4386 933 4458 «pot-nam.
986 4385 1112 4439 Ἐπὶ
1137 4388 1275 4438 nisi.
1322 4383 1538 4446 τούτοις
1569 4383 1708 4452 μετὰ
1757 4382 1850 4435 τὸν
1876 4396 2038 4450 περι-

453 4482 650 4552 ϐόητον
678 4482 737 4542 ἐς
767 4478 1000 4547 ὕστερον
1022 4478 1366 4547 Νάρκισσον,
1403 4476 1608 4547 μᾶλλον
1632 4476 1689 4528 δὲ
1736 4477 1837 4528 σὺν
1863 4475 2034 4544 αὐτῷ,

455 4576 595 4645 μετὰ
623 4576 748 4628 Δῖον
779 4574 874 4626 καὶ
896 4563 1259 4643 Γερμανίωνά
1301 4587 1359 4623 τε
1391 4571 1489 4623 καὶ
1521 4569 1760 4639 Γόρδιον,
1802 4568 1902 4630 τῆς
1941 4566 2038 4621 Ἱε-

2139 3379 2560 3450 philosophum,
2602 3378 3038 3449 primariumque
3074 3373 3332 3443 Origcnis
3355 3368 3718 3439 discipulum,

2137 3486 2520 3528 successorem
2555 3470 2774 3525 habuit.
2806 3469 2974 3539 376
3011 3465 3119 3520 Sed
3154 3472 3211 3520 et
3258 3461 3410 3526 huic,
3438 3475 3564 3513 cum
3595 3467 3721 3527 post

2138 3582 2343 3619 annum
2399 3563 2763 3619 tredecimum
2817 3562 3173 3630 episcopatus
3220 3555 3306 3610 sui
3359 3551 3718 3613 decessisset,

2139 3672 2371 3726 magnus
2417 3655 2713 3726 Dionysius
2742 3650 3040 3716 successit,
3073 3647 3355 3705 Gordiano
3398 3654 3513 3699 tum
3548 3644 3722 3711 impe-

2137 3760 2315 3804 rante.
2378 3748 2618 3802 Rursum
2647 3743 2958 3799 Antiochiae
2993 3745 3095 3797 sub
3124 3737 3419 3794 Alexandri
3482 3733 3721 3803 imperio

2139 3835 2196 3897 in
2247 3839 2549 3910 episcopali
2593 3837 2881 3893 iunctione
2934 3832 3278 3903 Asclepiadae
3322 3829 3591 3886 suffectus
3636 3833 3723 3879 est

2138 3936 2436 3992 Philetus:
2476 3934 2635 4005 cujus
2681 3930 2885 3986 deinde
2942 3929 3199 3983 Zebenus
3251 3938 3542 3980 successor
3591 3919 3720 3973 fttit.

2138 4028 2412 4085 Caeterum
2445 4040 2513 4082 eo
2562 4039 2787 4095 quoque
2834 4022 2939 4078 sub
2969 4020 3253 4077 Gordiano
3288 4017 3579 4077 defuncto,
3620 4012 3723 4066 Ba-

2141 4121 2297 4192 bylas
2319 4134 2476 4175 sacer
2504 4126 2712 4187 martyr
2740 4113 3006 4171 Ecclesiae
3029 4110 3402 4182 gubernacula
3425 4108 3504 4163 ibi
3535 4121 3726 4162 susce-

2141 4216 2270 4287 pit:
2328 4214 2424 4285 qui
2477 4212 2582 4269 sub
2637 4210 2804 4266 Decio
2861 4216 2984 4279 post
3041 4205 3451 4261 confessionem
3503 4200 3726 4253 fortiter

2142 4308 2350 4364 ubitam
2382 4307 2438 4360 in
2478 4304 2714 4360 vinculis
2762 4299 3025 4362 decessit,
3076 4296 3501 4361 Ecclesiamque
3545 4290 3720 4345 Fabio

2142 4396 2437 4469 regendam
2485 4395 2713 4464 reliquit
2757 4392 2860 4463 (5).
2912 4391 3088 4445 Porro
3136 4384 3542 4454 Hierosolymis
3594 4388 3722 4451 post

2140 4498 2492 4550 decantatum
2525 4489 2682 4542 illum
2710 4486 3055 4545 Narcissum.
3087 4495 3185 4536 seu
3221 4479 3407 4549 potius
3424 4491 3548 4530 cum
3582 4473 3724 4528 Nar-

2141 4584 2287 4639 eisso
2320 4581 2464 4650 (Dio,
2521 4574 2894 4633 Germanione
2940 4578 2997 4626 et
3033 4568 3244 4624 Gordio
3303 4558 3723 4619 intervenienti-

455 4643 778 4740 ροσολύμων
855 4664 1155 4735 παροικίας
1214 4662 1312 4734 τὴν
1389 4663 1762 4732 ποιμαντικὴν
1825 4662 2034 4713 διεῖπεν

2140 4671 2267 4745 bus)
2327 4643 2587 4740 pastorali
2639 4678 2870 4720 munere
2925 4663 2985 4718 in
3044 4657 3297 4714 Ecclesia
3352 4653 3579 4709 functus
3636 4655 3724 4703 est

467 4761 840 4830 Ἀλέξανδρος,
876 4758 1009 4828 περ).
1044 4756 1105 4810 οὗ
1138 4756 1313 4810 πολὺν
1341 4755 1501 4821 λόγον
1542 4756 1738 4809 ἀνόπιν
1770 4752 2036 4822 ἐποιησά-

458 4871 597 4927 μην·
636 4855 693 4917 ὃς
723 4854 788 4923 δὴ
822 4855 912 4907 καὶ
953 4851 1223 4926 Ὠριγένει
1269 4849 1368 4912 τὰς
1395 4851 1585 4920 χεῖρας
1630 4847 1930 4910 ἐπιϐαλὼν,
1960 4845 2038 4917 τῷ

455 4950 565 5002 τῶν
617 4945 1012 5017 πρεσϐυτέρων
1039 4943 1234 4998 τοῦτον
1273 4943 1634 5010 ἐγκαταλὲγει
1685 4940 1902 5010 saepe).
1941 4943 2037 5003 Ὃς

456 5043 723 5114 πρότερον
778 5030 848 5111 τῇ
908 5040 1051 5110 ὑπὲρ
1097 5035 1339 5108 Χριστοῦ
1387 5035 1696 5105 διαπρέψας
1750 5035 2036 5106 ὁμολογία,

455 5136 569 5197 τοῖς
602 5134 874 5204 πρότερον
922 5133 1213 5200 διωγμοῖς,
1255 5128 1395 5201 μετὰ
1446 5127 1546 5199 τὴν
1584 5128 1693 5181 τῶν
1735 5128 2038 5196 Ἰεροσολύ-

460 5244 596 5296 ,ιωνΑ
629 5224 944 5297 προεδρίαν,
974 5223 1216 5294 βαθεϊςτε
1264 5221 1414 5292 γήρα
1465 5220 1561 5272 καὶ
1610 5219 1828 5289 λιπαρῷ
1878 5235 2038 5273 κατε-

459 5317 766 5390 στεμμένος
815 5312 973 5382 αὖθις
1016 5317 1075 5368 ἐν
1114 5315 1429 5384 Καισαρείᾳ
1462 5314 1576 5375 τοῖς
1623 5313 1768 5382 ὑπὲρ
1798 5310 2039 5380 Χριστοῦ

457 5408 855 5478 δικαστηρίοις,
886 5408 1082 5459 Δεκίου
1106 5405 1200 5459 τὸν
1240 5405 1485 5474 διωγμὸν
1514 5406 1596 5466 είς
1626 5403 1771 5473 μέγα
1805 5405 2042 5474 ἀναρρι-

459 5501 734 5564 πίζοντος,
764 5496 1080 5569 παραστὰς,
1135 5497 1229 5553 καὶ
1274 5496 1597 5566 περιφανῶς
1654 5496 2039 5565 μαρτυρήσας,

459 5596 555 5648 ἐπὶ
583 5594 686 5663 τῆς
727 5592 955 5664 εἱρκτῆς
980 5592 1074 5644 τὸν
1119 5589 1234 5661 βίον
1267 5591 1542 5656 ἐξέλιπεν.
1589 5589 1784 5643 Ἠνίκα
1817 5589 1910 5641 καὶ
1936 5588 2040 5640 Ba.

461 5685 627 5750 ϐύλας
655 5686 747 5739 τὸν
788 5685 931 5756 ὑπὲρ
974 5683 1217 5756 Χριστοῦ
1269 5684 1459 5753 ἀγῶνα
1500 5681 1788 5755 διήνεγκεν
1820 5679 1915 5735 ἐπὶ
1942 5682 2042 5751 τῆς

534 5868 611 5942 (l)
645 5867 916 5942 [Eusebius
955 5866 1098 5921 libro
1130 5882 1205 5928 vt,
1238 5881 1359 5942 cap.

535 5940 612 6010 (2)
648 5937 921 6003 Fabianus
950 5947 1156 6009 martyr
1196 5938 1355 5992 annis
1394 5939 1457 6001 l2
1487 5937 1807 5994 cathedram
1838 5937 2039 5995 Roma-

2142 4741 2453 4821 Aleitauder
2481 4777 2497 4815 :
2533 4761 2603 4814 de
2630 4775 2740 4829 quo
2773 4757 2828 4811 in
2862 4752 3256 4826 superioribus
3287 4747 3462 4804 multa
3489 4741 3726 4798 iecimus

2143 4855 2337 4911 verba.
2376 4851 2426 4908 Is
2458 4850 2753 4921 Origenem
2783 4864 2881 4919 per
2918 4843 3339 4916 impositionem
3371 4850 3638 4896 manuum
3666 4833 3722 4889 in

2143 4947 2594 5019 presbyterorum
2648 4943 2901 4998 ordinem
2954 4940 3108 5011 legit.
3159 4936 3231 4992 Et
3279 4949 3407 4991 cum
3452 4940 3612 4988 antea
3664 4931 3721 4984 in

2142 5038 2422 5109 prioribus
2443 5035 2930 5104 persecutionibus
2952 5031 3361 5088 confessionem
3388 5025 3724 5098 proChristo

2141 5145 2266 5186 cum
2320 5128 2486 5185 laude
2534 5127 2754 5183 fortiter
2783 5124 3130 5196 pertulisset,
3176 5131 3304 5192 post
3351 5115 3721 5188 episcopalem

2142 5224 2489 5296 dignitatem,
2523 5238 2633 5292 qua
2682 5218 3086 5291 Hierosolymis
3132 5224 3218 5272 est
3242 5215 3497 5287 functus,
3549 5208 3723 5264 multa

2138 5308 2252 5387 jam
2278 5325 2336 5372 et
2366 5331 2541 5387 prope
2564 5312 2850 5384 decrepita
2876 5320 3167 5367 senectute
3194 5306 3569 5369 venerandus,
3600 5318 3725 5357 rur-

2142 5424 2236 5465 sus
2261 5408 2524 5465 Caesareae
2554 5407 2725 5463 Decio
2755 5405 3057 5477 plurimum
3094 5402 3364 5457 adversus
3393 5398 3585 5453 ﬁdeles
3616 5412 3722 5452 sa:-

2140 5501 2349 5569 viente,
2393 5503 2459 5555 ad
2504 5499 2756 5571 iudicum
2794 5497 3062 5553 subsellia
3100 5511 3202 5565 pro
3235 5492 3460 5549 Christo
3485 5496 3720 5553 tractus,

2142 5594 2362 5665 egregie
2393 5593 2722 5665 martyrium
2763 5590 2925 5655 obiit,
2965 5597 3133 5660 atque
3175 5587 3230 5642 in
3265 5600 3491 5640 carcere
3533 5583 3725 5638 deces-

2144 5688 2238 5743 sit.
2264 5686 2385 5756 Quo
2411 5695 2662 5759 tempore
2684 5696 2742 5742 et
2765 5686 3001 5758 Bahylas
3026 5684 3174 5754 apud
3206 5680 3590 5740 Nicomediam
3620 5690 3724 5744 pro

2146 5884 2270 5922 nam
2314 5850 2513 5931 tenuit;
2541 5864 2832 5929 Cornelius
2865 5864 3026 5924 annis
3059 5864 3113 5923 5.

2213 5937 2294 6011 (ὅ)
2328 5939 2434 5993 Alii
2468 5938 2614 5992 hunc
2642 5935 2941 5992 Fabianum
2983 5942 3198 5989 vocant.
