4032 6468
452 359 576 425 112!

1404 358 2014 421 ECCLESlASTlCﬂS

2123 360 2446 422 [smnus
2489 365 2643 426 LIB.
2684 364 2745 426 ι’.
3276 350 3291 357 ”
3576 375 3711 441 tm

3614 409 3711 439 ιιι

444 474 547 542 τῆς
594 474 783 526 ἐκεῖσεη
828 473 1129 545 παροικίας
1202 471 1510 541 ἡγούμενος
1572 471 1888 534 Διονύσιος·’
1968 472 2016 524 ὂι

2134 472 2274 535 sius,
2316 489 2479 541 quem
2532 485 2658 546 post
2707 478 2992 534 [lerat-lam
3031 481 3098 536 ad
3150 497 3355 541 munus
3395 488 3710 561 episcopale

443 566 588 634 μετὰ
626 566 908 636 Ἠρακλᾶν
929 568 962 635 ἡ
993 565 1207 634 ἱστορία
1239 564 1331 617 ἐπὶ
1353 564 1452 635 τὴν
1478 564 1631 632 ίεράν
1654 565 1752 634 τῆς
1794 563 2023 634 Ἐκκλη-

442 658 565 720 σίας
598 657 804 725 ἀνῆγεν
844 658 1024 726 ἀρχήν
1049 672 1063 687 ο
1107 655 1338 726 προνοίᾳ
1366 656 1422 709 δὲ
1457 657 1736 725 κρείττονι
1783 657 1883 724 τῆς
1913 655 2024 709 τῶν

439 748 655 801 πολλῶν
685 748 955 817 ὠφελείας
1002 749 1166 818 χάριν
1214 748 1311 802 καὶ
1358 748 1652 817 οἰκοδομῆς
1716 749 2021 818 ὑπέρτερον

438 843 539 909 τῆς
570 841 766 906 πείρας
797 841 1010 894 ἐδείκνυ
1057 841 1213 904 Θεός.
1253 842 1360 895 Καὶ
1389 842 1609 909 πρῶτον
1648 841 1767 910 μὲν,
1812 840 1862 893 οἳ
1891 840 2019 895 τοῦ·-

441 952 531 988 τον
562 934 928 1004 ἐπέμφθησαν
978 935 1251 1004 ὲκζητεῖν,
1279 934 1514 1003 ἀορασίᾳ
1548 935 1645 994 τὰς
1696 932 1850 1002 δψεις
1887 932 2024 1000 πλη-

441 1025 655 1094 γέντες,
680 1027 887 1097 καίπερ
916 1027 1003 1079 ἐπ’
1030 1027 1185 1080 οἴκου
1218 1027 1350 1079 ὅντα
1377 1026 1471 1079 καὶ
1492 1027 1595 1092 τὴν
1626 1024 1807 1078 αὐτῶν
1834 1023 2022 1093 ἄφιξιν

442 1117 824 1188 ἐκδεχόμενον,
876 1119 1263 1189 ἀπετύγχανον
1313 1119 1413 1187 τῆς
1460 1117 1738 1185 σπουδῆς’
1781 1117 1924 1170 ἑκὼν
1975 1115 2021 1168 δ’

442 1209 728 1263 είσέπειτα
766 1214 882 1272 τοῖς
934 1212 1247 1279 ἀπάγουσιν
1275 1209 1543 1276 ἐκδοθεὶς,
1572 1212 1753 1264 πάντα
1787 1209 1855 1264 τὰ
1896 1209 2018 1263 κατ’

438 1294 592 1353 οἷκον
625 1299 1271 1370 ἐξανδραποδισαμένας.
1300 1301 1488 1371 ἐπειδή
1516 1318 1602 1364 τις
1626 1303 1740 1362 τοῖς
1765 1298 2020 1365 ἀδελφοῖς

438 1392 607 1462 γάμῳ
675 1392 1195 1464 διαπαννυχίζουσιν
1250 1393 1569 1463 ἀπήγγελλε
1630 1394 1691 1448 τὸ
1749 1393 2017 1463 πραχθὲν,

438 1479 601 1543 εὐθὺς
629 1480 796 1550 ὁρμῇ,
833 1483 1036 1544 πάντες
1085 1482 1185 1550 μιᾷ
1225 1479 1424 1551 ἀθρόον
1460 1480 1878 1546 ἐξαναστάντες,
1923 1482 2020 1536 καὶ

437 1571 626 1641 δρόμῳ
672 1571 886 1634 θέοντες
940 1573 1315 1644 ἐπηλάλαξαν.
1342 1574 1466 1627 Τῶν
1516 1574 1574 1628 δὲ
1620 1573 2018 1644 φρουρούντων

438 1666 517 1725 είς
573 1665 753 1735 φυγὴν
782 1666 1131 1737 τραπέντων,
1181 1667 1275 1719 τὸν
1324 1667 1606 1721 Διονύσιον
1657 1667 1849 1735 ἐσθῆτι
1898 1667 2017 1736 λινῇ

437 1754 526 1807 ἐπ’
569 1757 859 1824 ἀστρώτου
904 1758 1308 1827 κατακείμενον
1359 1757 1682 1828 σκίμποδος,
1735 1756 2022 1822 ἐξανίστα-

438 1848 564 1901 σθαι
612 1852 709 1901 καὶ
736 1851 862 1902 ὅσον
895 1852 1064 1920 τάχος
1098 1850 1327 1903 ἕπεσθαι
1367 1853 1582 1913 τούτοις
1628 1851 1886 1921 ῆπειγον.
1916 1850 2021 1904 Τὸν

433 1938 492 1992 δὲ
526 1942 970 2009 προσπίπτοντα,
1006 1943 1193 2010 ἱκέτην
1220 1939 1380 2007 εἶναι,
1414 1943 1446 2012 ἦ
1482 1943 1705 1996 ἀπιέναι
1735 1942 1830 1996 καὶ
1859 1939 2023 1994 αὐτὸν

432 2031 680 2099 ἀφεῖναι,
713 2032 744 2103 ἢ
773 2032 873 2102 τὴν
905 2033 1151 2102 κεφαλὴν
1178 2037 1288 2094 τοῖς
1323 2034 1636 2101 ἀπάγουσιν
1663 2033 1828 2086 αὐτὸν
1859 2050 2022 2104 στρα-

433 2122 659 2186 τιώταις
706 2126 866 2178 ἐάσαι
898 2125 1107 2177 λαϐεῖν.
1170 2125 1312 2188 Τοὺς
1352 2126 1410 2178 δὲ
1444 2125 1566 2195 μηδ’
1618 2125 2021 2194 ἀνασχομένους

433 2220 662 2273 ἀκοῦσαι
689 2236 704 2252 ο
741 2220 877 2273 ἀλλά
905 2221 1108 2290 καίπερ
1143 2220 1407 2291 πλείστην
1438 2221 1571 2290 ὅσην
1605 2220 1816 2273 ἱκεσίαν
1849 2235 2021 2289 προσ-

432 2310 665 2379 άγοντα,
700 2316 763 2365 ὲκ
799 2313 1003 2382 χειρῶν
1044 2330 1105 2366 τε
1140 2312 1255 2382 ἅμα
1288 2313 1378 2365 καὶ
1411 2312 1590 2366 ποδῶν
1636 2312 1820 2365 ἒλκειν
1873 2327 1886 2342 ’
1925 2310 2020 2364 καὶ

428 2403 511 2473 τῷ
557 2404 789 2470 οἰκίσκῳ
834 2405 934 2474 τῆς
984 2407 1294 2473 ἐπισκοπῆς
1344 2403 1499 2469 αὖθις
1551 2403 1884 2474 ὲγκαθιστᾷν
1915 2403 2019 2472 δνῳ

427 2495 648 2565 γυμνῷ,
676 2491 765 2550 οἶά
792 2515 917 2551 τινα
949 2498 1149 2568 φόρτον
1182 2498 1467 2566 θεμένους.
1498 2498 1607 2550 Καὶ
1635 2498 1703 2549 τά
1740 2496 1843 2566 μὲν
1875 2494 2016 2549 κατά

428 2578 887 2657 Διονύσιονέἶχεν
935 2586 1131 2649 οὕτως.
1171 2590 1405 2642 Ἔπειτα
1438 2590 1489 2641 οί
1517 2588 1738 2651 ἀσεϐεῖς
1783 2591 1904 2650 ταῖς
1942 2589 2018 2639 οἰ-

429 2678 579 2740 κίαις
613 2678 724 2731 τῶν
776 2680 1281 2750 προσηγγελμένων
1326 2679 1677 2751 Χριστιανῶν
1732 2680 1882 2742 ὅλαις
1922 2680 2017 2751 ῥύ-

436 2783 567 2836 μαις
606 2767 802 2838 ἀνέδην
859 2769 1261 2838 είστρέχοντες,
1296 2769 1397 2821 ὅσα
1455 2768 1555 2838 μὲν
1598 2764 1740 2838 ἦσαν
1783 2769 2017 2831 ἐκείνοις

431 2862 542 2914 τῶν
574 2860 905 2930 κειμηλίων,
934 2861 1144 2913 ἐσύλων
1185 2860 1562 2930 ἀρπάζοντεςο
1600 2863 1700 2914 ὃσα
1743 2860 1786 2914 δ’
1822 2861 2016 2930 εὐτελῆ

429 2970 491 3007 τε
518 2954 615 3008 καὶ
637 2955 739 3007 οὐκ
760 2953 1067 3022 εύάγκαλα,
1091 2953 1421 3016 διαθλῶντες
1443 2952 1871 3023 ἀπηλλάττοντο.
1906 2951 2015 3006 Καὶ

429 3051 466 3120 ἡ
494 3048 608 3101 τῶν
645 3049 1047 3118 πραττομένων
1072 3046 1360 3116 ἐλευθερία
1390 3049 1637 3117 σχήματι
1675 3047 1889 3109 πόλεως
1911 3046 2015 3098 ὑπὸ

429 3119 712 3210 πολεμίων
755 3140 1063 3202 ἑαλωκυίας
1107 3137 1295 3209 εῲκει.
1334 3139 1622 3208 Πανταχοῧ
1668 3136 1879 3208 θρῆνοι,
1910 3139 2013 3207 ἀρ·
2041 3119 2084 3175 c

430 3233 721 3302 πάγματα,
748 3232 823 3294 ὡς
856 3235 913 3285 ὲν
945 3231 1149 3302 ἁμίλλῃ
1188 3230 1405 3285 σκύλων
1449 3231 1870 3301 ἀγωνιζομένων
1904 3230 2014 3283 τῶν

429 3324 806 3394 στρατιωτῶν.
841 3322 959 3394 Οὐχ
999 3323 1142 3387 όδδς,
1174 3323 1239 3375 ού
1287 3322 1589 3393 λεωφόρος,
1638 3324 1698 3375 οὑ
1739 3321 2013 3384 στενωπὸς

429 3418 662 3487 παρεῖχε
709 3414 972 3480 διέξοδον.
1026 3415 1165 3470 Οὔτε
1198 3416 1255 3468 δὲ
1301 3416 1542 3483 νύκτωρ,
1573 3414 1685 3465 οὐδ’
1723 3416 1779 3464 ἐν
1828 3413 2014 3482 ἡμέρᾳ

424 3510 488 3562 τὸ
513 3510 687 3565 κακὸν
723 3510 911 3578 ἔληγε.
952 3509 1204 3579 Κήρυκες
1233 3508 1279 3558 δ’
1304 3507 1408 3560 ἀνὰ
1440 3508 1624 3559 πᾶσαν
1654 3506 1884 3572 ἐφοίτων
1912 3506 2022 3583 τὴν.

428 3600 587 3654 πόλιν
641 3600 907 3671 μεγάλαις
946 3602 1154 3668 φωναῖς
1195 3597 1629 3668 ὲκρηγνύμενοι.
1680 3598 1753 3649 Τὸ
1802 3597 1858 3648 δὲ
1911 3613 2014 3665 κη-

429 3691 764 3760 ρυττόμενον
790 3686 860 3760 ῆν
887 3706 900 3721 ο
939 3689 1015 3754 ὡς
1041 3691 1091 3743 εί
1129 3692 1202 3759 μή
1232 3706 1319 3751 τις
1368 3688 1604 3759 Χριστὸν
1635 3688 1825 3750 κακῶς
1863 3686 2012 3754 λέγοι

425 3784 494 3834 τὰ
526 3782 767 3852 μάλιστα
796 3782 1023 3851 ιναγέσι
1056 3784 1152 3836 καὶ
1194 3782 1501 3851 δυσφήμοις
1534 3782 1765 3848 φωναῖς,
1816 3779 2012 3832 τοῦτον

423 3873 743 3945 ἁπανταχοῦ
772 3873 1067 3943 σύρεσθαιυ
1100 3875 1198 3927 καὶ
1221 3875 1717 3945 περιελαυνόμενον
1742 3870 2010 3943 αίσχρῶς,

426 3964 583 4029 τέλος
616 3970 749 4037 πυρὶ
783 3967 1305 4038 καταπίμπρασθαι.

2134 574 2456 633 provectum
2513 583 2636 623 esse
2686 568 2951 628 diximus.
3008 573 3209 630 Verum
3267 577 3457 645 illum,
3522 582 3713 636 divino

2133 662 2271 708 nutu
2314 665 2385 708 et
2416 657 2786 724 providentia,
2832 660 3131 718 multorum
3170 667 3428 721 utilitatis
3453 680 3509 724 et
3536 670 3715 724 aedili-

2128 748 2367 800 cationis
2402 748 2600 817 gratia,
2628 750 2830 818 emptis
2852 755 3260 827 conatibusque
3288 773 3709 828 persecutorum

2137 838 2484 905 superiorem
2518 842 2763 897 ostendit
2811 844 2976 898 Deus.
3024 846 3271 902 Primum
3308 867 3566 919 natnque,
3617 857 3712 925 qui

2128 926 2195 979 ad
2247 942 2372 981 eum
2418 929 2811 999 inquirendum
2866 935 3018 989 missi
3058 936 3309 1002 fuerant,
3342 945 3589 999 caecitate
3623 947 3709 1000 af-

2130 1015 2287 1083 ﬂicti,
2321 1021 2752 1087 quamvisdomi
2798 1024 2844 1078 is
2878 1038 3046 1091 esset,
3076 1030 3491 1099 adventumque
3516 1051 3709 1091 eorum

2127 1119 2502 1177 exspectaret,
2554 1113 2742 1167 studio
2788 1123 2971 1170 tamen
3018 1128 3073 1173 et
3126 1132 3330 1175 conatu
3387 1138 3490 1178 suo
3540 1130 3709 1195 potiti

2132 1215 2238 1253 non
2271 1211 2423 1255 sunt.
2464 1202 2672 1259 Deinde
2722 1215 2935 1273 autem,
2987 1224 3113 1263 cum
3145 1226 3245 1267 sua
3269 1224 3466 1282 sponte
3494 1231 3553 1270 se
3574 1218 3708 1282 illis,

2128 1292 2297 1348 rebus
2328 1295 2592 1349 omnibus
2633 1299 2781 1352 domi
2826 1317 2939 1354 sua:
2979 1317 3080 1371 per
3118 1318 3218 1358 eos
3266 1306 3524 1376 direptis,
3556 1319 3615 1364 ut
3650 1326 3711 1366 se

2114 1378 2482 1442 abducerent
2531 1387 2851 1454 obtulisset,
2881 1402 2937 1445 et
2971 1394 3196 1463 quidam
3246 1396 3299 1450 id
3343 1397 3544 1455 factum
3592 1401 3709 1455 fra-

2127 1479 2307 1533 tribus
2333 1478 2391 1532 in
2415 1480 2623 1549 nuptiis
2643 1492 2809 1538 noctu
2834 1486 3291 1556 pervigilantibus
3312 1493 3708 1558 renuntiasset,

2129 1570 2280 1625 illico
2312 1570 2610 1625 confertim
2645 1587 2759 1626 uno
2807 1574 3021 1644 impetu
3052 1592 3246 1633 omnes
3285 1594 3706 1654 consurgentes,

2127 1661 2300 1717 celeri
2328 1676 2497 1717 cursu
2545 1678 2670 1718 cum
2696 1665 2881 1735 jubilo
2909 1677 2967 1723 et
2996 1670 3395 1729 vociferatione
3442 1677 3708 1732 continua

2124 1755 2193 1809 ad
2225 1757 2407 1809 locum
2435 1769 2563 1811 cum
2598 1744 3036 1815 contenderun‘t.
3068 1760 3251 1832 Atque
3278 1765 3354 1820 ibi
3379 1768 3709 1825 custodibus

2126 1847 2183 1901 in
2231 1846 2413 1916 fugam
2459 1848 2661 1913 versis,
2702 1849 3021 1921 Dionysium
3055 1854 3199 1909 linea
3235 1867 3390 1911 veste
3419 1857 3704 1924 indutum,

2125 1949 2182 1995 et
2217 1939 2271 1994 in
2307 1940 2454 1995 lecto
2481 1956 2588 1995 non
2625 1950 2803 1997 strato
2841 1945 3171 2012 repositum,
3205 1962 3531 2017 exsurgere,
3559 1961 3615 2006 et
3648 1968 3706 2007 se

2124 2034 2534 2102 quamprimum
2580 2035 2739 2103 sequi
2788 2047 3113 2105 coegerunt.
3148 2041 3218 2093 At
3264 2041 3360 2096 ille
3411 2044 3478 2097 ad
3535 2044 3707 2113 pedes

2122 2137 2321 2178 eorum
2358 2126 2710 2194 provolutus,
2737 2128 3021 2195 obsecrat,
3056 2140 3115 2183 ut
3142 2131 3228 2185 vel
3260 2133 3505 2201 abirent,
3531 2151 3706 2207 seque

2124 2216 2201 2272 ibi
2237 2218 2658 2287 relinquerent:
2691 2221 2777 2275 vel
2813 2231 2981 2285 caput
3026 2224 3147 2293 ejus
3181 2226 3405 2294 milites,
3441 2228 3540 2297 qui
3572 2245 3703 2284 eum

2123 2316 2345 2376 captum
2386 2309 2771 2374 adduxissent,
2797 2309 3013 2365 auferre
3042 2320 3385 2381 paterentur.
3417 2314 3590 2381 Quem
3624 2318 3704 2372 illi

2123 2400 2383 2468 quamvis
2435 2398 2607 2452 multa
2657 2411 2909 2453 orantem
2971 2413 3138 2471 atque
3189 2391 3583 2472 obtestantem,
3637 2425 3705 2464 ne

2122 2487 2318 2541 audire
2368 2486 2595 2558 quidem
2637 2488 3022 2545 sustinuerunt
3055 2508 3068 2545 :
3104 2492 3199 2562 sed
3248 2495 3502 2549 manibus
3550 2497 3703 2565 pedi-

2120 2580 2336 2650 busque
2392 2591 2766 2651 protractum,
2826 2597 2884 2638 et
2939 2584 3271 2648 clitellarum
3318 2588 3496 2643 instar
3543 2591 3702 2645 asino

2120 2673 2270 2727 nudo
2301 2674 2644 2742 impositum,
2679 2675 2734 2728 in
2771 2675 3144 2745 epismpalem
3181 2676 3577 2756 dopmuculam
3610 2696 3703 2735 re-

2119 2768 2423 2824 duxerunt.
2460 2769 2538 2824 Ac
2588 2769 2659 2823 de
2707 2771 2971 2841 Dionysio
3021 2771 3248 2840 quidem
3303 2774 3419 2829 haec
3459 2776 3541 2828 sic
3573 2786 3706 2852 sunt

2120 2871 2244 2919 actu
2279 2883 2292 2918 :
2328 2873 2519 2933 postea
2564 2876 2749 2920 autem
2806 2866 2961 2936 impii
3009 2869 3213 2921 milites
3250 2868 3305 2921 in
3338 2868 3558 2928 domos,
3605 2868 3701 2937 qui

2120 2971 2237 3009 rem
2275 2972 2396 3009 eam
2439 2956 2937 3020 denumiaverant,
2984 2956 3457 3023 Christianorum,
3495 2974 3703 3029 prepa-

2119 3050 2227 3102 lam
2267 3048 2635 3102 audacissime
2664 3064 2862 3116 magno
2898 3051 3106 3118 impetu
3145 3051 3451 3114 irruentes,
3484 3066 3571 3105 res
3600 3066 3697 3104 eo-

2120 3153 2243 3192 rum
2284 3138 2559 3207 pretiosas
2609 3148 2776 3207 atque
2826 3140 3099 3206 sepositas
3148 3139 3508 3208 diripuerunt
3552 3157 3566 3193 :
3618 3139 3705 3195 eis

2119 3246 2254 3286 vero
2284 3246 2411 3298 qua:
2454 3229 2683 3283 viliores
2717 3239 2927 3291 essent,
2962 3246 3062 3284 nec
3094 3230 3256 3285 facile
3303 3230 3699 3300 comprehendi

2120 3332 2217 3377 aut
2248 3323 2381 3376 ferri
2412 3332 2660 3390 possent,
2697 3322 2914 3384 fractis,
2961 3323 3243 3375 abierunt.
3274 3323 3406 3387 ρυω
3433 3337 3569 3376 sane
3597 3322 3703 3375 mi-

2118 3415 2279 3469 litum
2312 3412 2533 3467 licentia
2569 3422 2625 3465 et
2660 3413 2983 3481 impunitas,
3021 3414 3218 3467 faciem
3249 3413 3404 3467 urbis
3429 3416 3497 3468 ab
3528 3414 3705 3468 hosti-

2121 3499 2225 3556 bus
2272 3513 2447 3570 captte
2497 3501 2756 3571 praebuit.
2791 3501 3007 3571 Ubique
3066 3503 3250 3557 luctus
3298 3514 3436 3568 erat,
3494 3504 3700 3573 ubique

2117 3588 2485 3661 direptiones,
2522 3592 2799 3646 militibus
2833 3591 2901 3646 de
2934 3593 3245 3660 Spoliorum
3275 3604 3334 3647 et
3376 3595 3699 3663 rapinarum

2116 3684 2466 3739 immanitate
2504 3684 2650 3738 inter
2681 3701 2739 3738 se
2771 3687 3254 3740 concertantibus.
3285 3687 3406 3742 Non
3438 3688 3564 3750 iter,
3585 3702 3701 3742 non

2116 3779 2226 3844 via,
2262 3794 2370 3831 non
2401 3780 2731 3848 angiportus
2762 3780 2973 3834 exitum
3022 3791 3078 3835 et
3113 3781 3293 3850 fugam
3324 3781 3653 3847 admittebat
3681 3800 3693 3835 :

2115 3869 2214 3924 diu
2263 3883 2549 3939 noctuque
2595 3870 2783 3925 clades
2832 3887 2895 3926 ea
2942 3871 3198 3926 durabat.
3251 3872 3546 3937 Praecones
3602 3888 3704 3943 per

2118 3962 2315 4016 urbem
2357 3970 2527 4015 totam
2560 3961 2735 4027 ibant,
2775 3972 2830 4017 et
2861 3966 3076 4034 magnis
3115 3965 3453 4019 clamoribus
3492 3964 3702 4020 vocife-

426 4059 694 4116 rabantur
723 4081 736 4119 :
768 4063 936 4134 379
966 4072 1027 4119 ut
1047 4063 1252 4133 si'quis
1274 4063 1557 4118 Christum
1585 4060 2002 4129 infaustissimis
2042 4058 2554 4131 impurissimisque
2641 4061 2959 4131 quibusque
2994 4063 3181 4118 verbis
3208 4079 3317 4118 non
3386 4062 3705 4133 proscinde-

428 4162 534 4222 ret,
566 4158 613 4213 is
644 4160 849 4229 passim
874 4167 1215 4229 raptaretur,
1248 4167 1414 4229 atque
1461 4158 1536 4213 ita
1564 4157 1872 4214 [tedissime
1897 4165 2171 4226 raptatus,
2217 4155 2438 4209 tandem
2475 4154 2590 4226 igni
2617 4157 3069 4213 combureretur.

1004 4295 1259 4350 ΚΕΦΑΛ.
1301 4293 1430 4349 ΚΘ’.

428 4407 711 4478 Περίτῶν
746 4407 1122 4479 ἡττηθέντων
1161 4408 1261 4479 καί
1295 4406 1760 4479 ἐξωμοιωμένων
1799 4408 1866 4462 τὸ
1904 4406 2010 4462 σέ·

604 4483 712 4545 ϐας
741 4476 1116 4546 Χριστιανῶν
1147 4478 1217 4531 ἐν
1243 4480 1368 4544 τοῖς
1399 4476 1569 4533 ’κατᾶ
1600 4478 1826 4532 Δέκιον.

495 4590 605 4649 Ἦν
634 4591 729 4649 οὖν
764 4594 895 4647 ἰδεῖν
924 4593 1185 4664 τηνικάδε
1238 4594 1472 4656 πολλοὺς
1523 4597 1625 4665 μὲν
1659 4595 2009 4665 ὠχριῶντας,

428 4689 523 4744 καὶ
542 4689 621 4759 τῷ
654 4688 763 4741 δέει
799 4687 1166 4754 καταπλῆγας
1203 4688 1637 4757 γεγενημένους,
1682 4688 2005 4753 ἐξίστασθαι

427 4780 656 4840 ἑαυτῶν,
698 4780 795 4831 καὶ
826 4781 949 4842 ταῖς
987 4770 1225 4848 μιαραῖς
1249 4782 1358 4830 των
1387 4779 1590 4832 θυσιῶν
1622 4779 1722 4832 καὶ
1749 4781 2008 4845 ἀνάγνοις

426 4873 534 4924 τῶν
574 4860 811 4924 τελετῶν
842 4871 1197 4941 προσιόντας,
1234 4869 1427 4940 ὥσπερ
1468 4874 1529 4924 οὐ
1563 4871 1853 4934 θύσοντας,
1891 4869 2007 4924 ἀλλ’

428 4965 624 5029 αὐτοὺς
652 4958 740 5015 οἶά
760 4981 884 5015 τινα
909 4965 1117 5031 σφάγια
1139 4965 1248 5024 τοῖς
1269 4962 1508 5024 εἰδώλοις
1531 4962 2006 5033 προσαγομένους.

433 5057 596 5110 Ὥστε
626 5056 718 5107 καὶ
742 5056 911 5125 χλεύη
945 5072 1027 5118 τις
1049 5052 1115 5123 ἧν
1141 5056 1254 5116 τοῖς
1280 5054 1543 5106 ἀσεϐέσιν
1568 5057 1662 5106 ἐπὶ
1687 5058 1802 5116 τοῖς
1832 5045 2009 5124 ἡττωέ

430 5152 633 5217 μένοις.
671 5150 859 5201 Ἀλλοι
912 5148 969 5200 δὲ
1026 5148 1122 5200 κα)⁸
1175 5149 1487 5216 προχείρως
1532 5148 1679 5217 ἥπερ
1741 5150 1834 5201 καὶ
1888 5147 2010 5198 ὲκε-

425 5243 667 5307 λεύοντο,
712 5243 1085 5313 προσέτρεχον
1116 5245 1230 5304 τοῖς
1272 5242 1515 5310 βωμοίςο
1547 5242 1643 5294 καὶ
1695 5238 1842 5308 μάλα
1884 5254 2009 5304 γεν-

426 5339 591 5400 ναίως
631 5338 1064 5406 ἰσχυριζόμενοι,
1112 5336 1250 5404 μηδὲ
1284 5335 1311 5386 ὃ
1342 5351 1393 5385 τι
1443 5333 1574 5384 ποτέ
1610 5333 1760 5384 ἐστιν
1801 5329 2007 5382 εἰδέναι

426 5431 770 5499 Χριστιανοὶ.
799 5430 907 5481 Καὶ
938 5429 989 5481 οί
1023 5429 1124 5497 μὲν
1172 5427 1392 5480 εἵποντο
1414 5440 1427 5453 ·
1466 5427 1515 5477 οί
1545 5424 1601 5477 δὲ
1645 5426 1879 5491 ἔφευγον
1901 5440 1914 5454 ο
1955 5421 2006 5474 οἱ

423 5523 479 5575 δὲ
509 5523 834 5591 ήλίσκοντο⁸
878 5522 979 5573 καὶ
1003 5520 1053 5570 οἱ
1087 5518 1187 5588 μὲν
1218 5517 1347 5587 ἄχρι
1376 5515 1594 5586 δεσμῶν
1629 5519 1723 5568 καὶ
1754 5514 2006 5585 φυλακῆς

424 5615 803 5682 χωρήσαντες,
841 5614 975 5680 πρὶν
1028 5611 1122 5663 ἐπί
1169 5607 1528 5676 δικαστήριον
1573 5604 1751 5657 ἐλθεῖν
1801 5604 2009 5671 ἐξωμό-

427 5719 619 5756 σαντο·
655 5706 704 5757 οί
738 5704 795 5758 δὲ
832 5708 926 5757 καὶ
959 5702 1220 5773 βασάνοις
1252 5698 1518 5752 ὲπιποσὸν
1554 5698 2004 5765 ἐγκαρτερήσαν-

424 5813 536 5857 τες,
570 5796 740 5852 ἔπειτ’
775 5800 1009 5851 ἀπεῖπον
1052 5796 1185 5862 πρὸς
1219 5795 1286 5849 τὰ
1316 5792 1464 5863 ἑξῆς.
1507 5794 1663 5845 Ὅσοι
1695 5791 1750 5843 δὲ
1783 5790 2007 5860 στερροὶ

2038 4520 2090 4580 D

2673 4292 2900 4349 CAPUT
2940 4294 3133 4348 XXIX.

2118 4403 2195 4457 De
2222 4405 2286 4459 iis
2315 4407 2406 4476 qui
2437 4409 2712 4461 tormentis
2746 4408 2876 4483 victi
2902 4408 3000 4483 sub
3040 4409 3218 4475 Decio,
3250 4409 3444 4466 Christi
3470 4411 3697 4483 religio-

2664 4494 2783 4529 nem
2824 4477 3165 4541 ubiurarunt.

2190 4589 2379 4659 Itaque
2427 4590 2734 4661 permultos
2782 4602 2898 4646 tum
2944 4593 3132 4650 videre
3178 4606 3298 4651 erat
3342 4599 3598 4668 pallidos,
3639 4605 3707 4657 ti-

2122 4697 2385 4752 moreque
2434 4683 2733 4750 perculsos,
2777 4694 2834 4738 et
2883 4700 3113 4754 prorsus
3165 4700 3568 4759 consternatos,
3609 4710 3707 4747 ne—

2121 4787 2231 4840 que
2279 4772 2365 4824 sui
2412 4784 2719 4841 COInpUlt‘S,
2752 4775 2820 4827 ad
2859 4778 3074 4843 impura
3114 4792 3269 4832 sacra
3310 4791 3364 4834 et
3406 4780 3572 4851 impia
3617 4800 3710 4839 sa-

2121 4862 2329 4916 crificia
2361 4871 2653 4925 accedere,
2687 4880 2795 4918 non
2825 4865 2950 4919 illos
2981 4879 3237 4937 tanquam
3272 4873 3701 4937 sacrificaturos,

2120 4955 2217 5009 sed
2252 4956 2420 5010 veluti
2453 4957 2618 5011 idolis
2650 4958 2781 5026 ipsis
2811 4960 3205 5014 sacrificandos
3238 4980 3250 5017 :
3288 4965 3423 5019 adeo
3456 4978 3513 5019 ut
3548 4970 3702 5036 impii

2117 5050 2197 5106 illi
2232 5052 2504 5113 homines,
2538 5054 2728 5107 sttnnis
2752 5062 2807 5106 et
2834 5054 3109 5119 ludibriis,
3138 5074 3233 5112 eos
3260 5061 3355 5128 qui
3390 5063 3461 5114 ita
3489 5068 3707 5117 animos

2120 5143 2567 5211 despondissent,
2602 5136 3093 5213 prosequerentur.
3128 5150 3362 5214 Quidam
3396 5153 3707 5221 promptius

2116 5235 2393 5303 citiusque
2439 5252 2602 5302 quam
2638 5240 2990 5306 iuberentur,
3025 5241 3091 5295 ad
3136 5259 3260 5296 aras
3309 5249 3704 5309 accurrebant,

2118 5342 2176 5381 et
2213 5329 2426 5397 magnis
2471 5330 2693 5397 animis,
2731 5346 2788 5384 se
2822 5332 3098 5400 ignorare,
3134 5336 3396 5404 quidnam
3432 5338 3701 5393 Christia-

2122 5435 2227 5472 nus
2260 5429 2427 5481 esset,
2462 5423 2878 5478 asseverbant.
2911 5426 3089 5493 Atque
3120 5426 3157 5478 ii
3190 5428 3414 5495 quidem
3452 5437 3705 5498 raptores

2120 5515 2521 5581 sequebantur,
2583 5514 2675 5566 alii
2741 5514 3060 5584 fugiebant,
3119 5517 3212 5569 alii
3272 5522 3634 5586 capiebantur
3683 5534 3702 5571 :

2123 5602 2372 5656 nonnulli
2407 5605 2571 5655 etiam
2610 5620 2783 5674 usque
2818 5606 2884 5659 ad
2921 5622 3199 5662 carcerem
3231 5620 3287 5663 et
3317 5609 3535 5665 vincula
3570 5625 3700 5680 pro-

2120 5698 2318 5766 gressi,
2351 5697 2506 5765 prius
2542 5699 2701 5750 lidein
2731 5698 3081 5769 abjurarunt,
3104 5717 3268 5771 quam
3298 5703 3364 5757 ad
3399 5702 3700 5758 tribunalia

2121 5790 2615 5861 protraherentur;
2669 5794 2922 5849 nonnulli
2968 5805 3148 5850 autem
3194 5797 3538 5867 aliquantum
3575 5816 3703 5855 cru-
