4032 6458
341 352 481 417 1125i

1284 350 1884 412 ECCLESlAS'l‘lCIE
1926 352 2321 414 HISTORIA;
2362 355 2513 418 LIB.
2555 359 2622 420 Υ.

3457 366 3592 430 11326

336 482 474 533 προς
504 465 565 518 τὸ
593 463 824 534 μέγεθος
859 464 1115 521 ἀπειπὼν
1144 465 1251 517 τῶν
1276 465 1484 529 δεινῶν,
1512 468 1795 535 ἐξρέ.μνστο
1821 467 1912 535 μὲν

2028 464 2326 521 sublimem
2382 472 2735 525 sustinebant
2791 474 3102 529 afduritur.
3163 477 3407 543 Quorum
3462 481 3600 535 alter

335 557 498 619 εὐθὺς
536 558 633 625 τὴν
677 556 900 616 πίστιν,
959 557 1055 611 καὶ
1114 556 1417 609 ἀπελύετοο
1488 560 1684 628 ἅτερος
1740 562 1816 626 δὲ,
1868 554 1913 628 ᾧ

347 646 628 716 Ἰσχυρίων
658 647 757 714 μὲν
790 646 987 716 ὄνομα,
1022 644 1227 710 Εὔνους
1256 646 1313 699 δὲ
1346 648 1407 699 τὸ
1437 647 1753 717 ἐπώνυμον,
1790 641 1912 718 μηδ’

335 739 403 790 ἂν
433 738 489 789 εί
517 754 568 788 τι
601 738 696 790 καὶ
729 738 946 804 γένοιτο
975 738 1241 809 προέσθαι
1267 737 1366 806 τὴν
1396 737 1569 808 καλὴν
1598 739 1911 808 ὁμολογίαν,

332 831 380 883 εἰ
413 832 508 882 καὶ
536 829 807 900 μυριάκις
839 831 951 884 δέοι
1002 831 1209 893 θανεῖν,
1249 831 1488 902 ίσχυρῶς
1534 832 1910 900 ἐνιστάμενος,

340 916 437 969 σὺν
498 916 773 985 Ἰουλιανῷ
804 918 895 969 τὸν
946 919 1061 972 ἴσον
1111 919 1421 988 ἐγκειμένῳ
1466 919 1689 983 τρόπον,
1726 920 1914 989 έποχοι

335 1007 607 1077 καμήλοις
640 1010 1020 1080 γεγενημένοι,
1045 1011 1143 1063 καὶ
1165 1012 1431 1080 μετέωροι
1462 1011 1910 1080 μαστιγούμενοι,

332 1099 423 1152 διὰ
471 1100 645 1170 μέσης
695 1102 793 1169 τῆς
852 1102 1064 1165 πόλεως
1106 1102 1327 1173 ἤγοντο.
1388 1099 1518 1158 Εἶτα
1577 1105 1672 1156 τοῦ
1737 1105 1912 1173 δήμου

314 1190 529 1260 ,ἄγριον
557 1195 745 1256 αὐτοῖς
776 1194 1221 1261 καταιγίσαντος,
1254 1193 1331 1261 τῷ
1361 1196 1496 1264 πυρὶ
1538 1196 1909 1264 κατεκάησαν.

346 1280 511 1336 Ἀλλά
536 1283 633 1337 καὶ
660 1280 846 1356 Βησᾶς
874 1286 992 1338 ἐκεῖ
1020 1286 1121 1356 τὴν
1152 1288 1370 1355 κλῆσιν,
1408 1289 1720 1351 καλλίνικος
1754 1291 1914 1342 ὁπλο-

335 1371 511 1441 μάχος
556 1373 797 1443 Χριστοῦ
853 1375 932 1445 τῷ
967 1375 1111 1446 λόγῳ
1151 1376 1251 1446 τῆς
1305 1376 1591 1440 εὐσεϐείας
1654 1377 1912 1447 ἀριστεὺς

333 1458 558 1531 δόκιμος
597 1463 877 1532 ἐκφανεὶς,
921 1463 1023 1535 τὴν
1049 1466 1151 1534 τῆς
1192 1466 1438 1537 κεφαλῆς
1473 1467 1737 1535 ὑφίστατο
1766 1471 1913 1519 ἐκτο-

337 1554 470 1623 μήν.
495 1554 609 1608 Καὶ
633 1556 661 1608 ὁ
688 1556 1015 1627 φερώνυμος
1033 1558 1090 1610 δὲ
1110 1558 1337 1628 Μάκαρ,
1375 1558 1545 1620 Λίϐυς
1580 1559 1647 1612 τὰ
1677 1559 1910 1628 πάτρια,

332 1645 535 1716 πολλῆς
578 1648 728 1718 αὐτῷ
778 1648 1074 1720 δεδομένης
1131 1650 1452 1720 προτροπῆς
1509 1652 1592 1713 είς
1652 1650 1911 1720 ἄρνησιν,

331 1737 457 1791 ἐπεὶ
482 1738 758 1803 ἀνένδοτος
780 1734 868 1812 ἦν,
899 1740 1007 1803 ζῶν
1029 1742 1162 1811 πυρὶ
1187 1758 1322 1794 κατε
1334 1742 1391 1792 πί
1401 1757 1642 1814 μπρατο.
1668 1741 1774 1794 Ναὶ
1805 1742 1912 1810 μὴν

2029 558 2214 610 statim
2253 561 2318 613 ad
2364 571 2568 615 tantam
2614 563 2880 618 malorum
2920 568 3315 622 immanitatem
3359 570 3602 626 animum

2026 646 2345 716 despondit,
2383 649 2546 705 ﬁdem
2584 653 2880 722 abjuravit,
2915 667 2971 710 et
3003 656 3145 712 liber
3176 657 3441 713 dimissus
3483 669 3600 724 est;

2025 739 2167 792 alter
2206 750 2415 806 autem,
2454 743 2541 796 cui
2593 743 2931 815 lschyrionis
2979 762 3204 812 nomen,
3244 748 3382 802 Euni
3418 758 3603 806 autem

2022 846 2332 901 cognomen
2366 832 2493 901 fuit,
2526 834 2705 904 reipsa
2739 836 2870 891 satis
2903 852 2994 890 eas
3022 838 3422 907 appellationes
3453 854 3605 893 com-

2022 921 2300 988 probans,
2350 930 2408 977 et
2457 925 2912 993 persecutoribus
2963 926 3180 981 fortiter
3229 944 3544 999 repugnans
3586 949 3599 985 :

2022 1007 2225 1077 quippe
2254 1012 2562 1064 sexcenties
2590 1011 2777 1080 potius
2809 1013 2970 1080 mori,
3004 1030 3169 1083 quam
3203 1018 3504 1086 quidquam
3535 1018 3601 1071 de

2021 1095 2164 1150 bona
2201 1097 2548 1167 professione
2576 1103 2860 1156 remittere
2893 1116 3143 1172 paratus;
3176 1105 3403 1175 ipseque
3427 1108 3599 1162 Julia-

2022 1206 2147 1254 nus,
2181 1193 2272 1261 qui
2321 1193 2375 1245 in
2424 1196 2618 1248 eadem
2663 1210 2826 1251 causa
2877 1206 3036 1262 erat;
3078 1199 3302 1253 camelis
3335 1198 3598 1254 sublimes

2022 1283 2288 1351 impositi,
2321 1285 2485 1353 atque
2533 1285 2607 1339 ita
2653 1302 2751 1356 per
2792 1289 3030 1341 mediam
3070 1291 3263 1345 urbem
3304 1290 3466 1351 vecti.
3500 1291 3595 1345 lla-

2021 1375 2133 1442 gris
2177 1377 2301 1430 caesi
2344 1385 2498 1439 sunt,
2538 1376 2713 1431 donec
2748 1394 2775 1431 a
2807 1379 2965 1447 plebe
3015 1378 3254 1435 ferocius
3302 1381 3599 1435 insultante

2021 1465 2076 1519 iu
2105 1466 2283 1534 ignem
2311 1467 2546 1537 conjecti
2579 1467 3008 1536 conflagrarunt.
3045 1470 3204 1540 381
3233 1472 3336 1525 Sed
3363 1485 3408 1523 et
3438 1471 3599 1526 Besas

2022 1558 2098 1611 ibi
2132 1557 2558 1625 hopluntachus,
2591 1575 2688 1613 seu
2722 1572 2966 1614 armatus
2996 1563 3175 1624 miles,
3206 1578 3256 1615 et
3293 1565 3468 1616 γὶριιτ
3495 1580 3599 1631 ope

2018 1649 2225 1703 Christi
2260 1650 2536 1719 egregius,
2572 1651 2718 1720 quod
2757 1666 2818 1707 se
2865 1649 2921 1705 in
2956 1667 3103 1706 vera:
3138 1653 3355 1722 pietatis
3390 1655 3601 1722 profes-

2016 1739 2174 1796 sione
2219 1740 2543 1796 bellatorem
2586 1752 2893 1812 spectatum
2928 1744 3245 1813 praebuerit,
3282 1745 3481 1813 capitis
3515 1761 3597 1796 rc-

332 1826 429 1883 καὶ
475 1830 802 1902 Ἐπίμαχος,
835 1832 931 1886 καὶ
967 1832 1342 1903 Ἀλέξανδρος,
1374 1832 1574 1902 δεσμὰ,
1605 1832 1911 1902 κάθειρξιν,

2015 1833 2322 1887 sectionem
2356 1833 2644 1888 sustinuit.
2675 1834 2952 1890 Macarius
2983 1850 3225 1904 quoque,
3260 1852 3453 1890 verum
3493 1835 3596 1887 hoc

331 1921 528 1986 τᾶλλα,
560 1924 656 1976 καὶ
705 1921 982 1992 ξυστῆρας
1034 1922 1240 1994 σιδήρῳ
1291 1922 1666 1992 τεθηγμένους
1700 1921 1910 1990 διενεγ-

334 2012 545 2078 κόντες,
576 2014 729 2077 τέλος
777 2016 980 2086 τιτάνῳ
1014 2016 1414 2087 προσριφὲντες
1452 2013 1672 2087 ζεούσῃ,
1717 2015 1908 2079 δεινῶς

334 2105 751 2174 κατεφλέγοντο.

2014 1922 2272 1977 obtinens
2315 1939 2555 1989 nomen,
2610 1924 2665 1978 in
2711 1925 2884 1995 Libya
2929 1936 3121 1987 ortus,
3171 1942 3295 1979 cttm
3348 1926 3600 1994 plurimis

2013 2023 2162 2069 esset
2205 2015 2271 2068 ad
2327 2017 2676 2085 negationem
2730 2017 2964 2072 allectus
3013 2017 3212 2079 modis,
3250 2018 3365 2087 ipse
3411 2027 3594 2071 autem

2013 2106 2278 2179 immotus
2324 2115 2701 2175 permaneret,
2736 2107 2896 2162 vivus
2942 2118 3029 2162 est
3076 2109 3419 2162 combustus.
3456 2108 3599 2161 Prm-

341 2205 484 2251 lcrea
517 2198 849 2268 Epimachus
880 2208 937 2255 et
965 2199 1294 2263 Alexander,
1324 2209 1682 2270 posteaquam
1752 2213 2057 2263 carcerem,
2087 2198 2327 2259 vincula,
2358 2209 2416 2254 et
2445 2214 2612 2268 super
2634 2199 2742 2253 alia
2807 2198 3110 2255 novaculae
3178 2199 3326 2254 ferro
3386 2200 3597 2253 acumi-

336 2305 494 2346 natas
531 2293 909 2361 pertulissent,
949 2305 1232 2363 postremo
1273 2298 1328 2349 in
1379 2293 1588 2348 calcem
1621 2291 1907 2346 ardentem
1956 2293 2210 2363 proiecti,
2244 2292 2568 2363 gravissime
2602 2302 2733 2346 sunt
2761 2294 2964 2348 exusti.
3438 2284 3441 2287 Α

909 2411 1164 2465 ΚΕΦΑΛ.
1196 2411 1325 2467 AA'.

336 2498 476 2568 Περὶ
507 2502 715 2556 ἄλλων
731 2503 1048 2571 μαρτύρων
1082 2505 1152 2556 ἐν
1204 2501 1636 2570 Ἀλεξανδρείᾳ
1658 2499 1758 2554 καί
1789 2502 1910 2555 Ua-

693 2574 976 2641 λαιστίνῃ
1010 2574 1551 2642 μαρτυρησάντων.

421 2682 561 2736 Ἀλλ’
596 2685 718 2739 οὐδὲ
762 2688 1022 2752 γυναῖκες
1070 2687 1164 2740 τοῦ
1219 2687 1389 2740 καλοῦ
1438 2687 1650 2742 ἐκείνου
1691 2686 1916 2742 ἀπελεί-

344 2791 508 2826 ποντο
567 2777 892 2846 μαρτυρίου.
941 2775 1366 2849 Ἀρρενωθεῖσαι
1410 2778 1467 2831 δὲ
1508 2779 1604 2831 καὶ
1646 2777 1810 2833 αὗται
1849 2777 1912 2831 τὸ

340 2869 619 2936 φρόνημα,
655 2869 924 2938 ἀνδρικῶς
954 2871 1307 2939 ἠγωνίζοντο.
1332 2864 1430 2924 Ὧν
1458 2871 1649 2941 πρώτη
1692 2872 1915 2942 Ἀμμω-

340 2959 502 3027 ναρία
556 2957 645 3032 ἦν.
693 2962 965 3031 Ἀπήγετο
1011 2964 1121 3034 γὰρ
1170 2963 1266 3034 τὴν
1317 2964 1654 3033 ἐπαγγελίαν
1707 2963 1911 3035 ἀψευδῆ

339 3050 617 3120 τηροῦσα·
657 3051 754 3106 ᾶτε
787 3054 850 3122 δὴ
894 3054 1063 3125 μηδὲν
1091 3049 1165 3109 ὧν
1207 3054 1472 3126 δικαστὴς
1504 3055 1718 3109 κελεύοι
1758 3054 1913 3125 φιλο-

2563 2407 2794 2464 CAPUT
2838 2406 3036 2462 XXXI.

2015 2497 2094 2552 De
2126 2498 2246 2553 alii:
2301 2502 2644 2571 martyribus,
2701 2503 2791 2570 qui
2835 2511 3105 2556 certamen
3139 2518 3291 2556 suum
3349 2505 3596 2558 obierunt

2378 2573 2724 2624 Alexandriw
2758 2583 2806 2625 et
2835 2574 2889 2626 in
2919 2572 3233 2627 Palestina.

2085 2684 2340 2757 Mulieres
2379 2698 2601 2753 quoque
2644 2699 2674 2737 a
2716 2692 2823 2737 tam
2862 2681 3093 2751 pulchro
3136 2682 3444 2737 certamine
3483 2699 3595 2737 non

2013 2778 2280 2839 aberant,
2338 2790 2461 2846 qum.
2518 2775 2732 2829 virilem
2792 2773 3064 2828 habentes
3118 2774 3365 2828 animum
3388 2812 3417 2839 ,.
3464 2790 3599 2828 sane

2019 2884 2184 2938 quam
2230 2867 2447 2922 fortiter
2494 2866 2907 2936 depugnarunt.
2958 2865 3201 2931 Quarum
3255 2867 3438 2935 prima
3494 2866 3600 2918 fuit

2018 2960 2403 3024 Ammonaria;
2431 2959 2667 3012 abducta
2692 2958 2840 3012 enim
2866 2968 2974 3021 est,
2993 2957 3419 3028 promiSsiouem
3442 2974 3597 3011 suam

2021 3063 2341 3108 constanter
2378 3066 2716 3107 conservans
2751 3068 2765 3105 :
2799 3065 2908 3119 qua
2943 3063 3002 3103 se
3037 3049 3176 3103 nihil
3209 3048 3472 3103 facturam
3512 3066 3601 3104 re-

338 3142 541 3196 νεικῶν
569 3146 689 3208 ταῖς
720 3145 980 3214 βασάνοις
1010 3149 1192 3220 νικᾷν,
1224 3148 1658 3219 ἀποκριναμένη.
1702 3147 1826 3201 Ἐπὶ
1856 3147 1912 3201 δὲ

2019 3156 2265 3217 ceperat,
2295 3144 2444 3214 quod
2469 3144 2633 3213 iudex
2664 3142 2834 3197 variis
2867 3149 3271 3197 tormentorum
3302 3141 3600 3211 generibus

336 3238 513 3306 ταύτῃ
544 3238 638 3291 καὶ
668 3239 701 3308 ἡ
728 3238 1020 3311 θαυμαστὴ
1050 3243 1328 3309 γυναικῶν
1370 3242 1716 3313 Μερκουρία,
1746 3245 1842 3296 καὶ
1877 3244 1910 3312 ἡ

2019 3254 2145 3293 cum
2193 3253 2257 3291 ea
2309 3234 2672 3299 contendens,
2703 3247 2940 3302 eamque
2983 3246 3302 3301 expugnare
3343 3230 3596 3297 studens,

340 3326 612 3392 πολύπαις
669 3331 789 3399 μὲν,
822 3333 887 3385 τὸ
916 3333 973 3387 δὲ
1010 3334 1176 3386 πλέον
1220 3334 1472 3402 φιλόθεος
1502 3335 1779 3402 Διονυσία,
1815 3334 1912 3388 τοῦ

2015 3331 2290 3402 iussisset.
2329 3328 2459 3382 Post
2509 3326 2653 3380 hanc
2702 3335 2760 3380 et
2808 3324 3130 3378 admiranda
3161 3323 3251 3376 illa
3281 3322 3547 3378 Mercuria
3579 3341 3594 3378 :

338 3419 657 3483 δικάζοντος
683 3421 740 3475 ὲν
769 3422 911 3477 αίδοί
942 3425 1290 3494 ποιουμένου,
1341 3424 1418 3495 τῷ
1446 3424 1665 3496 ἄμετρα
1694 3426 1912 3496 βασανί-

2017 3438 2122 3478 nec
2154 3438 2262 3476 non
2299 3421 2602 3475 multorum
2634 3417 2937 3472 libe‘rorum
2982 3423 3179 3482 mater,
3209 3423 3262 3469 et
3296 3415 3441 3482 quod
3477 3430 3595 3470 ma-

337 3511 477 3578 ζειν,
509 3510 685 3575 οὕτως
731 3513 836 3567 ὑπὸ
867 3517 1144 3580 γυναικῶν
1177 3517 1476 3587 καρτερίας
1502 3519 1796 3588 ἡττᾶσθαι,
1830 3535 1914 3572 σι·-

338 3604 487 3675 δήρῳ
516 3604 795 3659 τεθνᾶσιν.
828 3605 964 3659 Ἐπὶ
993 3607 1051 3661 δὲ
1086 3607 1297 3671 τούτοις
1330 3607 1522 3680 Ἥρων
1548 3610 1645 3663 καὶ
1687 3610 1911 3681 Ἀστὴρ,

352 3693 618 3762 Ἰσίδωρος
646 3692 742 3745 καὶ
767 3691 1081 3764 Διόσκορος,
1117 3692 1271 3747 οὔπω
1320 3695 1575 3765 πέμπτον
1606 3697 1704 3752 καὶ
1747 3698 1914 3751 δέκα·

331 3801 427 3836 τον
449 3784 568 3847 ἔτος
593 3784 872 3855 ὲξηνυκώς
896 3801 909 3818 ’
934 3784 1199 3856 Αἰγύπτῳ
1216 3785 1274 3839 δὲ
1297 3786 1721 3857 προσοικοῦντες
1746 3783 1911 3859 ἦσαν.

334 3877 479 3948 [lupi
511 3876 612 3948 μὲν
656 3877 782 3941 τοὺς
812 3876 1007 3942 ἀλλους
1039 3878 1296 3950 ἐπίμπρα
1319 3896 1333 3910 ο
1377 3879 1473 3934 τὸν
1510 3880 1572 3947 δὲ
1608 3881 1750 3946 νέον,
1783 3880 1911 3935 ἄτο-

334 3969 440 4021 πόν
463 3986 515 4021 τι
550 3969 759 4039 οἰηθεὶς
792 3969 923 4041 περὶ
954 3968 1144 4037 αὑτοῦ,
1176 3969 1252 4035 ὡς
1289 3971 1364 4041 μὴ
1404 3972 1722 4043 ἐρρωμένον
1747 3971 1910 4041 δῆθεν

333 4064 433 4115 καὶ
478 4062 724 4134 ἀνδρώδη
778 4062 1149 4134 ἐξαπατῆσαι,
1197 4063 1414 4132 παρῆκε
1455 4064 1574 4134 μὲν,
1618 4062 1914 4135 ὑπέρθεσιν

268 4220 271 4223 Α
334 4156 518 4224 φήσας
551 4156 631 4225 τῷ
673 4155 778 4226 νέῳ
806 4157 1131 4228 ἐπιμετρείν
1160 4156 1258 4209 τοῦ
1292 4156 1395 4227 τῆς
1445 4158 1662 4227 ἡλικίας
1704 4156 1911 4226 ἀώρου.

336 4244 590 4316 Ἕτερος,
623 4245 911 4316 Νεμεσίων
947 4248 1141 4316 ὄνομα,
1188 4248 1492 4315 Αἰγύπτιος
1523 4247 1568 4301 δ’
1599 4244 1667 4321 ἦν
1694 4248 1792 4301 καὶ
1816 4249 1916 4300 αὖ-

329 4336 451 4401 τδς,
477 4337 778 4400 συνοικίαις
802 4338 961 4407 δῆθεν
1005 4338 1221 4409 λῃστῶν
1263 4342 1577 4410 ἐντραφεὶς,
1621 4340 1726 4394 ὑπὸ
1754 4339 1914 4411 δίκην

330 4430 522 4500 ﬁre-ra.
559 4428 650 4492 Ὠς
684 4429 740 4482 δὲ
768 4429 863 4483 τοῦ
899 4432 1248 4499 ἐγκλήματος
1277 4432 1372 4484 τὸν
1410 4432 1603 4502 μῶμον
1633 4448 1917 4503 προσαπεο

2009 3513 2100 3581 jus
2131 3520 2235 3572 est,
2265 3508 2360 3562 Dei
2395 3522 2588 3562 amans
2618 3504 2900 3575 Dionysia,
2926 3519 3053 3559 cum
3077 3503 3301 3574 quidem
3335 3504 3599 3573 querito-

2015 3616 2130 3655 rem
2162 3600 2340 3669 ipsum
2365 3600 2477 3667 jam
2508 3596 2760 3666 puderet,
2791 3594 2942 3665 quod
2987 3595 3045 3649 in
3087 3594 3376 3648 immensis
3414 3597 3599 3649 carni-

2012 3695 2194 3748 ficinis
2217 3692 2332 3747 suis
2357 3707 2385 3744 a
2412 3691 2708 3744 mulierum
2742 3687 3056 3743 constantia
3082 3689 3417 3752 vinceretur,
3444 3687 3595 3761 [erro

2012 3795 2142 3840 sunt
2177 3791 2402 3839 necata.
2439 3781 2647 3836 Deinde
2705 3779 2911 3844 lleron,
2936 3787 2997 3848 et,
3021 3780 3203 3844 Aster,
3230 3788 3287 3833 et
3328 3778 3595 3840 Isidorus.

2014 3885 2071 3931 et
2100 3875 2418 3938 Dioscorus,
2447 3873 2541 3941 qui
2581 3870 2828 3924 nondum
2875 3870 3150 3923 decimum
3201 3869 3457 3938 quintum
3500 3886 3597 3923 ex-

2014 3967 2261 4036 pleverat
2301 3978 2528 4023 annum,
2560 3961 2801 4033 AZgyptii
2831 3976 3050 4027 omnes,
3081 3960 3371 4030 producti;
3401 3970 3459 4016 et
3489 3975 3595 4016 ca:-

2017 4057 2120 4112 teri
2166 4056 2387 4125 quidem
2439 4055 2552 4124 igni
2605 4063 2736 4108 sunt
2777 4052 3076 4117 combusti,
3118 4051 3592 4106 adolescentulum

2016 4157 2199 4203 autem
2229 4147 2400 4218 judex
2434 4146 2665 4208 dimisit,
2700 4145 2940 4199 absurda
2974 4143 3208 4213 quadam
3248 4145 3317 4198 de
3357 4159 3423 4198 co
3463 4160 3595 4198 cou-

2016 4249 2175 4310 cepta
2207 4237 2672 4313 opinione,_quod
2708 4238 2861 4291 illum
2896 4237 3138 4290 ncndum
3185 4234 3321 4288 satis
3355 4235 3594 4297 firmum,

2015 4330 2253 4386 necdum
2285 4330 2491 4395 virum,
2525 4327 2702 4381 fraudi
2745 4335 2803 4381 et
2839 4324 3151 4379 scductioni
3187 4324 3443 4378 idoneum
3473 4339 3596 4377 esse

2018 4429 2270 4494 putaret;
2309 4434 2632 4489 moramque
2666 4429 2723 4471 et
2760 4428 2973 4486 tempus
3009 4419 3060 4469 in
3091 4431 3159 4471 eo
3187 4417 3592 4484 completurum

332 4517 579 4588 τρίϐετο,
609 4519 685 4581 ὡς
719 4519 1049 4589 Χριστιανὸς
1101 4521 1290 4572 λοιπὸν
1347 4521 1568 4591 δέσμιος
1615 4524 1812 4592 εἴχετο.
1853 4521 1912 4575 Ὀ

2019 4518 2246 4577 diceret,
2283 4515 2429 4585 quod
2477 4513 2624 4568 aetati
2678 4513 2914 4567 deesset.
2968 4511 3078 4564 llos
3129 4520 3465 4565 consecutus
3511 4520 3596 4562 est

331 4609 394 4662 δὲ
424 4610 649 4674 ἀδίκως,
684 4612 782 4664 καὶ
820 4613 1005 4681 μεῖζον
1033 4613 1065 4682 ἢ
1103 4612 1228 4675 τοὺς
1264 4613 1907 4685 λῃστὰς,λυμηνάμενος,

336 4701 509 4772 μέσον
531 4702 758 4756 ἐκείνων
789 4704 956 4772 πυρὸς
989 4705 1238 4777 δαπάνην
1286 4705 1462 4759 ἐποίει
1502 4707 1593 4760 τὸν
1632 4708 1908 4777 μάρτυρα.

334 4792 636 4863 Σύνταγμα
659 4792 706 4847 δ’
745 4797 803 4848 ὲν
833 4794 1011 4867 τούτῳ
1047 4797 1422 4866 στρατιωτῶν,
1461 4798 1664 4868 Ἀμὼν,
1702 4801 1910 4870 Ζήνων,

339 4886 697 4957 Πτολεμαῖος,
740 4887 1005 4957 Ἰγγένης,
1043 4888 1138 4943 καί
1169 4907 1254 4965 τις
1282 4889 1598 4961 πρεσϐύτης
1629 4890 1910 4961 Θεόφιλος,

335 4979 448 5045 πρὸ
497 4978 592 5031 τοῦ
640 4980 998 5050 δικαστηρίου
1046 4981 1303 5048 ἑστῶτες,
1357 4981 1454 5034 καὶ
1505 4981 1912 5053 καταθροῦντες

338 5071 467 5135 τοὺς
496 5073 960 5142 ἀγωνιζομένους,
991 5073 1181 5144 ἐπειδή
1230 5091 1353 5127 τινα
1384 5076 1520 5146 πρὸς
1550 5074 1781 5145 ἄρνησιν
1825 5073 1916 5142 ῥέ-

345 5181 518 5217 ποντα
542 5161 752 5235 ὲώρων,
789 5163 1149 5234 ἀσχάλλοντες
1175 5165 1274 5234 μὲν
1295 5160 1436 5236 ἦσαν
1467 5166 1560 5218 καὶ
1583 5165 1908 5233 διεπρίοντο,

340 5256 439 5305 καὶ
464 5253 541 5322 πῆ
570 5253 667 5322 μὲν
691 5252 968 5316 ἀνένευον,
1008 5254 1084 5324 πῆ
1114 5254 1171 5306 δὲ
1206 5253 1300 5307 καὶ
1342 5253 1614 5316 τείνοντες
1644 5248 1784 5324 ἦσαν
1814 5256 1914 5315 τὰς

343 5345 550 5415 χεῖρας,
573 5343 636 5399 ab
656 5343 814 5413 σῶμα
842 5345 979 5413 πρὶς
999 5345 1060 5396 τὸ
1079 5344 1268 5397 δοκοῦν
1288 5342 1650 5413 διατιθέμενοι
1677 5343 1912 5411 εὐφυῶςο

342 5438 466 5489 ἐπεὶ
486 5438 544 5490 δὲ
577 5436 754 5489 ταῦτα
777 5438 1113 5507 πράττοντες
1141 5437 1529 5508 ἐφωράθησαν,
1560 5436 1652 5489 ἐπὶ
1671 5436 1731 5489 τὸ
1759 5437 1915 5489 δικα-

347 5527 533 5580 στικὸν
568 5529 834 5598 ἀνήγοντο
861 5527 1036 5598 βῆμα.
1069 5529 1180 5582 Καὶ
1211 5527 1529 5597 θαρσαλέως
1573 5546 1599 5592 p
1615 5527 1671 5579 ὲν
1707 5524 1918 5594 ὡμολό-

345 5633 512 5682 γουνσ
548 5620 604 5680 ἐς
638 5619 919 5685 τοσοῦτον,
954 5620 1030 5683 ὡς
1072 5620 1165 5672 τὸν
1196 5619 1442 5687 ἡγεμόνα
1496 5618 1593 5669 καὶ
1627 5618 1752 5680 τοὺς
1789 5617 1915 5686 περὶ

342 5711 504 5762 αὐτὸν
535 5713 738 5780 μᾶλλον
779 5713 1082 5783 θροεῖσθαι,
1125 5714 1368 5774 ἐκείνους
1411 5712 1467 5763 δὲ
1503 5711 1739 5779 θάρσους
1778 5710 1914 5777 πίμ-

343 5801 621 5857 πλασθαισ
662 5803 754 5857 καὶ
788 5805 914 5867 τοὺς
954 5804 1052 5871 μὲν
1086 5804 1347 5867 δικαστὰς
1382 5803 1460 5866 είς
1513 5802 1629 5865 δέος
1676 5804 1914 5873 ᾶρῤητον

2012 4607 2331 4673 Nemcsion,
2364 4604 2656 4676 Egyptius
2681 4614 2739 4657 et
2764 4604 2902 4672 ipse,
2933 4611 3097 4670 atque
3133 4604 3277 4656 inter
3307 4601 3596 4671 pratdoncs

1956 4696 1959 4699 ’
2012 4700 2310 4762 educatus,
2347 4710 2457 4765 quo
2500 4696 2722 4749 nomine
2772 4694 2827 4748 in
2868 4693 3135 4763 judicium
3179 4692 3361 4746 fuerat
3391 4704 3598 4760 pertra-

1976 4801 2175 4845 'ctus:
2208 4799 2498 4859 postquam
2531 4797 2738 4849 autem,
2769 4800 2934 4840 causa
2965 4787 3136 4848 dicta,
3163 4785 3372 4839 crimen
3400 4786 3450 4835 id
3482 4798 3511 4836 a
3537 4799 3594 4835 se

2012 4894 2100 4939 est
2126 4884 2406 4947 amolitus,
2432 4880 2694 4949 deinceps
2720 4889 2780 4933 ut
2801 4876 3150 4933 Christianus
3173 4877 3225 4930 iu
3256 4875 3492 4929 vinculis
3511 4887 3597 4929 est

2017 4977 2294 5035 detentus:
2317 4973 2588 5041 Quaesitor
2609 4987 2780 5041 porro
2802 4970 3210 5041 iniquissimus,
3234 4967 3406 5037 magis
3431 4967 3593 5020 etiam

2017 5069 2072 5123 iu
2123 5067 2274 5121 hunc
2319 5080 2485 5134 quam
2532 5064 2587 5117 in
2637 5062 2761 5116 illos
2809 5061 3065 5125 saeviens,
3107 5069 3403 5130 martyrem
3451 5058 3597 5111 inter

2016 5156 2306 5229 ρι’τειιοιιοε
2334 5153 2575 5207 medium
2610 5151 2720 5217 igni
2750 5150 2985 5205 exussit.
3011 5148 3215 5201 Tunna
3245 5148 3443 5200 deinde
3473 5160 3598 5211 suc;-

2017 5249 2167 5304 cedit
2206 5247 2443 5301 militum
2476 5263 2491 5299 :
2523 5245 2699 5299 Aulon
2729 5243 3011 5306 videlicet,
3041 5240 3212 5302 Zeno,
3244 5238 3592 5296 Ptolemaeus,

2018 5341 2316 5410 lngenuus,
2346 5349 2398 5390 ct
2425 5337 2648 5407 quidam
2684 5334 2881 5390 all‘ecta
2914 5343 3075 5386 acta:e
3107 5330 3460 5398 TheOphilus.
3492 5343 3597 5397 pro

2019 5433 2283 5487 tribunali
2342 5440 2707 5502 apparentes:
2753 5430 2846 5499 qui
2901 5442 3129 5497 agonem
3189 5423 3593 5478 decertantium

2019 5538 2320 5595 martyrum
2348 5512 2688 5594 spectantes,
2717 5523 2760 5576 si
2790 5538 2953 5591 quem
2981 5520 3232 5573 viderent
3263 5519 3326 5571 ad
3358 5517 3596 5587 abnega-

2019 5619 2226 5671 tiouem
2266 5630 2645 5686 propensum,
2689 5613 2853 5683 382
2895 5611 3332 5680 indignationem
3384 5626 3494 5678 pra:
3536 5626 3596 5663 se

2020 5711 2282 5770 ferrutvs,
2324 5708 2713 5776 ringebantur,
2754 5717 2810 5759 et
2855 5702 3152 5772 aliquando
3204 5703 3431 5773 quidem
3487 5703 3599 5756 illis

2019 5801 2322 5853 iuuuchuut
2365 5815 2380 5852 :
2417 5794 2754 5867 quandoque
2806 5809 2938 5851 vero
2978 5810 3174 5849 tuauus
3228 5810 3355 5851 suas
3402 5804 3595 5851 exten-
