4032 6476
426 374 568 440 1127

1663 364 2090 427 NlCEPIlORI
2131 358 2471 425 CALle'TI

3557 364 3694 431 1123

425 490 645 548 dentes,
679 499 883 555 corpus
923 499 1085 538 suum
1135 498 1235 553 pro
1287 482 1520 538 arbitrio
1559 481 1727 535 variis
1764 480 2011 549 gestibus

2132 479 2364 546 ’σχεσοαι
2384 494 2397 508 ·
2438 476 2566 539 τοὺς
2591 475 2636 528 δ’
2665 476 2722 529 ἐν
2754 477 3059 549 ἀπορρήτῳ
3091 474 3695 553 ἀγα).λιωμὲνους·ἦῦεο

427 575 790 631 inclinabant.
821 575 977 641 Quod
1009 590 1135 629 cum
1166 575 1238 628 ita
1274 573 1456 628 facere
1488 573 1543 626 in
1576 571 1830 643 ﬂagranti
1867 571 2008 624 facto

424 669 769 742 deprehensi
825 677 1036 731 essent,
1073 668 1240 722 illieet
1286 666 1353 720 ad
1403 665 1718 734 quaesitoris
1766 663 2010 717 tribunal

427 770 560 816 sunt
604 760 854 829 abrepti;
904 759 1002 814 ubi
1061 768 1211 813 tanta
1268 756 1469 812 fiducia
1520 755 2007 811 Christianismum

426 858 559 904 sunt
588 850 843 918 prolessi,
879 856 939 902 ut
980 848 1272 918 praefectus
1305 848 1425 918 ipse
1458 856 1513 900 et
1551 830 1859 901 assessores
1892 846 2013 914 ejus

426 943 792 996 vehementer
831 942 1321 1004 conturbarentur,
1363 950 1420 995 et
1459 938 1774 995 incredibili
1810 937 2012 992 timore

426 1034 885 1102 corriperentur,
922 1048 1044 1087 cum
1089 1032 1167 1086 illi
1218 1043 1411 1088 contra
1459 1031 1788 1086 fortitudine
1839 1028 2006 1083 animi

426 1126 601 1197 magis
655 1126 1044 1194 implerentur,
1092 1126 1413 1195 majoreque
1457 1140 1623 1193 quam
1665 1139 1786 1192 qua:
1830 1120 2013 1177 verbis

425 1200 689 1288 explicari
725 1218 923 1287 possit,
956 1217 1306 1272 exsultarent
1334 1217 1546 1278 laetitia,
1573 1226 1630 1270 et
1662 1225 1773 1270 tam
1805 1214 2015 1286 magni-

428 1312 531 1368 tico
577 1311 864 1380 triumpho
912 1310 1159 1365 victoria:
1204 1311 1558 1381 susciperent
1597 1323 1856 1365 coronas.
1902 1307 2014 1362 Nec

427 1404 614 1457 minus
646 1402 862 1457 interea
896 1402 953 1457 in
983 1403 1140 1473 pagis
1171 1412 1228 1457 et
1258 1401 1403 1455 villis
1434 1399 1658 1471 plurimi
1699 1398 1769 1453 ab
1821 1396 2015 1452 inlide-

426 1493 572 1548 libus
613 1502 745 1547 sunt
793 1494 935 1547 male
986 1492 1222 1562 accepti.
1274 1492 1335 1547 lu
1389 1492 1597 1562 quibus
1632 1498 1690 1545 et
1729 1488 2013 1560 lschyrion

428 1582 520 1637 ille
552 1582 678 1647 fuit,
713 1583 805 1637 cui
834 1598 866 1636 a
898 1584 1049 1637 claro
1078 1577 1318 1652 quodam
1351 1584 1471 1654 ejus
1502 1582 1608 1637 loci
1647 1581 1789 1646 viro,
1817 1580 2016 1635 domus

432 1672 751 1747 procuratio
801 1672 1061 1727 mandata
1098 1672 1303 1727 fuerat.
1344 1671 1484 1726 Eum
1529 1668 1792 1725 dominus
1837 1666 2011 1723 sacri-

430 1764 596 1819 ﬁcare
635 1764 703 1818 ad
736 1778 888 1818 aram
931 1765 1163 1818 deorum
1213 1764 1400 1833 jussit.
1443 1763 1512 1817 Et
1541 1777 1664 1815 eum
1708 1761 1762 1816 id
1800 1761 1890 1815 ille
1922 1775 2011 1815 re-

2113 568 2259 633 σθαι,
2299 569 2391 623 ἐπὶ
2422 568 2574 637 καλῴ
2604 567 2682 638 τῷ
2713 568 2968 640 θριάμῦῳ
2999 570 3403 642 ἀναδουμένους
3446 574 3538 627 τὸν
3568 577 3696 628 στέ-

2111 679 2303 731 φανον.
2342 662 2594 715 Πλεῖστοι
2625 661 2681 715 δέ
2714 664 2804 715 καὶ
2854 663 3005 717 ἄλλοι
3034 664 3144 715 τῶν
3192 665 3300 717 ἀπὸ
3332 669 3528 735 κώμης
3585 668 3696 721 ὑπὸ

2109 756 2218 807 τῶν
2249 753 2417 806 ἐθνῶν
2443 754 2745 808 διεσπῶντο
2764 772 2778 786 ·
2809 748 2884 809 ὧν
2915 749 2992 818 εἷς
3030 760 3125 810 καὶ
3170 757 3456 829 ’ῐσχυρΞων
3485 759 3698 822 ἐκεῖνος

2110 844 2202 919 ἦν,
2238 848 2296 910 ὃς
2318 848 2426 900 τῶν
2462 847 2584 901 κατ’
2622 845 2771 901 οἷκον
2801 844 2915 919 εἶχε
2937 850 3037 919 τὴν
3066 851 3372 921 ἐπιτροπὴν
3426 852 3535 907 τῶν
3567 854 3695 905 ἐπει

2113 944 2307 1007 σήμων
2352 939 2608 1007 τηνικάδε
2653 939 2837 1002 τινόςο
2879 940 2938 992 ὂν
2979 942 3007 991 ὁ
3049 941 3151 1008 τῆς
3189 942 3369 1004 οἰκίας
3422 943 3697 1012 δεσπότης

2112 1027 2360 1079 ἐπιθύειν
2388 1027 2607 1080 ἐκέλευε
2635 1029 2715 1098 τῷ
2749 1029 2944 1098 βωμῷ,
2971 1030 3066 1081 καὶ
3094 1031 3167 1098 μὴ
3195 1029 3517 1099 πειθόμενον
3541 1029 3699 1098 i369:—

2113 1116 2240 1183 ξεν·
2280 1116 2402 1172 εἶτα
2459 1119 2810 1190 ἐλοιδορεῖτο.
2875 1122 2964 1184 Ὠς
3019 1122 3076 1174 δὲ
3124 1122 3217 1173 καὶ
3282 1121 3362 1173 ἔτι
3418 1120 3692 1188 ἐνίστατο,

2117 1210 2428 1281 βακτηρίαν
2491 1214 2758 1283 μεγίστην
2810 1213 3013 1280 λαϐὼν,
3055 1215 3144 1267 διὰ
3178 1215 3286 1267 τῶν
3332 1215 3566 1285 ἐντέρων
3603 1217 3698 1269 καὶ

2113 1300 2221 1353 τῶν
2273 1300 2602 1372 σπλάγχνων
2652 1286 3225 1369 διώσας,’ἁπέκτεινε.
3275 1305 3386 1359 Καὶ
3415 1307 3466 1359 τί
3516 1306 3699 1359 δεῖτὸ

2116 1394 2327 1464 πλῆθος
2359 1397 2753 1467 καταριθμεῖν,
2784 1400 2901 1451 ὅσοι
2932 1398 3164 1468 ἐρήμοις
3210 1398 3363 1468 ὄρεσι
3394 1399 3697 1471 πλανηθέν-

2114 1501 2204 1548 τες
2232 1487 2281 1538 οί
2317 1487 2420 1556 μέν
2474 1489 2644 1559 λιμῷ,
2699 1488 2851 1542 ἄλλοι
2879 1490 2935 1543 δέ
2989 1490 3157 1559 δίψει,
3208 1494 3302 1545 καὶ
3357 1490 3435 1562 τῷ
3482 1492 3696 1563 σφοδρῷ

2114 1578 2296 1647 κρύει,
2320 1579 2465 1649 νόσῳ
2511 1596 2574 1633 τε
2620 1582 2713 1634 καὶ⁸
2749 1581 3000 1652 λῃσταῖς,
3056 1583 3193 1651 πρὸς
3240 1584 3295 1637 δὲ
3350 1586 3441 1638 καὶ
3489 1583 3695 1654 Θηρίοις

2117 1669 2337 1733 ἁλόντες
2373 1670 2724 1742 ἐφθάρησανς
2750 1666 2856 1725 Ὧν
2894 1675 2943 1726 οί
2981 1674 3402 1745 περιγενόμενοι
3428 1677 3526 1745 τῆς
3554 1674 3696 1728 ἐκείλ-

2117 1780 2225 1816 νων
2264 1763 2406 1816 εἰσὶν
2452 1764 2765 1828 ἀξιόπιστοι
2825 1765 3143 1835 μάρτυρεςο
3199 1760 3275 1818 ὧν
3325 1765 3384 1818 ἐν
3413 1765 3574 1836 ἔργον
3618 1769 3697 1828 είς

429 1864 676 1921 eusaret,
714 1856 1072 1911 contumeliis
1119 1857 1382 1924 primum,
1415 1853 1618 1909 deinde
1668 1854 1834 1908 etiam
1884 1866 2014 1906 eon-

2132 1856 2354 1926 Ξήλωσιν
2403 1855 2738 1925 παραθεῖναι
2774 1857 2888 1910 δεῖν
2924 1856 3132 1926 οἴομαι.
3166 1858 3473 1930 Χαιρήμων
3504 1852 3572 1932 ἦν
3600 1859 3697 1929 τῆς

430 1949 592 2003 vici‘is
622 1949 676 2002 in
705 1964 830 2003 eum
860 1955 946 2001 est
976 1948 1247 2002 invectus.
1278 1946 1387 2001 Sed
1412 1947 1562 2001 enim
1592 1958 1718 2000 cum
1747 1943 1930 1998 adhuc
1956 1943 2011 1996 in

2132 1947 2313 2001 Νείλου
2344 1946 2685 2018 καλουμένης
2716 1949 3019 2012 ἐπίσκοπος
3066 1949 3278 2014 πόλεως
3301 1991 3316 2014 ,
3350 1952 3491 2025 ἀνὴρ
3548 1951 3701 2022 βαθεῖ

430 2042 706 2097 sententia
754 2041 1039 2113 lscliyrion
1096 2040 1442 2110 persisteret,
1478 2039 1729 2108 scipione
1774 2036 2015 2091 maximo

2132 2042 2268 2112 Γήρᾳ
2301 2039 2540 2110 μάλιστα
2567 2040 2913 2110 διαπρέπων.
2944 2040 3114 2106 Οὗτος
3144 2044 3364 2112 σθναμα
3399 2045 3470 2114 τῇ
3507 2042 3698 2097 ἑαυτοῦ

430 2134 858 2203 comprehenso,
885 2148 983 2202 per
1007 2132 1278 2186 interiora
1310 2146 1438 2185 eum
1467 2131 1557 2185 ille
1590 2132 1802 2184 viscera
1826 2139 2014 2183 trans-

429 2225 644 2280 fossum
678 2225 908 2280 occidit.
952 2222 1061 2278 Sed
1110 2223 1244 2294 quid
1280 2238 1421 2293 npus
1455 2232 1540 2277 est
1574 2222 1792 2277 turbam
1823 2234 2017 2275 eorum

435 2333 752 2383 recensere,
786 2319 882 2387 qui
924 2318 980 2370 in
1021 2316 1156 2371 solis
1184 2315 1324 2370 locis
1354 2324 1411 2369 et
1445 2314 1730 2368 montibus
1756 2313 2020 2367 oberran-

434 2423 542 2476 tes,
576 2412 776 2481 partim
817 2409 986 2475 fame,
1020 2409 1220 2479 partim
1259 2407 1379 2469 siti,
1415 2409 1640 2477 quidam
1676 2406 1890 2460 acriore
1924 2403 2023 2458 fri-

433 2518 568 2573 gore
627 2511 724 2556 aut
778 2502 1010 2567 morbo,
1066 2500 1321 2556 nonnulli
1373 2500 1538 2554 etiam
1589 2513 1620 2552 a
1674 2496 2025 2567 praedonibus

437 2596 712 2666 oppressi,
738 2605 836 2649 aut
864 2610 892 2649 a
918 2594 1112 2649 bestiis
1142 2593 1409 2664 discerpti
1443 2589 1744 2646 interiere?
1777 2590 2023 2656 Quorum

436 2688 710 2753 omnium,
739 2688 836 2758 qui
866 2703 931 2740 ex
957 2686 1044 2742 eis
1070 2687 1404 2757 superstites
1430 2684 1608 2748 luere,
1644 2683 1830 2762 idonei
1858 2681 2027 2737 exsti-

440 2794 557 2834 tere
577 2790 768 2836 testes.
800 2781 873 2833 De
900 2780 982 2834 iis
1002 2795 1071 2833 ex
1102 2779 1357 2848 pluribus
1402 2792 1575 2831 unum
1623 2776 1817 2831 saltem
1840 2789 2027 2830 exem-

2120 2135 2358 2203 συμβίῳ,
2392 2134 2520 2205 περὶ
2551 2134 2633 2201 τὸ,
2673 2134 2702 2186 ὃ
2736 2134 2994 2205 Ἀράϐιον
3022 2135 3148 2204 ὅρος
3190 2136 3440 2189 καλεῖται
3485 2135 3697 2205 φυγὼν,

2119 2224 2221 2277 οὐκ
2275 2227 2555 2296 ἐπανῆκεν
2610 2220 2807 2288 αὖθις·
2862 2227 2984 2280 οὐδέ
3034 2244 3118 2289 τις
3170 2229 3395 2280 ἐκείνων
3445 2228 3571 2280 ίεεῖν
3604 2228 3700 2280 τοῦ

2120 2314 2308 2369 λοιποῦ
2342 2316 2576 2388 ἐδυνήθη
2619 2316 2818 2381 αὐτούς
2839 2333 2853 2349 ·
2887 2317 3007 2371 ἀλλ’
3041 2319 3163 2372 οὐδὲ
3196 2319 3265 2373 τὰ
3296 2321 3523 2389 σώματα
3556 2318 3702 2371 ἐκεί-

2123 2421 2231 2457 νων
2256 2405 2391 2458 ὅπου
2422 2404 2524 2474 γῆς
2574 2407 2701 2468 είσι,
2732 2405 2812 2476 τῷ
2853 2406 3140 2462 είσὲπειτα
3178 2408 3357 2478 χρόνῳ
3390 2423 3494 2460 που
3523 2406 3705 2476 ὦξθη.

2126 2496 2323 2550 Πολλοὶ
2369 2497 2429 2550 δὲ
2476 2498 2570 2551 καὶ
2603 2497 2755 2552 ἄλλοι
2806 2498 2947 2552 κατά
2977 2500 3036 2552 τὸ
3066 2500 3362 2571 εἰρημένον
3389 2499 3513 2571 ὅρος
3550 2499 3711 2570 Ἀρά-

2127 2590 2244 2644 ὄιον
2273 2589 2377 2643 ὑπὸ
2418 2588 2533 2644 τῶν
2557 2592 2735 2644 ἐκεῖνο
2783 2592 3229 2659 προσοικούντων
3266 2591 3561 2663 βαρδάρων
3617 2593 3706 2646 ἐάδ

2127 2682 2309 2760 λῳσαν
2330 2698 2347 2716 ο
2383 2684 2431 2735 oi
2462 2683 2562 2752 μέν
2596 2684 2663 2753 τῇ
2710 2685 3009 2756 περιουσίᾳ
3039 2686 3148 2738 τῶν
3188 2685 3490 2755 χρημάτων
3520 2683 3707 2737 λυθέν-

2126 2792 2219 2836 τες
2241 2793 2257 2806 ·
2284 2775 2475 2828 πολλοὶ
2500 2773 2560 2829 δέ
2589 2775 2683 2828 καὶ
2704 2776 2783 2843 τῷ
2807 2777 3042 2846 ἀπορεῖν
3073 2776 3261 2839 κακῶς
3285 2775 3705 2845 παραπώλοντο.

439 2874 592 2943 plum
639 2872 851 2927 referre
910 2872 1290 2927 necessarium
1340 2884 1465 2926 esse
1508 2868 1665 2925 duxi.
1700 2867 2027 2923 Chaeremon

2132 2868 2317 2922 Ταῦτα
2345 2870 2446 2938 μὲν
2479 2870 2565 2921 ἐπ’
2605 2870 2886 2937 Δίγυπτον
2921 2871 3015 2922 καὶ
3060 2868 3472 2939 ’Δλεξάνδρειαν
3503 2868 3710 2939 ἐπράτι

436 2976 581 3032 erat,
610 2967 732 3035 ejus
762 2966 942 3028 urbis,
963 2981 1093 3035 qua
1135 2966 1296 3020 Nilus
1320 2964 1554 3029 dicitur,
1599 2962 1913 3033 episcopus,
1946 2961 2027 3015 vir

2132 2978 2290 3014 τοντο
2323 2961 2392 3013 τὰ
2420 2955 2605 3014 δεινά’
2654 2960 2748 3013 ἐπὶ
2797 2961 2855 3013 δὲ
2894 2961 3267 3031 Παλαιστίνης
3310 2962 3372 3014 οὐ
3427 2963 3612 3031 μείους
3655 2962 3709 3015 oi

445 3060 618 3113 multa
674 3068 964 3114 senectute
1014 3057 1315 3113 admodum
1366 3054 1719 3111 venerandus
1762 3070 1778 3108 :
1823 3054 1872 3108 is
1920 3067 2027 3107 una

2132 3049 2289 3106 ἆθλοι
2324 3052 2423 3105 καὶ
2457 3050 2526 3105 τὰ
2550 3051 2937 3120 παλαίσματα.
2964 3046 3069 3106 Ὧν
3101 3054 3152 3105 οἱ
3181 3053 3424 3106 πλεῖστοι
3453 3055 3562 3116 τοῖς
3584 3069 3714 3120 προ-

442 3166 572 3205 cum
612 3152 848 3221 conjuge
893 3164 1013 3217 sua,
1044 3165 1170 3205 cum
1208 3152 1263 3203 in
1311 3158 1581 3213 montem,
1621 3146 1718 3218 qui
1763 3146 2027 3202 Arabicus

2132 3147 2454 3215 τρεπτικοίς
2506 3143 2618 3198 τῶν
2690 3145 3009 3215 Ὠριγένους
3072 3146 3249 3214 λόγων
3302 3144 3572 3217 ἀνδρικῶς
3618 3144 3712 3198 τὸν

441 3242 670 3305 dicitur,
708 3241 1067 3312 profugisset,
1106 3256 1393 3309 nunquam
1446 3240 1575 3294 inde
1624 3249 1707 3294 est
1753 3253 2027 3302 reversus,

2136 3236 2325 3304 ἀγῶνα
2357 3235 2630 3307 διέφερον.

448 3350 633 3405 neque
664 3335 924 3405 cuiquam
955 3348 1143 3388 eorum
1176 3343 1367 3404 postea
1397 3333 1692 3404 apparuit;
1722 3331 1820 3388 sed
1850 3345 2030 3401 neque
2066 3345 2311 3399 quonam
2382 3344 2615 3399 corpora
2681 3344 2874 3385 eorum
2914 3332 3295 3402 pervenerint,
3340 3333 3592 3403 cuiquam
3628 3338 3715 3385 est

441 3432 710 3501 deinceps
764 3431 1071 3500 cegnitum.
1133 3430 1277 3497 Quin
1334 3429 1494 3485 multi
1550 3443 1774 3501 quoque
1824 3428 1917 3484 alii
1968 3428 2022 3482 in
2065 3426 2305 3483 Arabico
2334 3440 2404 3480 eo
2438 3436 2648 3491 monte.
2681 3427 2753 3483 ab
2816 3429 2899 3483 eis
2974 3430 3067 3500 qui
3108 3429 3263 3484 illum
3304 3430 3554 3484 incolunt
3588 3429 3714 3482 bar.

442 3528 594 3583 baris
636 3528 806 3597 capti,
841 3528 929 3581 vel
965 3530 1203 3598 pecunia
1233 3528 1304 3584 ab
1336 3529 1418 3583 eis
1457 3537 1591 3583 sunt
1620 3527 1912 3598 redempti,
1950 3528 2035 3580 vel
2054 3569 2066 3595 ,
2083 3534 2310 3595 propter
2375 3525 2505 3579 reris
2570 3525 2812 3596 inepiam
2843 3528 3045 3582 misere
3083 3526 3160 3581 ibi
3202 3526 3505 3596 perierunt.
3541 3526 3716 3597 Atque

445 3621 562 3676 haec
604 3621 829 3691 quidem
871 3620 1222 3678 Alexandria:
1265 3629 1321 3679 et
1353 3623 1410 3676 in
1440 3621 1676 3693 Egypto
1710 3620 2034 3676 acciderunt
2073 3614 2323 3673 adversa.
2356 3617 2627 3674 Caeterum
2660 3635 2772 3674 non
2804 3620 3049 3675 minores
3075 3620 3237 3675 lucta:
3304 3627 3361 3674 et
3422 3630 3719 3674 certamina

445 3715 501 3768 in
538 3715 826 3769 Palaestina
880 3713 1059 3771 luere.
1098 3714 1190 3770 Sic
1241 3718 1444 3787 passim
1491 3716 1717 3786 plurimi
1761 3724 2035 3785 martyres
2075 3712 2471 3768 cobortatoriis
2530 3711 2787 3783 Origenis
2855 3713 3205 3769 orationibus
3236 3711 3470 3769 viriliter
3522 3728 3723 3782 agones

458 3809 838 3875 pertulerunt.

902 3901 1066 3972 333
1109 3900 1339 3977 CAPUT
1380 3899 1603 3955 xxxu.

449 3992 513 4047 Ut
535 3992 802 4075 Origenes
820 3995 886 4047 ad
920 3995 1159 4075 ιτίριιηαί
1204 3996 1450 4075 martyrii
1491 3993 2033 4075 cquaistensnpietate

605 4064 915 4117 Christiana
944 4065 1222 4133 ubjurata,
1256 4082 1287 4118 a
1321 4064 1493 4134 seipse
1517 4064 1872 4134 degenerarit.

524 4155 591 4208 Et
635 4154 727 4207 ille
766 4154 994 4222 quidem
1047 4155 1351 4223 permultos
1402 4154 1538 4208 fecit
1581 4162 1886 4221 martyres;
1934 4150 2030 4206 sed

448 4258 578 4297 cum
610 4242 872 4297 omnibus
902 4242 1020 4298 suis
1047 4244 1225 4313 copiis
1256 4242 1536 4298 hostiliter
1565 4243 1798 4299 Satanas
1828 4242 2031 4296 bellum

446 4338 499 4391 ei
538 4344 807 4401 moveret,
844 4334 1111 4405 omnique
1153 4336 1206 4390 vi
1250 4344 1307 4390 et
1348 4342 1550 4390 conatu
1594 4334 1862 4391 adversus
1903 4352 2033 4393 eum

447 4429 705 4490 duceret.
731 4437 789 4481 et.
818 4426 1005 4481 aerius
1033 4428 1085 4480 ei
1119 4435 1233 4480 tum
1265 4442 1431 4495 quam
1463 4426 1696 4480 aliorum
1729 4427 1914 4491 alicui,
1948 4428 2036 4482 in-

2713 3897 2966 3952 ΚΕΦΑΛ.
2997 3896 3126 3955 AB’.

2155 3990 2257 4056 Ὠς
2286 3962 2385 4043 καί
2416 3987 2727 4057 Ὠριγένης
2756 3989 2838 4054 τῷ
2863 3986 3208 4056 μαρτυρικῷ
3255 3990 3570 4057 παραστὰς
3611 3986 3724 4057 ,βή-

2281 4075 2451 4128 ματι,
2490 4060 2555 4113 τὸ
2586 4060 2776 4125 σέϐας
2801 4058 3254 4129 ἐξομοσάμενος
3288 4058 3631 4128 διεφθάρην

2232 4151 2379 4205 Ἀλλ’
2411 4149 2570 4214 οὗτος
2619 4152 2718 4219 μὲν
2751 4151 2981 4213 πολλοὺς
3011 4152 3189 4205 ἐποίει
3227 4152 3357 4214 τοὺς
3407 4153 3723 4223 μάρτυρας·

2141 4243 2296 4314 αὐτῷ
2338 4242 2399 4296 δὲ
2449 4243 2755 4313 πανστρατὶ
2800 4243 3116 4313 ἐφαμίλλως
3144 4242 3238 4297 τοῦ
3274 4244 3455 4297 Σατάν
3484 4260 3727 4313 παρατα·

2150 4319 2416 4405 ξαμένου,
2457 4334 2610 4407 πάσῃ
2639 4351 2700 4388 τε
2753 4338 2975 4406 μηχανῇ
3011 4338 3105 4388 καὶ
3133 4335 3366 4406 δυνάμει
3409 4341 3536 4390 κατ’
3565 4334 3726 4389 αὐτοῦ

2147 4428 2662 4500 στρατηγήσαντος,
2696 4429 2791 4482 καὶ
2818 4427 3194 4498 διαφερόντως
3231 4428 3384 4500 παρά
3419 4429 3545 4491 τοὺς
3586 4410 3731 4496 τηνιλ

448 4519 759 4588 femusque
801 4517 1138 4581 immineret,
1171 4516 1415 4585 perlecta
1446 4523 1503 4568 et
1543 4516 1796 4571 absoluta
1832 4517 2027 4569 virtute

2146 4516 2280 4571 κάδε
2318 4516 2738 4587 πολεμηθέντας
2759 4518 2968 4588 ἀγρίως
3000 4517 3149 4587 αὐτῷ
3180 4518 3613 4589 ἐπισκήψαντος,
3641 4516 3729 4572 τοῦ

446 4622 533 4666 est
561 4611 891 4672 destitutus;
934 4607 1199 4661 nimirum
1233 4606 1326 4676 qui
1358 4606 1629 4661 virtutum
1663 4607 1913 4660 omnium
1945 4621 2041 4675 pa-

452 4713 611 4756 rente
642 4699 1017 4755 submissione
1046 4708 1103 4752 et
1140 4699 1474 4761 humilitate,
1507 4708 1560 4752 et
1591 4714 1715 4768 qua:
1748 4714 1846 4767 per
1889 4698 2039 4751 illam

452 4790 714 4858 provenit
768 4786 1040 4841 immobili
1097 4798 1153 4841 et
1208 4797 1358 4842 recta
1410 4787 1581 4842 animi
1641 4787 2042 4842 constitutione

452 4893 619 4951 atque
665 4880 969 4935 indolentia
1021 4879 1339 4934 excidisset.
1383 4880 1553 4934 Aiunt
1592 4880 1767 4940 enim,
1805 4879 2042 4933 Deciana

457 4974 845 5044 persecutione
872 4982 929 5027 et
957 4972 1137 5042 ipsum
1167 4974 1633 5042 comprehensum
1661 4986 1806 5036 esse,
1834 4978 1891 5025 et
1919 4971 2043 5024 vin-

454 5066 597 5121 culis
626 5067 1014 5120 constrictum.
1051 5066 1294 5121 Primum
1331 5066 1515 5133 itaque
1549 5063 1836 5117 tormentis
1865 5063 2046 5133 gravi-

458 5164 559 5212 lius
589 5173 823 5227 corpore
854 5167 972 5212 toto
1003 5158 1263 5222 alllictus,
1299 5173 1427 5211 mox
1463 5154 1664 5210 deinde
1702 5155 1757 5207 in
1796 5156 2046 5209 acerbis-

455 5252 655 5305 simum
692 5252 969 5306 demissus
1000 5260 1084 5305 est
1114 5265 1419 5305 carcerem.
1453 5247 1533 5302 lbi
1561 5248 1801 5318 ingentis
1834 5249 2047 5318 ponde-

461 5346 536 5396 ris
566 5343 964 5398 lerramentum
990 5359 1119 5398 eum
1151 5341 1537 5411 distringebat,
1566 5350 1623 5395 et
1652 5342 1881 5411 insuper
1911 5356 2047 5410 sup-

460 5437 688 5502 plicium
717 5437 859 5506 ignis
882 5438 933 5493 ei
962 5437 1357 5492 intendebatur
1383 5451 1397 5487 :
1423 5435 1641 5506 aliaque
1672 5437 1812 5491 mala
1846 5436 2044 5505 partim

456 5532 565 5600 jam
600 5542 714 5585 tum
766 5533 1172 5593 inferebantur,
1207 5530 1407 5599 partim
1446 5530 1608 5599 paulo
1641 5540 1763 5597 post.
1795 5530 2051 5583 immine-

462 5625 617 5685 bant.
650 5638 716 5677 ac
750 5623 951 5678 diebus
998 5623 1255 5692 pluribus
1293 5632 1533 5692 quatuor
1569 5621 1916 5675 vinculorum
1959 5635 2051 5674 ca—

462 5727 600 5771 tasta
648 5716 819 5787 pedes
856 5717 977 5788 ejus
1012 5716 1423 5770 distinebantur
1449 5716 1547 5786 (1).
1582 5714 1714 5782 Quae
1742 5713 1926 5768 omnia
1958 5728 2052 5783 ge-

537 5831 613 5899 (l)
644 5830 843 5884 Euseb.
878 5830 977 5884 lib.
1006 5846 1080 5892 τι,
1117 5846 1236 5899 cap.
1270 5830 1360 5883 ἓν.

2150 4610 2273 4663 κατ’
2309 4608 2514 4678 ἀρετὴν
2545 4609 2924 4680 ἀποτυγχάνει
2973 4609 3209 4675 τελείου,
3264 4611 3362 4664 ἅτε
3395 4608 3459 4680 δή
3504 4610 3600 4663 καὶ
3627 4608 3732 4661 τῶν

2148 4699 2365 4769 ἀρετῶν
2420 4702 2638 4771 μητρὸς
2667 4700 2767 4771 τῆς
2822 4703 3358 4773 ταπεινοφροσύνης,
3411 4701 3507 4755 καὶ
3546 4701 3646 4771 τῆς
3671 4697 3731 4753 δι’

2149 4793 2323 4863 αὐτὴν
2378 4791 2656 4856 ἀπαθείας
2708 4793 3031 4849 ἀποπεσὼν.
3093 4794 3206 4848 Καὶ
3259 4795 3392 4865 γὰρ,
3454 4795 3610 4863 φασὶ,
3663 4791 3735 4858 τῷ

2149 4889 2290 4940 κατὰ
2323 4887 2516 4939 Δέκιον
2577 4886 2812 4957 διωγμῷ
2841 4887 3217 4957 συλληφθέντα
3247 4888 3346 4940 καὶ
3372 4887 3563 4940 τοῦτον
3588 4886 3735 4960 πρῶ-

2149 4995 2219 5030 τα
2251 4977 2352 5049 μέν
2395 4980 2572 5047 δεσμὰ
2602 4980 3007 5048 διελάμόανονο
3037 4980 3295 5050 βασάνοις
3329 4979 3386 5032 δέ
3415 4980 3542 5033 καθ’
3569 4978 3737 5033 ἀπαν-

2149 5086 2240 5132 τος
2266 5070 2361 5122 τοῦ
2392 5070 2648 5140 σώματος
2681 5073 2979 5136 αἰκισθεὶς,
3022 5074 3334 5144 πικροτάτῃ
3377 5071 3738 5142 ἐπερῤίπτετο

2150 5164 2217 5231 τῇ
2247 5163 2483 5233 φρουρᾷ.
2520 5163 2714 5225 Κλοιὸς
2740 5165 2835 5216 ἐπὶ
2874 5154 3085 5226 τούτοις
3119 5163 3367 5234 σιδήρεος
3408 5164 3614 5224 πιέζων
3638 5156 3703 5230 ἦν
3723 5174 3735 5188 ο

2152 5252 2268 5322 πῦρ
2300 5270 2361 5304 τε
2403 5253 2705 5321 ηπειλείτο.
2740 5254 2852 5308 Καὶ
2885 5254 3023 5308 ἄλλα
3060 5255 3127 5308 τὰ
3163 5255 3262 5323 μὲν
3294 5255 3556 5323 ἐπήγετο,
3587 5252 3655 5303 τὰ
3678 5250 3740 5303 δὲ

2152 5344 2370 5413 ἔμελλε.
2407 5346 2640 5407 Πολλαίς
2671 5345 2717 5399 δ’
2752 5349 2813 5399 ἐν
2856 5349 3097 5418 ἡμέραις
3141 5348 3247 5400 ὑπὸ
3283 5348 3549 5416 τέσσαρσι
3580 5342 3737 5408 ξύλου

2154 5437 2376 5506 δεσμοῖς
2405 5440 2532 5502 τοὺς
2568 5439 2739 5501 πόδας
2771 5441 3168 5510 ἐντεινόμενος,
3198 5441 3464 5509 γενναίως
3492 5440 3741 5508 ἤνεγκεν.

2173 5530 2410 5593 Ἐκεῖνος
2447 5533 2546 5601 μὲν
2572 5528 2665 5585 οὖν
2700 5533 2880 5585 θανεῖν
2910 5533 3127 5601 ἕτοιμος
3174 5528 3242 5602 ἦν
3263 5551 3279 5565 σ
3319 5532 3397 5602 τῷ
3429 5531 3486 5583 δέ
3518 5529 3741 5598 δικαστῇ

2157 5623 2465 5690 φιλονεικία
2512 5624 2678 5678 πάλιν
2703 5692 2707 5696 γ
2730 5624 3003 5693 ἑτέρωθεν
3033 5626 3133 5694 τῆς
3169 5624 3411 5693 ἐφέσεως
3445 5621 3741 5689 ἀποστῆναι

2155 5717 2618 5787 παρασκευάσαι,
2676 5718 2772 5769 καί¹
2814 5715 2957 5785 ξίφει
3005 5719 3258 5781 κολάζειν
3297 5717 3501 5786 ἣκιστα
3549 5709 3739 5784 seca:-
