4032 6434
392 402 527 466 1135

397 608 459 664 Ut
511 608 758 675 episcOpi,
809 605 899 674 qui
946 612 1055 656 tum
1086 602 1311 675 ecclesiis
1358 600 1715 675 prtefuerunt,
1761 615 1847 652 eos
1884 599 1973 666 qui

463 671 556 730 sub
584 671 767 729 θυέεξο
822 671 878 728 in
936 674 1294 741 persecutione
1349 672 1488 739 lapsi
1558 671 1810 741 fuerant,
1858 675 1975 738 post

455 749 660 817 justam
693 740 1051 815 paenitentiam
1079 744 1133 796 in
1154 741 1444 796 Ecclesium
1474 740 1779 809 receperint.

464 858 525 912 In
595 855 1100 927 persecutiouibus,
1152 866 1294 925 quas
1357 853 1765 914 recensuimus,
1816 848 1976 907 multi

382 950 840 1005 Christianorum
862 947 1082 1003 fortiter
1110 962 1208 1017 per
1253 945 1517 1017 martyria
1548 960 1675 999 cum
1725 941 1982 997 hostibus

401 1041 707 1111 congressi,
739 1037 988 1093 debitum
1019 1037 1266 1091 victoriae
1293 1036 1579 1105 premium
1598 1039 1976 1101 reportarunt.

402 1132 626 1188 Plurimi
658 1131 827 1186 etiam
882 1141 1110 1200 propter
1138 1128 1454 1183 animorum
1515 1125 1981 1190 imbecillitatem,

1609 388 2030 450 NlCEl‘HOIlI
2075 386 2429 446 CALLISTl

1025 508 1251 567 CAPUT
1288 511 1351 564 ll.
2007 511 2054 565 Δ

2962 440 2967 446 .
3520 380 3657 445 ll'ﬁ

2678 502 2928 554 ΚΕΦΑΛ.
2985 500 3061 554 Β’.

2092 596 2188 661 Ὠς
2211 598 2265 651 οι
2302 596 2433 648 τότε
2460 595 2578 648 τῶν
2608 592 2957 660 ἐκκλησιῶν
2981 592 3269 661 ἡγεμόνες
3307 590 3451 657 τοὺς
3476 590 3542 643 ἐν
3581 584 3662 654 τῷ

2149 665 2301 718 κατὰ
2325 665 2530 718 Δέκιον
2563 663 2799 732 διωγμῴ
2830 664 3304 729 παραπεσόντας
3330 663 3459 732 μετ’
3490 661 3653 725 ἀξιο-

2149 737 2338 802 λόγου
2369 734 2692 806 μετανοίας
2724 735 3072 802 προσίεντο.

2152 848 2372 903 Πολλῶν
2422 851 2479 903 ὲν
2511 852 2624 912 τοῖς
2659 847 3029 921 προλαϐοῦσιν
3073 848 3361 918 διωγμοῖς,
3397 847 3506 901 τῶν
3561 847 3662 916 μὲν

2083 942 2355 1011 γεννικῶς
2386 941 2893 1011 παραταξαμένων,
2927 938 3023 993 καὶ
3073 940 3135 994 τὺ
3179 942 3279 1010 τῆς
3326 939 3481 1008 νίκης
3527 938 3664 1009 βρα-

2085 1033 2234 1086 ϐεῖον
2264 1032 2738 1102 κληρωσαμένων,
2764 1033 2872 1085 τῶν
2898 1032 2954 1085 δὲ
2985 1033 3080 1085 καὶ
3111 1031 3382 1084 πλείστων
3410 1027 3489 1100 τῷ
3507 1030 3666 1096 am.

2084 1125 2166 1178 νεῖ
2197 1124 2297 1193 τῆς
2331 1124 2512 1196 ψυχῆς
2564 1125 2736 1194 ὁμόσε
2794 1125 2896 1193 μὲν
2943 1126 3058 1187 τοῖς
3118 1123 3388 1186 κινδύνοις
3424 1120 3664 1193 χωρούν-

401 1226 619 1279 obviam
651 1224 876 1294 quidem
914 1224 995 1278 illi
1027 1220 1296 1292 periculis
1352 1228 1485 1274 sunt
1534 1218 1834 1289 progressi.
1883 1218 1980 1273 sed

2120 1234 2218 1281 ων,
2255 1216 2357 1269 οὐκ
2381 1217 2619 1271 εἰσάπαν
2657 1217 2714 1272 δὲ
2752 1218 2944 1289 φέρειν
2966 1218 3095 1271 οἴων
3134 1234 3196 1272 τε
3223 1217 3418 1284 ὄντων,
3456 1215 3551 1268 καὶ
3578 1215 3666 1267 διὰ

406 1332 531 1369 cum
553 1329 619 1369 ca
645 1314 893 1385 perferre
911 1328 1018 1367 non
1046 1319 1295 1382 possent,
1328 1310 1494 1366 simul
1532 1319 1590 1364 et
1628 1307 1790 1363 idolis
1810 1308 1982 1363 sacri-

2090 1309 2255 1362 τοῦτο
2284 1308 2641 1375 ὲπιθυόντων,
2674 1311 2771 1364 καὶ
2805 1310 2866 1362 τὸ
2894 1310 3040 1363 θεῖον
3064 1310 3229 1374 σέϐας
3252 1309 3665 1379 ὲξομνυμένων,

404 1404 663 1470 ﬁcarunt,
709 1414 768 1459 et
816 1418 964 1458 vera:
1000 1402 1219 1474 pietatis
1265 1400 1477 1457 cultum
1528 1399 1876 1470 abjurarunt.
1944 1397 1985 1453 li

2122 1401 2449 1471 ωφήσαντος
2485 1401 2579 1453 τοῦ
2608 1398 2810 1465 δεινοῦ,
2854 1395 2913 1453 οἷ
2933 1400 3111 1454 κακοῦ
3155 1400 3403 1468 γένοιντο
3428 1399 3669 1466 διαγνόν-

406 1512 563 1559 vero,
580 1494 984 1565 persecutionis
1005 1501 1154 1548 motu
1179 1501 1236 1548 et
1254 1506 1500 1546 aerumna
1530 1490 1986 1561 conquiescente,

408 1604 538 1644 cum
564 1588 621 1643 in
667 1585 870 1641 animis
895 1600 1085 1641 secum
1145 1580 1248 1653 ipsi
1287 1582 1403 1637 suis
1458 1597 1699 1650 quonam
1755 1583 1992 1636 miseria:

411 1676 748 1731 calamitatis
778 1666 1183 1744 pervenissent,
1242 1668 1673 1741 perpenderent,
1751 1667 1992 1737 graviter

411 1768 632 1823 aﬂlictis
661 1765 960 1820 vehemens
1022 1763 1251 1819 incessit
1304 1761 1464 1816 dolor
1523 1773 1578 1816 et
1639 1760 1990 1832 poenitentia.

2096 1510 2212 1557 τες,
2247 1490 2439 1555 δεινῶς
2474 1510 2533 1545 τε
2576 1492 2930 1562 ὲπλήττοντο,
2987 1493 3082 1547 καὶ
3122 1491 3303 1562 πολλῷ
3331 1492 3568 1563 ἐχρῶντο
3594 1494 3671 1560 τῷ

2099 1584 2416 1656 μεταμέλῳ.
2440 1582 2642 1637 Ἔνθεν
2673 1599 2759 1637 τοι
2790 1585 2888 1639 καὶ
2913 1587 3029 1647 τοῖς
3056 1583 3313 1655 τηνικάδε
3342 1583 3453 1637 τῶν
3475 1582 3670 1651 ἐκκλη-

2099 1675 2231 1729 σιῶν
2262 1675 2501 1745 ἡγεμόσι
2529 1675 2876 1745 προσιόντες,
2910 1678 3195 1744 μετανοεῖν
3220 1676 3427 1744 ἔλεγον,
3454 1677 3550 1730 καὶ
3566 1678 3673 1729 πᾶν

2097 1765 2281 1820 ὁτιοῦν
2302 1766 2567 1836 πράττειν
2609 1768 2668 1817 ὲν
2695 1766 2901 1837 ἑτοίμῳ
2926 1767 3072 1837 ἔχειν
3103 1765 3320 1821 ἀνύσαι.
3364 1766 3428 1821 Oi
3461 1766 3558 1837 μὲν
3580 1762 3674 1819 οὖν

412 1862 599 1930 lisque
645 1859 712 1914 ad
763 1857 1126 1922 ecclesiarum
1165 1857 1286 1928 ejus
1312 1857 1575 1925 temporis
1627 1855 1905 1911 antistites
1934 1869 1994 1909 se

2120 1856 2234 1911 ’τοῦ
2272 1857 2697 1928 φιλανθρωπίαν
2732 1860 3084 1929 μιμούμενοι,
3134 1859 3230 1913 καὶ
3260 1858 3497 1928 γνησίως
3533 1858 3674 1929 μάλα

412 1953 795 2018 contulerunt,
825 1950 1101 2020 pmniterc
1133 1964 1194 2004 se
1228 1959 1395 2018 atque
1427 1949 1776 2017 resipiscere,
1833 1963 1997 2017 para-

420 2057 613 2116 tosque
642 2061 764 2101 esse
792 2043 1058 2114 quidquid
1087 2042 1195 2097 illis
1224 2043 1557 2112 imperatum
1591 2051 1737 2095 esset
1791 2040 1998 2106 facere,

417 2140 770 2208 proﬁtentes.
799 2136 974 2191 Porro
1008 2135 1182 2191 divini
1218 2135 1297 2190 illi
1329 2134 1455 2202 viri,
1491 2134 1889 2189 humanitatem
1946 2142 2004 2188 et

413 2231 762 2287 clementiam
820 2228 913 2284 Dei
944 2227 1166 2293 imitati,
1198 2242 1309 2282 non
1337 2238 1563 2299 gravate
1593 2243 1690 2283 eos
1739 2242 2004 2299 suscepe-

416 2333 549 2376 runt
606 2329 664 2374 et
714 2317 987 2389 complexi
1023 2324 1188 2381 sunt.
1234 2327 1292 2373 et
1340 2333 1467 2372 cum
1538 2318 1786 2389 legitima
1835 2329 2005 2388 atque

417 2410 757 2483 competenti
789 2408 1115 2480 ptenitentia
1143 2411 1406 2465 invitatos
1446 2409 1502 2464 in
1533 2408 1846 2465 Ecclesiam
1875 2426 2005 2481 pro-

421 2510 726 2569 duxerunt,
764 2514 880 2559 tum
928 2512 1176 2574 tempore
1236 2518 1455 2573 quoque
1488 2519 1591 2559 suo
1625 2504 1917 2560 stationem
1951 2512 2010 2559 et

418 2600 603 2654 locum
624 2598 706 2652 eis
732 2597 877 2650 inter
897 2594 1086 2649 ﬁdeles
1115 2595 1213 2665 (l),
1235 2595 1638 2651 interveniente
1658 2596 2006 2653 solummodo

420 2688 694 2749 oratione.
715 2702 819 2741 una
845 2701 969 2742 cum
1000 2701 1263 2741 manuum
1289 2687 1663 2757 impositione,
1684 2687 1962 2745 dederunt
1991 2704 2004 2739 :

426 2781 481 2845 id
529 2781 677 2850 quod
717 2783 794 2836 ita
852 2796 921 2837 ex
970 2779 1380 2835 consuetudine
1429 2780 1590 2850 longa
1656 2781 1714 2835 in
1765 2782 2011 2836 Ecclesia

418 2870 854 2927 observabatur.
901 2873 1076 2938 Quam
1130 2870 1592 2926 consuetudinem
1645 2871 1858 2938 primus
1908 2869 2014 2940 Cy-

2098 1949 2391 2021 προσξεντο
2430 1951 2526 2004 καὶ
2548 1951 2901 2021 ἠσπάζοντοο
2967 1952 3063 2004 καὶ
3097 1951 3354 2023 ἀναλόγῳ
3404 1954 3472 2023 τῇ
3510 1966 3674 2021 μετα-

2106 2040 2226 2112 νοίᾳ
2262 2041 2653 2097 εἰσεκαλοῦντο
2677 2057 2694 2076 ⁸
2728 2043 2825 2096 καὶ
2855 2042 2997 2095 κατὰ
3036 2044 3129 2096 τὸν
3175 2043 3524 2112 προσήκοντα
3550 2044 3676 2112 χρό-

2104 2148 2195 2185 νον
2222 2131 2443 2201 καὶτῆς
2477 2130 2617 2201 μετά
2677 2131 2787 2186 τῶν
2845 2132 3056 2186 πιστῶν
3090 2133 3333 2198 στάσεως
3392 2132 3680 2202 κατηξίουν

2103 2226 2172 2295 τῇ
2194 2224 2284 2276 διά
2317 2223 2502 2294 χειρὸς
2526 2224 2665 2296 μόνη
2695 2224 2856 2296 εὐχῇ.
2887 2225 3053 2288 Ἔθος
3088 2223 3240 2280 τοῦθ’
3270 2227 3334 2277 ὲκ
3367 2226 3577 2295 μακροῦ
3609 2228 3677 2294 τῇ

2121 2316 2425 2387 Ἐκκλησία
2463 2320 2796 2388 μεμενηκδς,
2827 2317 2857 2370 δ
2901 2317 2967 2387 δὴ
3017 2317 3243 2389 πρῶτος
3292 2318 3606 2387 Κυπριανδς
3656 2321 3681 2369 ὁ

2109 2412 2209 2480 τῆς
2264 2409 2658 2480 Καρχηδονίων
2698 2409 2906 2480 ποιμὴν
2961 2411 3309 2464 ἐναλλάττειν
3356 2409 3496 2481 ᾤετο
3527 2411 3679 2462 δεῖν·

2105 2502 2203 2555 καὶ
2231 2501 2359 2572 μηδ’
2384 2502 2564 2565 ἄλλως
2613 2502 2646 2573 ἢ
2692 2502 2780 2556 διὰ
2817 2502 3050 2574 λουτροῦ
3085 2502 3187 2574 τὴν
3234 2502 3445 2573 πλάνην
3479 2502 3686 2554 ἀποκα-

2106 2594 2477 2664 θαιρομένους
2502 2633 2518 2659 ,
2548 2595 2645 2648 καὶ
2669 2595 2797 2657 τοὺς
2824 2596 2883 2664 ἐξ
2920 2595 3391 2668 όποιασδηποτοῦν
3420 2596 3686 2665 αἱρέσεως

2110 2688 2444 2756 προσιόντας
2463 2689 2830 2759 εἰσδέχεσθαι.
2862 2689 2971 2744 Καὶ
2989 2691 3038 2742 oi
3075 2690 3175 2758 μὲν
3198 2687 3259 2742 οῦ
3270 2707 3375 2751 τως
3391 2686 3535 2760 εῐχον
3555 2707 3567 2719 ·
3591 2691 3691 2742 καὶ

2110 2780 2464 2850 καθεκάστην
2511 2782 2686 2845 ἀδεῶς
2757 2782 2885 2846 τοὺς
2960 2782 3291 2853 δθενδήποτε
3364 2783 3688 2854 προσιόντας

2110 2873 2366 2941 ἁσμένως
2389 2873 2659 2951 ἐδέχοντο.

424 2974 658 3045 prianus
675 2969 1124 3040 Carthaginensis
1166 2968 1692 3039 pastormutandam
1744 2981 1869 3023 esse
1922 2969 2146 3023 censuit
2185 2970 2304 3039 (9.),
2376 2988 2482 3026 non
2526 2971 2686 3027 aliter
2708 2980 2765 3028 et
2808 2973 3016 3046 lapsos,
3070 2990 3234 3045 quam
3282 2991 3377 3044 per
3417 2975 3689 3029 lavacrum

427 3066 852 3135 cxpiandos,et
890 3077 1252 3132 quoscunque
1282 3079 1344 3116 cx
1371 3062 1746 3133 qualicunque
1813 3061 2012 3117 haeresi
2049 3064 2461 3133 resipisceutes,
2525 3065 2900 3123 admittendos
2959 3083 3086 3123 esse
3135 3068 3457 3123 arbitratus.
3513 3069 3693 3135 Atque

427 3158 791 3213 ecclesiarum
816 3157 1040 3228 quidem
1071 3156 1315 3227 episcopi
1366 3157 1441 3212 ita
1488 3172 1548 3212 se
1601 3155 1885 3226 gerebant,
1953 3165 2010 3212 et
2048 3158 2298 3228 quotidie
2363 3161 2644 3230 propalam
2716 3160 3060 3234 perlibenter
3110 3177 3469 3235 quoscunque
3508 3177 3695 3219 rever-

432 3267 612 3314 tentes
628 3256 1024 3328 suscipiebant.

951 3332 1110 3442 391
1140 3369 1368 3429 CAPUT
1405 3367 1498 3427 ut.

432 3467 512 3521 De
538 3468 747 3539 impuro
793 3462 1025 3539 Novato,
1068 3464 1325 3539 rebusque
1367 3471 1483 3535 ejus
1512 3462 1777 3527 narratio,
1811 3471 1862 3517 et
1900 3478 2018 3533 qua:

929 3535 1044 3605 ejus
1070 3536 1224 3605 fuerit
1263 3536 1525 3590 doctrina.

509 3650 699 3706 Romae
725 3658 909 3702 autem
931 3645 1014 3701 eis
1044 3646 1391 3716 temporibus
1417 3648 1711 3719 presbyter
1761 3656 1884 3702 erat
1915 3646 2020 3702 No-

438 3751 599 3797 vatus
627 3739 875 3796 nomine.
904 3739 952 3793 Is
982 3738 1126 3793 fastu
1151 3747 1206 3792 ct
1223 3738 1489 3809 iactantia
1545 3740 1695 3794 inani
1728 3740 2013 3805 sublatus,

440 3849 663 3889 omnem
689 3836 775 3902 (ut
797 3835 849 3885 in
881 3832 1175 3901 proverbio
1202 3835 1314 3900 est)
1346 3843 1593 3889 mOVerat
1647 3833 1910 3903 lapidem,
1965 3843 2026 3886 ut

443 3924 989 3981 llomauaeEcclesiaa
1041 3923 1502 3993 gubernationem
1560 3935 2022 3994 consequeretur.

441 4021 545 4077 Ubi
572 4030 757 4073 autem
796 4018 979 4072 omnia
1014 4029 1294 4087 expertus,
1361 4016 1497 4071 nihil
1533 4018 1647 4087 egit
1675 4018 1816 4083 (erat
1872 4019 2023 4070 enim

446 4122 687 4173 tun‘tore,
718 4107 1044 4172 ambitione,
1077 4117 1133 4162 et
1170 4108 1361 4178 gloria:
1405 4109 1707 4177 cupiditate
1760 4108 2027 4161 immensa

445 4200 782 4272 correptus),
819 4200 875 4254 in
898 4199 1370 4271 ;desperationem
1424 4199 1648 4255 incidit:
1689 4208 1745 4254 et
1806 4200 2028 4256 tandem

446 4298 597 4353 aliud
628 4295 778 4367 quod
811 4293 1019 4349 faceret
1077 4307 1188 4347 non
1260 4292 1493 4357 habens,
1526 4292 1595 4347 ab
1624 4293 1876 4348 Ecclesia
1935 4310 2028 4350 se-

448 4395 627 4463 ipsum
651 4401 970 4458 segregans,
993 4385 1252 4456 proprios
1279 4395 1459 4439 cattus
1497 4400 1714 4455 cogere,
1738 4396 1794 4441 et
1828 4402 2028 4441 novam

448 4481 744 4553 quamdam
774 4477 1027 4532 haeresim
1065 4490 1163 4544 per
1190 4475 1555 4531 defectionem
1596 4479 1890 4535 instituere
1914 4493 2031 4533 coe-

451 4587 568 4644 p:t:
604 4569 939 4628 secessionis
1000 4583 1114 4622 sua:
1142 4568 1430 4622 obtentum
1487 4569 1642 4623 illum
1698 4578 2028 4639 prietexens.

451 4664 599 4734 quod
630 4660 881 4731 episcopi
912 4673 1011 4714 eos
1043 4658 1141 4728 qui
1191 4658 1433 4713 Deciana
1463 4662 1856 4729 persecutione
1920 4658 2031 4713 diis

2759 3370 3011 3426 ΚΕΦΑΔ.
3038 3370 3113 3425 1".

2123 3460 2266 3530 Περὶ
2293 3461 2575 3516 Ναυάτου
2608 3460 2715 3515 τοῦ
2745 3461 3108 3529 ἀκαθάρτου.
3141 3460 3240 3517 καὶ
3290 3461 3412 3516 τῶν
3431 3461 3556 3516 κατ’
3586 3465 3698 3517 αὑ·

2388 3533 2499 3585 τὸν
2515 3531 2799 3601 διήγησις
2823 3548 2837 3563 ο
2871 3533 2972 3585 καὶ
2993 3535 3048 3586 τι
3074 3532 3436 3603 ἐδογμάτιζε.

2196 3641 2308 3699 Ἦν
2346 3645 2402 3699 δέ
2442 3663 2527 3709 τις
2560 3645 2686 3699 κατ’
2716 3647 2895 3700 ὲκεῖνο
2928 3647 3122 3719 καιροῦ
3154 3650 3219 3720 τῇ
3264 3647 3457 3721 Ῥώμῃ
3488 3648 3699 3715 διατρέο

2126 3740 2240 3793 ϐων
2271 3739 2650 3810 πρεσὸύτερος
2673 3755 2686 3769 ⁸
2713 3740 2968 3804 Ναυᾶτος
2989 3741 3163 3807 δνομα
3189 3741 3269 3811 τῷ
3327 3742 3481 3813 ἀνδρί
3500 3731 3707 3803 ὀὗτος

2126 3832 2310 3886 τοίνυν
2374 3832 2531 3900 τύφῳ
2582 3832 2679 3885 καὶ
2733 3831 2969 3904 διακένῳ
3026 3835 3352 3903 φρυάγματι
3424 3830 3701 3907 ἐπαρθεὶς,

2130 3923 2313 3977 πάντα.
2342 3922 2548 3988 κάλων,
2581 3923 2641 3975 τὸ
2667 3923 2766 3976 τοῦ
2806 3923 2996 3992 λόγου,
3034 3925 3209 3978 ἐκίνει
3263 3926 3362 3993 τῆς
3396 3925 3538 3979 κατὰ
3570 3927 3699 3976 Ῥώ-

2134 4034 2243 4087 μην
2277 4015 2608 4084 Ἐκκλησίας
2644 4016 2988 4086 ἡγήσασθαι.
3024 4017 3186 4070 Ἐπεὶ
3211 4016 3269 4071 δὲ
3307 4018 3487 4071 πάντα
3532 4017 3708 4088 πράτ-

2129 4126 2240 4162 των
2275 4107 2368 4161 τοῦ
2408 4106 2616 4161 σκοποῦ
2645 4107 3010 4179 διημάρτανε,
3043 4107 3205 4180 τύφῳ
3233 4110 3342 4180 γὰρ
3374 4111 3470 4163 καὶ
3501 4111 3710 4178 φιλοδο-

2134 4199 2254 4264 ξίας
2293 4200 2455 4269 ἔρωτι
2481 4200 2708 4270 ἀμέτρῳ
2733 4202 3070 4271 κατάσχετος
3107 4201 3205 4269 ὢν,
3242 4204 3323 4265 είς
3364 4204 3708 4268 κατάγνωσιν

2133 4289 2434 4364 προύκειτο
2462 4306 2475 4321 ·
2508 4291 2658 4355 τέλος
2717 4292 2875 4362 μήτι
2916 4296 3182 4361 πράττειν
3240 4292 3403 4365 έχων,
3454 4293 3553 4364 τῆς
3592 4293 3712 4347 Ἐκ-

2134 4384 2368 4453 κλησίας
2396 4383 2592 4435 ἑαυτὸν
2623 4383 2969 4455 ἀπορρήξας,
3016 4384 3125 4456 ἰδίᾳ
3159 4384 3456 4457 ἐκκλησίαν
3484 4385 3706 4454 συνῆγε,

2139 4478 2241 4530 καὶ
2269 4477 2474 4547 καινήν
2505 4492 2630 4531 τινα
2657 4479 3105 4547 ὲπικαινουργετν
3129 4477 3343 4548 αἵρεσιν
3373 4478 3559 4549 ἤθελε,
3581 4478 3712 4549 πρό-

2139 4583 2329 4638 σχημα
2381 4567 2543 4636 δῆθεν
2598 4567 2741 4638 ἔχων
2781 4568 2884 4637 τῆς
2934 4569 3300 4634 διαστάσεως,
3357 4572 3551 4642 ὅτιπερ
3587 4574 3711 4632 τοὺς

2140 4659 2510 4721 ὲπιθύσαντας
2538 4659 2599 4713 ὲν
2621 4658 2700 4730 τῷ
2733 4660 2879 4713 κατὰ
2916 4661 3111 4714 Δέκιον
3141 4660 3369 4732 διωγμῷ
3423 4662 3512 4717 διὰ
3546 4680 3706 4733 μετα-

454 4755 882 4816 sacriticassent,
904 4766 1002 4820 per
1036 4750 1365 4821 condignam
1400 4751 1780 4820 pteuitentiam
1814 4752 1870 4804 in
1911 4765 2012 4821 gra

2142 4750 2292 4812 νοίας
2331 4749 2616 4820 ἀξιολόγου
2645 4753 2959 4820 προσίεντο.
3001 4753 3089 4806 Ἐν
3116 4753 3282 4824 ὀλίγῳ
3302 4754 3358 4807 δὲ
3381 4754 3559 4825 καιρῷ
3593 4755 3715 4807 πολ-

458 4851 589 4902 tiam
641 4844 997 4915 recepissent.
1031 4842 1189 4897 Brevi
1240 4858 1373 4897 sane
1432 4853 1680 4913 tempore
1741 4845 2004 4912 permulti

2141 4844 2267 4906 λοὺς
2300 4845 2615 4913 ἀπατήσας,
2654 4845 2744 4912 ὑφ’
2778 4844 2971 4897 ἑαυτὸν
3016 4844 3242 4916 συνίστη
3279 4846 3580 4917 συνέδριον,
3619 4849 3715 4898 καὶ

455 4941 720 5004 seductis,
755 4953 918 4991 suum
942 4937 1045 4991 sibi
1080 4937 1366 4991 constituit
1428 4935 1883 4990 conventiculum
1912 4955 1927 4992 :
1981 4920 2039 4992 ει

456 5048 651 5087 eorum
675 5031 770 5100 qui
808 5038 1034 5099 propter
1066 5031 1257 5084 sordes
1311 5027 1538 5082 Cathari
1596 5027 1712 5082 sive
1772 5029 1898 5097 puri
1960 5030 2040 5098 (5)

460 5127 840 5187 nominantur,
873 5122 1073 5176 ducent
1098 5136 1157 5177 se
1182 5119 1333 5174 fecit.
1371 5119 1510 5175 Cum
1547 5132 1731 5176 autem
1750 5135 1879 5175 eum
1924 5121 2043 5190 epi-

534 5259 610 5329 (l)
644 5257 1026 5329 Exomologesi
1058 5265 1278 5329 peracta
1312 5253 1544 5329 scilicet.

537 5325 861 5399 (2).Placuit
897 5325 999 5382 hoc
1028 5326 1194 5399 etiam
1231 5325 1794 5399 plerisqueonmibus
1818 5327 2033 5391 Africae,

460 5395 756 5456 Numidia.
788 5397 1236 5465 Mauritanimque
1288 5395 1585 5464 episcopis.
1629 5397 1808 5466 Ipsum
1869 5398 2035 5451 etiam

463 5472 686 5525 beatum
721 5469 986 5523 Hilarium
1017 5466 1313 5536 aliquando
1343 5466 1507 5535 hujus
1536 5468 1822 5522 sententia:
1843 5468 2037 5533 fuisse,

465 5552 525 5594 nt
555 5542 623 5594 ab
646 5542 863 5594 Arianis
902 5539 1206 5606 baptizatos
1246 5553 1353 5589 non
1391 5538 1681 5604 reciperet,
1710 5538 1815 5593 nisi
1848 5555 2039 5593 rursus

465 5614 534 5666 ab
565 5611 889 5665 orthodoxis
923 5608 1363 5677 baptizareutur,
1390 5606 1563 5673 palam
1608 5610 1800 5662 scribit
1848 5610 2043 5661 Nicro-

467 5697 685 5752 nymus.
720 5682 802 5734 Ab
833 5681 947 5752 hoc
969 5679 1222 5752 dogmate
1271 5679 1435 5752 hodie
1475 5678 1730 5752 dissentit
1768 5679 2034 5741 Ecclesia,

468 5748 523 5803 ei
553 5753 900 5805 iterationem
938 5748 1189 5816 baptismi
1233 5749 1525 5815 prohibent
1565 5750 1874 5817 imperiales
1906 5767 2041 5803 cuii-

470 5821 809 5876 stitutioncs.
852 5822 963 5875 Nec
1001 5821 1135 5873 satis
1168 5830 1312 5875 esset
1352 5832 1527 5874 tumin
1575 5837 1693 5873 cum
1730 5823 1943 5888 aperire
1975 5824 2040 5871 de

2145 4935 2256 4988 τῶν
2284 4935 2373 4988 διὰ
2437 4936 2718 5005 ῥυπαρίαν
2769 4936 3048 5008 Καθαρῶν
3092 4936 3507 5007 ὀνομασθέντων
3566 4942 3718 4992 καθί-

2144 5044 2311 5081 στατο
2342 5028 2611 5098 ἀρχηγός.
2654 5027 2809 5081 Ἐπεὶ
2840 5028 2897 5081 δὲ
2929 5030 3026 5082 καὶ
3080 5034 3180 5099 τῆς
3230 5030 3295 5083 ὲκ
3324 5028 3519 5083 πολλοῦ
3559 5030 3716 5100 φίλης

2156 5120 2463 5190 ἱερωσύνης
2496 5121 2649 5191 αὑτῷ
2675 5121 2934 5190 μετέχειν
2962 5122 3151 5192 ἐχρῆν,
3176 5121 3270 5175 δύο
3290 5122 3400 5175 τῶν
3422 5140 3571 5185 τινας
3595 5124 3719 5174 ἐαυ-

2141 5257 2313 5330 sacris
2358 5257 2702 5330 caeremoniis
2742 5257 3066 5330 fenestram,
3116 5269 3175 5314 ut
3213 5261 3471 5316 sacerdos
3521 5263 3721 5330 impius

2148 5327 2282 5411 nihil
2323 5344 2483 5408 agere
2522 5328 2803 5411 credatur.
2835 5326 3010 5411 Quam
3061 5332 3376 5411 opinionem
3435 5326 3722 5411 obtinuere

2146 5399 2463 5472 Donatistw,
2492 5397 2585 5472 sed
2616 5398 2767 5472 enim
2793 5399 2846 5472 in
2885 5397 3109 5472 Polonia
3145 5417 3290 5455 nunc
3340 5397 3557 5472 quoque
3606 5403 3724 5470 epi-

2148 5468 2322 5539 scopi,
2357 5468 2611 5539 homines
2640 5469 2709 5521 ab
2738 5465 3119 5523 Orientalibus
3158 5465 3541 5526 sacerddtib'us
3586 5465 3719 5539 qna-

2148 5538 2228 5591 les
2276 5539 2508 5610 suntin
2565 5536 2834 5610 Moscovia
2877 5549 2933 5592 et
2982 5540 3176 5595 liussua
3208 5544 3375 5599 otnui,
3425 5536 3727 5610 baptizatos

2150 5611 2332 5661 denuo
2392 5609 2629 5677 tingunt,
2687 5607 2793 5662 illis
2854 5609 3086 5676 adjectis
3148 5610 3344 5674 verbis,
3397 5613 3453 5667 Si
3496 5607 3615 5664 'nou
3672 5629 3724 5665 es

2148 5679 2475 5746 baptizatus.
2518 5678 2680 5731 Adfui
2725 5678 2840 5746 ipse
2877 5680 3146 5737 ablutiuui
3190 5684 3502 5753 huiusmodi
3546 5694 3722 5736 snsce-

2150 5760 2290 5817 ptut'.

2224 5821 2300 5888 t5)
2333 5821 2432 5873 l’er
2469 5819 2813 5888 antiphrasin
2857 5822 3133 5877 videlicet.
