4032 6432
467 457 606 521 11219
1689 458 2117 519 ΝῙΕΕΡΗΟΒΙ
2158 458 2508 520 CALLISTI
2830 460 2841 467 '
3581 449 3711 517 liii)

460 576 519 623 et
543 582 643 637 pro
682 583 751 621 eo
804 567 950 637 quod
1009 568 1203 630 Amen,
1271 580 1597 621 reversuros
1625 566 1838 622 scilicet
1871 582 1930 623 se
1974 582 2026 621 at

2147 567 2443 636 ἐπανήκων
2482 569 2551 637 τῇ
2593 564 2895 635 Ἐκκλησία
2952 564 3023 617 τδ⁴
3041 560 3298 635 ἔγκλημα
3350 563 3667 633 ἀπωδύρετο
3691 580 3709 597 '

458 658 781 715 Cornelium
833 656 1177 729 proﬁtentes,
1230 658 1417 713 dicere
1464 657 1765 723 debebant,
1808 658 2026 713 minime

2142 659 2241 712 καὶ
2291 658 2576 730 εἰσεδέχθη
2632 655 2827 711 λαῖκοῦ
2858 657 3046 728 χώραν
3080 656 3281 726 δούσης
3313 656 3482 723 αὐτῷ.
3532 656 3625 717 Εἰς
3654 655 3711 708 δὲ

462 767 524 808 se
553 750 833 808 redituros
873 751 1155 807 dixerunt.
1191 753 1367 822 Hujus
1414 750 1689 816 fraudem,
1729 750 2026 820 malignita-

2139 749 2268 813 τοὺς
2320 748 2519 814 τόπους
2542 751 2656 804 τῶν
2689 749 3012 803 ἐπισκόπων
3040 748 3238 812 ἄλλους
3280 749 3710 820 χειροθετησασα

460 854 594 913 tem,
618 854 676 901 et
700 845 990 903 cacoethes
1019 844 1271 907 haresis,
1303 843 1573 899 Maximus
1616 842 1924 914 presbyter,
1978 852 2036 897 et
2139 843 2377 898 ἔστελλε.

461 936 740 1004 Urbanus,
766 938 1263 1010 quibisliherrime
1300 952 1399 1007 pro
1415 936 1638 992 Christo
1655 935 2030 998 decertarunt,
2069 945 2126 991 et
2202 939 2478 1007 ingentem
2509 936 2737 1007 gloriam
2816 950 2887 990 ex
2941 933 3285 990 confessione
3334 942 3707 1004 repertarum,

458 1042 725 1101 νηοῖσι-οε
749 1035 1081 1091 Sidoniuset
1103 1034 1520 1104 Cclerinus,qui
1566 1035 1618 1088 in
1651 1032 1844 1088 eodem
1905 1031 2085 1087 stadio
2122 1033 2512 1097 decurrerunt,
2544 1033 2706 1104 primi
2726 1031 3211 1102 deprehenderunt
3241 1048 3255 1086 :
3287 1027 3560 1101 primique
3582 1045 3706 1085 cum

455 1141 523 1180 eo
562 1128 865 1197 congressi,
915 1128 984 1184 de
1019 1142 1086 1185 eo
1119 1128 1459 1198 triumphum
1508 1130 1565 1180 in
1631 1125 1884 1182 Ecclesia
1940 1134 2197 1195 egerunt.
2256 1127 2339 1182 Ex
2401 1126 2487 1183 eis
2525 1134 2709 1181 autem
2745 1127 2841 1197 qui
2876 1122 3138 1195 sull‘ragio
3176 1132 3233 1180 et
3296 1125 3708 1180 consecratione

457 1235 554 1271 sua
584 1220 860 1276 Novatum
916 1221 1241 1292 episcopum
1306 1222 1660 1286 ordinarant,
1720 1234 1863 1275 unus
1924 1232 2034 1274 non
2072 1220 2232 1290 longe
2290 1228 2417 1291 post
2484 1219 2552 1274 ad
2582 1218 2885 1275 Ecclesiam
2914 1232 3194 1283 reversus,
3216 1218 3448 1273 crimine
3470 1233 3568 1288 per
3594 1233 3709 1288 pte—

456 1317 748 1371 nitentiam
780 1326 837 1372 et
866 1318 1078 1373 luctum
1105 1318 1334 1382 abolito,
1379 1325 1632 1388 receptus
1658 1316 1905 1387 quidem,
1930 1315 2027 1371 sed
2058 1316 2181 1372 laici
2246 1324 2459 1373 tantum
2489 1316 2538 1371 ei
2603 1331 2864 1376 concessa
2919 1329 3038 1371 sors
3065 1324 3173 1378 est,
3221 1327 3286 1369 ac
3338 1313 3392 1369 in
3426 1314 3708 1385 episcoiio.

458 1422 578 1460 rum
604 1422 796 1463 eorum
826 1412 1009 1467 locum
1037 1412 1131 1465 alii
1163 1420 1289 1467 sunt
1323 1410 1562 1466 sulfecti.

983 1546 1143 1619 393
1165 1546 1391 1603 CAPUT
1428 1547 1516 1602 IV.

457 1656 727 1722 Quomodo
757 1661 1032 1731 Dionysius
1065 1663 1333 1725 lapsorum
1359 1664 1587 1718 suaserit
1638 1672 1923 1727 receptum,
1976 1670 2029 1715 et

856 1734 1076 1798 epistola
1107 1736 1219 1803 ejus
1248 1737 1318 1788 ad
1350 1734 1641 1789 Novatum.

532 1936 737 1991 llaaresi
773 1951 835 1991 ea
867 1936 1027 2006 longe
1055 1936 1274 2006 lateque
1313 1935 1545 2006 vulgata,
1572 1936 1769 2005 ingens
1798 1943 1920 1988 erat
1944 1944 2030 1989 tu-

460 2030 703 2085 multus:
736 2037 793 2083 et
820 2029 976 2084 multi
1012 2028 1359 2085 orationibus
1396 2027 1642 2097 scriptis,
1671 2026 1829 2080 multi
1859 2027 2031 2081 etiam

454 2124 593 2178 aliis
613 2122 793 2178 modis
822 2122 1064 2192 aggressi
1110 2132 1240 2178 sunt
1268 2120 1624 2176 fundamenta
1654 2122 1776 2191 ejus
1827 2122 2034 2176 erroris

453 2224 727 2272 evertere.
752 2214 884 2282 Quae
906 2230 1037 2271 vero
1068 2216 1125 2269 in
1160 2215 1392 2285 epistola
1425 2196 1661 2284 quadam
1705 2212 2033 2268 Alexandri-

455 2324 562 2364 uus
594 2307 888 2378 Dionysius
939 2307 1250 2377 scripserit,
1297 2305 1609 2361 audiamus.
1648 2305 1866 2362 «Sancti
1923 2306 2027 2377 ipsi

453 2401 596 2469 apud
631 2415 733 2455 nos
767 2409 1058 2470 martyres,
1113 2398 1320 2455 Christi
1372 2413 1522 2455 nunc
1567 2412 1896 2463 assessores,
1947 2415 2032 2455 re-

452 2492 655 2563 gnique
677 2493 797 2562 ejus
831 2490 1151 2562 participes,
1178 2490 1482 2561 participes
1529 2490 1699 2545 etiam
1721 2489 1938 2562 judicii,
1974 2501 2033 2547 et

454 2600 553 2653 pro
586 2584 847 2640 tribunali
910 2598 1036 2638 cum
1087 2597 1156 2637 eo
1197 2581 1474 2647 sedentes,
1523 2581 1708 2652 lapsos
1760 2583 2031 2652 quosdam

451 2678 651 2731 fratres
679 2676 1192 2744 sacrificiorumque
1240 2673 1451 2730 crimen
1501 2674 1842 2730 sustinentes
1880 2689 2032 2730 rece-

452 2777 655 2836 perunt
679 2787 691 2820 :
711 2767 1243 2837 conversionemque
1261 2775 1315 2821 et
1331 2767 1713 2836 ptenitentiam
1743 2782 1935 2823 eorum
1956 2768 2034 2823 vi-

451 2860 665 2920 dentes,
685 2865 848 2927 atque
871 2868 1151 2925 acceptam
1170 2846 1626 2928 gratamquelore
1646 2858 1698 2913 ei
1712 2859 2032 2913 existiman-

455 2960 559 3010 ινδ,
598 2949 693 3020 qui
719 2963 825 3002 non
848 2948 923 3002 ita
939 2946 1057 3003 vult
1073 2957 1306 3003 mortem
1322 2949 1651 3016 peccatoris,
1666 2957 1832 3019 atque
1860 2949 2033 3019 ipsius

455 3040 862 3112 pamitrntiam,
878 3039 1157 3108 explorata
1181 3054 1245 3094 ea
1264 3047 1430 3109 atque
1452 3039 1833 3110 comprobata,
1851 3039 1905 3095 in
1930 3041 2032 3097 Ec-

450 3133 677 3191 clesiam
708 3131 1069 3197 admiserunt,
1093 3140 1148 3186 et
1173 3131 1243 3186 ad
1273 3146 1399 3185 eum
1428 3131 1651 3187 modum
1681 3134 1917 3201 receptis
1946 3133 2030 3185 lo-

2738 1546 2991 1602 ΚΕΦΑΛ.
3029 1545 3103 1602 Δ’.

2137 1658 2276 1724 Περὶ
2296 1651 2385 1710 ὧν
2408 1658 2733 1726 εἰσηγεῖται
2760 1656 3074 1721 Διονύσιος
3103 1658 3192 1729 si;
3216 1656 3568 1729 παραδοχὴν
3588 1655 3707 1729 τῶν*

2207 1730 2810 1791 παραπεπτωκότωνο
2874 1728 2973 1781 καί
3024 1726 3320 1795 ἐπιστολὴ
3371 1728 3475 1781 τοῦ
3519 1726 3704 1780 αὐτοῦ

2208 1796 2359 1863 πρὸς·
2392 1797 2693 1853 Numitor.

2210 1931 2325 2000 Τῆς
2354 1932 2411 1985 δὲ
2432 1934 2555 1986 κατ’
2586 1933 2752 1986 αὐτὸν
2773 1933 3042 2004 αἱρέσεως
3070 1933 3505 2003 πλατυνομένης,
3542 1934 3704 1997 πολὺς

2134 2024 2373 2092 τάραχος
2403 2018 2490 2094 ἦν,
2531 2025 2628 2077 καὶ
2666 2023 2857 2078 πολλοὶ
2890 2024 2990 2094 μὲν
3019 2024 3219 2093 λόγοις,
3272 2023 3458 2077 πολλοὶ
3502 2025 3559 2077 δὲ
3608 2028 3703 2078 καὶ

2135 2114 2339 2183 τρόπον
2373 2114 2586 2183 ἕτερον,
2626 2116 2920 2173 καταλύειν
2941 2118 3262 2187 ἐπεχείρουν
3291 2117 3350 2169 τὸ
3378 2116 3476 2186 τῆς
3497 2115 3706 2178 πλάντς

2136 2206 2416 2276 θεμέλιον.
2443 2200 2545 2260 Οἷα
2598 2207 2646 2259 δ’
2679 2203 2775 2261 οὖν
2811 2208 2906 2261 καὶ
2933 2209 2961 2260 6
2986 2208 3090 2276 τῆς
3145 2207 3553 2277 Ἀλεξανδρείας
3577 2209 3706 2262 ἑπέ-

2136 2298 2321 2353 στελλε
2355 2299 3091 2369 Διονύσιος,διακούσωμιν.
3140 2319 3161 2353 ι
3219 2299 3386 2353 Αὐτοὶ
3437 2299 3615 2353 τοίνυν
3654 2301 3707 2351 οί

2134 2389 2267 2446 θεῖοι
2305 2394 2585 2463 μάρτυρες
2609 2436 2625 2459 ,
2646 2395 2697 2447 ol
2733 2392 2829 2449 νῦν
2849 2395 2983 2462 παρ’
3013 2396 3146 2462 ἡμῖν
3167 2393 3263 2447 τοῦ
3294 2395 3533 2463 Χριστοῦ
3557 2396 3704 2465 πάρ⁸

2134 2485 2281 2554 εδροι
2301 2526 2315 2549 ,
2352 2489 2450 2542 καὶ
2479 2488 2579 2557 τῆς
2609 2487 2891 2557 βασιλείας
2948 2486 3119 2541 αὑτοῦ
3150 2486 3421 2552 κοινωνοὶ,
3452 2489 3542 2541 καὶ
3571 2486 3704 2556 μέτ-

2134 2591 2249 2644 οχοι
2289 2577 2391 2639 τῆς
2435 2577 2672 2648 κρίσεως
2713 2577 2881 2631 αὑτοῦ
2927 2579 3022 2631 καὶ
3085 2578 3500 2642 συνδικάζοντες
3531 2577 3705 2645 αὐτῷ,

2134 2666 2244 2720 τῶν
2305 2670 2834 2738 παραπεπτωκότων
2889 2668 3135 2736 ἀδελφῶν
3168 2686 3321 2733 τινας
3367 2668 3702 2730 ὑπευθύνους

2138 2760 2251 2823 τοῖς
2284 2760 2397 2814 τῶν
2443 2760 2651 2815 θυσιῶν
2698 2763 3015 2830 ἐγκλήμασι
3063 2762 3397 2830 γενομένους
3437 2762 3676 2832 προσελὰ

2135 2850 2324 2905 6οντο’
2383 2853 2480 2905 καὶ
2538 2852 2639 2923 τὴν
2664 2855 3007 2924 ἐπιστροφὴν
3053 2853 3148 2907 καὶ
3173 2854 3468 2923 μετάνοιαν
3513 2853 3700 2907 αὐτῶν

2137 2944 2358 3011 ἰδόντες,
2388 2944 2588 3016 δεκτὴν
2636 2946 2893 3014 γενέσθαι
2931 2946 3242 3015 δυναμένην
3300 2946 3379 3015 τῷ
3416 2946 3488 3016 μὴ
3518 2945 3704 3013 βουλο-

2137 3038 2284 3108 μένῳ
2319 3037 2550 3090 καθόλου
2585 3038 2676 3091 τὸν
2711 3038 2944 3093 θάνατον
2972 3038 3070 3092 τοῦ
3119 3038 3472 3109 ἁμαρτωλοῦ,
3501 3039 3577 3101 ὡς
3602 3038 3703 3108 τὴν

2138 3130 2430 3199 μετάνοιαν
2458 3130 2884 3198 δοκιμάσαντες,
2920 3130 3261 3195 εἰσεδέξαντο
3284 3173 3301 3195 ,
3339 3132 3431 3184 καὶ
3460 3132 3702 3197 συνήγα-

450 3239 578 3280 cum
606 3238 767 3278 suum
795 3222 1092 3289 dederunt,
1117 3222 1537 3291 orationemque
1570 3221 1736 3277 simul
1756 3233 1811 3277 et
1840 3222 2025 3278 cibum

2133 3222 2368 3289 γον,καὶ
2399 3223 2758 3290 συνέστησαν,
2786 3221 2882 3274 καὶ
2903 3222 3225 3292 προσευχῶν
3259 3224 3447 3284 αὐτοῖς
3500 3223 3592 3274 καὶ
3641 3222 3703 3274 ἑ-

452 3333 578 3373 cum
612 3317 696 3373 eis
718 3315 1223 3371 communicarunt.
1268 3314 1561 3382 Quodnam
1591 3316 1782 3385 igitur,
1814 3315 2031 3381 fratres,

2136 3315 2401 3377 στιάσεως
2428 3316 2820 3384 ἐκοινώνησαν.
2854 3315 2919 3368 Τί
2949 3310 3042 3368 οὖν
3066 3317 3220 3385 ἡμῖν,
3263 3315 3502 3384 ἀδελφοὶ,
3556 3331 3700 3383 συμ-

448 3408 608 3463 nobis
631 3406 701 3475 de
720 3409 805 3463 eis
817 3405 1108 3462 consilium
1127 3404 1294 3461 datis?
1313 3405 1445 3476 quid
1470 3405 1782 3473 faciendum
1804 3408 2026 3477 putatis‘l

2134 3402 2421 3455 ϐουλεύετε
2460 3405 2588 3473 περὶ
2636 3402 2886 3470 τούτων;
2926 3403 2980 3455 τί
3013 3405 3144 3472 ἡμῖν
3202 3406 3517 3471 πρακτέον;
3551 3403 3699 3471 Σύμ-

459 3500 927 3570 suﬂ‘ragatoresne
967 3507 1024 3554 et
1060 3497 1468 3568 subscriptores
1494 3498 1715 3553 illorum
1746 3500 2033 3554 sententiae

451 3588 684 3653 erimus,
709 3586 1096 3657 judiciumque
1126 3595 1184 3642 et
1229 3587 1459 3657 gratiam
1499 3602 1692 3643 eorum
1723 3599 2030 3653 servantes,

449 3678 845 3749 benignosnos
874 3694 1003 3748 erga
1036 3693 1152 3741 eos,
1194 3693 1428 3748 quorum
1480 3678 1558 3733 illi
1613 3680 1829 3737 miserti
1878 3691 2031 3747 sunt,

445 3770 856 3827 exhibebimus?
878 3786 948 3827 an
964 3769 1234 3841 judicium
1258 3786 1450 3826 eorum
1472 3772 1638 3827 veluti
1666 3774 1919 3844 iniquum
1945 3790 2034 3829 re-

450 3864 1004 3934 probabimus,atque
1023 3864 1078 3918 in
1095 3866 1425 3919 sententiam
1444 3878 1635 3918 eorum
1658 3865 2028 3935 inquiremus.

453 3956 957 4029 benignitatemque
984 3957 1455 4019 contristabimus.
1475 3968 1531 4013 et
1556 3958 1705 4028 quod
1762 3958 1901 4013 bene
1944 3969 2030 4013 est

462 4049 824 4104 constitutum
850 4058 905 4102 et
926 4048 1239 4103 ordinatum
1267 4048 1710 4114 retractabimus,
1745 4050 2029 4121 Deumque

446 4138 626 4207 ipsum
641 4130 1132 4195 exacerbabimus?
1151 4157 1169 4189 ι
1187 4136 1311 4193 Hsec
1327 4138 1622 4209 Dionysius
1641 4139 1707 4194 de
1726 4138 1808 4194 eis
1822 4141 1914 4210 qui
1931 4158 2028 4211 per

452 4230 826 4285 inlirmitatem
867 4231 1314 4300 persecutionum
1355 4231 1700 4302 temporibus
1737 4232 1876 4303 lapsi
1916 4233 2028 4289 fue-

448 4331 593 4388 rant,
622 4322 862 4392 scripsit.
884 4323 1080 4390 Qualia
1100 4338 1227 4377 vero
1247 4321 1315 4378 ad
1334 4322 1513 4392 ipsum
1537 4322 1805 4380 Novatum
1835 4326 2029 4382 Eccle-

448 4415 583 4467 sium
608 4414 796 4469 Roma:
815 4415 1233 4483 perturbantem
1266 4416 1573 4485 scripserit,
1602 4432 1824 4488 aequum
1853 4427 1937 4474 est
1967 4429 2026 4474 ut

449 4508 537 4559 bir.
555 4505 884 4576 proferatur.
905 4510 1041 4561 Cum
1075 4507 1222 4561 enim
1245 4507 1359 4573 ille,
1377 4509 1479 4563 sub
1496 4509 1727 4565 obtentu
1759 4512 2021 4581 quodam,

2131 3494 2306 3563 ψηφοι
2345 3495 2441 3548 καὶ
2485 3493 2872 3566 ὁμογνώμονες
2917 3496 3102 3559 αὐτοῖς
3160 3496 3559 3565 καταστῶμεν,
3594 3499 3688 3548 καὶ

2132 3588 2231 3660 τὴν
2279 3590 2457 3659 κρίσιν
2485 3589 2667 3641 αὐτῶν
2697 3588 2791 3642 καὶ
2837 3589 2938 3657 τὴν
2969 3590 3129 3661 χάριν
3182 3590 3546 3661 φυλάξομενς
3601 3595 3701 3645 καὶ

2132 3684 2246 3744 τοῖς
2295 3682 2598 3751 ὲλεηθεῖσιν
2647 3682 2948 3735 ὑπἀὺτῶν
2996 3684 3546 3753 χρηστευσόμεθλςῆ
3603 3688 3704 3751 τὴν

2131 3774 2314 3843 κρίσιν
2341 3775 2523 3827 αὐτῶν
2556 3776 2746 3828 ἄδικον
2800 3778 3174 3846 ποιησόμεθα;
3209 3779 3307 3829 καὶ
3362 3778 3700 3846 tempusad;

2133 3867 2333 3929 αὐτοὺς
2365 3868 2466 3936 τῆς
2505 3868 2737 3921 ἐκείνων
2765 3871 2990 3938 γνώμης
3037 3872 3438 3939 ἐπιστῇσομενς
3479 3873 3572 3923 καὶ
3600 3872 3701 3940 τὴν

2133 3962 2482 4031 χρηστότητα
2540 3960 2890 4030 λυπήσομενς
2925 3963 3025 4015 καὶ
3063 3963 3162 4033 τὴν
3208 3962 3364 4026 τάξιν
3400 3966 3703 4017 ἀνασκευάο

2134 4069 2336 4120 σομεν;
2370 4053 2464 4104 καὶ
2492 4050 2584 4105 τὸν
2610 4052 2740 4105 Θεὸν
2772 4053 3222 4124 πχροξυνοῦμεν;
3257 4073 3275 4106 ι
3306 4055 3489 4109 Ταῦτα
3532 4056 3629 4125 μὲν
3666 4057 3696 4108 ὑ

2131 4142 2412 4205 Διονύσιος
2434 4143 2560 4213 περὶ
2597 4143 2705 4196 τῶν
2744 4144 3191 4214 ὲξησθενηκότων
3244 4148 3305 4200 ὲν
3353 4148 3431 4217 τῷ
3474 4147 3696 4215 διωγμῷ

2133 4236 2415 4305 γέγραφεν
2447 4253 2460 4268 ·
2494 4239 2654 4290 ὁποῖα
2680 4237 2735 4289 δὲ
2766 4239 2860 4290 καὶ
2913 4237 3061 4304 αὐτῷ
3117 4238 3307 4307 ἐκείνῳ
3341 4238 3570 4308 Ναυατῳ
3596 4238 3695 4307 τὴν

2132 4328 2188 4383 ἐν
2228 4326 2415 4399 Ῥώμῃ
2451 4328 2776 4399 Ἐκκλησίαν
2800 4329 3176 4384 διασαλεύοντι
3209 4332 3477 4400 γέγραρε,
3510 4346 3698 4397 παρα·-

2133 4420 2324 4473 θέσθαι
2372 4420 2600 4474 δίκαιον.
2679 4422 2899 4492 Ἐπειδὴ
2946 4424 3054 4491 γάρ
3092 4438 3247 4486 τινας
3294 4423 3405 4475 τῶν
3455 4423 3695 4490 ἀδελφῶν

2135 4512 2515 4583 προὺὸἐϐλητο
2544 4514 2639 4567 ἐπὶ
2663 4517 2939 4584 προφάσει
2964 4514 3059 4567 τοῦ
3108 4516 3436 4585 σχίσματος,
3494 4516 3568 4577 ὡς
3631 4516 3693 4581 δὴ

450 4602 503 4651 iu
542 4598 836 4652 nonnullos
868 4598 1068 4653 fratres
1090 4597 1402 4656 schismatis
1432 4612 1488 4656 et
1525 4601 1739 4657 dissidii
1776 4617 2021 4666 causam,

2132 4604 2269 4672 πρὸς
2332 4606 2511 4659 αὐτῶν
2574 4607 2800 4659 ἐκείνων
2863 4607 3293 4676 ἐκϐεϐιασμένος
3365 4608 3543 4660 ἐλθεῖν
3604 4609 3697 4659 ἐπὶ

457 4689 685 4758 perinde
745 4697 911 4763 atque
959 4690 1027 4746 ab
1061 4692 1169 4746 illis
1195 4692 1263 4747 ad
1312 4693 1546 4748 consilia
1563 4704 1857 4764 cmptaque
1888 4695 2029 4764 ejus.

455 4780 626 4847 ll'ltldl,
651 4797 750 4852 per
773 4788 883 4837 vim
917 4784 1253 4841 descendere
1279 4796 1504 4842 coactus
1535 4795 1704 4851 esset,
1724 4786 2023 4850 conferret,

447 4874 803 4944 vide,qua:so
826 4916 842 4942 ,
867 4876 1069 4946 quibus
1104 4876 1171 4931 ad
1205 4893 1331 4933 eum
1367 4887 1552 4932 utatur
1585 4877 1801 4932 verbis:
1840 4895 1859 4927 ι
1896 4876 2025 4930 Dio-

450 4969 640 5037 nysius
673 4969 886 5025 Novato
928 4969 1083 5025 fratri
1106 4970 1362 5026 salutem.
1383 4969 1442 5025 Si
1481 4970 1708 5034 invitus,
1732 4981 1788 5023 ut
1817 4968 2023 5038 inquis,

450 5061 555 5113 hoc
579 5059 795 5115 consilii
826 5060 1045 5131 cepisti,
1080 5062 1340 5126 idipsum,
1371 5060 1419 5115 si
1443 5062 1725 5115 voluntate
1748 5070 1803 5114 et
1829 5069 2022 5130 sponte

453 5160 543 5206 tua
581 5153 635 5206 in
678 5153 821 5208 viam
882 5154 1138 5219 redieris,
1183 5153 1513 5209 declarabis.
1546 5151 1615 5207 Et
1645 5167 1756 5208 non
1789 5153 2022 5207 minoris

447 5243 699 5315 martyrii
728 5244 910 5300 laudis
938 5256 994 5299 et
1029 5245 1213 5316 gloriae
1256 5244 1457 5310 fuerat,
1491 5244 1603 5299 imo
1647 5259 1772 5298 meo
1810 5243 2022 5313 judicio

449 5336 615 5391 etiam
646 5339 894 5408 majoris,
916 5339 1221 5395 Ecclesium
1257 5354 1368 5392 non
1402 5337 1677 5403 scindere,
1696 5353 1862 5408 quam
1893 5338 2018 5391 ido-

443 5428 511 5483 lis
540 5445 649 5484 non
680 5431 1013 5486 sacrificare.
1053 5431 1164 5487 Hac
1191 5433 1341 5487 enim
1399 5442 1556 5502 parte
1585 5432 1749 5487 alicui
1783 5433 1852 5488 de
1887 5448 2016 5500 una,

442 5537 620 5589 eaque
650 5537 748 5577 sua
784 5525 957 5593 ipsius
1015 5524 1219 5591 anima,
1252 5524 1554 5593 suscipitur
1592 5533 1871 5578 certamen
1906 5541 1922 5578 :
1961 5526 2016 5577 in

366 5638 397 5661 κ
446 5615 535 5666 illa
569 5624 782 5679 autem,
817 5620 879 5669 de
902 5616 1143 5672 Ecclesia
1182 5617 1437 5695 universa
1469 5616 1716 5688 martyrii
1765 5616 2015 5671 subeun-

443 5705 547 5761 ilus
575 5718 662 5761 est
694 5724 854 5777 agon.
900 5709 1137 5764 Proinde
1161 5710 1205 5764 si
1233 5710 1317 5765 vel
1356 5711 1720 5778 persuaseris,
1754 5711 1836 5764 vel
1895 5725 2017 5765 coe—

439 5798 587 5862 geris
619 5798 820 5853 fratres
850 5801 917 5854 uti
954 5801 1305 5855 concordiam
1355 5800 1558 5863 redire,
1594 5784 1870 5856 illustrior
1914 5804 2008 5856 tibi

444 5884 561 5949 ipso
597 5887 749 5953 lapsu
783 5889 947 5944 fuerit
982 5892 1357 5958 resip'seeutiu
1391 5910 1403 5945 :
1431 5891 1594 5967 394
1623 5904 1672 5943 et
1711 5908 1836 5944 cum
1861 5909 2019 5945 erra-

2132 4695 2330 4759 ταῦτα,
2357 4696 2457 4767 ὅρα
2481 4697 2604 4749 τίνα
2637 4699 2839 4766 τρόπον
2865 4700 2960 4750 καὶ
2991 4698 3139 4766 αὐτῷ
3181 4698 3384 4768 γράφει
3406 4712 3420 4728 ο
3456 4717 3474 4748 ι
3518 4697 3689 4749 Δοονύ·

2134 4803 2251 4847 σιος
2279 4787 2615 4858 Ναυατιανῴ
2659 4788 2873 4856 ἀδελφῷ
2903 4792 3139 4861 χαίρειν·
3177 4793 3225 4841 εί
3256 4791 3429 4852 ἄκων,
3460 4790 3534 4851 ὡς
3571 4792 3696 4860 φῂς.

2131 4879 2331 4949 ἤχθης,
2382 4881 2599 4947 δείξεις,
2632 4882 2698 4936 ἂν
2754 4884 3120 4954 ἀναχωρήσῃς
3185 4884 3347 4937 ἑκών.
3400 4883 3549 4935 Ἔδει
3599 4883 3696 4950 μὲν

2130 4971 2241 5039 γὰρ
2279 4970 2371 5021 καὶ
2405 4971 2510 5023 πᾶν
2551 4969 2729 5023 ὁτιοῦν
2770 4973 2988 5035 παθεῖν,
3030 4971 3172 5040 ὑπὲρ
3205 4970 3299 5024 τοῦ
3330 4970 3406 5041 μὴ
3437 4971 3693 5038 διακόψαι

2128 5061 2228 5130 τὴν
2270 5061 2603 5132 Ἐκκλησίαν
2649 5062 2745 5118 τοῦ
2787 5063 2926 5115 Θεοῦ
2955 5080 2969 5094 ·
3020 5065 3116 5116 καὶ
3152 5060 3219 5135 ἦν
3270 5063 3370 5116 οὐκ
3401 5063 3693 5128 ἀδοξοτέρα

2125 5155 2225 5222 τῆς
2290 5155 2479 5215 ἕνεκεν
2522 5154 2617 5210 τοῦ
2664 5158 2741 5226 μὴ
2785 5156 3245 5227 εἰδωλόλατρῆσαι
3302 5158 3598 5226 γενομένης
3662 5156 3692 5222 ἡ

2126 5246 2292 5300 ἕνεκα
2314 5247 2408 5300 τοῦ
2447 5246 2524 5318 μὴ
2574 5248 2761 5317 σχίσαι
2803 5248 3111 5317 μαρτυρίου
3149 5264 3162 5277 ·
3188 5247 3312 5300 κατ’
3361 5247 3460 5315 ἐμὲ
3513 5247 3567 5299 δὲ
3600 5247 3694 5297 καὶ

2127 5336 2356 5405 μείζων.
2396 5340 2546 5393 Ἐκεῖ
2578 5340 2679 5410 μὲν
2734 5340 2846 5409 γὰρ
2885 5340 3026 5410 ὑπὲρ
3058 5341 3190 5408 μιᾶς
3222 5356 3305 5402 τις
3349 5343 3448 5407 τῆς
3498 5337 3692 5391 ἑαυτοῦ

2125 5431 2324 5501 ψυχῆς,
2358 5432 2593 5485 ἐνταῦθα
2620 5432 2676 5485 δὲ
2715 5432 2855 5502 ὑπὲρ
2894 5433 3021 5502 ὅλης
3049 5431 3148 5499 τῆς
3190 5430 3518 5499 Ἐκκλησίας
3552 5447 3690 5497 μαρ-

2124 5525 2306 5593 τυρεῖ.
2341 5526 2451 5579 Καὶ
2478 5523 2574 5577 νῖν
2606 5525 2663 5578 δὲ
2691 5526 2740 5577 εί
2766 5524 3000 5588 πείσεις,
3034 5525 3065 5591 ἣ
3104 5524 3328 5593 βιάσαιο
3378 5524 3498 5586 τοὺς
3538 5523 3689 5574 ἀδελ-

2128 5616 2261 5683 φοὺς
2290 5617 2650 5686 εἰςόμόνοιαν
2681 5615 2878 5680 ὲλθείν,
2910 5616 3096 5685 μεῖζον
3123 5618 3275 5667 ἔσται
3301 5632 3381 5667 σοι
3413 5614 3505 5666 τοῦ
3523 5613 3691 5681 σφάλ-

2130 5726 2298 5778 ματος
2332 5710 2394 5761 τὸ
2425 5710 2760 5779 κατόρθωμα
2781 5723 2795 5737 ⁸
2828 5710 2922 5761 καὶ
2955 5710 3016 5759 τὸ
3052 5706 3150 5776 μὲν
3176 5708 3236 5759 οὐ
3265 5705 3647 5776 λογισθήςεται
3667 5742 3681 5766 ,

2129 5800 2199 5852 τὰ
2233 5802 2290 5854 δὲ
2350 5802 2799 5870 ἐπαινεθήσεται.
2850 5801 2910 5853 Εἰ
2971 5800 3025 5852 δὲ
3074 5797 3444 5871 ἀπειθοιὲντιυν
3488 5794 3687 5848 drawn-

2126 5894 2300 5960 τοίης,
2353 5892 2538 5951 σώζων
2595 5892 2733 5954 σῶζε
2796 5892 2893 5962 τὴν
2956 5890 3185 5943 σεαυτυῦ
3242 5891 3436 5957 ψυχήν.
3664 5915 3686 5929 -
