4032 6430
361 443 492 509 1151

1583 449 2014 510 NlCEl‘HORI
2056 449 2404 509 CALLlSTI

3495 444 3626 510 125?.

359 557 428 611 ad
479 557 649 627 pedes
679 573 831 612 meos
864 558 1187 626 provolutus
1215 598 1230 622 ,
1297 561 1571 614 conﬁtens
1603 561 1826 630 quidem
1881 572 1938 616 et

2056 561 2318 630 ανύμενος
2373 560 2432 612 τὸ
2484 559 2804 629 βάπτισμα,
2861 555 2890 608 δ
2952 555 3108 621 παρά
3165 559 3279 616 τοῖς
3330 558 3626 626 αἰρετιγοῖς

359 647 627 717 abjurans
670 649 1026 717 baptismum,
1063 667 1226 718 quem
1262 650 1330 703 ab
1364 651 1644 704 hatreticis
1681 667 1942 718 suscepe-

361 747 469 800 rat,
496 755 606 793 non
639 741 804 794 talem
839 755 964 794 eum
997 755 1119 794 esse
1157 756 1404 809 prorsus,
1437 757 1617 811 neque
1641 742 1942 812 quidquam

361 846 506 900 cum,
543 831 646 884 hoc
684 831 888 886 habere
921 832 1338 886 communionis
1382 833 1546 898 dixit,
1586 835 1722 903 quin
1775 835 1941 888 etiam

362 922 726 991 blasphemiis
762 923 914 977 illum
947 923 1212 976 refertum
1243 938 1365 977 esse
1403 925 1764 979 asseveravit.
1805 924 1944 978 Ani-

362 1028 506 1066 mam
529 1028 662 1067 vero
691 1028 845 1068 suam
877 1014 1173 1068 admodum
1197 1025 1587 1084 compunctam
1611 1031 1944 1084 essc,seque

362 1121 472 1157 non
521 1106 728 1160 audere
766 1107 961 1160 oculos
1003 1120 1134 1160 suos
1172 1107 1240 1160 ad
1279 1108 1479 1169 Deum,
1528 1119 1758 1177 prepter
1791 1107 1946 1161 nefa-

364 1199 503 1248 riam
565 1197 940 1264 impuritatcm
977 1198 1193 1252 scilicet
1225 1199 1507 1252 dictorum
1557 1199 1944 1267 factorumque

361 1293 583 1345 illorum
615 1293 824 1360 quibus
853 1291 1110 1345 initiatus
1139 1301 1315 1355 esset,
1359 1293 1555 1346 tollere
1597 1291 1810 1348 dicens.
1843 1291 1946 1345 ob-

365 1384 678 1438 testabatur
709 1392 771 1437 ut
801 1384 1170 1452 reciperetur,
1206 1394 1262 1438 et
1307 1383 1375 1440 ad
1423 1384 1782 1454 purissimum
1811 1385 1949 1453 bap-

365 1476 513 1528 tismi
571 1477 745 1528 nostri
798 1477 1078 1528 lavacrum
1132 1474 1476 1544 gratiamque
1530 1475 1942 1530 admitteretur.

357 1565 520 1631 Quod
547 1581 678 1620 sane
707 1580 809 1634 ego
839 1565 1023 1620 facere
1059 1580 1168 1618 non
1207 1580 1398 1631 ausus,
1441 1565 1552 1618 dixi
1607 1564 1860 1620 suﬂicere
1891 1567 1943 1620 ei

365 1668 475 1711 tam
509 1659 830 1713 diuturnam
863 1660 1150 1714 nobiscum
1187 1658 1667 1722 communionem,
1693 1657 1786 1727 qui
1821 1673 1948 1724 gra-

368 1752 570 1804 tiarum
619 1751 837 1806 aetione
882 1753 1164 1817 exaudita,
1214 1749 1379 1807 simul
1422 1749 1716 1805 nobiscum
1771 1750 1945 1806 Amen

363 1842 710 1908 accinuerit,
743 1842 953 1912 quique
1027 1857 1233 1896 mensa:
1286 1843 1560 1897 assistens
1635 1857 1835 1896 manus
1879 1843 1944 1895 ad

2049 652 2401 723 βεϐαπτιστο,
2441 651 2515 722 μὴ
2568 650 2814 704 τοιοῦτον
2869 643 3053 714 εἶναι,
3113 647 3248 718 μηδὲ
3297 648 3436 707 ὅλως
3481 647 3630 717 ἔχειν

2047 745 2170 797 τινὰ
2200 746 2334 816 πρὸς
2366 745 2530 798 τοῦτο
2561 744 2871 797 κοινωνίαν·
2908 743 3171 804 ἀσεϐείας
3203 742 3311 812 γὰρ
3343 743 3518 796 ἐκεῖνο
3539 744 3631 794 καὶ

2051 838 2418 908 βλασφημιῶν
2452 837 2884 907 πεπληρῶσθαν
2946 837 3122 903 λέγων
3168 837 3223 888 δὲ
3267 837 3408 889 πάνυ
3436 853 3487 888 τι
3533 835 3630 903 τὴν

2046 927 2226 997 ψυχὴν
2268 926 2673 992 κατανενύχοαι
2706 966 2720 989 ,
2765 927 2860 978 καὶ
2924 927 3058 995 μηδὲ
3115 924 3430 996 παρρησίαν
3481 924 3628 991 ἔχειν

2047 1020 2253 1088 ἐπᾶραι
2310 1019 2438 1080 τοὺς
2474 1017 2793 1086 ὀφθαλμούς
2839 1035 2940 1085 μου
3004 1018 3140 1088 πρὸς
3186 1017 3277 1068 τον
3334 1015 3485 1079 Θεὸν,
3524 1015 3630 1066 ἀπὸ

2046 1112 2156 1164 τῶν
2211 1113 2447 1164 ἀνοσίων
2509 1111 2739 1164 ἐκείνων
2803 1110 3066 1182 ῥημάτων
3136 1111 3229 1162 καὶ
3284 1109 3628 1177 πραγμάτων

2047 1202 2395 1274 ὁρμώμενος,
2431 1203 2527 1255 καὶ
2570 1202 2661 1256 διὰ
2701 1201 2857 1254 τοῦτο
2894 1201 3151 1270 δεόμενος
3201 1200 3299 1267 τῆς
3337 1199 3632 1267 εἰλικρινε-

2052 1295 2258 1363 στάτης
2297 1293 2508 1362 ταύτης
2553 1293 2887 1363 καθάρσεως
2933 1291 3028 1343 καὶ
3059 1290 3378 1359 παραδοχῆς
3411 1292 3498 1341 καὶ
3531 1289 3629 1356 χά-

2055 1401 2202 1454 ριτος
2238 1387 2449 1454 τυχεῖν.
2485 1386 2665 1456 Ὀπερ
2701 1382 2813 1449 ἐγὼ
2853 1381 2953 1451 μὲν
3003 1383 3104 1433 οὐκ
3143 1380 3424 1448 ἐτόλμησα
3475 1381 3631 1446 ποιῆ-

2053 1492 2168 1537 σαι,
2205 1475 2389 1544 φήσας
2433 1475 2689 1545 αὐτάρκη
2717 1478 2818 1542 τὴν
2857 1472 3216 1542 πολυχρόνιον
3259 1471 3406 1538 αὑτῷ
3437 1488 3625 1522 κοινω·

2051 1565 2174 1619 νίαν
2202 1568 2280 1631 είς
2313 1568 2473 1620 τοῦτο
2503 1568 2813 1635 γεγονέναι.
2847 1566 3218 1637 Εὑχαριστίας
3255 1565 3363 1633 γὰρ
3395 1565 3632 1617 ἐπακού-

2054 1677 2222 1712 σαντα
2273 1663 2366 1712 xui.
2414 1659 2998 1730 συνεπιφθεγξάμενον
3027 1658 3088 1710 τὸ
3133 1659 3330 1727 Ἀμὴν,
3369 1659 3463 1709 καλ⁵
3496 1673 3632 1724 τρα-

2052 1749 2194 1822 πέζῃ
2253 1753 2638 1820 παραστάντα,
2695 1752 2788 1804 καὶ
2841 1752 3038 1820 χεῖρας
3089 1750 3168 1812 είς
3217 1749 3490 1816 ὑποδοχὴν
3536 1748 3632 1810 τῆς

2055 1843 2222 1910 ἁγίας
2261 1844 2473 1912 τροφῆς
2511 1843 2909 1914 προτείναντα,
2954 1842 3050 1894 καὶ
3093 1841 3301 1908 ταύτης
3331 1840 3631 1904 καταδεξά-

363 1934 752 2002 exceptionem
803 1933 980 1988 sancti
1015 1932 1267 1986 alimenti
1308 1931 1626 2002 porrexerit
1663 1931 1766 2002 (l),
1799 1939 1856 1985 et
1895 1931 1948 1985 id

2059 1953 2246 2006 μενον,
2288 1938 2385 1988 καὶ
2410 1935 2508 1989 τοῦ
2554 1936 2806 2004 σώματος
2850 1935 2945 1988 καὶ
2970 1932 3065 1986 τοῦ
3099 1933 3336 2002 αἵματος
3381 1931 3474 1983 τοῦ
3519 1932 3631 1982 Κυ-

364 2023 700 2092 susceperit,
738 2023 1103 2092 corporisque
1142 2031 1198 2076 et
1247 2021 1537 2092 sanguinis
1569 2021 1789 2075 Domini
1850 2035 1952 2075 no-

365 2117 469 2167 stri
501 2113 631 2169 Jesu
658 2116 792 2170 satis
823 2116 985 2184 longo
1009 2125 1260 2184 tempore
1285 2116 1568 2186 particeps
1594 2115 1784 2169 fuerit.
1813 2114 1950 2169 Pro-

367 2205 611 2274 indeque
646 2205 875 2259 minime
917 2205 1236 2259 faciendum
1273 2207 1485 2274 putavi,
1529 2214 1593 2259 ut
1621 2206 1736 2260 haec
1763 2205 1948 2259 denuo

366 2312 396 2351 a
455 2297 733 2366 principio
782 2307 1092 2352 retexerem
1152 2305 1320 2366 atque
1381 2311 1734 2352 renovarent.
1794 2296 1948 2350 Bono

365 2402 551 2448 autem
575 2393 760 2448 animo
785 2408 910 2446 eum
937 2408 1056 2446 esse
1076 2391 1239 2464 jussi.
1265 2400 1322 2447 et
1352 2391 1652 2457 conﬁdere,
1678 2390 1948 2462 ﬁrmaque

2057 2029 2174 2099 ρίου
2211 2031 2375 2096 ἡμῶν
2439 2028 2618 2098 Ἰησοῦ
2680 2028 3025 2099 μετασχόντα
3084 2027 3256 2095 ἱκανῷ
3304 2025 3504 2094 χρόνῳ,
3535 2026 3635 2076 οὐκ

2053 2118 2122 2171 ἂν
2187 2117 2248 2181 ἐξ
2315 2117 2572 2188 ὑπαρχῆς
2641 2115 3044 2179 ἀνασκευάζειν
3104 2115 3185 2166 ἔτι
3269 2115 3633 2183 τολμήσαιμι.

2051 2208 2290 2279 Θαρσείν
2341 2209 2399 2262 δὲ
2458 2208 2737 2269 ἐκέλευον,
2792 2207 2888 2258 καὶ
2943 2205 3082 2274 μετὰ
3129 2204 3356 2273 βεϐαίας
3403 2207 3635 2266 πίστεως

2049 2301 2149 2354 καὶ
2179 2300 2392 2369 ἀγαθῆς
2454 2300 2824 2366 συνειδήσεως
2883 2302 2947 2368 τῇ
3009 2300 3209 2368 μετοχῇ
3281 2287 3393 2350 τῶν
3459 2297 3636 2364 ἁγίων

2051 2394 2365 2465 προσιέναι.
2412 2393 2468 2443 '0
2520 2393 2576 2444 δὲ
2619 2392 2743 2444 οὔτε
2785 2391 3002 2443 πενθῶν
3048 2391 3366 2451 πέπαυται,
3400 2388 3636 2458 πέφρικέ

365 2487 473 2539 tide
501 2493 558 2540 et
583 2485 930 2540 conscientia
967 2485 1110 2538 bona
1140 2485 1206 2538 ad
1233 2484 1689 2539 communionem
1727 2493 1951 2539 sancto-

2056 2505 2106 2538 τε
2141 2488 2209 2556 τῇ
2241 2484 2492 2556 τραπέζῃ
2523 2483 2812 2554 προσιέναι
2840 2500 2855 2513 ·
2890 2485 2981 2536 καὶ
3016 2483 3166 2551 μόλις
3205 2481 3636 2550 παρακαλούμε-

366 2591 488 2629 rum
553 2577 948 2648 mysteriorum
1007 2575 1300 2632 accedere.
1363 2576 1460 2630 Ille
1523 2586 1710 2630 autem
1769 2589 1952 2644 neque

366 2668 539 2723 luctui
575 2669 798 2722 modum
829 2668 984 2730 fecit,
1017 2684 1202 2738 neque
1230 2684 1344 2738 pra:
1373 2670 1573 2722 timore
1607 2676 1663 2722 et
1710 2675 1952 2720 tremore

366 2765 434 2817 ad
488 2779 734 2820 mensam
786 2767 1045 2831 accessit,
1081 2767 1265 2834 Atque
1317 2780 1460 2835 aagre
1510 2763 1734 2818 tandem
1767 2777 1834 2816 eo
1868 2769 1957 2814 est

366 2857 848 2913 cohortationibus
901 2857 1233 2927 perductus,
1283 2867 1346 2911 ut
1405 2855 1759 2909 orationibus
1813 2853 1954 2906 assi-

367 2961 515 3002 stere
555 2951 892 3004 sustineat.»
930 2950 1088 3021 40],
1117 2949 1236 3003 Alia
1268 2963 1489 3018 quoque
1507 2955 1688 3002 exstat
1714 2945 1780 2998 ad
1815 2945 1952 3014 Xys-

370 3047 486 3092 tum
545 3041 802 3108 epistola,
859 3041 913 3093 in
968 3056 1074 3109 qua
1131 3039 1302 3093 multa
1359 3039 1428 3092 de
1485 3038 1587 3091 hac
1639 3036 1951 3106 quaestione

369 3131 540 3185 verba
599 3133 752 3187 iacit.
808 3132 1002 3188 itidem
1055 3141 1111 3187 et
1169 3133 1278 3186 alia
1333 3131 1402 3185 de
1460 3130 1728 3193 Luciano,
1781 3137 1838 3182 et
1884 3127 1954 3182 de

2051 2596 2142 2640 νος
2168 2619 2183 2642 ,
2218 2577 2547 2630 συνεστάναι
2583 2579 2704 2639 ταῖς
2744 2576 3082 2644 προσευχαῖς
3129 2575 3408 2643 ἀνέχεται.
3455 2591 3474 2623 ›
3529 2574 3635 2624 Καὶ

2053 2670 2192 2737 ἄλλη
2217 2670 2273 2722 δὲ
2307 2669 2503 2739 Ξύστῳ
2537 2668 2798 2738 ἐπιστολὴ
2830 2669 3060 2738 φέρεται
3083 2709 3095 2727 ,
3129 2667 3187 2719 ἐν
3285 2666 3414 2734 περὶ
3443 2663 3635 2716 τούτου

2061 2763 2235 2815 πολὺν
2297 2762 2620 2833 παρατείνει
2679 2762 2868 2829 λόγον.
2918 2762 3152 2832 Ὁμοίως
3204 2761 3300 2814 καὶ
3339 2760 3476 2829 ἄλλη
3506 2760 3634 2827 περὶ

2052 2853 2360 2908 Λουκιανοῦ
2413 2855 2546 2922 περὶ
2575 2851 2671 2906 τοῦ
2718 2854 2964 2907 τοιούτου
2996 2853 3336 2922 ζητήματος,
3375 2851 3635 2912 Διονυσίῳ

2059 2946 2136 3015 τῷ
2182 2946 2406 3014 Ῥώμης
2463 2948 3011 3014 προσπεφωνημένη.
3040 2947 3150 2998 Καὶ
3207 2945 3336 3013 περὶ
3379 2944 3475 3012 μὲν
3526 2942 3633 2994 τῶν

2061 3037 2366 3090 ἐπιστολῶν
2413 3038 2694 3091 Διονυσίου
2745 3038 2856 3090 τῶν
2918 3038 3050 3106 περὶ
3101 3038 3194 3090 τοῦ
3259 3037 3631 3108 βαπτίσματος

2062 3143 2259 3182 ταυτα.

371 3229 676 3297 qnmstione
725 3229 918 3286 eadem
972 3230 1039 3285 ad
1082 3229 1408 3302 Dionysium
1455 3228 1765 3284 Romanum
1801 3225 2124 3297 episcopum
2185 3226 2330 3280 data.
2372 3226 2448 3281 De
2515 3225 2762 3297 Dionysii
2801 3227 3053 3298 epistolis
3122 3226 3175 3280 in
3236 3239 3397 3280 causa
3462 3220 3636 3291 bapti-

372 3329 499 3388 sini,
534 3328 690 3383 satis.

997 3443 1224 3501 CAPUT
1267 3444 1332 3499 Χ.

380 3535 453 3589 De
479 3539 834 3607 persecutione
882 3535 1203 3590 Valeriani:
1254 3547 1304 3590 et
1349 3552 1467 3606 qua:
1516 3546 1628 3589 tum
1675 3533 1952 3604 aiant/sius

654 3607 1047 3662 Alexandrinus
1074 3611 1342 3679 episcopus
1361 3625 1545 3678 passus
1572 3611 1661 3662 sit.

448 3781 796 3845 Valerianus,
841 3795 966 3852 post
994 3783 1212 3840 Gallum
1256 3785 1494 3856 imperio
1516 3779 1814 3857 suscepto,
1841 3785 1955 3856 pri-

379 3886 528 3925 mum
575 3872 820 3928 clemens
847 3885 903 3928 et
935 3877 1114 3931 bonus
1145 3877 1298 3930 visus
1343 3885 1450 3940 est,
1490 3887 1656 3946 atque
1688 3893 1815 3947 erga
1849 3878 1953 3930 ho-

381 3965 558 4019 mines
593 3964 684 4018 Dei
721 3965 1020 4021 benevolus
1044 3979 1210 4039 atque
1245 3971 1542 4038 benignus.
1578 3969 1767 4038 Neque
1799 3970 1951 4022 enim

382 4058 523 4110 alius
563 4056 880 4126 quisquam,
915 4061 1007 4128 qui
1040 4071 1168 4116 ante
1221 4077 1349 4116 cum
1388 4064 1609 4116 fuerant
1647 4063 1954 4129 imperato-

384 4163 528 4208 rum,
563 4148 619 4201 in
647 4148 770 4202 illo‘s
812 4153 1136 4219 propensior
1173 4153 1582 4222 humaniorque
1611 4152 1740 4214 fuit,
1769 4167 1838 4205 ne
1875 4151 1954 4206 illi

383 4240 608 4308 quidem
637 4239 732 4307 qui
766 4241 1060 4296 manifesto
1088 4244 1575 4299 Christianismum
1612 4252 1773 4299 erant
1804 4259 1956 4298 com-

384 4333 559 4400 plexi:
596 4332 736 4386 adeo
783 4348 843 4388 se
876 4335 944 4388 ab
977 4336 1134 4389 initio
1163 4336 1356 4390 mitem
1387 4347 1443 4390 et
1477 4336 1754 4406 placidum
1790 4336 1956 4390 nobis

386 4422 640 4489 praebuit.
671 4421 806 4476 Tota
836 4437 1071 4492 namque
1097 4426 1293 4479 domus
1321 4426 1445 4494 ejus
1499 4427 1676 4481 divini
1706 4427 1955 4481 numinis

384 4512 699 4567 cultoribus
741 4511 902 4580 plena
943 4525 1060 4567 erat
1098 4552 1113 4576 ,
1150 4529 1326 4584 eaque
1360 4532 1589 4585 prorsus
1623 4516 1760 4570 nihil
1805 4515 1956 4569 aliud

386 4613 551 4666 quam
583 4597 679 4650 Dei
751 4598 990 4651 ecclesia
1024 4615 1141 4655 esse
1188 4604 1502 4660 videbatur.
1546 4605 1806 4660 Sedenim
1840 4620 1956 4658 ma-

385 4703 580 4758 gorum
616 4687 994 4758 [Egyptiorum
1028 4705 1306 4764 synagogze
1341 4697 1599 4767 princeps
1643 4707 1701 4751 et
1731 4699 1953 4761 doctor,

1978 3442 2025 3504 C

2663 3433 2918 3487 ΚΕΦΑΛ.
2973 3433 3033 3486 ι’.

2056 3526 2196 3595 Περὶ
2233 3523 2342 3578 τοῦ
2378 3523 2529 3578 κατὰ
2566 3525 3019 3595 Οὑαλλεριανὸν
3049 3522 3326 3595 ,διωγμοῦ
3349 3540 3365 3555 ο
3400 3521 3494 3576 καὶ
3520 3523 3638 3576 ὅσα

2127 3593 2198 3650 ἐν
2223 3595 2435 3659 ἐκείνῳ
2472 3598 2506 3648 ὀ
2543 3593 2652 3663 τῆς
2709 3593 3150 3664 Ἀλεξανδρέων
3201 3595 3387 3648 ἔπαθε
3427 3596 3634 3647 Διονύ-

2127 3683 2287 3732 σιος.

2131 3779 2502 3850 Οὐαλεριανὸς
2549 3779 2608 3832 δέ
2657 3779 2767 3830 τῶν
2812 3777 2944 3846 περὶ
2977 3775 3185 3830 Γάλλον
3205 3776 3452 3829 ἐκποδὼν
3483 3792 3639 3843 γεγε-

2057 3871 2333 3938 νημένων,
2382 3870 2479 3922 ἐπὶ
2516 3869 2614 3938 τὴν
2650 3869 2827 3937 ἀρχὴν
2868 3867 3176 3936 παρελθὼν,
3207 3869 3274 3919 τὰ
3317 3868 3416 3937 μὲν
3447 3869 3638 3936 πρῶτα.

2060 3961 2222 4032 ῆπιός
2256 3979 2342 4022 τις
2374 3962 2554 4013 ἐδόκει
2581 3962 2677 4012 καὶ
2706 3960 2932 4026 ἀγαθὸς,
2964 3965 3080 4022 τοῖς
3115 3962 3245 4030 περ)⁸
3267 3961 3400 4012 Θεὸν
3431 3960 3638 4029 ἀνθρώ-

2062 4069 2190 4116 ποις
2229 4053 2361 4120 φίλα
2393 4053 2636 4122 φρονῶν.
2687 4053 2825 4105 Οὐδὲ
2856 4052 2963 4122 γάρ
3029 4052 3196 4117 ἄλλος
3239 4069 3324 4114 τις
3366 4053 3508 4104 οὕτω
3532 4049 3639 4103 τῶν

2063 4145 2172 4213 πρὸ
2229 4143 2397 4197 αὑτοῦ
2464 4143 2738 4211 βασιλέων
2793 4143 3044 4213 εὐμενῶς
3111 4146 3208 4196 καὶ
3265 4142 3458 4206 δεξιῶς
3504 4141 3639 4210 πρὸς

2057 4235 2258 4296 αὐτοὺς
2300 4235 2488 4304 ἔσχεν,
2516 4234 2641 4287 οὐδὲ
2667 4235 2717 4287 oi
2753 4233 2897 4305 προῦ
2911 4252 3045 4288 πτον
3078 4236 3169 4288 τὸν
3197 4233 3639 4304 Χριστιανισμδν

2058 4327 2470 4396 ἀσπασάμενοι,
2510 4327 2588 4391 ὡς
2627 4328 2837 4390 ἐκεῖνος
2877 4327 3201 4397 προσφιλῶς
3247 4329 3309 4379 τὸ
3354 4325 3637 4394 καταρχὰς

2057 4417 2301 4486 διετέθη.
2346 4419 2460 4480 Πᾶς
2497 4418 2605 4487 γὰρ
2637 4419 2665 4470 ό
2698 4413 2844 4481 οῑκος
2883 4418 3051 4471 αὑτοῦ
3097 4417 3366 4470 θεοσεόῶν
3390 4415 3640 4484 ἔμπλεως

2061 4507 2129 4581 ἦν
2155 4525 2170 4540 ⁸
2205 4511 2301 4561 καὶ
2331 4511 2595 4579 ἄντικρυς
2622 4511 2893 4582 ἐκκλησίᾳ
2922 4510 3086 4581 ἐῴκει
3119 4509 3286 4564 Θεοῦ.
3338 4509 3499 4561 Ἀλλά
3529 4509 3638 4560 τῶν

2059 4603 2156 4656 ἀπ’
2187 4602 2478 4670 Αὑγύπτου
2497 4604 2706 4670 Μάγων
2733 4607 2762 4658 ὁ
2795 4605 3274 4674 ἀρχισυνάγωγος,
3311 4601 3632 4662 διδάσκαλός

2059 4709 2123 4760 γε
2173 4692 2248 4745 ὣν
2295 4695 2394 4763 τῆς
2429 4695 2773 4762 μαγγανείας
2828 4695 2921 4748 καί
2951 4695 3264 4765 τερατείας,
3299 4693 3474 4744 πείθει
3512 4694 3640 4752 τοὺς

389 4784 730 4850 imposturas
759 4789 817 4835 ct
844 4782 1152 4853 praestigias
1193 4787 1431 4858 magicas
1471 4792 1700 4854 docens,
1735 4789 1788 4844 ei
1827 4804 1951 4858 per-

2065 4786 2166 4853 μὲν
2200 4784 2380 4846 ὁσίους
2403 4783 2604 4852 ἄνδρας
2639 4785 2714 4854 μὴ
2759 4785 2919 4852 μόνον
2950 4784 3050 4853 τῆς
3089 4783 3267 4845 οἰκίας
3298 4781 3631 4846 ἐξελαύνειν,

385 4876 606 4941 suadet,
664 4884 724 4930 ut
771 4885 990 4935 sanctos
1035 4879 1181 4932 viros
1227 4896 1334 4936 non
1389 4891 1597 4936 tantum
1643 4883 1808 4935 domo
1857 4898 1956 4936 sua

387 4971 599 5038 exigat,
661 4979 717 5022 et
759 4985 923 5036 quam
975 4971 1288 5042 longissime
1337 4976 1594 5043 repellat,
1646 4975 1744 5029 st
1807 4973 1957 5029 ferro

387 5074 614 5128 quoque
665 5059 841 5124 tollat,
876 5069 934 5114 ut
979 5063 1072 5134 qui
1117 5066 1328 5121 artibus
1379 5066 1960 5138 incantationibusque

390 5152 612 5206 illorum
659 5151 946 5205 obstarent
991 5163 1045 5208 et
1087 5157 1427 5213 resisterent.
1473 5159 1776 5214 Restabant
1805 5159 1957 5212 enim

390 5244 600 5306 adhuc,
630 5244 723 5310 qui
757 5244 1195 5313 perniciosorum
1221 5249 1724 5320 pestiferorumque
1753 5251 1960 5305 dazmo-

390 5351 522 5390 num
555 5334 804 5389 actiones
837 5335 955 5390 solo
993 5350 1212 5405 aspectu
1245 5355 1346 5394 suo
1399 5357 1465 5396 ac
1492 5359 1626 5397 voce
1668 5345 1834 5398 missa
1867 5361 1956 5398 re-

390 5425 718 5494 primerent.
781 5425 1008 5479 Talibus
1078 5428 1242 5497 igitur
1300 5419 1714 5488 consultoribus
1785 5449 1954 5498 usus,

386 5517 675 5572 Christum
705 5517 1034 5574 confitentes
1066 5520 1445 5580 crudelissime
1472 5536 1797 5595 persecutus
1823 5537 1909 5580 est
1939 5564 1954 5589 ,

391 5618 448 5660 ct
487 5609 554 5662 ad
601 5608 1030 5662 sceleratissima
1065 5624 1216 5664 sacra
1247 5615 1490 5669 animum
1531 5617 1819 5686 adjiciens,
1855 5617 1958 5669 im-

395 5699 514 5767 pias
566 5699 770 5754 obtulit
819 5699 1090 5764 victimas,
1143 5718 1340 5771 pueros
1387 5708 1618 5763 miseros
1668 5708 1952 5773 occidens,

2059 4878 2152 4930 καὶ
2184 4879 2259 4939 ὡς
2299 4877 2642 4947 πορρωτάτω
2674 4880 2851 4931 ποιεῖν
2875 4917 2890 4941 ,
2917 4876 3056 4928 ἀλλὰ
3085 4876 3178 4929 καὶ
3207 4875 3352 4943 φόνῳ
3385 4873 3636 4940 ὑπάγειν,

2058 4969 2132 5031 ὡς
2185 4968 2441 5039 ἐμποδὼν
2476 4970 2926 5037 καθισταμένους
2977 4973 3098 5032 ταῖς
3144 4969 3373 5020 ἐκείνων
3424 4983 3643 5036 μαγγα·

2059 5062 2236 5124 νείαις
2286 5078 2348 5114 τε
2407 5061 2505 5115 καὶ
2560 5063 2902 5123 ὲπαοιδίαιςο
2956 5063 3053 5117 καὶ
3083 5063 3192 5130 γάρ
3222 5077 3326 5113 που
3368 5061 3640 5129 περιῆσαν

2062 5153 2167 5220 ἔτι,
2203 5153 2254 5206 οἳ
2305 5154 2402 5207 καὶ
2439 5155 2600 5225 μόνον
2649 5153 2924 5225 ὁρώμενοι
2977 5156 3073 5210 καὶ
3126 5155 3494 5224 φθεγγόμενοι
3544 5153 3641 5213 τὰς

2064 5247 2176 5300 τῶν
2233 5247 2596 5317 παλαμναίων
2653 5248 2944 5317 δαιμόνων.
3003 5248 3240 5316 πράξεις
3297 5245 3635 5300 ἀνέστελλον.

2068 5339 2294 5403 Τούτοις
2329 5341 2462 5407 γοῦν
2516 5339 2852 5411 συμϐούλοις
2890 5340 3343 5410 προσχρώμενος,
3384 5343 3508 5398 τοὺς
3541 5336 3638 5405 μὲν

2065 5434 2159 5488 τὸν
2210 5432 2451 5503 Χριστὸν
2499 5432 2905 5502 ὁμολογοῦντας
2938 5432 3166 5497 ἀπηνῶς
3219 5430 3507 5494 ὲξεδίωκε·
3545 5430 3638 5482 θυ-

2069 5528 2216 5588 σίαις
2249 5527 2296 5578 δ’
2328 5527 2634 5593 ὲξαγίστοις
2667 5526 2944 5589 ἐπέκειτο,
2974 5525 3070 5577 καὶ
3098 5524 3368 5592 ἀνάγνους
3395 5521 3636 5575 ἐπετέλει

2069 5617 2409 5687 ἱερουργίας,
2445 5615 2649 5678 παῖδας
2672 5614 2896 5678 ἀθλίους
2926 5615 3318 5683 ἀποσφάττων,
3351 5615 3445 5665 καὶ
3478 5613 3638 5663 τέκνα

2067 5711 2324 5779 πατέρων
2359 5709 2640 5780 δυστήνων
2679 5709 2917 5778 ἀφειδῶς
2965 5707 3292 5771 καταθύων,
3339 5706 3535 5772 νεογνά
3579 5717 3636 5752 τε

465 5875 540 5940 (1)
570 5877 626 5929 In
661 5891 856 5930 manus
890 5879 1018 5932 oliui
1049 5885 1579 5941 communicantibus
1621 5887 1965 5942 Encharistia
2013 5886 2163 5941 data.
