4032 6420
381 383 515 444 1153

377 493 596 562 διαιρῶν
649 493 932 559 σπλάγχνα
967 532 982 554 ,

377 681 588 749 νήσειν.
627 679 718 729 Διὸ
750 678 846 728 καὶ
875 674 977 743 τῆς
1025 674 1127 744 μὲν
1173 674 1506 744 Ἐκκλησίας
1556 674 1816 744 πολέμιος
1855 675 1952 741 γέ-

377 788 524 837 γονε·
564 771 784 838 μακρὰν
838 769 895 820 δέ
947 785 1054 821 που
1105 767 1303 820 ἑαυτὸν
1335 766 1431 819 καὶ
1467 765 1566 834 τῆς
1597 766 1660 816 ἐκ
1698 763 1833 816 Θεοῦ
1861 780 1949 832 φι-

377 863 735 932 λανθρωπίας
785 863 984 916 ἐποίει.
1018 859 1212 914 Τοίνυν
1256 860 1434 928 μέγαν
1482 858 1579 910 καὶ
1618 852 1774 918 οὗτος
1831 858 1952 908 ἁνε-

379 956 560 1024 γείρει
613 955 704 1006 τὸν
757 954 1020 1022 διωγμόν.
1074 954 1185 1005 Καὶ
1232 953 1348 1004 ὅσοι
1398 948 1707 1017 τηνικαῦτα
1758 948 1952 1010 δεινοῖς

379 1044 784 1115 συνηλάθησαν,
826 1044 995 1110 ἄλλης
1029 1044 1094 1096 ἂν
1133 1041 1377 1110 ἱστορίας
1411 1038 1750 1110 προσδέοιτο,
1785 1039 1839 1091 εῐ
1870 1055 1952 1100 τις

384 1141 529 1191 κατὰ
580 1137 779 1189 λεπτὸν
833 1134 1156 1202 ἐκλέγεσθαι
1212 1131 1477 1203 βούλοιτο.
1515 1131 1670 1192 Τέως
1710 1132 1805 1182 καὶ
1830 1138 1952 1182 Διο-

380 1231 562 1290 νύσιος
617 1229 645 1279 ὁ
709 1227 918 1296 ῥηθεὶς,
953 1225 1049 1278 τοῦ
1109 1223 1282 1276 κακοῦ
1339 1222 1788 1289 ἐπακμάζοντος,
1837 1222 1950 1282 τοῖς

379 1322 716 1381 δικαστικοῖς
765 1318 1057 1387 παραστὰς
1112 1316 1386 1384 βήμασιν,
1420 1313 1740 1381 ἐξητάζετο,
1780 1313 1955 1379 Αίμυ-

381 1405 570 1456 itane?)
627 1405 724 1473 τὴν
780 1406 900 1454 κατ’
949 1405 1230 1470 Αἴγυπτον
1296 1401 1597 1470 ἡγεμονίαν
1653 1401 1950 1461 διέποντος.

383 1497 558 1565 Συνῆν
590 1497 645 1548 δὲ
682 1495 832 1564 αύτῷ
877 1496 975 1547 καὶ
1023 1499 1049 1548 ὁ
1099 1493 1480 1564 πρεσϐύτερος
1516 1492 1772 1562 Μάξιμος
1795 1510 1808 1522 ·
1841 1492 1956 1544 διὰ-

385 1588 538 1640 κονιιί
573 1605 629 1639 τε
669 1585 784 1649 δύο,
837 1585 1082 1648 Φαῦστος
1129 1602 1186 1638 τε
1247 1587 1342 1637 καὶ
1393 1584 1690 1646 Εὐσέϐιος·
1725 1584 1818 1636 καὶ
1855 1583 1954 1634 σὺν

381 1680 562 1748 Χαιρή
577 1697 698 1748 μονι
755 1680 976 1748 ἕτεροςι
1008 1679 1103 1730 καὶ
1133 1678 1323 1750 ἐπειδὴ
1356 1677 1575 1746 σύναμα
1614 1674 1692 1742 τῷ
1723 1675 1953 1745 ἱεράρχῃ

387 1771 537 1823 θύειν
569 1769 968 1831 διεκελεύοντο,
997 1771 1290 1837 ἀντέλεγον
1332 1772 1398 1822 τὰ
1437 1769 1655 1839 πρῶτα·
1692 1767 1957 1836 Χριστιαο

1289 357 1892 440 ΕΟΟίΕδΙΑΞΤίΕίΕ
1932 379 2320 438 HISTORIA!
2355 379 2500 440 LIB.
2548 377 2646 440 vr.

1043 493 1140 543 καὶ
1182 493 1252 544 τὰ
1310 492 1404 543 τοῦ
1456 491 1590 544 Θεοῦ
1659 491 1953 560 πλάσματα

2066 492 2367 547 infelicium
2401 500 2694 561 parentum
2729 491 2932 546 liberos
2965 488 3424 544 inhumanissime
3451 496 3628 544 sacri-

378 590 434 643 ές
489 586 688 637 λεπτὸν
731 584 1044 636 διακόπτων
1072 626 1088 647 ,
1117 584 1366 652 οἰόμενος
1399 583 1650 636 ἐντεῦθεν
1688 580 1948 652 εύδαιμο-
1979 594 1982 598 ’

3487 373 3630 444 1154

2055 588 2247 650 lieans,
2277 601 2470 639 recens
2501 584 2648 638 edita
2681 584 2894 639 viscera
2938 583 3216 649 dividens,
3249 591 3306 638 et
3339 591 3630 636 creaturas

2053 679 2150 732 Dei
2187 679 2242 732 in
2289 679 2690 732 minutissimas
2732 686 2918 745 partes
2951 676 3281 731 concidens.
3325 677 3506 744 Atque
3543 675 3630 728 his

2052 770 2222 824 rebus
2255 769 2469 823 felicem
2497 784 2556 824 se
2584 777 2640 824 et
2667 768 2889 823 beatum
2917 768 3034 822 fore
3059 777 3142 821 est
3171 767 3448 835 opinatus.
3481 765 3630 829 Qua-

2055 869 2280 928 prOpter
2313 867 2369 912 et
2399 859 2663 913 Ecclesia:
2696 861 2871 914 hostis
2900 859 3082 914 factus
3108 865 3212 921 est,
3241 867 3296 911 et
3342 856 3630 934 indignum

2055 967 2112 1006 se
2149 950 2486 1021 benignitate
2528 953 2625 1006 Dei
2655 951 2865 1007 eﬂecit.
2911 953 2991 1006 lta
3029 951 3248 1006 scilicet
3283 961 3536 1017 magnam
3586 951 3631 1000 is

2053 1057 2272 1111 quoque
2310 1043 2607 1097 concitavit
2637 1042 3102 1110 persecutionem.
3134 1041 3200 1094 Et
3227 1040 3320 1109 qui
3359 1050 3627 1107 tempm-

2054 1135 2158 1188 bus
2185 1134 2286 1198 eis,
2317 1133 2714 1188 certaminibus
2743 1133 3020 1186 obeundis
3061 1142 3190 1185 sunt
3228 1131 3551 1197 conﬂictati,
3583 1132 3627 1183 si

2054 1226 2119 1279 ad
2165 1226 2387 1294 plenum
2433 1241 2623 1279 omnes
2672 1224 2869 1279 referri
2911 1223 3200 1286 deberent,
3249 1223 3517 1291 peculiari
3555 1224 3631 1274 iiii

2057 1318 2367 1384 indigerent
2407 1317 2661 1370 historia.
2692 1315 2832 1368 Tum
2865 1329 2999 1369 sane
3032 1323 3088 1368 et
3120 1313 3435 1384 Dionysius,
3463 1330 3629 1381 quem

2055 1409 2319 1471 diximus,
2381 1409 2522 1462 malo
2571 1423 2638 1462 eo
2694 1407 3090 1472 invalescente,
3147 1421 3271 1460 ettm
3302 1399 3633 1458 Emilianus

2058 1502 2346 1569 prwfectus
2390 1500 2685 1571 [Egyptum
2737 1499 3082 1570 provinciam
3132 1508 3365 1568 teneret,
3399 1514 3501 1567 pro
3533 1497 3631 1550 tri-

2057 1593 2241 1647 bunali
2292 1609 2512 1648 causam
2576 1593 2732 1655 dixit,
2774 1591 2936 1662 402
2975 1602 3030 1646 et
3078 1607 3202 1645 cum
3265 1606 3330 1644 eo
3365 1590 3634 1644 Maximus

2058 1680 2345 1754 presbyter
2370 1701 2383 1736 :
2419 1695 2682 1753 praeterea
2711 1684 2820 1736 duo
2845 1683 3091 1747 diaconi,
3121 1682 3353 1736 Faustus
3377 1689 3432 1734 et
3466 1681 3636 1732 Euse-

2061 1777 2186 1829 bius
2215 1816 2230 1840 ,
2272 1786 2328 1828 et
2363 1790 2490 1829 cum
2533 1774 2894 1829 Cineremone
2936 1774 3077 1826 alter
3119 1772 3362 1840 quidam.
3400 1772 3468 1825 Et
3507 1786 3634 1825 cum

385 1867 509 1927 νοῦς
538 1865 594 1915 δὲ
631 1864 770 1929 σφᾶς
813 1857 958 1914 εἶναι
1006 1862 1420 1932 ὁμολογοῦντες,
1459 1861 1533 1930 μὴ
1565 1861 1785 1913 δυνατὸν
1819 1857 1958 1912 εἶναι

2066 1869 2100 1922 ii
2133 1882 2240 1922 una
2274 1882 2399 1921 cum
2427 1867 2724 1921 bierareha
2770 1882 2872 1920 suo
2903 1865 3217 1919 sacrificare
3244 1865 3382 1933 jussi
3421 1875 3633 1926 essent,

385 1958 558 2026 ἑτέρῳ
609 1957 730 2025 Θεῷ
767 1956 932 2014 σέϐας
960 1958 1166 2022 νέμεινο
1207 1956 1333 2024 μήτ’
1377 1954 1446 2006 αῦ
1478 1955 1714 2006 δεδιέναι
1743 1952 1955 2021 ἕτερον.

387 2050 594 2102 Τοῦτον
647 2048 756 2116 γὰρ
809 2043 948 2100 εἶναι
987 2047 1216 2118 ούρανοῦ
1245 2065 1303 2098 τε
1346 2047 1442 2098 καὶ
1473 2049 1573 2116 γῆς
1605 2046 1956 2115 δημιουργὸν,

387 2141 478 2191 καὶ
521 2139 844 2208 βασιλεῦσιν
884 2139 1214 2207 ὡρισμένοις
1270 2139 1450 2190 ἔτεσιν
1505 2138 1597 2190 ἐπὶ
1645 2138 1746 2206 γῆς
1791 2138 1961 2206 παρέ-

387 2249 549 2299 χοντα
583 2231 640 2283 τὸ
676 2233 923 2299 κρατεῖν.
977 2230 1063 2292 Ὠς
1103 2230 1195 2282 οὖν
1255 2231 1348 2283 καὶ
1407 2230 1542 2282 ἄλλα
1598 2229 1961 2298 ὲπισυνείρων

391 2321 642 2384 πλεῖστα,
698 2321 899 2371 ἀπεῖπε
947 2318 1007 2369 τὸ
1046 2318 1256 2369 πείθειν
1283 2357 1298 2381 ,
1338 2319 1504 2386 μηδὲν
1561 2310 1958 2386 ὑπερθέμενος,

394 2411 599 2480 καίπερ
633 2413 776 2477 νόσῳ
832 2409 1173 2477 κατάσχετον
1211 2409 1338 2460 ὄντα
1394 2409 1486 2460 τὸν
1534 2407 1835 2469 Διονύσιον,
1871 2407 1962 2458 iani

391 2519 514 2554 τινα
575 2503 674 2568 τῆς
726 2501 933 2570 Λιϐύης
989 2502 1155 2552 τόπον
1205 2500 1413 2571 ἔρημον
1466 2501 1560 2552 καὶ
1598 2497 1964 2566 ἀπάνθρωπον

393 2594 754 2661 ἐφυγάδευεν.
795 2594 968 2644 Ἔνθα
1010 2593 1072 2655 δὴ
1130 2593 1315 2644 πολλοὶ
1367 2592 1478 2642 τῶν
1510 2593 1573 2642 ἐκ
1601 2591 1703 2660 τῆς
1732 2591 1960 2654 πόλεως,

389 2686 490 2736 οὐκ
536 2685 809 2751 ἐλάχιστοι
846 2683 904 2734 δὲ
954 2685 1047 2734 καὶ
1099 2684 1213 2734 τῶν
1262 2683 1358 2734 ἀπ’
1383 2681 1665 2750 Αἰγύπτου
1701 2681 1959 2747 ἐξιόντες,

389 2777 468 2843 τῷ
514 2779 610 2843 τῆς
669 2776 788 2828 κατ’
820 2776 982 2828 αὑτὸν
1020 2775 1262 2836 πίστεως
1313 2776 1458 2844 λόγῳ
1513 2775 1963 2845 οἰκοδομούμενοι

392 2869 692 2919 διετέλουν.
750 2864 882 2918 Εἶτα
931 2866 1143 2918 ἐκεῖθεν
1185 2868 1263 2927 είς
1321 2863 1546 2934 μείζονα
1583 2866 1676 2916 καὶ
1711 2865 1966 2932 χαλεπω-

392 2960 563 3026 τέραν
599 2958 811 3010 δίαιταν
851 2958 1146 3029 ὑπερόριον
1185 2962 1326 3009 κατὰ
1360 2958 1461 3024 τὴν
1497 2957 1703 3025 Κεφρῷ
1739 2957 1968 3022 λεγομέ-

394 3068 493 3117 νην
527 3052 798 3118 ἀπήγετο.
846 3049 1110 3102 Κολύθιον
1160 3045 1227 3118 ἦν
1269 3049 1439 3116 δνομα
1484 3049 1560 3114 τῷ
1591 3049 1768 3117 τόπῳ.
1813 3047 1872 3100 ⁸0
1907 3048 1964 3101 δὲ

2064 1965 2368 2009 renuerunt
2409 1956 2462 2009 id
2501 1956 2762 2024 primum,
2793 1955 2996 2009 deinde
3019 1954 3368 2010 Christianos
3399 1969 3457 2008 se
3489 1969 3632 2017 esse,

2066 2045 2294 2114 fierique
2326 2047 2552 2099 omnino
2586 2061 2694 2098 non
2724 2059 2888 2114 posse
2921 2054 2980 2098 ut
3027 2045 3198 2097 Deum
3245 2045 3412 2097 aliutn
3447 2044 3530 2097 vel
3565 2045 3636 2096 ti-

2065 2147 2277 2189 merent
2320 2136 2406 2190 vel
2443 2137 2712 2201 colerent,
2744 2135 2980 2205 professi
3023 2146 3175 2189 sunt.
3203 2135 3365 2189 Hunc
3396 2150 3636 2202 namque

2063 2241 2188 2280 esse
2214 2228 2306 2295 qui
2342 2228 2542 2280 cmlum
2569 2234 2621 2279 ct
2649 2239 2849 2281 terram
2875 2225 3192 2279 condiderit
3222 2241 3236 2278 :
3269 2235 3323 2278 et
3352 2225 3446 2292 qui
3481 2225 3637 2291 prin-

2065 2319 2303 2386 cipibus,
2349 2319 2652 2388 designatis
2680 2317 2962 2386 certisque
2986 2317 3354 2385 temporibus,
3388 2317 3441 2367 in
3474 2315 3638 2369 terris

2065 2419 2394 2480 potestatem
2433 2419 2488 2465 et
2529 2411 2822 2479 imperium
2857 2409 3140 2462 concedat.
3173 2407 3300 2461 Ila-3c
3331 2415 3496 2476 atque
3530 2407 3636 2460 alia

2065 2517 2191 2555 cum
2245 2502 2313 2555 ab
2361 2501 2440 2556 eis
2490 2501 2827 2555 aﬂ‘errentur
2876 2499 3149 2570 plurima,
3203 2497 3536 2552 Emilianus
3583 2498 3636 2551 in

2065 2594 2336 2647 sententia
2387 2594 2659 2662 perstitit,
2698 2601 2754 2647 et
2783 2609 2906 2645 eum
2943 2607 3002 2646 se
3035 2591 3140 2646 hoc
3167 2592 3274 2645 illis
3305 2591 3639 2659 persuadere

2067 2701 2176 2739 non
2209 2701 2371 2755 posse
2404 2686 2639 2749 videret,
2673 2686 2823 2739 nulla
2862 2684 3189 2754 interposita
3225 2699 3401 2746 mora,
3438 2683 3640 2752 Diony-

2066 2777 2232 2839 sium,
2289 2777 2649 2846 quantumvis
2709 2777 2902 2830 morbo
2959 2786 3301 2845 correptum,
3365 2775 3420 2827 in
3489 2775 3642 2828 solus

2067 2869 2339 2939 quosdam
2380 2880 2437 2924 et
2485 2887 2514 2924 a
2555 2871 2868 2938 frequentia
2900 2870 3186 2923 hominum
3228 2869 3389 2938 longe
3418 2867 3642 2922 dissitos

2071 2963 2222 3016 locos
2268 2964 2320 3015 in
2359 2963 2586 3032 Libyam
2642 2962 2928 3032 relegavit.
2962 2963 3042 3015 Ad
3081 2976 3242 3030 quem
3273 2961 3533 3029 permulti
3576 2977 3642 3013 ex

2071 3052 2229 3112 urbe,
2262 3067 2373 3105 non
2419 3052 2736 3119 paucissimi
2769 3067 2900 3105 vero
2945 3053 3108 3106 etiam
3141 3067 3207 3105 ex
3237 3049 3476 3120 Egypto
3508 3066 3644 3104 con.

397 3143 668 3211 μακάριος
729 3141 1007 3203 Διονύσιος
1076 3143 1254 3194 πάντα
1312 3141 1576 3208 γενναίως
1625 3139 1963 3210 διεκαρτέρει

2074 3153 2370 3206 venerunt,
2423 3153 2585 3213 atque
2621 3145 2696 3198 ibi
2727 3160 2853 3198 cum
2887 3160 2952 3198 eo
2987 3144 3294 3198 doctrinam
3345 3142 3472 3197 fidei
3523 3143 3645 3212 ejus

394 3236 601 3304 φέρων.
641 3235 750 3302 Οὐχ
777 3229 938 3304 ἦττον
984 3234 1027 3286 δ’
1065 3229 1206 3304 ἦσαν
1241 3234 1337 3285 καὶ
1368 3232 1477 3284 τῶν
1509 3232 1754 3300 ἀδελφῶν
1797 3249 1969 3298 τινες,

393 3330 461 3393 τῇ
495 3325 713 3393 συνεχεῖ
762 3323 1030 3392 ἐπιδημίᾳ
1082 3322 1143 3374 τὸ
1195 3323 1434 3390 σκληρὸν
1479 3322 1574 3374 τοῦ
1619 3322 1787 3374 τόπου
1819 3322 1968 3374 λεαί-

394 3433 597 3479 νοντες,
642 3415 735 3467 καὶ
765 3415 1169 3484 παρακλήσεως
1233 3413 1617 3480 ἐμπιπλῶντες
1660 3414 1755 3466 τὸν
1798 3415 1966 3466 ὅσιον.

392 3501 466 3576 τῼ
495 3507 552 3557 δὲ
602 3505 917 3575 βουλομένῳ
964 3504 1085 3556 ἐστὶ
1136 3503 1328 3572 μαθεῖν
1359 3505 1459 3560 ὅσα
1493 3507 1604 3566 τοῖς
1639 3506 1761 3557 κατ’
1795 3507 1971 3556 ἐκεῖνο

393 3597 588 3667 καιροῦ
643 3597 880 3650 πέπονθε
939 3597 1238 3664 διωγμοῖς,
1295 3595 1396 3646 οὐκ
1457 3596 1621 3656 αὐτὸς
1669 3595 1727 3648 δὲ
1785 3597 1968 3664 μόνος,

395 3687 534 3737 ἀλλὰ
593 3686 691 3736 καὶ
737 3683 890 3737 ἄλλοι
952 3681 1191 3752 ἀριθμοῦ
1269 3683 1558 3750 κρείττους
1617 3683 1972 3752 ἐντυγχάνειν

396 3776 790 3844 προτρέπομεν
839 3768 926 3835 αἷς
977 3773 1140 3834 αὐτὸς
1177 3775 1389 3838 φωναῖς
1429 3773 1797 3840 κεχρημένος,
1834 3772 1970 3840 πρός

395 3885 520 3920 τινα
553 3868 663 3919 τῶν
703 3867 825 3919 κατ’
853 3866 1016 3919 αὑτὸν
1040 3865 1381 3928 ἐπισκόπων,
1433 3861 1476 3932 ᾧ
1529 3865 1704 3932 ὄνομα
1759 3864 1973 3933 Γερμα-

396 3959 508 4021 νὸς,
544 3959 735 4022 κακῶς
791 3959 960 4012 αὐτὸν
1008 3957 1296 4024 ἀγορεύειν
1355 3955 1678 4026 βουλόμενον
1707 3996 1720 4020 ,
1757 3956 1976 4008 ἀποτεί-

399 4069 563 4116 νεται,
609 4051 834 4118 φάσκων
860 4050 1061 4102 οὑτωσὶ
1097 4048 1380 4116 καταρχὰς
1407 4064 1422 4078 ·
1473 4066 1491 4099 ι
1532 4048 1624 4108 Εἰς
1646 4048 1966 4117 ἀφροσύνην

398 4143 705 4195 κινδυνεύω
737 4142 942 4210 πολλὴν
988 4143 1082 4194 καὶ
1123 4141 1482 4206 ἀναισθησίαν
1533 4140 1703 4203 ὅντως
1739 4141 1931 4191 πεσεῖν
1956 4179 1970 4204 ,

404 4234 482 4295 τίς
509 4236 762 4302 ἀνάγκην
807 4234 1244 4302 ἐμϐιϐαξόμενος
1279 4233 1590 4302 διηγεῖσθαι
1621 4233 1722 4300 τὴν
1763 4231 1978 4299 θαυμα-

402 4327 534 4395 στὴν
576 4329 703 4395 περὶ
738 4329 887 4395 ἡμᾶς
935 4326 1253 4393 οἰκονομίαν
1300 4325 1395 4378 τοῦ
1446 4324 1602 4378 Θεοῦ.
1661 4324 1804 4378 Ἀλλ’
1853 4326 1977 4378 ἐπεὶ

406 4420 730 4486 μυστήριον,
766 4418 920 4486 φησὶ,
977 4418 1246 4486 βασιλέως
1279 4416 1552 4486 κρύπτειν
1594 4417 1794 4480 καλὸν,
1823 4417 1892 4470 τὰ
1920 4418 1978 4470 δὲ

411 4511 552 4578 ἔργα
595 4510 687 4562 τοῦ
720 4509 857 4562 Θεοῦ
893 4509 1293 4580 ἀνακηρύττειν
1323 4509 1552 4576 ἔνδοξον,
1586 4509 1750 4579 ὁμόσε
1793 4510 1976 4582 χωρή·

401 4620 479 4654 σω
515 4605 577 4670 τῇ
613 4602 885 4670 διηγήσει·
936 4619 954 4651 ι
991 4601 1087 4653 καὶ
1122 4599 1189 4652 τὰ
1237 4601 1383 4668 ἑξῆς.

2072 3234 2428 3288 addiscentcs
2471 3245 2809 3288 manserunt.
2845 3235 3051 3288 Deinde
3083 3250 3212 3287 vero
3247 3233 3312 3286 ad
3348 3234 3508 3301 longe
3537 3233 3643 3285 du-

2072 3326 2272 3379 riorem
2325 3327 2745 3395 gravioremque
2779 3341 3103 3388 mrumnam,
3142 3325 3197 3378 in
3241 3325 3518 3393 regionem
3555 3327 3642 3379 cui

2073 3423 2274 3470 nomen
2307 3427 2392 3471 est
2422 3416 2662 3484 Cepbro,
2715 3427 2771 3471 et
2810 3417 2996 3471 locum
3039 3417 3354 3487 Culytliium
3404 3416 3641 3476 dictum,

2071 3507 2228 3560 exsul
2258 3517 2346 3560 est
2392 3506 2738 3574 deportatus.
2777 3506 2949 3561 Porro
2994 3507 3188 3560 beatus
3217 3507 3512 3577 Dionysius
3549 3511 3644 3560 atl-

2073 3611 2230 3650 versa
2260 3596 2442 3650 omnia
2481 3611 2678 3665 magno
2715 3596 2957 3666 fortique
3005 3597 3233 3666 pertulit
3269 3598 3478 3650 animo.
3531 3597 3644 3651 N.c

2073 3688 2258 3742 minus
2311 3699 2367 3742 et
2417 3689 2619 3743 fratres
2669 3691 2890 3758 quidam
2928 3691 3190 3744 continua
3237 3690 3646 3744 consuetudine

2074 3794 2170 3833 sua
2224 3777 2334 3832 loci
2375 3780 2732 3848 asperitatem
2781 3781 3084 3848 lenierunt,
3135 3780 3646 3850 consolationisque

2074 3871 2337 3940 pietatem
2371 3871 2421 3925 ei
2455 3873 2856 3942 praestiterunt.
2888 3873 2993 3939 Qui
3041 3888 3171 3927 vero
3196 3873 3517 3927 accuratius
3558 3889 3650 3926 co-

2075 3978 2342 4032 gnoscere
2377 3965 2592 4027 volunt,
2631 3980 2752 4034 quae
2789 3981 2853 4019 ea
2903 3965 3311 4034 persecutionis
3355 3975 3650 4032 tempesta-

2081 4067 2134 4110 te
2192 4072 2302 4110 non
2375 4056 2493 4124 ipse
2547 4065 2758 4110 tantum
2815 4057 3132 4129 Dionysius,
3187 4057 3281 4111 sed
3341 4056 3433 4110 alii
3480 4058 3646 4111 etiam

2079 4147 2356 4202 innumeri
2383 4149 2582 4204 fratres
2611 4149 2843 4206 adversa
2874 4148 3235 4219 pertulerint,
3269 4149 3307 4202 ii
3340 4148 3524 4218 legere
3547 4161 3646 4217 po-

2077 4247 2286 4299 terunt.
2309 4255 2431 4309 qua:
2459 4241 2575 4311 ipse
2604 4242 2670 4296 ad
2703 4242 2970 4312 temporis
2998 4243 3082 4296 sui
3114 4243 3431 4310 episc0pum
3461 4257 3652 4308 quem-

2076 4330 2224 4394 dam,
2287 4335 2511 4386 nomine
2571 4332 2934 4399 Germanum,
2996 4333 3422 4387 obtrectatorem
3493 4331 3648 4399 ejus,

2077 4423 2321 4492 scripsit,
2362 4423 2436 4476 ita
2474 4439 2706 4478 exorsus
2734 4425 2809 4493 (2)
2845 4441 2858 4478 :
2898 4442 2918 4476 ι
2963 4424 3180 4478 Stultus
3205 4439 3336 4477 sane
3365 4433 3530 4491 atque
3565 4423 3649 4475 in-

2080 4530 2248 4570 sanus
2269 4515 2490 4580 fuerim,
2521 4517 2566 4569 si
2602 4516 2992 4570 necessitatem
3021 4532 3142 4570 eam
3173 4515 3306 4569 mihi
3346 4515 3647 4584 imponam,

2085 4612 2146 4656 ut
2176 4603 2557 4658 admirandam
2593 4606 2658 4659 de
2706 4606 2866 4659 nobis
2905 4606 3002 4659 Dei
3037 4621 3226 4660 curam
3269 4613 3437 4673 atque
3470 4605 3654 4674 dispo-

403 4698 662 4750 sitionem
717 4696 940 4765 scriptis
993 4710 1314 4765 persequar.
1351 4694 1611 4748 Sedenim
1675 4711 1800 4750 cum
1863 4696 2052 4766 (sicuti
2094 4699 2379 4769 Scriptura
2428 4703 2506 4754 ait
2537 4702 2605 4770 ⁸⁵)
2639 4717 2902 4757 arcanum
2945 4703 3091 4773 regis
3141 4703 3322 4757 celare
3361 4702 3650 4770 pulchrum

401 4789 508 4853 sit,
563 4805 729 4858 opera
797 4799 981 4842 autem
1039 4790 1133 4842 Dei
1199 4787 1570 4857 deprszdicare
1626 4788 1964 4858 gloriosum,
2005 4791 2073 4845 ad
2121 4794 2500 4849 narrationem
2537 4813 2725 4851 rerum
2777 4799 3007 4866 propius
3059 4795 3392 4862 accedam,»
3426 4807 3481 4850 et
3544 4811 3650 4848 ca:-

405 4896 542 4938 tera.

982 5000 1233 5054 ΚΕΦΑΛ.
1287 4998 1384 5053 IA'.

401 5093 541 5160 Περὶ
570 5092 686 5147 τῶν
715 5095 784 5147 ἐν
802 5096 1123 5163 Καισαρείᾳ
1152 5095 1263 5181 τῆς
1315 5093 1728 5160 Παλαιστίνης
1751 5110 1975 5161 μαρτυ-

1002 5182 1351 5232 ρησαντων.

471 5277 562 5347 Τῷ
617 5278 672 5330 δὲ
721 5279 860 5331 κατὰ
909 5279 1304 5346 Οὐαλλεριανὸν
1360 5278 1591 5348 διωγμῷ
1641 5256 1827 5332 πολλοὶ
1868 5281 1970 5350 μὲν

404 5371 498 5422 καὶ
530 5371 682 5424 ἄλλοι
712 5371 806 5423 τὸν
846 5370 938 5423 τοῦ
979 5372 1292 5441 μαρτυρίου
1325 5374 1589 5440 στέφανον
1619 5372 1975 5441 ἁνεδήσσιντο⁸

403 5457 460 5506 ὲν
485 5457 540 5510 δὲ
563 5460 628 5526 τῇ
661 5457 802 5510 κατὰ
850 5459 1220 5528 Παλαιστίνην
1277 5461 1611 5530 Καισαρείᾳ,
1660 5463 1808 5530 τρεῖς
1843 5477 1968 5528 γεν-

475 5575 521 5606 ⁸⁵
547 5575 686 5629 Tob.
717 5592 818 5640 xtl,
846 5577 898 5630 7.

474 5730 550 5798 (Ι)
585 5729 766 5783 Omnis
798 5740 1029 5800 potestas
1065 5749 1094 5784 a
1139 5729 1242 5782 1)οο
1267 5742 1360 5786 est.

2678 5007 2907 5066 CAPUT
2955 5007 3045 5064 XI.

2361 5096 2439 5152 De
2471 5101 2786 5171 martyribus
2813 5099 3071 5155 Cumana:
3106 5099 3427 5154 Pala’stinw.

2151 5277 2446 5334 Valeriana
2482 5291 2663 5334 autem
2721 5281 3112 5350 persecutione
3162 5279 3387 5349 plurimi
3425 5279 3650 5348 quidem

2077 5371 2168 5423 alii
2227 5372 2473 5442 martyrii
2527 5388 2789 5426 coronam
2839 5375 3106 5427 tulerunt.
3149 5374 3414 5429 Caesarea:
3470 5381 3652 5425 autem

2076 5461 2238 5532 403
2281 5465 2604 5547 Palaestina,
2642 5476 2753 5521 tres
2804 5466 3024 5521 fortiter
3067 5480 3191 5519 cum
3244 5461 3403 5517 laude
3459 5477 3653 5532 magna

478 5796 550 5868 i2)
592 5796 878 5866 Reperitur
912 5806 1012 5857 hoc
1049 5803 1313 5869 Scriptum
1354 5801 1494 5869 apud
1525 5800 1722 5854 Euseb.
1751 5800 1845 5855 lib.
1874 5815 1964 5867 vn,
2009 5814 2128 5868 cap.
2173 5796 2226 5849 2.
