4032 6426
322 402 459 467 llb’l

1224 395 1838 463 ECCLESIASTICS
1884 393 2277 454 IllSTOlllﬂi
2324 395 2476 456 LIB.
2530 395 2633 457 VI.

3453 394 3590 461 1158

319 512 548 582 παρών.
609 512 763 565 Κατὰ
820 511 878 564 δὲ
930 512 988 562 τὸ
1052 510 1222 582 ρηθεν
1278 511 1412 579 πρὸς
1462 509 1556 560 τὸν
1611 508 1904 576 προφήτην

2010 504 2175 576 404
2200 505 2517 561 Declaratus
2544 515 2752 569 autem,
2782 503 3281 574 communibusque
3310 506 3592 577 sun‘ragiis

329 606 580 668 Ἡσαΐαν,
619 607 694 658 Τὰ
723 603 825 659 ἀπ’
855 604 1050 672 ἀρχῆς
1102 604 1230 656 ἰδοὺ
1265 604 1473 671 ἥκωσι,
1516 602 1616 654 καὶ
1657 599 1838 653 καινὰ
1866 596 1903 651 d

318 697 435 751 νῦν
458 696 756 751 ἀνατελεῖ.
791 697 1004 763 Ὠσπερ
1030 698 1137 764 γὰρ
1171 695 1333 764 νέφος
1356 695 1455 754 τὰς
1478 694 1705 763 ἡλιακὰς
1745 692 1905 742 ἀκτῖ-

319 808 413 854 νας
439 790 774 860 ὑποδραμδν.
795 789 887 842 καὶ.
908 788 1044 858 πρὸς
1078 790 1260 856 ὀλίγον
1306 786 1666 855 ὶπηλυγάσαν
1720 781 1903 837 ἐσκία-

323 899 415 937 σαν
445 882 635 946 αύτδν,
664 882 762 934 καὶ⁹
785 881 902 934 ἀντ’
926 881 1092 936 αὐτοῦ
1120 878 1430 950 προεφάνη-
1460 874 1578 930 είτα
1605 873 1908 943 παρελθόν-

318 993 410 1036 τος
446 974 477 1044 ἢ
509 974 865 1035 διατακέντος
891 973 988 1026 τοῦ
1039 973 1260 1041 νέφους,
1294 967 1534 1038 ἐξεφάνη
1579 968 1742 1021 πάλιν
1770 968 1901 1020 trra-

320 1064 574 1127 νατείλας
604 1063 636 1134 ἢ
667 1063 1063 1134 προανατείλας
1088 1065 1117 1116 ὁ
1145 1063 1321 1132 ἧλιος⁸
1358 1058 1507 1114 οὕτω
1529 1057 1777 1129 προστὰς
1806 1055 1904 1111 καὶ

324 1150 718 1218 προσπελάσας
770 1151 968 1204 ἑαυτὸν
1019 1153 1046 1204 δ
1091 1153 1380 1219 Μακρῖνος
1431 1149 1531 1218 τῆς
1589 1146 1907 1215 ιφεστώσης

324 1244 588 1313 Γαλιήνου
624 1241 925 1312 βασιλείας,
961 1246 988 1296 ὀ
1022 1244 1122 1313 μὲν
1147 1244 1247 1297 οὐκ
1282 1243 1456 1306 ἔστιν,
1494 1241 1617 1294 ἐπεὶ
1649 1238 1785 1309 μηδὲ
1816 1234 1902 1308 ἦν·

322 1338 349 1387 ὁ
373 1336 428 1388 δὲ
458 1336 609 1388 ἔστιν
630 1336 832 1404 ὁμοίως
878 1335 1072 1408 ὥσπερ
1098 1332 1187 1406 ἦν.
1223 1337 1332 1391 Καὶ
1359 1335 1470 1389 οἷον
1500 1335 1811 1403 ἀποθεμένη
1844 1334 1905 1384 at

322 1426 557 1495 γῆραςὴ
593 1426 862 1495 βασιλεία,
903 1429 1000 1481 καὶ
1022 1429 1121 1498 τὴν
1155 1428 1472 1498 προσοῦσαν
1501 1427 1620 1497 ἅμα
1660 1428 1909 1497 καθηρα-

330 1518 466 1586 μένη
498 1524 720 1583 κακίαν,
755 1519 1127 1589 ἀκμαιότερον
1157 1520 1252 1574 νῦν
1286 1519 1535 1572 ἐπανθεῖ·
1570 1518 1666 1572 καὶ
1697 1516 1909 1586 πορρώ-

324 1626 482 1677 τερον
524 1612 716 1677 ὁρᾶται
790 1611 885 1663 καὶ
940 1613 1203 1665 ἀκούεται
1265 1613 1357 1665 καὶ
1441 1611 1693 1681 διαφοιτᾷ
1770 1627 1908 1662 πανσ-

324 1699 515 1768 ταχοῦ.
556 1719 574 1752 ι
614 1701 854 1757 Τοιαῦτα
884 1704 977 1758 καὶ
1017 1706 1146 1773 περὶ
1210 1705 1407 1756 τούτου
1464 1704 1670 1772 ἱστορεῖ
1719 1701 1910 1753 Διονύσ-

327 1808 464 1853 σιος.

2014 600 2085 653 ab
2115 597 2377 652 omnibus
2415 599 2770 653 renuntiatus
2797 606 2882 652 est
2921 596 3206 663 Galienus,
3245 608 3400 653 vetus
3425 601 3588 656 simul

2014 701 2070 744 et
2116 705 2293 745 novus
2339 689 2657 760 imperator.
2694 689 2829 743 Cum
2861 688 3015 743 enim
3062 699 3189 745 ante
3225 706 3322 747 eos
3370 690 3589 755 fuisset.

2013 790 2138 851 post
2166 797 2265 835 eos
2296 796 2519 851 quoque
2542 781 2781 837 exsistit.
2815 781 2978 837 Juxta
3009 781 3060 834 id
3091 781 3239 850 quod
3267 781 3331 836 ad
3358 782 3592 852 prophe-

2011 884 2122 928 tam
2181 873 2377 928 lsaiam
2417 882 2519 931 .est
2566 872 2775 929 dictum
2811 891 2825 926 :
2869 871 3001 937 Qum
3047 891 3078 927 a
3119 858 3382 944 principio
3421 875 3588 944 fuere.

2009 982 2124 1020 ecce
2160 968 2400 1032 υειιὶιιηι,
2452 976 2501 1020 ct
2549 983 2685 1021 nova
2712 978 2836 1020 sunt
2862 982 2982 1036 qua:
3020 982 3160 1019 nunc
3187 968 3497 1021 exorientur
3518 968 3587 1019 ³⁸.

2012 1056 2488 1123 Quemadmodum
2520 1062 2666 1114 enim
2701 1058 2878 1113 nubes
2921 1058 3106 1112 radios
3153 1059 3291 1113 solis
3337 1059 3588 1122 subiens,

2011 1160 2070 1205 et
2094 1151 2163 1205 ad
2195 1153 2365 1206 breve
2398 1161 2616 1220 tempus
2664 1166 2790 1206 eum
2830 1151 3025 1204 umbra
3057 1150 3273 1220 objecta
3305 1150 3590 1212 obscurat.

2012 1254 2069 1297 et
2099 1244 2220 1310 ejus
2261 1244 2385 1297 loco
2423 1253 2694 1312 apparet,
2741 1243 2944 1297 deinde
2978 1242 3065 1297 vel
3096 1251 3470 1311 praetereunte
3505 1245 3590 1296 vel

2012 1345 2380 1391 evanescente
2419 1336 2589 1399 nube,
2629 1336 2712 1389 sol
2742 1334 2861 1389 sive
2890 1334 3158 1389 subortus
3189 1350 3286 1389 seu
3312 1345 3592 1404 pra'ortus

2016 1427 2385 1495 resplendet:
2427 1427 2502 1480 ita
2540 1425 2823 1480 Macrinus
2874 1426 3171 1496 imperium
3221 1424 3457 1490 Galieni,
3499 1426 3587 1479 cui

2017 1518 2309 1588 pra~fectus
2362 1518 2566 1583 fuerat,
2612 1533 2713 1588 per
2760 1518 3107 1582 tyrannidem
3150 1518 3372 1572 invasit.
3409 1519 3590 1586 Atque.

2015 1609 2105 1663 ille
2138 1608 2363 1677 quidem
2395 1624 2546 1663 nunc
2577 1622 2690 1662 non
2719 1619 2920 1674 exstat,
2951 1609 3401 1678 quandoquidem
3449 1594 3587 1662 nihil

2016 1711 2174 1765 erat;
2211 1700 2300 1754 hic
2350 1714 2535 1756 autem
2571 1701 2786 1766 itidem,
2836 1711 2897 1756 ut
2940 1711 3103 1756 antea
3167 1702 3295 1766 fuit,
3348 1710 3584 1761 constat.

2017 1800 2077 1846 et
2130 1793 2426 1861 imperium
2475 1793 2616 1864 ejus,
2670 1793 2900 1864 perinde
2937 1803 3104 1862 atque
3144 1794 3362 1847 senium
3415 1792 3587 1861 depu-

325 1885 548 1948 suisset,
583 1897 638 1939 et
667 1886 957 1941 adhaerens
983 1887 1088 1942 sibi
1116 1886 1313 1942 vitium
1384 1897 1757 1958 repurgasset,
1826 1884 2082 1940 ﬂoridius
2137 1887 2304 1940 etiam
2341 1901 2490 1940 nunc
2535 1887 2702 1957 viget,
2750 1887 3083 1958 longiusque
3154 1886 3330 1940 multo
3382 1887 3590 1955 ubique

324 1986 630 2046 speetatur.
681 1979 925 2044 auditur,
979 1981 1386 2049 frequentatur.
1430 2002 1449 2034 ι
1496 1981 1623 2036 Haec
1671 1981 1740 2035 de
1796 1979 1890 2035 illo
1933 1988 2121 2033 narrat
2150 1979 2463 2049 Dionysius.

915 2102 1142 2155 ΚΕΦᾹΛ
1154 2142 1167 2155 .
1220 2100 1318 2156 II".

358 2194 493 2260 Περί
525 2194 633 2248 τοῦ
658 2193 727 2245 ἐν
760 2197 1085 2262 Καισαρείᾳ
1115 2196 1387 2263 Μαρίνου
1411 2194 1519 2248 τοῦ
1541 2192 1867 2262 μάρτυρος.

398 2285 713 2356 Τηνικαῦτα
747 2285 803 2338 δὲ
830 2288 1058 2356 εἰρήνης
1092 2285 1262 2356 οὔσης
1293 2284 1632 2355 ἁπανταχοῦ,
1663 2288 1726 2355 τῇ
1760 2282 1904 2337 κατὰ

332 2378 675 2448 Καισάρειαν
705 2376 1065 2448 Παλαιστίνῃ,
1111 2375 1356 2443 Μαρίνός
1387 2392 1471 2436 τις
1503 2376 1612 2427 τῶν
1647 2377 1703 2426 ἐν
1735 2374 1900 2437 ἀξιώ-

329 2485 485 2532 ματι,
511 2467 727 2536 πλούτῳ
757 2485 816 2519 τε
849 2468 944 2520 καὶ
981 2469 1129 2535 γένει
1160 2467 1501 2538 περιφανῶν,
1532 2465 1619 2520 διὰ
1663 2465 1903 2536 Χριστὸν

325 2562 424 2626 τὴν
457 2558 704 2629 κεφαλὴν
738 2561 1059 2629 ἀπετμήθη,
1090 2561 1274 2614 αἰτίαν
1307 2561 1566 2621 τοιαύτην
1616 2576 1900 2629 παρεσχη-

328 2649 461 2713 κώς.
522 2651 743 2704 Ἐκάλει
798 2653 898 2720 μὲν
923 2652 1033 2721 γὰρ
1085 2652 1249 2705 αὐτὸν
1300 2651 1455 2724 ἡτοῦ
1484 2651 1696 2721 βαθμοῦ
1748 2650 1903 2714 τάξις

331 2743 423 2795 ὲπί
462 2760 607 2809 τινα,
638 2742 781 2798 κατὰ
809 2744 869 2795 τὸ
900 2742 1022 2805 ἔθος
1065 2744 1386 2814 Ῥωμαίοις,
1432 2743 1743 2814 ἀξιώματος
1771 2761 1907 2813 προ-

1933 2103 1982 2162 Β

2593 2096 2822 2153 CAPUT
2864 2096 3004 2153 XI".

2341 2190 2417 2244 De
2447 2189 2655 2244 Marino
2685 2189 2998 2246 Cwsariensi
3021 2201 3278 2262 martyre.

2072 2284 2152 2338 Eo
2188 2292 2456 2353 tempore,
2506 2297 2633 2337 cum
2685 2298 2789 2352 pax
2847 2283 3053 2352 ubique
3104 2294 3270 2346 esset.
3322 2283 3590 2341 Cresareae

2001 2375 2304 2431 Palaestinae
2329 2372 2574 2429 Marinus
2599 2373 2846 2443 quidam,
2866 2375 3084 2445 Opibus,
3107 2391 3308 2446 genere
3331 2388 3388 2432 ct
3413 2379 3591 2449 digni-

2004 2475 2117 2522 tate
2144 2468 2346 2533 clarus,
2379 2483 2479 2536 pro
2517 2466 2740 2522 Christo
2773 2468 2956 2538 capite
2988 2468 3182 2539 plexus
3214 2479 3320 2536 est,
3360 2486 3461 2542 per
3498 2482 3582 2526 ta-

2002 2561 2111 2615 lem
2166 2576 2410 2616 causam.
2464 2560 2707 2617 Vocabat
2772 2574 2900 2616 eum
2968 2561 3276 2631 disciplinae
3332 2564 3587 2618 militaris

2007 2652 2143 2706 ordo
2190 2653 2259 2706 ad
2307 2652 2599 2718 honorem,
2650 2652 3024 2707 Romanorum
3071 2670 3245 2720 more,
3298 2656 3582 2726 majorem,

1998 2744 2340 2814 gradumque
2415 2744 2703 2815 dignitatis
2788 2744 3040 2800 altiorem
3116 2748 3337 2817 (vitem
3420 2764 3582 2803 voca-

334 2837 534 2906 κοπήψ
567 2836 753 2907 κλῆμα
787 2837 950 2889 τοῦτο
998 2837 1248 2903 ἐκάλουν,
1284 2838 1687 2906 ἑκατοντάρχου
1738 2838 1903 2889 τόπον

2010 2836 2137 2890 bant
2165 2838 2264 2907 (ἰ),
2297 2847 2352 2892 et
2407 2854 2528 2893 eam
2564 2839 2655 2908 qui
2693 2839 3200 2914 consequebantur,
3234 2841 3588 2895 centuriones

334 2928 551 3001 ἐπέχον.
589 2928 699 2982 Καὶ
732 2929 870 2997 δῆτα
905 2929 1194 2998 μέλλοντος
1217 2930 1317 3001 ἤδη
1343 2929 1564 3001 ἔχεσθαι
1592 2929 1690 2998 τῆς
1717 2930 1904 2999 τιμῆς,

332 3019 520 3091 ἕτερος
553 3021 702 3091 ζήλῳ
735 3022 1038 3091 φερόμενος
1076 3022 1295 3093 παριὼν
1334 3024 1426 3075 ἐπὶ
1477 3023 1537 3075 τὸ
1565 3022 1738 3092 βῆμα,
1798 3041 1905 3092 μη-

329 3113 519 3182 δαμῶς
549 3113 751 3177 ἐξεῖναι
780 3114 956 3184 αὐτῷ,
986 3115 1304 3187 Χριστιανῷ
1335 3133 1397 3184 γε
1418 3115 1549 3172 δντι.
1573 3118 1667 3170 καὶ
1695 3116 1770 3185 μὴ
1812 3116 1909 3186 βα-

333 3206 540 3259 σιλεῦσι
567 3207 772 3268 θύοντι.
805 3208 906 3277 τῆς
958 3211 1023 3260 ἐκ
1065 3207 1359 3278 Ῥωμαίων
1402 3209 1694 3279 τυγχάνειν
1725 3208 1905 3275 ἀξίας,

327 3298 649 3377 κατηγόρει·
679 3298 830 3368 αὐτῷ
859 3300 915 3351 δὲ
952 3300 1151 3369 μᾶλλον
1201 3301 1505 3370 προσήκειν
1530 3299 1627 3353 τοῦ
1660 3300 1910 3369 ἀξιώμα-

2005 2930 2231 2987 ﬁcbant.
2263 2932 2331 2986 Et
2377 2932 2489 3003 jam
2539 2932 2805 2987 honorem
2845 2931 3009 2986 talem
3075 2944 3402 3002 recepturus
3442 2945 3583 2992 erat.

2005 3038 2130 3078 cum
2163 3024 2305 3079 alius
2325 3024 2698 3079 aemulationis
2726 3024 2912 3079 studio
2939 3024 3006 3078 ad
3036 3024 3277 3080 tribunal
3310 3027 3586 3096 procedit,

2008 3115 2347 3185 minimeque
2391 3116 2692 3171 convenire
2747 3116 3099 3171 criminando
3150 3120 3372 3183 asserit,
3424 3129 3485 3172 ut
3544 3122 3589 3174 is

2012 3208 2317 3263 Romanam
2345 3210 2668 3279 dignitatem
2695 3220 3087 3281 consequatur,
3120 3213 3214 3281 qui
3242 3211 3590 3267 Christianus

2012 3302 2107 3364 sit,
2146 3311 2202 3355 et
2238 3301 2668 3370 imperatoribus
2702 3318 2810 3356 non
2848 3304 3125 3358 sacrificet
3166 3320 3180 3357 :
3236 3303 3583 3373 proindeque

329 3405 422 3453 τος
469 3389 778 3443 διετείνετο·
836 3393 931 3444 καὶ
987 3392 1080 3444 τὸν
1121 3392 1386 3460 δικαστὴν
1460 3390 1548 3463 (ἦν
1581 3393 1628 3444 δ’
1688 3394 1904 3462 Ἀχαῖος

2011 3394 2265 3447 ordinem
2294 3409 2421 3447 eum
2457 3394 2562 3447 sibi
2610 3394 2794 3463 potius
2823 3393 3013 3449 deberi
3062 3396 3370 3451 contendit.
3423 3396 3591 3469 405

329 3477 545 3551 ὕνομα),
596 3479 1007 3550 δυσχεράναντα
1030 3520 1045 3544 ,
1080 3481 1313 3550 Μαρίνῳ
1364 3481 1444 3542 είς
1474 3482 1666 3547 λόγους
1706 3480 1903 3540 ἐλθεῖν,

330 3571 379 3623 εί
409 3573 474 3641 τῇ
508 3570 703 3641 γνώμῃ
739 3572 1001 3640 ἐμμένειν
1035 3573 1272 3641 αίροῖτο.Δ
1327 3571 1481 3623 Ἐπεὶ
1519 3572 1575 3623 δὲ
1608 3574 1667 3623 τὸ
1700 3572 1907 3638 ἀμετά-

333 3660 487 3711 θετον
513 3659 610 3711 τοῦ
638 3659 831 3729 ἀνδρὸς
861 3659 1009 3727 ἑώρα
1038 3662 1138 3727 τῆς
1163 3659 1301 3727 πρὸς
1329 3659 1564 3730 Χριστὸν
1589 3659 1903 3723 διαθέσεως,

331 3753 484 3818 τρεῖς
520 3750 670 3820 ὧρας
719 3751 972 3803 τολοιπδν
1027 3751 1203 3804 ἐδίδου
1238 3749 1338 3819 τὴν
1366 3750 1579 3817 αἰρεσιν
1608 3742 1905 3818 διασκέψα-

333 3841 479 3906 σθαι,
510 3843 615 3907 ἔξω
654 3843 749 3897 τοῦ
795 3843 1154 3912 δικαστηρίου
1189 3844 1506 3911 γενόμενον.
1550 3840 1650 3896 “Ov
1692 3841 1904 3905 ἐξιόντα

328 3933 624 3996 Θεὸτεκνος
668 3935 698 3986 ὁ
744 3933 846 4001 τῆς
893 3937 1072 3986 ἐκεῖσε
1106 3933 1402 4001 παροικίας
1451 3933 1773 3996 ἐπίσκοπος,
1802 3935 1903 4003 τῆς

329 4025 512 4092 χειρὸς
538 4023 858 4093 λασὸμενος,
886 4027 977 4077 ἐπὶ
999 4026 1097 4094 τὴν
1119 4026 1420 4095 ἐκκλησίαν
1438 4019 1610 4087 εἷλκε.
1626 4028 1696 4078 τὰ
1721 4027 1905 4078 εἰκότα

327 4115 764 4186 διομιλούμενος.
799 4118 947 4172 Είσω
976 4118 1035 4171 δὲ
1062 4118 1290 4186 ἀγαγὼν
1321 4123 1417 4171 καὶ
1450 4119 1601 4189 παρὰ
1633 4119 1710 4188 τῷ
1746 4120 1906 4187 ἁγιά-

332 4225 503 4278 σματι
554 4213 782 4279 στήσας,
835 4211 929 4264 τὸν
977 4210 1308 4280 χιτωνίσκον
1340 4212 1806 4280 παραναστείλας,
1842 4214 1904 4265 τὸ

330 4303 790 4371 προσηρτημένον
824 4302 975 4369 αὐτῷ
1007 4301 1162 4368 ξίφος
1190 4303 1421 4359 ἐδείκνυ.
1460 4303 1626 4371 Ἰ)μοῦ
1648 4305 1702 4356 δὲ
1726 4305 1818 4357 καὶ
1844 4307 1904 4357 τὸ

329 4390 473 4459 ίερὺν
525 4391 872 4459 παραγαγὼν
907 4392 1264 4458 Εὐαγγέλιον,
1302 4396 1360 4446 ὲν
1410 4393 1566 4462 μέσῳ
1596 4396 1901 4464 προύτίθει,

328 4483 507 4536 είπὼν
553 4484 819 4552 ὁπότερον
847 4485 978 4534 τῶν.
1013 4484 1108 4535 δύο
1157 4483 1378 4536 ἑλέσθαι
1425 4485 1692 4554 βούλοιτο.
1738 4488 1829 4552 Ὧς
1859 4487 1904 4542 δ’

331 4576 493 4638 εὐθὺς
512 4576 612 4645 τὴν
664 4574 846 4639 δεξιὰν
900 4570 1217 4643 προτείνας,
1278 4577 1379 4644 τὴν
1434 4576 1618 4646 βίϐλον
1664 4558 1901 4646 ἐδέχετο,

328 4666 524 4735 ἐξῆγεν
553 4666 740 4734 εὐχαῖς
767 4664 1104 4726 καθοπλίσας
1130 4665 1223 4717 τὸν
1255 4666 1535 4735 μάρτυρα,
1569 4667 1664 4719 ἐπὶ
1703 4667 1904 4736 μᾶλλον

2010 3482 2088 3535 lbi
2125 3481 2291 3551 judex
2332 3483 2585 3551 (Achaeus
2624 3483 2754 3537 huic
2796 3498 2995 3536 nomen
3027 3483 3150 3555 fuit)
3182 3484 3235 3538 id
3272 3485 3463 3557 inique
3500 3498 3588 3541 tu.

2010 3572 2096 3634 lit,
2131 3570 2518 3641 Marinumque
2551 3589 2619 3625 an
2650 3572 2703 3626 in
2738 3574 3016 3627 sententia
3064 3589 3425 3643 perseverare
3463 3593 3589 3646 per-

2007 3672 2183 3733 geret,
2212 3665 2598 3735 interrogavit.
2635 3666 2814 3736 Atque
2850 3665 2945 3721 ubi
2991 3677 3340 3723 constantem
3369 3670 3489 3737 ejus
3532 3674 3585 3724 in

2006 3755 2287 3810 Christum
2331 3758 2580 3811 animum
2650 3755 2979 3827 ﬁrmamque
3023 3759 3375 3815 aﬁ'ectionem
3431 3764 3585 3821 vidit.

2008 3859 2119 3903 tres
2156 3848 2207 3902 ei
2237 3848 2305 3902 ad
2341 3848 2762 3905 deliberandum
2800 3863 2957 3906 extra
2997 3852 3279 3923 judicium
3311 3859 3591 3908 concessit

2008 3939 2193 3993 horas.
2226 3940 2406 4009 Atque
2435 3955 2561 3995 eum
2599 3942 2680 3996 sic
2709 3952 3034 4009 exeuntem,
3074 3943 3433 4002 Theotecuus
3465 3948 3590 4016 rjns

2009 4032 2113 4085 loci
2142 4034 2438 4103 episcopus
2481 4050 2646 4088 manu
2694 4036 3131 4104 apprehensum,
3185 4038 3239 4092 in
3294 4042 3587 4093 ecclesiam

2008 4122 2254 4191 deducit,
2306 4139 2702 4196 sermonesque
2759 4143 2884 4181 cum
2919 4143 3008 4193 eo,
3061 4144 3200 4197 quos
3250 4146 3390 4198 opus
3445 4142 3589 4191 erat,

2009 4213 2222 4267 confert
2259 4233 2272 4268 :
2311 4231 2435 4270 mox
2469 4218 2633 4270 etiam
2680 4216 2732 4270 in
2765 4219 3135 4273 sacratiorem
3183 4221 3369 4290 templi
3404 4222 3589 4275 locum

2009 4304 2272 4371 admittit,
2323 4307 2619 4377 tunicaque
2664 4310 2784 4377 ejus
2832 4310 3077 4373 diducta,
3112 4325 3303 4365 ensem
3340 4327 3452 4381 quo
3496 4328 3586 4365 ac-

2009 4396 2226 4450 cinctus
2281 4404 2425 4459 erat,
2478 4399 2528 4453 ei
2593 4399 2959 4464 demonstrat,
3022 4401 3300 4471 simulque
3367 4419 3586 4457 sacrum

2010 4488 2287 4558 Evangelii
2338 4489 2543 4543 librum
2582 4491 2915 4559 productum
2955 4495 3007 4546 in
3050 4496 3238 4549 medio
3276 4500 3538 4566 proponit
3574 4539 3590 4564 ,

2009 4583 2400 4651 optionemque
2433 4583 2507 4645 ei,
2556 4593 2617 4636 ut
2666 4595 2851 4638 utrum
2909 4586 3080 4641 vellet
3129 4589 3427 4658 acciperet,
3465 4608 3588 4661 pcr-

2010 4672 2201 4725 mittit.
2242 4672 2436 4736 Porro,
2466 4682 2759 4745 postquam
2787 4674 2879 4728 ille
2910 4678 3095 4731 statim
3129 4678 3377 4733 dextram
3420 4682 3486 4733 ad
3527 4682 3591 4733 Ii-

328 4756 553 4827 ἔχεσθαι
611 4756 1143 4825 παρεγγυησάμενος
1196 4756 1294 4808 τοῦ
1346 4757 1519 4811 θεοῦο
1555 4763 1742 4830 τυχεῖν
1791 4762 1901 4832 γὰρ

2010 4765 2172 4819 brum
2235 4764 2413 4833 ipsum
2474 4766 2861 4835 accipiendum
2917 4771 3207 4836 extendit,
3269 4773 3592 4840 precatione

332 4853 531 4921 ῥᾷστον
565 4846 707 4903 εἶναι
737 4851 950 4918 γένοιτο
979 4848 1118 4919 πρὸς
1168 4850 1377 4907 ικείνου
1416 4852 1761 4920 ῥωννύμενον
1794 4856 1905 4907 τῶν

332 4945 454 4997 κατ’
481 4942 690 5008 ἔφεσιν·
726 4945 822 4995 καὶ
856 4943 978 5012 μετ’
1010 4944 1240 5021 εἰρήνης
1270 4943 1493 5011 ἐξῆγεν.
1543 4944 1698 4998 Ἐπεὶ
1721 4945 1776 4998 δὲ
1813 4947 1907 5000 καὶ

327 5032 357 5081 ὁ
400 5028 498 5098 τῆς
560 5032 904 5099 προθεσμίας
956 5031 1142 5084 ἐκάλει
1199 5034 1417 5102 καιρὸς,
1466 5033 1496 5084 ὁ
1539 5034 1716 5104 κῆρυξ
1747 5036 1904 5100 αὖθις

333 5120 690 5190 μετεκαλεῖεο
721 5126 813 5175 τὸν
865 5122 1143 5194 μάρτυρα.
1194 5124 1492 5193 Παραστὰς
1519 5123 1613 5177 οὖν
1663 5129 1754 5177 καὶ
1787 5128 1906 5196 μεί-

330 5214 462 5275 ζονα
491 5213 590 5283 τὴν
625 5213 941 5283 προθυμίαν
986 5214 1019 5285 ἢ
1047 5215 1314 5285 πρότερον
1360 5216 1502 5284 ὑπὲρ
1546 5216 1787 5286 Χριστοῦ
1820 5222 1907 5272 ἐν-

330 5304 675 5372 δειξάμενος,
707 5305 873 5369 εὐθὺς
921 5305 1135 5358 ἐκεῖθεν
1182 5307 1283 5375 τὴν
1332 5307 1427 5359 ἐπὶ
1460 5307 1694 5361 θάνατον
1717 5310 1904 5380 ἧγετο,

330 5398 425 5450 καὶ
451 5396 596 5463 ξίφει
621 5397 722 5466 τὴν
744 5397 988 5468 κεφαλὴν
1017 5399 1304 5469 ἀφῃρεῖτο.

2009 4866 2307 4928 martyrem
2354 4865 2628 4914 armatura
2680 4860 2964 4929 producit,
2999 4875 3244 4932 eumque
3301 4874 3364 4918 ut
3416 4869 3594 4936 magis

2007 4948 2123 5003 Deo
2187 4950 2625 5019 obtemperando
2671 4969 2835 5023 quam
2885 4954 3203 5012 hominibus
3256 4956 3585 5022 adhaereret,

2007 5043 2352 5099 cohortatur.
2386 5044 2569 5101 Facile
2612 5048 2762 5102 enim
2791 5064 2918 5104 eum
2959 5049 3028 5104 ab
3058 5049 3152 5105 illo
3182 5051 3585 5117 contortatum,

2008 5151 2130 5206 qua:
2169 5138 2404 5191 maxime
2437 5138 2800 5204 desideraret,
2851 5154 3285 5199 consecuturum
3334 5160 3478 5201 esse.
3520 5146 3591 5200 ll-

2006 5229 2236 5300 lumque
2288 5232 2369 5288 sic
2429 5249 2555 5288 cum
2605 5249 2739 5304 pace
2789 5234 3043 5290 dimittit.
3092 5235 3273 5306 Atque
3315 5236 3408 5291 ubi
3456 5252 3593 5292 cana

2008 5317 2263 5375 stitutum
2317 5333 2546 5379 vocaret
2609 5334 2860 5395 tempus,
2923 5335 2982 5381 et
3046 5342 3227 5397 prach
3283 5339 3583 5399 martyrem

2009 5424 2231 5468 rursum
2263 5415 2486 5480 citaret,
2522 5418 2790 5473 assistens
2838 5418 2953 5481 ille,
3004 5421 3385 5491 majoremque
3419 5438 3593 5492 quam

326 5504 492 5548 antea
534 5508 635 5563 pro
663 5493 885 5550 Christo
919 5496 1263 5550 alacritatem
1317 5496 1641 5563 ostendens.
1671 5500 1948 5570 extemplo
1990 5506 2119 5565 inde
2153 5511 2220 5565 ad
2249 5522 2480 5567 mortem
2534 5524 2619 5570 est
2663 5515 2954 5583 abductus,
2987 5525 3042 5571 et
3072 5517 3248 5587 capite
3278 5526 3585 5575 truncatus.

403 5663 451 5695 "
483 5663 589 5717 lsa.
619 5678 779 5724 xuii.
804 5662 891 5718 l9.

396 5799 473 5865 (1)
506 5797 655 5870 Τιμή
690 5797 774 5860 τίς
815 5801 931 5850 ἐστι
961 5797 1119 5870 παρὰ
1159 5796 1459 5868 Ῥωμαίοις
1486 5800 1545 5853 τὸ
1595 5800 1807 5870 κλῆμα,
1842 5797 1904 5856 οὗ

323 5870 450 5933 τοὺς
478 5868 736 5940 τυχόντας
764 5870 927 5936 φασιν
953 5868 1390 5938 ἑκατοντάρχους
1420 5868 1784 5941 γίνεσθα-,ητό
1797 5892 1893 5927 που

2019 5808 2648 5885 σχολᾲςοντοςηΕυευι).
2699 5810 2793 5863 lib.
2831 5827 2929 5871 vn,
2966 5827 3090 5882 cap.
3140 5815 3226 5872 l9.
3260 5817 3593 5885 Spartianus

2007 5879 2061 5932 in
2094 5881 2336 5935 Adriano
2376 5884 2541 5937 vitem
2578 5897 2678 5950 pro
2716 5879 3102 5940 centurionum
3138 5879 3360 5952 accipit.
