4032 6434
473 385 608 450 1159

1051 493 1276 550 CAPUT
1319 495 1460 548 XIV.

471 587 545 641 De
581 588 802 649 Asteria,
831 595 878 639 et
905 589 1222 639 admiranda
1246 587 1505 656 ﬁdemque
1527 603 1734 641 onmem
1769 591 2047 642 excedente

837 659 913 710 rei
945 674 1038 726 per
1070 673 1189 708 eum
1222 667 1382 727 gestw
1412 659 1650 710 historia.

537 771 1022 824 Vernmeuimvero
1043 769 1320 826 Asterius.
1338 768 1420 821 vir
1441 771 1690 838 apprime
1719 771 1811 824 Dei
1832 786 2044 834 amans.

467 873 689 914 senator
737 863 1037 920 Romanus.
1074 863 1227 915 claro
1278 861 1400 916 loco
1438 871 1623 925 natus,
1671 865 1953 931 copiosus,
1988 871 2046 917 et

467 969 664 1022 magno
697 957 764 1008 ab
793 954 1221 1022 imperatoribus
1263 954 1318 1007 in
1351 955 1533 1023 pretio
1567 955 1815 1018 habitus.
1855 957 2045 1024 proin-

464 1047 641 1112 uequc
674 1053 900 1114 propter
923 1045 1267 1098 nobilitatem
1304 1055 1358 1097 et
1391 1061 1526 1114 opes
1557 1046 1763 1100 nemini
1797 1046 2042 1115 ignotus,

466 1137 624 1187 morti
686 1133 944 1203 martyris
993 1133 1199 1188 aﬂuit:
1265 1145 1321 1188 et
1375 1152 1503 1188 mox
1550 1136 1813 1204 pretiosis
1861 1136 2044 1190 allatis

463 1227 732 1284 vestibus.
773 1225 1030 1295 martyris
1063 1241 1265 1293 corpus
1317 1226 1372 1279 in
1425 1227 1686 1281 humeros
1733 1227 2037 1290 sublatum,

463 1329 516 1370 ct
550 1318 734 1380 (sicuti
783 1318 1036 1386 decebat)
1073 1319 1404 1379 involutum,
1451 1334 1583 1374 sane
1631 1336 1794 1389 quam
1849 1321 2042 1388 splen-

462 1412 592 1462 diua
629 1421 683 1462 et
718 1410 1004 1479 magniﬁca
1057 1410 1316 1478 dignatus
1361 1421 1446 1464 est
1495 1413 1813 1480 sepultura.
1865 1413 2040 1483 Hujus

464 1503 567 1553 "iri
593 1503 697 1555 alia
731 1517 951 1570 quoque
981 1502 1134 1570 plura
1168 1511 1298 1556 sunt
1340 1512 1648 1557 memoratu
1693 1503 1859 1571 digna
1906 1503 2040 1558 iaci-

464 1609 620 1646 nora.
654 1593 809 1657 Quod
852 1608 982 1645 vero
1013 1593 1058 1645 is
1091 1592 1354 1646 Caesareae
1378 1593 1641 1662 Philippi,
1675 1609 1838 1662 quam
1875 1594 2040 1650 PMB-

464 1687 617 1738 nices
649 1685 951 1738 l’aneadem
982 1694 1202 1746 vocant,
1237 1686 1386 1750 fecit,
1419 1685 1628 1740 referre
1663 1688 1716 1740 in
1745 1687 2035 1741 historiam

465 1787 707 1829 nostram
765 1791 873 1828 non
918 1775 1366 1846 intempestivum
1408 1788 1493 1832 est
1543 1780 1746 1832 visum.
1799 1779 2037 1848 Propin-

1702 385 2123 446 NlCEPIIOﬂI
2166 383 2509 444 CALLISTI

3585 393 3718 449 “(:0

2750 492 3001 546 ΚΕΦΑΛ.
3038 495 3134 545 Μ’.

2190 588 2330 655 Περὶ
2355 588 2655 654 Ἀστερίου
2689 589 2784 640 καὶ
2824 585 2934 652 τῆς
2968 587 3094 638 κατ’
3123 586 3310 638 αὐτὸν
3340 587 3682 653 παραδόξου

2793 657 3086 723 ιστορίας.

2232 777 2510 845 Ἀστέριος
2537 775 2595 827 δὲ
2626 774 2882 841 Θεοφιλὴς
2915 775 3056 844 ἀνὴρ
3097 775 3156 836 ἐς
3187 773 3257 826 τά
3296 774 3553 842 μάλιστα,
3586 791 3722 839 συγ-

2151 867 2352 936 κλήτου
2378 883 2435 917 τε
2469 865 2666 936 βουλῆς
2695 866 2789 934 ἐπὶ
2829 865 3048 934 Ῥώμης
3084 863 3350 931 μετέχων,
3375 863 3638 933 διαφανής
3663 883 3723 916 τε

2151 959 2370 1028 πλούτῳ
2397 959 2492 1013 καὶ
2523 961 2671 1026 γένει
2709 957 3093 1025 περίϐλεπτος,
3133 956 3412 1026 βασιλεῦσί
3444 975 3500 1008 τε
3533 949 3724 1026 διαφεο

2152 1050 2357 1119 ρδντως
2381 1047 2719 1117 τιμώμενος,
2747 1048 3030 1114 εὐγενείας
3060 1063 3116 1099 τε
3157 1049 3252 1099 καὶ
3283 1049 3598 1115 περιουσίας
3646 1049 3725 1098 εἴ·

2149 1155 2285 1192 νεκα
2318 1137 2512 1207 μηδενὶ
2551 1136 2946 1205 ἀγνοούμενος,
2997 1135 3191 1206 παρὼν
3234 1139 3299 1206 τῇ
3331 1135 3604 1188 τελειώσει
3630 1137 3723 1188 τοῦ

2154 1231 2464 1302 μάρτυρος,
2489 1229 2728 1300 ἐσθῆτας
2752 1229 3064 1291 πολυτελεῖς
3098 1228 3342 1297 ἀγαγὼν,
3371 1229 3432 1280 τὸ
3464 1241 3730 1297 μαρτύρει

2147 1319 2242 1370 κδν
2275 1319 2452 1370 έκεῖνο
2501 1317 2699 1386 σκῆνος
2754 1317 3032 1386 μετέωρον
3067 1318 3153 1370 ἐπ’
3193 1316 3361 1387 ὤμων
3397 1318 3552 1387 ἄρας,
3583 1319 3724 1384 λαμ-

2147 1411 2293 1480 πρᾶς
2324 1427 2472 1471 τινος
2497 1410 2590 1462 καὶ
2613 1411 3004 1480 προσηκούσης
3035 1409 3188 1479 ἠξίου
3217 1411 3416 1479 ταφῆς,
3440 1411 3515 1472 ὡς
3545 1409 3720 1478 χρεὼν

2153 1503 2533 1572 περιστείλας.
2600 1501 2708 1553 Τοῦ
2757 1500 2804 1553 δ’
2864 1501 3141 1570 Ἀστερίου
3197 1501 3388 1553 τούτου
3427 1500 3596 1553 πολλὰ
3629 1503 3722 1554 κ-ὶ

2145 1595 2284 1648 ἄλλα
2311 1597 2532 1663 μνήμης
2553 1592 2678 1657 ἄξια
2708 1593 2958 1662 φέρεται.
2998 1594 3064 1645 Ὃ
3088 1593 3144 1645 δὲ
3171 1591 3320 1662 αὑτῷ
3352 1593 3556 1662 πρᾶξαι
3589 1611 3715 1644 συν-

2149 1687 2249 1756 έϐη
2299 1687 2394 1740 ἐπὶ
2449 1687 2551 1757 τὴν
2618 1685 2886 1738 Φιλίππου
2939 1687 3320 1755 Καισάρειαν,
3356 1685 3424 1756 ἦν
3480 1685 3719 1746 Φοίνικες

2147 1779 2398 1833 Πανεάδα
2440 1777 2968 1848 προσαγορεύουσιν,
3017 1779 3122 1831 οὐκ
3160 1779 3388 1846 ἄκαιρον
3419 1778 3484 1831 ἂν
3519 1777 3603 1846 εῖη
3626 1780 3722 1828 κ;ὶ

464 1885 636 1938 quum
669 1871 719 1923 ei
755 1870 877 1923 urbi
913 1879 1153 1923 montem
1190 1885 1314 1924 esse
1350 1870 1558 1933 ferunt,
1587 1871 1681 1939 qui
1716 1871 1919 1924 Panius
1954 1871 2036 1925 di-

2143 1873 2208 1942 τῇ
2237 1874 2336 1941 τῆς
2369 1870 2616 1938 ἱστορίας
2650 1869 2991 1940 παραδοῦναι
3021 1873 3228 1940 γραφῇ.
3273 1870 3592 1941 Ἀγχίουρον
3616 1870 3721 1938 μὲν

464 1962 610 2014 citur
637 1978 649 2013 :
682 1960 848 2030 406
877 1960 942 2013 ad
974 1960 1191 2014 radices
1213 1961 1333 2030 ejus
1364 1961 1546 2014 fontes
1572 1970 1704 2016 sunt
1730 1962 2039 2028 uberiores,

467 2053 612 2106 unde
661 2055 822 2106 etiam
875 2051 1174 2107 Jordanem
1234 2052 1510 2121 proﬂuere
1557 2053 1771 2106 dicunt.
1824 2053 1882 2106 In
1943 2069 2042 2109 eos

463 2149 668 2208 fontes,
706 2145 887 2213 patrio
923 2143 1163 2213 quodam
1206 2160 1360 2198 more
1393 2145 1592 2200 accola:
1621 2144 1826 2199 celebri
1875 2145 2042 2199 festo-

461 2250 570 2304 que
597 2237 686 2289 die
715 2236 1058 2304 congregati,
1111 2235 1391 2289 victimam
1435 2235 1673 2290 daemoni
1710 2236 1899 2290 nescio
1949 2237 2038 2290 cui

461 2327 733 2396 projicere
787 2326 1044 2380 solebant
1079 2347 1092 2380 :
1137 2343 1259 2396 quze
1291 2327 1438 2396 quod
1471 2327 1705 2382 mirifice
1735 2328 2039 2398 derepente

463 2419 516 2472 vi
550 2428 604 2472 ct
635 2435 800 2487 Opera
835 2419 1073 2474 eﬂicacis
1099 2421 1251 2474 illius
1276 2419 1541 2475 daemonis
1569 2422 1910 2490 disparehat,
1941 2439 2039 2491 pro

461 2512 740 2566 miraculo
769 2513 983 2582 ingenti
1025 2513 1229 2582 ubique
1261 2529 1326 2568 ea
1364 2530 1452 2568 res
1488 2527 1574 2568 est
1621 2516 1920 2570 celebrata.
1971 2517 2041 2570 Et

465 2619 592 2657 cum
629 2605 927 2673 aliquando
983 2605 1058 2660 ibi
1095 2606 1314 2660 adesset
1356 2607 1632 2674 Asterius,
1668 2611 1943 2679 simulque
1986 2610 2040 2664 id

459 2695 606 2763 quod
664 2696 830 2750 [iebat
875 2697 1110 2761 videret,
1160 2698 1522 2768 hominesque
1578 2715 1645 2754 eo
1693 2696 2042 2756 conste'rnari

460 2788 954 2854 animadverteret,
1007 2777 1301 2845 miseratus
1362 2792 1600 2860 primutn
1657 2809 1903 2848 errorem
1952 2810 2045 2848 eo-

462 2893 609 2941 rum,
639 2878 863 2940 deimle,
898 2879 1131 2932 sublatis
1163 2879 1221 2933 in
1258 2884 1456 2935 coelum
1485 2882 1762 2948 manibus,
1795 2898 1920 2937 eum
1951 2884 2044 2952 qui

458 2981 545 3026 est
575 2987 742 3040 super
781 2972 966 3024 omnia
1008 2971 1176 3034 Deus,
1216 2973 1458 3039 invocat,
1494 2984 1553 3028 ut
1601 2991 1726 3029 cum
1777 2975 2038 3030 seducto-

460 3081 574 3119 rem
607 3065 794 3134 populi
821 3066 1127 3118 da‘monem
1161 3065 1315 3119 illum
1349 3067 1508 3136 aquis
1545 3067 1890 3125 innatantem
1924 3069 2039 3123 dis-

461 3155 712 3224 pelleret,
751 3162 867 3208 tnm
903 3155 1100 3208 fraude
1135 3163 1192 3208 et
1227 3170 1420 3210 errore
1463 3165 1614 3211 tanto
1647 3157 1880 3212 miseros
1914 3159 2039 3212 illos

457 3247 745 3299 liberaret.
775 3246 842 3300 Et
868 3247 960 3300 ille
987 3246 1210 3316 quidem
1240 3248 1319 3302 sic
1346 3248 1558 3316 orabat;
1588 3249 1879 3304 confestim
1907 3265 2040 3304 vero

457 3335 637 3389 hostia
672 3336 759 3387 illa
801 3346 1171 3406 supernatans
1208 3340 1457 3393 emersit.
1491 3340 1567 3394 Ita
1622 3340 1948 3394 miraculum
1985 3340 2038 3394 id

459 3431 856 3498 hominumque
917 3431 984 3484 de
1040 3448 1106 3484 eo
1136 3444 1456 3501 portentosa
1521 3436 1733 3503 opinio,
1763 3436 1902 3488 adeo
1955 3445 2042 3489 est

457 3519 693 3578 sublata.
730 3530 787 3572 ut
817 3519 1081 3591 deinceps
1141 3522 1283 3577 nihil
1322 3524 1622 3594 quidquam
1677 3524 1948 3597 ejusmodi
1983 3525 2038 3579 in

453 3625 519 3665 eo
553 3610 674 3666 loco
704 3614 775 3665 sit
801 3612 1026 3667 factum.

1047 3749 1274 3807 CAPUT
1318 3751 1433 3806 XV.

453 3837 529 3892 De
555 3849 736 3894 statua
767 3840 978 3896 Domini
1024 3846 1190 3896 nostri
1219 3844 1345 3897 Iesu
1386 3844 1580 3899 Christi
1606 3848 1660 3900 in
1698 3846 1968 3913 Paneade,
1991 3861 2038 3902 et

685 3929 747 3965 ea
780 3929 896 3982 qua:
928 3914 996 3966 ad
1021 3915 1159 3967 hanc
1186 3925 1421 3970 statuant
1452 3921 1613 3970 crevit
1638 3920 1820 3972 herba.

521 4090 980 4159 Quandoquidem
1011 4102 1202 4146 autem
1237 4094 1511 4150 Paneadis
1537 4095 1915 4164 meminimus,
1935 4114 2039 4153 nec

451 4182 616 4236 aliam
650 4182 947 4251 quamdam
997 4185 1293 4237 historiam
1342 4187 1872 4254 praetermittendam
1912 4206 2035 4246 esse

453 4277 737 4337 duximus,
772 4276 994 4344 dignam
1039 4277 1186 4329 illam
1237 4293 1362 4348 quae
1407 4279 1478 4332 sit
1514 4280 1700 4334 inore
1753 4282 2032 4338 omnibus.

454 4368 532 4422 Ex
569 4367 668 4421 hac
695 4371 843 4422 enim
878 4368 1012 4421 urbe
1041 4367 1181 4420 fama
1203 4367 1311 4423 fert
1339 4378 1514 4423 ortam
1547 4371 1720 4426 fuisse
1747 4374 2034 4430 mulierem

452 4457 599 4510 illam
634 4457 733 4527 (l),
797 4471 963 4525 quam
1019 4459 1307 4526 sanguinis
1355 4461 1628 4528 prolluvio
1689 4462 2030 4518 laborantem

2145 1962 2253 2031 γὰρ
2280 1966 2344 2031 τῇ
2378 1962 2534 2014 πόλει
2567 1961 2701 2030 φασὶ
2727 1962 2787 2014 τὸ
2817 1961 2942 2030 ὅρος
2977 1958 3120 2015 εἶναι
3141 1961 3168 2014 ὃ
3202 1962 3402 2015 Πάνιον
3432 1961 3719 2030 κέκληται,

2144 2053 2281 2122 πρὸς
2301 2053 2356 2106 δὲ
2379 2056 2498 2116 ταῖς
2527 2054 2831 2122 ὑπωρείαις
2861 2054 3053 2106 τούτου
3084 2054 3179 2106 τοῦ
3214 2055 3378 2122 δρους
3409 2053 3594 2124 πηγάς
3626 2070 3722 2121 με-

2144 2145 2338 2211 γίστας
2369 2144 2816 2197 ἁναδείκνυσθαι·
2855 2147 2949 2197 καλ⁵
2992 2141 3234 2214 Ἰορδάνῃ
3261 2145 3418 2212 λόγος
3447 2145 3504 2196 τὸ
3540 2144 3720 2212 ρεῦίέα

2144 2236 2494 2306 προχεῖσθαι.
2559 2233 2648 2289 Ἐν
2689 2236 2755 2305 δὴ
2804 2238 2925 2300 ταῖς
2964 2237 3168 2305 πηγαῖς
3200 2236 3450 2301 ταύταις,
3499 2236 3640 2288 κατά
3669 2252 3722 2285 τι

2145 2329 2379 2398 πάτριον
2408 2326 2552 2393 έοος,
2605 2329 2802 2399 ἑορτῆς
2852 2329 3036 2399 ήμέρᾳ
3065 2330 3115 2381 οἱ
3149 2329 3420 2396 περίοικοι
3473 2328 3722 2398 ἀθροιζό-

2147 2439 2322 2491 μενοι,
2360 2422 2592 2488 σφάγιον
2639 2421 2856 2488 δαίμονί
2910 2438 3018 2476 τινι
3068 2407 3192 2475 καθ”
3247 2421 3440 2484 ὕδατος
3483 2424 3720 2492 ἀπερρί-

2145 2529 2336 2565 πτουν.
2380 2513 2442 2565 Ὃ
2469 2512 2533 2582 δή
2569 2513 2720 2581 παρὰ
2747 2513 2907 2577 δόξαν
2950 2514 3158 2581 ἀφανὲς
3188 2509 3255 2584 ἦν
3284 2517 3348 2584 τῇ
3372 2514 3596 2582 δυνάμει
3625 2512 3719 2564 τοῦ

2145 2604 2519 2674 ἐνεργοῦντος.
2562 2605 2673 2658 Καὶ
2702 2603 2889 2674 Θαῦμα
2921 2604 3252 2674 περιϐόητον
3295 2605 3611 2675 ἁπανταχοῦ
3657 2606 3720 2657 τὸ

2145 2698 2433 2764 γινόμενον
2488 2697 2845 2767 έκηρύττετο.
2905 2697 3060 2749 Ἐπεὶ
3105 2697 3162 2749 δέ
3216 2714 3349 2749 ποτε
3405 2698 3594 2766 παρὼν
3623 2701 3717 2748 καὶ

2159 2789 2457 2858 Ἀστέριος,
2487 2789 2548 2842 τό
2576 2806 2634 2841 τε
2662 2789 2948 2859 γινόμενον
2977 2789 3106 2852 εἶδε,
3144 2790 3236 2843 καὶ
3271 2790 3397 2852 τοὺς
3424 2789 3516 2843 ἐπὶ
3546 2789 3717 2856 τούτῳ

2142 2881 2208 2951 δή
2234 2881 2791 2951 καταπληττομένους
2824 2882 3040 2950 διέγνω,
3073 2881 3309 2951 ᾤκτειρέ
3373 2898 3432 2933 τε
3461 2883 3555 2950 τῆς
3583 2881 3718 2931 πλά-

2145 2987 2264 3038 νηςο
2290 2968 2410 3024 εἷτα
2440 2971 2532 3026 καὶ
2564 2974 2751 3043 χεῖρας
2775 2974 2856 3035 είς
2897 2974 3163 3040 οὐρανοὺς
3203 2971 3476 3042 ἀνασχὼν,
3509 2973 3597 3023 τὸν
3627 2973 3718 3024 ἐπὶ

2145 3071 2367 3123 πάντων
2394 3070 2580 3122 ἐκάλει
2610 3071 2764 3137 Θεὸν,
2809 3074 2900 3123 τόν
2939 3088 2996 3123 τε
3050 3071 3353 3124 λαοπλάνον
3389 3071 3614 3139 δαίμονα
3642 3069 3719 3136 τῷ

2147 3159 2297 3213 ὕδατι
2333 3161 2728 3232 ὲπινηχόμενον
2775 3164 3005 3233 άπελᾷν,
3043 3165 3332 3227 κάκείνους
3375 3163 3475 3232 τῆς
3505 3163 3714 3226 ἀπάτης

2145 3255 2486 3324 ἐλευθεροῦν.
2524 3257 2634 3310 Καὶ
2662 3260 2691 3310 ὁ
2725 3257 2824 3326 μὲν
2847 3257 3066 3328 ηὔχετο·
3096 3259 3307 3328 ἁθρόως
3339 3257 3395 3310 δὲ
3423 3257 3484 3310 τὸ
3527 3257 3716 3326 ἱερεῖον

2145 3347 2450 3410 ὲπεπὸλαζε
2484 3350 2604 3415 ταῖς
2638 3351 2865 3418 πηγαῖς,
2915 3350 3108 3419 ὥσπερ
3152 3351 3568 3420 διανηχόμενον.
3609 3350 3714 3399 Καὶ

2144 3441 2203 3492 τὸ
2242 3439 2432 3509 θαῦμα
2459 3441 2556 3493 καὶ
2589 3443 2648 3494 τὸ
2679 3445 2771 3495 ἐπὶ
2794 3443 2970 3512 τούτῳ
3004 3443 3310 3513 παράδοξον
3349 3443 3608 3503 διελύετο,
3641 3443 3714 3500 ἀς

2147 3535 2286 3603 μηδὲ
2321 3535 2415 3587 τοῦ
2448 3536 2636 3590 λοιποῦ
2682 3538 2927 3592 τοιοῦτόν
2977 3555 3029 3591 τι
3066 3538 3406 3608 γεγενῆσθαι
3454 3537 3580 3606 περὶ
3624 3535 3714 3587 τὸν

2143 3630 2333 3683 τόπον.

2743 3764 2991 3818 ΚΕΦΑΛ.
3025 3760 3125 3820 iE'.

2142 3855 2282 3926 Περὶ
2313 3855 2427 3922 τῆς
2477 3855 2546 3908 ἐν
2576 3857 2834 3910 Πανεάδι
2866 3858 3110 3924 στήλης
3160 3859 3267 3912 τοῦ
3301 3859 3520 3925 Κυρίου
3555 3854 3715 3926 ἡμῶν

2212 3925 2422 4012 Ἰῃσοῡ
2452 3927 2733 3994 Χριστοῦ,
2765 3929 2864 3981 καὶ
2895 3929 3000 3995 τῆς
3031 3929 3234 3982 ἐκεῖσε
3269 3925 3582 3998 φυομένης-ί
3601 3929 3713 3990 ,βυ-

2211 4013 2420 4063 tame.

2227 4111 2381 4162 Ἐπεὶ
2410 4111 2467 4164 δὲ
2492 4111 2589 4179 τῆς
2619 4113 2895 4174 Πανεάδος
2924 4114 3227 4184 ἐμνήσθην,
3252 4117 3351 4168 οὐκ
3382 4115 3529 4178 ἄξιον
3561 4111 3712 4182 οἶμαι

2140 4206 2527 4272 παραδραμεῖν
2553 4206 2644 4257 καί
2697 4223 2816 4258 τινα
2871 4208 3068 4278 ἑτέραν
3116 4208 3392 4278 διήγησιν,
3441 4210 3573 4260 πᾶσι
3625 4207 3712 4257 δια

2141 4298 2405 4366 στόματος
2440 4298 2707 4367 φέρεσθαι
2750 4297 2916 4354 οὖσαν
2966 4301 3142 4366 ἀξίαν.
3203 4301 3298 4354 Ἐκ
3349 4302 3457 4371 γάρ
3503 4319 3582 4352 τοι
3612 4301 3712 4362 τῆς

2138 4389 2347 4450 πόλεως
2381 4389 2588 4458 ταύτης
2645 4392 2801 4458 λόγος
2847 4392 2960 4461 ἔχει
3011 4396 3112 4463 τὴν
3163 4395 3467 4464 αἱμόρῤουν
3498 4393 3711 4456 ἐκείνην

2136 4479 2435 4549 ὁρμᾶσθαι·
2467 4482 2533 4550 ἢν
2561 4483 2802 4552 Χριστοῦ
2835 4485 3134 4553 κρασπέδῳ
3165 4485 3396 4553 συλῆσαι
3444 4485 3540 4553 τὴν
3570 4484 3714 4534 ἴασι-ι

451 4549 680 4602 titnhria:
721 4549 926 4603 Christi
957 4559 1167 4606 attactu
1202 4553 1546 4606 sanationem
1599 4557 1849 4623 rapuisse
1892 4558 2031 4610 divi-

2142 4572 2169 4640 ή
2217 4571 2325 4624 τῶν
2368 4549 2528 4625 Θείων
2582 4549 2935 4643 Εὑαγγελίων
2978 4549 3221 4631 διδάσκει
3271 4549 3635 4648 γραφήίΚαί
3664 4579 3714 4641 γ’

450 4656 646 4694 norum
701 4642 1123 4712 Evangeliorunt
1179 4653 1414 4698 testatur
1451 4644 1765 4716 Scriptura.
1817 4649 1898 4702 lbi
1934 4650 2031 4703 do-

449 4751 572 4788 mus
607 4751 828 4804 quoque
858 4738 978 4804 ejus
1015 4737 1302 4806 magniﬁca
1339 4740 1520 4795 adhuc
1553 4744 1668 4795 visa
1699 4754 1806 4807 est,
1834 4744 2033 4796 simqu

449 4843 557 4894 que
589 4830 970 4882 admirandum
1008 4840 1274 4898 tropaeum
1303 4841 1360 4885 et
1389 4844 1806 4888 monumentum
1837 4837 2023 4890 collati

451 4920 505 4973 in
537 4936 656 4973 eam
688 4922 937 4976 henelicii
974 4924 1290 4978 Servatoris
1315 4927 1646 4993 permansit.
1679 4928 1784 4981 Pro
1815 4928 2028 4983 foribus

448 5029 685 5082 namque
717 5015 912 5068 domus
945 5016 1064 5084 ejus
1092 5017 1148 5070 in
1175 5018 1436 5071 columna
1463 5020 1702 5087 quadam
1727 5036 1882 5077 aerea:
1907 5007 2032 5076 duae

447 5114 642 5158 statua:
673 5106 896 5160 Stabant
928 5109 1197 5162 sublimes
1228 5126 1242 5161 :
1283 5126 1520 5178 quarum
1567 5111 1761 5177 altera,
1795 5115 2027 5182 genibus

447 5197 627 5261 (lexis,
658 5199 1022 5268 manibusque
1060 5203 1362 5269 protensis,
1398 5202 1615 5257 ientinae
1651 5205 1865 5269 habitu,
1898 5223 2026 5276 sup-

445 5289 705 5360 plicantis
738 5290 932 5345 faciem
963 5308 1075 5361 prae
1101 5307 1160 5345 se
1193 5292 1318 5346 tulit
1356 5309 1370 5345 :
1409 5293 1580 5347 altera
1615 5307 1800 5349 autem
1843 5314 1906 5350 cx
1931 5300 2028 5352 ad-

443 5397 604 5436 verso
647 5384 938 5447 collocata,
979 5385 1195 5438 directo
1241 5386 1344 5438 viri
1388 5395 1554 5450 statu,
1596 5387 1838 5456 diploide
1897 5407 2021 5443 cum

444 5478 658 5532 decenti
691 5480 928 5548 quadam
956 5479 1223 5547 gravitate
1251 5479 1460 5546 amicti,
1485 5497 1706 5535 manum
1742 5483 2020 5538 inclinatae

443 5571 660 5626 feminae
691 5573 979 5643 porrigere
1017 5573 1130 5626 visa
1163 5582 1266 5626 est.
1296 5575 1374 5627 Ad
1411 5575 1577 5645 hujus
1611 5577 1779 5643 pedes
1817 5577 1868 5628 in
1902 5589 2018 5630 sta-

512 5752 589 5823 (1)
625 5753 818 5807 Mulier
849 5754 1135 5823 sanguinis
1163 5755 1433 5822 proﬂuvio
1471 5757 1727 5810 laborans
1762 5759 1813 5811 in
1848 5758 2020 5814 Evan-

442 5822 606 5890 gelio,
645 5822 998 5878 Caesariensis
1040 5825 1164 5876 fuit.
1205 5825 1275 5876 Ea
1327 5843 1746 5881 monumentum
1800 5841 1853 5882 et
1908 5842 2021 5884 sla-

2134 4661 2230 4712 ἀπ’
2253 4661 2433 4730 αὐτῆς
2463 4663 2633 4716 είσέτι
2663 4668 2758 4716 καὶ
2785 4665 2876 4718 τὸν
2909 4661 3060 4718 οἷκον
3087 4668 3278 4738 ἐκείνῃ
3311 4667 3587 4738 περιφανῆ
3611 4667 3712 4717 δει-

2135 4752 2511 4806 κνυσθαι·-καὶ
2543 4756 2640 4824 τῆς
2672 4755 2760 4808 ἐπ’
2791 4757 2928 4827 αὐτῇ
2960 4755 3053 4808 τοῦ
3107 4759 3361 4827 Σωτῆρος
3389 4758 3712 4826 εὐεργεσίας

2135 4843 2432 4913 θαυμαστὰ
2474 4847 2718 4912 τρόπαια
2769 4849 3138 4918 παραμένειν.
3182 4850 3325 4918 Πρὸς
3364 4852 3471 4918 γὰρ
3501 4851 3564 4916 δὴ
3595 4852 3710 4907 ταῖς

2135 4934 2332 4996 πύλαις
2365 4935 2459 4987 τοῦ
2487 4935 2638 4988 οἴκου
2671 4937 2877 5007 ταύτης
2912 4938 3005 4990 ἐπί
3027 4955 3169 5002 τινος
3199 4941 3376 4999 κίονος
3404 4942 3710 5007 μετεώροις

2135 5027 2334 5096 στήλας
2362 5029 2588 5082 ἑστάναι
2614 5031 2728 5094 δύο,
2761 5035 3145 5103 πεποιημένας
3177 5031 3406 5101 χαλκοῦ·
3435 5029 3510 5086 ὢν
3539 5035 3708 5098 άτ-ρα

2137 5120 2235 5186 μὲν
2262 5123 2358 5173 ἐπὶ
2389 5122 2518 5188 γόνυ
2545 5124 2842 5194 κεκλιμένη
2879 5127 3046 5185 ἐστὶν,
3082 5128 3162 5189 είς
3192 5127 3573 5194 τοῦμπροσθεν
3603 5127 3711 5177 τεί-

2131 5229 2297 5265 νουσα
2326 5219 2536 5284 χεῖρας,
2565 5217 2657 5268 καὶ
2688 5217 2762 5278 ὼς
2788 5211 2899 5270 οἷον
2928 5223 3107 5272 εἰπεῖν
3143 5221 3482 5272 ίκετεύουσα.
3516 5219 3708 5270 Γυνα-

2132 5305 2223 5365 κὸς
2255 5306 2312 5358 δὲ
2344 5304 2486 5360 εἶναι
2525 5312 2584 5361 τὸ
2635 5310 2872 5364 ἔκτυπον
2909 5314 2941 5376 ἡ
2997 5313 3178 5381 γλυφὴ
3232 5314 3468 5366 δίδωσιν.
3541 5313 3603 5363 'il
3650 5312 3708 5362 δὲ

2131 5396 2266 5467 ἄλλη
2315 5403 2659 5470 καταντικρὺ
2691 5405 2906 5457 ἑστῶτα
2941 5407 2999 5467 ἐς
3029 5406 3220 5475 ὄρθιον
3270 5406 3463 5475 ἀνδρὸς
3497 5405 3704 5472 σχῆμα.

2128 5490 2377 5542 διπλοΐδα
2429 5497 2676 5560 κοσμίως
2735 5498 3206 5568 περιϐεϐλημένη,
3239 5502 3394 5569 χεῖρα
3439 5497 3583 5551 ἔοικε
3639 5501 3702 5565 τῇ

2131 5587 2353 5649 γυναικὶ
2381 5588 2690 5654 προτείνειν
2735 5591 3013 5658 κλινούτη.
3044 5590 3251 5644 Ὶόύτου
3287 5593 3331 5644 δ’
3378 5596 3434 5645 ἐν
3465 5593 3574 5652 τοῖς
3605 5603 3705 5640 πο·

2130 5772 2274 5813 tuain
2311 5763 2533 5818 Christo
2559 5766 2817 5821 Caesaret-
2863 5787 2959 5837 pro
2991 5775 3187 5825 :Lalium
3228 5791 3453 5827 suarum
3493 5774 3701 5825 foribus

2127 5846 2323 5890 crcxnt.
