4032 6482
310 382 315 385 λ
356 401 489 467 1151

1276 392 1893 459 ECCLESIASTIC/E
1935 393 2331 455 HISTORI/E
2375 394 2520 454 LIB.
2559 394 2653 455 VI.

3480 387 3620 455 1'162

356 518 445 567 σίν
481 510 575 565 ἐπὶ
603 509 698 564 τοῦ
743 507 985 579 ὕπερθεν
1041 509 1138 575 τῆς
1194 506 1394 576 στήλης
1446 506 1651 578 βάθρου
1707 505 1938 576 βοτάνην

2048 491 2360 572 ιιιεοῑρείηε
2395 503 2512 559 basi
2549 504 2720 559 herba
2754 519 3076 561 excrescere
3108 504 3208 576 (l),
3240 521 3362 577 quo
3397 521 3523 563 cum
3550 510 3620 562 ad

351 604 467 674 εχει
505 603 666 670 λόγος
722 600 1047 665 ὲκφύεσθαι·
1084 599 1150 668 ἢν
1201 597 1266 667 δὴ
1297 597 1428 667 ἄχρι
1477 597 1572 651 τοῦ
1620 597 1932 668 κρασπέδου

351 699 451 768 τῆς
480 695 577 750 τοῦ
607 695 818 767 χαλκοῦ
853 693 1125 758 διπλοΐδος
1152 691 1438 756 ἀνιοῦσαν,
1485 693 1693 763 ἥκιστα
1738 708 1935 761 περαι-

351 793 495 860 τέρω
526 790 872 861 προϐαίνειν.
910 786 1131 858 Ταύτην
1160 786 1205 841 δ’
1246 786 1343 840 ἀτε
1381 786 1477 839 τοῦ
1531 786 1680 855 ίεροῦ
1719 786 1933 838 ἐκείνου

352 882 664 953 κρασπέδου
722 881 1005 952 ἡμμένην,
1044 878 1497 948 ἀλεξιφάρμακον
1544 878 1816 931 παντοίων
1846 895 1936 930 νο-

353 974 620 1044 σημάτων
656 973 1047 1027 καθίστασθαι.
1086 972 1193 1026 Τὺν
1232 969 1278 1024 δ’
1311 971 1608 1040 ἀνδριάντα
1638 970 1831 1023 τοῦτον
1857 971 1939 1032 είς

350 1062 590 1136 Χριστοῦ
624 1066 812 1135 σχῆμα
838 1062 1164 1133 διαχυθῆναι
1198 1060 1352 1132 παρὰ
1379 1062 1478 1130 τῆς
1506 1060 1937 1131 αίμορροούσης,

351 1154 562 1226 ἀληθὴς
591 1156 859 1209 κατιοῦσα
885 1157 942 1219 ἐς
973 1156 1122 1225 ἡμᾶς
1168 1154 1383 1224 ἱστορία
1426 1154 1782 1222 παρέδωκεν,
1814 1154 1848 1222 ἢ
1873 1152 1937 1221 δὴ

351 1253 447 1301 καὶ
480 1249 646 1317 μέχρι
679 1249 789 1301 τῶν
812 1247 1026 1317 χρόνων
1071 1246 1414 1317 παρέμεινεν
1475 1245 1790 1300 ’1ουλιανοῦ.
1828 1246 1938 1298 Καὶ

350 1338 542 1391 καινὸν
569 1336 723 1390 οὐδὲν
752 1338 882 1401 τοὺς
928 1335 1104 1389 πάλαι
1151 1334 1292 1404 πρὸς
1341 1333 1435 1387 τοῦ
1470 1335 1724 1402 Σωτῆρος
1781 1333 1939 1402 ἡμῶν

350 1430 561 1498 ἀγαθοῦ
587 1447 735 1494 τινος
768 1429 1145 1501 μετασχόντας
1165 1425 1396 1481 τοιαῦτα
1420 1425 1500 1497 τῷ
1532 1426 1749 1496 Σωτῆρι
1781 1424 1942 1495 ἀμεί-

347 1522 555 1593 ψασθαι
571 1561 589 1578 .

945 1724 1205 1779 κΕοΑΑ.
1235 1724 1359 1793 Iq'.

351 1815 491 1885 Περὶ
519 1814 640 1869 τῶν
671 1815 918 1886 μορφῶν
946 1817 1066 1870 τῶν
1097 1818 1282 1887 ἁγίων
1310 1818 1693 1883 ἀποστόλων,
1714 1819 1940 1875 καὶτοῦ

587 1889 811 1954 θρόνου
840 1888 1131 1942 Ἰακώϐου
1156 1887 1265 1943 τοῦ
1287 1887 1692 1958 ἀδελφοθέου.

421 2000 599 2054 Ὅπου
633 2019 697 2070 γε
736 2003 832 2055 καὶ
860 2002 973 2055 τῶν
1011 2002 1176 2072 ίερῶν
1221 2004 1391 2058 αὐτοῦ
1422 2005 1681 2077 μαθητῶν
1725 2008 1938 2078 Πέτρου

352 2095 448 2149 καὶ
475 2093 691 2147 Παύλου
738 2096 839 2158 τὰς
888 2094 1127 2161 εἰκόνας,
1172 2095 1339 2149 ἔτιδὲ
1385 2099 1478 2151 καὶ
1503 2099 1670 2153 αὐτοῦ
1697 2100 1939 2171 Χριστοῦ

349 2189 443 2243 καὶ
474 2189 575 2258 τῆς
590 2190 770 2251 ,αὐτὸν
818 2188 1088 2260 τεκούσης
1134 2191 1456 2260 ὑπερφυῶς,
1488 2194 1546 2245 ἐν
1578 2199 1763 2264 γραφῇ
1797 2214 1942 2265 χρω-

354 2282 543 2350 μάτων
596 2284 677 2347 είς
706 2281 870 2353 δεῦρο
909 2284 1232 2354 σωζομένας
1287 2284 1549 2349 πλείστας
1594 2287 1940 2358 ἀνέγνωμεν,

349 2376 540 2428 Λουκᾶ
572 2375 691 2444 μὲν·
726 2377 825 2429 τοῦ
859 2377 1166 2431 ἀποστόλου
1221 2378 1457 2449 πρώτως
1487 2381 1659 2443 αύτάς
1694 2382 1942 2453 ἀκριϐῶς

350 2466 581 2529 είδυίαις
603 2469 843 2536 γράφειν
872 2470 1064 2539 χερσὶν
1087 2471 1503 2542 ἱστορήσαντας,
1531 2474 1623 2525 καὶ
1653 2477 1748 2527 τοῦ
1774 2474 1942 2544 ἔργου

349 2558 748 2628 κατάρξαντος·
777 2561 972 2616 ἔπειτα
1005 2563 1064 2619 δὲ
1099 2566 1192 2618 καὶ
1224 2565 1332 2617 τῶν
1361 2564 1539 2620 ἄλλων
1567 2568 1815 2638 ἀρχαίων
1840 2568 1941 2623 ἀν-

348 2647 492 2720 δρῶν
523 2653 600 2714 ὡς
634 2653 785 2716 είκὸς
813 2649 902 2707 οἷοι
931 2658 1206 2727 σωτῆρας,
1236 2658 1430 2729 ἐθνικῇ
1461 2676 1566 2712 τινι
1599 2660 1741 2730 τάχα
1777 2677 1942 2731 συνη-

351 2741 474 2814 θείᾳ
503 2744 892 2811 δουλευόντων,
924 2747 1019 2800 καὶ
1065 2748 1258 2801 τοῦτον
1308 2749 1372 2819 δὴ
1432 2751 1523 2803 τὸν
1548 2753 1751 2821 τρόπον
1771 2753 1940 2822 τιμᾷν

351 2829 646 2883 εἰωθότων⁹
686 2835 782 2886 καὶ
825 2836 1321 2905 ἀπαραφυλὰκτως
1349 2837 1427 2907 (2)
1458 2838 1764 2909 διενεργεῖν
1793 2842 1941 2893 τοῦτ’

351 2924 485 2977 αὐτὸ
531 2929 1043 2996 παραδεδωκότων
1094 2932 1297 3004 ὄπερή
1367 2933 1670 3004 Ἐκκλησία
1729 2936 1942 2990 ἐκεῖθεν

350 3015 616 3085 λαϐοῦσα,
659 3021 742 3083 είς
776 3022 923 3091 μέγα
950 3039 1010 3075 τε
1036 3022 1244 3094 ηὔξησε
1271 3027 1367 3079 καὶ
1408 3027 1678 3093 ἐπέδωκε,
1705 3028 1847 3082 Θεοῦ
1878 3031 1942 3081 τὸ

2048 593 2323 649 ﬁmbriam
2379 612 2536 652 terea:
2586 597 2851 667 diploidis
2905 599 3245 670 pertigisset,
3294 615 3405 670 non
3452 599 3622 657 altius

2044 688 2511 758 progrediebatur
2545 709 2559 746 :
2598 705 2833 761 eamque
2867 691 3039 746 veluti
3083 706 3301 747 sacram
3344 692 3617 748 ﬁmbriam

2045 789 2275 851 tangens
2304 781 2419 847 illa,
2456 798 2700 853 praesens
2748 784 3018 840 adversus
3066 799 3232 840 omne
3264 800 3439 854 genus
3476 800 3625 839 mor-

2044 870 2244 926 borum
2276 870 2549 930 auxilium
2582 874 2841 929 habuisse
2872 874 3023 929 dicta
3056 873 3341 945 est.ﬁ07
3372 874 3622 928 Statuam

2045 979 2212 1033 porro
2243 964 2405 1019 istam
2453 981 2483 1020 a
2533 967 2767 1023 muliere
2802 967 2895 1042 illa
2925 968 3213 1039 sanguinis
3243 967 3514 1037 proﬂuvio
3548 967 3627 1020 la-

2046 1056 2307 1119 borante,
2342 1058 2408 1112 ad
2450 1058 2655 1115 Christi
2686 1060 2917 1115 formam
2950 1071 3005 1115 et
3036 1061 3284 1116 habitum
3330 1060 3622 1116 conﬂatam

2045 1162 2188 1211 esse,
2227 1164 2357 1202 vera
2393 1159 2675 1220 certaque,
2702 1167 2823 1228 qua;
2848 1152 2914 1206 ad
2948 1168 3051 1207 nos
3082 1152 3360 1221 pervenit,
3388 1152 3622 1207 historia

2048 1238 2297 1294 tradidit.
2331 1241 2513 1311 Atque
2546 1259 2610 1298 ea
2642 1244 2709 1298 ad
2751 1245 2957 1301 Juliaui
2985 1261 3164 1315 usque
3209 1233 3459 1315 tempora
3498 1261 3627 1314 per—

2048 1332 2289 1388 duravit.
2322 1335 2516 1405 Neque
2551 1338 2691 1392 adeo
2723 1338 2925 1392 mirum
2957 1339 3131 1393 videri
3174 1339 3361 1403 debet,
3395 1339 3488 1408 qui
3516 1338 3625 1393 ali-

2047 1425 2182 1495 quid
2212 1425 2473 1483 beneﬁcii
2517 1430 2649 1483 olim
2696 1447 2725 1484 a
2769 1430 3064 1486 Servatore
3098 1443 3291 1485 nostro
3334 1442 3625 1502 accepere,

2047 1532 2143 1571 eos
2172 1533 2271 1586 per
2299 1519 2578 1588 ejusmodi
2597 1529 2959 1576 monumenta
2981 1521 3122 1592 grati
3142 1537 3272 1594 erga
3298 1536 3424 1577 eum
3455 1521 3628 1577 animi
3719 1575 3725 1581 .
3824 1540 3835 1549 ί

2048 1608 2376 1663 memoriam
2411 1611 2731 1680 reliquisse.

2635 1729 2862 1787 CAPUT
2900 1730 3042 1787 XVI.

2055 1818 2129 1872 De
2170 1820 2346 1891 ﬁgura
2396 1829 2447 1876 et
2493 1821 2663 1892 forma
2706 1829 3015 1878 sanctorum
3044 1824 3428 1892 apostolorum,
3457 1834 3511 1879 et
3565 1829 3634 1877 de

2403 1895 2590 1947 throno
2614 1893 2796 1948 Jacobi
2827 1897 3017 1964 fratris
3047 1894 3280 1949 Domini.

2115 2008 2255 2064 Cum
2318 2007 2489 2063 etiam
2544 2018 2863 2064 sanctorum
2923 2010 3299 2080 apostolorum
3362 2010 3507 2064 Petri
3570 2016 3630 2063 et

2047 2102 2223 2169 Pauli,
2252 2102 2534 2173 ipsiusque
2573 2102 2714 2157 adeo
2748 2103 2980 2167 Christi,
3027 2113 3085 2158 et
3131 2119 3256 2172 quae
3285 2118 3409 2157 enm
3455 2117 3626 2171 supra

2046 2205 2264 2251 natura:
2312 2207 2534 2265 captum
2589 2196 2824 2251 miriﬁce
2879 2196 3072 2265 genuit
3120 2195 3365 2265 Virginis
3409 2195 3626 2261 matris,

2047 2287 2330 2343 coloribus
2357 2287 2712 2343 adumbratas
2744 2287 3037 2356 imagines,
3071 2286 3342 2355 plurimas
3367 2286 3437 2340 ad
3473 2286 3628 2341 hunc

2049 2395 2228 2448 usque
2262 2380 2409 2435 diem
2457 2388 2819 2434 conservatas
2850 2394 2975 2433 esse
3022 2379 3295 2435 norimus.
3326 2381 3406 2433 Ac
3447 2379 3628 2433 Lucas

2048 2472 2275 2541 quidem
2328 2473 2614 2541 apostolus
2657 2472 2871 2542 primus
2903 2471 3052 2542 ipsas
3089 2482 3369 2535 accurate,
3401 2487 3543 2541 opus
3574 2471 3632 2526 id

2048 2580 2302 2628 exorsus,
2340 2564 2596 2618 manibus
2646 2565 2764 2619 suis
2807 2563 3099 2634 depinxit;
3147 2563 3349 2619 deinde
3396 2579 3531 2618 vero
3561 2580 3629 2619 ex

2046 2653 2334 2707 veteribus
2369 2653 2463 2707 alii
2498 2667 2723 2721 quoque
2756 2653 2889 2719 viri,
2936 2668 3040 2721 pro
3071 2667 3142 2709 eo
3172 2662 3339 2723 atque
3382 2669 3483 2722 par
3509 2663 3634 2709 erat.

2046 2746 2214 2800 veluti
2265 2755 2579 2801 servatores
2629 2762 2763 2801 suos
2798 2747 2852 2801 in
2909 2747 3084 2817 signis
3120 2756 3178 2801 et
3224 2747 3461 2815 picturis
3510 2761 3633 2801 ser-

2045 2845 2265 2900 vantes,
2300 2836 2445 2891 idem
2487 2838 2676 2893 fecere
2704 2854 2718 2891 :
2745 2837 2971 2892 ethnica
3010 2838 3240 2908 quidem
3276 2838 3356 2891 1111
3392 2838 3631 2892 fortasse

2048 2930 2457 2985 consuetudine
2496 2932 2673 2989 ducti.
2709 2941 2766 2986 et
2805 2946 3016 2986 morem
3060 2947 3186 2987 eum
3230 2933 3414 2999 colere
3461 2931 3632 2997 soliti,

2053 3024 2266 3092 absque
2298 3032 2480 3077 tamen
2522 3024 3262 3080 necessaria'observatione
3292 3026 3547 3083 obtinere
3579 3030 3633 3083 id

352 3111 516 3180 ἔργον
537 3115 1019 3186 οἰκονομήσαντος·
1054 3119 1116 3171 οὐ
1147 3122 1366 3188 μορφὰς
1381 3120 1437 3174 δὲ
1480 3123 1643 3191 μόνον
1678 3124 1774 3177 καὶ
1809 3125 1940 3195 στή-

2053 3115 2430 3173 tradiderunt.
2455 3115 2563 3171 Sed
2594 3115 2844 3172 Ecclesia
2870 3117 3003 3171 inde
3032 3130 3320 3186 acceptum
3366 3123 3542 3189 magis
3568 3139 3635 3178 ac

349 3204 472 3269 λας,
504 3203 643 3259 ἀλλά
691 3209 785 3262 καὶ
836 3210 1019 3262 πέπλα
1072 3212 1168 3264 καὶ
1210 3212 1447 3283 ῥάϐδους
1492 3215 1940 3285 καὶκσκίμποδας

2054 3209 2228 3279 magis
2287 3208 2515 3264 adauxit
2575 3211 2965 3281 (providentia
3027 3211 3124 3265 Dei
3170 3223 3403 3268 curante
3460 3228 3628 3284 atque

350 3298 462 3352 τῶν
496 3301 667 3369 ἁγίων
699 3302 928 3356 ἐκείνων
960 3304 1172 3374 ἀνδρῶν
1204 3308 1286 3369 είς
1312 3309 1539 3377 μνήμην
1564 3309 1682 3377 δῆτ’
1710 3310 1940 3366 ἐκείνων

2049 3301 2441 3372 disponente),
2477 3315 2590 3356 non
2624 3303 2790 3358 modo
2824 3303 3032 3373 etiigies
3062 3315 3117 3359 et
3166 3315 3399 3369 statuas,
3436 3322 3629 3362 verum

353 3392 588 3463 ἀληστον
610 3394 974 3461 διασώζουσα·
1009 3399 1153 3451 καθά
1176 3398 1237 3471 δὴ
1264 3402 1359 3453 καὶ
1383 3403 1476 3457 τὰν
1521 3401 1785 3456 Ἰακώϐου
1817 3403 1945 3474 θρό-

351 3502 442 3538 νον
474 3488 708 3539 ὲπιπολὺ
740 3488 834 3542 τοῦ
869 3491 1068 3558 χρόνου
1122 3492 1550 3562 πεφυλαγμένον
1598 3495 1939 3564 ἀνέγνωμεν·

330 3576 411 3651 ἢόν
437 3578 666 3647 ἀδελφὸν
700 3581 799 3649 μὲν
849 3583 945 3634 τοῦ
987 3585 1196 3655 Κυρίου
1249 3582 1413 3645 εἶναι,
1466 3587 1683 3656 πρῶτον
1713 3589 1770 3639 δὲ
1827 3588 1939 3640 τῶν

363 3669 757 3742 Ἱεροσολύμων
806 3674 1132 3742 ἐπίσκοπον,
1186 3678 1328 3749 πρὸς
1362 3680 1532 3732 αὐτοῦ
1576 3680 1815 3750 Χριστοῦ
1843 3679 1940 3734 καὶ

352 3763 461 3817 τῶν
491 3766 811 3820 ἀποστόλων
851 3769 1193 3839 χρηματίσαι
1229 3771 1279 3823 οί
1320 3771 1455 3823 θεῖοι
1497 3771 1646 3839 λόγοι
1697 3773 1939 3841 παραδι-

350 3854 527 3912 δόασι.
561 3859 858 3928 Περιείπον
908 3862 1015 3931 γὰρ
1045 3863 1095 3915 οί
1124 3863 1267 3931 μετ’
1300 3865 1548 3926 ἐκείνους
1582 3866 1796 3919 ἐκείνου
1820 3866 1939 3920 διά.-

349 3950 519 4021 δοχοι,
546 3955 722 4007 ταῦτα
759 3955 946 4022 σαφῶς
981 3955 1568 4028 ὲπιδεδειγμένοι,οἷον
1623 3961 1755 4030 περὶ
1808 3960 1938 4022 τοὺς

350 4043 623 4115 θεοφιλεῖς
663 4047 866 4116 ἄνδρας
918 4048 1222 4119 ἀξιόχρεων
1274 4050 1336 4102 τὸ
1383 4050 1548 4112 σέϐας
1599 4049 1890 4114 ἀπέσωζον
1919 4066 1933 4082 ⁸

352 4137 544 4211 ῶσπερ
588 4140 652 4212 δὴ
707 4143 803 4194 καὶ
851 4143 908 4207 ἐς
961 4144 1111 4212 ἡμᾶς
1161 4142 1322 4196 τοῦτο
1374 4143 1518 4212 μάλα
1572 4144 1939 4213 πρεσϐεύεται

354 4232 580 4302 μνήμης
615 4232 779 4286 ἕνεκα
827 4234 1036 4287 πολλῶν
1072 4235 1181 4289 τῶν
1239 4236 1373 4308 παρ’
1416 4239 1551 4309 ἡμῖν
1588 4236 1937 4307 σωζομένων.

363 4322 529 4379 Ἀλλά
558 4325 690 4397 περὶ
725 4325 825 4396 μὲν
863 4326 1076 4381 τούτων
1098 4326 1296 4393 οὕτως.
1555 4320 1558 4324 ’

955 4622 1210 4676 ΚΕΦΛΛ.
1241 4621 1337 4675 ΙΖ’.

2051 3397 2219 3450 etiam
2252 3404 2457 3461 vestes,
2483 3395 2737 3463 baailos,
2769 3406 2824 3451 et
2856 3397 3027 3453 lectos
3057 3408 3378 3454 sanctorum
3409 3399 3632 3455 illorum

2045 3493 2296 3546 virorum
2325 3503 2691 3554 conservans,
2726 3491 2793 3545 ad
2832 3491 3156 3545 memoriam
3191 3506 3388 3545 eorum
3427 3493 3635 3560 sempi-

2047 3594 2285 3640 ternam.
2323 3582 2499 3637 Sicuti
2549 3590 2606 3636 et
2638 3580 2840 3665 Jacobi
2874 3583 3136 3635 thronum
3183 3583 3252 3641 ad
3286 3584 3458 3638 multa
3493 3593 3632 3639 tem-

2048 3692 2182 3747 pora
2214 3687 2495 3731 servatum
2526 3690 2651 3731 esse
2681 3677 2913 3740 scimus,
2955 3692 3123 3745 quem
3172 3678 3402 3734 fratrem
3448 3678 3634 3750 ipsum

2044 3770 2286 3835 Domini,
2318 3768 2558 3840 primum
2612 3768 3123 3838 Hierosolymorum
3162 3772 3509 3840 episcopum,
3560 3771 3632 3826 ab

2005 3876 2013 3885 '
2044 3846 2165 3935 ipso
2192 3861 2422 3917 Christo
2453 3870 2511 3916 et
2541 3862 2830 3930 apostoiis‘
2852 3872 3097 3915 creatum
3138 3877 3284 3924 esse,
3316 3879 3473 3918 sacra
3511 3880 3630 3918 mo-

2042 3963 2312 4011 numenta
2349 3954 2655 4009 tradidere.
2685 3954 2949 4010 Venerati
2977 3962 3107 4008 sunt
3138 3955 3286 4008 enim
3320 3956 3466 4009 hunc
3501 3970 3630 4011 suc-

2045 4064 2298 4106 cessores
2327 4051 2470 4120 ejus,
2504 4055 2849 4104 asservatnm
2886 4067 2899 4102 :
2937 4048 3069 4103 satis
3106 4056 3297 4118 aperte
3329 4049 3631 4104 declaran-

2045 4152 2152 4208 tes,
2184 4157 2296 4213 quo
2330 4145 2485 4199 cultu
2530 4151 2588 4198 et
2640 4140 2826 4198 studio
2875 4143 2990 4199 Deo
3037 4142 3273 4198 dilectos
3319 4144 3471 4198 viros
3515 4145 3634 4201 sirt

2046 4239 2352 4308 prosecuti.
2392 4236 2869 4305 Quemadmodum
2924 4235 2981 4291 id
3026 4235 3094 4290 ad
3126 4250 3231 4290 nos
3274 4251 3496 4306 queque
3539 4244 3629 4293 est

2046 4328 2460 4395 transmissum,
2511 4328 2655 4397 apud
2702 4341 2841 4395 quos
2891 4326 3062 4380 multa
3114 4325 3282 4378 etiam
3342 4329 3627 4383 memorhe

2044 4423 2220 4490 gratia
2252 4428 2630 4477 asservantur.
2665 4419 2868 4474 Verum
2899 4416 2968 4471 de
3002 4417 3090 4470 his
3130 4416 3247 4471 haec
3287 4417 3437 4472 dicta
3466 4419 3622 4474 solii-

2044 4515 2215 4569 ciant.

2511 4624 2681 4697 ωε
2711 4623 2940 4681 CAPUT
2979 4622 3150 4679 xvn.

351 4717 493 4786 Περὶ
541 4718 649 4771 τοῦ
704 4694 1253 4785 ἁγίου-Γρηγορίου
1293 4715 1400 4768 τοῦ
1461 4717 1824 4783 περιϐοήτου
1871 4720 1940 4773 ἐν

2048 4719 2122 4774 De
2164 4725 2348 4774 sancto
2392 4715 2648 4786 Gregorio
2693 4716 2964 4771 miraculis
3012 4714 3183 4780 claro,
3232 4721 3289 4768 ut
3347 4730 3410 4768 ea
3469 4721 3627 4770 (atate

423 4789 748 4857 θαύμασιν,
777 4789 859 4854 ὡς
889 4787 1013 4851 τοῖς
1054 4788 1183 4841 κατ’
1215 4786 1412 4839 ἐκεῖνο
1446 4787 1658 4853 καιροῦ
1699 4792 1933 4856 χρόνοις

423 4859 668 4928 ἤκμαζε.

424 4970 549 5035 Τοῖς
579 4972 635 5026 δὲ
674 4974 814 5026 κατὰ
844 4972 1110 5043 Γαλιηνδν
1146 4973 1363 5042 χρόνοις
1399 4972 1616 5041 ήκμαζε
1644 4975 1737 5026 καὶ
1759 4974 1939 5042 λόγοις

353 5070 451 5120 καὶ
485 5067 810 5136 παραδόξων
827 5066 1055 5136 τέρασιν
1071 5064 1251 5135 ἔργων
1279 5067 1582 5134 Γρηγόριος
1612 5066 1640 5117 ὀ
1660 5068 1770 5118 τῶν
1797 5066 1939 5120 κατά

353 5160 557 5213 ῐιόντον
582 5160 891 5228 ἐκκλησιῶν
922 5160 1020 5212 σὺν
1063 5159 1419 5231 Ἀθηνοδώρῳ
1448 5158 1525 5227 τῷ
1549 5158 1768 5227 ἀδελφῷ
1802 5160 1940 5227 ήγη-

2701 4789 2962 4856 ﬂoruerit.

2115 4968 2329 5025 Galieni
2368 4969 2715 5038 temporibus
2760 4966 2928 5021 simul
2979 4973 3037 5021 et
3081 4964 3336 5020 doctrina
3374 4972 3432 5018 et
3460 4963 3630 5018 mira-

2043 5064 2186 5118 culis
2242 5061 2566 5132 ingentibus
2623 5061 2812 5114 ﬂoruit.
2866 5058 3208 5129 Gregorius,
3273 5074 3400 5113 cum
3452 5057 3627 5114 fratre

2041 5155 2403 5211 Athenodoro
2459 5153 2724 5209 ecclesias
2774 5152 2830 5206 in
2894 5153 3072 5207 Ponto
3121 5151 3457 5219 gubernans.
3511 5148 3622 5218 Ipsi

358 5248 647 5318 σάμινο;,“
685 5254 784 5324 τῆς
830 5253 1255 5323 Νεοκαισαρέων
1319 5253 1418 5322 μὲν
1473 5251 1574 5321 τὴν
1630 5251 1939 5322 ὲπισκοπῆν

2048 5260 2226 5311 autem
2256 5246 2716 5303 Neoemsariensis
2741 5244 3426 5316 obtigerat‘episcopatus,
3459 5250 3517 5296 et
3551 5239 3622 5295 ab

357 5341 519 5410 ἔχων,
561 5349 657 5414 τήν
714 5365 778 5416 γε
835 5348 943 5417 μὴν
994 5347 1104 5401 τῶν
1151 5347 1597 5418 κατορθωμάτων
1652 5349 1936 5417 ἐνέργειαν

2048 5343 2285 5399 efﬁcacia
2316 5340 2713 5395 miraculorum
2745 5338 3090 5394 edendorum
3122 5349 3429 5405 cognomen
3470 5333 3627 5388 Miri'

357 5436 677 5505 ἐπωνυμίαν
708 5443 783 5508 ᾡς
834 5442 980 5504 εἰκὸς
1036 5440 1506 5510 κληρωσάμενος’
1559 5440 1617 5503 ὃς
1661 5440 1936 5509 Ἐλλήνων

2048 5436 2153 5489 fici.
2186 5432 2498 5489 Gentilibus
2532 5442 2714 5485 autem
2763 5433 2984 5502 genitus
3026 5425 3354 5498 parentibus
3398 5422 3627 5494 religio-

363 5530 462 5597 τιὲν
492 5530 595 5597 φὺς
629 5533 902 5600 πατέρων,
932 5536 992 5585 τὸ
1023 5534 1187 5593 σέϐας
1225 5533 1505 5599 μετέθετο,
1538 5534 1633 5586 καὶ
1667 5533 1761 5585 ἐπὶ
1799 5532 1936 5603 μᾶλ-

2048 5544 2171 5582 nem
2236 5527 2491 5590 mutavit,
2548 5534 2605 5579 et
2665 5526 2720 5579 in
2776 5526 2883 5580 tide
2930 5525 3162 5577 maxime
3213 5518 3452 5590 profecit
3503 5534 3517 5570 :
3571 5524 3630 5571 et

356 5619 448 5674 λον
487 5622 555 5674 τὰ
594 5623 699 5692 τῆς
737 5624 973 5688 πίστεως
1008 5624 1158 5696 αύτῷ
1203 5624 1461 5698 ηὔξησεν.
1512 5625 1796 5696 “Ὧριγὲνει
1828 5626 1936 5694 γὰρ

2048 5622 2395 5676 Alexandriae
2451 5618 2675 5691 Origeni
2735 5632 2959 5690 operam
3010 5619 3173 5684 dans,
3225 5631 3411 5672 sacras
3458 5621 3632 5685 atque

431 5781 508 5849 (1)
538 5781 649 5834 Sub
689 5796 751 5833 ea
787 5788 964 5834 statua
999 5781 1166 5836 herba
1197 5780 1637 5849 ἁλεξιφάρμακος
1657 5777 1922 5835 excrevit.

2048 5779 2189 5833 tseb.
2225 5777 2324 5833 lib.
2366 5791 2458 5841 vn,
2503 5791 2626 5845 cap.
2662 5775 2773 5846 14.)

432 5854 509 5921 (2)
552 5851 1041 5920 ’Λπαραλλάκτως,
1076 5850 1365 5915 Eusebius,
1405 5859 1464 5906 111
1496 5866 1684 5921 supra.
1964 5880 1975 5895 ο

607 5914 884 6008 Parnm"
932 5914 1051 6009 Gn.
1093 5948 1344 6013 CXLV.
1566 5914 1583 5921 ’

2564 6035 2575 6039 “
3113 5938 3185 6003 37
