4052 6444
510 387 644 449 1163

1737 397 2161 463 NICEPHORI
2197 404 2545 467 CALLIS’I‘I

3636 413 3767 480 ll6i

503 505 761 571 profanas
817 503 1031 559 litteras
1082 520 1297 562 summe
1348 509 1638 566 addidicit.
1678 511 1782 567 Ubi
1829 517 2050 569 meretri

2189 518 2278 573 ἐπ’
2337 520 2723 594 Ἀλεξανδρείᾳ
2772 523 3057 593 φοιτήσας,
3097 543 3163 579 τα
3211 526 3311 597 τῆς
3345 527 3495 593 θείας
3544 530 3768 604 Γραφῆς

498 597 641 657 cnla,
701 613 822 666 qua:
885 600 1177 653 calumnim
1235 616 1397 656 causa
1449 603 1516 656 ad
1554 620 1679 659 eum
1732 616 1993 671 venerat,
2052 624 2083 663 a

499 691 751 745 daemone
780 700 1060 761 correpta,
1098 708 1200 762 per
1236 688 1546 751 orationem
1580 698 1702 768 ejus
1736 702 2079 756 sanationem

497 790 582 835 est
610 790 906 837 consecuta
939 799 953 836 :
985 784 1239 840 ecclesiae
1268 796 1453 841 autem
1492 788 1787 858 przei‘cctus
1820 791 1918 860 (1),
1951 807 2080 847 cum

498 874 812 928 Phaedimus
868 875 919 929 ei
962 877 1272 932 Amasenus
1320 878 1619 949 episcopus
1660 895 1859 938 manus
1905 882 2080 953 impo-

493 967 718 1029 suisset,
771 982 964 1036 rupem
1024 968 1306 1039 ingentem
1353 972 1512 1027 collis
1563 973 1775 1041 instar,
1833 991 1959 1030 cum
2009 977 2076 1031 ad

494 1079 615 1117 eam
668 1072 815 1119 esset
861 1064 1169 1133 perductus
1208 1107 1223 1131 ,
1258 1066 1512 1122 oratione
1546 1069 1663 1123 sola
1707 1071 1901 1137 movit,
1934 1080 1989 1127 et
2020 1072 2074 1127 in

490 1153 657 1207 alium
687 1153 972 1208 transtulit
1003 1154 1212 1210 locum.
1253 1156 1459 1212 Deinde
1493 1159 1841 1215 sacerdotem
1873 1163 2076 1232 profa-

488 1260 620 1298 num
654 1244 847 1314 templi
886 1246 1199 1311 custodem,
1237 1247 1420 1316 ejecto
1473 1256 1642 1319 atque
1692 1261 1919 1322 recepto
1962 1254 2076 1309 da:-

487 1351 650 1389 mone
697 1335 800 1407 (2),
848 1338 915 1392 ad
950 1338 1154 1394 Christi
1210 1340 1374 1394 ﬁdem
1431 1343 1728 1411 pertraxit.
1774 1344 1845 1398 Et
1896 1344 2073 1400 lacum

486 1430 808 1499 quemdam,
840 1432 909 1486 de
948 1447 1060 1503 quo
1086 1433 1290 1489 fratres
1322 1435 1432 1490 duo
1463 1436 1674 1506 ingenti
1708 1439 2073 1495 contentione

485 1524 874 1589 decertabant,
900 1525 1112 1581 siccum
1138 1528 1472 1599 aridumque
1498 1530 1762 1588 reddidit.
1798 1532 2070 1588 Praeterea

484 1618 618 1684 Lyci
650 1619 900 1674 ﬂuminis
932 1619 1110 1675 undas
1136 1622 1478 1691 perniciosas
1504 1626 1789 1694 repressit,
1820 1626 2069 1695 scipione

482 1730 583 1769 suo
643 1714 847 1780 deﬁxo,
901 1714 997 1784 qui
1047 1715 1335 1786 hucusque
1378 1718 1434 1773 in
1488 1717 1767 1789 ingentem
1819 1719 2069 1775 excrevit

2188 612 2285 665 καὶ
2313 613 2383 666 τὰ
2411 613 2513 683 τῆς
2537 613 2644 679 ἔξω
2675 617 2755 679 είς
2792 616 2964 686 ἄκρον
2994 617 3237 692 ἠσκήθη.
3284 620 3454 674 Ἔνθα
3478 622 3543 693 δὴ
3568 623 3769 696 ἑταιρι-

2189 702 2286 755 κὸν
2312 703 2542 770 γύναιον
2567 706 2661 757 ἰπὶ
2706 706 2933 776 διαϐολῇ
2982 707 3132 777 αὐτῷ
3183 709 3523 780 προσελθὸν,
3555 712 3765 784 δαίμονι

2188 794 2415 865 ληφθὲν,
2438 796 2527 849 διὰ
2564 799 2875 868 προσευχῆς
2907 806 3009 869 τὴν
3040 799 3392 875 ῖασινιὲσχεν.
3436 802 3560 856 Ἐπὶ
3584 805 3640 858 δὲ
3670 806 3766 869 τῆς

2200 884 2534 954 Ἐκκλησίας
2552 886 2754 952 τεθεὶς,
2782 888 3050 957 Φαιδίμου
3096 889 3249 960 αύτῷ
3283 892 3384 954 τὰς
3429 884 3618 962 χεῖρας
3647 895 3767 947 ἑπι-

2184 973 2467 1040 6αλόντος,
2514 976 2574 1039 ὃς
2634 979 2932 1046 Ἀμασείας
2981 979 3283 1044 ἐπίσκοπος
3326 976 3416 1051 ἦν,
3464 985 3585 1035 ἐπεὶ
3630 984 3765 1054 πρὸς

2181 1068 2345 1121 αὑτὸν
2377 1069 2567 1139 ἤγετο,
2595 1070 2744 1123 λίθον
2771 1072 2948 1139 μέγαν
2980 1073 3163 1143 βουνῷ
3188 1076 3598 1146 (παραπλήσιον
3628 1078 3761 1149 εὑγῇ

2183 1162 2323 1233 μόνῃ
2353 1162 2608 1233 κινήσας,
2635 1165 2716 1229 είς
2740 1164 2933 1237 ἓτερον
2967 1158 3251 1238 μὲτήγαγε
3279 1169 3467 1222 τόπον.
3498 1170 3668 1224 Ἔνθα
3695 1172 3759 1242 δή

2179 1252 2389 1306 καὶτὸν
2420 1255 2692 1325 νεωκόρον
2722 1257 2789 1326 τῇ
2835 1256 2947 1311 τῶν
2990 1257 3264 1329 δαιμόνων
3303 1260 3501 1330 ἐκϐολῇ
3551 1279 3612 1313 τε
3664 1263 3760 1314 καὶ

2178 1343 2401 1415 είσσολῇ
2440 1345 2579 1416 πρὸς
2604 1348 2706 1418 τὴν
2745 1349 2892 1402 κατὰ
2933 1349 3176 1419 Χριστὸν
3222 1351 3413 1405 πίστιν
3458 1351 3629 1406 ἕλκει·
3664 1353 3759 1405 καί

2174 1454 2297 1490 τινα
2328 1436 2529 1508 λίμνην
2555 1440 2960 1513 διαφερομένην
2979 1443 3136 1497 δυσὶν
3174 1445 3423 1514 ἀδελφοῖς
3455 1445 3629 1517 ξηράν
3661 1447 3757 1500 καὶ

2174 1526 2410 1597 ἄνικμον
2439 1528 2677 1584 ἐδείκνυ.
2713 1532 2876 1586 Ἀλλά
2910 1533 3129 1588 καὶτοῦ
3162 1535 3415 1606 ποταμοῦ
3463 1537 3645 1590 Λύκου
3692 1537 3755 1589 τὸ

2174 1616 2625 1687 βλαπτικώτατον
2650 1618 2891 1699 ῥεῖθρον,
2928 1626 3007 1695 τῷ
3038 1626 3137 1696 τὴν
3182 1627 3395 1681 οἰκείαν
3440 1629 3754 1697 καταπῆξαι

2173 1711 2503 1783 βακτηρίαν,
2533 1715 2873 1771 ἀνέστειλεν.
2924 1715 3178 1792 Ἤτιςδὴ
3228 1721 3324 1774 καὶ
3371 1721 3430 1782 ἐς
3466 1720 3649 1790 δεῦρο,
3691 1723 3753 1785 ις

478 1806 762 1871 arborem,
813 1815 873 1863 et
913 1822 945 1861 a
991 1807 1302 1863 viatoribus
1353 1807 1430 1863 ibi
1485 1809 1760 1863 cernitur.
1811 1810 2050 1866 Judaeum

2172 1803 2323 1873 μέγα
2348 1804 2570 1875 δένδρον
2593 1806 2885 1879 διήκουσα,
2922 1814 3035 1874 τοῖς
3066 1812 3514 1881 προσπελάζουσι
3563 1814 3751 1883 φαίνε-

476 1899 793 1971 quemdam,
854 1899 950 1970 qui
1020 1910 1299 1955 mortuum
1367 1915 1426 1956 se
1482 1915 1606 1957 esse
1656 1902 2050 1968 simulaverat,

2165 1913 2277 1952 ται.
2314 1898 2426 1953 Καὶ
2450 1901 2545 1953 τὸν
2590 1900 2793 1973 νεκροῦ
2849 1903 3039 1974 σχῆμα
3082 1905 3434 1976 πλασάμενον
3491 1882 3745 1977 Ἔδραῖον

473 2010 671 2048 revera
721 2003 1005 2048 mortuum
1047 1992 1260 2047 eﬁecit.
1303 1992 1371 2047 Et
1412 2007 1539 2047 cum
1585 2007 1714 2047 eum
1761 1993 2061 2064 aliquando

475 2088 703 2159 quidam
757 2092 1252 2155 persequerentur,
1290 2085 1347 2139 in
1393 2085 1652 2141 arborem
1694 2090 2059 2143 transfuma-

422 2208 429 2215 -
476 2191 589 2244 tus,
625 2181 701 2234 ita
746 2181 987 2235 orationi
1033 2181 1331 2235 intendens
1370 2180 1645 2243 constitit,
1677 2188 1739 2234 ut
1768 2196 1798 2235 ιι
1835 2182 2057 2238 nemine

470 2275 786 2329 videretur.
817 2273 1197 2329 Pestilentiam
1238 2271 1556 2328 inﬁdelibus
1593 2273 1917 2328 conciliavit
1951 2293 1963 2327 :
2001 2282 2057 2329 et

469 2368 735 2424 feminam
777 2366 1099 2436 quamdam,
1147 2381 1273 2435 qua:
1322 2364 1391 2420 ad
1437 2363 1603 2420 ﬁdem
1642 2374 1973 2430 accesserat,
2022 2382 2053 2420 a

468 2468 649 2515 morte
693 2457 974 2514 liberavit.
1030 2456 1173 2513 Huic
1223 2456 1317 2512 Dei
1359 2464 1536 2511 mater
1580 2471 1893 2527 apparens,
1952 2472 2054 2528 per

374 2592 379 2597 -
468 2555 741 2609 Joannem
769 2551 1193 2621 evangelistam,
1227 2547 1637 2619 professionem
1664 2549 1790 2605 ﬁdei
1823 2559 2048 2617 nostrae,

465 2657 738 2720 quantum
769 2647 840 2701 ad
867 2644 1203 2715 theoiogiam
1236 2643 1316 2714 (5)
1346 2652 1401 2699 et
1434 2642 1746 2699 divinitatis
1776 2644 2048 2699 rationem

465 2741 732 2813 pertinet,
789 2737 1054 2808 scriptam
1112 2735 1387 2792 exhibuit.
1446 2736 1527 2791 Ad
1576 2737 1804 2792 multam
1862 2748 2047 2794 autem

467 2831 722 2903 pervenit
746 2835 1117 2893 senectutem,
1151 2837 1209 2882 et
1234 2827 1303 2881 ad
1337 2826 1664 2883 Diocletiani
1695 2842 1874 2899 usque
1911 2843 2051 2886 tem-

466 2942 599 2997 pora
642 2925 867 2982 duravit
897 2923 996 2994 (4),
1047 2924 1351 2994 gratiarum
1400 2924 1640 2978 actionis
1679 2940 1843 2981 voces
1876 2925 2048 2982 edere

462 3020 686 3083 solitus,
720 3016 869 3087 quod
908 3016 1102 3070 urbem
1138 3013 1674 3084 frequentissimam,
1713 3024 1770 3070 et
1809 3016 2047 3071 inﬁdeli-

2165 1989 2317 2062 ἔργῳ
2355 1995 2551 2064 νεκρὸν
2598 1996 2857 2067 καθιστᾷ.
2910 1998 3021 2050 Καὶ
3064 2000 3180 2061 τοῖς
3224 1995 3483 2053 διώκουσι
3531 2000 3743 2062 τοῦτον,

2163 2087 2247 2148 είς
2279 2084 2502 2157 δένδρον
2536 2090 3111 2161 μετασχηματισθεὶς,
3146 2090 3321 2155 ἑστὼς
3365 2094 3427 2145 ὲν
3464 2094 3742 2163 προσευχῇ

2163 2178 2399 2243 ἀθέατος
2429 2180 2638 2248 ἔμεινε.
2673 2182 2784 2234 Καὶ
2805 2181 2993 2251 λοιμὸν
3018 2182 3075 2235 δὲ
3096 2185 3353 2246 ἀπίστοις
3382 2182 3740 2253 προύξένησι,

2161 2271 2259 2324 καὶ
2291 2273 2357 2343 τῇ
2389 2272 2573 2326 πίστει
2601 2273 2982 2346 προσελθούση
3020 2275 3118 2328 τοῦ
3170 2275 3341 2345 μύρου
3377 2275 3739 2344 ἀπήλλαττεν.

2163 2365 2487 2436 Ἔγγραφον
2505 2367 2563 2421 δὲ
2596 2368 2698 2438 τῆς
2729 2367 3018 2437 θεολογίας
3044 2370 3147 2441 τὴν
3176 2370 3366 2423 πίστιν
3399 2371 3431 2440 ή
3472 2367 3566 2423 τοῦ
3597 2368 3737 2421 Θεοῦ

2162 2463 2351 2535 μήτηρ
2412 2464 2503 2517 διά
2575 2464 2673 2518 τοῦ
2747 2462 3139 2533 εὐαγγελιστοῦ
3204 2463 3455 2517 Ἰωάννου
3508 2462 3739 2531 φανεῖσα

2159 2553 2341 2622 τούτῳ
2367 2555 2617 2625 παρέχει.
2648 2554 2741 2619 Είς
2772 2555 2830 2609 δὴ
2872 2554 3010 2623 βαθὺ
3047 2555 3229 2624 γῆρας
3275 2553 3451 2623 ἥκων.
3483 2553 3610 2622 ἄχρι
3638 2551 3733 2604 καὶ
3798 2610 3805 2617 .

2158 2645 2552 2717 Διοκλητιανοῦ
2582 2648 2942 2718 παρατείνας,
2976 2647 3333 2718 εὐχαριστίας
3379 2645 3589 2717 προῆκε
3620 2662 3733 2707 φω-

2154 2738 2274 2802 νάς’
2307 2738 2503 2809 ὅτιπερ
2546 2740 2647 2809 τὴν
2673 2740 2768 2791 ἐπὶ
2800 2739 2963 2793 τόσον
3002 2739 3323 2810 πλήθουσαν
3354 2738 3606 2798 ἀπιστίας
3634 2735 3732 2788 πό-

2153 2832 2237 2885 λιν
2275 2831 2855 2903 πολυανθρωποτάτην
2886 2832 3058 2885 οῦσαν
3084 2832 3177 2886 επὶ
3214 2831 3313 2901 τῆς
3347 2829 3598 2893 ἐναντίας
3629 2843 3730 2882 κα-

2151 2926 2445 2980 ταλέλοιπε
2468 2924 2703 2990 τάξεως.
2746 2925 2949 2987 Ὅσους
2987 2926 3082 2978 καὶ
3111 2925 3225 2994 γὰρ
3264 2921 3439 2976 ἐλθὼν
3467 2916 3589 2992 εὗρε
3625 2920 3725 2990 τὴν

2153 3020 2340 3072 πίστιν
2368 3019 2478 3089 πρὸ
2504 3018 2675 3073 αὑτοῦ
2731 3018 3270 3089 παραδεδεγμένους,
3315 3016 3603 3076 τοσούτους
3631 3032 3724 3067 τε·

465 3112 595 3167 tatis
628 3110 1029 3181 plenissimam,
1051 3107 1121 3164 ad
1151 3109 1499 3165 contrarium
1522 3108 1888 3180 professionis
1913 3110 2042 3167 ﬁdei

2161 3113 2363 3166 λευτῶν
2390 3116 2455 3184 τῇ
2483 3113 2715 3185 ἀπιστίᾳ
2746 3112 3292 3186 παραμεμενηκιὴας
3339 3110 3719 3166 καταλέλοιπε.

462 3201 767 3271 redegisset
796 3209 1024 3258 statum.
1057 3199 1338 3267 Quantum
1368 3200 1519 3255 enim
1544 3200 1620 3255 ibi
1653 3215 1847 3256 eorum
1874 3202 2045 3258 adve-

2161 3203 2403 3259 Γοσαῦτα
2430 3206 2505 3268 ὡς
2532 3207 2594 3260 ιν
2654 3206 2909 3276 συντόμῳ
2962 3206 3145 3258 εἰπεῖν
3211 3204 3307 3259 καὶ
3370 3206 3442 3258 τά
3471 3202 3720 3274 περὶτοῦ

459 3296 624 3350 niens
677 3300 981 3365 repererat,
1027 3295 1123 3365 qui
1175 3305 1319 3349 ante'
1357 3308 1417 3349 se
1466 3292 1635 3349 ﬁdem
1685 3304 2033 3365 receperant,

2148 3297 2470 3367 θαυμαστοῦ
2504 3298 2541 3349 Γ
2548 3298 2839 3369 ρηγορίου.

460 3397 677 3445 tantum
722 3405 917 3445 eorum
964 3390 1059 3460 qui
1108 3389 1164 3444 in
1207 3387 1537 3445 inﬁdelitate
1587 3402 2026 3459 perseverarent,
2069 3391 2317 3447 moriens
2385 3408 2682 3449 numerum
2750 3394 2998 3464 reliquit.
3039 3394 3166 3450 [late
3211 3394 3456 3450 breviter
3484 3402 3539 3447 et
3567 3405 3718 3447 com-

457 3485 727 3553 pendiose
755 3483 1177 3577 de-admirando
1206 3482 1477 3553 Gregorio
1504 3483 1619 3539 sint
1645 3482 1815 3538 dicta.

868 3622 873 3631 ·
918 3606 1081 3678 ωε
1115 3604 1343 3662 CAPUT
1384 3602 1575 3663 xvnl.

841 3698 917 3754 De
949 3701 1189 3772 Dionysii
1218 3700 1360 3770 festis
1390 3700 1640 3769 epistolis.

524 3818 823 3890 Dionysius
873 3828 1059 3873 autem
1110 3816 1548 3884 Alexandrinus,
1597 3816 1843 3872 nondum
1897 3831 2034 3887 pace

2738 3608 2991 3662 ΚΕΦΑΛ.
3019 3606 3128 3663 lH'.

2195 3701 2333 3769 Περὶ
2360 3700 2481 3754 τῶν
2505 3701 2914 3771 ἐορταστικῶν
2930 3703 3263 3759 ’Διονυσίου
3294 3700 3656 3759 ἐπιστολῶν.

2210 3812 2490 3878 Διονύσιος
2513 3814 2568 3867 δὲ
2601 3816 2628 3868 ὁ
2648 3813 2746 3883 τῆς
2795 3814 3230 3887 Ἀλεξανδρείας,
3251 3816 3421 3887 μήπω
3443 3816 3541 3888 τῆς
3575 3818 3718 3872 κατὰ

452 3914 704 3970 ccclesiis
733 3928 767 3967 a
794 3911 1026 3967 Galieno
1066 3910 1302 3973 reddita,
1354 3910 1422 3965 ad
1471 3925 1568 3965 eas
1601 3925 1741 3979 quas
1789 3910 2034 3965 diximus

2161 3906 2407 3978 ἀλιηνδν
2443 3905 2812 3976 ἐπιλαϐούσης
2861 3908 3107 3977 εἰρήνης,
3143 3908 3281 3975 πρὸς
3328 3910 3445 3972 ταῖς
3486 3910 3716 3980 είρημέ.

454 4007 521 4061 de
572 4005 897 4076 poenitentia
934 4015 989 4058 et
1034 4002 1332 4073 baptismo,
1362 4002 1500 4057 alias
1545 4017 1769 4073 quoque
1808 4002 1877 4056 de
1920 4000 2029 4056 Pa-

2161 4019 2257 4063 ναις
2284 4003 2380 4071 τῆς
2420 4000 2716 4068 μετανοίας
2764 3999 2858 4052 καὶ
2910 3998 3001 4053 τοῦ
3050 3999 3427 4072 βαπτίσματος
3475 4005 3568 4058 καὶ
3615 4005 3715 4067 τὰς

451 4098 640 4154 schate
672 4097 843 4153 festas
882 4094 1192 4165 composuit
1238 4095 1525 4165 epistolas.
1571 4094 1817 4160 Quarum
1857 4077 2024 4148 unam

2161 4093 2381 4166 περὶτοῦ
2443 4094 2636 4163 Πάσχα
2682 4094 3047 4162 ἑορταπικάς
3078 4096 3361 4148 συντάττει
3401 4095 3711 4159 ἐπιστολάς

452 4188 676 4259 quidem
709 4188 775 4242 ad
818 4186 1253 4258 Flavianum‘_(5)
1305 4186 1460 4241 dedit
1493 4203 1508 4241 :
1545 4185 1709 4240 aliam
1758 4186 1825 4241 ad
1862 4185 2027 4257 Didyo

2161 4207 2202 4243 w
2255 4186 2384 4254 μίαν
2433 4185 2531 4255 μὲν
2565 4184 2853 4255 Φλασιανῷ
2892 4188 3233 4257 προσφωνεῖ.
3276 4187 3447 4259 ἄλλην
3474 4188 3531 4243 δὲ
3563 4188 3714 4242 Διδύ-

453 4297 602 4335 mum
637 4289 694 4335 et
732 4281 1058 4344 Domitium,
1106 4280 1161 4334 in
1202 4294 1311 4350 qua
1362 4279 1529 4334 etiam
1577 4287 1703 4334 octo
1753 4294 2027 4335 annorum

2161 4299 2218 4351 ιῳ
2248 4280 2345 4334 καὶ
2412 4277 2678 4348 Δομετίῳ.
2741 4277 2828 4330 Ἐν
2927 4278 3022 4331 καὶ
3078 4277 3468 4350 ὀκταετηρίδος
3511 4282 3712 4334 κανόνα

451 4375 716 4429 canonem
741 4373 987 4442 exponit,
1013 4388 1124 4426 non
1152 4372 1288 4427 alias
1309 4386 1473 4442 quam
1497 4372 1830 4443 aequinoctio
1858 4386 2028 4427 verno

2161 4371 2540 4440 κτίθεται,-μὴ
2570 4370 2680 4423 δεῖν
2708 4369 2901 4426 ἄλλοτε
2950 4370 3090 4441 πλὴν
3114 4372 3213 4441 τῆς
3251 4373 3495 4441 είαρινῆς
3523 4374 3713 4443 ίσημε-
3752 4355 3801 4447 ξ’

446 4470 657 4526 Pascha
694 4467 968 4524 celebrari
999 4475 1262 4537 oportere
1297 4468 1580 4523 astruens.
1615 4469 1796 4524 Aliam
1833 4484 2030 4524 rursus

2161 4469 2262 4532 νίας
2300 4468 2361 4521 τὸ
2396 4469 2591 4538 Πάσχα
2618 4468 2890 4520 ἐπιτελεῖν
2931 4467 3364 4536 παριστάμενος.
3398 4467 3520 4530 Τοῖς
3551 4466 3594 4520 δ’
3650 4467 3709 4519 ὲν

446 4566 513 4618 ad
546 4561 902 4633 presbyteros
936 4532 1369 4627 Alexandrinos,
1405 4571 1569 4632 atque
1602 4561 1852 4619 diversas
1890 4562 2027 4618 alias

2161 4532 2551 4630 Aleﬁavﬁpsiq"
2586 4559 2985 4630 πρεσϐυτέροις
3016 4532 3203 4630 *ἄλλην
3272 4562 3579 4626 συντάττει,
3613 4562 3711 4612 καὶ

448 4656 513 4709 ad
562 4655 703 4709 alios
735 4652 978 4722 scripsit.
1030 4653 1171 4707 Pace
1223 4668 1390 4722 porro
1439 4663 1657 4719 exorta,
1711 4655 1781 4709 ab
1829 4656 2029 4711 exsilio

2161 4655 2426 4726 ιαφόρους
2460 4651 2663 4715 ἄλλοις.
2717 4652 2831 4721 Τῆς
2858 4652 2907 4705 δ’
2939 4652 3166 4722 είρήνης
3205 4652 3615 4722 διαλαμψάσης,
3646 4654 3712 4705 ἐκ

453 4746 837 4802 Alexandriam
873 4745 1058 4803 rediit.
1092 4745 1169 4801 ibi
1202 4746 1475 4801 seditione
1511 4754 1569 4801 et
1601 4748 1841 4803 tumultu
1876 4747 2027 4803 civili

445 4844 705 4907 excitato,
760 4842 1024 4912 quoniam
1072 4840 1376 4910 episcopali
1433 4855 1664 4895 munere
1713 4855 1817 4895 suo
1868 4840 2024 4910 fungi

444 4950 554 4989 non
596 4937 799 5004 potuit,
832 4932 1095 4987 fratribus
1125 4933 1340 4988 scilicet
1364 4934 1420 4987 in
1454 4933 1776 4987 alterutram
1804 4941 2022 5004 partem

442 5028 702 5083 factionis
753 5026 1053 5093 inclinatis,
1104 5027 1238 5095 ipsis
1282 5027 1508 5081 Pascha:
1563 5026 1716 5081 feriis
1770 5041 1840 5081 ex
1901 5027 2020 5097 ipsa

442 5119 769 5173 Alexandria
819 5118 988 5173 veluti
1035 5117 1191 5171 exsul
1227 5132 1326 5186 per
1372 5117 1589 5171 litteras
1636 5131 1764 5169 cum
1814 5116 1897 5171 eis
1936 5125 2025 5172 est

440 5215 775 5271 collocutus.
817 5213 976 5267 Dedit
1005 5224 1229 5281 quoque
1268 5208 1336 5264 ad
1377 5208 1667 5264 Hieracem
1702 5207 2019 5279 Egyptium

509 5394 524 5447 ί
542 5397 587 5467 1)
642 5397 780 5452 Cum
832 5394 1066 5467 ecclesia
1103 5393 1181 5467 _in
1239 5394 1478 5467 quodam
1532 5392 1652 5447 loco
1703 5387 2025 5467 arctissimo

441 5462 582 5522 inter
608 5477 853 5521 montem
901 5476 955 5519 et
986 5464 1214 5518 ﬂuvium
1253 5462 1431 5535 posito
1469 5464 1717 5519 construi
1765 5462 2020 5535 deberet,

434 5550 484 5592 et
546 5540 785 5606 spatium
836 5536 1115 5591 suﬁiciens
1163 5533 1273 5589 non
1324 5544 1495 5595 esset,
1540 5538 1659 5602 ipso
1711 5544 1904 5587 sancto
1961 5533 2016 5587 in

438 5609 786 5663 orationibus
836 5614 1218 5675 pernoctante,
1252 5621 1415 5661 mane
1467 5607 1631 5666 iacto.
1661 5606 1884 5671 inventa
1932 5615 2018 5658 est

439 5693 602 5748 rupes
663 5686 814 5731 tanto
871 5678 1049 5745 spatio
1098 5677 1220 5731 loco
1272 5678 1523 5748 cessisse,
1574 5686 1846 5748 quantum
1897 5684 2018 5748 erat

438 5744 757 5815 minpctens
789 5744 1044 5817 pro'ipsa
1093 5748 1325 5801 ecclesia
1376 5746 1713 5801 fabricanda.
1744 5744 1896 5800 Hier.
1936 5745 2013 5797 De

440 5818 560 5869 viris
597 5818 770 5870 illust.

513 5885 587 5955 (ἓ)
616 5885 822 5940 Euseb.
861 5885 961 5942 lib.
1004 5901 1098 5955 vn,
1149 5901 1271 5957 cap.
1308 5888 1398 5957 25,
1442 5888 1637 5946 Ruﬁno
1684 5889 2008 5957 interprete.

2131 4746 2232 4818 τῆς
2264 4745 2560 4817 ὑπερορίας
2575 4744 2857 4816 ἐπανῆκεν
2880 4744 2963 4807 εις
3004 4744 3430 4814 Ἀλεξάνδρειαν.
3461 4745 3711 4810 Στάσεως

2130 4841 2176 4893 δ’
2204 4842 2385 4894 ἐκεῖσε
2435 4841 2534 4893 καὶ
2571 4838 2816 4909 πολέμου
2870 4838 3304 4908 ὲπισυμδάντος,
3341 4841 3462 4893 ἐπεὶ
3519 4840 3596 4910 μὴ
3640 4840 3708 4892 τὰ

2130 4934 2230 4999 τῆς
2264 4932 2573 4997 ἐπισκοπῆς
2595 4932 2805 4985 διέπειν
2836 4925 2949 4994 οἶός
2978 4947 3038 4984 τε
3062 4926 3155 5001 ἦν,
3185 4932 3280 4986 ἅτε
3319 4931 3386 5004 δὴ
3418 4932 3528 4988 τῶν
3559 4933 3712 4987 ἀδελ-

2132 5023 2251 5090 φῶν
2282 5024 2364 5084 είς
2413 5023 2681 5087 ἑκάτερον
2710 5020 2811 5092 τῆς
2859 5021 3107 5086 στάσεως
3151 5025 3315 5094 μέρος
3357 5025 3710 5096 διακρινομέ-

2130 5110 2260 5181 νων,
2296 5117 2353 5168 ὲν
2365 5117 2434 5187 τῇ
2466 5114 2558 5168 τοῦ
2577 5116 2771 5185 Πάσχα
2800 5114 2963 5186 ἑορτῇ
2981 5114 3042 5180 ἐξ
3063 5114 3234 5186 αὐτῆς
3274 5117 3707 5189 Ἀλεξανδρείας.

2134 5205 2281 5259 καθά
2309 5222 2392 5269 τις
2429 5204 2724 5276 ὑπερόριος
2757 5203 3045 5273 διατελῶν,
3078 5204 3277 5277 ὡμίλει
3316 5210 3519 5272 αὐτοῖς.
3566 5207 3703 5277 Πρὸς

2200 5391 2278 5461 (5)
2305 5390 2607 5463 Theologia
2636 5391 2755 5463 haec
2791 5390 3069 5461 reperitur
3100 5390 3242 5463 apud
3276 5390 3553 5450 Rufinum,
3594 5381 3691 5437 Ec-

2124 5461 2256 5516 cles.
2287 5464 2409 5515 hist.
2450 5461 2670 5517 Eusebii
2704 5462 2802 5517 lib.
2841 5478 2939 5527 vn,
2980 5477 3105 5530 cap.
3135 5461 3226 5514 25.

2200 5534 2276 5603 (4)
2310 5532 2424 5603 imo
2462 5535 2568 5587 alia
2621 5533 2789 5587 etiam
2838 5534 2961 5602 ejus
2997 5526 3260 5585 miracula
3304 5529 3408 5585 sub
3438 5526 3701 5603 constan-

2124 5597 2470 5673 tin'o'Magno
2498 5603 2820 5673 referuntur
2848 5597 2990 5656 infra
3028 5603 3273 5673 libaVlll,
3306 5614 3427 5667 cap.
3467 5597 3561 5650 55.

2194 5673 2270 5743 (5)
2302 5659 2503 5727 Euseb.
2558 5672 2810 5727 Flavium
2861 5672 3048 5734 habet,
3098 5659 3398 5743 libro'vn;
3436 5683 3556 5743 cap.
3606 5659 3697 5743 eo.

2120 5733 2278 5809 item,
2314 5755 2437 5812 post
2473 5745 2869 5811 aequinoctium
2899 5758 3156 5810 vernum,
3178 5742 3319 5812 μετά
3349 5738 3446 5808 τὴν
3480 5733 3700 5806 ὲίαρινὴν

2122 5814 2439 5884 ισημερίαν.
2469 5814 2611 5869 Ibid.
