4052 6438
384 379 520 445 1165

1308 375 1921 439 ECCLESIASTICIE
1964 367 2356 434 HISTORIAS
2397 372 2545 434 LIB.
2584 372 2679 434 VI.

3521 371 3639 434 i166

376 499 558 557 οὲοιαὶ
596 498 799 568 Ἰέρακι
830 497 908 568 τῷ
943 495 1064 551 κατ’
1096 495 1377 564 Αἴγυπτον
1430 493 1716 563 ὲπισκόπῳ
1757 495 1950 564 ἑορτα-

2058 491 2382 560 ρρίεοονυιη
2415 491 2645 545 alteram
2689 488 2885 545 festam
2930 489 3045 546 sive
3078 489 3402 547 Paschalem
3431 493 3640 562 episto-

378 591 572 663 στικὴν
616 592 813 661 ἑτέραν
847 591 1173 662 ἐχάραττεν,
1214 591 1272 642 ἐν
1303 581 1337 664 ᾖ
1375 589 1474 641 καὶ
1499 589 1599 657 τῆς
1646 588 1769 641 κατ’
1812 586 1961 639 Ἀλε..

377 687 668 756 ξάνδρειαν
697 687 938 749 στάσεως
972 684 1167 754 μνείαν
1219 684 1572 752 ποιούμενος,
1599 682 1791 736 τοῦτον
1820 682 1960 734 ὑπα-

377 775 600 846 γορεύει
650 775 742 828 τὸν
797 774 1031 845 τρόπον·

966 911 1224 967 ΚΕΦΑΔ.
1264 910 1368 964 18'.

378 1021 520 1092 Περὶ
549 1019 661 1089 τῆς
702 1019 774 1076 ἐν
801 1018 1233 1092 Ἀλεξανᾷρείᾳ
1267 1015 1621 1092 Δγενομένης
1677 1012 1956 1081 στάσεως

1002 1089 1113 1144 τοῦ
1138 1088 1316 1144 λαοῦ.

454 1227 473 1261 ι
495 1207 651 1278 Ἐμοὶ
680 1207 739 1262 δὲ
766 1206 818 1258 τί
854 1205 1189 1275 θαυμαστὸν,
1217 1205 1264 1258 εί
1294 1204 1433 1275 πρὸς
1463 1203 1590 1266 τοὺς
1622 1201 1958 1274 πορρωτέρω

377 1295 769 1360 κατοικοῦντας
799 1297 1039 1367 χαλεπὸν
1064 1299 1124 1350 τὸ
1149 1296 1254 1350 κᾶν
1282 1295 1352 1349 δι’
1380 1294 1683 1348 ἐπιστολῶν
1713 1293 1954 1364 ὀμιλεῖνς

375 1391 465 1443 ὅτε
493 1393 588 1444 καὶ
607 1388 684 1458 τῷ
716 1389 853 1458 πρὸς
879 1387 1121 1458 ἐμαυτὸν
1159 1387 1309 1457 αὐτῷ
1343 1404 1434 1457 μοι
1467 1385 1841 1454 διαλέγεσθαι,
1862 1386 1957 1438 καὶ

374 1486 441 1552 τῇ
483 1482 592 1552 ίδίᾳ
621 1481 770 1551 ψυχῇ
808 1480 1305 1551 συμὸουλεύεσθαι,
1348 1478 1689 1549 καθέστηκεν
1713 1479 1916 1548 ἄπορον
1937 1496 1959 1543 ;ν

375 1574 519 1643 Πρὸς
552 1573 682 1641 γοῦν
708 1574 778 1627 τὰ
828 1572 1069 1644 ἐμαυτοῦ
1102 1571 1410 1644 σπλάγχνα,
1447 1571 1578 1634 τοὺς
1615 1574 1956 1641 ὀμοσκήνους

372 1662 470 1716 καὶ
499 1662 819 1734 συμψύχους
866 1662 1152 1731 ἀδελφοὺς,
1188 1664 1284 1716 καὶ
1330 1662 1430 1732 τῆς
1450 1658 1622 1715 αὐτοῦ
1680 1658 1953 1722 πολιτείας
1990 1658 2009 1671 ⁸

374 1757 468 1809 καὶ
511 1756 867 1826 Ἐκκλησὶας,
911 1756 1281 1809 ἐπιστολαίων
1324 1754 1518 1824 δέομαι
1578 1752 1950 1824 γραμμάτων.

373 1846 487 1901 Καὶ
511 1847 664 1901 ταῦθ’
698 1848 848 1910 ὅπως
879 1847 945 1901 ἂν
962 1847 1414 1916 διαπεμψαίμην,
1446 1845 1729 1915 ἀμήχανον
1763 1842 1950 1912 φαίνε-

2057 1845 2339 1915 Ecclesiae,
2391 1849 2644 1919 epistolis
2691 1866 2834 1927 opus
2887 1859 2972 1905 est
3023 1867 3037 1905 :

369 1956 482 1993 ται.
531 1939 689 2010 Ῥᾷον
715 1939 826 2006 γὰρ
856 1939 922 1992 ἄν
950 1956 1032 2002 τις
1060 1938 1159 2008 οὐχ
1198 1939 1345 2000 ὅπως
1374 1940 1453 2001 είς
1484 1939 1582 2007 τὴν
1637 1935 1955 2004 ὑπερόριον,

373 2033 509 2085 ἀλλᾶ
538 2032 632 2084 καὶ
657 2031 755 2084 ἀπ’
797 2031 1101 2086 Ἀνατολῶν
1145 2033 1239 2085 ἐπὶ
1269 2031 1490 2101 Δυσμὰς
1527 2028 1891 2098 περαιωθείη,
1916 2029 1951 2101 ἢ

372 2126 476 2193 τὴν
544 2123 957 2195 Ἀλεξάνδρειαν
1019 2125 1117 2179 ἀπ’
1172 2126 1347 2195 αὐτῆς
1399 2123 1496 2194 τῆς
1547 2122 1954 2194 Ἀλεξανδρείας

372 2217 756 2287 ὲπέλθοι.’Τῆς
788 2220 896 2290 γὰρ
922 2219 1132 2290 ἐρήμου
1165 2222 1266 2290 τῆς
1317 2217 1517 2288 πολλῆς
1548 2218 1643 2270 καὶ¹
1692 2216 1954 2286 ἀτρισοῦς

370 2311 608 2380 ὲκείνης,
640 2309 709 2380 ἣν
745 2310 804 2363 ἐν
846 2309 970 2364 δυσὶ
1016 2311 1230 2377 γενεαῖς
1285 2308 1577 2362 διώδευσεν
1618 2309 1648 2360 ὁ
1710 2308 1953 2378 Ἰσραὴλ,

369 2399 578 2472 ἄπορος
630 2399 833 2469 μᾶλλον
871 2401 969 2455 καὶ
1015 2399 1217 2462 eam;
1248 2398 1398 2453 ἐστιν
1426 2400 1461 2468 ἡ
1510 2398 1817 2467 μεσαιτάτη
1851 2397 1952 2468 τῆς

368 2491 580 2553 πόλεως
618 2491 738 2555 ὁδὸς
803 2493 902 2546 καὶ
946 2491 1227 2561 θαλάσσης
1256 2507 1271 2521 ·
1324 2490 1392 2562 ἢν
1432 2492 1633 2545 ἐκεῖνοι
1686 2493 1951 2562 ῥαγεϊσαν

369 2587 466 2638 καὶ
492 2584 957 2655 διατειχισθείσαν
983 2587 1145 2656 ἔσχον
1185 2585 1493 2656 ἱππήλατον
1518 2600 1536 2616 ⁸
1570 2586 1664 2638 καὶ
1688 2577 1764 2637 ὧν
1786 2586 1845 2637 ὲν
1879 2586 1947 2656 τῇ

368 2676 632 2747 λεωφόρῳ
682 2678 1194 2748 κατεποντίσθησαν
1251 2676 1563 2745 Αἰγύπτιοι,
1611 2675 1660 2729 οἱ
1719 2675 1950 2742 γαληνοὶ

369 2767 467 2820 καὶ
483 2768 790 2837 ἁκύμαντοι
820 2770 1044 2839 λιμένες
1098 2770 1410 2836 γεγόνασιν,
1460 2766 1629 2821 είκὼν
1685 2767 1949 2831 πολλάκις

371 2860 638 2927 φανέντες
665 2863 773 2915 ἀπὸ
803 2861 915 2914 τῶν
954 2863 1014 2915 ὲν
1061 2861 1249 2924 αὐτοῖς
1303 2862 1504 2930 φόνων,
1563 2855 1676 2914 οἷον
1739 2861 1947 2930 ἐρυθρὰ

369 2949 636 3005 θάλασσα.
673 2953 733 3007 Ὀ
774 2952 819 3006 δ’
846 2953 1124 3023 ἐπιρρέων
1183 2953 1429 3022 ποταμὸς
1459 2952 1562 3022 τὴν
1595 2953 1755 3007 πόλιν
1811 2953 1947 3006 ποτὲ

371 3043 477 3113 μέν
501 3045 710 3114 ἐρήμου
741 3045 839 3115 τῆς
878 3046 1112 3116 ἀνύδρου
1138 3046 1433 3115 ξηρότερος
1451 3045 1633 3115 ὤφθη,
1668 3046 1767 3100 καὶ
1805 3047 1948 3116 μᾶλ-

368 3135 460 3188 λον
490 3136 784 3206 αὐχμώδης
817 3139 1057 3208 ἐκείνης,
1090 3140 1155 3206 ἣν
1182 3138 1640 3209 διαπορευόμενος
1662 3142 1692 3192 ό
1730 3139 1947 3211 Ἰσραὴλ

366 3229 544 3290 οὕτως
573 3228 854 3298 ὲὸίψησεν,
899 3229 977 3292 ὡς
1014 3231 1189 3300 Μωσῆ
1253 3232 1353 3301 μὲν
1397 3232 1673 3305 καταόοᾷν
1703 3250 1718 3264 ·
1752 3234 1950 3304 ῥυῆναι

366 3315 425 3368 δὲ
450 3317 636 3379 αὐτοῖς
666 3318 819 3386 παρὰ
864 3319 961 3371 τοῦ
1021 3318 1306 3388 θαυμάσια
1343 3320 1645 3384 ποιοῦντος
1670 3321 1836 3391 μόνου
1887 3326 1952 3377 ἐκ

367 3408 583 3478 πέτρας
608 3409 917 3479 ἀκροτόμου
955 3411 1141 3465 ποτόν.
1174 3411 1312 3464 non
1347 3413 1404 3466 δὲ
1434 3413 1691 3477 τοσοῦτος
1733 3415 1953 3484 ὲπλήμιι

369 3517 566 3570 μυρεν,
595 3503 673 3564 ῶς
704 3503 890 3555 πᾶσαν
940 3502 1042 3572 τὴν
1075 3504 1389 3574 περίχωρον
1427 3506 1527 3568 τάς
1559 3522 1620 3559 τε
1646 3506 1801 3569 ὁδοὺς
1857 3507 1952 3560 καὶ

369 3598 497 3653 τοὺς
523 3595 730 3664 ἀγροὺς
758 3594 1153 3658 ἐπικλύσαντα,
1208 3596 1310 3664 τῆς
1347 3597 1441 3649 ἐπὶ
1472 3596 1597 3649 Νῶε
1649 3598 1950 3667 γενομένης

370 3686 466 3739 τοῦ
501 3686 693 3748 ὓδατος
719 3689 896 3757 φορᾶς
924 3688 1223 3754 ἐπαγαγεῖν
1251 3689 1502 3757 ἀπειλήν.
1553 3690 1670 3742 Ἀεὶ
1694 3691 1749 3743 δὲ
1783 3691 1950 3761 αἷμα-

369 3796 420 3831 τι
447 3780 542 3833 καὶ
579 3780 764 3849 φόνοις
794 3781 889 3833 καὶ
904 3782 1371 3849 καταποπισμοῖς
1397 3780 1611 3833 κάτεισι
1637 3783 1950 3853 μεμιασμέ-

370 3888 463 3935 νος
489 3888 505 3905 ο
542 3866 653 3935 οἷος
678 3872 786 3925 ὑπὸ
834 3873 1008 3943 Μωσῇ
1042 3873 1235 3940 γέγονε
1269 3871 1345 3942 τῷ
1371 3874 1570 3942 Φαραὼ
1625 3875 1947 3945 μεταϐαλὼν

366 3965 449 4026 είς
481 3959 623 4034 αἷμα
655 3963 751 4017 καὶ
802 3962 1099 4028 ὲποζέσας.
1130 3966 1242 4020 Καὶ
1296 3968 1453 4020 ποῖον
1499 3968 1702 4035 γένοιτ’
1732 3970 1799 4023 ἂν
1851 3970 1946 4024 τοῦ

365 4059 550 4110 πάντα
583 4055 944 4126 καθαίροντος
967 4056 1165 4120 ὕδατος
1211 4056 1354 4126 ὕδωρ
1402 4057 1533 4112 ἄλλο
1590 4058 1943 4130 καθάρσιον;

370 4147 582 4210 Πῶςᾶν
612 4149 641 4200 ὁ
669 4147 836 4211 πολὺς
869 4148 963 4203 καὶ
990 4149 1302 4220 ἀπέραντος
1335 4148 1644 4220 ἀνθρώποις
1693 4153 1947 4216 Ὠκεανὸς

362 4239 671 4310 ἑπιχυθεὶς,
703 4239 804 4310 τὴν
824 4241 1031 4313 πικρὰν
1050 4240 1256 4312 τριύτην
1273 4242 1615 4313 ἀποσμήξειε
1641 4243 1943 4314 θάλασσανς

364 4331 433 4383 Ἢ
460 4332 579 4394 πῶς
630 4331 698 4385 ἂν
734 4333 764 4385 ό
796 4333 974 4401 μέγας
1028 4335 1275 4404 ποταμὸς
1339 4336 1369 4388 ὁ
1409 4337 1848 4407 ἐκπορευόμενος
1887 4340 1946 4408 ἐξ

376 4425 557 4493 Ἐδὲμ,
599 4425 694 4478 ἐπὶ
722 4424 823 4488 τὰς
856 4424 1131 4496 τέσσαρας
1158 4428 1338 4499 ἀρχὰς
1376 4429 1457 4492 είς
1503 4429 1570 4493 ἃς
1597 4430 1943 4500 ἀφορίζεται,

2063 588 2197 650 lam,
2251 589 2305 641 in
2361 603 2468 656 qua
2516 586 2810 643 seditionis
2858 588 3250 647 Alexandriam
3300 592 3638 648 mentionem

2064 681 2293 745 faciens,
2319 681 2391 734 ad
2424 681 2572 737 hunc
2600 681 2825 739 modum
2861 682 3058 739 scribit
3089 701 3104 738 :

2648 900 2874 959 CAPUT
2916 902 3062 957 XIX.

2361 1013 2439 1068 De
2465 1013 2718 1068 seditione
2748 1014 2930 1084 populi
2965 1012 3332 1068 Alexandrini.

2137 1213 2156 1245 ι
2190 1193 2332 1261 Quid
2370 1208 2472 1266 ego
2520 1193 2767 1267 admirer
2808 1193 3027 1249 dillicile
3059 1208 3204 1261 esse,
3236 1209 3364 1250 cum
3414 1195 3497 1251 eis
3540 1196 3639 1266 qui

2060 1300 2256 1356 magna
2288 1284 2538 1342 locorum
2567 1285 2985 1355 intercapedine
3009 1301 3040 1341 a
3080 1286 3245 1340 nobis
3276 1296 3406 1343 sunt
3434 1286 3639 1356 dissiti,

2058 1393 2159 1448 per
2208 1379 2474 1449 epistolas
2523 1381 2732 1450 agere?
2773 1379 2913 1435 Cum
2967 1380 3024 1434 in
3075 1380 3306 1434 dubium
3362 1382 3636 1445 venerim,

2057 1472 2336 1542 quomodo
2379 1473 2498 1543 ipse
2544 1489 2761 1528 mecum
2816 1473 3127 1544 colloquar,
3177 1481 3234 1529 et
3282 1473 3399 1542 ipse
3438 1475 3636 1529 animae

2058 1580 2193 1619 mea:
2238 1566 2569 1621 conSulam?
2618 1566 2698 1621 Ad
2737 1571 2854 1636 ipsa
2899 1567 3048 1621 enim
3094 1567 3311 1622 viscera
3350 1582 3492 1632 mea,
3530 1567 3639 1621 hoc

2055 1665 2162 1722 est,
2196 1657 2264 1711 ad
2294 1658 2491 1712 fratres
2518 1660 2612 1729 qni
2637 1660 2884 1737 ejusdem
2919 1673 3049 1715 sunt
3079 1658 3459 1723 contubernii,
3489 1661 3641 1728 ejus-

2057 1749 2182 1804 dem
2231 1752 2425 1816 animi,
2484 1753 2731 1824 eiusdem
2790 1752 2918 1808 vitae
2974 1754 3237 1817 instituti,
3284 1762 3342 1807 et
3387 1754 3634 1825 ejusdem

3094 1866 3300 1920 easque
3355 1838 3637 1920 quomodo

2062 1942 2297 2010 perferri
2347 1956 2561 2003 curem,
2597 1942 2796 1997 durum
2844 1955 2901 1998 et
2937 1958 3107 2013 prope
3156 1942 3497 2010 impossibile
3529 1952 3637 1998 est.

2056 2033 2300 2089 Facilius
2343 2050 2581 2104 namque
2625 2035 2828 2105 aliquis
2870 2052 2979 2090 non
3018 2036 3144 2090 dico
3179 2036 3233 2090 in
3270 2036 3635 2106 longinquum

2056 2124 2237 2179 exsilii
2262 2124 2465 2190 locum,
2495 2125 2592 2181 sed
2631 2126 2700 2181 ab
2722 2125 2948 2182 Oriente
2970 2126 3040 2182 ad
3062 2125 3416 2182 Occidentem
3457 2135 3639 2182 trana-

2053 2216 2204 2281 ierit,
2264 2231 2429 2285 quam
2462 2217 2856 2272 Alexandriam
2892 2232 2960 2271 ex
2995 2219 3114 2287 ipsa
3148 2217 3480 2274 Alexandria
3504 2232 3638 2287 per—

2056 2316 2232 2378 agret.
2259 2309 2450 2381 Longe
2482 2311 2691 2382 quippe
2734 2312 3039 2368 solitudine
3073 2312 3167 2367 illa
3208 2313 3431 2368 deserta
3469 2320 3638 2380 atque

2055 2400 2227 2465 invia,
2259 2418 2424 2472 quam
2468 2405 2685 2460 duabus
2728 2404 2989 2460 aetatibus
3032 2420 3133 2460 seu
3178 2404 3636 2475 generationibus

2057 2493 2153 2548 lilii
2202 2493 2372 2549 Israel
2425 2495 2896 2565 pertransierunt,
2951 2497 3318 2566 periculosior
3361 2496 3533 2569 410
3574 2506 3637 2553 et

2053 2584 2375 2655 impeditior
2406 2594 2492 2640 est
2542 2586 2723 2641 media
2752 2587 2993 2644 civitatis
3035 2588 3131 2643 via
3168 2605 3183 2642 :
3220 2597 3279 2644 et
3306 2588 3445 2643 mari
3495 2574 3635 2645 item

2052 2676 2169 2743 illo,
2197 2677 2348 2747 quod
2379 2677 2460 2732 illi
2494 2677 2735 2734 divisum
2784 2688 2842 2734 et
2867 2679 2925 2735 in
2957 2679 3239 2750 parietum
3271 2682 3505 2737 formam
3546 2696 3634 2737 re-

2051 2766 2275 2823 dactum
2332 2769 2443 2833 late
2486 2770 2802 2827 habuerunt
2844 2774 3120 2843 pervium,
3169 2785 3228 2829 et
3271 2776 3446 2846 quieti
3482 2785 3655 2832 tramu-

2051 2860 2321 2930 quillique
2363 2872 2578 2932 portus,
2611 2879 2802 2919 eorum
2836 2865 3128 2932 ﬂuctuum,
3159 2868 3214 2922 in
3251 2883 3487 2937 quorum
3515 2879 3634 2923 tra-

2046 2955 2199 3024 jectu
2255 2953 2503 3026 Egyptii
2550 2964 2681 3029 sunt
2741 2956 3057 3021 submersi,
3121 2961 3361 3028 speciem
3395 2975 3513 3030 pra
3570 2976 3632 3016 se

2052 3048 2333 3113 tulerunt,
2381 3049 2517 3102 dum
2556 3048 2881 3114 frequenter
2922 3059 3154 3121 propter
3193 3053 3375 3107 cades
3412 3054 3475 3109 in
3521 3054 3635 3110 illis

2060 3137 2338 3194 factitatas
2385 3140 2599 3194 similes
2640 3138 2816 3194 Rubri
2869 3143 3037 3198 maris
3079 3156 3479 3214 apparuerunt.
3524 3146 3635 3213 Qui

2054 3245 2189 3285 vero
2222 3247 2327 3300 per
2363 3233 2556 3288 urbem
2581 3233 2768 3303 ipsam
2813 3233 3038 3304 proﬂuit
3081 3237 3283 3304 amnis,
3331 3239 3634 3308 aliquando

2053 3324 2274 3394 quidem
2335 3326 2469 3380 solis
2516 3327 2628 3382 illis
2677 3338 2734 3383 et
2783 3330 3064 3400 inaquosis
3112 3331 3287 3398 locis,
3340 3348 3439 3403 per
3487 3350 3633 3404 quos

2051 3414 2217 3471 Israel
2272 3418 2538 3475 incedens
2582 3436 2760 3492 usque
2806 3423 2946 3478 adeo
2988 3425 3082 3479 siti
3122 3437 3207 3481 est
3253 3442 3516 3497 pressus,
3570 3440 3633 3486 ut

2051 3508 2316 3565 adversus
2352 3511 2556 3567 Mosem
2585 3514 3005 3583 vociferaretur,
3034 3528 3092 3573 et
3139 3521 3208 3574 ab
3240 3535 3309 3574 eo
3338 3523 3434 3591 qui
3467 3524 3629 3580 solus

2049 3592 2378 3656 admiranda
2430 3602 2586 3669 facit,
2630 3621 2696 3659 ex
2736 3607 3009 3663 altissima
3052 3622 3108 3666 et
3147 3612 3447 3670 durissima
3486 3631 3629 3687 rupe

2050 3693 2196 3745 unda
2228 3694 2554 3762 proﬂueret,
2596 3699 2752 3754 visus
2785 3711 2871 3756 est
2918 3704 3094 3757 multo
3139 3706 3348 3761 aridior
3400 3708 3635 3764 siccior-

2047 3797 2177 3852 que.
2226 3787 2543 3856 Aliquando
2573 3801 2768 3847 autem
2823 3794 2885 3849 in
2932 3802 3147 3851 tantum
3196 3800 3517 3869 exundavit,
3571 3814 3632 3861 ut

2047 3875 2289 3932 vicinam
2339 3882 2621 3950 regionem
2676 3886 3028 3952 universam,
3082 3891 3316 3961 viasque
3364 3903 3424 3949 et
3469 3911 3631 3965 agros

2048 3981 2242 4023 omnes
2295 3970 2503 4028 diluvio
2560 3975 2834 4044 obruerit,
2893 3995 3129 4052 eamque
3185 4002 3308 4055 qua:
3360 3988 3465 4043 sub
3512 3990 3630 4045 Noe

2045 4059 2173 4126 fuit,
2201 4070 2261 4118 se
2280 4080 2438 4135 aqua:
2458 4068 2882 4128 inundationem
2911 4075 3284 4134 adducturum
3309 4096 3433 4137 esse
3454 4086 3631 4139 mina-

2048 4163 2136 4209 tus
2166 4158 2258 4212 sit.
2292 4158 2524 4231 Semper
2549 4165 2811 4233 equidem
2843 4182 3064 4230 cruore.
3097 4173 3340 4230 caedibus
3397 4177 3633 4233 civium-

2047 4261 2154 4315 que
2188 4249 2607 4308 submersorum
2643 4256 3105 4316 suﬂ‘ocationibus
3146 4264 3383 4321 infectus
3419 4268 3523 4324 fuit
3574 4280 3629 4326 et

2047 4341 2459 4400 contaminatus
2495 4364 2509 4400 :
2540 4347 2722 4417 qualis
2751 4349 2843 4405 ille
2876 4351 3184 4411 Pharaonis
3217 4372 3315 4425 per
3344 4358 3532 4415 Mosen
3568 4361 3627 4416 in

2044 4437 2369 4505 sanguinem
2420 4433 2763 4511 conversus,
2805 4454 2861 4501 et
2910 4449 3236 4517 sanguinem
3295 4451 3625 4509 olens'fnit.

367 4516 767 4587 μετοχετιύσας
786 4518 868 4581 είς
896 4517 1030 4587 μίαν
1070 4519 1169 4570 τοῦ
1196 4518 1374 4573 Γαιὼν
1418 4521 1727 4576 ἀποπλῦναι
1756 4523 1819 4575 τὸ
1851 4523 1942 4577 λύ-

2051 4527 2176 4594 ριιεο
2233 4545 2366 4584 vero
2428 4532 2676 4590 ﬂuminis
2724 4539 2845 4608 ejus
2895 4516 3043 4608 quod
3099 4553 3365 4614 repurgat
3416 4548 3625 4615 omnia,

367 4611 542 4680 θρον;
593 4610 663 4661 Ἦ
722 4608 900 4662 πότεὸ
947 4609 1315 4679 τεθολωμένος
1370 4613 1477 4666 ὑπὸ
1529 4613 1639 4666 τῶν
1692 4616 1947 4686 πονηρῶν

366 4700 708 4769 πανταχόθεν
729 4700 1156 4771 ἀναθυμιάσεων
1184 4701 1293 4771 ἀὴρ
1342 4702 1645 4775 εἰλικρινὴς
1690 4707 1901 4773 γένοιτο
1928 4722 1945 4775 ;

368 4792 619 4847 Τοιοῦτοι
646 4794 756 4862 γὰρ
784 4793 894 4846 ἀπὸ
927 4793 1028 4858 τῆς
1072 4795 1175 4863 γῆς
1207 4795 1376 4865 ἀτμοὶ
1404 4798 1496 4850 καὶ
1532 4798 1647 4852 ἀπὸ
1671 4799 1948 4870 θαλάσσης

363 4885 578 4954 ἄνεμοι,
609 4876 873 4957 ποταμῶν
905 4902 966 4938 τε
1015 4882 1184 4955 αὖραι
1219 4889 1314 4940 καὶ
1361 4886 1600 4956 λιμένων
1638 4891 1946 4961 ἀνειλήσεις

365 4976 849 5042 ἀποπνέουσιν,ὡς
901 4979 1230 5049 σηπομένων
1284 4980 1341 5031 ὲν
1385 4981 1520 5034 πᾶσι
1557 4984 1670 5045 τοῖς
1720 4985 1947 5038 ὑποκει-

372 5072 556 5137 μένοις
589 5070 878 5141 στοιχείοις
906 5070 1137 5139 νεκρῶν,
1193 5071 1368 5142 ἰχῶρα
1398 5070 1538 5126 εῐναι
1569 5075 1668 5137 τὰς
1693 5075 1943 5144 δρόσους.

372 5158 503 5213 Εἶτα
554 5161 899 5228 θαυμάζουσι
931 5163 1025 5215 καὶ
1052 5163 1375 5234 διαποροῦσι
1407 5165 1570 5217 πόθεν
1600 5168 1653 5219 ol‘
1702 5173 1946 5237 συνεχεῖς

358 5248 548 5321 λοιμοί
583 5269 599 5285 ⁸
639 5254 805 5307 πόθεν
832 5255 890 5307 αἱ
912 5256 1149 5323 χαλεπαὶ
1171 5257 1317 5310 νόσοι
1348 5274 1362 5289 ’
1396 5259 1562 5311 πόθεν
1592 5260 1648 5311 αἱ
1681 5263 1945 5315 παντοδα-

369 5347 471 5397 παὶ
503 5345 703 5415 φθοραί
723 5362 738 5377 ⁸
767 5348 932 5402 πόθεν
959 5351 1246 5415 ὁποικίλος
1281 5357 1375 5405 καὶ
1401 5352 1569 5418 πολὺς
1605 5353 1711 5407 τῶν
1735 5355 1946 5425 ἀνθρὼ-

368 5450 485 5487 πων
521 5435 743 5507 ὅλεθρος
776 5455 790 5505 ;
819 5439 908 5492 διὰ
938 5440 992 5493 τί
1020 5443 1224 5510 μηκέτι
1241 5443 1466 5496 τοσοῦτο
1498 5445 1702 5514 πλῆθος
1729 5447 1947 5515 οίκητό-

372 5544 479 5596 ρων
512 5527 545 5597 ἠ
578 5529 812 5599 μεγίστη
846 5530 1002 5592 πόλις
1047 5534 1104 5585 ὲν
1134 5533 1272 5605 αὐτῇ
1329 5536 1509 5606 φέρει,
1568 5538 1677 5589 ἀπὸ
1735 5539 1947 5608 νηπίων

364 5619 649 5688 ἀρξαμένη
679 5621 887 5675 παίδων
912 5623 1201 5692 μὲχριτῶν
1232 5628 1310 5690 εἰς
1329 5627 1499 5696 ἄκρον
1513 5632 1910 5700 γεγηρακότων
1929 5647 1942 5662 ·

365 5708 523 5773 ὅσους
553 5710 938 5783 ὠμογέροντας
961 5714 1052 5777 οὓς
1081 5716 1267 5770 ἐκάλει
1289 5719 1557 5791 πρότερον
1580 5722 1761 5788 ὄντας,
1798 5724 1948 5791 ἔτρε-

367 5819 466 5870 φεν
496 5818 513 5870 ;
549 5803 736 5858 Ἀλλοι
772 5810 1308 5878 τεσσαρακοντοῦται
1370 5829 1465 5867 και
1522 5814 1686 5887 μέχρι
1739 5815 1846 5869 τῶν
1903 5810 1945 5870 ο⁹

2051 4621 2362 4691 reperietur
2409 4627 2683 4695 expiatrix
2728 4632 2919 4686 unda?
2966 4634 3257 4700 Quomodo
3302 4638 3470 4694 etiam
3524 4640 3630 4694 im-

2051 4727 2277 4767 mensus
2307 4724 2363 4768 et
2391 4715 2708 4774 hominibus
2733 4720 3168 4792 impermeabilis
3188 4727 3466 4793 Oceanus,
3496 4733 3631 4789 huic

2050 4802 2396 4871 superfusus,
2458 4824 2709 4864 amarum
2765 4812 2869 4867 hoc
2912 4814 3129 4872 deteret
3173 4830 3340 4890 atque
3385 4823 3632 4882 abolebit

2049 4894 2318 4965 pelagus?
2364 4901 2473 4953 Aut
2513 4904 2790 4970 quomodo
2830 4908 3027 4976 ingens
3065 4910 3157 4965 ille
3190 4911 3389 4970 ﬂuvius
3434 4919 3528 4986 qui
3562 4934 3631 4973 ex

2050 4989 2217 5044 Edem
2252 4992 2554 5062 egreditur,
2595 4994 2641 5048 si
2683 5006 2924 5065 quatuor
2954 5003 3152 5072 capita,
3200 5005 3256 5060 in
3282 5024 3404 5076 quae
3432 5010 3632 5066 dividi-

2049 5092 2163 5148 tur,
2199 5085 2251 5139 in
2289 5101 2457 5141 unum
2490 5097 2675 5157 caput,
2710 5105 2911 5161 nempe
2945 5095 3004 5148 in
3046 5096 3264 5153 alveum
3297 5100 3446 5156 Geon
3489 5103 3631 5159 deri-

2049 5185 2162 5241 vet,
2211 5188 2499 5234 cruentam
2549 5170 2736 5237 abluet
2771 5184 2983 5240 saniem
3011 5187 3351 5265 ?.Quomodo
3389 5194 3630 5265 denique

2049 5280 2178 5329 aer,
2235 5282 2264 5321 a
2331 5269 2573 5325 cladium
2641 5271 2848 5343 ubique
2905 5286 3182 5354 tantarum
3239 5280 3630 5351 impurissimis

2049 5358 2496 5417 exhalationilius
2521 5363 2757 5421 infectus
2776 5376 2943 5437 atque
2970 5369 3232 5437 pollutus.
3258 5378 3631 5444 purgabitur?

2050 5447 2213 5504 Tanti
2245 5466 2273 5503 a
2313 5461 2457 5506 terra
2484 5469 2735 5522 vapores,
2759 5473 2788 5511 a
2820 5460 2957 5513 mari
2987 5462 3157 5526 venti,
3186 5478 3214 5516 a
3244 5463 3425 5520 ﬂuviis
3453 5482 3626 5536 aurae,

2049 5556 2078 5594 a
2131 5543 2401 5610 portubus
2450 5550 2750 5605 crassiores
2801 5553 3019 5607 nebulae
3060 5555 3336 5622 feruntur,
3383 5567 3442 5611 ut
3474 5560 3629 5615 tabe—

2051 5634 2334 5690 scentibus
2382 5652 2447 5691 ac
2495 5639 2904 5708 dilﬂucntibus,
2957 5644 3011 5698 in
3054 5644 3319 5699 omnibus
3355 5647 3629 5715 subjectis

2048 5728 2362 5796 eleirentis,
2394 5733 2785 5801 cadaveribus,
2817 5753 3017 5793 cruore
3050 5746 3214 5794 roret.
3253 5736 3317 5792 Et
3348 5741 3630 5797 admiran-

2052 5830 2129 5873 tui
2172 5820 2353 5879 adhuc
2394 5833 2451 5881 et
2486 5826 2762 5897 dubitant,
2796 5830 2941 5887 unde
2970 5833 3247 5888 continua:
3296 5834 3629 5904 proveniant
