4052 6432
451 371 588 435 1167
1684 371 2051 434 ΝΙΓΕΡΗΟΙ

2152 376 2499 440 CALLISTI
3579 395 3714 462 ηδε

448 480 799 553 pestilentiae,
831 481 976 537 unde
1003 497 1196 553 graves
1228 482 1430 547 moibi,
1475 485 1620 538 unde
1654 486 1835 540 omnis
1862 499 2029 556 gene-

2133 490 2272 544 ἐτῶν
2298 508 2310 522 ο
2338 493 2595 549 τοσοῦτον
2637 496 2884 561 πλείονες
2912 498 3058 562 τότε,
3096 501 3238 557 ὥστε
3269 506 3343 576 μὴ
3367 510 3712 582 συμπληροῦ-

448 578 525 631 ris
570 577 937 642 calamitates,
980 574 1128 630 unde
1173 583 1252 630 tot
1300 583 1358 630 et
1406 582 1516 630 tam
1550 576 1687 631 varii
1733 578 2023 633 hominum

2133 581 2259 636 σθαι
2284 584 2381 637 νῦν
2424 587 2518 639 τὸν
2566 588 2802 658 ἀριθμὸν
2836 591 3017 645 αὐτῶν
3052 574 3708 667 προσεγγραφέντωνκαὶ

446 667 753 723 interitus?
784 667 925 733 Quid
981 666 1053 721 ita
1098 676 1211 721 tam
1260 667 1443 734 ampla
1486 667 1708 732 civitas,
1757 685 1867 723 non
1917 679 2026 724 tam

2132 677 2656 745 συγκαταλεγέντων
2703 682 2782 744 είς
2825 683 2887 734 τὸ
2920 683 3178 754 δημόσιον
3232 666 3542 760 σιτηρέσιον
3600 696 3709 748 τῶν

444 764 767 833 frequentes
790 766 898 834 jam
931 763 1131 818 habeat
1167 764 1395 829 incolas,
1429 764 1475 819 si
1504 779 1601 820 eos
1624 765 1694 819 ab
1722 766 2030 823 infantibus

2132 765 2237 818 ἀπὸ
2267 770 2770 839 τεσσαρεσκαίδεκα
2809 773 2946 825 ἐτῶν
2995 776 3158 847 μέχρι
3184 778 3290 832 τῶν
3319 780 3648 852 ὀγδοήκοντα
3688 801 3703 815 ⁸

446 859 583 925 ipsis
613 872 788 927 usque
818 856 888 913 ad
929 872 1091 911 senes
1118 856 1434 929 decrepitos
1470 873 1761 914 recenseas
1789 876 1984 916 omnes
2012 881 2025 916 :

2133 859 2227 909 καὶ
2273 858 2565 925 γεγόνασιν
2610 859 2725 914 οἷον
2772 863 3058 933 ἡλικιῶται
3087 869 3198 921 τῶν
3226 872 3394 925 πάλαι
3448 878 3708 945 γεραιτά-

442 966 605 1017 quam
639 958 799 1003 antea
836 964 1028 1002 eorum
1062 958 1294 1014 tantum,
1329 966 1469 1020 quos
1497 951 1683 1006 crudae
1713 954 2023 1009 senectutis

2130 966 2238 1001 των
2265 952 2315 1002 οἱ
2351 951 2468 1021 ὅψει
2502 954 2784 1011 νεώτατοι.
2831 959 2941 1011 Καὶ
2974 961 3115 1014 οὕτω
3141 966 3466 1034 μειούμενον
3498 971 3587 1023 ἀεὶ
3613 972 3710 1023 καὶ

442 1044 698 1107 vocabat,
749 1042 930 1096 fovit?
974 1043 1223 1097 Aliorum
1273 1059 1441 1110 porro
1491 1061 1521 1099 a
1565 1044 2024 1114 quadragenariis

2130 1040 2522 1112 δαπανώμενον
2551 1048 2790 1117 ὁρῶντες
2840 1050 2900 1103 τὸ
2932 1053 3026 1104 ἐπὶ
3048 1052 3148 1123 γῆς
3193 1054 3494 1126 ἀνθρώπων
3521 1063 3700 1129 γένος,

341 1160 349 1169 -
442 1149 617 1201 usque
647 1132 713 1186 ad
743 1132 1203 1202 septuagenarios
1239 1142 1385 1186 tanta
1422 1132 1659 1188 antehac
1693 1132 1798 1188 fuit
1830 1131 1939 1185 [nul

2130 1132 2193 1186 οὐ
2223 1134 2521 1206 τρέμουσιν
2544 1140 2863 1221 αὐξομένου
2898 1145 2985 1197 καὶ
3025 1148 3426 1214 προκόπτοντος
3451 1151 3542 1203 τοῦ
3564 1169 3704 1204 παν-

441 1226 595 1290 tudo,
631 1233 691 1279 ut
734 1224 953 1278 illorum
1009 1241 1301 1279 numerum
1349 1241 1498 1280 nunc
1545 1239 1655 1278 non
1705 1225 2020 1294 suppleam,

1372 1241 1498 1280 tunc
1545 1239 1655 1278 non
1705 1225 2020 1294 suppleam,
2129 1227 2317 1288 τελοῦς
2372 1230 2554 1285 αὐτῶν
2597 1234 2972 1305 ἀφανισμοῦ.»

438 1334 564 1372 eum
590 1321 1096 1375 eis-accenseantur
1122 1327 1178 1373 et
1204 1318 1602 1404 attribuantur,
1671 1317 1737 1371 ad
1803 1319 2084 1388 publicam
2130 1323 2545 1391 percipiendam
2592 1345 2894 1397 annonam,
2935 1348 3031 1401 qut
3068 1336 3484 1404 quatuordecim
3532 1356 3709 1397 anno-

436 1434 560 1471 rum
602 1426 752 1485 sunt,
792 1433 966 1486 usque
1010 1417 1076 1472 ad
1122 1401 1531 1487 octogenarios.
1610 1415 1774 1489 41],
1853 1415 1944 1473 Sic
1995 1419 2087 1488 qtti
2129 1420 2284 1474 vultu
2340 1432 2467 1476 sunt
2522 1427 2756 1480 maxime
2799 1428 3057 1498 juvenili,
3085 1401 3301 1487 veorum
3352 1451 3497 1491 nunc
3551 1440 3709 1507 quasi

437 1515 678 1585 aequales
719 1524 850 1570 sunt
887 1514 1041 1587 iacti,
1071 1514 1164 1584 qui
1206 1514 1340 1569 olim
1370 1524 1531 1570 erant
1596 1528 1756 1568 senes
1795 1513 2170 1569 maxime.~Et
2241 1534 2363 1571 eum
2400 1520 2454 1572 in
2493 1523 2656 1577 tetris
2696 1540 2916 1596 semper
2958 1528 3196 1587 diminui
3240 1542 3404 1603 atque
3454 1535 3706 1588 consumi

438 1627 614 1684 genus
645 1612 934 1668 hominum
967 1612 1335 1683 conspiciant,
1407 1611 1788 1666 internecione
1852 1611 2104 1667 omnium
2144 1613 2324 1671 indies
2382 1618 2649 1687 gliscente
2699 1631 2867 1692 atque
2918 1636 3201 1696 grassante
3250 1643 3361 1683 non
3410 1630 3710 1685 contremi-

440 1721 626 1767 scunt.
656 1730 685 1762 -ι
1372 1710 1385 1724 ⁸

1030 1832 1257 1891 CAPUT
1292 1832 1439 1889 xx.
2057 1843 2101 1899 Β

2057 1843 2101 1899 Β
2721 1840 2969 1897 ΚΕΦΑΛ.
2994 1843 3104 1897 'K'.

436 1928 514 1981 De
579 1929 876 1999 pestilentia
950 1929 1239 1983 ειευίεείηια
1266 1968 1279 1991 ,
1349 1942 1468 1997 quin
1540 1925 1885 1983 Alexandria:
1947 1938 2022 1982 est

470 2030 475 2041 .
1093 2007 1358 2071 grassata.

2130 1928 2270 1996 Περὶ
2302 1927 2408 1980 τοῦ
2436 1928 2871 1997 ἐνσκήψαντος
2903 1931 2986 2013 ,ἐν
3016 1932 3177 2000 αὐτῇ
3232 1934 3555 2003 ἀπλήστου
3582 1939 3709 1989 λοι-

2808 2019 2953 2069 μου.

505 2115 637 2170 Post
679 2115 1011 2170 seditionem
1045 2124 1232 2170 autem
1278 2116 1591 2185 pestilentia
1638 2117 1937 2173 admodum
1971 2119 2021 2171 in

2199 2114 2354 2167 Μετὰ
2407 2114 2465 2169 δὲ
2505 2114 2605 2185 τὴν
2660 2116 2850 2169 στάσιν
2906 2116 3150 2187 λιμώδης
3196 2119 3352 2182 νόσος
3404 2119 3503 2190 τὴν
3555 2119 3709 2173 πόλιν

442 2210 578 2263 urbe
617 2208 815 2264 saeviit.
870 2207 1099 2263 Etcum
1159 2207 1434 2277 paschalis
1488 2209 1607 2264 dies
1658 2223 1759 2279 pro
1808 2208 2026 2264 foribus

2127 2202 2407 2257 ἐϐόσκετο.
2445 2206 2554 2257 Kal
2608 2205 2709 2276 τῆς
2739 2207 2937 2275 ἑορτῆς
2994 2210 3090 2262 ἐπὶ
3143 2208 3335 2275 θύραις
3367 2208 3554 2279 οὔσης,
3597 2211 3709 2271 τοῖς

435 2315 599 2366 esset,
633 2303 702 2357 ad
750 2302 951 2357 fratres
986 2301 1392 2370 scriptoverha
1436 2300 1647 2356 faciens
1673 2343 1687 2360 ,
1719 2302 2023 2371 contagiosi

2129 2297 2379 2365 ἀδελφοῖς
2433 2296 2663 2366 ὁμιλῶν.
2725 2300 2795 2352 τὰ
2829 2300 2928 2369 τῆς
2969 2301 3129 2353 νόσου
3184 2302 3334 2370 πάθη
3380 2303 3465 2354 διὰ
3500 2302 3708 2356 τούτων

434 2395 611 2450 morbi
638 2409 912 2449 aerumnas
945 2394 1260 2464 hujusmodi
1295 2393 1516 2448 ornavit
1545 2392 1733 2447 verbis
1771 2409 1786 2446 :
1828 2411 1847 2443 ι
1884 2392 2026 2447 Aliis

2129 2390 2542 2456 ὑπεσημαίνετο
2573 2406 2588 2422 ο
2630 2408 2651 2442 ι
2683 2391 2809 2454 Τοῖς
2869 2391 2969 2461 μὲν
3026 2393 3206 2455 ἄλλοις
3256 2393 3567 2461 ἀνθρώποις
3609 2394 3710 2446 οὐκ

432 2485 693 2555 equidem
731 2485 1075 2547 hominibus,
1110 2493 1171 2538 ut
1218 2500 1368 2538 nunc
1414 2499 1473 2538 se
1509 2498 1602 2539 res
1644 2484 1873 2548 habent,
1911 2499 2024 2545 non

2130 2484 2197 2536 ἂν
2229 2483 2404 2550 δόξειε
2460 2483 2654 2553 καιρὸς
2698 2484 2895 2553 ἑορτῆς
2943 2481 3082 2537 εἶναι
3134 2486 3203 2537 τὰ
3258 2488 3524 2556 παρόντα.
3587 2487 3712 2540 Οὐδ’

432 2580 689 2635 videatur
730 2594 855 2634 esse
885 2577 1009 2633 festi
1040 2576 1150 2632 diei
1198 2577 1519 2631 celebrandi
1554 2587 1792 2645 tempus.
1833 2576 2025 2647 Neque

2170 2592 2278 2630 στιν
2311 2576 2499 2638 αὐτοῖς
2528 2575 2652 2629 οὔτε
2676 2570 2854 2639 οὗτος,
2888 2575 3009 2630 οὔτε
3043 2593 3128 2640 τις
3170 2577 3378 2647 ἔτερος.
3414 2580 3511 2649 οὐχ
3562 2581 3711 2643 ὅπως
3760 2578 3770 2587 ’

435 2671 574 2726 adeo
608 2671 719 2726 illis
757 2679 841 2727 est
875 2671 963 2725 vel
991 2668 1121 2734 tale,
1152 2668 1238 2724 vel
1269 2668 1419 2723 aliud
1444 2668 1765 2738 quodpiam,
1796 2682 1906 2722 non
1938 2667 2026 2721 lu—

2127 2667 2238 2721 τῶν
2277 2667 2597 2731 ἐπιλοίπων,
2622 2655 2750 2722 ⁴ἀλλ’
2791 2668 2902 2722 οὐδ’
2930 2667 2983 2722 εἴ
3017 2687 3106 2731 τις
3135 2672 3438 2742 περιχαρὴς
3472 2671 3569 2735 ὢν,
3596 2673 3710 2741 οίηο

435 2775 690 2818 ctuosum
718 2752 868 2825 dico,
903 2760 1000 2816 sed
1022 2760 1172 2830 quod
1206 2769 1262 2815 et
1300 2760 1373 2815 sit
1409 2758 1760 2814 et'videatur
1789 2759 2026 2813 maxime

2129 2762 2251 2831 θείη
2281 2762 2540 2831 μάλιστα.
2589 2762 2708 2816 Νῦν
2743 2763 2848 2833 μέν
2876 2780 2941 2831 γε
2975 2763 3165 2833 Θρῆνοι
3198 2767 3375 2818 πάντα
3401 2782 3417 2798 ο
3455 2766 3548 2817 καὶ
3577 2781 3706 2816 πεν-

435 2855 645 2909 laetum.
674 2852 832 2908 Nunc
861 2868 995 2909 sane
1020 2853 1209 2922 lugent
1232 2852 1439 2915 omnia,
1467 2860 1704 2907 moerent
1729 2865 1941 2913 omnes,
1970 2858 2029 2906 et

2129 2854 2285 2907 Θοῦσι
2317 2855 2519 2917 πάντες
2542 2870 2558 2887 ο
2599 2856 2695 2909 καὶ
2725 2856 3086 2925 περιηχοῦσιν
3116 2859 3357 2927 οἰμωγαὶ
3407 2857 3505 2925 τὴν
3558 2856 3709 2910 πόλιν

438 2952 704 2998 resonant
729 2957 829 3013 per
854 2944 1046 2995 urbem
1086 2940 1346 3011 eiulatus,
1376 2950 1605 3011 propter
1630 2947 1839 2995 tantam
1875 2953 2025 2992 mor-

2127 2946 2218 3000 διὰ
2242 2946 2304 2998 τὸ
2325 2946 2533 3016 πλῆθος
2558 2946 2669 2999 τῶν
2692 2947 3041 3017 τεθνηκότων
3072 2951 3165 3002 καὶ
3203 2950 3309 3002 τῶν
3338 2949 3705 3019 ἀποθνησκόνο

440 3048 662 3092 tuorum
687 3042 742 3089 et
764 3031 1015 3115 quotidie
1042 3031 1398 3088 morientium
1425 3030 1861 3086 multitudinem.
1897 3030 2028 3085 Sic-

2128 3056 2238 3093 των
2271 3039 2569 3108 ὁσημέραι.
2625 3039 2716 3102 Ὠς
2742 3039 2853 3111 γὰρ
2904 3040 2996 3093 ἐπὶ
3039 3041 3148 3094 τῶν
3199 3043 3554 3113 πρωτοτόκων
3600 3042 3710 3094 τῶν

437 3127 519 3182 uti
550 3127 719 3183 enim
764 3126 833 3182 de
887 3125 1269 3196 primogenitis
1317 3124 1701 3194 Egyptiorum
1755 3123 2026 3193 scriptum

2130 3131 2452 3199 Αἰγυπτίων
2480 3131 2818 3201 γέγραπται,
2853 3131 2995 3185 οὕτω
3026 3135 3123 3185 καὶ
3148 3133 3245 3184 νῦν
3275 3133 3508 3203 ἐγενήθη
3542 3151 3712 3205 κραυ-

437 3230 543 3284 est,
581 3221 662 3277 sic
694 3235 843 3275 nunc
880 3220 1109 3289 quoque
1136 3219 1328 3288 ingens
1348 3226 1433 3273 est
1462 3217 1692 3272 clamor.
1729 3216 1851 3271 Non
1875 3216 2025 3270 enim

2134 3194 2603 3291 γὴῄμεγάληίοδπ
2624 3225 2733 3295 γάρ
2789 3226 2940 3278 ἐστιν
2968 3226 3136 3292 οίκία,
3170 3229 3229 3280 ἐν
3316 3194 3435 3280 οὐκ.
3466 3194 3612 3280 ἔστιν
3654 3229 3714 3278 ἐν

438 3323 525 3369 est
562 3312 783 3377 domus,
810 3312 865 3366 in
902 3326 1009 3379 qua
1035 3326 1146 3366 non
1194 3311 1503 3380 reperiatur
1536 3318 1810 3364 mortuus.
1848 3310 2029 3379 Atque

2138 3316 2278 3384 αὐτῇ
2312 3315 2593 3385 τεθνηκώς
2620 3333 2635 3348 ο
2669 3318 2765 3369 καὶ
2785 3316 2981 3385 ὄφελόν
3013 3334 3078 3386 γε
3099 3333 3114 3349 ο
3148 3320 3229 3380 είς
3252 3318 3425 3371 πολλὰ
3466 3318 3563 3387 μὲν
3607 3318 3713 3389 γὰρ

438 3409 652 3461 utinam
689 3420 800 3459 non
829 3404 1204 3472 reperiretur;
1229 3418 1354 3456 nam
1398 3413 1456 3457 et
1480 3403 1561 3457 eis
1590 3417 1714 3472 quae
1739 3401 1858 3457 haec
1892 3417 2029 3471 prae-

2133 3411 2229 3462 καὶ
2251 3409 2305 3460 δε
2318 3411 2423 3470 ινὰ,
2443 3410 2541 3461 καὶ
2561 3409 2631 3461 τὰ
2661 3410 2767 3478 πρὸ
2795 3409 3006 3462 τούτων
3049 3410 3440 3481 συμϐεϐηκότα
3495 3410 3714 3480 πρῶτον

437 3504 726 3551 cesserunt
761 3492 1126 3563 temporibus,
1148 3493 1453 3563 permultas
1475 3502 1531 3546 et
1553 3508 1751 3563 graves
1777 3491 2028 3562 perpessi

2134 3502 2283 3570 ἡμᾶς
2315 3500 2523 3571 ἤλασαν
2546 3516 2560 3531 ’
2616 3502 2713 3554 καὶ
2743 3501 2895 3569 μόνοι
2946 3502 3081 3570 πρὸς
3118 3502 3334 3555 πάντων
3392 3501 3713 3573 διωκόμενοι

438 3603 629 3644 sumus
665 3587 1026 3642 calamitates.
1069 3586 1292 3641 Etcum
1336 3586 1441 3641 soli
1494 3601 1594 3640 nos
1644 3586 1717 3641 ab
1767 3584 2030 3669 omnibus

2138 3593 2234 3645 καὶ
2269 3592 2688 3656 Θανατούμενοι,
2723 3593 3085 3661 ἑωρτάσαμεν
3114 3593 3213 3646 καὶ
3262 3592 3406 3646 τότε.
3443 3593 3551 3646 Καὶ
3601 3591 3711 3653 πᾶς

438 3681 808 3750 aﬂligcremur
834 3689 892 3734 et
921 3693 1267 3743 uecaremur,
1308 3677 1669 3733 nihilominus
1700 3686 1881 3739 tamen
1912 3685 2029 3729 tum

2136 3687 2164 3737 ὁ
2216 3682 2314 3752 τῆς
2369 3682 2491 3735 καθ’
2548 3684 2782 3735 ἑκάστου
2831 3681 3062 3749 Θλίψεως
3107 3684 3273 3746 τόπος
3340 3683 3715 3753 πανηγυρικὸν

438 3789 660 3846 quoque
716 3773 887 3828 festos
935 3771 1148 3842 egimus
1191 3771 1350 3825 dies:
1388 3778 1445 3827 et
1499 3769 1679 3823 omnis
1733 3766 2033 3838 cujuslibet

2137 3776 2269 3845 ἡμῖν
2303 3774 2495 3842 γέγονε
2539 3774 2734 3843 χωρίον
2766 3785 2783 3800 ·
2822 3773 3011 3844 ἀγρὸς,
3063 3774 3292 3845 ἐρημία,
3330 3774 3483 3837 ναῦς,
3523 3773 3721 3827 πανδο-

439 3869 617 3923 cladis
669 3867 884 3933 locus,
950 3874 1257 3920 conventus
1326 3858 1522 3935 agendi
1576 3862 1734 3916 nobis
1789 3860 2031 3932 praebuit

2137 3872 2304 3938 χεϊον,
2346 3867 2748 3937 δεσμωτήριον.
2798 3866 3167 3937 Φαιδροτάτην
3199 3869 3255 3921 δέ
3292 3869 3481 3923 πασῶν
3506 3870 3721 3940 ἤγαγον

438 3958 928 4016 commoditatem:
967 3972 1116 4028 ager,
1156 3955 1426 4019 solitudo,
1480 3954 1786 4024 navigium,
1839 3952 2031 4023 publi-

2142 3963 2339 4031 ἑορτὴν
2366 3963 2415 4014 οί
2451 3962 2648 4013 τέλειοι
2680 3961 2957 4032 μάρτυρες
2992 3963 3366 4033 εὐωχηθέντες
3401 3964 3458 4015 ἐν
3487 3960 3718 4032 οὐρανῷ.

440 4066 566 4107 cum
619 4049 1010 4115 diversorium,
1046 4064 1258 4104 carcer.
1291 4046 1550 4102 Omntum
1596 4056 1780 4102 autem
1809 4044 2033 4099 latissi-

2140 4056 2295 4111 Μετὰ
2321 4054 2379 4108 δὲ
2412 4054 2587 4108 ταῦτα
2627 4055 2873 4124 πόλεμος
2921 4055 3017 4110 καὶ
3077 4056 3265 4126 λοιμὸς
3316 4056 3581 4111 ἐπέλαϐεν
3610 4071 3628 4088 ⁸
3683 4055 3721 4109 ἃ

439 4160 594 4200 mum
630 4143 842 4199 Pascha
873 4150 1108 4213 egerunt
1165 4140 1417 4210 perfecti,
1461 4141 1553 4210 qui
1586 4140 1644 4194 in
1674 4139 1815 4194 ctelo
1837 4137 2031 4193 convi-

2139 4147 2253 4208 τοῖς
2281 4144 2464 4198 ἔθνεσι
2496 4144 2991 4217 συνδιηνέγκαμεν,
3043 4148 3199 4216 μόνοι
3240 4148 3339 4215 μέν
3391 4147 3722 4208 ὑποστάντες

439 4246 661 4301 vantur,
693 4242 990 4309 martyres.
1036 4235 1170 4290 Post
1201 4249 1297 4289 eas
1320 4232 1505 4288 clades
1534 4232 1739 4286 bellum
1774 4241 1831 4286 et
1860 4229 2031 4300 pesti-

2139 4240 2240 4293 ὅσα
2299 4239 2430 4307 ἡμῖν
2458 4237 2821 4308 ἐλυμήναντο,
2879 4239 3413 4309 παραπολαύσαντες
3443 4239 3499 4292 δὲ
3526 4239 3619 4292 καὶ
3646 4231 3723 4291 ὧν

444 4330 613 4385 lentia
668 4329 854 4395 irruit,
886 4342 1010 4399 qua:
1060 4342 1168 4380 una
1213 4340 1339 4380 cum
1387 4324 1648 4396 gentibus
1697 4324 2033 4395 pertulimus

2154 4330 2408 4398 ἱλλήλους
2473 4331 2804 4400 είργάσαντό
2858 4347 2918 4385 τε
2970 4332 3065 4384 καὶ
3120 4332 3443 4386 πεπόνθασι.
3493 4334 3599 4386 Kal
3654 4320 3754 4402 τῇζ

445 4423 611 4477 mala.
637 4422 707 4476 Et
754 4420 854 4475 soli
903 4434 1003 4474 nos
1048 4418 1297 4488 quidem,
1330 4434 1455 4488 qua:
1516 4417 1678 4473 nobis
1726 4428 1854 4471 sunt
1884 4418 2035 4471 illata

2141 4422 2384 4490 Χριστοῦ
2420 4422 2588 4476 πάλιν
2647 4422 3112 4494 ἐνηυφράνθημεν
3173 4425 3388 4493 εἰρήνῃ,
3421 4422 3489 4493 ἣν
3543 4422 3724 4494 μόνοις

443 4515 775 4571 detrimenta
828 4511 1195 4587 sustinuimus
1233 4528 1247 4576 ;
1304 4526 1411 4564 una
1474 4526 1603 4565 cum
1664 4510 1771 4563 illis
1828 4518 2034 4574 autem,

443 4624 567 4655 mm
592 4607 829 4655 invicem
866 4604 969 4655 insi
998 4604 1144 4655 inter
1166 4618 1226 4655 se
1247 4603 1336 4655 vel
1366 4602 1646 4655 fecerunt.
1666 4602 1753 4655 vel
1783 4602 2035 4655 nernessi

2204 4517 2279 4567 ιίν
2308 4514 2499 4567 ἔδωκε.
2539 4515 2907 4584 Βραχυτάτης
2970 4514 3029 4567 δέ
3075 4515 3236 4584 ἡμῶν
3298 4531 3357 4568 τε
3413 4515 3508 4566 καὶ
3546 4513 3724 4566 αὐτῶν
3775 4508 3804 4655 \

2209 4604 2416 4655 γόντων
2442 4606 2747 4655 ἀναπνοῆς.
2809 4604 3255 4655 ἐπικατέηηώεν
3292 4607 3323 4655 ἠ
3357 4604 3511 4655 νόσος
3554 4603 3724 4655 αὕτη.

442 4624 567 4679 quae
592 4607 829 4662 invicem
866 4604 969 4674 ipsi
998 4604 1144 4658 inter
1166 4618 1226 4657 se
1247 4603 1336 4658 vel
1366 4602 1646 4668 fecerunt,
1666 4602 1753 4656 vel
1783 4602 2035 4673 perpessi

2141 4604 2416 4674 τυχόντων
2442 4606 2748 4674 ἀναπνοῆς,
2809 4604 3255 4673 ἐπικατέσκηψεν
3292 4607 3324 4674 η
3357 4604 3511 4669 νόσος
3554 4603 3723 4673 αὕτη,

443 4707 597 4765 sunt,
649 4713 747 4769 per
776 4695 1075 4750 tumultum
1122 4694 1370 4759 scilicet,
1415 4694 1771 4749 toleravimus
1815 4693 2041 4762 dispen-

2174 4698 2380 4767 πρᾶγμα
2420 4697 2590 4765 φόϐου
2646 4713 2706 4749 τε
2761 4698 2965 4759 παντὸς
3020 4695 3400 4768 φοϐερώτερον
3458 4697 3726 4758 ἐκείνοις,
3762 4708 3774 4713 “

447 4793 578 4848 dia:
621 4790 717 4845 sed
757 4788 965 4843 Christi
1007 4803 1231 4842 rursum
1292 4788 1590 4842 exhilarati
1644 4801 1838 4841 sumus
1878 4800 2034 4855 pace,

2141 4792 2239 4845 καὶ
2267 4790 2556 4860 συμφορᾶς
2582 4783 2649 4860 ἧς
2694 4806 2841 4853 τινος
2895 4785 2991 4842 οὖν
3029 4789 3425 4860 σχετλιώτερον
3456 4806 3472 4821 ·
3515 4789 3611 4843 καὶ
3650 4789 3726 4853 ὡς

446 4898 612 4955 quam
667 4883 803 4937 solis
863 4881 1022 4935 nobis
1050 4881 1350 4935 concessit.
1400 4880 1537 4935 cum
1574 4894 1704 4934 vero
1751 4879 2038 4949 paululum

2143 4881 2277 4945 ἴδιός
2332 4899 2420 4945 τις
2465 4881 2646 4936 αὐτῶν
2703 4880 3011 4952 ἀπήγγειλε
3060 4883 3434 4952 συγγραφεὺς,
3490 4883 3725 4952 πρᾶγμα

446 4976 746 5032 admodum
778 4988 834 5028 et
870 4973 1032 5028 nobis
1054 4981 1108 5027 et
1142 4973 1274 5043 ipsis
1295 4973 1483 5029 datum
1516 4982 1682 5037 esset,
1716 4979 1776 5025 ut
1803 4971 2041 5040 respira-

2146 4974 2309 5045 μόνον
2338 4973 2402 5044 δὴ
2442 4974 2541 5042 τῆς
2572 4973 2790 5027 πάντων
2820 4973 3038 5037 ἐλπίδος
3085 4978 3335 5045 κρεῖττον
3382 4975 3676 5043 γενόμενον
3698 4978 3724 5004 '-

447 5080 658 5129 remus,
690 5064 1010 5130 contagiosa
1068 5064 1185 5117 haec
1222 5064 1343 5118 lues
1391 5063 1587 5117 urbem
1623 5061 1886 5117 invasit.:
1950 5077 2042 5118 res

2141 5067 2277 5135 ἡμῖν
2305 5065 2361 5118 δὲ
2389 5066 2451 5119 οὐ
2477 5065 2724 5119 τοιοῦτον
2765 5067 2885 5136 μὲν,
2919 5066 3221 5137 γυμνάσιον
3248 5068 3307 5120 δὲ
3340 5067 3434 5121 καὶ
3458 5067 3723 5137 δοκίμιον,

448 5166 599 5212 metu
626 5155 774 5210 omni
799 5155 908 5210 illis
943 5155 1289 5219 horribilior,
1334 5162 1389 5209 et
1429 5170 1679 5209 aerumna
1710 5156 1906 5225 quavis
1941 5171 2039 5211 ca-

2142 5158 2359 5222 οὑδενὸς
2415 5158 2525 5213 τῶν
2576 5158 2753 5212 ἄλλων
2815 5158 3076 5211 ἔλαττον·
3137 5159 3407 5231 ἀπέσχετο
3470 5159 3568 5229 μέν
3618 5158 3729 5225 γὰρ

446 5249 797 5305 lamitosior:
834 5257 910 5314 et,
940 5258 1000 5303 ut
1028 5248 1252 5316 quidam
1285 5262 1477 5302 eorum
1529 5247 1668 5301 dixit
1713 5248 2039 5313 historicus,

2144 5251 2266 5306 οὐδέ
2296 5252 2452 5321 ἡμῶν
2469 5271 2482 5284 ·
2513 5254 2683 5324 πολλὴ
2709 5253 2765 5305 δέ
2794 5252 3020 5323 ἐξῆλθεν
3045 5252 3126 5315 είς
3141 5253 3212 5306 τὰ
3238 5251 3387 5320 ἔθνη.
3424 5246 3587 5304 Ἐἶτα
3601 5247 3725 5315 ἑξῆς

448 5343 635 5399 clades
691 5358 796 5397 una
832 5341 1195 5411 opinione'et
1237 5355 1334 5411 spe
1389 5340 1638 5395 omnium
1692 5340 1870 5411 major
1912 5340 1989 5410 (l)
2026 5354 2040 5392 :

2146 5345 2401 5414 ἐπιφέρει
2430 5344 2725 5398 καὶταῦτα
2756 5362 2769 5377 ·
2802 5363 2824 5397 ι
2850 5346 2913 5397 Οί
2943 5343 3076 5411 γοῦν
3092 5345 3337 5397 πλεῖστοι
3353 5342 3460 5395 τῶν
3487 5338 3727 5407 ἀδελφῶν

449 5432 612 5488 nobis
643 5448 776 5487 vero
802 5432 1236 5502 haudquaquam
1289 5430 1413 5486 talis
1455 5431 1556 5501 (2),
1580 5431 1677 5486 sed
1712 5447 1822 5486 non
1861 5432 2045 5486 minus

2144 5437 2326 5507 ἡμῶν,
2354 5438 2421 5490 δι’
2454 5436 2905 5507 ὑπερϐάλλουσαν
2946 5438 3173 5507 ἀγάπην
3224 5438 3318 5489 καὶ
3350 5432 3725 5504 φιλαδελφίαν,

627 5613 883 5688 Πρᾶγμ-αι
905 5611 1066 5688 μόνον
1086 5610 1156 5688 δὴ
1177 5609 1277 5682 τῆς
1303 5610 1520 5665 πάντων
1543 5610 1762 5674 ἐλπίδος
1790 5614 2043 5682 κρεῖττον

2148 5617 2376 5671 humani
2425 5616 2646 5686 generis
2711 5615 3013 5688 examinat,
3068 5631 3137 5688 an
3192 5612 3431 5688 infirmis
3488 5606 3730 5688 serviant

453 5681 1141 5756 vevépevql.('l‘ltucyd.)_
1390 5753 1399 5756 _
1449 5751 1463 5756 _
1588 5751 1682 5756 μη
1757 5715 1765 5722 ’
1836 5681 1883 5756 ν,
1978 5754 2009 5756 _,

2148 5687 2295 5751 sani,
2328 5704 2396 5740 an
2426 5681 2723 5756 propinqui
2750 5695 3013 5756 cognatos
3052 5684 3141 5755 pie
3172 5685 3423 5756 diligant,
3450 5698 3519 5736 an
3551 5681 3728 5756 _mise~

529 5752 607 5823 (2)
639 5771 658 5803 ι
704 5753 877 5825 Pestis
905 5750 1009 5806 ista
1030 5763 1099 5825 et
1127 5751 1270 5825 lues,
1307 5753 1403 5825 qui
1449 5751 1738 5825 horribilis
1770 5760 1825 5809 et
1859 5752 2045 5809 feralis
2150 5750 2376 5811 reantur
2404 5750 2692 5812 servorum
2740 5750 3120 5825 lau'guentiu'm
3171 5750 3403 5817 domini,
3433 5768 3500 5806 an
3526 5750 3730 5825 depre-

452 5819 693 5888 yidetur,
733 5821 986 5891 explorat
1023 5822 1266 5894 justitias
1315 5819 1686 5893 singulorum,
1726 5835 1783 5881 et
1828 5834 2045 5879 mentes
2151 5837 2342 5885 cantes
2387 5841 2563 5898 aegros
2606 5841 2721 5882 non
2775 5819 3038 5882 deserant
3086 5824 3290 5882 medici
3340 5841 3355 5879 :
3400 5837 3470 5878 an
3517 5819 3733 5877 feroces

3624 6256 3655 6267 ι-
3674 6254 3689 6261 ι
3724 6266 3729 6267 ,
3764 6250 3799 6263 ντί
3850 6250 3865 6267 ς.
4038 6250 4039 6273 t

3624 6264 3725 6293 :hfﬁ"
3836 6282 3837 6285 η
3912 6286 3919 6291 -

3494 6302 3505 6313 αι
3614 6298 3643 6311 ηδν
3684 6306 3685 6309 η
3938 6306 3943 6307 γ

3552 6334 3583 6347 ν-πΑ
3604 6334 3631 6347 ὀ

3516 6370 3525 6375 —
3544 6350 3631 6389 κτα.

3502 6402 3505 6405 ι
3542 6380 3643 6409 ’ἱππ-δίει

3478 6414 3530 6426 4—.
3582 6412 3662 6424 Ἠ
