4052 6442
367 466 508 533 1169

1298 473 1908 536 ECCLESIASTICE
1943 476 2341 537 HISTORIIE
2382 476 2535 539 LIB.
2583 474 2679 535 VI.

3488 470 3630 536 1170

374 579 721 652 ἀφειδοῦντες
744 584 950 638 ἑαυτῶν
991 584 1084 639 καὶ
1125 585 1371 656 ἀλλήλων
1402 591 1674 660 ἐχόμενοι,
1730 595 1951 645 ἐπισκο-

2065 600 2220 662 atque
2260 591 2388 656 alia,
2423 589 2750 645 exercitium
2798 598 2961 656 atque
3013 587 3345 658 exploratio.
3392 587 3511 640 Non
3547 587 3639 640 illa

368 671 601 733 ποῦντες
632 672 966 741 ἀφυλάκτως
999 676 1128 737 τοὺς
1167 676 1479 743 νοσοῦντας,
1513 680 1763 752 λιπαρῶς
1810 683 1950 751 ὑπη-

370 763 711 835 ρετούμενοι,
741 766 1143 837 θεραπεύοντες
1174 769 1231 821 ἐν
1287 770 1529 839 Χριστῷ,
1573 774 1949 842 συναπηλλάτ-

365 875 526 912 τοντο
595 861 856 926 ἐκείνοις,
927 863 1313 928 ἁσμενέστατα
1380 864 1474 917 τοῦ
1549 865 1680 936 παρ’
1748 868 1953 937 ἑτέρων

369 952 861 1021 ἀναπιμπλάμενοι
891 953 1124 1019 πάθους,
1165 955 1260 1009 καὶ
1293 954 1394 1022 τὴν
1420 957 1576 1009 νόσον
1605 958 1691 1025 ἐφ’
1722 958 1952 1022 ἑαυτοὺς

368 1043 621 1107 ἕλκοντες
638 1044 745 1098 ἀπὸ
768 1045 879 1099 τῶν
925 1047 1181 1117 πλησίον,
1238 1048 1331 1100 καὶ
1380 1048 1596 1112 ἑκόντες
1640 1051 1955 1120 ἀναμασσό-

368 1153 526 1204 μενοι
565 1138 664 1200 τὰς
695 1138 1000 1207 ἀλγηδόνας
1033 1155 1047 1169 ⁸
1099 1143 1194 1193 καὶ¹
1237 1140 1430 1193 πολλοὶ
1481 1144 1954 1211 νοσοκομήσαντες

367 1226 463 1278 καὶ
504 1226 778 1296 ρῶσαντες
807 1230 1052 1301 ἐτέρους,
1080 1230 1465 1300 ἐτελεύτησαν,
1497 1233 1659 1285 αὑτὸν
1691 1233 1783 1285 civ
1810 1236 1955 1287 ὲκεί-

366 1335 474 1370 νων
502 1316 730 1371 θάνατον
755 1320 834 1383 είς
852 1322 1083 1384 ἑαυτοὺς
1105 1324 1609 1394 μεταστησάμενοι,
1641 1325 1733 1377 καὶ
1765 1324 1824 1378 τὸ
1860 1327 1954 1394 δη-

370 1408 547 1476 μῶδες
583 1409 734 1478 ῥῆμα
767 1411 937 1479 μόνης
965 1412 1054 1465 ἀεὶ
1070 1411 1262 1465 δοκοῦν
1286 1413 1689 1486 φιλοφροσύνης
1708 1413 1952 1487 ἔχεσθαι,

366 1500 515 1570 ἔργῳ
539 1501 605 1572 δὴ
634 1503 757 1553 τότε
803 1503 1163 1574 πληροῦντες,
1218 1505 1475 1569 ἀπιόντες
1513 1507 1732 1560 πάντων
1776 1508 1955 1560 αὐτῶν

369 1595 685 1665 περίψημα.
718 1596 781 1648 υἱ
805 1595 939 1662 γοῦν
977 1597 1194 1666 ἄριστοι
1238 1598 1347 1651 τῶν
1376 1598 1508 1670 παρ’
1547 1601 1679 1670 ἡμῖν
1707 1598 1955 1669 ἀδελφῶν

367 1686 559 1740 τοῦτον
588 1688 681 1740 τὸν
713 1689 916 1760 τρόπον
945 1690 1298 1762 ἐξεχώρησαν
1329 1690 1424 1745 τοῦ
1454 1691 1596 1762 βίου,
1647 1695 1957 1764 πρεσϐύτε-

332 1852 333 1855 η
372 1781 457 1850 ροί
481 1779 542 1831 τέ
570 1797 716 1843 τινες
745 1783 843 1835 καὶ
863 1782 1124 1845 διάκονοι,
1158 1784 1383 1837 καὶτῶν
1404 1784 1515 1837 ἀπὸ
1541 1784 1635 1836 τοῦ
1674 1784 1809 1838 λαοῦ
1834 1785 1957 1838 λίαν

370 1874 760 1943 ἐπαινούμενοι
786 1891 801 1905 '
831 1876 905 1939 ὡς
936 1877 1033 1929 καὶ
1066 1876 1161 1930 τοῦ
1186 1876 1419 1929 θανάτου
1475 1878 1635 1931 τοῦτο
1688 1880 1748 1931 τὸ
1792 1875 1955 1942 εἶδος,

282 1988 285 1993 ·
368 1965 459 2020 διὰ
485 1968 689 2038 πολλὴν
720 1968 1005 2021 εὐσέϐειαν
1036 1971 1132 2023 καὶ
1158 1970 1345 2023 πίστιν
1388 1971 1610 2040 ίσχυρὸν
1641 1971 1953 2038 γενόμενον,

373 2059 541 2128 μηδὲν
572 2059 794 2112 ἀποδεῖν
819 2062 1125 2131 μαρτυρίου
1151 2062 1357 2118 δοκεῖν.
1392 2062 1508 2115 Καὶ
1535 2062 1604 2116 τὰ
1634 2042 1867 2132 σώματα
1901 2063 1958 2116 δὲ

367 2152 479 2204 τῶν
508 2151 681 2220 ἁγίων
707 2152 929 2216 ὑπτίαις
959 2155 1120 2224 χερσὶ
1153 2156 1252 2209 καὶ
1287 2156 1513 2219 κόλποις
1541 2155 1959 2225 ὑπολαμϐάνον-

368 2260 484 2307 τες,
515 2243 910 2313 καθαιροῦντες
937 2261 997 2297 τε
1010 2245 1350 2315 ὀφθαλμοὺς,
1383 2246 1479 2299 καὶ
1526 2250 1774 2317 στόματα
1830 2263 1961 2317 συγ-

368 2336 668 2402 κλείοντες,
703 2338 1123 2409 ὠμοφοροῦντὲς
1147 2356 1209 2392 τε
1261 2341 1359 2393 καὶ
1404 2339 1760 2407 διατιθέντες,
1792 2354 1960 2409 προσ-

370 2431 705 2502 κολλώμενοι
738 2470 755 2498 ,
834 2432 1319 2505 συμπλεκόμενοι,
1408 2434 1655 2505 λουτροῖς
1732 2451 1795 2488 τε
1862 2434 1960 2488 καὶ

369 2524 721 2593 περιστολαῖς
756 2526 1261 2595 κατακοσμοῦντες,
1321 2527 1461 2597 μετὰ
1496 2528 1696 2598 μικρὸν
1722 2527 1959 2598 ἐτύγχα-

372 2626 461 2663 νον
490 2609 599 2663 τῶν
633 2611 786 2676 ίσων,
817 2612 906 2666 ἀεὶ
933 2614 1042 2668 τῶν
1099 2616 1551 2686 ὑπολειπομένων
1604 2618 1962 2687 ὲφεπομένων

370 2705 484 2765 τοῖς
522 2704 628 2774 πρὸ
649 2706 852 2760 αὐτῶν.
881 2707 966 2761 Τὰ
989 2707 1048 2761 δέ
1074 2724 1135 2776 γε
1165 2710 1296 2779 ἔθνη
1328 2711 1436 2763 πᾶν
1470 2710 1782 2763 τούναντίον
1813 2727 1829 2742 ·
1867 2712 1962 2764 κοιλ⁸

370 2797 548 2847 νοσεῖν
577 2797 919 2868 ἀρχομένους
972 2800 1294 2854 ἀπωθοῦντα
1326 2814 1341 2831 ⁶
1372 2804 1467 2855 καὶ
1484 2802 1801 2873 ἀπέφευγον
1833 2804 1960 2866 τοὺς

374 2883 666 2951 φιλτάτους
693 2902 708 2917 ο
740 2887 837 2941 καὶ
858 2889 916 2941 ἐν
948 2891 1070 2952 ταῖς
1095 2889 1237 2953 ὁδοῖς
1284 2888 1546 2962 ἔρριπτον
1606 2894 1915 2963 ἡμιθνῆτας
1941 2909 1956 2924 υ

372 2972 471 3026 καὶ
500 2975 731 3044 νεκροὺς
758 2977 1003 3045 ἀτάφους
1030 2976 1559 3045 ἀπεσκυὸαλίζοντο,
1595 2982 1697 3051 τὴν
1724 2982 1821 3035 τοῦ
1859 2982 1961 3037 θα-

374 3064 539 3118 νάτου
575 3065 814 3120 διάδοσιν
846 3070 942 3121 καὶ
973 3071 1264 3123 κοινωνίαν
1288 3071 1689 3142 ἐκτρεπόμενοι
1714 3089 1729 3105 ο
1770 3076 1837 3145 ἢν
1859 3076 1962 3129 οὐκ

371 3154 441 3228 ἦν
468 3158 758 3214 καὶπολλὰ
789 3163 1207 3232 μηχανωμένοις
1229 3164 1477 3217 ἐκκλῖναι
1509 3166 1714 3235 ράδιον.
1751 3185 1770 3218 ι
1804 3167 1963 3222 Μετά

2055 682 2280 753 quidem
2320 698 2350 735 a
2376 681 2536 735 nobis
2564 680 2851 742 abstinuit,
2874 677 3039 750 412
3067 693 3259 732 verum
3304 678 3477 731 multo
3518 691 3638 730 ma-

2057 777 2201 829 xime
2224 773 2278 827 in
2310 780 2501 844 gentes
2526 781 2611 826 est
2635 782 2899 841 grassata.
2938 788 2955 819 ›
2989 770 3262 838 Deinceps
3287 770 3405 823 hinc
3430 768 3637 822 infert:

2063 886 2082 919 ι
2129 867 2356 921 Plurimi
2386 864 2571 935 itaque
2604 867 2822 926 fratres,
2862 878 2962 933 pro
2992 861 3284 917 excellenti
3316 876 3418 916 suo
3449 876 3639 915 amore

2058 968 2115 1015 et
2153 959 2392 1012 fraterna
2426 959 2716 1021 cbaritate,
2757 956 2862 1010 sibi
2916 954 3049 1022 ipsis
3087 970 3196 1008 non
3242 962 3553 1022 parcentes,
3586 963 3643 1007 et

2058 1049 2201 1104 alius
2245 1049 2314 1103 ab
2348 1047 2455 1103 alio
2508 1046 2746 1101 invicem
2809 1046 3013 1101 animis
3061 1043 3435 1113 dependentes
3464 1083 3479 1107 ,
3521 1042 3642 1097 sine

2058 1152 2206 1197 metu
2240 1140 2390 1196 omni
2438 1147 2672 1209 a'grotos
2698 1138 3042 1192 visitarunt:
3093 1144 3150 1190 et
3208 1150 3404 1204 magno
3459 1135 3643 1189 studio

2058 1242 2117 1287 et
2140 1245 2272 1286 cura
2305 1229 2415 1284 illis
2462 1230 2518 1284 in
2547 1228 2775 1284 Christo
2818 1226 3206 1290 inservientes,
3233 1242 3340 1280 una
3377 1240 3501 1278 cum
3534 1224 3642 1278 illis

2060 1322 2268 1379 mortui
2325 1333 2492 1389 sunt,
2542 1336 2811 1392 perquam
2874 1320 3114 1375 libenter
3166 1319 3397 1373 aliorum
3450 1317 3643 1372 dolore

2061 1417 2276 1486 seipsos
2312 1415 2628 1485 implentes,
2674 1413 3045 1482 morbumque
3070 1411 3448 1482 proximorum
3475 1410 3530 1464 in
3582 1425 3643 1464 sc

2062 1507 2465 1578 pertrahentes,
2521 1521 2586 1561 ac
2618 1522 2729 1560 non
2776 1514 3000 1575 gravate
3031 1502 3253 1558 dolores
3303 1501 3639 1572 mitigantes.

2059 1600 2215 1655 Multi
2256 1608 2514 1655 curantes
2543 1609 2709 1668 atque
2755 1596 3149 1651 confirmantes
3176 1594 3335 1660 alios,
3385 1593 3489 1664 ipsi
3540 1593 3646 1648 de-

2058 1700 2366 1756 cesserunt,
2386 1700 2620 1746 mortem
2650 1690 2869 1745 illorum
2896 1690 2949 1743 in
2979 1688 3193 1758 seipsos
3223 1686 3642 1741 transferentes.

2059 1780 2136 1836 Ita
2161 1780 2439 1851 vulgatum
2487 1779 2623 1835 illud
2656 1779 2912 1844 verbum,
2950 1778 3098 1846 quod
3134 1776 3415 1831 comitatis
3468 1776 3646 1830 solius

2060 1882 2115 1928 et
2142 1872 2540 1927 benevolentiae
2566 1886 2786 1939 semper
2801 1873 2981 1926 visum
3011 1878 3115 1932 est,
3145 1868 3300 1924 factis
3330 1876 3441 1922 tum
3471 1866 3647 1921 adim-

2065 1965 2305 2036 plerunt,
2342 1962 2572 2018 dumrad
2612 1978 2736 2017 eum
2773 1961 2999 2016 modum
3032 1960 3384 2024 decetlentcs,
3413 1974 3472 2014 se
3501 1959 3648 2028 peri-

2066 2072 2253 2127 psema
2304 2055 2383 2129 (1)
2438 2057 2686 2111 omnium
2739 2069 2860 2109 esse
2907 2052 3272 2108 declararent.
3325 2051 3438 2106 Hoc
3488 2059 3647 2119 pacto

2065 2149 2262 2218 optimi
2293 2147 2441 2219 apud
2488 2163 2593 2202 nos
2625 2146 2845 2209 fratres,
2872 2144 3180 2215 presbyteri
3200 2144 3369 2198 etiam
3398 2142 3644 2212 quidam,

2064 2256 2120 2300 et
2144 2244 2388 2307 diaconi,
2419 2253 2476 2298 et
2514 2257 2581 2296 ex
2613 2240 2771 2311 plebe
2800 2238 3169 2295 laudatissimi
3198 2236 3429 2308 quique,
3448 2251 3517 2290 ex
3544 2236 3647 2289 hac

2064 2338 2176 2391 vita
2209 2335 2593 2405 cmigrarunt:
2649 2342 2707 2386 ut
2750 2331 2861 2400 iam
2905 2330 2961 2385 id
2989 2345 3166 2401 genus
3198 2328 3393 2383 mortis
3442 2327 3645 2396 pietate

2066 2429 2240 2484 multa
2278 2440 2338 2482 et
2388 2426 2496 2481 fide
2527 2424 2870 2487 roboratum,
2917 2437 3025 2475 non
3062 2420 3295 2475 multum
3360 2418 3647 2472 videretur

2074 2525 2272 2580 abesse
2302 2539 2333 2578 a
2362 2520 2654 2594 martyrio.
2688 2521 2754 2573 Et
2770 2512 3109 2574 ‘sanctorum
3143 2514 3409 2570 cadavera
3445 2510 3522 2564 illi
3563 2526 3651 2563 su-

2068 2617 2213 2687 pinis
2245 2615 2499 2670 manibus
2517 2623 2572 2670 et
2593 2614 2718 2669 sinu
2737 2611 3017 2681 excipere,
3049 2607 3239 2664 oculos
3257 2603 3645 2673 comprimere,

2067 2727 2162 2764 ora
2189 2708 2470 2772 claudere,
2521 2707 2577 2760 in
2625 2705 2892 2759 humeros
2925 2702 3142 2766 tollere,
3181 2712 3548 2769 componere,
3577 2695 3646 2749 ad

2066 2814 2128 2857 se
2154 2799 2456 2870 applicare,
2495 2795 2808 2867 complecti,
2855 2795 3065 2858 lavare,
3095 2791 3350 2848 vestibus
3382 2788 3649 2843 funerati-

2065 2892 2173 2947 bus
2200 2904 2491 2956 exornare,
2525 2897 2583 2944 et
2630 2886 2796 2957 paulo
2841 2895 2968 2956 post
3009 2883 3205 2955 aequali
3266 2892 3418 2937 sorte
3455 2879 3646 2950 potiri.

2065 2983 2509 3053 superstitesque
2537 2995 2636 3035 eos
2671 2977 2766 3049 qui
2798 2984 3196 3048 prmcesserant
3240 2974 3425 3029 statim
3457 2971 3652 3027 subse—

2067 3076 2185 3148 qui.
2209 3073 2414 3129 Gentes
2450 3086 2618 3143 porro
2661 3078 2858 3126 contra
2903 3068 3089 3124 omnia
3118 3067 3391 3131 fecerunt,
3424 3079 3521 3120 eos
3554 3063 3650 3133 qui

2067 3179 2334 3243 aegrotare
2393 3168 2698 3239 cmpissent
2733 3164 3128 3237 prepellentes,
3176 3170 3234 3216 et
3292 3159 3653 3216 charissimos

372 3250 430 3303 δὲ
453 3251 626 3306 ταῦτα
654 3254 1092 3322 είρηνευσάντων
1119 3256 1228 3308 τῶν
1258 3257 1403 3310 κατὰ
1451 3257 1553 3327 τὴν
1615 3259 1771 3313 πόλιν
1841 3262 1960 3323 τοῖς

2068 3279 2319 3336 quosque
2368 3261 2720 3332 refugientes,
2778 3258 3170 3313 semimortuos
3219 3256 3275 3310 in
3327 3254 3445 3311 vias
3503 3265 3651 3308 ster-

374 3343 519 3397 κατὰ
567 3344 669 3414 τὴν
719 3346 998 3416 Αἴγυπτον
1068 3348 1342 3416 ἀδελφοῖς,
1395 3350 1759 3421 ἐορταστικὴν
1797 3351 1959 3415 αὖθις

374 3435 680 3491 ἐπιστέλλει
738 3439 1004 3509 γραφήν·
1070 3441 1165 3494 καὶ
1235 3440 1355 3510 μετ’
1404 3442 1624 3513 ἐκείνην
1683 3442 1962 3514 διαφόροις

376 3529 557 3591 ἄλλοις
590 3529 822 3600 ἔγραφε.
847 3533 960 3585 Καὶ
989 3532 1120 3600 περὶ
1137 3533 1419 3587 Σαόδάτου
1452 3536 1510 3588 δὲ
1544 3536 1712 3588 αὑτοῦ
1772 3537 1960 3607 γραφὴ

376 3626 626 3695 φέρεται,
650 3627 745 3677 καὶ
778 3624 907 3694 περὶ
949 3628 1255 3694 γυμνασίου
1290 3627 1428 3697 άλλη
1458 3643 1471 3657 ·
1530 3630 1625 3680 καὶ
1654 3627 1793 3696 πρὸς
1841 3626 1964 3696 Ἐρ-

382 3718 620 3786 μάμωνα
638 3717 718 3781 δὲ,
750 3718 982 3780 καὶτοῖς
1012 3719 1137 3771 κατ’
1170 3720 1449 3787 Αἴγυπτον
1479 3720 1687 3790 ὁμιλῶν
1724 3720 1791 3772 δι’
1845 3722 1964 3773 ἔπι-

380 3815 602 3885 στολῆς,
636 3817 730 3868 καὶ⁸
760 3815 897 3870 ἄλλα
935 3817 1036 3886 μέν
1066 3831 1257 3886 φησιν,
1290 3815 1432 3870 ἀλλὰ
1477 3818 1576 3869 καὶ
1608 3818 1736 3886 περὶ
1769 3816 1963 3868 Δεκίου

379 3911 477 3963 καὶ
504 3909 712 3962 Γάλλου
774 3908 871 3961 καὶ
907 3908 1011 3977 τῆς
1042 3907 1423 3980 κακοτροπίας
1482 3907 1662 3962 αὐτῶν
1715 3907 1961 3974 διέξεισι.

380 3995 494 4067 Τῆς
515 3998 572 4051 δὲ
590 4000 731 4053 κατὰ
758 4000 850 4054 τὸν
880 4000 1144 4070 Γαλιηνὸν
1174 4001 1397 4073 εἰρήνης
1425 4000 1616 4071 μνείαν
1633 4002 1888 4053 ποιεῖται.

2064 3368 2284 3421 nentes,
2333 3364 2581 3408 mortuos
2621 3350 2927 3421 insepultos
2984 3348 3375 3420 projicientes,
3423 3360 3648 3401 succes-

2064 3447 2388 3516 sioncmque
2436 3454 2493 3501 et
2566 3442 3010 3506 communionem
3064 3442 3262 3496 mortis
3291 3450 3650 3505 aversantes,

2064 3553 2231 3608 quam
2263 3547 2441 3592 tamen
2466 3535 2820 3606 quantumvis
2844 3516 3014 3588 multa
3043 3534 3402 3589 molientibus
3438 3532 3649 3588 evitare

2065 3629 2229 3687 facile
2290 3645 2399 3683 non
2445 3636 2587 3683 erat.
2632 3649 2650 3680 ι
2692 3626 2899 3682 Deinde
2949 3643 3074 3683 cum
3110 3627 3223 3697 jam
3274 3640 3340 3680 ea
3397 3625 3454 3680 in
3514 3625 3652 3679 urbe

2066 3723 2372 3794 pacatiores
2395 3731 2579 3776 essent
2600 3736 2710 3784 res,
2742 3718 3037 3790 Dionysius
3077 3718 3143 3772 ad
3172 3719 3367 3772 fratres
3402 3717 3454 3769 in
3482 3715 3650 3787 :Egy-

2066 3825 2162 3885 pto
2215 3814 2537 3869 Paschalem
2579 3815 2915 3885 epistolam,
2968 3821 3026 3868 et
3096 3826 3292 3866 rursus
3342 3809 3466 3863 aliis
3519 3809 3654 3861 alias

2067 3908 2313 3977 scripsit.
2344 3907 2748 3964 Circumfertur
2779 3908 2943 3961 etiam
2976 3908 3098 3978 ejus
3124 3906 3194 3960 de
3240 3905 3480 3959 Sabbato
3515 3901 3654 3955 scii-

2070 4011 2250 4073 ptum,
2278 4010 2335 4056 et
2362 4001 2510 4056 aliud
2534 4001 2602 4057 de
2632 4001 2899 4056 exercitio
2930 4020 2942 4055 :
2967 4010 3025 4056 et
3060 4000 3127 4054 ad
3168 3997 3651 4054 Hermatttlttonettt

378 4092 686 4165 fratresque
709 4093 996 4167 Egyptios
1023 4096 1238 4151 litteras
1284 4095 1555 4164 scribens,
1588 4095 1731 4150 inter
1761 4095 1869 4177 alia
1928 4093 1997 4149 de
2039 4094 2204 4152 Decio
2239 4106 2297 4152 et
2325 4094 2501 4161 Gallo,
2530 4097 2831 4168 pravisque
2859 4111 3053 4151 eorum
3081 4093 3332 4149 moribus
3392 4092 3652 4163 pleraque

380 4201 816 4245 commemorat:
857 4199 915 4245 et
947 4190 1361 4259 tranquillitatis
1416 4203 1539 4259 quae
1583 4190 1687 4244 sub
1730 4187 1962 4245 Galieno
2002 4188 2127 4257 fuit,
2161 4192 2503 4248 mentionem
2532 4191 2688 4248 facit.

947 4311 1206 4368 ΚΕΦΔΛ.
1260 4311 1393 4368 KA'.

454 4404 595 4474 Περὶ
616 4403 897 4470 Νέπωτος
919 4403 1019 4457 καὶ
1052 4404 1164 4473 τῆς
1203 4404 1334 4459 κατ’
1362 4405 1552 4460 αὑτὸν
1583 4408 1893 4485 αἱρέσεως.

466 4523 594 4578 Ἐπὶ
622 4524 835 4585 τούτοις
885 4520 1060 4574 ἅπασι
1121 4521 1347 4575 καὶδύο
1386 4520 1569 4591 βιϐλία
1602 4521 1743 4593 Περὶ
1786 4522 1969 4591 ἐπάγει

2575 4315 2738 4387 413
2768 4313 2995 4370 CAPUT
3024 4312 3189 4373 XXL

2476 4409 2549 4462 De
2583 4407 2786 4479 Nepote
2820 4416 2870 4461 et
2913 4406 3100 4462 Itwresi
3128 4405 3265 4470 eius.

2138 4526 2343 4581 Adbaac
2376 4528 2517 4580 duos
2548 4524 2720 4579 libros
2752 4522 2828 4576 De
2856 4521 3289 4590 promissionibus
3313 4517 3652 4588 composuit,

382 4618 607 4687 τελιῶν
637 4616 925 4669 συντάττει
951 4627 965 4643 ⁶
1004 4606 1081 4666 ὧν
1119 4614 1146 4682 ἡ
1191 4614 1451 4677 ὑπόθεσις
1497 4613 1696 4676 Νέπως
1721 4609 1812 4683 ἦν,
1843 4614 1960 4666 επί-

2070 4618 2275 4689 quibus
2326 4612 3236 4689 argumentum-praebuit-Nepos:
3289 4614 3381 4682 qui
3432 4611 3653 4683 IEgypti

387 4728 590 4774 σκοπος
629 4711 728 4781 μὲν
765 4706 1081 4776 Αἰγυπτίων
1142 4706 1457 4777 γενόμενος.
1523 4706 1966 4776 Ἰουδαῖκώτερον

383 4808 495 4877 γάρ
513 4803 877 4883 διακείμενος,
892 4805 957 4855 τὰ
976 4800 1368 4871 ἐπηγγελμένα
1388 4802 1499 4860 τοῖς
1530 4800 1709 4868 ἁγίοις
1724 4800 1965 4871 Χριστοῦ

384 4900 447 4952 ὲν
505 4899 630 4960 ταῖς
683 4897 958 4969 Γραφαῖς,
1023 4894 1312 4966 παχύτερα
1368 4896 1465 4949 καὶ
1531 4894 1967 4965 σωματικώτερα

385 4987 529 5043 εἶναι
560 4990 800 5061 φρονῶν,
834 4990 929 5043 ἐπὶ
962 4988 1057 5042 τοῦ
1100 4989 1372 5057 παρόντος
1421 4983 1566 5042 εἶναι
1619 4987 1789 5043 ἐτίθει
1826 4989 1968 5043 κατὰ

385 5148 707 5204 violentiam
741 5162 896 5203 suam
935 5148 1325 5215 comprimant,
1355 5164 1423 5202 an
1462 5162 1690 5217 rapaces
1721 5148 1968 5205 avaritiae

387 5219 627 5274 furentis
677 5217 1046 5273 insatiabilem
1097 5232 1320 5287 semper
1371 5219 1625 5272 ardorem
1683 5220 1770 5273 vel
1815 5229 1968 5276 metu

391 5291 590 5343 mortis
627 5288 999 5355 exstinguant.
1032 5306 1098 5344 an
1124 5289 1397 5344 cervicem
1446 5288 1674 5343 ﬂectant
1713 5291 1965 5359 Superbi,

389 5375 459 5415 an
492 5359 775 5414 audaciam
810 5359 1020 5429 leniant
1051 5360 1310 5428 improbi,
1339 5376 1407 5413 an
1448 5361 1810 5429 pereuntibus
1836 5365 1968 5417 clla.

393 5434 469 5485 ris
490 5434 574 5485 vel
614 5432 695 5484 sic
718 5427 927 5500 aliquid
952 5427 1151 5483 divites
1173 5427 1480 5500 largiantur
1511 5440 1569 5485 et
1602 5431 1815 5484 donent
1845 5435 1968 5487 sine

390 5500 611 5556 haerede
646 5498 897 5553 morituri
935 5514 951 5550 :
986 5498 1279 5554 Exercitia'
1312 5510 1442 5555 sunt
1492 5502 1652 5555 nobis
1700 5501 1823 5557 ista.
1857 5518 1969 5557 non

390 5570 610 5635 funera,
636 5571 770 5625 dant
796 5569 981 5624 animo
1014 5572 1352 5625 fortitudinis
1378 5571 1629 5640 gloriam,
1646 5581 1967 5642 cuntemptu

392 5643 589 5696 mortis
622 5649 931 5712 praeparant
975 5642 1041 5695 ad
1089 5657 1373 5695 coronam.
1420 5661 1440 5693 ι
1479 5642 1753 5712 (Ογρι-..ἰη
1793 5642 1969 5698 Serm.

390 5711 456 5763 de
493 5711 774 5781 mortalit.)
1262 5780 1265 5781 ν
1898 5734 1899 5737 η

462 5781 543 5852 (1)
599 5780 828 5839 Veteres
877 5781 1098 5837 urbium
1146 5780 1493 5851 expiationes
1558 5783 1971 5838 anniversarias

391 5851 681 5918 facientes,
738 5852 996 5923 homines
1053 5868 1263 5912 sacros.
1328 5854 1432 5907 hoc
1487 5865 1595 5920 cst,
1660 5858 1752 5923 qui
1816 5866 1970 5923 peste

394 5923 573 5980 aliove
607 5922 806 5981 morbo
848 5925 1125 5995 expiando
1161 5924 1271 5982 diis
1305 5922 1758 5993 itmuolabautur,
1784 5933 1839 5983 et
1869 5927 1972 5982 Ca-

2070 4712 2385 4782 episcopus,
2420 4711 2645 4765 Judaica
2676 4709 2963 4779 opinione,
3010 4722 3133 4777 quae
3189 4707 3398 4763 sanctis
3445 4706 3653 4761 Christi

2071 4806 2342 4876 promissa
2374 4813 2504 4863 sunt
2527 4803 2583 4857 in
2631 4801 2955 4871 Scripturis,
2989 4816 3155 4857 sensu
3193 4801 3468 4871 corporali
3504 4817 3654 4855 cras-

2072 4898 2188 4953 sius
2214 4898 2549 4967 intelligens,
2594 4912 2661 4952 ea
2689 4897 2755 4951 ad
2798 4911 3043 4967 praesens
3083 4897 3371 4960 saeculum,
3402 4904 3461 4951 et
3503 4896 3654 4949 desi-

2071 5000 2290 5063 gnatam
2314 4991 2608 5061 quamdam
2650 4988 2798 5043 mille
2831 5003 3101 5042 annorum
3151 4988 3320 5043 vitam
3355 4988 3652 5044 referebat.

2043 5149 2274 5227 .tharmi
2307 5158 2471 5227 atque
2503 5148 2788 5227 Pharmaci
2817 5146 3185 5227 vocabantur,
3206 5147 3261 5227 in
3302 5147 3652 5227 victimarum

2072 5237 2281 5276 morem
2332 5218 2641 5281 redimitos,
2676 5233 2706 5273 e
2746 5219 2870 5273 loco
2913 5219 3181 5287 praecipiti
3227 5218 3281 5273 in
3331 5234 3482 5273 mare
3515 5219 3653 5286 deji-

2073 5292 2315 5354 ciebant,
2364 5290 2620 5360 Neptuno
2683 5289 3056 5351 immolantes,
3131 5304 3271 5360 cum,
3309 5289 3653 5343 solemnibus

2072 5363 2225 5417 hisce
2256 5358 2463 5423 verbis,
2500 5360 2792 5430 περίψημα
2829 5361 2991 5431 ἡμῶν
3025 5362 3211 5424 γενοῦ,
3246 5358 3366 5429 ἦτοι
3404 5363 3651 5427 σωτηρία

2072 5435 2169 5487 καὶ
2223 5431 2641 5501 ἀπολύτρωσις·
2683 5431 2771 5486 Sis
2810 5446 2911 5501 pro
2964 5431 3127 5484 nobis
3182 5432 3513 5499 peripsema,
3547 5432 3653 5485 hoc

2071 5515 2177 5566 est,
2211 5503 2513 5571 piaculum,
2557 5501 2741 5566 luitio,
2795 5502 3101 5568 redemptio
3162 5510 3368 5571 nostra,
3413 5511 3471 5571 et
3526 5517 3651 5555 ser—

2074 5569 2250 5629 vatrix
2288 5573 2440 5627 urbis
2491 5573 2736 5628 victima.
2770 5571 3015 5643 (Suidas,
3051 5578 3108 5624 et
3160 5570 3420 5643 Nicolaus
3451 5569 3653 5643 Leoni-

2074 5661 2193 5707 cus,
2247 5643 2325 5696 De
2365 5644 2516 5697 varia
2555 5641 2802 5706 historia,
2856 5643 2955 5699 lib.
2992 5658 3071 5709 tu,
3106 5656 3229 5711 cap.
3269 5641 3398 5709 ult.)
3448 5661 3466 5692 ι
3509 5642 3651 5696 'l‘an-

2073 5729 2238 5785 quam
2300 5712 2675 5785 purgamenta.
2725 5713 2892 5783 hujus
2968 5714 3164 5768 mundi
3238 5712 3370 5767 facti
3445 5727 3643 5768 sumus

2075 5784 2320 5839 Omnium
2354 5784 2692 5854 peripsema;
2751 5802 2769 5834 ι
2825 5786 2928 5840 hoc
2956 5794 3061 5848 est,
3093 5785 3205 5840 Nos
3242 5795 3503 5853 tanquam
3534 5784 3651 5850 pia-

2074 5857 2195 5911 cula
2234 5856 2424 5910 mundi
2459 5855 2589 5927 facti
2621 5871 2834 5927 sumus.
2858 5870 2914 5912 et
2943 5854 3289 5914 succidaneae
3315 5871 3418 5927 pro
3447 5855 3652 5924 populo

2076 5929 2332 5983 \‘lCllllliB.
2374 5927 2416 5989 (l
2446 5924 2567 5983 Cor.
2599 5943 2676 5990 iv,
2710 5926 2822 5990 15.)
