4052 6448
380 416 515 477 1173

1297 416 1906 479 ECCLESIASTICIE
1949 417 2340 479 HISTORIA!
2373 418 2516 477 LIB.
2556 412 2662 477 VI.

3484 402 3625 466 1174

376 544 501 582 nem
531 543 590 584 se
613 531 731 602 ejus
761 529 1054 593 facturum,
1078 542 1257 599 neque
1283 529 1588 583 doctrinam
1623 529 2122 599 promulgaturum.
2188 531 2341 586 Alios
2406 544 2626 599 quoque
2693 526 2893 580 fratres
2927 523 3064 578 dicit
3114 523 3325 577 laetatos
3381 520 3621 576 delecta-

377 635 573 694 tosque
623 638 744 680 esse
801 622 1281 679 dissertationibus
1310 622 1413 683 eis,
1462 630 1625 692 atque
1667 624 1947 679 communi
1979 626 2223 680 omnium
2254 622 2641 679 conciliatione
2666 627 2725 675 et
2758 633 3052 674 consensu.

943 761 1196 813 ΚΕΦΑΛ.
1252 759 1379 812 κιιν.
1412 748 1421 755 ‘

379 870 487 931 Οἷα
509 877 825 941 Διονύσιος
853 879 886 930 ό
911 876 1366 945 Ἀλεξανδρείας
1394 877 1525 944 περὶ
1553 876 1665 945 τῆς
1690 877 1943 931 ’Λποκα-

744 948 983 1015 λύψεως
1007 946 1292 1002 Ἰωάννου
1317 946 1563 1013 ἱστορεῖ.

459 1077 623 1148 Ἑξῆς
663 1078 719 1132 δὲ
760 1080 890 1149 περὶ
935 1081 1035 1151 τῆς
1082 1078 1509 1148 Ἀποκαλύψεως
1568 1078 1661 1132 τοῦ
1697 1079 1947 1131 Ἰωάννου

377 1169 554 1223 ταῦτά
582 1168 771 1239 φησιν’
800 1169 835 1223 ἃ
863 1171 927 1242 δὴ
956 1171 1134 1235 πάντα
1168 1170 1310 1224 κατὰ
1336 1170 1512 1241 ρἧα,
1537 1172 1585 1223 εί
1615 1171 1710 1224 καὶ
1736 1170 1822 1223 διὰ
1848 1186 1950 1236 μα·-

377 1261 537 1330 κροῦ,
563 1262 714 1332 ὅμως
748 1263 1026 1331 ἀναγκαῖά
1056 1279 1120 1331 γε
1162 1263 1312 1329 ὄντα,
1363 1264 1696 1333 ἐκθήσομαι.
1738 1281 1757 1313 ι
1794 1260 1949 1325 Τινὲς

380 1355 480 1423 μὲν
513 1350 629 1419 οὗν,
682 1356 839 1422 φησὶ,
894 1354 1005 1409 τῶν
1036 1357 1145 1425 πρὸ
1200 1356 1358 1426 ἡμῶν
1397 1356 1671 1426 ηοέτησαν
1698 1355 1792 1409 καὶ
1824 1354 1950 1407 ἀνε-

380 1443 657 1497 σκεύασαν
688 1446 866 1515 πάντη
897 1445 953 1499 τὸ
982 1445 1206 1514 βιϐλίον’
1237 1449 1333 1500 καὶ
1365 1446 1487 1509 καθ’
1515 1446 1748 1501 ἕκαστον
1775 1447 1953 1514 κεφά-

380 1534 535 1606 λαιον
569 1534 974 1599 διευθύναντες,
1008 1535 1290 1603 ἅγνωστόν
1339 1554 1402 1605 γε
1434 1537 1527 1590 καὶ
1566 1537 1954 1604 ἀσυλλόγιστον

378 1628 765 1693 ἀποφαίνουσι,
801 1627 1097 1697 ψεύδεσθαί
1129 1645 1188 1681 τε
1212 1628 1312 1698 τὴν
1334 1631 1672 1700 ἐπιγραφήνο
1695 1629 1952 1699 Ἰωάννην

381 1718 490 1788 γὰρ
518 1719 618 1770 οὐκ
640 1714 783 1771 εἶναι
810 1719 1086 1786 λέγουσιν·
1119 1721 1237 1773 ἀλλ’
1262 1721 1371 1774 οὐδ’
1400 1720 1768 1790 ’Δποκάλυψιν
1787 1715 1952 1784 εἶναι,

380 1809 482 1878 τὴν
514 1810 719 1881 σφόδρα
748 1811 843 1863 καὶ
873 1814 1045 1882 παχεῖ
1077 1814 1508 1884 κεκαλυμμένην
1543 1812 1618 1884 τῷ
1650 1815 1747 1880 τῆς
1773 1814 1953 1881 ἀγνω-

384 1900 506 1964 σίας
536 1902 1025 1971 παραπετάσματι·
1063 1907 1159 1958 καὶ
1185 1906 1284 1975 οὐχ
1321 1907 1469 1970 ὅπως
1500 1905 1607 1958 τῶν
1640 1906 1956 1959 ἀποστόλων

381 1991 525 2057 τινὰ,
566 1993 684 2046 ἀλλ’
722 1994 834 2049 οὐδ’
865 1996 1001 2054 ὅλως
1058 1997 1168 2051 τῶν
1223 1999 1414 2065 ἁγίων,
1465 1997 1498 2068 ἡ
1553 1998 1661 2050 τῶν
1709 1999 1816 2052 ἀπὸ
1856 1998 1956 2067 τῆς

1969 770 2016 822 Δ

2612 759 2842 816 CAPUT
2884 758 3048 814 XXII.

2050 871 2190 938 Quid
2229 872 2508 945 Dionysius
2535 872 2929 945 Alexandrinus
2958 871 3020 924 de
3058 871 3376 945 Apocalypsi
3402 871 3626 926 Joannis

2538 944 2788 1013 scriptum
2833 940 3127 1011 reliquerit.

2122 1074 2330 1129 Deinde
2373 1073 2443 1130 de
2479 1074 2806 1145 Apocalypsi
2837 1073 3068 1130 Joannis
3098 1073 3427 1128 sententiam
3471 1089 3626 1128 suam

2053 1168 2266 1238 profert
2299 1185 2314 1222 :
2345 1184 2468 1237 quae
2496 1146 2683 1223 omnia
2714 1169 2969 1237 quamvis
2998 1169 3112 1221 sint
3139 1166 3410 1237 longiora.
3443 1176 3626 1219 tamen

2053 1263 2368 1316 necessario
2391 1258 3073 1316 verbiscommemoranda
3096 1259 3304 1328 putavi.
3336 1256 3627 1311 «Nonnulli

2054 1365 2274 1413 eorum,
2300 1347 2503 1419 inQuit,
2537 1349 2633 1419 qui
2661 1364 2757 1404 eos
2786 1356 3213 1420 praecesserunt.
3244 1347 3628 1407 aboleverunt,

2055 1451 2112 1498 et
2137 1442 2299 1512 plane
2328 1441 2550 1496 irritum
2576 1440 2828 1496 fecerunt
2850 1441 3052 1495 librum
3078 1440 3286 1509 ipsum,
3311 1449 3478 1507 atque
3503 1452 3629 1491 eum

2056 1546 2153 1601 per
2168 1530 2347 1601 capita
2363 1533 2545 1588 omnia
2562 1540 2944 1602 coarguentes,
2961 1531 3016 1585 in
3030 1545 3149 1585 eam
3165 1529 3397 1585 formam
3409 1530 3636 1600 redege-

2057 1632 2211 1687 runt,
2242 1635 2302 1680 ut
2328 1625 2731 1692 cognoscinon.
2745 1631 2953 1694 posset,
2983 1633 3040 1678 et
3061 1623 3212 1678 nulla
3242 1623 3455 1677 ratione
3480 1637 3629 1676 com-

2056 1717 2268 1789 positus
2309 1732 2429 1773 esse
2454 1718 2756 1773 videretur.
2783 1718 2993 1773 Falsam
3015 1731 3234 1786 quoque
3249 1714 3412 1786 415
3436 1714 3636 1768 inscri-

2058 1810 2303 1880 ptionem
2328 1809 2531 1864 habere
2555 1809 2847 1865 dixerunt:
2867 1822 3046 1878 neque
3068 1809 3213 1862 enim
3233 1805 3464 1860 Joannis
3487 1820 3630 1862 esse.

2058 1917 2237 1972 neque
2284 1902 2672 1956 revelationem
2722 1900 2890 1955 ullam
2919 1899 3146 1963 habere,
3169 1898 3265 1969 qui
3294 1905 3403 1951 tam
3435 1910 3633 1966 magno

2057 2004 2114 2051 et
2143 2009 2329 2049 crasso
2357 1994 2711 2050 obscuritatis
2749 1994 2870 2048 velo
2900 2003 3194 2062 coopertus
3225 1980 3403 2054 esset;
3443 1997 3632 2043 etnon

394 2084 750 2156 Ἐκκλησίας,
818 2088 1010 2143 τούτου
1074 2092 1359 2158 γεγονέναι
1402 2090 1633 2162 ποιητὴν
1679 2091 1773 2144 τοῦ
1828 2107 1958 2158 συγ-

2067 2086 2223 2141 modo
2257 2102 2365 2139 non
2404 2087 2470 2141 ab
2500 2085 2746 2154 apostolo
2789 2084 3070 2154 quopiam,
3104 2083 3200 2137 sed
3252 2096 3321 2135 ne
3363 2095 3394 2134 a
3441 2086 3634 2134 sancto

382 2172 736 2249 γράμματοςσ
771 2182 1045 2251 Κήρινθον
1099 2183 1156 2237 δὲ
1203 2184 1296 2238 τὸν
1343 2183 1439 2237 καὶ
1475 2185 1575 2254 τὴν
1623 2185 1953 2237 ἀπ’ὲκείνου

382 2270 684 2340 κληθεῖσαν
707 2273 1081 2345 Κηρινθιανὴν
1116 2277 1534 2347 συστησάμενον
1561 2277 1957 2347 αῖρεσιν,ἀξιό-

382 2376 579 2414 πιστον
607 2363 944 2434 ἐπιφημίσαι
972 2364 1280 2434 θελήσαντα
1321 2366 1398 2437 τῷ
1428 2366 1626 2421 ἑαυτοῦ
1665 2369 1956 2438 πράγματι

380 2450 553 2521 ὄνομα
573 2468 590 2487 ο
621 2454 780 2509 τοῦτο
833 2456 942 2526 γὰρ
994 2451 1138 2510 εἶναι
1173 2458 1274 2529 τῆς
1318 2457 1667 2522 διδασκαλίας
1699 2456 1865 2513 αὑτοῦ
1898 2459 1958 2511 τὸ

381 2543 582 2613 δόγμα,
616 2545 861 2613 ἐπίγειον
888 2547 1113 2613 ἔσεσθαι
1142 2549 1242 2620 τὴν
1264 2549 1358 2602 τοῦ
1386 2551 1625 2622 Χριστοῦ
1655 2550 1954 2621 βασιλείανο

384 2635 481 2692 καὶ
525 2627 600 2688 ὧν
645 2635 809 2702 αὐτὸς
842 2638 1111 2708 ὠρέγετο,
1171 2642 1554 2713 φιλοσώματος
1584 2642 1662 2697 ὣν
1694 2646 1790 2697 καὶ
1814 2644 1955 2699 πάνυ

386 2726 670 2797 σαρκικδς,
702 2731 760 2779 ἐν
789 2729 1002 2794 τούτοις
1031 2731 1400 2802 ὀνειροπολεῖν
1426 2734 1645 2789 ἔσεσθαι
1669 2750 1682 2764 ·
1718 2736 1955 2808 γαστρὸς

386 2815 617 2870 καὶτῶν
653 2818 758 2872 ὑπὸ
806 2822 1050 2892 γαστέρα
1093 2824 1437 2894 πλησμονῆς,
1467 2827 1718 2879 τουτέστι
1763 2830 1957 2891 σιτίοις

383 2908 477 2959 καὶ
502 2910 686 2973 ποτοῖς
707 2913 801 2964 καὶ
820 2912 1045 2982 γάμοις.
1070 2914 1167 2968 καὶ
1186 2915 1252 2969 δι’
1282 2911 1357 2973 ὧν
1380 2918 1760 2989 εὐφημότερον
1786 2920 1958 2975 ταῦτα

384 2994 540 3066 ᾠήθη
581 3000 877 3064 ποιεῖσθαι,
936 3001 1153 3074 ἑορταῖς
1197 3007 1296 3059 καὶ
1347 3007 1560 3070 θυσίαις
1605 3011 1697 3062 καὶ
1744 3010 1960 3080 ίερείων

388 3094 651 3159 σφαγαῖς.
687 3094 832 3164 Ἐγὼ
860 3096 918 3148 δὲ
956 3097 1224 3167 ἀθετῆσαι
1256 3100 1356 3168 μὲν
1381 3102 1481 3154 ούκ
1525 3101 1593 3156 ἂν
1621 3102 1959 3174 τολμήσαιμι

384 3184 444 3234 τὸ
476 3183 701 3252 βιϐλίον,
740 3186 948 3241 πολλῶν
990 3188 1124 3243 αὐτὸ
1155 3190 1243 3244 διὰ
1274 3193 1512 3262 σπουδῆς
1540 3194 1774 3263 ἐχόντων
1805 3195 1961 3248 ἁδελ-

354 3273 528 3365 ὶφῶν.
554 3277 796 3342 Μείζονα
827 3279 884 3331 δὲ
910 3279 1013 3350 τῆς
1040 3280 1285 3350 ἐμαυτοῦ
1330 3268 1651 3354 φρονήσεως
1697 3287 1797 3355 τὴν
1832 3286 1966 3340 ὑπό-

2058 2180 2280 2250 quidem
2308 2179 2421 2233 ullo
2454 2187 2549 2234 aut
2573 2177 2949 2232 ecclesiastico
2975 2176 3096 2230 viro
3124 2175 3330 2229 editum
3359 2187 3503 2227 esse.
3535 2170 3636 2224 Ce—

2058 2272 2307 2326 r‘inthum
2337 2281 2543 2333 autem,
2568 2271 2661 2340 qui
2690 2271 2811 2340 ejus
2837 2284 2958 2338 quae
2987 2268 3055 2322 ab
3081 2283 3147 2321 eo
3172 2264 3525 2322 Cerinthiana
3555 2262 3634 2316 di-

2059 2365 2207 2419 citur
2223 2363 2449 2425 haeresis
2461 2370 2653 2416 auctor
2673 2369 2778 2427 est,
2799 2359 3037 2414 voluisse
3058 2357 3260 2413 celebri
3282 2355 3505 2409 nomine
3530 2352 3633 2408 ﬁde

2059 2455 2279 2527 dignam
2299 2452 2683 2509 auctoritatem
2709 2452 2965 2521 ﬁgmento
2990 2463 3089 2503 suo
3112 2462 3327 2530 parare.
3352 2446 3466 2501 lloc
3488 2444 3636 2497 enim

2059 2563 2178 2603 esse
2203 2544 2565 2616 professionis
2591 2558 2703 2598 suae
2726 2543 2941 2610 dogma.
2974 2555 3201 2609 regnum
3230 2536 3437 2595 Christi
3470 2544 3637 2590 terre-

2060 2658 2190 2697 num
2217 2643 2497 2705 futurum;
2529 2649 2587 2693 et
2620 2653 2758 2707 quas
2783 2639 2901 2706 ipse
2937 2635 3243 2705 corporalis
3267 2631 3559 2687 admodum
3583 2640 3640 2682 et

2061 2731 2298 2788 carnalis
2338 2730 2728 2799 concupiverat
2772 2743 2881 2793 res,
2928 2727 2982 2781 in
3027 2728 3108 2780 eis
3153 2725 3460 2779 somniasse
3505 2720 3637 2774 illud

2061 2823 2330 2886 futurum,
2350 2824 2403 2877 in
2424 2821 2635 2877 ventris
2659 2820 2869 2875 scilicet
2893 2828 3159 2872 eteorum
3185 2831 3306 2886 qum
3328 2815 3432 2869 sub
3454 2822 3643 2865 ventre

2062 2925 2194 2969 sunt
2220 2915 2449 2970 libidine
2468 2922 2532 2995 et
2558 2912 2815 2967 ubertate
2850 2929 2862 2964 :
2895 2911 2999 2965 hoc
3030 2916 3135 2973 est,
3166 2908 3307 2971 cibo,
3331 2917 3485 2974 potu,
3510 2919 3643 2959 con-

2065 3012 2259 3069 nubio.
2282 3022 2338 3065 et
2367 3011 2451 3081 (ut
2474 3009 2873 3064 absurilitatem
2901 3014 3107 3060 tantam
3134 3002 3400 3073 speciosis
3424 3008 3646 3054 ornaret

2066 3103 2271 3174 verbis)
2298 3103 2498 3157 diebus
2526 3100 2703 3165 fesnis,
2732 3098 3040 3157 sacriﬁciis,
3066 3104 3120 3149 et
3142 3096 3490 3149 victimarum
3524 3107 3641 3146 mav

2070 3194 2424 3251 ctationibus.
2458 3193 2572 3263 Ego
2602 3208 2733 3247 vero
2762 3192 3028 3260 abrogare
3059 3189 3263 3243 librum
3304 3200 3452 3248 eum,
3480 3198 3642 3253 quem

2070 3294 2269 3342 fratres
2296 3286 2455 3340 multi
2489 3286 2735 3341 studiose
2762 3285 2973 3353 legunt,
3006 3295 3115 3335 non
3139 3278 3352 3342 ausim;
3384 3277 3643 3346 majorem

386 3366 550 3480 ληψιν
601 3368 700 3438 τὴν
750 3370 882 3440 περὶ
933 3372 1102 3425 αὑτοῦ
1143 3371 1428 3443 λαμϐάνω.
1463 3377 1575 3429 Καὶ
1621 3376 1731 3447 γὰρ
1778 3380 1826 3432 εί
1887 3380 1961 3449 μὴ

2074 3389 2255 3434 autem
2280 3394 2443 3448 quam
2465 3393 2565 3446 pro
2591 3376 2855 3431 tenuitate
2881 3389 3000 3429 mea
3025 3373 3204 3433 decet,
3231 3370 3299 3424 de
3321 3386 3392 3427 eo
3417 3369 3643 3437 concepi

392 3458 644 3529 συνίημι,
675 3461 792 3512 ἀλλ’
820 3462 1031 3515 ὑπονοῶ
1064 3480 1126 3531 γε
1159 3465 1281 3518 νοῦν
1313 3483 1437 3520 τινα
1462 3466 1757 3541 βαθύτερον
1786 3474 1963 3539 ἐγκεῖ-

390 3548 514 3601 σθαι
539 3552 655 3612 τοῖς
697 3550 962 3621 ῥήμασιν’
996 3554 1095 3606 οὐκ
1126 3555 1241 3624 ἰδίῳ
1268 3555 1445 3609 ταῦτα
1475 3558 1690 3627 μετρῶν
1719 3561 1814 3612 καὶ
1839 3560 1962 3629 κρί-

387 3654 493 3689 νων
522 3637 797 3709 λογισμῴ,
834 3639 1017 3694 πίστει
1045 3641 1102 3694 δὲ
1142 3644 1204 3695 τὸ
1233 3645 1395 3698 πλέον
1435 3646 1645 3715 νέμων,
1701 3649 1964 3718 ὑψηλοτέ-

392 3729 556 3800 ρανῆ
594 3730 688 3783 ὑπ’
717 3731 854 3801 ἐμοῦ
900 3734 1327 3806 καταληφθῆναι
1383 3741 1666 3807 νενόμικα.
1717 3742 1827 3795 Καὶ
1865 3743 1963 3795 οὐκ

389 3823 782 3893 ἀποδοκιμάζω
811 3825 1008 3888 ταῦτα,
1038 3825 1073 3880 ἃ
1112 3827 1186 3898 μὴ
1226 3829 1572 3899 συνεώρακαο
1605 3832 1874 3902 θαυμάζω
1907 3834 1964 3889 δὲ

392 3914 594 3985 μᾶλλον
642 3917 726 3969 ὅτι
779 3918 854 3988 μὴ
899 3919 1159 3976 συνεῖδον.
1190 3939 1210 3972 ι
1272 3923 1398 3975 Ἐπὶ
1443 3921 1653 3986 τούτοις
1705 3923 1804 3994 τὴν
1834 3926 1964 3996 ὃλην

387 4006 492 4074 τῆς
522 4007 925 4077 ἀποκαλύψεως
956 4007 1258 4077 βασανίσας
1305 4011 1545 4082 γραφὴν,
1600 4013 1860 4067 ἀδύνατον
1908 4015 1966 4068 δὲ

391 4098 557 4168 αὐτὴν
590 4099 732 4151 κατὰ
765 4101 864 4172 τὴν
888 4101 1182 4172 πρόχειρον
1212 4102 1503 4168 ἀποδείξας
1540 4103 1785 4160 διάνοιαν
1827 4108 1968 4160 νοεῖ-

393 4189 534 4256 σθαι,
587 4192 844 4263 ἐπιφέρει
893 4192 1099 4259 λέγων’
1139 4210 1158 4244 ι
1189 4194 1527 4258 Συντελέσας
1582 4195 1640 4249 δὲ
1672 4198 1857 4251 πᾶσαν
1891 4198 1969 4262 ὡς

395 4284 572 4336 εἰπεῖν
600 4283 699 4354 τὴν
729 4285 1100 4355 προφητείαν,
1131 4288 1431 4357 μακαρίζει
1460 4290 1488 4341 ὁ
1517 4291 1808 4360 προφήτης
1837 4291 1966 4355 τούς

391 4393 449 4428 τε
475 4376 863 4461 φυλάσσοντας
879 4378 1071 4448 αὐτὴν,
1098 4383 1195 4435 καὶ
1221 4380 1286 4450 δὴ
1311 4382 1405 4435 καὶ
1432 4383 1643 4437 ἑαυτόν.
1675 4384 1969 4454 Μακάριος

393 4470 522 4539 γὰρ,
558 4471 744 4540 φησὶν,
786 4471 814 4523 ὀ
854 4471 1040 4540 τηρῶν
1069 4474 1196 4535 τοὺς
1242 4474 1434 4541 λόγους
1477 4476 1578 4547 τῆς
1628 4478 1969 4549 προφητείας

390 4561 485 4614 τοῦ
519 4562 725 4632 βιϐλίου
767 4562 994 4615 τούτου’
1033 4564 1191 4632 κάγὼ
1228 4565 1488 4632 Ἰωάννης
1530 4571 1558 4622 ὁ
1607 4568 1823 4637 βλέπων
1872 4570 1971 4624 καὶ

392 4654 610 4708 ἀκούων
643 4654 838 4710 ταῦτα.
885 4655 1189 4710 Καλεῖοθοιι
1229 4658 1328 4727 μὲν
1359 4655 1453 4713 οὖν
1481 4659 1742 4733 Ἰωάννην
1781 4665 1964 4730 αὐτὸν,

2069 3472 2407 3542 Opinionem.
2450 3470 2584 3524 Nam
2612 3471 2713 3524 etsi
2746 3484 2854 3522 non
2886 3468 3154 3532 intelligo.
3181 3465 3433 3533 suspicor
3463 3473 3643 3517 tamen

2069 3562 2318 3616 altiorem
2352 3560 2824 3627 secretioremque
2858 3557 2911 3610 in
2942 3555 3128 3610 verbis
3156 3555 3279 3625 ejus
3314 3554 3486 3607 latere
3517 3566 3646 3605 sen-

2068 3670 2212 3717 sum,
2256 3667 2494 3720 eumque
2531 3651 2693 3719 longe
2739 3648 3143 3710 sublimiorem,
3176 3660 3338 3716 quam
3390 3654 3449 3698 ut
3490 3659 3521 3698 a
3561 3659 3648 3698 me

2070 3745 2279 3814 percipi
2304 3750 2493 3810 queat.
2523 3741 2578 3796 Id
2611 3740 2758 3811 quod
2786 3756 2895 3794 non
2923 3738 3155 3817 arbitrio
3179 3752 3301 3791 meo
3318 3735 3530 3806 judico,
3551 3733 3648 3790 sed

2071 3837 2198 3892 fidei
2242 3835 2414 3906 magis
2461 3834 2666 3889 tribuo.
2708 3832 2829 3887 Non
2873 3830 3061 3903 rejicio
3098 3829 3322 3899 quidem
3369 3842 3491 3897 quae
3538 3842 3649 3879 non

2069 3927 2362 3999 perspicio,
2394 3925 2566 3995 magis
2608 3936 2791 3980 autem
2834 3925 3076 3980 admiror
3110 3921 3255 3993 quod
3295 3937 3405 3975 non
3451 3920 3653 3975 intelli-

2069 4035 2211 4091 gam.
2249 4018 2527 4073 «Postha'c
2551 4017 2826 4087 scriptura
2860 4016 3212 4071 revelationis
3244 4014 3393 4070 omni
3419 4013 3651 4082 diligen-

2071 4112 2183 4166 tius
2209 4120 2266 4167 et
2288 4110 2620 4179 exquisitius
2646 4124 2940 4179 perpensa,
2970 4106 3199 4177 intelligi
3232 4121 3340 4159 non
3370 4119 3529 4173 posse
3564 4104 3653 4158 de-

2071 4213 2358 4269 monstrat,
2395 4204 2436 4257 si
2469 4218 2595 4256 eum
2630 4217 2851 4257 sensum
2888 4209 3125 4270 spectes,
3157 4198 3250 4268 qui
3301 4198 3355 4251 in
3392 4205 3650 4266 promptu

2071 4297 2285 4367 positus
2310 4299 2561 4363 videtur;
2604 4302 2667 4350 ac
2694 4294 2893 4350 deinde
2930 4294 3095 4348 refert
3120 4310 3135 4348 :
3173 4310 3191 4342 ι
3218 4290 3477 4344 Absoluta
3498 4304 3650 4356 vero,

2073 4396 2136 4442 ut
2164 4388 2238 4442 ita
2270 4386 2474 4453 dicam,
2507 4385 2793 4457 prophetia
2835 4385 3110 4444 universa,
3147 4382 3340 4437 beatos
3383 4381 3650 4450 propheta

2072 4478 2502 4545 renuntiat,.qui
2528 4492 2649 4530 eam
2678 4475 3044 4537 servaverint,
3078 4490 3248 4543 seque
3279 4474 3418 4527 adeo
3446 4473 3650 4540 ipsum.

2077 4570 2274 4624 Beatus
2318 4570 2491 4633 enim,
2532 4568 2731 4638 inquit,
2777 4568 2871 4639 qui
2919 4577 3102 4621 servat
3142 4567 3309 4622 verba
3349 4565 3655 4636 prephetiac

2074 4663 2202 4719 libri
2236 4662 2432 4734 hujus;
2471 4671 2526 4715 et
2561 4676 2662 4731 ego
2694 4659 2956 4726 Joannes,
2991 4658 3081 4729 qui
3115 4670 3170 4714 et
3200 4658 3311 4713 vidi
3351 4667 3407 4713 et
3445 4658 3654 4713 audivi.

393 4749 490 4801 καὶ
527 4741 671 4801 εἶναι
698 4747 798 4819 τὴν
820 4748 1042 4819 γραφὴν
1063 4748 1318 4804 Ἰωάννου
1344 4751 1571 4823 ταύτην,
1604 4753 1707 4805 οὐκ
1731 4754 1961 4822 ἀντερῶ.

2072 4757 2270 4813 Vocari
2312 4754 2534 4824 quidem
2565 4753 2831 4808 Joannem
2858 4769 3009 4813 eum,
3036 4761 3092 4807 et
3113 4752 3341 4807 Joannis
3365 4767 3487 4806 esse
3522 4754 3658 4805 scri-

404 4846 591 4914 Ἃγίου
618 4846 718 4917 μὲν
744 4847 853 4916 γὰρ
875 4843 1017 4899 εἶναί
1037 4863 1182 4907 τινος
1200 4845 1297 4898 καὶ
1321 4844 1682 4899 θεοπνεύστου
1709 4846 1965 4901 συναινῶο

334 4986 339 4989 ,
394 4937 453 4990 οὐ
488 4936 599 5007 μὴν
630 4930 831 5008 ῥαδίως
861 4936 928 4991 ἂν
965 4938 1267 5008 συνθείμην
1307 4937 1497 4991 τοῦτον
1523 4934 1663 4992 εἶναι
1702 4939 1796 4992 τὸν
1830 4938 1970 4992 ἁπό-

328 5034 334 5045 ”
396 5029 606 5089 στολον,
637 5029 730 5081 τὸν
775 5029 889 5082 υἱὸν
924 5029 1240 5092 Ζεϐεδαίου,
1280 5012 1373 5083 τὸν
1418 5030 1649 5099 ἀδελφὸν
1680 5030 1966 5093 Ἰακώϐου,

394 5113 456 5171 οῦ
485 5119 546 5170 τὸ
598 5117 931 5187 Εὐαγγέλιω
962 5118 1023 5170 τὸ
1049 5117 1191 5171 κατὰ
1239 5118 1498 5187 Ἰωάννην
1548 5119 1968 5189 ἐπιγεγραμμέσ

395 5228 505 5277 νον,
551 5210 642 5263 καὶ
674 5211 706 5279 ἠ
741 5209 1000 5279 ἐπιστολὴ
1031 5212 1061 5280 ἡ
1095 5207 1401 5279 Καθολιχή.
1438 5210 1824 5280 Τεκμαίρομαι
1858 5210 1968 5281 γὰρ

396 5306 460 5359 ἐκ
505 5322 565 5357 τε
623 5305 717 5356 τοῦ
761 5304 925 5376 ἤθους
959 5304 1260 5372 ἑκατέρων,
1304 5304 1400 5357 καὶ
1428 5302 1524 5357 τοῦ
1551 5304 1658 5356 τῶν
1689 5304 1865 5371 λόγων
1893 5303 1974 5373 εί-

396 5398 548 5462 δους,
595 5399 691 5449 καὶ
736 5401 836 5466 τῆς
874 5398 967 5448 τοῦ
1018 5396 1229 5467 βιϐλίου
1261 5396 1605 5466 διεξαγωγής
1633 5397 1968 5467 λεγομένης,

402 5490 479 5562 μὴ
504 5494 597 5543 τδν
632 5490 793 5542 αὑτὸν
825 5485 981 5544 εἶναι.
1034 5491 1091 5544 Ὀ
1129 5491 1228 5558 μὲν
1274 5493 1384 5561 γὰρ
1427 5491 1826 5561 εὐαγγελιστὴς
1881 5493 1974 5546 οὐ..

397 5582 570 5652 δαμοῦ
607 5584 667 5634 τὸ
693 5581 865 5653 ἔννομα
892 5583 1060 5635 αὐτοῦ
1101 5583 1510 5651 παρεγγράφει,
1552 5584 1671 5637 οὐδὲ
1700 5582 1974 5653 κηρύσσει

399 5677 591 5729 ἑαυτὸν
635 5674 760 5729 οὔτε
794 5677 882 5729 διὰ
915 5677 1005 5729 τοῦ
1040 5677 1406 5745 Εὑαγγελίου,
1439 5676 1563 5730 οὔτε
1603 5678 1692 5731 διὰ
1718 5678 1818 5747 τῆς
1845 5680 1973 5731 ἑπι-

401 5768 616 5835 στολῆς.
669 5788 689 5821 ι
749 5769 857 5822 Καὶ
916 5771 1112 5840 μικρὸν
1165 5771 1519 5835 ὑποκαταϐὰς
1568 5771 1732 5825 πάλιν
1781 5770 1968 5840 λέγει·

408 5876 428 5908 ι
455 5860 714 5925 Ἰωάννης
761 5860 818 5915 δὲ
864 5860 1126 5928 οὐδαμοῦ,
1167 5861 1275 5918 οὐδ’
1317 5860 1392 5926 ὡς
1433 5862 1565 5930 περὶ
1615 5860 1829 5931 ἑτέρου,
1860 5860 1972 5916 οὐδ’

2074 4856 2230 4918 ptum
2256 4845 2332 4911 id,
2349 4862 2455 4899 non
2482 4860 2747 4915 repugno.
2772 4845 2839 4899 Et
2859 4844 3032 4900 sancti
3057 4845 3286 4915 alicujus
3304 4860 3370 4898 ac
3392 4845 3657 4898 divinitus
3764 4874 3775 4889 ι

2077 4937 2242 4993 amati
2270 4936 2373 4991 viri
2404 4952 2524 4992 esse
2552 4937 2860 5002 assentior;
2892 4952 3001 4990 non
3034 4936 3190 4991 facile
3216 4946 3396 4991 tamen
3423 4936 3656 5006 apostoli

2076 5046 2198 5087 esse
2224 5029 2613 5096 concesserim,
2637 5028 2732 5083 lilii
2754 5028 3028 5093 Zebedazi,
3053 5028 3242 5084 fratris
3263 5028 3476 5093 Jacobi,
3501 5026 3660 5096 cujus

2077 5114 2434 5194 Evangelium
2453 5130 2536 5176 est
2552 5122 2699 5190 quod
2720 5121 3026 5175 secundum
3043 5120 3306 5176 Joannem
3328 5120 3665 5189 inscriptum

2079 5228 2184 5284 est,
2200 5228 2256 5272 et
2274 5216 2505 5288 epistola
2528 5215 2819 5270 catholica.
2836 5215 3222 5284 Conjecturam
3244 5214 3391 5269 enim
3411 5213 3573 5277 facio,
3593 5227 3659 5265 ex

2082 5320 2444 5379 utrorumque
2466 5311 2796 5379 scriptorum
2818 5318 3041 5368 moreet
3066 5308 3269 5372 indole,
3285 5322 3351 5360 ex
3372 5305 3659 5359 verborum

2079 5403 2279 5469 forma,
2299 5411 2355 5458 et
2374 5419 2441 5458 ex
2466 5403 2641 5474 ipsius
2661 5401 2786 5457 libri
2809 5402 3001 5464 ductu,
3027 5400 3175 5455 illius
3200 5415 3306 5453 non
3329 5414 3471 5453 esse.
3495 5397 3662 5469 416

2082 5492 2162 5548 Ac
2181 5494 2527 5565 Evangelista
2550 5495 2771 5567 quidem
2794 5509 3063 5564 nusquam
3089 5508 3287 5546 nomen
3310 5507 3469 5545 suum
3493 5489 3662 5545 ascri-

2082 5586 2204 5642 bit:
2238 5602 2419 5658 neque
2467 5587 2710 5656 seipsum
2750 5588 2837 5642 vel
2874 5588 2927 5641 in
2964 5584 3278 5654 Evangelia,
3312 5584 3398 5638 vel
3445 5584 3498 5636 in
3546 5580 3664 5647 epi-

2082 5678 2221 5733 stola
2256 5677 2643 5747 deprzedicat.»
2667 5677 2736 5732 Et
2758 5676 3041 5747 paululum
3077 5690 3403 5746 progressus
3434 5688 3658 5727 rursum

2082 5769 2301 5840 inquit:
2327 5768 2850 5841 «Joannesquidem
2879 5781 3369 5840 nusquam,ueque
3400 5775 3660 5835 tanquam

2082 5862 2150 5920 de
2179 5862 2309 5932 alio,
2350 5876 2528 5935 neque
2559 5873 2821 5934 tanquam
2858 5862 2929 5919 de
2958 5863 3169 5934 seipse;
3204 5861 3299 5933 qui
3339 5872 3473 5917 vero
3521 5859 3660 5928 Apo-
