  <div class='ocr_page' id='page_1' title='image "/cluster/home/n/w/nwhite01/storage/ocr_20150623/145:no.1/coo.31924054870500/595.png"; bbox 0 0 4052 6434; ppageno 0'>
   <div class='ocr_carea' id='block_1_1' title="bbox 432 382 3698 503">
    <p class='ocr_par' dir='ltr' id='par_1_1' title="bbox 432 382 3698 503">
     <span class='ocr_line' id='line_1_1' title="bbox 432 382 3698 503; baseline 0.017 -57"><span class='ocrx_word' id='word_1_1' title='bbox 432 382 570 451; x_wconf 77' lang='grc'><strong><em>1175</em></strong></span> <span class='ocrx_word' id='word_1_2' title='bbox 1665 404 2091 473; x_wconf 82' lang='lat' dir='ltr'><strong><em>NICEPHORI</em></strong></span> <span class='ocrx_word' id='word_1_3' title='bbox 2129 413 2479 480; x_wconf 72' lang='lat' dir='ltr'><strong><em>CALLISTI</em></strong></span> <span class='ocrx_word' id='word_1_4' title='bbox 3566 432 3698 503; x_wconf 75' lang='lat'><strong><em>“76</em></strong></span> 
     </span>
    </p>
   </div>
   <div class='ocr_carea' id='block_1_2' title="bbox 425 507 2003 621">
    <p class='ocr_par' dir='ltr' id='par_1_2' title="bbox 425 507 2003 595">
     <span class='ocr_line' id='line_1_2' title="bbox 425 507 2003 595; baseline 0.014 -36"><span class='ocrx_word' id='word_1_5' title='bbox 425 507 687 577; x_wconf 68' lang='lat' dir='ltr'><strong><em>calypstrn</em></strong></span> <span class='ocrx_word' id='word_1_6' title='bbox 718 509 965 579; x_wconf 81' lang='lat' dir='ltr'><strong><em>scripsit,</em></strong></span> <span class='ocrx_word' id='word_1_7' title='bbox 1000 513 1186 568; x_wconf 87' lang='lat' dir='ltr'><strong><em>statim</em></strong></span> <span class='ocrx_word' id='word_1_8' title='bbox 1220 529 1247 569; x_wconf 88' lang='lat' dir='ltr'><strong><em>a</em></strong></span> <span class='ocrx_word' id='word_1_9' title='bbox 1280 516 1561 589; x_wconf 85' lang='lat' dir='ltr'><strong><em>principio</em></strong></span> <span class='ocrx_word' id='word_1_10' title='bbox 1590 521 1836 593; x_wconf 87' lang='lat' dir='ltr'><strong><em>seipsum</em></strong></span> <span class='ocrx_word' id='word_1_11' title='bbox 1871 539 2003 595; x_wconf 67' lang='lat' dir='ltr'><strong><em>prae-</em></strong></span> 
     </span>
    </p>
   </div>
   <div class='ocr_carea' id='block_1_3' title="bbox 2104 507 3702 621">
    <p class='ocr_par' dir='ltr' id='par_1_3' title="bbox 2121 530 3702 621">
     <span class='ocr_line' id='line_1_3' title="bbox 2121 530 3702 621; baseline 0.016 -38"><span class='ocrx_word' id='word_1_12' title='bbox 2121 530 2198 594; x_wconf 85' lang='grc' dir='ltr'><em>ὡς</em></span> <span class='ocrx_word' id='word_1_13' title='bbox 2230 533 2362 604; x_wconf 75' lang='grc' dir='ltr'><em>περὶ</em></span> <span class='ocrx_word' id='word_1_14' title='bbox 2387 535 2620 600; x_wconf 79' lang='grc' dir='ltr'><em>ἑαυτοῦ,</em></span> <span class='ocrx_word' id='word_1_15' title='bbox 2669 537 2698 591; x_wconf 86' lang='grc' dir='ltr'><strong><em>ό</em></strong></span> <span class='ocrx_word' id='word_1_16' title='bbox 2739 537 2797 592; x_wconf 75' lang='grc' dir='ltr'><strong><em>δὲ</em></strong></span> <span class='ocrx_word' id='word_1_17' title='bbox 2826 539 2927 611; x_wconf 79' lang='grc' dir='ltr'><em>τὴν</em></span> <span class='ocrx_word' id='word_1_18' title='bbox 2958 539 3328 617; x_wconf 74' lang='grc' dir='ltr'><em>Ἀποκάλυψιν</em></span> <span class='ocrx_word' id='word_1_19' title='bbox 3356 550 3575 621; x_wconf 75' lang='grc' dir='ltr'><em>γράψας</em></span> <span class='ocrx_word' id='word_1_20' title='bbox 3611 558 3702 611; x_wconf 73' lang='grc' dir='ltr'><strong><em>εὑ.</em></strong></span> 
     </span>
    </p>
   </div>
   <div class='ocr_carea' id='block_1_4' title="bbox 425 601 2003 716">
    <p class='ocr_par' dir='ltr' id='par_1_4' title="bbox 425 601 2003 716">
     <span class='ocr_line' id='line_1_4' title="bbox 425 601 2003 716; baseline 0.014 -65"><span class='ocrx_word' id='word_1_21' title='bbox 425 603 630 716; x_wconf 41' lang='grc' dir='ltr'><em>ιλοιιὶιτ</em></span> <span class='ocrx_word' id='word_1_22' title='bbox 674 601 1017 674; x_wconf 81' lang='lat' dir='ltr'><strong><em>Apocalypsis</em></strong></span> <span class='ocrx_word' id='word_1_23' title='bbox 1072 606 1198 661; x_wconf 86' lang='lat' dir='ltr'><strong><em>Jesn</em></strong></span> <span class='ocrx_word' id='word_1_24' title='bbox 1244 608 1479 675; x_wconf 77' lang='lat' dir='ltr'><strong><em>Christi,</em></strong></span> <span class='ocrx_word' id='word_1_25' title='bbox 1528 629 1688 683; x_wconf 83' lang='lat' dir='ltr'><strong><em>quam</em></strong></span> <span class='ocrx_word' id='word_1_26' title='bbox 1738 617 1880 671; x_wconf 85' lang='lat' dir='ltr'><strong><em>dedit</em></strong></span> <span class='ocrx_word' id='word_1_27' title='bbox 1930 619 2003 673; x_wconf 79' lang='lat' dir='ltr'><strong><em>illi</em></strong></span> 
     </span>
    </p>
   </div>
   <div class='ocr_carea' id='block_1_5' title="bbox 2104 601 3699 716">
    <p class='ocr_par' dir='ltr' id='par_1_5' title="bbox 2120 601 3699 716">
     <span class='ocr_line' id='line_1_5' title="bbox 2120 601 3699 716; baseline 0.018 -43"><span class='ocrx_word' id='word_1_28' title='bbox 2120 621 2216 685; x_wconf 78' lang='grc' dir='ltr'><strong><em>θός</em></strong></span> <span class='ocrx_word' id='word_1_29' title='bbox 2248 601 2320 676; x_wconf 32' lang='grc' dir='ltr'><em>τε-</em></span> <span class='ocrx_word' id='word_1_30' title='bbox 2361 626 2421 678; x_wconf 77' lang='grc' dir='ltr'><em>ἐν</em></span> <span class='ocrx_word' id='word_1_31' title='bbox 2471 628 2615 697; x_wconf 84' lang='grc' dir='ltr'><strong><em>ἀρχῇ</em></strong></span> <span class='ocrx_word' id='word_1_32' title='bbox 2666 601 3699 716; x_wconf 44' lang='grc' dir='ltr'><em>ἑαυτὸν-προτάσσεν.Ἀποκάλυιιῖις</em></span> 
     </span>
    </p>
   </div>
   <div class='ocr_carea' id='block_1_6' title="bbox 421 690 2003 807">
    <p class='ocr_par' dir='ltr' id='par_1_6' title="bbox 421 690 2003 807">
     <span class='ocr_line' id='line_1_6' title="bbox 421 690 2003 779; baseline 0.015 -37"><span class='ocrx_word' id='word_1_33' title='bbox 421 690 585 751; x_wconf 85' lang='lat' dir='ltr'><strong><em>Deus.</em></strong></span> <span class='ocrx_word' id='word_1_34' title='bbox 612 696 792 764; x_wconf 84' lang='lat' dir='ltr'><strong><em>palam</em></strong></span> <span class='ocrx_word' id='word_1_35' title='bbox 815 696 992 765; x_wconf 81' lang='lat' dir='ltr'><strong><em>facere</em></strong></span> <span class='ocrx_word' id='word_1_36' title='bbox 1015 700 1178 754; x_wconf 92' lang='lat' dir='ltr'><strong><em>servis</em></strong></span> <span class='ocrx_word' id='word_1_37' title='bbox 1202 703 1315 755; x_wconf 88' lang='lat' dir='ltr'><strong><em>suis</em></strong></span> <span class='ocrx_word' id='word_1_38' title='bbox 1331 702 1589 771; x_wconf 70' lang='lat' dir='ltr'><strong><em>celeriter,</em></strong></span> <span class='ocrx_word' id='word_1_39' title='bbox 1619 709 2003 779; x_wconf 79' lang='lat' dir='ltr'><strong><em>et-signt&#39;ﬁcavit</em></strong></span> 
     </span>
     <span class='ocr_line' id='line_1_7' title="bbox 421 783 1861 807; baseline 0 0"><span class='ocrx_word' id='word_1_40' title='bbox 421 783 635 807; x_wconf 65' lang='grc' dir='ltr'><strong><em>...ἐι--..-</em></strong></span> <span class='ocrx_word' id='word_1_41' title='bbox 687 802 776 807; x_wconf 57' lang='grc' dir='ltr'><strong><em>μ---</em></strong></span> <span class='ocrx_word' id='word_1_42' title='bbox 843 787 1021 807; x_wconf 25' lang='lat' dir='ltr'><strong><em>~-__Al,,</em></strong></span> <span class='ocrx_word' id='word_1_43' title='bbox 1070 806 1073 807; x_wconf 67' lang='lat'>,</span> <span class='ocrx_word' id='word_1_44' title='bbox 1676 798 1699 807; x_wconf 71' lang='grc' dir='ltr'><strong><em>ο</em></strong></span> <span class='ocrx_word' id='word_1_45' title='bbox 1851 804 1861 807; x_wconf 89' lang='grc'><strong><em>-</em></strong></span> 
     </span>
    </p>
   </div>
   <div class='ocr_carea' id='block_1_7' title="bbox 2104 690 3699 807">
    <p class='ocr_par' dir='ltr' id='par_1_7' title="bbox 2114 690 3699 807">
     <span class='ocr_line' id='line_1_8' title="bbox 2510 690 3690 716; baseline 0.004 -5"><span class='ocrx_word' id='word_1_46' title='bbox 2510 690 2522 697; x_wconf 89' lang='grc'><em>”</em></span> <span class='ocrx_word' id='word_1_47' title='bbox 2549 690 2615 697; x_wconf 85' lang='grc'><strong><em>’“··</em></strong></span> <span class='ocrx_word' id='word_1_48' title='bbox 2955 690 2966 700; x_wconf 84' lang='grc'><strong>⁸</strong></span> <span class='ocrx_word' id='word_1_49' title='bbox 3295 690 3690 716; x_wconf 66' lang='grc' dir='ltr'><strong><em>⁷““”’⁷’⁷⁷’⁷1”’“ι</em></strong></span> 
     </span>
     <span class='ocr_line' id='line_1_9' title="bbox 2114 716 3699 807; baseline 0.015 -37"><span class='ocrx_word' id='word_1_50' title='bbox 2114 716 2317 785; x_wconf 85' lang='grc' dir='ltr'><strong><em>Ἰησοῦ</em></strong></span> <span class='ocrx_word' id='word_1_51' title='bbox 2373 721 2638 788; x_wconf 80' lang='grc' dir='ltr'><strong><em>Χριστοῦ</em></strong></span> <span class='ocrx_word' id='word_1_52' title='bbox 2660 766 2674 789; x_wconf 95' lang='grc'><strong><em>,</em></strong></span> <span class='ocrx_word' id='word_1_53' title='bbox 2718 722 2802 791; x_wconf 78' lang='grc' dir='ltr'><em>ἣν</em></span> <span class='ocrx_word' id='word_1_54' title='bbox 2846 725 3074 782; x_wconf 76' lang='grc' dir='ltr'><em>ἔδωκεν</em></span> <span class='ocrx_word' id='word_1_55' title='bbox 3111 731 3275 796; x_wconf 84' lang='grc' dir='ltr'><em>αὐτῷ</em></span> <span class='ocrx_word' id='word_1_56' title='bbox 3327 733 3521 800; x_wconf 80' lang='grc' dir='ltr'><em>δεῖξαι</em></span> <span class='ocrx_word' id='word_1_57' title='bbox 3569 724 3699 807; x_wconf 77' lang='grc' dir='ltr'><em>τοῖς</em></span> 
     </span>
    </p>
   </div>
   <div class='ocr_carea' id='block_1_8' title="bbox 421 783 2003 894">
    <p class='ocr_par' dir='ltr' id='par_1_8' title="bbox 421 783 2003 874">
     <span class='ocr_line' id='line_1_10' title="bbox 421 783 2003 874; baseline 0.015 -41"><span class='ocrx_word' id='word_1_58' title='bbox 421 783 635 838; x_wconf 85' lang='lat' dir='ltr'><strong><em>mittens</em></strong></span> <span class='ocrx_word' id='word_1_59' title='bbox 681 802 776 854; x_wconf 88' lang='lat' dir='ltr'><strong><em>per</em></strong></span> <span class='ocrx_word' id='word_1_60' title='bbox 831 787 1080 859; x_wconf 83' lang='lat' dir='ltr'><strong><em>angelum</em></strong></span> <span class='ocrx_word' id='word_1_61' title='bbox 1129 808 1286 846; x_wconf 86' lang='lat' dir='ltr'><strong><em>suum</em></strong></span> <span class='ocrx_word' id='word_1_62' title='bbox 1336 811 1484 850; x_wconf 89' lang='lat' dir='ltr'><strong><em>servo</em></strong></span> <span class='ocrx_word' id='word_1_63' title='bbox 1529 814 1626 851; x_wconf 86' lang='lat' dir='ltr'><strong><em>suo</em></strong></span> <span class='ocrx_word' id='word_1_64' title='bbox 1661 798 1882 861; x_wconf 88' lang='lat' dir='ltr'><strong><em>Joanni,</em></strong></span> <span class='ocrx_word' id='word_1_65' title='bbox 1921 807 2003 874; x_wconf 81' lang='lat' dir='ltr'><strong><em>qui</em></strong></span> 
     </span>
    </p>
   </div>
   <div class='ocr_carea' id='block_1_9' title="bbox 2104 783 3697 894">
    <p class='ocr_par' dir='ltr' id='par_1_9' title="bbox 2114 783 3697 894">
     <span class='ocr_line' id='line_1_11' title="bbox 2114 783 3697 894; baseline 0.016 -31"><span class='ocrx_word' id='word_1_66' title='bbox 2114 783 2362 879; x_wconf 83' lang='grc' dir='ltr'><em>δούλοις</em></span> <span class='ocrx_word' id='word_1_67' title='bbox 2391 783 2582 870; x_wconf 71' lang='grc' dir='ltr'><em>αὑτοῦ</em></span> <span class='ocrx_word' id='word_1_68' title='bbox 2605 783 2676 869; x_wconf 78' lang='grc' dir='ltr'><em>ἐν</em></span> <span class='ocrx_word' id='word_1_69' title='bbox 2709 783 2879 887; x_wconf 77' lang='grc' dir='ltr'><em>τάχει</em></span> <span class='ocrx_word' id='word_1_70' title='bbox 2898 837 2912 852; x_wconf 75' lang='grc' dir='ltr'><strong>ο</strong></span> <span class='ocrx_word' id='word_1_71' title='bbox 2938 823 3038 875; x_wconf 75' lang='grc' dir='ltr'><em>καὶ</em></span> <span class='ocrx_word' id='word_1_72' title='bbox 3070 783 3389 894; x_wconf 62' lang='grc' dir='ltr'><em>ἐσήμανεν</em></span> <span class='ocrx_word' id='word_1_73' title='bbox 3402 783 3697 888; x_wconf 43' lang='grc' dir='ltr'><em>ἑξοστἓί</em></span> 
     </span>
    </p>
   </div>
   <div class='ocr_carea' id='block_1_10' title="bbox 421 876 2003 984">
    <p class='ocr_par' dir='ltr' id='par_1_10' title="bbox 421 876 2003 964">
     <span class='ocr_line' id='line_1_12' title="bbox 421 876 2003 964; baseline 0.015 -38"><span class='ocrx_word' id='word_1_74' title='bbox 421 876 780 939; x_wconf 83' lang='lat' dir='ltr'><strong><em>testimonium</em></strong></span> <span class='ocrx_word' id='word_1_75' title='bbox 810 882 1072 948; x_wconf 76' lang='lat' dir='ltr'><strong><em>perhibuit</em></strong></span> <span class='ocrx_word' id='word_1_76' title='bbox 1104 885 1257 941; x_wconf 83' lang='lat' dir='ltr'><strong><em>verba</em></strong></span> <span class='ocrx_word' id='word_1_77' title='bbox 1288 886 1404 952; x_wconf 84' lang='lat' dir='ltr'><strong><em>Dei,</em></strong></span> <span class='ocrx_word' id='word_1_78' title='bbox 1431 899 1480 943; x_wconf 92' lang='lat' dir='ltr'><strong><em>et</em></strong></span> <span class='ocrx_word' id='word_1_79' title='bbox 1512 893 1871 948; x_wconf 86' lang='lat' dir='ltr'><strong><em>testimonium</em></strong></span> <span class='ocrx_word' id='word_1_80' title='bbox 1899 897 2003 964; x_wconf 78' lang='lat' dir='ltr'><strong><em>ejus</em></strong></span> 
     </span>
    </p>
   </div>
   <div class='ocr_carea' id='block_1_11' title="bbox 2104 876 3693 984">
    <p class='ocr_par' dir='ltr' id='par_1_11' title="bbox 2111 876 3693 984">
     <span class='ocr_line' id='line_1_13' title="bbox 2111 876 3693 984; baseline 0.015 -31"><span class='ocrx_word' id='word_1_81' title='bbox 2111 904 2229 967; x_wconf 86' lang='grc' dir='ltr'><strong><em>λας</em></strong></span> <span class='ocrx_word' id='word_1_82' title='bbox 2286 876 2385 956; x_wconf 69' lang='grc' dir='ltr'><strong><em>διὰ</em></strong></span> <span class='ocrx_word' id='word_1_83' title='bbox 2440 904 2552 958; x_wconf 85' lang='grc' dir='ltr'><em>τοῦ</em></span> <span class='ocrx_word' id='word_1_84' title='bbox 2589 876 2853 975; x_wconf 63' lang='grc' dir='ltr'><em>ἀγγέλου</em></span> <span class='ocrx_word' id='word_1_85' title='bbox 2896 911 3088 967; x_wconf 85' lang='grc' dir='ltr'><em>αὐτοῦ</em></span> <span class='ocrx_word' id='word_1_86' title='bbox 3119 876 3451 984; x_wconf 27' lang='grc' dir='ltr'><em>τξῄόούλῳ</em></span> <span class='ocrx_word' id='word_1_87' title='bbox 3504 876 3693 977; x_wconf 52' lang='grc' dir='ltr'><em>αυτοῦ</em></span> 
     </span>
    </p>
   </div>
   <div class='ocr_carea' id='block_1_12' title="bbox 417 969 2006 1049">
    <p class='ocr_par' dir='ltr' id='par_1_12' title="bbox 417 969 2006 1049">
     <span class='ocr_line' id='line_1_14' title="bbox 417 969 2006 1049; baseline 0.015 -34"><span class='ocrx_word' id='word_1_88' title='bbox 417 978 748 1036; x_wconf 69' lang='lat' dir='ltr'><strong><em>quiscunque</em></strong></span> <span class='ocrx_word' id='word_1_89' title='bbox 781 969 937 1024; x_wconf 87' lang='lat' dir='ltr'><strong><em>vidit.</em></strong></span> <span class='ocrx_word' id='word_1_90' title='bbox 975 971 1392 1031; x_wconf 61' lang='lat' dir='ltr'><strong><em>Deinde&#39;etiam</em></strong></span> <span class='ocrx_word' id='word_1_91' title='bbox 1432 980 1726 1049; x_wconf 76' lang='lat' dir='ltr'><strong><em>epistolam</em></strong></span> <span class='ocrx_word' id='word_1_92' title='bbox 1763 984 1958 1038; x_wconf 89' lang='lat' dir='ltr'><strong><em>scribit</em></strong></span> <span class='ocrx_word' id='word_1_93' title='bbox 1990 1001 2006 1039; x_wconf 85' lang='lat'><strong>:</strong></span> 
     </span>
    </p>
   </div>
   <div class='ocr_carea' id='block_1_13' title="bbox 416 1055 2008 1144">
    <p class='ocr_par' dir='ltr' id='par_1_13' title="bbox 416 1055 2008 1144">
     <span class='ocr_line' id='line_1_15' title="bbox 416 1055 2008 1144; baseline 0.015 -37"><span class='ocrx_word' id='word_1_94' title='bbox 416 1055 650 1112; x_wconf 73' lang='lat' dir='ltr'><strong><em>Joannes</em></strong></span> <span class='ocrx_word' id='word_1_95' title='bbox 697 1070 899 1129; x_wconf 85' lang='lat' dir='ltr'><strong><em>septem</em></strong></span> <span class='ocrx_word' id='word_1_96' title='bbox 947 1064 1177 1121; x_wconf 82' lang='lat' dir='ltr'><strong><em>ecclesiis</em></strong></span> <span class='ocrx_word' id='word_1_97' title='bbox 1221 1070 1276 1122; x_wconf 89' lang='lat' dir='ltr'><strong><em>in</em></strong></span> <span class='ocrx_word' id='word_1_98' title='bbox 1323 1072 1489 1139; x_wconf 79' lang='lat' dir='ltr'><strong><em>Asia,</em></strong></span> <span class='ocrx_word' id='word_1_99' title='bbox 1538 1076 1721 1144; x_wconf 83' lang='lat' dir='ltr'><strong><em>gratia</em></strong></span> <span class='ocrx_word' id='word_1_100' title='bbox 1768 1077 1913 1130; x_wconf 84' lang='lat' dir='ltr'><strong><em>vobis</em></strong></span> <span class='ocrx_word' id='word_1_101' title='bbox 1959 1086 2008 1131; x_wconf 87' lang='lat' dir='ltr'><strong><em>et</em></strong></span> 
     </span>
    </p>
   </div>
   <div class='ocr_carea' id='block_1_14' title="bbox 415 1152 2008 1240">
    <p class='ocr_par' dir='ltr' id='par_1_14' title="bbox 415 1152 2008 1240">
     <span class='ocr_line' id='line_1_16' title="bbox 415 1152 2008 1240; baseline 0.015 -39"><span class='ocrx_word' id='word_1_102' title='bbox 415 1167 525 1221; x_wconf 71' lang='lat' dir='ltr'><strong><em>pax</em></strong></span> <span class='ocrx_word' id='word_1_103' title='bbox 553 1152 621 1206; x_wconf 79' lang='grc'><strong><em>⁵⁷.</em></strong></span> <span class='ocrx_word' id='word_1_104' title='bbox 650 1152 999 1224; x_wconf 78' lang='lat' dir='ltr'><strong><em>Evangelista</em></strong></span> <span class='ocrx_word' id='word_1_105' title='bbox 1030 1167 1240 1221; x_wconf 89' lang='lat' dir='ltr'><strong><em>autem,</em></strong></span> <span class='ocrx_word' id='word_1_106' title='bbox 1270 1177 1451 1233; x_wconf 88' lang='lat' dir='ltr'><strong><em>neque</em></strong></span> <span class='ocrx_word' id='word_1_107' title='bbox 1492 1166 1547 1219; x_wconf 92' lang='lat' dir='ltr'><strong><em>in</em></strong></span> <span class='ocrx_word' id='word_1_108' title='bbox 1585 1168 1858 1223; x_wconf 86' lang='lat' dir='ltr'><strong><em>catholica</em></strong></span> <span class='ocrx_word' id='word_1_109' title='bbox 1890 1172 2008 1240; x_wconf 82' lang='lat' dir='ltr'><strong><em>epi-</em></strong></span> 
     </span>
    </p>
   </div>
   <div class='ocr_carea' id='block_1_15' title="bbox 414 1244 2007 1335">
    <p class='ocr_par' dir='ltr' id='par_1_15' title="bbox 414 1244 2007 1335">
     <span class='ocr_line' id='line_1_17' title="bbox 414 1244 2007 1335; baseline 0.014 -37"><span class='ocrx_word' id='word_1_110' title='bbox 414 1244 555 1299; x_wconf 84' lang='lat' dir='ltr'><strong><em>stola</em></strong></span> <span class='ocrx_word' id='word_1_111' title='bbox 589 1261 792 1303; x_wconf 85' lang='lat' dir='ltr'><strong>nomen</strong></span> <span class='ocrx_word' id='word_1_112' title='bbox 824 1263 984 1303; x_wconf 91' lang='lat' dir='ltr'><strong><em>suum</em></strong></span> <span class='ocrx_word' id='word_1_113' title='bbox 1017 1255 1307 1322; x_wconf 68' lang='lat' dir='ltr'><strong><em>praemisit,</em></strong></span> <span class='ocrx_word' id='word_1_114' title='bbox 1337 1273 1532 1314; x_wconf 87' lang='lat' dir='ltr'><strong><em>verum</em></strong></span> <span class='ocrx_word' id='word_1_115' title='bbox 1568 1262 1834 1318; x_wconf 80' lang='lat' dir='ltr'><strong><em>ineﬂ‘abili</em></strong></span> <span class='ocrx_word' id='word_1_116' title='bbox 1867 1281 2007 1335; x_wconf 87' lang='lat' dir='ltr'><strong><em>quo-</em></strong></span> 
     </span>
    </p>
   </div>
   <div class='ocr_carea' id='block_1_16' title="bbox 413 1340 2007 1426">
    <p class='ocr_par' dir='ltr' id='par_1_16' title="bbox 413 1340 2007 1426">
     <span class='ocr_line' id='line_1_18' title="bbox 413 1340 2007 1426; baseline 0.016 -38"><span class='ocrx_word' id='word_1_117' title='bbox 413 1341 537 1390; x_wconf 71' lang='lat' dir='ltr'><strong><em>utam</em></strong></span> <span class='ocrx_word' id='word_1_118' title='bbox 571 1340 735 1393; x_wconf 83' lang='lat' dir='ltr'><strong><em>modo</em></strong></span> <span class='ocrx_word' id='word_1_119' title='bbox 769 1340 841 1395; x_wconf 88' lang='lat' dir='ltr'><strong><em>ab</em></strong></span> <span class='ocrx_word' id='word_1_120' title='bbox 874 1341 994 1411; x_wconf 89' lang='lat' dir='ltr'><strong><em>ipso</em></strong></span> <span class='ocrx_word' id='word_1_121' title='bbox 1049 1344 1235 1399; x_wconf 87' lang='lat' dir='ltr'><strong><em>statim</em></strong></span> <span class='ocrx_word' id='word_1_122' title='bbox 1287 1364 1493 1409; x_wconf 78' lang='lat' dir='ltr'><strong><em>arcano</em></strong></span> <span class='ocrx_word' id='word_1_123' title='bbox 1535 1354 1799 1426; x_wconf 89' lang='lat' dir='ltr'><strong><em>mysterio</em></strong></span> <span class='ocrx_word' id='word_1_124' title='bbox 1860 1357 2007 1412; x_wconf 88' lang='lat' dir='ltr'><strong><em>divi-</em></strong></span> 
     </span>
    </p>
   </div>
   <div class='ocr_carea' id='block_1_17' title="bbox 412 1432 2000 1516">
    <p class='ocr_par' dir='ltr' id='par_1_17' title="bbox 412 1432 2000 1516">
     <span class='ocr_line' id='line_1_19' title="bbox 412 1432 2000 1516; baseline 0.015 -35"><span class='ocrx_word' id='word_1_125' title='bbox 412 1443 498 1481; x_wconf 79' lang='lat' dir='ltr'><strong><em>me</em></strong></span> <span class='ocrx_word' id='word_1_126' title='bbox 526 1432 885 1487; x_wconf 87' lang='lat' dir='ltr'><strong><em>revelationis</em></strong></span> <span class='ocrx_word' id='word_1_127' title='bbox 931 1447 1018 1492; x_wconf 90' lang='lat' dir='ltr'><strong><em>cst</em></strong></span> <span class='ocrx_word' id='word_1_128' title='bbox 1064 1453 1298 1495; x_wconf 82' lang='lat' dir='ltr'><strong><em>exorsus</em></strong></span> <span class='ocrx_word' id='word_1_129' title='bbox 1334 1459 1349 1494; x_wconf 88' lang='lat'><strong>:</strong></span> <span class='ocrx_word' id='word_1_130' title='bbox 1384 1444 1540 1508; x_wconf 75' lang='lat' dir='ltr'><strong><em>Quod</em></strong></span> <span class='ocrx_word' id='word_1_131' title='bbox 1582 1446 1680 1516; x_wconf 79' lang='lat' dir='ltr'><strong><em>fuit</em></strong></span> <span class='ocrx_word' id='word_1_132' title='bbox 1721 1448 1786 1502; x_wconf 95' lang='lat' dir='ltr'><strong><em>ab</em></strong></span> <span class='ocrx_word' id='word_1_133' title='bbox 1829 1450 2000 1514; x_wconf 87' lang='lat' dir='ltr'><strong><em>initio,</em></strong></span> 
     </span>
    </p>
   </div>
   <div class='ocr_carea' id='block_1_18' title="bbox 411 1522 2004 1599">
    <p class='ocr_par' dir='ltr' id='par_1_18' title="bbox 411 1522 2004 1599">
     <span class='ocr_line' id='line_1_20' title="bbox 411 1522 2004 1599; baseline 0.016 -27"><span class='ocrx_word' id='word_1_134' title='bbox 411 1522 553 1588; x_wconf 75' lang='lat' dir='ltr'><strong><em>quod</em></strong></span> <span class='ocrx_word' id='word_1_135' title='bbox 587 1524 910 1591; x_wconf 85' lang='lat' dir='ltr'><strong><em>audivimus,</em></strong></span> <span class='ocrx_word' id='word_1_136' title='bbox 943 1531 1082 1599; x_wconf 84' lang='lat' dir='ltr'><strong><em>quod</em></strong></span> <span class='ocrx_word' id='word_1_137' title='bbox 1116 1533 1345 1589; x_wconf 83' lang='lat' dir='ltr'><strong><em>vidimus</em></strong></span> <span class='ocrx_word' id='word_1_138' title='bbox 1381 1536 1547 1592; x_wconf 83' lang='lat' dir='ltr'><strong><em>oculis</em></strong></span> <span class='ocrx_word' id='word_1_139' title='bbox 1581 1541 1775 1594; x_wconf 83' lang='lat' dir='ltr'><strong><em>nostris</em></strong></span> <span class='ocrx_word' id='word_1_140' title='bbox 1796 1540 1861 1595; x_wconf 78' lang='grc'><strong><em>⁸³.</em></strong></span> <span class='ocrx_word' id='word_1_141' title='bbox 1891 1542 2004 1597; x_wconf 88' lang='lat' dir='ltr'><strong><em>Cu-</em></strong></span> 
     </span>
    </p>
   </div>
   <div class='ocr_carea' id='block_1_19' title="bbox 406 1613 2002 1693">
    <p class='ocr_par' dir='ltr' id='par_1_19' title="bbox 406 1613 2002 1693">
     <span class='ocr_line' id='line_1_21' title="bbox 406 1613 2002 1693; baseline 0.018 -29"><span class='ocrx_word' id='word_1_142' title='bbox 406 1613 504 1681; x_wconf 89' lang='lat' dir='ltr'><strong><em>jus</em></strong></span> <span class='ocrx_word' id='word_1_143' title='bbox 552 1618 913 1675; x_wconf 87' lang='lat' dir='ltr'><strong><em>revelationis</em></strong></span> <span class='ocrx_word' id='word_1_144' title='bbox 968 1626 1195 1681; x_wconf 84' lang='lat' dir='ltr'><strong><em>nomine</em></strong></span> <span class='ocrx_word' id='word_1_145' title='bbox 1248 1629 1415 1682; x_wconf 85' lang='lat' dir='ltr'><strong><em>etiam</em></strong></span> <span class='ocrx_word' id='word_1_146' title='bbox 1464 1630 1732 1688; x_wconf 86' lang='lat' dir='ltr'><strong><em>Dominus</em></strong></span> <span class='ocrx_word' id='word_1_147' title='bbox 1780 1635 2002 1693; x_wconf 88' lang='lat' dir='ltr'><strong><em>beatum</em></strong></span> 
     </span>
    </p>
   </div>
   <div class='ocr_carea' id='block_1_20' title="bbox 411 1706 2002 1795">
    <p class='ocr_par' dir='ltr' id='par_1_20' title="bbox 411 1706 2002 1795">
     <span class='ocr_line' id='line_1_22' title="bbox 411 1706 2002 1795; baseline 0.017 -36"><span class='ocrx_word' id='word_1_148' title='bbox 411 1706 809 1776; x_wconf 70' lang='lat' dir='ltr'><strong><em>depraedicavit</em></strong></span> <span class='ocrx_word' id='word_1_149' title='bbox 833 1715 1079 1783; x_wconf 84' lang='lat' dir='ltr'><strong><em>Petrum,</em></strong></span> <span class='ocrx_word' id='word_1_150' title='bbox 1115 1719 1373 1789; x_wconf 85' lang='lat' dir='ltr'><strong><em>inquiens</em></strong></span> <span class='ocrx_word' id='word_1_151' title='bbox 1407 1739 1422 1776; x_wconf 89' lang='lat'><strong>:</strong></span> <span class='ocrx_word' id='word_1_152' title='bbox 1457 1723 1658 1780; x_wconf 83' lang='lat' dir='ltr'><strong><em>Beatus</em></strong></span> <span class='ocrx_word' id='word_1_153' title='bbox 1696 1744 1750 1782; x_wconf 91' lang='lat' dir='ltr'><strong><em>es</em></strong></span> <span class='ocrx_word' id='word_1_154' title='bbox 1784 1736 1864 1795; x_wconf 87' lang='lat' dir='ltr'><strong><em>tu,</em></strong></span> <span class='ocrx_word' id='word_1_155' title='bbox 1907 1729 2002 1786; x_wconf 85' lang='lat' dir='ltr'><strong><em>Si-</em></strong></span> 
     </span>
    </p>
   </div>
   <div class='ocr_carea' id='block_1_21' title="bbox 410 1800 2002 1888">
    <p class='ocr_par' dir='ltr' id='par_1_21' title="bbox 410 1800 2002 1888">
     <span class='ocr_line' id='line_1_23' title="bbox 410 1800 2002 1888; baseline 0.017 -37"><span class='ocrx_word' id='word_1_156' title='bbox 410 1816 535 1854; x_wconf 86' lang='lat' dir='ltr'><strong><em>mon</em></strong></span> <span class='ocrx_word' id='word_1_157' title='bbox 565 1800 828 1871; x_wconf 87' lang='lat' dir='ltr'><strong><em>Bariona,</em></strong></span> <span class='ocrx_word' id='word_1_158' title='bbox 863 1813 1118 1879; x_wconf 82' lang='lat' dir='ltr'><strong><em>quoniam</em></strong></span> <span class='ocrx_word' id='word_1_159' title='bbox 1159 1829 1284 1867; x_wconf 86' lang='lat' dir='ltr'><strong><em>caro</em></strong></span> <span class='ocrx_word' id='word_1_160' title='bbox 1319 1822 1370 1869; x_wconf 81' lang='lat' dir='ltr'><strong><em>et</em></strong></span> <span class='ocrx_word' id='word_1_161' title='bbox 1396 1819 1618 1888; x_wconf 87' lang='lat' dir='ltr'><strong><em>sanguis</em></strong></span> <span class='ocrx_word' id='word_1_162' title='bbox 1658 1836 1763 1875; x_wconf 79' lang='lat' dir='ltr'><strong><em>non</em></strong></span> <span class='ocrx_word' id='word_1_163' title='bbox 1797 1823 2002 1877; x_wconf 88' lang='lat' dir='ltr'><strong><em>revela-</em></strong></span> 
     </span>
    </p>
   </div>
   <div class='ocr_carea' id='block_1_22' title="bbox 408 1886 2077 1986">
    <p class='ocr_par' dir='ltr' id='par_1_22' title="bbox 408 1886 2077 1986">
     <span class='ocr_line' id='line_1_24' title="bbox 408 1886 2077 1986; baseline 0.017 -41"><span class='ocrx_word' id='word_1_164' title='bbox 408 1894 485 1945; x_wconf 80' lang='lat' dir='ltr'><strong><em>vit</em></strong></span> <span class='ocrx_word' id='word_1_165' title='bbox 519 1896 632 1962; x_wconf 83' lang='lat' dir='ltr'><strong><em>tibi,</em></strong></span> <span class='ocrx_word' id='word_1_166' title='bbox 671 1898 764 1951; x_wconf 86' lang='lat' dir='ltr'><strong><em>sed</em></strong></span> <span class='ocrx_word' id='word_1_167' title='bbox 808 1899 973 1955; x_wconf 78' lang='lat' dir='ltr'><strong><em>Pater</em></strong></span> <span class='ocrx_word' id='word_1_168' title='bbox 1010 1920 1156 1960; x_wconf 85' lang='lat' dir='ltr'><strong><em>meus</em></strong></span> <span class='ocrx_word' id='word_1_169' title='bbox 1197 1909 1422 1965; x_wconf 76' lang='lat' dir='ltr'><strong><em>caelestis</em></strong></span> <span class='ocrx_word' id='word_1_170' title='bbox 1451 1886 1517 1968; x_wconf 63' lang='grc'><strong><em>⁵⁸.</em></strong></span> <span class='ocrx_word' id='word_1_171' title='bbox 1554 1912 1697 1978; x_wconf 85' lang='lat' dir='ltr'><strong><em>Quin</em></strong></span> <span class='ocrx_word' id='word_1_172' title='bbox 1733 1930 1914 1986; x_wconf 85' lang='lat' dir='ltr'><strong><em>neque</em></strong></span> <span class='ocrx_word' id='word_1_173' title='bbox 1944 1917 2001 1973; x_wconf 91' lang='lat' dir='ltr'><strong><em>in</em></strong></span> <span class='ocrx_word' id='word_1_174' title='bbox 2034 1886 2077 1941; x_wconf 72' lang='grc' dir='ltr'><strong>Β</strong></span> 
     </span>
    </p>
   </div>
   <div class='ocr_carea' id='block_1_23' title="bbox 411 1991 2000 2074">
    <p class='ocr_par' dir='ltr' id='par_1_23' title="bbox 411 1991 2000 2074">
     <span class='ocr_line' id='line_1_25' title="bbox 411 1991 2000 2074; baseline 0.017 -35"><span class='ocrx_word' id='word_1_175' title='bbox 411 1991 696 2051; x_wconf 74' lang='lat' dir='ltr'><strong><em>secunda,</em></strong></span> <span class='ocrx_word' id='word_1_176' title='bbox 749 2010 873 2063; x_wconf 72' lang='lat' dir='ltr'><strong><em>qua:</em></strong></span> <span class='ocrx_word' id='word_1_177' title='bbox 931 1996 1129 2065; x_wconf 81' lang='lat' dir='ltr'><strong><em>fertur,</em></strong></span> <span class='ocrx_word' id='word_1_178' title='bbox 1182 2016 1366 2071; x_wconf 85' lang='lat' dir='ltr'><strong><em>neque</em></strong></span> <span class='ocrx_word' id='word_1_179' title='bbox 1415 2005 1467 2058; x_wconf 92' lang='lat' dir='ltr'><strong><em>in</em></strong></span> <span class='ocrx_word' id='word_1_180' title='bbox 1528 2006 1688 2061; x_wconf 90' lang='lat' dir='ltr'><strong><em>tertia</em></strong></span> <span class='ocrx_word' id='word_1_181' title='bbox 1735 2008 2000 2074; x_wconf 85' lang='lat' dir='ltr'><strong><em>Joannis,</em></strong></span> 
     </span>
    </p>
   </div>
   <div class='ocr_carea' id='block_1_24' title="bbox 411 2086 2001 2162">
    <p class='ocr_par' dir='ltr' id='par_1_24' title="bbox 411 2086 2001 2162">
     <span class='ocr_line' id='line_1_26' title="bbox 411 2086 2001 2162; baseline 0.016 -31"><span class='ocrx_word' id='word_1_182' title='bbox 411 2086 773 2159; x_wconf 73' lang='lat' dir='ltr'><strong><em>quantumvis</em></strong></span> <span class='ocrx_word' id='word_1_183' title='bbox 807 2089 1072 2146; x_wconf 83' lang='lat' dir='ltr'><strong><em>brevibus</em></strong></span> <span class='ocrx_word' id='word_1_184' title='bbox 1101 2095 1376 2162; x_wconf 85' lang='lat' dir='ltr'><strong><em>epistolis,</em></strong></span> <span class='ocrx_word' id='word_1_185' title='bbox 1405 2097 1648 2153; x_wconf 83' lang='lat' dir='ltr'><strong><em>Joannes</em></strong></span> <span class='ocrx_word' id='word_1_186' title='bbox 1675 2101 2001 2156; x_wconf 81' lang='lat' dir='ltr'><strong><em>nominatim</em></strong></span> 
     </span>
    </p>
   </div>
   <div class='ocr_carea' id='block_1_25' title="bbox 414 2178 2005 2263">
    <p class='ocr_par' dir='ltr' id='par_1_25' title="bbox 414 2178 2005 2263">
     <span class='ocr_line' id='line_1_27' title="bbox 414 2178 2005 2263; baseline 0.016 -38"><span class='ocrx_word' id='word_1_187' title='bbox 414 2178 783 2245; x_wconf 67' lang='lat' dir='ltr'><strong><em>praeponitur;</em></strong></span> <span class='ocrx_word' id='word_1_188' title='bbox 820 2183 1086 2247; x_wconf 86' lang='lat' dir='ltr'><strong><em>sed,sine</em></strong></span> <span class='ocrx_word' id='word_1_189' title='bbox 1127 2186 1442 2256; x_wconf 82' lang='lat' dir='ltr'><strong><em>adjectione</em></strong></span> <span class='ocrx_word' id='word_1_190' title='bbox 1483 2190 1742 2257; x_wconf 89' lang='lat' dir='ltr'><strong><em>nominis,</em></strong></span> <span class='ocrx_word' id='word_1_191' title='bbox 1774 2194 2005 2263; x_wconf 81' lang='lat' dir='ltr'><strong><em>presby-</em></strong></span> 
     </span>
    </p>
   </div>
   <div class='ocr_carea' id='block_1_26' title="bbox 412 2271 2002 2347">
    <p class='ocr_par' dir='ltr' id='par_1_26' title="bbox 412 2271 2002 2347">
     <span class='ocr_line' id='line_1_28' title="bbox 412 2271 2002 2347; baseline 0.013 -27"><span class='ocrx_word' id='word_1_192' title='bbox 412 2277 502 2321; x_wconf 95' lang='lat' dir='ltr'><strong><em>ter</em></strong></span> <span class='ocrx_word' id='word_1_193' title='bbox 533 2271 820 2327; x_wconf 85' lang='lat' dir='ltr'><strong><em>scribitur.</em></strong></span> <span class='ocrx_word' id='word_1_194' title='bbox 858 2275 965 2330; x_wconf 84' lang='lat' dir='ltr'><strong><em>Iste</em></strong></span> <span class='ocrx_word' id='word_1_195' title='bbox 1014 2293 1180 2346; x_wconf 90' lang='lat' dir='ltr'><strong><em>porro</em></strong></span> <span class='ocrx_word' id='word_1_196' title='bbox 1226 2295 1337 2335; x_wconf 90' lang='lat' dir='ltr'><strong><em>non</em></strong></span> <span class='ocrx_word' id='word_1_197' title='bbox 1383 2282 1519 2336; x_wconf 83' lang='lat' dir='ltr'><strong><em>satis</em></strong></span> <span class='ocrx_word' id='word_1_198' title='bbox 1553 2282 1770 2347; x_wconf 84' lang='lat' dir='ltr'><strong><em>habuit,</em></strong></span> <span class='ocrx_word' id='word_1_199' title='bbox 1809 2293 1873 2340; x_wconf 88' lang='lat' dir='ltr'><strong><em>ut</em></strong></span> <span class='ocrx_word' id='word_1_200' title='bbox 1911 2300 2002 2341; x_wconf 89' lang='lat' dir='ltr'><strong><em>se-</em></strong></span> 
     </span>
    </p>
   </div>
   <div class='ocr_carea' id='block_1_27' title="bbox 409 2365 1999 2447">
    <p class='ocr_par' dir='ltr' id='par_1_27' title="bbox 409 2365 1999 2447">
     <span class='ocr_line' id='line_1_29' title="bbox 409 2365 1999 2447; baseline 0.013 -31"><span class='ocrx_word' id='word_1_201' title='bbox 409 2365 522 2417; x_wconf 86' lang='lat' dir='ltr'><strong><em>mel</em></strong></span> <span class='ocrx_word' id='word_1_202' title='bbox 567 2367 790 2421; x_wconf 87' lang='lat' dir='ltr'><strong><em>nomine</em></strong></span> <span class='ocrx_word' id='word_1_203' title='bbox 835 2384 937 2423; x_wconf 90' lang='lat' dir='ltr'><strong><em>suo</em></strong></span> <span class='ocrx_word' id='word_1_204' title='bbox 980 2370 1170 2438; x_wconf 88' lang='lat' dir='ltr'><strong><em>edito,</em></strong></span> <span class='ocrx_word' id='word_1_205' title='bbox 1218 2376 1617 2445; x_wconf 89' lang='lat' dir='ltr'><strong><em>consequentia</em></strong></span> <span class='ocrx_word' id='word_1_206' title='bbox 1660 2389 1999 2447; x_wconf 82' lang='lat' dir='ltr'><strong><em>exponeret:</em></strong></span> 
     </span>
    </p>
   </div>
   <div class='ocr_carea' id='block_1_28' title="bbox 408 2454 2002 2538">
    <p class='ocr_par' dir='ltr' id='par_1_28' title="bbox 408 2454 2002 2538">
     <span class='ocr_line' id='line_1_30' title="bbox 408 2454 2002 2538; baseline 0.009 -32"><span class='ocrx_word' id='word_1_207' title='bbox 408 2455 507 2507; x_wconf 89' lang='lat' dir='ltr'><strong><em>sed</em></strong></span> <span class='ocrx_word' id='word_1_208' title='bbox 555 2454 609 2509; x_wconf 89' lang='lat' dir='ltr'><strong><em>id</em></strong></span> <span class='ocrx_word' id='word_1_209' title='bbox 656 2459 861 2529; x_wconf 86' lang='lat' dir='ltr'><strong><em>repetit</em></strong></span> <span class='ocrx_word' id='word_1_210' title='bbox 896 2459 1197 2518; x_wconf 86' lang='lat' dir='ltr'><strong><em>identidem</em></strong></span> <span class='ocrx_word' id='word_1_211' title='bbox 1233 2479 1248 2517; x_wconf 87' lang='lat'><strong>:</strong></span> <span class='ocrx_word' id='word_1_212' title='bbox 1283 2464 1395 2534; x_wconf 80' lang='lat' dir='ltr'><strong><em>Ego</em></strong></span> <span class='ocrx_word' id='word_1_213' title='bbox 1425 2465 1659 2520; x_wconf 82' lang='lat' dir='ltr'><strong><em>Joannes</em></strong></span> <span class='ocrx_word' id='word_1_214' title='bbox 1696 2468 1786 2538; x_wconf 88' lang='lat' dir='ltr'><strong><em>qui</em></strong></span> <span class='ocrx_word' id='word_1_215' title='bbox 1815 2469 1920 2522; x_wconf 88' lang='lat' dir='ltr'><strong><em>vidi</em></strong></span> <span class='ocrx_word' id='word_1_216' title='bbox 1953 2477 2002 2521; x_wconf 87' lang='lat' dir='ltr'><strong><em>et</em></strong></span> 
     </span>
    </p>
   </div>
   <div class='ocr_carea' id='block_1_29' title="bbox 410 2545 2037 2628">
    <p class='ocr_par' dir='ltr' id='par_1_29' title="bbox 410 2545 2037 2628">
     <span class='ocr_line' id='line_1_31' title="bbox 410 2545 2037 2628; baseline 0.009 -30"><span class='ocrx_word' id='word_1_217' title='bbox 410 2545 592 2601; x_wconf 84' lang='lat' dir='ltr'><strong><em>audivi</em></strong></span> <span class='ocrx_word' id='word_1_218' title='bbox 620 2549 725 2602; x_wconf 88' lang='lat' dir='ltr'><strong><em>ista</em></strong></span> <span class='ocrx_word' id='word_1_219' title='bbox 749 2551 816 2604; x_wconf 77' lang='grc'><strong><em>⁸⁸.</em></strong></span> <span class='ocrx_word' id='word_1_220' title='bbox 851 2570 869 2604; x_wconf 82' lang='grc' dir='ltr'><strong><em>ι</em></strong></span> <span class='ocrx_word' id='word_1_221' title='bbox 912 2552 1189 2624; x_wconf 88' lang='lat' dir='ltr'><strong><em>Deinceps</em></strong></span> <span class='ocrx_word' id='word_1_222' title='bbox 1232 2554 1462 2622; x_wconf 85' lang='lat' dir='ltr'><strong><em>indicat,</em></strong></span> <span class='ocrx_word' id='word_1_223' title='bbox 1498 2554 1730 2613; x_wconf 84' lang='lat' dir='ltr'><strong><em>Joannis</em></strong></span> <span class='ocrx_word' id='word_1_224' title='bbox 1774 2558 1998 2628; x_wconf 85' lang='lat' dir='ltr'><strong><em>quidem</em></strong></span> <span class='ocrx_word' id='word_1_225' title='bbox 2032 2576 2037 2583; x_wconf 79' lang='lat'>&#39;</span> 
     </span>
    </p>
   </div>
   <div class='ocr_carea' id='block_1_30' title="bbox 409 2643 2003 2719">
    <p class='ocr_par' dir='ltr' id='par_1_30' title="bbox 409 2643 2003 2719">
     <span class='ocr_line' id='line_1_32' title="bbox 409 2643 2003 2719; baseline 0.008 -27"><span class='ocrx_word' id='word_1_226' title='bbox 409 2652 535 2694; x_wconf 85' lang='lat' dir='ltr'><strong><em>esse</em></strong></span> <span class='ocrx_word' id='word_1_227' title='bbox 570 2643 907 2712; x_wconf 87' lang='lat' dir='ltr'><strong><em>scripturam</em></strong></span> <span class='ocrx_word' id='word_1_228' title='bbox 942 2661 1088 2715; x_wconf 89' lang='lat' dir='ltr'><strong><em>eam,</em></strong></span> <span class='ocrx_word' id='word_1_229' title='bbox 1125 2646 1205 2702; x_wconf 88' lang='lat' dir='ltr'><strong><em>illi</em></strong></span> <span class='ocrx_word' id='word_1_230' title='bbox 1244 2648 1610 2719; x_wconf 78' lang='lat' dir='ltr'><strong><em>cognominis,</em></strong></span> <span class='ocrx_word' id='word_1_231' title='bbox 1642 2649 1738 2706; x_wconf 88' lang='lat' dir='ltr'><strong><em>sed</em></strong></span> <span class='ocrx_word' id='word_1_232' title='bbox 1772 2666 1883 2705; x_wconf 90' lang='lat' dir='ltr'><strong><em>non</em></strong></span> <span class='ocrx_word' id='word_1_233' title='bbox 1919 2650 2003 2704; x_wconf 78' lang='lat' dir='ltr'><strong><em>di.</em></strong></span> 
     </span>
    </p>
   </div>
   <div class='ocr_carea' id='block_1_31' title="bbox 407 2731 2002 2811">
    <p class='ocr_par' dir='ltr' id='par_1_31' title="bbox 407 2731 2002 2811">
     <span class='ocr_line' id='line_1_33' title="bbox 407 2731 2002 2811; baseline 0.006 -25"><span class='ocrx_word' id='word_1_234' title='bbox 407 2731 541 2786; x_wconf 76' lang='lat' dir='ltr'><strong><em>lecti</em></strong></span> <span class='ocrx_word' id='word_1_235' title='bbox 592 2734 773 2800; x_wconf 85' lang='lat' dir='ltr'><strong><em>illius;</em></strong></span> <span class='ocrx_word' id='word_1_236' title='bbox 828 2745 885 2791; x_wconf 90' lang='lat' dir='ltr'><strong><em>et</em></strong></span> <span class='ocrx_word' id='word_1_237' title='bbox 935 2753 1035 2807; x_wconf 85' lang='lat' dir='ltr'><strong><em>per</em></strong></span> <span class='ocrx_word' id='word_1_238' title='bbox 1088 2740 1463 2811; x_wconf 85' lang='lat' dir='ltr'><strong><em>conjecturam</em></strong></span> <span class='ocrx_word' id='word_1_239' title='bbox 1521 2756 1645 2797; x_wconf 86' lang='lat' dir='ltr'><strong><em>esse</em></strong></span> <span class='ocrx_word' id='word_1_240' title='bbox 1696 2742 2002 2797; x_wconf 83' lang='lat' dir='ltr'><strong><em>arbitratur</em></strong></span> 
     </span>
    </p>
   </div>
   <div class='ocr_carea' id='block_1_32' title="bbox 408 2826 1999 2906">
    <p class='ocr_par' dir='ltr' id='par_1_32' title="bbox 408 2826 1999 2906">
     <span class='ocr_line' id='line_1_34' title="bbox 408 2826 1999 2906; baseline 0.005 -26"><span class='ocrx_word' id='word_1_241' title='bbox 408 2826 641 2881; x_wconf 79' lang='lat' dir='ltr'><strong><em>Asiatici</em></strong></span> <span class='ocrx_word' id='word_1_242' title='bbox 673 2828 924 2894; x_wconf 88' lang='lat' dir='ltr'><strong><em>Joannis,</em></strong></span> <span class='ocrx_word' id='word_1_243' title='bbox 959 2830 1056 2900; x_wconf 85' lang='lat' dir='ltr'><strong><em>qui</em></strong></span> <span class='ocrx_word' id='word_1_244' title='bbox 1102 2835 1528 2902; x_wconf 77' lang='lat' dir='ltr'><strong><em>cOgnominatus</em></strong></span> <span class='ocrx_word' id='word_1_245' title='bbox 1562 2842 1648 2890; x_wconf 88' lang='lat' dir='ltr'><strong><em>est</em></strong></span> <span class='ocrx_word' id='word_1_246' title='bbox 1689 2835 1999 2906; x_wconf 87' lang='lat' dir='ltr'><strong><em>presbyter,</em></strong></span> 
     </span>
    </p>
   </div>
   <div class='ocr_carea' id='block_1_33' title="bbox 411 2918 2002 2994">
    <p class='ocr_par' dir='ltr' id='par_1_33' title="bbox 411 2918 2002 2994">
     <span class='ocr_line' id='line_1_35' title="bbox 411 2918 2002 2994; baseline 0.006 -25"><span class='ocrx_word' id='word_1_247' title='bbox 411 2918 482 2970; x_wconf 72' lang='lat' dir='ltr'><strong><em>de</em></strong></span> <span class='ocrx_word' id='word_1_248' title='bbox 530 2933 646 2987; x_wconf 87' lang='lat' dir='ltr'><strong><em>quo</em></strong></span> <span class='ocrx_word' id='word_1_249' title='bbox 688 2921 846 2988; x_wconf 90' lang='lat' dir='ltr'><strong><em>prius</em></strong></span> <span class='ocrx_word' id='word_1_250' title='bbox 880 2921 1147 2986; x_wconf 81' lang='lat' dir='ltr'><strong><em>diximus,</em></strong></span> <span class='ocrx_word' id='word_1_251' title='bbox 1178 2923 1436 2979; x_wconf 85' lang='lat' dir='ltr'><strong><em>videlicet</em></strong></span> <span class='ocrx_word' id='word_1_252' title='bbox 1473 2924 1620 2994; x_wconf 89' lang='lat' dir='ltr'><strong><em>quod</em></strong></span> <span class='ocrx_word' id='word_1_253' title='bbox 1661 2925 1774 2979; x_wconf 91' lang='lat' dir='ltr'><strong><em>duo</em></strong></span> <span class='ocrx_word' id='word_1_254' title='bbox 1809 2940 2002 2980; x_wconf 88' lang='lat' dir='ltr'><strong><em>monu-</em></strong></span> 
     </span>
    </p>
   </div>
   <div class='ocr_carea' id='block_1_34' title="bbox 410 3007 2002 3086">
    <p class='ocr_par' dir='ltr' id='par_1_34' title="bbox 410 3007 2002 3086">
     <span class='ocr_line' id='line_1_36' title="bbox 410 3007 2002 3086; baseline 0.004 -22"><span class='ocrx_word' id='word_1_255' title='bbox 410 3007 623 3077; x_wconf 76' lang='lat' dir='ltr'><strong><em>menta,</em></strong></span> <span class='ocrx_word' id='word_1_256' title='bbox 649 3012 791 3066; x_wconf 89' lang='lat' dir='ltr'><strong><em>idem</em></strong></span> <span class='ocrx_word' id='word_1_257' title='bbox 819 3012 1049 3068; x_wconf 84' lang='lat' dir='ltr'><strong><em>Joannis</em></strong></span> <span class='ocrx_word' id='word_1_258' title='bbox 1072 3029 1278 3069; x_wconf 88' lang='lat' dir='ltr'><strong><em>nomen</em></strong></span> <span class='ocrx_word' id='word_1_259' title='bbox 1298 3014 1587 3079; x_wconf 78' lang='lat' dir='ltr'><strong><em>habentia,</em></strong></span> <span class='ocrx_word' id='word_1_260' title='bbox 1613 3016 1812 3086; x_wconf 85' lang='lat' dir='ltr'><strong><em>Ephesi</em></strong></span> <span class='ocrx_word' id='word_1_261' title='bbox 1843 3032 2002 3071; x_wconf 89' lang='lat' dir='ltr'><strong><em>mou-</em></strong></span> 
     </span>
    </p>
   </div>
   <div class='ocr_carea' id='block_1_35' title="bbox 411 3104 1997 3177">
    <p class='ocr_par' dir='ltr' id='par_1_35' title="bbox 411 3104 1997 3177">
     <span class='ocr_line' id='line_1_37' title="bbox 411 3104 1997 3177; baseline 0.003 -21"><span class='ocrx_word' id='word_1_262' title='bbox 411 3112 682 3157; x_wconf 79' lang='lat' dir='ltr'><strong><em>strentur.</em></strong></span> <span class='ocrx_word' id='word_1_263' title='bbox 730 3123 749 3155; x_wconf 73' lang='lat' dir='ltr'><strong><em>c</em></strong></span> <span class='ocrx_word' id='word_1_264' title='bbox 791 3104 945 3159; x_wconf 74' lang='lat' dir='ltr'><strong><em>Multi</em></strong></span> <span class='ocrx_word' id='word_1_265' title='bbox 994 3105 1169 3168; x_wconf 86' lang='lat' dir='ltr'><strong><em>enim,</em></strong></span> <span class='ocrx_word' id='word_1_266' title='bbox 1215 3107 1417 3176; x_wconf 85' lang='lat' dir='ltr'><strong><em>inquit,</em></strong></span> <span class='ocrx_word' id='word_1_267' title='bbox 1465 3118 1695 3177; x_wconf 91' lang='lat' dir='ltr'><strong><em>propter</em></strong></span> <span class='ocrx_word' id='word_1_268' title='bbox 1741 3122 1896 3163; x_wconf 86' lang='lat' dir='ltr'><strong><em>suam</em></strong></span> <span class='ocrx_word' id='word_1_269' title='bbox 1942 3108 1997 3161; x_wconf 91' lang='lat' dir='ltr'><strong><em>in</em></strong></span> 
     </span>
    </p>
   </div>
   <div class='ocr_carea' id='block_1_36' title="bbox 2124 993 3692 1081">
    <p class='ocr_par' dir='ltr' id='par_1_36' title="bbox 2124 993 3692 1081">
     <span class='ocr_line' id='line_1_38' title="bbox 2124 993 3692 1081; baseline 0.013 -33"><span class='ocrx_word' id='word_1_270' title='bbox 2124 993 2400 1063; x_wconf 80' lang='grc' dir='ltr'><strong><em>Ἰωάννῃ,</em></strong></span> <span class='ocrx_word' id='word_1_271' title='bbox 2451 996 2520 1063; x_wconf 80' lang='grc' dir='ltr'><em>ὃς</em></span> <span class='ocrx_word' id='word_1_272' title='bbox 2567 997 2948 1068; x_wconf 76' lang='grc' dir='ltr'><strong><em>ἐμαρτύρησε</em></strong></span> <span class='ocrx_word' id='word_1_273' title='bbox 2985 1003 3095 1058; x_wconf 89' lang='grc' dir='ltr'><strong><em>τόν</em></strong></span> <span class='ocrx_word' id='word_1_274' title='bbox 3122 1006 3322 1076; x_wconf 79' lang='grc' dir='ltr'><em>Λόγον</em></span> <span class='ocrx_word' id='word_1_275' title='bbox 3369 1010 3477 1065; x_wconf 85' lang='grc' dir='ltr'><em>τοῦ</em></span> <span class='ocrx_word' id='word_1_276' title='bbox 3520 1014 3692 1081; x_wconf 84' lang='grc' dir='ltr'><em>Θεοῦ,</em></span> 
     </span>
    </p>
   </div>
   <div class='ocr_carea' id='block_1_37' title="bbox 2110 1085 3695 1159">
    <p class='ocr_par' dir='ltr' id='par_1_37' title="bbox 2110 1085 3695 1159">
     <span class='ocr_line' id='line_1_39' title="bbox 2110 1085 3695 1159; baseline 0.013 -20"><span class='ocrx_word' id='word_1_277' title='bbox 2110 1085 2213 1140; x_wconf 75' lang='grc' dir='ltr'><strong><em>καί</em></strong></span> <span class='ocrx_word' id='word_1_278' title='bbox 2241 1088 2358 1155; x_wconf 84' lang='grc' dir='ltr'><em>τὴν</em></span> <span class='ocrx_word' id='word_1_279' title='bbox 2389 1092 2731 1158; x_wconf 79' lang='grc' dir='ltr'><strong><em>μαρτυρίαν</em></strong></span> <span class='ocrx_word' id='word_1_280' title='bbox 2758 1094 2948 1148; x_wconf 86' lang='grc' dir='ltr'><em>αὐτοῦ</em></span> <span class='ocrx_word' id='word_1_281' title='bbox 2987 1095 3107 1151; x_wconf 85' lang='grc' dir='ltr'><em>ὅσα</em></span> <span class='ocrx_word' id='word_1_282' title='bbox 3135 1094 3316 1153; x_wconf 79' lang='grc' dir='ltr'><em>εἶδεν.</em></span> <span class='ocrx_word' id='word_1_283' title='bbox 3359 1118 3378 1152; x_wconf 77' lang='grc' dir='ltr'><strong><em>ι</em></strong></span> <span class='ocrx_word' id='word_1_284' title='bbox 3422 1099 3556 1156; x_wconf 72' lang='grc' dir='ltr'><em>Εἶτα</em></span> <span class='ocrx_word' id='word_1_285' title='bbox 3597 1108 3695 1159; x_wconf 74' lang='grc' dir='ltr'><em>καὶ</em></span> 
     </span>
    </p>
   </div>
   <div class='ocr_carea' id='block_1_38' title="bbox 2110 1180 3695 1267">
    <p class='ocr_par' dir='ltr' id='par_1_38' title="bbox 2110 1180 3695 1267">
     <span class='ocr_line' id='line_1_40' title="bbox 2110 1180 3695 1267; baseline 0.014 -36"><span class='ocrx_word' id='word_1_286' title='bbox 2110 1180 2402 1252; x_wconf 74' lang='grc' dir='ltr'><em>ἐπιστολὴν</em></span> <span class='ocrx_word' id='word_1_287' title='bbox 2429 1182 2673 1252; x_wconf 74' lang='grc' dir='ltr'><em>γράφειτ</em></span> <span class='ocrx_word' id='word_1_288' title='bbox 2702 1203 2722 1237; x_wconf 78' lang='grc' dir='ltr'><strong><em>ι</em></strong></span> <span class='ocrx_word' id='word_1_289' title='bbox 2772 1187 3063 1258; x_wconf 78' lang='grc' dir='ltr'><em>Ἰωάννης</em></span> <span class='ocrx_word' id='word_1_290' title='bbox 3113 1192 3245 1260; x_wconf 87' lang='grc' dir='ltr'><em>ταῖς</em></span> <span class='ocrx_word' id='word_1_291' title='bbox 3278 1193 3431 1249; x_wconf 80' lang='grc' dir='ltr'><em>ἑπτά</em></span> <span class='ocrx_word' id='word_1_292' title='bbox 3476 1196 3695 1267; x_wconf 82' lang='grc' dir='ltr'><em>ἐκκλη-</em></span> 
     </span>
    </p>
   </div>
   <div class='ocr_carea' id='block_1_39' title="bbox 2108 1271 3684 1358">
    <p class='ocr_par' dir='ltr' id='par_1_39' title="bbox 2108 1271 3684 1358">
     <span class='ocr_line' id='line_1_41' title="bbox 2108 1271 3684 1358; baseline 0.012 -33"><span class='ocrx_word' id='word_1_293' title='bbox 2108 1271 2277 1339; x_wconf 86' lang='grc' dir='ltr'><em>σίαις</em></span> <span class='ocrx_word' id='word_1_294' title='bbox 2299 1274 2432 1341; x_wconf 87' lang='grc' dir='ltr'><em>ταῖς</em></span> <span class='ocrx_word' id='word_1_295' title='bbox 2459 1276 2531 1329; x_wconf 81' lang='grc' dir='ltr'><em>ἐν</em></span> <span class='ocrx_word' id='word_1_296' title='bbox 2568 1275 2646 1346; x_wconf 81' lang='grc' dir='ltr'><em>τῇ</em></span> <span class='ocrx_word' id='word_1_297' title='bbox 2688 1279 2883 1347; x_wconf 79' lang='grc' dir='ltr'><em>Ἀσίᾳ.</em></span> <span class='ocrx_word' id='word_1_298' title='bbox 2910 1279 3097 1356; x_wconf 75' lang='grc' dir='ltr'><em>Χάρις</em></span> <span class='ocrx_word' id='word_1_299' title='bbox 3126 1284 3271 1354; x_wconf 81' lang='grc' dir='ltr'><em>ὑμῖν</em></span> <span class='ocrx_word' id='word_1_300' title='bbox 3295 1287 3395 1343; x_wconf 78' lang='grc' dir='ltr'><strong><em>καί</em></strong></span> <span class='ocrx_word' id='word_1_301' title='bbox 3421 1291 3684 1358; x_wconf 73' lang='grc' dir='ltr'><em>εἰρήνη.»</em></span> 
     </span>
    </p>
   </div>
   <div class='ocr_carea' id='block_1_40' title="bbox 2118 1360 3686 1453">
    <p class='ocr_par' dir='ltr' id='par_1_40' title="bbox 2118 1360 3686 1453">
     <span class='ocr_line' id='line_1_42' title="bbox 2118 1360 3686 1453; baseline 0.011 -35"><span class='ocrx_word' id='word_1_302' title='bbox 2118 1360 2179 1419; x_wconf 79' lang='grc' dir='ltr'><strong>Ὀ</strong></span> <span class='ocrx_word' id='word_1_303' title='bbox 2207 1365 2266 1419; x_wconf 82' lang='grc' dir='ltr'><strong><em>δέ</em></strong></span> <span class='ocrx_word' id='word_1_304' title='bbox 2296 1367 2349 1435; x_wconf 85' lang='grc' dir='ltr'><strong><em>γ’</em></strong></span> <span class='ocrx_word' id='word_1_305' title='bbox 2380 1368 2785 1442; x_wconf 81' lang='grc' dir='ltr'><em>εὐαγγελιστὴς</em></span> <span class='ocrx_word' id='word_1_306' title='bbox 2809 1372 2921 1426; x_wconf 84' lang='grc' dir='ltr'><strong><em>οὐδ’</em></strong></span> <span class='ocrx_word' id='word_1_307' title='bbox 2952 1374 3011 1427; x_wconf 88' lang='grc' dir='ltr'><strong><em>ἑν</em></strong></span> <span class='ocrx_word' id='word_1_308' title='bbox 3033 1378 3098 1446; x_wconf 82' lang='grc' dir='ltr'><em>τῇ</em></span> <span class='ocrx_word' id='word_1_309' title='bbox 3124 1376 3405 1450; x_wconf 76' lang='grc' dir='ltr'><em>Καθολικῇ</em></span> <span class='ocrx_word' id='word_1_310' title='bbox 3430 1382 3686 1453; x_wconf 76' lang='grc' dir='ltr'><strong><em>ἐπιστολῇ</em></strong></span> 
     </span>
    </p>
   </div>
   <div class='ocr_carea' id='block_1_41' title="bbox 2108 1458 3688 1540">
    <p class='ocr_par' dir='ltr' id='par_1_41' title="bbox 2108 1458 3688 1540">
     <span class='ocr_line' id='line_1_43' title="bbox 2108 1458 3688 1540; baseline 0.009 -30"><span class='ocrx_word' id='word_1_311' title='bbox 2108 1458 2461 1529; x_wconf 77' lang='grc' dir='ltr'><em>προέγραψεν</em></span> <span class='ocrx_word' id='word_1_312' title='bbox 2490 1461 2690 1515; x_wconf 82' lang='grc' dir='ltr'><em>ἑαυτοῦ</em></span> <span class='ocrx_word' id='word_1_313' title='bbox 2718 1463 2780 1516; x_wconf 84' lang='grc' dir='ltr'><em>τὸ</em></span> <span class='ocrx_word' id='word_1_314' title='bbox 2825 1463 3021 1533; x_wconf 77' lang='grc' dir='ltr'><em>ὄνομα,</em></span> <span class='ocrx_word' id='word_1_315' title='bbox 3053 1466 3193 1520; x_wconf 82' lang='grc' dir='ltr'><em>άλλά</em></span> <span class='ocrx_word' id='word_1_316' title='bbox 3230 1468 3562 1540; x_wconf 79' lang='grc' dir='ltr'><em>άπορῤήτως</em></span> <span class='ocrx_word' id='word_1_317' title='bbox 3588 1472 3688 1526; x_wconf 76' lang='grc' dir='ltr'><strong><em>ἀπ’</em></strong></span> 
     </span>
    </p>
   </div>
   <div class='ocr_carea' id='block_1_42' title="bbox 2105 1548 3682 1630">
    <p class='ocr_par' dir='ltr' id='par_1_42' title="bbox 2105 1548 3682 1630">
     <span class='ocr_line' id='line_1_44' title="bbox 2105 1548 3682 1630; baseline 0.009 -29"><span class='ocrx_word' id='word_1_318' title='bbox 2105 1548 2272 1602; x_wconf 82' lang='grc' dir='ltr'><em>αὑτοῦ</em></span> <span class='ocrx_word' id='word_1_319' title='bbox 2294 1551 2390 1605; x_wconf 80' lang='grc' dir='ltr'><em>τοῦ</em></span> <span class='ocrx_word' id='word_1_320' title='bbox 2413 1553 2720 1623; x_wconf 82' lang='grc' dir='ltr'><strong><em>μυστηρίου</em></strong></span> <span class='ocrx_word' id='word_1_321' title='bbox 2741 1554 2841 1625; x_wconf 79' lang='grc' dir='ltr'><em>τῆς</em></span> <span class='ocrx_word' id='word_1_322' title='bbox 2863 1554 3013 1619; x_wconf 81' lang='grc' dir='ltr'><strong>θείας</strong></span> <span class='ocrx_word' id='word_1_323' title='bbox 3041 1557 3439 1626; x_wconf 78' lang='grc' dir='ltr'><strong><em>ἀποκαλύψεως</em></strong></span> <span class='ocrx_word' id='word_1_324' title='bbox 3460 1560 3682 1630; x_wconf 69' lang='grc' dir='ltr'><em>ἡρξατω</em></span> 
     </span>
    </p>
   </div>
   <div class='ocr_carea' id='block_1_43' title="bbox 2110 1637 3680 1723">
    <p class='ocr_par' dir='ltr' id='par_1_43' title="bbox 2110 1637 3680 1723">
     <span class='ocr_line' id='line_1_45' title="bbox 2110 1637 3680 1723; baseline 0.009 -30"><span class='ocrx_word' id='word_1_325' title='bbox 2110 1641 2172 1693; x_wconf 87' lang='grc' dir='ltr'><strong>Ὃ</strong></span> <span class='ocrx_word' id='word_1_326' title='bbox 2221 1637 2306 1713; x_wconf 80' lang='grc' dir='ltr'><em>ἦν</em></span> <span class='ocrx_word' id='word_1_327' title='bbox 2355 1643 2459 1697; x_wconf 81' lang='grc' dir='ltr'><strong><em>ἀπ’</em></strong></span> <span class='ocrx_word' id='word_1_328' title='bbox 2498 1644 2716 1714; x_wconf 81' lang='grc' dir='ltr'><em>ἀρχῆς,</em></span> <span class='ocrx_word' id='word_1_329' title='bbox 2757 1645 2789 1700; x_wconf 81' lang='grc' dir='ltr'>ὃ</span> <span class='ocrx_word' id='word_1_330' title='bbox 2828 1647 3214 1717; x_wconf 81' lang='grc' dir='ltr'><em>ἀκηκόαμεν,</em></span> <span class='ocrx_word' id='word_1_331' title='bbox 3271 1649 3305 1702; x_wconf 84' lang='grc' dir='ltr'>ὃ</span> <span class='ocrx_word' id='word_1_332' title='bbox 3340 1650 3680 1723; x_wconf 79' lang='grc' dir='ltr'><em>ἑωράκαμεν</em></span> 
     </span>
    </p>
   </div>
   <div class='ocr_carea' id='block_1_44' title="bbox 2101 1735 3725 1819">
    <p class='ocr_par' dir='ltr' id='par_1_44' title="bbox 2101 1735 3725 1819">
     <span class='ocr_line' id='line_1_46' title="bbox 2101 1735 3725 1819; baseline 0.007 -31"><span class='ocrx_word' id='word_1_333' title='bbox 2101 1735 2228 1801; x_wconf 78' lang='grc' dir='ltr'><em>τοῖς</em></span> <span class='ocrx_word' id='word_1_334' title='bbox 2270 1736 2611 1807; x_wconf 67' lang='grc' dir='ltr'><em>ὀφθαλμοῖς</em></span> <span class='ocrx_word' id='word_1_335' title='bbox 2642 1737 2836 1808; x_wconf 78' lang='grc' dir='ltr'><em>ἡμῶν.</em></span> <span class='ocrx_word' id='word_1_336' title='bbox 2884 1741 3009 1795; x_wconf 77' lang='grc' dir='ltr'><strong><em>Ἐπὶ</em></strong></span> <span class='ocrx_word' id='word_1_337' title='bbox 3036 1742 3215 1815; x_wconf 81' lang='grc' dir='ltr'><em>ταύτῃ</em></span> <span class='ocrx_word' id='word_1_338' title='bbox 3246 1744 3354 1815; x_wconf 81' lang='grc' dir='ltr'><strong><em>γὰρ</em></strong></span> <span class='ocrx_word' id='word_1_339' title='bbox 3386 1748 3451 1816; x_wconf 78' lang='grc' dir='ltr'><em>τῇ</em></span> <span class='ocrx_word' id='word_1_340' title='bbox 3483 1747 3687 1799; x_wconf 83' lang='grc' dir='ltr'><em>ἁποκα-</em></span> <span class='ocrx_word' id='word_1_341' title='bbox 3712 1807 3725 1819; x_wconf 43' lang='grc' dir='ltr'><strong><em>ο</em></strong></span> 
     </span>
    </p>
   </div>
   <div class='ocr_carea' id='block_1_45' title="bbox 2103 1828 3681 1907">
    <p class='ocr_par' dir='ltr' id='par_1_45' title="bbox 2103 1828 3681 1907">
     <span class='ocr_line' id='line_1_47' title="bbox 2103 1828 3681 1907; baseline 0.007 -27"><span class='ocrx_word' id='word_1_342' title='bbox 2103 1828 2268 1896; x_wconf 80' lang='grc' dir='ltr'><em>λύψει</em></span> <span class='ocrx_word' id='word_1_343' title='bbox 2296 1830 2393 1883; x_wconf 77' lang='grc' dir='ltr'><em>καὶ</em></span> <span class='ocrx_word' id='word_1_344' title='bbox 2436 1831 2466 1883; x_wconf 89' lang='grc' dir='ltr'><strong><em>ό</em></strong></span> <span class='ocrx_word' id='word_1_345' title='bbox 2514 1832 2719 1902; x_wconf 81' lang='grc' dir='ltr'><em>Κύριος</em></span> <span class='ocrx_word' id='word_1_346' title='bbox 2753 1835 3066 1903; x_wconf 75' lang='grc' dir='ltr'><strong><em>ἐμακάρισε</em></strong></span> <span class='ocrx_word' id='word_1_347' title='bbox 3097 1834 3189 1888; x_wconf 79' lang='grc' dir='ltr'><em>τὸν</em></span> <span class='ocrx_word' id='word_1_348' title='bbox 3230 1837 3459 1907; x_wconf 82' lang='grc' dir='ltr'><em>Πέτρον,</em></span> <span class='ocrx_word' id='word_1_349' title='bbox 3493 1838 3681 1892; x_wconf 72' lang='grc' dir='ltr'><em>εἰπών’</em></span> 
     </span>
    </p>
   </div>
   <div class='ocr_carea' id='block_1_46' title="bbox 2104 1920 3684 2001">
    <p class='ocr_par' dir='ltr' id='par_1_46' title="bbox 2104 1920 3684 2001">
     <span class='ocr_line' id='line_1_48' title="bbox 2104 1920 3684 2001; baseline 0.008 -26"><span class='ocrx_word' id='word_1_350' title='bbox 2104 1923 2415 1990; x_wconf 81' lang='grc' dir='ltr'><em>Μακάριος</em></span> <span class='ocrx_word' id='word_1_351' title='bbox 2442 1920 2503 1979; x_wconf 82' lang='grc' dir='ltr'><em>εἷ</em></span> <span class='ocrx_word' id='word_1_352' title='bbox 2526 1925 2632 1990; x_wconf 87' lang='grc' dir='ltr'><em>σὺ,</em></span> <span class='ocrx_word' id='word_1_353' title='bbox 2674 1927 2875 1995; x_wconf 83' lang='grc' dir='ltr'><em>Σίμων</em></span> <span class='ocrx_word' id='word_1_354' title='bbox 2910 1926 3029 1999; x_wconf 84' lang='grc' dir='ltr'><em>Βὰρ</em></span> <span class='ocrx_word' id='word_1_355' title='bbox 3058 1927 3252 1997; x_wconf 90' lang='grc' dir='ltr'><em>Ἰωνᾶ,</em></span> <span class='ocrx_word' id='word_1_356' title='bbox 3284 1930 3374 1984; x_wconf 82' lang='grc' dir='ltr'><em>ὅτι</em></span> <span class='ocrx_word' id='word_1_357' title='bbox 3401 1931 3557 2001; x_wconf 78' lang='grc' dir='ltr'><em>σὰρξ</em></span> <span class='ocrx_word' id='word_1_358' title='bbox 3586 1932 3684 1987; x_wconf 77' lang='grc' dir='ltr'><em>καὶ</em></span> 
     </span>
    </p>
   </div>
   <div class='ocr_carea' id='block_1_47' title="bbox 2102 2010 3685 2091">
    <p class='ocr_par' dir='ltr' id='par_1_47' title="bbox 2102 2010 3685 2091">
     <span class='ocr_line' id='line_1_49' title="bbox 2102 2010 3685 2091; baseline 0.008 -25"><span class='ocrx_word' id='word_1_359' title='bbox 2102 2010 2247 2082; x_wconf 79' lang='grc' dir='ltr'><em>αἷμα</em></span> <span class='ocrx_word' id='word_1_360' title='bbox 2279 2018 2392 2069; x_wconf 80' lang='grc' dir='ltr'><em>οὐκ</em></span> <span class='ocrx_word' id='word_1_361' title='bbox 2424 2016 2794 2086; x_wconf 70' lang='grc' dir='ltr'><em>ἁπεκάλυψέ</em></span> <span class='ocrx_word' id='word_1_362' title='bbox 2845 2033 2968 2083; x_wconf 90' lang='grc' dir='ltr'><em>σοι,</em></span> <span class='ocrx_word' id='word_1_363' title='bbox 3009 2019 3155 2074; x_wconf 79' lang='grc' dir='ltr'><em>ἀλλ’</em></span> <span class='ocrx_word' id='word_1_364' title='bbox 3192 2021 3226 2074; x_wconf 90' lang='grc' dir='ltr'><strong><em>ό</em></strong></span> <span class='ocrx_word' id='word_1_365' title='bbox 3262 2021 3465 2091; x_wconf 77' lang='grc' dir='ltr'><em>Πατήρ</em></span> <span class='ocrx_word' id='word_1_366' title='bbox 3505 2039 3618 2091; x_wconf 85' lang='grc' dir='ltr'><strong><em>μου</em></strong></span> <span class='ocrx_word' id='word_1_367' title='bbox 3651 2026 3685 2078; x_wconf 81' lang='grc' dir='ltr'><em>ὁ</em></span> 
     </span>
    </p>
   </div>
   <div class='ocr_carea' id='block_1_48' title="bbox 2103 2105 3684 2183">
    <p class='ocr_par' dir='ltr' id='par_1_48' title="bbox 2103 2105 3684 2183">
     <span class='ocr_line' id='line_1_50' title="bbox 2103 2105 3684 2183; baseline 0.003 -24"><span class='ocrx_word' id='word_1_368' title='bbox 2103 2105 2408 2171; x_wconf 84' lang='grc' dir='ltr'><em>οὐράνιος.</em></span> <span class='ocrx_word' id='word_1_369' title='bbox 2458 2105 2602 2159; x_wconf 85' lang='grc' dir='ltr'><em>Ἀλλ’</em></span> <span class='ocrx_word' id='word_1_370' title='bbox 2633 2106 2754 2159; x_wconf 77' lang='grc' dir='ltr'><strong><em>οὐδὲ</em></strong></span> <span class='ocrx_word' id='word_1_371' title='bbox 2800 2108 2860 2161; x_wconf 81' lang='grc' dir='ltr'><strong><em>ἑν</em></strong></span> <span class='ocrx_word' id='word_1_372' title='bbox 2906 2110 2974 2178; x_wconf 81' lang='grc' dir='ltr'><em>τῇ</em></span> <span class='ocrx_word' id='word_1_373' title='bbox 3018 2109 3255 2179; x_wconf 80' lang='grc' dir='ltr'><em>δευτέρα</em></span> <span class='ocrx_word' id='word_1_374' title='bbox 3287 2112 3565 2183; x_wconf 76' lang='grc' dir='ltr'><em>φερομένῃ</em></span> <span class='ocrx_word' id='word_1_375' title='bbox 3593 2112 3684 2166; x_wconf 83' lang='grc' dir='ltr'><em>καὶ</em></span> 
     </span>
    </p>
   </div>
   <div class='ocr_carea' id='block_1_49' title="bbox 2102 2197 3677 2272">
    <p class='ocr_par' dir='ltr' id='par_1_49' title="bbox 2102 2197 3677 2272">
     <span class='ocr_line' id='line_1_51' title="bbox 2102 2197 3677 2272; baseline 0.004 -22"><span class='ocrx_word' id='word_1_376' title='bbox 2102 2198 2266 2268; x_wconf 79' lang='grc' dir='ltr'><em>τρίτῃ</em></span> <span class='ocrx_word' id='word_1_377' title='bbox 2299 2197 2576 2262; x_wconf 82' lang='grc' dir='ltr'><em>Ἰωάννου,</em></span> <span class='ocrx_word' id='word_1_378' title='bbox 2604 2199 2785 2252; x_wconf 86' lang='grc' dir='ltr'><em>καίτοι</em></span> <span class='ocrx_word' id='word_1_379' title='bbox 2807 2199 3094 2272; x_wconf 78' lang='grc' dir='ltr'><em>βραχείαις</em></span> <span class='ocrx_word' id='word_1_380' title='bbox 3117 2200 3309 2266; x_wconf 73' lang='grc' dir='ltr'><em>οὔσαις</em></span> <span class='ocrx_word' id='word_1_381' title='bbox 3349 2205 3677 2271; x_wconf 75' lang='grc' dir='ltr'><strong><em>ἐπιστολαῖς,</em></strong></span> 
     </span>
    </p>
   </div>
   <div class='ocr_carea' id='block_1_50' title="bbox 2115 2290 3682 2367">
    <p class='ocr_par' dir='ltr' id='par_1_50' title="bbox 2115 2290 3682 2367">
     <span class='ocr_line' id='line_1_52' title="bbox 2115 2290 3682 2367; baseline 0.004 -22"><span class='ocrx_word' id='word_1_382' title='bbox 2115 2290 2372 2361; x_wconf 80' lang='grc' dir='ltr'><em>Ἰωάννης</em></span> <span class='ocrx_word' id='word_1_383' title='bbox 2418 2292 2685 2362; x_wconf 77' lang='grc' dir='ltr'><em>ὀνομαστὶ</em></span> <span class='ocrx_word' id='word_1_384' title='bbox 2740 2295 3080 2364; x_wconf 83' lang='grc' dir='ltr'><em>πρόκειται·</em></span> <span class='ocrx_word' id='word_1_385' title='bbox 3142 2295 3260 2350; x_wconf 77' lang='grc' dir='ltr'><em>ἀλλ’</em></span> <span class='ocrx_word' id='word_1_386' title='bbox 3314 2298 3614 2367; x_wconf 82' lang='grc' dir='ltr'><em>ἀνωνύμως</em></span> <span class='ocrx_word' id='word_1_387' title='bbox 3654 2301 3682 2352; x_wconf 88' lang='grc' dir='ltr'><strong>ὀ</strong></span> 
     </span>
    </p>
   </div>
   <div class='ocr_carea' id='block_1_51' title="bbox 2103 2379 3683 2459">
    <p class='ocr_par' dir='ltr' id='par_1_51' title="bbox 2103 2379 3683 2459">
     <span class='ocr_line' id='line_1_53' title="bbox 2103 2379 3683 2459; baseline 0.003 -24"><span class='ocrx_word' id='word_1_388' title='bbox 2103 2382 2482 2454; x_wconf 71' lang='grc' dir='ltr'><em>πρεσϐύτερος</em></span> <span class='ocrx_word' id='word_1_389' title='bbox 2516 2385 2858 2453; x_wconf 78' lang='grc' dir='ltr'><em>γέγραπται.</em></span> <span class='ocrx_word' id='word_1_390' title='bbox 2889 2379 3060 2448; x_wconf 70' lang='grc' dir='ltr'><em>Οὗτος</em></span> <span class='ocrx_word' id='word_1_391' title='bbox 3090 2386 3148 2439; x_wconf 81' lang='grc' dir='ltr'><strong><em>δέ</em></strong></span> <span class='ocrx_word' id='word_1_392' title='bbox 3174 2404 3239 2454; x_wconf 88' lang='grc' dir='ltr'><em>γε</em></span> <span class='ocrx_word' id='word_1_393' title='bbox 3264 2388 3385 2440; x_wconf 80' lang='grc' dir='ltr'><strong><em>οὐδὲ</em></strong></span> <span class='ocrx_word' id='word_1_394' title='bbox 3414 2385 3683 2459; x_wconf 75' lang='grc' dir='ltr'><em>αὔταρκες</em></span> 
     </span>
    </p>
   </div>
   <div class='ocr_carea' id='block_1_52' title="bbox 2104 2471 3687 2553">
    <p class='ocr_par' dir='ltr' id='par_1_52' title="bbox 2104 2471 3687 2553">
     <span class='ocr_line' id='line_1_54' title="bbox 2104 2471 3687 2553; baseline 0.003 -28"><span class='ocrx_word' id='word_1_395' title='bbox 2104 2472 2362 2541; x_wconf 79' lang='grc' dir='ltr'><em>ἐνόμισεν</em></span> <span class='ocrx_word' id='word_1_396' title='bbox 2410 2471 2649 2553; x_wconf 74' lang='grc' dir='ltr'><em>εἰσάπαξ</em></span> <span class='ocrx_word' id='word_1_397' title='bbox 2695 2472 2892 2525; x_wconf 82' lang='grc' dir='ltr'><em>ἑαυτὸν</em></span> <span class='ocrx_word' id='word_1_398' title='bbox 2938 2475 3215 2543; x_wconf 83' lang='grc' dir='ltr'><em>ὀνομάσας</em></span> <span class='ocrx_word' id='word_1_399' title='bbox 3264 2475 3571 2545; x_wconf 83' lang='grc' dir='ltr'><strong><em>διηγεῖσθαι</em></strong></span> <span class='ocrx_word' id='word_1_400' title='bbox 3617 2479 3687 2529; x_wconf 83' lang='grc' dir='ltr'><em>τὰ</em></span> 
     </span>
    </p>
   </div>
   <div class='ocr_carea' id='block_1_53' title="bbox 2103 2564 3685 2637">
    <p class='ocr_par' dir='ltr' id='par_1_53' title="bbox 2103 2564 3685 2637">
     <span class='ocr_line' id='line_1_55' title="bbox 2103 2564 3685 2637; baseline 0.002 -18"><span class='ocrx_word' id='word_1_401' title='bbox 2103 2565 2254 2631; x_wconf 80' lang='grc' dir='ltr'><em>ἑξῆς,</em></span> <span class='ocrx_word' id='word_1_402' title='bbox 2292 2564 2432 2617; x_wconf 80' lang='grc' dir='ltr'><em>ἀλλὰ</em></span> <span class='ocrx_word' id='word_1_403' title='bbox 2485 2564 2651 2619; x_wconf 86' lang='grc' dir='ltr'><em>πάλιν</em></span> <span class='ocrx_word' id='word_1_404' title='bbox 2685 2565 3084 2636; x_wconf 65' lang='grc' dir='ltr'><strong><em>ἀναλαμϐάνει⁹</em></strong></span> <span class='ocrx_word' id='word_1_405' title='bbox 3120 2565 3271 2635; x_wconf 80' lang='grc' dir='ltr'><strong><em>Ἐγὼ</em></strong></span> <span class='ocrx_word' id='word_1_406' title='bbox 3321 2568 3605 2637; x_wconf 82' lang='grc' dir='ltr'><em>Ἰωάννης</em></span> <span class='ocrx_word' id='word_1_407' title='bbox 3651 2571 3685 2622; x_wconf 85' lang='grc' dir='ltr'><strong><em>ό</em></strong></span> 
     </span>
    </p>
   </div>
   <div class='ocr_carea' id='block_1_54' title="bbox 2097 2654 3683 2731">
    <p class='ocr_par' dir='ltr' id='par_1_54' title="bbox 2097 2654 3683 2731">
     <span class='ocr_line' id='line_1_56' title="bbox 2097 2654 3683 2731; baseline 0 -21"><span class='ocrx_word' id='word_1_408' title='bbox 2097 2655 2356 2721; x_wconf 77' lang='grc' dir='ltr'><em>βλέπων</em></span> <span class='ocrx_word' id='word_1_409' title='bbox 2386 2656 2487 2708; x_wconf 76' lang='grc' dir='ltr'><em>καὶ</em></span> <span class='ocrx_word' id='word_1_410' title='bbox 2520 2654 2762 2709; x_wconf 84' lang='grc' dir='ltr'><em>ἀκούων</em></span> <span class='ocrx_word' id='word_1_411' title='bbox 2787 2654 3000 2710; x_wconf 84' lang='grc' dir='ltr'><em>ταῦτα.</em></span> <span class='ocrx_word' id='word_1_412' title='bbox 3032 2675 3051 2708; x_wconf 79' lang='grc' dir='ltr'><strong><em>ι</em></strong></span> <span class='ocrx_word' id='word_1_413' title='bbox 3084 2655 3201 2731; x_wconf 79' lang='grc' dir='ltr'><strong><em>Εἶθ’</em></strong></span> <span class='ocrx_word' id='word_1_414' title='bbox 3232 2657 3358 2725; x_wconf 77' lang='grc' dir='ltr'><em>ἑξῆς</em></span> <span class='ocrx_word' id='word_1_415' title='bbox 3391 2658 3683 2726; x_wconf 83' lang='grc' dir='ltr'><em>δείκνυσιν,</em></span> 
     </span>
    </p>
   </div>
   <div class='ocr_carea' id='block_1_55' title="bbox 2117 2741 3683 2821">
    <p class='ocr_par' dir='ltr' id='par_1_55' title="bbox 2117 2741 3683 2821">
     <span class='ocr_line' id='line_1_57' title="bbox 2117 2741 3683 2821; baseline 0.001 -20"><span class='ocrx_word' id='word_1_416' title='bbox 2117 2747 2371 2801; x_wconf 83' lang='grc' dir='ltr'><em>Ἰωάννου</em></span> <span class='ocrx_word' id='word_1_417' title='bbox 2411 2746 2513 2816; x_wconf 85' lang='grc' dir='ltr'><em>μὲν</em></span> <span class='ocrx_word' id='word_1_418' title='bbox 2541 2741 2687 2801; x_wconf 76' lang='grc' dir='ltr'><em>εἶναι</em></span> <span class='ocrx_word' id='word_1_419' title='bbox 2736 2747 2836 2818; x_wconf 82' lang='grc' dir='ltr'><em>τὴν</em></span> <span class='ocrx_word' id='word_1_420' title='bbox 2870 2749 3093 2818; x_wconf 82' lang='grc' dir='ltr'><em>γραφὴν</em></span> <span class='ocrx_word' id='word_1_421' title='bbox 3138 2751 3438 2820; x_wconf 82' lang='grc' dir='ltr'><strong><em>ὁμωνύμου</em></strong></span> <span class='ocrx_word' id='word_1_422' title='bbox 3467 2750 3683 2821; x_wconf 69' lang='grc' dir='ltr'><em>ἐκείνῳ,</em></span> 
     </span>
    </p>
   </div>
   <div class='ocr_carea' id='block_1_56' title="bbox 2101 2837 3684 2910">
    <p class='ocr_par' dir='ltr' id='par_1_56' title="bbox 2101 2837 3684 2910">
     <span class='ocr_line' id='line_1_58' title="bbox 2101 2837 3684 2910; baseline 0 -16"><span class='ocrx_word' id='word_1_423' title='bbox 2101 2840 2163 2895; x_wconf 83' lang='grc' dir='ltr'><em>οὐ</em></span> <span class='ocrx_word' id='word_1_424' title='bbox 2199 2840 2308 2910; x_wconf 80' lang='grc' dir='ltr'><em>μὴν</em></span> <span class='ocrx_word' id='word_1_425' title='bbox 2339 2840 2434 2893; x_wconf 80' lang='grc' dir='ltr'><em>τοῦ</em></span> <span class='ocrx_word' id='word_1_426' title='bbox 2461 2839 2846 2910; x_wconf 75' lang='grc' dir='ltr'><em>ἠγαπημένον.</em></span> <span class='ocrx_word' id='word_1_427' title='bbox 2875 2840 3189 2893; x_wconf 79' lang='grc' dir='ltr'><em>Αίνίττεται</em></span> <span class='ocrx_word' id='word_1_428' title='bbox 3228 2841 3284 2897; x_wconf 81' lang='grc' dir='ltr'><strong><em>δὲ</em></strong></span> <span class='ocrx_word' id='word_1_429' title='bbox 3316 2837 3455 2895; x_wconf 77' lang='grc' dir='ltr'><em>εἶναι</em></span> <span class='ocrx_word' id='word_1_430' title='bbox 3499 2842 3591 2895; x_wconf 82' lang='grc' dir='ltr'><strong><em>τοῦ</em></strong></span> <span class='ocrx_word' id='word_1_431' title='bbox 3625 2844 3684 2894; x_wconf 78' lang='grc' dir='ltr'><em>ὲν</em></span> 
     </span>
    </p>
   </div>
   <div class='ocr_carea' id='block_1_57' title="bbox 2102 2933 3683 3007">
    <p class='ocr_par' dir='ltr' id='par_1_57' title="bbox 2102 2933 3683 3007">
     <span class='ocr_line' id='line_1_59' title="bbox 2102 2933 3683 3007; baseline 0.001 -20"><span class='ocrx_word' id='word_1_432' title='bbox 2102 2936 2168 3005; x_wconf 76' lang='grc' dir='ltr'><em>τῇ</em></span> <span class='ocrx_word' id='word_1_433' title='bbox 2193 2934 2356 3005; x_wconf 81' lang='grc' dir='ltr'><em>Ἀσίᾳ</em></span> <span class='ocrx_word' id='word_1_434' title='bbox 2382 2933 2666 2999; x_wconf 86' lang='grc' dir='ltr'><em>Ἰωάννου,</em></span> <span class='ocrx_word' id='word_1_435' title='bbox 2697 2934 2759 2998; x_wconf 85' lang='grc' dir='ltr'><em>ὃς</em></span> <span class='ocrx_word' id='word_1_436' title='bbox 2793 2934 3075 3005; x_wconf 77' lang='grc' dir='ltr'><strong><em>ἐπεκλήθη</em></strong></span> <span class='ocrx_word' id='word_1_437' title='bbox 3126 2934 3522 3007; x_wconf 80' lang='grc' dir='ltr'><em>πρεσϐύτερος,</em></span> <span class='ocrx_word' id='word_1_438' title='bbox 3559 2937 3683 3005; x_wconf 73' lang='grc' dir='ltr'><em>περὶ</em></span> 
     </span>
    </p>
   </div>
   <div class='ocr_carea' id='block_1_58' title="bbox 2102 3023 3683 3097">
    <p class='ocr_par' dir='ltr' id='par_1_58' title="bbox 2102 3023 3683 3097">
     <span class='ocr_line' id='line_1_60' title="bbox 2102 3023 3683 3097; baseline 0.001 -18"><span class='ocrx_word' id='word_1_439' title='bbox 2102 3023 2164 3081; x_wconf 76' lang='grc' dir='ltr'><em>οὗ</em></span> <span class='ocrx_word' id='word_1_440' title='bbox 2188 3027 2284 3079; x_wconf 74' lang='grc' dir='ltr'><em>καὶ</em></span> <span class='ocrx_word' id='word_1_441' title='bbox 2314 3026 2587 3096; x_wconf 87' lang='grc' dir='ltr'><em>πρότερον</em></span> <span class='ocrx_word' id='word_1_442' title='bbox 2612 3026 2866 3096; x_wconf 76' lang='grc' dir='ltr'><em>εἴπομεν,</em></span> <span class='ocrx_word' id='word_1_443' title='bbox 2894 3029 2978 3080; x_wconf 81' lang='grc' dir='ltr'><em>ὅτι</em></span> <span class='ocrx_word' id='word_1_444' title='bbox 3002 3029 3095 3080; x_wconf 72' lang='grc' dir='ltr'><em>καὶ</em></span> <span class='ocrx_word' id='word_1_445' title='bbox 3118 3027 3214 3079; x_wconf 80' lang='grc' dir='ltr'><strong><em>δύο</em></strong></span> <span class='ocrx_word' id='word_1_446' title='bbox 3241 3029 3505 3097; x_wconf 79' lang='grc' dir='ltr'><em>μνήματα</em></span> <span class='ocrx_word' id='word_1_447' title='bbox 3532 3028 3683 3097; x_wconf 81' lang='grc' dir='ltr'><em>ὁμω-</em></span> 
     </span>
    </p>
   </div>
   <div class='ocr_carea' id='block_1_59' title="bbox 2103 3117 3680 3189">
    <p class='ocr_par' dir='ltr' id='par_1_59' title="bbox 2103 3117 3680 3189">
     <span class='ocr_line' id='line_1_61' title="bbox 2103 3117 3680 3189; baseline 0.001 -18"><span class='ocrx_word' id='word_1_448' title='bbox 2103 3119 2306 3189; x_wconf 86' lang='grc' dir='ltr'><em>νυμίαν</em></span> <span class='ocrx_word' id='word_1_449' title='bbox 2373 3118 2572 3188; x_wconf 79' lang='grc' dir='ltr'><em>ἔχοντα</em></span> <span class='ocrx_word' id='word_1_450' title='bbox 2625 3118 2912 3182; x_wconf 79' lang='grc' dir='ltr'><em>Ἰωάννου,</em></span> <span class='ocrx_word' id='word_1_451' title='bbox 2979 3120 3037 3171; x_wconf 78' lang='grc' dir='ltr'><em>ὲν</em></span> <span class='ocrx_word' id='word_1_452' title='bbox 3092 3118 3302 3187; x_wconf 82' lang='grc' dir='ltr'><strong><em>Ἐφέσῳ</em></strong></span> <span class='ocrx_word' id='word_1_453' title='bbox 3357 3117 3680 3174; x_wconf 80' lang='grc' dir='ltr'><em>δείκνυνται.</em></span> 
     </span>
    </p>
   </div>
   <div class='ocr_carea' id='block_1_60' title="bbox 410 3195 2003 3286">
    <p class='ocr_par' dir='ltr' id='par_1_60' title="bbox 410 3195 1998 3279">
     <span class='ocr_line' id='line_1_62' title="bbox 410 3195 1998 3279; baseline 0.004 -32"><span class='ocrx_word' id='word_1_454' title='bbox 410 3195 697 3279; x_wconf 78' lang='lat' dir='ltr'><strong><em>apostolos</em></strong></span> <span class='ocrx_word' id='word_1_455' title='bbox 753 3199 1179 3266; x_wconf 88' lang='lat' dir='ltr'><strong><em>propensionem</em></strong></span> <span class='ocrx_word' id='word_1_456' title='bbox 1226 3209 1282 3255; x_wconf 87' lang='lat' dir='ltr'><strong><em>et</em></strong></span> <span class='ocrx_word' id='word_1_457' title='bbox 1332 3199 1722 3265; x_wconf 60' lang='lat' dir='ltr'><strong><em>alit-ctioncm,</em></strong></span> <span class='ocrx_word' id='word_1_458' title='bbox 1773 3201 1998 3255; x_wconf 89' lang='lat' dir='ltr'><strong><em>nomina</em></strong></span> 
     </span>
    </p>
   </div>
   <div class='ocr_carea' id='block_1_61' title="bbox 2104 3195 3682 3286">
    <p class='ocr_par' dir='ltr' id='par_1_61' title="bbox 2110 3210 3682 3281">
     <span class='ocr_line' id='line_1_63' title="bbox 2110 3210 3682 3281; baseline 0 -17"><span class='ocrx_word' id='word_1_459' title='bbox 2110 3230 2127 3263; x_wconf 84' lang='grc' dir='ltr'><strong><em>ι</em></strong></span> <span class='ocrx_word' id='word_1_460' title='bbox 2173 3210 2369 3264; x_wconf 77' lang='grc' dir='ltr'><em>Πολλοὶ</em></span> <span class='ocrx_word' id='word_1_461' title='bbox 2399 3212 2530 3281; x_wconf 83' lang='grc' dir='ltr'><em>γὰρ,</em></span> <span class='ocrx_word' id='word_1_462' title='bbox 2563 3212 2724 3281; x_wconf 74' lang='grc' dir='ltr'><em>φησὶ,</em></span> <span class='ocrx_word' id='word_1_463' title='bbox 2751 3212 2843 3264; x_wconf 78' lang='grc' dir='ltr'><strong><em>διὰ</em></strong></span> <span class='ocrx_word' id='word_1_464' title='bbox 2876 3214 2975 3280; x_wconf 81' lang='grc' dir='ltr'><em>τὴν</em></span> <span class='ocrx_word' id='word_1_465' title='bbox 3010 3210 3144 3281; x_wconf 80' lang='grc' dir='ltr'><em>πρὸς</em></span> <span class='ocrx_word' id='word_1_466' title='bbox 3195 3211 3322 3272; x_wconf 80' lang='grc' dir='ltr'><em>τοὺς</em></span> <span class='ocrx_word' id='word_1_467' title='bbox 3353 3211 3682 3273; x_wconf 78' lang='grc' dir='ltr'><em>ἀποστόλους</em></span> 
     </span>
    </p>
   </div>
   <div class='ocr_carea' id='block_1_62' title="bbox 411 3272 1547 3361">
    <p class='ocr_par' dir='ltr' id='par_1_62' title="bbox 411 3272 1547 3361">
     <span class='ocr_line' id='line_1_64' title="bbox 411 3272 1547 3361; baseline 0.003 -21"><span class='ocrx_word' id='word_1_468' title='bbox 411 3272 609 3341; x_wconf 88' lang='lat' dir='ltr'><strong><em>eorum</em></strong></span> <span class='ocrx_word' id='word_1_469' title='bbox 639 3287 836 3343; x_wconf 87' lang='lat' dir='ltr'><strong><em>liberis</em></strong></span> <span class='ocrx_word' id='word_1_470' title='bbox 868 3289 988 3344; x_wconf 86' lang='lat' dir='ltr'><strong><em>suis</em></strong></span> <span class='ocrx_word' id='word_1_471' title='bbox 1024 3289 1409 3361; x_wconf 86' lang='lat' dir='ltr'><strong><em>imponebant.</em></strong></span> <span class='ocrx_word' id='word_1_472' title='bbox 1446 3310 1465 3343; x_wconf 73' lang='grc' dir='ltr'><strong><em>ι</em></strong></span> <span class='ocrx_word' id='word_1_473' title='bbox 1542 3298 1547 3303; x_wconf 82' lang='lat'>‘</span> 
     </span>
    </p>
   </div>
   <div class='ocr_carea' id='block_1_63' title="bbox 1008 3405 1469 3463">
    <p class='ocr_par' dir='ltr' id='par_1_63' title="bbox 1008 3405 1469 3463">
     <span class='ocr_line' id='line_1_65' title="bbox 1008 3405 1469 3463; baseline -0.002 -1"><span class='ocrx_word' id='word_1_474' title='bbox 1008 3405 1239 3463; x_wconf 79' lang='lat' dir='ltr'><strong><em>CAPUT</em></strong></span> <span class='ocrx_word' id='word_1_475' title='bbox 1281 3405 1469 3462; x_wconf 77' lang='lat' dir='ltr'><strong><em>XXIII.</em></strong></span> 
     </span>
    </p>
   </div>
   <div class='ocr_carea' id='block_1_64' title="bbox 411 3501 2001 3575">
    <p class='ocr_par' dir='ltr' id='par_1_64' title="bbox 411 3501 2001 3575">
     <span class='ocr_line' id='line_1_66' title="bbox 411 3501 2001 3575; baseline 0.003 -20"><span class='ocrx_word' id='word_1_476' title='bbox 411 3502 610 3575; x_wconf 77' lang='lat' dir='ltr'><strong><em>Quibus</em></strong></span> <span class='ocrx_word' id='word_1_477' title='bbox 662 3503 956 3558; x_wconf 77' lang='lat' dir='ltr'><strong><em>rationibus</em></strong></span> <span class='ocrx_word' id='word_1_478' title='bbox 1008 3503 1147 3557; x_wconf 86' lang='lat' dir='ltr'><strong><em>idem</em></strong></span> <span class='ocrx_word' id='word_1_479' title='bbox 1184 3512 1442 3575; x_wconf 85' lang='lat' dir='ltr'><strong><em>asserat,</em></strong></span> <span class='ocrx_word' id='word_1_480' title='bbox 1484 3501 1860 3575; x_wconf 71' lang='lat' dir='ltr'><strong><em>Apocalypsin:</em></strong></span> <span class='ocrx_word' id='word_1_481' title='bbox 1896 3522 2001 3559; x_wconf 90' lang='lat' dir='ltr'><strong><em>non</em></strong></span> 
     </span>
    </p>
   </div>
   <div class='ocr_carea' id='block_1_65' title="bbox 479 3574 2002 3645">
    <p class='ocr_par' dir='ltr' id='par_1_65' title="bbox 479 3574 2002 3645">
     <span class='ocr_line' id='line_1_67' title="bbox 479 3574 2002 3645; baseline 0.001 -17"><span class='ocrx_word' id='word_1_482' title='bbox 479 3574 709 3629; x_wconf 78' lang='lat' dir='ltr'><strong><em>Joannis</em></strong></span> <span class='ocrx_word' id='word_1_483' title='bbox 728 3575 1081 3645; x_wconf 72' lang='lat' dir='ltr'><strong><em>evangelium,</em></strong></span> <span class='ocrx_word' id='word_1_484' title='bbox 1099 3574 1189 3629; x_wconf 86' lang='lat' dir='ltr'><strong><em>sed</em></strong></span> <span class='ocrx_word' id='word_1_485' title='bbox 1212 3574 1435 3629; x_wconf 84' lang='lat' dir='ltr'><strong><em>alterius</em></strong></span> <span class='ocrx_word' id='word_1_486' title='bbox 1468 3574 1749 3641; x_wconf 60' lang='lat' dir='ltr'><strong><em>cuiusdam</em></strong></span> <span class='ocrx_word' id='word_1_487' title='bbox 1777 3575 2002 3630; x_wconf 83' lang='lat' dir='ltr'><strong><em>Joannis</em></strong></span> 
     </span>
    </p>
   </div>
   <div class='ocr_carea' id='block_1_66' title="bbox 479 3661 610 3702">
    <p class='ocr_par' dir='ltr' id='par_1_66' title="bbox 479 3661 610 3702">
     <span class='ocr_line' id='line_1_68' title="bbox 479 3661 610 3702; baseline -0.008 -1"><span class='ocrx_word' id='word_1_488' title='bbox 479 3661 610 3702; x_wconf 69' lang='grc'><strong><em>6888.</em></strong></span> 
     </span>
    </p>
   </div>
   <div class='ocr_carea' id='block_1_67' title="bbox 480 3760 2001 3832">
    <p class='ocr_par' dir='ltr' id='par_1_67' title="bbox 480 3760 2001 3832">
     <span class='ocr_line' id='line_1_69' title="bbox 480 3760 2001 3832; baseline -0.001 -14"><span class='ocrx_word' id='word_1_489' title='bbox 480 3763 735 3818; x_wconf 84' lang='lat' dir='ltr'><strong><em>Ostendit.</em></strong></span> <span class='ocrx_word' id='word_1_490' title='bbox 766 3776 990 3832; x_wconf 88' lang='lat' dir='ltr'><strong><em>quoque</em></strong></span> <span class='ocrx_word' id='word_1_491' title='bbox 1023 3776 1090 3816; x_wconf 85' lang='lat' dir='ltr'><strong><em>ex</em></strong></span> <span class='ocrx_word' id='word_1_492' title='bbox 1122 3760 1524 3832; x_wconf 85' lang='lat' dir='ltr'><strong><em>compositione</em></strong></span> <span class='ocrx_word' id='word_1_493' title='bbox 1553 3760 1836 3826; x_wconf 88' lang='lat' dir='ltr'><strong><em>dictionis,</em></strong></span> <span class='ocrx_word' id='word_1_494' title='bbox 1872 3776 2001 3816; x_wconf 89' lang='lat' dir='ltr'><strong><em>sen-</em></strong></span> 
     </span>
    </p>
   </div>
   <div class='ocr_carea' id='block_1_68' title="bbox 408 3855 1997 3926">
    <p class='ocr_par' dir='ltr' id='par_1_68' title="bbox 408 3855 1997 3926">
     <span class='ocr_line' id='line_1_70' title="bbox 408 3855 1997 3926; baseline -0.001 -14"><span class='ocrx_word' id='word_1_495' title='bbox 408 3857 625 3921; x_wconf 80' lang='lat' dir='ltr'><strong><em>tentiis,</em></strong></span> <span class='ocrx_word' id='word_1_496' title='bbox 660 3866 718 3911; x_wconf 89' lang='lat' dir='ltr'><strong><em>et</em></strong></span> <span class='ocrx_word' id='word_1_497' title='bbox 748 3855 934 3910; x_wconf 86' lang='lat' dir='ltr'><strong><em>verbis</em></strong></span> <span class='ocrx_word' id='word_1_498' title='bbox 962 3855 1124 3926; x_wconf 88' lang='lat' dir='ltr'><strong><em>ipsis,</em></strong></span> <span class='ocrx_word' id='word_1_499' title='bbox 1154 3855 1328 3910; x_wconf 88' lang='lat' dir='ltr'><strong><em>alium</em></strong></span> <span class='ocrx_word' id='word_1_500' title='bbox 1358 3870 1506 3921; x_wconf 88' lang='lat' dir='ltr'><strong><em>esse,</em></strong></span> <span class='ocrx_word' id='word_1_501' title='bbox 1534 3870 1698 3925; x_wconf 87' lang='lat' dir='ltr'><strong><em>quam</em></strong></span> <span class='ocrx_word' id='word_1_502' title='bbox 1727 3855 1997 3911; x_wconf 84' lang='lat' dir='ltr'><strong><em>Joannem</em></strong></span> 
     </span>
    </p>
   </div>
   <div class='ocr_carea' id='block_1_69' title="bbox 409 3949 1996 4022">
    <p class='ocr_par' dir='ltr' id='par_1_69' title="bbox 409 3949 1996 4022">
     <span class='ocr_line' id='line_1_71' title="bbox 409 3949 1996 4022; baseline -0.003 -14"><span class='ocrx_word' id='word_1_503' title='bbox 409 3952 836 4022; x_wconf 78' lang='lat' dir='ltr'><strong><em>evangelistam,</em></strong></span> <span class='ocrx_word' id='word_1_504' title='bbox 867 3951 991 4018; x_wconf 82' lang='lat' dir='ltr'><strong><em>ejus</em></strong></span> <span class='ocrx_word' id='word_1_505' title='bbox 1037 3949 1165 4003; x_wconf 87' lang='lat' dir='ltr'><strong><em>libri</em></strong></span> <span class='ocrx_word' id='word_1_506' title='bbox 1219 3957 1531 4013; x_wconf 85' lang='lat' dir='ltr'><strong><em>auctorem,</em></strong></span> <span class='ocrx_word' id='word_1_507' title='bbox 1566 3951 1641 4003; x_wconf 81' lang='lat' dir='ltr'><strong><em>ita</em></strong></span> <span class='ocrx_word' id='word_1_508' title='bbox 1688 3950 1938 4004; x_wconf 84' lang='lat' dir='ltr'><strong><em>scribens</em></strong></span> <span class='ocrx_word' id='word_1_509' title='bbox 1981 3966 1996 4004; x_wconf 93' lang='lat'><strong>:</strong></span> 
     </span>
    </p>
   </div>
   <div class='ocr_carea' id='block_1_70' title="bbox 413 4030 2000 4114">
    <p class='ocr_par' dir='ltr' id='par_1_70' title="bbox 413 4030 2000 4114">
     <span class='ocr_line' id='line_1_72' title="bbox 413 4030 2000 4114; baseline -0.001 -15"><span class='ocrx_word' id='word_1_510' title='bbox 413 4065 436 4099; x_wconf 72' lang='grc' dir='ltr'><strong><em>ι</em></strong></span> <span class='ocrx_word' id='word_1_511' title='bbox 468 4045 727 4102; x_wconf 84' lang='lat' dir='ltr'><strong><em>Consona</em></strong></span> <span class='ocrx_word' id='word_1_512' title='bbox 759 4045 905 4098; x_wconf 88' lang='lat' dir='ltr'><strong><em>enim</em></strong></span> <span class='ocrx_word' id='word_1_513' title='bbox 937 4042 1044 4098; x_wconf 82' lang='lat' dir='ltr'><strong><em>sibi</em></strong></span> <span class='ocrx_word' id='word_1_514' title='bbox 1076 4030 1373 4112; x_wconf 22' lang='lat' dir='ltr'><strong><em>ipsis-sunt</em></strong></span> <span class='ocrx_word' id='word_1_515' title='bbox 1394 4039 1754 4114; x_wconf 83' lang='lat' dir='ltr'><strong><em>Evangelium</em></strong></span> <span class='ocrx_word' id='word_1_516' title='bbox 1786 4054 1842 4098; x_wconf 88' lang='lat' dir='ltr'><strong><em>et</em></strong></span> <span class='ocrx_word' id='word_1_517' title='bbox 1868 4043 2000 4114; x_wconf 89' lang='lat' dir='ltr'><strong><em>Epi-</em></strong></span> 
     </span>
    </p>
   </div>
   <div class='ocr_carea' id='block_1_71' title="bbox 410 4135 1996 4211">
    <p class='ocr_par' dir='ltr' id='par_1_71' title="bbox 410 4135 1996 4211">
     <span class='ocr_line' id='line_1_73' title="bbox 410 4135 1996 4211; baseline -0.002 -16"><span class='ocrx_word' id='word_1_518' title='bbox 410 4139 574 4204; x_wconf 89' lang='lat' dir='ltr'><strong><em>stola,</em></strong></span> <span class='ocrx_word' id='word_1_519' title='bbox 604 4138 767 4211; x_wconf 57' lang='lat'><strong><em>[‘17</em></strong></span> <span class='ocrx_word' id='word_1_520' title='bbox 800 4145 858 4193; x_wconf 86' lang='lat' dir='ltr'><strong><em>et</em></strong></span> <span class='ocrx_word' id='word_1_521' title='bbox 909 4136 1094 4192; x_wconf 84' lang='lat' dir='ltr'><strong><em>simile</em></strong></span> <span class='ocrx_word' id='word_1_522' title='bbox 1134 4135 1344 4190; x_wconf 88' lang='lat' dir='ltr'><strong><em>habent</em></strong></span> <span class='ocrx_word' id='word_1_523' title='bbox 1382 4135 1629 4190; x_wconf 90' lang='lat' dir='ltr'><strong><em>initium.</em></strong></span> <span class='ocrx_word' id='word_1_524' title='bbox 1670 4136 1809 4191; x_wconf 84' lang='lat' dir='ltr'><strong><em>Illud</em></strong></span> <span class='ocrx_word' id='word_1_525' title='bbox 1847 4137 1996 4192; x_wconf 89' lang='lat' dir='ltr'><strong><em>enim</em></strong></span> 
     </span>
    </p>
   </div>
   <div class='ocr_carea' id='block_1_72' title="bbox 408 4228 1995 4302">
    <p class='ocr_par' dir='ltr' id='par_1_72' title="bbox 408 4228 1995 4302">
     <span class='ocr_line' id='line_1_74' title="bbox 408 4228 1995 4302; baseline -0.003 -12"><span class='ocrx_word' id='word_1_526' title='bbox 408 4233 568 4295; x_wconf 88' lang='lat' dir='ltr'><strong><em>dicit,</em></strong></span> <span class='ocrx_word' id='word_1_527' title='bbox 599 4233 666 4288; x_wconf 90' lang='lat' dir='ltr'><strong><em>In</em></strong></span> <span class='ocrx_word' id='word_1_528' title='bbox 695 4232 955 4302; x_wconf 84' lang='lat' dir='ltr'><strong><em>principio</em></strong></span> <span class='ocrx_word' id='word_1_529' title='bbox 987 4239 1105 4285; x_wconf 89' lang='lat' dir='ltr'><strong><em>erat</em></strong></span> <span class='ocrx_word' id='word_1_530' title='bbox 1142 4228 1368 4285; x_wconf 85' lang='lat' dir='ltr'><strong><em>Verbum</em></strong></span> <span class='ocrx_word' id='word_1_531' title='bbox 1393 4244 1413 4284; x_wconf 88' lang='lat'><strong><em>:</em></strong></span> <span class='ocrx_word' id='word_1_532' title='bbox 1435 4229 1555 4284; x_wconf 65' lang='lat' dir='ltr'><strong><em>haec</em></strong></span> <span class='ocrx_word' id='word_1_533' title='bbox 1583 4238 1768 4285; x_wconf 89' lang='lat' dir='ltr'><strong><em>autem</em></strong></span> <span class='ocrx_word' id='word_1_534' title='bbox 1803 4232 1995 4285; x_wconf 86' lang='lat' dir='ltr'><strong><em>eadem</em></strong></span> 
     </span>
    </p>
   </div>
   <div class='ocr_carea' id='block_1_73' title="bbox 407 4322 1997 4402">
    <p class='ocr_par' dir='ltr' id='par_1_73' title="bbox 407 4322 1997 4402">
     <span class='ocr_line' id='line_1_75' title="bbox 407 4322 1997 4402; baseline -0.002 -21"><span class='ocrx_word' id='word_1_535' title='bbox 407 4327 711 4400; x_wconf 81' lang='lat' dir='ltr'><strong><em>pauxillum</em></strong></span> <span class='ocrx_word' id='word_1_536' title='bbox 752 4334 959 4402; x_wconf 68' lang='lat' dir='ltr'><strong><em>mutata</em></strong></span> <span class='ocrx_word' id='word_1_537' title='bbox 997 4340 1011 4378; x_wconf 91' lang='lat'><strong>:</strong></span> <span class='ocrx_word' id='word_1_538' title='bbox 1049 4323 1203 4389; x_wconf 83' lang='lat' dir='ltr'><strong><em>Quod</em></strong></span> <span class='ocrx_word' id='word_1_539' title='bbox 1243 4322 1564 4387; x_wconf 88' lang='lat' dir='ltr'><strong><em>audivimus,</em></strong></span> <span class='ocrx_word' id='word_1_540' title='bbox 1598 4322 1736 4394; x_wconf 85' lang='lat' dir='ltr'><strong><em>quod</em></strong></span> <span class='ocrx_word' id='word_1_541' title='bbox 1773 4323 1997 4378; x_wconf 83' lang='lat' dir='ltr'><strong><em>vidimus</em></strong></span> 
     </span>
    </p>
   </div>
   <div class='ocr_carea' id='block_1_74' title="bbox 409 4419 1998 4485">
    <p class='ocr_par' dir='ltr' id='par_1_74' title="bbox 409 4419 1998 4485">
     <span class='ocr_line' id='line_1_76' title="bbox 409 4419 1998 4485; baseline -0.002 -9"><span class='ocrx_word' id='word_1_542' title='bbox 409 4422 575 4477; x_wconf 83' lang='lat' dir='ltr'><strong><em>oculis</em></strong></span> <span class='ocrx_word' id='word_1_543' title='bbox 624 4422 855 4485; x_wconf 87' lang='lat' dir='ltr'><strong><em>nostris,</em></strong></span> <span class='ocrx_word' id='word_1_544' title='bbox 903 4428 953 4471; x_wconf 87' lang='lat' dir='ltr'><strong><em>et</em></strong></span> <span class='ocrx_word' id='word_1_545' title='bbox 1004 4435 1198 4473; x_wconf 88' lang='lat' dir='ltr'><strong><em>manus</em></strong></span> <span class='ocrx_word' id='word_1_546' title='bbox 1247 4427 1445 4472; x_wconf 75' lang='lat' dir='ltr'><strong><em>nostra:</em></strong></span> <span class='ocrx_word' id='word_1_547' title='bbox 1489 4426 1884 4473; x_wconf 83' lang='lat' dir='ltr'><strong><em>contrectarunt</em></strong></span> <span class='ocrx_word' id='word_1_548' title='bbox 1933 4419 1998 4473; x_wconf 90' lang='lat' dir='ltr'><strong><em>de</em></strong></span> 
     </span>
    </p>
   </div>
   <div class='ocr_carea' id='block_1_75' title="bbox 308 4510 1997 4578">
    <p class='ocr_par' dir='ltr' id='par_1_75' title="bbox 308 4510 1997 4578">
     <span class='ocr_line' id='line_1_77' title="bbox 308 4510 1997 4578; baseline 0 -11"><span class='ocrx_word' id='word_1_549' title='bbox 308 4552 311 4555; x_wconf 93' lang='grc'><strong>-</strong></span> <span class='ocrx_word' id='word_1_550' title='bbox 415 4514 587 4569; x_wconf 84' lang='lat' dir='ltr'><strong><em>Verbo</em></strong></span> <span class='ocrx_word' id='word_1_551' title='bbox 636 4515 776 4568; x_wconf 69' lang='lat' dir='ltr'><strong><em>vita.</em></strong></span> <span class='ocrx_word' id='word_1_552' title='bbox 811 4520 860 4566; x_wconf 88' lang='lat' dir='ltr'><strong><em>et</em></strong></span> <span class='ocrx_word' id='word_1_553' title='bbox 893 4515 1000 4567; x_wconf 86' lang='lat' dir='ltr'><strong><em>vita</em></strong></span> <span class='ocrx_word' id='word_1_554' title='bbox 1038 4510 1390 4578; x_wconf 79' lang='lat' dir='ltr'><strong><em>manifestata</em></strong></span> <span class='ocrx_word' id='word_1_555' title='bbox 1444 4519 1519 4564; x_wconf 90' lang='lat' dir='ltr'><strong><em>est</em></strong></span> <span class='ocrx_word' id='word_1_556' title='bbox 1569 4513 1637 4565; x_wconf 73' lang='grc' dir='ltr'><strong><em>σι.</em></strong></span> <span class='ocrx_word' id='word_1_557' title='bbox 1676 4510 1802 4565; x_wconf 64' lang='lat' dir='ltr'><strong><em>Haec</em></strong></span> <span class='ocrx_word' id='word_1_558' title='bbox 1845 4512 1997 4567; x_wconf 90' lang='lat' dir='ltr'><strong><em>enim</em></strong></span> 
     </span>
    </p>
   </div>
   <div class='ocr_carea' id='block_1_76' title="bbox 2109 3304 3571 3378">
    <p class='ocr_par' dir='ltr' id='par_1_76' title="bbox 2109 3304 3571 3378">
     <span class='ocr_line' id='line_1_78' title="bbox 2109 3304 3571 3378; baseline -0.001 -21"><span class='ocrx_word' id='word_1_559' title='bbox 2109 3304 2297 3378; x_wconf 84' lang='grc' dir='ltr'><em>σχέσιν</em></span> <span class='ocrx_word' id='word_1_560' title='bbox 2324 3305 2424 3368; x_wconf 77' lang='grc' dir='ltr'><em>τὰς</em></span> <span class='ocrx_word' id='word_1_561' title='bbox 2455 3304 2682 3375; x_wconf 85' lang='grc' dir='ltr'><em>κλήσεις</em></span> <span class='ocrx_word' id='word_1_562' title='bbox 2712 3307 2829 3367; x_wconf 79' lang='grc' dir='ltr'><em>τοῖς</em></span> <span class='ocrx_word' id='word_1_563' title='bbox 2863 3304 3079 3358; x_wconf 79' lang='grc' dir='ltr'><em>ἑαυτῶν</em></span> <span class='ocrx_word' id='word_1_564' title='bbox 3110 3304 3327 3357; x_wconf 71' lang='grc' dir='ltr'><em>ἐτίθουν</em></span> <span class='ocrx_word' id='word_1_565' title='bbox 3354 3305 3530 3359; x_wconf 88' lang='grc' dir='ltr'><em>παισί.</em></span> <span class='ocrx_word' id='word_1_566' title='bbox 3553 3322 3571 3355; x_wconf 79' lang='grc' dir='ltr'><strong><em>ι</em></strong></span> 
     </span>
    </p>
   </div>
   <div class='ocr_carea' id='block_1_77' title="bbox 2699 3417 3115 3472">
    <p class='ocr_par' dir='ltr' id='par_1_77' title="bbox 2699 3417 3115 3472">
     <span class='ocr_line' id='line_1_79' title="bbox 2699 3417 3115 3472; baseline 0.005 -2"><span class='ocrx_word' id='word_1_567' title='bbox 2699 3417 2950 3472; x_wconf 81' lang='grc' dir='ltr'><strong><em>ΚΕΦΑΛ.</em></strong></span> <span class='ocrx_word' id='word_1_568' title='bbox 2988 3417 3115 3472; x_wconf 81' lang='lat' dir='ltr'><strong><em>Kl&quot;.</em></strong></span> 
     </span>
    </p>
   </div>
   <div class='ocr_carea' id='block_1_78' title="bbox 2117 3505 3682 3579">
    <p class='ocr_par' dir='ltr' id='par_1_78' title="bbox 2117 3505 3682 3579">
     <span class='ocr_line' id='line_1_80' title="bbox 2117 3505 3682 3579; baseline -0.001 -13"><span class='ocrx_word' id='word_1_569' title='bbox 2117 3510 2222 3574; x_wconf 83' lang='grc' dir='ltr'><strong><em>Ἐξ</em></strong></span> <span class='ocrx_word' id='word_1_570' title='bbox 2270 3510 2417 3565; x_wconf 75' lang='grc' dir='ltr'><em>οἵων</em></span> <span class='ocrx_word' id='word_1_571' title='bbox 2469 3509 2710 3577; x_wconf 80' lang='grc' dir='ltr'><em>τρόπων</em></span> <span class='ocrx_word' id='word_1_572' title='bbox 2742 3508 2829 3578; x_wconf 82' lang='grc' dir='ltr'><strong><em>μὴ</em></strong></span> <span class='ocrx_word' id='word_1_573' title='bbox 2877 3505 3033 3564; x_wconf 79' lang='grc' dir='ltr'><em>εἶναι</em></span> <span class='ocrx_word' id='word_1_574' title='bbox 3095 3509 3204 3565; x_wconf 85' lang='grc' dir='ltr'><em>τοῦ</em></span> <span class='ocrx_word' id='word_1_575' title='bbox 3251 3510 3682 3579; x_wconf 75' lang='grc' dir='ltr'><em>εὐαγγελιστοῦ</em></span> 
     </span>
    </p>
   </div>
   <div class='ocr_carea' id='block_1_79' title="bbox 2174 3579 3683 3650">
    <p class='ocr_par' dir='ltr' id='par_1_79' title="bbox 2174 3579 3683 3650">
     <span class='ocr_line' id='line_1_81' title="bbox 2174 3579 3683 3650; baseline -0.001 -14"><span class='ocrx_word' id='word_1_576' title='bbox 2174 3582 2464 3636; x_wconf 81' lang='grc' dir='ltr'><em>Ἰωάννου</em></span> <span class='ocrx_word' id='word_1_577' title='bbox 2492 3579 2607 3648; x_wconf 81' lang='grc' dir='ltr'><em>τὴν</em></span> <span class='ocrx_word' id='word_1_578' title='bbox 2630 3579 2689 3634; x_wconf 83' lang='grc' dir='ltr'><strong>Ἀ</strong></span> <span class='ocrx_word' id='word_1_579' title='bbox 2700 3580 3075 3650; x_wconf 71' lang='grc' dir='ltr'><em>ποκάλυψιν,</em></span> <span class='ocrx_word' id='word_1_580' title='bbox 3105 3580 3247 3636; x_wconf 82' lang='grc' dir='ltr'><em>ἀλλ’</em></span> <span class='ocrx_word' id='word_1_581' title='bbox 3274 3582 3482 3649; x_wconf 80' lang='grc' dir='ltr'><em>ἐτέρου</em></span> <span class='ocrx_word' id='word_1_582' title='bbox 3520 3584 3683 3648; x_wconf 81' lang='grc' dir='ltr'><em>τινός</em></span> 
     </span>
    </p>
   </div>
   <div class='ocr_carea' id='block_1_80' title="bbox 2175 3650 2855 3718">
    <p class='ocr_par' dir='ltr' id='par_1_80' title="bbox 2175 3650 2855 3718">
     <span class='ocr_line' id='line_1_82' title="bbox 2175 3650 2855 3718; baseline -0.001 -13"><span class='ocrx_word' id='word_1_583' title='bbox 2175 3650 2464 3708; x_wconf 87' lang='grc' dir='ltr'><em>Ἰωάννου</em></span> <span class='ocrx_word' id='word_1_584' title='bbox 2493 3651 2855 3718; x_wconf 78' lang='grc' dir='ltr'><em>παρίστησι.</em></span> 
     </span>
    </p>
   </div>
   <div class='ocr_carea' id='block_1_81' title="bbox 2174 3764 3682 3838">
    <p class='ocr_par' dir='ltr' id='par_1_81' title="bbox 2174 3764 3682 3838">
     <span class='ocr_line' id='line_1_83' title="bbox 2174 3764 3682 3838; baseline 0.001 -19"><span class='ocrx_word' id='word_1_585' title='bbox 2174 3765 2426 3820; x_wconf 88' lang='grc' dir='ltr'><em>Δείκνυσι</em></span> <span class='ocrx_word' id='word_1_586' title='bbox 2460 3764 2518 3819; x_wconf 85' lang='grc' dir='ltr'><strong><em>δὲ</em></strong></span> <span class='ocrx_word' id='word_1_587' title='bbox 2550 3765 2644 3819; x_wconf 73' lang='grc' dir='ltr'><em>καὶ</em></span> <span class='ocrx_word' id='word_1_588' title='bbox 2675 3766 2785 3821; x_wconf 87' lang='grc' dir='ltr'><em>άπὸ</em></span> <span class='ocrx_word' id='word_1_589' title='bbox 2810 3766 2910 3835; x_wconf 83' lang='grc' dir='ltr'><em>τῆς</em></span> <span class='ocrx_word' id='word_1_590' title='bbox 2940 3767 3220 3838; x_wconf 82' lang='grc' dir='ltr'><em>συνθήκης</em></span> <span class='ocrx_word' id='word_1_591' title='bbox 3244 3768 3341 3821; x_wconf 78' lang='grc' dir='ltr'><em>τοῦ</em></span> <span class='ocrx_word' id='word_1_592' title='bbox 3374 3767 3555 3835; x_wconf 86' lang='grc' dir='ltr'><em>λόγου,</em></span> <span class='ocrx_word' id='word_1_593' title='bbox 3582 3768 3682 3821; x_wconf 80' lang='grc' dir='ltr'><em>καὶ</em></span> 
     </span>
    </p>
   </div>
   <div class='ocr_carea' id='block_1_82' title="bbox 2101 3856 3679 3928">
    <p class='ocr_par' dir='ltr' id='par_1_82' title="bbox 2101 3856 3679 3928">
     <span class='ocr_line' id='line_1_84' title="bbox 2101 3856 3679 3928; baseline 0 -15"><span class='ocrx_word' id='word_1_594' title='bbox 2101 3859 2213 3913; x_wconf 80' lang='grc' dir='ltr'><strong><em>ἀπὸ</em></strong></span> <span class='ocrx_word' id='word_1_595' title='bbox 2240 3858 2349 3912; x_wconf 87' lang='grc' dir='ltr'><strong><em>τῶν</em></strong></span> <span class='ocrx_word' id='word_1_596' title='bbox 2379 3858 2673 3928; x_wconf 87' lang='grc' dir='ltr'><em>νοημάτων</em></span> <span class='ocrx_word' id='word_1_597' title='bbox 2717 3859 2815 3910; x_wconf 81' lang='grc' dir='ltr'><em>καὶ</em></span> <span class='ocrx_word' id='word_1_598' title='bbox 2867 3857 2980 3910; x_wconf 86' lang='grc' dir='ltr'><em>τῶν</em></span> <span class='ocrx_word' id='word_1_599' title='bbox 3029 3859 3293 3928; x_wconf 80' lang='grc' dir='ltr'><em>ῥημάτων</em></span> <span class='ocrx_word' id='word_1_600' title='bbox 3323 3858 3516 3927; x_wconf 73' lang='grc' dir='ltr'><em>ἕτερον</em></span> <span class='ocrx_word' id='word_1_601' title='bbox 3542 3856 3679 3913; x_wconf 73' lang='grc' dir='ltr'><em>εἶναι</em></span> 
     </span>
    </p>
   </div>
   <div class='ocr_carea' id='block_1_83' title="bbox 2099 3944 3676 4020">
    <p class='ocr_par' dir='ltr' id='par_1_83' title="bbox 2099 3944 3676 4020">
     <span class='ocr_line' id='line_1_85' title="bbox 2099 3944 3676 4020; baseline 0.001 -18"><span class='ocrx_word' id='word_1_602' title='bbox 2099 3949 2193 4003; x_wconf 83' lang='grc' dir='ltr'><em>τὸν</em></span> <span class='ocrx_word' id='word_1_603' title='bbox 2225 3950 2549 4018; x_wconf 83' lang='grc' dir='ltr'><em>συγγραφέα</em></span> <span class='ocrx_word' id='word_1_604' title='bbox 2596 3949 2750 4018; x_wconf 79' lang='grc' dir='ltr'><em>παρά</em></span> <span class='ocrx_word' id='word_1_605' title='bbox 2799 3950 2892 4002; x_wconf 77' lang='grc' dir='ltr'><em>τὸν</em></span> <span class='ocrx_word' id='word_1_606' title='bbox 2932 3947 3344 4020; x_wconf 79' lang='grc' dir='ltr'><em>Εὐαγγελιστήν</em></span> <span class='ocrx_word' id='word_1_607' title='bbox 3370 3964 3387 3981; x_wconf 73' lang='grc' dir='ltr'>σ</span> <span class='ocrx_word' id='word_1_608' title='bbox 3421 3944 3526 4004; x_wconf 81' lang='grc' dir='ltr'><strong><em>ὧδέ</em></strong></span> <span class='ocrx_word' id='word_1_609' title='bbox 3559 3966 3676 4013; x_wconf 81' lang='grc' dir='ltr'><strong><em>πως</em></strong></span> 
     </span>
    </p>
   </div>
   <div class='ocr_carea' id='block_1_84' title="bbox 2101 4040 3679 4113">
    <p class='ocr_par' dir='ltr' id='par_1_84' title="bbox 2101 4040 3679 4113">
     <span class='ocr_line' id='line_1_86' title="bbox 2101 4040 3679 4113; baseline -0.001 -17"><span class='ocrx_word' id='word_1_610' title='bbox 2101 4042 2359 4113; x_wconf 87' lang='grc' dir='ltr'><em>γράφων·</em></span> <span class='ocrx_word' id='word_1_611' title='bbox 2389 4060 2407 4094; x_wconf 81' lang='grc' dir='ltr'><strong><em>ι</em></strong></span> <span class='ocrx_word' id='word_1_612' title='bbox 2441 4040 2736 4112; x_wconf 80' lang='grc' dir='ltr'><em>Συνᾴδουσι</em></span> <span class='ocrx_word' id='word_1_613' title='bbox 2766 4041 2868 4109; x_wconf 80' lang='grc' dir='ltr'><em>μὲν</em></span> <span class='ocrx_word' id='word_1_614' title='bbox 2899 4042 3008 4111; x_wconf 84' lang='grc' dir='ltr'><em>γάρ</em></span> <span class='ocrx_word' id='word_1_615' title='bbox 3050 4040 3304 4110; x_wconf 82' lang='grc' dir='ltr'><em>ἀλλήλοις</em></span> <span class='ocrx_word' id='word_1_616' title='bbox 3338 4042 3398 4094; x_wconf 84' lang='grc' dir='ltr'><em>τὺ</em></span> <span class='ocrx_word' id='word_1_617' title='bbox 3438 4041 3679 4110; x_wconf 76' lang='grc' dir='ltr'><strong><em>Εὐαγγέ-</em></strong></span> 
     </span>
    </p>
   </div>
   <div class='ocr_carea' id='block_1_85' title="bbox 2097 4130 3678 4203">
    <p class='ocr_par' dir='ltr' id='par_1_85' title="bbox 2097 4130 3678 4203">
     <span class='ocr_line' id='line_1_87' title="bbox 2097 4130 3678 4203; baseline 0.001 -18"><span class='ocrx_word' id='word_1_618' title='bbox 2097 4132 2216 4185; x_wconf 88' lang='grc' dir='ltr'><em>λιον</em></span> <span class='ocrx_word' id='word_1_619' title='bbox 2245 4130 2346 4184; x_wconf 78' lang='grc' dir='ltr'><em>καὶ</em></span> <span class='ocrx_word' id='word_1_620' title='bbox 2382 4131 2415 4201; x_wconf 82' lang='grc' dir='ltr'>ἡ</span> <span class='ocrx_word' id='word_1_621' title='bbox 2443 4130 2731 4195; x_wconf 78' lang='grc' dir='ltr'><em>ἐπιστολή·</em></span> <span class='ocrx_word' id='word_1_622' title='bbox 2769 4131 2973 4200; x_wconf 80' lang='grc' dir='ltr'><em>ὁμοίως</em></span> <span class='ocrx_word' id='word_1_623' title='bbox 3001 4147 3063 4184; x_wconf 84' lang='grc' dir='ltr'><strong><em>τε</em></strong></span> <span class='ocrx_word' id='word_1_624' title='bbox 3099 4132 3209 4203; x_wconf 83' lang='grc' dir='ltr'><strong><em>γὰρ</em></strong></span> <span class='ocrx_word' id='word_1_625' title='bbox 3255 4131 3539 4203; x_wconf 81' lang='grc' dir='ltr'><em>άρχονταί.</em></span> <span class='ocrx_word' id='word_1_626' title='bbox 3568 4134 3678 4188; x_wconf 79' lang='grc' dir='ltr'><strong><em>Καὶ</em></strong></span> 
     </span>
    </p>
   </div>
   <div class='ocr_carea' id='block_1_86' title="bbox 2099 4217 3676 4295">
    <p class='ocr_par' dir='ltr' id='par_1_86' title="bbox 2099 4217 3676 4295">
     <span class='ocr_line' id='line_1_88' title="bbox 2099 4217 3676 4295; baseline 0.003 -23"><span class='ocrx_word' id='word_1_627' title='bbox 2099 4220 2162 4273; x_wconf 76' lang='grc' dir='ltr'><strong><em>τὺ</em></strong></span> <span class='ocrx_word' id='word_1_628' title='bbox 2193 4219 2292 4289; x_wconf 87' lang='grc' dir='ltr'><em>μέν</em></span> <span class='ocrx_word' id='word_1_629' title='bbox 2327 4236 2513 4289; x_wconf 82' lang='grc' dir='ltr'><em>φησιν,</em></span> <span class='ocrx_word' id='word_1_630' title='bbox 2542 4218 2651 4273; x_wconf 84' lang='grc' dir='ltr'><em>Ἐν</em></span> <span class='ocrx_word' id='word_1_631' title='bbox 2684 4219 2842 4289; x_wconf 78' lang='grc' dir='ltr'><strong><em>ἀρχῇ</em></strong></span> <span class='ocrx_word' id='word_1_632' title='bbox 2866 4217 2948 4290; x_wconf 82' lang='grc' dir='ltr'><em>ἦν</em></span> <span class='ocrx_word' id='word_1_633' title='bbox 2981 4225 3014 4275; x_wconf 79' lang='grc' dir='ltr'><em>ὀ</em></span> <span class='ocrx_word' id='word_1_634' title='bbox 3040 4223 3255 4291; x_wconf 78' lang='grc' dir='ltr'><em>Λόγος·</em></span> <span class='ocrx_word' id='word_1_635' title='bbox 3292 4225 3325 4295; x_wconf 83' lang='grc' dir='ltr'><strong>ή</strong></span> <span class='ocrx_word' id='word_1_636' title='bbox 3356 4224 3411 4276; x_wconf 80' lang='grc' dir='ltr'><strong><em>δὲ</em></strong></span> <span class='ocrx_word' id='word_1_637' title='bbox 3436 4224 3505 4277; x_wconf 82' lang='grc' dir='ltr'><em>τὰ</em></span> <span class='ocrx_word' id='word_1_638' title='bbox 3536 4225 3676 4278; x_wconf 76' lang='grc' dir='ltr'><em>αὐτὰ</em></span> 
     </span>
    </p>
   </div>
   <div class='ocr_carea' id='block_1_87' title="bbox 2104 4314 3680 4386">
    <p class='ocr_par' dir='ltr' id='par_1_87' title="bbox 2104 4314 3680 4386">
     <span class='ocr_line' id='line_1_89' title="bbox 2104 4314 3680 4386; baseline 0.003 -19"><span class='ocrx_word' id='word_1_639' title='bbox 2104 4315 2290 4386; x_wconf 85' lang='grc' dir='ltr'><em>μικρῷ</em></span> <span class='ocrx_word' id='word_1_640' title='bbox 2312 4314 2768 4385; x_wconf 80' lang='grc' dir='ltr'><em>παρηλλαγμέναο</em></span> <span class='ocrx_word' id='word_1_641' title='bbox 2800 4315 2868 4368; x_wconf 91' lang='grc' dir='ltr'>Ὃ</span> <span class='ocrx_word' id='word_1_642' title='bbox 2889 4315 3259 4386; x_wconf 84' lang='grc' dir='ltr'><em>ἀκηκόαμεν,</em></span> <span class='ocrx_word' id='word_1_643' title='bbox 3282 4316 3314 4369; x_wconf 85' lang='grc' dir='ltr'><strong><em>ὃ</em></strong></span> <span class='ocrx_word' id='word_1_644' title='bbox 3341 4316 3680 4386; x_wconf 80' lang='grc' dir='ltr'><em>ἑωράκαμεν</em></span> 
     </span>
    </p>
   </div>
   <div class='ocr_carea' id='block_1_88' title="bbox 2101 4407 3678 4480">
    <p class='ocr_par' dir='ltr' id='par_1_88' title="bbox 2101 4407 3678 4480">
     <span class='ocr_line' id='line_1_90' title="bbox 2101 4407 3678 4480; baseline 0.001 -18"><span class='ocrx_word' id='word_1_645' title='bbox 2101 4408 2227 4473; x_wconf 80' lang='grc' dir='ltr'><em>τοῖς</em></span> <span class='ocrx_word' id='word_1_646' title='bbox 2271 4408 2606 4478; x_wconf 74' lang='grc' dir='ltr'><em>ὀφθαλμοῖς</em></span> <span class='ocrx_word' id='word_1_647' title='bbox 2638 4407 2830 4477; x_wconf 78' lang='grc' dir='ltr'><em>ἡμῶν,</em></span> <span class='ocrx_word' id='word_1_648' title='bbox 2879 4410 2979 4464; x_wconf 77' lang='grc' dir='ltr'><em>καὶ</em></span> <span class='ocrx_word' id='word_1_649' title='bbox 3020 4413 3080 4464; x_wconf 88' lang='lat' dir='ltr'><strong><em>al</em></strong></span> <span class='ocrx_word' id='word_1_650' title='bbox 3109 4410 3299 4479; x_wconf 81' lang='grc' dir='ltr'><em>χεῖρες</em></span> <span class='ocrx_word' id='word_1_651' title='bbox 3328 4410 3498 4480; x_wconf 76' lang='grc' dir='ltr'><em>ἡμῶν</em></span> <span class='ocrx_word' id='word_1_652' title='bbox 3532 4412 3678 4478; x_wconf 62' lang='grc' dir='ltr'><strong><em>ἐψη-</em></strong></span> 
     </span>
    </p>
   </div>
   <div class='ocr_carea' id='block_1_89' title="bbox 2099 4501 3676 4573">
    <p class='ocr_par' dir='ltr' id='par_1_89' title="bbox 2099 4501 3676 4573">
     <span class='ocr_line' id='line_1_91' title="bbox 2099 4501 3676 4573; baseline -0.001 -17"><span class='ocrx_word' id='word_1_653' title='bbox 2099 4502 2396 4571; x_wconf 69' lang='grc' dir='ltr'><em>λάφησαν</em></span> <span class='ocrx_word' id='word_1_654' title='bbox 2427 4503 2563 4571; x_wconf 74' lang='grc' dir='ltr'><em>περὶ</em></span> <span class='ocrx_word' id='word_1_655' title='bbox 2605 4503 2712 4558; x_wconf 81' lang='grc' dir='ltr'><em>τοῦ</em></span> <span class='ocrx_word' id='word_1_656' title='bbox 2758 4505 2957 4573; x_wconf 76' lang='grc' dir='ltr'><em>Λόγου</em></span> <span class='ocrx_word' id='word_1_657' title='bbox 2996 4503 3107 4573; x_wconf 84' lang='grc' dir='ltr'><em>τῆς</em></span> <span class='ocrx_word' id='word_1_658' title='bbox 3137 4502 3287 4571; x_wconf 80' lang='grc' dir='ltr'><em>ζωῆς</em></span> <span class='ocrx_word' id='word_1_659' title='bbox 3310 4518 3325 4534; x_wconf 90' lang='grc'><strong>·</strong></span> <span class='ocrx_word' id='word_1_660' title='bbox 3361 4504 3459 4558; x_wconf 82' lang='grc' dir='ltr'><em>καὶ</em></span> <span class='ocrx_word' id='word_1_661' title='bbox 3499 4504 3537 4572; x_wconf 81' lang='grc' dir='ltr'><strong><em>η</em></strong></span> <span class='ocrx_word' id='word_1_662' title='bbox 3567 4501 3676 4570; x_wconf 83' lang='grc' dir='ltr'><strong><em>ζ’ωὴ</em></strong></span> 
     </span>
    </p>
   </div>
   <div class='ocr_carea' id='block_1_90' title="bbox 407 4584 2003 4675">
    <p class='ocr_par' dir='ltr' id='par_1_90' title="bbox 407 4604 1996 4675">
     <span class='ocr_line' id='line_1_92' title="bbox 407 4604 1996 4675; baseline -0.002 -14"><span class='ocrx_word' id='word_1_663' title='bbox 407 4608 577 4664; x_wconf 88' lang='lat' dir='ltr'><strong><em>verba</em></strong></span> <span class='ocrx_word' id='word_1_664' title='bbox 606 4607 777 4665; x_wconf 85' lang='lat' dir='ltr'><strong><em>veluti</em></strong></span> <span class='ocrx_word' id='word_1_665' title='bbox 810 4604 1121 4674; x_wconf 78' lang='lat' dir='ltr'><strong><em>praeludens</em></strong></span> <span class='ocrx_word' id='word_1_666' title='bbox 1160 4604 1464 4675; x_wconf 70' lang='lat' dir='ltr'><strong><em>praemittit,</em></strong></span> <span class='ocrx_word' id='word_1_667' title='bbox 1490 4614 1681 4658; x_wconf 88' lang='lat' dir='ltr'><strong><em>contra</em></strong></span> <span class='ocrx_word' id='word_1_668' title='bbox 1721 4620 1821 4659; x_wconf 87' lang='lat' dir='ltr'><strong><em>eos</em></strong></span> <span class='ocrx_word' id='word_1_669' title='bbox 1864 4621 1996 4659; x_wconf 83' lang='lat' dir='ltr'><strong><em>con-</em></strong></span> 
     </span>
    </p>
   </div>
   <div class='ocr_carea' id='block_1_91' title="bbox 2104 4584 3680 4675">
    <p class='ocr_par' dir='ltr' id='par_1_91' title="bbox 2104 4595 3680 4667">
     <span class='ocr_line' id='line_1_93' title="bbox 2104 4595 3680 4667; baseline -0.001 -18"><span class='ocrx_word' id='word_1_670' title='bbox 2104 4595 2468 4664; x_wconf 65' lang='grc' dir='ltr'><em>ἐφανερώθη.</em></span> <span class='ocrx_word' id='word_1_671' title='bbox 2511 4595 2703 4650; x_wconf 82' lang='grc' dir='ltr'><em>Ταῦτα</em></span> <span class='ocrx_word' id='word_1_672' title='bbox 2751 4596 2861 4667; x_wconf 84' lang='grc' dir='ltr'><strong><em>γὰρ</em></strong></span> <span class='ocrx_word' id='word_1_673' title='bbox 2905 4596 3381 4667; x_wconf 83' lang='grc' dir='ltr'><em>προανακρούεται</em></span> <span class='ocrx_word' id='word_1_674' title='bbox 3424 4596 3680 4649; x_wconf 80' lang='grc' dir='ltr'><em>διατεινό-</em></span> 
     </span>
    </p>
   </div>
   <div class='ocr_carea' id='block_1_92' title="bbox 410 4695 1999 4765">
    <p class='ocr_par' dir='ltr' id='par_1_92' title="bbox 410 4695 1999 4765">
     <span class='ocr_line' id='line_1_94' title="bbox 410 4695 1999 4765; baseline -0.003 -11"><span class='ocrx_word' id='word_1_675' title='bbox 410 4698 667 4760; x_wconf 75' lang='lat' dir='ltr'><strong><em>tendens,</em></strong></span> <span class='ocrx_word' id='word_1_676' title='bbox 704 4697 867 4753; x_wconf 85' lang='lat' dir='ltr'><strong><em>sicuti</em></strong></span> <span class='ocrx_word' id='word_1_677' title='bbox 912 4695 968 4751; x_wconf 88' lang='lat' dir='ltr'><strong><em>in</em></strong></span> <span class='ocrx_word' id='word_1_678' title='bbox 1016 4695 1382 4765; x_wconf 82' lang='lat' dir='ltr'><strong><em>sequentibus</em></strong></span> <span class='ocrx_word' id='word_1_679' title='bbox 1422 4695 1688 4761; x_wconf 87' lang='lat' dir='ltr'><strong><em>ostendit,</em></strong></span> <span class='ocrx_word' id='word_1_680' title='bbox 1719 4696 1814 4765; x_wconf 86' lang='lat' dir='ltr'><strong><em>qui</em></strong></span> <span class='ocrx_word' id='word_1_681' title='bbox 1848 4695 1999 4750; x_wconf 62' lang='lat' dir='ltr'><strong><em>dice.</em></strong></span> 
     </span>
    </p>
   </div>
   <div class='ocr_carea' id='block_1_93' title="bbox 408 4787 2024 4869">
    <p class='ocr_par' dir='ltr' id='par_1_93' title="bbox 408 4787 2024 4869">
     <span class='ocr_line' id='line_1_95' title="bbox 408 4787 2024 4869; baseline -0.004 -22"><span class='ocrx_word' id='word_1_682' title='bbox 408 4791 566 4855; x_wconf 84' lang='lat' dir='ltr'><strong><em>bant,</em></strong></span> <span class='ocrx_word' id='word_1_683' title='bbox 604 4790 903 4845; x_wconf 85' lang='lat' dir='ltr'><strong><em>Dominum</em></strong></span> <span class='ocrx_word' id='word_1_684' title='bbox 939 4790 995 4844; x_wconf 89' lang='lat' dir='ltr'><strong><em>in</em></strong></span> <span class='ocrx_word' id='word_1_685' title='bbox 1037 4804 1202 4843; x_wconf 88' lang='lat' dir='ltr'><strong><em>carne</em></strong></span> <span class='ocrx_word' id='word_1_686' title='bbox 1235 4804 1345 4843; x_wconf 90' lang='lat' dir='ltr'><strong><em>non</em></strong></span> <span class='ocrx_word' id='word_1_687' title='bbox 1374 4788 1613 4843; x_wconf 90' lang='lat' dir='ltr'><strong><em>venisse.</em></strong></span> <span class='ocrx_word' id='word_1_688' title='bbox 1648 4787 2024 4869; x_wconf 25' lang='lat' dir='ltr'><strong><em>Quapropter‘</em></strong></span> 
     </span>
    </p>
   </div>
   <div class='ocr_carea' id='block_1_94' title="bbox 408 4880 2003 4953">
    <p class='ocr_par' dir='ltr' id='par_1_94' title="bbox 408 4880 2003 4953">
     <span class='ocr_line' id='line_1_96' title="bbox 408 4880 2003 4953; baseline -0.004 -14"><span class='ocrx_word' id='word_1_689' title='bbox 408 4892 670 4939; x_wconf 87' lang='lat' dir='ltr'><strong><em>accurate</em></strong></span> <span class='ocrx_word' id='word_1_690' title='bbox 701 4892 759 4937; x_wconf 90' lang='lat' dir='ltr'><strong><em>et</em></strong></span> <span class='ocrx_word' id='word_1_691' title='bbox 790 4883 1041 4953; x_wconf 88' lang='lat' dir='ltr'><strong><em>apposite</em></strong></span> <span class='ocrx_word' id='word_1_692' title='bbox 1071 4881 1395 4947; x_wconf 87' lang='lat' dir='ltr'><strong><em>connexuit,</em></strong></span> <span class='ocrx_word' id='word_1_693' title='bbox 1424 4880 1493 4934; x_wconf 87' lang='lat' dir='ltr'><strong><em>Et</em></strong></span> <span class='ocrx_word' id='word_1_694' title='bbox 1525 4880 1664 4950; x_wconf 86' lang='lat' dir='ltr'><strong><em>quod</em></strong></span> <span class='ocrx_word' id='word_1_695' title='bbox 1692 4880 1921 4935; x_wconf 85' lang='lat' dir='ltr'><strong><em>vidimus</em></strong></span> <span class='ocrx_word' id='word_1_696' title='bbox 1949 4888 2003 4934; x_wconf 82' lang='lat' dir='ltr'><strong><em>et</em></strong></span> 
     </span>
    </p>
   </div>
   <div class='ocr_carea' id='block_1_95' title="bbox 409 4973 1998 5044">
    <p class='ocr_par' dir='ltr' id='par_1_95' title="bbox 409 4973 1998 5044">
     <span class='ocr_line' id='line_1_97' title="bbox 409 4973 1998 5044; baseline -0.004 -12"><span class='ocrx_word' id='word_1_697' title='bbox 409 4976 800 5032; x_wconf 84' lang='lat' dir='ltr'><strong><em>annuntiamus</em></strong></span> <span class='ocrx_word' id='word_1_698' title='bbox 825 4976 969 5030; x_wconf 74' lang='lat' dir='ltr'><strong><em>vobis</em></strong></span> <span class='ocrx_word' id='word_1_699' title='bbox 989 4976 1074 5043; x_wconf 80' lang='lat'><strong><em>“;</em></strong></span> <span class='ocrx_word' id='word_1_700' title='bbox 1113 4990 1183 5029; x_wconf 79' lang='lat' dir='ltr'><strong><em>ex</em></strong></span> <span class='ocrx_word' id='word_1_701' title='bbox 1214 4975 1399 5044; x_wconf 80' lang='lat' dir='ltr'><strong><em>seipse</em></strong></span> <span class='ocrx_word' id='word_1_702' title='bbox 1431 4973 1694 5028; x_wconf 90' lang='lat' dir='ltr'><strong><em>nimirum</em></strong></span> <span class='ocrx_word' id='word_1_703' title='bbox 1729 4973 1998 5027; x_wconf 90' lang='lat' dir='ltr'><strong><em>continue</em></strong></span> 
     </span>
    </p>
   </div>
   <div class='ocr_carea' id='block_1_96' title="bbox 408 5069 1994 5145">
    <p class='ocr_par' dir='ltr' id='par_1_96' title="bbox 408 5069 1994 5145">
     <span class='ocr_line' id='line_1_98' title="bbox 408 5069 1994 5145; baseline -0.004 -14"><span class='ocrx_word' id='word_1_704' title='bbox 408 5075 753 5144; x_wconf 86' lang='lat' dir='ltr'><strong><em>dependens,</em></strong></span> <span class='ocrx_word' id='word_1_705' title='bbox 788 5083 846 5129; x_wconf 92' lang='lat' dir='ltr'><strong><em>et</em></strong></span> <span class='ocrx_word' id='word_1_706' title='bbox 874 5090 904 5128; x_wconf 90' lang='lat' dir='ltr'><strong><em>a</em></strong></span> <span class='ocrx_word' id='word_1_707' title='bbox 941 5073 1231 5145; x_wconf 86' lang='lat' dir='ltr'><strong><em>proposito</em></strong></span> <span class='ocrx_word' id='word_1_708' title='bbox 1273 5087 1389 5127; x_wconf 87' lang='lat' dir='ltr'><strong><em>non</em></strong></span> <span class='ocrx_word' id='word_1_709' title='bbox 1426 5071 1768 5143; x_wconf 85' lang='lat' dir='ltr'><strong><em>digrediens.</em></strong></span> <span class='ocrx_word' id='word_1_710' title='bbox 1798 5069 1867 5125; x_wconf 86' lang='lat' dir='ltr'><strong><em>Et</em></strong></span> <span class='ocrx_word' id='word_1_711' title='bbox 1894 5072 1994 5131; x_wconf 85' lang='lat' dir='ltr'><strong><em>sic.</em></strong></span> 
     </span>
    </p>
   </div>
   <div class='ocr_carea' id='block_1_97' title="bbox 406 5158 2000 5239">
    <p class='ocr_par' dir='ltr' id='par_1_97' title="bbox 406 5158 2000 5239">
     <span class='ocr_line' id='line_1_99' title="bbox 406 5158 2000 5239; baseline -0.004 -16"><span class='ocrx_word' id='word_1_712' title='bbox 406 5158 511 5238; x_wconf 82' lang='lat' dir='ltr'><strong><em>per</em></strong></span> <span class='ocrx_word' id='word_1_713' title='bbox 540 5166 736 5222; x_wconf 85' lang='lat' dir='ltr'><strong><em>eadem</em></strong></span> <span class='ocrx_word' id='word_1_714' title='bbox 775 5181 960 5221; x_wconf 88' lang='lat' dir='ltr'><strong><em>rerum</em></strong></span> <span class='ocrx_word' id='word_1_715' title='bbox 1006 5166 1189 5235; x_wconf 86' lang='lat' dir='ltr'><strong><em>capita</em></strong></span> <span class='ocrx_word' id='word_1_716' title='bbox 1219 5175 1274 5221; x_wconf 86' lang='lat' dir='ltr'><strong><em>et</em></strong></span> <span class='ocrx_word' id='word_1_717' title='bbox 1307 5164 1556 5222; x_wconf 82' lang='lat' dir='ltr'><strong><em>nomina,</em></strong></span> <span class='ocrx_word' id='word_1_718' title='bbox 1593 5164 1780 5217; x_wconf 87' lang='lat' dir='ltr'><strong><em>omnia</em></strong></span> <span class='ocrx_word' id='word_1_719' title='bbox 1811 5177 2000 5239; x_wconf 80' lang='lat' dir='ltr'><strong><em>perse—</em></strong></span> 
     </span>
    </p>
   </div>
   <div class='ocr_carea' id='block_1_98' title="bbox 408 5256 1998 5333">
    <p class='ocr_par' dir='ltr' id='par_1_98' title="bbox 408 5256 1998 5333">
     <span class='ocr_line' id='line_1_100' title="bbox 408 5256 1998 5333; baseline -0.004 -19"><span class='ocrx_word' id='word_1_720' title='bbox 408 5261 604 5333; x_wconf 88' lang='lat' dir='ltr'><strong><em>quitur</em></strong></span> <span class='ocrx_word' id='word_1_721' title='bbox 636 5276 649 5312; x_wconf 90' lang='lat'><strong>:</strong></span> <span class='ocrx_word' id='word_1_722' title='bbox 682 5274 921 5329; x_wconf 90' lang='lat' dir='ltr'><strong><em>quorum</em></strong></span> <span class='ocrx_word' id='word_1_723' title='bbox 955 5259 1139 5328; x_wconf 71' lang='lat' dir='ltr'><strong><em>aliqva</em></strong></span> <span class='ocrx_word' id='word_1_724' title='bbox 1173 5272 1278 5311; x_wconf 86' lang='lat' dir='ltr'><strong><em>nos</em></strong></span> <span class='ocrx_word' id='word_1_725' title='bbox 1311 5256 1707 5325; x_wconf 86' lang='lat' dir='ltr'><strong><em>compendiose</em></strong></span> <span class='ocrx_word' id='word_1_726' title='bbox 1755 5270 1998 5310; x_wconf 88' lang='lat' dir='ltr'><strong><em>comme-</em></strong></span> 
     </span>
    </p>
   </div>
   <div class='ocr_carea' id='block_1_99' title="bbox 407 5347 1996 5420">
    <p class='ocr_par' dir='ltr' id='par_1_99' title="bbox 407 5347 1996 5420">
     <span class='ocr_line' id='line_1_101' title="bbox 407 5347 1996 5420; baseline -0.004 -11"><span class='ocrx_word' id='word_1_727' title='bbox 407 5354 774 5409; x_wconf 88' lang='lat' dir='ltr'><strong><em>morabimus.</em></strong></span> <span class='ocrx_word' id='word_1_728' title='bbox 818 5351 921 5420; x_wconf 86' lang='lat' dir='ltr'><strong><em>Qui</em></strong></span> <span class='ocrx_word' id='word_1_729' title='bbox 960 5365 1092 5404; x_wconf 82' lang='lat' dir='ltr'><strong><em>vero</em></strong></span> <span class='ocrx_word' id='word_1_730' title='bbox 1127 5358 1338 5404; x_wconf 87' lang='lat' dir='ltr'><strong><em>attente</em></strong></span> <span class='ocrx_word' id='word_1_731' title='bbox 1365 5363 1429 5403; x_wconf 89' lang='lat' dir='ltr'><strong><em>ea</em></strong></span> <span class='ocrx_word' id='word_1_732' title='bbox 1459 5351 1625 5419; x_wconf 83' lang='lat' dir='ltr'><strong><em>leget,</em></strong></span> <span class='ocrx_word' id='word_1_733' title='bbox 1660 5347 1715 5401; x_wconf 84' lang='lat' dir='ltr'><strong><em>in</em></strong></span> <span class='ocrx_word' id='word_1_734' title='bbox 1745 5347 1996 5417; x_wconf 87' lang='lat' dir='ltr'><strong><em>utrisque</em></strong></span> 
     </span>
    </p>
   </div>
   <div class='ocr_carea' id='block_1_100' title="bbox 408 5430 2003 5505">
    <p class='ocr_par' dir='ltr' id='par_1_100' title="bbox 408 5430 2003 5505">
     <span class='ocr_line' id='line_1_102' title="bbox 408 5430 2003 5505; baseline -0.003 -5"><span class='ocrx_word' id='word_1_735' title='bbox 408 5430 660 5500; x_wconf 80' lang='lat' dir='ltr'><strong><em>inveniet</em></strong></span> <span class='ocrx_word' id='word_1_736' title='bbox 702 5444 933 5498; x_wconf 86' lang='lat' dir='ltr'><strong><em>multam</em></strong></span> <span class='ocrx_word' id='word_1_737' title='bbox 976 5441 1183 5505; x_wconf 87' lang='lat' dir='ltr'><strong><em>vitam,</em></strong></span> <span class='ocrx_word' id='word_1_738' title='bbox 1232 5439 1460 5494; x_wconf 88' lang='lat' dir='ltr'><strong><em>multam</em></strong></span> <span class='ocrx_word' id='word_1_739' title='bbox 1500 5438 1718 5500; x_wconf 85' lang='lat' dir='ltr'><strong><em>lucem.</em></strong></span> <span class='ocrx_word' id='word_1_740' title='bbox 1764 5437 2003 5495; x_wconf 78' lang='lat' dir='ltr'><strong><em>detesta-</em></strong></span> 
     </span>
    </p>
   </div>
   <div class='ocr_carea' id='block_1_101' title="bbox 407 5530 1999 5602">
    <p class='ocr_par' dir='ltr' id='par_1_101' title="bbox 407 5530 1999 5602">
     <span class='ocr_line' id='line_1_103' title="bbox 407 5530 1999 5602; baseline -0.005 -11"><span class='ocrx_word' id='word_1_741' title='bbox 407 5536 621 5591; x_wconf 87' lang='lat' dir='ltr'><strong><em>tionem</em></strong></span> <span class='ocrx_word' id='word_1_742' title='bbox 670 5535 1068 5597; x_wconf 89' lang='lat' dir='ltr'><strong><em>tenebrarum,</em></strong></span> <span class='ocrx_word' id='word_1_743' title='bbox 1121 5542 1448 5602; x_wconf 88' lang='lat' dir='ltr'><strong><em>perpetuam</em></strong></span> <span class='ocrx_word' id='word_1_744' title='bbox 1499 5530 1820 5596; x_wconf 90' lang='lat' dir='ltr'><strong><em>veritatem,</em></strong></span> <span class='ocrx_word' id='word_1_745' title='bbox 1872 5545 1999 5602; x_wconf 83' lang='lat' dir='ltr'><strong><em>gra-</em></strong></span> 
     </span>
    </p>
   </div>
   <div class='ocr_carea' id='block_1_102' title="bbox 411 5621 1995 5699">
    <p class='ocr_par' dir='ltr' id='par_1_102' title="bbox 411 5621 1995 5699">
     <span class='ocr_line' id='line_1_104' title="bbox 411 5621 1995 5699; baseline -0.006 -16"><span class='ocrx_word' id='word_1_746' title='bbox 411 5629 580 5691; x_wconf 89' lang='lat' dir='ltr'><strong><em>tiam,</em></strong></span> <span class='ocrx_word' id='word_1_747' title='bbox 635 5627 938 5699; x_wconf 76' lang='lat' dir='ltr'><strong><em>gaudium,</em></strong></span> <span class='ocrx_word' id='word_1_748' title='bbox 990 5639 1215 5682; x_wconf 88' lang='lat' dir='ltr'><strong><em>carnem</em></strong></span> <span class='ocrx_word' id='word_1_749' title='bbox 1259 5630 1317 5678; x_wconf 88' lang='lat' dir='ltr'><strong><em>et</em></strong></span> <span class='ocrx_word' id='word_1_750' title='bbox 1364 5623 1687 5694; x_wconf 76' lang='lat' dir='ltr'><strong><em>sanguinem</em></strong></span> <span class='ocrx_word' id='word_1_751' title='bbox 1739 5621 1995 5684; x_wconf 88' lang='lat' dir='ltr'><strong><em>Domini,</em></strong></span> 
     </span>
    </p>
   </div>
   <div class='ocr_carea' id='block_1_103' title="bbox 408 5713 1994 5792">
    <p class='ocr_par' dir='ltr' id='par_1_103' title="bbox 408 5713 1994 5792">
     <span class='ocr_line' id='line_1_105' title="bbox 408 5713 1994 5792; baseline -0.001 -21"><span class='ocrx_word' id='word_1_752' title='bbox 408 5720 718 5792; x_wconf 81' lang='lat' dir='ltr'><strong><em>judicium,</em></strong></span> <span class='ocrx_word' id='word_1_753' title='bbox 769 5719 1155 5777; x_wconf 89' lang='lat' dir='ltr'><strong><em>remissionem</em></strong></span> <span class='ocrx_word' id='word_1_754' title='bbox 1205 5725 1593 5788; x_wconf 87' lang='lat' dir='ltr'><strong><em>peccatorum,</em></strong></span> <span class='ocrx_word' id='word_1_755' title='bbox 1639 5713 1737 5770; x_wconf 90' lang='lat' dir='ltr'><strong><em>Dei</em></strong></span> <span class='ocrx_word' id='word_1_756' title='bbox 1790 5714 1841 5768; x_wconf 92' lang='lat' dir='ltr'><strong><em>in</em></strong></span> <span class='ocrx_word' id='word_1_757' title='bbox 1893 5729 1994 5769; x_wconf 88' lang='lat' dir='ltr'><strong><em>nos</em></strong></span> 
     </span>
    </p>
   </div>
   <div class='ocr_carea' id='block_1_104' title="bbox 484 5876 1415 5943">
    <p class='ocr_par' dir='ltr' id='par_1_104' title="bbox 484 5876 1415 5943">
     <span class='ocr_line' id='line_1_106' title="bbox 484 5876 1415 5943; baseline -0.009 -7"><span class='ocrx_word' id='word_1_758' title='bbox 484 5878 528 5912; x_wconf 79' lang='grc'><strong><em>⁸⁷</em></strong></span> <span class='ocrx_word' id='word_1_759' title='bbox 559 5878 729 5941; x_wconf 82' lang='lat' dir='ltr'><strong><em>Anne.</em></strong></span> <span class='ocrx_word' id='word_1_760' title='bbox 750 5894 787 5943; x_wconf 86' lang='grc' dir='ltr'><strong><em>ι,</em></strong></span> <span class='ocrx_word' id='word_1_761' title='bbox 818 5877 873 5931; x_wconf 69' lang='lat'><strong><em>2.</em></strong></span> <span class='ocrx_word' id='word_1_762' title='bbox 953 5878 999 5909; x_wconf 80' lang='lat'><strong><em>&quot;~&#39;</em></strong></span> <span class='ocrx_word' id='word_1_763' title='bbox 1030 5877 1051 5930; x_wconf 90' lang='lat' dir='ltr'><strong><em>l</em></strong></span> <span class='ocrx_word' id='word_1_764' title='bbox 1079 5877 1236 5933; x_wconf 86' lang='lat' dir='ltr'><strong><em>Joan.</em></strong></span> <span class='ocrx_word' id='word_1_765' title='bbox 1289 5892 1325 5938; x_wconf 85' lang='grc' dir='ltr'><strong><em>ι,</em></strong></span> <span class='ocrx_word' id='word_1_766' title='bbox 1367 5876 1415 5928; x_wconf 86' lang='lat' dir='ltr'><strong><em>l.</em></strong></span> 
     </span>
    </p>
   </div>
   <div class='ocr_carea' id='block_1_105' title="bbox 1517 5873 2622 5939">
    <p class='ocr_par' dir='ltr' id='par_1_105' title="bbox 1517 5873 2622 5939">
     <span class='ocr_line' id='line_1_107' title="bbox 1517 5873 2622 5939; baseline -0.005 -9"><span class='ocrx_word' id='word_1_767' title='bbox 1517 5877 1562 5909; x_wconf 82' lang='lat'><strong>”</strong></span> <span class='ocrx_word' id='word_1_768' title='bbox 1596 5874 1789 5930; x_wconf 82' lang='lat' dir='ltr'><strong><em>Matth.</em></strong></span> <span class='ocrx_word' id='word_1_769' title='bbox 1825 5891 1935 5939; x_wconf 81' lang='lat' dir='ltr'><strong><em>va,</em></strong></span> <span class='ocrx_word' id='word_1_770' title='bbox 1970 5873 2053 5927; x_wconf 82' lang='lat' dir='ltr'><strong><em>i7.</em></strong></span> <span class='ocrx_word' id='word_1_771' title='bbox 2134 5874 2179 5906; x_wconf 74' lang='lat'><strong>&quot;</strong></span> <span class='ocrx_word' id='word_1_772' title='bbox 2211 5874 2368 5929; x_wconf 78' lang='lat' dir='ltr'><strong><em>Joan.</em></strong></span> <span class='ocrx_word' id='word_1_773' title='bbox 2411 5890 2540 5937; x_wconf 73' lang='lat' dir='ltr'><strong><em>xxn,</em></strong></span> <span class='ocrx_word' id='word_1_774' title='bbox 2567 5873 2622 5925; x_wconf 85' lang='lat'><strong><em>8.</em></strong></span> 
     </span>
    </p>
   </div>
   <div class='ocr_carea' id='block_1_106' title="bbox 2104 4689 3679 4759">
    <p class='ocr_par' dir='ltr' id='par_1_106' title="bbox 2104 4689 3679 4759">
     <span class='ocr_line' id='line_1_108' title="bbox 2104 4689 3679 4759; baseline -0.002 -17"><span class='ocrx_word' id='word_1_775' title='bbox 2104 4706 2287 4759; x_wconf 84' lang='grc' dir='ltr'><em>μενος,</em></span> <span class='ocrx_word' id='word_1_776' title='bbox 2318 4689 2394 4752; x_wconf 79' lang='grc' dir='ltr'><em>ὡς</em></span> <span class='ocrx_word' id='word_1_777' title='bbox 2431 4692 2491 4743; x_wconf 86' lang='grc' dir='ltr'><em>ὲν</em></span> <span class='ocrx_word' id='word_1_778' title='bbox 2525 4691 2640 4752; x_wconf 85' lang='grc' dir='ltr'><em>τοῖς</em></span> <span class='ocrx_word' id='word_1_779' title='bbox 2677 4689 2806 4758; x_wconf 79' lang='grc' dir='ltr'><em>ἑξῆς</em></span> <span class='ocrx_word' id='word_1_780' title='bbox 2834 4690 3095 4758; x_wconf 78' lang='grc' dir='ltr'><em>ἐδήλωσε,</em></span> <span class='ocrx_word' id='word_1_781' title='bbox 3142 4690 3282 4758; x_wconf 82' lang='grc' dir='ltr'><em>πρὸς</em></span> <span class='ocrx_word' id='word_1_782' title='bbox 3327 4689 3454 4750; x_wconf 85' lang='grc' dir='ltr'><em>τοὺς</em></span> <span class='ocrx_word' id='word_1_783' title='bbox 3496 4689 3594 4741; x_wconf 77' lang='grc' dir='ltr'><em>οὐκ</em></span> <span class='ocrx_word' id='word_1_784' title='bbox 3621 4689 3679 4740; x_wconf 85' lang='grc' dir='ltr'><em>ὲν</em></span> 
     </span>
    </p>
   </div>
   <div class='ocr_carea' id='block_1_107' title="bbox 2103 4779 3680 4851">
    <p class='ocr_par' dir='ltr' id='par_1_107' title="bbox 2103 4779 3680 4851">
     <span class='ocr_line' id='line_1_109' title="bbox 2103 4779 3680 4851; baseline -0.003 -16"><span class='ocrx_word' id='word_1_785' title='bbox 2103 4784 2270 4851; x_wconf 82' lang='grc' dir='ltr'><em>σαρκὶ</em></span> <span class='ocrx_word' id='word_1_786' title='bbox 2301 4783 2618 4851; x_wconf 75' lang='grc' dir='ltr'><em>φάσκοντας</em></span> <span class='ocrx_word' id='word_1_787' title='bbox 2646 4782 2971 4851; x_wconf 78' lang='grc' dir='ltr'><em>ἐληλυθέναι</em></span> <span class='ocrx_word' id='word_1_788' title='bbox 3007 4782 3100 4835; x_wconf 81' lang='grc' dir='ltr'><em>τὸν</em></span> <span class='ocrx_word' id='word_1_789' title='bbox 3130 4782 3337 4851; x_wconf 85' lang='grc' dir='ltr'><em>Κύριον</em></span> <span class='ocrx_word' id='word_1_790' title='bbox 3357 4795 3371 4810; x_wconf 90' lang='grc'><strong>·</strong></span> <span class='ocrx_word' id='word_1_791' title='bbox 3422 4782 3492 4834; x_wconf 85' lang='grc' dir='ltr'><strong><em>δι’</em></strong></span> <span class='ocrx_word' id='word_1_792' title='bbox 3521 4779 3557 4834; x_wconf 76' lang='grc' dir='ltr'><strong>ἃ</strong></span> <span class='ocrx_word' id='word_1_793' title='bbox 3587 4781 3680 4832; x_wconf 80' lang='grc' dir='ltr'><em>καὶ</em></span> 
     </span>
    </p>
   </div>
   <div class='ocr_carea' id='block_1_108' title="bbox 2103 4874 3681 4951">
    <p class='ocr_par' dir='ltr' id='par_1_108' title="bbox 2103 4874 3681 4951">
     <span class='ocr_line' id='line_1_110' title="bbox 2103 4874 3681 4951; baseline -0.001 -23"><span class='ocrx_word' id='word_1_794' title='bbox 2103 4876 2340 4951; x_wconf 72' lang='grc' dir='ltr'><em>συνῆψεν</em></span> <span class='ocrx_word' id='word_1_795' title='bbox 2373 4876 2670 4947; x_wconf 71' lang='grc' dir='ltr'><em>ἐπιμελῶςο</em></span> <span class='ocrx_word' id='word_1_796' title='bbox 2704 4875 2817 4931; x_wconf 80' lang='lat' dir='ltr'><strong><em>Kal</em></strong></span> <span class='ocrx_word' id='word_1_797' title='bbox 2865 4876 2897 4929; x_wconf 84' lang='grc' dir='ltr'><em>ὃ</em></span> <span class='ocrx_word' id='word_1_798' title='bbox 2927 4875 3296 4945; x_wconf 79' lang='grc' dir='ltr'><em>ἑωράκαμεν,</em></span> <span class='ocrx_word' id='word_1_799' title='bbox 3337 4874 3441 4928; x_wconf 75' lang='grc' dir='ltr'><em>καὶ</em></span> <span class='ocrx_word' id='word_1_800' title='bbox 3487 4875 3681 4942; x_wconf 77' lang='grc' dir='ltr'><em>ἀπαγ-</em></span> 
     </span>
    </p>
   </div>
   <div class='ocr_carea' id='block_1_109' title="bbox 2100 4965 3681 5040">
    <p class='ocr_par' dir='ltr' id='par_1_109' title="bbox 2100 4965 3681 5040">
     <span class='ocr_line' id='line_1_111' title="bbox 2100 4965 3681 5040; baseline -0.004 -17"><span class='ocrx_word' id='word_1_801' title='bbox 2100 4970 2403 5040; x_wconf 76' lang='grc' dir='ltr'><em>γέλλομεν</em></span> <span class='ocrx_word' id='word_1_802' title='bbox 2428 4970 2595 5039; x_wconf 82' lang='grc' dir='ltr'><em>ὑμῖν,</em></span> <span class='ocrx_word' id='word_1_803' title='bbox 2618 4968 2800 5027; x_wconf 73' lang='grc' dir='ltr'><em>ἔχεται</em></span> <span class='ocrx_word' id='word_1_804' title='bbox 2834 4967 3052 5022; x_wconf 81' lang='grc' dir='ltr'><em>ἑαυτοῦ·</em></span> <span class='ocrx_word' id='word_1_805' title='bbox 3090 4970 3187 5021; x_wconf 73' lang='grc' dir='ltr'><em>καὶ</em></span> <span class='ocrx_word' id='word_1_806' title='bbox 3234 4967 3342 5020; x_wconf 84' lang='grc' dir='ltr'><em>τῶν</em></span> <span class='ocrx_word' id='word_1_807' title='bbox 3372 4965 3681 5036; x_wconf 80' lang='grc' dir='ltr'><em>προθέσεων</em></span> 
     </span>
    </p>
   </div>
   <div class='ocr_carea' id='block_1_110' title="bbox 2099 5058 3681 5131">
    <p class='ocr_par' dir='ltr' id='par_1_110' title="bbox 2099 5058 3681 5131">
     <span class='ocr_line' id='line_1_112' title="bbox 2099 5058 3681 5131; baseline -0.006 -15"><span class='ocrx_word' id='word_1_808' title='bbox 2099 5062 2201 5116; x_wconf 84' lang='grc' dir='ltr'><em>οὐκ</em></span> <span class='ocrx_word' id='word_1_809' title='bbox 2233 5063 2553 5131; x_wconf 76' lang='grc' dir='ltr'><em>ἀφίσταται.</em></span> <span class='ocrx_word' id='word_1_810' title='bbox 2603 5061 2705 5115; x_wconf 81' lang='grc' dir='ltr'><strong><em>Διὰ</em></strong></span> <span class='ocrx_word' id='word_1_811' title='bbox 2742 5060 2855 5113; x_wconf 84' lang='grc' dir='ltr'><em>τῶν</em></span> <span class='ocrx_word' id='word_1_812' title='bbox 2883 5060 3066 5114; x_wconf 71' lang='grc' dir='ltr'><em>αὐτῶν</em></span> <span class='ocrx_word' id='word_1_813' title='bbox 3095 5060 3409 5129; x_wconf 74' lang='grc' dir='ltr'><em>κεφαλαίων</em></span> <span class='ocrx_word' id='word_1_814' title='bbox 3446 5059 3537 5112; x_wconf 85' lang='grc' dir='ltr'><em>καὶ</em></span> <span class='ocrx_word' id='word_1_815' title='bbox 3563 5058 3681 5108; x_wconf 79' lang='lat' dir='ltr'><strong><em>bvo-</em></strong></span> 
     </span>
    </p>
   </div>
   <div class='ocr_carea' id='block_1_111' title="bbox 2104 5148 3678 5225">
    <p class='ocr_par' dir='ltr' id='par_1_111' title="bbox 2104 5148 3678 5225">
     <span class='ocr_line' id='line_1_113' title="bbox 2104 5148 3678 5225; baseline -0.005 -16"><span class='ocrx_word' id='word_1_816' title='bbox 2104 5156 2291 5225; x_wconf 83' lang='grc' dir='ltr'><em>μάτων</em></span> <span class='ocrx_word' id='word_1_817' title='bbox 2316 5155 2493 5209; x_wconf 84' lang='grc' dir='ltr'><em>πάντα</em></span> <span class='ocrx_word' id='word_1_818' title='bbox 2527 5154 2891 5225; x_wconf 74' lang='grc' dir='ltr'><em>διεξέρχεται.</em></span> <span class='ocrx_word' id='word_1_819' title='bbox 2921 5148 3023 5211; x_wconf 77' lang='grc' dir='ltr'><em>Ὧν</em></span> <span class='ocrx_word' id='word_1_820' title='bbox 3062 5171 3186 5206; x_wconf 85' lang='grc' dir='ltr'><em>τινα</em></span> <span class='ocrx_word' id='word_1_821' title='bbox 3222 5153 3384 5222; x_wconf 77' lang='grc' dir='ltr'><em>ἡμεῖς</em></span> <span class='ocrx_word' id='word_1_822' title='bbox 3417 5151 3516 5221; x_wconf 85' lang='grc' dir='ltr'><em>μὲν</em></span> <span class='ocrx_word' id='word_1_823' title='bbox 3552 5167 3678 5203; x_wconf 88' lang='grc' dir='ltr'><em>συν-</em></span> 
     </span>
    </p>
   </div>
   <div class='ocr_carea' id='block_1_112' title="bbox 2099 5245 3680 5317">
    <p class='ocr_par' dir='ltr' id='par_1_112' title="bbox 2099 5245 3680 5317">
     <span class='ocr_line' id='line_1_114' title="bbox 2099 5245 3680 5317; baseline -0.003 -18"><span class='ocrx_word' id='word_1_824' title='bbox 2099 5247 2281 5316; x_wconf 79' lang='grc' dir='ltr'><em>τόμως</em></span> <span class='ocrx_word' id='word_1_825' title='bbox 2319 5246 2848 5317; x_wconf 78' lang='grc' dir='ltr'><em>ὑπομνηματίσομεν</em></span> <span class='ocrx_word' id='word_1_826' title='bbox 2877 5261 2890 5276; x_wconf 93' lang='grc'><strong>·</strong></span> <span class='ocrx_word' id='word_1_827' title='bbox 2925 5247 2954 5298; x_wconf 90' lang='grc' dir='ltr'><strong><em>ό</em></strong></span> <span class='ocrx_word' id='word_1_828' title='bbox 2998 5245 3056 5299; x_wconf 79' lang='grc' dir='ltr'><strong><em>δὲ</em></strong></span> <span class='ocrx_word' id='word_1_829' title='bbox 3095 5245 3378 5315; x_wconf 84' lang='grc' dir='ltr'><em>προσεχῶς</em></span> <span class='ocrx_word' id='word_1_830' title='bbox 3420 5245 3680 5315; x_wconf 76' lang='grc' dir='ltr'><em>ἐντυγχά-</em></span> 
     </span>
    </p>
   </div>
   <div class='ocr_carea' id='block_1_113' title="bbox 2103 5333 3680 5413">
    <p class='ocr_par' dir='ltr' id='par_1_113' title="bbox 2103 5333 3680 5413">
     <span class='ocr_line' id='line_1_115' title="bbox 2103 5333 3680 5413; baseline -0.004 -20"><span class='ocrx_word' id='word_1_831' title='bbox 2103 5357 2209 5393; x_wconf 87' lang='grc' dir='ltr'><strong><em>νων</em></strong></span> <span class='ocrx_word' id='word_1_832' title='bbox 2245 5339 2475 5413; x_wconf 78' lang='grc' dir='ltr'><em>εὑρήσει</em></span> <span class='ocrx_word' id='word_1_833' title='bbox 2499 5342 2558 5392; x_wconf 82' lang='grc' dir='ltr'><em>ἐν</em></span> <span class='ocrx_word' id='word_1_834' title='bbox 2585 5339 2836 5409; x_wconf 81' lang='grc' dir='ltr'><em>ἐκατέρῳ</em></span> <span class='ocrx_word' id='word_1_835' title='bbox 2864 5337 3068 5409; x_wconf 85' lang='grc' dir='ltr'><em>πολλὴν</em></span> <span class='ocrx_word' id='word_1_836' title='bbox 3102 5342 3202 5408; x_wconf 66' lang='grc' dir='ltr'><strong><em>τὴν</em></strong></span> <span class='ocrx_word' id='word_1_837' title='bbox 3232 5338 3400 5408; x_wconf 79' lang='grc' dir='ltr'><em>ζωὴν,</em></span> <span class='ocrx_word' id='word_1_838' title='bbox 3452 5335 3585 5388; x_wconf 80' lang='grc' dir='ltr'><em>πολὺ</em></span> <span class='ocrx_word' id='word_1_839' title='bbox 3618 5333 3680 5386; x_wconf 72' lang='grc' dir='ltr'><em>τὸ</em></span> 
     </span>
    </p>
   </div>
   <div class='ocr_carea' id='block_1_114' title="bbox 2111 5426 3676 5504">
    <p class='ocr_par' dir='ltr' id='par_1_114' title="bbox 2111 5426 3676 5504">
     <span class='ocr_line' id='line_1_116' title="bbox 2111 5426 3676 5504; baseline -0.004 -19"><span class='ocrx_word' id='word_1_840' title='bbox 2111 5432 2248 5502; x_wconf 79' lang='grc' dir='ltr'><em>φῶς,</em></span> <span class='ocrx_word' id='word_1_841' title='bbox 2273 5432 2595 5504; x_wconf 85' lang='grc' dir='ltr'><em>ἀποτροπὴν</em></span> <span class='ocrx_word' id='word_1_842' title='bbox 2618 5430 2714 5485; x_wconf 81' lang='grc' dir='ltr'><strong><em>τοῦ</em></strong></span> <span class='ocrx_word' id='word_1_843' title='bbox 2746 5431 2997 5496; x_wconf 82' lang='grc' dir='ltr'><em>σκότους,</em></span> <span class='ocrx_word' id='word_1_844' title='bbox 3030 5433 3232 5502; x_wconf 81' lang='grc' dir='ltr'><em>συνεχῆ</em></span> <span class='ocrx_word' id='word_1_845' title='bbox 3265 5430 3364 5499; x_wconf 75' lang='grc' dir='ltr'><em>τὴν</em></span> <span class='ocrx_word' id='word_1_846' title='bbox 3396 5426 3676 5497; x_wconf 79' lang='grc' dir='ltr'><em>ἀλήθειαν,</em></span> 
     </span>
    </p>
   </div>
   <div class='ocr_carea' id='block_1_115' title="bbox 2108 5516 3675 5601">
    <p class='ocr_par' dir='ltr' id='par_1_115' title="bbox 2108 5516 3675 5601">
     <span class='ocr_line' id='line_1_117' title="bbox 2108 5516 3675 5601; baseline -0.004 -22"><span class='ocrx_word' id='word_1_847' title='bbox 2108 5526 2209 5598; x_wconf 79' lang='grc' dir='ltr'><strong><em>τὴν</em></strong></span> <span class='ocrx_word' id='word_1_848' title='bbox 2234 5527 2427 5596; x_wconf 73' lang='grc' dir='ltr'><em>χάριν,</em></span> <span class='ocrx_word' id='word_1_849' title='bbox 2451 5525 2551 5601; x_wconf 83' lang='grc' dir='ltr'><em>τὴν</em></span> <span class='ocrx_word' id='word_1_850' title='bbox 2584 5526 2783 5597; x_wconf 76' lang='grc' dir='ltr'><em>χαρὰν,</em></span> <span class='ocrx_word' id='word_1_851' title='bbox 2830 5525 2931 5596; x_wconf 82' lang='grc' dir='ltr'><em>τὴν</em></span> <span class='ocrx_word' id='word_1_852' title='bbox 2974 5524 3154 5598; x_wconf 77' lang='grc' dir='ltr'><em>σάρκα</em></span> <span class='ocrx_word' id='word_1_853' title='bbox 3198 5526 3293 5578; x_wconf 75' lang='grc' dir='ltr'><em>καὶ</em></span> <span class='ocrx_word' id='word_1_854' title='bbox 3319 5525 3383 5576; x_wconf 83' lang='grc' dir='ltr'><em>τὸ</em></span> <span class='ocrx_word' id='word_1_855' title='bbox 3415 5516 3555 5591; x_wconf 75' lang='grc' dir='ltr'><em>αἷμα</em></span> <span class='ocrx_word' id='word_1_856' title='bbox 3581 5518 3675 5573; x_wconf 73' lang='grc' dir='ltr'><em>τοῦ</em></span> 
     </span>
    </p>
   </div>
   <div class='ocr_carea' id='block_1_116' title="bbox 2105 5611 3677 5691">
    <p class='ocr_par' dir='ltr' id='par_1_116' title="bbox 2105 5611 3677 5691">
     <span class='ocr_line' id='line_1_118' title="bbox 2105 5611 3677 5691; baseline -0.008 -17"><span class='ocrx_word' id='word_1_857' title='bbox 2105 5620 2343 5689; x_wconf 80' lang='grc' dir='ltr'><em>Κυρίου,</em></span> <span class='ocrx_word' id='word_1_858' title='bbox 2377 5619 2477 5691; x_wconf 82' lang='grc' dir='ltr'><em>τὴν</em></span> <span class='ocrx_word' id='word_1_859' title='bbox 2508 5620 2715 5689; x_wconf 81' lang='grc' dir='ltr'><em>κρίσιν,</em></span> <span class='ocrx_word' id='word_1_860' title='bbox 2747 5618 2847 5687; x_wconf 78' lang='grc' dir='ltr'><em>τὴν</em></span> <span class='ocrx_word' id='word_1_861' title='bbox 2875 5618 3070 5686; x_wconf 79' lang='grc' dir='ltr'><em>ἄφεσιν</em></span> <span class='ocrx_word' id='word_1_862' title='bbox 3095 5618 3205 5672; x_wconf 86' lang='grc' dir='ltr'><em>τῶν</em></span> <span class='ocrx_word' id='word_1_863' title='bbox 3238 5614 3541 5685; x_wconf 81' lang='grc' dir='ltr'><em>ἁμαρτιῶν,</em></span> <span class='ocrx_word' id='word_1_864' title='bbox 3576 5611 3677 5681; x_wconf 80' lang='grc' dir='ltr'><em>τὴν</em></span> 
     </span>
    </p>
   </div>
   <div class='ocr_carea' id='block_1_117' title="bbox 2103 5705 3680 5786">
    <p class='ocr_par' dir='ltr' id='par_1_117' title="bbox 2103 5705 3680 5786">
     <span class='ocr_line' id='line_1_119' title="bbox 2103 5705 3680 5786; baseline -0.006 -20"><span class='ocrx_word' id='word_1_865' title='bbox 2103 5714 2242 5784; x_wconf 73' lang='grc' dir='ltr'><em>πρὸς</em></span> <span class='ocrx_word' id='word_1_866' title='bbox 2274 5716 2425 5785; x_wconf 78' lang='grc' dir='ltr'><em>ἡμᾶς</em></span> <span class='ocrx_word' id='word_1_867' title='bbox 2462 5712 2685 5786; x_wconf 84' lang='grc' dir='ltr'><em>ἀγάπην</em></span> <span class='ocrx_word' id='word_1_868' title='bbox 2739 5711 2835 5765; x_wconf 81' lang='grc' dir='ltr'><em>τοῦ</em></span> <span class='ocrx_word' id='word_1_869' title='bbox 2896 5710 3054 5779; x_wconf 85' lang='grc' dir='ltr'><em>Θεοῦ,</em></span> <span class='ocrx_word' id='word_1_870' title='bbox 3103 5710 3201 5780; x_wconf 82' lang='grc' dir='ltr'><em>τῆς</em></span> <span class='ocrx_word' id='word_1_871' title='bbox 3254 5710 3392 5783; x_wconf 74' lang='grc' dir='ltr'><em>πρὸς</em></span> <span class='ocrx_word' id='word_1_872' title='bbox 3419 5705 3680 5773; x_wconf 84' lang='grc' dir='ltr'><em>ἀλλήλους</em></span> 
     </span>
    </p>
   </div>
   <div class='ocr_carea' id='block_1_118' title="bbox 2721 5869 3440 5935">
    <p class='ocr_par' dir='ltr' id='par_1_118' title="bbox 2721 5869 3440 5935">
     <span class='ocr_line' id='line_1_120' title="bbox 2721 5869 3440 5935; baseline -0.007 -8"><span class='ocrx_word' id='word_1_873' title='bbox 2721 5873 2760 5902; x_wconf 78' lang='grc'><strong><em>⁶¹</em></strong></span> <span class='ocrx_word' id='word_1_874' title='bbox 2794 5871 2998 5927; x_wconf 71' lang='lat' dir='ltr'><strong><em>Noun.</em></strong></span> <span class='ocrx_word' id='word_1_875' title='bbox 3030 5887 3069 5935; x_wconf 87' lang='lat' dir='ltr'><strong><em>I,</em></strong></span> <span class='ocrx_word' id='word_1_876' title='bbox 3102 5871 3150 5925; x_wconf 83' lang='lat' dir='ltr'><strong><em>l.</em></strong></span> <span class='ocrx_word' id='word_1_877' title='bbox 3233 5869 3440 5929; x_wconf 69' lang='lat' dir='ltr'><strong><em>“ibid.</em></strong></span> 
     </span>
    </p>
   </div>
  </div>
