4052 6474
370 467 509 533 1177

1285 448 1896 527 ECCLE‘SIASTICE
1941 466 2330 526 HISTORLE
2360 465 2510 528 LIB.
2559 465 2658 557 VI.

3480 463 3619 528 “78

363 580 508 649 ἡμᾶς
534 576 754 644 ἀγάπης
776 575 1002 643 ἐντολήν
1023 591 1039 606 ’
1067 574 1142 638 ὡς
1182 575 1364 638 πάσας
1395 576 1474 627 δεῖ
1510 577 1804 643 φυλάσσειν
1832 576 1930 637 τὰς

2035 576 2413 636 dilectionem,
2440 575 2701 631 fraternae
2724 575 2887 632 'inter
2917 592 3024 632 nos
3062 575 3351 633 charitatis
3388 581 3617 633 manda-

366 669 606 732 ὲντολάς,
647 666 706 722 '0
732 668 955 736 ἔλεγχος
985 667 1083 720 τοῦ
1116 668 1346 737 κόσμου,
1385 668 1479 719 τοῦ
1529 668 1799 731 διαϐόλου,
1834 669 1930 721 τοῦ

377 760 749 829 Ἀντιχρίστου
777 773 792 791 ·
839 760 873 828 ἡ
906 759 1213 824 ἐπαγγελία
1244 758 1338 810 τοῦ
1377 759 1532 825 ἁγίου
1570 759 1888 828 Πνεῦματος
1915 775 1929 790 '

366 853 400 924 ἡ
432 851 679 905 υἱοθεσία
703 849 800 902 τοῦ
847 849 1006 902 Θεοῑν
1039 851 1072 919 ἡ
1103 849 1172 903 δι’
1198 850 1321 903 ὅλου
1368 850 1546 913 πίστις
1586 850 1748 920 ἡμῶν
1774 852 1939 903 ἁπαι-

364 943 600 1012 τουμένη
624 956 639 970 ⁸
688 945 716 994 ὁ
746 940 934 1012 Πατὴρ
961 944 1055 994 καὶ
1100 944 1128 995 ὁ
1169 942 1296 1003 Υἱὸς
1328 942 1628 1011 πανταχοῦ’
1674 942 1768 995 καὶ
1798 942 1936 1003 ὅλως

362 1036 454 1089 διά
502 1036 722 1089 πάντων
757 1035 1290 1104 χαρακτηρίζοντας,
1345 1034 1444 1086 ἕνα
1490 1035 1586 1086 καὶ
1634 1035 1726 1086 τὸν
1772 1033 1935 1088 αὑτὸν

364 1128 620 1199 συνορᾷν,
650 1126 745 1180 τοῦ
775 1126 1118 1195 Εὖαγγελίου
1154 1129 1252 1180 καὶ
1289 1127 1389 1195 τῆς
1418 1126 1711 1195 ἐπιστολῆς
1749 1127 1936 1196 χρῶτα

363 1217 679 1283 πρόκειται.
723 1215 1072 1286 Ἀλλοιοτάτη
1111 1214 1169 1267 δὲ
1210 1215 1307 1267 καὶ
1346 1215 1470 1283 ξένη
1505 1216 1660 1285 παρὰ
1694 1216 1864 1268 ταῦτα
1897 1217 1932 1286 ἡ

372 1305 780 1374 Ἀποκάλυψιςε
820 1307 958 1376 μήτε
1008 1307 1390 1375 ἐφαπτομένη,
1453 1308 1594 1376 μήτε
1641 1307 1935 1374 γειτνιῶσα

360 1397 568 1449 τούτων
619 1396 809 1466 μηδενὶ
857 1397 1047 1466 σχεδὸν
1102 1398 1179 1460 ὼς
1233 1398 1430 1462 εἰπεῖν,
1494 1399 1630 1468 μηδὲ
1661 1398 1938 1465 συλλαϐὴν

361 1490 500 1557 πρὸς
548 1491 690 1542 αὑτά
729 1490 917 1560 κοινὴν
950 1489 1188 1559 ἔχουσα·
1240 1490 1357 1545 ἀλλ’
1395 1491 1516 1544 οὐδὲ
1557 1493 1778 1561 μνήμην
1815 1491 1938 1543 τινὰ

357 1581 480 1633 οὐδὲ
527 1580 760 1646 ἔννοιαν,
811 1580 937 1634 οὔτε
982 1583 1016 1652 ἡ
1074 1582 1335 1650 ἐπιστολὴ
1379 1583 1479 1652 τῆς
1507 1582 1938 1650 Ἀποκαλύψεως

359 1668 474 1738 ἔχει
510 1672 603 1738 (ἐῶ
650 1671 757 1741 γὰρ
805 1673 865 1724 τὸ
918 1672 1299 1744 Εὖαγγέλιον),
1352 1672 1477 1726 οὗτε
1511 1674 1612 1742 τῆς
1644 1673 1932 1741 ἐπιστολῆς

357 1762 392 1830 ἡ
428 1761 806 1831 Ἀποκάλυψις
833 1780 847 1794 ο
888 1764 1103 1816 Παύλου
1156 1766 1252 1818 καὶ
1304 1765 1393 1818 διὰ
1451 1765 1560 1817 τῶν
1603 1765 1933 1830 ἐπιστολῶν,

356 1848 742 1917 ἀποφήναντός
773 1867 824 1903 τι
853 1852 949 1904 καὶ
980 1855 1109 1920 περὶ
1159 1854 1268 1906 τῶν
1312 1854 1716 1925 ἀποκαλύψεων
1749 1856 1934 1918 αὐτοῦ,

354 1935 421 2001 ἃς
448 1940 545 1990 οὐκ
574 1940 853 2011 ἀνέγραψε
889 1943 1011 1995 καθ’
1050 1944 1244 2004 αὐτάς.
1283 1947 1406 1998 Ἔτι
1445 1946 1500 1997 δέ
1532 1946 1755 2014 καὶτῆς
1795 1947 1934 2015 φρά-

358 2044 497 2091 σεως
529 2031 629 2101 τὴν
662 2033 932 2105 διαφορὰν
970 2036 1089 2088 ἔστι
1122 2036 1508 2108 τεκμήρασθαι
1555 2038 1651 2090 τοῦ
1693 2040 1935 2106 Εὐαγγε-

353 2120 472 2175 λὼυ
504 2126 600 2178 καὶ
643 2126 741 2195 τῆς
778 2128 1066 2196 ἐπιστολῆς
1115 2129 1253 2199 πρὸς
1302 2131 1402 2202 τὴν
1428 2129 1820 2198 Ἀποκάλυψιν.
1854 2129 1933 2182 Τὰ

360 2215 460 2285 μὲν
490 2218 599 2286 γὰρ
646 2218 707 2270 οὐ
761 2218 925 2288 μόνον
973 2220 1288 2285 ἀπταίστως
1336 2222 1480 2274 κατά
1523 2221 1624 2291 τὴν
1663 2221 1931 2291 Ἑλλήνων

355 2307 569 2375 φωνὴν,
603 2307 743 2360 ἀλλὰ
794 2310 886 2361 καὶ
935 2309 1297 2375 λογιωτάταις
1349 2309 1553 2376 λέξεσι,
1589 2310 1702 2372 τοῖς
1747 2309 1932 2362 συλλο-

351 2401 597 2466 γισμοῖς,
616 2400 739 2462 ταῖς
762 2401 1070 2466 συντάξεσι,
1090 2402 1212 2463 ταῖς
1231 2402 1572 2471 ἑρμηνείαις,
1598 2402 1927 2468 γέγραπται.

269 2558 275 2563 ι
354 2489 560 2542 Πολλοῦ
604 2508 669 2559 γε
716 2492 818 2557 δεῖ,
872 2493 1149 2563 βάρϐαρόν
1191 2511 1312 2546 τινα
1368 2493 1699 2562 φθόγγον,ἢ
1757 2494 1932 2545 σολοι-

350 2581 591 2648 κισμὸν.
633 2582 668 2649 ἢ
711 2583 851 2645 ὅλως
902 2585 1217 2652 ίδιωτισμὸν
1264 2586 1323 2638 ἐν
1370 2586 1554 2648 αὐτοῖς
1614 2584 1926 2652 εὑρεθῆναι.

358 2665 659 2738 Ἑκάτερον
685 2672 796 2741 γὰρ
816 2672 987 2741 εἶχεν,
1020 2673 1097 2735 ὡς
1128 2673 1298 2736 ἔοικε,
1331 2673 1425 2725 τὸν
1455 2673 1633 2739 λόγον,
1662 2671 1763 2743 τὴν
1788 2672 1930 2740 γνῶ-

350 2775 459 2826 σιν,
495 2762 786 2833 ἀμφότερα
823 2764 974 2834 αὐτῷ
1018 2764 1398 2835 χαρισαμένου
1427 2764 1520 2816 τοῦ
1562 2764 1792 2834 Κυρίου,
1836 2765 1927 2815 τόν

346 2864 408 2901 τε
444 2852 543 2919 τῆς
565 2853 803 2929 ⁸σοφίας,
863 2854 960 2905 καὶ¹
999 2853 1091 2906 τὸν
1147 2855 1248 2923 τῆς
1304 2852 1579 2929 γνώσεως.
1624 2853 1829 2907 Τοῦτον
1868 2853 1927 2907 δὲ

346 2924 728 3013 ἀποκαλύψεις
773 2945 876 3015 μὲν
918 2934 1247 3017 ἑωρακέναι,
1280 2924 1377 2998 καὶ
1414 2946 1616 3013 γνῶσιν
1646 2946 1926 3013 εἰληφέναι

348 3037 845 3107 καὶ-προφητείαν,
872 3038 975 3107 οὐκ
1011 3037 1228 3107 ἀντερῶ
1249 3054 1265 3070 ’
1295 3038 1579 3091 διάλεκτον
1620 3022 1802 3106 μέντοι
1834 3039 1928 3090 καὶ

260 3158 269 3163 ~
348 3128 606 3198 γλῶσσαν
638 3132 737 3182 οὐκ
773 3128 1019 3198 ἀκριϐῶς
1053 3129 1443 3198 ἐλληνίζουσαν
1485 3129 1650 3181 αὐτοῦ
1706 3128 1922 3197 βλέπω,

346 3223 464 3278 ἀλλ’
496 3221 754 3291 ίδιὼμασι
800 3221 1158 3292 βαρϐαρικοῖς
1202 3220 1519 3292 χρώμενον,
1558 3222 1654 3275 καί
1695 3238 1799 3273 που
1836 3237 1927 3274 σο-

344 3315 680 3380 λοικίζοντα.
711 3291 894 3383 ’Άπερ
933 3291 1035 3367 our.
1075 3291 1378 3382 ἀναγκαῖον
1416 3315 1511 3367 νῦν
1551 3314 1756 3380 λέγειν’
1804 3313 1928 3365 οὐδὲ
1957 3291 2000 3347 c

346 3406 459 3475 γὰρ
491 3404 882 3471 ἐπισκώπτων,
918 3408 991 3476 μή
1020 3421 1104 3467 τις
1133 3406 1356 3476 νομίσῃ,
1378 3406 1552 3458 ταῦτα
1582 3404 1758 3472 εἷπον;
1789 3404 1927 3456 ἀλλὰ

354 3498 522 3568 μόνον
549 3497 650 3567 τὴν
679 3497 1046 3564 ἀνομοιότητα
1075 3496 1373 3548 διευθύνων
1403 3495 1610 3548 τούτων
1651 3496 1763 3548 τῶν
1792 3512 1932 3564 γρα-

349 3589 522 3656 φῶν.)
554 3587 741 3640 Ταῦτα
774 3589 831 3640 ἐν
863 3590 927 3657 τῇ
955 3587 1192 3656 δευτέρᾳ
1220 3587 1329 3638 τῶν
1360 3586 1708 3653 ἐπαγγελιῶν
1740 3588 1927 3639 Διονύ-

350 3697 465 3743 σιος
497 3681 590 3733 καὶ
619 3681 751 3749 περὶ
788 3680 889 3749 τῆς
920 3679 1169 3732 Ἰωάννου
1195 3677 1620 3746 Ἀποκαλύψεως
1654 3682 1790 3749 πρὸς
1819 3681 1927 3732 Νέ-

348 3790 505 3825 πωτα
543 3773 903 3841 ἐνιστάμενος
937 3771 1157 3839 εἴρηκε.

2040 681 2180 728 tum,
2217 676 2621 736 praeceptorum
2656 668 2903 721 omnium
2933 667 3402 729 observationem,
3432 668 3620 722 redar-

2036 760 2317 828 gulionem
2362 758 2576 824 mundi,
2618 758 2845 820 diaboli,
2891 759 3248 822 Antichristi,
3297 759 3621 828 promissio-

2036 866 2163 905 nem
2217 848 2456 919 Spiritus
2509 849 2722 913 sancti,
2773 850 3125 919 adoptionem
3189 851 3428 904 ﬁliorum
3486 850 3615 913 Dei,

2039 941 2204 995 ﬁdem
2253 958 2377 1010 qua:
2426 958 2526 1012 per
2564 942 2749 995 omnia
2784 957 2814 996 a
2851 942 3012 995 nobis
3056 943 3316 1010 exigitur.
3364 943 3430 997 Et
3470 945 3617 1010 quod

2036 1033 2200 1087 Pater
2238 1042 2294 1086 et
2337 1031 2510 1085 Filius
2558 1032 2766 1101 ubique
2816 1031 3201 1100 designentur,
3237 1031 3518 1099 quodque,
3558 1040 3619 1084 ut

2036 1124 2354 1179 summatim
2387 1124 2591 1190 dicam,
2623 1125 2666 1178 si
2699 1139 2893 1178 omnes
2946 1124 3226 1192 Evangelii
3270 1131 3326 1176 et
3368 1121 3615 1191 epistola:

2037 1217 2193 1286 quasi
2225 1216 2445 1270 dicendi
2481 1215 2688 1270 formas
2717 1225 2914 1270 notare
2942 1215 3151 1277 lubeat,
3182 1216 3293 1267 vim
3325 1214 3612 1282 utriusque

2039 1318 2301 1377 tanquam
2336 1307 2486 1361 filum
2517 1307 2789 1362 orationis
2824 1307 3269 1361 animadvertere
3302 1307 3352 1359 in
3384 1306 3611 1373 proclivi

2037 1401 2164 1455 erit.
2199 1399 2499 1470 Peregrina
2527 1407 2709 1454 autem
2752 1410 2810 1455 et
2843 1400 3020 1454 aliena
3053 1415 3280 1468 prorsus
3313 1399 3379 1453 ab
3412 1399 3496 1452 his
3531 1406 3617 1451 est

2036 1492 2414 1563 Apocalypsis,
2455 1506 2634 1560 neque
2665 1490 2774 1545 illis
2801 1491 3105 1551 cohaerens.
3140 1506 3319 1560 neque
3353 1490 3609 1558 proxime

2038 1584 2105 1638 ad
2132 1599 2196 1638 ea
2225 1584 2517 1652 accedens,
2548 1599 2613 1637 ex
2649 1583 2834 1652 aliqua
2861 1592 3051 1651 parte;
3080 1583 3284 1651 quippe
3310 1597 3452 1651 quae.
3477 1597 3618 1650 pene

2038 1674 2294 1740 dixerim,
2324 1689 2393 1728 ne
2422 1675 2684 1746 syllabam
2731 1675 2953 1745 quidem
3003 1689 3351 1729 communem
3384 1687 3507 1726 cum
3535 1673 3617 1727 eis

3677 1682 3687 1709 ί

2039 1766 2265 1821 habeat.
2309 1765 2414 1821 Sed
2451 1778 2633 1835 neque
2677 1766 3011 1819 mentionem
3059 1766 3245 1828 ullam,
3285 1778 3462 1832 neque
3494 1778 3620 1815 sen-

2040 1859 2313 1922 tentiam,
2355 1859 2441 1912 vel
2494 1857 2725 1926 epistola
2778 1856 3137 1927 Apocalypsis
3186 1855 3417 1923 (omitto
3469 1852 3615 1923 enim

2043 1950 2421 2021 Evangelium)
2453 1951 2541 2004 vel
2574 1949 2933 2018 Apocalypsis
2966 1947 3212 2017 epistola:
3246 1945 3410 1999 habet
3442 1962 3455 1997 :
3488 1958 3613 1996 cum
3670 1946 3686 2021 ξ

2041 2044 2267 2111 quidem
2304 2042 2531 2106 Paulus,
2563 2041 2773 2110 aliquid
2821 2040 2987 2094 etiam
3020 2038 3077 2092 in
3112 2036 3361 2106 epistolis
3398 2035 3517 2089 suis
3547 2033 3617 2087 de

2040 2134 2477 2205 revelationibus
2508 2133 2622 2188 suis
2655 2131 2934 2195 ostendat,
2965 2145 3103 2200 quas
3145 2139 3326 2183 tamen
3363 2126 3509 2196 ipsas
3557 2124 3615 2178 in

2039 2223 2304 2293 scriptum
2342 2222 2623 2292 peculiare
2670 2236 2783 2275 non
2832 2220 3040 2275 retulit.
3089 2219 3362 2273 Praeterea
3412 2204 3631 2269 discri-z

2038 2328 2162 2366 men
2210 2313 2544 2368 elocutionis
2590 2312 2876 2382 Evangelii
2928 2318 2985 2365 et
3031 2310 3278 2379 epistolae
3327 2306 3394 2361 ad
3440 2306 3613 2374 ipsius

2035 2404 2394 2476 Apocalypsis
2432 2404 2663 2459 ductum
2694 2403 2957 2474 colligere
2991 2410 3046 2457 et
3077 2409 3270 2454 notare
3300 2400 3449 2453 licet.
3491 2396 3615 2450 Haec

2036 2500 2186 2553 enim
2217 2514 2327 2553 non
2359 2499 2537 2552 solum
2570 2512 2681 2550 non
2712 2495 2949 2555 vitiosis,
2974 2494 3127 2564 juxta
3155 2491 3469 2546 Graecorum
3497 2503 3613 2543 ser-

2037 2604 2279 2655 monem,
2305 2588 2401 2643 sed
2429 2589 2593 2642 etiam
2617 2586 2909 2657 exquisitis
2939 2595 2995 2640 et
3017 2583 3253 2654 egregiis
3277 2581 3480 2641 verbis,
3503 2580 3613 2649 syl—

2033 2683 2319 2754 legismis,
2377 2680 2908 2751 compositionibus,
2959 2689 3016 2734 et
3061 2674 3612 2746 interpretationibus

2033 2773 2236 2841 scripta
2267 2779 2417 2826 sunt.
2446 2772 2683 2825 Tantum
2704 2769 2918 2824 scilicet
2944 2768 3124 2829 abest,
3154 2776 3212 2819 ut
3242 2765 3527 2819 barbaram
3551 2762 3610 2815 in

2032 2865 2117 2919 eis
2155 2879 2347 2918 vocem
2396 2863 2658 2932 aliquam,
2691 2869 2784 2915 aut
2815 2861 3214 2919 soloecismum,
3248 2866 3343 2911 aut
3383 2854 3612 2908 omnino

2033 2956 2401 3011 rusticitatem
2434 2955 2683 3024 reperias
2712 2971 2726 3006 :
2760 2963 3059 3020 utrumque
3085 2950 3257 3012 enim,
3285 2956 3345 3001 ut
3370 2945 3611 3008 videtur,

2035 3051 2229 3104 habuit
2255 3047 2462 3103 donum
2510 3057 2567 3101 et
2610 3048 2886 3102 sermonis
2924 3054 2980 3098 et
3015 3043 3427 3111 intelligentiae;
3470 3049 3616 3093 utra-

2034 3155 2141 3210 que
2171 3140 2221 3195 ei
2256 3155 2287 3194 a
2334 3140 2566 3194 Domino
2611 3147 2668 3192 et
2710 3138 2999 3207 sapientiae
3031 3145 3089 3190 et
3117 3133 3451 3205 cognitionis
3485 3146 3618 3184 con-

2033 3246 2187 3287 cessa
2220 3234 2415 3302 gratia.
2450 3231 2618 3303 418
2655 3232 2812 3286 llune
2856 3238 3040 3283 autem
3091 3225 3460 3280 revelationes
3494 3222 3618 3290 qui-

2034 3322 2158 3376 dem
2187 3323 2412 3385 vidisse,
2438 3323 2843 3389 scientiamque
2865 3329 2920 3373 et
2939 3317 3286 3388 prophetiam
3313 3313 3615 3381 accepisse,

2033 3425 2146 3464 non
2177 3427 2245 3465 eo
2274 3412 2489 3465 inﬁcias
2520 3429 2533 3463 :
2565 3421 2825 3465 caeterum
2856 3410 2908 3461 in
2939 3409 3190 3461 oratione
3215 3420 3313 3458 sua
3345 3419 3471 3456 eum
3497 3416 3615 3454 ser-

2035 3518 2254 3557 monem
2286 3503 2533 3558 Gneeum
2568 3510 2829 3555 accurate
2867 3515 3089 3554 servare
3121 3514 3233 3551 non
3265 3497 3445 3549 video.
3478 3494 3611 3548 Nam

2034 3605 2090 3650 et
2123 3592 2348 3649 rusticis
2390 3596 2769 3658 barbarismis,
2797 3603 2854 3648 et
2892 3592 3219 3647 solteeismis
3262 3589 3464 3643 alicubi
3506 3589 3616 3640 nti-

2037 3697 2150 3750 tur,
2181 3703 2321 3755 quos
2368 3687 2592 3756 quidem
2640 3678 2695 3740 in
2736 3686 3034 3756 praesentia
3078 3684 3344 3736 adnotare
3382 3696 3489 3734 non
3529 3687 3615 3734 est

2036 3793 2285 3832 necesse.
2322 3780 2436 3835 Nec
2465 3780 2758 3848 quisquam
2793 3779 2910 3832 [nec
2941 3777 3146 3855 dixisse
3190 3790 3277 3828 me
3333 3774 3612 3828 existimet

346 3864 702 3921 conviciandi
732 3875 791 3917 et
828 3864 1274 3934 reprehendendi
1308 3864 1517 3930 animo,
1581 3866 1677 3920 sed
1751 3876 1811 3921 ut
1880 3868 2387 3926 dissimilitudinem
2436 3880 2646 3926 tantum
2703 3871 3102 3941 scripturarum
3136 3864 3363 3922 istarum
3400 3866 3614 3919 indica-

344 3976 466 4018 rem
510 3973 677 4032 atque
705 3962 1049 4031 expedirem.
1091 3979 1110 4011 ι
1158 3962 1336 4030 Atque
1381 3960 1499 4015 haec
1570 3963 1625 4016 in
1694 3965 2003 4032 posteriore
2038 3967 2182 4023 libro
2231 3969 2676 4033 Promissionum,
2721 3982 2845 4023 cum
2893 3966 3102 4034 Nepote
3142 3977 3504 4033 congressus,
3543 3960 3611 4013 de

343 4051 574 4111 Joannis
601 4056 932 4127 Apocalypsi
959 4054 1254 4126 Dionysius
1285 4057 1529 4126 scripsit.

561 4140 579 4158 ’
928 4171 1183 4224 ΚΕΦΑΛ.
1218 4167 1343 4224 KA'.

346 4264 490 4334 Περὶ
521 4263 639 4319 τῶν
668 4262 875 4343 ἁλίκων
923 4255 1271 4351 ἐπιστολῶν
1301 4264 1427 4351 τοῦ,
1456 4266 1799 4346 Διονυσίου,
1829 4267 1931 4321 καὶ

697 4336 818 4387 τῶν
847 4336 1333 4403 συγγραμμάτων
1360 4336 1573 4390 αὐτοῦ.

416 4427 624 4481 Πολλαὶ
653 4425 712 4479 δὲ
732 4425 828 4478 καὶ¹
858 4424 1018 4478 ἄλλαι
1047 4425 1299 4478 πλεῖσται
1324 4425 1417 4478 τοῦ
1450 4426 1744 4496 είρημὲνου
1780 4426 1927 4481 θείου

2552 4177 2778 4233 CAPUT
2818 4175 3008 4232 XXIV.

2101 4270 2178 4324 De
2201 4270 2324 4325 aliis
2353 4270 2592 4342 Dionysii
2627 4271 2879 4340 epistolis,
2912 4270 3222 4338 scriptisque
3276 4266 3528 4331 eiusdem.

2097 4430 2238 4486 Sunt
2267 4439 2323 4485 et
2356 4431 2477 4485 aliae
2508 4430 2760 4499 plurimm
2799 4428 2975 4483 divini
3023 4427 3144 4497 ejus
3176 4424 3280 4478 viri
3313 4423 3558 4492 epistola:
3592 4439 3605 4475 :

346 4520 542 4591 ἀνδρὸς
578 4518 865 4574 ἐπιστολαὶ
895 4519 1194 4588 φέρονται’
1243 4518 1307 4571 αῖ
1349 4535 1408 4570 τε
1455 4520 1600 4573 κατὰ
1632 4520 1925 4573 Σαϐελλίου

2035 4531 2086 4576 ιιι
2123 4532 2313 4576 contra
2360 4522 2685 4589 Sabellium,
2716 4521 2783 4576 ad
2816 4523 3142 4574 Ammonem
3174 4517 3606 4572 Beronicensem

347 4616 487 4687 πρὸς
552 4612 874 4684 Ἀμμωνᾶν,
923 4610 1021 4681 τὴν
1072 4610 1414 4682 Βερονικέων
1467 4613 1783 4682 ἐπισκοπὴν
1831 4614 1932 4666 διέ-

2035 4616 2377 4685 episcopum,
2413 4616 2544 4669 item
2572 4604 2700 4684 quae
2745 4614 2812 4669 ad
2853 4611 3256 4681 Telesphorum
3299 4617 3356 4664 et
3397 4608 3465 4662 ad
3500 4608 3611 4661 Eu-

348 4721 524 4760 ποντα
544 4720 558 4736 ο
596 4704 678 4755 ἔτι
709 4701 768 4756 δὲ
797 4703 830 4773 ἡ
869 4701 1006 4772 πρὸς
1028 4698 1369 4769 Τελεσφόρον
1403 4705 1497 4756 καὶ
1527 4701 1663 4768 πρὸς
1712 4702 1931 4773 Εὐφρά-

352 4813 508 4867 νορα⁶
565 4797 661 4849 καὶ
706 4795 869 4849 πάλιν
926 4794 1063 4858 πρὸς
1106 4793 1404 4863 Ἀμμωνᾶν
1446 4811 1505 4846 τε
1532 4786 1627 4846 καὶ
1657 4794 1923 4864 Εὖπορον.

349 4890 492 4961 Περὶ
537 4889 595 4941 δέ
623 4887 722 4958 τῆς
757 4886 930 4951 αὐτῆς
965 4885 1308 4948 ὑποθέσεως,
1343 4887 1438 4938 καὶ
1477 4885 1645 4955 ἕτερα
1684 4887 1930 4955 τέσσαρα

354 4982 729 5053 ὑπομνήματα
780 4979 1004 5049 γράφει,
1055 4978 1135 5047 τῷ
1186 4978 1327 5031 κατὰ
1383 4975 1605 5048 Ῥώμην
1652 4979 1930 5049 ὁμωνύμῳ

353 5074 506 5143 αὑτῷ
541 5072 833 5141 ἐπισκόπῳ
866 5070 1229 5141 προσφωνῶν.
1263 5071 1386 5123 Ἔτι
1412 5070 1468 5122 δὲ
1495 5073 1590 5122 καὶ
1622 5071 1771 5137 παρὰ
1799 5072 1931 5123 ταύ-

352 5186 455 5233 τας
478 5168 641 5223 ἄλλαι
675 5168 893 5229 πλειους
918 5166 1057 5219 εἰσὶν
1077 5164 1380 5218 ἐπιστολαίε
1410 5163 1559 5230 λόγοι
1584 5181 1645 5217 τε
1675 5165 1931 5217 πολύστι-

352 5278 475 5332 χοι,
528 5264 586 5315 ἐν
641 5259 945 5313 ἐπιστολῶν
999 5258 1315 5330 χαρακτῆρι
1376 5259 1924 5326 συγκεκροτημένον

352 5355 544 5426 ὥσπερ
559 5353 653 5418 οὓς
670 5354 923 5423 Τιμοθέῳ
940 5351 1019 5420 τῷ
1047 5352 1196 5405 παιδὶ
1221 5351 1509 5403 συντάττει
1529 5350 1672 5419 Περὶ
1692 5351 1928 5419 φύσεως

350 5450 452 5518 τὴν
504 5446 821 5515 ἐπιγραφὴν
876 5445 1138 5515 ἔχοντας’
1177 5445 1271 5497 καὶ
1304 5446 1332 5497 ὁ
1383 5442 1524 5510 Περὶ
1582 5442 1931 5512 πειρασμῶν

351 5543 668 5612 Εὑφράνορι
701 5539 1270 5611 προσπεφωνημένοςο
1306 5536 1401 5589 καὶ
1443 5537 1577 5605 πρὸς
1607 5537 1928 5606 Βασιλείδην

350 5639 408 5691 δέ
445 5637 674 5707 γράφων
705 5634 814 5687 τῶν
843 5633 988 5686 κατά
1017 5632 1354 5686 Πεντὰπολιν
1391 5633 1700 5685 ἐπίσκοπον
1730 5647 1931 5701 παροι-

296 5745 300 5751 '
351 5730 509 5796 κιῶν,
567 5728 848 5799 καταρχὰς
891 5726 1167 5780 δείκνυσιν
1215 5725 1409 5779 ἑαυτὸν
1444 5725 1819 5794 ὑπομνήματα
1849 5726 1928 5785 εἰς

352 5825 447 5875 τὸν
488 5820 923 5891 Ἐκκλησιαστὴν
941 5820 1274 5889 γεγραφότα.
1298 5819 1559 5888 Διάφοροι
1588 5819 1645 5871 δὲ
1674 5819 1765 5869 καὶ
1792 5817 1928 5885 πρὸς

356 5914 522 5970 αὑτὸν
544 5916 648 5968 εἰσι
680 5914 959 5973 στολείσαι
981 5909 1283 5971 immolati.
1316 5910 1565 5987 Γέγραφε
1591 5910 1647 5964 δὲ
1667 5912 1762 5967 καὶ
1787 5910 1929 5965 κατά

2033 4707 2390 4777 phranorem,
2418 4716 2475 4761 et
2501 4721 2721 4762 rursum
2747 4721 2868 4775 quae
2895 4705 2961 4758 ad
2985 4705 3308 4758 Ammonem
3339 4711 3396 4754 et
3424 4700 3606 4764 Eupo-

2032 4815 2155 4854 rum
2205 4810 2289 4854 est
2337 4800 2566 4868 scripta.
2620 4797 2944 4867 Composuit
2989 4804 3252 4866 praeterea
3304 4793 3360 4847 in
3409 4792 3602 4846 eodem

2032 4901 2355 4962 argumento
2403 4892 2578 4946 libros
2624 4899 2883 4959 quatuor,
2937 4889 3006 4941 ad
3059 4887 3445 4957 cognominem
3499 4884 3601 4938 sibi

2031 4985 2342 5040 Romanum
2392 4984 2734 5052 episcopum.
2790 4981 3021 5049 Insuper
3068 4979 3189 5033 alia:
3242 4978 3428 5046 plures
3475 4983 3603 5030 sunt

2029 5078 2297 5148 epistolae,
2331 5087 2387 5131 et
2430 5073 2967 5142 orationeaprolixm
2999 5073 3141 5125 inter
3170 5070 3433 5140 epistolas
3470 5084 3605 5122 eon-

2031 5178 2367 5224 numeratae:
2388 5167 2546 5222 siruti
2576 5182 2711 5235 quas
2738 5165 3032 5219 Timotheo
3056 5177 3225 5231 puero
3247 5159 3602 5227 conscripsit,

2032 5261 2451 5330 inscriptionem
2502 5259 2790 5325 habentes,
2841 5257 2911 5310 De
2941 5265 3159 5309 natura.
3213 5252 3389 5308 Sicuti
3437 5251 3604 5306 etiam

2030 5361 2116 5409 est
2143 5368 2207 5407 ea
2237 5367 2401 5422 quam
2432 5351 2500 5404 ad
2536 5349 2949 5420 Euphranorem
3002 5346 3354 5415 composuit,
3393 5342 3464 5395 De
3497 5351 3608 5394 ten-

2034 5446 2347 5500 tationibus.
2395 5443 2476 5499 Ad
2511 5444 2810 5498 Basilitletn
2846 5452 3031 5496 autem
3068 5440 3430 5495 ecclesiarum
3467 5436 3608 5490 Pen-

2034 5520 2459 5606 tapolitanarum
2505 5536 2826 5604 cpisc0pum
2874 5533 3146 5595 scribens,
3176 5531 3244 5583 ab
3274 5528 3432 5582 initio
3460 5541 3607 5581 com-

2033 5629 2337 5683 mentarios
2368 5644 2426 5682 se
2452 5628 2830 5697 composuisse
2859 5625 3065 5679 indicat
3107 5625 3161 5677 in
3191 5622 3603 5678 Ecclesiastem.

2033 5723 2272 5776 Diversae
2321 5720 2483 5774 etiam
2540 5720 2607 5773 ad
2662 5719 2841 5789 ipsum
2878 5717 3019 5772 data:
3050 5714 3316 5785 epistolae.
3371 5714 3607 5782 Scripsit

2034 5814 2222 5868 itidem
2255 5822 2447 5868 contra
2478 5812 2705 5867 Paulum
2740 5812 3157 5865 Samosatenmn
3215 5817 3269 5863 et
3308 5807 3599 5865 Manetem,

2032 5909 2123 5984 qui
2170 5922 2237 5962 eo
2284 5914 2533 5978 tempore
2581 5903 2932 5959 exstiterunt.
2966 5903 3042 5959 De
3071 5902 3154 5959 eis
3191 5908 3371 5957 autem
3414 5913 3602 5969 poswa

3670 1833 3685 1890 ἱ
3748 1852 3749 1855 η

3674 1992 3688 2050 i
