  <div class='ocr_page' id='page_1' title='image "/cluster/home/n/w/nwhite01/storage/ocr_20150623/145:no.1/coo.31924054870500/598.png"; bbox 0 0 4052 6438; ppageno 0'>
   <div class='ocr_carea' id='block_1_1' title="bbox 290 449 425 527">
    <p class='ocr_par' dir='ltr' id='par_1_1' title="bbox 290 449 425 527">
     <span class='ocr_line' id='line_1_1' title="bbox 290 449 425 527; baseline -0.007 -11"><span class='ocrx_word' id='word_1_1' title='bbox 290 449 425 527; x_wconf 83' lang='lat' dir='ltr'><strong>118i</strong></span> 
     </span>
    </p>
   </div>
   <div class='ocr_carea' id='block_1_2' title="bbox 1214 447 2588 511">
    <p class='ocr_par' dir='ltr' id='par_1_2' title="bbox 1214 447 2588 511">
     <span class='ocr_line' id='line_1_2' title="bbox 1214 447 2588 511; baseline 0.003 -4"><span class='ocrx_word' id='word_1_2' title='bbox 1214 448 1825 510; x_wconf 72' lang='lat' dir='ltr'><strong>EIiCLESIASTlCIE</strong></span> <span class='ocrx_word' id='word_1_3' title='bbox 1864 447 2260 509; x_wconf 66' lang='lat' dir='ltr'><strong>HISTORIA!</strong></span> <span class='ocrx_word' id='word_1_4' title='bbox 2300 451 2447 510; x_wconf 89' lang='lat' dir='ltr'><strong>LIB.</strong></span> <span class='ocrx_word' id='word_1_5' title='bbox 2487 450 2588 511; x_wconf 84' lang='lat' dir='ltr'><strong>VI.</strong></span> 
     </span>
    </p>
   </div>
   <div class='ocr_carea' id='block_1_3' title="bbox 3414 445 3547 511">
    <p class='ocr_par' dir='ltr' id='par_1_3' title="bbox 3414 445 3547 511">
     <span class='ocr_line' id='line_1_3' title="bbox 3414 445 3547 511; baseline -0.008 -2"><span class='ocrx_word' id='word_1_6' title='bbox 3414 445 3547 511; x_wconf 71' lang='lat'><strong>118°.</strong></span> 
     </span>
    </p>
   </div>
   <div class='ocr_carea' id='block_1_4' title="bbox 291 559 1914 669">
    <p class='ocr_par' dir='ltr' id='par_1_4' title="bbox 291 559 1914 631">
     <span class='ocr_line' id='line_1_4' title="bbox 291 559 1914 631; baseline -0.003 -13"><span class='ocrx_word' id='word_1_7' title='bbox 291 565 368 625; x_wconf 82' lang='grc' dir='ltr'>ὡς</span> <span class='ocrx_word' id='word_1_8' title='bbox 403 559 549 626; x_wconf 80' lang='grc' dir='ltr'>Υἱδν,</span> <span class='ocrx_word' id='word_1_9' title='bbox 576 560 707 615; x_wconf 79' lang='grc' dir='ltr'>ποτὲ</span> <span class='ocrx_word' id='word_1_10' title='bbox 735 560 793 616; x_wconf 84' lang='grc' dir='ltr'>δὲ</span> <span class='ocrx_word' id='word_1_11' title='bbox 822 561 898 624; x_wconf 83' lang='grc' dir='ltr'><strong>ῶς</strong></span> <span class='ocrx_word' id='word_1_12' title='bbox 949 559 1107 631; x_wconf 78' lang='grc' dir='ltr'>ἅγιον</span> <span class='ocrx_word' id='word_1_13' title='bbox 1150 561 1377 631; x_wconf 79' lang='grc' dir='ltr'>Πνεῦμα</span> <span class='ocrx_word' id='word_1_14' title='bbox 1396 579 1410 592; x_wconf 84' lang='grc'>·</span> <span class='ocrx_word' id='word_1_15' title='bbox 1442 564 1537 615; x_wconf 75' lang='grc' dir='ltr'><strong>καὶ</strong></span> <span class='ocrx_word' id='word_1_16' title='bbox 1567 563 1622 616; x_wconf 79' lang='grc' dir='ltr'>ὲν</span> <span class='ocrx_word' id='word_1_17' title='bbox 1666 563 1765 631; x_wconf 84' lang='grc' dir='ltr'>μὲν</span> <span class='ocrx_word' id='word_1_18' title='bbox 1793 564 1861 631; x_wconf 80' lang='grc' dir='ltr'>τῇ</span> <span class='ocrx_word' id='word_1_19' title='bbox 1895 571 1914 622; x_wconf 68' lang='grc' dir='ltr'><em>Α</em></span> 
     </span>
    </p>
   </div>
   <div class='ocr_carea' id='block_1_5' title="bbox 2015 559 3545 669">
    <p class='ocr_par' dir='ltr' id='par_1_5' title="bbox 2015 561 3545 634">
     <span class='ocr_line' id='line_1_5' title="bbox 2015 561 3545 634; baseline -0.001 -17"><span class='ocrx_word' id='word_1_20' title='bbox 2015 563 2209 629; x_wconf 84' lang='lat' dir='ltr'><strong>edisse,</strong></span> <span class='ocrx_word' id='word_1_21' title='bbox 2281 565 2335 617; x_wconf 90' lang='lat' dir='ltr'><strong>in</strong></span> <span class='ocrx_word' id='word_1_22' title='bbox 2391 564 2545 618; x_wconf 87' lang='lat' dir='ltr'><strong>Novo</strong></span> <span class='ocrx_word' id='word_1_23' title='bbox 2584 576 2770 619; x_wconf 87' lang='lat' dir='ltr'><strong>autem</strong></span> <span class='ocrx_word' id='word_1_24' title='bbox 2814 563 2972 634; x_wconf 88' lang='lat' dir='ltr'><strong>quasi</strong></span> <span class='ocrx_word' id='word_1_25' title='bbox 3014 561 3212 619; x_wconf 85' lang='lat' dir='ltr'><strong>Filium</strong></span> <span class='ocrx_word' id='word_1_26' title='bbox 3266 562 3545 619; x_wconf 80' lang='lat' dir='ltr'><strong>hominem</strong></span> 
     </span>
    </p>
   </div>
   <div class='ocr_carea' id='block_1_6' title="bbox 295 652 1914 726">
    <p class='ocr_par' dir='ltr' id='par_1_6' title="bbox 295 652 1866 725">
     <span class='ocr_line' id='line_1_6' title="bbox 295 652 1866 725; baseline -0.001 -16"><span class='ocrx_word' id='word_1_27' title='bbox 295 654 511 725; x_wconf 80' lang='grc' dir='ltr'>Παλαιᾷ</span> <span class='ocrx_word' id='word_1_28' title='bbox 561 653 639 716; x_wconf 86' lang='grc' dir='ltr'>ὡς</span> <span class='ocrx_word' id='word_1_29' title='bbox 686 654 912 725; x_wconf 82' lang='grc' dir='ltr'><strong>Πατέρα</strong></span> <span class='ocrx_word' id='word_1_30' title='bbox 963 652 1350 723; x_wconf 82' lang='grc' dir='ltr'>νομοθετῆσαι,</span> <span class='ocrx_word' id='word_1_31' title='bbox 1404 656 1463 707; x_wconf 80' lang='grc' dir='ltr'>ὲν</span> <span class='ocrx_word' id='word_1_32' title='bbox 1492 655 1549 709; x_wconf 79' lang='grc' dir='ltr'>δὲ</span> <span class='ocrx_word' id='word_1_33' title='bbox 1586 658 1652 725; x_wconf 82' lang='grc' dir='ltr'>τῇ</span> <span class='ocrx_word' id='word_1_34' title='bbox 1691 657 1866 725; x_wconf 83' lang='grc' dir='ltr'>Καινῇ</span> 
     </span>
    </p>
   </div>
   <div class='ocr_carea' id='block_1_7' title="bbox 2015 652 3550 726">
    <p class='ocr_par' dir='ltr' id='par_1_7' title="bbox 2015 656 3550 726">
     <span class='ocr_line' id='line_1_7' title="bbox 2015 656 3550 726; baseline 0 -17"><span class='ocrx_word' id='word_1_35' title='bbox 2015 665 2172 711; x_wconf 69' lang='lat' dir='ltr'><strong>ictum</strong></span> <span class='ocrx_word' id='word_1_36' title='bbox 2205 672 2345 723; x_wconf 87' lang='lat' dir='ltr'><strong>esse,</strong></span> <span class='ocrx_word' id='word_1_37' title='bbox 2395 666 2455 711; x_wconf 92' lang='lat' dir='ltr'><strong>ut</strong></span> <span class='ocrx_word' id='word_1_38' title='bbox 2494 657 2757 725; x_wconf 88' lang='lat' dir='ltr'><strong>Spiritum</strong></span> <span class='ocrx_word' id='word_1_39' title='bbox 2783 666 3034 712; x_wconf 90' lang='lat' dir='ltr'><strong>sanctum</strong></span> <span class='ocrx_word' id='word_1_40' title='bbox 3066 671 3198 711; x_wconf 83' lang='lat' dir='ltr'><strong>vero</strong></span> <span class='ocrx_word' id='word_1_41' title='bbox 3225 656 3292 710; x_wconf 89' lang='lat' dir='ltr'><strong>ad</strong></span> <span class='ocrx_word' id='word_1_42' title='bbox 3328 668 3550 726; x_wconf 61' lang='lat' dir='ltr'><strong>apostoo</strong></span> 
     </span>
    </p>
   </div>
   <div class='ocr_carea' id='block_1_8' title="bbox 295 747 1870 817">
    <p class='ocr_par' dir='ltr' id='par_1_8' title="bbox 295 747 1870 817">
     <span class='ocr_line' id='line_1_8' title="bbox 295 747 1870 817; baseline -0.001 -15"><span class='ocrx_word' id='word_1_43' title='bbox 295 753 372 811; x_wconf 83' lang='grc' dir='ltr'><strong>ὡς</strong></span> <span class='ocrx_word' id='word_1_44' title='bbox 415 747 544 801; x_wconf 75' lang='grc' dir='ltr'>Υἰὸν</span> <span class='ocrx_word' id='word_1_45' title='bbox 575 748 1015 817; x_wconf 79' lang='grc' dir='ltr'>ὲνανθρωπῆσαι,</span> <span class='ocrx_word' id='word_1_46' title='bbox 1046 748 1122 811; x_wconf 89' lang='grc' dir='ltr'>ὡς</span> <span class='ocrx_word' id='word_1_47' title='bbox 1168 748 1227 800; x_wconf 83' lang='grc' dir='ltr'>δὲ</span> <span class='ocrx_word' id='word_1_48' title='bbox 1284 748 1509 817; x_wconf 79' lang='grc' dir='ltr'>Πνεῦμα</span> <span class='ocrx_word' id='word_1_49' title='bbox 1545 748 1702 816; x_wconf 72' lang='grc' dir='ltr'>ἅγιον</span> <span class='ocrx_word' id='word_1_50' title='bbox 1755 750 1870 810; x_wconf 80' lang='grc' dir='ltr'>τοῖς</span> 
     </span>
    </p>
   </div>
   <div class='ocr_carea' id='block_1_9' title="bbox 297 838 1871 908">
    <p class='ocr_par' dir='ltr' id='par_1_9' title="bbox 297 838 1871 908">
     <span class='ocr_line' id='line_1_9' title="bbox 297 838 1871 908; baseline -0.001 -15"><span class='ocrx_word' id='word_1_51' title='bbox 297 838 622 899; x_wconf 82' lang='grc' dir='ltr'><strong>ἀποστόλοις</strong></span> <span class='ocrx_word' id='word_1_52' title='bbox 649 839 1030 908; x_wconf 79' lang='grc' dir='ltr'>έπιφοιτῆσαι.</span> <span class='ocrx_word' id='word_1_53' title='bbox 1064 840 1209 908; x_wconf 81' lang='grc' dir='ltr'>Πρὸς</span> <span class='ocrx_word' id='word_1_54' title='bbox 1238 838 1434 892; x_wconf 88' lang='grc' dir='ltr'>τοῦτον</span> <span class='ocrx_word' id='word_1_55' title='bbox 1467 839 1531 908; x_wconf 83' lang='grc' dir='ltr'>δὴ</span> <span class='ocrx_word' id='word_1_56' title='bbox 1569 839 1871 902; x_wconf 78' lang='grc' dir='ltr'>Διονύσιος,</span> 
     </span>
    </p>
   </div>
   <div class='ocr_carea' id='block_1_10' title="bbox 298 930 1877 1001">
    <p class='ocr_par' dir='ltr' id='par_1_10' title="bbox 298 930 1877 1001">
     <span class='ocr_line' id='line_1_10' title="bbox 298 930 1877 1001; baseline 0.001 -18"><span class='ocrx_word' id='word_1_57' title='bbox 298 930 375 992; x_wconf 80' lang='grc' dir='ltr'>ὥς</span> <span class='ocrx_word' id='word_1_58' title='bbox 408 930 484 997; x_wconf 70' lang='grc' dir='ltr'>τῷ</span> <span class='ocrx_word' id='word_1_59' title='bbox 513 930 736 1000; x_wconf 81' lang='grc' dir='ltr'>μεγάλῳ</span> <span class='ocrx_word' id='word_1_60' title='bbox 762 931 939 1001; x_wconf 79' lang='grc' dir='ltr'>Πατρὶ</span> <span class='ocrx_word' id='word_1_61' title='bbox 967 930 1234 1001; x_wconf 80' lang='grc' dir='ltr'>Βασιλείῳ</span> <span class='ocrx_word' id='word_1_62' title='bbox 1260 930 1592 1001; x_wconf 79' lang='grc' dir='ltr'>διείληπται,</span> <span class='ocrx_word' id='word_1_63' title='bbox 1618 931 1877 985; x_wconf 82' lang='grc' dir='ltr'>ἀνθιστά-</span> 
     </span>
    </p>
   </div>
   <div class='ocr_carea' id='block_1_11' title="bbox 304 1019 1877 1092">
    <p class='ocr_par' dir='ltr' id='par_1_11' title="bbox 304 1019 1877 1092">
     <span class='ocr_line' id='line_1_11' title="bbox 304 1019 1877 1092; baseline 0.003 -22"><span class='ocrx_word' id='word_1_64' title='bbox 304 1036 485 1090; x_wconf 85' lang='grc' dir='ltr'><strong>μενος,</strong></span> <span class='ocrx_word' id='word_1_65' title='bbox 532 1021 617 1081; x_wconf 84' lang='grc' dir='ltr'><strong>είς</strong></span> <span class='ocrx_word' id='word_1_66' title='bbox 669 1019 730 1073; x_wconf 84' lang='grc' dir='ltr'>τὺ</span> <span class='ocrx_word' id='word_1_67' title='bbox 777 1022 1022 1075; x_wconf 77' lang='grc' dir='ltr'>ἐναντίον</span> <span class='ocrx_word' id='word_1_68' title='bbox 1072 1023 1336 1092; x_wconf 82' lang='grc' dir='ltr'><strong>περιέστη</strong></span> <span class='ocrx_word' id='word_1_69' title='bbox 1388 1022 1581 1075; x_wconf 84' lang='grc' dir='ltr'>δεινόν.</span> <span class='ocrx_word' id='word_1_70' title='bbox 1620 1020 1877 1075; x_wconf 81' lang='grc' dir='ltr'><strong>Τοσαῦτα</strong></span> 
     </span>
    </p>
   </div>
   <div class='ocr_carea' id='block_1_12' title="bbox 302 1112 1541 1185">
    <p class='ocr_par' dir='ltr' id='par_1_12' title="bbox 302 1112 1541 1185">
     <span class='ocr_line' id='line_1_12' title="bbox 302 1112 1541 1185; baseline 0.002 -20"><span class='ocrx_word' id='word_1_71' title='bbox 302 1112 400 1165; x_wconf 74' lang='grc' dir='ltr'>καὶ</span> <span class='ocrx_word' id='word_1_72' title='bbox 437 1112 570 1183; x_wconf 74' lang='grc' dir='ltr'>περὶ</span> <span class='ocrx_word' id='word_1_73' title='bbox 599 1112 894 1167; x_wconf 80' lang='grc' dir='ltr'>Σαϐελλίου</span> <span class='ocrx_word' id='word_1_74' title='bbox 932 1115 1010 1176; x_wconf 85' lang='grc' dir='ltr'><strong>ὡς</strong></span> <span class='ocrx_word' id='word_1_75' title='bbox 1040 1116 1100 1168; x_wconf 77' lang='grc' dir='ltr'>ἐν</span> <span class='ocrx_word' id='word_1_76' title='bbox 1131 1114 1324 1185; x_wconf 77' lang='grc' dir='ltr'>βραχεῖ</span> <span class='ocrx_word' id='word_1_77' title='bbox 1355 1114 1541 1183; x_wconf 82' lang='grc' dir='ltr'><strong>φάναι.</strong></span> 
     </span>
    </p>
   </div>
   <div class='ocr_carea' id='block_1_13' title="bbox 871 1226 1315 1279">
    <p class='ocr_par' dir='ltr' id='par_1_13' title="bbox 871 1226 1315 1279">
     <span class='ocr_line' id='line_1_13' title="bbox 871 1226 1315 1279; baseline -0.002 0"><span class='ocrx_word' id='word_1_78' title='bbox 871 1226 1123 1279; x_wconf 78' lang='grc' dir='ltr'><strong>ΚΕΦΑΛ.</strong></span> <span class='ocrx_word' id='word_1_79' title='bbox 1185 1226 1315 1279; x_wconf 85' lang='grc' dir='ltr'><strong>ΚΖ¹.</strong></span> 
     </span>
    </p>
   </div>
   <div class='ocr_carea' id='block_1_14' title="bbox 303 1316 1877 1399">
    <p class='ocr_par' dir='ltr' id='par_1_14' title="bbox 303 1316 1877 1399">
     <span class='ocr_line' id='line_1_14' title="bbox 303 1316 1877 1399; baseline -0.003 -25"><span class='ocrx_word' id='word_1_80' title='bbox 303 1318 446 1388; x_wconf 78' lang='grc' dir='ltr'>Περὶ</span> <span class='ocrx_word' id='word_1_81' title='bbox 467 1316 894 1399; x_wconf 45' lang='grc' dir='ltr'>τῆς-αἱρέσεως</span> <span class='ocrx_word' id='word_1_82' title='bbox 916 1316 1292 1399; x_wconf 36' lang='grc' dir='ltr'>Παϋλουιτοᾷ</span> <span class='ocrx_word' id='word_1_83' title='bbox 1313 1317 1708 1399; x_wconf 45' lang='lat' dir='ltr'><strong>{aptaque-fate</strong></span> <span class='ocrx_word' id='word_1_84' title='bbox 1728 1332 1742 1348; x_wconf 90' lang='grc'><strong>·</strong></span> <span class='ocrx_word' id='word_1_85' title='bbox 1779 1317 1877 1369; x_wconf 76' lang='grc' dir='ltr'><strong>καί</strong></span> 
     </span>
    </p>
   </div>
   <div class='ocr_carea' id='block_1_15' title="bbox 470 1385 1719 1458">
    <p class='ocr_par' dir='ltr' id='par_1_15' title="bbox 470 1385 1719 1458">
     <span class='ocr_line' id='line_1_15' title="bbox 470 1385 1719 1458; baseline -0.003 -15"><span class='ocrx_word' id='word_1_86' title='bbox 470 1385 605 1458; x_wconf 73' lang='grc' dir='ltr'>περὶ</span> <span class='ocrx_word' id='word_1_87' title='bbox 635 1387 747 1457; x_wconf 83' lang='grc' dir='ltr'>τῆς</span> <span class='ocrx_word' id='word_1_88' title='bbox 777 1385 1016 1454; x_wconf 76' lang='grc' dir='ltr'>πρώτης</span> <span class='ocrx_word' id='word_1_89' title='bbox 1049 1387 1178 1441; x_wconf 82' lang='grc' dir='ltr'>κατ’</span> <span class='ocrx_word' id='word_1_90' title='bbox 1209 1385 1407 1441; x_wconf 56' lang='grc' dir='ltr'>αὐτὸν</span> <span class='ocrx_word' id='word_1_91' title='bbox 1427 1386 1719 1442; x_wconf 76' lang='grc' dir='ltr'><strong>συνόδου.</strong></span> 
     </span>
    </p>
   </div>
   <div class='ocr_carea' id='block_1_16' title="bbox 377 1496 1884 1568">
    <p class='ocr_par' dir='ltr' id='par_1_16' title="bbox 377 1496 1884 1568">
     <span class='ocr_line' id='line_1_16' title="bbox 377 1496 1884 1568; baseline -0.001 -19"><span class='ocrx_word' id='word_1_92' title='bbox 377 1498 696 1568; x_wconf 83' lang='grc' dir='ltr'>Τηνικαῦτα</span> <span class='ocrx_word' id='word_1_93' title='bbox 726 1499 784 1553; x_wconf 71' lang='grc' dir='ltr'>δὲ</span> <span class='ocrx_word' id='word_1_94' title='bbox 810 1499 908 1553; x_wconf 87' lang='grc' dir='ltr'><strong>τοῦ</strong></span> <span class='ocrx_word' id='word_1_95' title='bbox 933 1498 1057 1553; x_wconf 86' lang='grc' dir='ltr'>κατ’</span> <span class='ocrx_word' id='word_1_96' title='bbox 1090 1497 1422 1567; x_wconf 83' lang='grc' dir='ltr'><strong>Ἀντιόχειαν</strong></span> <span class='ocrx_word' id='word_1_97' title='bbox 1457 1496 1758 1550; x_wconf 79' lang='grc' dir='ltr'><strong>ἐπισκόπου</strong></span> <span class='ocrx_word' id='word_1_98' title='bbox 1782 1499 1884 1564; x_wconf 82' lang='grc' dir='ltr'><strong>Δη-</strong></span> 
     </span>
    </p>
   </div>
   <div class='ocr_carea' id='block_1_17' title="bbox 313 1589 1883 1662">
    <p class='ocr_par' dir='ltr' id='par_1_17' title="bbox 313 1589 1883 1662">
     <span class='ocr_line' id='line_1_17' title="bbox 313 1589 1883 1662; baseline 0 -21"><span class='ocrx_word' id='word_1_99' title='bbox 313 1590 616 1660; x_wconf 82' lang='grc' dir='ltr'>μητριανοῦ</span> <span class='ocrx_word' id='word_1_100' title='bbox 667 1591 728 1644; x_wconf 80' lang='grc' dir='ltr'><strong>τὸ</strong></span> <span class='ocrx_word' id='word_1_101' title='bbox 783 1590 937 1661; x_wconf 83' lang='grc' dir='ltr'>βιοῦν</span> <span class='ocrx_word' id='word_1_102' title='bbox 994 1592 1455 1662; x_wconf 78' lang='grc' dir='ltr'><strong>μεταλλάξαντος,</strong></span> <span class='ocrx_word' id='word_1_103' title='bbox 1490 1589 1703 1653; x_wconf 82' lang='grc' dir='ltr'><strong>Παῦλος</strong></span> <span class='ocrx_word' id='word_1_104' title='bbox 1747 1592 1775 1643; x_wconf 99' lang='lat'><strong>6</strong></span> <span class='ocrx_word' id='word_1_105' title='bbox 1819 1589 1883 1641; x_wconf 82' lang='grc' dir='ltr'>ὲκ</span> 
     </span>
    </p>
   </div>
   <div class='ocr_carea' id='block_1_18' title="bbox 278 1683 1885 1755">
    <p class='ocr_par' dir='ltr' id='par_1_18' title="bbox 278 1683 1885 1755">
     <span class='ocr_line' id='line_1_18' title="bbox 278 1683 1885 1755; baseline 0.001 -21"><span class='ocrx_word' id='word_1_106' title='bbox 278 1725 283 1729; x_wconf 94' lang='grc'><em>.</em></span> <span class='ocrx_word' id='word_1_107' title='bbox 311 1683 647 1751; x_wconf 80' lang='grc' dir='ltr'>Σαμοσάτων</span> <span class='ocrx_word' id='word_1_108' title='bbox 669 1684 748 1755; x_wconf 83' lang='grc' dir='ltr'><strong>τῷ</strong></span> <span class='ocrx_word' id='word_1_109' title='bbox 769 1684 947 1755; x_wconf 82' lang='grc' dir='ltr'>θρόνῳ</span> <span class='ocrx_word' id='word_1_110' title='bbox 972 1684 1458 1739; x_wconf 82' lang='grc' dir='ltr'>ἁντικαθίσταται.</span> <span class='ocrx_word' id='word_1_111' title='bbox 1482 1684 1753 1753; x_wconf 81' lang='grc' dir='ltr'>Ζηνοσίας</span> <span class='ocrx_word' id='word_1_112' title='bbox 1775 1683 1885 1754; x_wconf 82' lang='grc' dir='ltr'><strong>γὰρ</strong></span> 
     </span>
    </p>
   </div>
   <div class='ocr_carea' id='block_1_19' title="bbox 314 1776 1886 1848">
    <p class='ocr_par' dir='ltr' id='par_1_19' title="bbox 314 1776 1886 1848">
     <span class='ocr_line' id='line_1_19' title="bbox 314 1776 1886 1848; baseline 0.003 -24"><span class='ocrx_word' id='word_1_113' title='bbox 314 1776 434 1825; x_wconf 82' lang='grc' dir='ltr'>κατ’</span> <span class='ocrx_word' id='word_1_114' title='bbox 462 1776 674 1828; x_wconf 74' lang='grc' dir='ltr'>ἐκεῖνον</span> <span class='ocrx_word' id='word_1_115' title='bbox 704 1777 797 1828; x_wconf 84' lang='grc' dir='ltr'>τὸν</span> <span class='ocrx_word' id='word_1_116' title='bbox 836 1777 1030 1847; x_wconf 85' lang='grc' dir='ltr'>καιρὸν</span> <span class='ocrx_word' id='word_1_117' title='bbox 1076 1776 1485 1848; x_wconf 66' lang='grc' dir='ltr'>τοπαρχούσηςθ</span> <span class='ocrx_word' id='word_1_118' title='bbox 1529 1777 1747 1846; x_wconf 82' lang='grc' dir='ltr'>Πέρσαι</span> <span class='ocrx_word' id='word_1_119' title='bbox 1777 1776 1886 1846; x_wconf 85' lang='grc' dir='ltr'><strong>γὰρ</strong></span> 
     </span>
    </p>
   </div>
   <div class='ocr_carea' id='block_1_20' title="bbox 1971 746 3545 820">
    <p class='ocr_par' dir='ltr' id='par_1_20' title="bbox 1971 746 3545 820">
     <span class='ocr_line' id='line_1_20' title="bbox 1971 746 3545 820; baseline -0.002 -20"><span class='ocrx_word' id='word_1_120' title='bbox 1971 748 2392 805; x_wconf 76' lang='lat' dir='ltr'><strong>los&#39;advenisse.</strong></span> <span class='ocrx_word' id='word_1_121' title='bbox 2436 750 2573 803; x_wconf 85' lang='lat' dir='ltr'><strong>lluic</strong></span> <span class='ocrx_word' id='word_1_122' title='bbox 2607 750 2920 820; x_wconf 82' lang='lat' dir='ltr'><strong>Dionysius,</strong></span> <span class='ocrx_word' id='word_1_123' title='bbox 2963 748 3123 803; x_wconf 89' lang='lat' dir='ltr'><strong>sicuti</strong></span> <span class='ocrx_word' id='word_1_124' title='bbox 3159 762 3189 801; x_wconf 90' lang='lat' dir='ltr'><strong>a</strong></span> <span class='ocrx_word' id='word_1_125' title='bbox 3223 762 3420 817; x_wconf 83' lang='lat' dir='ltr'><strong>magno</strong></span> <span class='ocrx_word' id='word_1_126' title='bbox 3453 746 3545 799; x_wconf 90' lang='lat' dir='ltr'><strong>illo</strong></span> 
     </span>
    </p>
   </div>
   <div class='ocr_carea' id='block_1_21' title="bbox 1972 837 3548 907">
    <p class='ocr_par' dir='ltr' id='par_1_21' title="bbox 1972 837 3548 907">
     <span class='ocr_line' id='line_1_21' title="bbox 1972 837 3548 907; baseline -0.003 -13"><span class='ocrx_word' id='word_1_127' title='bbox 1972 839 2133 896; x_wconf 87' lang='lat' dir='ltr'><strong>Patre</strong></span> <span class='ocrx_word' id='word_1_128' title='bbox 2160 840 2366 895; x_wconf 86' lang='lat' dir='ltr'><strong>Basilio</strong></span> <span class='ocrx_word' id='word_1_129' title='bbox 2400 842 2608 895; x_wconf 87' lang='lat' dir='ltr'><strong>dictum</strong></span> <span class='ocrx_word' id='word_1_130' title='bbox 2641 850 2745 907; x_wconf 85' lang='lat' dir='ltr'><strong>est,</strong></span> <span class='ocrx_word' id='word_1_131' title='bbox 2782 841 3067 905; x_wconf 81' lang='lat' dir='ltr'><strong>resistens,</strong></span> <span class='ocrx_word' id='word_1_132' title='bbox 3120 841 3176 893; x_wconf 92' lang='lat' dir='ltr'><strong>in</strong></span> <span class='ocrx_word' id='word_1_133' title='bbox 3207 837 3548 893; x_wconf 86' lang='lat' dir='ltr'><strong>contrarium</strong></span> 
     </span>
    </p>
   </div>
   <div class='ocr_carea' id='block_1_22' title="bbox 1972 929 3374 1002">
    <p class='ocr_par' dir='ltr' id='par_1_22' title="bbox 1972 929 3374 1002">
     <span class='ocr_line' id='line_1_22' title="bbox 1972 929 3374 1002; baseline -0.003 -15"><span class='ocrx_word' id='word_1_134' title='bbox 1972 931 2228 1002; x_wconf 87' lang='lat' dir='ltr'><strong>delapsus</strong></span> <span class='ocrx_word' id='word_1_135' title='bbox 2254 942 2339 987; x_wconf 90' lang='lat' dir='ltr'><strong>est</strong></span> <span class='ocrx_word' id='word_1_136' title='bbox 2374 933 2601 986; x_wconf 87' lang='lat' dir='ltr'><strong>malum.</strong></span> <span class='ocrx_word' id='word_1_137' title='bbox 2632 932 2757 986; x_wconf 64' lang='lat' dir='ltr'><strong>Haec</strong></span> <span class='ocrx_word' id='word_1_138' title='bbox 2792 932 2861 987; x_wconf 89' lang='lat' dir='ltr'><strong>de</strong></span> <span class='ocrx_word' id='word_1_139' title='bbox 2892 930 3129 987; x_wconf 86' lang='lat' dir='ltr'><strong>Sabellio</strong></span> <span class='ocrx_word' id='word_1_140' title='bbox 3162 929 3374 1001; x_wconf 86' lang='lat' dir='ltr'><strong>paucis.</strong></span> 
     </span>
    </p>
   </div>
   <div class='ocr_carea' id='block_1_23' title="bbox 2523 1220 2994 1279">
    <p class='ocr_par' dir='ltr' id='par_1_23' title="bbox 2523 1220 2994 1279">
     <span class='ocr_line' id='line_1_23' title="bbox 2523 1220 2994 1279; baseline -0.004 -3"><span class='ocrx_word' id='word_1_141' title='bbox 2523 1221 2749 1279; x_wconf 81' lang='lat' dir='ltr'><strong>CAPUT</strong></span> <span class='ocrx_word' id='word_1_142' title='bbox 2778 1220 2994 1277; x_wconf 80' lang='lat' dir='ltr'><strong>XXVII.</strong></span> 
     </span>
    </p>
   </div>
   <div class='ocr_carea' id='block_1_24' title="bbox 1964 1312 3558 1381">
    <p class='ocr_par' dir='ltr' id='par_1_24' title="bbox 1964 1312 3558 1381">
     <span class='ocr_line' id='line_1_24' title="bbox 1964 1312 3558 1381; baseline -0.008 -5"><span class='ocrx_word' id='word_1_143' title='bbox 1964 1321 2058 1376; x_wconf 65' lang='lat' dir='ltr'><strong>\De</strong></span> <span class='ocrx_word' id='word_1_144' title='bbox 2108 1318 2295 1375; x_wconf 68' lang='lat' dir='ltr'><strong>haeresi</strong></span> <span class='ocrx_word' id='word_1_145' title='bbox 2339 1316 2500 1373; x_wconf 82' lang='lat' dir='ltr'><strong><em>Pauli</em></strong></span> <span class='ocrx_word' id='word_1_146' title='bbox 2535 1316 2917 1371; x_wconf 82' lang='lat' dir='ltr'><strong>Samosateni:</strong></span> <span class='ocrx_word' id='word_1_147' title='bbox 2968 1320 3015 1368; x_wconf 84' lang='lat' dir='ltr'><strong>et</strong></span> <span class='ocrx_word' id='word_1_148' title='bbox 3062 1312 3125 1366; x_wconf 81' lang='lat' dir='ltr'><strong>de</strong></span> <span class='ocrx_word' id='word_1_149' title='bbox 3148 1312 3330 1381; x_wconf 76' lang='lat' dir='ltr'><strong>prima</strong></span> <span class='ocrx_word' id='word_1_150' title='bbox 3371 1317 3558 1364; x_wconf 83' lang='lat' dir='ltr'><strong>contra</strong></span> 
     </span>
    </p>
   </div>
   <div class='ocr_carea' id='block_1_25' title="bbox 2477 1385 3061 1455">
    <p class='ocr_par' dir='ltr' id='par_1_25' title="bbox 2477 1385 3061 1455">
     <span class='ocr_line' id='line_1_25' title="bbox 2477 1385 3061 1455; baseline -0.012 -14"><span class='ocrx_word' id='word_1_151' title='bbox 2477 1404 2596 1441; x_wconf 77' lang='lat' dir='ltr'><strong>eam</strong></span> <span class='ocrx_word' id='word_1_152' title='bbox 2628 1394 2810 1440; x_wconf 83' lang='lat' dir='ltr'><strong>coacta</strong></span> <span class='ocrx_word' id='word_1_153' title='bbox 2840 1385 3061 1455; x_wconf 80' lang='lat' dir='ltr'><strong>synodo.</strong></span> 
     </span>
    </p>
   </div>
   <div class='ocr_carea' id='block_1_26' title="bbox 2052 1494 3561 1571">
    <p class='ocr_par' dir='ltr' id='par_1_26' title="bbox 2052 1494 3561 1571">
     <span class='ocr_line' id='line_1_26' title="bbox 2052 1494 3561 1571; baseline -0.009 -12"><span class='ocrx_word' id='word_1_154' title='bbox 2052 1503 2131 1559; x_wconf 89' lang='lat' dir='ltr'><strong>Eo</strong></span> <span class='ocrx_word' id='word_1_155' title='bbox 2171 1514 2439 1571; x_wconf 90' lang='lat' dir='ltr'><strong>tempore,</strong></span> <span class='ocrx_word' id='word_1_156' title='bbox 2471 1500 2825 1554; x_wconf 81' lang='lat' dir='ltr'><strong>Demetriano</strong></span> <span class='ocrx_word' id='word_1_157' title='bbox 2846 1498 3107 1568; x_wconf 88' lang='lat' dir='ltr'><strong>episcopo</strong></span> <span class='ocrx_word' id='word_1_158' title='bbox 3130 1494 3436 1549; x_wconf 73' lang='lat' dir='ltr'><strong>Antiochia:</strong></span> <span class='ocrx_word' id='word_1_159' title='bbox 3462 1494 3561 1547; x_wconf 88' lang='lat' dir='ltr'><strong>de-</strong></span> 
     </span>
    </p>
   </div>
   <div class='ocr_carea' id='block_1_27' title="bbox 1983 1585 3562 1658">
    <p class='ocr_par' dir='ltr' id='par_1_27' title="bbox 1983 1585 3562 1658">
     <span class='ocr_line' id='line_1_27' title="bbox 1983 1585 3562 1658; baseline -0.01 -6"><span class='ocrx_word' id='word_1_160' title='bbox 1983 1597 2192 1658; x_wconf 81' lang='lat' dir='ltr'><strong>functo,</strong></span> <span class='ocrx_word' id='word_1_161' title='bbox 2230 1594 2431 1648; x_wconf 84' lang='lat' dir='ltr'><strong>Paulus</strong></span> <span class='ocrx_word' id='word_1_162' title='bbox 2460 1592 2854 1646; x_wconf 85' lang='lat' dir='ltr'><strong>Samosatenus</strong></span> <span class='ocrx_word' id='word_1_163' title='bbox 2886 1591 3146 1645; x_wconf 82' lang='lat' dir='ltr'><strong>thronum</strong></span> <span class='ocrx_word' id='word_1_164' title='bbox 3178 1589 3297 1658; x_wconf 87' lang='lat' dir='ltr'><strong>ejus</strong></span> <span class='ocrx_word' id='word_1_165' title='bbox 3329 1585 3562 1654; x_wconf 87' lang='lat' dir='ltr'><strong>accepit.</strong></span> 
     </span>
    </p>
   </div>
   <div class='ocr_carea' id='block_1_28' title="bbox 1985 1674 3669 1754">
    <p class='ocr_par' dir='ltr' id='par_1_28' title="bbox 1985 1674 3669 1754">
     <span class='ocr_line' id='line_1_28' title="bbox 1985 1674 3669 1754; baseline -0.009 -10"><span class='ocrx_word' id='word_1_166' title='bbox 1985 1705 2110 1745; x_wconf 91' lang='lat' dir='ltr'><strong>cum</strong></span> <span class='ocrx_word' id='word_1_167' title='bbox 2141 1686 2381 1741; x_wconf 86' lang='lat' dir='ltr'><strong>Zenobia</strong></span> <span class='ocrx_word' id='word_1_168' title='bbox 2412 1685 2530 1754; x_wconf 88' lang='lat' dir='ltr'><strong>ejus</strong></span> <span class='ocrx_word' id='word_1_169' title='bbox 2554 1684 2659 1738; x_wconf 92' lang='lat' dir='ltr'><strong>loci</strong></span> <span class='ocrx_word' id='word_1_170' title='bbox 2695 1697 2922 1752; x_wconf 84' lang='lat' dir='ltr'><strong>regnum</strong></span> <span class='ocrx_word' id='word_1_171' title='bbox 2952 1681 3231 1734; x_wconf 73' lang='lat' dir='ltr'><strong>obtineret</strong></span> <span class='ocrx_word' id='word_1_172' title='bbox 3259 1678 3358 1746; x_wconf 73' lang='lat' dir='ltr'><strong>(lt.</strong></span> <span class='ocrx_word' id='word_1_173' title='bbox 3388 1678 3566 1730; x_wconf 75' lang='lat' dir='ltr'><strong>Persae</strong></span> <span class='ocrx_word' id='word_1_174' title='bbox 3666 1674 3669 1687; x_wconf 69' lang='lat'><em>‘</em></span> 
     </span>
    </p>
   </div>
   <div class='ocr_carea' id='block_1_29' title="bbox 1986 1768 3570 1845">
    <p class='ocr_par' dir='ltr' id='par_1_29' title="bbox 1986 1768 3570 1845">
     <span class='ocr_line' id='line_1_29' title="bbox 1986 1768 3570 1845; baseline -0.011 -8"><span class='ocrx_word' id='word_1_175' title='bbox 1986 1784 2157 1845; x_wconf 90' lang='lat' dir='ltr'><strong>enim,</strong></span> <span class='ocrx_word' id='word_1_176' title='bbox 2182 1777 2442 1833; x_wconf 85' lang='lat' dir='ltr'><strong>Romanis</strong></span> <span class='ocrx_word' id='word_1_177' title='bbox 2474 1775 2651 1837; x_wconf 86' lang='lat' dir='ltr'><strong>victis,</strong></span> <span class='ocrx_word' id='word_1_178' title='bbox 2683 1771 3216 1828; x_wconf 77' lang='lat' dir='ltr'><strong>administrationem</strong></span> <span class='ocrx_word' id='word_1_179' title='bbox 3250 1769 3297 1824; x_wconf 90' lang='lat' dir='ltr'><strong>ei</strong></span> <span class='ocrx_word' id='word_1_180' title='bbox 3323 1768 3492 1839; x_wconf 68' lang='lat' dir='ltr'><strong>Syria:</strong></span> <span class='ocrx_word' id='word_1_181' title='bbox 3512 1776 3570 1820; x_wconf 86' lang='lat' dir='ltr'><strong>et</strong></span> 
     </span>
    </p>
   </div>
   <div class='ocr_carea' id='block_1_30' title="bbox 325 1861 1914 1967">
    <p class='ocr_par' dir='ltr' id='par_1_30' title="bbox 325 1866 1887 1967">
     <span class='ocr_line' id='line_1_30' title="bbox 325 1866 1887 1967; baseline 0 -47"><span class='ocrx_word' id='word_1_182' title='bbox 325 1866 638 1967; x_wconf 60' lang='lat' dir='ltr'><strong>:Pwpaiou;</strong></span> <span class='ocrx_word' id='word_1_183' title='bbox 666 1870 1035 1940; x_wconf 83' lang='grc' dir='ltr'>νενικηκότες,</span> <span class='ocrx_word' id='word_1_184' title='bbox 1080 1872 1267 1943; x_wconf 69' lang='grc' dir='ltr'>ἐκείνῃ</span> <span class='ocrx_word' id='word_1_185' title='bbox 1291 1872 1392 1940; x_wconf 81' lang='grc' dir='ltr'>τὴν</span> <span class='ocrx_word' id='word_1_186' title='bbox 1421 1872 1521 1940; x_wconf 79' lang='grc' dir='ltr'>τῆς</span> <span class='ocrx_word' id='word_1_187' title='bbox 1552 1868 1755 1939; x_wconf 78' lang='grc' dir='ltr'>Συρίας</span> <span class='ocrx_word' id='word_1_188' title='bbox 1792 1869 1887 1921; x_wconf 73' lang='grc' dir='ltr'>καὶ</span> 
     </span>
    </p>
   </div>
   <div class='ocr_carea' id='block_1_31' title="bbox 2015 1861 3569 1967">
    <p class='ocr_par' dir='ltr' id='par_1_31' title="bbox 2015 1861 3569 1931">
     <span class='ocr_line' id='line_1_31' title="bbox 2015 1861 3569 1931; baseline -0.01 -3"><span class='ocrx_word' id='word_1_189' title='bbox 2015 1871 2287 1928; x_wconf 70' lang='grc' dir='ltr'>’ὴωηίοἰαι</span> <span class='ocrx_word' id='word_1_190' title='bbox 2324 1867 2689 1922; x_wconf 84' lang='lat' dir='ltr'><strong>tradiderant.</strong></span> <span class='ocrx_word' id='word_1_191' title='bbox 2734 1863 2940 1917; x_wconf 80' lang='lat' dir='ltr'><strong>Paulus</strong></span> <span class='ocrx_word' id='word_1_192' title='bbox 2978 1876 3141 1931; x_wconf 90' lang='lat' dir='ltr'><strong>porro</strong></span> <span class='ocrx_word' id='word_1_193' title='bbox 3195 1861 3320 1925; x_wconf 88' lang='lat' dir='ltr'><strong>iste,</strong></span> <span class='ocrx_word' id='word_1_194' title='bbox 3376 1873 3569 1914; x_wconf 87' lang='lat' dir='ltr'><strong>curare</strong></span> 
     </span>
    </p>
   </div>
   <div class='ocr_carea' id='block_1_32' title="bbox 314 1956 1887 2033">
    <p class='ocr_par' dir='ltr' id='par_1_32' title="bbox 314 1956 1887 2033">
     <span class='ocr_line' id='line_1_32' title="bbox 314 1956 1887 2033; baseline 0.001 -21"><span class='ocrx_word' id='word_1_195' title='bbox 314 1960 571 2031; x_wconf 68' lang='grc' dir='ltr'>Φοινίκης</span> <span class='ocrx_word' id='word_1_196' title='bbox 624 1963 925 2033; x_wconf 81' lang='grc' dir='ltr'>ἠγεμονίαν</span> <span class='ocrx_word' id='word_1_197' title='bbox 981 1964 1311 2033; x_wconf 72' lang='grc' dir='ltr'>παρέδοσανο</span> <span class='ocrx_word' id='word_1_198' title='bbox 1354 1962 1568 2025; x_wconf 79' lang='grc' dir='ltr'>Παῦλος</span> <span class='ocrx_word' id='word_1_199' title='bbox 1615 1956 1769 2025; x_wconf 74' lang='grc' dir='ltr'>οὗτος</span> <span class='ocrx_word' id='word_1_200' title='bbox 1818 1959 1887 2013; x_wconf 72' lang='grc' dir='ltr'>τὰ</span> 
     </span>
    </p>
   </div>
   <div class='ocr_carea' id='block_1_33' title="bbox 318 2053 1889 2131">
    <p class='ocr_par' dir='ltr' id='par_1_33' title="bbox 318 2053 1889 2131">
     <span class='ocr_line' id='line_1_33' title="bbox 318 2053 1889 2131; baseline -0.001 -25"><span class='ocrx_word' id='word_1_201' title='bbox 318 2054 457 2125; x_wconf 80' lang='grc' dir='ltr'>πρὸς</span> <span class='ocrx_word' id='word_1_202' title='bbox 501 2055 804 2126; x_wconf 80' lang='grc' dir='ltr'>θεραπείαν</span> <span class='ocrx_word' id='word_1_203' title='bbox 837 2058 1021 2131; x_wconf 73' lang='grc' dir='ltr'>ἐκείνῃ</span> <span class='ocrx_word' id='word_1_204' title='bbox 1069 2058 1239 2111; x_wconf 86' lang='grc' dir='ltr'>θέλων</span> <span class='ocrx_word' id='word_1_205' title='bbox 1285 2059 1464 2110; x_wconf 84' lang='grc' dir='ltr'>ποιεῖν</span> <span class='ocrx_word' id='word_1_206' title='bbox 1515 2057 1585 2109; x_wconf 77' lang='grc' dir='ltr'>τὰ</span> <span class='ocrx_word' id='word_1_207' title='bbox 1617 2053 1889 2108; x_wconf 75' lang='grc' dir='ltr'>Ἰουδαίων</span> 
     </span>
    </p>
   </div>
   <div class='ocr_carea' id='block_1_34' title="bbox 320 2147 1887 2221">
    <p class='ocr_par' dir='ltr' id='par_1_34' title="bbox 320 2147 1887 2221">
     <span class='ocr_line' id='line_1_34' title="bbox 320 2147 1887 2221; baseline 0.006 -22"><span class='ocrx_word' id='word_1_208' title='bbox 320 2147 645 2216; x_wconf 69' lang='grc' dir='ltr'>φροντιῦσαν,</span> <span class='ocrx_word' id='word_1_209' title='bbox 678 2151 773 2202; x_wconf 74' lang='grc' dir='ltr'><strong>καὶ</strong></span> <span class='ocrx_word' id='word_1_210' title='bbox 789 2150 1119 2221; x_wconf 80' lang='grc' dir='ltr'>θεραπεύειν</span> <span class='ocrx_word' id='word_1_211' title='bbox 1142 2150 1218 2213; x_wconf 82' lang='grc' dir='ltr'><strong>ὡς</strong></span> <span class='ocrx_word' id='word_1_212' title='bbox 1247 2151 1497 2202; x_wconf 84' lang='grc' dir='ltr'>πλεῖστον</span> <span class='ocrx_word' id='word_1_213' title='bbox 1518 2147 1887 2217; x_wconf 67' lang='grc' dir='ltr'>πειρώμενος,</span> 
     </span>
    </p>
   </div>
   <div class='ocr_carea' id='block_1_35' title="bbox 321 2234 1891 2309">
    <p class='ocr_par' dir='ltr' id='par_1_35' title="bbox 321 2234 1891 2309">
     <span class='ocr_line' id='line_1_35' title="bbox 321 2234 1891 2309; baseline -0.011 -7"><span class='ocrx_word' id='word_1_214' title='bbox 321 2239 401 2301; x_wconf 67' lang='grc' dir='ltr'><strong>εἰς</strong></span> <span class='ocrx_word' id='word_1_215' title='bbox 433 2237 534 2307; x_wconf 78' lang='grc' dir='ltr'>τὴν</span> <span class='ocrx_word' id='word_1_216' title='bbox 564 2237 914 2309; x_wconf 79' lang='grc' dir='ltr'>Ἀρτέμωνος</span> <span class='ocrx_word' id='word_1_217' title='bbox 939 2240 1231 2303; x_wconf 76' lang='grc' dir='ltr'>ἐξώκειλεν</span> <span class='ocrx_word' id='word_1_218' title='bbox 1256 2238 1491 2308; x_wconf 85' lang='grc' dir='ltr'>αἵρεσιν.</span> <span class='ocrx_word' id='word_1_219' title='bbox 1522 2237 1632 2289; x_wconf 76' lang='grc' dir='ltr'><strong>Καὶ</strong></span> <span class='ocrx_word' id='word_1_220' title='bbox 1658 2234 1769 2305; x_wconf 82' lang='grc' dir='ltr'>γὰρ</span> <span class='ocrx_word' id='word_1_221' title='bbox 1796 2251 1891 2286; x_wconf 84' lang='grc' dir='ltr'>τα-</span> 
     </span>
    </p>
   </div>
   <div class='ocr_carea' id='block_1_36' title="bbox 322 2326 1889 2402">
    <p class='ocr_par' dir='ltr' id='par_1_36' title="bbox 322 2326 1889 2402">
     <span class='ocr_line' id='line_1_36' title="bbox 322 2326 1889 2402; baseline -0.005 -19"><span class='ocrx_word' id='word_1_222' title='bbox 322 2331 482 2386; x_wconf 82' lang='grc' dir='ltr'>πεινά</span> <span class='ocrx_word' id='word_1_223' title='bbox 505 2348 629 2384; x_wconf 89' lang='grc' dir='ltr'>τινα</span> <span class='ocrx_word' id='word_1_224' title='bbox 658 2333 754 2384; x_wconf 77' lang='grc' dir='ltr'><strong>καὶ</strong></span> <span class='ocrx_word' id='word_1_225' title='bbox 780 2333 1047 2402; x_wconf 85' lang='grc' dir='ltr'>χαμερπῆ</span> <span class='ocrx_word' id='word_1_226' title='bbox 1071 2332 1202 2400; x_wconf 77' lang='grc' dir='ltr'>περὶ</span> <span class='ocrx_word' id='word_1_227' title='bbox 1233 2329 1474 2401; x_wconf 81' lang='grc' dir='ltr'>Χριστοῦ</span> <span class='ocrx_word' id='word_1_228' title='bbox 1506 2326 1889 2397; x_wconf 78' lang='grc' dir='ltr'>ὲδογμὰτιζενο</span> 
     </span>
    </p>
   </div>
   <div class='ocr_carea' id='block_1_37' title="bbox 320 2416 1895 2493">
    <p class='ocr_par' dir='ltr' id='par_1_37' title="bbox 320 2416 1895 2493">
     <span class='ocr_line' id='line_1_37' title="bbox 320 2416 1895 2493; baseline -0.006 -19"><span class='ocrx_word' id='word_1_229' title='bbox 320 2420 396 2484; x_wconf 80' lang='grc' dir='ltr'>ὡς</span> <span class='ocrx_word' id='word_1_230' title='bbox 426 2422 606 2486; x_wconf 84' lang='grc' dir='ltr'>κοινὸς</span> <span class='ocrx_word' id='word_1_231' title='bbox 638 2421 931 2491; x_wconf 73' lang='grc' dir='ltr'>ἄνθρωπος</span> <span class='ocrx_word' id='word_1_232' title='bbox 964 2419 1031 2493; x_wconf 77' lang='grc' dir='ltr'>ἦν</span> <span class='ocrx_word' id='word_1_233' title='bbox 1079 2423 1180 2491; x_wconf 82' lang='grc' dir='ltr'>τὴν</span> <span class='ocrx_word' id='word_1_234' title='bbox 1212 2422 1398 2489; x_wconf 88' lang='grc' dir='ltr'>φύσιν,</span> <span class='ocrx_word' id='word_1_235' title='bbox 1439 2419 1604 2488; x_wconf 82' lang='grc' dir='ltr'>μηδέν</span> <span class='ocrx_word' id='word_1_236' title='bbox 1633 2435 1686 2470; x_wconf 86' lang='grc' dir='ltr'><strong>τι</strong></span> <span class='ocrx_word' id='word_1_237' title='bbox 1725 2416 1895 2467; x_wconf 81' lang='grc' dir='ltr'>πλέον</span> 
     </span>
    </p>
   </div>
   <div class='ocr_carea' id='block_1_38' title="bbox 321 2506 1892 2587">
    <p class='ocr_par' dir='ltr' id='par_1_38' title="bbox 321 2506 1892 2587">
     <span class='ocr_line' id='line_1_38' title="bbox 321 2506 1892 2587; baseline -0.008 -18"><span class='ocrx_word' id='word_1_238' title='bbox 321 2533 492 2587; x_wconf 85' lang='grc' dir='ltr'>κεκτη</span> <span class='ocrx_word' id='word_1_239' title='bbox 503 2518 662 2585; x_wconf 82' lang='grc' dir='ltr'>μένος</span> <span class='ocrx_word' id='word_1_240' title='bbox 679 2516 856 2585; x_wconf 73' lang='grc' dir='ltr'>ἡμῶν*</span> <span class='ocrx_word' id='word_1_241' title='bbox 874 2515 1100 2584; x_wconf 74' lang='grc' dir='ltr'>ἄμοιρος</span> <span class='ocrx_word' id='word_1_242' title='bbox 1118 2514 1176 2568; x_wconf 81' lang='grc' dir='ltr'>δὲ</span> <span class='ocrx_word' id='word_1_243' title='bbox 1193 2513 1344 2574; x_wconf 87' lang='grc' dir='ltr'>θείας</span> <span class='ocrx_word' id='word_1_244' title='bbox 1362 2512 1579 2572; x_wconf 83' lang='grc' dir='ltr'>οὐσίας.</span> <span class='ocrx_word' id='word_1_245' title='bbox 1611 2506 1892 2574; x_wconf 80' lang='grc' dir='ltr'>ἐνοικῆσαι</span> 
     </span>
    </p>
   </div>
   <div class='ocr_carea' id='block_1_39' title="bbox 323 2598 1895 2677">
    <p class='ocr_par' dir='ltr' id='par_1_39' title="bbox 323 2598 1895 2677">
     <span class='ocr_line' id='line_1_39' title="bbox 323 2598 1895 2677; baseline -0.007 -19"><span class='ocrx_word' id='word_1_246' title='bbox 323 2604 368 2658; x_wconf 81' lang='grc' dir='ltr'>δ’</span> <span class='ocrx_word' id='word_1_247' title='bbox 397 2607 455 2658; x_wconf 79' lang='grc' dir='ltr'><strong>ἐν</strong></span> <span class='ocrx_word' id='word_1_248' title='bbox 482 2606 634 2674; x_wconf 83' lang='grc' dir='ltr'>αὐτῷ</span> <span class='ocrx_word' id='word_1_249' title='bbox 666 2604 745 2667; x_wconf 84' lang='grc' dir='ltr'>ὡς</span> <span class='ocrx_word' id='word_1_250' title='bbox 771 2607 830 2658; x_wconf 80' lang='grc' dir='ltr'>ὲν</span> <span class='ocrx_word' id='word_1_251' title='bbox 858 2607 1114 2677; x_wconf 72' lang='grc' dir='ltr'>προφήτῃ</span> <span class='ocrx_word' id='word_1_252' title='bbox 1138 2605 1230 2657; x_wconf 81' lang='grc' dir='ltr'><strong>τὸν</strong></span> <span class='ocrx_word' id='word_1_253' title='bbox 1252 2601 1388 2656; x_wconf 85' lang='grc' dir='ltr'>Θεοῦ</span> <span class='ocrx_word' id='word_1_254' title='bbox 1413 2601 1562 2665; x_wconf 77' lang='grc' dir='ltr'>Υἱὸν,</span> <span class='ocrx_word' id='word_1_255' title='bbox 1609 2600 1704 2653; x_wconf 55' lang='grc' dir='ltr'><strong>καὶ¹</strong></span> <span class='ocrx_word' id='word_1_256' title='bbox 1730 2598 1895 2650; x_wconf 85' lang='grc' dir='ltr'>πάλιν</span> 
     </span>
    </p>
   </div>
   <div class='ocr_carea' id='block_1_40' title="bbox 325 2687 1898 2767">
    <p class='ocr_par' dir='ltr' id='par_1_40' title="bbox 325 2687 1898 2767">
     <span class='ocr_line' id='line_1_40' title="bbox 325 2687 1898 2767; baseline -0.002 -18"><span class='ocrx_word' id='word_1_257' title='bbox 325 2697 693 2767; x_wconf 80' lang='grc' dir='ltr'><strong>ἀπηλλάχθαι·</strong></span> <span class='ocrx_word' id='word_1_258' title='bbox 718 2700 812 2750; x_wconf 79' lang='grc' dir='ltr'><strong>καὶ</strong></span> <span class='ocrx_word' id='word_1_259' title='bbox 834 2697 1061 2751; x_wconf 86' lang='grc' dir='ltr'>τοιαύτά</span> <span class='ocrx_word' id='word_1_260' title='bbox 1087 2693 1592 2765; x_wconf 84' lang='grc' dir='ltr'>τιναπαραπλήσια</span> <span class='ocrx_word' id='word_1_261' title='bbox 1619 2689 1772 2759; x_wconf 84' lang='grc' dir='ltr'><strong>παρὰ</strong></span> <span class='ocrx_word' id='word_1_262' title='bbox 1799 2687 1898 2757; x_wconf 78' lang='grc' dir='ltr'>τὴν</span> 
     </span>
    </p>
   </div>
   <div class='ocr_carea' id='block_1_41' title="bbox 327 2779 1897 2860">
    <p class='ocr_par' dir='ltr' id='par_1_41' title="bbox 327 2779 1897 2860">
     <span class='ocr_line' id='line_1_41' title="bbox 327 2779 1897 2860; baseline -0.006 -22"><span class='ocrx_word' id='word_1_263' title='bbox 327 2788 793 2860; x_wconf 77' lang='grc' dir='ltr'>ἑκκλησιαστικὴν</span> <span class='ocrx_word' id='word_1_264' title='bbox 832 2787 1149 2858; x_wconf 80' lang='grc' dir='ltr'>ἐνομοθέτει</span> <span class='ocrx_word' id='word_1_265' title='bbox 1180 2784 1552 2839; x_wconf 87' lang='grc' dir='ltr'>διδασκαλίαν.</span> <span class='ocrx_word' id='word_1_266' title='bbox 1585 2779 1757 2834; x_wconf 86' lang='grc' dir='ltr'>Τοῦτο</span> <span class='ocrx_word' id='word_1_267' title='bbox 1791 2794 1897 2848; x_wconf 81' lang='grc' dir='ltr'>μα·-</span> 
     </span>
    </p>
   </div>
   <div class='ocr_carea' id='block_1_42' title="bbox 330 2869 1902 2948">
    <p class='ocr_par' dir='ltr' id='par_1_42' title="bbox 330 2869 1902 2948">
     <span class='ocr_line' id='line_1_42' title="bbox 330 2869 1902 2948; baseline -0.008 -16"><span class='ocrx_word' id='word_1_268' title='bbox 330 2879 516 2943; x_wconf 84' lang='grc' dir='ltr'>θόντες</span> <span class='ocrx_word' id='word_1_269' title='bbox 533 2881 581 2932; x_wconf 82' lang='grc' dir='ltr'>οἱ</span> <span class='ocrx_word' id='word_1_270' title='bbox 595 2879 853 2948; x_wconf 81' lang='grc' dir='ltr'>τηνικάδε</span> <span class='ocrx_word' id='word_1_271' title='bbox 873 2878 979 2932; x_wconf 78' lang='grc' dir='ltr'><strong>τῶν</strong></span> <span class='ocrx_word' id='word_1_272' title='bbox 996 2875 1301 2947; x_wconf 75' lang='grc' dir='ltr'>ἐκκλησιῶν</span> <span class='ocrx_word' id='word_1_273' title='bbox 1320 2874 1599 2943; x_wconf 82' lang='grc' dir='ltr'>ποιμένες,</span> <span class='ocrx_word' id='word_1_274' title='bbox 1617 2869 1715 2938; x_wconf 74' lang='grc' dir='ltr'>οὐχ</span> <span class='ocrx_word' id='word_1_275' title='bbox 1737 2870 1902 2939; x_wconf 79' lang='grc' dir='ltr'>ὑπερ-</span> 
     </span>
    </p>
   </div>
   <div class='ocr_carea' id='block_1_43' title="bbox 333 2960 1905 3038">
    <p class='ocr_par' dir='ltr' id='par_1_43' title="bbox 333 2960 1905 3038">
     <span class='ocr_line' id='line_1_43' title="bbox 333 2960 1905 3038; baseline -0.006 -16"><span class='ocrx_word' id='word_1_276' title='bbox 333 2968 465 3022; x_wconf 84' lang='grc' dir='ltr'>ιδεῖν</span> <span class='ocrx_word' id='word_1_277' title='bbox 494 2969 765 3038; x_wconf 82' lang='grc' dir='ltr'>τοσαύτην</span> <span class='ocrx_word' id='word_1_278' title='bbox 787 2968 1065 3036; x_wconf 66' lang='grc' dir='ltr'>ἑρπουσαν</span> <span class='ocrx_word' id='word_1_279' title='bbox 1093 2967 1250 3019; x_wconf 86' lang='grc' dir='ltr'>νόσον</span> <span class='ocrx_word' id='word_1_280' title='bbox 1277 2964 1613 3033; x_wconf 72' lang='grc' dir='ltr'>ἐδοκίμασαν</span> <span class='ocrx_word' id='word_1_281' title='bbox 1641 2960 1774 3013; x_wconf 82' lang='grc' dir='ltr'>δεῖν·</span> <span class='ocrx_word' id='word_1_282' title='bbox 1807 2960 1905 3012; x_wconf 77' lang='grc' dir='ltr'>καὶ</span> 
     </span>
    </p>
   </div>
   <div class='ocr_carea' id='block_1_44' title="bbox 329 3051 1904 3131">
    <p class='ocr_par' dir='ltr' id='par_1_44' title="bbox 329 3051 1904 3131">
     <span class='ocr_line' id='line_1_44' title="bbox 329 3051 1904 3131; baseline -0.007 -18"><span class='ocrx_word' id='word_1_283' title='bbox 329 3061 504 3114; x_wconf 85' lang='grc' dir='ltr'>ταῦτα</span> <span class='ocrx_word' id='word_1_284' title='bbox 529 3061 795 3130; x_wconf 81' lang='grc' dir='ltr'>συνεργὸν</span> <span class='ocrx_word' id='word_1_285' title='bbox 831 3060 926 3112; x_wconf 84' lang='grc' dir='ltr'><strong>τοῦ</strong></span> <span class='ocrx_word' id='word_1_286' title='bbox 960 3062 1155 3131; x_wconf 82' lang='grc' dir='ltr'>μίσους</span> <span class='ocrx_word' id='word_1_287' title='bbox 1197 3058 1291 3111; x_wconf 70' lang='grc' dir='ltr'>καὶ</span> <span class='ocrx_word' id='word_1_288' title='bbox 1327 3055 1600 3124; x_wconf 84' lang='grc' dir='ltr'>τοσαύτην</span> <span class='ocrx_word' id='word_1_289' title='bbox 1637 3051 1904 3124; x_wconf 86' lang='grc' dir='ltr'>μεγίστην</span> 
     </span>
    </p>
   </div>
   <div class='ocr_carea' id='block_1_45' title="bbox 333 3144 1906 3224">
    <p class='ocr_par' dir='ltr' id='par_1_45' title="bbox 333 3144 1906 3224">
     <span class='ocr_line' id='line_1_45' title="bbox 333 3144 1906 3224; baseline -0.007 -17"><span class='ocrx_word' id='word_1_290' title='bbox 333 3152 489 3207; x_wconf 85' lang='grc' dir='ltr'>πόλιν</span> <span class='ocrx_word' id='word_1_291' title='bbox 520 3153 961 3224; x_wconf 82' lang='grc' dir='ltr'>χειρωσαμένην.</span> <span class='ocrx_word' id='word_1_292' title='bbox 1002 3153 1112 3205; x_wconf 77' lang='grc' dir='ltr'><strong>Καὶ</strong></span> <span class='ocrx_word' id='word_1_293' title='bbox 1140 3153 1169 3204; x_wconf 90' lang='lat'><strong>6</strong></span> <span class='ocrx_word' id='word_1_294' title='bbox 1203 3151 1302 3219; x_wconf 81' lang='grc' dir='ltr'><strong>μὲν</strong></span> <span class='ocrx_word' id='word_1_295' title='bbox 1333 3149 1434 3218; x_wconf 78' lang='grc' dir='ltr'><strong>τῆς</strong></span> <span class='ocrx_word' id='word_1_296' title='bbox 1493 3144 1906 3215; x_wconf 79' lang='grc' dir='ltr'>Ἀλεξανδρείας</span> 
     </span>
    </p>
   </div>
   <div class='ocr_carea' id='block_1_46' title="bbox 1991 1951 3569 2030">
    <p class='ocr_par' dir='ltr' id='par_1_46' title="bbox 1991 1951 3569 2030">
     <span class='ocr_line' id='line_1_46' title="bbox 1991 1951 3569 2030; baseline -0.012 -11"><span class='ocrx_word' id='word_1_297' title='bbox 1991 1980 2111 2019; x_wconf 89' lang='lat' dir='ltr'><strong>eam</strong></span> <span class='ocrx_word' id='word_1_298' title='bbox 2135 1964 2189 2017; x_wconf 90' lang='lat' dir='ltr'><strong>in</strong></span> <span class='ocrx_word' id='word_1_299' title='bbox 2221 1961 2481 2030; x_wconf 84' lang='lat' dir='ltr'><strong>religione</strong></span> <span class='ocrx_word' id='word_1_300' title='bbox 2502 1957 2881 2013; x_wconf 87' lang='lat' dir='ltr'><strong>Judaizantem</strong></span> <span class='ocrx_word' id='word_1_301' title='bbox 2909 1954 3120 2016; x_wconf 87' lang='lat' dir='ltr'><strong>volens,</strong></span> <span class='ocrx_word' id='word_1_302' title='bbox 3154 1951 3569 2022; x_wconf 81' lang='lat' dir='ltr'><strong>plurimumque</strong></span> 
     </span>
    </p>
   </div>
   <div class='ocr_carea' id='block_1_47' title="bbox 1990 2042 3574 2125">
    <p class='ocr_par' dir='ltr' id='par_1_47' title="bbox 1990 2042 3574 2125">
     <span class='ocr_line' id='line_1_47' title="bbox 1990 2042 3574 2125; baseline -0.014 -15"><span class='ocrx_word' id='word_1_303' title='bbox 1990 2059 2172 2125; x_wconf 67' lang='lat' dir='ltr'><strong>opera:</strong></span> <span class='ocrx_word' id='word_1_304' title='bbox 2195 2065 2251 2108; x_wconf 92' lang='lat' dir='ltr'><strong>et</strong></span> <span class='ocrx_word' id='word_1_305' title='bbox 2279 2068 2424 2107; x_wconf 71' lang='lat' dir='ltr'><strong>curae</strong></span> <span class='ocrx_word' id='word_1_306' title='bbox 2450 2049 2504 2103; x_wconf 90' lang='lat' dir='ltr'><strong>in</strong></span> <span class='ocrx_word' id='word_1_307' title='bbox 2525 2064 2588 2103; x_wconf 91' lang='lat' dir='ltr'><strong>ea</strong></span> <span class='ocrx_word' id='word_1_308' title='bbox 2611 2056 2761 2101; x_wconf 90' lang='lat' dir='ltr'><strong>recte</strong></span> <span class='ocrx_word' id='word_1_309' title='bbox 2785 2042 3123 2099; x_wconf 89' lang='lat' dir='ltr'><strong>instituenda</strong></span> <span class='ocrx_word' id='word_1_310' title='bbox 3143 2049 3309 2110; x_wconf 87' lang='lat' dir='ltr'><strong>atque</strong></span> <span class='ocrx_word' id='word_1_311' title='bbox 3339 2052 3574 2095; x_wconf 83' lang='lat' dir='ltr'><strong>conver-</strong></span> 
     </span>
    </p>
   </div>
   <div class='ocr_carea' id='block_1_48' title="bbox 1993 2126 3575 2215">
    <p class='ocr_par' dir='ltr' id='par_1_48' title="bbox 1993 2126 3575 2215">
     <span class='ocr_line' id='line_1_48' title="bbox 1993 2126 3575 2215; baseline -0.015 -12"><span class='ocrx_word' id='word_1_312' title='bbox 1993 2147 2158 2203; x_wconf 79' lang='lat' dir='ltr'><strong>tenda</strong></span> <span class='ocrx_word' id='word_1_313' title='bbox 2185 2157 2414 2215; x_wconf 87' lang='lat' dir='ltr'><strong>ponens,</strong></span> <span class='ocrx_word' id='word_1_314' title='bbox 2449 2141 2502 2195; x_wconf 91' lang='lat' dir='ltr'><strong>in</strong></span> <span class='ocrx_word' id='word_1_315' title='bbox 2537 2136 2853 2195; x_wconf 87' lang='lat' dir='ltr'><strong>Artemonis</strong></span> <span class='ocrx_word' id='word_1_316' title='bbox 2894 2133 3158 2188; x_wconf 70' lang='lat' dir='ltr'><strong>haeresim</strong></span> <span class='ocrx_word' id='word_1_317' title='bbox 3194 2130 3441 2199; x_wconf 80' lang='lat' dir='ltr'><strong>impegit.</strong></span> <span class='ocrx_word' id='word_1_318' title='bbox 3477 2126 3575 2181; x_wconf 80' lang='lat' dir='ltr'><strong>Ni-</strong></span> 
     </span>
    </p>
   </div>
   <div class='ocr_carea' id='block_1_49' title="bbox 1993 2217 3574 2298">
    <p class='ocr_par' dir='ltr' id='par_1_49' title="bbox 1993 2217 3574 2298">
     <span class='ocr_line' id='line_1_49' title="bbox 1993 2217 3574 2298; baseline -0.016 -5"><span class='ocrx_word' id='word_1_319' title='bbox 1993 2239 2101 2293; x_wconf 89' lang='lat' dir='ltr'><strong>mis</strong></span> <span class='ocrx_word' id='word_1_320' title='bbox 2131 2237 2278 2291; x_wconf 90' lang='lat' dir='ltr'><strong>enim</strong></span> <span class='ocrx_word' id='word_1_321' title='bbox 2311 2231 2541 2287; x_wconf 86' lang='lat' dir='ltr'><strong>humilia</strong></span> <span class='ocrx_word' id='word_1_322' title='bbox 2577 2238 2742 2298; x_wconf 84' lang='lat' dir='ltr'><strong>atque</strong></span> <span class='ocrx_word' id='word_1_323' title='bbox 2774 2226 2925 2281; x_wconf 89' lang='lat' dir='ltr'><strong>humi</strong></span> <span class='ocrx_word' id='word_1_324' title='bbox 2958 2222 3243 2292; x_wconf 88' lang='lat' dir='ltr'><strong>serpentia</strong></span> <span class='ocrx_word' id='word_1_325' title='bbox 3266 2221 3332 2274; x_wconf 89' lang='lat' dir='ltr'><strong>de</strong></span> <span class='ocrx_word' id='word_1_326' title='bbox 3354 2217 3574 2274; x_wconf 87' lang='lat' dir='ltr'><strong>Christo</strong></span> 
     </span>
    </p>
   </div>
   <div class='ocr_carea' id='block_1_50' title="bbox 1994 2310 3575 2391">
    <p class='ocr_par' dir='ltr' id='par_1_50' title="bbox 1994 2310 3575 2391">
     <span class='ocr_line' id='line_1_50' title="bbox 1994 2310 3575 2391; baseline -0.015 -6"><span class='ocrx_word' id='word_1_327' title='bbox 1994 2330 2200 2385; x_wconf 84' lang='lat' dir='ltr'><strong>docuit.</strong></span> <span class='ocrx_word' id='word_1_328' title='bbox 2237 2326 2594 2381; x_wconf 88' lang='lat' dir='ltr'><strong>Communem</strong></span> <span class='ocrx_word' id='word_1_329' title='bbox 2620 2320 2826 2391; x_wconf 85' lang='lat' dir='ltr'><strong>quippe</strong></span> <span class='ocrx_word' id='word_1_330' title='bbox 2849 2317 3128 2372; x_wconf 87' lang='lat' dir='ltr'><strong>hominem</strong></span> <span class='ocrx_word' id='word_1_331' title='bbox 3161 2323 3355 2368; x_wconf 88' lang='lat' dir='ltr'><strong>natura</strong></span> <span class='ocrx_word' id='word_1_332' title='bbox 3381 2310 3575 2368; x_wconf 82' lang='lat' dir='ltr'><strong>fuisse,</strong></span> 
     </span>
    </p>
   </div>
   <div class='ocr_carea' id='block_1_51' title="bbox 1995 2401 3575 2490">
    <p class='ocr_par' dir='ltr' id='par_1_51' title="bbox 1995 2401 3575 2490">
     <span class='ocr_line' id='line_1_51' title="bbox 1995 2401 3575 2490; baseline -0.015 -15"><span class='ocrx_word' id='word_1_333' title='bbox 1995 2434 2172 2490; x_wconf 88' lang='lat' dir='ltr'><strong>neque</strong></span> <span class='ocrx_word' id='word_1_334' title='bbox 2204 2417 2501 2488; x_wconf 81' lang='lat' dir='ltr'><strong>quidquam</strong></span> <span class='ocrx_word' id='word_1_335' title='bbox 2540 2413 2878 2483; x_wconf 78' lang='lat' dir='ltr'><strong>praecipuum</strong></span> <span class='ocrx_word' id='word_1_336' title='bbox 2938 2423 3050 2476; x_wconf 76' lang='lat' dir='ltr'><strong>prae</strong></span> <span class='ocrx_word' id='word_1_337' title='bbox 3089 2405 3252 2461; x_wconf 89' lang='lat' dir='ltr'><strong>nobis</strong></span> <span class='ocrx_word' id='word_1_338' title='bbox 3298 2401 3575 2459; x_wconf 85' lang='lat' dir='ltr'><strong>habuisse,</strong></span> 
     </span>
    </p>
   </div>
   <div class='ocr_carea' id='block_1_52' title="bbox 1994 2491 3580 2571">
    <p class='ocr_par' dir='ltr' id='par_1_52' title="bbox 1994 2491 3580 2571">
     <span class='ocr_line' id='line_1_52' title="bbox 1994 2491 3580 2571; baseline -0.013 -6"><span class='ocrx_word' id='word_1_339' title='bbox 1994 2509 2262 2566; x_wconf 76' lang='lat' dir='ltr'><strong>etdivinae</strong></span> <span class='ocrx_word' id='word_1_340' title='bbox 2284 2505 2601 2561; x_wconf 67' lang='lat' dir='ltr'><strong>substantia:</strong></span> <span class='ocrx_word' id='word_1_341' title='bbox 2624 2510 2901 2571; x_wconf 84' lang='lat' dir='ltr'><strong>expertem</strong></span> <span class='ocrx_word' id='word_1_342' title='bbox 2920 2497 3224 2561; x_wconf 86' lang='lat' dir='ltr'><strong>exstitisse,</strong></span> <span class='ocrx_word' id='word_1_343' title='bbox 3245 2505 3410 2563; x_wconf 88' lang='lat' dir='ltr'><strong>atque</strong></span> <span class='ocrx_word' id='word_1_344' title='bbox 3433 2491 3488 2545; x_wconf 90' lang='lat' dir='ltr'><strong>in</strong></span> <span class='ocrx_word' id='word_1_345' title='bbox 3512 2504 3580 2545; x_wconf 92' lang='lat' dir='ltr'><strong>eo</strong></span> 
     </span>
    </p>
   </div>
   <div class='ocr_carea' id='block_1_53' title="bbox 1996 2586 3583 2674">
    <p class='ocr_par' dir='ltr' id='par_1_53' title="bbox 1996 2586 3583 2674">
     <span class='ocr_line' id='line_1_53' title="bbox 1996 2586 3583 2674; baseline -0.013 -18"><span class='ocrx_word' id='word_1_346' title='bbox 1996 2601 2225 2674; x_wconf 89' lang='lat' dir='ltr'><strong>perinde</strong></span> <span class='ocrx_word' id='word_1_347' title='bbox 2243 2607 2406 2667; x_wconf 88' lang='lat' dir='ltr'><strong>atque</strong></span> <span class='ocrx_word' id='word_1_348' title='bbox 2433 2597 2486 2650; x_wconf 90' lang='lat' dir='ltr'><strong>in</strong></span> <span class='ocrx_word' id='word_1_349' title='bbox 2507 2594 2776 2666; x_wconf 85' lang='lat' dir='ltr'><strong>propheta</strong></span> <span class='ocrx_word' id='word_1_350' title='bbox 2804 2591 3001 2647; x_wconf 85' lang='lat' dir='ltr'><strong>Filium</strong></span> <span class='ocrx_word' id='word_1_351' title='bbox 3022 2588 3117 2644; x_wconf 90' lang='lat' dir='ltr'><strong>Dei</strong></span> <span class='ocrx_word' id='word_1_352' title='bbox 3140 2586 3501 2646; x_wconf 86' lang='lat' dir='ltr'><strong>inhabitasse,</strong></span> <span class='ocrx_word' id='word_1_353' title='bbox 3525 2592 3583 2635; x_wconf 85' lang='lat' dir='ltr'><strong>et</strong></span> 
     </span>
    </p>
   </div>
   <div class='ocr_carea' id='block_1_54' title="bbox 1999 2671 3579 2750">
    <p class='ocr_par' dir='ltr' id='par_1_54' title="bbox 1999 2671 3579 2750">
     <span class='ocr_line' id='line_1_54' title="bbox 1999 2671 3579 2750; baseline -0.013 -4"><span class='ocrx_word' id='word_1_354' title='bbox 1999 2706 2218 2746; x_wconf 88' lang='lat' dir='ltr'><strong>rursum</strong></span> <span class='ocrx_word' id='word_1_355' title='bbox 2239 2690 2382 2744; x_wconf 85' lang='lat' dir='ltr'><strong>abeo</strong></span> <span class='ocrx_word' id='word_1_356' title='bbox 2404 2685 2757 2741; x_wconf 85' lang='lat' dir='ltr'><strong>discessisse:</strong></span> <span class='ocrx_word' id='word_1_357' title='bbox 2790 2681 3164 2750; x_wconf 86' lang='lat' dir='ltr'><strong>nonnullaque</strong></span> <span class='ocrx_word' id='word_1_358' title='bbox 3189 2677 3341 2731; x_wconf 84' lang='lat' dir='ltr'><strong>hisce</strong></span> <span class='ocrx_word' id='word_1_359' title='bbox 3371 2671 3579 2728; x_wconf 85' lang='lat' dir='ltr'><strong>similia</strong></span> 
     </span>
    </p>
   </div>
   <div class='ocr_carea' id='block_1_55' title="bbox 1999 2761 3582 2840">
    <p class='ocr_par' dir='ltr' id='par_1_55' title="bbox 1999 2761 3582 2840">
     <span class='ocr_line' id='line_1_55' title="bbox 1999 2761 3582 2840; baseline -0.016 -1"><span class='ocrx_word' id='word_1_360' title='bbox 1999 2792 2187 2840; x_wconf 88' lang='lat' dir='ltr'><strong>contra</strong></span> <span class='ocrx_word' id='word_1_361' title='bbox 2217 2778 2642 2835; x_wconf 88' lang='lat' dir='ltr'><strong>ecclesiasticam</strong></span> <span class='ocrx_word' id='word_1_362' title='bbox 2678 2774 2981 2832; x_wconf 79' lang='lat' dir='ltr'><strong>doctrinam</strong></span> <span class='ocrx_word' id='word_1_363' title='bbox 3018 2769 3259 2825; x_wconf 84' lang='lat' dir='ltr'><strong>censuit.</strong></span> <span class='ocrx_word' id='word_1_364' title='bbox 3310 2763 3467 2832; x_wconf 86' lang='lat' dir='ltr'><strong>Quod</strong></span> <span class='ocrx_word' id='word_1_365' title='bbox 3489 2761 3582 2816; x_wconf 85' lang='lat' dir='ltr'><strong>ubi</strong></span> 
     </span>
    </p>
   </div>
   <div class='ocr_carea' id='block_1_56' title="bbox 2002 2852 3587 2938">
    <p class='ocr_par' dir='ltr' id='par_1_56' title="bbox 2002 2852 3587 2938">
     <span class='ocr_line' id='line_1_56' title="bbox 2002 2852 3587 2938; baseline -0.016 -8"><span class='ocrx_word' id='word_1_366' title='bbox 2002 2886 2118 2931; x_wconf 88' lang='lat' dir='ltr'><strong>tum</strong></span> <span class='ocrx_word' id='word_1_367' title='bbox 2147 2871 2501 2928; x_wconf 86' lang='lat' dir='ltr'><strong>ecclesiarum</strong></span> <span class='ocrx_word' id='word_1_368' title='bbox 2543 2876 2793 2938; x_wconf 89' lang='lat' dir='ltr'><strong>pastores</strong></span> <span class='ocrx_word' id='word_1_369' title='bbox 2820 2871 3223 2933; x_wconf 86' lang='lat' dir='ltr'><strong>cognoverunt,</strong></span> <span class='ocrx_word' id='word_1_370' title='bbox 3274 2873 3383 2912; x_wconf 90' lang='lat' dir='ltr'><strong>non</strong></span> <span class='ocrx_word' id='word_1_371' title='bbox 3405 2852 3587 2922; x_wconf 86' lang='lat' dir='ltr'><strong>despi-</strong></span> 
     </span>
    </p>
   </div>
   <div class='ocr_carea' id='block_1_57' title="bbox 2002 2945 3589 3029">
    <p class='ocr_par' dir='ltr' id='par_1_57' title="bbox 2002 2945 3589 3029">
     <span class='ocr_line' id='line_1_57' title="bbox 2002 2945 3589 3029; baseline -0.014 -10"><span class='ocrx_word' id='word_1_372' title='bbox 2002 2963 2252 3020; x_wconf 87' lang='lat' dir='ltr'><strong>ciendam</strong></span> <span class='ocrx_word' id='word_1_373' title='bbox 2286 2966 2596 3029; x_wconf 89' lang='lat' dir='ltr'><strong>serpentem</strong></span> <span class='ocrx_word' id='word_1_374' title='bbox 2613 2958 2724 3026; x_wconf 76' lang='lat' dir='ltr'><strong>jam</strong></span> <span class='ocrx_word' id='word_1_375' title='bbox 2745 2963 2950 3009; x_wconf 87' lang='lat' dir='ltr'><strong>tantam</strong></span> <span class='ocrx_word' id='word_1_376' title='bbox 2975 2950 3358 3017; x_wconf 78' lang='lat' dir='ltr'><strong>contagionem</strong></span> <span class='ocrx_word' id='word_1_377' title='bbox 3374 2945 3589 3014; x_wconf 86' lang='lat' dir='ltr'><strong>judica-</strong></span> 
     </span>
    </p>
   </div>
   <div class='ocr_carea' id='block_1_58' title="bbox 2007 3041 3592 3124">
    <p class='ocr_par' dir='ltr' id='par_1_58' title="bbox 2007 3041 3592 3124">
     <span class='ocr_line' id='line_1_58' title="bbox 2007 3041 3592 3124; baseline -0.016 -13"><span class='ocrx_word' id='word_1_378' title='bbox 2007 3064 2161 3121; x_wconf 89' lang='lat' dir='ltr'><strong>runt,</strong></span> <span class='ocrx_word' id='word_1_379' title='bbox 2183 3051 2459 3124; x_wconf 76' lang='lat' dir='ltr'><strong>praecipue</strong></span> <span class='ocrx_word' id='word_1_380' title='bbox 2489 3064 2613 3104; x_wconf 89' lang='lat' dir='ltr'><strong>cum</strong></span> <span class='ocrx_word' id='word_1_381' title='bbox 2633 3048 2911 3119; x_wconf 88' lang='lat' dir='ltr'><strong>piaculum</strong></span> <span class='ocrx_word' id='word_1_382' title='bbox 2935 3044 2987 3097; x_wconf 90' lang='lat' dir='ltr'><strong>id</strong></span> <span class='ocrx_word' id='word_1_383' title='bbox 3008 3041 3348 3097; x_wconf 87' lang='lat' dir='ltr'><strong>domicilium</strong></span> <span class='ocrx_word' id='word_1_384' title='bbox 3375 3045 3432 3092; x_wconf 90' lang='lat' dir='ltr'><strong>et</strong></span> <span class='ocrx_word' id='word_1_385' title='bbox 3467 3044 3592 3089; x_wconf 87' lang='lat' dir='ltr'><strong>tan-</strong></span> 
     </span>
    </p>
   </div>
   <div class='ocr_carea' id='block_1_59' title="bbox 2007 3127 3592 3218">
    <p class='ocr_par' dir='ltr' id='par_1_59' title="bbox 2007 3127 3592 3218">
     <span class='ocr_line' id='line_1_59' title="bbox 2007 3127 3592 3218; baseline -0.016 -15"><span class='ocrx_word' id='word_1_386' title='bbox 2007 3162 2172 3218; x_wconf 89' lang='lat' dir='ltr'><strong>quam</strong></span> <span class='ocrx_word' id='word_1_387' title='bbox 2196 3143 2521 3216; x_wconf 89' lang='lat' dir='ltr'><strong>adjutriccm</strong></span> <span class='ocrx_word' id='word_1_388' title='bbox 2556 3151 2663 3195; x_wconf 90' lang='lat' dir='ltr'><strong>tam</strong></span> <span class='ocrx_word' id='word_1_389' title='bbox 2697 3153 2945 3209; x_wconf 87' lang='lat' dir='ltr'><strong>magnam</strong></span> <span class='ocrx_word' id='word_1_390' title='bbox 2972 3148 3193 3190; x_wconf 88' lang='lat' dir='ltr'><strong>nactum</strong></span> <span class='ocrx_word' id='word_1_391' title='bbox 3212 3139 3357 3187; x_wconf 89' lang='lat' dir='ltr'><strong>esset</strong></span> <span class='ocrx_word' id='word_1_392' title='bbox 3378 3127 3592 3183; x_wconf 87' lang='lat' dir='ltr'><strong>urbem.</strong></span> 
     </span>
    </p>
   </div>
   <div class='ocr_carea' id='block_1_60' title="bbox 333 3218 1914 3314">
    <p class='ocr_par' dir='ltr' id='par_1_60' title="bbox 333 3218 1909 3314">
     <span class='ocr_line' id='line_1_60' title="bbox 333 3218 1909 3314; baseline -0.008 -14"><span class='ocrx_word' id='word_1_393' title='bbox 333 3218 637 3311; x_wconf 62' lang='grc' dir='ltr'>Διονύσιος,</span> <span class='ocrx_word' id='word_1_394' title='bbox 672 3218 948 3314; x_wconf 69' lang='grc' dir='ltr'>ἐπίσημος</span> <span class='ocrx_word' id='word_1_395' title='bbox 977 3242 1052 3297; x_wconf 82' lang='grc' dir='ltr'><strong>ὢν</strong></span> <span class='ocrx_word' id='word_1_396' title='bbox 1076 3218 1345 3313; x_wconf 70' lang='grc' dir='ltr'>ἀνὴρ,διὰ</span> <span class='ocrx_word' id='word_1_397' title='bbox 1372 3240 1553 3310; x_wconf 80' lang='grc' dir='ltr'>γῆρας</span> <span class='ocrx_word' id='word_1_398' title='bbox 1581 3236 1909 3292; x_wconf 81' lang='grc' dir='ltr'>ἀνεϐάλλετο</span> 
     </span>
    </p>
   </div>
   <div class='ocr_carea' id='block_1_61' title="bbox 2015 3218 3593 3314">
    <p class='ocr_par' dir='ltr' id='par_1_61' title="bbox 2015 3218 3593 3309">
     <span class='ocr_line' id='line_1_61' title="bbox 2015 3218 3593 3309; baseline -0.016 -15"><span class='ocrx_word' id='word_1_399' title='bbox 2015 3243 2195 3309; x_wconf 82' lang='lat' dir='ltr'><strong>Atque</strong></span> <span class='ocrx_word' id='word_1_400' title='bbox 2217 3234 2512 3306; x_wconf 85' lang='lat' dir='ltr'><strong>Dionysius</strong></span> <span class='ocrx_word' id='word_1_401' title='bbox 2530 3232 2754 3302; x_wconf 92' lang='lat' dir='ltr'><strong>quidem</strong></span> <span class='ocrx_word' id='word_1_402' title='bbox 2780 3227 3208 3287; x_wconf 77' lang='lat' dir='ltr'><strong>Alexandrinus,</strong></span> <span class='ocrx_word' id='word_1_403' title='bbox 3233 3224 3317 3277; x_wconf 88' lang='lat' dir='ltr'><strong>vir</strong></span> <span class='ocrx_word' id='word_1_404' title='bbox 3332 3218 3593 3279; x_wconf 90' lang='lat' dir='ltr'><strong>celebris,</strong></span> 
     </span>
    </p>
   </div>
   <div class='ocr_carea' id='block_1_62' title="bbox 334 3328 1909 3409">
    <p class='ocr_par' dir='ltr' id='par_1_62' title="bbox 334 3328 1909 3409">
     <span class='ocr_line' id='line_1_62' title="bbox 334 3328 1909 3409; baseline -0.01 -15"><span class='ocrx_word' id='word_1_405' title='bbox 334 3340 436 3409; x_wconf 83' lang='grc' dir='ltr'>τὴν</span> <span class='ocrx_word' id='word_1_406' title='bbox 485 3336 772 3406; x_wconf 78' lang='grc' dir='ltr'>ὲνδημίαν,</span> <span class='ocrx_word' id='word_1_407' title='bbox 833 3336 929 3389; x_wconf 73' lang='grc' dir='ltr'><strong>καὶ</strong></span> <span class='ocrx_word' id='word_1_408' title='bbox 980 3333 1049 3388; x_wconf 83' lang='grc' dir='ltr'>δι’</span> <span class='ocrx_word' id='word_1_409' title='bbox 1101 3332 1391 3386; x_wconf 81' lang='grc' dir='ltr'>ἀσθένειαν</span> <span class='ocrx_word' id='word_1_410' title='bbox 1433 3328 1909 3395; x_wconf 85' lang='grc' dir='ltr'>κατεπείγουσαν⁶</span> 
     </span>
    </p>
   </div>
   <div class='ocr_carea' id='block_1_63' title="bbox 336 3421 1910 3503">
    <p class='ocr_par' dir='ltr' id='par_1_63' title="bbox 336 3421 1910 3503">
     <span class='ocr_line' id='line_1_63' title="bbox 336 3421 1910 3503; baseline -0.011 -17"><span class='ocrx_word' id='word_1_411' title='bbox 336 3434 633 3503; x_wconf 80' lang='grc' dir='ltr'>γράμμασι</span> <span class='ocrx_word' id='word_1_412' title='bbox 682 3429 741 3483; x_wconf 80' lang='grc' dir='ltr'>δὲ</span> <span class='ocrx_word' id='word_1_413' title='bbox 787 3427 1028 3498; x_wconf 68' lang='grc' dir='ltr'>κάκείνῳ</span> <span class='ocrx_word' id='word_1_414' title='bbox 1081 3424 1361 3496; x_wconf 74' lang='grc' dir='ltr'>παρῄνεσε</span> <span class='ocrx_word' id='word_1_415' title='bbox 1398 3422 1474 3477; x_wconf 47' lang='grc' dir='ltr'><strong>»τὰ</strong></span> <span class='ocrx_word' id='word_1_416' title='bbox 1523 3421 1910 3488; x_wconf 88' lang='grc' dir='ltr'>προσήκοντα,</span> 
     </span>
    </p>
   </div>
   <div class='ocr_carea' id='block_1_64' title="bbox 339 3511 1913 3591">
    <p class='ocr_par' dir='ltr' id='par_1_64' title="bbox 339 3511 1913 3591">
     <span class='ocr_line' id='line_1_64' title="bbox 339 3511 1913 3591; baseline -0.01 -13"><span class='ocrx_word' id='word_1_417' title='bbox 339 3526 434 3579; x_wconf 77' lang='grc' dir='ltr'><strong>καὶ</strong></span> <span class='ocrx_word' id='word_1_418' title='bbox 462 3524 591 3585; x_wconf 75' lang='grc' dir='ltr'>τοὺς</span> <span class='ocrx_word' id='word_1_419' title='bbox 626 3520 1041 3591; x_wconf 83' lang='grc' dir='ltr'>συνδραμόντας</span> <span class='ocrx_word' id='word_1_420' title='bbox 1072 3521 1152 3580; x_wconf 81' lang='grc' dir='ltr'>εἰς</span> <span class='ocrx_word' id='word_1_421' title='bbox 1180 3517 1272 3570; x_wconf 79' lang='grc' dir='ltr'><strong>τὸν</strong></span> <span class='ocrx_word' id='word_1_422' title='bbox 1306 3515 1450 3585; x_wconf 80' lang='grc' dir='ltr'>ὑπὲρ</span> <span class='ocrx_word' id='word_1_423' title='bbox 1490 3511 1776 3573; x_wconf 73' lang='grc' dir='ltr'>εὐσεϐείας</span> <span class='ocrx_word' id='word_1_424' title='bbox 1807 3527 1913 3563; x_wconf 83' lang='grc' dir='ltr'>πα-</span> 
     </span>
    </p>
   </div>
   <div class='ocr_carea' id='block_1_65' title="bbox 346 3601 1915 3690">
    <p class='ocr_par' dir='ltr' id='par_1_65' title="bbox 346 3601 1915 3690">
     <span class='ocr_line' id='line_1_65' title="bbox 346 3601 1915 3690; baseline -0.013 -17"><span class='ocrx_word' id='word_1_425' title='bbox 346 3618 603 3690; x_wconf 81' lang='grc' dir='ltr'>ραθήγων</span> <span class='ocrx_word' id='word_1_426' title='bbox 628 3614 814 3684; x_wconf 76' lang='grc' dir='ltr'>ζῆλον,</span> <span class='ocrx_word' id='word_1_427' title='bbox 864 3615 962 3666; x_wconf 79' lang='grc' dir='ltr'><strong>καὶ</strong></span> <span class='ocrx_word' id='word_1_428' title='bbox 994 3610 1094 3680; x_wconf 82' lang='grc' dir='ltr'><strong>τὴν</strong></span> <span class='ocrx_word' id='word_1_429' title='bbox 1143 3607 1416 3678; x_wconf 84' lang='grc' dir='ltr'>σφετέραν</span> <span class='ocrx_word' id='word_1_430' title='bbox 1453 3605 1682 3673; x_wconf 84' lang='grc' dir='ltr'>γνώμην</span> <span class='ocrx_word' id='word_1_431' title='bbox 1711 3602 1777 3673; x_wconf 77' lang='grc' dir='ltr'>ἢν</span> <span class='ocrx_word' id='word_1_432' title='bbox 1802 3601 1915 3671; x_wconf 76' lang='grc' dir='ltr'>ἔχει</span> 
     </span>
    </p>
   </div>
   <div class='ocr_carea' id='block_1_66' title="bbox 346 3695 1918 3782">
    <p class='ocr_par' dir='ltr' id='par_1_66' title="bbox 346 3695 1918 3782">
     <span class='ocr_line' id='line_1_66' title="bbox 346 3695 1918 3782; baseline -0.015 -16"><span class='ocrx_word' id='word_1_433' title='bbox 346 3712 474 3782; x_wconf 74' lang='grc' dir='ltr'>περὶ</span> <span class='ocrx_word' id='word_1_434' title='bbox 519 3707 617 3763; x_wconf 85' lang='grc' dir='ltr'><strong>τοῦ</strong></span> <span class='ocrx_word' id='word_1_435' title='bbox 652 3705 1017 3777; x_wconf 81' lang='grc' dir='ltr'>προκειμένου</span> <span class='ocrx_word' id='word_1_436' title='bbox 1054 3703 1371 3773; x_wconf 83' lang='grc' dir='ltr'>ζητήματος</span> <span class='ocrx_word' id='word_1_437' title='bbox 1426 3699 1702 3767; x_wconf 76' lang='grc' dir='ltr'>ἔπεμπεν.</span> <span class='ocrx_word' id='word_1_438' title='bbox 1742 3695 1812 3752; x_wconf 74' lang='lat' dir='ltr'><strong>Oi</strong></span> <span class='ocrx_word' id='word_1_439' title='bbox 1855 3710 1918 3761; x_wconf 84' lang='grc' dir='ltr'><strong>γε</strong></span> 
     </span>
    </p>
   </div>
   <div class='ocr_carea' id='block_1_67' title="bbox 352 3786 1922 3873">
    <p class='ocr_par' dir='ltr' id='par_1_67' title="bbox 352 3786 1922 3873">
     <span class='ocr_line' id='line_1_67' title="bbox 352 3786 1922 3873; baseline -0.01 -18"><span class='ocrx_word' id='word_1_440' title='bbox 352 3803 458 3873; x_wconf 69' lang='grc' dir='ltr'>μὴν</span> <span class='ocrx_word' id='word_1_441' title='bbox 490 3799 669 3854; x_wconf 75' lang='grc' dir='ltr'>λοιποὶ</span> <span class='ocrx_word' id='word_1_442' title='bbox 694 3797 806 3853; x_wconf 90' lang='grc' dir='ltr'><strong>τῶν</strong></span> <span class='ocrx_word' id='word_1_443' title='bbox 836 3792 1146 3865; x_wconf 75' lang='grc' dir='ltr'>ἐκκλησιῶν</span> <span class='ocrx_word' id='word_1_444' title='bbox 1189 3792 1481 3863; x_wconf 78' lang='grc' dir='ltr'>ἡγεμόνες,</span> <span class='ocrx_word' id='word_1_445' title='bbox 1521 3791 1597 3852; x_wconf 85' lang='grc' dir='ltr'><strong>ὡς</strong></span> <span class='ocrx_word' id='word_1_446' title='bbox 1644 3790 1737 3843; x_wconf 75' lang='grc' dir='ltr'><strong>ἐπὶ</strong></span> <span class='ocrx_word' id='word_1_447' title='bbox 1776 3786 1922 3856; x_wconf 78' lang='grc' dir='ltr'>θῆρα</span> 
     </span>
    </p>
   </div>
   <div class='ocr_carea' id='block_1_68' title="bbox 348 3882 1921 3964">
    <p class='ocr_par' dir='ltr' id='par_1_68' title="bbox 348 3882 1921 3964">
     <span class='ocr_line' id='line_1_68' title="bbox 348 3882 1921 3964; baseline -0.013 -12"><span class='ocrx_word' id='word_1_448' title='bbox 348 3899 453 3952; x_wconf 70' lang='grc' dir='ltr'>καὶ·</span> <span class='ocrx_word' id='word_1_449' title='bbox 480 3892 740 3964; x_wconf 81' lang='grc' dir='ltr'>λυμεῶνά</span> <span class='ocrx_word' id='word_1_450' title='bbox 760 3907 908 3957; x_wconf 70' lang='grc' dir='ltr'>τινα,</span> <span class='ocrx_word' id='word_1_451' title='bbox 925 3884 1310 3957; x_wconf 80' lang='grc' dir='ltr'>ἁπανταχόθεν</span> <span class='ocrx_word' id='word_1_452' title='bbox 1338 3884 1435 3937; x_wconf 68' lang='grc' dir='ltr'>ἐπὶ</span> <span class='ocrx_word' id='word_1_453' title='bbox 1457 3884 1559 3954; x_wconf 84' lang='grc' dir='ltr'>τὴν</span> <span class='ocrx_word' id='word_1_454' title='bbox 1585 3882 1921 3951; x_wconf 75' lang='grc' dir='ltr'>Ἀντιόχειαν</span> 
     </span>
    </p>
   </div>
   <div class='ocr_carea' id='block_1_69' title="bbox 348 3973 1921 4055">
    <p class='ocr_par' dir='ltr' id='par_1_69' title="bbox 348 3973 1921 4055">
     <span class='ocr_line' id='line_1_69' title="bbox 348 3973 1921 4055; baseline -0.014 -10"><span class='ocrx_word' id='word_1_455' title='bbox 348 3988 472 4046; x_wconf 82' lang='grc' dir='ltr'>κατ’</span> <span class='ocrx_word' id='word_1_456' title='bbox 500 3988 720 4055; x_wconf 82' lang='grc' dir='ltr'>ὀλίγους</span> <span class='ocrx_word' id='word_1_457' title='bbox 749 3982 1092 4055; x_wconf 75' lang='grc' dir='ltr'>ἠθροίζοντο,</span> <span class='ocrx_word' id='word_1_458' title='bbox 1131 3979 1387 4048; x_wconf 79' lang='grc' dir='ltr'>φάσγανα</span> <span class='ocrx_word' id='word_1_459' title='bbox 1420 3978 1519 4029; x_wconf 77' lang='grc' dir='ltr'>καὶ</span> <span class='ocrx_word' id='word_1_460' title='bbox 1549 3975 1751 4045; x_wconf 84' lang='grc' dir='ltr'>δόρατα</span> <span class='ocrx_word' id='word_1_461' title='bbox 1779 3973 1921 4041; x_wconf 85' lang='grc' dir='ltr'>λαμ-</span> 
     </span>
    </p>
   </div>
   <div class='ocr_carea' id='block_1_70' title="bbox 355 4067 1925 4154">
    <p class='ocr_par' dir='ltr' id='par_1_70' title="bbox 355 4067 1925 4154">
     <span class='ocr_line' id='line_1_70' title="bbox 355 4067 1925 4154; baseline -0.013 -17"><span class='ocrx_word' id='word_1_462' title='bbox 355 4081 495 4154; x_wconf 78' lang='grc' dir='ltr'>πρδν</span> <span class='ocrx_word' id='word_1_463' title='bbox 524 4080 944 4135; x_wconf 78' lang='grc' dir='ltr'>ύποστίλὸοντα.</span> <span class='ocrx_word' id='word_1_464' title='bbox 966 4073 1305 4146; x_wconf 78' lang='grc' dir='ltr'>τάληθῆ,τῆς</span> <span class='ocrx_word' id='word_1_465' title='bbox 1323 4070 1660 4141; x_wconf 81' lang='grc' dir='ltr'>Έκκλησίας</span> <span class='ocrx_word' id='word_1_466' title='bbox 1678 4067 1925 4136; x_wconf 86' lang='grc' dir='ltr'>δόγματα</span> 
     </span>
    </p>
   </div>
   <div class='ocr_carea' id='block_1_71' title="bbox 356 4157 1928 4251">
    <p class='ocr_par' dir='ltr' id='par_1_71' title="bbox 356 4157 1928 4251">
     <span class='ocr_line' id='line_1_71' title="bbox 356 4157 1928 4251; baseline -0.015 -18"><span class='ocrx_word' id='word_1_467' title='bbox 356 4178 811 4251; x_wconf 74' lang='grc' dir='ltr'>προϐαλλόμενοι.</span> <span class='ocrx_word' id='word_1_468' title='bbox 853 4171 1076 4226; x_wconf 72' lang='grc' dir='ltr'>Τούτων</span> <span class='ocrx_word' id='word_1_469' title='bbox 1120 4168 1164 4220; x_wconf 85' lang='grc' dir='ltr'>δ’</span> <span class='ocrx_word' id='word_1_470' title='bbox 1212 4165 1263 4219; x_wconf 83' lang='grc' dir='ltr'>οἶ</span> <span class='ocrx_word' id='word_1_471' title='bbox 1325 4164 1564 4233; x_wconf 81' lang='grc' dir='ltr'>μάλιστα</span> <span class='ocrx_word' id='word_1_472' title='bbox 1614 4160 1681 4213; x_wconf 84' lang='grc' dir='ltr'><strong>τὰ</strong></span> <span class='ocrx_word' id='word_1_473' title='bbox 1734 4157 1928 4230; x_wconf 82' lang='grc' dir='ltr'>πρῶτα</span> 
     </span>
    </p>
   </div>
   <div class='ocr_carea' id='block_1_72' title="bbox 357 4252 1926 4343">
    <p class='ocr_par' dir='ltr' id='par_1_72' title="bbox 357 4252 1926 4343">
     <span class='ocr_line' id='line_1_72' title="bbox 357 4252 1926 4343; baseline -0.019 -16"><span class='ocrx_word' id='word_1_474' title='bbox 357 4272 637 4343; x_wconf 68' lang='grc' dir='ltr'>εφέροντο,</span> <span class='ocrx_word' id='word_1_475' title='bbox 694 4267 794 4321; x_wconf 69' lang='grc' dir='ltr'><strong>καὶ</strong></span> <span class='ocrx_word' id='word_1_476' title='bbox 843 4264 921 4325; x_wconf 84' lang='grc' dir='ltr'>ὡς</span> <span class='ocrx_word' id='word_1_477' title='bbox 953 4259 1281 4332; x_wconf 84' lang='grc' dir='ltr'>περιφανεῖς</span> <span class='ocrx_word' id='word_1_478' title='bbox 1329 4255 1566 4324; x_wconf 77' lang='grc' dir='ltr'>ἀστέρες</span> <span class='ocrx_word' id='word_1_479' title='bbox 1608 4252 1926 4321; x_wconf 82' lang='grc' dir='ltr'>διέπρεπον,</span> 
     </span>
    </p>
   </div>
   <div class='ocr_carea' id='block_1_73' title="bbox 358 4341 1932 4438">
    <p class='ocr_par' dir='ltr' id='par_1_73' title="bbox 358 4341 1932 4438">
     <span class='ocr_line' id='line_1_73' title="bbox 358 4341 1932 4438; baseline -0.018 -18"><span class='ocrx_word' id='word_1_480' title='bbox 358 4341 660 4438; x_wconf 77' lang='grc' dir='ltr'>Γρηγόριος</span> <span class='ocrx_word' id='word_1_481' title='bbox 689 4355 801 4429; x_wconf 79' lang='grc' dir='ltr'>ἦνό</span> <span class='ocrx_word' id='word_1_482' title='bbox 829 4355 1026 4425; x_wconf 82' lang='grc' dir='ltr'>μέγας,</span> <span class='ocrx_word' id='word_1_483' title='bbox 1054 4354 1082 4405; x_wconf 91' lang='lat'><strong>6</strong></span> <span class='ocrx_word' id='word_1_484' title='bbox 1109 4354 1168 4403; x_wconf 81' lang='grc' dir='ltr'>ὲν</span> <span class='ocrx_word' id='word_1_485' title='bbox 1193 4349 1436 4417; x_wconf 77' lang='grc' dir='ltr'>θαύμασι</span> <span class='ocrx_word' id='word_1_486' title='bbox 1467 4341 1932 4415; x_wconf 73' lang='grc' dir='ltr'>περιδόητος,καὶ</span> 
     </span>
    </p>
   </div>
   <div class='ocr_carea' id='block_1_74' title="bbox 359 4433 1934 4525">
    <p class='ocr_par' dir='ltr' id='par_1_74' title="bbox 359 4433 1934 4525">
     <span class='ocr_line' id='line_1_74' title="bbox 359 4433 1934 4525; baseline -0.017 -12"><span class='ocrx_word' id='word_1_487' title='bbox 359 4433 767 4525; x_wconf 60' lang='grc' dir='ltr'>’⁹Ᾰθήνόδιυρος,</span> <span class='ocrx_word' id='word_1_488' title='bbox 789 4445 1028 4513; x_wconf 80' lang='grc' dir='ltr'>τάδελφὰ</span> <span class='ocrx_word' id='word_1_489' title='bbox 1055 4443 1250 4512; x_wconf 69' lang='grc' dir='ltr'>ἐκείνῳ</span> <span class='ocrx_word' id='word_1_490' title='bbox 1277 4441 1372 4494; x_wconf 80' lang='grc' dir='ltr'><strong>καὶ</strong></span> <span class='ocrx_word' id='word_1_491' title='bbox 1402 4435 1618 4510; x_wconf 85' lang='grc' dir='ltr'>φρονῶν</span> <span class='ocrx_word' id='word_1_492' title='bbox 1638 4436 1732 4490; x_wconf 76' lang='grc' dir='ltr'><strong>καὶ</strong></span> <span class='ocrx_word' id='word_1_493' title='bbox 1756 4433 1934 4501; x_wconf 87' lang='grc' dir='ltr'>λέγων</span> 
     </span>
    </p>
   </div>
   <div class='ocr_carea' id='block_1_75' title="bbox 361 4524 1936 4613">
    <p class='ocr_par' dir='ltr' id='par_1_75' title="bbox 361 4524 1936 4613">
     <span class='ocr_line' id='line_1_75' title="bbox 361 4524 1936 4613; baseline -0.017 -13"><span class='ocrx_word' id='word_1_494' title='bbox 361 4547 458 4601; x_wconf 73' lang='grc' dir='ltr'><strong>καὶ</strong></span> <span class='ocrx_word' id='word_1_495' title='bbox 480 4524 764 4613; x_wconf 80' lang='grc' dir='ltr'>πράττων,</span> <span class='ocrx_word' id='word_1_496' title='bbox 788 4533 1097 4605; x_wconf 73' lang='grc' dir='ltr'>ἡγούμενος</span> <span class='ocrx_word' id='word_1_497' title='bbox 1145 4528 1256 4581; x_wconf 83' lang='grc' dir='ltr'><strong>τῶν</strong></span> <span class='ocrx_word' id='word_1_498' title='bbox 1306 4524 1465 4579; x_wconf 67' lang='grc' dir='ltr'>κατα</span> <span class='ocrx_word' id='word_1_499' title='bbox 1495 4525 1697 4579; x_wconf 89' lang='grc' dir='ltr'>Πόντον</span> <span class='ocrx_word' id='word_1_500' title='bbox 1742 4538 1936 4592; x_wconf 82' lang='grc' dir='ltr'>παροι-</span> 
     </span>
    </p>
   </div>
   <div class='ocr_carea' id='block_1_76' title="bbox 362 4614 1938 4704">
    <p class='ocr_par' dir='ltr' id='par_1_76' title="bbox 362 4614 1938 4704">
     <span class='ocr_line' id='line_1_76' title="bbox 362 4614 1938 4704; baseline -0.017 -11"><span class='ocrx_word' id='word_1_501' title='bbox 362 4639 521 4693; x_wconf 66' lang='grc' dir='ltr'>κιῶνδ</span> <span class='ocrx_word' id='word_1_502' title='bbox 542 4628 895 4704; x_wconf 69' lang='grc' dir='ltr'>Φιρμιλιανός</span> <span class='ocrx_word' id='word_1_503' title='bbox 910 4643 972 4681; x_wconf 89' lang='grc' dir='ltr'><strong>τε</strong></span> <span class='ocrx_word' id='word_1_504' title='bbox 997 4627 1027 4679; x_wconf 90' lang='lat'><strong>6</strong></span> <span class='ocrx_word' id='word_1_505' title='bbox 1044 4622 1146 4692; x_wconf 74' lang='grc' dir='ltr'>τῆς</span> <span class='ocrx_word' id='word_1_506' title='bbox 1171 4618 1565 4676; x_wconf 86' lang='grc' dir='ltr'>Καππαδόκων</span> <span class='ocrx_word' id='word_1_507' title='bbox 1594 4614 1938 4686; x_wconf 79' lang='grc' dir='ltr'>Καισαρείας</span> 
     </span>
    </p>
   </div>
   <div class='ocr_carea' id='block_1_77' title="bbox 365 4708 1942 4800">
    <p class='ocr_par' dir='ltr' id='par_1_77' title="bbox 365 4708 1942 4800">
     <span class='ocr_line' id='line_1_77' title="bbox 365 4708 1942 4800; baseline -0.017 -15"><span class='ocrx_word' id='word_1_508' title='bbox 365 4728 597 4800; x_wconf 83' lang='grc' dir='ltr'>ποιμὴν,</span> <span class='ocrx_word' id='word_1_509' title='bbox 648 4720 957 4794; x_wconf 78' lang='grc' dir='ltr'>περιφανὴς</span> <span class='ocrx_word' id='word_1_510' title='bbox 1013 4718 1174 4786; x_wconf 83' lang='grc' dir='ltr'>ἀνὴρ,</span> <span class='ocrx_word' id='word_1_511' title='bbox 1222 4715 1320 4767; x_wconf 77' lang='grc' dir='ltr'>καὶ</span> <span class='ocrx_word' id='word_1_512' title='bbox 1370 4711 1636 4780; x_wconf 63' lang='grc' dir='ltr'>ἑκατέρας</span> <span class='ocrx_word' id='word_1_513' title='bbox 1684 4708 1942 4778; x_wconf 79' lang='grc' dir='ltr'>γνώσεως</span> 
     </span>
    </p>
   </div>
   <div class='ocr_carea' id='block_1_78' title="bbox 366 4798 1944 4894">
    <p class='ocr_par' dir='ltr' id='par_1_78' title="bbox 366 4798 1944 4894">
     <span class='ocr_line' id='line_1_78' title="bbox 366 4798 1944 4894; baseline -0.016 -18"><span class='ocrx_word' id='word_1_514' title='bbox 366 4798 762 4894; x_wconf 78' lang='grc' dir='ltr'>ἠκριὸωμένας</span> <span class='ocrx_word' id='word_1_515' title='bbox 804 4813 947 4884; x_wconf 78' lang='grc' dir='ltr'>ἔχων</span> <span class='ocrx_word' id='word_1_516' title='bbox 990 4808 1090 4872; x_wconf 78' lang='grc' dir='ltr'>τὰς</span> <span class='ocrx_word' id='word_1_517' title='bbox 1122 4808 1301 4873; x_wconf 69' lang='grc' dir='ltr'>ἕξεις·</span> <span class='ocrx_word' id='word_1_518' title='bbox 1339 4804 1434 4859; x_wconf 74' lang='grc' dir='ltr'>ἐπὶ</span> <span class='ocrx_word' id='word_1_519' title='bbox 1463 4801 1680 4866; x_wconf 88' lang='grc' dir='ltr'>τούτοις</span> <span class='ocrx_word' id='word_1_520' title='bbox 1721 4798 1944 4858; x_wconf 82' lang='grc' dir='ltr'>Ἕλενος</span> 
     </span>
    </p>
   </div>
   <div class='ocr_carea' id='block_1_79' title="bbox 366 4891 1945 4984">
    <p class='ocr_par' dir='ltr' id='par_1_79' title="bbox 366 4891 1945 4984">
     <span class='ocr_line' id='line_1_79' title="bbox 366 4891 1945 4984; baseline -0.016 -15"><span class='ocrx_word' id='word_1_521' title='bbox 366 4891 402 4970; x_wconf 23' lang='lat' dir='ltr'><em>6V</em></span> <span class='ocrx_word' id='word_1_522' title='bbox 425 4914 527 4984; x_wconf 82' lang='grc' dir='ltr'>τὴν</span> <span class='ocrx_word' id='word_1_523' title='bbox 560 4909 803 4964; x_wconf 80' lang='grc' dir='ltr'>Κιλίκων</span> <span class='ocrx_word' id='word_1_524' title='bbox 856 4904 1044 4965; x_wconf 85' lang='grc' dir='ltr'>ίθύνας</span> <span class='ocrx_word' id='word_1_525' title='bbox 1095 4897 1434 4972; x_wconf 88' lang='grc' dir='ltr'>μητρόπολιν</span> <span class='ocrx_word' id='word_1_526' title='bbox 1478 4897 1536 4949; x_wconf 76' lang='grc' dir='ltr'>ὲν</span> <span class='ocrx_word' id='word_1_527' title='bbox 1564 4893 1769 4964; x_wconf 85' lang='grc' dir='ltr'>Ταρσῷ</span> <span class='ocrx_word' id='word_1_528' title='bbox 1793 4908 1807 4922; x_wconf 88' lang='grc'><strong>·</strong></span> <span class='ocrx_word' id='word_1_529' title='bbox 1840 4891 1945 4945; x_wconf 86' lang='grc' dir='ltr'><strong>Νι-</strong></span> 
     </span>
    </p>
   </div>
   <div class='ocr_carea' id='block_1_80' title="bbox 369 4983 1940 5076">
    <p class='ocr_par' dir='ltr' id='par_1_80' title="bbox 369 4983 1940 5076">
     <span class='ocr_line' id='line_1_80' title="bbox 369 4983 1940 5076; baseline -0.016 -17"><span class='ocrx_word' id='word_1_530' title='bbox 369 5005 546 5076; x_wconf 76' lang='grc' dir='ltr'>κομᾶς</span> <span class='ocrx_word' id='word_1_531' title='bbox 580 5018 641 5054; x_wconf 88' lang='grc' dir='ltr'><strong>τε</strong></span> <span class='ocrx_word' id='word_1_532' title='bbox 662 5002 690 5052; x_wconf 88' lang='lat'><strong>6</strong></span> <span class='ocrx_word' id='word_1_533' title='bbox 717 4999 821 5068; x_wconf 81' lang='grc' dir='ltr'><strong>τῆς</strong></span> <span class='ocrx_word' id='word_1_534' title='bbox 841 4995 1116 5049; x_wconf 86' lang='grc' dir='ltr'>Ἰκονιέων</span> <span class='ocrx_word' id='word_1_535' title='bbox 1146 4988 1581 5059; x_wconf 82' lang='grc' dir='ltr'>κατακοσμήσας</span> <span class='ocrx_word' id='word_1_536' title='bbox 1608 4988 1700 5039; x_wconf 78' lang='grc' dir='ltr'><strong>τὸν</strong></span> <span class='ocrx_word' id='word_1_537' title='bbox 1729 4983 1940 5054; x_wconf 80' lang='grc' dir='ltr'>θρόνον⁶</span> 
     </span>
    </p>
   </div>
   <div class='ocr_carea' id='block_1_81' title="bbox 366 5078 1945 5159">
    <p class='ocr_par' dir='ltr' id='par_1_81' title="bbox 366 5078 1945 5159">
     <span class='ocr_line' id='line_1_81' title="bbox 366 5078 1945 5159; baseline -0.016 -8"><span class='ocrx_word' id='word_1_538' title='bbox 366 5100 435 5150; x_wconf 76' lang='grc' dir='ltr'>ὲκ</span> <span class='ocrx_word' id='word_1_539' title='bbox 466 5096 525 5150; x_wconf 76' lang='grc' dir='ltr'>δὲ</span> <span class='ocrx_word' id='word_1_540' title='bbox 559 5091 927 5159; x_wconf 88' lang='grc' dir='ltr'>Παλαιστίνης</span> <span class='ocrx_word' id='word_1_541' title='bbox 957 5090 985 5141; x_wconf 91' lang='grc' dir='ltr'><strong>ό</strong></span> <span class='ocrx_word' id='word_1_542' title='bbox 1015 5087 1114 5158; x_wconf 75' lang='grc' dir='ltr'>τὴν</span> <span class='ocrx_word' id='word_1_543' title='bbox 1138 5081 1541 5155; x_wconf 85' lang='grc' dir='ltr'>Ἰεροσολύμων</span> <span class='ocrx_word' id='word_1_544' title='bbox 1564 5078 1945 5144; x_wconf 72' lang='grc' dir='ltr'>ὲπισκοπήσας</span> 
     </span>
    </p>
   </div>
   <div class='ocr_carea' id='block_1_82' title="bbox 381 5166 1950 5260">
    <p class='ocr_par' dir='ltr' id='par_1_82' title="bbox 381 5166 1950 5260">
     <span class='ocr_line' id='line_1_82' title="bbox 381 5166 1950 5260; baseline -0.017 -16"><span class='ocrx_word' id='word_1_545' title='bbox 381 5188 707 5260; x_wconf 81' lang='grc' dir='ltr'>Ὑμέναιος·</span> <span class='ocrx_word' id='word_1_546' title='bbox 740 5184 838 5251; x_wconf 81' lang='grc' dir='ltr'>τῆς</span> <span class='ocrx_word' id='word_1_547' title='bbox 879 5197 941 5233; x_wconf 90' lang='grc' dir='ltr'><strong>τε</strong></span> <span class='ocrx_word' id='word_1_548' title='bbox 975 5181 1179 5250; x_wconf 76' lang='grc' dir='ltr'>ὁμόρου</span> <span class='ocrx_word' id='word_1_549' title='bbox 1232 5173 1408 5246; x_wconf 82' lang='grc' dir='ltr'>ταύτῃ</span> <span class='ocrx_word' id='word_1_550' title='bbox 1440 5168 1777 5240; x_wconf 82' lang='grc' dir='ltr'>Καισαρείας</span> <span class='ocrx_word' id='word_1_551' title='bbox 1819 5166 1950 5219; x_wconf 89' lang='grc' dir='ltr'>Θεό-</span> 
     </span>
    </p>
   </div>
   <div class='ocr_carea' id='block_1_83' title="bbox 372 5258 1949 5345">
    <p class='ocr_par' dir='ltr' id='par_1_83' title="bbox 372 5258 1949 5345">
     <span class='ocr_line' id='line_1_83' title="bbox 372 5258 1949 5345; baseline -0.017 -8"><span class='ocrx_word' id='word_1_552' title='bbox 372 5295 603 5344; x_wconf 75' lang='grc' dir='ltr'>τεκνοςο</span> <span class='ocrx_word' id='word_1_553' title='bbox 656 5275 908 5345; x_wconf 79' lang='grc' dir='ltr'>Μάξιμός</span> <span class='ocrx_word' id='word_1_554' title='bbox 960 5289 1021 5324; x_wconf 89' lang='grc' dir='ltr'><strong>τε</strong></span> <span class='ocrx_word' id='word_1_555' title='bbox 1079 5270 1219 5340; x_wconf 81' lang='grc' dir='ltr'>πρὸς</span> <span class='ocrx_word' id='word_1_556' title='bbox 1269 5267 1504 5328; x_wconf 82' lang='grc' dir='ltr'>τούτοις,</span> <span class='ocrx_word' id='word_1_557' title='bbox 1559 5264 1615 5326; x_wconf 77' lang='grc' dir='ltr'>ὃς</span> <span class='ocrx_word' id='word_1_558' title='bbox 1658 5262 1769 5314; x_wconf 86' lang='grc' dir='ltr'><strong>τῶν</strong></span> <span class='ocrx_word' id='word_1_559' title='bbox 1804 5258 1949 5312; x_wconf 85' lang='grc' dir='ltr'>κατὰ</span> 
     </span>
    </p>
   </div>
   <div class='ocr_carea' id='block_1_84' title="bbox 375 5353 1950 5443">
    <p class='ocr_par' dir='ltr' id='par_1_84' title="bbox 375 5353 1950 5443">
     <span class='ocr_line' id='line_1_84' title="bbox 375 5353 1950 5443; baseline -0.016 -15"><span class='ocrx_word' id='word_1_560' title='bbox 375 5374 622 5443; x_wconf 79' lang='grc' dir='ltr'>Βόστραν</span> <span class='ocrx_word' id='word_1_561' title='bbox 661 5366 908 5436; x_wconf 79' lang='grc' dir='ltr'>ἀδελφῶν</span> <span class='ocrx_word' id='word_1_562' title='bbox 956 5366 1213 5433; x_wconf 84' lang='grc' dir='ltr'>προεῖχεν</span> <span class='ocrx_word' id='word_1_563' title='bbox 1238 5380 1251 5394; x_wconf 87' lang='grc'><strong>·</strong></span> <span class='ocrx_word' id='word_1_564' title='bbox 1274 5357 1545 5428; x_wconf 68' lang='grc' dir='ltr'>θεόφιλός</span> <span class='ocrx_word' id='word_1_565' title='bbox 1587 5372 1647 5409; x_wconf 81' lang='grc' dir='ltr'><strong>τε</strong></span> <span class='ocrx_word' id='word_1_566' title='bbox 1683 5356 1777 5408; x_wconf 80' lang='grc' dir='ltr'><strong>καὶ</strong></span> <span class='ocrx_word' id='word_1_567' title='bbox 1808 5353 1950 5422; x_wconf 83' lang='grc' dir='ltr'>Πρό-</span> 
     </span>
    </p>
   </div>
   <div class='ocr_carea' id='block_1_85' title="bbox 450 5511 1948 5597">
    <p class='ocr_par' dir='ltr' id='par_1_85' title="bbox 450 5511 1948 5597">
     <span class='ocr_line' id='line_1_85' title="bbox 450 5511 1948 5597; baseline -0.014 -13"><span class='ocrx_word' id='word_1_568' title='bbox 450 5534 527 5597; x_wconf 64' lang='grc' dir='ltr'><strong>ιὶ)</strong></span> <span class='ocrx_word' id='word_1_569' title='bbox 574 5548 592 5580; x_wconf 85' lang='grc' dir='ltr'><strong>ι</strong></span> <span class='ocrx_word' id='word_1_570' title='bbox 633 5526 690 5581; x_wconf 82' lang='grc' dir='ltr'>1η</span> <span class='ocrx_word' id='word_1_571' title='bbox 733 5524 958 5579; x_wconf 81' lang='lat' dir='ltr'><strong>Oriente</strong></span> <span class='ocrx_word' id='word_1_572' title='bbox 986 5521 1267 5597; x_wconf 77' lang='lat' dir='ltr'><strong>Qdenatus</strong></span> <span class='ocrx_word' id='word_1_573' title='bbox 1320 5516 1515 5597; x_wconf 51' lang='lat' dir='ltr'><strong>Persas</strong></span> <span class='ocrx_word' id='word_1_574' title='bbox 1553 5511 1948 5597; x_wconf 50' lang='lat' dir='ltr'><strong>vicit,_Sj;riam</strong></span> 
     </span>
    </p>
   </div>
   <div class='ocr_carea' id='block_1_86' title="bbox 381 5582 1952 5665">
    <p class='ocr_par' dir='ltr' id='par_1_86' title="bbox 381 5582 1952 5665">
     <span class='ocr_line' id='line_1_86' title="bbox 381 5582 1952 5665; baseline -0.017 -7"><span class='ocrx_word' id='word_1_575' title='bbox 381 5582 650 5665; x_wconf 53' lang='lat' dir='ltr'><strong>defendit,</strong></span> <span class='ocrx_word' id='word_1_576' title='bbox 685 5592 1126 5665; x_wconf 62' lang='lat' dir='ltr'><strong>Mesopotamiam</strong></span> <span class='ocrx_word' id='word_1_577' title='bbox 1155 5587 1407 5665; x_wconf 85' lang='lat' dir='ltr'><strong>_rccepit,</strong></span> <span class='ocrx_word' id='word_1_578' title='bbox 1444 5582 1726 5665; x_wconf 49' lang='lat' dir='ltr'><strong>usquead</strong></span> <span class='ocrx_word' id='word_1_579' title='bbox 1777 5582 1952 5665; x_wconf 72' lang='lat' dir='ltr'><strong>Ctesi-</strong></span> 
     </span>
    </p>
   </div>
   <div class='ocr_carea' id='block_1_87' title="bbox 381 5651 1948 5743">
    <p class='ocr_par' dir='ltr' id='par_1_87' title="bbox 381 5651 1948 5743">
     <span class='ocr_line' id='line_1_87' title="bbox 381 5651 1948 5743; baseline -0.015 -17"><span class='ocrx_word' id='word_1_580' title='bbox 381 5651 649 5743; x_wconf 61' lang='grc' dir='ltr'><strong>ᾗῐιῖιῖιὲιίῐ</strong></span> <span class='ocrx_word' id='word_1_581' title='bbox 665 5651 962 5743; x_wconf 59' lang='lat' dir='ltr'><strong>pervenit.</strong></span> <span class='ocrx_word' id='word_1_582' title='bbox 997 5651 1361 5743; x_wconf 39' lang='lat' dir='ltr'><strong>Deindeﬁvero</strong></span> <span class='ocrx_word' id='word_1_583' title='bbox 1396 5651 1541 5710; x_wconf 56' lang='lat' dir='ltr'><strong>cum&#39;</strong></span> <span class='ocrx_word' id='word_1_584' title='bbox 1570 5654 1680 5706; x_wconf 83' lang='lat' dir='ltr'><strong>tilio</strong></span> <span class='ocrx_word' id='word_1_585' title='bbox 1713 5651 1948 5732; x_wconf 80' lang='lat' dir='ltr'><strong>Herode,</strong></span> 
     </span>
    </p>
   </div>
   <div class='ocr_carea' id='block_1_88' title="bbox 384 5722 1952 5810">
    <p class='ocr_par' dir='ltr' id='par_1_88' title="bbox 384 5722 1952 5810">
     <span class='ocr_line' id='line_1_88' title="bbox 384 5722 1952 5810; baseline -0.016 -13"><span class='ocrx_word' id='word_1_586' title='bbox 384 5722 592 5810; x_wconf 60' lang='grc' dir='ltr'><strong>ἓᾷρὸέέ</strong></span> <span class='ocrx_word' id='word_1_587' title='bbox 627 5722 771 5791; x_wconf 75' lang='lat' dir='ltr'><strong>victo</strong></span> <span class='ocrx_word' id='word_1_588' title='bbox 800 5732 930 5805; x_wconf 65' lang='lat' dir='ltr'><strong>\fuit</strong></span> <span class='ocrx_word' id='word_1_589' title='bbox 958 5742 1165 5810; x_wconf 39' lang='lat' dir='ltr'><strong>ﬂantem</strong></span> <span class='ocrx_word' id='word_1_590' title='bbox 1203 5729 1657 5809; x_wconf 71' lang='lat' dir='ltr'><strong>Palmyrenorum</strong></span> <span class='ocrx_word' id='word_1_591' title='bbox 1694 5722 1952 5803; x_wconf 74' lang='lat' dir='ltr'><strong>princeps</strong></span> 
     </span>
    </p>
   </div>
   <div class='ocr_carea' id='block_1_89' title="bbox 384 5790 1950 5869">
    <p class='ocr_par' dir='ltr' id='par_1_89' title="bbox 384 5790 1950 5869">
     <span class='ocr_line' id='line_1_89' title="bbox 384 5790 1950 5869; baseline -0.018 0"><span class='ocrx_word' id='word_1_592' title='bbox 384 5790 688 5869; x_wconf 45' lang='lat' dir='ltr'><strong>Odtcnatus.</strong></span> <span class='ocrx_word' id='word_1_593' title='bbox 749 5790 820 5858; x_wconf 48' lang='lat' dir='ltr'><strong>et‘</strong></span> <span class='ocrx_word' id='word_1_594' title='bbox 858 5819 887 5857; x_wconf 89' lang='lat' dir='ltr'><strong>a</strong></span> <span class='ocrx_word' id='word_1_595' title='bbox 951 5801 1181 5857; x_wconf 83' lang='lat' dir='ltr'><strong>Galieno</strong></span> <span class='ocrx_word' id='word_1_596' title='bbox 1236 5799 1288 5869; x_wconf 85' lang='lat' dir='ltr'><strong>in</strong></span> <span class='ocrx_word' id='word_1_597' title='bbox 1352 5790 1671 5869; x_wconf 68' lang='lat' dir='ltr'><strong>societatem</strong></span> <span class='ocrx_word' id='word_1_598' title='bbox 1732 5790 1950 5869; x_wconf 50' lang='lat' dir='ltr'><strong>imhperii</strong></span> 
     </span>
    </p>
   </div>
   <div class='ocr_carea' id='block_1_90' title="bbox 388 5859 1952 5947">
    <p class='ocr_par' dir='ltr' id='par_1_90' title="bbox 388 5859 1952 5947">
     <span class='ocr_line' id='line_1_90' title="bbox 388 5859 1952 5947; baseline -0.019 -5"><span class='ocrx_word' id='word_1_599' title='bbox 388 5859 904 5947; x_wconf 39' lang='lat' dir='ltr'><strong>adscitusj&#39;iusidiis</strong></span> <span class='ocrx_word' id='word_1_600' title='bbox 935 5868 1250 5929; x_wconf 79' lang='lat' dir='ltr'><strong>consobrini</strong></span> <span class='ocrx_word' id='word_1_601' title='bbox 1291 5869 1376 5924; x_wconf 83' lang='lat' dir='ltr'><strong>sui</strong></span> <span class='ocrx_word' id='word_1_602' title='bbox 1410 5866 1627 5920; x_wconf 85' lang='lat' dir='ltr'><strong>occisus</strong></span> <span class='ocrx_word' id='word_1_603' title='bbox 1654 5872 1755 5921; x_wconf 82' lang='lat' dir='ltr'><strong>est.</strong></span> <span class='ocrx_word' id='word_1_604' title='bbox 1784 5859 1952 5931; x_wconf 83' lang='lat' dir='ltr'><strong>Cujus</strong></span> 
     </span>
    </p>
   </div>
   <div class='ocr_carea' id='block_1_91' title="bbox 2013 3311 3592 3404">
    <p class='ocr_par' dir='ltr' id='par_1_91' title="bbox 2013 3311 3592 3404">
     <span class='ocr_line' id='line_1_91' title="bbox 2013 3311 3592 3404; baseline -0.018 -17"><span class='ocrx_word' id='word_1_605' title='bbox 2013 3340 2240 3404; x_wconf 89' lang='lat' dir='ltr'><strong>propter</strong></span> <span class='ocrx_word' id='word_1_606' title='bbox 2264 3337 2478 3383; x_wconf 76' lang='lat' dir='ltr'><strong>aetatem</strong></span> <span class='ocrx_word' id='word_1_607' title='bbox 2504 3325 2778 3384; x_wconf 76' lang='lat' dir='ltr'><strong>aﬂ‘ectam,</strong></span> <span class='ocrx_word' id='word_1_608' title='bbox 2809 3330 2863 3375; x_wconf 91' lang='lat' dir='ltr'><strong>et</strong></span> <span class='ocrx_word' id='word_1_609' title='bbox 2885 3332 3108 3389; x_wconf 80' lang='lat' dir='ltr'><strong>gravem</strong></span> <span class='ocrx_word' id='word_1_610' title='bbox 3135 3311 3592 3369; x_wconf 81' lang='lat' dir='ltr'><strong>imbecillitatem,</strong></span> 
     </span>
    </p>
   </div>
   <div class='ocr_carea' id='block_1_92' title="bbox 2015 3397 3596 3494">
    <p class='ocr_par' dir='ltr' id='par_1_92' title="bbox 2015 3397 3596 3494">
     <span class='ocr_line' id='line_1_92' title="bbox 2015 3397 3596 3494; baseline -0.016 -17"><span class='ocrx_word' id='word_1_611' title='bbox 2015 3397 2291 3494; x_wconf 78' lang='lat' dir='ltr'><strong>proﬁcisci</strong></span> <span class='ocrx_word' id='word_1_612' title='bbox 2326 3435 2393 3474; x_wconf 89' lang='lat' dir='ltr'><strong>eo</strong></span> <span class='ocrx_word' id='word_1_613' title='bbox 2443 3417 2692 3472; x_wconf 87' lang='lat' dir='ltr'><strong>distulit.</strong></span> <span class='ocrx_word' id='word_1_614' title='bbox 2721 3412 2952 3489; x_wconf 86' lang='lat' dir='ltr'><strong>Litteris</strong></span> <span class='ocrx_word' id='word_1_615' title='bbox 2993 3418 3176 3463; x_wconf 87' lang='lat' dir='ltr'><strong>autem</strong></span> <span class='ocrx_word' id='word_1_616' title='bbox 3225 3412 3281 3459; x_wconf 90' lang='lat' dir='ltr'><strong>et</strong></span> <span class='ocrx_word' id='word_1_617' title='bbox 3316 3403 3494 3472; x_wconf 89' lang='lat' dir='ltr'><strong>ipsum</strong></span> <span class='ocrx_word' id='word_1_618' title='bbox 3526 3397 3596 3452; x_wconf 85' lang='lat' dir='ltr'><strong>ad</strong></span> 
     </span>
    </p>
   </div>
   <div class='ocr_carea' id='block_1_93' title="bbox 2017 3486 3600 3570">
    <p class='ocr_par' dir='ltr' id='par_1_93' title="bbox 2017 3486 3600 3570">
     <span class='ocr_line' id='line_1_93' title="bbox 2017 3486 3600 3570; baseline -0.018 -1"><span class='ocrx_word' id='word_1_619' title='bbox 2017 3512 2255 3570; x_wconf 76' lang='lat' dir='ltr'><strong>ofﬁcium</strong></span> <span class='ocrx_word' id='word_1_620' title='bbox 2284 3518 2371 3564; x_wconf 90' lang='lat' dir='ltr'><strong>est</strong></span> <span class='ocrx_word' id='word_1_621' title='bbox 2397 3508 2742 3569; x_wconf 90' lang='lat' dir='ltr'><strong>cohortatus,</strong></span> <span class='ocrx_word' id='word_1_622' title='bbox 2776 3511 2832 3556; x_wconf 90' lang='lat' dir='ltr'><strong>et</strong></span> <span class='ocrx_word' id='word_1_623' title='bbox 2856 3486 2951 3556; x_wconf 85' lang='lat' dir='ltr'><strong>eos</strong></span> <span class='ocrx_word' id='word_1_624' title='bbox 2980 3499 3074 3569; x_wconf 91' lang='lat' dir='ltr'><strong>qui</strong></span> <span class='ocrx_word' id='word_1_625' title='bbox 3102 3497 3169 3551; x_wconf 88' lang='lat' dir='ltr'><strong>ad</strong></span> <span class='ocrx_word' id='word_1_626' title='bbox 3196 3509 3323 3549; x_wconf 90' lang='lat' dir='ltr'><strong>eum</strong></span> <span class='ocrx_word' id='word_1_627' title='bbox 3358 3488 3600 3546; x_wconf 76' lang='lat' dir='ltr'><strong>conﬂue-</strong></span> 
     </span>
    </p>
   </div>
   <div class='ocr_carea' id='block_1_94' title="bbox 2017 3582 3601 3670">
    <p class='ocr_par' dir='ltr' id='par_1_94' title="bbox 2017 3582 3601 3670">
     <span class='ocr_line' id='line_1_94' title="bbox 2017 3582 3601 3670; baseline -0.018 -9"><span class='ocrx_word' id='word_1_628' title='bbox 2017 3608 2170 3670; x_wconf 86' lang='lat' dir='ltr'><strong>bant,</strong></span> <span class='ocrx_word' id='word_1_629' title='bbox 2200 3602 2266 3658; x_wconf 88' lang='lat' dir='ltr'><strong>ad</strong></span> <span class='ocrx_word' id='word_1_630' title='bbox 2298 3600 2552 3656; x_wconf 86' lang='lat' dir='ltr'><strong>ardorem</strong></span> <span class='ocrx_word' id='word_1_631' title='bbox 2576 3607 2633 3652; x_wconf 87' lang='lat' dir='ltr'><strong>et</strong></span> <span class='ocrx_word' id='word_1_632' title='bbox 2656 3594 3065 3650; x_wconf 68' lang='lat' dir='ltr'><strong>asmulationcm</strong></span> <span class='ocrx_word' id='word_1_633' title='bbox 3093 3603 3236 3642; x_wconf 80' lang='lat' dir='ltr'><strong>verae</strong></span> <span class='ocrx_word' id='word_1_634' title='bbox 3266 3582 3485 3655; x_wconf 88' lang='lat' dir='ltr'><strong>pietatis</strong></span> <span class='ocrx_word' id='word_1_635' title='bbox 3505 3594 3601 3635; x_wconf 56' lang='grc' dir='ltr'><strong>ειν</strong></span> 
     </span>
    </p>
   </div>
   <div class='ocr_carea' id='block_1_95' title="bbox 2020 3678 3599 3764">
    <p class='ocr_par' dir='ltr' id='par_1_95' title="bbox 2020 3678 3599 3764">
     <span class='ocr_line' id='line_1_95' title="bbox 2020 3678 3599 3764; baseline -0.018 -13"><span class='ocrx_word' id='word_1_636' title='bbox 2020 3697 2191 3760; x_wconf 90' lang='lat' dir='ltr'><strong>acuit,</strong></span> <span class='ocrx_word' id='word_1_637' title='bbox 2226 3692 2607 3764; x_wconf 89' lang='lat' dir='ltr'><strong>judiciumque</strong></span> <span class='ocrx_word' id='word_1_638' title='bbox 2635 3703 2795 3743; x_wconf 88' lang='lat' dir='ltr'><strong>suum</strong></span> <span class='ocrx_word' id='word_1_639' title='bbox 2835 3694 2893 3741; x_wconf 89' lang='lat' dir='ltr'><strong>et</strong></span> <span class='ocrx_word' id='word_1_640' title='bbox 2927 3682 3259 3738; x_wconf 87' lang='lat' dir='ltr'><strong>sententiam</strong></span> <span class='ocrx_word' id='word_1_641' title='bbox 3300 3678 3367 3730; x_wconf 92' lang='lat' dir='ltr'><strong>de</strong></span> <span class='ocrx_word' id='word_1_642' title='bbox 3398 3687 3599 3744; x_wconf 88' lang='lat' dir='ltr'><strong>propo-</strong></span> 
     </span>
    </p>
   </div>
   <div class='ocr_carea' id='block_1_96' title="bbox 2021 3763 3604 3855">
    <p class='ocr_par' dir='ltr' id='par_1_96' title="bbox 2021 3763 3604 3855">
     <span class='ocr_line' id='line_1_96' title="bbox 2021 3763 3604 3855; baseline -0.017 -13"><span class='ocrx_word' id='word_1_643' title='bbox 2021 3789 2126 3843; x_wconf 87' lang='lat' dir='ltr'><strong>sita</strong></span> <span class='ocrx_word' id='word_1_644' title='bbox 2156 3783 2462 3855; x_wconf 67' lang='lat' dir='ltr'><strong>quaestione</strong></span> <span class='ocrx_word' id='word_1_645' title='bbox 2494 3782 2560 3834; x_wconf 87' lang='lat' dir='ltr'><strong>ad</strong></span> <span class='ocrx_word' id='word_1_646' title='bbox 2589 3794 2687 3832; x_wconf 90' lang='lat' dir='ltr'><strong>eos</strong></span> <span class='ocrx_word' id='word_1_647' title='bbox 2716 3777 2883 3831; x_wconf 88' lang='lat' dir='ltr'><strong>misit.</strong></span> <span class='ocrx_word' id='word_1_648' title='bbox 2924 3772 3139 3841; x_wconf 80' lang='lat' dir='ltr'><strong>Reliqui</strong></span> <span class='ocrx_word' id='word_1_649' title='bbox 3176 3782 3307 3824; x_wconf 88' lang='lat' dir='ltr'><strong>vero</strong></span> <span class='ocrx_word' id='word_1_650' title='bbox 3341 3763 3604 3821; x_wconf 87' lang='lat' dir='ltr'><strong>ecclesia-</strong></span> 
     </span>
    </p>
   </div>
   <div class='ocr_carea' id='block_1_97' title="bbox 2024 3856 3603 3939">
    <p class='ocr_par' dir='ltr' id='par_1_97' title="bbox 2024 3856 3603 3939">
     <span class='ocr_line' id='line_1_97' title="bbox 2024 3856 3603 3939; baseline -0.02 -5"><span class='ocrx_word' id='word_1_651' title='bbox 2024 3894 2146 3934; x_wconf 90' lang='lat' dir='ltr'><strong>rum</strong></span> <span class='ocrx_word' id='word_1_652' title='bbox 2179 3874 2474 3939; x_wconf 89' lang='lat' dir='ltr'><strong>antistites,</strong></span> <span class='ocrx_word' id='word_1_653' title='bbox 2505 3870 2673 3926; x_wconf 86' lang='lat' dir='ltr'><strong>veluti</strong></span> <span class='ocrx_word' id='word_1_654' title='bbox 2708 3869 2777 3923; x_wconf 89' lang='lat' dir='ltr'><strong>ad</strong></span> <span class='ocrx_word' id='word_1_655' title='bbox 2810 3873 3117 3923; x_wconf 80' lang='lat' dir='ltr'><strong>vastantem</strong></span> <span class='ocrx_word' id='word_1_656' title='bbox 3144 3870 3202 3916; x_wconf 92' lang='lat' dir='ltr'><strong>et</strong></span> <span class='ocrx_word' id='word_1_657' title='bbox 3235 3856 3603 3930; x_wconf 87' lang='lat' dir='ltr'><strong>perniciosam</strong></span> 
     </span>
    </p>
   </div>
   <div class='ocr_carea' id='block_1_98' title="bbox 2026 3945 3608 4028">
    <p class='ocr_par' dir='ltr' id='par_1_98' title="bbox 2026 3945 3608 4028">
     <span class='ocr_line' id='line_1_98' title="bbox 2026 3945 3608 4028; baseline -0.018 -2"><span class='ocrx_word' id='word_1_658' title='bbox 2026 3972 2197 4026; x_wconf 85' lang='lat' dir='ltr'><strong>feram</strong></span> <span class='ocrx_word' id='word_1_659' title='bbox 2231 3966 2654 4028; x_wconf 87' lang='lat' dir='ltr'><strong>conﬁciendam,</strong></span> <span class='ocrx_word' id='word_1_660' title='bbox 2694 3957 3041 4016; x_wconf 82' lang='lat' dir='ltr'><strong>Antiochiam</strong></span> <span class='ocrx_word' id='word_1_661' title='bbox 3067 3953 3433 4022; x_wconf 84' lang='lat' dir='ltr'><strong>undequaque</strong></span> <span class='ocrx_word' id='word_1_662' title='bbox 3462 3945 3608 3997; x_wconf 78' lang='lat' dir='ltr'><strong>alius</strong></span> 
     </span>
    </p>
   </div>
   <div class='ocr_carea' id='block_1_99' title="bbox 2025 4042 3609 4136">
    <p class='ocr_par' dir='ltr' id='par_1_99' title="bbox 2025 4042 3609 4136">
     <span class='ocr_line' id='line_1_99' title="bbox 2025 4042 3609 4136; baseline -0.02 -18"><span class='ocrx_word' id='word_1_663' title='bbox 2025 4071 2150 4136; x_wconf 89' lang='lat' dir='ltr'><strong>post</strong></span> <span class='ocrx_word' id='word_1_664' title='bbox 2188 4060 2355 4115; x_wconf 89' lang='lat' dir='ltr'><strong>alium</strong></span> <span class='ocrx_word' id='word_1_665' title='bbox 2388 4053 2879 4126; x_wconf 77' lang='lat' dir='ltr'><strong>congregabantur,</strong></span> <span class='ocrx_word' id='word_1_666' title='bbox 2910 4046 3326 4116; x_wconf 87' lang='lat' dir='ltr'><strong>respicndcntes</strong></span> <span class='ocrx_word' id='word_1_667' title='bbox 3353 4050 3516 4092; x_wconf 80' lang='lat' dir='ltr'><strong>enses</strong></span> <span class='ocrx_word' id='word_1_668' title='bbox 3551 4042 3609 4087; x_wconf 90' lang='lat' dir='ltr'><strong>et</strong></span> 
     </span>
    </p>
   </div>
   <div class='ocr_carea' id='block_1_100' title="bbox 2028 4131 3603 4226">
    <p class='ocr_par' dir='ltr' id='par_1_100' title="bbox 2028 4131 3603 4226">
     <span class='ocr_line' id='line_1_100' title="bbox 2028 4131 3603 4226; baseline -0.022 -14"><span class='ocrx_word' id='word_1_669' title='bbox 2028 4152 2309 4226; x_wconf 88' lang='lat' dir='ltr'><strong>cuspides,</strong></span> <span class='ocrx_word' id='word_1_670' title='bbox 2339 4166 2467 4205; x_wconf 87' lang='lat' dir='ltr'><strong>vera</strong></span> <span class='ocrx_word' id='word_1_671' title='bbox 2506 4146 2766 4203; x_wconf 83' lang='lat' dir='ltr'><strong>Ecclesiae</strong></span> <span class='ocrx_word' id='word_1_672' title='bbox 2792 4143 3066 4212; x_wconf 82' lang='lat' dir='ltr'><strong>dogmata,</strong></span> <span class='ocrx_word' id='word_1_673' title='bbox 3100 4152 3219 4207; x_wconf 75' lang='lat' dir='ltr'><strong>pra:</strong></span> <span class='ocrx_word' id='word_1_674' title='bbox 3254 4150 3312 4188; x_wconf 83' lang='lat' dir='ltr'><strong>se</strong></span> <span class='ocrx_word' id='word_1_675' title='bbox 3341 4131 3603 4186; x_wconf 78' lang='lat' dir='ltr'><strong>ferentes.</strong></span> 
     </span>
    </p>
   </div>
   <div class='ocr_carea' id='block_1_101' title="bbox 2026 4216 3609 4312">
    <p class='ocr_par' dir='ltr' id='par_1_101' title="bbox 2026 4216 3609 4312">
     <span class='ocr_line' id='line_1_101' title="bbox 2026 4216 3609 4312; baseline -0.02 -12"><span class='ocrx_word' id='word_1_676' title='bbox 2026 4246 2234 4300; x_wconf 86' lang='lat' dir='ltr'><strong>Eorum</strong></span> <span class='ocrx_word' id='word_1_677' title='bbox 2291 4240 2454 4312; x_wconf 89' lang='lat' dir='ltr'><strong>primi</strong></span> <span class='ocrx_word' id='word_1_678' title='bbox 2492 4237 2734 4293; x_wconf 85' lang='lat' dir='ltr'><strong>nominis</strong></span> <span class='ocrx_word' id='word_1_679' title='bbox 2766 4242 2822 4288; x_wconf 89' lang='lat' dir='ltr'><strong>et</strong></span> <span class='ocrx_word' id='word_1_680' title='bbox 2870 4230 3107 4285; x_wconf 86' lang='lat' dir='ltr'><strong>maxime</strong></span> <span class='ocrx_word' id='word_1_681' title='bbox 3154 4224 3403 4281; x_wconf 86' lang='lat' dir='ltr'><strong>celebres</strong></span> <span class='ocrx_word' id='word_1_682' title='bbox 3446 4216 3609 4272; x_wconf 88' lang='lat' dir='ltr'><strong>sicuti</strong></span> 
     </span>
    </p>
   </div>
   <div class='ocr_carea' id='block_1_102' title="bbox 2033 4315 3612 4398">
    <p class='ocr_par' dir='ltr' id='par_1_102' title="bbox 2033 4315 3612 4398">
     <span class='ocr_line' id='line_1_102' title="bbox 2033 4315 3612 4398; baseline -0.022 -6"><span class='ocrx_word' id='word_1_683' title='bbox 2033 4334 2202 4391; x_wconf 64' lang='lat' dir='ltr'><strong>stellae</strong></span> <span class='ocrx_word' id='word_1_684' title='bbox 2234 4333 2512 4388; x_wconf 88' lang='lat' dir='ltr'><strong>radiantes</strong></span> <span class='ocrx_word' id='word_1_685' title='bbox 2546 4324 2944 4398; x_wconf 68' lang='lat' dir='ltr'><strong>praefulgebant</strong></span> <span class='ocrx_word' id='word_1_686' title='bbox 2988 4339 3001 4375; x_wconf 90' lang='lat'><strong>:</strong></span> <span class='ocrx_word' id='word_1_687' title='bbox 3043 4315 3342 4386; x_wconf 82' lang='lat' dir='ltr'><strong>Gregorius</strong></span> <span class='ocrx_word' id='word_1_688' title='bbox 3383 4323 3612 4377; x_wconf 82' lang='lat' dir='ltr'><strong>magnus</strong></span> 
     </span>
    </p>
   </div>
   <div class='ocr_carea' id='block_1_103' title="bbox 2036 4399 3609 4489">
    <p class='ocr_par' dir='ltr' id='par_1_103' title="bbox 2036 4399 3609 4489">
     <span class='ocr_line' id='line_1_103' title="bbox 2036 4399 3609 4489; baseline -0.019 -10"><span class='ocrx_word' id='word_1_689' title='bbox 2036 4424 2150 4489; x_wconf 82' lang='lat' dir='ltr'><strong>ille,</strong></span> <span class='ocrx_word' id='word_1_690' title='bbox 2174 4420 2455 4476; x_wconf 88' lang='lat' dir='ltr'><strong>miraculis</strong></span> <span class='ocrx_word' id='word_1_691' title='bbox 2480 4416 2706 4473; x_wconf 85' lang='lat' dir='ltr'><strong>edendis</strong></span> <span class='ocrx_word' id='word_1_692' title='bbox 2733 4415 3056 4466; x_wconf 87' lang='lat' dir='ltr'><strong>decantatus</strong></span> <span class='ocrx_word' id='word_1_693' title='bbox 3084 4426 3096 4462; x_wconf 87' lang='lat'><strong>:</strong></span> <span class='ocrx_word' id='word_1_694' title='bbox 3128 4415 3183 4461; x_wconf 88' lang='lat' dir='ltr'><strong>et</strong></span> <span class='ocrx_word' id='word_1_695' title='bbox 3201 4399 3609 4459; x_wconf 79' lang='lat' dir='ltr'><strong>Athenodorus,</strong></span> 
     </span>
    </p>
   </div>
   <div class='ocr_carea' id='block_1_104' title="bbox 2038 4492 3619 4579">
    <p class='ocr_par' dir='ltr' id='par_1_104' title="bbox 2038 4492 3619 4579">
     <span class='ocr_line' id='line_1_104' title="bbox 2038 4492 3619 4579; baseline -0.02 -6"><span class='ocrx_word' id='word_1_696' title='bbox 2038 4514 2353 4579; x_wconf 87' lang='lat' dir='ltr'><strong>sententiis,</strong></span> <span class='ocrx_word' id='word_1_697' title='bbox 2382 4510 2566 4565; x_wconf 83' lang='lat' dir='ltr'><strong>verbis</strong></span> <span class='ocrx_word' id='word_1_698' title='bbox 2595 4515 2652 4562; x_wconf 90' lang='lat' dir='ltr'><strong>et</strong></span> <span class='ocrx_word' id='word_1_699' title='bbox 2679 4504 2861 4566; x_wconf 77' lang='lat' dir='ltr'><strong>factis,</strong></span> <span class='ocrx_word' id='word_1_700' title='bbox 2896 4502 3135 4557; x_wconf 82' lang='lat' dir='ltr'><strong>fraterne</strong></span> <span class='ocrx_word' id='word_1_701' title='bbox 3171 4495 3331 4568; x_wconf 52' lang='lat'><strong>£21</strong></span> <span class='ocrx_word' id='word_1_702' title='bbox 3381 4492 3455 4546; x_wconf 92' lang='lat' dir='ltr'><strong>illi</strong></span> <span class='ocrx_word' id='word_1_703' title='bbox 3485 4505 3619 4544; x_wconf 81' lang='lat' dir='ltr'><strong>con-</strong></span> 
     </span>
    </p>
   </div>
   <div class='ocr_carea' id='block_1_105' title="bbox 1965 4581 3621 4683">
    <p class='ocr_par' dir='ltr' id='par_1_105' title="bbox 1965 4581 3621 4683">
     <span class='ocr_line' id='line_1_105' title="bbox 1965 4581 3621 4683; baseline -0.021 -16"><span class='ocrx_word' id='word_1_704' title='bbox 1965 4586 2013 4643; x_wconf 63' lang='grc' dir='ltr'><strong>θ</strong></span> <span class='ocrx_word' id='word_1_705' title='bbox 2035 4613 2260 4683; x_wconf 86' lang='lat' dir='ltr'><strong>junctus</strong></span> <span class='ocrx_word' id='word_1_706' title='bbox 2295 4624 2309 4662; x_wconf 87' lang='lat'><strong>:</strong></span> <span class='ocrx_word' id='word_1_707' title='bbox 2342 4603 2695 4661; x_wconf 88' lang='lat' dir='ltr'><strong>Ponticarum</strong></span> <span class='ocrx_word' id='word_1_708' title='bbox 2723 4596 3081 4653; x_wconf 88' lang='lat' dir='ltr'><strong>ecclesiarum</strong></span> <span class='ocrx_word' id='word_1_709' title='bbox 3128 4585 3396 4659; x_wconf 85' lang='lat' dir='ltr'><strong>episcopi,</strong></span> <span class='ocrx_word' id='word_1_710' title='bbox 3422 4581 3621 4638; x_wconf 88' lang='lat' dir='ltr'><strong>Firmi-</strong></span> 
     </span>
    </p>
   </div>
   <div class='ocr_carea' id='block_1_106' title="bbox 2041 4675 3621 4763">
    <p class='ocr_par' dir='ltr' id='par_1_106' title="bbox 2041 4675 3621 4763">
     <span class='ocr_line' id='line_1_106' title="bbox 2041 4675 3621 4763; baseline -0.02 -4"><span class='ocrx_word' id='word_1_711' title='bbox 2041 4675 2222 4759; x_wconf 73' lang='lat' dir='ltr'><strong>iianhs</strong></span> <span class='ocrx_word' id='word_1_712' title='bbox 2256 4699 2519 4755; x_wconf 72' lang='lat' dir='ltr'><strong>Caesareae</strong></span> <span class='ocrx_word' id='word_1_713' title='bbox 2557 4691 2943 4763; x_wconf 88' lang='lat' dir='ltr'><strong>Cappadocum</strong></span> <span class='ocrx_word' id='word_1_714' title='bbox 2976 4685 3237 4745; x_wconf 89' lang='lat' dir='ltr'><strong>antistes,</strong></span> <span class='ocrx_word' id='word_1_715' title='bbox 3269 4682 3356 4733; x_wconf 84' lang='lat' dir='ltr'><strong>vir</strong></span> <span class='ocrx_word' id='word_1_716' title='bbox 3394 4675 3621 4747; x_wconf 69' lang='lat' dir='ltr'><strong>praecla-</strong></span> 
     </span>
    </p>
   </div>
   <div class='ocr_carea' id='block_1_107' title="bbox 2044 4771 3621 4857">
    <p class='ocr_par' dir='ltr' id='par_1_107' title="bbox 2044 4771 3621 4857">
     <span class='ocr_line' id='line_1_107' title="bbox 2044 4771 3621 4857; baseline -0.018 -7"><span class='ocrx_word' id='word_1_717' title='bbox 2044 4809 2164 4857; x_wconf 88' lang='lat' dir='ltr'><strong>rus,</strong></span> <span class='ocrx_word' id='word_1_718' title='bbox 2194 4800 2250 4847; x_wconf 89' lang='lat' dir='ltr'><strong>et</strong></span> <span class='ocrx_word' id='word_1_719' title='bbox 2277 4788 2563 4856; x_wconf 88' lang='lat' dir='ltr'><strong>utriusque</strong></span> <span class='ocrx_word' id='word_1_720' title='bbox 2582 4783 2800 4855; x_wconf 85' lang='lat' dir='ltr'><strong>generis</strong></span> <span class='ocrx_word' id='word_1_721' title='bbox 2819 4782 3133 4835; x_wconf 87' lang='lat' dir='ltr'><strong>litteratura</strong></span> <span class='ocrx_word' id='word_1_722' title='bbox 3155 4786 3368 4831; x_wconf 87' lang='lat' dir='ltr'><strong>summe</strong></span> <span class='ocrx_word' id='word_1_723' title='bbox 3385 4771 3583 4826; x_wconf 81' lang='lat' dir='ltr'><strong>ductus</strong></span> <span class='ocrx_word' id='word_1_724' title='bbox 3606 4784 3621 4821; x_wconf 93' lang='lat'><strong>:</strong></span> 
     </span>
    </p>
   </div>
   <div class='ocr_carea' id='block_1_108' title="bbox 2043 4868 3624 4948">
    <p class='ocr_par' dir='ltr' id='par_1_108' title="bbox 2043 4868 3624 4948">
     <span class='ocr_line' id='line_1_108' title="bbox 2043 4868 3624 4948; baseline -0.016 -7"><span class='ocrx_word' id='word_1_725' title='bbox 2043 4884 2287 4941; x_wconf 80' lang='lat' dir='ltr'><strong>Helenus</strong></span> <span class='ocrx_word' id='word_1_726' title='bbox 2326 4876 2648 4948; x_wconf 85' lang='lat' dir='ltr'><strong>metropolis</strong></span> <span class='ocrx_word' id='word_1_727' title='bbox 2679 4873 2836 4929; x_wconf 88' lang='lat' dir='ltr'><strong>Tarsi</strong></span> <span class='ocrx_word' id='word_1_728' title='bbox 2858 4871 3089 4927; x_wconf 84' lang='lat' dir='ltr'><strong>Cilicum</strong></span> <span class='ocrx_word' id='word_1_729' title='bbox 3124 4868 3419 4938; x_wconf 84' lang='lat' dir='ltr'><strong>episcopus</strong></span> <span class='ocrx_word' id='word_1_730' title='bbox 3450 4880 3463 4916; x_wconf 89' lang='lat'><strong>:</strong></span> <span class='ocrx_word' id='word_1_731' title='bbox 3492 4878 3624 4933; x_wconf 74' lang='lat' dir='ltr'><strong>pra:-</strong></span> 
     </span>
    </p>
   </div>
   <div class='ocr_carea' id='block_1_109' title="bbox 2045 4958 3621 5036">
    <p class='ocr_par' dir='ltr' id='par_1_109' title="bbox 2045 4958 3621 5036">
     <span class='ocr_line' id='line_1_109' title="bbox 2045 4958 3621 5036; baseline -0.016 -4"><span class='ocrx_word' id='word_1_732' title='bbox 2045 4987 2194 5032; x_wconf 81' lang='lat' dir='ltr'><strong>terea</strong></span> <span class='ocrx_word' id='word_1_733' title='bbox 2224 4974 2478 5029; x_wconf 82' lang='lat' dir='ltr'><strong>Nioomas</strong></span> <span class='ocrx_word' id='word_1_734' title='bbox 2504 4964 2699 5030; x_wconf 81' lang='lat' dir='ltr'><strong>leonii,</strong></span> <span class='ocrx_word' id='word_1_735' title='bbox 2724 4966 3056 5036; x_wconf 73' lang='lat' dir='ltr'><strong>Hymenaeus</strong></span> <span class='ocrx_word' id='word_1_736' title='bbox 3091 4958 3621 5029; x_wconf 79' lang='lat' dir='ltr'><strong>Hierosolymorum,</strong></span> 
     </span>
    </p>
   </div>
   <div class='ocr_carea' id='block_1_110' title="bbox 2046 5052 3624 5127">
    <p class='ocr_par' dir='ltr' id='par_1_110' title="bbox 2046 5052 3624 5127">
     <span class='ocr_line' id='line_1_110' title="bbox 2046 5052 3624 5127; baseline -0.017 0"><span class='ocrx_word' id='word_1_737' title='bbox 2046 5080 2105 5127; x_wconf 88' lang='lat' dir='ltr'><strong>et</strong></span> <span class='ocrx_word' id='word_1_738' title='bbox 2150 5069 2411 5125; x_wconf 63' lang='lat' dir='ltr'><strong>Caesarea;</strong></span> <span class='ocrx_word' id='word_1_739' title='bbox 2451 5061 2756 5118; x_wconf 71' lang='lat' dir='ltr'><strong>Palaestina:</strong></span> <span class='ocrx_word' id='word_1_740' title='bbox 2806 5059 2892 5113; x_wconf 89' lang='lat' dir='ltr'><strong>his</strong></span> <span class='ocrx_word' id='word_1_741' title='bbox 2951 5056 3197 5110; x_wconf 74' lang='lat' dir='ltr'><strong>linitimze</strong></span> <span class='ocrx_word' id='word_1_742' title='bbox 3249 5052 3624 5108; x_wconf 84' lang='lat' dir='ltr'><strong>Thcotecnus,</strong></span> 
     </span>
    </p>
   </div>
   <div class='ocr_carea' id='block_1_111' title="bbox 2048 5143 3626 5233">
    <p class='ocr_par' dir='ltr' id='par_1_111' title="bbox 2048 5143 3626 5233">
     <span class='ocr_line' id='line_1_111' title="bbox 2048 5143 3626 5233; baseline -0.016 -15"><span class='ocrx_word' id='word_1_743' title='bbox 2048 5161 2317 5233; x_wconf 86' lang='lat' dir='ltr'><strong>episcopi.</strong></span> <span class='ocrx_word' id='word_1_744' title='bbox 2383 5157 2650 5211; x_wconf 78' lang='lat' dir='ltr'><strong>Maximus</strong></span> <span class='ocrx_word' id='word_1_745' title='bbox 2696 5152 2943 5220; x_wconf 89' lang='lat' dir='ltr'><strong>insuper,</strong></span> <span class='ocrx_word' id='word_1_746' title='bbox 2982 5148 3077 5220; x_wconf 88' lang='lat' dir='ltr'><strong>qui</strong></span> <span class='ocrx_word' id='word_1_747' title='bbox 3126 5147 3391 5201; x_wconf 82' lang='lat' dir='ltr'><strong>fratribus</strong></span> <span class='ocrx_word' id='word_1_748' title='bbox 3418 5143 3626 5195; x_wconf 70' lang='lat' dir='ltr'><strong>Bostras</strong></span> 
     </span>
    </p>
   </div>
   <div class='ocr_carea' id='block_1_112' title="bbox 2050 5232 3623 5326">
    <p class='ocr_par' dir='ltr' id='par_1_112' title="bbox 2050 5232 3623 5326">
     <span class='ocr_line' id='line_1_112' title="bbox 2050 5232 3623 5326; baseline -0.016 -17"><span class='ocrx_word' id='word_1_749' title='bbox 2050 5232 2269 5326; x_wconf 72' lang='lat' dir='ltr'><strong>prazl‘uit</strong></span> <span class='ocrx_word' id='word_1_750' title='bbox 2302 5272 2316 5305; x_wconf 87' lang='lat'><strong>:</strong></span> <span class='ocrx_word' id='word_1_751' title='bbox 2354 5240 2715 5317; x_wconf 79' lang='lat' dir='ltr'><strong>Theophilus,</strong></span> <span class='ocrx_word' id='word_1_752' title='bbox 2756 5243 3004 5306; x_wconf 84' lang='lat' dir='ltr'><strong>Proclus,</strong></span> <span class='ocrx_word' id='word_1_753' title='bbox 3060 5239 3358 5299; x_wconf 85' lang='lat' dir='ltr'><strong>Elelianus,</strong></span> <span class='ocrx_word' id='word_1_754' title='bbox 3396 5232 3623 5294; x_wconf 85' lang='lat' dir='ltr'><strong>Paulus,</strong></span> 
     </span>
    </p>
   </div>
   <div class='ocr_carea' id='block_1_113' title="bbox 2048 5326 3627 5418">
    <p class='ocr_par' dir='ltr' id='par_1_113' title="bbox 2048 5326 3627 5418">
     <span class='ocr_line' id='line_1_113' title="bbox 2048 5326 3627 5418; baseline -0.016 -15"><span class='ocrx_word' id='word_1_755' title='bbox 2048 5346 2379 5418; x_wconf 84' lang='lat' dir='ltr'><strong>Babylianus</strong></span> <span class='ocrx_word' id='word_1_756' title='bbox 2425 5342 2525 5412; x_wconf 73' lang='lat'><strong>(2),</strong></span> <span class='ocrx_word' id='word_1_757' title='bbox 2585 5341 2944 5409; x_wconf 83' lang='lat' dir='ltr'><strong>Protogenes,</strong></span> <span class='ocrx_word' id='word_1_758' title='bbox 2995 5333 3232 5397; x_wconf 81' lang='lat' dir='ltr'><strong>Hierax,</strong></span> <span class='ocrx_word' id='word_1_759' title='bbox 3290 5326 3627 5397; x_wconf 81' lang='lat' dir='ltr'><strong>Eutychius,</strong></span> 
     </span>
    </p>
   </div>
   <div class='ocr_carea' id='block_1_114' title="bbox 2053 5482 3630 5562">
    <p class='ocr_par' dir='ltr' id='par_1_114' title="bbox 2053 5482 3630 5562">
     <span class='ocr_line' id='line_1_114' title="bbox 2053 5482 3630 5562; baseline -0.018 0"><span class='ocrx_word' id='word_1_760' title='bbox 2053 5522 2192 5562; x_wconf 86' lang='lat' dir='ltr'><strong>uxor</strong></span> <span class='ocrx_word' id='word_1_761' title='bbox 2242 5502 2480 5558; x_wconf 86' lang='lat' dir='ltr'><strong>Zenobia</strong></span> <span class='ocrx_word' id='word_1_762' title='bbox 2531 5513 2655 5553; x_wconf 89' lang='lat' dir='ltr'><strong>cum</strong></span> <span class='ocrx_word' id='word_1_763' title='bbox 2705 5494 3057 5550; x_wconf 85' lang='lat' dir='ltr'><strong>iierenniano</strong></span> <span class='ocrx_word' id='word_1_764' title='bbox 3099 5500 3156 5544; x_wconf 87' lang='lat' dir='ltr'><strong>et</strong></span> <span class='ocrx_word' id='word_1_765' title='bbox 3207 5486 3455 5562; x_wconf 83' lang='lat' dir='ltr'><strong>Timolao</strong></span> <span class='ocrx_word' id='word_1_766' title='bbox 3502 5482 3630 5562; x_wconf 69' lang='lat' dir='ltr'><strong>ﬁliis</strong></span> 
     </span>
    </p>
   </div>
   <div class='ocr_carea' id='block_1_115' title="bbox 2055 5554 3630 5646">
    <p class='ocr_par' dir='ltr' id='par_1_115' title="bbox 2055 5554 3630 5646">
     <span class='ocr_line' id='line_1_115' title="bbox 2055 5554 3630 5646; baseline -0.017 -15"><span class='ocrx_word' id='word_1_767' title='bbox 2055 5554 2597 5646; x_wconf 35' lang='lat' dir='ltr'><strong>regnumtoh—tinuit.</strong></span> <span class='ocrx_word' id='word_1_768' title='bbox 2635 5567 2769 5621; x_wconf 86' lang='lat' dir='ltr'><strong>Eam</strong></span> <span class='ocrx_word' id='word_1_769' title='bbox 2795 5564 3155 5646; x_wconf 48' lang='lat' dir='ltr'><strong>&quot;durclianus</strong></span> <span class='ocrx_word' id='word_1_770' title='bbox 3209 5573 3322 5612; x_wconf 89' lang='lat' dir='ltr'><strong>non</strong></span> <span class='ocrx_word' id='word_1_771' title='bbox 3357 5554 3630 5646; x_wconf 49' lang='lat' dir='ltr'><strong>longerah</strong></span> 
     </span>
    </p>
   </div>
   <div class='ocr_carea' id='block_1_116' title="bbox 2054 5623 3629 5709">
    <p class='ocr_par' dir='ltr' id='par_1_116' title="bbox 2054 5623 3629 5709">
     <span class='ocr_line' id='line_1_116' title="bbox 2054 5623 3629 5709; baseline -0.017 -9"><span class='ocrx_word' id='word_1_772' title='bbox 2054 5623 2614 5709; x_wconf 15' lang='lat' dir='ltr'><strong>Alitiociiiavrituagis</strong></span> <span class='ocrx_word' id='word_1_773' title='bbox 2683 5637 2851 5709; x_wconf 75' lang='lat' dir='ltr'><strong>praelii</strong></span> <span class='ocrx_word' id='word_1_774' title='bbox 2900 5644 3144 5709; x_wconf 77' lang='lat' dir='ltr'><strong>terrore,</strong></span> <span class='ocrx_word' id='word_1_775' title='bbox 3192 5642 3357 5709; x_wconf 61' lang='lat' dir='ltr'><strong>quain</strong></span> <span class='ocrx_word' id='word_1_776' title='bbox 3420 5623 3629 5695; x_wconf 61' lang='lat' dir='ltr'><strong>praelia,</strong></span> 
     </span>
    </p>
   </div>
   <div class='ocr_carea' id='block_1_117' title="bbox 2055 5698 3634 5786">
    <p class='ocr_par' dir='ltr' id='par_1_117' title="bbox 2055 5698 3634 5786">
     <span class='ocr_line' id='line_1_117' title="bbox 2055 5698 3634 5786; baseline -0.015 -15"><span class='ocrx_word' id='word_1_777' title='bbox 2055 5698 2209 5786; x_wconf 73' lang='lat' dir='ltr'><strong>cepit</strong></span> <span class='ocrx_word' id='word_1_778' title='bbox 2236 5731 2251 5768; x_wconf 88' lang='lat'><strong>:</strong></span> <span class='ocrx_word' id='word_1_779' title='bbox 2286 5698 2408 5786; x_wconf 61' lang='lat' dir='ltr'><strong>qua;</strong></span> <span class='ocrx_word' id='word_1_780' title='bbox 2442 5698 2698 5786; x_wconf 14' lang='lat' dir='ltr'><strong>chr’rum&#39;</strong></span> <span class='ocrx_word' id='word_1_781' title='bbox 2720 5707 2839 5778; x_wconf 82' lang='lat' dir='ltr'><strong>ejus</strong></span> <span class='ocrx_word' id='word_1_782' title='bbox 2880 5701 3275 5773; x_wconf 83' lang='lat' dir='ltr'><strong>triumphantis</strong></span> <span class='ocrx_word' id='word_1_783' title='bbox 3304 5698 3465 5753; x_wconf 79' lang='lat' dir='ltr'><strong>Rom.</strong></span> <span class='ocrx_word' id='word_1_784' title='bbox 3496 5708 3634 5765; x_wconf 81' lang='lat' dir='ltr'><strong>pra:-</strong></span> 
     </span>
    </p>
   </div>
   <div class='ocr_carea' id='block_1_118' title="bbox 2057 5781 2615 5853">
    <p class='ocr_par' dir='ltr' id='par_1_118' title="bbox 2057 5781 2615 5853">
     <span class='ocr_line' id='line_1_118' title="bbox 2057 5781 2615 5853; baseline -0.02 -11"><span class='ocrx_word' id='word_1_785' title='bbox 2057 5781 2239 5843; x_wconf 66' lang='lat' dir='ltr'><strong>cessit.</strong></span> <span class='ocrx_word' id='word_1_786' title='bbox 2283 5781 2317 5833; x_wconf 59' lang='grc' dir='ltr'><strong><em>ἵ</em></strong></span> <span class='ocrx_word' id='word_1_787' title='bbox 2336 5781 2615 5853; x_wconf 61' lang='lat' dir='ltr'><strong>(Eutrop)</strong></span> 
     </span>
    </p>
   </div>
   <div class='ocr_carea' id='block_1_119' title="bbox 2131 5850 2654 5926">
    <p class='ocr_par' dir='ltr' id='par_1_119' title="bbox 2131 5850 2654 5926">
     <span class='ocr_line' id='line_1_119' title="bbox 2131 5850 2654 5926; baseline -0.025 -12"><span class='ocrx_word' id='word_1_788' title='bbox 2131 5856 2206 5926; x_wconf 73' lang='lat'><strong>(9.)</strong></span> <span class='ocrx_word' id='word_1_789' title='bbox 2234 5850 2361 5919; x_wconf 78' lang='lat' dir='ltr'><strong>Alii,</strong></span> <span class='ocrx_word' id='word_1_790' title='bbox 2396 5850 2654 5907; x_wconf 74' lang='lat' dir='ltr'><strong>Bolanus.</strong></span> 
     </span>
    </p>
   </div>
  </div>
