4052 6432
428 407 567 471 1283

1661 410 1838 471 NICE
1849 409 2087 472 PHORI
2130 412 2221 471 CA
2234 409 2484 471 LUSTI

3552 401 3687 465 ιιθι

425 520 771 587 Theodorus,
797 520 1087 583 Malchion.
1118 533 1173 576 et
1198 522 1422 584 Lucius,
1450 522 1793 577 diversarum
1825 526 2002 579 eccle—
2033 546 2046 587 Α

2149 527 2255 588 λος’
2311 523 2641 585 Ἕλελιανὸς,
2702 522 2914 584 Παῦλος
2958 524 3052 575 καὶ
3089 522 3436 582 Βαδυλιανός·
3475 526 3690 589 Πρωτο-

425 614 630 668 siarum
695 613 955 680 praefecti.
997 611 1059 665 Hi
1092 628 1308 676 omnes,
1352 622 1408 666 et
1450 613 1538 666 alii
1591 615 2005 682 quampluritui,

427 719 538 758 una
573 718 695 757 cum
735 702 1066 773 presbyteris
1108 711 1162 757 et
1190 703 1455 763 diacuuis,
1492 704 1544 756 in
1577 718 1697 756 eam
1733 719 1897 772 quatn
1929 705 2011 759 di-

428 795 610 849 ximus
639 794 915 849 civitatem
948 805 1346 848 C(Hchllt‘rUlll.
1382 792 1517 849 Cum
1547 795 1714 863 igitur
1743 796 1800 849 in
1839 812 2009 849 unum

429 890 740 957 congregati
769 897 980 951 essent,
1013 903 1154 954 saepe
1196 888 1541 955 multumque
1570 903 1857 942 sermones
1880 904 2012 941 con-
2046 890 2057 900 '

429 981 764 1042 ferebantur,
788 990 843 1033 et
866 980 918 1032 in
931 982 1179 1049 quolibet
1195 996 1457 1034 concessu
1477 981 1810 1049 quasstiones
1830 981 2019 1049 plures

430 1070 900 1139 proponebantur.
935 1072 1012 1125 Ibi
1046 1071 1250 1125 Paulus
1277 1071 1633 1135 obumbrare,
1661 1081 1716 1124 et
1743 1082 2010 1140 quantum

432 1169 636 1229 posset,
675 1161 926 1215 haeresim
958 1177 1112 1214 suam
1151 1172 1335 1232 tegere
1380 1172 1436 1215 et
1469 1165 1766 1216 occultare.
1798 1164 2016 1217 labora-

434 1254 547 1308 bat.
595 1254 707 1308 lllis
740 1264 923 1308 autem
954 1255 1089 1309 illud
1140 1256 1380 1309 maxime
1429 1256 1613 1310 Studio
1653 1256 1777 1319 fuit,
1838 1266 1896 1311 ut
1926 1257 2018 1311 illa

434 1344 796 1413 proferretur,
830 1358 886 1400 et
916 1358 1065 1411 tanta
1093 1347 1145 1399 in
1170 1346 1449 1401 Christum
1475 1347 1813 1416 lilaSphemia
1838 1349 2018 1401 omni-

435 1437 541 1491 bus
592 1437 872 1505 propalam
920 1448 1049 1492 nota
1102 1436 1279 1492 fieret.
1328 1438 1680 1508 Quapropter
1735 1439 2020 1493 suadendo

436 1528 679 1598 primum
723 1540 779 1584 et
803 1530 1146 1585 consulendo
1205 1532 1388 1585 conati
1418 1531 1795 1586 suutI’aulnm
1832 1547 1860 1584 a
1889 1546 2022 1585 con-

439 1629 601 1689 cepta
632 1622 894 1688 opinione
929 1622 1229 1688 abducere,
1257 1632 1311 1675 et
1346 1623 1399 1676 in
1425 1623 1757 1677 contrariam
1795 1631 2021 1677 senten-

441 1713 573 1767 tiam
616 1716 957 1782 pertrahere.
1000 1718 1070 1769 At
1112 1731 1237 1770 cum
1290 1716 1400 1779 ille,
1429 1718 1745 1787 juramento
1779 1718 2025 1785 interpo-

441 1803 571 1868 sito,
601 1814 789 1873 aperte
828 1807 1003 1861 errori
1044 1806 1094 1861 ei
1144 1809 1508 1875 renuntiaret,
1548 1824 1725 1879 neque
1773 1825 1830 1863 se
1862 1809 2025 1879 quid-

443 1912 611 1965 quam
644 1899 912 1969 ejusmodi
953 1901 1178 1963 sentire,
1213 1902 1311 1955 sed
1339 1903 1659 1971 apostolicis
1689 1902 1927 1957 decretis
1970 1914 2027 1957 et

444 1988 713 2044 doctrinis
754 1991 1060 2056 adhaerere,
1104 1994 1295 2062 eisque
1342 1994 1598 2048 insistere
1634 1994 2024 2059 confirmaret;

449 2092 564 2135 tum
592 2084 817 2151 quidem
849 2086 947 2148 illi,
974 2100 1332 2143 communem
1369 2085 1718 2140 Servatorem
1760 2088 1929 2140 Deum
1961 2087 2029 2141 de
2057 2079 2067 2089 ’

446 2171 804 2227 ecclesiarum
851 2189 1122 2229 consensu
1175 2186 1231 2229 et
1262 2175 1557 2230 concordia
1609 2191 1734 2231 cum
1767 2178 2031 2232 laudibus

449 2263 966 2330 concelebrassent.
1015 2269 1287 2339 synodum
1336 2269 1643 2332 solverunt,
1706 2278 1761 2323 et
1819 2284 1920 2338 pro
1974 2284 2033 2324 se

450 2356 685 2426 quisque
713 2358 778 2411 ad
804 2373 998 2429 greges
1027 2375 1158 2413 suos
1190 2359 1497 2414 redierunt.

988 2472 1217 2528 CAPUT
1259 2471 1500 2528 XXVIII.

459 2560 526 2617 Ut
574 2563 630 2615 in
672 2565 900 2618 secundo
930 2576 1187 2618 conventu
1234 2566 1539 2634 confutatus
1576 2566 1783 2621 Paulus
1816 2585 1849 2622 a
1899 2566 2039 2623 Mal-

693 2636 877 2688 chione
902 2637 1136 2705 sophista
1162 2651 1225 2690 ea:
1252 2637 1451 2706 synodo
1478 2639 1546 2693 sit
1581 2639 1793 2708 ejectus.

529 2812 790 2869 Sedenim
829 2816 1098 2884 temporis
1154 2830 1442 2883 processu,
1480 2831 1605 2871 cum
1651 2833 1873 2873 rursum
1915 2818 2041 2871 ubi-

460 2922 571 2975 que
619 2905 763 2961 lama
820 2919 1179 2978 spargeretur
1230 2910 1300 2963 de
1350 2909 1559 2974 Paulo,
1609 2910 1704 2978 qui
1745 2910 2042 2964 itaavera:

460 2996 591 3051 ﬁdei
624 2997 973 3067 professione
1018 3000 1365 3071 degenerans
1398 3001 1760 3064 descivisset,
1796 3003 2041 3056 Celeber-

462 3087 591 3140 rimi
632 3088 710 3141 illi
746 3089 847 3142 viri
882 3104 950 3144 ne
986 3098 1098 3143 tum
1146 3091 1370 3160 quidem
1416 3091 1605 3146 statim
1642 3092 1711 3145 ad
1754 3091 1911 3145 illum
1946 3093 2043 3148 de-

2056 1861 2102 1919 B

2110 620 2296 688 γένης,
2340 616 2540 687 Ἱέραξ,
2572 615 2831 683 Εὐτύχιος
2856 616 2951 668 καὶ
2980 614 3258 682 Θεόδωρος
3285 615 3383 666 καὶ
3410 614 3686 685 Μαλχίων⁹
3712 650 3721 657 ο

2113 711 2207 764 καὶ
2240 709 2497 771 Λούκιος,
2529 705 2807 776 διαφόρων
2834 705 3109 775 ἡγεμόνες
3142 705 3434 771 ποιμνίων·
3472 707 3562 758 καὶ
3598 708 3692 761 ἀλ-

2113 803 2196 855 λοι
2237 802 2424 872 μυρίοι
2459 800 2675 867 σύναμα
2720 799 3123 868 πρεσὸυτέροις
3177 799 3272 850 καὶ
3300 798 3569 862 διακόνοις
3601 802 3695 851 ἐπὶ

2111 897 2210 961 τὴν
2244 894 2547 961 εἰρημένην
2585 889 2743 943 πόλιν
2807 891 3124 960 συνέρρεον.
3179 889 3408 942 Πάντων
3454 889 3585 955 γοῦν
3637 894 3695 952 ἐς

2114 984 2280 1039 ταυτὸ
2311 985 2629 1046 συνιόντων,
2686 981 2951 1042 πολλάκις
3002 983 3082 1042 εἰς
3128 980 3323 1047 λόγους
3375 976 3554 1049 ἦλθον·
3599 982 3701 1032 καὶ

2116 1078 2237 1130 καθ’
2267 1078 2504 1145 ἐκάστην
2539 1075 2757 1127 σύνοδον
2787 1073 3180 1142 ζητήσειςιοῦκ
3210 1074 3493 1142 ἐλάχισται
3526 1072 3699 1141 προῦ-

2118 1188 2320 1224 κειντο.
2373 1170 2435 1222 Οἱ
2490 1168 2590 1237 μὲν
2646 1166 2741 1220 οὖν
2802 1165 2932 1233 περὶ
2988 1167 3080 1218 τον
3132 1165 3344 1217 Παῦλον
3385 1166 3699 1227 συσκιάζειν

2119 1262 2450 1331 ἐπειρῶντο,
2483 1260 2580 1312 καὶ
2604 1258 2703 1328 τὴν
2730 1258 2941 1328 αἵρεσιν
2967 1257 3040 1319 ὦς
3072 1258 3123 1324 γ’
3156 1255 3287 1325 ἐνῆν
3312 1257 3698 1327 ἐπικρύπτειν·

2117 1359 2229 1415 τοῖς
2262 1352 2317 1405 δὲ
2352 1353 2440 1405 διὰ
2477 1352 2714 1420 σπουδῆς
2767 1351 2983 1416 ἐγίνετο
3040 1348 3275 1416 μάλιστα
3327 1348 3422 1415 τὴν
3486 1347 3699 1416 αἵρεσιν

2123 1445 2470 1512 ἀναφαίνειν,
2506 1445 2600 1496 καὶ
2633 1443 2733 1512 τὴν
2764 1442 2841 1504 είς
2870 1442 3107 1507 Χριστὸν
3145 1439 3495 1509 βλασφημίαν
3533 1439 3701 1491 πᾶσιν

2123 1536 2347 1605 ἔκδηλον
2395 1535 2685 1603 καθιστᾷν.
2724 1535 3060 1602 Είσηγήεεσι
3117 1531 3219 1600 μὲν
3266 1529 3374 1599 γὰρ
3405 1531 3472 1582 τὰ
3508 1529 3703 1598 πρῶτα
3788 1532 3803 1539 “

2124 1628 2219 1679 καὶ
2246 1622 2580 1692 συμϐουλαῖς
2615 1621 2937 1693 μεταθεῖναι
2958 1618 3316 1689 διεπειρῶντο
3346 1618 3437 1670 τὸν
3467 1618 3700 1679 Παῦλον,

2126 1716 2222 1769 καὶ
2264 1713 2357 1767 τοῦ
2395 1715 2643 1765 ἐναντίου
2699 1713 3051 1782 φρονήματος
3104 1711 3339 1780 ἁφιστᾷν
3366 1725 3379 1739 ο
3432 1708 3504 1770 ὡς
3547 1709 3591 1761 δ’
3624 1709 3704 1769 είς

2133 1806 2279 1877 μέγα
2310 1804 2672 1874 διομνύμενος
2699 1804 2990 1873 προφανῶς
3013 1801 3250 1867 ἀπέλεγε
3278 1801 3441 1870 μηδὲν
3464 1798 3708 1852 τοιοῦτον

2133 1901 2374 1967 φρονεῖν,
2420 1900 2532 1958 τοῖς
2584 1896 2627 1948 δ’
2657 1894 3043 1958 ἁποστολικοίς
3092 1895 3243 1964 ὅροις
3301 1892 3395 1945 καὶ
3439 1892 3707 1960 δόγμασιν

2133 1991 2420 2060 ἐμμένειν,
2447 1988 2542 2040 καὶ
2576 1988 2785 2051 τούτοις
2814 1989 3071 2057 στοιχεῖν,
3112 1986 3231 2038 τότε
3271 1984 3368 2055 μὲν
3396 1984 3487 2036 τὸν
3526 1982 3704 2036 κοινὸν

2136 2085 2359 2153 σωτῆρα
2390 2082 2523 2134 Θεὸν
2553 2084 2645 2134 ἐπὶ
2672 2084 2737 2152 τῇ
2770 2080 2875 2133 τῶν
2900 2079 3209 2148 ἐκκλησιῶν
3231 2076 3521 2148 συμφωνίᾳ
3540 2077 3709 2146 ὑμνή-

2138 2194 2372 2242 σαντες,
2426 2174 2734 2240 διελύοντο,
2784 2173 2879 2226 καὶ
2929 2173 3019 2224 ἐπὶ
3074 2171 3143 2224 τὰ
3193 2170 3429 2240 σφέτερα
3479 2168 3712 2229 ἕκαστος

2137 2267 2464 2337 ἐπορεύοντο
2504 2266 2756 2335 ποίμνια.

2714 2475 2968 2529 ΚΕΦΑΛ.
3020 2476 3155 2527 KH'.
3602 2548 3609 2556 '

2151 2572 2248 2636 Ὠς
2277 2571 2346 2623 ἐν
2374 2566 2623 2635 δευτέρᾳ
2672 2568 3044 2621 συνελεύσει
3069 2564 3453 2636 ἐξελεγχθείς
3476 2566 3522 2636 _d
3552 2562 3718 2617 Παῦ-

2212 2632 2324 2706 έῑος
2348 2640 2468 2695 ὑπὸ
2495 2632 2852 2705 Μὶιᾷιχίωνος
2877 2635 3181 2705 σοφιστοῦ
3235 2632 3396 2702 παρὰ
3430 2632 3537 2702 τῆς
3564 2648 3715 2687 συν-

2216 2711 2361 2765 όδου
2388 2711 2764 2773 ἐκϐέϐληται.

2216 2828 2423 2896 Χρόνου
2472 2823 2528 2876 δὲ
2571 2820 2960 2889 διελθόντος,ὴ
2995 2820 3156 2890 φήμη
3207 2818 3365 2882 αὖθις
3413 2817 3713 2887 πανταχόσε

2144 2919 2350 2990 διέρρει
2395 2917 2491 2985 τὴν
2528 2916 2803 2984 ἐκτροπὴν
2847 2911 2941 2965 τοῦ
2996 2913 3209 2965 Παύλου
3245 2910 3543 2980 μηνύουσα.
3568 2910 3629 2961 Ui
3658 2909 3719 2961 δὲ

2147 3009 2499 3078 πανεύφημοι
2544 3010 2743 3060 ἐκεῖνοι
2780 3006 2888 3060 οὐδ’
2923 3004 3097 3069 οὕτως
3131 3008 3210 3066 είς
3254 3004 3353 3073 τὴν
3387 3003 3591 3058 ἐκείνου
3628 3003 3720 3055 εῦ-

2150 3102 2246 3165 θὺς
2276 3100 2564 3172 ἐχώρησαν
2598 3102 2906 3169 ἐκτροπῄνο
2941 3099 3079 3151 ἀλλὰ
3121 3097 3417 3168 γράμμασι
3455 3098 3717 3167 πρότερον

466 3180 807 3235 turbandum
862 3194 993 3237 sunt
1036 3185 1350 3254 progressi.
1407 3186 1501 3239 sed
1548 3185 1750 3239 litteris
1821 3185 2044 3255 scriptis

2149 3197 2211 3249 τὸ
2241 3195 2461 3264 τραῦμα
2493 3193 2823 3263 θεραπεύειν
2864 3190 3187 3262 ἐπειρῶντο,
3218 3190 3319 3259 τὴν
3344 3188 3720 3257 θανατηφόρον

466 3274 673 3328 vulnus
719 3276 840 3345 ejus
873 3291 1073 3332 curare
1116 3288 1247 3333 sunt
1294 3279 1515 3341 conati,
1569 3279 1829 3333 lcthalem
1880 3295 1938 3332 se
1985 3294 2046 3331 eo

2150 3285 2504 3339 διδασκαλίαν
2546 3284 2793 3353 φθείρειν
2835 3284 3098 3352 οἰόμενοι.
3136 3281 3416 3343 Διονύσιος
3466 3281 3565 3352 μὲν
3611 3280 3722 3348 γὰρ

472 3369 639 3424 modo
672 3369 984 3427 doctrinam
1021 3387 1387 3441 oppressuros
1419 3390 1540 3429 esse
1573 3374 1805 3444 opinati.
1848 3374 2046 3445 Diony-

2151 3379 2368 3447 ἔπεμπε
2417 3378 2748 3447 γράμματα,
2774 3377 2867 3430 τὸν
2916 3378 3017 3446 μὲν
3066 3374 3316 3447 ἡγεμόνα
3363 3374 3461 3443 τῆς
3494 3372 3720 3441 πλάνης,

470 3464 590 3518 sius
639 3465 895 3535 equidem
959 3465 1253 3534 epistolam
1309 3466 1498 3531 dedit,
1546 3465 1713 3538 422
1766 3480 2050 3521 auctorem

469 3557 681 3612 erroris
724 3558 845 3628 ejus
893 3574 962 3613 ne
1010 3559 1347 3614 allocutione
1391 3561 1617 3629 quidem
1663 3561 1921 3631 dignatus.
1953 3558 2049 3614 sed

471 3648 737 3718 pupulum
765 3655 1012 3706 ecclesia:
1045 3651 1405 3705 Antiocheam
1436 3654 1718 3707 instruens
1752 3662 1963 3707 tantum
1999 3660 2055 3705 et

472 3743 829 3797 conﬁrmans.
883 3744 1239 3799 Firmilianus
1287 3755 1469 3799 autem
1515 3746 1812 3816 Cappadox
1859 3748 2052 3799 Antio-

474 3831 659 3886 chiam
720 3835 911 3890 venit:
971 3836 1067 3889 sed
1121 3838 1308 3892 statim
1354 3836 1482 3891 dolo
1538 3837 1606 3892 ab
1654 3855 1720 3891 co
1771 3837 2053 3907 repulsus,

474 3923 913 3992 resipisceutiam
956 3936 1010 3981 et
1045 3928 1471 3983 conversionem
1509 3929 1694 3983 denuo
1735 3929 2054 3999 pollicente,

477 4017 609 4073 inde
657 4018 918 4074 decessit.
970 4020 1166 4075 Postea
1217 4037 1350 4076 vero
1400 4038 1524 4075 cum
1572 4038 1768 4077 rursus
1815 4037 1940 4075 cum
1989 4036 2056 4074 eo

479 4124 885 4179 congressurus
921 4122 1106 4176 essm,
1154 4122 1215 4166 ut
1249 4112 1342 4182 qui
1387 4112 1551 4165 toties
1582 4113 1752 4166 Deum
1805 4111 2060 4180 negantis

478 4203 766 4274 pravitatis
800 4204 920 4275 ejus
945 4204 1253 4273 periculum
1287 4204 1533 4265 fecisset,
1567 4219 1598 4257 e
1636 4205 1747 4259 vita
1781 4205 2054 4258 excessit:

478 4311 590 4366 quo
639 4304 889 4367 tempore
942 4298 1111 4352 etiam
1166 4298 1457 4368 Dionysius
1508 4295 1917 4351 Alexandrinus
1970 4305 2064 4351 est

479 4398 767 4455 mortuus,
806 4391 1176 4454 duodecimo,
1212 4401 1275 4446 ut
1303 4391 1517 4445 dictum
1547 4400 1633 4445 est
1655 4432 1669 4458 ,
1702 4388 1920 4446 Galieni
1958 4390 2061 4444 im-

478 4482 726 4550 perantis
755 4497 924 4547 anno,
946 4499 1071 4537 cum
1104 4482 1329 4552 quidem
1356 4481 1548 4536 decem
1578 4492 1633 4537 et
1665 4490 1875 4551 septem
1904 4482 2065 4537 annis

2155 3471 2294 3542 μηδὲ
2337 3472 2699 3541 προσρήσεων
2737 3470 2925 3535 ἀξιῶν,
2953 3469 3046 3520 τὸν
3078 3468 3134 3521 δέ
3163 3484 3225 3536 γε
3254 3467 3382 3520 λαὸν
3408 3467 3510 3531 τῆς
3544 3467 3722 3518 ἐκεῖσε

2156 3566 2449 3635 παροικίας
2494 3562 2857 3631 ἐγκαθιστῶν.
2897 3561 3257 3632 Φιρμιλιανὸς
3303 3561 3361 3613 δὲ
3410 3562 3438 3613 ὁ
3490 3561 3728 3613 Καππα-

2151 3659 2338 3722 δοκίας
2396 3658 2535 3728 μετὰ
2587 3658 2680 3711 καὶ
2731 3657 2911 3710 ἄλλων
2960 3656 3166 3725 παρῆν.
3208 3652 3657 3723 Παρα“κρουσθε“ις
3685 3651 3728 3703 δ’

2155 3751 2246 3804 ὑπ’
2275 3752 2485 3805 ἐκείνου
2521 3750 2683 3803 πάλιν
2725 3749 2800 3813 ὡς
2854 3748 2953 3820 τὴν
3000 3747 3295 3816 μετάθεσιν
3330 3745 3735 3813 ἐπαγγελλομέ-

2156 3862 2274 3910 νου,
2299 3845 2589 3915 ἀνεχώρει.
2623 3844 2790 3897 Πάλιν
2821 3842 2876 3896 δὲ
2910 3841 3121 3911 μέλλων
3149 3840 3341 3910 ἐκείνῳ
3383 3839 3731 3909 ἐφίστασθαι,

2157 3941 2255 3993 ἆτε
2300 3939 2366 4009 δὴ
2403 3943 2601 4007 πεῖραν
2648 3940 2749 4007 τῆς
2785 3935 3116 4008 ἅρνησιθέου
3151 3935 3364 3988 ἐκείνου
3424 3933 3620 3995 κακίας
3653 3932 3734 3984 εί-

2160 4029 2375 4100 ληφὼς,
2415 4030 2572 4092 τέλος
2613 4028 2739 4099 ἔσχε
2793 4027 2888 4082 τοῦ
2934 4027 3082 4097 βίου·
3118 4027 3207 4080 ὅτε
3236 4026 3302 4095 δὴ
3337 4028 3433 4078 καὶ
3465 4024 3735 4085 Διονύσιος

2158 4126 2187 4177 ὁ
2226 4123 2641 4193 Ἀλεξανδρείας
2683 4122 2947 4176 ἐτελεύτα
2996 4119 3141 4176 κατὰ
3181 4121 3241 4173 τὸ
3284 4120 3583 4173 δωδέκατον
3620 4117 3738 4178 ἔτος

2157 4214 2257 4283 τῆς
2302 4212 2572 4284 Γαλιηνοῦ
2621 4212 2931 4282 βασιλείας,
2965 4212 3039 4273 ὡς
3073 4211 3314 4281 εἴρηται,
3357 4210 3538 4263 ἐτεσιν
3569 4210 3737 4260 ἐπτα-

2162 4305 2393 4359 καίδεκα.
2438 4304 2540 4373 τῆς
2600 4303 2934 4374 Ἐκκλησίας
2990 4302 3275 4369 προστάς’
3323 4293 3385 4353 οὗ
3436 4298 3740 4364 Μαξιμῖνος

2158 4399 2406 4467 ἐγεγόνει
2460 4398 2729 4467 διάδοχος.
2789 4398 2899 4451 Καὶ
2969 4393 3240 4465 Γαλιηνοῦ
3311 4393 3369 4445 δέ
3435 4391 3743 4462 τηνικαῦτα

2167 4494 2330 4551 πέντε
2391 4491 2531 4560 πρὸς
2573 4492 2688 4554 τοῖς
2732 4492 2866 4544 δέκα
2908 4489 3089 4543 ἐτεσιν
3150 4488 3438 4560 ἄρξαντος,
3472 4486 3745 4547 Κλαύδιος

481 4588 600 4628 rem
657 4575 1093 4630 ecclesiasticam
1145 4573 1613 4630 administrasset.
1665 4577 1843 4645 Atque
1899 4575 2046 4645 hujus

2169 4583 2408 4652 κατέστη
2463 4583 2729 4653 διάδοχος.
2766 4584 2841 4636 Οὐ
2890 4583 3062 4636 πλείω
3108 4583 3164 4635 δὲ
3196 4582 3292 4635 καὶ
3331 4574 3488 4644 οὗτος
3519 4582 3627 4634 τῶν
3655 4579 3753 4633 δύο

481 4684 770 4725 successor
824 4670 1168 4725 Alexandria:
1220 4669 1551 4725 Maximinus
1604 4670 1722 4726 fuit.
1787 4670 2065 4725 Caeterum

485 4778 612 4817 cum
646 4762 910 4818 Galienus
941 4765 1260 4834 quindecim
1286 4766 1400 4835 jam
1434 4765 1596 4820 annis
1629 4780 1817 4819 rerum
1854 4764 2067 4834 potitus

485 4866 653 4923 esset,
682 4857 945 4914 Claudius
984 4863 1033 4913 ei
1073 4860 1363 4924 successit,
1396 4859 1489 4929 qui
1533 4859 1815 4915 biennium
1855 4866 2065 4912 tantum

488 4950 723 5021 imperio
756 4952 1142 5007 administrate
1166 4994 1180 5019 ,
1217 4951 1519 5008 Aureliano
1556 4954 1607 5010 id
1647 4951 1921 5022 reliquit:
1961 4949 2065 5003 sub

488 5060 601 5114 quo
642 5045 873 5099 ultimus
915 5056 1001 5099 est
1029 5059 1223 5100 contra
1268 5047 1693 5101 Samosatenum
1718 5083 1733 5107 ,
1773 5044 2070 5114 quamplu-

491 5139 647 5193 rimis
678 5139 955 5208 episcopis
987 5138 1421 5201 cortﬂuentibus.
1449 5149 1759 5194 conventus
1788 5148 2070 5208 peractus.

491 5234 793 5303 Postquam
842 5234 990 5287 enim
1038 5233 1118 5287 illi
1164 5236 1332 5288 multa
1371 5228 1761 5298 admonendo,
1809 5231 2074 5288 cohorta-

491 5326 676 5381 tiones
706 5326 1041 5393 adhibendo,
1075 5339 1131 5382 et
1164 5328 1412 5397 priorum
1450 5326 1880 5396 promissionum
1906 5334 2073 5392 atque

494 5428 895 5473 conventorum
940 5429 1102 5488 pacta
1147 5420 1201 5472 in
1252 5418 1575 5472 memoriam
1626 5415 1968 5478 revocando,
2017 5414 2070 5467 in

494 5502 838 5565 inﬁcratioue
882 5526 1008 5564 eum
1049 5510 1349 5581 persistere
1389 5509 1685 5572 viderunt,
1734 5518 1792 5561 et
1844 5523 2075 5561 accusa-

495 5612 648 5660 tores
686 5619 814 5659 eum
846 5603 1185 5658 confutaturi
1235 5603 1594 5668 institerunt,
1644 5600 1939 5656 concilium
1990 5611 2078 5654 est

498 5707 774 5751 coactum.
799 5695 898 5751 llic
924 5696 1195 5752 Malchion
1219 5698 1441 5766 quidam
1467 5697 1559 5765 qui
1589 5696 1745 5765 prius
1767 5692 2078 5749 Antiochia:

501 5790 819 5857 sophisticae
859 5790 1062 5845 schola:
1096 5789 1410 5845 Graecarum
1450 5788 1871 5858 disciplinarum
1900 5802 2078 5855 prme-

506 5891 623 5949 ῖλῐυ
654 5891 708 5937 (ει
746 5895 934 5954 Ροδιρθ
972 5893 1202 5955 propter
1235 5884 1505 5954 egregiam
1545 5886 1664 5956 ejus
1701 5885 1755 5939 in
1796 5882 2077 5936 Christum

2169 4678 2305 4731 ἐτῶν
2338 4678 2713 4747 ἡγησάμενος,
2744 4676 3074 4748 Αύρηλιανῷ
3095 4676 3194 4746 τῆς
3228 4675 3411 4746 ἀρχῆς
3450 4674 3752 4740 ὑπεξίστα-

2172 4788 2287 4828 ται.
2328 4765 2403 4824 Οῦ
2430 4754 2707 4833 διέποντος
2734 4770 2833 4841 τὴν
2857 4770 3058 4840 ἀρχὴν,
3089 4769 3299 4838 ὑστάτη
3332 4770 3427 4821 καὶ
3459 4767 3752 4819 τελευταία

2173 4865 2317 4918 κατὰ
2349 4863 2443 4917 τοῦ
2476 4863 2843 4932 Σαμοσατέως
2884 4862 3105 4925 σύνοδος
3137 4860 3569 4930 συγκεκρότητο,
3604 4857 3755 4910 πλείο

2176 4972 2321 5010 στων
2359 4957 2501 5009 ὅσων
2563 4955 2988 5025 συνδραμόντων
3038 4954 3335 5023 ποιμένων.
3372 4950 3591 5021 Ἐπειδὴ
3644 4949 3753 5017 γὰρ

2179 5050 2318 5118 μετὰ
2365 5048 2536 5101 πολλὰ
2581 5046 3004 5118 παραινοῦντες,
3037 5044 3389 5113 παράκλησιν
3429 5043 3750 5107 ἐπάγοντες,

2174 5141 2284 5192 τῶν
2329 5140 2830 5209 προγεγενημένων
2870 5138 3391 5206 ὑπομιμνήσκοντες
3441 5131 3752 5202 συνθηκῶν,

2176 5226 2277 5283 εἶθ’
2307 5228 2494 5298 ἐώρων
2537 5228 2631 5281 τὸν
2672 5228 2773 5297 μὲν
2812 5224 3237 5296 ἐξαρνούμενον,
3279 5224 3669 5291 ἐνισταμένους
3696 5218 3754 5271 δὲ

2176 5324 2304 5384 τοὺς
2374 5322 2752 5391 κατηγόρους,
2817 5320 2915 5372 καὶ
2980 5317 3288 5385 διελέγχειν
3358 5314 3752 5382 πειρωμένους,

2181 5414 2447 5481 συνῆλθον
2478 5416 2559 5475 εἰς
2601 5412 2662 5464 τὸ
2693 5411 2995 5482 συνέδριον.
3046 5406 3316 5460 Ἐνταῦθα
3357 5403 3615 5471 Μαλχίων
3647 5417 3753 5464 τις,

2178 5509 2449 5579 πρότερον
2493 5505 2593 5576 μέν
2642 5503 2971 5572 σοφιστικῆς
3003 5500 3294 5569 διατριϐῆς
3343 5498 3437 5551 ἐπὶ
3481 5496 3583 5563 τῆς
3631 5494 3753 5546 Ἀν-

2178 5601 2362 5671 τιόχου
2413 5599 2527 5651 τῶν
2582 5597 2709 5650 καθ’
2740 5595 3039 5662 ,Ἕλληνας
3106 5592 3282 5660 λόγων
3337 5590 3609 5660 προστὰς,
3666 5592 3757 5637 καὶ

2184 5691 2587 5763 πρεσὸυτερίου
2630 5690 2708 5751 δὲ,
2736 5688 2824 5741 διὰ
2879 5689 2981 5758 τὴν
3029 5689 3110 5749 εἰς
3154 5684 3394 5754 Χριστὸν
3428 5679 3635 5741 πίστιν,
3662 5674 3753 5728 καὶ

2185 5789 2287 5856 τὴν
2316 5786 2453 5840 ἰδίαν
2480 5785 2686 5853 ἀρετὴν
2722 5784 2867 5851 μετὰ.
2891 5781 3068 5835 ταῦτα
3090 5778 3397 5849 ἠξιωμένος
3416 5793 3433 5808 ·
3479 5767 3636 5834 οὗτος
3678 5773 3758 5831 εἰς

2185 5875 2377 5947 λόγους
2435 5875 2629 5943 ἐκείνῳ
2680 5874 2965 5944 παρρησίᾳ
3028 5868 3221 5932 ἐλθὼν,
3267 5866 3635 5938 ταχυγράφων
3694 5860 3762 5912 τὰ
