4052 6434
333 381 473 449 1185

326 594 388 646 τὸ
413 591 710 661 κρυψίνουν
762 590 972 641 ἐκείνου
1004 584 1101 638 καὶ
1150 585 1367 652 ἀπάτης
1419 584 1594 654 γέμον
1647 586 1903 654 φωράσαι

330 687 580 746 καὶτοὺς
620 684 818 745 ἄλλους
863 681 1157 750 πεποίηκε.
1202 680 1315 733 Καὶ
1359 678 1542 731 τοίνυν
1592 678 1904 746 ἑτερόδοξος

329 779 635 850 φωραθεὶς,
671 777 748 839 ὡς
793 776 1038 847 ἀρχηρδς
1080 773 1181 843 τῆς
1217 773 1508 842 αἱρέσεως,
1539 772 1641 840 τῆς
1674 772 1779 824 ὑπὸ
1811 770 1904 824 τὸν
1941 790 1948 797 ³

330 872 561 939 οὐρανὸν
590 868 885 937 καθολικῆς
925 866 1254 934 Ἐκκλησίας
1289 866 1634 932 ἐκκήρυκτος
1664 862 1901 929 γίνεται.

331 964 443 1017 Καὶ
492 962 586 1015 τοῦ
635 962 838 1031 κλήρου
894 960 993 1027 μὲν
1050 959 1309 1026 ἐξάγεται
1370 957 1480 1008 τῶν
1532 955 1786 1007 πιστῶν·
1839 953 1901 1005 ού

334 1058 442 1125 μὴν
491 1053 549 1107 δὲ
579 1052 714 1105 ἀλλὰ
756 1054 853 1105 καὶ
890 1052 989 1117 τῆς
1033 1047 1362 1116 Ἐκκλησίας
1402 1047 1743 1117 ὲκρίπτεται.
1795 1047 1901 1097 Καὶ

330 1138 683 1217 Δόμνος¹ἀντ“
715 1143 882 1197 αὐτοῦ
917 1143 1016 1210 τῆς
1060 1140 1334 1209 Ἀντιόχου
1368 1141 1495 1201 τοὺς
1526 1138 1720 1201 οῐακας
1749 1139 1902 1203 ἐγκε-

329 1238 591 1308 χείριστο.

1260 373 1864 437 ECCLESIASTlC/E
1910 377 2299 437 ιιιιδΤΟιιΙΑῖ
2334 376 2482 436 LIB.
2520 373 2618 437 VI.

327 500 598 570 εἰρημένα
641 498 876 567 χάρταις
923 493 1363 564 σημειουμένων,
1400 491 1660 561 ἐξήλεγξε
1702 510 1762 545 τε
1810 495 1904 546 καὶ

2013 494 2171 547 fidem
2250 491 2698 561 singularemque
2751 491 3058 556 virtutem,

3449 375 3587 442 1186

3139 492 3203 546 ad
3262 492 3585 563 dignitatem

2004 585 2335 654 presbyterii
2392 593 2622 639 evectus
2670 582 2895 650 fuerat,
2956 600 3081 638 cum
3136 601 3205 639 eo
3254 586 3308 638 in
3364 587 3587 654 publico

2004 675 2285 744 colloquio
2314 689 2665 742 congressus,
2701 675 2977 729 celeribus
3007 674 3263 734 notariis.
3295 677 3389 744 qui
3420 677 3585 730 verba

2007 767 2190 820 omnia
2238 767 2447 820 chartis
2490 767 2845 835 exciperent,
2890 767 3207 835 dispositis,
3249 768 3403 821 illum
3448 784 3584 822 con-

2006 860 2179 912 vicit:
2212 866 2266 911 et
2300 865 2507 911 tectum
2539 859 2915 927 lalentemque
2948 861 3067 931 ejus
3101 876 3323 915 sensom
3362 862 3591 915 fraudu-

2011 951 2160 1004 lenta
2201 950 2526 1003 seductioue
2575 950 2796 1017 plenum
2868 949 2942 1004 ita
2987 952 3039 1004 in
3108 952 3287 1005 lucem
3336 953 3587 1021 protulit,

2015 1051 2077 1094 ut
2131 1056 2263 1094 eunt-
2311 1036 2405 1092 alii
2458 1056 2678 1108 quoque.
2732 1042 3024 1095 manifesto
3076 1042 3586 1111 deprehenderent.

2013 1134 2205 1201 Itaque
2231 1132 2408 1185 aliena
2438 1132 2654 1200 opinari
2684 1141 2851 1201 atque
2873 1134 3076 1187 docere
3106 1135 3418 1197 convictus,
3444 1143 3500 1188 et
3533 1144 3594 1189 ut

2014 1225 2242 1279 haeresis
2276 1223 2383 1276 dux
2429 1232 2483 1277 et
2519 1234 2746 1287 auctor,
2789 1239 2817 1276 a
2863 1226 3136 1279 catholica
3170 1236 3226 1279 et
3269 1226 3591 1292 universali,
3644 1248 3649 1253 ·

330 1350 452 1406 quae
483 1334 586 1388 sub
612 1332 753 1387 coelo
772 1342 879 1394 est,
913 1329 1156 1385 Ecclesia
1188 1329 1552 1399 proscriptus,
1587 1343 1694 1380 non
1721 1326 1899 1380 solum
1940 1323 2089 1377 ﬁdeli
2151 1320 2347 1375 ordine
2370 1329 2575 1385 motus,
2640 1322 2736 1375 sed
2765 1321 2933 1375 etiam
2959 1322 3205 1377 Ecclesia
3226 1333 3311 1377 est
3339 1324 3588 1393 ejectus:

330 1438 388 1484 et
414 1426 660 1482 Domnus
698 1439 801 1495 pro
828 1439 896 1479 eo
936 1423 1197 1479 Ecclesia:
1228 1423 1594 1480 Antiochense
1626 1418 2007 1489 gubernacula
2046 1415 2318 1485 suscepit.

890 1544 1146 1599 ΚΕΦΑΛ.
1203 1544 1333 1597 κθι.

332 1634 433 1695 οἵα
459 1641 492 1691 ό
517 1637 823 1703 ,ϐασιλεὺς
856 1637 1232 1703 Αὐρηλιανὸς
1264 1636 1393 1704 περὶ
1424 1635 1537 1704 τῆς
1568 1633 1903 1699 συνοδικῆς

400 1709 617 1778 ψῆφοι)
653 1705 820 1778 εἷπε·
880 1706 981 1760 καί
1023 1708 1102 1772 ὡς
1161 1706 1486 1778 καθ’ήμῶγ·
1542 1705 1904 1773 κινούμενος

403 1775 501 1833 καί
534 1775 736 1843 οὗτος,
766 1776 997 1834 ἄνωθεν
1025 1775 1351 1845 ἐπεσχέθη.
1757 1809 1763 1813 -

411 1956 567 2009 Ἐπεὶ
599 1954 647 2008 δ’
691 1955 1014 2009 ἀντιτείνων
1045 1956 1074 2007 ὁ
1113 1952 1352 2018 Παῦλος,
1386 1955 1481 2006 καὶ
1524 1953 1605 2007 ἔτι
1648 1970 1903 2024 παρακα-

329 2046 510 2116 τέχειν
552 2047 651 2118 τὴν
673 2046 801 2116 ετῆς
859 2045 1187 2115 Ἐκκλησίας
1249 2047 1577 2100 ἐπιστασίαν
1615 2047 1903 2118 ἠϐούλετο,

334 2140 409 2209 μὴ
453 2138 513 2192 τὸ
561 2142 627 2208 τῇ
665 2139 871 2209 συνόδῳ
905 2138 1067 2203 δόξαν
1116 2138 1375 2206 στέργειν
1429 2139 1780 2210 αἱρούμενος,
1814 2141 1906 2192 ἐπὶ

331 2230 665 2300 Αὐρηλιανὸν
714 2230 1017 2299 τηνικαῦτα
1066 2230 1165 2298 τῆς
1220 2230 1400 2300 ἀρχῆς
1460 2230 1558 2298 τὴν
1606 2231 1911 2300 ἠγεμονίαν

331 2322 607 2387 διέποντα,
637 2323 735 2393 τὴν
773 2322 1093 2394 θρασύτητα
1126 2321 1220 2376 τοῦ
1261 2323 1477 2376 Παύλου
1523 2325 1811 2392 ἀνέφερον.
1849 2323 1908 2376 Ὀ

331 2414 390 2467 δὲ
422 2415 700 2468 ὁσιώτατα
759 2417 889 2485 περὶ
928 2415 1026 2469 τοῦ
1086 2420 1367 2485 πρακτέου
1415 2418 1694 2487 διείληφεν
1719 2435 1730 2447 ·
1769 2419 1910 2470 ὲκεί-

332 2525 444 2571 νοις
494 2508 558 2577 δὴ
608 2510 700 2560 τὸν
750 2509 941 2579 θρόνον
976 2510 1387 2581 ἐγχειρισθῆναι
1438 2511 1702 2576 κελεύων,
1734 2508 1814 2575 οἷς
1844 2513 1911 2565 ἂν

332 2600 384 2651 οἱ
436 2600 538 2668 τῆς
597 2596 821 2670 Ῥώμης
871 2601 1162 2654 ἐπίσκοποι
1214 2604 1625 2666 ἐπιστέλλοντες
1682 2604 1909 2674 εὐδοκή-

334 2707 507 2744 σαιεν.
532 2693 594 2744 Εί
620 2693 728 2760 γὰρ
758 2694 849 2745 καὶ
878 2696 941 2762 τῇ
970 2694 1242 2763 δαιμόνων
1269 2695 1540 2765 θεραπεία
1569 2695 1911 2765 κατάσχετος

330 2778 422 2853 ἦν,
450 2783 658 2837 δίκαιόν
696 2801 759 2851 γε
797 2786 935 2846 τέως
981 2785 1170 2854 ἔκρινε
1222 2786 1315 2839 τὸν
1346 2791 1411 2858 τῇ
1444 2788 1552 2845 τῶν
1595 2790 1911 2857 όμοπίστων

331 2876 687 2943 ἀντιλέγοντα
710 2877 877 2947 ψήφῳ
902 2880 1003 2947 τῆς
1034 2880 1260 2931 ἐκείνων
1301 2882 1621 2950 συμμορίας
1659 2882 1911 2951 ἀποτμη-

240 3035 246 3040 ⁴
333 2968 516 3035 θῆναι.
547 2970 659 3022 Καὶ
690 2972 717 3022 ὁ
749 2972 850 3039 μὲν
889 2971 1063 3034 οὕτως
1087 2972 1302 3025 ἐκεῖθεν
1332 2973 1391 3024 ού
1427 2972 1590 3041 μόνον
1621 2973 1774 3043 παρὰ
1815 2978 1911 3044 τῆς

333 3059 486 3129 ἱερᾶς
521 3061 718 3131 ἀρχῆς,
744 3064 883 3114 ἀλλὰ
915 3065 1010 3115 καὶ
1042 3064 1197 3132 παρά
1227 3065 1331 3133 τῆς
1361 3065 1636 3132 κοσμικῆς
1668 3065 1911 3131 αἰσίρῶς

333 3153 708 3219 ἐξελαύνεται.
757 3156 867 3208 Καὶ
901 3156 1021 3208 τότε
1078 3156 1178 3226 μὲν
1211 3158 1455 3218 τοιοῦτος
1506 3152 1575 3227 ἦν
1605 3160 1733 3226 περὶ
1762 3158 1911 3226 ἡμᾶς

331 3246 712 3316 Δύρηλιανόςσ
767 3247 949 3317 χρόνῳ
998 3247 1057 3300 δὲ
1120 3249 1452 3317 προκόπτων
1497 3248 1556 3299 ὲν
1613 3250 1680 3317 τῇ
1735 3248 1910 3317 ἀρχῆς

330 3332 546 3386 ἀλλοῖόν
589 3351 642 3386 τι
696 3336 915 3402 φρονεῖν
969 3335 1121 3404 παρά
1176 3351 1340 3388 τινων
1388 3335 1734 3390 ἀνεπείθετο.
1796 3336 1908 3386 Καὶ

331 3424 516 3494 ἡρέμα
543 3425 639 3476 καὶ
671 3417 825 3487 οὗτος
853 3424 1094 3494 διωγμὸν
1122 3424 1250 3477 καθ’
1288 3425 1448 3496 ἡμῶν
1495 3426 1736 3493 ἐγείρειν
1770 3428 1911 3495 ὑπη-

335 3516 602 3587 ρεθίζετο.
650 3518 759 3569 Καὶ
821 3516 980 3582 λόγος
1030 3517 1130 3569 οὐκ
1179 3516 1469 3587 ἐλάχιστος
1516 3516 1611 3569 τοῦ
1662 3517 1910 3584 διωγμοῦ

332 3608 697 3677 διεϐρυλλεῖτο
744 3609 1102 3676 ίὰπανταχοῦ.
1174 3607 1331 3661 Ἐπεὶ
1389 3609 1448 3660 δὲ
1512 3608 1667 3677 μέλις
1730 3610 1906 3673 εἴξας,

333 3702 656 3772 ἀπάρτικαὶ
694 3702 1213 3771 παρασημειοῦσθαι
1283 3702 1352 3754 τὰ
1407 3702 1552 3754 κατὰ
1604 3702 1707 3771 τῆς
1757 3703 1913 3755 εὐσε-

335 3793 490 3857 ϐείας
520 3795 714 3863 ἔμελλε
742 3796 1071 3864 γράμματα,
1097 3794 1216 3846 θεία
1248 3792 1437 3864 μετῄει
1464 3795 1610 3863 δίκη,
1643 3793 1702 3858 ἐξ
1728 3794 1910 3847 αὐτῶν

330 3886 599 3955 ἀγκώνων
663 3887 759 3939 τοῦ
818 3887 1059 3956 πονηροῦ
1099 3888 1357 3955 γραφέως
1391 3888 1486 3950 τὰς
1538 3890 1729 3957 χεῖρας
1779 3887 1912 3941 ἐπέ-

330 3996 530 4049 χουσα,
561 3980 908 4048 ἐμφαίνουσα
950 3996 1010 4031 τε
1050 3980 1241 4043 πᾶσιν,
1273 3980 1346 4042 ὼς
1378 3979 1481 4032 οὐκ
1527 3980 1592 4032 ἄν
1635 3996 1767 4032 ποτε
1797 3982 1913 4043 τοῖς

332 4069 459 4125 καθ’
498 4070 657 4140 ήμῶν
687 4073 1031 4141 κινουμένοις
1075 4073 1133 4122 ὲν
1181 4068 1435 4141 ῥᾳστώνη
1476 4071 1687 4136 γένοιτο
1733 4069 1913 4139 πράτ-

331 4178 447 4215 τειν
474 4162 536 4214 τὸ
571 4162 985 4233 παριστάμενον
1007 4165 1131 4225 ταῖς
1162 4161 1330 4215 αὑτοῦ
1363 4162 1712 4230 ἐκκλησίαις,
1744 4165 1792 4216 εί
1838 4164 1912 4234 μὴ

334 4253 587 4316 παιδείας
618 4253 780 4307 ἕνεκα
807 4254 903 4305 καὶ
931 4254 1272 4324 ἐπιστροφῆς
1293 4269 1308 4284 ο
1354 4253 1477 4307 καθ’
1502 4251 1593 4316 οὓς
1628 4250 1695 4305 ἂν
1724 4254 1912 4325 ἐκείνη

334 4348 561 4416 καιροὺς
617 4347 1017 4416 δοκιμάζουσα,
1067 4349 1296 4418 ἀρρήτῳ
1352 4348 1538 4418 κρίσει
1606 4351 1914 4419 συγχωρεῖν

332 4438 531 4492 ἕλοιτο.
575 4438 730 4491 Ἐπεὶ
758 4439 803 4490 δ’
837 4442 864 4491 ὁ
895 4439 1251 4505 Σαμοσατεὺς
1293 4440 1412 4509 μετ’
1439 4439 1704 4511 αἰσχύνης
1735 4442 1910 4511 ἀπήλο

2019 4438 2166 4507 quod
2223 4438 2620 4492 constituerint
2680 4437 2949 4507 perﬁcere
3000 4456 3015 4493 :

330 4532 523 4596 λακτο,
559 4533 607 4583 oi
644 4532 735 4584 ἐπὶ
773 4532 937 4585 ταυτὸ
975 4531 1382 4601 συνδραμόντες
1413 4534 1698 4601 ποιμένες,
1726 4534 1916 4603 κοινὴν

332 4627 629 4694 ἐπιστολὴν
673 4626 1102 4695 ὲγχαράξαντες,
1148 4627 1230 4688 εἰς
1281 4626 1579 4691 πρόσωπον
1622 4627 1715 4679 τοῦ
1779 4625 1916 4679 Ῥω-

336 4717 514 4784 μαίων
548 4715 851 4769 ἐπισκόπου
902 4716 1206 4789 Διονυσίου,
1236 4716 1329 4768 καὶ
1364 4715 1460 4769 τοῦ
1497 4715 1915 4787 Ἀλεξανδρείας

331 4810 667 4879 Μαξιμίνου,
710 4808 1026 4879 ἁπανταχοῦ
1055 4811 1157 4879 τῆς
1195 4808 1297 4879 γῆς
1323 4808 1741 4879 διαπέμπονται
1778 4811 1915 4876 πρὸς

332 4902 532 4956 λεπτὸν
562 4902 630 4954 τὰ.
657 4902 756 4972 τῆς
793 4903 1014 4955 συνόδου
1046 4902 1490 4971 ὲκδιηγούμενοι’
1518 4903 1616 4972 τήν
1647 4917 1707 4954 τε
1733 4902 1914 4955 αὐτῶν

335 4991 598 5062 σπουδὴν,
642 4994 742 5062 τήν
794 5010 854 5045 τε
911 4993 1006 5045 τοῦ
1058 4992 1273 5045 Παύλου
1327 4992 1685 5063 δυστροπίαν,
1718 4992 1816 5054 τάς
1854 5008 1914 5043 τε

335 5084 603 5149 διαλέξεις
656 5085 755 5151 τὰς
793 5088 888 5138 ἐπὶ
924 5085 1129 5150 κοινοῦ,
1166 5085 1263 5139 καὶ
1311 5086 1437 5148 τοὺς
1478 5086 1775 5155 ὲλέγχους’
1819 5086 1915 5138 καὶ

336 5177 416 5229 ἐτι
464 5178 560 5231 τὸν
603 5179 805 5249 τρόπον
835 5183 931 5233 καὶ
972 5180 1073 5249 τὴν
1108 5178 1411 5234 ἀκόλαστον
1449 5179 1664 5231 ἐκείνου
1699 5177 1912 5232 δίαιτάν

409 5323 486 5393 (Ι)
515 5322 715 5378 Euseb.
747 5323 849 5379 lib.
877 5339 974 5389 vn,
996 5339 1119 5394 cap.
1150 5324 1241 5378 30.

408 5396 486 5464 (‘2‘)
546 5394 881 5449 Aurelianus
936 5405 992 5448 et
1048 5393 1167 5463 ipse
1220 5393 1671 5464 persecutionem»
1720 5400 1914 5445 contra

336 5460 684 5519 Christianos
718 5466 943 5518 molitur
973 5482 986 5519 :
1028 5483 1047 5516 ι
1073 5460 1299 5517 Primus
1335 5464 1423 5516 hic
1452 5462 1597 5531 apud
1638 5460 1916 5515 Romanos

337 5534 589 5589 diadema
633 5535 800 5602 capiti
836 5534 1110 5597 innexuit,
1146 5537 1490 5603 gemmisque
1534 5542 1590 5603 et
1616 5532 1764 5584 omni
1798 5546 1916 5603 rau—

324 5614 455 5662 ,rata
486 5614 660 5670 veste,
694 5604 841 5673 quod
885 5606 953 5658 ad
1011 5608 1061 5657 id
1100 5602 1318 5673 tempus
1358 5602 1621 5657 Romanis
1668 5602 1918 5655 moribus

326 5674 836 5744 :incognituml'uit,
868 5690 1000 5729 usus
1026 5684 1129 5729 est.
1172 5691 1190 5723 ι
1230 5673 1438 5742 tEutr.)

413 5741 494 5811 (δῖ
537 5743 872 5799 Aurelianus
935 5760 1060 5800 cum
1104 5743 1581 5814 persecutionem
1652 5741 1921 5814 adversus

328 5812 709 5885 (Christianos,
757 5830 936 5871 nonus
989 5831 1019 5870 a
1066 5811 1282 5870 Nerone
1331 5815 1681 5877 decerneret,
1710 5811 1922 5867 fulmen

2568 1530 2797 1591 CAPUT
2836 1533 3033 1589 XXIX.

2013 1626 2141 1694 Qui:
2168 1634 2459 1701 imperator
2492 1629 2813 1683 Aurelianus
2840 1630 2903 1681 de
2941 1632 3199 1701 suﬂ'ragio
3239 1641 3287 1684 et
3332 1637 3593 1689 sententia

2080 1699 2325 1768 synodali
2349 1700 2540 1753 dixerit
2573 1713 2591 1750 :
2643 1711 2689 1751 et
2737 1710 2794 1752 ut
2823 1700 2963 1753 idem
2990 1699 3195 1770 quorjue
3221 1713 3406 1758 contra
3439 1704 3589 1757 Chri~

2079 1773 2281 1892 stiémos
2334 1771 2743 1837 persecutionem
2805 1770 3055 1829 moliens.
3100 1776 3300 1825 cmhtus
3348 1778 3415 1826 sit
3449 1791 3587 1843 prm-

2079 1856 2137 1892 οε
2177 1841 2300 1892 itus.

2076 1856 2300 1910 peauus.

2078 1956 2335 2010 Sedenim
2390 1970 2515 2010 cum
2563 1955 2771 2010 Paulus
2824 1964 3020 2010 contra
3059 1958 3353 2019 niteretur.
3398 1960 3593 2015 Eccle-

1992 2047 2214 2115 simque
2236 2046 2780 2102 administrationem
2812 2050 3060 2103 retinere
3087 2061 3410 2113 conaretur.
3439 2061 3497 2107 et
3532 2053 3587 2107 in

2008 2136 2202 2207 synodi
2238 2136 2463 2192 decreto
2486 2140 2842 2206 acquiescere
2877 2140 3073 2202 nollet,
3104 2141 3334 2197 audacia
3369 2147 3492 2214 cjns
3521 2149 3593 2202 ad

2010 2227 2377 2283 Aurelianum
2417 2240 2531 2283 tum
2574 2230 2942 2300 imperantem
2983 2232 3147 2304 423
3183 2244 3269 2289 est
3305 2236 3509 2291 delata.
3548 2240 3597 2293 Is

2011 2320 2360 2374 sanctissime
2389 2320 2457 2375 de
2487 2336 2553 2375 ea
2591 2338 2649 2375 re
2675 2323 2988 2390 constituit,
3019 2325 3102 2379 eis
3140 2326 3356 2382 scilicet
3381 2329 3597 2398 episeo-

2013 2423 2205 2482 patum
2259 2413 2507 2466 mandari
2556 2414 2800 2483 jubens,
2848 2431 2992 2485 quos
3033 2417 3208 2473 Italici
3254 2428 3311 2474 et
3357 2420 3592 2476 Romani

2013 2505 2258 2574 episcopi
2311 2505 2513 2562 litteris
2553 2507 2670 2561 suis
2717 2508 3184 2577 comprobassent
3214 2512 3313 2581 (l).
3366 2511 3597 2569 Etiamsi

2011 2596 2160 2651 enim
2202 2597 2513 2654 daemonum
2547 2600 2722 2655 cultui
2768 2600 2993 2657 deditus
3024 2613 3208 2670 esset,
3258 2615 3374 2659 tum
3408 2616 3595 2662 tamen

2013 2688 2161 2758 quod
2201 2691 2411 2761 justum
2447 2701 2595 2747 esset
2621 2692 2935 2763 judicavit,
2978 2703 3040 2749 ut
3070 2697 3166 2766 qui
3205 2697 3262 2751 in
3296 2698 3423 2752 ﬁdei
3461 2714 3595 2768 pro-

2013 2779 2254 2836 fessione
2287 2783 2770 2838 consentientibus
2792 2797 3172 2854 responsaret.
3199 2788 3600 2858 decretumque

2013 2886 2206 2926 eorum
2241 2883 2647 2940 contemneret,
2681 2876 2750 2929 ab
2793 2876 3012 2930 illorum
3051 2878 3344 2936 sodalitate
3383 2891 3440 2937 et
3473 2884 3591 2939 col-

2016 2964 2160 3032 legio
2188 2977 2559 3043 resecaretur.
2597 2958 2675 3023 Ita
2703 2969 2906 3023 Paulus
2934 2972 3002 3025 ab
3031 2971 3307 3038 Ecclesia,
3337 2990 3448 3031 non
3479 2985 3603 3031 tan-

2020 3066 2134 3110 tum
2165 3072 2194 3110 a
2240 3074 2396 3114 sacra
2432 3070 2488 3114 et
2528 3061 2932 3126 ecclesiastica,
2971 3079 3165 3118 verum
3194 3067 3364 3121 etiam
3396 3084 3426 3122 a
3472 3084 3601 3139 pro-

2017 3145 2142 3200 fana
2192 3156 2249 3200 et
2300 3149 2581 3203 mundana
2625 3160 2905 3220 potestate
2952 3155 3192 3223 turpiter
3250 3167 3338 3211 est
3382 3159 3600 3225 pulsus.

2013 3236 2345 3292 Aurelianus
2412 3250 2597 3294 autem
2658 3251 2775 3295 tum
2829 3244 3048 3311 quidem
3108 3255 3218 3299 tam
3272 3263 3488 3317 aequum
3540 3265 3602 3306 se

2015 3347 2144 3400 erga
2172 3347 2274 3385 nos
2304 3334 2561 3397 praebuit.
2601 3334 2948 3391 Procedente
2977 3353 3130 3404 vero,
3156 3354 3267 3393 una
3296 3355 3422 3394 cum
3460 3351 3601 3396 tem-

2012 3436 2171 3490 pore,
2216 3423 2453 3492 imperio
2487 3426 2641 3493 ejus,
2681 3436 2738 3479 ut
2770 3428 2881 3480 alio
2919 3445 2970 3481 lit
3009 3444 3109 3483 nos
3136 3442 3286 3485 esset
3324 3435 3534 3499 animo,
3569 3450 3600 3489 a

2013 3513 2346 3582 quibusdam
2380 3516 2855 3584 persuadebatur:
2898 3521 3279 3591 paulatimque
3309 3533 3370 3577 ut
3398 3534 3453 3577 et
3482 3524 3603 3595 ipse

2016 3607 2464 3674 persecutionem
2506 3609 2776 3665 adversus
2822 3612 3171 3687 Christianos
3212 3627 3460 3671 moveret
3492 3618 3601 3687 (2),

2017 3696 2372 3752 incitabatur.
2408 3700 2473 3753 Et
2499 3702 2610 3770 jam
2644 3718 2753 3756 non
2783 3684 3050 3758 minimus
3074 3721 3267 3760 rumor
3288 3706 3358 3760 de
3383 3723 3446 3761 ea
3478 3684 3605 3777 pas-

2015 3790 2118 3843 sim
2150 3791 2620 3852 increbrescebat.
2666 3794 2918 3865 Cumque
2958 3797 3051 3851 vix
3100 3798 3323 3852 tandem
3362 3800 3604 3855 suaden-

2018 3882 2166 3938 tibus
2222 3885 2482 3949 cederet,
2533 3896 2593 3941 et
2648 3888 3006 3943 subscribere
3062 3889 3266 3945 litteris
3317 3892 3438 3949 eis.
3477 3909 3600 3961 qua:

1988 3987 2212 4037 .contra
2254 3994 2442 4033 verant
2502 3979 2765 4049 pietatem
2818 3980 2981 4033 editas
3033 3980 3288 4045 fuerant,
3344 3982 3602 4051 deberet,

2016 4071 2317 4137 derepente
2347 4070 2534 4125 divina
2570 4070 2745 4125 adfuit
2776 4071 3020 4125 vindicta
3049 4074 3151 4140 ('5),
3188 4088 3311 4142 qua:
3338 4090 3445 4129 una
3474 4093 3599 4131 cum

2016 4164 2140 4235 ipso
2167 4164 2360 4219 cubito
2398 4164 2641 4232 improbi
2684 4164 2883 4220 scribae
2916 4180 3114 4220 manus
3161 4165 3404 4219 inhibuit
3428 4205 3445 4230 ,
3482 4184 3605 4222 oma

2016 4257 2185 4312 nibus
2224 4257 2363 4311 satis
2400 4255 2729 4321 declarans,
2765 4273 2873 4309 non
2911 4271 3130 4325 semper
3163 4260 3246 4312 eis
3276 4262 3368 4327 qui
3408 4260 3466 4313 in
3506 4278 3605 4316 nos

2018 4357 2463 4413 commoventur,
2498 4347 2658 4400 facile
2702 4363 2824 4402 esse
2859 4347 3132 4403 adversus
3176 4351 3447 4405 ecclesias
3480 4353 3606 4421 ejus

3080 4440 3183 4494 nisi
3242 4441 3333 4495 illa
3398 4458 3605 4498 arcano

2018 4530 2353 4599 occultoque
2393 4529 2647 4599 judicio,
2694 4546 2806 4599 quo
2852 4531 2899 4584 ei
2957 4531 3138 4586 visum
3191 4542 3279 4587 est
3332 4544 3602 4603 tempore,

2019 4621 2445 4690 explorationis,
2471 4623 2849 4693 castigationis
2899 4633 2955 4678 et
2984 4628 3369 4683 conversionis
3399 4639 3607 4683 nostrae

2019 4716 2218 4787 gratia.
2259 4715 2312 4769 id
2353 4715 2691 4785 permiserit.
2733 4715 2907 4769 Porro
2953 4715 3318 4773 Samosateno
3356 4721 3423 4774 ad
3476 4737 3604 4775 eum

2014 4808 2247 4867 modum
2268 4810 2496 4878 rejecto.
2521 4809 2883 4863 ecclesiarum
2909 4818 3160 4876 pastores
3185 4814 3605 4873 convenientes.

2020 4900 2089 4954 ad
2132 4901 2459 4971 Dionysium
2511 4900 2822 4954 Romanum
2866 4910 2922 4955 et
2965 4901 3326 4956 Maximinum
3364 4905 3607 4958 Alexan-

2021 4993 2245 5048 drinum
2277 4994 2572 5061 episcopos
2620 5006 2970 5047 communem
3000 4996 3460 5065 conscripserunt
3486 4997 3609 5065 epi-

2019 5086 2242 5149 stolam,
2271 5100 2508 5153 eamque
2539 5083 2604 5137 ad
2636 5083 2822 5138 omnia
2850 5095 3014 5140 terra:
3046 5087 3164 5142 loca
3201 5090 3514 5142 miserunt:
3547 5089 3628 5140 in‘

2020 5192 2137 5246 qua'
2179 5177 2502 5248 plenissime
2554 5175 2749 5247 synodi
2800 5186 2925 5231 acta
2955 5219 2971 5243 ,
3025 5178 3287 5233 videlicet
3338 5179 3603 5233 eximium

2023 5336 2149 5376 ante
2179 5337 2306 5377 enm
2355 5337 2553 5393 magno
2603 5322 3088 5378 circumstantium
3132 5337 3336 5391 pavore
3369 5324 3500 5379 ruit.
3529 5325 3606 5381 Ac

2025 5409 2133 5447 non
2188 5393 2360 5447 multo
2408 5404 2534 5460 post
2581 5393 2726 5447 inter
2780 5394 3318 5460 ConstantinOpnlim
3351 5409 3399 5445 et
3442 5394 3609 5448 llera-

2013 5465 2209 5535 oleam,
2234 5463 2502 5517 Mnesthei
2532 5464 2729 5517 notarii
2766 5465 2848 5516 sui
2882 5464 3206 5532 fraude,qui
3240 5466 3304 5516 ad
3332 5466 3605 5535 quosdam

2017 5532 2285 5586 militares
2334 5535 2543 5587 amicos
2596 5536 2741 5601 ejus,
2810 5535 3031 5587 nomina
3083 5549 3278 5588 eorum
3344 5532 3605 5588 adnotata

2018 5603 2273 5671 pertulit,
2312 5602 2451 5656 falso
2483 5618 2705 5656 manuni
2747 5603 2895 5656 illius
2940 5604 3212 5665 imitatus,
3262 5605 3490 5672 perinde
3526 5617 3609 5657 at-

2018 5686 2127 5739 que
2155 5673 2487 5725 Aurelianus
2513 5688 2611 5726 eoa
2635 5675 2948 5729 interticere
2972 5674 3375 5740 constituisset,
3391 5677 3609 5729 occisus

2018 5749 2125 5797 est.
2166 5742 2417 5813 (Eutrop.
2457 5741 2538 5798 F1.
2568 5741 2886 5814 Vopiscus.)
