4052 6464
478 350 614 413 1187

1709 343 2141 405 NICEPHOBI
2182 346 2533 407 CALLlSTl

3627 351 3771 419 1188

470 466 719 522 studium
774 476 972 528 suum,
1025 469 1082 517 ct
1138 460 1291 516 Pauli
1345 474 1562 515 morum
1628 458 2068 529 improbitatem,

2177 479 2238 515 τε
2270 464 2364 517 καὶ
2396 462 2622 535 βιοτήν·
2654 465 2712 533 ἐξ
2749 460 2817 537 ἧς
2861 462 3020 537 ὁλῖγα
3057 468 3388 537 παραθεῖναι
3421 468 3498 541 τῷ
3528 474 3769 543 παρόντι

479 559 1007 630 disputationesque
1036 563 1089 609 et
1125 552 1545 607 confutationes
1589 551 1862 621 publicas,
1901 558 2067 621 atque

474 657 754 724 impuram
803 649 1258 717 impudicamque
1306 645 1548 699 hominis
1592 645 1762 697 vitam
1796 659 2070 714 exposue—

476 753 632 800 runt.
667 743 821 798 Unde
855 755 1027 811 pauca
1065 738 1320 809 quaedam
1356 737 1466 791 huc
1498 735 1702 790 afferre
1732 736 1965 807 placuit.

939 854 1109 927 (.21.
1147 852 1373 909 CAPUT
1429 852 1604 907 xxx.

475 951 718 1023 Epistula
743 950 931 1020 synodi
961 949 1331 1023 antiocheme,
1370 947 1788 1023 immoderatam
1819 951 1868 996 et
1906 941 2066 997 luxu-

727 1018 925 1074 riosam
957 1018 1298 1072 Samosateni
1332 1020 1493 1070 vitam
1521 1032 1811 1085 exponens.

545 1138 612 1194 Et
648 1137 753 1191 alia
790 1134 1019 1205 quidem
1052 1132 1473 1202 praetermittam
1506 1146 1525 1185 :
1559 1145 1684 1199 quae
1720 1143 1853 1184 vero
1889 1142 2074 1185 mores

406 1260 409 1263 -
475 1232 598 1300 ejus
620 1270 635 1294 ,
673 1228 846 1283 veluti
880 1227 936 1280 in
969 1225 1289 1280 columnam
1323 1223 1502 1277 incisa
1527 1259 1542 1287 ,
1585 1220 1901 1285 declarant,
1941 1235 2073 1289 pcr-

473 1336 723 1376 curram.
757 1319 835 1373 Ea
874 1319 957 1373 sic
990 1317 1197 1372 habent
1229 1333 1242 1369 :
1284 1333 1303 1367 ι
1344 1315 1650 1382 Postquam
1684 1329 1714 1367 a
1756 1328 1969 1369 canone
2016 1321 2074 1368 et

474 1416 664 1485 regula
698 1415 932 1469 sincerae
980 1412 1252 1467 doctrina:
1299 1410 1584 1481 digressus
1613 1450 1628 1474 ,
1680 1410 1747 1464 ad
1781 1409 2074 1477 illegitima

473 1518 531 1563 ct
581 1508 899 1562 adulterina
954 1506 1216 1576 dogmata
1266 1504 1552 1567 descivit,
1606 1504 1745 1557 nihil
1797 1519 1938 1574 opus
1988 1510 2075 1571 est

475 1602 729 1656 actiones
764 1602 886 1671 ejus
924 1613 1083 1654 extra
1134 1599 1438 1652 Ecclesiam
1475 1612 1815 1653 recensere:
1867 1612 2070 1667 neque,

477 1711 605 1749 cum
658 1695 813 1764 prius
871 1707 1079 1761 pauper
1134 1691 1305 1744 fuerit
1351 1697 1408 1745 et
1461 1690 1805 1757 mendicus,
1862 1689 2073 1759 quippe

2175 557 2384 612 δίκαιον
2410 562 2650 630 ἥγημαι.

2783 855 3039 911 ΚΕΦΑΛ.
3078 856 3161 911 A'.

2190 949 2529 1016 Ἐπιστολὴ
2558 949 2670 1018 τῆς
2699 948 2769 1001 ἐν
2818 948 3151 1017 Ἀντιοχείᾳ
3187 948 3487 1013 συνόδου,
3515 953 3631 1018 τὴν
3653 954 3770 1009 τοῦ

2251 1020 2654 1091 Σαμοσατέως
2682 1018 3054 1090 διηγουμένη
3084 1020 3437 1075 ἀκόλαστον
3475 1021 3733 1081 δίαιταν.

2248 1134 2331 1187 Τά
2369 1132 2469 1203 μὶν
2504 1132 2598 1187 οὖν
2631 1132 2770 1187 ἄλλα
2802 1134 3043 1203 παρήσω
3068 1148 3083 1164 '
3118 1133 3220 1189 ὅσα
3245 1132 3298 1187 δ*
3320 1133 3391 1191 ἂν
3420 1132 3511 1189 τὸν
3553 1136 3770 1194 ἐκείνου

2177 1222 2253 1286 ὡς
2311 1224 2370 1277 ἐν
2429 1223 2601 1295 στήλῃ
2660 1224 2779 1294 βίον
2831 1223 3269 1294 διαγορεύουσιν,
3323 1225 3766 1298 ἐπιδραμοῦμαι,

2176 1314 2368 1368 τοῦτον
2398 1314 2881 1390 ὑφηγούμεναιτὸν
2908 1316 3113 1384 τρόπον
3130 1331 3148 1347 ο
3186 1332 3205 1365 ι
3233 1314 3411 1369 Ὅπου
3427 1331 3489 1383 γε
3516 1316 3769 1380 ἀποστὰς

2176 1408 2271 1461 τοῦ
2314 1409 2565 1472 κανόνος,
2602 1409 2694 1461 ἐπὶ
2732 1407 2967 1476 κίϐδηλα
2995 1408 3094 1463 καὶ
3112 1409 3243 1463 νόθα
3283 1408 3593 1476 διδάγματα
3624 1427 3750 1478 μετ-

2177 1500 2477 1570 ελήλυθεν,
2526 1502 2680 1554 οὐδὲν
2744 1502 2831 1557 δεῖ
2872 1499 2968 1553 τοῦ
3018 1500 3126 1566 ἔξω
3172 1500 3329 1562 ὄντος
3377 1502 3474 1566 τὰς
3526 1501 3765 1571 πράξεις

2178 1594 2386 1667 κρίνειν
2412 1611 2428 1626 ο
2459 1594 2571 1647 οὐδ’
2617 1596 2700 1648 ὅτι
2751 1593 3018 1667 πρότερον
3051 1593 3222 1665 πένης
3270 1593 3346 1648 ῶν
3381 1597 3477 1648 καὶ
3521 1594 3760 1664 πτωχὸς,

2183 1689 2311 1760 μήτ’
2355 1688 2422 1742 ἐκ
2467 1687 2721 1759 πατέρων
2776 1685 3118 1756 παραλαϐὼν
3169 1685 3442 1757 μηδεμίαν
3472 1686 3759 1757 εὐπορίαν,

478 1790 574 1857 qui
609 1802 791 1856 neque
828 1802 856 1840 a
895 1785 1223 1855 parentibus
1255 1784 1659 1854 patrimonium
1690 1784 1916 1853 aliquod
1982 1799 2071 1837 ac-

2182 1784 2322 1851 μήτε
2357 1784 2421 1834 ἐκ
2456 1782 2652 1852 τέχνης
2680 1783 2892 1854 ἦ⁶τινος
2921 1780 3361 1853 ἐπιτηδεύματος
3392 1780 3759 1851 κτησάμενος,

478 1880 741 1948 cepisset,
768 1893 949 1947 neque
977 1888 1095 1933 arte
1126 1888 1221 1932 aut
1250 1877 1435 1932 Studio
1465 1875 1725 1946 quopiam
1767 1875 2070 1945 quidquam

476 1981 745 2041 parasset,
773 1969 921 2039 quod
954 1970 1021 2022 ad
1049 1971 1354 2024 immensas
1385 1984 1522 2039 opes
1575 1984 1673 2037 per
1705 1968 1930 2023 fraudes
1965 1969 2072 2022 ini-

475 2063 775 2133 quissimas
817 2070 876 2116 et
926 2062 1221 2132 sacrilegia
1272 2061 1640 2130 pervenerit:
1685 2076 1867 2131 neque
1899 2063 2072 2116 etiam

402 2146 417 2151 ”
474 2171 599 2226 qua:
646 2154 851 2211 fratres
897 2156 1193 2210 excutiens
1244 2140 1538 2225 eégerit,
1589 2156 1819 2224 praemia
1869 2153 1938 2208 ab
1989 2155 2072 2208 eis

466 2264 619 2319 quos
671 2248 877 2316 injuria
924 2247 1115 2303 affecit
1161 2249 1429 2317 capiens,
1477 2258 1532 2302 ct
1577 2248 1835 2302 mercede
1879 2263 1938 2303 se
1989 2247 2074 2301 eis

473 2356 639 2411 Opem
670 2342 915 2395 laturum
941 2340 1241 2410 pollicens,
1272 2354 1415 2409 quos
1442 2352 1629 2393 tamen
1660 2338 1812 2409 ipsos
1840 2339 2069 2395 fefellit:

480 2435 797 2503 frustraque
828 2435 1031 2489 uberes
1070 2432 1285 2488 fructus
1331 2433 1680 2502 percipiens,
1732 2448 1802 2488 ex
1834 2448 2074 2503 propen-

480 2530 638 2581 sioue
669 2536 727 2582 et
762 2526 1213 2597 promptitudine
1245 2541 1442 2581 eorum
1480 2527 1576 2596 qui
1619 2527 1857 2597 negetiis
1886 2525 2073 2594 impli-

476 2620 573 2674 citi
611 2634 679 2673 eo
722 2618 957 2673 nurnine
994 2617 1082 2671 illi
1122 2616 1443 2682 dederunt,
1488 2625 1548 2670 ut
1588 2617 1841 2670 molestia
1886 2616 2072 2670 litium

473 2709 946 2780 defungeremur,
980 2717 1314 2779 proventum
1348 2718 1525 2778 atque
1553 2708 1791 2778 vectigal
1825 2708 1923 2763 Dei
1955 2708 2075 2764 cul-

475 2817 593 2859 tum
620 2819 752 2859 esse
784 2804 998 2858 ducens
1024 2821 1039 2857 :
1068 2818 1249 2873 neque
1275 2813 1337 2857 ut
1363 2803 1458 2857 ille
1488 2803 1853 2873 superbierit,
1886 2804 2076 2859 subla-

478 2909 681 2965 tusque
700 2895 875 2951 fuerit
897 2895 1196 2950 mundanis
1213 2894 1608 2965 dignitatibus,
1629 2895 1973 2951 ducenarius
1992 2894 2071 2967 (1)

477 2989 665 3058 potius
708 3002 879 3057 quam
922 2987 1220 3056 episcopus
1262 2987 1455 3043 vocari
1503 2988 1740 3044 volens:
1780 3002 1965 3057 neque
2011 2999 2075 3043 ut

2175 1872 2272 1925 νῦν
2300 1874 2381 1935 εἰς
2413 1871 2833 1941 ὑπερϐάλλοντα
2862 1870 3098 1927 πλοῦτον
3121 1871 3385 1943 ἐλήλακεν
3421 1872 3480 1938 ἐξ
3515 1871 3760 1941 ἀνομιῶν

2176 1965 2268 2018 καὶ
2306 1964 2667 2033 ἱεροσυλιῶνο
2705 1966 2801 2020 καὶ
2831 1959 2908 2019 ὧν
2957 1966 3185 2018 ἀπαιτεῖ
3220 1966 3316 2018 καὶ
3358 1965 3587 2019 διασείει
3633 1965 3760 2028 τοὺς

2174 2061 2463 2127 ἀδελφοὺς,
2522 2062 2960 2132 καταϐραὸεύων
3010 2062 3139 2124 τοὺς
3193 2062 3606 2130 ἀδικουμένους,
3659 2060 3759 2114 καὶ

2174 2155 2617 2225 ὑπισχνούμενος
2680 2154 2975 2226 βοηθήσειν
3027 2155 3269 2224 μισθοῦο
3313 2154 3642 2224 ψευδόμενος
3696 2153 3756 2209 δὲ

2175 2250 2270 2300 καὶ
2305 2248 2554 2310 τούτους,
2584 2249 2683 2302 και
2734 2250 2918 2320 μάτην
2966 2250 3358 2321 καρπούμενος
3402 2249 3502 2320 τὴν
3547 2250 3655 2304 τῶν
3697 2252 3758 2303 ἐν

2175 2341 2505 2410 πράγμασιν
2530 2341 2704 2395 ὅντων
2735 2342 3070 2411 ἑτοιμότητα
3101 2342 3241 2412 πρὸς
3269 2341 3330 2395 τὸ
3362 2342 3583 2407 διδόναι,
3617 2341 3755 2411 ὑπὲρ

2174 2435 2502 2503 ἀπαλλαγῆς
2550 2435 2659 2488 τῶν
2708 2436 3098 2506 ἐνοχλούντων,
3142 2436 3417 2507 πορισμὸν
3456 2434 3753 2506 ἡγούμενος

2175 2527 2274 2597 τὴν
2327 2528 2677 2582 θεοσέϐειαν*
2717 2531 2812 2582 καὶ
2867 2528 2993 2582 οὗτε
3050 2529 3127 2593 ὡς
3185 2529 3365 2602 ὑψηλά
3420 2533 3611 2601 φρονεῖ
3656 2528 3760 2584 καὶ

2177 2622 2491 2692 ὑπερῆρται
2562 2622 2808 2692 κοσμικὰ
2863 2622 3160 2691 ἀξιώματα
3222 2624 3609 2694 ὑποδυόμενος,
3662 2626 3760 2677 καὶ

2175 2716 2521 2783 δουκινάριος
2558 2716 2764 2786 μᾶλλον
2812 2716 2845 2784 ἢ
2883 2717 3188 2781 ἐπίσκοπος
3239 2716 3413 2771 θέλων
3451 2717 3760 2785 καλεῖσθαι,

2176 2809 2271 2860 καὶ
2305 2806 2480 2861 σοϐῶν
2506 2808 2648 2861 κατὰ
2685 2808 2785 2878 τῆς
2827 2802 3187 2879 ἀγορᾶς,’καὶ
3236 2809 3527 2873 ἐπιστολάς
3565 2812 3758 2879 ἀναγι-

2177 2897 2407 2954 νώσκων
2435 2901 2533 2953 καὶ
2565 2900 2933 2971 ὑπαγορεύων
2959 2903 3099 2974 ἃμα,
3128 2902 3364 2972 βαδίζων
3397 2903 3634 2974 δημοσίᾳ
3661 2904 3759 2957 καὶ

2175 2992 2671 3064 δορυφορούμενος,
2702 2994 2817 3047 τῶν
2850 2994 2952 3064 μέν
3003 2997 3520 3071 προπορευομένων,
3562 2997 3672 3050 τῶν
3698 2996 3758 3050 δέ

474 3099 576 3154 per
603 3083 787 3137 forum
812 3081 1055 3151 superbe
1081 3080 1394 3146 incesserit,
1415 3081 1699 3152 simulque
1725 3091 1781 3137 et
1806 3082 2071 3153 epistolas

2178 3084 2536 3154 ἐφεπομένων
2580 3084 2800 3138 πολλῶν
2831 3086 2929 3138 τὸν
2973 3085 3215 3157 ἀριθμόν
3237 3101 3252 3116 ⁶
3291 3087 3368 3151 ὡς
3419 3087 3513 3142 καὶ
3539 3088 3637 3160 τὴν
3668 3088 3760 3141 πε..

472 3178 675 3248 legerit
709 3185 767 3230 et
799 3175 1128 3240 dictaverit,
1171 3190 1299 3229 eum
1338 3175 1605 3230 satellitio
1648 3175 1952 3245 publicitus
1982 3176 2071 3230 in.

2181 3196 2301 3234 στιν
2333 3177 2653 3247 φθονεῖσθαι
2694 3181 2792 3233 καὶ
2826 3180 3113 3251 μισεῖσθαι
3159 3181 3249 3237 διὰ
3273 3183 3365 3237 τὸν
3401 3184 3563 3252 ὄγκον
3592 3183 3758 3238 αὐτοῦ

475 3273 772 3342 grediens,
808 3282 1008 3341 inagno
1049 3286 1287 3326 numero
1315 3271 1405 3327 his
1439 3271 1920 3342 praecedentibus,
1959 3271 2071 3327 illis

2177 3274 2271 3327 καὶ
2300 3272 2400 3344 τὴν
2425 3273 2817 3343 ὑπερηφανίαν
2842 3273 2944 3345 τῆς
2968 3276 3198 3347 καρδίας
3222 3289 3238 3306 ⁶
3271 3276 3397 3331 οὔτε
3433 3277 3535 3350 τὴν
3551 3278 3610 3331 ἐν
3636 3280 3759 3344 ταῖς

475 3367 881 3437 sequentibus:
914 3365 1056 3421 adeo
1088 3375 1168 3431 ut,
1212 3375 1441 3436 propter
1476 3366 1678 3421 fastum
1711 3374 1768 3422 et
1801 3381 2070 3438 arrogan-

476 3461 609 3514 tiam
658 3460 847 3515 cordis
892 3460 1050 3528 ejus,
1097 3460 1237 3515 fides
1287 3471 1476 3514 nostra
1526 3475 1752 3531 gravem
1802 3461 2071 3514 invidiam

474 3551 779 3620 odiumque
802 3567 1169 3622 permagnum
1194 3551 1451 3606 subierit.
1478 3552 1598 3606 Non
1620 3551 1789 3606 etiam
1814 3550 1871 3605 in
1893 3550 2072 3605 eccle~

472 3645 718 3700 siasticis
782 3646 1153 3720 conventibus
1184 3656 1558 3701 monstrosam
1580 3646 1701 3716 ejus
1725 3645 2069 3713 superbiam,

476 3754 641 3808 quam
687 3739 1058 3809 aucupatione
1105 3738 1264 3793 fama).
1298 3750 1354 3792 et
1397 3739 1621 3810 gloriae,
1673 3749 1729 3793 et
1770 3739 2068 3794 oculorum

472 3834 805 3904 praestigiis,
846 3833 1216 3903 fucorumque
1258 3833 1622 3888 meditatione
1659 3841 1749 3887 est
1795 3832 2065 3888 molitus:

473 3925 679 3995 quibus
718 3924 889 3979 rebus
934 3925 1340 3995 simpliciorum
1385 3925 1604 3980 animus
1638 3925 1981 3991 conterruit,
2014 3936 2071 3981 et

473 4015 929 4071 consternatione
960 4015 1252 4084 implevit,
1289 4015 1535 4070 tribunal
1566 4016 1801 4084 quidem
1827 4025 1885 4070 et
1914 4016 2073 4070 thro-

475 4125 610 4165 num
636 4110 896 4164 altiorem
923 4107 1036 4163 sibi
1059 4119 1417 4173 construens,
1445 4123 1561 4163 non
1584 4118 1643 4163 ut
1662 4107 1871 4164 Christi
1899 4108 2073 4165 disci-

473 4200 665 4270 pulus,
690 4208 970 4254 secretum
998 4214 1133 4254 vero
1161 4200 1330 4255 sicuti
1361 4200 1552 4257 mundi
1585 4201 1868 4270 principes
1893 4211 1949 4257 et
1974 4201 2072 4255 ba-

474 4293 615 4348 bens
660 4301 718 4346 et
767 4293 1065 4346 nominans
1101 4292 1215 4363 (2):
1268 4292 1623 4362 subindeque
1671 4291 1853 4347 femur
1903 4309 2069 4348 tnanu

475 4386 737 4457 pulsans,
768 4393 824 4439 et
856 4388 1189 4455 suggestum
1228 4385 1469 4453 pedibus
1509 4386 1813 4454 quatiens.’
1830 4385 1988 4452 Quod
2023 4389 2068 4442 si

2175 3367 2666 3439 ἐκκλησιαστικαῖς
2709 3369 2953 3432 συνόδοις
3002 3372 3315 3440 τερατείαν,
3348 3371 3417 3444 ἢν
3447 3375 3756 3444 μηχανᾶται

2174 3459 2486 3527 δοξοκοπῶν
2534 3461 2630 3514 καὶ
2676 3461 3162 3530 φαντασιοκοπῶν,
3210 3464 3436 3528 καὶτὰς
3469 3464 3579 3518 τῶν
3626 3467 3759 3518 ἀκε-

2179 3551 2481 3623 ραιοτὲρων
2536 3552 2718 3624 ψυχὰς
2744 3554 2862 3617 τοῖς
2907 3553 3179 3618 τοιούτοις
3230 3556 3571 3629 ἐκπλήττων,
3604 3556 3756 3627 βῆμα

2180 3642 2280 3712 μὲν
2310 3644 2407 3695 καὶ
2452 3643 2645 3712 θρόνον
2690 3644 2898 3715 ὑψηλὸν
2949 3646 3133 3716 ἐαυτῷ
3181 3649 3756 3719 κατασκευασάμενος,

2174 3737 2276 3807 οὐχ
2322 3738 2400 3799 ὡς
2450 3738 2695 3809 Χριστοῦ
2741 3738 3014 3811 μαθητὴς,
3058 3740 3321 3811 σίκρητον
3367 3742 3424 3795 δέ
3476 3742 3666 3813 ὥσπερ
3712 3745 3759 3799 οι

2173 3831 2270 3884 τοῦ
2298 3832 2506 3901 κόσμου
2540 3833 2808 3905 ἄρχοντες
2833 3834 2976 3904 ἔχων
3001 3852 3061 3888 τε
3088 3839 3184 3890 καὶ
3218 3837 3503 3909 ὀνομάζων
3528 3851 3545 3868 ⁸
3583 3840 3761 3894 παίων

2174 3941 2234 3976 τε
2266 3927 2332 3996 τῇ
2376 3927 2528 3995 χειρὶ
2551 3926 2643 3979 τὸν
2669 3930 2869 3997 μηρὶν,
2911 3931 3008 3981 καὶ
3060 3930 3127 3982 τὸ
3163 3929 3318 4000 βῆμα
3355 3931 3612 4001 ἀράσσων
3648 3932 3763 3993 τοῖς

2175 4016 2338 4070 ποσί’
2375 4016 2471 4071 καὶ
2501 4019 2614 4080 τοῖς
2665 4018 2743 4087 μὴ
2776 4018 3064 4073 ἐπαινοῦσι
3114 4022 3250 4092 μηδέ
3305 4021 3496 4093 ῶσπερ
3548 4024 3604 4077 ἐν
3646 4025 3762 4087 τοίς

2174 4111 2431 4182 θεάτροις
2460 4115 2818 4168 κατασείουσι
2841 4116 2965 4179 ταῖς
2990 4115 3227 4180 ὀθόναις,
3265 4118 3405 4187 μηδέ
3432 4118 3664 4172 ἐκϐοῶσί
3697 4136 3758 4173 τε

2173 4209 2271 4259 καὶ
2298 4206 2623 4276 ἀναπηδῶσι
2659 4208 2806 4263 κατά
2836 4210 2906 4263 τά
2948 4211 3093 4266 αύτά
3129 4214 3241 4275 τοῖς
3267 4213 3409 4283 ἀμφ’
3434 4214 3593 4267 αὑτὸν
3630 4233 3761 4269 στα-

2176 4284 2435 4360 σιώταιςο
2468 4298 2698 4369 ἀνδράσι
2752 4318 2813 4354 τε
2866 4304 2958 4357 καὶ
3006 4306 3259 4373 γυναίοις
3286 4309 3545 4378 ἀκόσμως
3588 4308 3759 4371 οὕτως

2173 4392 2587 4463 ἀκροωμένοις*
2617 4397 2734 4459 τοῖς
2783 4396 2831 4449 δ’
2880 4396 2974 4452 οὖν
3001 4400 3084 4464 ὡς
3114 4402 3173 4455 ἐν
3221 4401 3356 4472 οἴκῳ
3384 4402 3519 4458 Θεοῦ
3562 4420 3759 4475 σεμνο-

471 4478 570 4548 qui
616 4479 739 4530 haec
775 4492 886 4531 non
931 4475 1257 4538 laudarent,
1300 4486 1358 4530 et
1391 4476 1541 4547 quod
1577 4479 1632 4531 in
1679 4478 1916 4534 theatris
1947 4478 2069 4534 fieri

2177 4486 2492 4553 προσώποις
2537 4488 2632 4541 καὶ
2674 4489 2958 4555 εὐτάκτως
3006 4492 3304 4549 ἀκούουσιν
3340 4496 3615 4567 ἐπιτιμῶν
3662 4497 3758 4551 καὶ

473 4574 647 4638 solet,
694 4571 1007 4663 orariorum
1035 4580 1093 4624 et
1140 4570 1437 4625 fasciarum
1481 4572 1731 4627 tenuium
1766 4573 2069 4643 jactatione

2177 4579 2502 4651 ἐνυϐρίζων,
2534 4582 2631 4635 καὶ
2679 4586 2761 4647 εἰς
2810 4587 2940 4649 τοὺς
2988 4588 3329 4652 ἀπελθόντας
3377 4591 3443 4643 ἐκ
3499 4592 3593 4645 τοῦ
3643 4593 3760 4663 βίου

476 4674 535 4718 et
555 4666 931 4719 concussione
957 4676 1065 4717 non
1095 4664 1523 4733 applauderent,
1548 4666 1720 4735 quive
1746 4682 1857 4720 non
1886 4668 2071 4722 accla-

2177 4671 2371 4726 τούτου
2406 4676 2688 4745 παροινῶν
2720 4678 2997 4749 ἐξηγητὰς
3039 4682 3136 4736 τοῦ
3184 4683 3370 4753 λόγου,
3402 4687 3679 4757 φορτικῶς
3708 4691 3763 4742 ἐν

478 4767 729 4823 merent,
766 4765 935 4827 atque
977 4756 1171 4833 itidem
1207 4765 1267 4811 ut
1295 4757 1391 4826 qui
1431 4759 1580 4813 circa
1622 4760 1809 4828 ipsum
1849 4761 2071 4815 stabam

2177 4766 2253 4836 τῷ
2283 4767 2470 4837 κοινῷ,
2502 4771 2601 4823 καὶ
2634 4772 3139 4844 μεγαλορῤημονῶν
3170 4779 3303 4847 περὶ
3346 4756 3568 4848 ἐαυτοῦ,
3596 4781 3764 4835 καθά-

478 4849 738 4904 factionis
767 4849 888 4918 ejus
920 4848 1249 4912 exsilirent,
1289 4850 1359 4905 ab
1390 4851 1472 4905 eis
1511 4852 1615 4905 sibi
1652 4852 1914 4923 injuriam
1948 4852 2071 4906 ﬁeri

2177 4875 2286 4929 περ
2312 4862 2413 4914 οὐκ
2452 4863 2776 4931 ἐπίσκοπος,
2818 4866 2957 4920 ἀλλὰ
3007 4871 3269 4943 σοφιστὴς
3298 4877 3394 4926 καὶ
3426 4872 3559 4943 γόης
3579 4889 3594 4903 ⁸
3625 4874 3763 4945 ψαλ-

478 4941 734 5010 putabat.
761 4938 851 4993 Sic
876 4938 1026 4992 enim
1052 4952 1108 4994 et
1132 4941 1236 4993 viri
1264 4952 1321 4995 et
1348 4941 1611 4996 mulieres
1637 4943 2068 4998 concionantem

2179 4954 2314 5022 μούς
2366 4971 2427 5010 τε
2474 4960 2606 5020 τοὺς
2667 4960 2768 5025 μὲν
2820 4961 2903 5022 εἰς
2953 4960 3047 5015 τὸν
3094 4938 3302 5033 Κύριον
3351 4938 3762 5039 ἡμῶννίησοῦν

477 5034 742 5087 indecore
776 5031 1079 5087 admodum
1110 5034 1434 5089 audiebant.
1465 5033 1632 5106 425
1668 5037 1851 5104 Atque
1881 5036 1936 5089 in
1969 5050 2070 5089 eos

2177 5045 2419 5111 παύσας,
2471 5046 2549 5111 ὡς
2602 5049 2667 5120 δὴ
2725 5052 3026 5122 νεωτέρους
3077 5031 3192 5110 καὶὴ
3221 5031 3505 5128 νεωτέρων
3554 5031 3763 5131 ἀνδρῶν

476 5128 597 5195 qui,
625 5135 685 5180 ut
714 5125 770 5180 in
804 5128 972 5181 domo
1004 5126 1121 5192 Dei,
1152 5135 1300 5183 statu
1331 5129 1584 5199 corporis
1616 5129 1689 5184 ad
1719 5124 1941 5199 gravem
1973 5129 2071 5183 de-

2178 5141 2617 5211 συγγράμματα,
2648 5146 2727 5207 εἰς
2754 5144 2952 5197 ἐαυτὸν
2986 5146 3068 5212 δέ,
3111 5149 3169 5201 ἐν
3210 5151 3355 5223 μέσῃ
3391 5124 3461 5224 τῇ
3496 5124 3763 5225 ὲκκλτγσίᾳ

479 5229 807 5288 centenaque
841 5218 1094 5273 habitum
1126 5220 1438 5290 composito
1477 5220 1773 5285 sederent,
1809 5221 2071 5277 acerbius

2177 5234 2240 5303 τῇ
2296 5234 2513 5309 μεγάλῃ
2542 5235 2638 5289 τοῦ
2677 5237 2871 5310 Πάσχα
2907 5239 3094 5313 ἡμέρᾳ
3135 5218 3461 5314 ψαλμιρδείν-
3500 5218 3762 5314 γυναίκας

551 5407 626 5477 (ι)
672 5407 1018 5463 Ducenarius
1068 5408 1327 5478 princeps
1386 5407 1553 5465 oflicii
1610 5408 1735 5470 fuit,
1781 5409 1868 5464 vel
1921 5409 2069 5478 apud

477 5485 798 5547 prietecmm
846 5481 1229 5548 Augustalem,
1260 5480 1343 5533 vel
1386 5482 1531 5548 apud
1581 5481 1840 5535 comitem
1875 5479 2072 5535 Orien-

480 5551 569 5609 tis,
601 5551 683 5602 vel
720 5551 886 5602 etiam
925 5553 1069 5618 apud
1121 5550 1260 5603 alios
1306 5550 1721 5616 provinciarum
1757 5550 2067 5618 praefectos,

478 5619 686 5672 ascitus
727 5635 793 5672 ex
836 5620 1025 5673 schola
1077 5623 1359 5689 agentium
1398 5620 1451 5673 iu
1488 5622 1675 5684 rebus,
1707 5624 1803 5689 qui
1838 5621 2069 5675 adorata

477 5689 770 5761 clcnzcutia
813 5690 1105 5761 principali
1133 5707 1261 5745 cum
1306 5691 1614 5761 insignibus
1644 5695 1852 5746 exibat.
1883 5693 1931 5746 Is
1967 5692 2071 5745 sub

480 5773 539 5811 se
579 5759 825 5832 habebat
860 5758 1347 5832 Quruicularium,
1377 5758 1724 5832 Ailjutoreni.
1770 5763 2071 5817 Commen-

494 5828 810 5896 taricnscm,
844 5830 925 5883 Ab
971 5833 1130 5900 actis,
1157 5828 1538 5902 Numeraribs,
1572 5833 1933 5905 Exceptorcs,
1959 5843 2067 5889 ctc.

2177 5412 2375 5494 Scelus
2402 5414 2469 5494 de
2499 5413 2808 5494 insignibus
2836 5420 3284 5494 magistratuum.
3329 5425 3757 5481 Ducenarioeum

2175 5487 2385 5563 mentito
2418 5488 2477 5563 lit
2518 5487 2578 5563 i_n
2611 5487 2674 5540 L.
2706 5487 3070 5563 ﬂnl'ricularn,
3104 5493 3174 5548 de
3206 5504 3388 5563 agent.
3433 5498 3483 5548 in
3518 5499 3639 5551 reb.
3672 5498 3756 5563 l2,

2173 5555 2272 5609 lib.
2333 5554 2470 5635 God.
2518 5556 2888 5635 Temporibus
2939 5554 3168 5628 nostris,
3229 5554 3547 5620 cheuariis
3599 5554 3759 5635 pares

2354 5627 2616 5681 videntur
2658 5630 2804 5698 apud
2856 5647 3012 5703 reges
3064 5643 3120 5687 et
3156 5627 3485 5706 principes,
3537 5627 3760 5691 concel-

2196 5711 2318 5749 am.

2175 5768 2677 5892 cnﬁluféxpntw.
2715 5772 2871 5830 Unde
2903 5762 3220 5848 secretarii,
3249 5787 3308 5833 et
3349 5792 3380 5833 a
3414 5779 3640 5835 secretis
3671 5778 3758 5836 di-
