4052 6438
337 395 475 460 li89

1256 373 1884 446 ECCLESIASTICE
1926 369 2319 432 HISTORI/R
2364 370 2510 429 LIB.
2557 369 2654 430 VI.

3467 371 3485 431 l
3504 369 3602 432 1-90

332 504 799 577 παρασκευάζων,
833 498 908 558 ὧν
962 502 1059 555 καὶ
1117 501 1359 561 ἀκούσας
1399 497 1464 551 ἄν
1504 512 1587 558 τις
1642 492 1918 564 φρῖξειεν·

2036 499 2155 540 cum
2195 483 2535 538 contumelia
2587 482 2981 538 invehebatur.
3031 485 3292 541 Poctores
3331 487 3499 542 etiam
3549 502 3607 545 et

332 597 419 653 οἷα
472 600 566 651 καὶ
619 598 745 659 τοὺς
805 593 1155 655 θωπεύοντας
1203 588 1367 645 αὑτὸν
1419 586 1759 647 ἐπισκόπους
1808 583 1918 636 τῶν

331 690 552 760 ὁμόρων
579 688 768 758 ἀγρῶν
798 705 856 740 τε
889 686 983 739 καὶ
1009 684 1247 748 πόλεων,
1284 683 1378 736 καὶ
1402 678 1831 749 πρεσϐυτέρους,
1861 676 1920 727 ἐν

334 786 459 846 ταῖς
495 781 632 852 πρὸς
680 781 771 834 τὸν
817 779 943 832 λαὸν
989 776 1230 848 ὁμιλίαις
1281 775 1507 845 καθίησι
1553 769 1921 839 διαλέγεσθαι.

336 874 442 928 Τὸν
479 875 578 944 μὲν
607 874 714 942 γὰρ
756 872 884 925 Υἱὸν
931 870 1026 924 τοὺ
1068 866 1205 921 Θεοῦ
1277 866 1338 919 οὐ
1395 864 1647 934 βούλεται
1695 876 1924 930 συνομο-

338 968 518 1036 λογεῖν
566 964 626 1030 ἔξ
676 963 906 1032 οὖρανοῦ
962 958 1420 1030 κατεληλυθέναι·
1477 956 1567 1009 ἵνα
1615 972 1668 1007 τι
1717 954 1923 1022 προλαο

339 1061 526 1123 ϐόντες
568 1059 677 1113 τῶν
738 1057 1044 1127 μελλόντων
1095 1049 1481 1123 γραφήσεσθαι
1547 1048 1754 1119 θῶμεν.
1812 1047 1923 1101 Καὶ

337 1156 501 1207 τοῦτο
549 1153 609 1204 οὑ
662 1151 808 1218 λόγῳ
832 1148 974 1218 ψιλῷ
1003 1147 1305 1217 ῥηθήσεται
1334 1159 1348 1174 ο
1386 1143 1503 1196 ἀλλ’
1539 1142 1599 1207 ἐξ
1633 1136 1710 1195 ὦν
1752 1143 1923 1211 ἐπέμ-

335 1245 521 1315 ψαμεν
568 1245 1004 1314 ὑπομνημάτων,
1055 1241 1335 1293 δείκνυται
1395 1237 1757 1307 πανταχόθεν.
1806 1235 1921 1306 Οὑχ

338 1339 544 1408 ἣκιστα
582 1336 638 1389 δέ
692 1353 795 1387 που
829 1335 980 1402 λέγει
1022 1330 1236 1401 Ἰησοῦν
1268 1331 1509 1401 Χριστὸν
1546 1328 1796 1382 κάτωθεν
1820 1343 1835 1357 °
1869 1327 1921 1379 οἱ

338 1429 395 1481 δὲ
444 1431 526 1492 είς
576 1428 742 1483 αὑτὸν
788 1426 1088 1495 ψάλλοντες
1115 1425 1209 1477 καὶ
1260 1422 1702 1492 ἐγκωμιάζοντες
1754 1422 1813 1475 ἐν
1842 1418 1922 1490 τῷ

340 1521 452 1588 λαῷ
493 1520 731 1587 ἄγγελον
762 1519 856 1571 τὸν
885 1517 1059 1586 ἀσεϐῆ
1089 1515 1415 1570 διδάσκαλον
1449 1514 1632 1569 αὐτῶν
1660 1513 1722 1577 ἐξ
1750 1513 1922 1583 οὑρα-

340 1613 433 1664 νοῦ
483 1610 909 1680 κατεληλυθέναι
939 1608 1186 1677 λέγουσι.
1227 1608 1333 1660 Καὶ
1363 1607 1537 1661 ταῦτα
1580 1607 1639 1659 οὑ
1693 1604 1919 1669 κωλύει,

341 1705 477 1757 ἁλλέι
521 1705 612 1756 καὶ
668 1703 986 1772 λεγομένοις
1015 1702 1285 1770 πάρεστιν
1330 1702 1357 1754 ό
1393 1700 1770 1771 ὑπερήφανος.
1804 1697 1921 1759 Τὰς

341 1796 396 1846 δὲ
456 1793 849 1854 συνεισάκτους
912 1790 1080 1845 αὑτοῦ
1134 1792 1424 1859 γυναῖκας,
1479 1789 1557 1853 ὡς
1582 1815 1607 1869 οἰ
1624 1788 1923 1860 Ἀντιοχεῖς

342 1887 691 1956 ὀνομάζουσι,
727 1886 966 1940 καὶτῶν
1012 1886 1136 1954 περὶ
1174 1884 1337 1938 αὐτόν
1390 1884 1785 1956 πρεσϐυτέρων
1831 1885 1926 1939 καὶ

342 1980 639 2033 διακόνων·
670 1974 756 2042 οἷς
799 1980 896 2031 καὶ
944 1978 1106 2031 τοῦτο
1142 1978 1238 2031 καὶ
1270 1978 1341 2031 τὰ
1366 1976 1503 2031 ἄλλα
1543 1978 1930 2048 ἁμαρτήματα

345 2073 538 2126 ἀνίατα
599 2072 729 2127 ὄντα
790 2073 1171 2141 συγκρύπτει,
1237 2070 1495 2132 συνειδὼς
1549 2071 1645 2124 καὶ
1696 2068 1931 2140 ἐλέγξας

344 2166 495 2227 ὅπως
553 2163 755 2226 αὐτοὺς
810 2162 1105 2231 ὑπόχρεως
1150 2161 1286 2232 ἔχῃ·
1328 2163 1461 2230 περὶ
1492 2153 1566 2214 ὧν
1600 2161 1783 2229 λόγοις
1833 2160 1931 2212 καὶ

346 2257 526 2326 ἔργοις
576 2256 776 2321 ἀδικεῖ,
827 2256 903 2327 μὴ
941 2256 1259 2325 τολμῶντας
1310 2257 1641 2324 κατηγορεῖν
1697 2253 1774 2323 τῷ
1805 2254 1928 2309 καθ’

346 2349 574 2411 ἑαυτοὺς
604 2348 788 2419 φόϐῳ·
821 2349 963 2402 ἀλλὰ
1007 2348 1106 2400 καὶ
1151 2347 1446 2409 πλουσίους
1490 2348 1776 2416 ἀπέφηνεν
1798 2362 1811 2376 ’
1846 2347 1930 2416 ἐφ’

345 2435 559 2511 ᾦπρὸς
605 2440 715 2494 τῶν
766 2441 835 2493 τὰ
876 2440 1106 2494 τοιαῦτα
1171 2439 1487 2511 ζηλούντων
1547 2441 1785 2508 φιλεῖται
1837 2441 1932 2495 καὶ

347 2534 690 2603 θαυμάζεται
714 2551 729 2566 ⁸
761 2535 815 2588 τί
856 2535 923 2588 ἂν
955 2534 1129 2588 ταῦτα
1164 2535 1511 2604 γράφοιμεν;
1557 2534 1931 2603 Ἐπιστάμεθα

345 2625 424 2689 δὲ,
456 2626 754 2693 ἀγαπητοὶ,
787 2626 875 2678 ὅτι
907 2625 1004 2678 τὸν
1052 2625 1357 2678 ἐπίσκοπον
1412 2624 1507 2677 καὶ
1554 2624 1618 2677 τὸ
1661 2626 1931 2696 ίερατεῖον

348 2717 495 2771 ἅπαν
533 2717 891 2787 παράδειγμα
930 2713 1070 2771 εἶναι
1103 2716 1293 2787 δεῖτῷ
1328 2714 1524 2786 πλήθει
1569 2717 1789 2771 πάντων
1833 2735 1933 2770 κα-

346 2809 454 2862 λῶν
485 2810 687 2877 εργων.
718 2809 830 2861 Καὶ
879 2809 1001 2862 οὐδὲ
1052 2810 1232 2861 ἐκεῖνο
1290 2807 1617 2877 ἀγνοοῦμεν,
1673 2810 1786 2863 ὅσοι
1829 2812 1932 2863 ὑπο

348 2900 444 2955 τοῦ
490 2902 839 2969 συνεισάγειν
880 2902 1096 2965 ἑαυτοῖς
1140 2903 1410 2969 γυναῖκας
1448 2902 1745 2967 ἐξέπεσονο
1794 2904 1844 2957 oi
1885 2902 1931 2956 δ’

349 2994 810 3066 ὑπωπτεύθησαν.
841 2996 1005 3048 Ὥστε
1035 2996 1087 3047 εί
1113 2996 1205 3048 καὶ
1245 2995 1363 3065 δοίη
1402 3011 1485 3060 τις
1514 2996 1668 3066 αὑτῷ
1710 2996 1774 3049 τὸ
1825 3014 1935 3068 μηρ-

347 3086 437 3140 δὲν
484 3088 715 3155 ἀσελγὲς
752 3090 951 3150 ποιεῖν,
988 3088 1127 3142 ἀλλά
1150 3104 1212 3155 γε
1267 3088 1531 3142 ὑπόνοιαν
1586 3089 1686 3160 τὴν
1722 3092 1786 3142 ὲκ
1837 3088 1932 3142 τοῦ

2022 586 2383 633 enarratores
2432 577 2623 643 verbi,
2681 579 2775 647 qui
2826 593 2892 631 ex
2944 579 3046 633 hac
3090 579 3202 633 vita
3255 580 3607 650 migrassent,

2021 670 2338 739 petulanter
2365 670 2786 740 proscindebat.
2821 670 3016 725 Gravis
3042 684 3097 725 et
3127 672 3394 727 molestus
3430 674 3483 727 in
3514 692 3613 745 pu-

2024 760 2200 825 blico,
2245 768 2302 815 et
2334 761 2626 831 magniﬁca
2669 760 2739 816 de
2779 762 2966 831 seipse
3013 763 3359 831 praedicans,
3407 781 3518 820 non
3554 775 3614 819 ut

2023 853 2342 923 episcopus,
2376 854 2471 908 sed
2500 854 2750 924 sophista
2779 864 2835 909 et
2864 853 3157 923 impostor.
3183 854 3413 909 Psalmis
3443 871 3612 925 porro

2023 943 2093 997 de
2132 943 2367 999 Domino
2397 956 2594 1000 nostro
2625 945 2752 1001 Jesu
2787 945 3086 1014 abrogatis,
3121 956 3384 1016 tanquam
3420 963 3615 1001 recen—

2026 1035 2207 1101 tibus,
2259 1045 2316 1092 ct
2361 1052 2393 1092 a
2441 1037 2851 1092 recentioribus
2908 1039 3264 1106 compositis,
3328 1039 3380 1091 in
3430 1038 3612 1092 media

2023 1129 2284 1193 ecclesia,
2319 1145 2516 1199 magno
2548 1130 2638 1185 die
2670 1130 2897 1185 Pascha:
2928 1130 2997 1184 de
3026 1130 3211 1198 seipse
3252 1130 3615 1185 mulierculas

2023 1220 2215 1275 laudes
2244 1231 2471 1279 cantare
2499 1222 2849 1287 instituebat,
2875 1238 3012 1290 quas
3037 1239 3200 1276 nemo
3230 1223 3351 1276 sine
3381 1221 3613 1276 horrore

2025 1314 2321 1367 audiverit.
2369 1314 2850 1380 Quemadmodum
2904 1316 3108 1379 etiam,
3165 1324 3225 1369 ut
3274 1316 3343 1369 de
3402 1329 3462 1368 se
3513 1329 3615 1383 pro

2023 1409 2299 1461 concione
2339 1407 2407 1461 ad
2448 1407 2714 1478 pepulum
2762 1408 3041 1473 dicerent,
3076 1423 3140 1461 ex
3177 1408 3427 1475 ﬁnitimis
3466 1406 3615 1475 agris
3659 1396 3663 1401 ’

2023 1507 2079 1551 et
2131 1497 2386 1567 oppidis,
2435 1486 2534 1570 per
2570 1501 2999 1554 assentationem
3032 1502 3135 1554 sibi
3179 1500 3467 1554 adulantes
3499 1501 3619 1567 epi-

2024 1602 2224 1658 scopos
2276 1599 2333 1645 et
2392 1592 2747 1663 presbyteros
2787 1593 3067 1646 summisit
3113 1602 3276 1662 atque
3318 1594 3610 1662 disposuit.

2024 1680 2227 1736 Filium
2257 1682 2482 1751 quidem
2516 1684 2635 1751 Dei,
2669 1699 2779 1738 non
2811 1685 2926 1738 vult
2958 1687 3246 1757 nobiscum
3281 1687 3554 1754 proﬁteri,
3580 1700 3612 1739 e

2026 1775 2168 1828 cmlo
2213 1774 2614 1830 descendisse:
2659 1786 2720 1829 ut
2765 1776 2977 1847 aliquid
3024 1766 3212 1830 e'arum
3261 1793 3463 1857 rerumﬁ
3490 1793 3614 1846 qua:

2030 1877 2220 1936 postea
2246 1867 2582 1931 scribentur,
2610 1880 3065 1938 prmoccupantes
3083 1870 3379 1924 efferamus
3406 1915 3414 1921 .
3448 1872 3613 1939 idque

2030 1972 2143 2012 non
2171 1959 2334 2014 nudis
2359 1975 2388 2012 a
2414 1961 2576 2015 nobis
2603 1961 2820 2017 dicetur
2854 1963 3058 2028 verbis,
3092 1964 3186 2017 sed
3225 1978 3290 2017 ex
3324 1978 3612 2017 commen-

2030 2052 2225 2116 tariis,
2265 2067 2406 2122 quos
2448 2052 2514 2107 ad
2545 2069 2645 2109 vos
2678 2055 2951 2119 misimus,
2995 2056 3220 2109 omnino
3261 2056 3613 2124 probabitur.

2030 2143 2152 2200 Non
2195 2144 2383 2200 minus
2411 2160 2547 2201 vero
2591 2149 2755 2200 etiam
2788 2148 2993 2202 alicubi
3022 2148 3157 2202 dicit
3178 2170 3212 2212 ,ο
3234 2147 3420 2203 Jesum
3450 2147 3616 2205 Chri-

2033 2245 2180 2292 stum
2210 2252 2242 2291 e
2273 2248 2423 2293 terra
2453 2249 2643 2293 ortum
2671 2240 2952 2297 habuisse.
2977 2239 3081 2308 Qui
3112 2251 3295 2296 autem
3322 2241 3376 2296 in
3409 2244 3615 2312 populo

2032 2329 2261 2397 psalmis
2302 2340 2361 2385 et
2401 2329 2658 2386 laudibus
2687 2331 2921 2401 impium
2959 2332 3106 2387 hunc
3149 2332 3433 2387 hominem
3475 2332 3618 2386 cele-

2034 2418 2238 2487 brant,
2281 2422 2537 2491 angelum
2582 2439 2709 2478 eum
2751 2434 2808 2479 et
2836 2425 3162 2494 magistrum
3203 2426 3272 2479 ad
3309 2441 3369 2480 se
3405 2439 3438 2480 c
3475 2414 3621 2481 coelo

2034 2508 2395 2567 descendisse
2424 2521 2652 2567 canunt.
2683 2513 2751 2567 Et
2780 2514 2896 2568 haac
2923 2513 3015 2568 ille
3047 2508 3481 2586 superbissimus
3509 2532 3619 2570 non
3670 2523 3678 2531 '

2034 2603 2327 2672 prohibet,
2381 2604 2476 2658 sed
2525 2618 2589 2660 ea
2633 2605 2965 2661 canentibus
3013 2607 3193 2662 adest.
3243 2608 3383 2674 Quid
3429 2620 3615 2664 autem

2034 2695 2299 2750 mulieres
2342 2696 2463 2767 ejus
2504 2696 2972 2765 tsubintroductas
3024 2700 3143 2771 (3).
3188 2709 3250 2754 ut
3285 2702 3621 2756 Antiocheni

2035 2786 2363 2842 nominant:
2418 2789 2552 2858 quid
2614 2791 2737 2860 ejus
2783 2794 3145 2862 presbyteros
3199 2803 3254 2849 et
3311 2794 3621 2851 diaconos:

2035 2880 2241 2948 quibus
2271 2891 2326 2935 et
2355 2880 2461 2938 hoc
2492 2881 2783 2949 delictum,
2808 2892 2860 2938 et
2894 2884 3001 2938 alia
3034 2884 3466 2940 immedicabilia
3493 2903 3623 2956 pec-

2036 2982 2158 3027 cata
2190 2972 2489 3042 permittit,
2522 2990 2700 3045 eaque
2727 2991 2854 3029 cum
2892 2974 3007 3030 illis
3032 2978 3197 3042 celat,
3232 2979 3489 3033 conscius
3516 2980 3624 3034 sibi

2037 3076 2267 3126 eorum,
2314 3072 2370 3118 et
2398 3065 2565 3119 simul
2609 3065 2735 3118 illos
2772 3064 2841 3119 de
2872 3066 2956 3120 eis
2987 3080 3256 3137 arguens,
3296 3076 3358 3121 ut
3387 3066 3494 3121 sibi
3526 3066 3627 3122 ob-

348 3182 598 3235 τοιούτου
645 3180 973 3250 πράγματος
1004 3182 1284 3250 φυομένην
1329 3181 1500 3252 ἐχρῆν
1528 3157 1928 3254 εὐλαϐηθῆναι,

2038 3159 2236 3210 noxios
2277 3157 2499 3222 habeat,
2532 3158 2821 3214 dicamus?
2853 3159 3068 3225 Quibus
3102 3159 3156 3213 in
3202 3161 3369 3216 rebus
3391 3200 3407 3225 ,
3439 3161 3626 3216 verbis

351 3274 582 3343 μήτινα
624 3271 977 3342 σκανδαλίσῃ,
1020 3271 1147 3335 τοὺς
1199 3271 1257 3326 δὲ
1304 3273 1400 3327 καὶ
1454 3272 1751 3344 μιμεῖσθαι
1797 3292 1935 3345 1:90-

350 3365 547 3437 τρέψῃ.
572 3365 696 3428 ῐιὼς
722 3365 833 3436 γὰρ
859 3363 1215 3435 ἐπιπλήξειεν
1247 3363 1281 3435 ἢ
1311 3364 1690 3436 νουθετήσειεν
1717 3367 1932 3437 ἕτερον,

356 3459 432 3530 μὴ
463 3458 930 3527 συγκαταϐαίνειν
958 3455 1222 3509 ὲπιπλέον
1249 3455 1331 3518 είς
1363 3457 1561 3510 ταυτὸν
1595 3462 1821 3526 γυναικὶ
1852 3459 1927 3529 μὴ

351 3548 540 3619 όλισθῇ
592 3544 1017 3614 φυλαττόμενον,
1071 3544 1148 3605 ὡς
1202 3544 1553 3613 γέγραπται,
1598 3547 1750 3608 ὅστις
1801 3547 1930 3617 μίαν

358 3639 458 3709 μὲν
492 3638 803 3707 ἀπέστησεν
858 3635 977 3705 ἤδη,
1037 3633 1131 3687 δύο
1170 3633 1228 3687 δὲ
1278 3634 1638 3706 ἀκμαζούσας
1696 3640 1789 3689 καὶ
1847 3636 1939 3690 εὐ-

357 3734 589 3804 πρεπεῖς
648 3730 750 3802 τὴν
778 3730 899 3801 ὄψιν
937 3728 1051 3799 ἔχει
1085 3727 1208 3798 μεθ’
1232 3728 1432 3782 ἑαυτοῦ
1452 3745 1466 3760 ’
1500 3729 1601 3783 κᾶν
1637 3730 1776 3803 ἀπίῃ
1809 3747 1936 3798 που,

358 3825 713 3893 συνεπιφέρει
743 3826 838 3877 καὶ
871 3822 1099 3887 ταύτας,
1125 3823 1352 3893 τρυφῶν
1386 3823 1484 3876 καὶ
1510 3823 1936 3892 ὑπερεμπιπλάμ-

358 3936 560 3990 μενος;
605 3912 707 3970 Ὧν
753 3918 919 3969 ἕνεκα
971 3913 1297 3980 στενάζουσι
1351 3915 1454 3983 μὲν
1505 3916 1601 3969 καὶ
1645 3915 1938 3985 ὀδύρονται

358 4014 562 4076 πάντες
597 4010 720 4065 καθ’
750 4009 981 4071 ἑαυτούς
1007 4024 1023 4040 ο
1069 4007 1213 4061 οὑτω
1259 4008 1318 4060 δὲ
1359 4007 1461 4076 τὴν
1506 4008 1803 4076 τυραννίδα
1842 4008 1940 4061 καὶ

356 4106 679 4161 δυναστείαν
715 4102 882 4156 αὑτοῦ
914 4101 1280 4171 πεφόϐηνται,
1313 4098 1455 4153 ὥστε
1491 4100 1825 4168 κατηγορεῖν
1863 4099 1939 4171 μὴ

356 4199 564 4270 τολμᾷν
590 4214 604 4229 ·
649 4196 786 4251 ἀλλὰ
831 4196 1005 4249 ταῦτα
1048 4195 1170 4269 μὲν,
1224 4192 1300 4257 ὡς
1340 4193 1671 4262 εἰρήκαμεν,
1715 4191 1940 4246 εὑθυνεν

358 4293 423 4348 ἄν
469 4309 556 4354 τις
620 4292 714 4343 τὸν
762 4289 956 4358 ἄνδρα,
1016 4288 1079 4339 τὸ
1136 4286 1268 4354 γοῦν
1326 4288 1588 4355 φρόνημα
1646 4284 1942 4339 καθολικδν

358 4385 550 4455 ἔχοντα
587 4382 683 4435 καὶ
719 4378 1342 4449 συγκαταριθμούμενον
1376 4378 1542 4447 ἡμῖν’
1582 4376 1675 4431 τὸν
1705 4377 1762 4430 δὲ
1788 4377 1945 4448 ἐξορ-

356 4476 673 4548 χησάμενον
718 4472 779 4524 τὸ
832 4471 1140 4548 μυστήριον
1200 4470 1298 4523 καὶ
1344 4467 1824 4538 ὲμπομπεύσαντα
1873 4471 1939 4538 τῇ

362 4545 542 4642 μιαρᾷ
589 4568 803 4636 αἱρέσει
838 4545 944 4616 ’τοὺ
989 4563 1235 4631 Ἀρτεμᾶ
1267 4562 1342 4631 (τί
1371 4562 1482 4630 γὰρ
1528 4561 1595 4614 οὑ
1638 4561 1745 4632 χρὴ
1787 4560 1942 4629 μόλις

359 4668 455 4719 τὸν
487 4664 703 4731 πατέρα
749 4658 918 4716 αὑτοῦ
961 4657 1264 4727 δηλῶσαι;)
1292 4655 1450 4708 οὐδὲν
1495 4655 1607 4710 δεῖν
1655 4655 1943 4725 ἡγούμεθα

359 4756 571 4811 τούτων
619 4754 748 4816 τοὺς
805 4750 1105 4820 λογισμοπ
1146 4749 1429 4804 ἀπαιτεῖν.
1470 4742 1608 4801 Εἶτα
1654 4750 1747 4800 ἐπὶ
1793 4749 1943 4800 τέλει

358 4849 460 4921 τῆς
501 4846 795 4915 ἐπιστολῆς
825 4846 921 4896 καὶ
965 4841 1121 4895 ταῦτ’
1172 4840 1553 4907 ἐπιλέγουσιν
1586 4858 1604 4890 ι
1668 4840 1946 4909 Ἦναγκά-

367 4941 577 5012 σθημεν
608 4934 703 4991 οὖν
748 4935 1214 5002 ἀντιτασσόμενον
1258 4931 1422 4983 αὑτὸν
1451 4929 1530 4999 τῷ
1560 4929 1704 5001 Θεῷ,
1741 4930 1836 4983 καὶ
1866 4930 1943 5001 μὴ

435 5146 514 5217 (5)
547 5144 963 5205 Συγείσακτοι,
996 5142 1230 5217 hocest.
1267 5138 1740 5217 sub_introd_uctze._
1759 5152 1944 5217 neque

367 5207 827 5283 uxores,lneque
884 5214 1223 5273 concubinae,
1287 5213 1382 5265 sed
1442 5207 1941 5283 tertii_cuju_sdam

366 5277 587 5357 generis
616 5277 878 5357 mulieres
908 5291 1057 5357 sunt.
1093 5296 1230 5351 qttas
1261 5297 1474 5357 scentn_._
1483 5277 1809 5357 presbyteri,
1831 5288 1942 5357 entc.

366 5347 477 5410 non
535 5356 786 5411 creandas
858 5347 1125 5415 sobolisf
1172 5366 1353 5419 neque
1420 5347 1665 5405 libidinis
1733 5347 1942 5416 gratia,

369 5427 467 5481 sed
518 5425 739 5496 pietatis
787 5423 994 5496 studio,
1045 5431 1139 5475 aut
1196 5431 1347 5496 certe
1401 5420 1624 5496 pietatis
1677 5427 1942 5496 prietextu

365 5489 646 5551 fovebant.
680 5495 755 5548 De
806 5494 1007 5563 quibus
1049 5493 1307 5563 praeclara
1341 5489 1517 5545 ex'stat
1567 5489 1942 5563 Chrysostomi

368 5567 622 5622 homilia.
652 5558 884 5617 Ruﬁnus
936 5564 989 5615 in
1037 5558 1344 5616 rationibus
1391 5563 1619 5615 [Vicit-na:
1663 5558 1855 5627 synodi
1888 5558 1941 5610 in

369 5638 569 5691 Eccles.
632 5637 753 5690 hist.
810 5635 909 5687 lib.
963 5650 1018 5697 ι,
1084 5648 1204 5701 cap.
1260 5632 1313 5694 6,
1355 5644 1639 5684 extraneas
1689 5626 1942 5701 mulieres

367 5711 556 5761 vertit.
587 5706 763 5761 Sicuti
792 5706 959 5759 etiam
991 5697 1257 5757 attrahere
1306 5701 1569 5755 dicuntur
1595 5701 1649 5753 in
1689 5697 1751 5749 L.
1802 5697 1941 5750 Eum

369 5781 481 5847 qui,
507 5777 570 5832 Ο.
602 5777 678 5847 de
711 5776 882 5844 episc.
916 5782 971 5847 et
996 5777 1127 5829 cler.
1157 5774 1271 5827 Vid.
1296 5771 1596 5847 Gregorius
1626 5768 1944 5847 Theologus

370 5838 440 5901 ad
470 5838 719 5916 virgines
746 5838 872 5900 'Dco
908 5845 1137 5911 dicatas,
1165 5852 1359 5897 contra
1391 5838 1845 5898 subintroductas

2042 3248 2206 3304 simul
2254 3258 2312 3304 et
2359 3250 2523 3306 factis
2572 3252 2657 3306 eis
2700 3260 2783 3306 eat
2833 3251 3099 3321 injurius,
3156 3252 3304 3320 quod
3362 3267 3627 3308 accusare

2039 3355 2200 3403 eum,
2246 3341 2352 3395 sibi
2385 3343 2523 3411 ipsis
2569 3342 2865 3408 timentes,
2914 3358 3027 3399 non
3068 3343 3331 3399 audeant.
3376 3344 3483 3400 Sed
3529 3362 3628 3401 eos

2041 3434 2136 3488 ille
2163 3449 2390 3503 quoque
2421 3434 2892 3504 collocupletavit.
2935 3434 3285 3505 Quapropter
3316 3438 3386 3490 ab
3417 3441 3500 3493 eis
3529 3439 3625 3510 qui

2044 3524 2172 3580 talia
2197 3533 2618 3591 consectantur,
2638 3535 2948 3592 amatur,et
2973 3529 3031 3583 in
3062 3528 3431 3586 admiratione
3459 3532 3630 3587 liabe-

2044 3627 2153 3671 tur.
2180 3617 2320 3683 Quid
2345 3617 2491 3680 haec,
2515 3618 2765 3689 inquam,
2802 3620 3154 3674 scribamus?
3179 3621 3399 3675 Scimus
3416 3633 3627 3684 autem.

2043 3708 2265 3772 dilecti,
2301 3709 2623 3779 episcopum
2670 3718 2728 3767 ct
2765 3711 3164 3766 sacerdOtalem
3209 3713 3462 3768 ordinem
3506 3731 3629 3769 om-

2042 3817 2169 3855 nem
2237 3802 2577 3857 multitudini
2621 3804 2874 3873 exemplo
2920 3818 3048 3859 esse
3100 3804 3307 3862 debere
3352 3806 3625 3862 bonorum

2043 3909 2278 3963 operum
2330 3895 2605 3952 omnium.
2662 3896 2744 3952 Nc
2800 3897 2939 3951 illud
3003 3899 3229 3969 quidem
3287 3900 3626 3971 ignoramus,

2043 4003 2313 4058 perquam
2344 3990 2572 4054 multos,
2605 3991 2700 4060 qui
2730 3991 2837 4046 sibi
2862 3992 3126 4048 mulieres
3182 3993 3634 4051 subintroduxis-

2044 4090 2190 4143 sent,
2214 4083 2458 4150 graviter
2487 4084 2675 4153 lapsos
2700 4098 2824 4139 esse
2852 4101 2866 4137 :
2904 4085 3107 4140 multos
3133 4086 3192 4142 in
3215 4086 3418 4141 fmdam
3449 4087 3633 4157 suspi-

2044 4173 2264 4229 cionem
2309 4178 2652 4245 pervenisse.
2700 4180 2881 4248 Atque
2927 4187 2988 4233 ut
3013 4180 3419 4244 concedamus,
3455 4198 3628 4238 unum

2044 4265 2284 4335 aliquem
2338 4269 2394 4323 in
2445 4271 2537 4324 tali
2587 4287 2644 4325 re
2686 4273 2827 4326 nihil
2873 4282 3034 4341 turpe
3076 4283 3244 4343 atque
3290 4274 3629 4345 impudicum

2045 4362 2396 4418 committere
2420 4381 2434 4417 :
2470 4365 2842 4434 suspicionem
2872 4374 3080 4431 tamen,
3108 4382 3229 4434 quae
3256 4381 3324 4420 ex
3352 4367 3630 4438 ejusmodi

2047 4457 2306 4513 convictu
2358 4457 2642 4519 nascitur,
2685 4458 2860 4511 vitare
2902 4468 3124 4529 oportet
3175 4459 3284 4529 (4).
3343 4475 3411 4514 ne
3462 4477 3631 4531 quem

2048 4550 2326 4613 oﬂ‘endat,
2367 4560 2463 4603 aut
2491 4549 2558 4603 ad
2598 4550 2970 4606 imitationem
3010 4553 3169 4608 malae
3207 4558 3630 4614 consuetudinis

2048 4644 2267 4699 incitet.
2295 4643 2463 4716 426
2492 4643 2785 4710 Quomodo
2820 4661 3055 4712 namque
3087 4647 3257 4701 alium
3292 4650 3628 4720 objurgabit,

2046 4738 2133 4794 vel
2162 4739 2438 4800 instituet.
2473 4748 2534 4793 ut
2564 4739 2748 4793 videat
2779 4755 2848 4795 ne
2881 4740 3205 4809 frequenter
3234 4758 3365 4797 cum
3395 4746 3632 4801 muliere

2046 4833 2381 4887 conveniens
2409 4833 2647 4897 labatur,
2679 4835 2845 4889 sicuti
2876 4837 3143 4903 scriptum
3176 4848 3287 4899 est.
3343 4839 3435 4905 qui
3466 4854 3632 4896 unam

2028 4925 2271 4994 quidem
2304 4926 2417 4996 jam
2449 4927 2793 4996 repudiarit,
2830 4927 2968 4982 duas
2999 4937 3185 4984 autem
3224 4939 3387 4985 aetate
3421 4931 3631 4987 θοι-ρης

2122 5136 2197 5208 (4)
2229 5134 2362 5202 Cap.
2396 5134 2430 5187 5
2469 5132 2672 5208 Νῑοπξηὶ
2705 5132 2923 5208 concilii
2961 5151 2975 5185 :
3016 5152 3034 5185 ι
3066 5133 3355 5190 interdixit
3383 5150 3480 5208 per
3512 5150 3633 5190 om-

2048 5203 2140 5260 nia
2174 5203 2363 5260 Sancta
2395 5203 2658 5275 synodus,
2690 5218 2798 5276 non
2831 5204 3112 5273 episc0po,
3134 5221 3241 5258 non
3277 5207 3628 5276 presbytero,

2048 5292 2158 5332 non
2182 5274 2438 5339 diacono,
2476 5290 2584 5328 non
2616 5274 2975 5336 subdiacono,
3028 5289 3135 5327 non
3184 5276 3349 5328 alicui
3401 5274 3631 5330 omnino

2049 5347 2141 5414 qui
2200 5348 2253 5397 in
2303 5345 2452 5398 clero
2494 5352 2599 5405 est.
2661 5343 2832 5397 licere
2886 5344 3365 5397 subintroductam
3425 5347 3631 5399 habere

2050 5416 2360 5479 mulierem,
2399 5417 2501 5469 nisi
2538 5416 2677 5469 forte
2703 5425 2798 5467 aut
2829 5425 3082 5474 matrem,
3119 5424 3213 5466 aut
3241 5431 3508 5477 sororem,
3532 5426 3631 5469 aut

2048 5487 2296 5551 amitam,
2329 5495 2424 5539 aut
2460 5487 2622 5539 etiam
2661 5499 2752 5537 eas
2800 5485 3024 5537 idoneas
3076 5499 3339 5553 personas
3385 5502 3505 5552 quae
3541 5485 3629 5540 fu-

2047 5558 2198 5626 giant
2221 5558 2585 5625 suspiciones.
2628 5572 2646 5606 ι
2673 5556 2950 5626 κυὶειίιιοι.
2984 5553 3100 5624 5‘2.)
3135 5572 3151 5603 ι
3174 5552 3372 5626 Nullus
3404 5556 3626 5623 inissa-ui

2047 5625 2237 5679 audiat
2270 5627 2600 5697 presbyteri,
2635 5640 2796 5697 quem
2820 5625 2945 5697 scit
2986 5625 3353 5697 concubinam
3404 5626 3629 5680 indubi-

2262 5695 2502 5761 babere,
2555 5708 2650 5750 aut
2708 5695 3187 5751 subintroductam
3240 5697 3548 5751 mulierem.
3605 5716 3623 5749 ι

2134 5783 2145 5819 ι
2192 5803 2207 5818 .

2134 5783 2207 5819 ια.
