4052 6468
481 361 613 432 1191

1706 355 2132 417 NlCEPIlORI
2175 354 2447 415 GALLIS
2466 355 2527 413 ΓΙ

3604 356 3745 423 1192

481 474 564 539 les
616 491 670 537 et
720 479 896 535 forma
948 481 1271 547 praestantes
1327 471 1472 542 apud
1524 486 1583 528 se
1627 471 1846 536 foveat,
1892 479 2059 540 atque

2177 469 2389 523 εἴκοντα
2425 468 2855 539 ὲκκηρύξαντες,
2879 467 3070 539 ἕτερον
3101 468 3218 523 ἀντ’
3246 468 3415 523 αὐτοῦ
3465 472 3529 541 τῇ
3574 472 3745 525 καθο-

478 579 669 637 etiam,
715 575 758 628 si
812 572 1069 641 quopiam
1112 575 1237 632 eat,
1272 578 1459 619 secum
1512 562 1713 627 ducat,
1769 561 2058 615 lasciviens

481 679 643 737 atque
678 666 895 720 deliciis
923 659 1216 716 diﬂluens?
1245 656 1415 728 Cujus
1449 654 1526 709 rei
1552 653 1724 724 gratia
1752 654 1826 721 pii
1861 667 2059 707 omnes

483 778 669 817 secum
716 758 953 827 graviter
999 752 1279 820 suspirant
1319 759 1376 803 et
1421 748 1635 818 lugent.
1682 746 1835 800 Adeo
1869 755 2056 800 autem

484 856 843 923 impotentem
894 847 1014 915 ejus
1066 841 1412 915 tyrannidem
1479 838 1945 899 reformidarunt,
1998 846 2060 890 ut

486 946 670 999 nttllus
702 955 960 995 accusare
991 952 1116 991 eum
1150 935 1404 988 auderet.
1441 934 1616 1000 Atque
1651 930 1768 983 haec
1806 929 2057 997 quidem,

484 1037 643 1092 sicuti
677 1034 938 1094 diximus,
982 1031 1276 1099 quisquam
1309 1022 1693 1081 emendaverit
1724 1023 1780 1074 in
1815 1021 1937 1075 viro
1966 1021 2061 1089 qui

482 1127 769 1180 catholica:
800 1130 947 1177 esset
977 1117 1286 1180 sententia},
1320 1123 1376 1169 et
1410 1114 1592 1167 ordini
1625 1119 1815 1164 nostro
1850 1125 2033 1162 ronnu

482 1229 810 1273 meraretur.
859 1215 914 1267 In
957 1228 1024 1265 eo
1072 1226 1206 1264 vero
1249 1209 1344 1277 qui
1389 1206 1621 1260 tacenda
1666 1202 2063 1266 enuntiaverit,

480 1290 1272 1382 mystcriumqucprodiderit,
1304 1309 1360 1355 et
1391 1295 1768 1353 detestandam
1804 1292 2059 1346 haeresim

479 1398 796 1455 Artemonis
833 1394 910 1466 (l)
970 1401 1094 1459 (cur
1143 1392 1292 1447 enim
1347 1386 1565 1442 tandem
1612 1393 1894 1456 parentem
1946 1382 2066 1451 ejus

2165 561 2290 631 λικῇ
2335 562 2640 632 Ἐκκλησία
2686 560 3037 630 καταστῆσαι
3065 559 3204 619 Θεοῦ
3244 562 3494 631 προνοίᾳ,
3525 562 3597 627 ὡς
3642 582 3747 617 πε-

2165 653 2470 723 πείσμεθα·
2530 652 2623 705 τὸν
2682 651 2778 705 τοῦ
2841 651 3119 722 μακαρίου
3181 654 3577 723 Δημητριανοῦ
3646 661 3747 710 καὶ

2165 744 2442 811 ἐπιφανῶς
2488 743 2824 811 προστάντος
2858 743 2966 812 πρδ
3001 743 3196 795 τούτου
3241 743 3340 811 τῆς
3375 744 3545 812 αὐτῆς
3598 763 3748 817 παρ-

2169 835 2350 897 οικίας
2395 833 2550 897 υἱὸν,
2605 835 2836 904 Δόμνον,
2875 832 3050 886 ἅπασι
3102 836 3216 898 τοῖς
3269 834 3572 901 πρέπουσιν
3622 837 3750 889 ἐπι-

2168 925 2357 996 σκόπῳ
2428 924 2613 985 καλοῖς
2696 924 3137 993 κεκοσμημένον.
3230 924 3611 993 Ἐδηλὼσαμέν
3681 942 3746 977 τε

2160 1020 2313 1090 ὑμῖν,
2352 1018 2502 1080 ὅπως
2548 1015 2724 1085 τούτῳ
2769 1017 3044 1085 γράφητε.
3088 1016 3184 1068 καὶ
3242 1017 3391 1085 παρὰ
3432 1016 3625 1069 τούτου
3676 1018 3750 1069 τὰ.

2160 1106 2456 1159 κοινωνικὰ
2520 1104 2753 1174 δέχηςοε
2827 1106 3159 1172 γράμματα.
3226 1104 3318 1173 Τῷ
3378 1104 3434 1157 δὲ
3505 1104 3752 1175 Ἀρτεμᾷ

2160 1190 2316 1258 οὗτος
2348 1195 2747 1248 ὲπιστελλέτω·
2786 1178 2880 1247 καὶ
2925 1196 2974 1247 οἱ
3016 1194 3107 1273 τὰ.
3133 1194 3375 1265 Ἀρτεμᾶ
3423 1195 3751 1265 φρονοῦντες

2159 1287 2338 1358 τούτῳ
2385 1287 2843 1343 κοινωνείτωσαν.
2887 1306 2905 1338 ι
2948 1291 3056 1343 Καὶ
3085 1290 3153 1343 τὰ
3187 1290 3285 1359 μὲν
3337 1292 3481 1344 κατὰ
3518 1292 3609 1344 τὸν
3637 1291 3752 1343 Σα-

2166 1383 2405 1451 μοσατέα
2437 1381 2647 1435 [Ιαῦλον
2670 1380 2860 1434 τοῦτον
2891 1382 3017 1452 ἔσχε
3044 1383 3136 1437 τὸν
3166 1384 3388 1454 τρόπον.

481 1510 592 1547 non
625 1487 1026 1556 ostendimus?)
1064 1482 1423 1556 producendo
1453 1481 1707 1553 jactarit,
1746 1493 1853 1531 non
1892 1484 2113 1546 oportet
2179 1475 2450 1529 rationem
2516 1475 2711 1530 talium
2778 1475 3105 1532 delictorum
3132 1477 3436 1547 requirere.
3467 1495 3486 1527 ι
3544 1477 3752 1533 Deinde

482 1588 537 1641 in
572 1588 679 1639 line
715 1584 982 1653 epistolae,
1017 1578 1220 1649 epilogi
1246 1579 1392 1642 loco,
1429 1575 1547 1629 haac
1569 1572 1842 1643 adjiciunt
1876 1585 1891 1621 :
1931 1588 1949 1621 ι
1982 1569 2333 1640 Quapropter
2399 1584 2523 1624 cum
2564 1570 2611 1624 is
2645 1579 2930 1639 tantopere
2959 1570 3069 1625 Deo
3104 1583 3456 1642 repugnaret,
3523 1588 3623 1626 nec
3658 1587 3753 1626 ce-

484 1681 617 1735 dere
646 1680 809 1734 vellet
834 1719 848 1741 ,
887 1694 948 1731 ea
988 1677 1147 1729 nobis
1180 1684 1265 1728 est
1308 1673 1563 1743 imposita
1612 1669 1948 1732 necessitas,
2019 1677 2107 1736 ut,
2147 1667 2373 1722 homine
2420 1666 2527 1721 isto
2570 1668 3084 1734 excommunicato,
3156 1669 3323 1721 alium
3358 1684 3454 1736 pro
3490 1684 3590 1728 eo.
3633 1684 3747 1721 non

485 1779 603 1834 sine
635 1776 752 1840 Dei,
791 1774 953 1829 sicuti
995 1785 1319 1841 persuasum
1402 1767 1691 1829 habemus,
1761 1764 2150 1833 providentia,
2196 1764 2455 1818 Ecclesiae
2510 1764 2795 1820 catholicae
2845 1763 3289 1834 praeticeremus:
3351 1762 3496 1816 beati
3547 1762 3749 1815 Dente-

487 1866 684 1931 triani,
745 1867 837 1935 qui
888 1862 1190 1917 Ecclesiam
1242 1873 1364 1913 eam
1416 1867 1545 1911 ante
1602 1857 1753 1910 hunc
1801 1857 2059 1925 praeclare
2098 1857 2544 1922 administravit,
2616 1855 2830 1921 ﬁlium,
2863 1857 3169 1919 Domnum,
3239 1854 3499 1910 omnibus
3531 1856 3743 1923 episco-

485 1964 699 2035 palibus
729 1960 891 2016 donis
920 1967 1200 2011 ornatum.
1231 1954 1348 2008 lloc
1374 1952 1499 2007 ideo
1531 1952 1688 2006 vobis
1713 1953 2056 2021 scripsimus,
2103 1961 2165 2006 ut
2228 1953 2296 2008 ad
2332 1967 2461 2006 eum
2532 1952 2943 2008 communionis
2978 1952 3198 2007 litteras
3229 1951 3405 2013 detis.
3439 1960 3492 2004 et
3526 1966 3744 2005 rursum

486 2058 556 2111 ab
577 2071 643 2109 eo
665 2053 970 2121 accipiatis.
995 2048 1388 2103 Samosatenus
1410 2052 1595 2098 autem
1614 2042 1680 2096 ad
1704 2041 2061 2095 Artetnonem
2103 2041 2367 2112 epistolas
2400 2040 2610 2097 scribat
2638 2079 2655 2105 ,
2723 2050 2776 2096 et
2803 2056 2928 2096 cum
2953 2055 3022 2096 eo
3049 2041 3241 2104 etiam,
3314 2041 3407 2110 qui
3437 2040 3747 2095 Artemonis

486 2150 813 2209 sententiam
844 2144 1103 2215 probant,
1129 2138 1563 2196 communicent.
1598 2156 1617 2189 ι
1658 2136 1765 2191 Res
1807 2134 2159 2190 Samosateni
2192 2133 2274 2190 sic
2306 2149 2368 2190 se
2399 2134 2741 2201 habuerunt.

821 2279 853 2303 ς
939 2256 1101 2329 427
1128 2254 1353 2311 CAPUT
1407 2252 1599 2308 XXXI.

490 2355 566 2413 De
606 2351 818 2408 Maneto
849 2348 1220 2408 qureu'arclta,
1251 2363 1283 2397 a
1319 2343 1420 2412 quo
1456 2342 1735 2397 Manichwi
1778 2356 2070 2412 cognomen

840 2425 1194 2486 acceperunt:
1230 2425 1278 2467 et
1312 2416 1375 2467 de
1402 2414 1587 2467 haeresi
1613 2414 1752 2482 ejus.

557 2577 813 2633 Nondum
883 2588 945 2627 ea
983 2571 1221 2641 procella
1272 2571 1409 2625 satis
1460 2569 1646 2624 sedata
1684 2567 1893 2635 luerat,
1945 2582 2072 2622 cum

489 2685 685 2725 rursus
719 2667 848 2727 alia,
874 2666 1055 2734 priore
1083 2664 1255 2716 multo
1288 2661 1507 2721 saevior.
1557 2673 1740 2714 coorta
1766 2660 1950 2721 irruit,
1993 2660 2074 2711 in-

490 2774 684 2833 gentes
714 2761 913 2814 ﬂuctus
940 2772 1128 2809 secum
1168 2756 1417 2814 trahens,
1456 2763 1621 2822 atque
1684 2755 1872 2806 acrius
1898 2752 2074 2805 insul-

494 2862 639 2906 tans.
674 2852 724 2902 ls
749 2850 930 2901 Manes
964 2846 1040 2915 (2)
1072 2855 1215 2906 erat,
1257 2855 1442 2898 mente
1486 2859 1714 2911 prorsus
1771 2853 1963 2911 captus
2018 2851 2075 2895 et

493 2943 811 2998 insaniens:
851 2941 946 3010 qui
983 2954 1078 3006 pro
1104 2938 1421 3006 depravatae
1454 2937 1658 2989 mentis
1688 2936 2073 3004 perversitate,

493 3035 680 3105 lingua
711 3035 876 3089 etiam
906 3029 1334 3093 armata,verbis
1360 3028 1646 3082 diabolicae
1664 3028 1887 3081 haeresis
1909 3042 2080 3082 vene-

495 3129 660 3193 natis,
691 3126 813 3180 sein
837 3124 1135 3177 multorum
1157 3122 1370 3175 animos
1388 3120 1454 3174 ad
1474 3135 1666 3174 eorum
1691 3119 1987 3188 perniciem
2003 3120 2081 3173 itt-

498 3220 761 3276 sinuavit.
810 3215 939 3270 Fuit
990 3226 1174 3270 antem
1202 3215 1367 3267 Persa
1392 3213 1933 3281 genere.jugumque
1964 3227 2081 3265 ser-—

496 3314 690 3370 vitutis
720 3314 879 3380 longo
918 3309 1085 3363 traxit
1133 3304 1497 3374 tetnpore.Ac
1517 3319 1640 3357 cum
1662 3304 1960 3372 derepente
1985 3305 2081 3358 he-

496 3423 572 3462 ται
588 3421 699 3460 sua
720 3418 785 3458 ex
808 3410 1137 3457 testamento
1156 3397 1530 3451 harreditatem
1547 3395 1796 3459 adiisset,
1818 3411 1925 3448 non
1950 3412 2081 3449 con-

499 3510 684 3556 tentus
704 3498 810 3551 fuit
835 3493 1085 3548 molliore
1115 3498 1172 3544 et
1196 3488 1561 3552 allluentiore,
1599 3502 1720 3558 quae
1770 3489 1821 3543 ei
1874 3501 2074 3558 praeter

2090 2239 2138 2298 B

2747 2246 3001 2301 ΚΕΦΑΛ.
3041 2249 3169 2302 AA'.

2173 2318 2673 2410 Heledrsr-zoc
2728 2341 2836 2394 τοῦ
2880 2341 3288 2410 αὶρεσιὰρχου.
3322 2341 3422 2408 ἀφ’
3472 2337 3544 2395 οὗ
3572 2340 3671 2395 καὶ
3697 2343 3747 2393 al

2244 2407 2576 2500 Illamxuim~
2590 2413 2706 2479 τὴν
2733 2407 3084 2478 ἐπωνυμίαν
3107 2407 3278 2479 εἶχον
3303 2427 3316 2441 ο
3348 2407 3442 2464 καὶ
3469 2409 3745 2480 τὴραιρέ-

2246 2500 2402 2547 σεως
2425 2499 2646 2535 autem.

2246 2575 2356 2629 Τοῦ
2400 2576 2454 2628 δὲ
2489 2575 2609 2628 κατ’
2649 2575 2814 2628 αὐτὸν
2875 2574 3148 2636 κλύδωνος
3201 2572 3352 2626 οὔπω
3390 2573 3568 2637 καλῶς
3614 2575 3749 2642 ἀφυ-

2178 2669 2489 2738 ϐρίσαντος,
2528 2668 2716 2736 ἕτερος
2764 2666 2923 2729 αὖθις
2979 2669 3226 2737 ἐπεισρετ
3264 2668 3445 2738 πολλῷ
3496 2669 3587 2721 τοῦ
3617 2687 3749 2738 προ-

2177 2762 2337 2829 τέρου
2369 2757 2731 2827 τραχύτερος,
2763 2758 2939 2811 ἕλκων
2981 2760 3126 2828 μέγα
3158 2758 3311 2828 κῦμα
3339 2761 3435 2812 καὶ
3462 2760 3746 2829 σφοδρότε-

2182 2868 2273 2921 ρον
2335 2849 2656 2917 ἐπαιγίζων.
2715 2851 2908 2919 Μάνης
2961 2850 3118 2913 οὗτος
3169 2848 3258 2923 ἦν,
3307 2854 3335 2903 ὁ
3390 2851 3487 2915 τὰς
3548 2852 3748 2921 φρένας

2182 2943 2373 3013 μανείς
2401 2958 2417 2972 ·
2460 2942 2520 3006 ὃς
2579 2940 2675 2994 καὶ
2725 2945 2791 3012 τῇ
2845 2946 3179 3013 παρατροπῇ
3222 2943 3316 2996 τοῦ
3367 2942 3621 3012 λογισμοῦ
3650 2942 3749 3011 τὴν

2179 3032 2438 3100 γλῶσσαν
2465 3031 2873 3095 καθοπλισθεὶς,
2903 3033 3018 3093 τοῖς
3046 3031 3145 3101 τῆς
3189 3030 3570 3099 δαιμονιὼδους
3602 3029 3749 3099 αἱρέο

2181 3143 2323 3188 σεως
2358 3125 2624 3196 ῥήμασιν.
2677 3129 2769 3179 ἐπὶ
2815 3126 2962 3196 λύμῃ
3011 3125 3123 3179 τῶν
3171 3125 3385 3178 πολλῶν
3430 3126 3751 3193 εἰσεφθάρη.

2181 3217 2401 3286 Πέρσης
2429 3216 2485 3268 δὲ
2518 3214 2594 3269 ὣν
2619 3216 2680 3270 τὺ
2714 3217 2894 3284 γένος,
2926 3214 3019 3269 τὸν
3048 3215 3149 3283 τῆς
3178 3214 3425 3277 δουλείας
3459 3214 3618 3280 ζυγὸν
3654 3214 3754 3265 ἐπὶ

2183 3308 2435 3361 πλεῖστον
2460 3309 2676 3361 εἵλκυσε
2704 3311 2900 3379 χρόνον
2917 3324 2933 3340 ·
2962 3309 3057 3361 καὶ
3085 3308 3147 3378 δή
3173 3325 3307 3361 ποτε
3338 3306 3595 3374 ἐξαπίνης
3622 3307 3752 3375 κλη-

2185 3401 2414 3472 ρονόμος
2445 3402 2545 3469 τῆς
2565 3401 2857 3471 δεσποίνης
2886 3401 3202 3469 γενόμενος,
3228 3401 3328 3453 οὐκ
3354 3402 3540 3468 ἠγάπα
3568 3398 3751 3468 μένειν

2182 3495 2407 3566 τρυφῶν
2436 3496 2569 3564 παρ’
2608 3496 2823 3561 ἐλπίδα,
2868 3496 2945 3564 τῷ
2977 3494 3223 3567 χορηγῷ
3247 3473 3356 3551 των
3393 3496 3647 3549 τοιούτων
3681 3495 3758 3546 εί-

496 3607 649 3662 spem
685 3590 981 3657 obtigerat,
1009 3587 1164 3638 vita:
1192 3593 1249 3636 et
1282 3582 1514 3651 gratiam
1549 3598 1666 3636 eam
1694 3581 1942 3653 largitori
1990 3592 2071 3636 ta-

2177 3585 2279 3647 δὼς
2314 3587 2475 3653 χάριν
2498 3601 2511 3614 ·
2563 3583 2679 3636 ἀλλ’
2705 3584 2938 3651 δργανον
2992 3582 3207 3644 ἐντελὲς
3236 3583 3328 3636 τοῦ
3377 3587 3471 3654 τῆς
3500 3584 3754 3653 ἀληθείας

497 3684 633 3738 lium
675 3697 734 3735 se
767 3680 970 3734 debere
1008 3674 1209 3735 sciens,
1240 3674 1671 3728 instrumentum
1703 3690 1783 3736 se,
1838 3681 2079 3741 quantus

496 3780 734 3840 quantus
763 3775 935 3829 esset,
956 3763 1208 3819 veritatis
1240 3761 1466 3815 inimico
1492 3764 1764 3831 prmbens,
1790 3764 1857 3817 ad
1884 3766 2079 3833 impias

496 3862 713 3917 fabulas
746 3859 992 3913 divertit.
1041 3856 1111 3910 Et
1137 3856 1248 3908 duo
1272 3855 1516 3923 ingenita
1549 3869 1672 3909 esse
1699 3854 1855 3915 dixit,
1900 3854 2075 3907 Deum

496 3962 551 4007 et
581 3952 867 4005 materiam
893 3963 1161 4017 :quorum
1183 3946 1334 3999 illum
1362 3947 1564 4010 lucem,
1627 3945 1771 3998 hanc
1824 3943 2080 3997 tenebras

501 4043 844 4112 appellavit:
912 4051 967 4092 et
1022 4041 1202 4090 lucem
1253 4036 1478 4104 quidem
1544 4037 1769 4098 bonam,
1814 4035 2074 4089 tenebras

499 4133 714 4186 malas:
753 4143 1051 4197 utrumque
1070 4137 1255 4180 autem
1298 4129 1527 4178 arbores
1583 4125 1908 4188 nominavit,
1941 4139 2078 4179 con-

497 4229 761 4292 gruentes
793 4218 1035 4271 ferentes
1095 4206 1327 4269 fructus.
1386 4216 1555 4269 Deum
1613 4217 1775 4285 longe
1811 4219 2001 4273 abesse
2048 4234 2080 4272 a

499 4314 751 4374 materia,
781 4321 837 4365 et
874 4310 1161 4364 materiam
1199 4325 1396 4363 rursus
1432 4311 1649 4379 longius
1679 4326 1707 4362 a
1741 4311 1873 4364 Deo.
1904 4312 2076 4367 Deum

497 4407 666 4460 etiam
686 4402 1038 4463 orientalem,
1057 4401 1565 4470 septentrionalem,
1584 4409 1639 4454 ct
1683 4402 2078 4456 occidentalem

499 4494 755 4550 obtinere
786 4491 997 4559 plagam
1026 4506 1040 4542 :
1094 4493 1406 4553 materiam,
1445 4494 1763 4546 australem.
1796 4493 1863 4546 Et
1888 4495 2079 4547 multis

501 4598 693 4658 postea
726 4584 942 4639 saeculis
970 4583 1253 4638 materiam
1274 4584 1601 4638 seditionem
1620 4585 1856 4640 movisse
1888 4587 2082 4642 adver-

501 4696 597 4735 sus
656 4679 866 4731 fructus
907 4691 1067 4739 suos,
1102 4676 1506 4745 commissoque
1528 4678 1738 4745 praelio,
1803 4680 1905 4731 hos
1953 4681 2079 4749 qui-

503 4774 629 4827 dem
653 4771 895 4839 fugasse,
927 4768 1052 4822 illos
1085 4778 1269 4823 autem
1296 4766 1542 4837 fugisse:
1575 4784 1809 4839 eamque
1847 4783 2081 4826 conten-

505 4867 717 4922 tionem
751 4873 808 4919 et
835 4865 1280 4934 persecutionem
1318 4880 1491 4933 usque
1540 4862 1608 4916 ad
1649 4863 1829 4918 lucem
1885 4880 2077 4935 perve-

574 5002 649 5072 (ι)
683 5004 984 5056 Artemom’s
1031 5002 1125 5070 qui
1162 5002 1229 5072 ab
1285 5000 1524 5054 Eusebio
1566 5000 1811 5054 Artemas
1845 5001 2071 5069 dicitur,

502 5070 600 5127 lib.
631 5070 727 5134 vn,
752 5088 868 5139 cap.
896 5075 985 5138 3t),
1044 5070 1291 5124 haeresim
1337 5072 1723 5124 Samosatenus
1767 5074 2070 5128 renovavit.

576 5144 650 5212 (Ξ)
691 5161 709 5194 ι
752 5144 952 5203 Manes.
973 5143 1065 5211 qui
1105 5152 1160 5195 et
1190 5141 1517 5210 Scytltianus
1536 5141 1713 5212 dictus
1734 5151 1844 5212 est,
1873 5143 2074 5197 Brach-

505 5210 639 5268 man'
673 5213 770 5265 fuit
800 5210 1020 5279 genere,
1065 5222 1121 5266 et
1146 5220 1540 5278 praeceptorem
1582 5210 1772 5263 habuit
1803 5211 2067 5276 Buddam,

504 5293 661 5336 antea
687 5283 1083 5335 Tcrebinthum
1126 5283 1487 5332 nominatum.
1525 5280 1745 5332 Buddas
1784 5281 1836 5332 in
1865 5280 2069 5336 Graecis

505 5353 808 5420 disciplinis
854 5351 1200 5420 Empedoclis
1242 5351 1493 5421 hmresim
1544 5360 1628 5402 est
1664 5362 1929 5421 secutus.
1975 5353 2069 5421 qui

506 5423 617 5475 duo
646 5425 914 5491 principia
949 5425 1092 5474 inter
1124 5420 1477 5491 seictmtraria
1503 5420 1800 5491 esscjdixit,
1830 5420 2071 5476 Conten-

508 5489 709 5545 tiuttetn
741 5504 796 5545 et
828 5493 1162 5545 Amicitiam.
1188 5490 1244 5542 lu
1274 5489 1497 5542 Perside
1528 5489 1745 5544 Buddus
1793 5492 2071 5560 eyirgine

506 5576 563 5614 se
595 5565 860 5631 genitum.
881 5569 938 5614 et
965 5561 1018 5614 in
1052 5560 1327 5612 montibus
1358 5559 1651 5612 educatum
1679 5559 2065 5627 mentitusiest,

546 5642 851 5696 uatuorque
880 5631 1187 5698 composuit
1214 5632 1401 5690 libros,
1438 5631 1637 5697 quibus
1676 5631 1894 5682 nomina
1932 5632 2072 5686 indi-

546 5647 851 5696 uatuorque
880 5647 1187 5698 COIIlpOSlIll
1214 5647 1401 5690 ituros,
1438 5647 1637 5697 quibus
1676 5647 1894 5682 nomina
1932 5647 2067 5686 indt-

505 5647 607 5760 3n,
642 5698 1034 5770 Mysteriorum,
1066 5698 1357 5768 Evangelii,
1383 5699 1653 5770 Thesauri,
1678 5698 2067 5767 Capitulorum.

506 5769 551 5822 Α
572 5770 819 5825 daemone
852 5780 1036 5827 autem
1070 5778 1245 5824 tortus
1297 5770 1528 5823 interiit.
1569 5769 1700 5840 Ejus
1733 5772 1906 5827 libros
1939 5789 2066 5827 cum

2182 3677 2383 3746 ἐχθροῦ
2423 3677 2689 3744 γεγονὼς,
2728 3678 2809 3739 είς
2837 3675 3077 3745 δυσσεδῆ
3109 3675 3440 3743 μυθολογίαν
3467 3676 3751 3743 ἐτράπετο.

2183 3767 2294 3821 Καὶ
2329 3766 2424 3820 δύο
2456 3769 2555 3837 μὲν
2584 3768 2860 3836 ἀγέννητα
2892 3767 3081 3834 ἔλεγεν
3107 3763 3274 3833 εἶναι,
3316 3767 3563 3820 Θεδνσκαὶ
3595 3764 3752 3834 ὕλην·

2179 3850 2255 3912 ὧν
2280 3858 2341 3911 τὸ
2373 3860 2473 3928 μὲν
2504 3860 2640 3927 φῶς,
2679 3859 2775 3928 τὴν
2815 3859 2871 3912 δὲ
2907 3859 3041 3929 ὓλην
3089 3862 3278 3923 σκότος
3321 3860 3525 3913 ἐκάλεις
3556 3859 3663 3911 Καὶ
3697 3857 3754 3909 τὸ

2186 3953 2287 4018 μὲν
2318 3953 2435 4017 φῶς
2457 3951 2687 4016 ἀγαθὸν,
2742 3952 2802 4002 τὸ
2836 3951 2891 4002 δὲ
2939 3952 3134 4013 σκότος
3165 3950 3355 4005 κακόν.
3397 3951 3502 4002 Καὶ
3560 3949 3753 4017 δένδρα

2183 4042 2353 4110 ἄμφω
2398 4041 2674 4110 ὠνόμαζε,
2730 4042 3129 4112 συμϐαίνοντας
3187 4042 3574 4112 βλασταίνοντα
3626 4043 3754 4102 τοὺς

2183 4134 2453 4204 καρπούς.
2507 4135 2705 4206 Πόρρω
2747 4135 2792 4188 δ’
2828 4131 2970 4189 εἶναι
3016 4135 3151 4187 Θεὸν
3182 4136 3283 4203 τῆς
3313 4134 3465 4203 ὕλης,
3508 4135 3601 4186 καὶ
3656 4133 3752 4203 τὴν

2183 4215 2331 4295 ὓλην⁹
2360 4223 2514 4289 αὖθις
2549 4230 2884 4297 πορρωτέρω
2931 4227 3089 4280 Θεοῦ.
3127 4228 3234 4281 Καὶ
3276 4228 3369 4281 τὸν
3409 4228 3504 4296 μὲν
3531 4227 3660 4279 Θεὸν
3686 4225 3753 4277 τὰ

2184 4320 2297 4389 ἑῷα
2328 4318 2468 4389 μέρη
2508 4320 2678 4389 εχειν,
2714 4319 2811 4388 τὴν
2861 4320 3103 4388 ἑσπέραν
3132 4321 3223 4373 καὶ
3250 4320 3319 4372 τὰ
3364 4320 3609 4390 ἀρκτῷα,
3654 4316 3752 4385 τὴν

2181 4413 2238 4467 δὲ
2274 4413 2407 4485 ὓλην
2432 4412 2500 4467 τὰ
2531 4415 2704 4468 νότια.
2738 4414 2912 4466 Αέῶσι
2942 4414 2998 4467 δὲ
3032 4413 3246 4476 πολλοῖς
3278 4413 3502 4484 ὕστερον
3539 4413 3755 4466 διαστα-

2184 4507 2370 4558 σιάσαι
2413 4505 2515 4576 τὴν
2549 4505 2682 4576 ὕλην
2735 4506 2871 4574 πρὸς
2918 4509 3047 4570 τοὺς
3092 4506 3291 4575 ἑαυτῆς
3340 4504 3605 4575 καρπούς.
3647 4504 3751 4556 Καὶ

2189 4598 2560 4668 συρραγέντος
2612 4598 2875 4667 πολέμου,
2917 4600 3043 4660 τοὺς
3100 4598 3486 4671 μὲνκδιὼκειν,
3528 4597 3650 4657 τοὺς
3695 4596 3750 4647 δὲ

2182 4689 2476 4742 διώκεσθαι
2504 4705 2516 4717 ·
2554 4691 2652 4744 καὶ
2684 4690 2813 4759 ἄχρι
2851 4690 2946 4743 τοῦ
2980 4692 3159 4759 φωτὸς
3192 4690 3392 4758 φθάσαι
3422 4690 3519 4761 τὴν
3547 4687 3748 4754 δίωξιν.

2185 4781 2297 4831 Καὶ
2326 4779 2571 4849 ὁρμῆσαι
2604 4781 2704 4849 τὴν
2753 4780 2889 4850 ὕλην
2917 4780 3059 4834 κατὰ
3087 4780 3180 4833 τοῦ
3237 4780 3409 4847 φωτός
3448 4797 3582 4848 φησι
3614 4780 3750 4848 μετὰ

2182 4872 2293 4923 τῶν
2333 4871 2612 4941 δαιμόνων
2639 4874 2736 4925 καὶ
2786 4873 2882 4926 τοῦ
2915 4875 3087 4943 πυρὸς
3127 4874 3220 4926 καὶ
3259 4872 3352 4925 τοῦ
3390 4870 3582 4934 ὕδατος
3605 4888 3620 4902 ’
3652 4871 3750 4941 τὴν

2179 5009 2391 5077 reliqua
2420 5008 2740 5063 hereditate
2761 5010 3023 5071 Urbicus,
3047 5010 3141 5080 qui
3176 5025 3233 5063 se
3269 5009 3533 5063 Manetem
3566 5014 3751 5080 postea

2180 5083 2507 5141 nominavit,
2532 5082 2599 5132 ab
2618 5096 2681 5133 ea
2706 5082 2907 5134 femina
2939 5079 3271 5134 conSecutus
3298 5091 3401 5141 est,
3435 5088 3491 5132 et
3514 5079 3750 5146 prosuis

2175 5149 2518 5203 venditavit:
2551 5165 2673 5218 quae
2704 5150 2903 5202 femina
2938 5149 3184 5204 Buddam
3215 5149 3423 5202 foverat
3451 5189 3465 5210 ,
3498 5145 3550 5200 et
3579 5145 3748 5218 ‘Urhi-

2176 5234 2302 5272 cum
2334 5229 2543 5288 septem
2573 5216 2751 5273 annos
2783 5230 2970 5272 natum
2996 5236 3106 5273 aere
3132 5229 3187 5273 et
3217 5220 3355 5272 libra
3388 5219 3542 5278 emit,
3577 5216 3747 5269 liber-

2180 5299 2401 5357 tateque
2442 5291 2643 5343 deinde
2698 5291 2961 5342 donatum
3025 5289 3297 5342 haeredetn
3356 5289 3687 5357 instituerat.
3722 5302 3742 5335 ι

2180 5355 2444 5425 tSuidas.)
2478 5378 2495 5409 ί
2522 5359 2788 5413 Manetetn
2826 5362 2971 5412 hunc
3000 5361 3222 5428 quidem
3258 5358 3422 5411 etiam
3446 5355 3745 5428 lllanjchem

2181 5428 2394 5491 dixere,
2429 5424 2573 5482 Unde
2609 5429 2890 5482 Manichaei
2922 5424 3075 5492 dicti,
3108 5429 3254 5497 quod
3288 5424 3747 5497 verbutnAGrascis

2178 5500 2583 5566 quodammodo
2618 5501 2890 5568 signiticet
2914 5494 3182 5552 insaniant
3213 5498 3507 5568 fundentes.
3528 5494 3585 5548 ld
3617 5507 3746 5547 Vero

2179 5562 2282 5635 ipsi
2330 5569 2614 5623 Manichaei
2651 5562 2853 5622 nomen
2892 5562 3746 5638 fugientes{Mannichteos‘sese

2176 5646 2510 5708 vocntarunt,
2540 5642 2692 5707 quasi
2730 5654 2929 5692 manna
2961 5635 3249 5708 fundentes
3270 5677 3284 5701 ,
3329 5645 3390 5689 ut
3417 5636 3568 5689 verbi
3599 5635 3747 5687 leuo-

2176 5707 2323 5764 ciniu
2350 5710 2600 5765 rudiores
2629 5708 2698 5764 ad
2728 5724 2786 5764 se
2812 5707 3068 5764 homines
3101 5710 3505 5778 pertraherent.
3537 5722 3556 5754 ι
