4052 6456
315 416 454 492 itas

1240 382 1851 487 ECCI.ESIASTIC2E
1891 414 2282 482 HISTORIA;
2319 417 2465 478 LIB.
2511 412 2615 477 VI.

3448 408 3588 476 1191.

313 549 361 600 δ’
414 543 619 615 ἀιρόαν
673 540 968 612 στρατείαν
1022 539 1419 611 ὀρῤωδήσαντα
1459 539 1552 592 τὸν
1611 539 1767 602 Θεὸν,
1827 536 1904 607 μὴ

2011 534 2174 587 uisse.
2236 533 2302 585 Et
2339 532 2628 585 materiam
2689 546 2814 585 cum
2845 528 3191 586 daemonibus
3239 541 3293 585 et
3362 531 3483 601 igne
3534 542 3590 585 et

311 632 462 702 ἔχειν
495 630 524 683 ὅ
564 647 615 682 τι
653 627 968 698 χρήσασθαι
1002 628 1081 689 εἰς
1109 626 1348 696 ἄμυναν.
1371 625 1534 678 Ὅθεν
1570 625 1765 693 μοῖραν
1788 622 1891 692 ἅρ-

311 724 568 775 πάσαντα
597 718 691 771 τοῦ
724 718 920 787 φωτὸς,
964 712 1076 770 οἷόν
1112 734 1166 768 τι
1207 716 1402 787 δέλεαρ
1432 714 1794 783 καταπέμψαι
1824 715 1892 782 τῇ

313 812 440 880 ὕλῃ.
477 809 766 881 Τρωοεῖσα
794 809 839 861 δ’
867 810 1050 879 ἐκείνη
1084 811 1175 861 καὶ
1201 807 1546 860 καταπιοῦσα
1577 806 1890 873 ὲκίσσησεν.

325 903 776 964 Ἀναγκασθέντα
797 900 853 955 δὲ
879 902 970 954 τὸν
1007 903 1161 964 Θεὸν,
1197 900 1605 970 δημιουργῆσαι
1644 897 1737 950 τὸν
1767 896 1896 949 κόσα-

315 1015 418 1068 μον
445 1010 458 1026 ⁶
507 995 648 1049 ὥστε
683 994 936 1048 διαλῦσαι
992 993 1166 1061 αὐτῆς
1197 992 1296 1062 τὴν
1347 991 1636 1049 σύστασιν,
1688 989 1783 1042 καὶ
1815 990 1896 1050 εἰς

312 1089 541 1158 εἰρήνην
586 1089 820 1155 ἀγαγεῖν
849 1086 920 1138 τὰ
972 1083 1256 1154 μαχόμενα
1281 1098 1295 1112 '
1336 1083 1432 1135 καὶ
1482 1081 1543 1134 τὸ
1579 1078 1896 1148 ἀνακραθὲν

310 1184 379 1253 τῇ
417 1180 518 1253 ’ὕλῃ
553 1180 670 1247 φῶς
722 1177 863 1231 κατὰ
914 1178 1090 1247 βραχὺ
1142 1174 1537 1242 ἐλευθερῶσαι.
1568 1173 1671 1225 Τὸν
1703 1171 1761 1224 δὲ.
1807 1171 1899 1225 ἄν·

313 1273 535 1344 θρωπον
553 1273 652 1341 οὐχ
691 1271 798 1323 ὑπὸ
822 1269 981 1333 Θεοῦ,
1006 1267 1122 1321 ἀλλ’
1152 1267 1258 1321 ὑπὸ
1285 1266 1380 1320 τοῦ
1414 1266 1653 1335 ὐλάρχου
1687 1262 1898 1315 Σεύκλα

312 1363 659 1433 πλασθῆναιο
704 1364 799 1415 καὶ
848 1363 949 1431 τὴν
983 1362 1130 1415 Εὕαν
1173 1361 1459 1422 ὡσαύτως,
1513 1357 1652 1426 πλὴν
1691 1353 1899 1424 ἄψυχον

314 1457 627 1525 πλασθῆναι
662 1458 755 1509 καὶ
801 1456 1058 1525 ἀκίνητον
1093 1471 1108 1485 ⁶
1150 1453 1241 1507 τὸν
1280 1449 1335 1504 δὲ
1383 1452 1555 1520 Ἀδάμ
1605 1447 1902 1517 θηριόαορ-

318 1570 416 1624 ερον
444 1570 457 1584 ·
494 1554 591 1605 καὶ
639 1553 774 1605 ἄλλα
808 1551 1088 1621 παρόμοια
1139 1549 1325 1618 ληρζλν
1360 1543 1651 1598 συνετίθει.
1705 1543 1809 1596 Τὸν
1846 1541 1901 1595 δὲ

313 1647 466 1718 ἥλιον
513 1648 606 1700 καὶ
640 1647 739 1717 τὴν
777 1646 1011 1716 σελήνην
1045 1644 1165 1698 θεῖα
1210 1639 1450 1712 ἐνόμιζε.
1483 1640 1593 1690 Καὶ
1623 1640 1750 1707 περὶ
1779 1636 1901 1696 τού-

319 1760 428 1794 των
464 1741 517 1792 δὲ
546 1740 720 1792 πολλὰ
752 1739 917 1808 σιγῆς
954 1738 1080 1801 ἄξια
1125 1735 1354 1789 πλεῖστα
1386 1731 1765 1803 ἐτερατεύετο.
1798 1729 1904 1782 Τὸν

315 1829 373 1883 δὲ
407 1828 660 1882 διάϐολον
709 1827 843 1879 ποτὲ
881 1825 980 1894 μὲν
1026 1824 1184 1893 ὓλην,
1245 1822 1376 1875 ποτε
1405 1821 1461 1872 δὲ
1511 1820 1753 1887 ἄρχοντα
1802 1817 1905 1894 τῆς

1996 640 2137 694 aqua
2159 625 2426 694 impetum
2460 623 2658 678 fecisse
2688 623 2743 676 in
2770 622 2950 678 lucem
3011 623 3172 679 dicit:
3207 618 3378 677 Deum
3403 634 3589 677 autem

1998 726 2109 770 tam
2148 716 2433 785 repentina
2469 716 2745 770 exercitus
2775 716 2896 787 ejus
2924 714 3288 782 impressione
3313 714 3587 768 conterri-

1998 817 2113 863 tum
2133 823 2242 862 non
2285 808 2564 870 habuisse,
2589 823 2699 878 quo
2718 817 2923 863 tantam
2946 800 3055 862 vim
3074 807 3400 861 vindicaret.
3415 805 3586 878 428

1999 906 2189 976 Itaque
2246 906 2400 960 illum
2437 914 2651 975 partem
2695 904 2835 959 lucis
2864 913 3163 972 arreptam,
3196 903 3367 957 veluti
3391 917 3586 973 quam-

1999 1000 2125 1053 dam
2167 996 2589 1063 inescationem,
2621 1006 2809 1052 contra
2841 998 3128 1051 materiam
3159 994 3396 1050 misisse.
3434 995 3591 1049 Hane

2001 1106 2136 1145 vero
2168 1091 2536 1156 vulneratam,
2597 1094 2862 1160 parteque
2898 1103 2960 1142 ea
2992 1086 3134 1143 lucis
3176 1088 3434 1157 absorpta
3468 1103 3591 1156 gra-

2001 1186 2186 1240 vidam
2224 1200 2347 1239 esse
2384 1182 2603 1239 factam.
2641 1184 2759 1249 Qua
2791 1198 2850 1236 re
2882 1181 3138 1236 adactum
3174 1182 3371 1245 Deum,
3422 1197 3587 1235 mun-

2007 1280 2135 1331 dum
2164 1277 2504 1342 condidisse,
2534 1285 2594 1329 ut
2625 1275 3095 1351 concertationem
3132 1273 3297 1329 talem
3326 1273 3589 1341 solveret,

2006 1380 2057 1425 et
2089 1371 2157 1424 ad
2186 1386 2395 1439 pacem,
2418 1385 2481 1424 ea
2509 1369 2798 1439 quaeinter
2820 1385 2878 1423 se
2911 1377 3244 1439 pugnarent,
3273 1368 3591 1425 reduceret.

2007 1465 2299 1531 lucemque
2351 1461 2599 1516 materia:
2633 1461 2852 1517 mistam
2895 1461 3164 1531 paulatim
3196 1456 3250 1514 in
3278 1460 3590 1515 libertatem

1964 1614 1971 1617 ι
2010 1556 2302 1624 redigeret.
2332 1551 2617 1609 Hominem
2637 1569 2804 1622 porro
2826 1569 2934 1608 non
2952 1570 2981 1608 a
3008 1555 3140 1617 Deo,
3174 1553 3271 1608 sed
3292 1570 3321 1607 a
3341 1552 3594 1623 principe

2011 1648 2251 1702 materiae
2270 1648 2468 1702 Scuela
2500 1646 2690 1701 ﬁctum
2721 1662 2842 1701 esse
2867 1665 2880 1701 :
2914 1657 2970 1703 et
2999 1647 3166 1701 Evam
3187 1646 3467 1711 similiter,
3495 1648 3591 1700 sed

2009 1741 2371 1793 inanimatam
2401 1748 2667 1802 creatam,
2721 1750 2778 1792 et
2823 1738 3199 1794 immobilem:
3235 1738 3408 1793 Adam
3462 1754 3596 1792 vero

2013 1834 2188 1885 forma
2222 1827 2372 1893 ferae,
2406 1830 2625 1898 aliaque
2654 1829 2807 1884 hisce
2839 1829 3041 1884 similia
3068 1840 3306 1898 nugatus
3329 1839 3433 1885 est.
3493 1828 3598 1884 So-

315 1924 450 1995 ὕλης
490 1923 712 1977 ἐκάλει’
749 1922 840 1973 τὸν
863 1888 917 1972 δὲ
951 1888 1130 1988 γάμον
1164 1915 1256 1970 τοῦ
1288 1913 1465 1968 διαδό)
1479 1931 1540 1967 ου
1582 1888 1904 1978 νομοθεάίαν

2011 1923 2115 1976 lem
2148 1933 2203 1976 et
2229 1922 2415 1975 lunam
2449 1922 2698 1976 divinum
2722 1920 2989 1991 quiddam
3012 1936 3134 1976 esse
3165 1921 3401 1990 putavit,
3439 1936 3505 1976 ac
3526 1921 3596 1975 de

314 2016 491 2083 ἔλεγε.
523 2014 627 2083 Τὸν
658 2014 716 2067 δὲ
751 2012 959 2082 Κύριον
1002 2009 1127 2064 οὒτε
1158 2008 1336 2080 ψυχὴν
1367 2005 1739 2075 ἀνειληφέναι,
1774 2001 1899 2055 οὔτε

318 2109 482 2178 σῶμά
512 2082 700 2176 φησιν,
740 2106 856 2160 ἀλλ’
885 2105 959 2169 ὡς
1010 2105 1297 2174 ἄνθρωπον
1329 2101 1569 2171 φανῆναι
1602 2098 1770 2167 μηδὲν
1802 2096 1900 2148 άν-

318 2201 594 2272 θρὼπινον
649 2201 842 2271 ἔχοντα
866 2216 881 2230 ⁸
917 2197 1191 2268 φαντασίᾳ
1217 2197 1273 2249 δὲ
1314 2196 1406 2270 καὶ
1442 2194 1508 2246 τὰ
1561 2192 1707 2262 πάθη
1755 2187 1903 2256 αὐτῷ

317 2295 602 2364 γενέσθαι.
633 2294 745 2364 Τὴν
770 2292 815 2344 δ’
843 2293 1148 2346 ἀνάστασιν
1185 2290 1295 2342 τῶν
1324 2287 1594 2358 σωμάτων
1617 2285 1691 2347 ὼς
1736 2283 1907 2355 μῦθον

317 2383 632 2442 ἀπωθεῑτοο
663 2385 818 2439 οὐδὲν
852 2386 962 2456 γὰρ
1004 2385 1104 2452 τῆς
1138 2383 1268 2453 ὕλης
1306 2389 1498 2452 μόριον
1544 2380 1692 2446 ἄξιον
1727 2395 1905 2447 σωτη-

320 2479 445 2550 ρίας
495 2478 676 2546 ἔλεγε.
707 2478 915 2548 Ψυχῶν
961 2477 1018 2529 δὲ
1077 2474 1612 2546 μετενσωματώσεις
1657 2469 1902 2536 ἐδόξαζε,

318 2572 414 2624 καὶ
448 2571 527 2631 εις
582 2569 806 2638 πτηνῶν
837 2569 932 2622 καὶ
982 2567 1200 2639 κτηνῶν
1254 2569 1349 2620 καὶ
1390 2566 1599 2637 θηρίων
1648 2564 1903 2633 σώματα.

320 2661 459 2715 Ὀλα
491 2661 548 2714 δὲ
579 2662 674 2713 καὶ
702 2661 843 2715 αὐτὰ
872 2662 939 2714 τὰ
970 2663 1214 2731 στοιχεῖα
1238 2659 1458 2729 ἔμψυχα
1478 2653 1620 2710 εἶναι
1652 2656 1905 2726 νομίζου-

320 2764 406 2807 σιν
438 2754 488 2808 oi
520 2753 652 2822 περὶ
671 2754 852 2807 αὐτόν.
885 2753 1168 2825 Γοητείαις
1193 2753 1250 2806 δὲ
1276 2751 1553 2820 διαφόροις
1573 2751 1902 2820 κέχρηνται,

317 2849 414 2900 καὶ
440 2850 716 2918 μυστήρια
736 2847 947 2917 δυσαγῆ
971 2846 1277 2899 ἐκτελοῦσι.
1304 2846 1394 2897 Διὸ
1419 2845 1512 2899 καὶ
1540 2844 1901 2906 δυσέκνιπτος

293 2927 353 3008 ’ἡ
385 2938 612 2994 ἐκείνων
656 2939 1002 3004 διδασκαλία,
1036 2941 1159 3001 ταῖς
1204 2938 1314 2991 τῶν
1347 2937 1621 3006 δαιμόνων
1666 2934 1902 3007 ἐπῳδαῖς

318 3031 418 3092 τὰς
445 3029 625 3101 ψυχὰς
649 3030 1072 3100 καταδεσμοῦσα
1098 3030 1211 3082 τῶν
1241 3029 1602 3098 τελουμένων.

1992 2012 2082 2067 eis
2106 2012 2275 2066 multa
2302 2010 2519 2066 silentio
2540 2010 2701 2082 digna
2731 2020 3048 2082 portentose
3073 2010 3359 2065 conﬁnxit.
3389 2009 3594 2065 Diabo-

2007 2108 2122 2162 lum
2159 2123 2308 2162 nunc
2355 2108 2664 2169 materiam,
2699 2122 2849 2161 nunc
2878 2106 3123 2183 materiae
3152 2107 3464 2178 principem
3496 2121 3595 2157 vo-

2007 2199 2174 2253 cavit.
2204 2196 2533 2270 Conjugium
2569 2196 2773 2253 diaboli
2804 2197 2981 2268 legem
3035 2206 3090 2250 et
3136 2197 3595 2253 constitutionem

2009 2306 2134 2346 esse
2161 2290 2322 2354 dixit,
2354 2291 2648 2345 Dominum
2683 2301 2865 2344 autem
2902 2306 3081 2360 neque
3120 2291 3359 2345 animam
3417 2308 3598 2360 neque

2009 2399 2211 2453 corpus
2237 2372 2532 2454 recepisse,
2565 2389 2661 2438 sed
2686 2386 2964 2437 hominem
2996 2394 3212 2438 tantum
3238 2384 3415 2439 visum
3447 2400 3595 2447 esse,

2009 2474 2393 2529 nihilhumani
2429 2475 2749 2539 habentem,
2778 2476 3155 2543 asseveravit,
3205 2476 3600 2545 perpessioues

2010 2585 2141 2621 vero
2166 2568 2216 2623 ei
2239 2584 2334 2638 per
2362 2568 2600 2635 speciem
2632 2579 2845 2625 tantum
2889 2580 2946 2625 et
2974 2569 3161 2625 fucum
3198 2570 3467 2625 accidisse
3494 2570 3597 2640 (I).

2009 2660 2496 2715 Resurrectionem
2521 2677 2814 2730 corporum
2854 2663 3023 2719 veluti
3068 2663 3310 2718 fabulam
3334 2662 3598 2732 repudia-

2010 2749 2092 2804 vit
2136 2753 2341 2806 nullam
2361 2753 2509 2806 enim
2532 2753 2780 2808 materiae
2799 2754 3131 2823 particulam
3165 2755 3386 2825 dignam
3413 2755 3594 2809 salute

2007 2841 2300 2912 judicavit.
2324 2843 2646 2897 Animarum
2674 2853 2858 2898 autem
2899 2846 3256 2900 transitiones
3286 2860 3317 2900 e
3364 2860 3596 2916 corpore

2014 2936 2071 2988 in
2097 2950 2320 3006 corpus,
2349 2945 2405 2991 et
2429 2937 2651 3006 quidem
2666 2938 2830 2990 etiam
2853 2938 2907 2992 in
2937 2938 3221 2993 volucrum
3253 2948 3307 2994 et
3336 2954 3596 3007 pecorum

2014 3037 2073 3082 et
2101 3028 2342 3082 ferarum
2362 3044 2623 3100 corpora,
2653 3031 2861 3085 docuit.
2900 3029 3072 3102 Cujus
3097 3042 3402 3089 sectatores
3427 3035 3596 3089 etiam

318 3125 593 3179 elementa
622 3126 808 3180 omnia
843 3126 1087 3180 animata
1115 3138 1238 3179 esse
1263 3123 1626 3179 arbitrantur.
1653 3124 1901 3181 Utuntur
1940 3126 2105 3180 variis
2161 3125 2488 3195 imposturis
2551 3142 2613 3182 ac
2634 3128 2954 3199 praestigiis,
2988 3129 3311 3200 nefarieque
3353 3143 3410 3185 et
3438 3146 3601 3187 exse-

329 3219 534 3274 cranda
569 3228 841 3291 peragunt
883 3220 1146 3294 mysteria
1175 3220 1277 3293 (2).
1311 3221 1662 3293 Quapropter
1694 3223 1946 3279 doctrina
1983 3239 2177 3279 eorum
2205 3225 2511 3281 ineluibilis
2539 3225 2812 3282 habetur:
2856 3226 3165 3284 daemonum
3207 3227 3602 3286 incantationi-

321 3314 428 3372 bus
444 3315 655 3373 animas
680 3317 988 3383 hominum,
1009 3316 1104 3386 qui
1132 3331 1196 3371 ea
1219 3316 1587 3382 suutinitiati,
1606 3320 1904 3375 obstrictas
1942 3319 2281 3375 tenentibus.

909 3432 1164 3487 ΚΕΦΑΛ.
1206 3431 1332 3487 AB’.

330 3526 427 3595 Ὧς
454 3528 488 3582 ὁ
515 3525 726 3592 Μάνης
748 3522 865 3595 τὴν
888 3526 1072 3595 δορὰν
1100 3525 1207 3578 τοῦ
1226 3524 1503 3595 σώματος
1535 3526 1900 3595 ἀφαιρεθεὶς,

748 3598 894 3650 κυσὶ
935 3594 1240 3665 παρεδόθη
1266 3594 1447 3664 βορά.

391 3718 558 3787 Τρεῖς
600 3717 643 3770 δ’
692 3717 722 3769 ὁ
752 3716 943 3786 Μάνης
989 3715 1341 3786 κτησάμενος
1383 3715 1671 3785 φοιτητὰς,
1709 3713 1906 3770 ’Δδδαν

323 3810 417 3863 καὶ
449 3809 651 3882 Θωμᾶν
682 3809 776 3862 καὶ
812 3805 1042 3878 Ἑρμᾶν,
1073 3808 1165 3859 τὸν
1192 3808 1291 3878 μὲν
1326 3804 1524 3860 ’Ᾱδδαν
1551 3807 1744 3877 Σύροις
1775 3809 1907 3860 ἀπέ-

324 3901 506 3954 στειλε
537 3901 759 3971 κήρυκα
781 3916 795 3931 °
836 3899 1019 3962 Ἰνδοῖς
1045 3899 1101 3952 δὲ
1131 3900 1219 3952 τὸν
1245 3898 1474 3969 Θωμᾶν.
1514 3901 1670 3952 Ἐπεὶ
1699 3899 1745 3952 δ’
1773 3902 1907 3952 ἑπα-

324 3994 524 4065 νῆλθον
557 3993 728 4047 πολλὰ
763 3992 1015 4060 λέγοντες
1059 3991 1206 4044 δεινὰ
1257 3989 1475 4051 παθεῖν,
1517 3990 1742 4062 μηδενὸς
1785 3992 1905 4043 ἀνευ

324 4088 560 4158 χομένου
582 4086 674 4139 τὸν
695 4086 927 4150 Μάνητα
948 4083 1268 4137 διδάσκαλον
1293 4083 1572 4149 δέξασθαι,
1604 4082 1905 4153 ἐτόλμησεν

324 4182 352 4232 ὁ
390 4180 754 4248 παμπόνηρος
797 4178 894 4230 καὶ
928 4175 1163 4245 Χριστὸν
1221 4174 1417 4229 ἑαυτὸν
1467 4174 1763 4244 ὀνομάσαι,
1816 4175 1909 4228 καὶ

328 4271 554 4340 Πνεῦμα
596 4266 773 4338 ἅγιον,
816 4270 914 4322 καὶ
941 4268 1101 4322 ἄλλον
1145 4267 1508 4338 ﬂagitent-ev
1540 4266 1905 4321 ἀπεστάλθαι.

327 4363 440 4416 Kal.
489 4362 817 4416 δυοκαίδεκα
848 4360 905 4413 δὲ
953 4359 1205 4430 μαθητὰς
1262 4357 1628 4428 ἐπαγόμενος,
1678 4361 1756 4422 si;
1809 4359 1909 4429 τὴν

329 4456 519 4526 Μέσην
543 4454 654 4508 τῶν
685 4452 952 4522 ποταμῶν
968 4453 1220 4519 ἀφίκετο,
1249 4453 1348 4523 τὴν
1369 4453 1477 4507 τῶν
1502 4453 1727 4523 Περσῶν
1756 4453 1911 4522 βασι-

328 4548 480 4602 λείαν
524 4546 945 4616 διαδιδράσκων.
978 4545 1319 4615 Θεραπεύειν
1350 4545 1459 4616 γὰρ
1502 4547 1912 4615 νεανιευόμενος

325 4644 418 4695 τὸν
452 4641 546 4694 τοῦ
577 4638 846 4710 βασιλέως
872 4637 1059 4699 παῖδα,
1095 4636 1312 4703 μείζοσι
1347 4639 1536 4699 κακοῖς
1561 4638 1908 4707 περιέϐαλεν.

340 4734 428 4794 Ὠς
463 4733 506 4787 δ’
540 4731 753 4784 ἐκεῖθεν
788 4724 875 4782 οἷα
911 4728 1196 4799 προφανὴς
1238 4726 1490 4789 ἀντίθεος
1523 4727 1785 4799 ἐξηλάθη,
1816 4728 1911 4783 καὶ

2481 3429 2649 3507 429
2665 3434 2893 3492 CAPUT
2922 3426 3141 3490 xxx".

2014 3523 2077 3581 Ut
2107 3523 2317 3594 Manes,
2341 3520 2584 3581 detracta
2607 3530 2768 3581 totius
2796 3527 3031 3596 corporis
3059 3526 3217 3597 pelle,
3244 3529 3462 3587 canibus
3481 3549 3601 3589 esca

2632 3598 2863 3668 objectus
2892 3600 2980 3652 sit.

2079 3709 2265 3764 Manes
2289 3719 2473 3766 autem
2514 3726 2640 3766 cum
2679 3723 2791 3768 tres
2819 3713 3052 3770 haberet
3111 3726 3438 3784 sectatores,
3487 3720 3604 3775 Ad-

2009 3801 2156 3866 dam,
2193 3797 2462 3857 Thomam
2487 3813 2543 3858 et
2591 3800 2855 3866 Hermau,
2883 3822 2954 3862 ex
2983 3807 3049 3862 iis
3082 3808 3294 3864 Addam
3316 3812 3382 3866 ad
3409 3810 3600 3883 Syros,

2007 3893 2073 3948 ad
2096 3893 2265 3949 Indos
2294 3905 2480 3951 autem
2510 3892 2778 3951 Thomam
2810 3899 2960 3953 misit
3009 3916 3313 3968 praecones.
3350 3901 3456 3969 Qui
3511 3917 3603 3957 re-

2010 3983 2155 4039 versi
2216 4001 2432 4040 cumse
2466 3985 2716 4041 dicerent
2776 3989 2946 4043 multa
3004 3992 3144 4044 dura
3206 4007 3398 4062 passos
3453 4009 3600 4059 esse,

2013 4093 2192 4161 neque
2222 4090 2553 4150 quemquam
2581 4079 2892 4136 doctrinam
2917 4083 3037 4151 ejus
3058 4085 3305 4154 recipere
3331 4087 3599 4153 voluisse,

2012 4189 2178 4229 ausus
2224 4184 2309 4229 est
2359 4176 2606 4230 omnium
2702 4176 2992 4232 hominum
3059 4180 3599 4248 importunissimus.

2013 4263 2255 4332 seipsum
2292 4264 2575 4321 Christum
2610 4270 2922 4332 nominare,
2951 4280 3007 4324 et
3045 4269 3310 4337 Spiritum
3348 4284 3604 4329 sanctum

2020 4356 2297 4425 aliumque
2328 4358 2672 4412 Paracletum
2708 4360 2932 4414 missum
2978 4376 3100 4416 esse
3125 4361 3334 4419 dicere.
3367 4365 3432 4419 Et
3463 4367 3604 4421 duo.

2015 4447 2190 4501 decim
2224 4462 2411 4501 secum
2444 4450 2653 4503 ducens
2682 4449 3008 4520 discipulos,
3062 4452 3116 4507 in
3149 4453 3600 4523 Mesopotamiam

2016 4538 2290 4608 pervenit.
2322 4538 2727 4610 Persarumque
2761 4557 2988 4611 regnum
3042 4546 3375 4613 peragravit,
3412 4562 3477 4602 ac
3514 4558 3599 4603 te-

2020 4632 2691 4704 merarioimpotentique
2740 4635 2926 4689 animo
2977 4638 3120 4706 regis
3176 4638 3249 4691 ibi
3311 4638 3484 4694 ﬁlium
3544 4657 3603 4696 se

2023 4732 2343 4775 curaturum
2377 4733 2460 4777 est
2489 4722 2906 4792 pollicitus,sed
2942 4725 3121 4793 ipsum
3154 4728 3458 4795 majoribus
3507 4747 3607 4800 0p-

329 4822 486 4885 αῦοις
538 4823 637 4894 τὴν
673 4820 913 4892 Περσίδα
951 4819 1243 4883 κατέλαϐε,
1302 4819 1631 4889 συλληφθεὶς
1679 4820 1784 4871 ὑπὸ
1820 4819 1905 4872 τοῦ

2020 4816 2222 4882 pressit
2246 4814 2423 4870 malis.
2452 4818 2819 4885 Posteaquam
2844 4826 3028 4871 autem
3053 4818 3180 4873 inde
3208 4832 3317 4887 est,
3346 4831 3404 4873 ut
3431 4824 3604 4876 mani-

332 4916 622 4985 βασιλέως,
652 4916 750 4984 τὴν
777 4914 1057 4984 Περσικὴν
1085 4912 1378 4980 ὑφίσταται
1398 4913 1642 4968 κόλασιν.
1671 4914 1782 4982 Τῆς
1803 4912 1916 4982 γὰρ

328 5011 492 5080 δορᾶς
525 5008 863 5075 γυμνωθεὶς,
918 5007 1074 5060 κυσίν
1133 5006 1290 5073 ἐδόθη
1342 5004 1497 5076 βορά.
1542 5002 1797 5058 Τοιοῦτον
1836 5005 1913 5074 τῷ

328 5097 583 5153 δυσσεϐεῖ
610 5096 671 5149 τὸ
701 5097 875 5159 τέλος.
908 5096 968 5148 Εἰ
999 5097 1109 5166 γάρ
1143 5112 1227 5156 τις
1259 5094 1350 5148 τὸν
1382 5093 1662 5163 φλήναφον
1699 5092 1912 5145 ἐκείνου

406 5234 485 5305 (l)
524 5253 541 5285 ‹
585 5232 679 5289 Sic
722 5244 778 5286 et
827 5233 1094 5289 Basilides
1124 5233 1204 5303 {ab
1258 5234 1459 5305 ahraxa
1520 5230 1825 5305 Chrlsunn_
1863 5233 1916 5285 in

333 5302 712 5373 phantasmate.
743 5305 924 5358 carnis
960 5302 1193 5358 missnnt‘
1215 5318 1337 5357 esse
1371 5302 1682 5356 blateravit.
1711 5321 1730 5352 ι
1761 5302 1918 5367 {Ter-

334 5375 650 5499 tull.)l-)-—llta
668 5375 815 5431 enim
847 5373 954 5429 sibi
979 5375 1223 5428 haeretici
1249 5380 1559 5426 monstrosa
1592 5373 1918 5443 contingunt

332 5460 465 5499 voca
514 5461 544 5498 ιι
570 5461 621 5498 a.

2024 4907 2198 4961 festus
2231 4905 2325 4960 Dei
2349 4916 2718 4975 contemptor,
2754 4909 3031 4976 repulsus,
3068 4925 3194 4963 cum
3229 4927 3296 4965 eo
3323 4913 3601 4978 rediisset,

2024 5014 2052 5051 a
2101 5014 2227 5067 rege
2276 4998 2714 5066 comprehensus
2752 5001 3030 5056 Persicum
3084 5003 3352 5056 sustinuit
3397 5006 3607 5071 suppli-

2024 5088 2172 5144 cium
2208 5087 2308 5159 (5).
2336 5091 2590 5144 Detracta
2624 5090 2772 5144 enim
2827 5104 2974 5160 cute,
3009 5093 3082 5146 ita
3132 5094 3316 5148 nudus
3372 5096 3604 5148 canibus

2021 5232 2162 5286 citra
2189 5247 2405 5288 omnem
2434 5236 2680 5289 omnium
2709 5236 3051 5291 medicorum
3089 5251 3249 5305 opem
3280 5244 3336 5289 et
3376 5251 3600 5304 operam

2019 5318 2078 5374 se
2125 5315 2448 5357 sanaturum
2500 5314 2938 5374 curaturumque
2983 5322 3105 5360 esse
3165 5306 3445 5374 pollicitus
3493 5320 3599 5362 est.

2017 5370 2155 5426 Cum
2189 5374 2372 5444 itaque
2406 5376 2628 5438 medici,
2685 5378 2739 5429 in
2780 5370 3015 5444 quorum
3051 5370 3183 5428 cura
3231 5379 3414 5443 regius
3466 5393 3604 5444 puer
3674 5392 3675 5395 ‘

2016 5450 2154 5501 erat,
2183 5443 2396 5498 dimissi
2435 5444 2690 5510 fuissent,
2729 5442 2879 5500 brevi
2907 5447 2997 5498 ille
3027 5457 3279 5499 mortuus
3304 5442 3408 5499 est.
3431 5442 3531 5499 Vet
3559 5463 3604 5502 IS

406 5517 485 5583 (9-)
540 5534 558 5566 ι
611 5516 861 5582 Ἐναγεϊς
901 5516 1018 5586 καὶ,
1048 5513 1374 5586 νυκτερινὰς
1421 5515 1515 5567 καὶ
1574 5513 1899 5586 παρανόμου

2015 5512 2452 5586 Testamentum,
2514 5515 2744 5586 perinde
2774 5526 2939 5586 atque
2985 5531 3093 5568 non
3131 5516 3256 5568 boni
3299 5515 3389 5569 llei
3433 5529 3601 5581 CSset,

337 5585 537 5655 μίξεις,
575 5588 666 5638 καὶ
692 5585 1092 5654 ἀρρητοποιίας
1114 5600 1144 5655 ’γ
1169 5583 1270 5637 huc
1294 5583 1803 5655 est,rexsecrundos,
1824 5600 1923 5636 no-

332 5665 544 5778 fgtrnjos
567 5666 613 5778 e)t
644 5656 947 5726 illegitimos
964 5654 1286 5720 concubitus,
1315 5662 1364 5704 et
1384 5654 1589 5724 ﬂagitia
1616 5654 1862 5723 infanda.
1900 5675 1917 5707 ι

406 5741 479 5778 un
500 5743 576 5778 as.

361 5725 576 5779 Suidas.

335 5725 353 5794 (
409 5795 486 5864 (5)
527 5814 544 5846 ι
583 5731 874 5850 i’ersarum
926 5810 1019 5849 rex
1038 5810 1164 5850 eum
1207 5794 1391 5852 vivum
1433 5794 1701 5851 excoriari
1736 5795 1926 5863 jussit,

343 5874 405 5923 ut
443 5865 536 5920 ﬁlii
569 5866 655 5919 sui
696 5866 847 5918 necis
878 5874 1181 5930 auctorem.
1213 5865 1441 5941 [Egrutn
1480 5880 1718 5934 namque
1746 5866 1922 5931 illum,

586 5962 861 6022 Pamoc.
892 5966 1009 6024 Gn.
1042 5962 1275 6024 CXLV.

2031 5579 2217 5635 Manes
2264 5598 2485 5653 quoque
2514 5579 2737 5653 reiecit;
2771 5579 3108 5646 et'Novum,
3167 5595 3423 5654 tauquam
3477 5579 3604 5640 boni

2033 5654 2374 5719 approbavit.
2423 5654 2704 5708 Christum
2755 5665 2938 5709 autent
2985 5656 3247 5723 opinione
3302 5666 3513 5709 tantum
3551 5667 3606 5711 et

2014 5723 2322 5796 phantasia
2341 5724 2680 5796 apparuisse,
2698 5726 2991 5796 omniaque
3020 5742 3117 5795 per
3139 5728 3323 5781 fucum
3350 5727 3605 5796 gessisse,

2037 5795 2290 5847 asseruit.
2330 5812 2348 5845 ι
2387 5794 2556 5865 (Idem
2585 5795 2827 5864 Suidas.)

3100 5958 3175 6022 38
