4052 6434
474 459 608 521 ῙῙΩἸ

1694 460 2117 521 NICEPHORI
2159 460 2502 519 CALLISTI

3588 458 3724 527 1196

471 595 596 636 esca
636 591 719 635 est
746 582 1017 649 objectus.
1046 580 1220 647 Atque
1264 578 1424 631 talem
1476 579 1676 647 impius
1735 579 1825 640 ille
1859 592 2049 633 conse—

2153 574 2333 642 λέγειν
2386 575 2656 642 θελήσειε,
2711 575 3050 645 παμπόλλων
3087 576 3154 630 ἂν
3207 575 3424 646 δεηθείη
3483 574 3725 645 βιϐλίων.

474 688 636 729 οιιιιιε
656 684 737 728 est
774 674 955 728 tinem.
1002 673 1155 739 Quod
1187 674 1231 727 si
1272 674 1396 742 quis
1424 683 1752 742 nugamenta
1777 674 1898 742 ejus
1930 686 2049 737 per-

473 768 629 833 sequi
663 768 813 831 velit,
837 767 1221 833 compluribus
1254 767 1299 821 is
1334 783 1473 836 opus
1508 767 1709 821 habeat
1768 766 1943 821 libris.
1983 767 2051 821 Et

469 859 604 912 falsa
629 858 746 912 haec
772 860 1002 927 etimpia
1027 860 1281 930 dogmata
1315 876 1380 915 ex
1407 861 2048 932 innumerisjamdudum

472 950 760 1005 exstinctis
794 950 1100 1005 baeresibus
1125 953 1405 1024 congessit
1434 964 1597 1023 atque
1649 954 2043 1017 accumulavit,

470 1056 643 1110 eaque
671 1058 735 1095 ex
757 1041 981 1097 Perside
1003 1043 1054 1096 in
1072 1043 1261 1100 orbem
1283 1054 1534 1099 nostrum
1567 1045 1737 1099 veluti
1767 1046 2045 1114 quoddam

471 1132 813 1187 mortiferum
882 1150 1157 1189 venenum
1232 1136 1500 1190 evomuit.
1556 1137 1717 1190 Tales
1766 1137 2049 1192 doctrinas

469 1225 754 1278 hominum
798 1226 998 1279 animis
1038 1227 1761 1296 versutiSsimnsinspiravit
1795 1244 2046 1298 serpens,

465 1316 778 1384 talibusque
824 1318 1199 1386 antesignanis
1261 1319 1632 1387 ordinumque
1723 1322 2050 1377 ductoribus

464 1411 638 1463 aciem
678 1419 872 1464 contra
921 1412 1208 1465 veritatem
1228 1420 1465 1467 struens
1496 1430 1626 1469 usus
1683 1426 1784 1469 est.
1847 1415 2047 1469 Verum

466 1501 749 1554 enimvero
783 1500 943 1555 facile
988 1499 1253 1555 Dominus
1293 1502 1636 1556 mendacium
1670 1500 1940 1569 coarguit.
1995 1508 2050 1554 et

466 1596 753 1648 cohortem
783 1604 1139 1663 patronorum
1166 1595 1309 1665 ejus,
1349 1596 1509 1648 sicuti
1578 1610 1796 1648 aranezc
1860 1595 2044 1660 telam,

468 1687 651 1740 solvit.
686 1687 965 1741 Adversus
1006 1687 1147 1741 banc
1175 1687 1428 1741 harrcsim
1455 1697 1679 1741 strenue
1716 1687 1874 1741 libris
1900 1703 2049 1742 com-

467 1775 665 1843 positis
684 1774 1069 1844 depngnaruut
1123 1773 1284 1831 Titus
1306 1776 1533 1843 Bostrae,
1557 1790 1611 1832 et
1635 1777 1908 1833 Diodorus
1932 1792 2047 1830 me-

468 1868 699 1937 tropolis
738 1867 968 1928 Cilicize.
1036 1869 1306 1939 episcopi.
1364 1868 1601 1939 Scripsit
1646 1871 1811 1925 etiam
1858 1882 2046 1926 contra

469 1976 587 2013 eam
615 1958 887 2030 Georgius
916 1960 1291 2018 Laodicensis.
1314 1963 1399 2016 vir
1422 1962 1515 2031 qui
1543 1963 1793 2018 haeresim
1825 1963 2047 2032 quidem

469 2055 730 2108 Arianam
764 2054 1094 2118 defenderit,
1131 2056 1225 2110 sed
1291 2056 1693 2127 philosophieis
1744 2056 2050 2126 disciplinis

470 2145 538 2197 ab
567 2147 790 2198 ineunte
808 2155 969 2200 aetate
1000 2149 1247 2216 apprime
1272 2149 1527 2203 eruditus
1559 2148 1749 2203 fuerit.
1777 2149 2048 2204 Prtelerea

468 2237 702 2291 Phoenix
739 2237 1035 2293 Eusebius.
1069 2238 1194 2293 "rec
1224 2241 1291 2294 de
1345 2241 1540 2295 hwresi
1572 2240 1844 2295 Manentis
1889 2241 1989 2311 (l),
2018 2256 2047 2295 a

469 2346 578 2397 quo
607 2331 791 2387 multis
822 2331 1006 2386 adhuc
1036 2347 1236 2386 nomen
1291 2331 1718 2387 Manio-imorum
1782 2334 2047 2387 adhaeret.

467 2422 582 2491 Ego
621 2436 788 2490 porro
825 2422 889 2474 ad
931 2421 1139 2491 reliqua
1198 2422 1356 2477 istius
1410 2423 1649 2477 historic
1695 2423 2044 2480 descendam.

468 2514 877 2583 lmperatorum
925 2515 1096 2578 enim,
1178 2531 1611 2586 magnarumque
1691 2517 2047 2573 ecclesiarum

469 2608 781 2661 antistitum
841 2608 1287 2663 successionibus
1344 2610 1650 2673 recensitis,
1705 2625 1829 2665 mox
1884 2612 2049 2667 etiam

467 2714 591 2767 qum
625 2709 987 2754 monumenta
1042 2709 1157 2754 tum
1185 2701 1543 2756 ecclesiastici
1599 2702 1765 2774 430
1815 2706 2048 2774 scripto-

468 2807 559 2846 res
588 2792 883 2857 ediderint,
936 2802 991 2848 et
1025 2794 1118 2863 qui
1174 2812 1236 2849 ex
1291 2796 1373 2850 eis
1433 2798 1695 2866 usquead
1757 2798 2049 2868 impiorum

470 2893 831 2950 tyrannorum
862 2886 1302 2953 persecutionem
1356 2889 1827 2959 ecelesiarumqne
1880 2906 2055 2962 oppu-

469 2976 785 3046 gnationem
814 2979 979 3034 vitam
1015 2978 1397 3048 produxerint,
1434 2995 1727 3049 exponant.

999 3092 1224 3151 CAPUT
1271 3095 1515 3149 XXXI".

647 3184 720 3238 De
745 3188 1066 3241 successione
1089 3186 1450 3243 Romanorum
1469 3190 1870 3253 imperatorum.

536 3385 665 3442 Post
697 3385 919 3442 Decium
956 3388 1145 3444 Gallus
1173 3388 1391 3444 duobus
1419 3388 1710 3459 imperavit
1759 3392 1937 3447 annis.
1964 3394 2045 3449 Ab

466 3480 571 3533 hoc
595 3479 658 3534 ad
680 3480 1032 3536 Valerianum
1052 3490 1107 3535 et
1130 3479 1420 3535 Galienum
1454 3480 1744 3551 imperium
1770 3487 2045 3554 pervenit.

466 3572 790 3627 Valerianus
818 3581 1001 3626 autem
1056 3571 1201 3626 bello
1226 3582 1415 3626 contra
1475 3572 1673 3629 PchaS
1717 3587 1886 3639 moto,
1920 3592 2045 3630 cum

453 3666 530 3715 'ad
570 3664 829 3719 Edessam
865 3667 1149 3721 exercitus
1175 3666 1466 3735 ejus‘fame
1487 3667 1665 3739 magis
1697 3684 1861 3738 quam
1900 3669 2049 3723 ferro

465 3754 839 3822 occideretur,
872 3755 1052 3811 Persae
1099 3757 1274 3811 aciem
1310 3767 1502 3813 contra
1539 3776 1664 3814 eum
1699 3770 2046 3817 struxerunt.

462 3850 631 3921 Cujus
663 3852 755 3907 ille
785 3853 964 3923 gentis
1020 3854 1285 3923 impetum
1316 3856 1463 3926 quod
1515 3871 1573 3911 se
1601 3859 1877 3914 sustinere
1937 3876 2047 3913 non

466 3958 626 4011 posse
650 3954 963 4008 vereretur,
997 3944 1383 4001 conflicturum
1413 3963 1471 4003 se
1493 3962 1618 4002 cum
1642 3950 1896 4005 hostibus
1918 3950 2053 4005 assi-

466 4036 707 4097 mulans,
740 4035 806 4088 ad
837 4050 933 4090 eos
958 4036 1274 4107 transfugit,
1314 4055 1503 4108 parem
1552 4056 1677 4094 cum
1741 4042 1822 4094 eis
1854 4051 2049 4110 pactu-

465 4144 581 4190 rns,
606 4128 1021 4198 exercitumque
1051 4145 1211 4183 suum
1241 4131 1583 4200 proditurus.
1622 4132 1776 4199 Quod
1814 4135 2047 4190 Romani

465 4222 593 4289 quia
628 4220 1159 4284 animadverterunt,
1203 4221 1328 4291 fuga
1355 4223 1485 4281 sibi.
1531 4239 1638 4277 non
1670 4227 1857 4293 paucis
1885 4230 2052 4283 antis-

465 4313 540 4366 sis
562 4312 983 4367 consuluerunt.
1001 4312 1081 4367 lbi
1108 4329 1240 4379 ergo
1253 4313 1396 4383 apud
1418 4313 1689 4370 Barbaros
1711 4325 1763 4372 et
1786 4316 2049 4387 Saporem

466 4420 650 4474 regem
690 4404 1015 4458 servitutem
1048 4404 1260 4467 serviit,
1293 4414 1348 4458 et
1396 4405 1617 4460 tandem
1640 4408 1925 4478 jugulatus
1973 4411 2049 4481 (ἓ)

466 4498 759 4565 imperium
793 4496 860 4551 ad
888 4496 1176 4551 Galienutn
1208 4496 1381 4551 filium
1439 4501 1764 4555 transmisit.
1794 4501 1837 4556 li
1889 4504 2053 4572 quin-

2155 670 2265 723 Καὶ
2298 669 2471 722 ταῦτα
2520 671 2576 724 δὲ
2609 671 2677 722 τὰ
2733 671 2905 740 ψευδῆ
2941 688 3000 723 τε
3052 671 3146 724 καὶ
3198 672 3333 725 ἄθεα
3368 668 3633 739 δόγματα,
3664 673 3729 727 ἐκ

2156 763 2371 833 μυρίων
2399 762 2509 815 τῶν
2535 763 2815 831 πρόπαλαι
2858 762 3257 833 ἅπεσὸηκυιῶν
3290 763 3557 831 αἱρέσεων
3588 780 3732 833 συμ-

2155 855 2527 924 πεφυρμένως
2561 855 2847 922 ἁθροίσας,
2882 855 2946 907 ὲκ
2985 855 3084 923 τῆς
3117 852 3343 924 Περσῶν
3375 854 3464 906 ἐπὶ
3490 854 3586 924 τὴν
3610 853 3734 908 καθ’

2151 948 2305 1014 ἡμᾶς
2336 948 2667 1017 οἰκουμένην
2706 947 2897 1017 ὥσπερ
2929 948 3050 1001 τινὰ
3079 948 3455 1017 θανατηφόρον
3504 947 3580 1000 ἰὸν
3610 947 3739 1016 ἑξή-

2157 1060 2314 1111 μεσε.
2345 1041 2581 1095 Τοιαῦτα
2607 1042 2731 1102 ταῖς
2764 1041 2872 1095 τῶν
2905 1041 3211 1108 ἀνθρώπων
3238 1041 3437 1112 ψυχαῖς
3461 1042 3489 1093 6
3517 1040 3739 1109 παμπό-

2153 1152 2322 1205 νηρος
2348 1137 2587 1205 ὲνήχησε
2627 1135 2846 1203 δράκων
2868 1151 2881 1166 ο
2911 1134 3173 1195 τοιούτοις
3210 1134 3465 1205 λοχαγοῖς
3498 1134 3591 1187 καὶ
3636 1150 3737 1185 τα-

2154 1227 2408 1297 ξιάρχαις
2461 1228 2738 1298 ἐχρήσατο
2770 1228 2912 1280 κατὰ
2960 1228 3060 1295 τῆς
3102 1225 3360 1293 ἀληθείας
3392 1226 3739 1295 παραταττό-

2156 1336 2337 1388 μενος.
2377 1319 2539 1371 ’Λλλὰ
2565 1320 2763 1390 ῥᾷστον
2785 1321 2812 1372 6
2834 1318 3109 1390 Δεσπότης
3128 1319 3190 1372 τὸ
3212 1318 3405 1388 ψεῦδος
3432 1319 3735 1388 ἀπήλεγξε.

2155 1411 2251 1463 καὶ
2286 1412 2385 1480 τὴν
2412 1411 2731 1482 συμμορίαν
2750 1413 2867 1465 -τῶν
2898 1412 3090 1465 τούτου
3124 1411 3446 1481 συνηγόρων
3472 1412 3545 1472 ὡς
3583 1412 3733 1465 ἱστὸν

2153 1504 2399 1573 ἀράχνης
2429 1504 2663 1557 διέλυσε.
2693 1504 2851 1557 Κατὰ
2875 1505 2932 1559 δὲ
2961 1504 3165 1574 ταύτης
3194 1504 3292 1573 τῆς
3318 1504 3579 1572 αἱρέσεως
3609 1521 3737 1569 γενι

2154 1596 2321 1659 ναῖως
2356 1595 2738 1666 παρετάξαντο
2764 1598 2946 1666 λόγοις
2978 1598 3141 1661 Τίτός
3170 1615 3228 1650 τε
3262 1597 3356 1651 καὶ
3381 1598 3661 1667 Διόδωρος,
3705 1600 3738 1651 6

2157 1688 2256 1757 μὲν
2292 1689 2389 1759 τὴν
2426 1690 2790 1760 Βωστρηνῶν,
2824 1691 3091 1758 Διόδωρος
3124 1689 3178 1742 δὲ
3209 1688 3309 1758 τὴν
3346 1688 3585 1742 Κιλίκων
3616 1689 3733 1741 ίθύ-

2154 1799 2251 1843 νας
2294 1781 2651 1852 μητρόπολιν.
2685 1782 3005 1852 Συνέγραψε
3032 1782 3089 1835 δὲ
3119 1782 3213 1836 καὶ
3242 1781 3515 1851 Γεώργιος
3539 1783 3563 1834 6
3594 1781 3734 1834 Λαο-

2152 1875 2358 1935 δικεὺς,
2393 1873 2556 1945 ἀνὴρ,
2589 1875 2687 1944 τῆς
2717 1875 2815 1944 μὲν
2841 1874 3109 1944 αίρέσεως
3144 1874 3465 1944 προστατῶν
3498 1874 3729 1944 Ἀρείου,

2153 1968 2264 2028 τοῖς
2314 1966 2371 2018 δὲ
2409 1966 2723 2035 φιλοσόφοις
2778 1968 3101 2036 μαθήμασιν
3136 1965 3458 2036 ἐντραφείςο
3500 1966 3635 2033 πρὸς
3672 1966 3731 2020 δὲ

2151 2058 2365 2121 τούτοις
2397 2060 2490 2111 καὶ
2521 2060 2549 2112 6
2585 2061 2765 2126 Φοῖνιξ
2799 2060 3091 2123 Εὐσέϐιος,
3135 2060 3223 2113 Ἐν
3262 2060 3473 2125 τούτοις
3508 2061 3606 2130 μὲν
3633 2062 3730 2115 καὶ

2150 2152 2218 2204 τὰ
2253 2152 2392 2204 κατὰ
2447 2152 2549 2222 τὴν
2582 2152 2820 2220 δυσσεϐῆ
2854 2152 2950 2207 τοῦ
3011 2153 3289 2216 Μάνεντος
3336 2153 3549 2223 αἵρεσιν
3576 2170 3589 2185 ·
3635 2152 3731 2222 ἀφ’

2150 2242 2211 2300 οὗ
2243 2247 2306 2317 δὴ
2342 2246 2436 2299 καὶ
2467 2247 2529 2300 τὸ
2574 2247 2899 2323 ΜανιχαΙίων
2933 2248 3106 2318 ὄνομα
3151 2249 3264 2309 τοῖς
3310 2246 3526 2310 πολλοῖς
3560 2247 3728 2300 εἰσέτι

2153 2336 2496 2400 ἐπιπολάζει.
2552 2339 2694 2406 Ἐγὼ
2722 2338 2781 2391 δὲ
2812 2340 2905 2393 ἐπὶ
2933 2342 3001 2392 τὰ
3032 2339 3158 2409 ἑξῆς
3191 2337 3290 2407 τῆς
3324 2338 3566 2409 ἱστορίας
3596 2355 3729 2409 προ-

2153 2428 2413 2498 ϐήσομαι.
2453 2430 2730 2483 Ἐπειπὼν
2753 2432 2863 2503 γὰρ
2890 2432 2988 2495 τὰς
3020 2431 3129 2484 τῶν
3163 2430 3430 2501 βασιλέων
3456 2431 3726 2502 διαδοχὰς,

2153 2525 2248 2572 καὶ
2295 2522 2391 2584 τὰς
2430 2522 2538 2576 τῶν
2574 2523 2832 2592 μεγάλων
2860 2525 3165 2593 παροικιῶν
3196 2525 3306 2578 τῶν
3349 2525 3542 2595 ἱερέων
3568 2526 3730 2593 apot-

2153 2613 2277 2677 ϐὰς,
2315 2611 2437 2670 εἶτα
2471 2619 2564 2669 καὶ
2598 2617 2715 2669 ὅσοι
2748 2618 3005 2685 τηνικάδε
3042 2618 3236 2689 ἄνδρες
3285 2617 3731 2689 ὲκκλησιαστικοὶ

2151 2705 2445 2776 διέπρεπον
2478 2709 2820 2779 συγγραφεῖς
2846 2724 2860 2738 ·
2890 2708 3087 2763 ἔπειτα
3113 2714 3207 2762 καὶ
3233 2710 3350 2763 ὅσοι
3374 2710 3575 2762 τούτων
3597 2708 3726 2778 ἄχρι

2152 2800 2251 2869 τῆς
2287 2800 2398 2853 τῶν
2444 2799 2761 2869 ἐκκλησιῶν
2801 2802 3127 2872 πολιορκίας
3170 2802 3404 2857 ἐπὶτῶν
3452 2802 3724 2858 δυσσεδῶν

2151 2893 2433 2965 τυράννων
2464 2894 2834 2965 παρέμειναν,
2877 2895 3037 2966 διηγή
3048 2913 3234 2966 σομαι.

2726 3101 2982 3155 ΚΕΦΑΛ.
3038 3098 3161 3157 Al".

2154 3194 2291 3263 Περὶ
2326 3190 2435 3262 τῆς
2466 3191 2759 3261 διαδοχῆς
2782 3191 2902 3247 τῶν
2930 3193 2999 3248 ἑν
3049 3193 3241 3262 Ῥώμῃ
3269 3193 3384 3263 τὴν
3408 3193 3727 3259 βασίλειον

2611 3263 3012 3320 διιθυνόντων
3054 3264 3272 3334 ἀρχήν.

2221 3379 2377 3434 Μετά
2415 3380 2610 3434 Δέκιον
2644 3380 2766 3434 οὐδὲ
2798 3381 2892 3434 δύο
2923 3381 3018 3451 ἔτη
3066 3383 3179 3442 τοῖς
3215 3381 3345 3452 περὶ
3373 3381 3571 3435 Γάλλον
3601 3382 3725 3451 ἠγε-

2152 3469 2471 3537 μονεύσασι,
2528 3471 2595 3524 τὰ
2656 3470 2946 3541 Ῥωμαίων
2995 3472 3257 3544 σκῆπτρα
3315 3473 3449 3543 πρὸς
3498 3473 3726 3527 Οὐαλλε-

2153 3565 2337 3634 ριανδν
2372 3566 2463 3619 καλ
2519 3565 2786 3636 Γαλιηνὸν
2845 3565 3151 3637 μετέϐαινε.
3206 3568 3361 3620 Κατὰ
3413 3567 3636 3638 Περσῶν
3670 3568 3726 3623 δὲ

2152 3657 2471 3726 κινούμενος
2501 3658 2924 3728 Οὑαλλεριανδς,
2962 3658 3087 3712 ἐπεὶ
3117 3661 3173 3713 ὲν
3212 3659 3402 3733 Ἐδέσῃ
3436 3660 3727 3731 γενόμενον

2149 3749 2241 3802 τὸν
2274 3751 2506 3819 στρατὸν
2557 3751 2718 3822 λιμὸς
2751 3752 2812 3804 τὸ
2861 3751 3024 3804 πλέον
3065 3750 3097 3822 ἦ
3133 3751 3285 3821 ξίφος
3315 3752 3505 3806 τοῦτον
3551 3754 3729 3824 ἐθέρι-

2153 3840 2268 3907 ζεν,
2299 3842 2385 3893 ἐπ’
2417 3842 2583 3895 αὑτὸν
2616 3843 2961 3896 συνίσταντο.
2997 3842 3109 3913 Τὴν
3139 3842 3194 3895 δὲ
3224 3841 3318 3896 τοῦ
3360 3842 3487 3899 λαοῦ
3523 3843 3728 3906 ἐκεῖνος

2152 3934 2506 3997 ὑποπτεύσας
2544 3933 2741 4004 ὁρμὴν,
2790 3933 3206 4004 συμπλέκεσθαι
3234 3934 3474 4005 Πέρσαις
3516 3952 3729 4004 σχημα-

2152 4026 2470 4095 τισάμενος,
2499 4023 2803 4093 αὐτόμολος
2831 4025 3067 4087 ἐκείνοις
3106 4024 3442 4095 προσρύεται
3473 4026 3730 4095 συνθέμε-

2152 4133 2240 4177 νος
2273 4116 2369 4167 καί
2397 4114 2486 4167 ’τὸ
2514 4114 2720 4184 πλῆθος
2750 4113 3068 4185 προδοῦναι.
3116 4112 3185 4168 ’Ὁ
3235 4113 3498 4185 Ῥωμαῖοι
3547 4116 3731 4168 αἰσθό-

2156 4226 2329 4282 μενοι,
2390 4210 2591 4263 θᾶττον
2632 4206 2886 4276 ἔφευγον,
2939 4207 3042 4261 οὐκ
3094 4207 3293 4275 ὀλίγων
3345 4208 3724 4279 ἀνῃρημένων.

2164 4304 2377 4358 Ἐκεῖσι
2430 4301 2563 4371 γοῦν
2612 4299 2764 4369 παρὰ
2804 4300 3105 4372 βαρϐάροις
3148 4302 3245 4354 καὶ
3292 4298 3568 4371 Σαπώριδι
3613 4300 3733 4355 δου-

2152 4399 2303 4451 λείαν
2339 4397 2677 4464 ὑπενεγκὼν,
2709 4397 2803 4448 καὶ
2834 4394 3146 4449 τελευταῖον
3177 4395 3427 4465 σφαγεὶς,
3464 4395 3731 4464 μόναρχον

2154 4487 2246 4541 τὸν
2270 4486 2383 4539 υἱὸν
2415 4484 2680 4551 Γαλιηνδν
2712 4483 2947 4540 ἐδείκνυ.
2979 4477 3144 4538 Οὗτοι
3173 4484 3218 4536 δ’
3247 4486 3305 4538 ὲν
3338 4486 3732 4541 πεντεκαίδεκα

467 4592 646 4645 decim
677 4603 852 4645 annos
897 4589 1257 4657 imperatores
1306 4589 1481 4657 fuere,
1507 4601 1561 4646 et
1591 4591 1881 4648 Claudium
1925 4609 2049 4647 suc-

2158 4578 2307 4631 ἕτεσι
2350 4577 2452 4647 τὴν
2490 4575 2783 4645 Ῥωμαίων
2838 4575 3014 4648 ἀρχὴν
3054 4575 3415 4643 διιθύναντες,
3468 4577 3734 4632 Κλαύδιον

467 4702 744 4741 cessorem
776 4686 1037 4740 habuere.
1074 4684 1137 4739 Et
1169 4686 1256 4739 hic
1289 4702 1491 4740 annum
1523 4703 1691 4740 unum
1721 4696 1777 4740 et
1830 4700 2051 4741 menses

466 4779 665 4834 decem
692 4791 877 4832 rerum
909 4791 1120 4831 summa
1175 4775 1557 4832 administrata
1590 4776 1688 4848 (5),
1725 4786 2047 4846 potestatem

467 4884 588 4923 eam
618 4868 919 4924 Aureliano
940 4868 1184 4937 reliquit.
1212 4868 1351 4925 Cum
1392 4880 1578 4925 autem
1608 4870 1653 4922 is
1682 4884 1781 4937 per
1823 4868 2052 4924 insidias

469 4962 524 5015 in
551 4976 697 5016 novo
732 4960 973 5031 quodam
1017 4961 1243 5017 castello
1268 4961 1654 5016 fraudulenter
1687 4974 1864 5015 caesus
1914 4960 2051 5014 fuis-

468 5062 553 5109 set
584 5053 682 5125 (4),
704 5054 1294 5124 imperiumqueannos
1317 5068 1412 5108 sex
1442 5053 1729 5119 tenuisset,
1754 5051 1977 5107 Tacitus
1999 5052 2050 5106 ei

469 5147 758 5211 successit,
787 5148 883 5216 qui
906 5162 998 5201 sex
1022 5156 1233 5201 tantum
1261 5161 1482 5200 menses
1505 5145 1559 5198 in
1588 5144 1856 5213 imperiali
1880 5143 2055 5199 subli-

467 5240 660 5293 mitate
677 5240 962 5309 transegit.
989 5238 1104 5293 Sub
1131 5253 1195 5293 eo
1224 5252 1481 5307 maguum
1506 5237 1658 5290 illum
1693 5234 2051 5291 Charitonem

442 5312 447 5315 ⁷
471 5333 879 5388 confessionem
899 5346 1058 5386 suam
1083 5331 1364 5400 peregisse
1393 5328 1597 5384 ferunt.
1633 5325 1767 5381 Post
1795 5327 2049 5382 Tacitum

471 5423 761 5479 Florianus
792 5422 1093 5493 imperator
1128 5419 1326 5485 factus,
1352 5435 1573 5474 menses
1601 5428 1713 5473 tres
1763 5435 1879 5472 rem
1938 5419 2054 5473 Ro-

544 5579 622 5647 (l)
652 5575 871 5645 Μάνης,
905 5575 1112 5647 Manes,
1150 5575 1469 5647 genitivum
1503 5573 1639 5647 facit
1664 5572 1909 5647 diductis.
1943 5571 2053 5628 Sed

475 5644 611 5716 quia
635 5648 681 5701 is
710 5644 935 5714 prorsus
963 5644 1207 5716 insaniit,
1245 5644 1507 5698 afﬁnitate
1527 5646 1675 5698 vocis
1709 5644 2057 5712 Nicephorus

473 5715 607 5774 lusit
639 5737 651 5782 ;
689 5716 880 5785 μανεὶς
928 5715 1072 5768 enim
1111 5716 1409 5785 insaniens,
1433 5719 1718 5785 panic-ivro;
1750 5716 2069 5775 gettitivutu,

443 5822 447 5827 -
478 5790 644 5842 habet
676 5783 769 5840 {et
792 5785 1054 5854 μανέντα,
1074 5784 1394 5845 Manentcm,
1429 5783 1531 5838 hoc
1552 5795 1653 5846 est,
1680 5785 2054 5848 insanientem,

479 5858 639 5906 dixit.

525 5860 639 5909 ixit.

550 5926 625 5995 (2)
672 5926 777 5979 Alii
812 5922 1059 5978 historici
1092 5940 1198 5978 non
1232 5939 1431 5980 ca-sum
1472 5938 1615 5989 esse,
1665 5924 1760 5978 sed
1821 5924 1877 5978 in
1918 5922 2059 5978 ἴα)ύῆ

2153 4673 2314 4740 ἔσχον
2368 4668 2637 4738 διάδοχον.
2701 4670 2797 4729 Ὃς
2826 4667 2890 4737 δὴ
2945 4668 3064 4729 ἔτος
3128 4666 3187 4721 ἓν
3237 4667 3332 4721 καὶ
3376 4669 3551 4738 μῆνας
3600 4668 3734 4722 δέκα

2155 4763 2622 4836 προσδιαρκέσας,
2656 4759 2981 4830 Αὐρηλιανῷ
3026 4757 3123 4812 τοῦ
3157 4759 3396 4830 κράτους
3423 4761 3523 4828 τῆς
3558 4761 3735 4833 ἀρχῆς

2158 4856 2457 4927 μετεδίδου.
2512 4854 2800 4920 Συσκευῆς
2830 4851 2888 4905 δὲ
2915 4851 3038 4905 κατ’
3067 4849 3236 4906 αὐτοῦ
3283 4852 3605 4922 γενομένης,
3639 4856 3736 4907 καὶ

2154 4949 2210 5002 ἐν
2246 4947 2420 5017 καινῷ
2476 4945 2727 5017 φρουρίῳ
2765 4943 2913 5014 φόνῳ
2961 4943 3122 5013 δολίῳ
3162 4943 3224 4996 τὸ
3273 4942 3423 5013 βιοῦν
3462 4945 3739 5013 ἐκμετρή-

2156 5057 2371 5105 σαντος,
2409 5038 2687 5101 ἐτελεύτα,
2718 5039 2812 5090 ἐπὶ
2849 5035 2910 5098 ἒξ
2939 5035 3036 5100 ἐτη
3086 5038 3150 5105 τῇ
3183 5036 3325 5106 ἀρχῇ
3379 5033 3733 5105 διαγεγονώς.

2169 5133 2296 5187 Ἐπὶ
2324 5132 2381 5187 δὲ
2406 5131 2585 5202 τούτῳ
2614 5131 2657 5183 Τ
2660 5131 2847 5192 άκιτος
2873 5124 3065 5201 ἦρχεν,
3102 5128 3163 5193 ἓξ
3195 5127 3371 5198 μῆνας
3400 5126 3694 5190 διαὸιὼσας
3717 5143 3733 5158 ⁸

2158 5230 2243 5296 ἐφ’
2283 5227 2343 5281 οὖ
2375 5244 2510 5296 φασι
2555 5226 2650 5279 καὶ
2684 5224 2777 5277 τὸν
2820 5223 2994 5292 μέγαν
3026 5220 3360 5290 ὁμολογῆσαι
3405 5215 3692 5288 Χαρίτωνα
3716 5232 3735 5250 ο

2157 5320 2217 5375 ὃν
2253 5318 2587 5389 Φλωριανδς,
2623 5317 2743 5369 οὐδὲ
2792 5315 2946 5386 τρεῖς
3001 5313 3180 5383 μῆνας
3214 5309 3507 5380 διηνυκὼς,
3562 5308 3734 5362 διεδέ-

2159 5428 2304 5483 χετο.
2339 5413 2452 5465 Καὶ
2485 5411 2655 5482 ἄμφω
2694 5407 2750 5462 δὲ
2798 5408 2946 5462 οὗτοι
2981 5407 3261 5478 μαχαίρας
3312 5404 3470 5474 ἔργον
3507 5400 3735 5470 γεγόνα-

2160 5569 2424 5625 servitnte
2455 5567 2811 5624 consenuisse
2838 5564 3189 5621 Valerianum
3221 5563 3491 5618 scribunt.

2233 5642 2308 5709 (5)
2344 5642 2471 5694 Post
2525 5638 2607 5695 Fl.
2650 5637 2861 5693 Claudii
2899 5645 3129 5690 mortem
3160 5676 3175 5700 ,
3234 5629 3533 5709 Quintilius
3564 5625 3738 5709 frater

2108 5718 2115 5723 '
2159 5695 2324 5776 ejusa
2358 5709 2628 5763 militibus
2660 5709 2962 5774 imperator
2989 5695 3186 5766 lectus.
3216 5695 3274 5760 et
3302 5704 3366 5756 l7
3397 5697 3610 5769 imperii
3642 5695 3737 5750 die

2158 5780 2573 5849 jugulatusmst.
2612 5778 2892 5847 (Eutrop.)

2171 5890 2177 5896 .
2216 5845 2308 5923 ¹(4)
2348 5849 2568 5905 Castelli
2599 5845 2798 5904 nomen
2814 5845 2913 5902 δέει
2941 5845 3423 5917 CtenOphrurium.

2220 6020 2273 6047 ,ειη
