  <div class='ocr_page' id='page_1' title='image "/cluster/home/n/w/nwhite01/storage/ocr_20150623/145:no.1/coo.31924054870500/607.png"; bbox 0 0 4052 6440; ppageno 0'>
   <div class='ocr_carea' id='block_1_1' title="bbox 474 448 609 509">
    <p class='ocr_par' dir='ltr' id='par_1_1' title="bbox 474 448 609 509">
     <span class='ocr_line' id='line_1_1' title="bbox 474 448 609 509; baseline -0.015 0"><span class='ocrx_word' id='word_1_1' title='bbox 474 448 609 509; x_wconf 67' lang='grc'><strong>1199</strong></span> 
     </span>
    </p>
   </div>
   <div class='ocr_carea' id='block_1_2' title="bbox 1707 438 2534 507">
    <p class='ocr_par' dir='ltr' id='par_1_2' title="bbox 1707 438 2534 507">
     <span class='ocr_line' id='line_1_2' title="bbox 1707 438 2534 507; baseline -0.008 -1"><span class='ocrx_word' id='word_1_2' title='bbox 1707 438 2132 507; x_wconf 75' lang='lat' dir='ltr'><strong>NlCEl’llL-Rl</strong></span> <span class='ocrx_word' id='word_1_3' title='bbox 2178 440 2534 503; x_wconf 75' lang='lat' dir='ltr'><strong>CALIJSTI</strong></span> 
     </span>
    </p>
   </div>
   <div class='ocr_carea' id='block_1_3' title="bbox 3604 433 3740 499">
    <p class='ocr_par' dir='ltr' id='par_1_3' title="bbox 3604 433 3740 499">
     <span class='ocr_line' id='line_1_3' title="bbox 3604 433 3740 499; baseline 0.007 -2"><span class='ocrx_word' id='word_1_4' title='bbox 3604 433 3740 499; x_wconf 68' lang='lat'><strong>1200</strong></span> 
     </span>
    </p>
   </div>
   <div class='ocr_carea' id='block_1_4' title="bbox 462 547 2038 631">
    <p class='ocr_par' dir='ltr' id='par_1_4' title="bbox 462 555 2038 631">
     <span class='ocr_line' id='line_1_4' title="bbox 462 555 2038 631; baseline -0.006 -12"><span class='ocrx_word' id='word_1_5' title='bbox 462 578 639 620; x_wconf 82' lang='lat' dir='ltr'><strong>annos</strong></span> <span class='ocrx_word' id='word_1_6' title='bbox 667 562 915 617; x_wconf 60' lang='lat' dir='ltr'><strong>ecclesia:</strong></span> <span class='ocrx_word' id='word_1_7' title='bbox 941 560 1279 631; x_wconf 69' lang='lat' dir='ltr'><strong>praefuisset,</strong></span> <span class='ocrx_word' id='word_1_8' title='bbox 1307 557 1563 612; x_wconf 83' lang='lat' dir='ltr'><strong>Theonas</strong></span> <span class='ocrx_word' id='word_1_9' title='bbox 1599 572 1720 611; x_wconf 87' lang='lat' dir='ltr'><strong>eam</strong></span> <span class='ocrx_word' id='word_1_10' title='bbox 1749 555 2038 627; x_wconf 87' lang='lat' dir='ltr'><strong>regendam</strong></span> 
     </span>
    </p>
   </div>
   <div class='ocr_carea' id='block_1_5' title="bbox 2146 547 3737 631">
    <p class='ocr_par' dir='ltr' id='par_1_5' title="bbox 2152 547 3737 625">
     <span class='ocr_line' id='line_1_5' title="bbox 2152 547 3737 625; baseline 0.002 -18"><span class='ocrx_word' id='word_1_11' title='bbox 2152 553 2265 607; x_wconf 72' lang='grc' dir='ltr'>ἔτει</span> <span class='ocrx_word' id='word_1_12' title='bbox 2302 551 2616 620; x_wconf 79' lang='grc' dir='ltr'>Μαξιμῖνος</span> <span class='ocrx_word' id='word_1_13' title='bbox 2652 547 2892 620; x_wconf 81' lang='grc' dir='ltr'>κατέστη</span> <span class='ocrx_word' id='word_1_14' title='bbox 2930 549 3172 621; x_wconf 86' lang='grc' dir='ltr'>διάδοχος</span> <span class='ocrx_word' id='word_1_15' title='bbox 3195 568 3206 581; x_wconf 93' lang='grc'><strong>·</strong></span> <span class='ocrx_word' id='word_1_16' title='bbox 3240 550 3300 604; x_wconf 84' lang='grc' dir='ltr'>ὃν</span> <span class='ocrx_word' id='word_1_17' title='bbox 3331 555 3469 623; x_wconf 79' lang='grc' dir='ltr'>μετὰ</span> <span class='ocrx_word' id='word_1_18' title='bbox 3494 557 3591 625; x_wconf 80' lang='grc' dir='ltr'>τὴν</span> <span class='ocrx_word' id='word_1_19' title='bbox 3614 561 3737 612; x_wconf 82' lang='grc' dir='ltr'>Διο-</span> 
     </span>
    </p>
   </div>
   <div class='ocr_carea' id='block_1_6' title="bbox 460 648 2043 724">
    <p class='ocr_par' dir='ltr' id='par_1_6' title="bbox 460 648 2043 724">
     <span class='ocr_line' id='line_1_6' title="bbox 460 648 2043 724; baseline -0.004 -17"><span class='ocrx_word' id='word_1_20' title='bbox 460 654 724 724; x_wconf 80' lang='lat' dir='ltr'><strong>suscepit.</strong></span> <span class='ocrx_word' id='word_1_21' title='bbox 781 653 882 706; x_wconf 93' lang='lat' dir='ltr'><strong>llic</strong></span> <span class='ocrx_word' id='word_1_22' title='bbox 932 650 1123 704; x_wconf 85' lang='lat' dir='ltr'><strong>decem</strong></span> <span class='ocrx_word' id='word_1_23' title='bbox 1173 659 1228 703; x_wconf 91' lang='lat' dir='ltr'><strong>et</strong></span> <span class='ocrx_word' id='word_1_24' title='bbox 1279 664 1476 702; x_wconf 89' lang='lat' dir='ltr'><strong>novem</strong></span> <span class='ocrx_word' id='word_1_25' title='bbox 1530 648 1691 702; x_wconf 84' lang='lat' dir='ltr'><strong>annis</strong></span> <span class='ocrx_word' id='word_1_26' title='bbox 1744 651 2043 716; x_wconf 87' lang='lat' dir='ltr'><strong>episcopus</strong></span> 
     </span>
    </p>
   </div>
   <div class='ocr_carea' id='block_1_7' title="bbox 459 737 2044 808">
    <p class='ocr_par' dir='ltr' id='par_1_7' title="bbox 459 737 2044 808">
     <span class='ocr_line' id='line_1_7' title="bbox 459 737 2044 808; baseline -0.006 -8"><span class='ocrx_word' id='word_1_27' title='bbox 459 747 598 807; x_wconf 78' lang='lat' dir='ltr'><strong>fuit,</strong></span> <span class='ocrx_word' id='word_1_28' title='bbox 629 755 682 799; x_wconf 88' lang='lat' dir='ltr'><strong>et</strong></span> <span class='ocrx_word' id='word_1_29' title='bbox 713 746 935 800; x_wconf 80' lang='lat' dir='ltr'><strong>Petrum</strong></span> <span class='ocrx_word' id='word_1_30' title='bbox 985 756 1367 796; x_wconf 82' lang='lat' dir='ltr'><strong>successorem</strong></span> <span class='ocrx_word' id='word_1_31' title='bbox 1416 740 1627 795; x_wconf 88' lang='lat' dir='ltr'><strong>habuit.</strong></span> <span class='ocrx_word' id='word_1_32' title='bbox 1672 738 1775 804; x_wconf 87' lang='lat' dir='ltr'><strong>Qui</strong></span> <span class='ocrx_word' id='word_1_33' title='bbox 1820 737 2044 808; x_wconf 90' lang='lat' dir='ltr'><strong>quidem</strong></span> 
     </span>
    </p>
   </div>
   <div class='ocr_carea' id='block_1_8' title="bbox 460 830 2042 904">
    <p class='ocr_par' dir='ltr' id='par_1_8' title="bbox 460 830 2042 904">
     <span class='ocr_line' id='line_1_8' title="bbox 460 830 2042 904; baseline -0.001 -16"><span class='ocrx_word' id='word_1_34' title='bbox 460 839 753 891; x_wconf 74' lang='lat' dir='ltr'><strong>duodecim</strong></span> <span class='ocrx_word' id='word_1_35' title='bbox 797 836 957 890; x_wconf 91' lang='lat' dir='ltr'><strong>annis</strong></span> <span class='ocrx_word' id='word_1_36' title='bbox 987 835 1196 904; x_wconf 87' lang='lat' dir='ltr'><strong>optime</strong></span> <span class='ocrx_word' id='word_1_37' title='bbox 1249 846 1482 887; x_wconf 89' lang='lat' dir='ltr'><strong>munere</strong></span> <span class='ocrx_word' id='word_1_38' title='bbox 1526 847 1627 887; x_wconf 88' lang='lat' dir='ltr'><strong>suo</strong></span> <span class='ocrx_word' id='word_1_39' title='bbox 1666 840 1754 885; x_wconf 87' lang='lat' dir='ltr'><strong>est</strong></span> <span class='ocrx_word' id='word_1_40' title='bbox 1794 830 2042 886; x_wconf 79' lang='lat' dir='ltr'><strong>functus.</strong></span> 
     </span>
    </p>
   </div>
   <div class='ocr_carea' id='block_1_9' title="bbox 460 922 2049 996">
    <p class='ocr_par' dir='ltr' id='par_1_9' title="bbox 460 922 2049 996">
     <span class='ocr_line' id='line_1_9' title="bbox 460 922 2049 996; baseline -0.004 -12"><span class='ocrx_word' id='word_1_41' title='bbox 460 933 594 984; x_wconf 50' lang='lat' dir='ltr'><strong>nam</strong></span> <span class='ocrx_word' id='word_1_42' title='bbox 632 930 836 992; x_wconf 87' lang='lat' dir='ltr'><strong>tribus,</strong></span> <span class='ocrx_word' id='word_1_43' title='bbox 874 938 1002 982; x_wconf 93' lang='lat' dir='ltr'><strong>ante</strong></span> <span class='ocrx_word' id='word_1_44' title='bbox 1041 926 1515 996; x_wconf 88' lang='lat' dir='ltr'><strong>persecutionem,</strong></span> <span class='ocrx_word' id='word_1_45' title='bbox 1557 924 1886 987; x_wconf 83' lang='lat' dir='ltr'><strong>faciliorem,</strong></span> <span class='ocrx_word' id='word_1_46' title='bbox 1918 922 2049 977; x_wconf 79' lang='lat' dir='ltr'><strong>reli-</strong></span> 
     </span>
    </p>
   </div>
   <div class='ocr_carea' id='block_1_10' title="bbox 461 1018 2045 1093">
    <p class='ocr_par' dir='ltr' id='par_1_10' title="bbox 461 1018 2045 1093">
     <span class='ocr_line' id='line_1_10' title="bbox 461 1018 2045 1093; baseline -0.004 -16"><span class='ocrx_word' id='word_1_47' title='bbox 461 1026 585 1093; x_wconf 85' lang='lat' dir='ltr'><strong>quis</strong></span> <span class='ocrx_word' id='word_1_48' title='bbox 623 1032 807 1076; x_wconf 90' lang='lat' dir='ltr'><strong>autem</strong></span> <span class='ocrx_word' id='word_1_49' title='bbox 846 1020 1132 1075; x_wconf 90' lang='lat' dir='ltr'><strong>duriorem</strong></span> <span class='ocrx_word' id='word_1_50' title='bbox 1176 1020 1345 1073; x_wconf 80' lang='lat' dir='ltr'><strong>vitam</strong></span> <span class='ocrx_word' id='word_1_51' title='bbox 1383 1034 1484 1089; x_wconf 90' lang='lat' dir='ltr'><strong>per</strong></span> <span class='ocrx_word' id='word_1_52' title='bbox 1511 1018 1698 1089; x_wconf 79' lang='lat' dir='ltr'><strong>gravia</strong></span> <span class='ocrx_word' id='word_1_53' title='bbox 1739 1019 2045 1071; x_wconf 90' lang='lat' dir='ltr'><strong>certamina</strong></span> 
     </span>
    </p>
   </div>
   <div class='ocr_carea' id='block_1_11' title="bbox 459 1108 2044 1185">
    <p class='ocr_par' dir='ltr' id='par_1_11' title="bbox 459 1108 2044 1185">
     <span class='ocr_line' id='line_1_11' title="bbox 459 1108 2044 1185; baseline -0.005 -18"><span class='ocrx_word' id='word_1_54' title='bbox 459 1116 678 1185; x_wconf 60' lang='lat' dir='ltr'><strong>uegit,</strong></span> <span class='ocrx_word' id='word_1_55' title='bbox 723 1128 1078 1168; x_wconf 82' lang='lat' dir='ltr'><strong>communem</strong></span> <span class='ocrx_word' id='word_1_56' title='bbox 1130 1111 1492 1165; x_wconf 86' lang='lat' dir='ltr'><strong>ecclesiarum</strong></span> <span class='ocrx_word' id='word_1_57' title='bbox 1538 1108 1834 1162; x_wconf 89' lang='lat' dir='ltr'><strong>utilitatem</strong></span> <span class='ocrx_word' id='word_1_58' title='bbox 1878 1122 2044 1176; x_wconf 89' lang='lat' dir='ltr'><strong>quam</strong></span> 
     </span>
    </p>
   </div>
   <div class='ocr_carea' id='block_1_12' title="bbox 462 1201 2046 1275">
    <p class='ocr_par' dir='ltr' id='par_1_12' title="bbox 462 1201 2046 1275">
     <span class='ocr_line' id='line_1_12' title="bbox 462 1201 2046 1275; baseline -0.001 -18"><span class='ocrx_word' id='word_1_59' title='bbox 462 1209 699 1260; x_wconf 76' lang='lat' dir='ltr'><strong>unixime</strong></span> <span class='ocrx_word' id='word_1_60' title='bbox 734 1221 1065 1275; x_wconf 81' lang='lat' dir='ltr'><strong>procurans.</strong></span> <span class='ocrx_word' id='word_1_61' title='bbox 1102 1204 1167 1258; x_wconf 85' lang='lat' dir='ltr'><strong>Et</strong></span> <span class='ocrx_word' id='word_1_62' title='bbox 1199 1218 1349 1258; x_wconf 86' lang='lat' dir='ltr'><strong>nono</strong></span> <span class='ocrx_word' id='word_1_63' title='bbox 1381 1202 1605 1257; x_wconf 89' lang='lat' dir='ltr'><strong>tandem</strong></span> <span class='ocrx_word' id='word_1_64' title='bbox 1643 1201 2046 1271; x_wconf 79' lang='lat' dir='ltr'><strong>persecutionis</strong></span> 
     </span>
    </p>
   </div>
   <div class='ocr_carea' id='block_1_13' title="bbox 460 1280 2049 1368">
    <p class='ocr_par' dir='ltr' id='par_1_13' title="bbox 460 1280 2049 1368">
     <span class='ocr_line' id='line_1_13' title="bbox 460 1280 2049 1368; baseline -0.003 -17"><span class='ocrx_word' id='word_1_65' title='bbox 460 1280 604 1352; x_wconf 66' lang='lat' dir='ltr'><strong>anno</strong></span> <span class='ocrx_word' id='word_1_66' title='bbox 630 1299 811 1366; x_wconf 90' lang='lat' dir='ltr'><strong>capite</strong></span> <span class='ocrx_word' id='word_1_67' title='bbox 841 1298 1057 1368; x_wconf 78' lang='lat' dir='ltr'><strong>plexos,</strong></span> <span class='ocrx_word' id='word_1_68' title='bbox 1087 1296 1376 1367; x_wconf 82' lang='lat' dir='ltr'><strong>magniﬁce</strong></span> <span class='ocrx_word' id='word_1_69' title='bbox 1402 1296 1645 1366; x_wconf 82' lang='lat' dir='ltr'><strong>martyrii</strong></span> <span class='ocrx_word' id='word_1_70' title='bbox 1674 1309 1932 1349; x_wconf 86' lang='lat' dir='ltr'><strong>coronam</strong></span> <span class='ocrx_word' id='word_1_71' title='bbox 1962 1299 2049 1348; x_wconf 88' lang='lat' dir='ltr'><strong>est</strong></span> 
     </span>
    </p>
   </div>
   <div class='ocr_carea' id='block_1_14' title="bbox 459 1385 2049 1455">
    <p class='ocr_par' dir='ltr' id='par_1_14' title="bbox 459 1385 2049 1455">
     <span class='ocr_line' id='line_1_14' title="bbox 459 1385 2049 1455; baseline -0.004 -9"><span class='ocrx_word' id='word_1_72' title='bbox 459 1402 813 1446; x_wconf 83' lang='lat' dir='ltr'><strong>consecutus.</strong></span> <span class='ocrx_word' id='word_1_73' title='bbox 842 1390 1048 1445; x_wconf 78' lang='lat' dir='ltr'><strong>Verum</strong></span> <span class='ocrx_word' id='word_1_74' title='bbox 1077 1390 1132 1444; x_wconf 91' lang='lat' dir='ltr'><strong>in</strong></span> <span class='ocrx_word' id='word_1_75' title='bbox 1163 1389 1414 1444; x_wconf 84' lang='lat' dir='ltr'><strong>Ecclesia</strong></span> <span class='ocrx_word' id='word_1_76' title='bbox 1438 1386 1807 1450; x_wconf 85' lang='lat' dir='ltr'><strong>Antiochena,</strong></span> <span class='ocrx_word' id='word_1_77' title='bbox 1835 1385 2049 1455; x_wconf 89' lang='lat' dir='ltr'><strong>episco-</strong></span> 
     </span>
    </p>
   </div>
   <div class='ocr_carea' id='block_1_15' title="bbox 459 1480 2048 1553">
    <p class='ocr_par' dir='ltr' id='par_1_15' title="bbox 459 1480 2048 1553">
     <span class='ocr_line' id='line_1_15' title="bbox 459 1480 2048 1553; baseline -0.001 -20"><span class='ocrx_word' id='word_1_78' title='bbox 459 1497 590 1553; x_wconf 73' lang='lat' dir='ltr'><strong>patu</strong></span> <span class='ocrx_word' id='word_1_79' title='bbox 651 1483 938 1552; x_wconf 83' lang='lat' dir='ltr'><strong>gerendo,</strong></span> <span class='ocrx_word' id='word_1_80' title='bbox 995 1482 1166 1537; x_wconf 85' lang='lat' dir='ltr'><strong>Fabio</strong></span> <span class='ocrx_word' id='word_1_81' title='bbox 1222 1481 1644 1545; x_wconf 89' lang='lat' dir='ltr'><strong>Demetrianus,</strong></span> <span class='ocrx_word' id='word_1_82' title='bbox 1699 1489 1864 1548; x_wconf 80' lang='lat' dir='ltr'><strong>atque</strong></span> <span class='ocrx_word' id='word_1_83' title='bbox 1916 1480 2048 1532; x_wconf 90' lang='lat' dir='ltr'><strong>huic</strong></span> 
     </span>
    </p>
   </div>
   <div class='ocr_carea' id='block_1_16' title="bbox 448 1572 2046 1649">
    <p class='ocr_par' dir='ltr' id='par_1_16' title="bbox 448 1572 2046 1649">
     <span class='ocr_line' id='line_1_16' title="bbox 448 1572 2046 1649; baseline -0.005 -18"><span class='ocrx_word' id='word_1_84' title='bbox 448 1577 664 1649; x_wconf 27' lang='lat' dir='ltr'><strong>‘l‘aulus</strong></span> <span class='ocrx_word' id='word_1_85' title='bbox 699 1576 1094 1630; x_wconf 85' lang='lat' dir='ltr'><strong>Samosatenus</strong></span> <span class='ocrx_word' id='word_1_86' title='bbox 1130 1575 1416 1628; x_wconf 80' lang='lat' dir='ltr'><strong>successit.</strong></span> <span class='ocrx_word' id='word_1_87' title='bbox 1459 1574 1589 1628; x_wconf 86' lang='lat' dir='ltr'><strong>Post</strong></span> <span class='ocrx_word' id='word_1_88' title='bbox 1620 1586 1747 1625; x_wconf 91' lang='lat' dir='ltr'><strong>eum</strong></span> <span class='ocrx_word' id='word_1_89' title='bbox 1787 1572 1905 1624; x_wconf 90' lang='lat' dir='ltr'><strong>loco</strong></span> <span class='ocrx_word' id='word_1_90' title='bbox 1944 1586 2046 1625; x_wconf 90' lang='lat' dir='ltr'><strong>suo</strong></span> 
     </span>
    </p>
   </div>
   <div class='ocr_carea' id='block_1_17' title="bbox 465 1663 2047 1737">
    <p class='ocr_par' dir='ltr' id='par_1_17' title="bbox 465 1663 2047 1737">
     <span class='ocr_line' id='line_1_17' title="bbox 465 1663 2047 1737; baseline -0.001 -19"><span class='ocrx_word' id='word_1_91' title='bbox 465 1670 717 1737; x_wconf 86' lang='lat' dir='ltr'><strong>pulsum,</strong></span> <span class='ocrx_word' id='word_1_92' title='bbox 767 1668 1013 1721; x_wconf 88' lang='lat' dir='ltr'><strong>Domnus</strong></span> <span class='ocrx_word' id='word_1_93' title='bbox 1061 1664 1395 1720; x_wconf 87' lang='lat' dir='ltr'><strong>Demctriani</strong></span> <span class='ocrx_word' id='word_1_94' title='bbox 1446 1665 1592 1718; x_wconf 75' lang='lat' dir='ltr'><strong>filius</strong></span> <span class='ocrx_word' id='word_1_95' title='bbox 1633 1663 1941 1718; x_wconf 87' lang='lat' dir='ltr'><strong>ministerio</strong></span> <span class='ocrx_word' id='word_1_96' title='bbox 1979 1679 2047 1717; x_wconf 90' lang='lat' dir='ltr'><strong>eo</strong></span> 
     </span>
    </p>
   </div>
   <div class='ocr_carea' id='block_1_18' title="bbox 461 1755 2050 1826">
    <p class='ocr_par' dir='ltr' id='par_1_18' title="bbox 461 1755 2050 1826">
     <span class='ocr_line' id='line_1_18' title="bbox 461 1755 2050 1826; baseline -0.003 -12"><span class='ocrx_word' id='word_1_97' title='bbox 461 1771 545 1815; x_wconf 83' lang='lat' dir='ltr'><strong>est</strong></span> <span class='ocrx_word' id='word_1_98' title='bbox 576 1761 819 1813; x_wconf 79' lang='lat' dir='ltr'><strong>functus.</strong></span> <span class='ocrx_word' id='word_1_99' title='bbox 866 1759 966 1813; x_wconf 86' lang='lat' dir='ltr'><strong>Hic</strong></span> <span class='ocrx_word' id='word_1_100' title='bbox 999 1757 1288 1820; x_wconf 69' lang='lat' dir='ltr'><strong>Timaeum,</strong></span> <span class='ocrx_word' id='word_1_101' title='bbox 1331 1767 1500 1825; x_wconf 85' lang='lat' dir='ltr'><strong>atque</strong></span> <span class='ocrx_word' id='word_1_102' title='bbox 1535 1758 1581 1809; x_wconf 89' lang='lat' dir='ltr'><strong>is</strong></span> <span class='ocrx_word' id='word_1_103' title='bbox 1617 1764 1838 1809; x_wconf 86' lang='lat' dir='ltr'><strong>rursum</strong></span> <span class='ocrx_word' id='word_1_104' title='bbox 1875 1755 2050 1826; x_wconf 53' lang='lat' dir='ltr'><strong>Cyril:</strong></span> 
     </span>
    </p>
   </div>
   <div class='ocr_carea' id='block_1_19' title="bbox 461 1849 2046 1921">
    <p class='ocr_par' dir='ltr' id='par_1_19' title="bbox 461 1849 2046 1921">
     <span class='ocr_line' id='line_1_19' title="bbox 461 1849 2046 1921; baseline -0.004 -14"><span class='ocrx_word' id='word_1_105' title='bbox 461 1856 598 1916; x_wconf 90' lang='lat' dir='ltr'><strong>lum,</strong></span> <span class='ocrx_word' id='word_1_106' title='bbox 629 1852 868 1921; x_wconf 82' lang='lat' dir='ltr'><strong>Cyrillus</strong></span> <span class='ocrx_word' id='word_1_107' title='bbox 900 1851 1222 1921; x_wconf 80' lang='lat' dir='ltr'><strong>Tyrannum</strong></span> <span class='ocrx_word' id='word_1_108' title='bbox 1260 1864 1641 1905; x_wconf 88' lang='lat' dir='ltr'><strong>successorem</strong></span> <span class='ocrx_word' id='word_1_109' title='bbox 1670 1849 1859 1902; x_wconf 87' lang='lat' dir='ltr'><strong>habuit</strong></span> <span class='ocrx_word' id='word_1_110' title='bbox 1886 1864 1901 1905; x_wconf 88' lang='lat'><strong>:</strong></span> <span class='ocrx_word' id='word_1_111' title='bbox 1934 1862 2046 1917; x_wconf 88' lang='lat' dir='ltr'><strong>quo</strong></span> 
     </span>
    </p>
   </div>
   <div class='ocr_carea' id='block_1_20' title="bbox 2153 643 3737 717">
    <p class='ocr_par' dir='ltr' id='par_1_20' title="bbox 2153 643 3737 717">
     <span class='ocr_line' id='line_1_20' title="bbox 2153 643 3737 717; baseline 0.001 -17"><span class='ocrx_word' id='word_1_112' title='bbox 2153 646 2342 700; x_wconf 91' lang='grc' dir='ltr'>νυσίου</span> <span class='ocrx_word' id='word_1_113' title='bbox 2405 644 2665 711; x_wconf 77' lang='grc' dir='ltr'>τελευτὴν</span> <span class='ocrx_word' id='word_1_114' title='bbox 2736 643 3117 697; x_wconf 84' lang='grc' dir='ltr'>ὀκτωκαίδεκα</span> <span class='ocrx_word' id='word_1_115' title='bbox 3184 644 3280 716; x_wconf 79' lang='grc' dir='ltr'><strong>ἐτη</strong></span> <span class='ocrx_word' id='word_1_116' title='bbox 3353 647 3737 717; x_wconf 80' lang='grc' dir='ltr'>ίερασάμενον,</span> 
     </span>
    </p>
   </div>
   <div class='ocr_carea' id='block_1_21' title="bbox 2150 734 3737 809">
    <p class='ocr_par' dir='ltr' id='par_1_21' title="bbox 2150 734 3737 809">
     <span class='ocr_line' id='line_1_21' title="bbox 2150 734 3737 809; baseline 0.002 -18"><span class='ocrx_word' id='word_1_117' title='bbox 2150 740 2373 800; x_wconf 84' lang='grc' dir='ltr'>Θεωνᾶς</span> <span class='ocrx_word' id='word_1_118' title='bbox 2406 737 2500 789; x_wconf 73' lang='grc' dir='ltr'><strong>τὸν</strong></span> <span class='ocrx_word' id='word_1_119' title='bbox 2552 734 2654 804; x_wconf 84' lang='grc' dir='ltr'>τῆς</span> <span class='ocrx_word' id='word_1_120' title='bbox 2685 735 2967 798; x_wconf 75' lang='grc' dir='ltr'><strong>διακονίας</strong></span> <span class='ocrx_word' id='word_1_121' title='bbox 3012 736 3225 789; x_wconf 80' lang='grc' dir='ltr'>ἐκείνου</span> <span class='ocrx_word' id='word_1_122' title='bbox 3275 738 3577 808; x_wconf 75' lang='grc' dir='ltr'><strong>ἐκληροῦτο</strong></span> <span class='ocrx_word' id='word_1_123' title='bbox 3608 740 3737 809; x_wconf 82' lang='grc' dir='ltr'><strong>βαο-</strong></span> 
     </span>
    </p>
   </div>
   <div class='ocr_carea' id='block_1_22' title="bbox 2154 828 3733 904">
    <p class='ocr_par' dir='ltr' id='par_1_22' title="bbox 2154 828 3733 904">
     <span class='ocr_line' id='line_1_22' title="bbox 2154 828 3733 904; baseline -0.001 -19"><span class='ocrx_word' id='word_1_124' title='bbox 2154 834 2278 904; x_wconf 90' lang='grc' dir='ltr'>μόν.</span> <span class='ocrx_word' id='word_1_125' title='bbox 2318 830 2422 885; x_wconf 77' lang='grc' dir='ltr'><strong>Καὶ</strong></span> <span class='ocrx_word' id='word_1_126' title='bbox 2446 830 2637 883; x_wconf 85' lang='grc' dir='ltr'>τοῦτον</span> <span class='ocrx_word' id='word_1_127' title='bbox 2668 828 2713 883; x_wconf 81' lang='grc' dir='ltr'>δ’</span> <span class='ocrx_word' id='word_1_128' title='bbox 2746 829 2814 882; x_wconf 77' lang='grc' dir='ltr'><strong>αὖ</strong></span> <span class='ocrx_word' id='word_1_129' title='bbox 2854 831 3245 885; x_wconf 71' lang='grc' dir='ltr'><strong>ἐννεακαίδεκα</strong></span> <span class='ocrx_word' id='word_1_130' title='bbox 3270 831 3448 891; x_wconf 67' lang='grc' dir='ltr'>ἔτεσιν</span> <span class='ocrx_word' id='word_1_131' title='bbox 3466 834 3733 904; x_wconf 70' lang='grc' dir='ltr'>ἐξυπηρεσ</span> 
     </span>
    </p>
   </div>
   <div class='ocr_carea' id='block_1_23' title="bbox 2150 922 3736 996">
    <p class='ocr_par' dir='ltr' id='par_1_23' title="bbox 2150 922 3736 996">
     <span class='ocr_line' id='line_1_23' title="bbox 2150 922 3736 996; baseline 0.001 -20"><span class='ocrx_word' id='word_1_132' title='bbox 2150 924 2492 992; x_wconf 82' lang='grc' dir='ltr'>τησάμενον,</span> <span class='ocrx_word' id='word_1_133' title='bbox 2532 923 2641 975; x_wconf 86' lang='grc' dir='ltr'><strong>τῶν</strong></span> <span class='ocrx_word' id='word_1_134' title='bbox 2668 922 2759 975; x_wconf 76' lang='grc' dir='ltr'><strong>ἐπ’</strong></span> <span class='ocrx_word' id='word_1_135' title='bbox 2803 922 3216 994; x_wconf 77' lang='grc' dir='ltr'><strong>Ἀλεξανδρείας</strong></span> <span class='ocrx_word' id='word_1_136' title='bbox 3250 927 3455 994; x_wconf 79' lang='grc' dir='ltr'>Πέτρος</span> <span class='ocrx_word' id='word_1_137' title='bbox 3488 926 3585 996; x_wconf 80' lang='grc' dir='ltr'>τὴν</span> <span class='ocrx_word' id='word_1_138' title='bbox 3617 929 3736 978; x_wconf 82' lang='grc' dir='ltr'>ἐπι-</span> 
     </span>
    </p>
   </div>
   <div class='ocr_carea' id='block_1_24' title="bbox 2151 1017 3737 1091">
    <p class='ocr_par' dir='ltr' id='par_1_24' title="bbox 2151 1017 3737 1091">
     <span class='ocr_line' id='line_1_24' title="bbox 2151 1017 3737 1091; baseline 0.002 -22"><span class='ocrx_word' id='word_1_139' title='bbox 2151 1018 2364 1088; x_wconf 85' lang='grc' dir='ltr'>σκοπὴν</span> <span class='ocrx_word' id='word_1_140' title='bbox 2414 1018 2818 1087; x_wconf 86' lang='grc' dir='ltr'>ἀνελάμϐανεν,</span> <span class='ocrx_word' id='word_1_141' title='bbox 2865 1017 3105 1088; x_wconf 86' lang='grc' dir='ltr'>ἀρίστως</span> <span class='ocrx_word' id='word_1_142' title='bbox 3145 1018 3454 1088; x_wconf 67' lang='grc' dir='ltr'>διαπρέψας</span> <span class='ocrx_word' id='word_1_143' title='bbox 3509 1023 3573 1091; x_wconf 74' lang='grc' dir='ltr'>τῇ</span> <span class='ocrx_word' id='word_1_144' title='bbox 3622 1020 3737 1072; x_wconf 79' lang='grc' dir='ltr'>λει-</span> 
     </span>
    </p>
   </div>
   <div class='ocr_carea' id='block_1_25' title="bbox 2149 1112 3735 1183">
    <p class='ocr_par' dir='ltr' id='par_1_25' title="bbox 2149 1112 3735 1183">
     <span class='ocr_line' id='line_1_25' title="bbox 2149 1112 3735 1183; baseline 0 -18"><span class='ocrx_word' id='word_1_145' title='bbox 2149 1114 2386 1183; x_wconf 80' lang='grc' dir='ltr'>τουργίᾳ</span> <span class='ocrx_word' id='word_1_146' title='bbox 2433 1112 2519 1181; x_wconf 74' lang='grc' dir='ltr'><strong>ἐφ’</strong></span> <span class='ocrx_word' id='word_1_147' title='bbox 2558 1114 2700 1174; x_wconf 81' lang='grc' dir='ltr'>ὅλοις</span> <span class='ocrx_word' id='word_1_148' title='bbox 2741 1112 3067 1165; x_wconf 75' lang='grc' dir='ltr'>δυοκαίδεκα</span> <span class='ocrx_word' id='word_1_149' title='bbox 3115 1116 3228 1177; x_wconf 83' lang='grc' dir='ltr'>τοῖς</span> <span class='ocrx_word' id='word_1_150' title='bbox 3283 1116 3551 1178; x_wconf 76' lang='grc' dir='ltr'>ἐνιαυτοῖς</span> <span class='ocrx_word' id='word_1_151' title='bbox 3580 1129 3591 1144; x_wconf 90' lang='grc'><strong>·</strong></span> <span class='ocrx_word' id='word_1_152' title='bbox 3626 1116 3735 1183; x_wconf 64' lang='grc' dir='ltr'><strong>πρὸ</strong></span> 
     </span>
    </p>
   </div>
   <div class='ocr_carea' id='block_1_26' title="bbox 2150 1204 3735 1278">
    <p class='ocr_par' dir='ltr' id='par_1_26' title="bbox 2150 1204 3735 1278">
     <span class='ocr_line' id='line_1_26' title="bbox 2150 1204 3735 1278; baseline 0.001 -20"><span class='ocrx_word' id='word_1_153' title='bbox 2150 1207 2243 1258; x_wconf 84' lang='grc' dir='ltr'><strong>τοῦ</strong></span> <span class='ocrx_word' id='word_1_154' title='bbox 2280 1204 2523 1275; x_wconf 80' lang='grc' dir='ltr'><strong>διωγμοῦ</strong></span> <span class='ocrx_word' id='word_1_155' title='bbox 2549 1207 2765 1275; x_wconf 84' lang='grc' dir='ltr'>χρόνοις</span> <span class='ocrx_word' id='word_1_156' title='bbox 2797 1208 2853 1258; x_wconf 79' lang='grc' dir='ltr'>ὲν</span> <span class='ocrx_word' id='word_1_157' title='bbox 2888 1208 3036 1277; x_wconf 73' lang='grc' dir='ltr'>τρισὶ</span> <span class='ocrx_word' id='word_1_158' title='bbox 3066 1206 3168 1276; x_wconf 76' lang='grc' dir='ltr'>τῆς</span> <span class='ocrx_word' id='word_1_159' title='bbox 3196 1207 3565 1278; x_wconf 78' lang='grc' dir='ltr'>λειτουργίαςο</span> <span class='ocrx_word' id='word_1_160' title='bbox 3599 1210 3655 1260; x_wconf 80' lang='grc' dir='ltr'>τὸ</span> <span class='ocrx_word' id='word_1_161' title='bbox 3680 1209 3735 1260; x_wconf 79' lang='grc' dir='ltr'>δὲ</span> 
     </span>
    </p>
   </div>
   <div class='ocr_carea' id='block_1_27' title="bbox 2148 1296 3737 1367">
    <p class='ocr_par' dir='ltr' id='par_1_27' title="bbox 2148 1296 3737 1367">
     <span class='ocr_line' id='line_1_27' title="bbox 2148 1296 3737 1367; baseline 0.001 -18"><span class='ocrx_word' id='word_1_162' title='bbox 2148 1299 2250 1366; x_wconf 81' lang='grc' dir='ltr'>τῆς</span> <span class='ocrx_word' id='word_1_163' title='bbox 2282 1296 2430 1363; x_wconf 78' lang='grc' dir='ltr'>ζωῆς</span> <span class='ocrx_word' id='word_1_164' title='bbox 2471 1296 2660 1349; x_wconf 83' lang='grc' dir='ltr'>λεῖπον</span> <span class='ocrx_word' id='word_1_165' title='bbox 2686 1296 2901 1365; x_wconf 82' lang='grc' dir='ltr'>ἀγῶσιν</span> <span class='ocrx_word' id='word_1_166' title='bbox 2953 1298 3238 1365; x_wconf 82' lang='grc' dir='ltr'>ἀσκήσεως</span> <span class='ocrx_word' id='word_1_167' title='bbox 3280 1300 3525 1367; x_wconf 74' lang='grc' dir='ltr'>μείζοσιν</span> <span class='ocrx_word' id='word_1_168' title='bbox 3564 1300 3737 1351; x_wconf 75' lang='grc' dir='ltr'>ἐπεδί-</span> 
     </span>
    </p>
   </div>
   <div class='ocr_carea' id='block_1_28' title="bbox 2149 1389 3735 1463">
    <p class='ocr_par' dir='ltr' id='par_1_28' title="bbox 2149 1389 3735 1463">
     <span class='ocr_line' id='line_1_28' title="bbox 2149 1389 3735 1463; baseline 0.001 -21"><span class='ocrx_word' id='word_1_169' title='bbox 2149 1389 2265 1452; x_wconf 83' lang='grc' dir='ltr'>δου,</span> <span class='ocrx_word' id='word_1_170' title='bbox 2297 1390 2398 1458; x_wconf 75' lang='grc' dir='ltr'>τῆς</span> <span class='ocrx_word' id='word_1_171' title='bbox 2426 1392 2609 1459; x_wconf 76' lang='grc' dir='ltr'>κοινῆς</span> <span class='ocrx_word' id='word_1_172' title='bbox 2639 1389 2987 1455; x_wconf 73' lang='grc' dir='ltr'>λυσιτελείας</span> <span class='ocrx_word' id='word_1_173' title='bbox 3021 1392 3132 1444; x_wconf 83' lang='grc' dir='ltr'><strong>τῶν</strong></span> <span class='ocrx_word' id='word_1_174' title='bbox 3156 1394 3459 1463; x_wconf 73' lang='grc' dir='ltr'>ἐκκλησιῶν</span> <span class='ocrx_word' id='word_1_175' title='bbox 3485 1395 3557 1455; x_wconf 80' lang='grc' dir='ltr'>ὡς</span> <span class='ocrx_word' id='word_1_176' title='bbox 3588 1395 3735 1447; x_wconf 80' lang='grc' dir='ltr'>πλεῖ-</span> 
     </span>
    </p>
   </div>
   <div class='ocr_carea' id='block_1_29' title="bbox 2152 1480 3734 1555">
    <p class='ocr_par' dir='ltr' id='par_1_29' title="bbox 2152 1480 3734 1555">
     <span class='ocr_line' id='line_1_29' title="bbox 2152 1480 3734 1555; baseline 0.003 -20"><span class='ocrx_word' id='word_1_177' title='bbox 2152 1499 2278 1535; x_wconf 86' lang='grc' dir='ltr'>στον</span> <span class='ocrx_word' id='word_1_178' title='bbox 2308 1480 2772 1552; x_wconf 83' lang='grc' dir='ltr'>ἐπιμελούμενος.</span> <span class='ocrx_word' id='word_1_179' title='bbox 2821 1484 2908 1536; x_wconf 85' lang='grc' dir='ltr'>Ἑν</span> <span class='ocrx_word' id='word_1_180' title='bbox 2948 1484 2995 1536; x_wconf 81' lang='grc' dir='ltr'>δ’</span> <span class='ocrx_word' id='word_1_181' title='bbox 3024 1485 3201 1554; x_wconf 81' lang='grc' dir='ltr'>ἐνάτῳ</span> <span class='ocrx_word' id='word_1_182' title='bbox 3228 1484 3319 1537; x_wconf 87' lang='grc' dir='ltr'><strong>τοῦ</strong></span> <span class='ocrx_word' id='word_1_183' title='bbox 3349 1485 3589 1555; x_wconf 80' lang='grc' dir='ltr'>διωγμοῦ</span> <span class='ocrx_word' id='word_1_184' title='bbox 3614 1506 3734 1540; x_wconf 87' lang='grc' dir='ltr'>και-</span> 
     </span>
    </p>
   </div>
   <div class='ocr_carea' id='block_1_30' title="bbox 2154 1573 3729 1648">
    <p class='ocr_par' dir='ltr' id='par_1_30' title="bbox 2154 1573 3729 1648">
     <span class='ocr_line' id='line_1_30' title="bbox 2154 1573 3729 1648; baseline 0.004 -24"><span class='ocrx_word' id='word_1_185' title='bbox 2154 1573 2232 1642; x_wconf 85' lang='grc' dir='ltr'>ρῷ</span> <span class='ocrx_word' id='word_1_186' title='bbox 2270 1573 2416 1643; x_wconf 79' lang='grc' dir='ltr'>ξίφει</span> <span class='ocrx_word' id='word_1_187' title='bbox 2445 1575 2546 1643; x_wconf 79' lang='grc' dir='ltr'>τῆς</span> <span class='ocrx_word' id='word_1_188' title='bbox 2568 1575 2812 1646; x_wconf 77' lang='grc' dir='ltr'>κεφαλὴν</span> <span class='ocrx_word' id='word_1_189' title='bbox 2842 1577 3161 1646; x_wconf 77' lang='grc' dir='ltr'>ὲκτμηοεὶς,</span> <span class='ocrx_word' id='word_1_190' title='bbox 3198 1577 3276 1646; x_wconf 82' lang='grc' dir='ltr'>τῷ</span> <span class='ocrx_word' id='word_1_191' title='bbox 3307 1578 3400 1630; x_wconf 82' lang='grc' dir='ltr'><strong>τοῦ</strong></span> <span class='ocrx_word' id='word_1_192' title='bbox 3429 1582 3729 1648; x_wconf 80' lang='grc' dir='ltr'>μαρτυρίου</span> 
     </span>
    </p>
   </div>
   <div class='ocr_carea' id='block_1_31' title="bbox 2153 1667 3729 1740">
    <p class='ocr_par' dir='ltr' id='par_1_31' title="bbox 2153 1667 3729 1740">
     <span class='ocr_line' id='line_1_31' title="bbox 2153 1667 3729 1740; baseline 0.001 -20"><span class='ocrx_word' id='word_1_193' title='bbox 2153 1668 2407 1737; x_wconf 81' lang='grc' dir='ltr'>στεφάνῳ</span> <span class='ocrx_word' id='word_1_194' title='bbox 2444 1668 2717 1737; x_wconf 80' lang='grc' dir='ltr'>λαμπρῶς</span> <span class='ocrx_word' id='word_1_195' title='bbox 2778 1670 3150 1739; x_wconf 77' lang='grc' dir='ltr'>κατεστέφθη.</span> <span class='ocrx_word' id='word_1_196' title='bbox 3187 1667 3298 1739; x_wconf 75' lang='grc' dir='ltr'><strong>Τῆς</strong></span> <span class='ocrx_word' id='word_1_197' title='bbox 3342 1669 3386 1723; x_wconf 86' lang='grc' dir='ltr'>δ’</span> <span class='ocrx_word' id='word_1_198' title='bbox 3429 1671 3729 1740; x_wconf 76' lang='grc' dir='ltr'>Ἀντιόχου,</span> 
     </span>
    </p>
   </div>
   <div class='ocr_carea' id='block_1_32' title="bbox 2155 1759 3726 1833">
    <p class='ocr_par' dir='ltr' id='par_1_32' title="bbox 2155 1759 3726 1833">
     <span class='ocr_line' id='line_1_32' title="bbox 2155 1759 3726 1833; baseline 0.003 -23"><span class='ocrx_word' id='word_1_199' title='bbox 2155 1759 2293 1829; x_wconf 83' lang='grc' dir='ltr'>μετὰ</span> <span class='ocrx_word' id='word_1_200' title='bbox 2321 1760 2522 1813; x_wconf 85' lang='grc' dir='ltr'>Φάϐιον</span> <span class='ocrx_word' id='word_1_201' title='bbox 2552 1762 2936 1831; x_wconf 83' lang='grc' dir='ltr'>Δημητριανδς</span> <span class='ocrx_word' id='word_1_202' title='bbox 2966 1764 3061 1832; x_wconf 82' lang='grc' dir='ltr'>τῆς</span> <span class='ocrx_word' id='word_1_203' title='bbox 3104 1761 3435 1833; x_wconf 79' lang='grc' dir='ltr'>Ἐκκλησίας</span> <span class='ocrx_word' id='word_1_204' title='bbox 3462 1765 3726 1833; x_wconf 73' lang='grc' dir='ltr'>ὴγήσατο’</span> 
     </span>
    </p>
   </div>
   <div class='ocr_carea' id='block_1_33' title="bbox 2153 1850 3727 1921">
    <p class='ocr_par' dir='ltr' id='par_1_33' title="bbox 2153 1850 3727 1921">
     <span class='ocr_line' id='line_1_33' title="bbox 2153 1850 3727 1921; baseline 0.002 -18"><span class='ocrx_word' id='word_1_205' title='bbox 2153 1850 2211 1903; x_wconf 84' lang='grc' dir='ltr'>ὂν</span> <span class='ocrx_word' id='word_1_206' title='bbox 2269 1852 2484 1915; x_wconf 83' lang='grc' dir='ltr'>Παῦλος</span> <span class='ocrx_word' id='word_1_207' title='bbox 2541 1855 2567 1904; x_wconf 83' lang='grc' dir='ltr'><strong>δ</strong></span> <span class='ocrx_word' id='word_1_208' title='bbox 2604 1853 2960 1921; x_wconf 78' lang='grc' dir='ltr'>Σαμοσατεὺς</span> <span class='ocrx_word' id='word_1_209' title='bbox 3014 1854 3313 1918; x_wconf 79' lang='grc' dir='ltr'>διεδέξατο.</span> <span class='ocrx_word' id='word_1_210' title='bbox 3363 1853 3480 1907; x_wconf 85' lang='grc' dir='ltr'><strong>Εἶτ’</strong></span> <span class='ocrx_word' id='word_1_211' title='bbox 3522 1857 3727 1908; x_wconf 71' lang='grc' dir='ltr'>ἐκεῖνον</span> 
     </span>
    </p>
   </div>
   <div class='ocr_carea' id='block_1_34' title="bbox 462 1908 2038 2018">
    <p class='ocr_par' dir='ltr' id='par_1_34' title="bbox 462 1942 2038 2015">
     <span class='ocr_line' id='line_1_34' title="bbox 462 1942 2038 2015; baseline -0.003 -14"><span class='ocrx_word' id='word_1_212' title='bbox 462 1960 712 2015; x_wconf 80' lang='lat' dir='ltr'><strong>tempore</strong></span> <span class='ocrx_word' id='word_1_213' title='bbox 750 1944 1025 1998; x_wconf 76' lang='lat' dir='ltr'><strong>maximus</strong></span> <span class='ocrx_word' id='word_1_214' title='bbox 1067 1945 1157 1998; x_wconf 87' lang='lat' dir='ltr'><strong>ille</strong></span> <span class='ocrx_word' id='word_1_215' title='bbox 1192 1943 1459 1997; x_wconf 85' lang='lat' dir='ltr'><strong>adversus</strong></span> <span class='ocrx_word' id='word_1_216' title='bbox 1510 1942 1777 1997; x_wconf 84' lang='lat' dir='ltr'><strong>ecclesias</strong></span> <span class='ocrx_word' id='word_1_217' title='bbox 1819 1951 2038 1997; x_wconf 78' lang='lat' dir='ltr'><strong>exortus</strong></span> 
     </span>
    </p>
   </div>
   <div class='ocr_carea' id='block_1_35' title="bbox 2146 1908 3729 2018">
    <p class='ocr_par' dir='ltr' id='par_1_35' title="bbox 2154 1908 3729 2018">
     <span class='ocr_line' id='line_1_35' title="bbox 2154 1908 3729 2018; baseline 0.002 -21"><span class='ocrx_word' id='word_1_218' title='bbox 2154 1908 2505 2011; x_wconf 73' lang='grc' dir='ltr'>ὲξελαθέντά,</span> <span class='ocrx_word' id='word_1_219' title='bbox 2548 1908 2759 2014; x_wconf 73' lang='grc' dir='ltr'>Δόμνος</span> <span class='ocrx_word' id='word_1_220' title='bbox 2803 1949 2831 1999; x_wconf 86' lang='grc' dir='ltr'>ὁ</span> <span class='ocrx_word' id='word_1_221' title='bbox 2874 1908 2968 1999; x_wconf 86' lang='grc' dir='ltr'><strong>τοῦ</strong></span> <span class='ocrx_word' id='word_1_222' title='bbox 3024 1908 3406 2018; x_wconf 32' lang='grc' dir='ltr'>Δημηψτριανοῦ</span> <span class='ocrx_word' id='word_1_223' title='bbox 3454 1949 3582 2009; x_wconf 84' lang='grc' dir='ltr'>παῖς</span> <span class='ocrx_word' id='word_1_224' title='bbox 3631 1947 3729 2017; x_wconf 84' lang='grc' dir='ltr'><strong>τὴν</strong></span> 
     </span>
    </p>
   </div>
   <div class='ocr_carea' id='block_1_36' title="bbox 461 2034 2042 2108">
    <p class='ocr_par' dir='ltr' id='par_1_36' title="bbox 461 2034 2042 2108">
     <span class='ocr_line' id='line_1_36' title="bbox 461 2034 2042 2108; baseline -0.004 -14"><span class='ocrx_word' id='word_1_225' title='bbox 461 2050 546 2094; x_wconf 78' lang='lat' dir='ltr'><strong>cst</strong></span> <span class='ocrx_word' id='word_1_226' title='bbox 576 2050 776 2093; x_wconf 89' lang='lat' dir='ltr'><strong>motus.</strong></span> <span class='ocrx_word' id='word_1_227' title='bbox 811 2038 1206 2108; x_wconf 83' lang='lat' dir='ltr'><strong>Hierosolymis</strong></span> <span class='ocrx_word' id='word_1_228' title='bbox 1240 2045 1422 2090; x_wconf 84' lang='lat' dir='ltr'><strong>autem</strong></span> <span class='ocrx_word' id='word_1_229' title='bbox 1453 2035 1505 2088; x_wconf 91' lang='lat' dir='ltr'><strong>in</strong></span> <span class='ocrx_word' id='word_1_230' title='bbox 1533 2034 1787 2089; x_wconf 86' lang='lat' dir='ltr'><strong>Ecclesia</strong></span> <span class='ocrx_word' id='word_1_231' title='bbox 1825 2049 2042 2089; x_wconf 89' lang='lat' dir='ltr'><strong>sacram</strong></span> 
     </span>
    </p>
   </div>
   <div class='ocr_carea' id='block_1_37' title="bbox 464 2127 2043 2201">
    <p class='ocr_par' dir='ltr' id='par_1_37' title="bbox 464 2127 2043 2201">
     <span class='ocr_line' id='line_1_37' title="bbox 464 2127 2043 2201; baseline -0.003 -16"><span class='ocrx_word' id='word_1_232' title='bbox 464 2132 803 2186; x_wconf 65' lang='lat' dir='ltr'><strong>{unctionem</strong></span> <span class='ocrx_word' id='word_1_233' title='bbox 836 2141 962 2201; x_wconf 89' lang='lat' dir='ltr'><strong>post</strong></span> <span class='ocrx_word' id='word_1_234' title='bbox 994 2129 1346 2199; x_wconf 68' lang='lat' dir='ltr'><strong>Hymenaeum</strong></span> <span class='ocrx_word' id='word_1_235' title='bbox 1378 2128 1593 2180; x_wconf 87' lang='lat' dir='ltr'><strong>Zabdas</strong></span> <span class='ocrx_word' id='word_1_236' title='bbox 1628 2127 1701 2196; x_wconf 76' lang='grc' dir='ltr'><strong>(ί)</strong></span> <span class='ocrx_word' id='word_1_237' title='bbox 1737 2127 1876 2180; x_wconf 85' lang='lat' dir='ltr'><strong>obiit</strong></span> <span class='ocrx_word' id='word_1_238' title='bbox 1903 2144 1916 2179; x_wconf 89' lang='lat'><strong>:</strong></span> <span class='ocrx_word' id='word_1_239' title='bbox 1949 2128 2043 2197; x_wconf 91' lang='lat' dir='ltr'><strong>qui</strong></span> 
     </span>
    </p>
   </div>
   <div class='ocr_carea' id='block_1_38' title="bbox 456 2219 2047 2294">
    <p class='ocr_par' dir='ltr' id='par_1_38' title="bbox 456 2219 2047 2294">
     <span class='ocr_line' id='line_1_38' title="bbox 456 2219 2047 2294; baseline -0.002 -17"><span class='ocrx_word' id='word_1_240' title='bbox 456 2225 682 2294; x_wconf 85' lang='lat' dir='ltr'><strong>quidem</strong></span> <span class='ocrx_word' id='word_1_241' title='bbox 731 2233 853 2293; x_wconf 69' lang='lat' dir='ltr'><strong>post</strong></span> <span class='ocrx_word' id='word_1_242' title='bbox 896 2237 1072 2275; x_wconf 86' lang='lat' dir='ltr'><strong>annos</strong></span> <span class='ocrx_word' id='word_1_243' title='bbox 1115 2221 1339 2289; x_wconf 73' lang='lat' dir='ltr'><strong>plures,</strong></span> <span class='ocrx_word' id='word_1_244' title='bbox 1389 2236 1587 2272; x_wconf 85' lang='lat' dir='ltr'><strong>somno</strong></span> <span class='ocrx_word' id='word_1_245' title='bbox 1633 2234 1699 2272; x_wconf 92' lang='lat' dir='ltr'><strong>eo</strong></span> <span class='ocrx_word' id='word_1_246' title='bbox 1732 2219 1824 2287; x_wconf 91' lang='lat' dir='ltr'><strong>qui</strong></span> <span class='ocrx_word' id='word_1_247' title='bbox 1862 2219 2047 2289; x_wconf 86' lang='lat' dir='ltr'><strong>justos</strong></span> 
     </span>
    </p>
   </div>
   <div class='ocr_carea' id='block_1_39' title="bbox 454 2311 2042 2380">
    <p class='ocr_par' dir='ltr' id='par_1_39' title="bbox 454 2311 2042 2380">
     <span class='ocr_line' id='line_1_39' title="bbox 454 2311 2042 2380; baseline -0.004 -9"><span class='ocrx_word' id='word_1_248' title='bbox 454 2320 615 2371; x_wconf 82' lang='lat' dir='ltr'><strong>decet</strong></span> <span class='ocrx_word' id='word_1_249' title='bbox 638 2315 1003 2376; x_wconf 81' lang='lat' dir='ltr'><strong>obdormivit,</strong></span> <span class='ocrx_word' id='word_1_250' title='bbox 1020 2325 1074 2365; x_wconf 90' lang='lat' dir='ltr'><strong>et</strong></span> <span class='ocrx_word' id='word_1_251' title='bbox 1095 2311 1357 2366; x_wconf 65' lang='lat' dir='ltr'><strong>Ecclesiae</strong></span> <span class='ocrx_word' id='word_1_252' title='bbox 1380 2311 1595 2365; x_wconf 89' lang='lat' dir='ltr'><strong>clavum</strong></span> <span class='ocrx_word' id='word_1_253' title='bbox 1620 2312 2042 2380; x_wconf 82' lang='lat' dir='ltr'><strong>gubernandum</strong></span> 
     </span>
    </p>
   </div>
   <div class='ocr_carea' id='block_1_40' title="bbox 456 2405 2037 2477">
    <p class='ocr_par' dir='ltr' id='par_1_40' title="bbox 456 2405 2037 2477">
     <span class='ocr_line' id='line_1_40' title="bbox 456 2405 2037 2477; baseline -0.005 -12"><span class='ocrx_word' id='word_1_254' title='bbox 456 2414 521 2466; x_wconf 85' lang='lat' dir='ltr'><strong>ad</strong></span> <span class='ocrx_word' id='word_1_255' title='bbox 551 2410 884 2465; x_wconf 84' lang='lat' dir='ltr'><strong>Hermonem</strong></span> <span class='ocrx_word' id='word_1_256' title='bbox 914 2408 989 2477; x_wconf 71' lang='grc'><strong>(2)</strong></span> <span class='ocrx_word' id='word_1_257' title='bbox 1029 2406 1336 2461; x_wconf 76' lang='lat' dir='ltr'><strong>transmisit</strong></span> <span class='ocrx_word' id='word_1_258' title='bbox 1366 2426 1377 2458; x_wconf 91' lang='lat'>:</span> <span class='ocrx_word' id='word_1_259' title='bbox 1418 2415 1585 2476; x_wconf 87' lang='lat' dir='ltr'><strong>atque</strong></span> <span class='ocrx_word' id='word_1_260' title='bbox 1617 2406 1708 2461; x_wconf 85' lang='lat' dir='ltr'><strong>hic</strong></span> <span class='ocrx_word' id='word_1_261' title='bbox 1748 2405 2037 2459; x_wconf 76' lang='lat' dir='ltr'><strong>ecclesiam</strong></span> 
     </span>
    </p>
   </div>
   <div class='ocr_carea' id='block_1_41' title="bbox 454 2500 2044 2572">
    <p class='ocr_par' dir='ltr' id='par_1_41' title="bbox 454 2500 2044 2572">
     <span class='ocr_line' id='line_1_41' title="bbox 454 2500 2044 2572; baseline -0.007 -10"><span class='ocrx_word' id='word_1_262' title='bbox 454 2523 597 2572; x_wconf 83' lang='lat' dir='ltr'><strong>eam,</strong></span> <span class='ocrx_word' id='word_1_263' title='bbox 630 2508 737 2560; x_wconf 71' lang='lat' dir='ltr'><strong>vita</strong></span> <span class='ocrx_word' id='word_1_264' title='bbox 778 2508 829 2558; x_wconf 87' lang='lat' dir='ltr'><strong>in</strong></span> <span class='ocrx_word' id='word_1_265' title='bbox 871 2520 1049 2558; x_wconf 87' lang='lat' dir='ltr'><strong>annos</strong></span> <span class='ocrx_word' id='word_1_266' title='bbox 1091 2501 1296 2556; x_wconf 90' lang='lat' dir='ltr'><strong>multos</strong></span> <span class='ocrx_word' id='word_1_267' title='bbox 1331 2500 1623 2569; x_wconf 84' lang='lat' dir='ltr'><strong>producta,</strong></span> <span class='ocrx_word' id='word_1_268' title='bbox 1656 2500 1875 2570; x_wconf 78' lang='lat' dir='ltr'><strong>egregie</strong></span> <span class='ocrx_word' id='word_1_269' title='bbox 1909 2512 2044 2568; x_wconf 88' lang='lat' dir='ltr'><strong>apo-</strong></span> 
     </span>
    </p>
   </div>
   <div class='ocr_carea' id='block_1_42' title="bbox 455 2592 2037 2662">
    <p class='ocr_par' dir='ltr' id='par_1_42' title="bbox 455 2592 2037 2662">
     <span class='ocr_line' id='line_1_42' title="bbox 455 2592 2037 2662; baseline -0.007 -8"><span class='ocrx_word' id='word_1_270' title='bbox 455 2600 705 2654; x_wconf 90' lang='lat' dir='ltr'><strong>stolicam</strong></span> <span class='ocrx_word' id='word_1_271' title='bbox 755 2599 918 2651; x_wconf 80' lang='lat' dir='ltr'><strong>Iidem</strong></span> <span class='ocrx_word' id='word_1_272' title='bbox 972 2605 1213 2660; x_wconf 87' lang='lat' dir='ltr'><strong>tutatus,</strong></span> <span class='ocrx_word' id='word_1_273' title='bbox 1255 2608 1430 2662; x_wconf 89' lang='lat' dir='ltr'><strong>usque</strong></span> <span class='ocrx_word' id='word_1_274' title='bbox 1470 2593 1535 2647; x_wconf 83' lang='lat' dir='ltr'><strong>ad</strong></span> <span class='ocrx_word' id='word_1_275' title='bbox 1587 2592 2037 2662; x_wconf 77' lang='lat' dir='ltr'><strong>persecutionem</strong></span> 
     </span>
    </p>
   </div>
   <div class='ocr_carea' id='block_1_43' title="bbox 452 2686 2035 2757">
    <p class='ocr_par' dir='ltr' id='par_1_43' title="bbox 452 2686 2035 2757">
     <span class='ocr_line' id='line_1_43' title="bbox 452 2686 2035 2757; baseline -0.005 -10"><span class='ocrx_word' id='word_1_276' title='bbox 452 2694 879 2747; x_wconf 65' lang='lat' dir='ltr'><strong>administraxit.</strong></span> <span class='ocrx_word' id='word_1_277' title='bbox 905 2690 945 2744; x_wconf 87' lang='lat' dir='ltr'><strong>Ii</strong></span> <span class='ocrx_word' id='word_1_278' title='bbox 981 2700 1109 2744; x_wconf 88' lang='lat' dir='ltr'><strong>sunt</strong></span> <span class='ocrx_word' id='word_1_279' title='bbox 1132 2689 1225 2757; x_wconf 85' lang='lat' dir='ltr'><strong>qui</strong></span> <span class='ocrx_word' id='word_1_280' title='bbox 1254 2703 1429 2756; x_wconf 90' lang='lat' dir='ltr'><strong>usque</strong></span> <span class='ocrx_word' id='word_1_281' title='bbox 1464 2687 1529 2741; x_wconf 83' lang='lat' dir='ltr'><strong>ad</strong></span> <span class='ocrx_word' id='word_1_282' title='bbox 1562 2687 1851 2740; x_wconf 79' lang='lat' dir='ltr'><strong>maximam</strong></span> <span class='ocrx_word' id='word_1_283' title='bbox 1884 2686 2035 2740; x_wconf 87' lang='lat' dir='ltr'><strong>illam</strong></span> 
     </span>
    </p>
   </div>
   <div class='ocr_carea' id='block_1_44' title="bbox 455 2780 2037 2851">
    <p class='ocr_par' dir='ltr' id='par_1_44' title="bbox 455 2780 2037 2851">
     <span class='ocr_line' id='line_1_44' title="bbox 455 2780 2037 2851; baseline -0.004 -11"><span class='ocrx_word' id='word_1_284' title='bbox 455 2784 779 2841; x_wconf 85' lang='lat' dir='ltr'><strong>Diocletiani</strong></span> <span class='ocrx_word' id='word_1_285' title='bbox 837 2795 891 2840; x_wconf 87' lang='lat' dir='ltr'><strong>et</strong></span> <span class='ocrx_word' id='word_1_286' title='bbox 944 2782 1263 2837; x_wconf 74' lang='lat' dir='ltr'><strong>Maximiani</strong></span> <span class='ocrx_word' id='word_1_287' title='bbox 1323 2781 1812 2851; x_wconf 88' lang='lat' dir='ltr'><strong>persecutionem,</strong></span> <span class='ocrx_word' id='word_1_288' title='bbox 1873 2780 2037 2848; x_wconf 88' lang='lat' dir='ltr'><strong>primi</strong></span> 
     </span>
    </p>
   </div>
   <div class='ocr_carea' id='block_1_45' title="bbox 450 2871 2038 2943">
    <p class='ocr_par' dir='ltr' id='par_1_45' title="bbox 450 2871 2038 2943">
     <span class='ocr_line' id='line_1_45' title="bbox 450 2871 2038 2943; baseline -0.004 -10"><span class='ocrx_word' id='word_1_289' title='bbox 450 2878 693 2933; x_wconf 86' lang='lat' dir='ltr'><strong>nominis</strong></span> <span class='ocrx_word' id='word_1_290' title='bbox 728 2876 994 2932; x_wconf 79' lang='lat' dir='ltr'><strong>ecclesias</strong></span> <span class='ocrx_word' id='word_1_291' title='bbox 1031 2876 1224 2929; x_wconf 84' lang='lat' dir='ltr'><strong>ordine</strong></span> <span class='ocrx_word' id='word_1_292' title='bbox 1260 2889 1359 2943; x_wconf 90' lang='lat' dir='ltr'><strong>per</strong></span> <span class='ocrx_word' id='word_1_293' title='bbox 1400 2873 1786 2928; x_wconf 83' lang='lat' dir='ltr'><strong>successiones</strong></span> <span class='ocrx_word' id='word_1_294' title='bbox 1832 2871 2038 2942; x_wconf 81' lang='lat' dir='ltr'><strong>guber-</strong></span> 
     </span>
    </p>
   </div>
   <div class='ocr_carea' id='block_1_46' title="bbox 449 2980 677 3026">
    <p class='ocr_par' dir='ltr' id='par_1_46' title="bbox 449 2980 677 3026">
     <span class='ocr_line' id='line_1_46' title="bbox 449 2980 677 3026; baseline -0.004 0"><span class='ocrx_word' id='word_1_295' title='bbox 449 2980 677 3026; x_wconf 84' lang='lat' dir='ltr'><strong>narunt.</strong></span> 
     </span>
    </p>
   </div>
   <div class='ocr_carea' id='block_1_47' title="bbox 2153 2042 3728 2113">
    <p class='ocr_par' dir='ltr' id='par_1_47' title="bbox 2153 2042 3728 2113">
     <span class='ocr_line' id='line_1_47' title="bbox 2153 2042 3728 2113; baseline 0 -19"><span class='ocrx_word' id='word_1_296' title='bbox 2153 2042 2500 2113; x_wconf 83' lang='grc' dir='ltr'>λειτουργίαν</span> <span class='ocrx_word' id='word_1_297' title='bbox 2533 2042 2835 2112; x_wconf 82' lang='grc' dir='ltr'>ἐλάμϐανε.</span> <span class='ocrx_word' id='word_1_298' title='bbox 2871 2044 2975 2095; x_wconf 80' lang='grc' dir='ltr'>Τὸν</span> <span class='ocrx_word' id='word_1_299' title='bbox 3004 2043 3060 2095; x_wconf 79' lang='grc' dir='ltr'>δὲ</span> <span class='ocrx_word' id='word_1_300' title='bbox 3087 2043 3151 2112; x_wconf 80' lang='grc' dir='ltr'>δὴ</span> <span class='ocrx_word' id='word_1_301' title='bbox 3178 2045 3387 2111; x_wconf 84' lang='grc' dir='ltr'>Δόμνον</span> <span class='ocrx_word' id='word_1_302' title='bbox 3419 2043 3605 2095; x_wconf 85' lang='grc' dir='ltr'>τοῦτον</span> <span class='ocrx_word' id='word_1_303' title='bbox 3631 2043 3728 2095; x_wconf 85' lang='grc' dir='ltr'><strong>Τί-</strong></span> 
     </span>
    </p>
   </div>
   <div class='ocr_carea' id='block_1_48' title="bbox 2154 2134 3727 2206">
    <p class='ocr_par' dir='ltr' id='par_1_48' title="bbox 2154 2134 3727 2206">
     <span class='ocr_line' id='line_1_48' title="bbox 2154 2134 3727 2206; baseline 0 -19"><span class='ocrx_word' id='word_1_304' title='bbox 2154 2151 2318 2205; x_wconf 88' lang='grc' dir='ltr'>μαιος</span> <span class='ocrx_word' id='word_1_305' title='bbox 2345 2134 2632 2205; x_wconf 83' lang='grc' dir='ltr'>διεδέχετο.</span> <span class='ocrx_word' id='word_1_306' title='bbox 2666 2136 2823 2189; x_wconf 78' lang='grc' dir='ltr'>Μετὰ</span> <span class='ocrx_word' id='word_1_307' title='bbox 2864 2136 2920 2188; x_wconf 76' lang='grc' dir='ltr'>δὲ</span> <span class='ocrx_word' id='word_1_308' title='bbox 2953 2135 3145 2188; x_wconf 87' lang='grc' dir='ltr'>τοῦτον</span> <span class='ocrx_word' id='word_1_309' title='bbox 3176 2136 3444 2206; x_wconf 82' lang='grc' dir='ltr'>Κύριλλος</span> <span class='ocrx_word' id='word_1_310' title='bbox 3477 2136 3599 2197; x_wconf 80' lang='grc' dir='ltr'>τοὺς</span> <span class='ocrx_word' id='word_1_311' title='bbox 3648 2136 3727 2187; x_wconf 76' lang='lat' dir='ltr'><strong>is-</strong></span> 
     </span>
    </p>
   </div>
   <div class='ocr_carea' id='block_1_49' title="bbox 2150 2227 3725 2299">
    <p class='ocr_par' dir='ltr' id='par_1_49' title="bbox 2150 2227 3725 2299">
     <span class='ocr_line' id='line_1_49' title="bbox 2150 2227 3725 2299; baseline -0.001 -20"><span class='ocrx_word' id='word_1_312' title='bbox 2150 2230 2279 2296; x_wconf 74' lang='grc' dir='ltr'>ρους</span> <span class='ocrx_word' id='word_1_313' title='bbox 2314 2228 2413 2298; x_wconf 81' lang='grc' dir='ltr'>τῆς</span> <span class='ocrx_word' id='word_1_314' title='bbox 2451 2228 2794 2299; x_wconf 82' lang='grc' dir='ltr'>Ἀντιοχείας</span> <span class='ocrx_word' id='word_1_315' title='bbox 2821 2228 3182 2298; x_wconf 79' lang='grc' dir='ltr'>διεχειρίζετο</span> <span class='ocrx_word' id='word_1_316' title='bbox 3205 2232 3421 2292; x_wconf 83' lang='grc' dir='ltr'>οἴακας.</span> <span class='ocrx_word' id='word_1_317' title='bbox 3458 2227 3725 2297; x_wconf 81' lang='grc' dir='ltr'>Κυρίλλου</span> 
     </span>
    </p>
   </div>
   <div class='ocr_carea' id='block_1_50' title="bbox 2144 2318 3724 2391">
    <p class='ocr_par' dir='ltr' id='par_1_50' title="bbox 2144 2318 3724 2391">
     <span class='ocr_line' id='line_1_50' title="bbox 2144 2318 3724 2391; baseline 0 -19"><span class='ocrx_word' id='word_1_318' title='bbox 2144 2319 2201 2372; x_wconf 83' lang='grc' dir='ltr'>δὲ</span> <span class='ocrx_word' id='word_1_319' title='bbox 2227 2318 2327 2389; x_wconf 82' lang='grc' dir='ltr'>τὴν</span> <span class='ocrx_word' id='word_1_320' title='bbox 2356 2321 2668 2390; x_wconf 75' lang='grc' dir='ltr'>ἐπισκοπὴν</span> <span class='ocrx_word' id='word_1_321' title='bbox 2711 2322 2854 2390; x_wconf 87' lang='grc' dir='ltr'>μετὰ</span> <span class='ocrx_word' id='word_1_322' title='bbox 2880 2321 3057 2375; x_wconf 84' lang='grc' dir='ltr'>ταῦτα</span> <span class='ocrx_word' id='word_1_323' title='bbox 3087 2321 3362 2391; x_wconf 79' lang='grc' dir='ltr'>Τύραννος</span> <span class='ocrx_word' id='word_1_324' title='bbox 3390 2321 3689 2390; x_wconf 77' lang='grc' dir='ltr'>ἐκληροῦτο</span> <span class='ocrx_word' id='word_1_325' title='bbox 3710 2337 3724 2352; x_wconf 71' lang='grc' dir='ltr'><strong>ι</strong></span> 
     </span>
    </p>
   </div>
   <div class='ocr_carea' id='block_1_51' title="bbox 2140 2409 3724 2482">
    <p class='ocr_par' dir='ltr' id='par_1_51' title="bbox 2140 2409 3724 2482">
     <span class='ocr_line' id='line_1_51' title="bbox 2140 2409 3724 2482; baseline 0.003 -20"><span class='ocrx_word' id='word_1_326' title='bbox 2140 2410 2266 2463; x_wconf 78' lang='grc' dir='ltr'>καθ’</span> <span class='ocrx_word' id='word_1_327' title='bbox 2295 2409 2352 2462; x_wconf 69' lang='grc' dir='ltr'>δι</span> <span class='ocrx_word' id='word_1_328' title='bbox 2376 2414 2404 2464; x_wconf 89' lang='grc' dir='ltr'>ὁ</span> <span class='ocrx_word' id='word_1_329' title='bbox 2431 2412 2599 2472; x_wconf 78' lang='grc' dir='ltr'>πολὺς</span> <span class='ocrx_word' id='word_1_330' title='bbox 2624 2412 2732 2464; x_wconf 87' lang='grc' dir='ltr'><strong>τῶν</strong></span> <span class='ocrx_word' id='word_1_331' title='bbox 2755 2412 3064 2481; x_wconf 78' lang='grc' dir='ltr'>ἐκκλησιῶν</span> <span class='ocrx_word' id='word_1_332' title='bbox 3089 2413 3329 2482; x_wconf 66' lang='grc' dir='ltr'>διωγμὶς</span> <span class='ocrx_word' id='word_1_333' title='bbox 3350 2414 3724 2481; x_wconf 78' lang='grc' dir='ltr'>άνερῤίπιστο.</span> 
     </span>
    </p>
   </div>
   <div class='ocr_carea' id='block_1_52' title="bbox 2140 2503 3729 2576">
    <p class='ocr_par' dir='ltr' id='par_1_52' title="bbox 2140 2503 3729 2576">
     <span class='ocr_line' id='line_1_52' title="bbox 2140 2503 3729 2576; baseline 0 -21"><span class='ocrx_word' id='word_1_334' title='bbox 2140 2504 2252 2573; x_wconf 85' lang='grc' dir='ltr'><strong>Τῆς</strong></span> <span class='ocrx_word' id='word_1_335' title='bbox 2278 2504 2325 2555; x_wconf 78' lang='grc' dir='ltr'>δ’</span> <span class='ocrx_word' id='word_1_336' title='bbox 2354 2504 2691 2574; x_wconf 79' lang='grc' dir='ltr'>ὲνἹεροσολύ</span> <span class='ocrx_word' id='word_1_337' title='bbox 2704 2523 2829 2574; x_wconf 87' lang='grc' dir='ltr'>μοις</span> <span class='ocrx_word' id='word_1_338' title='bbox 2850 2507 3177 2576; x_wconf 80' lang='grc' dir='ltr'>Ἑκκλησίας</span> <span class='ocrx_word' id='word_1_339' title='bbox 3212 2508 3240 2558; x_wconf 84' lang='grc' dir='ltr'>ὁ</span> <span class='ocrx_word' id='word_1_340' title='bbox 3275 2506 3413 2574; x_wconf 77' lang='grc' dir='ltr'>μετὰ</span> <span class='ocrx_word' id='word_1_341' title='bbox 3439 2503 3729 2574; x_wconf 78' lang='grc' dir='ltr'>Ὑμέναιον</span> 
     </span>
    </p>
   </div>
   <div class='ocr_carea' id='block_1_53' title="bbox 2146 2596 3729 2671">
    <p class='ocr_par' dir='ltr' id='par_1_53' title="bbox 2146 2596 3729 2671">
     <span class='ocr_line' id='line_1_53' title="bbox 2146 2596 3729 2671; baseline -0.003 -18"><span class='ocrx_word' id='word_1_342' title='bbox 2146 2598 2355 2661; x_wconf 82' lang='grc' dir='ltr'>Ζαϐδᾶς</span> <span class='ocrx_word' id='word_1_343' title='bbox 2387 2599 2489 2667; x_wconf 80' lang='grc' dir='ltr'>τὴν</span> <span class='ocrx_word' id='word_1_344' title='bbox 2526 2600 2830 2669; x_wconf 80' lang='grc' dir='ltr'>ἱερωσύνην</span> <span class='ocrx_word' id='word_1_345' title='bbox 2890 2601 3151 2664; x_wconf 84' lang='grc' dir='ltr'>οἰακίζων</span> <span class='ocrx_word' id='word_1_346' title='bbox 3210 2596 3297 2671; x_wconf 75' lang='grc' dir='ltr'>ἦν.</span> <span class='ocrx_word' id='word_1_347' title='bbox 3335 2600 3538 2653; x_wconf 78' lang='grc' dir='ltr'>Τούτου</span> <span class='ocrx_word' id='word_1_348' title='bbox 3566 2598 3610 2650; x_wconf 81' lang='grc' dir='ltr'>δ’</span> <span class='ocrx_word' id='word_1_349' title='bbox 3635 2599 3729 2650; x_wconf 72' lang='grc' dir='ltr'>ἐπὶ</span> 
     </span>
    </p>
   </div>
   <div class='ocr_carea' id='block_1_54' title="bbox 2146 2686 3731 2758">
    <p class='ocr_par' dir='ltr' id='par_1_54' title="bbox 2146 2686 3731 2758">
     <span class='ocr_line' id='line_1_54' title="bbox 2146 2686 3731 2758; baseline -0.003 -19"><span class='ocrx_word' id='word_1_350' title='bbox 2146 2688 2362 2758; x_wconf 81' lang='grc' dir='ltr'>χρόνοις</span> <span class='ocrx_word' id='word_1_351' title='bbox 2392 2691 2506 2742; x_wconf 80' lang='grc' dir='ltr'>τισὶ</span> <span class='ocrx_word' id='word_1_352' title='bbox 2530 2688 2621 2740; x_wconf 74' lang='grc' dir='ltr'><strong>τον</strong></span> <span class='ocrx_word' id='word_1_353' title='bbox 2655 2688 2935 2758; x_wconf 80' lang='grc' dir='ltr'>πρέποντα</span> <span class='ocrx_word' id='word_1_354' title='bbox 2962 2688 3191 2749; x_wconf 82' lang='grc' dir='ltr'>δικαίοις</span> <span class='ocrx_word' id='word_1_355' title='bbox 3220 2686 3387 2741; x_wconf 79' lang='grc' dir='ltr'>’ύπνον</span> <span class='ocrx_word' id='word_1_356' title='bbox 3413 2688 3731 2740; x_wconf 82' lang='grc' dir='ltr'>ἀναπαυσα-</span> 
     </span>
    </p>
   </div>
   <div class='ocr_carea' id='block_1_55' title="bbox 2151 2778 3726 2852">
    <p class='ocr_par' dir='ltr' id='par_1_55' title="bbox 2151 2778 3726 2852">
     <span class='ocr_line' id='line_1_55' title="bbox 2151 2778 3726 2852; baseline -0.003 -20"><span class='ocrx_word' id='word_1_357' title='bbox 2151 2783 2341 2849; x_wconf 88' lang='grc' dir='ltr'>μένου,</span> <span class='ocrx_word' id='word_1_358' title='bbox 2377 2780 2610 2850; x_wconf 83' lang='grc' dir='ltr'>Ἕρμων</span> <span class='ocrx_word' id='word_1_359' title='bbox 2656 2779 3013 2833; x_wconf 77' lang='grc' dir='ltr'>ὲπιπλείστον</span> <span class='ocrx_word' id='word_1_360' title='bbox 3047 2784 3115 2850; x_wconf 82' lang='grc' dir='ltr'>τῇ</span> <span class='ocrx_word' id='word_1_361' title='bbox 3162 2781 3259 2849; x_wconf 75' lang='grc' dir='ltr'><strong>τῆς</strong></span> <span class='ocrx_word' id='word_1_362' title='bbox 3294 2778 3590 2852; x_wconf 75' lang='grc' dir='ltr'>ἱερωσύνης</span> <span class='ocrx_word' id='word_1_363' title='bbox 3616 2780 3726 2829; x_wconf 75' lang='grc' dir='ltr'>λει-</span> 
     </span>
    </p>
   </div>
   <div class='ocr_carea' id='block_1_56' title="bbox 2149 2868 3724 2944">
    <p class='ocr_par' dir='ltr' id='par_1_56' title="bbox 2149 2868 3724 2944">
     <span class='ocr_line' id='line_1_56' title="bbox 2149 2868 3724 2944; baseline -0.003 -19"><span class='ocrx_word' id='word_1_364' title='bbox 2149 2871 2385 2944; x_wconf 77' lang='grc' dir='ltr'>τουργίᾳ</span> <span class='ocrx_word' id='word_1_365' title='bbox 2416 2872 2929 2942; x_wconf 87' lang='grc' dir='ltr'>παραμεμενηκὼς,</span> <span class='ocrx_word' id='word_1_366' title='bbox 2960 2874 3089 2942; x_wconf 82' lang='grc' dir='ltr'>ἄχρι</span> <span class='ocrx_word' id='word_1_367' title='bbox 3123 2874 3185 2938; x_wconf 76' lang='grc' dir='ltr'>δὴ</span> <span class='ocrx_word' id='word_1_368' title='bbox 3219 2872 3314 2925; x_wconf 85' lang='grc' dir='ltr'>καὶ</span> <span class='ocrx_word' id='word_1_369' title='bbox 3350 2873 3443 2924; x_wconf 86' lang='grc' dir='ltr'><strong>τοῦ</strong></span> <span class='ocrx_word' id='word_1_370' title='bbox 3485 2868 3724 2939; x_wconf 77' lang='grc' dir='ltr'>διωγμοῦ</span> 
     </span>
    </p>
   </div>
   <div class='ocr_carea' id='block_1_57' title="bbox 2146 2964 3719 3033">
    <p class='ocr_par' dir='ltr' id='par_1_57' title="bbox 2146 2964 3719 3033">
     <span class='ocr_line' id='line_1_57' title="bbox 2146 2964 3719 3033; baseline -0.001 -17"><span class='ocrx_word' id='word_1_371' title='bbox 2146 2964 2238 3017; x_wconf 85' lang='grc' dir='ltr'><strong>τὸν</strong></span> <span class='ocrx_word' id='word_1_372' title='bbox 2292 2964 2655 3020; x_wconf 82' lang='grc' dir='ltr'>άποστολικὸν</span> <span class='ocrx_word' id='word_1_373' title='bbox 2702 2966 2885 3019; x_wconf 76' lang='grc' dir='ltr'>ἐκεῖσε</span> <span class='ocrx_word' id='word_1_374' title='bbox 2935 2965 3062 3031; x_wconf 81' lang='grc' dir='ltr'>ὅρον</span> <span class='ocrx_word' id='word_1_375' title='bbox 3106 2964 3345 3031; x_wconf 69' lang='grc' dir='ltr'>εὐγενῶς</span> <span class='ocrx_word' id='word_1_376' title='bbox 3383 2964 3719 3033; x_wconf 61' lang='grc' dir='ltr'>διετήρησεν.</span> 
     </span>
    </p>
   </div>
   <div class='ocr_carea' id='block_1_58' title="bbox 451 3060 3728 3137">
    <p class='ocr_par' dir='ltr' id='par_1_58' title="bbox 451 3060 3728 3137">
     <span class='ocr_line' id='line_1_58' title="bbox 451 3060 3728 3137; baseline -0.002 -17"><span class='ocrx_word' id='word_1_377' title='bbox 451 3062 613 3121; x_wconf 73' lang='grc' dir='ltr'>Οὗτοι</span> <span class='ocrx_word' id='word_1_378' title='bbox 650 3070 749 3137; x_wconf 85' lang='grc' dir='ltr'>μὲν</span> <span class='ocrx_word' id='word_1_379' title='bbox 797 3063 890 3120; x_wconf 83' lang='grc' dir='ltr'><strong>οῦν</strong></span> <span class='ocrx_word' id='word_1_380' title='bbox 930 3065 1026 3120; x_wconf 77' lang='grc' dir='ltr'><strong>ἐπὶ</strong></span> <span class='ocrx_word' id='word_1_381' title='bbox 1066 3063 1175 3116; x_wconf 90' lang='grc' dir='ltr'><strong>τῶν</strong></span> <span class='ocrx_word' id='word_1_382' title='bbox 1214 3062 1467 3132; x_wconf 76' lang='grc' dir='ltr'>μεγάλων</span> <span class='ocrx_word' id='word_1_383' title='bbox 1515 3061 1727 3115; x_wconf 85' lang='grc' dir='ltr'>πόλεων</span> <span class='ocrx_word' id='word_1_384' title='bbox 1771 3061 1899 3131; x_wconf 79' lang='grc' dir='ltr'>ἄχρι</span> <span class='ocrx_word' id='word_1_385' title='bbox 1942 3061 2037 3114; x_wconf 78' lang='grc' dir='ltr'>καὶ</span> <span class='ocrx_word' id='word_1_386' title='bbox 2075 3060 2169 3115; x_wconf 83' lang='grc' dir='ltr'><strong>τοῦ</strong></span> <span class='ocrx_word' id='word_1_387' title='bbox 2237 3064 2504 3132; x_wconf 84' lang='grc' dir='ltr'>μεγίστου</span> <span class='ocrx_word' id='word_1_388' title='bbox 2548 3063 2795 3135; x_wconf 87' lang='grc' dir='ltr'>διωγμοῦ</span> <span class='ocrx_word' id='word_1_389' title='bbox 2837 3064 2933 3118; x_wconf 72' lang='grc' dir='ltr'><strong>ἐπὶ</strong></span> <span class='ocrx_word' id='word_1_390' title='bbox 2995 3064 3389 3135; x_wconf 80' lang='grc' dir='ltr'>Διοκλητιανοῦ</span> <span class='ocrx_word' id='word_1_391' title='bbox 3422 3064 3515 3118; x_wconf 69' lang='grc' dir='ltr'><strong>καὶ</strong></span> <span class='ocrx_word' id='word_1_392' title='bbox 3556 3062 3728 3126; x_wconf 70' lang='grc' dir='ltr'>Μαξί-</span> 
     </span>
    </p>
   </div>
   <div class='ocr_carea' id='block_1_59' title="bbox 452 3152 2231 3234">
    <p class='ocr_par' dir='ltr' id='par_1_59' title="bbox 452 3152 2231 3234">
     <span class='ocr_line' id='line_1_59' title="bbox 452 3152 2231 3234; baseline -0.001 -17"><span class='ocrx_word' id='word_1_393' title='bbox 452 3163 647 3234; x_wconf 89' lang='grc' dir='ltr'>μιανοῦ</span> <span class='ocrx_word' id='word_1_394' title='bbox 721 3162 844 3216; x_wconf 76' lang='grc' dir='ltr'>καθ’</span> <span class='ocrx_word' id='word_1_395' title='bbox 899 3161 1092 3234; x_wconf 79' lang='grc' dir='ltr'>εἱρμὸν</span> <span class='ocrx_word' id='word_1_396' title='bbox 1156 3159 1254 3229; x_wconf 82' lang='grc' dir='ltr'><strong>τὴν</strong></span> <span class='ocrx_word' id='word_1_397' title='bbox 1312 3158 1616 3229; x_wconf 75' lang='grc' dir='ltr'>ἱερωσύνην</span> <span class='ocrx_word' id='word_1_398' title='bbox 1669 3152 1811 3212; x_wconf 60' lang='grc' dir='ltr'>ἦσαν</span> <span class='ocrx_word' id='word_1_399' title='bbox 1872 3159 2231 3226; x_wconf 81' lang='grc' dir='ltr'>κατάγοντες.</span> 
     </span>
    </p>
   </div>
   <div class='ocr_carea' id='block_1_60' title="bbox 893 3275 1588 3350">
    <p class='ocr_par' dir='ltr' id='par_1_60' title="bbox 893 3275 1588 3350">
     <span class='ocr_line' id='line_1_60' title="bbox 893 3275 1588 3350; baseline -0.006 -17"><span class='ocrx_word' id='word_1_400' title='bbox 893 3278 1057 3350; x_wconf 66' lang='grc'><strong>433</strong></span> <span class='ocrx_word' id='word_1_401' title='bbox 1098 3276 1329 3333; x_wconf 85' lang='lat' dir='ltr'><strong>CAPUT</strong></span> <span class='ocrx_word' id='word_1_402' title='bbox 1370 3275 1588 3331; x_wconf 76' lang='lat' dir='ltr'><strong>xxxv.</strong></span> 
     </span>
    </p>
   </div>
   <div class='ocr_carea' id='block_1_61' title="bbox 448 3368 2041 3446">
    <p class='ocr_par' dir='ltr' id='par_1_61' title="bbox 448 3368 2041 3446">
     <span class='ocr_line' id='line_1_61' title="bbox 448 3368 2041 3446; baseline -0.005 -15"><span class='ocrx_word' id='word_1_403' title='bbox 448 3377 524 3431; x_wconf 87' lang='lat' dir='ltr'><strong>De</strong></span> <span class='ocrx_word' id='word_1_404' title='bbox 556 3377 676 3431; x_wconf 82' lang='lat' dir='ltr'><strong>aliis</strong></span> <span class='ocrx_word' id='word_1_405' title='bbox 724 3377 835 3446; x_wconf 83' lang='lat' dir='ltr'><strong>ejus</strong></span> <span class='ocrx_word' id='word_1_406' title='bbox 866 3374 1039 3428; x_wconf 70' lang='lat' dir='ltr'><strong>(etatis</strong></span> <span class='ocrx_word' id='word_1_407' title='bbox 1077 3372 1447 3446; x_wconf 73' lang='lat' dir='ltr'><strong>ecclesiasticis</strong></span> <span class='ocrx_word' id='word_1_408' title='bbox 1491 3372 1615 3424; x_wconf 74' lang='lat' dir='ltr'><strong>viris</strong></span> <span class='ocrx_word' id='word_1_409' title='bbox 1662 3368 1958 3439; x_wconf 80' lang='lat' dir='ltr'><strong>eloquentia</strong></span> <span class='ocrx_word' id='word_1_410' title='bbox 1990 3379 2041 3425; x_wconf 73' lang='lat' dir='ltr'><strong>ct</strong></span> 
     </span>
    </p>
   </div>
   <div class='ocr_carea' id='block_1_62' title="bbox 914 3444 1597 3513">
    <p class='ocr_par' dir='ltr' id='par_1_62' title="bbox 914 3444 1597 3513">
     <span class='ocr_line' id='line_1_62' title="bbox 914 3444 1597 3513; baseline -0.001 -17"><span class='ocrx_word' id='word_1_411' title='bbox 914 3444 1162 3497; x_wconf 78' lang='lat' dir='ltr'><strong>doctrina</strong></span> <span class='ocrx_word' id='word_1_412' title='bbox 1197 3446 1597 3513; x_wconf 67' lang='lat' dir='ltr'><strong>prwatmmbus.</strong></span> 
     </span>
    </p>
   </div>
   <div class='ocr_carea' id='block_1_63' title="bbox 521 3558 2039 3629">
    <p class='ocr_par' dir='ltr' id='par_1_63' title="bbox 521 3558 2039 3629">
     <span class='ocr_line' id='line_1_63' title="bbox 521 3558 2039 3629; baseline -0.003 -13"><span class='ocrx_word' id='word_1_413' title='bbox 521 3564 656 3616; x_wconf 81' lang='lat' dir='ltr'><strong>Cum</strong></span> <span class='ocrx_word' id='word_1_414' title='bbox 692 3575 823 3614; x_wconf 91' lang='lat' dir='ltr'><strong>vero</strong></span> <span class='ocrx_word' id='word_1_415' title='bbox 865 3559 919 3612; x_wconf 92' lang='lat' dir='ltr'><strong>in</strong></span> <span class='ocrx_word' id='word_1_416' title='bbox 962 3558 1087 3613; x_wconf 91' lang='lat' dir='ltr'><strong>aliis</strong></span> <span class='ocrx_word' id='word_1_417' title='bbox 1119 3574 1341 3628; x_wconf 83' lang='lat' dir='ltr'><strong>quoque</strong></span> <span class='ocrx_word' id='word_1_418' title='bbox 1377 3559 1634 3627; x_wconf 78' lang='lat' dir='ltr'><strong>parteciis</strong></span> <span class='ocrx_word' id='word_1_419' title='bbox 1668 3559 1950 3629; x_wconf 90' lang='lat' dir='ltr'><strong>sapientes</strong></span> <span class='ocrx_word' id='word_1_420' title='bbox 1981 3568 2039 3613; x_wconf 89' lang='lat' dir='ltr'><strong>et</strong></span> 
     </span>
    </p>
   </div>
   <div class='ocr_carea' id='block_1_64' title="bbox 448 3650 2035 3724">
    <p class='ocr_par' dir='ltr' id='par_1_64' title="bbox 448 3650 2035 3724">
     <span class='ocr_line' id='line_1_64' title="bbox 448 3650 2035 3724; baseline -0.003 -15"><span class='ocrx_word' id='word_1_421' title='bbox 448 3652 784 3724; x_wconf 79' lang='lat' dir='ltr'><strong>magnanimi</strong></span> <span class='ocrx_word' id='word_1_422' title='bbox 831 3652 934 3706; x_wconf 87' lang='lat' dir='ltr'><strong>viri</strong></span> <span class='ocrx_word' id='word_1_423' title='bbox 984 3651 1220 3716; x_wconf 73' lang='lat' dir='ltr'><strong>iuerint,</strong></span> <span class='ocrx_word' id='word_1_424' title='bbox 1271 3654 1339 3705; x_wconf 89' lang='lat' dir='ltr'><strong>de</strong></span> <span class='ocrx_word' id='word_1_425' title='bbox 1382 3654 1465 3705; x_wconf 91' lang='lat' dir='ltr'><strong>eis</strong></span> <span class='ocrx_word' id='word_1_426' title='bbox 1509 3652 1673 3705; x_wconf 86' lang='lat' dir='ltr'><strong>etiam</strong></span> <span class='ocrx_word' id='word_1_427' title='bbox 1716 3666 1881 3719; x_wconf 88' lang='lat' dir='ltr'><strong>quam</strong></span> <span class='ocrx_word' id='word_1_428' title='bbox 1918 3650 2035 3705; x_wconf 81' lang='lat' dir='ltr'><strong>ﬁeri</strong></span> 
     </span>
    </p>
   </div>
   <div class='ocr_carea' id='block_1_65' title="bbox 445 3744 2038 3817">
    <p class='ocr_par' dir='ltr' id='par_1_65' title="bbox 445 3744 2038 3817">
     <span class='ocr_line' id='line_1_65' title="bbox 445 3744 2038 3817; baseline -0.001 -16"><span class='ocrx_word' id='word_1_429' title='bbox 445 3756 631 3817; x_wconf 85' lang='lat' dir='ltr'><strong>potest</strong></span> <span class='ocrx_word' id='word_1_430' title='bbox 674 3744 1008 3800; x_wconf 84' lang='lat' dir='ltr'><strong>brevissime</strong></span> <span class='ocrx_word' id='word_1_431' title='bbox 1057 3744 1328 3798; x_wconf 90' lang='lat' dir='ltr'><strong>dicamus.</strong></span> <span class='ocrx_word' id='word_1_432' title='bbox 1378 3744 1457 3798; x_wconf 82' lang='lat' dir='ltr'><strong>Ac</strong></span> <span class='ocrx_word' id='word_1_433' title='bbox 1504 3744 1886 3812; x_wconf 76' lang='lat' dir='ltr'><strong>de‘Grcgorio</strong></span> <span class='ocrx_word' id='word_1_434' title='bbox 1941 3745 2038 3800; x_wconf 90' lang='lat' dir='ltr'><strong>illo</strong></span> 
     </span>
    </p>
   </div>
   <div class='ocr_carea' id='block_1_66' title="bbox 447 3835 2034 3903">
    <p class='ocr_par' dir='ltr' id='par_1_66' title="bbox 447 3835 2034 3903">
     <span class='ocr_line' id='line_1_66' title="bbox 447 3835 2034 3903; baseline -0.001 -12"><span class='ocrx_word' id='word_1_435' title='bbox 447 3838 734 3893; x_wconf 83' lang='lat' dir='ltr'><strong>miraculis</strong></span> <span class='ocrx_word' id='word_1_436' title='bbox 782 3837 934 3890; x_wconf 87' lang='lat' dir='ltr'><strong>claro</strong></span> <span class='ocrx_word' id='word_1_437' title='bbox 960 3876 974 3898; x_wconf 90' lang='lat'><strong>,</strong></span> <span class='ocrx_word' id='word_1_438' title='bbox 1016 3847 1071 3891; x_wconf 92' lang='lat' dir='ltr'><strong>et</strong></span> <span class='ocrx_word' id='word_1_439' title='bbox 1114 3836 1185 3890; x_wconf 90' lang='lat' dir='ltr'><strong>de</strong></span> <span class='ocrx_word' id='word_1_440' title='bbox 1226 3835 1622 3901; x_wconf 73' lang='lat' dir='ltr'><strong>Athenodoro,</strong></span> <span class='ocrx_word' id='word_1_441' title='bbox 1671 3838 1794 3903; x_wconf 77' lang='lat' dir='ltr'><strong>ejus</strong></span> <span class='ocrx_word' id='word_1_442' title='bbox 1834 3835 2034 3903; x_wconf 79' lang='lat' dir='ltr'><strong>fratre;</strong></span> 
     </span>
    </p>
   </div>
   <div class='ocr_carea' id='block_1_67' title="bbox 444 3926 2037 3999">
    <p class='ocr_par' dir='ltr' id='par_1_67' title="bbox 444 3926 2037 3999">
     <span class='ocr_line' id='line_1_67' title="bbox 444 3926 2037 3999; baseline -0.001 -16"><span class='ocrx_word' id='word_1_443' title='bbox 444 3939 715 3999; x_wconf 64' lang='lat' dir='ltr'><strong>praeterea</strong></span> <span class='ocrx_word' id='word_1_444' title='bbox 741 3928 810 3982; x_wconf 91' lang='lat' dir='ltr'><strong>de</strong></span> <span class='ocrx_word' id='word_1_445' title='bbox 843 3927 1187 3990; x_wconf 87' lang='lat' dir='ltr'><strong>Firmiliano,</strong></span> <span class='ocrx_word' id='word_1_446' title='bbox 1215 3929 1309 3995; x_wconf 89' lang='lat' dir='ltr'><strong>qui</strong></span> <span class='ocrx_word' id='word_1_447' title='bbox 1335 3926 1730 3995; x_wconf 87' lang='lat' dir='ltr'><strong>Cappadocum</strong></span> <span class='ocrx_word' id='word_1_448' title='bbox 1761 3926 2037 3982; x_wconf 87' lang='lat' dir='ltr'><strong>Ecclesiis</strong></span> 
     </span>
    </p>
   </div>
   <div class='ocr_carea' id='block_1_68' title="bbox 446 4017 2039 4089">
    <p class='ocr_par' dir='ltr' id='par_1_68' title="bbox 446 4017 2039 4089">
     <span class='ocr_line' id='line_1_68' title="bbox 446 4017 2039 4089; baseline -0.001 -16"><span class='ocrx_word' id='word_1_449' title='bbox 446 4018 705 4089; x_wconf 77' lang='lat' dir='ltr'><strong>praefuit,</strong></span> <span class='ocrx_word' id='word_1_450' title='bbox 750 4029 918 4089; x_wconf 84' lang='lat' dir='ltr'><strong>atque</strong></span> <span class='ocrx_word' id='word_1_451' title='bbox 946 4021 1115 4074; x_wconf 87' lang='lat' dir='ltr'><strong>etiam</strong></span> <span class='ocrx_word' id='word_1_452' title='bbox 1147 4018 1217 4073; x_wconf 89' lang='lat' dir='ltr'><strong>de</strong></span> <span class='ocrx_word' id='word_1_453' title='bbox 1250 4018 1603 4085; x_wconf 84' lang='lat' dir='ltr'><strong>Theotecno,</strong></span> <span class='ocrx_word' id='word_1_454' title='bbox 1635 4017 1902 4073; x_wconf 65' lang='lat' dir='ltr'><strong>Czesareae</strong></span> <span class='ocrx_word' id='word_1_455' title='bbox 1933 4018 2039 4071; x_wconf 81' lang='lat' dir='ltr'><strong>Pa-</strong></span> 
     </span>
    </p>
   </div>
   <div class='ocr_carea' id='block_1_69' title="bbox 442 4110 2035 4181">
    <p class='ocr_par' dir='ltr' id='par_1_69' title="bbox 442 4110 2035 4181">
     <span class='ocr_line' id='line_1_69' title="bbox 442 4110 2035 4181; baseline 0 -16"><span class='ocrx_word' id='word_1_456' title='bbox 442 4112 676 4166; x_wconf 66' lang='lat' dir='ltr'><strong>laestina;</strong></span> <span class='ocrx_word' id='word_1_457' title='bbox 709 4113 992 4181; x_wconf 88' lang='lat' dir='ltr'><strong>episcopo,</strong></span> <span class='ocrx_word' id='word_1_458' title='bbox 1028 4126 1153 4181; x_wconf 73' lang='lat' dir='ltr'><strong>quae</strong></span> <span class='ocrx_word' id='word_1_459' title='bbox 1186 4125 1328 4180; x_wconf 86' lang='lat' dir='ltr'><strong>opus</strong></span> <span class='ocrx_word' id='word_1_460' title='bbox 1358 4110 1485 4177; x_wconf 77' lang='lat' dir='ltr'><strong>fuit,</strong></span> <span class='ocrx_word' id='word_1_461' title='bbox 1522 4121 1685 4166; x_wconf 84' lang='lat' dir='ltr'><strong>antea</strong></span> <span class='ocrx_word' id='word_1_462' title='bbox 1721 4110 2035 4165; x_wconf 90' lang='lat' dir='ltr'><strong>retulimus.</strong></span> 
     </span>
    </p>
   </div>
   <div class='ocr_carea' id='block_1_70' title="bbox 445 4202 2036 4274">
    <p class='ocr_par' dir='ltr' id='par_1_70' title="bbox 445 4202 2036 4274">
     <span class='ocr_line' id='line_1_70' title="bbox 445 4202 2036 4274; baseline -0.001 -16"><span class='ocrx_word' id='word_1_463' title='bbox 445 4204 761 4259; x_wconf 87' lang='lat' dir='ltr'><strong>Dorotheus</strong></span> <span class='ocrx_word' id='word_1_464' title='bbox 823 4218 1010 4258; x_wconf 89' lang='lat' dir='ltr'><strong>autem</strong></span> <span class='ocrx_word' id='word_1_465' title='bbox 1081 4218 1151 4259; x_wconf 92' lang='lat' dir='ltr'><strong>eo</strong></span> <span class='ocrx_word' id='word_1_466' title='bbox 1211 4210 1462 4273; x_wconf 85' lang='lat' dir='ltr'><strong>tempore</strong></span> <span class='ocrx_word' id='word_1_467' title='bbox 1516 4202 1863 4267; x_wconf 69' lang='lat' dir='ltr'><strong>Antiochiae,</strong></span> <span class='ocrx_word' id='word_1_468' title='bbox 1925 4202 2036 4274; x_wconf 90' lang='lat' dir='ltr'><strong>Ty-</strong></span> 
     </span>
    </p>
   </div>
   <div class='ocr_carea' id='block_1_71' title="bbox 441 4295 2032 4369">
    <p class='ocr_par' dir='ltr' id='par_1_71' title="bbox 441 4295 2032 4369">
     <span class='ocr_line' id='line_1_71' title="bbox 441 4295 2032 4369; baseline -0.002 -17"><span class='ocrx_word' id='word_1_469' title='bbox 441 4316 619 4352; x_wconf 86' lang='lat' dir='ltr'><strong>ranuo</strong></span> <span class='ocrx_word' id='word_1_470' title='bbox 648 4300 726 4369; x_wconf 78' lang='lat'><strong>(5)</strong></span> <span class='ocrx_word' id='word_1_471' title='bbox 773 4298 848 4353; x_wconf 90' lang='lat' dir='ltr'><strong>ibi</strong></span> <span class='ocrx_word' id='word_1_472' title='bbox 890 4298 1274 4368; x_wconf 87' lang='lat' dir='ltr'><strong>episcopatum</strong></span> <span class='ocrx_word' id='word_1_473' title='bbox 1311 4304 1569 4367; x_wconf 76' lang='lat' dir='ltr'><strong>gerente,</strong></span> <span class='ocrx_word' id='word_1_474' title='bbox 1624 4295 1938 4366; x_wconf 85' lang='lat' dir='ltr'><strong>presbyter,</strong></span> <span class='ocrx_word' id='word_1_475' title='bbox 1976 4296 2032 4350; x_wconf 90' lang='lat' dir='ltr'><strong>in</strong></span> 
     </span>
    </p>
   </div>
   <div class='ocr_carea' id='block_1_72' title="bbox 443 4389 2030 4463">
    <p class='ocr_par' dir='ltr' id='par_1_72' title="bbox 443 4389 2030 4463">
     <span class='ocr_line' id='line_1_72' title="bbox 443 4389 2030 4463; baseline -0.003 -16"><span class='ocrx_word' id='word_1_476' title='bbox 443 4393 597 4447; x_wconf 85' lang='lat' dir='ltr'><strong>omni</strong></span> <span class='ocrx_word' id='word_1_477' title='bbox 634 4407 838 4463; x_wconf 88' lang='lat' dir='ltr'><strong>genere</strong></span> <span class='ocrx_word' id='word_1_478' title='bbox 880 4393 1085 4445; x_wconf 87' lang='lat' dir='ltr'><strong>artium</strong></span> <span class='ocrx_word' id='word_1_479' title='bbox 1115 4390 1433 4445; x_wconf 90' lang='lat' dir='ltr'><strong>liberalium</strong></span> <span class='ocrx_word' id='word_1_480' title='bbox 1464 4390 1715 4460; x_wconf 87' lang='lat' dir='ltr'><strong>apprime</strong></span> <span class='ocrx_word' id='word_1_481' title='bbox 1749 4389 2030 4452; x_wconf 88' lang='lat' dir='ltr'><strong>eruditus,</strong></span> 
     </span>
    </p>
   </div>
   <div class='ocr_carea' id='block_1_73' title="bbox 450 4481 2032 4552">
    <p class='ocr_par' dir='ltr' id='par_1_73' title="bbox 450 4481 2032 4552">
     <span class='ocr_line' id='line_1_73' title="bbox 450 4481 2032 4552; baseline -0.003 -13"><span class='ocrx_word' id='word_1_482' title='bbox 450 4486 659 4539; x_wconf 88' lang='lat' dir='ltr'><strong>lloruit.</strong></span> <span class='ocrx_word' id='word_1_483' title='bbox 690 4483 793 4549; x_wconf 89' lang='lat' dir='ltr'><strong>Qui</strong></span> <span class='ocrx_word' id='word_1_484' title='bbox 827 4484 966 4537; x_wconf 91' lang='lat' dir='ltr'><strong>adeo</strong></span> <span class='ocrx_word' id='word_1_485' title='bbox 995 4482 1282 4537; x_wconf 85' lang='lat' dir='ltr'><strong>studiosus</strong></span> <span class='ocrx_word' id='word_1_486' title='bbox 1310 4482 1533 4552; x_wconf 86' lang='lat' dir='ltr'><strong>pietatis</strong></span> <span class='ocrx_word' id='word_1_487' title='bbox 1565 4482 1690 4549; x_wconf 80' lang='lat' dir='ltr'><strong>fuit,</strong></span> <span class='ocrx_word' id='word_1_488' title='bbox 1725 4489 1788 4537; x_wconf 86' lang='lat' dir='ltr'><strong>ut</strong></span> <span class='ocrx_word' id='word_1_489' title='bbox 1816 4481 2032 4536; x_wconf 87' lang='lat' dir='ltr'><strong>divina-</strong></span> 
     </span>
    </p>
   </div>
   <div class='ocr_carea' id='block_1_74' title="bbox 444 4575 2032 4647">
    <p class='ocr_par' dir='ltr' id='par_1_74' title="bbox 444 4575 2032 4647">
     <span class='ocr_line' id='line_1_74' title="bbox 444 4575 2032 4647; baseline -0.003 -14"><span class='ocrx_word' id='word_1_490' title='bbox 444 4595 569 4634; x_wconf 87' lang='lat' dir='ltr'><strong>rum</strong></span> <span class='ocrx_word' id='word_1_491' title='bbox 596 4579 930 4632; x_wconf 90' lang='lat' dir='ltr'><strong>Litterarum</strong></span> <span class='ocrx_word' id='word_1_492' title='bbox 967 4577 1142 4647; x_wconf 85' lang='lat' dir='ltr'><strong>gratia</strong></span> <span class='ocrx_word' id='word_1_493' title='bbox 1176 4575 1498 4631; x_wconf 87' lang='lat' dir='ltr'><strong>Hebraicam</strong></span> <span class='ocrx_word' id='word_1_494' title='bbox 1535 4576 1774 4644; x_wconf 75' lang='lat' dir='ltr'><strong>linguam</strong></span> <span class='ocrx_word' id='word_1_495' title='bbox 1811 4576 2032 4645; x_wconf 76' lang='lat' dir='ltr'><strong>egregie</strong></span> 
     </span>
    </p>
   </div>
   <div class='ocr_carea' id='block_1_75' title="bbox 2707 3279 3145 3349">
    <p class='ocr_par' dir='ltr' id='par_1_75' title="bbox 2707 3279 3145 3349">
     <span class='ocr_line' id='line_1_75' title="bbox 2707 3279 3145 3349; baseline 0.005 -16"><span class='ocrx_word' id='word_1_496' title='bbox 2707 3281 2978 3349; x_wconf 52' lang='lat' dir='ltr'><strong>.KEMA.</strong></span> <span class='ocrx_word' id='word_1_497' title='bbox 3021 3279 3145 3335; x_wconf 86' lang='lat' dir='ltr'><strong>AE&#39;.</strong></span> 
     </span>
    </p>
   </div>
   <div class='ocr_carea' id='block_1_76' title="bbox 2150 3374 3725 3446">
    <p class='ocr_par' dir='ltr' id='par_1_76' title="bbox 2150 3374 3725 3446">
     <span class='ocr_line' id='line_1_76' title="bbox 2150 3374 3725 3446; baseline 0.002 -19"><span class='ocrx_word' id='word_1_498' title='bbox 2150 3374 2287 3443; x_wconf 75' lang='grc' dir='ltr'>Περὶ</span> <span class='ocrx_word' id='word_1_499' title='bbox 2314 3374 2523 3429; x_wconf 71' lang='grc' dir='ltr'><em>ἄλλων</em></span> <span class='ocrx_word' id='word_1_500' title='bbox 2549 3377 2835 3439; x_wconf 79' lang='grc' dir='ltr'>τηνικάδε</span> <span class='ocrx_word' id='word_1_501' title='bbox 2852 3377 3254 3443; x_wconf 73' lang='grc' dir='ltr'>ἐκκλησιαστι</span> <span class='ocrx_word' id='word_1_502' title='bbox 3264 3377 3382 3431; x_wconf 80' lang='grc' dir='ltr'><strong>κῶν</strong></span> <span class='ocrx_word' id='word_1_503' title='bbox 3402 3375 3631 3446; x_wconf 76' lang='grc' dir='ltr'>ἀνδρῶν</span> <span class='ocrx_word' id='word_1_504' title='bbox 3653 3376 3725 3430; x_wconf 79' lang='grc' dir='ltr'><strong>ἐν</strong></span> 
     </span>
    </p>
   </div>
   <div class='ocr_carea' id='block_1_77' title="bbox 2281 3447 3588 3517">
    <p class='ocr_par' dir='ltr' id='par_1_77' title="bbox 2281 3447 3588 3517">
     <span class='ocr_line' id='line_1_77' title="bbox 2281 3447 3588 3517; baseline 0.001 -17"><span class='ocrx_word' id='word_1_505' title='bbox 2281 3450 2494 3517; x_wconf 69' lang='grc' dir='ltr'>λόγοις</span> <span class='ocrx_word' id='word_1_506' title='bbox 2528 3448 2628 3501; x_wconf 81' lang='grc' dir='ltr'>καὶ</span> <span class='ocrx_word' id='word_1_507' title='bbox 2661 3448 3085 3513; x_wconf 73' lang='grc' dir='ltr'>διδασκαλίαις</span> <span class='ocrx_word' id='word_1_508' title='bbox 3111 3447 3588 3516; x_wconf 70' lang='grc' dir='ltr'>διαπρεψάντων.</span> 
     </span>
    </p>
   </div>
   <div class='ocr_carea' id='block_1_78' title="bbox 2231 3561 3726 3634">
    <p class='ocr_par' dir='ltr' id='par_1_78' title="bbox 2231 3561 3726 3634">
     <span class='ocr_line' id='line_1_78' title="bbox 2231 3561 3726 3634; baseline 0.003 -21"><span class='ocrx_word' id='word_1_509' title='bbox 2231 3561 2387 3613; x_wconf 73' lang='grc' dir='ltr'>Ἐπεὶ</span> <span class='ocrx_word' id='word_1_510' title='bbox 2418 3561 2474 3615; x_wconf 81' lang='grc' dir='ltr'>δὲ</span> <span class='ocrx_word' id='word_1_511' title='bbox 2509 3562 2604 3616; x_wconf 67' lang='grc' dir='ltr'><strong>καὶ</strong></span> <span class='ocrx_word' id='word_1_512' title='bbox 2636 3565 2693 3617; x_wconf 80' lang='grc' dir='ltr'><strong>έν</strong></span> <span class='ocrx_word' id='word_1_513' title='bbox 2729 3564 2918 3626; x_wconf 79' lang='grc' dir='ltr'>ἄλλαις</span> <span class='ocrx_word' id='word_1_514' title='bbox 2962 3565 3072 3618; x_wconf 82' lang='grc' dir='ltr'><strong>τῶν</strong></span> <span class='ocrx_word' id='word_1_515' title='bbox 3102 3566 3408 3634; x_wconf 85' lang='grc' dir='ltr'>παροικιῶν</span> <span class='ocrx_word' id='word_1_516' title='bbox 3441 3566 3537 3617; x_wconf 76' lang='grc' dir='ltr'><strong>οὐκ</strong></span> <span class='ocrx_word' id='word_1_517' title='bbox 3567 3567 3726 3631; x_wconf 82' lang='grc' dir='ltr'>ἀγεν-</span> 
     </span>
    </p>
   </div>
   <div class='ocr_carea' id='block_1_79' title="bbox 2146 3654 3726 3727">
    <p class='ocr_par' dir='ltr' id='par_1_79' title="bbox 2146 3654 3726 3727">
     <span class='ocr_line' id='line_1_79' title="bbox 2146 3654 3726 3727; baseline 0.003 -22"><span class='ocrx_word' id='word_1_518' title='bbox 2146 3655 2257 3716; x_wconf 84' lang='grc' dir='ltr'>νεῖς</span> <span class='ocrx_word' id='word_1_519' title='bbox 2307 3654 2522 3725; x_wconf 80' lang='grc' dir='ltr'>ἄνδρες,</span> <span class='ocrx_word' id='word_1_520' title='bbox 2570 3656 2708 3709; x_wconf 83' lang='grc' dir='ltr'>ἀλλὰ</span> <span class='ocrx_word' id='word_1_521' title='bbox 2752 3658 2844 3710; x_wconf 77' lang='grc' dir='ltr'><strong>καὶ</strong></span> <span class='ocrx_word' id='word_1_522' title='bbox 2904 3660 3064 3725; x_wconf 68' lang='grc' dir='ltr'>σοφοὶ</span> <span class='ocrx_word' id='word_1_523' title='bbox 3106 3659 3425 3723; x_wconf 80' lang='grc' dir='ltr'>διεγένοντο,</span> <span class='ocrx_word' id='word_1_524' title='bbox 3474 3658 3601 3727; x_wconf 76' lang='grc' dir='ltr'>φέρε</span> <span class='ocrx_word' id='word_1_525' title='bbox 3629 3658 3726 3711; x_wconf 73' lang='grc' dir='ltr'>καὶ</span> 
     </span>
    </p>
   </div>
   <div class='ocr_carea' id='block_1_80' title="bbox 2147 3744 3723 3819">
    <p class='ocr_par' dir='ltr' id='par_1_80' title="bbox 2147 3744 3723 3819">
     <span class='ocr_line' id='line_1_80' title="bbox 2147 3744 3723 3819; baseline 0.002 -23"><span class='ocrx_word' id='word_1_526' title='bbox 2147 3744 2278 3815; x_wconf 81' lang='grc' dir='ltr'>περὶ</span> <span class='ocrx_word' id='word_1_527' title='bbox 2314 3746 2522 3799; x_wconf 87' lang='grc' dir='ltr'>τούτων</span> <span class='ocrx_word' id='word_1_528' title='bbox 2559 3748 2633 3811; x_wconf 87' lang='grc' dir='ltr'><strong>ὡς</strong></span> <span class='ocrx_word' id='word_1_529' title='bbox 2678 3749 2796 3800; x_wconf 73' lang='grc' dir='ltr'>ἐνὸν</span> <span class='ocrx_word' id='word_1_530' title='bbox 2837 3749 3257 3819; x_wconf 79' lang='grc' dir='ltr'>ἐπιδραμοῦμαι</span> <span class='ocrx_word' id='word_1_531' title='bbox 3291 3749 3369 3819; x_wconf 82' lang='grc' dir='ltr'>τῷ</span> <span class='ocrx_word' id='word_1_532' title='bbox 3398 3750 3556 3818; x_wconf 82' lang='grc' dir='ltr'>λόγῳ.</span> <span class='ocrx_word' id='word_1_533' title='bbox 3588 3749 3723 3817; x_wconf 76' lang='grc' dir='ltr'>Περὶ</span> 
     </span>
    </p>
   </div>
   <div class='ocr_carea' id='block_1_81' title="bbox 2149 3836 3722 3911">
    <p class='ocr_par' dir='ltr' id='par_1_81' title="bbox 2149 3836 3722 3911">
     <span class='ocr_line' id='line_1_81' title="bbox 2149 3836 3722 3911; baseline 0.002 -23"><span class='ocrx_word' id='word_1_534' title='bbox 2149 3836 2249 3906; x_wconf 86' lang='grc' dir='ltr'>μὲν</span> <span class='ocrx_word' id='word_1_535' title='bbox 2296 3838 2603 3908; x_wconf 79' lang='grc' dir='ltr'>Γρηγορίου</span> <span class='ocrx_word' id='word_1_536' title='bbox 2662 3839 2757 3892; x_wconf 87' lang='grc' dir='ltr'><strong>τοῦ</strong></span> <span class='ocrx_word' id='word_1_537' title='bbox 2812 3840 3140 3911; x_wconf 81' lang='grc' dir='ltr'>περιϐοήτου</span> <span class='ocrx_word' id='word_1_538' title='bbox 3196 3843 3257 3894; x_wconf 80' lang='grc' dir='ltr'>ἐν</span> <span class='ocrx_word' id='word_1_539' title='bbox 3304 3840 3569 3909; x_wconf 78' lang='grc' dir='ltr'>θαύμασι,</span> <span class='ocrx_word' id='word_1_540' title='bbox 3627 3840 3722 3893; x_wconf 61' lang='grc' dir='ltr'><strong>καὶ⁵</strong></span> 
     </span>
    </p>
   </div>
   <div class='ocr_carea' id='block_1_82' title="bbox 2158 3927 3719 4004">
    <p class='ocr_par' dir='ltr' id='par_1_82' title="bbox 2158 3927 3719 4004">
     <span class='ocr_line' id='line_1_82' title="bbox 2158 3927 3719 4004; baseline 0.001 -25"><span class='ocrx_word' id='word_1_541' title='bbox 2158 3927 2532 3998; x_wconf 83' lang='grc' dir='ltr'>Ἀθηνοδώρου</span> <span class='ocrx_word' id='word_1_542' title='bbox 2572 3930 2665 3983; x_wconf 87' lang='grc' dir='ltr'><strong>τοῦ</strong></span> <span class='ocrx_word' id='word_1_543' title='bbox 2689 3929 2947 3999; x_wconf 79' lang='grc' dir='ltr'>ἀδελφοῦ,</span> <span class='ocrx_word' id='word_1_544' title='bbox 2987 3933 3081 3984; x_wconf 73' lang='grc' dir='ltr'>καὶ</span> <span class='ocrx_word' id='word_1_545' title='bbox 3112 3931 3467 4000; x_wconf 82' lang='grc' dir='ltr'>Φιρμιλιανοῦ</span> <span class='ocrx_word' id='word_1_546' title='bbox 3505 3930 3597 3984; x_wconf 88' lang='grc' dir='ltr'><strong>τοῦ</strong></span> <span class='ocrx_word' id='word_1_547' title='bbox 3621 3931 3719 4004; x_wconf 81' lang='grc' dir='ltr'>τῆς</span> 
     </span>
    </p>
   </div>
   <div class='ocr_carea' id='block_1_83' title="bbox 2148 4018 3714 4092">
    <p class='ocr_par' dir='ltr' id='par_1_83' title="bbox 2148 4018 3714 4092">
     <span class='ocr_line' id='line_1_83' title="bbox 2148 4018 3714 4092; baseline 0.003 -22"><span class='ocrx_word' id='word_1_548' title='bbox 2148 4020 2535 4074; x_wconf 86' lang='grc' dir='ltr'>Καππαδοκῶν</span> <span class='ocrx_word' id='word_1_549' title='bbox 2569 4018 3063 4092; x_wconf 75' lang='grc' dir='ltr'>προέδρεύσαντος,</span> <span class='ocrx_word' id='word_1_550' title='bbox 3102 4022 3181 4075; x_wconf 74' lang='grc' dir='ltr'>ἔτι</span> <span class='ocrx_word' id='word_1_551' title='bbox 3216 4023 3273 4077; x_wconf 83' lang='grc' dir='ltr'>δὲ</span> <span class='ocrx_word' id='word_1_552' title='bbox 3306 4025 3399 4077; x_wconf 74' lang='grc' dir='ltr'>καὶ</span> <span class='ocrx_word' id='word_1_553' title='bbox 3423 4023 3714 4077; x_wconf 69' lang='grc' dir='ltr'>θεοτέκνου</span> 
     </span>
    </p>
   </div>
   <div class='ocr_carea' id='block_1_84' title="bbox 2143 4107 3711 4183">
    <p class='ocr_par' dir='ltr' id='par_1_84' title="bbox 2143 4107 3711 4183">
     <span class='ocr_line' id='line_1_84' title="bbox 2143 4107 3711 4183; baseline 0.002 -23"><span class='ocrx_word' id='word_1_554' title='bbox 2143 4107 2238 4160; x_wconf 84' lang='grc' dir='ltr'><strong>τοῦ</strong></span> <span class='ocrx_word' id='word_1_555' title='bbox 2293 4109 2397 4179; x_wconf 72' lang='grc' dir='ltr'>τὴν</span> <span class='ocrx_word' id='word_1_556' title='bbox 2452 4111 2509 4163; x_wconf 80' lang='grc' dir='ltr'>ὲν</span> <span class='ocrx_word' id='word_1_557' title='bbox 2567 4110 2908 4183; x_wconf 78' lang='grc' dir='ltr'>Παλαιστίνῃ</span> <span class='ocrx_word' id='word_1_558' title='bbox 2962 4113 3310 4183; x_wconf 82' lang='grc' dir='ltr'>Καισάρειαν</span> <span class='ocrx_word' id='word_1_559' title='bbox 3363 4112 3711 4176; x_wconf 82' lang='grc' dir='ltr'>διιθύναντος,</span> 
     </span>
    </p>
   </div>
   <div class='ocr_carea' id='block_1_85' title="bbox 2145 4198 3717 4275">
    <p class='ocr_par' dir='ltr' id='par_1_85' title="bbox 2145 4198 3717 4275">
     <span class='ocr_line' id='line_1_85' title="bbox 2145 4198 3717 4275; baseline 0.004 -24"><span class='ocrx_word' id='word_1_560' title='bbox 2145 4198 2527 4269; x_wconf 83' lang='grc' dir='ltr'>φθάνομεν.τά</span> <span class='ocrx_word' id='word_1_561' title='bbox 2572 4201 2760 4256; x_wconf 84' lang='grc' dir='ltr'>δέοντα</span> <span class='ocrx_word' id='word_1_562' title='bbox 2797 4205 2926 4270; x_wconf 72' lang='grc' dir='ltr'>περὶ</span> <span class='ocrx_word' id='word_1_563' title='bbox 2975 4203 3157 4257; x_wconf 81' lang='grc' dir='ltr'>αὐτῶν</span> <span class='ocrx_word' id='word_1_564' title='bbox 3203 4205 3507 4275; x_wconf 70' lang='grc' dir='ltr'>εἰρηκότες.</span> <span class='ocrx_word' id='word_1_565' title='bbox 3539 4205 3717 4273; x_wconf 81' lang='grc' dir='ltr'>Δωρό-</span> 
     </span>
    </p>
   </div>
   <div class='ocr_carea' id='block_1_86' title="bbox 2145 4292 3717 4366">
    <p class='ocr_par' dir='ltr' id='par_1_86' title="bbox 2145 4292 3717 4366">
     <span class='ocr_line' id='line_1_86' title="bbox 2145 4292 3717 4366; baseline 0.002 -20"><span class='ocrx_word' id='word_1_566' title='bbox 2145 4292 2270 4357; x_wconf 86' lang='grc' dir='ltr'>θεος</span> <span class='ocrx_word' id='word_1_567' title='bbox 2298 4293 2355 4347; x_wconf 84' lang='grc' dir='ltr'><strong>δὲ</strong></span> <span class='ocrx_word' id='word_1_568' title='bbox 2404 4294 2500 4346; x_wconf 70' lang='grc' dir='ltr'>ἐπὶ</span> <span class='ocrx_word' id='word_1_569' title='bbox 2543 4295 2641 4363; x_wconf 82' lang='grc' dir='ltr'>τῆς</span> <span class='ocrx_word' id='word_1_570' title='bbox 2689 4296 2988 4365; x_wconf 79' lang='grc' dir='ltr'>Ἀντιόχου,</span> <span class='ocrx_word' id='word_1_571' title='bbox 3024 4297 3306 4366; x_wconf 81' lang='grc' dir='ltr'>Τυράννου</span> <span class='ocrx_word' id='word_1_572' title='bbox 3359 4298 3458 4365; x_wconf 83' lang='grc' dir='ltr'><strong>τὴν</strong></span> <span class='ocrx_word' id='word_1_573' title='bbox 3501 4299 3717 4349; x_wconf 76' lang='grc' dir='ltr'>ἐπισκο-</span> 
     </span>
    </p>
   </div>
   <div class='ocr_carea' id='block_1_87' title="bbox 2146 4384 3718 4459">
    <p class='ocr_par' dir='ltr' id='par_1_87' title="bbox 2146 4384 3718 4459">
     <span class='ocr_line' id='line_1_87' title="bbox 2146 4384 3718 4459; baseline 0.003 -23"><span class='ocrx_word' id='word_1_574' title='bbox 2146 4384 2254 4454; x_wconf 81' lang='grc' dir='ltr'>πὴν</span> <span class='ocrx_word' id='word_1_575' title='bbox 2275 4386 2677 4456; x_wconf 78' lang='grc' dir='ltr'>κληρουμένου,</span> <span class='ocrx_word' id='word_1_576' title='bbox 2705 4388 2844 4459; x_wconf 78' lang='grc' dir='ltr'>ἀνὴρ</span> <span class='ocrx_word' id='word_1_577' title='bbox 2868 4387 3139 4441; x_wconf 82' lang='grc' dir='ltr'>παντοίων</span> <span class='ocrx_word' id='word_1_578' title='bbox 3165 4388 3338 4455; x_wconf 85' lang='grc' dir='ltr'>λόγων</span> <span class='ocrx_word' id='word_1_579' title='bbox 3358 4392 3451 4441; x_wconf 82' lang='grc' dir='ltr'>καὶ</span> <span class='ocrx_word' id='word_1_580' title='bbox 3477 4389 3718 4451; x_wconf 80' lang='grc' dir='ltr'>παιδείας</span> 
     </span>
    </p>
   </div>
   <div class='ocr_carea' id='block_1_88' title="bbox 2144 4476 3716 4551">
    <p class='ocr_par' dir='ltr' id='par_1_88' title="bbox 2144 4476 3716 4551">
     <span class='ocr_line' id='line_1_88' title="bbox 2144 4476 3716 4551; baseline 0.002 -22"><span class='ocrx_word' id='word_1_581' title='bbox 2144 4476 2462 4547; x_wconf 79' lang='grc' dir='ltr'>ἐλευθερίου</span> <span class='ocrx_word' id='word_1_582' title='bbox 2514 4479 2593 4541; x_wconf 87' lang='grc' dir='ltr'><strong>είς</strong></span> <span class='ocrx_word' id='word_1_583' title='bbox 2625 4479 2789 4550; x_wconf 83' lang='grc' dir='ltr'>κόρον</span> <span class='ocrx_word' id='word_1_584' title='bbox 2845 4480 3228 4551; x_wconf 83' lang='grc' dir='ltr'>μετεσχηκὼς,</span> <span class='ocrx_word' id='word_1_585' title='bbox 3268 4482 3364 4534; x_wconf 79' lang='grc' dir='ltr'><strong>καὶ</strong></span> <span class='ocrx_word' id='word_1_586' title='bbox 3416 4483 3716 4551; x_wconf 81' lang='grc' dir='ltr'>πρεσϐυτε-</span> 
     </span>
    </p>
   </div>
   <div class='ocr_carea' id='block_1_89' title="bbox 2147 4569 3716 4642">
    <p class='ocr_par' dir='ltr' id='par_1_89' title="bbox 2147 4569 3716 4642">
     <span class='ocr_line' id='line_1_89' title="bbox 2147 4569 3716 4642; baseline 0.003 -22"><span class='ocrx_word' id='word_1_587' title='bbox 2147 4569 2263 4640; x_wconf 86' lang='grc' dir='ltr'>ρίου</span> <span class='ocrx_word' id='word_1_588' title='bbox 2298 4570 2622 4639; x_wconf 73' lang='grc' dir='ltr'>ἠξιωμένος,</span> <span class='ocrx_word' id='word_1_589' title='bbox 2671 4571 2980 4639; x_wconf 77' lang='grc' dir='ltr'>τηνικαῦτα</span> <span class='ocrx_word' id='word_1_590' title='bbox 3021 4574 3308 4642; x_wconf 80' lang='grc' dir='ltr'>διέπρεπε.</span> <span class='ocrx_word' id='word_1_591' title='bbox 3353 4574 3643 4635; x_wconf 78' lang='grc' dir='ltr'>Φιλόκαλος</span> <span class='ocrx_word' id='word_1_592' title='bbox 3674 4571 3716 4624; x_wconf 77' lang='grc' dir='ltr'>δ’</span> 
     </span>
    </p>
   </div>
   <div class='ocr_carea' id='block_1_90' title="bbox 336 4640 2038 4738">
    <p class='ocr_par' dir='ltr' id='par_1_90' title="bbox 336 4640 2029 4738">
     <span class='ocr_line' id='line_1_90' title="bbox 336 4640 2029 4738; baseline -0.004 -14"><span class='ocrx_word' id='word_1_593' title='bbox 336 4706 342 4717; x_wconf 60' lang='grc' dir='ltr'><strong>ν</strong></span> <span class='ocrx_word' id='word_1_594' title='bbox 443 4668 829 4738; x_wconf 88' lang='lat' dir='ltr'><strong>perdidicerit.</strong></span> <span class='ocrx_word' id='word_1_595' title='bbox 886 4666 1013 4721; x_wconf 87' lang='lat' dir='ltr'><strong>Fuit</strong></span> <span class='ocrx_word' id='word_1_596' title='bbox 1069 4667 1117 4722; x_wconf 91' lang='lat' dir='ltr'><strong>is</strong></span> <span class='ocrx_word' id='word_1_597' title='bbox 1169 4677 1369 4721; x_wconf 87' lang='lat' dir='ltr'><strong>natura</strong></span> <span class='ocrx_word' id='word_1_598' title='bbox 1432 4682 1499 4720; x_wconf 82' lang='lat' dir='ltr'><strong>ex</strong></span> <span class='ocrx_word' id='word_1_599' title='bbox 1554 4640 1673 4735; x_wconf 74' lang='lat' dir='ltr'><strong>ipsa</strong></span> <span class='ocrx_word' id='word_1_600' title='bbox 1737 4640 2029 4718; x_wconf 39' lang='lat' dir='ltr'><strong>Itati&#39;vitate</strong></span> 
     </span>
    </p>
   </div>
   <div class='ocr_carea' id='block_1_91' title="bbox 2146 4640 3721 4738">
    <p class='ocr_par' dir='ltr' id='par_1_91' title="bbox 2146 4640 3721 4736">
     <span class='ocr_line' id='line_1_91' title="bbox 2146 4640 3721 4736; baseline 0.002 -23"><span class='ocrx_word' id='word_1_601' title='bbox 2146 4664 2196 4725; x_wconf 65' lang='grc' dir='ltr'>τις</span> <span class='ocrx_word' id='word_1_602' title='bbox 2230 4661 2487 4715; x_wconf 84' lang='grc' dir='ltr'>τοσοῦτον</span> <span class='ocrx_word' id='word_1_603' title='bbox 2513 4659 2581 4732; x_wconf 80' lang='grc' dir='ltr'>ἦν</span> <span class='ocrx_word' id='word_1_604' title='bbox 2612 4667 2638 4716; x_wconf 83' lang='grc' dir='ltr'><strong>ὁ</strong></span> <span class='ocrx_word' id='word_1_605' title='bbox 2672 4665 2834 4734; x_wconf 48' lang='lat' dir='ltr'><strong>amp,</strong></span> <span class='ocrx_word' id='word_1_606' title='bbox 2870 4665 2943 4727; x_wconf 82' lang='grc' dir='ltr'>ὡς</span> <span class='ocrx_word' id='word_1_607' title='bbox 2982 4666 3076 4717; x_wconf 70' lang='grc' dir='ltr'><strong>καὶ</strong></span> <span class='ocrx_word' id='word_1_608' title='bbox 3117 4640 3215 4736; x_wconf 60' lang='grc' dir='ltr'>τὴν</span> <span class='ocrx_word' id='word_1_609' title='bbox 3256 4665 3514 4733; x_wconf 82' lang='grc' dir='ltr'>Ἐϐραῖδα</span> <span class='ocrx_word' id='word_1_610' title='bbox 3550 4667 3721 4733; x_wconf 74' lang='grc' dir='ltr'>γλῶσ-</span> 
     </span>
    </p>
   </div>
   <div class='ocr_carea' id='block_1_92' title="bbox 444 4757 2031 4825">
    <p class='ocr_par' dir='ltr' id='par_1_92' title="bbox 444 4757 2031 4825">
     <span class='ocr_line' id='line_1_92' title="bbox 444 4757 2031 4825; baseline -0.006 -8"><span class='ocrx_word' id='word_1_611' title='bbox 444 4762 758 4818; x_wconf 79' lang='lat' dir='ltr'><strong>eunuchus.</strong></span> <span class='ocrx_word' id='word_1_612' title='bbox 797 4760 971 4825; x_wconf 87' lang='lat' dir='ltr'><strong>Quam</strong></span> <span class='ocrx_word' id='word_1_613' title='bbox 1017 4759 1088 4814; x_wconf 91' lang='lat' dir='ltr'><strong>ob</strong></span> <span class='ocrx_word' id='word_1_614' title='bbox 1138 4775 1253 4815; x_wconf 90' lang='lat' dir='ltr'><strong>rem</strong></span> <span class='ocrx_word' id='word_1_615' title='bbox 1296 4759 1451 4814; x_wconf 89' lang='lat' dir='ltr'><strong>illum</strong></span> <span class='ocrx_word' id='word_1_616' title='bbox 1496 4766 1662 4812; x_wconf 83' lang='lat' dir='ltr'><strong>etiam</strong></span> <span class='ocrx_word' id='word_1_617' title='bbox 1708 4757 2031 4825; x_wconf 79' lang='lat' dir='ltr'><strong>imperator,</strong></span> 
     </span>
    </p>
   </div>
   <div class='ocr_carea' id='block_1_93' title="bbox 442 4849 2031 4921">
    <p class='ocr_par' dir='ltr' id='par_1_93' title="bbox 442 4849 2031 4921">
     <span class='ocr_line' id='line_1_93' title="bbox 442 4849 2031 4921; baseline -0.005 -12"><span class='ocrx_word' id='word_1_618' title='bbox 442 4865 501 4909; x_wconf 86' lang='lat' dir='ltr'><strong>ut</strong></span> <span class='ocrx_word' id='word_1_619' title='bbox 529 4869 733 4907; x_wconf 89' lang='lat' dir='ltr'><strong>novum</strong></span> <span class='ocrx_word' id='word_1_620' title='bbox 760 4862 814 4907; x_wconf 88' lang='lat' dir='ltr'><strong>et</strong></span> <span class='ocrx_word' id='word_1_621' title='bbox 843 4853 1126 4906; x_wconf 84' lang='lat' dir='ltr'><strong>insolitum</strong></span> <span class='ocrx_word' id='word_1_622' title='bbox 1156 4852 1422 4921; x_wconf 76' lang='lat' dir='ltr'><strong>quiddam</strong></span> <span class='ocrx_word' id='word_1_623' title='bbox 1451 4852 1767 4912; x_wconf 85' lang='lat' dir='ltr'><strong>habentem,</strong></span> <span class='ocrx_word' id='word_1_624' title='bbox 1796 4849 2031 4902; x_wconf 85' lang='lat' dir='ltr'><strong>insuam</strong></span> 
     </span>
    </p>
   </div>
   <div class='ocr_carea' id='block_1_94' title="bbox 442 4938 2031 5010">
    <p class='ocr_par' dir='ltr' id='par_1_94' title="bbox 442 4938 2031 5010">
     <span class='ocr_line' id='line_1_94' title="bbox 442 4938 2031 5010; baseline -0.004 -12"><span class='ocrx_word' id='word_1_625' title='bbox 442 4945 709 4999; x_wconf 82' lang='lat' dir='ltr'><strong>familiam</strong></span> <span class='ocrx_word' id='word_1_626' title='bbox 747 4945 970 5005; x_wconf 75' lang='lat' dir='ltr'><strong>ascivit,</strong></span> <span class='ocrx_word' id='word_1_627' title='bbox 1012 4955 1068 4997; x_wconf 88' lang='lat' dir='ltr'><strong>et</strong></span> <span class='ocrx_word' id='word_1_628' title='bbox 1112 4946 1382 4998; x_wconf 90' lang='lat' dir='ltr'><strong>honorem</strong></span> <span class='ocrx_word' id='word_1_629' title='bbox 1415 4944 1466 4996; x_wconf 87' lang='lat' dir='ltr'><strong>ei</strong></span> <span class='ocrx_word' id='word_1_630' title='bbox 1523 4941 1760 5005; x_wconf 86' lang='lat' dir='ltr'><strong>detulit,</strong></span> <span class='ocrx_word' id='word_1_631' title='bbox 1799 4950 1857 4993; x_wconf 89' lang='lat' dir='ltr'><strong>ut</strong></span> <span class='ocrx_word' id='word_1_632' title='bbox 1899 4938 2031 5010; x_wconf 81' lang='lat' dir='ltr'><strong>Tyri</strong></span> 
     </span>
    </p>
   </div>
   <div class='ocr_carea' id='block_1_95' title="bbox 443 5034 2027 5107">
    <p class='ocr_par' dir='ltr' id='par_1_95' title="bbox 443 5034 2027 5107">
     <span class='ocr_line' id='line_1_95' title="bbox 443 5034 2027 5107; baseline -0.003 -17"><span class='ocrx_word' id='word_1_633' title='bbox 443 5036 720 5107; x_wconf 59' lang='lat' dir='ltr'><strong>tingendae</strong></span> <span class='ocrx_word' id='word_1_634' title='bbox 740 5051 1001 5105; x_wconf 74' lang='lat' dir='ltr'><strong>purpurae</strong></span> <span class='ocrx_word' id='word_1_635' title='bbox 1019 5044 1304 5105; x_wconf 72' lang='lat' dir='ltr'><strong>praeesset.</strong></span> <span class='ocrx_word' id='word_1_636' title='bbox 1331 5034 1529 5088; x_wconf 90' lang='lat' dir='ltr'><strong>Docuit</strong></span> <span class='ocrx_word' id='word_1_637' title='bbox 1551 5043 1737 5087; x_wconf 86' lang='lat' dir='ltr'><strong>autem</strong></span> <span class='ocrx_word' id='word_1_638' title='bbox 1763 5034 2027 5101; x_wconf 88' lang='lat' dir='ltr'><strong>p0pulum</strong></span> 
     </span>
    </p>
   </div>
   <div class='ocr_carea' id='block_1_96' title="bbox 444 5123 2029 5197">
    <p class='ocr_par' dir='ltr' id='par_1_96' title="bbox 444 5123 2029 5197">
     <span class='ocr_line' id='line_1_96' title="bbox 444 5123 2029 5197; baseline -0.005 -13"><span class='ocrx_word' id='word_1_639' title='bbox 444 5145 534 5184; x_wconf 85' lang='lat' dir='ltr'><strong>res</strong></span> <span class='ocrx_word' id='word_1_640' title='bbox 553 5143 735 5182; x_wconf 87' lang='lat' dir='ltr'><strong>sacras</strong></span> <span class='ocrx_word' id='word_1_641' title='bbox 761 5145 858 5197; x_wconf 86' lang='lat' dir='ltr'><strong>pro</strong></span> <span class='ocrx_word' id='word_1_642' title='bbox 875 5131 1162 5194; x_wconf 78' lang='lat' dir='ltr'><strong>concione,</strong></span> <span class='ocrx_word' id='word_1_643' title='bbox 1185 5128 1415 5197; x_wconf 83' lang='lat' dir='ltr'><strong>ejusque</strong></span> <span class='ocrx_word' id='word_1_644' title='bbox 1440 5126 1748 5179; x_wconf 88' lang='lat' dir='ltr'><strong>auditorem</strong></span> <span class='ocrx_word' id='word_1_645' title='bbox 1776 5140 1835 5179; x_wconf 82' lang='lat' dir='ltr'><strong>se</strong></span> <span class='ocrx_word' id='word_1_646' title='bbox 1861 5123 2029 5177; x_wconf 81' lang='lat' dir='ltr'><strong>fuisse</strong></span> 
     </span>
    </p>
   </div>
   <div class='ocr_carea' id='block_1_97' title="bbox 445 5217 2028 5290">
    <p class='ocr_par' dir='ltr' id='par_1_97' title="bbox 445 5217 2028 5290">
     <span class='ocr_line' id='line_1_97' title="bbox 445 5217 2028 5290; baseline -0.004 -12"><span class='ocrx_word' id='word_1_647' title='bbox 445 5223 584 5278; x_wconf 83' lang='lat' dir='ltr'><strong>dicit</strong></span> <span class='ocrx_word' id='word_1_648' title='bbox 635 5222 909 5275; x_wconf 85' lang='lat' dir='ltr'><strong>Eusebius</strong></span> <span class='ocrx_word' id='word_1_649' title='bbox 954 5221 1251 5290; x_wconf 88' lang='lat' dir='ltr'><strong>Pamphili.</strong></span> <span class='ocrx_word' id='word_1_650' title='bbox 1290 5219 1639 5273; x_wconf 67' lang='lat' dir='ltr'><strong>Alexandria:</strong></span> <span class='ocrx_word' id='word_1_651' title='bbox 1679 5233 1811 5270; x_wconf 87' lang='lat' dir='ltr'><strong>vero</strong></span> <span class='ocrx_word' id='word_1_652' title='bbox 1848 5217 2028 5272; x_wconf 89' lang='lat' dir='ltr'><strong>clarus</strong></span> 
     </span>
    </p>
   </div>
   <div class='ocr_carea' id='block_1_98' title="bbox 445 5310 2028 5383">
    <p class='ocr_par' dir='ltr' id='par_1_98' title="bbox 445 5310 2028 5383">
     <span class='ocr_line' id='line_1_98' title="bbox 445 5310 2028 5383; baseline -0.005 -15"><span class='ocrx_word' id='word_1_653' title='bbox 445 5314 555 5368; x_wconf 81' lang='lat' dir='ltr'><strong>fuit</strong></span> <span class='ocrx_word' id='word_1_654' title='bbox 578 5324 635 5369; x_wconf 85' lang='lat' dir='ltr'><strong>et</strong></span> <span class='ocrx_word' id='word_1_655' title='bbox 665 5314 903 5369; x_wconf 78' lang='lat' dir='ltr'><strong>celebris</strong></span> <span class='ocrx_word' id='word_1_656' title='bbox 933 5314 1150 5368; x_wconf 87' lang='lat' dir='ltr'><strong>Pierius</strong></span> <span class='ocrx_word' id='word_1_657' title='bbox 1177 5312 1467 5383; x_wconf 85' lang='lat' dir='ltr'><strong>presbyter</strong></span> <span class='ocrx_word' id='word_1_658' title='bbox 1499 5310 1787 5379; x_wconf 83' lang='lat' dir='ltr'><strong>dignitate,</strong></span> <span class='ocrx_word' id='word_1_659' title='bbox 1817 5318 1873 5363; x_wconf 71' lang='lat' dir='ltr'><strong>et</strong></span> <span class='ocrx_word' id='word_1_660' title='bbox 1903 5323 2028 5362; x_wconf 91' lang='lat' dir='ltr'><strong>cum</strong></span> 
     </span>
    </p>
   </div>
   <div class='ocr_carea' id='block_1_99' title="bbox 446 5400 2033 5473">
    <p class='ocr_par' dir='ltr' id='par_1_99' title="bbox 446 5400 2033 5473">
     <span class='ocr_line' id='line_1_99' title="bbox 446 5400 2033 5473; baseline -0.004 -13"><span class='ocrx_word' id='word_1_661' title='bbox 446 5406 771 5460; x_wconf 83' lang='lat' dir='ltr'><strong>divitiarum</strong></span> <span class='ocrx_word' id='word_1_662' title='bbox 814 5414 1171 5473; x_wconf 87' lang='lat' dir='ltr'><strong>contemptu,</strong></span> <span class='ocrx_word' id='word_1_663' title='bbox 1214 5403 1692 5473; x_wconf 64' lang='lat' dir='ltr'><strong>philosophiaeque</strong></span> <span class='ocrx_word' id='word_1_664' title='bbox 1722 5412 1778 5457; x_wconf 88' lang='lat' dir='ltr'><strong>et</strong></span> <span class='ocrx_word' id='word_1_665' title='bbox 1812 5400 2033 5456; x_wconf 65' lang='lat' dir='ltr'><strong>Graeca-</strong></span> 
     </span>
    </p>
   </div>
   <div class='ocr_carea' id='block_1_100' title="bbox 450 5492 2031 5567">
    <p class='ocr_par' dir='ltr' id='par_1_100' title="bbox 450 5492 2031 5567">
     <span class='ocr_line' id='line_1_100' title="bbox 450 5492 2031 5567; baseline -0.003 -17"><span class='ocrx_word' id='word_1_666' title='bbox 450 5512 573 5551; x_wconf 89' lang='lat' dir='ltr'><strong>rum</strong></span> <span class='ocrx_word' id='word_1_667' title='bbox 613 5497 1033 5567; x_wconf 86' lang='lat' dir='ltr'><strong>disciplinarum</strong></span> <span class='ocrx_word' id='word_1_668' title='bbox 1068 5497 1338 5561; x_wconf 89' lang='lat' dir='ltr'><strong>scientia,</strong></span> <span class='ocrx_word' id='word_1_669' title='bbox 1376 5505 1490 5549; x_wconf 92' lang='lat' dir='ltr'><strong>tum</strong></span> <span class='ocrx_word' id='word_1_670' title='bbox 1535 5509 1817 5549; x_wconf 82' lang='lat' dir='ltr'><strong>sacrarum</strong></span> <span class='ocrx_word' id='word_1_671' title='bbox 1852 5492 2031 5547; x_wconf 83' lang='lat' dir='ltr'><strong>Litte-</strong></span> 
     </span>
    </p>
   </div>
   <div class='ocr_carea' id='block_1_101' title="bbox 449 5584 2033 5661">
    <p class='ocr_par' dir='ltr' id='par_1_101' title="bbox 449 5584 2033 5661">
     <span class='ocr_line' id='line_1_101' title="bbox 449 5584 2033 5661; baseline 0 -21"><span class='ocrx_word' id='word_1_672' title='bbox 449 5602 638 5661; x_wconf 82' lang='lat' dir='ltr'><strong>rarum</strong></span> <span class='ocrx_word' id='word_1_673' title='bbox 689 5591 876 5645; x_wconf 90' lang='lat' dir='ltr'><strong>studio</strong></span> <span class='ocrx_word' id='word_1_674' title='bbox 927 5599 983 5644; x_wconf 87' lang='lat' dir='ltr'><strong>et</strong></span> <span class='ocrx_word' id='word_1_675' title='bbox 1037 5589 1277 5660; x_wconf 85' lang='lat' dir='ltr'><strong>peritia,</strong></span> <span class='ocrx_word' id='word_1_676' title='bbox 1324 5587 1669 5658; x_wconf 88' lang='lat' dir='ltr'><strong>publicisque</strong></span> <span class='ocrx_word' id='word_1_677' title='bbox 1729 5584 2033 5654; x_wconf 73' lang='lat' dir='ltr'><strong>Scriptura:</strong></span> 
     </span>
    </p>
   </div>
   <div class='ocr_carea' id='block_1_102' title="bbox 445 5681 2023 5755">
    <p class='ocr_par' dir='ltr' id='par_1_102' title="bbox 445 5681 2023 5755">
     <span class='ocr_line' id='line_1_102' title="bbox 445 5681 2023 5755; baseline -0.001 -20"><span class='ocrx_word' id='word_1_678' title='bbox 445 5686 899 5740; x_wconf 84' lang='lat' dir='ltr'><strong>enarratiouibns</strong></span> <span class='ocrx_word' id='word_1_679' title='bbox 950 5694 1008 5739; x_wconf 92' lang='lat' dir='ltr'><strong>et</strong></span> <span class='ocrx_word' id='word_1_680' title='bbox 1063 5683 1539 5755; x_wconf 85' lang='lat' dir='ltr'><strong>disputationibus</strong></span> <span class='ocrx_word' id='word_1_681' title='bbox 1596 5681 2023 5737; x_wconf 84' lang='lat' dir='ltr'><strong>admirationem</strong></span> 
     </span>
    </p>
   </div>
   <div class='ocr_carea' id='block_1_103' title="bbox 528 5816 1013 5891">
    <p class='ocr_par' dir='ltr' id='par_1_103' title="bbox 528 5816 1013 5891">
     <span class='ocr_line' id='line_1_103' title="bbox 528 5816 1013 5891; baseline 0 -18"><span class='ocrx_word' id='word_1_682' title='bbox 637 5820 741 5873; x_wconf 83' lang='lat' dir='ltr'><strong>Alii</strong></span> <span class='ocrx_word' id='word_1_683' title='bbox 781 5819 1013 5873; x_wconf 81' lang='lat' dir='ltr'><strong>Labdas.</strong></span> 
     </span>
    </p>
   </div>
   <div class='ocr_carea' id='block_1_104' title="bbox 526 5887 1359 5957">
    <p class='ocr_par' dir='ltr' id='par_1_104' title="bbox 526 5887 1359 5957">
     <span class='ocr_line' id='line_1_104' title="bbox 526 5887 1359 5957; baseline -0.006 -11"><span class='ocrx_word' id='word_1_684' title='bbox 526 5887 602 5955; x_wconf 57' lang='grc' dir='ltr'><strong>(ἒ)</strong></span> <span class='ocrx_word' id='word_1_685' title='bbox 637 5891 741 5944; x_wconf 82' lang='lat' dir='ltr'><strong>Alii</strong></span> <span class='ocrx_word' id='word_1_686' title='bbox 777 5891 1119 5944; x_wconf 75' lang='lat' dir='ltr'><strong>Thermonem</strong></span> <span class='ocrx_word' id='word_1_687' title='bbox 1152 5888 1359 5957; x_wconf 81' lang='lat' dir='ltr'><strong>legunt.</strong></span> 
     </span>
    </p>
   </div>
   <div class='ocr_carea' id='block_1_105' title="bbox 2140 4756 3718 4830">
    <p class='ocr_par' dir='ltr' id='par_1_105' title="bbox 2140 4756 3718 4830">
     <span class='ocr_line' id='line_1_105' title="bbox 2140 4756 3718 4830; baseline 0.003 -23"><span class='ocrx_word' id='word_1_688' title='bbox 2140 4771 2240 4807; x_wconf 91' lang='grc' dir='ltr'><strong>σαν</strong></span> <span class='ocrx_word' id='word_1_689' title='bbox 2293 4756 2561 4830; x_wconf 30' lang='grc' dir='ltr'>τῆςίπερὶ</span> <span class='ocrx_word' id='word_1_690' title='bbox 2615 4756 2683 4808; x_wconf 84' lang='grc' dir='ltr'>τὰ</span> <span class='ocrx_word' id='word_1_691' title='bbox 2717 4757 2837 4809; x_wconf 66' lang='lat' dir='ltr'><strong>Osi:</strong></span> <span class='ocrx_word' id='word_1_692' title='bbox 2890 4758 3130 4826; x_wconf 75' lang='grc' dir='ltr'>σπουδῆς</span> <span class='ocrx_word' id='word_1_693' title='bbox 3191 4759 3375 4811; x_wconf 74' lang='grc' dir='ltr'>εἵνεκα</span> <span class='ocrx_word' id='word_1_694' title='bbox 3430 4760 3508 4821; x_wconf 75' lang='grc' dir='ltr'><strong>είς</strong></span> <span class='ocrx_word' id='word_1_695' title='bbox 3552 4759 3718 4828; x_wconf 77' lang='grc' dir='ltr'>ἄκρον</span> 
     </span>
    </p>
   </div>
   <div class='ocr_carea' id='block_1_106' title="bbox 2139 4848 3717 4920">
    <p class='ocr_par' dir='ltr' id='par_1_106' title="bbox 2139 4848 3717 4920">
     <span class='ocr_line' id='line_1_106' title="bbox 2139 4848 3717 4920; baseline 0.002 -21"><span class='ocrx_word' id='word_1_696' title='bbox 2139 4848 2400 4917; x_wconf 78' lang='grc' dir='ltr'>ἀσκῆσαι,</span> <span class='ocrx_word' id='word_1_697' title='bbox 2436 4851 2531 4900; x_wconf 74' lang='grc' dir='ltr'><strong>καὶ</strong></span> <span class='ocrx_word' id='word_1_698' title='bbox 2561 4848 2682 4917; x_wconf 85' lang='grc' dir='ltr'>μετ’</span> <span class='ocrx_word' id='word_1_699' title='bbox 2714 4850 3034 4919; x_wconf 72' lang='grc' dir='ltr'>ἐπιστήμης</span> <span class='ocrx_word' id='word_1_700' title='bbox 3065 4850 3327 4920; x_wconf 79' lang='grc' dir='ltr'>ἀκριϐοῦς</span> <span class='ocrx_word' id='word_1_701' title='bbox 3366 4853 3717 4919; x_wconf 85' lang='grc' dir='ltr'>ἐντυγχάνειν</span> 
     </span>
    </p>
   </div>
   <div class='ocr_carea' id='block_1_107' title="bbox 2138 4937 3716 5012">
    <p class='ocr_par' dir='ltr' id='par_1_107' title="bbox 2138 4937 3716 5012">
     <span class='ocr_line' id='line_1_107' title="bbox 2138 4937 3716 5012; baseline 0 -20"><span class='ocrx_word' id='word_1_702' title='bbox 2138 4939 2300 5009; x_wconf 75' lang='grc' dir='ltr'>αὐτῇ.</span> <span class='ocrx_word' id='word_1_703' title='bbox 2337 4940 2608 5010; x_wconf 73' lang='grc' dir='ltr'>Εὐνοῦχος</span> <span class='ocrx_word' id='word_1_704' title='bbox 2653 4940 2697 4991; x_wconf 83' lang='grc' dir='ltr'>δ’</span> <span class='ocrx_word' id='word_1_705' title='bbox 2731 4937 2799 5011; x_wconf 79' lang='grc' dir='ltr'>ἦν</span> <span class='ocrx_word' id='word_1_706' title='bbox 2828 4942 2928 5012; x_wconf 83' lang='grc' dir='ltr'><strong>τὴν</strong></span> <span class='ocrx_word' id='word_1_707' title='bbox 2964 4942 3127 5010; x_wconf 83' lang='grc' dir='ltr'>φύσιν</span> <span class='ocrx_word' id='word_1_708' title='bbox 3162 4944 3220 5009; x_wconf 78' lang='grc' dir='ltr'>ἐξ</span> <span class='ocrx_word' id='word_1_709' title='bbox 3256 4944 3417 5012; x_wconf 60' lang='grc' dir='ltr'>αὐτῆς</span> <span class='ocrx_word' id='word_1_710' title='bbox 3451 4943 3585 5011; x_wconf 70' lang='grc' dir='ltr'>δῆτα</span> <span class='ocrx_word' id='word_1_711' title='bbox 3625 4958 3716 5008; x_wconf 80' lang='grc' dir='ltr'>γε·</span> 
     </span>
    </p>
   </div>
   <div class='ocr_carea' id='block_1_108' title="bbox 2138 5028 3716 5102">
    <p class='ocr_par' dir='ltr' id='par_1_108' title="bbox 2138 5028 3716 5102">
     <span class='ocr_line' id='line_1_108' title="bbox 2138 5028 3716 5102; baseline -0.001 -21"><span class='ocrx_word' id='word_1_712' title='bbox 2138 5028 2377 5092; x_wconf 72' lang='grc' dir='ltr'>νέσεως*</span> <span class='ocrx_word' id='word_1_713' title='bbox 2420 5035 2515 5083; x_wconf 80' lang='grc' dir='ltr'>καὶ</span> <span class='ocrx_word' id='word_1_714' title='bbox 2564 5031 2653 5084; x_wconf 78' lang='grc' dir='ltr'>διὰ</span> <span class='ocrx_word' id='word_1_715' title='bbox 2683 5032 2840 5083; x_wconf 88' lang='grc' dir='ltr'>τοῦτο</span> <span class='ocrx_word' id='word_1_716' title='bbox 2891 5032 2984 5084; x_wconf 75' lang='grc' dir='ltr'>καὶ</span> <span class='ocrx_word' id='word_1_717' title='bbox 3036 5033 3262 5102; x_wconf 81' lang='grc' dir='ltr'>βασιλέα</span> <span class='ocrx_word' id='word_1_718' title='bbox 3303 5033 3379 5094; x_wconf 88' lang='grc' dir='ltr'><strong>ῶς</strong></span> <span class='ocrx_word' id='word_1_719' title='bbox 3417 5050 3469 5084; x_wconf 87' lang='grc' dir='ltr'><strong>τι</strong></span> <span class='ocrx_word' id='word_1_720' title='bbox 3515 5031 3716 5095; x_wconf 78' lang='grc' dir='ltr'>ξενίζον</span> 
     </span>
    </p>
   </div>
   <div class='ocr_carea' id='block_1_109' title="bbox 2136 5122 3711 5194">
    <p class='ocr_par' dir='ltr' id='par_1_109' title="bbox 2136 5122 3711 5194">
     <span class='ocr_line' id='line_1_109' title="bbox 2136 5122 3711 5194; baseline -0.001 -19"><span class='ocrx_word' id='word_1_721' title='bbox 2136 5123 2303 5175; x_wconf 75' lang='grc' dir='ltr'>αὑτὸν</span> <span class='ocrx_word' id='word_1_722' title='bbox 2354 5122 2775 5194; x_wconf 79' lang='grc' dir='ltr'>εἰσῳκίσασθαι,</span> <span class='ocrx_word' id='word_1_723' title='bbox 2831 5124 2922 5177; x_wconf 76' lang='grc' dir='ltr'><strong>καὶ</strong></span> <span class='ocrx_word' id='word_1_724' title='bbox 2970 5122 3136 5194; x_wconf 82' lang='grc' dir='ltr'>τιμὴν</span> <span class='ocrx_word' id='word_1_725' title='bbox 3194 5122 3340 5192; x_wconf 87' lang='grc' dir='ltr'>αύτῷ</span> <span class='ocrx_word' id='word_1_726' title='bbox 3390 5127 3711 5194; x_wconf 72' lang='grc' dir='ltr'>παρασχεῖν,</span> 
     </span>
    </p>
   </div>
   <div class='ocr_carea' id='block_1_110' title="bbox 2134 5215 3716 5290">
    <p class='ocr_par' dir='ltr' id='par_1_110' title="bbox 2134 5215 3716 5290">
     <span class='ocr_line' id='line_1_110' title="bbox 2134 5215 3716 5290; baseline 0.004 -24"><span class='ocrx_word' id='word_1_727' title='bbox 2134 5216 2235 5286; x_wconf 80' lang='grc' dir='ltr'><strong>τὴν</strong></span> <span class='ocrx_word' id='word_1_728' title='bbox 2276 5217 2332 5268; x_wconf 83' lang='grc' dir='ltr'><strong>ἐν</strong></span> <span class='ocrx_word' id='word_1_729' title='bbox 2378 5217 2543 5288; x_wconf 86' lang='grc' dir='ltr'>Τύρῳ</span> <span class='ocrx_word' id='word_1_730' title='bbox 2579 5217 2760 5289; x_wconf 72' lang='grc' dir='ltr'>βαφὴν</span> <span class='ocrx_word' id='word_1_731' title='bbox 2806 5220 3075 5290; x_wconf 78' lang='grc' dir='ltr'>ἁλουργὸν</span> <span class='ocrx_word' id='word_1_732' title='bbox 3125 5221 3331 5275; x_wconf 80' lang='grc' dir='ltr'>διέπειν</span> <span class='ocrx_word' id='word_1_733' title='bbox 3357 5239 3368 5252; x_wconf 95' lang='grc'><strong>·</strong></span> <span class='ocrx_word' id='word_1_734' title='bbox 3398 5215 3456 5283; x_wconf 75' lang='grc' dir='ltr'>ὃς</span> <span class='ocrx_word' id='word_1_735' title='bbox 3491 5219 3580 5273; x_wconf 78' lang='grc' dir='ltr'><strong>ἐπ’</strong></span> <span class='ocrx_word' id='word_1_736' title='bbox 3626 5222 3716 5273; x_wconf 82' lang='grc' dir='ltr'><strong>ἑκ-</strong></span> 
     </span>
    </p>
   </div>
   <div class='ocr_carea' id='block_1_111' title="bbox 2137 5308 3713 5385">
    <p class='ocr_par' dir='ltr' id='par_1_111' title="bbox 2137 5308 3713 5385">
     <span class='ocr_line' id='line_1_111' title="bbox 2137 5308 3713 5385; baseline 0.003 -24"><span class='ocrx_word' id='word_1_737' title='bbox 2137 5309 2371 5378; x_wconf 76' lang='grc' dir='ltr'>κλησίας</span> <span class='ocrx_word' id='word_1_738' title='bbox 2402 5314 2489 5362; x_wconf 79' lang='grc' dir='ltr'><strong>τὸν</strong></span> <span class='ocrx_word' id='word_1_739' title='bbox 2534 5311 2680 5364; x_wconf 83' lang='grc' dir='ltr'>Θεῑον</span> <span class='ocrx_word' id='word_1_740' title='bbox 2719 5312 2877 5381; x_wconf 89' lang='grc' dir='ltr'>λόγον</span> <span class='ocrx_word' id='word_1_741' title='bbox 2907 5313 2986 5380; x_wconf 86' lang='grc' dir='ltr'>τῷ</span> <span class='ocrx_word' id='word_1_742' title='bbox 3035 5313 3233 5385; x_wconf 75' lang='grc' dir='ltr'>πλήθει</span> <span class='ocrx_word' id='word_1_743' title='bbox 3271 5314 3583 5383; x_wconf 84' lang='grc' dir='ltr'>διωμιλεῖτο</span> <span class='ocrx_word' id='word_1_744' title='bbox 3608 5329 3622 5342; x_wconf 89' lang='grc'><strong>·</strong></span> <span class='ocrx_word' id='word_1_745' title='bbox 3652 5308 3713 5365; x_wconf 77' lang='grc' dir='ltr'>οὗ</span> 
     </span>
    </p>
   </div>
   <div class='ocr_carea' id='block_1_112' title="bbox 2140 5403 3715 5475">
    <p class='ocr_par' dir='ltr' id='par_1_112' title="bbox 2140 5403 3715 5475">
     <span class='ocr_line' id='line_1_112' title="bbox 2140 5403 3715 5475; baseline 0.003 -23"><span class='ocrx_word' id='word_1_746' title='bbox 2140 5419 2313 5472; x_wconf 77' lang='grc' dir='ltr'>φησιν</span> <span class='ocrx_word' id='word_1_747' title='bbox 2348 5403 2533 5469; x_wconf 67' lang='grc' dir='ltr'>αὐτὸς,</span> <span class='ocrx_word' id='word_1_748' title='bbox 2573 5404 2849 5475; x_wconf 78' lang='grc' dir='ltr'>ἀκουστὴν</span> <span class='ocrx_word' id='word_1_749' title='bbox 2878 5407 3133 5472; x_wconf 68' lang='grc' dir='ltr'>γενέσθαι</span> <span class='ocrx_word' id='word_1_750' title='bbox 3170 5407 3261 5459; x_wconf 68' lang='grc' dir='ltr'><strong>τὸν</strong></span> <span class='ocrx_word' id='word_1_751' title='bbox 3289 5406 3575 5475; x_wconf 83' lang='grc' dir='ltr'>Παμφίλου</span> <span class='ocrx_word' id='word_1_752' title='bbox 3610 5405 3715 5457; x_wconf 78' lang='grc' dir='ltr'><strong>Εὑ-</strong></span> 
     </span>
    </p>
   </div>
   <div class='ocr_carea' id='block_1_113' title="bbox 2142 5486 3713 5569">
    <p class='ocr_par' dir='ltr' id='par_1_113' title="bbox 2142 5486 3713 5569">
     <span class='ocr_line' id='line_1_113' title="bbox 2142 5486 3713 5569; baseline 0.001 -24"><span class='ocrx_word' id='word_1_753' title='bbox 2142 5494 2349 5551; x_wconf 88' lang='grc' dir='ltr'>σέϐιον.</span> <span class='ocrx_word' id='word_1_754' title='bbox 2398 5496 2520 5548; x_wconf 83' lang='grc' dir='ltr'>Ἐπὶ</span> <span class='ocrx_word' id='word_1_755' title='bbox 2571 5497 2626 5549; x_wconf 77' lang='grc' dir='ltr'>δὲ</span> <span class='ocrx_word' id='word_1_756' title='bbox 2670 5486 3155 5568; x_wconf 47' lang='grc' dir='ltr'>τῆς³Αλεξάνδρου</span> <span class='ocrx_word' id='word_1_757' title='bbox 3189 5498 3407 5569; x_wconf 87' lang='grc' dir='ltr'>Πιέριος</span> <span class='ocrx_word' id='word_1_758' title='bbox 3442 5497 3713 5566; x_wconf 65' lang='grc' dir='ltr'>ἐπίσημος</span> 
     </span>
    </p>
   </div>
   <div class='ocr_carea' id='block_1_114' title="bbox 2138 5574 3711 5661">
    <p class='ocr_par' dir='ltr' id='par_1_114' title="bbox 2138 5574 3711 5661">
     <span class='ocr_line' id='line_1_114' title="bbox 2138 5574 3711 5661; baseline -0.001 -20"><span class='ocrx_word' id='word_1_759' title='bbox 2138 5582 2230 5658; x_wconf 82' lang='grc' dir='ltr'>ἦν,</span> <span class='ocrx_word' id='word_1_760' title='bbox 2277 5590 2654 5659; x_wconf 82' lang='grc' dir='ltr'>πρεσϐύτερος</span> <span class='ocrx_word' id='word_1_761' title='bbox 2704 5590 2804 5659; x_wconf 84' lang='grc' dir='ltr'><strong>μὲν</strong></span> <span class='ocrx_word' id='word_1_762' title='bbox 2844 5591 2944 5661; x_wconf 78' lang='grc' dir='ltr'>τὴν</span> <span class='ocrx_word' id='word_1_763' title='bbox 2984 5589 3162 5656; x_wconf 78' lang='grc' dir='ltr'>ἀξίαν,</span> <span class='ocrx_word' id='word_1_764' title='bbox 3213 5574 3449 5660; x_wconf 68' lang='grc' dir='ltr'>ἀκτησίᾲ</span> <span class='ocrx_word' id='word_1_765' title='bbox 3483 5588 3537 5642; x_wconf 78' lang='grc' dir='ltr'>δὲ</span> <span class='ocrx_word' id='word_1_766' title='bbox 3593 5588 3711 5657; x_wconf 76' lang='grc' dir='ltr'>βίου</span> 
     </span>
    </p>
   </div>
   <div class='ocr_carea' id='block_1_115' title="bbox 2139 5680 3716 5753">
    <p class='ocr_par' dir='ltr' id='par_1_115' title="bbox 2139 5680 3716 5753">
     <span class='ocr_line' id='line_1_115' title="bbox 2139 5680 3716 5753; baseline -0.001 -19"><span class='ocrx_word' id='word_1_767' title='bbox 2139 5682 2236 5735; x_wconf 74' lang='grc' dir='ltr'><strong>καὶ</strong></span> <span class='ocrx_word' id='word_1_768' title='bbox 2292 5684 2358 5751; x_wconf 81' lang='grc' dir='ltr'>τῇ</span> <span class='ocrx_word' id='word_1_769' title='bbox 2392 5681 2514 5735; x_wconf 74' lang='grc' dir='ltr'>καθ’</span> <span class='ocrx_word' id='word_1_770' title='bbox 2544 5681 2811 5752; x_wconf 77' lang='grc' dir='ltr'>Ἕλληνας</span> <span class='ocrx_word' id='word_1_771' title='bbox 2859 5682 3080 5752; x_wconf 75' lang='grc' dir='ltr'>παιδείᾳ</span> <span class='ocrx_word' id='word_1_772' title='bbox 3114 5686 3208 5736; x_wconf 70' lang='grc' dir='ltr'><strong>καὶ</strong></span> <span class='ocrx_word' id='word_1_773' title='bbox 3253 5681 3545 5753; x_wconf 73' lang='grc' dir='ltr'>φιλοσοφίᾳ</span> <span class='ocrx_word' id='word_1_774' title='bbox 3572 5680 3716 5735; x_wconf 79' lang='grc' dir='ltr'>δεδο·</span> 
     </span>
    </p>
   </div>
   <div class='ocr_carea' id='block_1_116' title="bbox 2213 5818 3305 5892">
    <p class='ocr_par' dir='ltr' id='par_1_116' title="bbox 2213 5818 3305 5892">
     <span class='ocr_line' id='line_1_116' title="bbox 2213 5818 3305 5892; baseline 0.001 -19"><span class='ocrx_word' id='word_1_775' title='bbox 2213 5818 2291 5890; x_wconf 76' lang='grc'><strong>(5)</strong></span> <span class='ocrx_word' id='word_1_776' title='bbox 2318 5818 2520 5874; x_wconf 85' lang='lat' dir='ltr'><strong>Euseb.</strong></span> <span class='ocrx_word' id='word_1_777' title='bbox 2559 5820 2655 5875; x_wconf 88' lang='lat' dir='ltr'><strong>lib.</strong></span> <span class='ocrx_word' id='word_1_778' title='bbox 2689 5836 2788 5887; x_wconf 84' lang='lat' dir='ltr'><strong>vn,</strong></span> <span class='ocrx_word' id='word_1_779' title='bbox 2831 5834 2951 5890; x_wconf 82' lang='lat' dir='ltr'><strong>cap.</strong></span> <span class='ocrx_word' id='word_1_780' title='bbox 2985 5820 3054 5875; x_wconf 70' lang='lat'><strong>52</strong></span> <span class='ocrx_word' id='word_1_781' title='bbox 3081 5819 3305 5892; x_wconf 87' lang='lat' dir='ltr'><strong>Cyrillo.</strong></span> 
     </span>
    </p>
   </div>
  </div>
