4052 6434
368 426 468 516 12η
484 455 499 515 1

1292 450 1912 513 ECCLESIASTICAE
1956 451 2356 513 HlSTORl/E
2385 456 2532 516 LIB.
2568 456 2668 519 VI.

3503 454 3645 518 1209

368 562 716 635 κιμασμένος
743 579 758 597 ⁶
784 564 905 627 ταῖς
927 580 990 633 γε
1022 563 1129 634 μὴν
1162 563 1288 634 περὶ
1312 563 1379 616 τὰ
1405 563 1525 617 θεῖα
1554 563 1836 627 σπουδαῖς,
1870 563 1963 614 καὶ

2071 563 2316 618 omnium
2367 567 2622 622 meritus.
2660 565 3056 637 Episcopatum
3106 566 3183 623 ibi
3237 575 3351 623 tum
3408 568 3641 623 admini-

368 662 490 721 ταῖς
526 660 584 711 ὲν
631 657 796 727 κοινῷ
826 656 1095 721 διαλέξεσι
1144 660 1239 710 καὶ
1276 657 1631 726 ἐξηγήσεσιν.
1661 654 1959 726 ὑπερφυῶς

372 750 795 820 θαυμαζόμενος
822 768 833 781 ·
865 750 1058 803 Θεωνᾶ
1107 749 1163 802 δὲ
1192 752 1260 819 τῇ
1295 750 1573 819 ἐπισκοπῇ
1622 749 1958 819 διαπρέπον-

368 857 460 901 τος
521 839 900 909 Ἀλεξάνδρου,
936 840 1080 893 κατὰ
1126 840 1324 893 ταυτὸν
1367 839 1574 909 Πιερίῳ
1605 839 1662 891 ὲν
1712 838 1959 909 καθέδρᾳ

371 934 770 1004 πρεσϐυτέρων
815 936 909 988 καὶ
978 934 1231 1003 Ἀχιλλᾶς
1278 932 1685 1004 γνωριζόμενος
1714 927 1805 1002 ἦν,
1856 931 1959 1000 τὴν

369 1027 469 1094 τῆς
498 1026 851 1087 διδασκαλίας
881 1026 1020 1099 ἔχων
1068 1026 1373 1097 ἐπιτροπὴν
1402 1025 1500 1094 τῆς
1532 1026 1687 1096 ἱερᾶς
1726 1026 1960 1094 ἐπιστή-

374 1137 508 1190 μης.
553 1119 877 1188 φιλοσοφίας
934 1117 1327 1189 ἠκριϐωμένης
1374 1117 1437 1172 τὸ
1482 1117 1668 1187 ἔργον,
1725 1117 1822 1170 καὶ
1857 1119 1959 1185 τῆς

371 1213 605 1285 κατὰττὺ
651 1214 980 1282 Εὑαγγέλιον
1023 1213 1306 1276 πολιτείας
1344 1212 1404 1265 τὸ
1433 1214 1677 1282 γνήσιον,
1731 1211 1959 1281 ἐναργέ-

373 1324 544 1359 στατα
596 1308 1059 1376 ἐπιδεδειγμένος.
1112 1306 1373 1368 Μελίτιος
1424 1305 1482 1359 δὲ
1537 1307 1597 1359 ὲν
1646 1307 1760 1368 τοῖς
1815 1304 1958 1358 κατὰ

370 1400 574 1453 Πόντον
624 1398 954 1469 ἐγνωρίζετο
1018 1399 1281 1470 μέρεσιν·
1320 1398 1379 1452 ὃν
1427 1398 1478 1451 οἱ
1533 1397 1636 1467 τῆς
1684 1396 1958 1466 Ἑλλήνων

371 1490 563 1557 σοφίας
615 1489 1056 1558 ἀντιποιούμενοι
1103 1490 1165 1542 τὸ
1210 1488 1336 1559 μέλι
1368 1489 1468 1558 τῆς
1504 1487 1768 1557 Ἀττικῆς
1825 1486 1958 1540 ἐκά-

369 1585 495 1635 λουν
528 1583 713 1637 αὐτόν.
763 1581 1032 1635 Τοσοῦτον
1078 1581 1134 1635 δὲ
1169 1582 1296 1653 περὶ
1346 1580 1513 1636 αὐτοῦ
1561 1581 1740 1633 εἰπεῖν
1787 1580 1958 1649 ἀναγ-

370 1677 547 1741 καῖον,
577 1675 651 1737 ὡς
694 1675 748 1728 εἴ
774 1693 856 1738 τις
886 1674 997 1728 τῶν
1030 1676 1089 1727 ὲν
1135 1675 1319 1743 λόγοις
1361 1673 1699 1726 τελεώτατον
1729 1671 1960 1741 διαγρά-

372 1785 494 1835 φειν
545 1767 750 1835 ἐζήτει,
806 1767 1015 1819 ἐκεῖνον
1068 1765 1195 1819 ίδὼν
1241 1764 1628 1835 ἀρκεσυῆνειι·
1687 1762 1958 1832 ῥητορικὴ

374 1860 474 1927 μὲν
505 1859 614 1927 γὰρ
645 1861 677 1928 ή
707 1857 871 1927 φύσις
910 1856 1092 1927 αὐτῷ·
1121 1858 1253 1911 ὥστ’
1285 1860 1332 1911 εἰ
1360 1858 1502 1910 κατὰ
1544 1855 1707 1915 τοῦτο
1744 1854 1959 1925 θαυμά-

372 1952 587 2021 ζοιμεν,
635 1951 696 2004 τὸ
731 1952 1011 2022 προσῆκον
1037 1951 1138 2003 οὐκ
1169 1949 1234 2003 ἂν
1275 1949 1549 2018 εἴποιμεν.
1586 1949 1697 2019 Τῆς
1749 1964 1810 2015 γε
1854 1946 1962 2017 μὴν

373 2045 540 2110 ἄλλης
586 2042 757 2096 αὐτοῦ
794 2042 1152 2113 πολυπειρίας
1189 2041 1283 2096 καὶ
1330 2040 1696 2111 φιλομαθείας
1728 2039 1842 2093 οὐδ’
1871 2040 1963 2091 ὲν-

372 2135 566 2204 νοῆσαί
592 2152 642 2187 τι
679 2135 843 2188 πλέον
879 2134 1089 2188 ἐκείνου
1114 2137 1349 2201 γένοιτο.
1377 2132 1481 2186 Τὸν
1509 2132 1615 2203 γὰρ
1640 2130 1725 2200 ἐφ’
1754 2132 1961 2202 ἑκάστῃ

373 2227 658 2296 ἐπιστήμῃ
716 2224 1052 2278 τελεώτατον
1098 2225 1294 2292 ἐκείνῳ
1350 2222 1727 2294 συμμίξαντα,
1784 2222 1962 2284 εἴποις

374 2319 441 2371 διν
482 2320 655 2386 μίνην
687 2317 971 2386 εἰληφέναι
1008 2317 1226 2385 πεῖραν,
1260 2315 1320 2367 οὗ
1351 2314 1411 2367 τδ
1460 2313 1665 2384 κράτος
1705 2314 1849 2383 ἔχειν
1878 2329 1962 2366 νεα

372 2410 598 2478 νόμιστο
629 2411 919 2480 πρότερον.
952 2410 1032 2462 Τὰ
1063 2411 1119 2462 δὲ
1153 2409 1254 2478 τῆς
1290 2410 1492 2478 ἀρετῆς
1520 2407 1581 2460 οὐ
1626 2408 1788 2477 μόνον
1818 2402 1961 2476 ἦσαν

375 2501 676 2568 ἐφάμιλλα,
711 2500 850 2553 ἀλλὰ
877 2503 925 2553 εί
958 2501 1124 2569 μηδὲν
1158 2500 1349 2569 ἐκείνῳ
1383 2500 1617 2568 προσῆν,
1652 2499 1845 2567 ἀρκεῖν
1876 2499 1962 2549 ὲν-

372 2593 564 2646 τεῦθεν
602 2594 831 2663 μηδενὸς
861 2595 970 2646 τῶν
997 2594 1122 2663 περὶ
1151 2593 1303 2646 ταῦτ’
1330 2592 1636 2661 εὐδοκίμων
1664 2588 1785 2643 κατ’
1808 2588 1962 2641 οὐδὲν

373 2685 497 2738 ὅσον
531 2704 593 2753 γε
642 2688 779 2755 πρδς
828 2686 987 2751 δόξαν
1032 2686 1341 2740 λείπεσθαι.
1397 2686 1492 2738 Ὃν
1525 2685 1660 2754 δῆτα
1706 2683 1822 2743 τοῖς
1866 2680 1961 2733 τοῦ

372 2779 617 2848 διωγμοῦ
671 2783 889 2847 καιροῖς
941 2780 1040 2849 τῆς
1098 2779 1467 2846 Παλαιστίνης
1519 2779 1713 2848 μέρεσι
1756 2774 2003 2844 διατρί-.

373 2870 541 2923 δοντα
576 2870 671 2939 ἔτη
705 2874 1047 2941 παραμεῖναι
1089 2871 1231 2924 ἐπτὰ
1260 2871 1419 2945 λογος
1444 2869 1578 2939 ἔχει.

2062 658 2262 712 stravit
2294 657 2571 712 Theonas.
2609 659 2679 714 Et
2717 675 2824 714 una
2856 674 2982 714 cum
3015 659 3197 715 Pierio
3232 661 3479 716 Achillas
3508 675 3647 730 quo-

2061 764 2171 820 que
2218 751 2275 803 in
2328 750 2781 823 presbyterorum
2832 752 3096 807 cathedra
3144 751 3361 807 laudem
3392 768 3644 822 magnam

2061 853 2148 899 cst
2192 856 2563 913 consecutus,
2600 860 2885 901 sacrarum
2920 846 3335 915 Scripturarum
3380 846 3645 901 doctrinae

2061 937 2433 1007 praepositus:
2468 954 2575 1008 qua
2615 939 2901 1008 provincia
2940 947 3091 995 recte
3124 940 3379 994 obeunda
3412 940 3645 993 multum

2062 1027 2113 1082 ei
2147 1028 2358 1096 profuit
2389 1028 2759 1098 philosophia:
2784 1028 3053 1093 studium,
3082 1047 3205 1099 quae
3228 1031 3445 1085 sincera
3469 1031 3646 1084 Evan-

2062 1114 2190 1185 gelii
2234 1115 2489 1185 dogmata
2534 1124 2591 1172 et
2636 1117 2892 1173 instituta
2935 1119 3245 1175 clarissime
3292 1121 3346 1174 in
3392 1131 3645 1189 apertum

2062 1208 2316 1277 protulit.
2345 1210 2403 1263 in
2429 1209 2803 1281 Pontixautem
2835 1212 3162 1282 regionibus
3190 1214 3437 1268 Melitius
3464 1213 3647 1281 magni

2062 1302 2304 1355 nominis
2360 1302 2507 1357 fuit:
2558 1320 2762 1374 quem,
2811 1306 2904 1375 qui
2956 1305 3199 1361 Graecam
3256 1316 3648 1361 consectantur

2061 1393 2409 1463 sapientiam,
2435 1398 2540 1451 mel
2566 1397 2758 1452 Atticm
2787 1399 3273 1468 cognominarunt.
3305 1399 3379 1453 De
3411 1414 3478 1453 co
3511 1399 3648 1451 illud

2060 1487 2226 1542 nobis
2262 1489 2580 1544 necessario
2620 1490 2918 1546 dicendum
2950 1500 3069 1557 est,
3107 1501 3169 1546 ut
3204 1490 3247 1546 si
3283 1492 3407 1561 quis
3444 1492 3497 1544 in
3531 1506 3649 1544 om-

2060 1579 2230 1635 nibus
2280 1581 2563 1650 praeclaris
2617 1581 2818 1637 studiis
2874 1582 3343 1653 perfectissimum
3403 1584 3644 1651 aliquem

2064 1674 2345 1728 hominem
2377 1673 2698 1730 describere
2734 1675 2897 1741 velit,
2932 1676 2984 1731 ei
3022 1686 3285 1746 tanquam
3327 1677 3645 1732 absolutum

2061 1766 2344 1835 exemplar
2364 1765 2604 1821 Melitins
2627 1765 2883 1823 sufﬁciat.
2899 1767 3005 1824 Ars
3030 1769 3174 1823 enim
3196 1770 3441 1824 oratoria
3465 1769 3645 1823 nativa

2064 1858 2118 1912 in
2144 1873 2210 1912 eo
2234 1868 2320 1912 est
2343 1857 2482 1913 visa.
2508 1860 2587 1913 Ac
2608 1860 2653 1914 si
2677 1874 2804 1914 eum
2828 1876 2895 1916 eo
2922 1870 3133 1915 tantum
3158 1862 3384 1917 nomine
3410 1861 3652 1916 admira-

2067 1966 2277 2015 remur,
2315 1952 2500 2007 minus
2543 1953 2595 2007 ei
2631 1968 2796 2023 quam
2843 1954 3076 2010 meritus
3108 1955 3209 2019 sit,
3252 1957 3647 2011 tribueremus.

2065 2044 2230 2116 434
2265 2045 2322 2099 ln
2357 2046 2482 2100 aliis
2525 2054 2707 2101 autem
2743 2047 2923 2102 omnis
2967 2048 3192 2119 generis
3235 2049 3438 2104 studiis
3484 2058 3651 2118 atque

2067 2134 2341 2189 doctrinis
2380 2135 2622 2205 amplius
2654 2137 2961 2207 quidquam
2984 2180 2998 2206 ,
3035 2153 3202 2209 quam
3237 2139 3327 2193 ille
3362 2151 3653 2194 assecutus

2067 2226 2159 2288 sit,
2190 2227 2399 2281 nemini
2433 2229 2486 2282 in
2520 2237 2762 2284 mentem
2793 2232 2983 2286 venire
3010 2241 3209 2301 potest.
3244 2233 3400 2298 Quod
3432 2235 3476 2287 si
3503 2234 3649 2287 cnim

2067 2317 2121 2371 iu
2150 2317 2442 2389 disciplina
2476 2334 2697 2390 quaque
2721 2322 3178 2379 absolutissimus
3202 2325 3492 2393 quisquam
3525 2340 3651 2376 cum

2069 2409 2164 2464 illo
2194 2410 2264 2466 de
2293 2427 2356 2466 ea
2390 2412 2556 2468 verba
2588 2415 2942 2475 contulisset,
2976 2416 3029 2469 in
3062 2431 3126 2470 ea
3158 2417 3274 2471 sola
3306 2432 3434 2471 eum
3468 2417 3649 2472 erudi-

2071 2513 2184 2555 tum
2229 2512 2394 2573 atque
2437 2506 2802 2562 exercitatum
2851 2508 3023 2564 fuisse
3056 2510 3330 2576 dixisses;
3375 2523 3425 2563 et
3459 2528 3654 2563 rursus

2071 2595 2137 2649 de
2169 2595 2274 2650 alia
2307 2608 2425 2653 artc
2462 2598 2505 2653 si
2551 2598 2675 2668 quis
2718 2617 2842 2656 cum
2886 2618 2953 2657 eo
2982 2605 3216 2673 egisset,
3252 2604 3304 2657 iu
3339 2620 3399 2657 ea
3434 2620 3654 2674 quoque

2069 2702 2193 2741 cum
2224 2688 2440 2758 longius
2473 2691 2771 2756 excellere,
2805 2708 2916 2762 prae
2942 2709 3010 2749 eo
3041 2695 3227 2749 studio
3257 2696 3309 2747 in
3351 2711 3463 2765 quo
3498 2696 3654 2763 prius

2070 2778 2277 2849 primas
2333 2778 2539 2836 habere
2588 2784 2744 2838 visus
2790 2794 2971 2851 esset,
3020 2786 3356 2857 judicasscs.
3414 2787 3657 2843 Virtutes

2074 2883 2240 2935 porro
2283 2885 2391 2923 non
2430 2872 2607 2926 solum
2645 2890 2768 2927 eum
2819 2885 2923 2930 tam
2958 2879 3107 2931 varia
3149 2879 3465 2933 eruditione
3502 2880 3553 2932 in
3591 2896 3657 2931 eo

374 2965 700 3028 certabant,
728 2981 921 3019 verum
950 2966 1114 3019 etiam
1188 2964 1231 3017 si
1302 2963 1440 3017 nihil
1476 2971 1737 3032 iprorsus
1779 2959 2161 3015 doctrinarum
2209 2963 2526 3029 habuisset,
2567 2967 2647 3021 hie
2678 2970 2812 3023 satis
2848 2970 2924 3023 illi
3000 2972 3258 3027 fuissent.
3294 2972 3445 3028 Adeo
3485 2974 3541 3027 in
3577 2974 3659 3027 eis

373 3058 441 3111 ad
490 3074 763 3113 summam
796 3057 1018 3112 laudem
1055 3066 1111 3112 et
1146 3057 1378 3125 gloriam
1412 3055 1553 3109 nihil
1581 3055 1788 3109 fecerat
1820 3053 2041 3122 reliqui.
2117 3053 2217 3109 llic
2287 3056 2340 3109 in
2379 3058 2492 3127 ipsa
2528 3060 2676 3128 gravi
2714 3066 3126 3131 persecutione,
3205 3074 3419 3136 septem
3482 3082 3660 3122 annos

374 3154 431 3212 in
461 3157 763 3211 Palaestinae
794 3156 1048 3226 partibus
1079 3153 1351 3209 mansisse
1374 3154 1599 3209 dicitur.

950 3272 1208 3328 ΚΕΦΑΛ.
1257 3275 1400 3340 Λςν.

374 3369 511 3438 Περὶ
538 3366 658 3423 τῶν
704 3368 776 3420 ἐν
798 3366 1121 3438 Λαοδικείᾳ
1167 3364 1494 3438 ἱερατικῶς-
1523 3363 1948 3438 ἡγησαμένων,

673 3439 771 3490 ἐπὶ
815 3438 1001 3505 σοφίᾳ
1033 3436 1365 3501 διαϐοήτων
1389 3434 1648 3502 ἀνδρῶν.

448 3557 561 3627 Τῆς
593 3554 637 3607 δ’
669 3556 726 3606 ὲν
761 3550 1057 3621 Λαοδικείᾳ.
1103 3550 1421 3619 παροικίας,
1478 3550 1620 3619 μετὰ
1655 3549 1957 3617 Σωκράτην

377 3650 638 3710 Εὐσέϐιος
671 3647 730 3699 τὸ
778 3644 1029 3716 ἱερᾶσθαι
1077 3642 1281 3712 λαχὼν,
1336 3642 1656 3711 καθηγεῖτο.
1692 3642 1805 3710 Τῆς
1851 3639 1957 3707 γὰρ

389 3743 744 3813 Ἀλεξάνδρου
775 3740 1026 3808 ὁρμήσας
1065 3737 1236 3810 (αἰτία
1264 3736 1308 3789 δ’
1342 3732 1410 3807 ἦν
1452 3734 1667 3796 Παῦλος
1697 3735 1724 3786 ὁ
1755 3735 1819 3786 ἐκ
1858 3734 1962 3784 Σα-

382 3840 633 3911 μοσάτων
665 3834 1102 3905 ἐξεταζόμενος),
1131 3836 1195 3903 τῇ
1224 3834 1393 3904 Συρίᾳ
1427 3829 1784 3903 προσϐάλλει.
1820 3828 1964 3896 Πρδς

379 3933 435 3986 δὲ
487 3932 598 3984 τῶν
647 3933 824 3982 ἐκεῖσε
858 3927 989 3997 περὶ
1039 3929 1108 3979 τὰ.
1159 3928 1277 3978 θεῖα
1324 3922 1742 3977 ἐσπουδακότων
1783 3920 1965 3973 οἴκαδε

381 4024 750 4093 ἀναστρέφειν
810 4023 1078 4090 εἴργεται,
1126 4017 1439 4089 ἀκροθίνιον
1484 4035 1537 4070 τι
1588 4015 1665 4085 τῷ
1713 4014 1968 4081 τηνικάδε

382 4114 561 4185 χρόνῳ
586 4114 687 4181 τῆς
716 4113 847 4184 περὶ
871 4110 1004 4163 Θεὸν
1044 4111 1286 4170 πίστεως
1316 4106 1744 4177 γνωριζόμενος.
1770 4101 1970 4155 Τοῦτον

384 4211 439 4263 δὲ
492 4209 799 4268 ’Λνατόλιος
844 4202 1146 4269 διεδέξατο,
1194 4201 1397 4269 ἀγαθὸς
1439 4200 1665 4270 ἀρίστου
1706 4197 1971 4264 διάδοχος,

384 4304 483 4370 τὴν
526 4301 944 4369 Ἀλεξίινδρειαν
991 4299 1092 4367 μὲν
1140 4296 1237 4347 καί⁹
1274 4290 1429 4360 οὗτος
1469 4294 1659 4366 αὐχῶν
1707 4291 1973 4363 πατρίδα,

383 4399 453 4452 τὰ
489 4396 678 4468 πρῶτοι
711 4394 754 4447 δ’
805 4397 861 4446 ὲν
890 4396 954 4463 τῇ
1013 4393 1118 4457 ἔξω
1168 4392 1333 4461 σοφίᾳ
1365 4392 1457 4443 καὶ
1506 4390 1628 4444 καθ’
1655 4378 1829 4458 ἡμᾶς,
1881 4389 1974 4440 καὶ

383 4488 496 4542 τῶν
530 4488 655 4540 λίαν
692 4486 983 4554 ἐπισήμων
1016 4484 1258 4546 ἁπάσαις
1295 4485 1499 4553 ψήφοις
1525 4483 1974 4552 κεκληρωμένος⁹

386 4583 482 4636 ﬁre
508 4583 572 4650 δὴ
601 4583 677 4641 είς
707 4581 898 4649 ἄκρον,
932 4578 1031 4646 ὅση
1059 4578 1190 4646 περὶ
1218 4577 1588 4646 γεωμετρίαν,
1613 4579 1705 4629 καὶ
1727 4575 1975 4644 ἀριθμῶν

2603 3273 2830 3333 CAPUT
2884 3275 3123 3332 XXXVI.

2059 3363 2136 3418 De
2154 3365 2562 3421 Laodicensibus
2594 3369 2867 3437 episcopis,
2901 3371 3165 3438 sapientia
3195 3370 3490 3425 illustribus
3511 3371 3656 3425 viris.

2129 3551 2488 3607 Laodicensis
2528 3552 2789 3627 chlesiae
2827 3569 3046 3610 sacrum
3092 3572 3296 3611 munus
3330 3558 3499 3627 gessit
3533 3573 3656 3626 pOSt

2063 3643 2346 3698 Socratem
2406 3645 2704 3700 Eusebius.
2775 3647 2869 3712 Is,
2912 3646 3273 3704 Alexandria
3333 3650 3644 3719 profectus.

2066 3745 2292 3804 propter
2338 3738 2571 3791 Paulum
2608 3738 3070 3806 Samosatepum,
3110 3742 3164 3794 in
3206 3756 3372 3811 quem
3416 3752 3529 3796 tum
3576 3744 3658 3794 in-

2065 3829 2427 3898 quirebatur,
2461 3831 2517 3884 in
2555 3830 2770 3903 Syriam
2816 3833 2991 3888 venit.
3039 3833 3196 3889 Unde
3240 3835 3308 3890 ab
3341 3836 3408 3889 iis
3449 3837 3541 3905 qui
3581 3836 3652 3888 illi

2067 3923 2383 3977 divinarum
2415 3939 2601 3979 rerum
2635 3925 2873 3980 studiosi
2908 3936 3090 3990 erant,
3123 3927 3176 3981 in
3208 3929 3438 3996 patriam
3477 3928 3653 3981 Γθάὶΐιι

2070 4024 2159 4070 est
2191 4017 2491 4085 impeditus
2518 4033 2531 4070 :
2567 4018 2717 4087 quod
2749 4020 3048 4073 maximum
3080 4019 3367 4089 religionis
3394 4030 3560 4090 atque
3604 4022 3656 4073 in

2072 4111 2244 4164 Deum
2287 4108 2412 4164 ﬁdei
2446 4112 2769 4181 prmsidium
2799 4121 2853 4167 et
2887 4113 3141 4167 columen
3177 4113 3286 4168 illis
3317 4113 3661 4183 temporibus

2074 4215 2421 4271 censeretur.
2455 4205 2588 4276 Ejus
2623 4205 2825 4260 deinde
2860 4206 3042 4260 locum
3080 4207 3368 4261 Anatolius
3397 4208 3657 4265 obtinuit,

2079 4295 2274 4364 Optimi
2295 4297 2611 4352 decessoris
2632 4296 2808 4351 bonus
2837 4310 3146 4361 successor.
3172 4298 3310 4351 lluic
3328 4299 3656 4352 Alexandria

2077 4389 2256 4458 patria
2283 4387 2406 4443 fuit.
2438 4388 2724 4458 Praecipua
2758 4399 2908 4442 certe
2936 4388 3056 4443 laus
3080 4388 3130 4442 ei
3159 4389 3211 4441 in
3242 4390 3467 4456 profana
3496 4392 3657 4443 simul

2078 4491 2134 4537 et
2178 4496 2334 4535 sacra
2373 4480 2758 4550 philosophia,
2796 4480 3058 4533 omnibus
3085 4480 3331 4549 omnium
3370 4484 3662 4548 [πηοί-Ιππο-

2083 4589 2205 4627 rum
2256 4573 2506 4627 virorum
2551 4570 2778 4626 calculis
2813 4582 2896 4624 cst
2940 4570 3143 4623 tributa
3179 4586 3192 4619 :
3235 4579 3293 4623 ut
3337 4572 3421 4629 ci,
3456 4573 3548 4639 qui
3593 4580 3656 4624 ιω

386 4672 704 4739 ἀναλογίαν,
757 4674 850 4723 καί¹
906 4667 1314 4736 ἀστρονομίαν,
1362 4666 1713 4735 διαλεκτικήν
1766 4683 1823 4717 τε
1879 4664 1967 4718 καί

2084 4680 2356 4720 summam
2390 4663 2642 4732 peritiam
2678 4661 3021 4732 geometriae,
3062 4663 3435 4732 preportiouis
3469 4680 3631 4715 nume

386 4767 626 4837 φυσικὴν
678 4765 773 4817 καὶ
824 4761 1146 4829 θεολογικὴν
1198 4759 1541 4828 φιλοσοφίαν,
1584 4763 1718 4829 πρὸς
1772 4760 1828 4813 δὲ
1883 4759 1975 4812 καὶ

387 4863 498 4915 τῶν
534 4864 591 4912 ἐν
626 4856 885 4929 ῥητορεία
918 4853 1264 4924 μαθημάτων
1296 4853 1513 4915 ἐλάσας.
1561 4854 1749 4904 Οὖδενὶ
1778 4854 1887 4922 γὰρ
1916 4854 1975 4905 τὸ

391 4958 506 5009 ἴσον
541 4955 688 5024 ἔχειν
740 4951 991 5021 παρῆκεν
1037 4946 1222 5016 αὐτῷ’
1278 4946 1337 5000 ὃν
1371 4947 1530 5014 λόγος
1583 4947 1696 5016 ἔχει
1739 4949 1832 5004 καὶ
1876 4949 1977 5015 τῆς

388 5045 508 5100 κατ’
542 5044 920 5112 Ἀριστοτέλην
938 5040 1224 5110 διατριϐῆς
1258 5038 1478 5109 πρῶτον
1519 5040 1825 5106 ἀξιωθέντα
1880 5057 1976 5093 ou-

389 5138 693 5207 στήσασθαι
720 5138 818 5205 τὴν
846 5120 1066 5203 σχολήν.
1097 5134 1275 5203 Ἔργα
1310 5132 1408 5202 μὲν
1436 5130 1529 5185 οὖν
1555 5132 1756 5203 ἄριστα
1786 5132 1976 5185 τοῦτον

386 5229 789 5300 διαπράξασθαι
838 5225 958 5279 κατ’
1001 5225 1411 5291 Ἀλεξάνδρειαν
1459 5225 1516 5275 ὲν
1551 5227 1618 5295 τῇ
1667 5227 1761 5278 τοῦ
1808 5226 1976 5295 Βρου-

390 5324 507 5394 χίου
559 5322 851 5392 πολιορκίᾳ
890 5321 1199 5391 ἱστόρηται.
1239 5321 1350 5373 Καὶ
1379 5320 1507 5389 περὶ
1538 5321 1637 5391 τῆς
1686 5320 1976 5391 ίσημερίας

388 5417 483 5470 τοῦ
530 5417 725 5486 Πάσχα
772 5415 1206 5486 ἀκριϐεστάτους
1245 5415 1407 5484 ὄρους
1443 5413 1687 5480 ὑπέδειξε
1713 5430 1729 5446 ο
1772 5416 1866 5467 καὶ
1901 5415 1978 5467 εί-

392 5513 651 5580 σαγωγ-Ξις
684 5512 741 5564 δὲ
776 5508 1153 5580 ἀριθμητικὰς
1189 5509 1245 5558 ἐν
1277 5508 1409 5560 δέκα
1443 5510 1848 5576 συγγράμμασι
1876 5525 1978 5561 κα-

390 5604 704 5664 ταλέλοιπε,
730 5604 826 5656 καὶ
858 5602 995 5655 ἄλλα
1021 5602 1273 5667 πλεῖστα,
1302 5598 1528 5664 ἔνδειξιν
1550 5600 1651 5653 οὐκ
1681 5601 1977 5669 ἐλαχίστην

391 5698 487 5765 τῇς
537 5697 665 5766 περὶ
712 5697 782 5748 τὰ
833 5695 979 5748 καλὰ
1033 5695 1270 5767 σπουδῆς
1321 5693 1488 5747 αὑτοῦ
1542 5695 1974 5763 παριστάνοντα.

469 5832 546 5897 (l)
576 5831 776 5886 Euseb.
817 5841 874 5885 ut
904 5848 1093 5901 supra,
1149 5835 1497 5903 πυρουχείον,
1518 5832 1771 5900 “publicae
1805 5846 1976 5884 anno-

397 5916 477 5955 na
505 5913 555 5955 et
596 5902 781 5964 tritici,
811 5904 956 5972 quod
1009 5904 1185 5971 :upd;
1223 5902 1409 5960 (ira-re
1444 5903 1669 5965 dieitur,
1732 5913 2005 5969 νοω-μων

2081 4774 2294 4822 rerum,
2323 4757 2700 4822 astronomiae,
2725 4755 3052 4817 dialectice,
3082 4756 3343 4826 physica,
3376 4757 3639 4825 ipsiusque

2079 4852 2218 4907 adeo
2245 4851 2567 4921 theologica:
2595 4850 2898 4919 sapientiae,
2927 4851 3243 4920 artiumquc
3276 4852 3493 4905 dicendi
3548 4868 3653 4903 om—

2081 4949 2233 5003 nium
2289 4945 2648 5018 pervenerit,
2697 4944 3086 5016 neminemque
3147 4947 3253 5000 sibi
3303 4964 3483 5016 parum
3542 4965 3643 5002 οδε(

2081 5056 2276 5111 passus
2316 5041 2409 5093 sit.
2443 5039 2621 5104 Quem
2656 5036 2798 5092 fama
2833 5038 3000 5092 etiam
3043 5050 3125 5093 est
3159 5040 3385 5108 dignum
3430 5058 3550 5095 t‘Sse
3582 5043 3653 5111 ξιτ.

2082 5133 2370 5197 dicatum,
2428 5131 2523 5200 qui
2593 5131 2806 5200 primus
2870 5132 3277 5187 Aristotelicum
3349 5134 3656 5187 institueret

2083 5226 2353 5280 scholam.
2382 5224 2667 5293 Multaque
2701 5223 2747 5277 is
2782 5223 3127 5279 Alexandriae
3152 5225 3374 5278 Bruchii
3405 5226 3481 5294 (Ι)
3515 5228 3649 5277 nhs;

2080 5318 2262 5373 dionis
2288 5325 2539 5387 tempore
2565 5318 2618 5372 in
2641 5316 2789 5371 civili
2815 5317 3166 5372 dissensione
3197 5327 3253 5371 et
3275 5318 3435 5372 famis
3467 5317 3634 5371 disi-ri

2082 5411 2264 5475 mine,
2300 5418 2532 5480 propter
2563 5425 2798 5465 annona:
2836 5411 3184 5480 angustiam,
3218 5412 3427 5480 Optime
3464 5413 3639 5467 feciss:

2081 5504 2412 5574 civibusque
2454 5505 2798 5559 con5uluisse
2831 5505 3090 5560 traditur.
3135 5505 3202 5559 Et
3230 5506 3472 5561 rationes
3504 5508 3663 5560 lines.—

2080 5615 2190 5670 que
2219 5606 2429 5662 certos,
2464 5597 2673 5652 Pascha
2704 5597 3076 5666 :equinoctiali
3114 5607 3359 5668 tempore
3383 5601 3655 5655 celebran-

2081 5693 2211 5745 dum
2247 5707 2369 5746 esse
2402 5691 2693 5745 ostendit:
2725 5691 3126 5746 Arithmeticas
3154 5691 3540 5746 institutiones
3574 5693 3633 5743 ilr

2080 5831 2264 5955 ﬁdum
2308 5829 2846 5937 atque_g)ranarium.
2902 5829 3159 5885 Refertur
3200 5831 3305 5886 hoc
3336 5829 3405 5885 ab
3461 5830 3664 5886 Euscin

2104 5920 2114 5954 i
2166 5943 2172 5952 .
2211 5918 2301 5955 vn.
2336 5917 2453 5955 can.
2485 5916 2571 5954 αι.

2104 5916 2172 5955 il).
2211 5918 2301 5965 vn,
2336 5917 2453 5969 cap.
2485 5916 2571 5954 δῖ.
