4052 6438
372 427 514 487 ειῖθὸ

1300 420 1900 483 ECCLESIASTIQE
1941 417 2335 480 HISTORUE
2372 418 2519 480 LIB.
2569 415 2705 476 VII.

3495 400 3631 465 1206

379 538 666 601 ἐπέϐαλεν,
717 537 1211 608 Ἑκκλησιαστικὴν
1245 536 1489 606 ἱστορίαν
1512 536 1727 607 πρῶτος
1754 535 1956 605 ὀνομά-

2084 543 2115 588 τι
2147 533 2335 587 decem
2377 532 2500 586 aliis
2543 527 2917 598 evangelicam
2969 521 3500 579 demonstrationem
3544 530 3633 575 est

381 649 482 694 σας
506 630 605 702 τὴν
638 630 841 701 βίϐλον.
877 630 1021 685 Δέκα
1046 631 1090 682 δ’
1122 634 1178 684 ὲν
1209 631 1397 700 τόμοις
1429 631 1702 683 καὶτοῦτο
1733 630 1790 681 το
1830 626 1954 680 σύν-

383 739 572 792 ταγμα
634 723 1032 791 περικλείεται.
1090 723 1200 775 Καὶ
1249 722 1383 794 ἄλλη
1449 721 1505 774 δὲ
1552 720 1718 774 αὑτοῦ
1778 720 1957 791 βίϐλος

385 811 712 883 ἐμνξέρεται,
750 811 818 882 ἢν
861 815 1100 867 Κανόνα
1139 811 1441 880 ἐπέγραψε,
1476 811 1573 870 τὰς
1606 809 1712 864 τῶν
1750 812 1958 879 χρῦνων

386 903 761 974 ἀκριόουμένη
792 907 1030 977 γραφάς.
1073 905 1184 961 Καὶ
1213 907 1295 967 είς
1321 905 1414 957 τὸν
1449 904 1565 975 βίον
1594 903 1651 956 δὲ
1680 905 1964 956 Κωνστανυ

386 998 558 1058 τίιου,
612 997 1006 1064 πέντενλογους
1052 997 1324 1061 ἐξέδωκε*
1357 997 1451 1049 καὶ
1499 995 1688 1067 ἕτερον
1722 994 1779 1047 δὲ
1826 993 1962 1062 πρὸς

388 1089 575 1152 αὑτὸν,
607 1089 667 1141 ὂν
707 1091 1312 1158 Τριακονταετηρικόν
1352 1090 1667 1159 ἐπιγράφει.
1699 1088 1809 1142 Καὶ
1837 1087 1966 1138 Στε-

393 1180 547 1249 φάνῳ
576 1180 838 1247 περὶτῶν
870 1182 927 1233 ὲν
957 1183 1071 1244 τοῖς
1123 1183 1291 1252 ἱεροῖς
1334 1180 1690 1249 Εὐαγγελίοις
1723 1180 1965 1248 ἀπορου-

398 1273 573 1341 μένων
633 1274 822 1344 ἕτερον
855 1275 1164 1345 ἀνατίθησι.
1222 1276 1332 1329 Καὶ
1364 1275 1501 1330 ἄλλα
1551 1274 1784 1344 διάφορα
1833 1289 1967 1340 συγ-

393 1364 701 1433 γράμματα
724 1366 1106 1428 καταλέλοιπε,
1139 1368 1336 1437 πολλὴν
1359 1368 1546 1434 ὄνησιν
1572 1369 1636 1437 τῇ
1674 1363 1970 1435 Ἐκκλησίᾳ

396 1455 744 1522 εἰσφέροντα.
784 1457 934 1525 Πλὴν
969 1457 1212 1522 τοιοῦτος
1240 1456 1338 1523 ὢν,
1385 1459 1443 1511 ἐν
1473 1458 1691 1521 πολλοῖς
1717 1455 1970 1525 φαίνεται

396 1545 468 1597 τὰ
510 1546 724 1617 Ἀρείου
762 1549 1104 1616 πρεσϐεύων,
1138 1550 1235 1603 ἅτε
1268 1549 1330 1619 δὴ
1379 1550 1584 1617 κτίσμα
1612 1550 1705 1601 τὸν
1737 1546 1888 1613 Υίὺν,
1915 1546 1974 1611 ἐξ

398 1630 474 1688 ὧν
502 1640 758 1705 συνάγειν
794 1641 932 1706 ἔστι,
957 1642 1141 1695 καλῶν
1168 1658 1183 1673 ο
1213 1641 1319 1694 κᾶν
1347 1642 1645 1713 Σωκράτης
1675 1641 1702 1693 ὀ
1740 1641 1803 1692 ἐκ
1830 1640 1978 1691 Ναυ-

403 1730 534 1782 άτου
578 1731 646 1783 τὰ
693 1732 1131 1803 ἐκκλησιαστικὰ
1177 1735 1274 1786 καὶ
1326 1733 1487 1797 αὐτὸς
1537 1733 1868 1797 συντάττων,
1920 1731 1977 1782 ὲν

400 1820 481 1888 τῷ
510 1821 750 1892 δευτέρῳ
779 1826 890 1877 τῶν
921 1824 1105 1894 τόμων
1135 1825 1386 1879 ἔνστασιν
1427 1826 1527 1879 οὐκ
1556 1823 1846 1894 ἐλαχίστην
1884 1839 1979 1874 πε-

2059 622 2397 691 complexus.
2423 620 2492 674 Et
2520 618 2733 689 primus
2768 618 2886 686 ipse
2914 629 3139 668 manum
3172 613 3435 683 praesenti
3472 626 3635 679 argu-

2060 722 2249 763 mento
2280 709 2548 775 admovit,
2596 707 2920 778 primusque
2951 705 3125 759 libros
3163 718 3262 759 eos
3295 700 3636 756 ecclesiasti-

2063 820 2182 860 cam
2237 803 2532 858 Historiam
2585 799 2900 869 appellavit,
2953 796 3260 863 decemque
3302 805 3423 847 eam
3476 789 3639 844 tomis

2064 895 2321 952 absolvit.
2366 894 2458 948 Est
2492 901 2548 945 et
2579 890 2729 945 aliud
2775 891 2896 960 ejus
2930 884 3215 947 volumen,
3258 883 3314 938 in
3358 897 3471 949 quo
3501 888 3638 934 tcm‘

2065 1002 2260 1058 porum
2298 994 2503 1041 certam
2532 992 2959 1048 accuratamque
2997 978 3271 1034 rationem
3302 974 3557 1043 digessit,
3586 982 3644 1025 et

2067 1047 2229 1149 quem
2288 1080 2572 1134 Cattonem
2627 1075 2946 1146 appellavit.
3011 1071 3250 1141 Scripsit
3300 1082 3525 1140 quoque
3574 1047 3663 1118 de.

2068 1172 2415 1228 Constantini
2454 1171 2577 1226 Vita
2603 1169 2779 1223 libros
2819 1167 3093 1236 quinque.
3129 1163 3322 1219 Edidit
3365 1171 3423 1215 et
3472 1159 3646 1213 alium

2071 1265 2136 1318 ad
2194 1263 2471 1326 eumdem,
2523 1274 2686 1331 quem
2747 1258 3133 1312 Tricennalem
3197 1252 3507 1321 inscripsit.
3566 1249 3648 1301 Ad

2074 1358 2417 1426 Stephanum
2459 1355 2590 1409 item
2626 1354 2792 1407 alium
2832 1351 2900 1405 de
2936 1350 3003 1404 iis
3030 1364 3152 1418 qua:
3179 1348 3232 1402 in
3256 1342 3570 1412 Evangeliis
3594 1340 3649 1393 in

2076 1450 2310 1505 dubiutn
2353 1463 2451 1504 seu
2496 1445 2933 1516 disputationem
2976 1447 3267 1496 vocantur.
3302 1435 3411 1490 Sed
3453 1444 3511 1489 et
3546 1433 3652 1487 alia

2077 1545 2224 1599 varia
2257 1542 2485 1610 reliquit
2523 1540 2749 1609 scripta,
2780 1552 2904 1608 quae
2938 1536 3174 1589 multum
3222 1528 3482 1585 Ecclesia:
3522 1525 3654 1579 ad‘e-

2078 1643 2212 1693 runt
2238 1635 2516 1690 utilitatis.
2555 1631 2759 1687 Verum
2792 1629 3081 1684 enimvero
3110 1623 3329 1682 etiamsi
3374 1622 3498 1676 talis
3538 1618 3657 1672 fue-

2082 1729 2175 1791 rit.
2211 1729 2267 1782 in
2299 1727 2491 1781 multis
2524 1736 2705 1779 tamen
2740 1737 2867 1778 eum
2907 1728 3138 1790 apparet
3173 1715 3287 1771 Arii
3320 1711 3657 1768 sententiam

2082 1821 2502 1892 comprobasse,
2548 1828 2607 1873 ut
2660 1815 2755 1886 qui
2814 1814 3017 1871 Filium
3066 1811 3256 1873 (sicuti
3316 1808 3368 1863 id
3419 1822 3485 1861 ex
3541 1805 3661 1875 ejus

405 1888 846 1986 ποίηταιξδρθὰ
901 1888 1120 1988 φρονεῖν
1160 1917 1473 1972 ἀναπείθων
1519 1917 1610 1971 τὸν
1656 1888 1851 1986 ἀνδρα,
1886 1916 1979 1968 καὶ

2084 1888 2305 1982 Scriptis
2339 1912 2603 1980 colligere
2634 1908 2789 1973 licet)
2825 1912 3137 1962 creaturam
3177 1910 3354 1958 vocet.
3399 1896 3664 1967 Quamvis

296 2007 309 2022 '
406 2006 779 2071 συκοφαντίαν
828 2007 1160 2077 ὑφίστασθαι
1214 2011 1481 2078 γενναίως
1543 2009 1978 2076 διατεινόμενος.

410 2097 603 2167 ῥήσεις
631 2100 689 2152 τέ
713 2117 868 2163 τινας
895 2102 1110 2156 ἐκείνου
1144 2106 1208 2174 τῇ
1237 2104 1504 2174 ἀπολογίᾳ
1538 2101 1978 2172 καταστρωννὺς.

407 2189 471 2240 τὸ
504 2190 876 2262 ἀναμφίὸολον
920 2196 1084 2266 δῆθεν
1129 2196 1392 2267 ἐχούσας*
1420 2198 1514 2250 καὶ
1560 2197 1638 2267 τῷ
1669 2199 1734 2267 τῇ
1792 2195 1984 2266 πρώτῃ

320 2341 343 2360 κ
410 2285 615 2354 συνόδῳ
660 2289 960 2355 παρεῖναι’
1008 2293 1103 2343 καὶ
1144 2290 1441 2360 σύμψηφον
1488 2290 1824 2343 καθεστάναι
1872 2290 1985 2350 τοῖς

406 2375 469 2426 τὸ
495 2376 786 2445 ὁμοούσιον
846 2380 993 2448 μάλα
1040 2382 1468 2451 πρεσϐεύσασιν.
1524 2380 1666 2449 Ἐγὼ
1706 2382 1751 2434 δ’
1786 2384 1833 2434 εί
1890 2380 1986 2449 μὲν

409 2467 676 2538 ἀγράφως
711 2473 813 2543 τὴν
859 2474 1026 2544 ὀρθὴν
1058 2476 1349 2544 ἠσπάσατο
1388 2474 1567 2541 δόξαν,
1615 2476 1936 2544 συντίθεμαι
1971 2492 1983 2504 ·

412 2562 461 2611 εί
501 2560 547 2613 δ’
577 2563 636 2626 ἐξ
664 2558 739 2617 ὧν
779 2566 991 2619 ἐκείνου
1033 2569 1297 2634 ἀνέγνων,
1330 2569 1526 2622 πολλοῦ
1557 2569 1661 2622 δέω
1713 2569 1989 2636 ὑγιαίνου-

414 2667 516 2703 σαν
562 2654 655 2707 xci.
698 2656 992 2725 ἁκίόδηλον
1026 2659 1126 2727 τὴν
1176 2660 1389 2713 ἐκείνου
1438 2660 1666 2731 γνώμην
1716 2661 1844 2728 περὶ
1893 2660 2031 2730 τῆν’

412 2742 599 2794 πίστιν
656 2745 969 2802 ὑπολαόεῖν.
1009 2748 1171 2802 Ἀλλὰ
1202 2751 1297 2803 καὶ
1354 2752 1482 2821 περὶ
1529 2750 1721 2803 τούτου
1757 2749 1991 2801 ἐνταῦθά

415 2850 508 2901 μοι
562 2838 786 2893 κείσθω.
839 2841 1091 2912 Περιέχει
1133 2842 1188 2895 δὲ
1229 2845 1381 2912 καὶὴ
1426 2842 1681 2913 παροῦσα
1711 2843 1846 2911 ἕκτη
1902 2860 1989 2909 μοι

413 2924 523 2975 τῶν
564 2926 818 2995 ἱστοριῶν
848 2932 1040 2999 χρόνον
1079 2930 1213 2984 ἐτῶν
1254 2932 1550 3000 τριάκοντα
1602 2934 1696 2983 καὶ
1741 2932 1852 2995 δύο,
1882 2933 1991 3000 γύρ-

417 3017 624 3085 ξαμένη
664 3021 761 3089 μὲν
803 3023 910 3074 ἀπὸ
940 3024 1036 3075 τοῦ
1076 3024 1297 3092 πρώτου
1351 3024 1504 3084 ἔτους
1567 3023 1991 3093 Οὐαλλεριανοῦ,

419 3111 774 3180 καταλήξασα
805 3114 863 3167 δὲ
893 3117 1023 3184 ἄχρι
1068 3116 1167 3184 τῆς
1198 3116 1373 3184 ἀρχῆς
1405 3114 1791 3183 Διοκλητιανοῦ
1813 3131 1826 3145 ι
1854 3115 1995 3182 ὀπη-

2085 2007 2366 2070 Sncrates,
2395 2005 2490 2075 qui
2525 2013 2580 2059 et
2609 2004 2726 2073 ipse
2756 2017 2821 2057 ex
2848 1997 3178 2054 Novatianis
3208 2010 3297 2049 res
3329 1989 3666 2049 ecclesiasti-

2087 2117 2180 2157 cas
2217 2100 2458 2169 scripsit,
2495 2098 2553 2153 in
2577 2095 2823 2152 secundo
2852 2104 3003 2148 tomo
3029 2090 3409 2158 maximopere
3440 2098 3666 2154 persua-

2086 2199 2217 2252 dere
2255 2193 2560 2258 contendit,
2602 2203 2751 2246 recte
2804 2203 2930 2244 eum
2980 2187 3162 2240 virum
3209 2182 3442 2246 sentire,
3501 2192 3664 2231 eum-

2089 2292 2323 2359 demque
2343 2284 2735 2358 sycophantice
2755 2298 2825 2337 eo
2852 2282 3076 2336 nomine
3097 2294 3125 2333 a
3146 2276 3431 2333 nonnullis
3450 2270 3664 2340 impeti.

2089 2389 2267 2451 Atque
2306 2389 2365 2434 ut
2410 2379 2462 2432 id
2500 2391 2701 2447 magno
2736 2374 2925 2430 animo
2975 2372 3184 2427 certius
3220 2360 3568 2436 comprobet,
3611 2364 3665 2414 in

2091 2473 2412 2530 defensione
2442 2486 2565 2537 sua,
2598 2469 2746 2525 dicta
2768 2467 2916 2521 illius
2936 2462 3211 2535 quaedam,
3247 2458 3667 2529 ambiguitatem

2095 2578 2273 2622 tamen
2292 2560 2738 2633 eomplectentia,
2763 2557 3012 2613 contexit
3038 2572 3052 2609 :
3080 2552 3452 2620 eumdemque
3479 2547 3670 2617 prima:

2094 2658 2304 2727 synodo
2336 2654 2579 2715 affuisse.
2609 2661 2774 2722 atque
2806 2665 2911 2704 una
2961 2663 3084 2702 cum
3117 2646 3241 2700 aliis
3270 2642 3536 2713 suffragio
3572 2653 3674 2693 suo

2093 2764 2146 2806 et
2184 2750 2398 2805 calculo
2429 2748 2508 2810 ei;
2537 2746 2598 2798 τὸ
2625 2743 2936 2811 ὀμοούσιον,
2968 2741 3083 2795 sive
3112 2740 3167 2793 in
3194 2732 3675 2792 consuhstantiale

2095 2843 2448 2898 consensisse
2483 2837 2675 2929 refert.
2725 2835 2838 2905 Ego
2866 2847 3022 2896 vero,
3066 2831 3110 2885 si
3157 2829 3249 2883 ille
3286 2826 3510 2898 quidem
3555 2827 3676 2875 sine

2095 2935 2306 3003 scripto
2346 2939 2553 2987 rectam
2586 2916 2915 2997 complexus
2953 2933 3038 2979 est
3078 2922 3422 2991 opinionem,
3460 2916 3676 2971 Socrati

2098 3041 2208 3079 non
2251 3024 2534 3091 refragor;
2586 3020 2667 3074 sin
2717 3027 2903 3072 autem
2954 3031 3022 3070 cx
3069 3013 3297 3083 scriptis
3342 3009 3513 3073 illius,
3557 3023 3680 3076 (ιιιιε

2100 3116 2226 3186 legi,
2262 3132 2352 3171 res
2385 3116 2457 3170 sit
2486 3111 2869 3183 dijudicanda,
2922 3107 3159 3162 multum
3205 3106 3360 3158 abest
3397 3114 3456 3156 ut
3486 3114 3677 3155 sanam

416 3204 541 3257 νίκα
569 3206 775 3276 κόσμου
832 3210 932 3277 μὲν
961 3210 1080 3270 ἔτος
1104 3210 1298 3278 ,εψιιεκ
1336 3210 1444 3262 ἀπὸ
1475 3210 1531 3262 δὲ
1566 3210 1661 3277 τῆς
1700 3208 1851 3271 θείας
1900 3208 1980 3261 τοί

2102 3209 2495 3275 sinceramque
2544 3206 2665 3275 ejus
2715 3203 2782 3256 de
2833 3200 2939 3255 lide
2979 3197 3313 3254 sententiam
3364 3195 3534 3248 fuisse
3578 3207 3679 3261 pu-

418 3298 624 3368 Κυρίου
664 3302 821 3370 ἡμῶν
860 3302 1039 3373 Ἰησυῦ
1080 3302 1319 3373 Χριστοῦ
1367 3303 1674 3373 γεννήσεως
1722 3303 1991 3355 διακοσιο-

419 3389 544 3443 στὸν
576 3394 671 3446 καὶ
702 3394 1055 3463 ἐνενηκοστὸν
1094 3396 1434 3464 ἐπερκίειετο.

2103 3298 2446 3356 tem.Vcrum
2469 3297 2537 3351 de
2564 3296 2669 3350 hoc
2688 3295 2852 3349 etiam
2879 3292 2996 3346 hinc
3017 3290 3151 3344 satis
3172 3288 3303 3342 sint.
3336 3286 3405 3340 Et
3430 3283 3682 3339 continet

2103 3395 2194 3447 hic
2217 3380 2451 3462 quoque
2480 3390 2646 3459 hujus
2680 3386 2930 3441 historia:
2974 3383 3118 3437 liber
3150 3394 3422 3435 annorum
3455 3375 3679 3446 triginta

418 3484 653 3541 duorum
685 3497 902 3559 tempus
926 3509 939 3544 ε
964 3489 1128 3560 437
1150 3489 1483 3560 quiinitium
1510 3487 1751 3558 sumpsit
1812 3504 1841 3542 a
1902 3490 2081 3559 primo
2122 3488 2403 3543 Valeriani
2440 3501 2605 3549 anno,
2642 3484 2803 3538 linem
2836 3489 3019 3536 autem
3065 3477 3267 3547 accipit
3300 3475 3524 3528 ineunte
3556 3472 3685 3526 Dico

420 3582 642 3683 eletiani
676 3583 912 3651 imperio
944 3600 957 3637 :
987 3600 1016 3638 a
1056 3588 1264 3640 mundo
1324 3584 1548 3639 condito
1616 3582 1914 3652 quinquies
1983 3584 2277 3640 millesimo
2324 3579 2819 3653 septingentesimo
2886 3572 3250 3642 nonagesimo
3299 3571 3492 3639 quinto
3525 3565 3622 3638 (ι),
3656 3579 3689 3617 a

421 3672 609 3729 divina
644 3685 828 3730 autem
862 3676 1080 3731 Domini
1115 3677 1292 3732 nostri
1317 3678 1447 3733 Jesu
1469 3678 1679 3735 Christi
1704 3679 1991 3734 nativitate
2037 3676 2418 3744 ducentesimo
2450 3672 2809 3742 nonagesimo
2841 3686 2985 3723 anno
3013 3667 3116 3738 (ἑ).

488 3815 569 3887 (1)
605 3814 919 3870 Secundum
958 3815 1268 3869 neotericos
1298 3817 1684 3885 chronologos,
1716 3816 1878 3871 4265.

2173 3813 2252 3883 (ε)
2286 3812 2372 3867 Al.
2403 3810 2533 3865 287.

1018 4074 2026 4209 ΝΙΚΗΦΟΡΟΥ
2112 4066 3106 4204 ΚΑΛΛΙΣΤΟΥ

1792 4271 2302 4327 ΞΑΝΘΟΠΟΥΛΟΥ

949 4405 2339 4525 ΕΚΚΑΗΣΙΑΣΤΙΚΗΣ
2467 4399 3173 4564 ΙΣΤΟΡΙΑΣ

1772 4585 2158 4671 ΤΟΜΟΣ
2255 4583 2353 4666 Z'.

1218 4829 2079 4959 NICEPHORI
2177 4815 2920 4953 CALLISTI

1812 5022 2343 5090 XANTHOPULI

1046 5152 2211 5291 ECCLESIAS’l‘lC/E
2328 5161 3072 5278 HISTORle

1725 5370 2130 5462 TOMUS
2204 5366 2423 5459 VII.
3170 5364 3179 5375 '

1044 5595 1295 5650 ΚΕΦΑΛ.
1334 5593 1414 5648 Α’.

625 5695 881 5766 Περιοχὴ
916 5693 1036 5747 τῶν
1056 5692 1413 5761 μελλόντων
1443 5686 1843 5756 ῥηθήσεσθαι.

528 5794 728 5861 Ῥᾀστη
765 5790 865 5858 μὲν
914 5782 1009 5838 οὖν
1063 5783 1225 5854 μέχρι
1275 5778 1431 5834 τοῦδε
1480 5778 1574 5832 καὶ
1608 5777 1696 5830 διὰ
1746 5776 1894 5837 λείας
1926 5774 2024 5844 τῆς

447 5885 570 5939 ὁδοῦ
604 5881 880 5952 φερομένη
931 5881 963 5949 ἡ
996 5879 1092 5949 τῆς
1122 5877 1273 5947 ἱερᾶς
1306 5876 1440 5945 ἡμῖν
1489 5874 1733 5942 ἱστορίας
1769 5870 2023 5934 ὑπόθεσις

2776 5581 3003 5636 CAPUT
3046 5582 3065 5637 Ι

2420 5677 2585 5750 ﬁ.“
2644 5678 2915 5748 Expositio
2973 5675 3333 5729 dicendorum.

2206 5771 2408 5827 Facilis
2452 5771 2741 5840 hucusque
2794 5769 2958 5821 nobis
2999 5768 3103 5821 fuit
3140 5767 3320 5829 labor,
3377 5766 3603 5836 levique
3661 5773 3718 5822 et

2135 5867 2301 5937 plana
2342 5865 2427 5920 via
2472 5880 2628 5918 sacra
2664 5862 2911 5916 decurrit
2966 5861 3217 5916 historia.
3263 5861 3526 5927 Quamvis
3564 5860 3715 5917 enim
