4052 6434
417 378 439 436 1
451 379 554 443 207

1645 388 2070 448 NICEPHORI
2115 388 2467 448 CALLlS’I‘l

3549 386 3686 453 1208

414 506 576 550 antea
613 510 836 564 quoque
862 494 1102 566 graviter
1131 495 1403 552 adversus
1444 512 1546 553 nos
1577 499 1854 568 malignus
1884 500 1988 568 spi-

2099 493 2188 569 ἦν,
2230 499 2403 550 δεινὸν
2440 499 2543 567 μὲν
2581 500 2680 551 κάν
2706 500 2821 561 τοῖς
2853 497 3061 553 ἄνωθεν
3092 498 3349 563 πνέοντος
3380 499 3476 553 τοῦ
3525 518 3686 573 πονη-
3740 488 3743 491 ἱ

413 587 622 643 rnverit
646 588 900 658 spiritus,
931 590 1165 660 simplex
1190 600 1373 647 tamen
1409 600 1463 647 et
1492 594 1786 649 uniformis
1810 608 1875 645 ea
1898 592 2002 646 fuit

412 680 722 735 calamitas.
766 681 1042 751 Deinceps
1083 698 1221 738 vero
1261 683 1453 739 horret
1487 684 1750 755 progredi
1800 686 1998 755 stylns.

412 772 847 844 lnterrumpitur
872 790 1134 845 namque,
1158 786 1215 831 et
1246 777 1660 844 quodammodo
1703 778 1912 847 ingenti
1940 786 1999 832 et

409 865 660 920 violento
686 866 971 920 variarum
1005 867 1249 922 cladium
1294 868 1506 938 impetu
1548 869 1836 926 inhibetur
1867 889 1881 924 :
1917 878 2000 923 at-

408 971 519 1026 que
537 956 587 1010 ei
613 956 977 1012 inundatione
991 958 1279 1028 sanguinis
1295 968 1622 1032 martyrum.
1638 960 1817 1031 pelagi
1840 976 1999 1030 pror-

406 1063 501 1102 sus
523 1049 698 1103 instar
719 1047 965 1111 ﬂuentis,
983 1064 1209 1104 cursum
1244 1059 1436 1106 tenere
1457 1066 1569 1105 non
1626 1053 1994 1121 permittitur.

409 1138 517 1193 Sed
564 1144 715 1195 enim
751 1140 849 1209 qui
882 1141 1053 1195 semel
1090 1142 1244 1211 operi
1287 1143 1419 1197 huic
1450 1158 1652 1198 manus
1678 1144 1997 1198 admoveri-

405 1246 548 1293 mus,
567 1232 983 1302 procedendum
1008 1233 1172 1288 nobis
1191 1244 1273 1289 est
1296 1235 1634 1292 necessario.
1658 1236 1850 1306 Itaque
1872 1238 1993 1306 qui,

404 1333 462 1377 ut
485 1324 794 1392 potuimus,
822 1322 1014 1391 priora
1037 1326 1422 1393 exposuimus,
1447 1326 1503 1380 in
1529 1326 1635 1382 hoc
1659 1325 1802 1381 libro
1822 1327 1990 1381 etiam

340 1416 344 1420 “
401 1431 492 1470 res
524 1416 630 1471 sub
663 1418 1031 1483 Diocletiano,
1067 1420 1261 1489 eisque
1291 1434 1436 1490 quos
1469 1420 1563 1476 ille
1603 1421 1708 1476 sibi
1735 1421 1790 1477 in
1820 1421 1993 1491 impe-

403 1510 490 1563 rio
539 1508 841 1581 adoptione
889 1514 1114 1581 ascivit,
1162 1520 1346 1583 gestas
1394 1529 1825 1583 persequemur.
1876 1513 1992 1570 Sub

400 1600 471 1655 iis
505 1601 655 1656 enim
705 1604 944 1659 maxima
986 1605 1237 1660 omnium
1276 1609 1598 1677 persecutio
1619 1614 1702 1662 est
1724 1607 1988 1663 excitata.

398 1693 465 1747 Et
505 1709 619 1748 non
665 1693 741 1749 ita
778 1696 989 1763 multis,
1036 1713 1161 1767 quae
1210 1700 1380 1754 certis
1435 1699 1494 1753 in
1548 1698 1688 1753 locis
1732 1698 1989 1755 accidere

397 1786 772 1853 calamitates,
806 1789 1171 1860 attingemus.
1205 1790 1486 1858 Quasdam
1535 1791 1705 1847 etiam
1741 1791 1990 1862 singilla-

398 1880 495 1932 tim
532 1881 995 1938 memorabimus.
1026 1883 1168 1938 Tum
1204 1893 1414 1951 autem,
1451 1886 1734 1955 quomodo
1768 1886 1987 1957 tyranni

397 1974 710 2043 saevissimi,
748 1976 843 2047 qui
896 1992 1070 2047 supra
1107 1978 1335 2033 modum
1391 1979 1729 2035 crudelitate
1774 1979 1830 2034 in
1884 1994 1985 2035 nos

394 2076 794 2134 exercuerunt,
827 2069 895 2123 ad
930 2070 1273 2140 palinodiam
1317 2078 1374 2126 et
1407 2071 1720 2142 tyrannidis
1746 2085 1860 2126 suae
1893 2088 1987 2127 re-

396 2161 776 2216 cantationcm
830 2161 943 2217 sint
1001 2162 1236 2230 redacti,
1290 2171 1687 2233 postremoque
1740 2162 1990 2218 interne-

399 2252 565 2308 cione
627 2253 968 2311 interierint.
1031 2256 1350 2318 Prazterea.
1427 2265 1487 2311 ut
1545 2256 1824 2312 maximus
1894 2256 1987 2311 ille

395 2342 826 2411 Constantinus,
879 2346 991 2401 Deo
1038 2357 1346 2403 annuente.
1396 2347 1622 2402 salutari
1674 2347 1989 2403 instructus

394 2444 708 2504 armatura,
734 2436 1067 2508 invictaeth
1095 2437 1284 2493 crucis
1315 2438 1472 2507 signo
1500 2446 1771 2502 armatus,
1804 2439 1988 2508 regin-

395 2544 495 2584 nes
523 2538 579 2585 et
604 2537 788 2587 terras
818 2545 1015 2586 omnes
1042 2546 1073 2585 a
1096 2530 1457 2602 praedonibus
1483 2531 1802 2602 repurgarit
1822 2531 1983 2604 441

394 2623 665 2692 tyrannis,
710 2624 1286 2695 superstitionemque
1330 2623 1651 2679 Graecorum
1693 2623 1989 2679 nefandam

392 2715 745 2787 exstirparit,
785 2724 842 2771 et
879 2731 973 2772 res
1010 2724 1232 2771 nostras
1271 2715 1481 2787 oppido
1529 2731 1696 2785 quam
1742 2715 1987 2771 inclina-

391 2817 476 2864 tas
500 2850 514 2872 ,
549 2810 886 2880 ruinamque
916 2811 1031 2881 jam
1068 2810 1387 2873 minantes,
1432 2809 1693 2863 auxiliari
1732 2808 1984 2863 adhibita

2108 592 2201 659 ριιῦ
2235 591 2357 645 καθ’
2389 594 2546 662 ἡμῶν
2580 593 2916 660 πνεύματος,
2947 593 3089 664 πλὴν
3121 593 3311 658 ἁπλῶς
3339 595 3436 649 καὶ
3477 612 3686 667 μονοει-

2101 685 2243 747 δῶς·
2281 685 2375 737 νῦν
2425 686 2483 738 δὲ
2535 687 2651 749 τοῖς
2688 684 2816 756 ἑξῆς
2855 687 3004 740 ὀκνεῖ
3048 686 3366 757 προϐαίνειν
3390 703 3406 719 ·
3455 689 3686 743 ἀναστοο

2105 776 2303 843 μοῦται
2335 777 2383 829 δ’
2425 772 2539 831 οἷον
2585 781 2681 831 καὶ
2711 777 2902 849 ὥσπερ
2937 780 3372 850 ἀναχαιτίζιται,
3420 784 3484 852 τῇ
3515 782 3683 853 πολλῇ

2104 868 2205 936 μὲν
2258 869 2354 922 καὶ
2410 867 2565 939 βιαίᾳ
2617 868 2760 940 φορᾷ
2807 868 2905 923 τοῦ
2946 870 3294 924 πολυπλόκου
3347 871 3543 935 κακοῦ,
3591 872 3686 924 καὶ

2098 963 2214 1024 τοῖς
2250 960 2363 1014 τῶν
2415 962 2713 1031 μαρτύρων
2747 961 2794 1015 δ’
2844 962 2945 1033 οὐχ
2974 957 3138 1034 ἦττον
3168 962 3373 1032 αἵμασι
3404 964 3547 1018 κατὰ
3584 966 3687 1018 θα·-

2100 1050 2309 1116 λάσσας
2359 1054 2605 1125 ἀτεχνῶς
2667 1055 2907 1124 ῥέουσιν,
2963 1055 3389 1126 ὲπικλυζομὲνη,
3448 1057 3544 1110 καὶ
3594 1055 3686 1109 τοῦ

2099 1143 2290 1213 πρόσω
2323 1145 2532 1216 βαίνειν
2573 1149 2971 1218 ἁνειργομὲνη.
3023 1149 3220 1223 Δέγειν
3253 1147 3297 1202 δ’
3345 1149 3557 1218 ἀνάγκη
3591 1165 3689 1201 κα-

2098 1232 2281 1302 θάπαξ
2325 1239 2485 1307 χεῖρα
2538 1237 2619 1307 τῷ
2678 1237 2828 1307 ἔργῳ
2866 1238 3205 1296 ὲπιϐαλόντι.
3242 1238 3355 1292 Καὶ
3404 1238 3583 1291 τοίνυν
3622 1239 3688 1290 τὰ

2099 1327 2451 1397 προλαϐόντα
2483 1329 2559 1392 ὡς
2607 1330 2728 1383 ὲνδν
2761 1328 3087 1393 διελθόντες,
3137 1331 3194 1383 ὲν
3240 1329 3320 1400 τῷ
3354 1329 3586 1399 παρόντι
3619 1328 3690 1382 τὰ

2098 1423 2193 1474 ἐπὶ
2247 1423 2642 1495 Διοκλητιανοῦ
2695 1423 2790 1476 καὶ
2840 1422 2953 1476 τῶν
2987 1423 3108 1493 μετ’
3135 1422 3302 1476 αὐτὸν
3346 1422 3687 1491 εἰσποιηθέν-

2096 1532 2207 1569 των
2244 1514 2593 1583 ἐπέλθωμεν.
2642 1514 2759 1583 Ἐφ’
2785 1510 2860 1569 ὧν
2897 1514 2993 1569 καὶ
3036 1516 3065 1568 ό
3098 1515 3357 1585 μέγιστος
3386 1512 3685 1585 ἀνεκινήθη

2095 1610 2207 1663 τῶν
2256 1607 2539 1678 διωγμῶν.
2589 1606 2849 1679 Μετρίως
2896 1607 2959 1662 δὲ
3013 1608 3108 1662 καὶ
3142 1607 3252 1662 τῶν
3292 1607 3435 1660 κατὰ
3484 1607 3686 1665 τόπους

2094 1701 2287 1756 δεινῶν
2334 1701 2664 1771 ἑφαψόμεθα
2688 1717 2704 1732 ⁸
2745 1702 2844 1755 καὶ
2900 1702 3126 1771 μνήμην
3155 1700 3213 1755 δὲ
3263 1699 3411 1763 ίδίως
3448 1699 3618 1784 ’τινῶν
3654 1702 3685 1753 ό

2094 1791 2253 1860 λόγος
2280 1792 2413 1861 ἡμῖν
2443 1790 2769 1859 διαλήψεται
2790 1805 2806 1821 ο
2853 1789 3004 1853 ὅπως
3036 1807 3097 1844 τε
3142 1792 3258 1854 τοῖς
3300 1789 3372 1843 τὰ
3404 1789 3558 1860 ἡμῶν
3585 1806 3683 1843 τυ-

2099 1884 2400 1955 ραννήσασι
2450 1881 2788 1952 παλινῳδίαν
2838 1882 2989 1954 ᾄδειν
3024 1881 3280 1949 ἐγένετο·
3313 1884 3406 1936 τόν
3450 1898 3509 1935 τε
3554 1879 3682 1950 τρό-

2098 1992 2199 2028 πον
2230 1975 2332 2045 τῆς
2360 1973 2542 2028 αὐτῶν
2599 1975 2842 2045 ὑστάτης
2899 1973 3318 2042 πανωλεθρίας·
3370 1974 3537 2029 ἔτιδὲ
3583 1973 3681 2025 καὶ

2097 2067 2175 2130 ὡς
2213 2066 2241 2119 6
2276 2066 2448 2129 πολὺς
2475 2066 2572 2120 καὶ
2621 2067 2881 2136 μέγιστος
2912 2067 3353 2130 Κωνσταντῖνος,
3386 2067 3514 2135 θείῳ
3554 2064 3677 2118 veti-

2100 2160 2334 2229 ματιτῷ
2362 2157 2701 2229 σωτηριώδει
2727 2158 2877 2230 ὅπλῳ
2911 2159 3299 2223 καθοπλισθεὶς
3328 2159 3405 2227 τῷ
3434 2157 3679 2227 ἁνικήτῳ

2100 2250 2348 2320 σταυρῷ.
2394 2252 2495 2319 τήν
2528 2268 2587 2304 τε
2628 2250 2813 2321 χώραν
2862 2249 3085 2303 ἃπασαν
3128 2250 3239 2302 τῶν
3283 2250 3562 2321 τυράννων
3590 2252 3680 2303 ὲκ-

2092 2343 2355 2414 καθαίρει
2400 2342 2642 2413 λῃστῶν,
2675 2343 2772 2398 καὶ
2813 2343 2916 2411 τὴν
2958 2342 3066 2396 τῶν
3108 2343 3382 2414 Ἑλλήνων
3438 2342 3679 2397 ἁπελαῦ·

2093 2455 2176 2491 νει
2212 2436 2518 2509 θρησκείαν
2545 2452 2559 2467 ·
2601 2436 2672 2490 τά
2714 2453 2775 2488 τε
2798 2436 3087 2506 ἡμέτερα,
3121 2439 3203 2500 είς
3254 2438 3386 2504 γόνυ
3425 2435 3679 2491 κλίνοντα

2093 2532 2186 2585 καὶ
2222 2532 2558 2587 καταπεσεῖν
2602 2530 2959 2598 ἐπειγόμενα,
3007 2530 3338 2602 ἀποχρῶσαν
3382 2531 3678 2599 παρασχὼν

2091 2626 2275 2695 χεῖρα,
2313 2621 2614 2693 ἀνώρθωσέ
2643 2639 2726 2689 τε,
2760 2622 2856 2677 καὶ
2900 2623 3078 2675 εἰσαεὶ
3118 2624 3175 2675 ὲν
3211 2622 3415 2691 βεϐαίῳ
3445 2623 3666 2675 ἑστάναι

2093 2717 2196 2785 τῆς
2235 2716 2386 2779 θείας
2430 2716 2749 2786 ἡγουμένης
2800 2715 3001 2787 ῥοπῆς,
3041 2716 3287 2787 στερρῶς
3332 2714 3678 2788 παρεσκεύα-

2098 2826 2212 2863 σεν.
2254 2808 2411 2878 Ἔχει
2440 2809 2497 2861 δὲ
2528 2807 2723 2872 οὕτως.

396 2918 566 2957 manu
609 2904 950 2965 restituerit,
1021 2914 1191 2973 atque
1262 2902 1316 2956 in
1365 2911 1697 2971 perpetuum
1777 2902 1953 2959 divini
2003 2903 2249 2958 numinis
2295 2913 2435 2958 nutu
2484 2917 2884 2974 permansuras
2921 2902 3286 2968 contirmarit,
3345 2903 3668 2960 referemus-

296 3072 299 3077 Ι
392 2995 462 3049 Ει
496 3008 584 3049 res
615 2995 698 3051 sic
734 2994 926 3050 habet.

1016 3094 1248 3151 CAPUT
1290 3097 1356 3153 ll.
1414 3105 1424 3113 ‘

2700 3088 2986 3158 ,KEeAA'.
3016 3090 3075 3144 Β.

398 3184 569 3262 Utres
596 3186 1051 3262 Christianorum,
1099 3208 1217 3262 quae
1263 3201 1425 3246 antea
1462 3193 1674 3262 pulchre
1704 3201 1982 3254 steterant,

2094 3188 2295 3262 Ὅπως
2330 3186 2697 3262 τᾲᾼὴιιέτερα
2728 3182 3264 3262 πρότερον-,καλῶς
3308 3182 3545 3262 exorto,
3600 3179 3675 3249 τῇ

466 3258 723 3333 intestina
770 3258 1121 3333 dissensione
1149 3272 1310 3333 atque
1351 3258 1685 3317 contentione
1728 3282 1760 3317 ιι
1808 3263 1987 3316 divina

465 3330 1111 3404 visitationepexciderint.
1144 3330 1275 3397 om
1302 3335 1514 3403 quidem
1548 3336 1618 3388 ad
1645 3345 1846 3404 tempus
1870 3349 1990 3399 pcr-

468 3402 716 3455 missione
750 3402 929 3455 divina
956 3405 1030 3455 sic
1059 3404 1318 3457 accidere.

468 3514 603 3569 Erat
633 3515 937 3585 aliquando
976 3524 1217 3589 tempus,
1250 3533 1377 3574 cum
1406 3517 1727 3576 Christiana
1766 3517 1986 3589 profes-

393 3608 479 3659 sio
509 3607 744 3677 pulchre
776 3617 972 3676 staret,
1009 3610 1297 3681 gloriaque
1325 3627 1425 3666 sua
1452 3621 1510 3666 et
1541 3612 1804 3668 libertate
1834 3613 1987 3667 clara

392 3700 699 3753 haberetur
728 3718 741 3755 :
776 3700 984 3759 Graecis
1028 3704 1184 3773 juxta
1220 3714 1277 3759 et
1304 3704 1593 3772 Barbaris,
1626 3705 1775 3775 quod
1806 3705 1983 3760 divini

344 3806 350 3811 ·
392 3792 549 3847 verbi
607 3793 933 3862 prmdicatio
982 3795 1188 3867 ubique
1223 3806 1502 3853 terrarum
1541 3796 1783 3868 vigeret,
1829 3806 1984 3869 grata

391 3894 447 3940 et
478 3895 730 3957 accepta.
766 3888 944 3959 Hujus
975 3891 1053 3945 rei
1103 3902 1254 3947 certa
1287 3891 1628 3947 documenta
1661 3899 1813 3958 sunt,
1856 3906 1983 3947 cum

396 3993 724 4050 magnorum
747 3980 1060 4050 principum
1091 3998 1218 4052 erga
1242 3983 1496 4039 homines
1515 3993 1737 4040 nostros
1764 3984 1985 4055 egregia

393 4071 788 4128 benevolentia
836 4085 893 4129 et
942 4076 1283 4143 immanitas,
1340 4092 1404 4132 ac
1453 4087 1648 4148 gentes
1704 4077 1982 4148 quaedam,

394 4182 632 4236 quarum
668 4168 974 4236 provincia:
1000 4168 1339 4225 Christianis
1362 4169 1824 4225 administrandae
1846 4170 1987 4225 datae

394 4272 566 4317 ειιιιιε
606 4270 720 4317 tum
779 4263 1148 4333 imperatores
1180 4263 1282 4333 ipsi
1336 4264 1594 4326 Romani,
1647 4273 1705 4318 ct
1757 4263 1983 4319 maximi

391 4358 604 4428 quique
639 4359 1025 4427 magistratus,
1063 4357 1158 4427 qui
1193 4374 1283 4413 res
1313 4358 1525 4413 aulicas
1557 4367 1613 4416 et
1646 4358 1985 4414 domesticas

395 4468 530 4506 snas
577 4452 784 4507 nostris
832 4452 1109 4506 curandas
1156 4452 1587 4508 commiserunt.
1627 4452 1736 4508 Eos
1775 4454 1983 4524 quippe

2166 3260 2319 3331 πρὸς
2356 3256 2680 3331 ἀλλήλους
2738 3254 2887 3331 ἔριδι
2948 3254 3047 3331 θεαί
3097 3256 3436 3331 φιλονεικίᾳ
3465 3253 3675 3331 ἀμοιρα

2163 3327 2278 3395 τῆς
2330 3328 2497 3391 θείας
2545 3324 2896 3393 ἐπισκοπῆς
2949 3324 3234 3395 ἐγένοντο
3287 3324 3672 3392 οἰκονομικῶς

2161 3400 2310 3467 πρὸς
2343 3397 2583 3466 καιρόν.
2657 3436 2673 3449 .
2851 3398 2877 3419 '

2160 3512 2269 3569 Ἦν
2296 3515 2384 3569 ὅτε
2432 3515 2504 3569 τὰ
2541 3516 2787 3587 ἡμέτερα
2822 3506 2936 3583 εἶχε
2983 3510 3187 3576 καλῶς,
3228 3511 3355 3581 δόξῃ
3401 3508 3493 3563 καὶ
3532 3509 3675 3576 παῤ-

2092 3605 2261 3678 ῥησίᾳ
2303 3594 2773 3676 ὲνσεμνυνόμενα,
2808 3602 2902 3656 τοῦ
2954 3602 3102 3655 θείου
3148 3601 3308 3669 λόγου
3360 3596 3670 3668 ἁπανταχοῦ

2087 3699 2191 3770 τῆς
2220 3699 2326 3770 γῆς
2371 3698 2623 3762 διιόντος,
2659 3696 2892 3766 Ἕλλησί
2928 3695 2986 3750 τε
3032 3695 3130 3750 καὶ
3162 3694 3458 3767 βαρϐάροις
3496 3709 3673 3759 παρπ-

2088 3795 2258 3859 δόξως
2304 3793 2657 3865 εἰσδεχόμενα
2704 3795 2800 3846 καὶ
2838 3792 3150 3861 τιμώμενα.
3188 3789 3297 3842 Καὶ
3330 3790 3429 3842 οὐκ
3472 3784 3669 3856 ἀγεννῆ

2088 3887 2369 3958 τεκμήρια
2399 3882 2539 3955 ἦσαν
2565 3887 2599 3957 ἦ
2642 3903 2699 3939 τε
2739 3884 2848 3937 τῶν
2880 3882 3233 3954 κρατούντων
3278 3880 3542 3945 δεξίωσις,
3575 3879 3671 3933 καὶ

2089 3979 2217 4050 ἔθνη
2244 3983 2388 4045 τινὰ,
2417 3973 2493 4036 ὧν
2520 3978 2619 4049 τὴν
2650 3979 2951 4048 ἡγεμονῖαν
2975 3978 3107 4047 ἡμῖν
3140 3974 3490 4046 ἐνεχείριζον,
3518 3973 3585 4027 τά
3610 3989 3666 4024 τε

2091 4071 2365 4144 βασίλεια.
2401 4074 2495 4126 καλ.
2545 4073 2661 4124 ὅσοι
2710 4070 2805 4123 ἐπὶ
2833 4071 2943 4122 τῶν
2994 4068 3184 4140 ἀρχῶν
3219 4063 3385 4138 ἦσαν,
3435 4067 3500 4119 τὰ
3549 4065 3667 4118 κατ’

2087 4166 2275 4228 οἴκους
2309 4167 2418 4228 τοῖς
2470 4165 2763 4235 ἡμετέροις
2816 4163 3246 4234 ἐπιτρέποντεςο
3295 4158 3388 4223 οὒς
3437 4160 3524 4214 διὶ
3572 4156 3668 4227 τὴν

2089 4260 2189 4325 τῆς
2222 4258 2461 4318 πίστεως
2498 4256 2862 4325 περιφάνειαν
2914 4255 3138 4323 ἐξόχους
3178 4270 3238 4306 τε
3275 4256 3369 4305 καὶ
3400 4251 3507 4305 τῶν
3546 4248 3666 4304 κατ’

2092 4351 2295 4413 αὐτοὺς
2323 4348 2617 4418 ὑπερέχειν
2650 4347 2865 4416 ἔκρινον
2893 4347 3026 4399 δεῖν.
3064 4345 3277 4409 Ἐδειξε
3305 4343 3462 4395 τοῦτο
3494 4340 3673 4409 Δωρό-

2091 4442 2212 4504 θεος
2248 4444 2481 4504 ἐκεῖνος,
2510 4442 2536 4491 ό
2569 4439 2763 4509 μηδενὶ
2792 4440 2850 4492 τό
2882 4439 2997 4490 ἴσον
3021 4437 3193 4500 ἐάσας
3223 4436 3369 4506 ἔχειν
3400 4434 3548 4503 αὐτῷ
3572 4433 3671 4497 τῆς

394 4555 625 4615 propter
685 4544 966 4615 egregiam
1032 4553 1451 4615 spcctatamque
1518 4546 1679 4600 ﬁdem
1742 4560 1985 4615 praeesse

2095 4536 2261 4603 τιμῆς
2294 4537 2408 4597 τοῖς
2442 4536 2499 4586 ὲν
2545 4536 2664 4597 ταῖς
2699 4535 2893 4603 ἀρχαῖς
2946 4532 3210 4600 ἡγεμόσιν
3265 4529 3478 4590 εὐνοίας
3512 4528 3675 4596 χάριν

396 4638 544 4701 aliis,
581 4646 749 4706 atque
782 4637 996 4691 honore
1028 4638 1416 4708 dignitateque
1457 4639 1780 4708 praecellere
1820 4653 1986 4706 opor-

399 4740 518 4785 tere
541 4716 889 4801 jtnlibarunt.
923 4731 1072 4786 Satis
1102 4731 1153 4784 id
1187 4732 1494 4786 declaravit
1530 4731 1849 4785 Dorotheus
1871 4730 1985 4788 ille.

397 4818 493 4886 qui
530 4818 810 4873 neminem
845 4822 1058 4875 honore
1082 4836 1147 4875 ex
1184 4821 1603 4891 magistratibus
1626 4830 1682 4876 et
1710 4821 1989 4891 prtefeCtis

320 4908 333 4919 '
396 4911 679 4975 onmibus,
703 4923 929 4983 propter
948 4915 1106 4969 boum
1132 4921 1336 4969 utentis
1355 4917 1801 4986 integritatemet
1824 4916 1985 4970 fidem

405 5004 599 5058 habuit
636 5021 824 5075 parem
856 5026 868 5061 :
909 5017 963 5061 et
998 5009 1300 5076 praeclarus
1329 5010 1667 5079 Gorgonius,
1695 5018 1864 5079 atque
1892 5010 1987 5063 alii

336 5156 346 5175 1η
399 5094 481 5149 eis
514 5110 675 5161 pares
706 5114 718 5151 :
757 5098 850 5167 qui
884 5099 1052 5155 etiam
1080 5101 1146 5155 ad
1184 5116 1508 5170 supremum
1554 5102 1822 5157 honorem
1856 5114 1987 5157 sunt

399 5188 694 5258 assumpti,
725 5198 954 5259 propter
989 5191 1113 5247 ﬁdei
1151 5192 1554 5248 sinceritatem.
1588 5194 1666 5249 Ac
1706 5208 1805 5262 per
1834 5193 1985 5264 ejus-

398 5281 615 5335 rcmodi
651 5283 800 5336 viros
852 5284 906 5337 in
949 5284 1089 5339 locis
1122 5285 1327 5354 passim
1359 5285 1678 5355 quibusque
1714 5286 1989 5342 Ecclesia-

402 5390 522 5426 rnm
559 5375 913 5432 antistitibus
950 5393 1058 5430 non
1100 5393 1296 5447 parum
1321 5379 1528 5433 accidit
1561 5380 1683 5449 opis
1707 5390 1764 5436 et
1787 5394 1987 5435 conso-

398 5465 643 5535 lationis.
671 5466 988 5523 Ostendunt
1014 5469 1068 5523 id
1098 5485 1324 5540 quoque
1356 5471 1727 5540 plurimorum
1751 5472 1984 5527 millium

399 5557 688 5614 hominum
724 5560 777 5614 in
805 5561 1070 5616 oratoriis
1093 5562 1353 5618 domibus
1386 5573 1566 5619 coetus
1587 5574 1643 5619 et
1676 5574 1989 5619 conventus

403 5651 574 5707 habiti
617 5671 631 5706 :
685 5670 810 5724 qua:
861 5653 1127 5719 oratoria,
1189 5670 1313 5710 cum
1369 5664 1598 5725 propter
1648 5656 1985 5724 angustiam,

402 5742 778 5799 confluentem
837 5754 1044 5800 tantam
1083 5745 1503 5801 multitudinem
1540 5761 1651 5799 non
1698 5755 1983 5815 caperent,

405 5847 634 5903 cernere
667 5848 812 5905 erat,
845 5856 909 5894 ex
943 5841 1130 5909 parvis
1175 5840 1351 5897 initiis
1392 5850 1449 5895 et
1480 5840 1884 5904 fundamentis,
1927 5843 1984 5894 in

2094 4630 2188 4681 καὶ
2219 4627 2457 4691 πίστεως
2481 4643 2494 4657 ⁸
2523 4628 2551 4681 ὅ
2585 4645 2643 4680 τε
2686 4626 3013 4698 περιϐόητος
3057 4625 3369 4695 Γοργόνιος,
3402 4622 3499 4673 καὶ
3524 4619 3674 4671 ἄλλοι

2092 4722 2291 4788 ἐπίσης
2326 4721 2509 4783 αὐτοῖς
2544 4720 2788 4791 ἔχοντες,
2824 4720 2923 4772 καὶ
2957 4719 3056 4787 τῆς
3091 4715 3351 4771 ἀνωτάτω
3382 4712 3673 4781 ἠξιωμένοι

2090 4816 2262 4885 τιμῆς
2306 4815 2395 4869 διὰ
2431 4814 2489 4869 τὸ
2521 4816 2618 4884 τῆς
2669 4815 2909 4876 πίστεως
2960 4814 3206 4881 γνήσιον.
3257 4809 3338 4861 Δι’
3377 4806 3470 4869 οὒς
3502 4805 3596 4858 καὶ
3622 4805 3673 4856 οι

2091 4910 2236 4961 κατὰ
2269 4894 2455 4979 χώρας
2481 4907 2590 4959 τῶν
2621 4906 2933 4976 ἐκκλησιῶν
2961 4904 3230 4974 ἡγεμόνες
3253 4903 3354 4954 οὐκ
3382 4899 3671 4967 ἐλαχίστης

2093 5001 2397 5071 θεραπείας
2426 4999 2683 5069 ὴξίωντο.
2708 5000 2850 5068 Πρός
2873 4997 2936 5065 δὴ
2964 4996 3175 5057 τούτοις
3197 4991 3443 5060 ἐναργῶς
3462 4988 3669 5041 ἐδείκω

2092 5095 2189 5147 καὶ
2219 5095 2249 5161 ἡ
2287 5093 2616 5164 μυρίανδρος
2658 5091 2843 5159 ἐκείνη
2876 5090 2982 5142 τῶν
3013 5085 3464 5158 προσευκτηρίων
3509 5081 3671 5132 οἴκων

2093 5189 2428 5256 συναγωγήο
2481 5181 2556 5241 ὧν
2612 5185 3140 5255 στενοχωρουμένων
3196 5180 3287 5232 διὰ
3337 5179 3398 5231 τὸ
3445 5175 3668 5243 πλῆθος,

2091 5283 2310 5354 εὐρείας
2344 5278 2412 5352 ἦν
2463 5280 2524 5346 ἐξ
2566 5280 2747 5333 αὐ;ὦν
2804 5279 2931 5332 ἰδεῖν
2979 5274 3281 5346 κρηπίδων,
3325 5271 3405 5332 εἰς
3470 5266 3670 5328 πλάτος

2092 5375 2212 5441 ἅμα
2238 5375 2332 5429 καὶ
2366 5374 2598 5445 μέγεθος
2622 5373 2762 5426 κατὰ
2786 5376 2967 5431 πάσας
2988 5369 3170 5439 χώρας
3194 5363 3493 5435 ἐκκλησίας
3524 5363 3670 5424 ἁγεις
3702 5408 3713 5416 ,

2095 5468 2333 5538 ρομένας
2359 5482 2373 5496 ’
2406 5466 2442 5520 ἃ.
2464 5465 2528 5536 δὴ
2560 5465 2660 5519 καὶ
2694 5464 2770 5535 τῷ
2804 5462 2997 5532 χρόνῳ·
3022 5460 3358 5531 προσήκοντι
3389 5455 3469 5516 εἰς
3505 5450 3671 5519 αὔξη-

2093 5580 2177 5615 σιν
2208 5563 2303 5615 καὶ
2335 5561 2477 5615 αὐτὰ
2514 5559 2783 5621 ἐπεδίδου,
2813 5558 3032 5618 οὐδενὸς
3078 5552 3389 5622 τολμῶντος
3440 5548 3667 5616 εἵργειν.

2092 5654 2185 5706 καὶ
2224 5653 2407 5721 φθόνῳ
2464 5651 2813 5722 βασκαίνοντι
2876 5644 3185 5717 ἀφανίζειν,
3232 5644 3331 5712 τῆς
3379 5639 3527 5699 θείας
3576 5634 3669 5685 καὶ

2091 5746 2345 5817 οὐρανίου
2406 5746 2587 5815 χειρὸς
2641 5743 3011 5816 φρουρούσης,
3069 5740 3164 5793 καὶ
3216 5738 3325 5790 τῶν
3364 5729 3668 5788 ἐπιϐουλῶν

2094 5841 2205 5901 ἄνω
2235 5837 2480 5906 τιθεὶσης
2510 5838 2671 5892 αὐτὰ.
2719 5834 2873 5891 Ἐπεὶ
2900 5835 2956 5887 δὲ
2986 5832 3061 5901 τῷ
3103 5829 3285 5899 πολλῷ
3318 5828 3415 5896 τῆς
3456 5822 3667 5877 ἐλευθες
