4052 6428
487 353 612 417 ιεξί
663 349 666 351 λ

483 560 538 614 in
604 565 804 632 primis
855 574 1161 628 curandum
1225 577 1327 631 sibi
1384 582 1632 649 putavit,
1700 597 1760 641 ut
1822 591 2062 661 seipsum

484 653 854 725 confirmaret,
896 675 1060 732 atque
1109 667 1183 720 ita
1232 669 1456 728 demum
1508 676 1880 744 confidentius
1929 700 2068 754 prae-

483 744 618 800 lzum
657 749 820 804 iniret
871 770 886 805 :
935 755 1158 812 homine
1193 763 1310 828 pari
1363 779 1552 819 secum
1587 767 1808 838 ingenio
1834 784 1890 828 et
1941 793 2068 832 cru-

483 835 711 892 delitate
750 840 1080 901 Maximiano
1109 850 1186 918 tl)
1215 851 1476 912 llerculio
1512 835 1752 928 reperto,
1796 879 1926 920 eum
1961 871 2064 925 siti

487 935 544 978 ut
597 944 750 998 aequa
805 944 1075 1002 pote~tate
1134 944 1427 1012 imperium
1482 950 1916 1022 administraret,
1975 975 2066 1015 as-

483 1019 634 1074 civit.
671 1021 790 1087 Quo
832 1035 936 1080 tam
993 1032 1198 1088 eximio
1233 1047 1588 1106 tyrannorum
1653 1047 1789 1113 pari,
1847 1067 2067 1106 accom-

487 1125 516 1158 n
541 1110 706 1166 odato
751 1115 853 1170 sibi
893 1135 1120 1186 prorsus
1172 1135 1225 1180 et
1260 1133 1504 1201 proprio,
1530 1138 1764 1194 maxime
1787 1157 1917 1198 usus
1939 1145 2062 1200 fidei

483 1209 684 1256 nostra:
730 1203 929 1272 hostis,
974 1219 1230 1282 tanquam
1284 1223 1521 1278 volucris
1567 1241 1732 1293 supra
1782 1246 1902 1286 eam
1943 1251 2066 1302 qua:

481 1291 584 1343 sub
615 1295 758 1350 cmlo
779 1308 863 1352 est
900 1310 1100 1358 terram
1131 1309 1400 1377 volitavit,
1424 1330 1614 1372 omnes
1643 1319 1697 1374 in
1737 1333 2064 1390 potestatem

483 1395 636 1436 suam
674 1387 944 1458 redigere,
971 1405 1026 1450 et
1053 1398 1262 1456 Christi
1295 1420 1494 1462 nomen
1527 1425 1594 1466 ex
1625 1412 1782 1482 ipsis,
1807 1419 1954 1485 quod
1983 1421 2067 1474 di-

480 1473 644 1542 citur,
673 1477 1045 1542 fundamentis
1079 1506 1278 1549 eruere
1307 1507 1575 1570 satagens.
1598 1505 1774 1575 Atque
1807 1511 2064 1578 equidem

482 1567 720 1635 ptimum
778 1592 886 1632 non
953 1597 1064 1636 uno
1109 1587 1295 1642 statim
1355 1590 1562 1662 impetu
1621 1604 2062 1666 persecutionem

480 1671 672 1718 contra
718 1683 838 1732 nos,
895 1674 991 1728 sed
1047 1676 1334 1756 insidiose,
1384 1695 1574 1756 atque,
1628 1701 1690 1746 ut
1725 1693 1799 1748 ita
1857 1696 2062 1765 dicam,

432 1774 443 1783 -
479 1753 820 1815 clandestine
844 1773 928 1818 est
968 1783 1280 1840 aggressus.
1395 1781 1670 1851 principio
1703 1785 1871 1856 igitur
1903 1788 2060 1844 Cbriv

477 1846 674 1903 stianis
703 1851 1028 1923 aflligendis,
1059 1867 1278 1921 consilii
1317 1870 1399 1923 sui
1435 1871 1488 1925 in
1515 1876 1758 1932 exercitu
1794 1883 2065 1937 eteastris
2102 1869 2141 1924 Β

420 1986 429 1995 ,
478 1941 784 2004 periculum
831 1946 976 2002 fecit.
1017 1950 1198 2010 Facile
1229 1959 1378 2012 enim
1409 1977 1476 2016 ex
1505 1971 1778 2024 sententia
1823 1982 2064 2044 emptum

475 2029 579 2082 sibi
625 2047 1014 2095 successurum
1041 2050 1272 2113 putavit,
1312 2053 1355 2105 si
1401 2053 1527 2108 illos
1563 2061 1766 2114 sensim
1796 2067 2066 2130 quodam-

479 2120 642 2174 inodo
674 2131 729 2178 et
753 2135 872 2182 arte
908 2133 1316 2194 circumventos
1365 2143 1608 2199 vicisset.
1638 2149 1706 2204 Et
1745 2152 1902 2206 multi
1928 2170 2063 2212 sane

475 2227 543 2265 cx
566 2215 760 2271 ordine
797 2221 1043 2288 militari,
1079 2241 1305 2300 propter
1346 2233 1620 2306 insignem
1652 2257 1782 2314 erga
1807 2245 2060 2303 divinum

474 2322 679 2363 numen
703 2313 983 2382 pietatem,
1006 2321 1172 2375 vitam
1201 2327 1467 2394 privatam
1495 2332 1802 2392 honoribus
1835 2341 2063 2408 quibus-

473 2416 693 2468 cunque
731 2412 1117 2476 prmtulerunt.
1155 2417 1450 2490 Postquam
1501 2425 1649 2480 enim
1699 2429 1964 2488 lustrator
2005 2447 2062 2491 et

475 2511 800 2570 repurgator
815 2509 1114 2576 exercitus,
1142 2512 1398 2585 idemque
1423 2524 1826 2588 persecutionis
1845 2541 2058 2594 auctor,

472 2591 747 2658 cptionem
801 2599 1070 2656 militibus
1122 2605 1457 2667 Christianis
1524 2613 1670 2669 illam
1726 2621 1946 2687 obtulit,
1987 2591 2060 2678 ut

473 2683 556 2738 vel
611 2685 712 2754 ipsi
761 2690 1139 2762 obsequentes
1179 2700 1474 2760 ordinibus
1511 2706 1784 2764 ducendis
1835 2713 2060 2770 honori-

471 2775 684 2847 busque
722 2786 982 2850 gerendis
1027 2805 1151 2847 cum
1187 2795 1312 2850 aliis
1351 2799 1649 2870 participes
1699 2805 1914 2876 fierent,
1969 2811 2059 2866 vel

473 2873 937 2932 constitutionum
974 2881 1345 2952 impcrialium
1374 2894 1704 2950 auctoritate
1739 2909 2056 2970 contempta

473 2962 726 3019 militiam
779 2971 1154 3042 relinquerent
1201 2999 1214 3032 :
1260 2985 1650 3054 quamplurimi
1707 2998 1816 3043 tum
1852 2992 2054 3050 Christi

474 3054 678 3110 nziiites
711 3075 830 3114 eam
861 3080 982 3131 qua:
1013 3068 1306 3126 videbatur
1328 3090 1450 3130 esse
1489 3078 1802 3135 felicitatem
1842 3085 2058 3156 abjece-

472 3157 636 3211 runt,
675 3156 851 3220 parati
899 3173 1006 3214 non
1059 3161 1384 3234 dignitatem
1425 3178 1479 3224 et
1524 3172 1789 3228 honorem
1845 3185 2053 3233 tantum

471 3235 781 3304 deponere.
823 3246 918 3299 sed
966 3250 1133 3306 etiam
1177 3266 1435 3322 mortem,
1469 3261 1514 3314 si
1551 3261 1905 3321 adversarius
1947 3267 2056 3325 illis

469 3329 657 3385 aerius
691 3332 952 3403 instaret,
993 3343 1166 3398 obire.
1200 3342 1254 3402 ld
1297 3353 1442 3421 quod
1473 3370 1503 3408 a
1559 3359 1832 3427 principio
1865 3362 1916 3417 in
1949 3380 2057 3420 uno

469 3427 632 3488 atque
665 3423 718 3479 in
747 3427 920 3483 altero
953 3445 1036 3489 est
1071 3452 1441 3508 perspectum.
1477 3446 1678 3502 Rarius
1715 3453 1859 3506 enim
1897 3454 1950 3509 id
1975 3458 2058 3510 in-

469 3503 661 3563 sidiosi
709 3515 876 3583 empti
910 3503 1108 3575 auctor
1137 3536 1220 3578 est
1263 3543 1450 3584 ausus.
1486 3533 1776 3592 Certamen
1818 3555 2054 3610 namque

471 3608 713 3668 emptum
759 3621 930 3676 usque
980 3611 1047 3666 ad
1097 3619 1385 3686 sanguinis
1427 3624 1669 3680 fidelium
1720 3629 2049 3689 effusionem

471 3694 800 3763 produt-ere,
831 3702 1105 3776 simulque
1135 3709 1334 3766 bellum
1355 3729 1764 3782 contrapmnes
1788 3721 2054 3793 excitare,

468 3787 651 3842 adhuc
667 3793 902 3861 quadam
945 3803 1101 3868 quasi
1132 3803 1591 3868 desidiadistulit.
1634 3815 1700 3871 Ut
1725 3830 1910 3873 autem
1941 3821 2054 3876 sei-

469 3894 628 3947 psunt
653 3885 904 3954 nudavit,
927 3901 1188 3966 totusque
1213 3899 1267 3952 in
1293 3905 1739 3969 persecutionem
1780 3913 2052 3980 incubuit,

467 3975 720 4031 oratione
755 3982 902 4035 nulla
951 3987 1212 4056 explicari
1242 4003 1446 4062 potest,
1480 4011 1684 4067 quanta
1715 4001 1917 4072 ubique
1955 4019 2056 4074 per

468 4068 653 4122 omnia
707 4071 822 4127 fere
868 4075 988 4132 loca
1039 4089 1094 4136 et
1126 4086 1329 4153 oppida
1380 4089 1808 4148 fortissimorum
1845 4095 2052 4153 Christi

468 4167 770 4231 martyrum
807 4169 1104 4228 multitudo
1149 4177 1222 4232 sit
1251 4180 1516 4237 exhibita.
1549 4185 1792 4242 Primum
1828 4191 2050 4259 quidem

468 4253 674 4322 ubique
693 4260 1230 4323 circumferebantur
1244 4280 1298 4326 et
1321 4277 1775 4345 proponebantur
1790 4281 2054 4354 imperia-

465 4342 538 4397 lia
555 4348 732 4404 edicta
751 4355 849 4424 (2),
870 4366 926 4411 ut
947 4361 1147 4426 templa
1167 4363 1285 4419 solo
1318 4342 1695 4438 aequarentur,

1713 381 2140 451 NlCEPHORI
2182 395 2538 463 CALLISTI

483 471 704 526 eximiis
751 473 1112 534 bellatoribus
1179 483 1283 538 sibi
1341 497 1620 545 certamen
1682 494 2062 562 forevideret,
2097 511 2137 565 Α

3616 425 3748 491 ῙΞΞΞ

2169 502 2236 577 ἦν
2270 511 2468 581 αὑτῷὸ
2505 515 2678 586 ἀγὼν,
2712 521 2853 590 ἔγνω
2902 528 3014 580 δεῖν
3060 529 3276 597 πρῶτον
3309 532 3613 604 ἐπιρρῶσαι
3653 535 3752 587 aii-

2174 599 2286 661 τὸν,
2319 605 2410 656 καὶ
2439 605 2582 661 οὕτω
2616 612 2706 664 τον
2759 616 2944 682 ἀγῶνα
2991 621 3323 676 καταδῦναιο
3361 623 3628 696 θαρρῆσαι
3656 627 3750 680 καὶ

2173 688 2237 752 δὴ
2273 691 2442 762 ἄνδρα
2474 699 2650 767 εὑρὼν
2689 703 2876 772 ὅμοιον
2933 709 3078 780 αὐτῷ
3128 713 3224 766 καὶ
3261 715 3462 782 τρόπον
3514 718 3608 770 καὶ
3651 719 3750 786 τὴν

2174 777 2457 855 ὠμότητα,
2495 791 2670 864 τούτῳ
2696 777 3078 870 συνδιαφέρειν
3112 803 3180 856 τὰ
3202 777 3306 872 τῆς
3331 806 3505 877 ἀρχῆς
3535 809 3746 878 ἐπιτρέ-

2175 891 2289 928 πει.
2321 879 2665 951 Μαξιμιανος
2691 890 2718 940 ὁ
2757 889 3102 958 Ἑρκού).λιος
3129 889 3284 961 οὗτος
3321 895 3388 968 ἦν
3411 915 3426 930 ·
3455 895 3542 964 οἷς
3561 900 3747 968 ζεῦγῦς

2175 963 2398 1035 ἄριστον
2429 977 2455 1026 ὁ
2478 976 2577 1044 τῆς
2601 979 2838 1045 πίστεως
2869 985 3029 1054 ήμῶν
3075 963 3355 1061 ’τύραννος⁷
3385 963 3749 1062 προσφυῶς-τε

2174 1057 2270 1108 καὶ
2313 1059 2514 1114 οἰκεῖον
2566 1068 2710 1133 μάλα
2769 1075 3142 1142 χρησάμενος,
3210 1081 3312 1149 τὴν
3381 1082 3474 1132 ὑπ’
3523 1083 3752 1150 ούρανζν

2175 1151 2378 1218 πτηνός
2404 1170 2489 1217 τις
2528 1157 2714 1227 διέθει,
2757 1164 2962 1228 πάντας
2993 1167 3122 1222 εἴσω
3159 1169 3346 1224 θέσθαι
3397 1175 3613 1245 χειρῶν,
3655 1180 3752 1230 καὶ

2172 1239 2274 1310 τὴν
2303 1244 2542 1312 Χριστοῦ
2597 1249 2787 1321 κλῆσιν
2827 1255 2886 1321 ἐξ
2924 1259 3127 1324 αὐτῶν,
3177 1263 3205 1317 ὅ
3267 1239 3429 1332 φασιν,
3468 1239 3752 1338 κρηπίδων

2173 1331 2487 1391 ἀνασπάσαι
2516 1343 2881 1413 πειρώμενος.
2941 1352 3052 1404 Καὶ
3079 1353 3142 1424 δὴ
3175 1355 3242 1408 τὰ
3284 1356 3385 1426 μὲν
3411 1361 3606 1442 ςπρῶτα
3649 1363 3751 1416 οὐκ

2182 1424 2238 1442 ,η
2293 1427 2307 1442 ι
2451 1429 2478 1441 ο
2602 1433 2647 1442 --
2682 1438 2693 1442 -
2767 1437 2790 1442 -

2172 1424 2385 1493 ἀθρόως
2409 1429 2487 1498 τῷ
2524 1433 2648 1487 καθ’
2671 1437 2832 1507 ἡμῶν
2865 1443 3101 1498 ἐπέϐαλε
3124 1424 3371 1519 διωγμῷ.
3413 1424 3748 1519 ιιέπιϐούλως

2171 1514 2229 1569 δὲ
2259 1519 2352 1570 καὶ
2396 1521 2661 1594 κρύϐδην,
2697 1528 2773 1593 ὠς
2797 1531 2866 1586 ἄν
2894 1550 2978 1596 τις
3015 1539 3174 1608 φαίη.
3414 1542 3514 1612 μὲν
3539 1543 3630 1597 οὖν
3651 1514 3748 1600 τοῦ

2175 1613 2540 1677 στρατοπέδου
2600 1619 3058 1695 ἀποπειρώμενος
3117 1625 3206 1700 ἦν.
3273 1633 3431 1703 ᾯετο
3459 1635 3564 1706 γάρ
3608 1639 3654 1690 oi
3685 1641 3751 1692 ἐκ

2171 1698 2265 1752 τοῦ
2291 1704 2492 1773 ῥᾴστου
2517 1715 2900 1786 προχωρήσειν
2923 1722 3072 1794 αὐτῷ
3102 1698 3164 1778 το
3194 1698 3504 1799 ἀγώνισμα,
3537 1698 3604 1785 ἐί
3629 1735 3749 1788 τού-

2171 1809 2280 1847 των
2331 1796 2514 1868 ἡρέμα
2546 1820 2664 1868 πως
2705 1811 2798 1862 καὶ
2849 1817 3112 1884 τεχνικῶς
3160 1796 3516 1888 περιγένοιτο.
3559 1825 3748 1881 Πολλοὶ

2173 1885 2272 1952 μὲν
2300 1885 2396 1944 οὖν
2447 1893 2676 1952 ἐκείνων
2708 1901 2809 1971 τῆς
2842 1907 2972 1975 περὶ
3030 1909 3090 1961 τὸ
3139 1885 3282 1966 θεῖον
3303 1885 3474 1986 ’χάριν
3511 1919 3745 1988 στοργῆς

2169 1977 2261 2030 τὸν
2295 1981 2516 2056 ίδιώτην
2548 1985 2682 2058 βίον
2711 1993 3046 2062 ἠσπάζοντο.
3089 2001 3242 2056 Ἐπεὶ
3276 1977 3398 2077 γᾶέ
3426 2009 3453 2060 ὁ
3485 1977 3742 2080 ιρυλῶίριἐ

2169 2070 2276 2122 νῶν
2324 2077 2418 2130 καὶ
2455 2079 2618 2150 δῆθεν
2653 2085 3044 2161 ἀνακαθαίρων
3072 2093 3132 2149 τὸ
3186 2070 3550 2168 στρατοπεδον
3584 2070 3747 2167 acia;

2165 2158 2233 2234 ἦν
2267 2167 2558 2241 ἐγχειρῶν,
2600 2175 2677 2240 ὡς
2725 2177 2792 2233 ἄν
2820 2199 2906 2246 τις
2933 2158 3101 2250 είττοι,
3145 2189 3220 2256 τῷ
3251 2158 3497 2263 διωγμῷ,
3534 2158 3746 2264 αἵρεσίν

2164 2276 2223 2310 τε
2251 2265 2516 2333 παρεῖχεν
2569 2267 2602 2339 ἢ
2639 2274 2884 2338 μετεῖναι
2919 2279 3105 2342 αὐτοῖς
3155 2285 3254 2352 τῆς
3290 2285 3458 2356 τιμῆς
3486 2287 3744 2356 πειθομέ-

2167 2367 2298 2415 νοις.
2337 2353 2368 2424 ἢ
2401 2359 2514 2418 τοῖς
2551 2358 2849 2430 βασιλικοῖς
2885 2367 3258 2440 θεσπίσμασιν
3292 2375 3744 2448 ἅντιφερομένοις

2165 2440 2486 2498 ἀπολείπειν
2519 2447 2618 2517 τὴν
2643 2451 2800 2516 τάξιν
2821 2469 2836 2487 ο
2869 2459 3176 2525 τηνικαῦτα
3203 2463 3339 2516 πολὺ
3367 2467 3583 2530 πλείους
3607 2469 3744 2540 Χρι-

2165 2531 2291 2584 στοῦ
2328 2540 2656 2604 στρατιῶται
2688 2544 2787 2613 τὴν
2809 2547 3177 2621 νομιζομένην
3212 2555 3524 2627 εὐπραγίαν
3551 2576 3741 2629 παρω·

2165 2623 2391 2693 σάμενοι
2418 2629 2820 2702 ἀνεδείκνυντο,
2851 2640 2911 2692 ού
2943 2641 3040 2713 τὴν
3074 2643 3233 2711 ἀξίαν
3261 2623 3446 2716 μύνον,
3479 2650 3614 2704 ἀλλὰ
3635 2623 3739 2705 ’καὶ

2164 2717 2396 2773 θάνατον
2425 2723 2592 2778 αὐτὸν
2630 2727 2731 2797 τῆς
2766 2732 3072 2799 ἐνστάσεως
3106 2739 3484 2810 ἀμειϐόμενοι.
3520 2739 3612 2808 Εἷς
3637 2762 3737 2798 που

2165 2809 2264 2877 μὲν
2298 2812 2392 2865 καὶ
2429 2813 2521 2866 δύο
2556 2823 2842 2892 καταρχὰς
2865 2839 2878 2854 ⁸
2911 2827 3006 2880 καὶ
3041 2829 3151 2898 γὰρ
3184 2809 3426 2898 σπανίως
3457 2838 3482 2888 ὁ
3505 2835 3600 2906 τὴν
3619 2839 3738 2890 ἐπι-

2162 2901 2362 2972 ϐουλὴν
2405 2909 2648 2978 ἐνεργῶν
2689 2915 2989 2986 ἐπετὸλμα.
3026 2921 3137 2976 Καὶ
3167 2922 3359 2994 μέχρις
3390 2901 3618 2995 αἵματος
3659 2929 3737 2998 τῷ

2161 2993 2358 3062 πλήθει
2417 2997 2846 3067 διαγωνίζεσθαι
2881 3007 2990 3060 τῶν
3044 3012 3274 3078 πιστῶν,
3325 3014 3459 3084 ὁμοῦ
3491 3033 3548 3069 τε
3596 3018 3738 3071 κατὰ

2161 3083 2382 3136 πάντων
2419 3085 2511 3138 τὸν
2539 3089 2777 3158 πόλεμον
2809 3095 3080 3170 ἐφορμᾷν,
3106 3101 3421 3154 ἁποκναίων
3447 3097 3514 3174 ἦν
3541 3105 3615 3156 ἔτι
3644 3107 3738 3158 καὶ

2159 3172 2350 3246 ὥσπερ
2379 3179 2766 3252 ἀναδυόμενος.
2813 3187 2902 3251 Ὠς
2924 3189 2980 3242 δὲ
3011 3193 3378 3264 παρεγύμνου
3413 3172 3618 3262 ἑαυτὸν,
3643 3199 3738 3252 καὶ

2159 3268 2280 3331 ὅλος
2310 3269 2410 3338 τῆς
2439 3272 2814 3344 ἐγχειρήσεως
2873 3275 2962 3350 ἦν,
2998 3283 3118 3336 οὐδὲ
3167 3285 3312 3357 λόγῳ
3372 3288 3557 3360 ῥᾴδιον
3578 3331 3593 3354 ,
3623 3291 3737 3346 ὅσοι

2158 3361 2259 3414 καῖ
2291 3357 2394 3417 οἶοι
2425 3367 2572 3420 κατὰ
2630 3371 2814 3435 πάσας
2853 3375 3040 3444 σχεδὸν
3073 3380 3166 3432 καὶ
3196 3380 3385 3445 πόλεις
3414 3383 3510 3436 καὶ
3557 3381 3740 3453 χώρας

2156 3455 2396 3525 Χριστοῦ
2440 3461 2720 3532 μάρτυρες
2771 3467 3186 3541 ἁνεδείχθησαν.
3257 3472 3601 3547 Ἀπανταχοῦ
3639 3475 3738 3546 μὲν

2154 3547 2248 3603 οῦν
2302 3553 2571 3624 πρότερον
2631 3557 2938 3628 γράμματα
2995 3561 3237 3631 διεφοίτα
3272 3565 3566 3635 βασιλικὰ,
3603 3568 3738 3632 νεὼς

2155 3641 2256 3712 μὲν
2290 3645 2368 3708 εἰς
2399 3647 2596 3716 ἔδαφος
2631 3653 3020 3717 καταϐάλλειν,
3067 3656 3292 3727 Γραφὰς
3327 3659 3382 3712 δὲ
3423 3660 3572 3724 θείας
3597 3664 3740 3731 ἀφα-

2161 3739 2274 3801 νεῖς
2327 3742 2462 3810 πυρὶ
2496 3743 2763 3816 καθιστᾷν
2783 3764 2798 3778 ·
2827 3749 2953 3811 τοὺς
2983 3749 3028 3803 δ’
3059 3751 3118 3802 ἐν
3144 3755 3334 3822 τιμαῖς
3370 3755 3428 3806 ἐν
3462 3755 3634 3824 ἀτίμῳ
3665 3751 3738 3808 εἷς

2159 3847 2270 3894 ναι,
2305 3836 2400 3884 καὶ
2435 3835 2562 3898 τοὺς
2605 3837 2824 3902 οἰκέτας
2881 3841 3291 3914 ἐξομνυμένους
3349 3845 3630 3917 ἐλευθερίᾳ
3663 3865 3736 3901 τι-

2161 3923 2288 3992 μᾷν.
2315 3915 2554 3980 Τοιαῦτα
2585 3929 2684 3998 μὲν
2705 3931 2736 3999 ἡ
2758 3930 2955 4003 πρώτη
2985 3937 3232 4004 περιεῖχε
3255 3940 3438 4007 γραφὴ
3469 3955 3483 3968 ο
3515 3939 3574 3992 οὐ
3599 3915 3734 3993 πάνυ

2155 4014 2212 4069 δὲ
2238 4015 2544 4082 διαλιπὼν,
2595 4022 2688 4074 καὶ
2736 4022 2971 4094 δεύτερα
3021 4029 3350 4098 κατέπεμπε
3413 4032 3732 4100 γράμματα,

2160 4107 2287 4174 τοὺς
2321 4111 2430 4166 τῶν
2461 4113 2771 4186 ἐκκλησιῶν
2802 4119 3100 4188 ἡγεμόνας,
3155 4123 3262 4191 ὅπη
3300 4124 3431 4177 ποτὲ
3459 4124 3558 4193 γῆς
3601 4117 3732 4190 εἷεν,

2159 4197 2380 4271 δεσμοῖς
2411 4207 2871 4274 περιϐάλλεσθαι·
2925 4207 3026 4266 εἶτ’
3073 4215 3319 4285 ἀνάγκην
3363 4217 3447 4269 ὃτι
3479 4215 3734 4284 πλείστην

2161 4293 2417 4363 ἐπάγειν,
2452 4299 2550 4352 καὶ⁹
2579 4299 2836 4371 δαίμοσιν
2870 4305 3139 4362 ἐπιθύειν.

1751 4374 1955 4431 divinae
1999 4377 2298 4453 Scriptura:
2319 4387 2484 4462 444
2503 4393 2988 4464 comburerentur,
3019 4401 3372 4468 magistratus
3387 4415 3445 4461 et
3502 4403 3735 4461 honores

461 4457 721 4510 gerentes
767 4468 892 4508 cum
927 4457 1224 4524 ignominia
1253 4463 1306 4518 in
1339 4467 1592 4524 ordinem
1627 4472 2034 4542 redigerentur,
2074 4481 2220 4536 servi
2277 4481 2765 4546 Christianismum
2795 4493 3117 4567 abjnrantes
3142 4499 3398 4556 libertate
3464 4501 3734 4558 domum.

466 4551 556 4567 ιιι..
623 4543 786 4567 Δι----
832 4551 936 4567 .-με
1092 4555 1144 4567 ο.
1355 4563 1366 4567 -
1635 4565 1643 4567 .

462 4551 574 4596 tur.
610 4543 792 4613 Atque
832 4551 946 4604 haec
1013 4555 1236 4623 quidem
1281 4563 1460 4631 prima
1538 4565 1743 4636 scripta
1791 4569 2307 4638 complectebantur
2355 4595 2368 4631 :

2442 4579 2648 4637 deinde
2689 4601 2825 4642 vero
2874 4604 3044 4658 parvo
3115 4592 3405 4648 intervallo
3456 4595 3561 4650 alia
3611 4608 3734 4652 sunt

1653 4635 1669 4636 κ
1918 4635 1934 4638 _
2601 4635 2642 4637 π
2703 4635 2820 4642 .--ν
2875 4635 3041 4658 ..-η-
3115 4635 3403 4648 ..............
3456 4635 3561 4650 ...ω
3611 4635 3734 4652 συ...

459 4635 642 4690 θίίίοιθ
681 4643 988 4711 Proposuit,
1031 4648 1235 4718 quibus
1265 4653 1661 4724 imperabatur,
1735 4668 1796 4714 ut
1857 4661 2224 4720 ecclesiarum
2297 4671 2586 4740 praesides,
2615 4674 2934 4749 ubicunque
2963 4680 3438 4749 locorumessent,
3463 4684 3735 4740 vinciren-

459 4739 554 4782 tur
623 4747 636 4780 :
721 4742 894 4804 utque
940 4739 1174 4810 eisdem,
1229 4746 1657 4820 quibuscunque
1713 4749 1835 4806 fieri
1895 4763 2085 4824 posset
2124 4758 2326 4826 modis,
2410 4769 2714 4826 necessitas
2767 4771 3116 4830 daemonibus
3159 4772 3504 4833 sacrificandi
3555 4779 3733 4849 impo-

459 4834 711 4882 uteretur.

1059 4952 1288 5012 CAPUT
1352 4957 1440 5013 IV.

457 5051 537 5107 De
560 5055 787 5109 moribus
819 5064 1258 5132 sanctorum,qui
1282 5065 1336 5117 in
1358 5081 1422 5120 ea
1453 5073 1810 5137 persecutione
1835 5072 2044 5143 fortiter

825 5157 828 5159 λ
1079 5137 1441 5191 decertarunt.

527 5239 602 5294 lbi
635 5249 750 5294 tum
782 5241 972 5301 videre
1009 5257 1148 5314 erat,
1179 5249 1384 5306 multos
1402 5265 1469 5306 cx
1489 5267 1557 5307 eo
1592 5270 1828 5311 numero
1859 5257 2040 5313 incre-

451 5333 652 5390 dibiles
681 5346 1084 5395 tormentorum
1123 5345 1405 5400 cruciatus
1437 5349 1884 5406 constantissime
1919 5368 2040 5420 per-

451 5423 618 5482 ferre.
656 5429 827 5484 Erant
861 5433 1029 5487 etiam
1069 5433 1166 5504 qui
1200 5435 1514 5491 animorum
1569 5441 1856 5508 torpedine
1891 5441 2042 5496 infir-

451 5535 504 5574 tu
529 5537 678 5590 ores,
733 5524 801 5577 ad
849 5526 1085 5592 primum
1130 5527 1394 5583 cederent
1444 5516 1736 5587 terrorem.
1771 5533 1840 5587 Et
1891 5534 2038 5588 varia

452 5631 585 5671 sane
633 5632 923 5687 poenarum
985 5623 1439 5690 proponebantur
1483 5642 1706 5697 genera.
1753 5628 1852 5682 llic
1888 5629 2038 5682 enim

528 5784 603 5839 tl‘.
637 5785 720 5838 Al.
763 5784 1206 5842 Maximinianum
1237 5799 1455 5846 vocant.

2762 4977 3012 5032 ΚΕΦΑΛ.
3053 4983 3128 5033 Δθ.

2155 5079 2292 5148 Περὶ
2325 5081 2431 5135 τοῦ
2466 5083 2693 5148 τρόπου
2730 5082 2849 5138 τῶν
2877 5089 3032 5172 κατὰ
3084 5087 3194 5142 τὸν
3227 5087 3488 5158 διωγμὸν
3515 5090 3730 5159 dran-

2789 5172 3094 5224 σαμενων.

2222 5263 2264 5314 Τ
2267 5263 2539 5332 ηνικαῦτα
2571 5261 2640 5336 ἦν
2675 5267 2801 5321 ἰδεῖν
2855 5267 3085 5332 πολλοὺς
3131 5270 3244 5324 τῶν
3298 5271 3558 5327 τοιούτων
3584 5273 3728 5344 ἀμύ-

2149 5354 2312 5424 θητόν
2339 5374 2462 5410 τινα
2493 5357 2747 5429 βασάνων
2778 5364 2973 5432 πεῖραν
3013 5364 3303 5432 καρτερῶς
3342 5365 3721 5436 διαφέροντας.

2145 5440 2326 5500 Ἦσαν
2355 5449 2412 5500 δέ
2438 5451 2490 5504 οἳ
2521 5452 2630 5504 κάκ
2676 5452 2904 5522 πρώτης
2945 5456 3126 5527 νάρκῃ
3179 5455 3360 5528 ψυχῆς
3391 5458 3726 5530 ἀσθενήσανο

2145 5556 2257 5603 τες,
2293 5536 2634 5611 ὑπεχώρουν.
2666 5545 2911 5616 Διάφορα
2929 5548 2987 5600 δὲ
3013 5549 3391 5621 κολαστηρίων
3412 5551 3524 5622 είὸη
3559 5553 3725 5624 πρού-

2143 5630 2433 5702 ϐεϐληντο.
2483 5637 2542 5689 '0
2585 5639 2688 5706 μὲν
2721 5641 2830 5712 γὰρ
2863 5643 3136 5711 μάστιγας
3184 5645 3306 5698 καθ’
3335 5646 3458 5700 ὅλου
3494 5645 3586 5700 τοῦ
3613 5645 3724 5699 σῶ-

529 5855 604 5920 (2')
639 5855 705 5910 Ut
749 5855 854 5910 hoc
905 5858 1097 5912 eodem
1163 5870 1404 5931 tempore
1466 5863 1616 5917 feriis
1671 5865 2027 5920 l‘aschalibus
2073 5865 2278 5936 ubique
2320 5867 2495 5931 ficzet,
2535 5856 2844 5922 institnt‘um
2883 5871 3313 5941 mandatumque
3349 5876 3540 5931 fuerat.

3550 6421 3600 6426 ___
3689 6418 3726 6426 -η
3780 6419 3836 6428 »ἢ
3891 6418 3922 6426 —
3958 6417 3994 6424 ~—
