4052 6436
352 407 482 472 1213
1299 413 1433 473 ECC
1448 416 1757 479 l.ESl.-\ST
1773 421 1910 481 lCle

2017 423 2344 484 ISTOlll/E
2384 426 2530 486 LlB-
2577 429 2706 492 VII.
3483 440 3617 507 1924

347 537 518 584 ματος
553 517 748 588 ἔφερεν
770 537 782 550 ·
817 523 842 574 ό
865 521 906 574 δ’
937 523 1316 590 ἐστρεϐὶοῦτο,
1353 529 1446 579 καὶ
1482 532 1592 592 τοῖς
1621 532 1847 601 ξεσμοῖς
1871 537 1927 597 ἐς

2033 538 2239 605 flagella
2269 554 2505 608 corpore
2539 549 2653 594 toto
2678 541 3014 610 perferebat,
3047 544 3138 600 ille
3168 556 3352 603 autem
3383 555 3618 608 constri-

347 611 510 682 βάθος
565 613 845 679 διήκουσιν
879 615 1187 684 ἐκαρτέρει.
1241 618 1328 670 Ἑν
1355 613 1433 682 οἷς
1466 616 1607 690 ἦσαν
1651 625 1701 677 οἳ
1739 627 1830 678 καὶ
1864 629 1925 681 τὸ

2029 639 2153 684 ctus
2188 633 2568 700 torquebatur,
2604 642 2660 687 et
2700 635 2928 704 ungulas
2962 637 3070 692 alte
3102 649 3457 708 penetrantes
3480 647 3619 700 tole-

344 705 440 757 τοῦ
475 703 589 772 βίου
627 705 800 773 πέρας
825 707 1155 775 ἐλάμϐανον.
1212 710 1396 764 ’Λλλοι
1439 713 1484 765 δ’
1518 717 1692 779 ἄλλως
1722 719 1926 788 διηγω-

2031 722 2205 777 rabat.
2239 723 2341 778 Cui
2373 727 2643 794 supplicio
2671 729 2896 797 quidam
2922 731 3088 784 etiam
3123 733 3609 801 immoriebantur,

345 795 572 860 νίζοντο.
636 797 695 849 ὐ
729 799 827 865 μέν
885 799 994 870 γάρ
1043 818 1122 864 τις
1177 802 1268 874 βία
1325 807 1758 877 συνωθούμενος,
1807 817 1926 877 ταῖς

2029 822 2086 868 et
2113 815 2202 868 atii
2235 816 2396 869 aliter
2423 832 2552 870 enm
2589 795 2928 875 cruciatibus
2965 822 3338 879 luctabantur.
3377 825 3617 892 Quidam

344 889 600 956 ἀνάγνοις
667 889 884 953 θυσίαις
939 894 1271 962 προσήγετο.
1327 898 1424 950 καί⁸
1485 902 1558 967 μὴ
1597 901 1786 967 θύσας,
1848 905 1924 968 ὠς

2027 907 2192 960 etiam
2222 923 2321 976 per
2349 907 2665 964 violentiam
2698 914 2985 980 protracti.
3016 925 3072 969 et
3098 916 3165 970 ad
3191 889 3419 987 impura
3446 921 3615 975 sacri-

342 981 586 1044 τεθυκὼς
623 983 970 1053 ἀπήλλακτο·
997 985 1157 1046 ἄλλος
1190 989 1321 1056 μηδὲ
1351 990 1422 1042 τὰ
1457 993 1626 1061 ἐναγῆ
1665 997 1922 1061 κατιδὼν,

2029 996 2152 1050 ﬁcia
2206 997 2452 1065 adducti,
2497 1015 2620 1055 cum
2667 1017 2777 1056 non
2811 1005 3238 1067 sacriﬁcassent.
3295 1010 3390 1064 sed
3439 1022 3621 1067 tamen

345 1070 504 1137 μόνον
560 1071 639 1122 ὅτι
679 1072 835 1124 ἄλλος
879 1073 1068 1143 εἴρηκε
1103 1075 1413 1144 τεθυκέναι,
1465 1086 1592 1154 σιγῇ
1626 1086 1726 1154 τὴν
1764 1105 1927 1140 συκο-

2030 1089 2197 1142 velnti
2224 1089 2652 1157 sacriﬁcassent,
2686 1091 2846 1147 liberi
2875 1093 3323 1151 dimittebantnr.
3365 1097 3619 1153 Invenie-

344 1165 575 1229 φαντίαν
603 1168 787 1232 φέρων
822 1165 989 1236 ἀπῄει
1009 1181 1025 1196 °
1053 1170 1081 1220 ὁ
1128 1168 1174 1220 δ’
1197 1171 1456 1242 ἀπαίρων
1495 1173 1595 1238 ἔτι,
1629 1175 1703 1238 ὡς
1731 1179 1922 1248 τεθνη-

2028 1179 2233 1235 bantur
2256 1197 2502 1252 quoque,
2531 1186 2626 1255 qui
2657 1187 2991 1240 exsecranda
3019 1203 3174 1242 sacra
3195 1205 3263 1243 ne
3297 1191 3621 1259 conspexis-

345 1259 456 1319 κὼς
493 1259 783 1310 παντάπαν
827 1261 1120 1330 ἐρῤίπτετο
1143 1280 1156 1293 ·
1193 1263 1342 1317 ἄλλοι
1378 1266 1425 1319 δ’
1457 1269 1668 1320 ἐκεῖνον
1697 1271 1806 1322 τοῖν
1830 1289 1928 1324 πο-

2026 1285 2152 1327 sent
2181 1273 2402 1342 quidem
2445 1293 2459 1330 :
2491 1276 2584 1330 sed
2622 1277 2766 1346 quod
2799 1279 2866 1332 ab
2885 1280 3009 1333 aliis
3032 1281 3371 1337 sacriﬁcasse
3395 1283 3506 1352 jam
3538 1283 3621 1337 di-

340 1351 450 1402 6.iv
470 1351 747 1420 σύροντες,
779 1347 978 1413 εἷλκον,
1011 1355 1085 1417 ὡς
1120 1356 1373 1408 κάκεῖνον
1397 1357 1924 1427 συμπαραλαϐόντες

2025 1373 2306 1428 cerentur,
2366 1365 2588 1421 silentio
2625 1366 2873 1422 fraudem
2928 1382 3047 1425 eam
3085 1383 3142 1424 et
3195 1375 3615 1442 sycophantiam

338 1441 454 1502 τοῖς
487 1439 748 1507 θύμασιν.
811 1440 1000 1504 ’Λλλος
1056 1443 1202 1510 μέγα
1235 1443 1478 1513 κράζων,
1517 1445 1617 1516 τὴν
1648 1465 1924 1516 συκοφαν-

2027 1463 2272 1525 tegentes
2293 1456 2536 1512 abibant.
2555 1459 2771 1526 Aliquis
2795 1462 2977 1516 adhuc
2992 1462 3205 1530 spirans
3225 1439 3285 1517 et
3318 1464 3615 1529 decedens,

339 1531 458 1582 τίαν
514 1531 864 1600 ἀπετρίϐετο,
903 1534 977 1602 μὴ
1041 1532 1202 1586 θῦσαι
1237 1534 1660 1603 διατεινόμενος.
1712 1539 1803 1608 Τῷ
1835 1539 1918 1607 δὲ,

2028 1555 2288 1616 tanquam
2319 1549 2429 1617 jam
2479 1557 2733 1604 mortuus
2765 1552 2995 1606 omnino
3046 1553 3489 1622 projiciebatur:
3529 1564 3619 1610 at-

338 1621 670 1690 Χρ.στιανὸς
703 1623 844 1690 εἰμι,
879 1623 1022 1692 μέγα
1055 1623 1204 1693 βοᾷν,
1242 1627 1444 1692 κόσμος
1478 1623 1564 1696 ἦν.
1604 1628 1816 1693 Ἀλλος,
1847 1630 1923 1692 ὡς

2025 1652 2131 1707 que
2157 1655 2283 1694 eum
2315 1640 2497 1708 ipsum
2525 1642 2614 1695 alii
2641 1641 2874 1710 pedibus
2908 1621 3167 1709 tractum,
3186 1645 3416 1715 perinde
3447 1654 3614 1715 atque

335 1713 396 1760 οὐ
433 1710 670 1778 θύσειεν,
698 1713 820 1765 ούδέ
851 1729 915 1780 γε
962 1715 1148 1766 θύσειν
1187 1716 1408 1768 πώποτε
1437 1720 1684 1788 στερρῶς
1727 1720 1924 1774 διετεί-

2025 1746 2150 1785 cnm
2177 1732 2304 1787 aliis
2359 1733 2803 1788 sacriﬁcaturum
2829 1735 3226 1806 corripiebant.
3255 1737 3474 1808 Aliquis
3494 1755 3619 1792 rur-

335 1819 482 1856 νετο.
513 1803 656 1856 Ἀλλ’
678 1805 798 1858 οὐδὲ
823 1800 969 1860 οὗτοι
999 1808 1291 1878 ἀπείρατοι
1319 1809 1510 1864 δεινῶν
1536 1807 1679 1881 ἦσαν
1701 1829 1715 1844 ⁶
1751 1831 1920 1884 στρα-

2026 1840 2146 1878 sum
2174 1825 2380 1896 ingenti
2409 1827 2652 1883 clamore
2684 1829 3016 1895 vociferans,
3043 1829 3346 1900 dolumque
3374 1839 3428 1885 ct
3451 1847 3613 1902 syco-

289 1891 562 1968 ’δτιωτικῇ
601 1896 658 1949 δὲ
692 1898 838 1967 χειρὶ
864 1899 1006 1953 κατὰ
1039 1902 1215 1970 στόμα
1247 1903 1558 1972 παιόμενοι,
1586 1904 1695 1969 πύξ
1723 1923 1783 1957 τε
1813 1925 1888 1959 πα

2026 1918 2307 1989 pbantiam
2357 1935 2388 1973 a
2440 1935 2499 1974 se
2553 1921 2841 1984 amoliens,
2886 1921 3112 1976 minime
3161 1937 3220 1976 se
3268 1923 3612 1979 sacriﬁcasse

333 1990 505 2058 ρειαῖς
561 1991 656 2042 καὶ
687 1991 955 2060 πρόσωπα
987 1993 1371 2063 ἐντεινόμενοι,
1399 1994 1768 2064 ἐξηλαύνοντο
1797 2001 1920 2052 ἐπι-

2025 2009 2296 2064 aﬁ'irtnare
2341 2014 2748 2080 perseverabat.
2794 2013 3053 2069 Nonnulli
3087 2027 3416 2072 ornamento
3450 2025 3607 2084 erat,

332 2083 655 2149 τρεπόμενοι
709 2084 806 2152 τὴν
844 2084 1026 2150 σιγήν.
1059 2086 1246 2148 Οὕτως
1281 2086 1341 2139 ού
1391 2088 1554 2156 μόνον
1595 2089 1653 2140 τὸ
1681 2091 1910 2160 πρᾶξαι,

2019 2101 2167 2170 quod
2194 2102 2568 2156 Christianum
2591 2119 2783 2158 seesse
2815 2104 3117 2159 acclamare
3135 2107 3412 2177 pergebat.
3446 2108 3603 2162 Alius

332 2173 468 2224 ἀλλά
503 2174 559 2225 τὸ
613 2173 760 2238 δόξαι
789 2175 988 2228 ἀνᾷσαι
1041 2178 1172 2246 περὶ
1204 2177 1460 2230 πλείστου
1515 2182 1812 2249 πεποίηντο
1858 2183 1906 2235 οί

2014 2204 2073 2244 se
2114 2205 2292 2258 neque
2331 2191 2705 2256 Sacriﬁcasse,
2736 2207 2918 2262 neque
2964 2210 3207 2264 unquam
3261 2196 3606 2251 sacriﬁcatu-

332 2268 656 2336 ἀλάστορες.
706 2268 840 2320 Ἀλλ’
887 2271 945 2321 ού
999 2271 1141 2323 κατὰ
1175 2271 1282 2324 τῶν
1315 2271 1533 2341 ἀληθῶν
1603 2275 1702 2343 τῆς
1761 2275 1919 2327 sina-

2024 2295 2144 2332 rum
2191 2295 2347 2344 esse,
2389 2290 2708 2336 constanter
2743 2284 3132 2339 contendebat.
3173 2287 3376 2340 Verum
3427 2301 3498 2342 ne
3532 2288 3608 2343 illi

329 2357 480 2420 ϐείας
517 2360 838 2426 ἀγωνιστῶν
871 2359 1056 2431 χώραν
1090 2358 1202 2432 εἶχε
1236 2362 1407 2415 ταῦτα
1441 2365 1534 2418 καὶ
1561 2366 1911 2436 παρρησίαν-

2021 2371 2247 2439 quidem
2281 2373 2550 2426 malorum
2579 2385 2832 2443 expertes
2861 2386 3022 2430 erant
3055 2397 3070 2429 :
3095 2377 3298 2432 milites
3325 2378 3472 2432 enim
3506 2393 3610 2448 pu-

325 2445 402 2504 ὦν
433 2451 531 2520 τὴν
565 2454 768 2523 ἀκριϐῆ
826 2456 967 2506 κατὰ
1020 2456 1187 2524 μέρος
1235 2455 1491 2525 διήγησιν
1521 2461 1670 2522 ποῖος
1723 2460 1789 2514 ἂν
1817 2462 1915 2529 ἀρ-

2017 2465 2142 2534 gnis
2182 2480 2265 2528 os,
2307 2465 2555 2519 maxillas
2594 2475 2650 2520 et
2704 2465 2872 2521 facies
2921 2483 3113 2522 eorum
3165 2471 3605 2534 diverberantcs,

333 2563 366 2598 κ
405 2566 482 2598 σοι
519 2551 790 2617 πλριστᾷν
817 2551 1010 2615 λόγος;
1681 2577 1690 2582 ·

2015 2557 2329 2625 pulsabant,
2356 2565 2520 2626 atque
2541 2573 2637 2612 eos
2664 2559 2825 2613 silere
2848 2561 3030 2630 jnssos
3067 2563 3424 2630 repellebant.
3453 2561 3609 2616 Adeo

328 2659 440 2698 non
458 2645 632 2698 solum
667 2645 712 2698 si
739 2645 885 2714 quod
913 2646 1171 2701 volebant
1203 2647 1588 2716 perfecissent,
1653 2649 1748 2704 sed
1817 2649 2032 2705 etiamsi
2095 2652 2147 2704 id
2193 2652 2490 2721 perfecisse
2517 2653 2860 2716 viderentur,
2897 2662 3084 2723 pestes
3122 2655 3229 2708 illa:
3257 2653 3476 2724 plurimi
3509 2653 3609 2708 du‘

327 2741 546 2796 cebant.
579 2740 683 2796 Sed
709 2743 822 2797 hac
857 2741 1122 2798 adversus
1144 2759 1306 2799 veros
1340 2755 1397 2800 et
1461 2761 1752 2814 germanos
1810 2747 2032 2816 pietatis
2096 2759 2536 2820 prepngnatorcs
2587 2759 2752 2820 atque
2828 2751 3202 2806 deccrtatores
3255 2751 3442 2806 locum
3495 2766 3607 2806 non

330 2839 608 2894 habebant
647 2859 660 2894 :
707 2855 946 2909 quorum
993 2842 1320 2896 constantia:
1349 2851 1405 2897 et
1468 2842 1818 2899 fortitudinis
1896 2857 2210 2901 accuratam
2282 2847 2617 2917 plenamque
2680 2848 3266 2903 commemorationem
3299 2849 3445 2904 nulla
3475 2863 3611 2919 pro-

328 2933 474 2988 fecto
512 2941 695 3002 potest
740 2934 966 3004 exsequi
1003 2935 1204 2990 oratio.

936 3051 1189 3102 ΚΕΦΛΛ.
1235 3051 1310 3105 E'.
1946 3070 1986 3114 ι.

1946 3070 1986 3114 ι.
2551 3055 2715 3128 445
2744 3054 2968 3112 CAPUT
3012 3057 3076 3110 v.

328 3141 465 3214 Περὶ
500 3140 606 3194 τοῦ
637 3143 701 3194 τὸ
731 3140 1036 3214 δυσσεϐὲς
1067 3146 1430 3214 agriami-pa
1471 3145 1914 3214 διαρρήξαντος

2019 3144 2097 3198 De
2142 3162 2200 3199 eo
2227 3144 2550 3205 Christiano.
2583 3147 2672 3214 qui
2708 3145 3028 3198 Nicomedia:
3063 3145 3287 3213 impium
3317 3145 3609 3214 imperato-

402 3212 472 3285 ἐκ
499 3212 884 3285 Νικομηδείᾳ,
944 3213 1040 3285 καὶ
1093 3213 1212 3266 τῶν
1263 3215 1385 3269 ἀπὸ
1442 3212 1914 3285 τῆςήβασιλικῆς

2091 3217 2163 3270 ris
2186 3217 2414 3268 edictum
2445 3212 2734 3285 concerpsit
2765 3231 2782 3266 :
2818 3224 2864 3267 et
2889 3216 2950 3268 de
2983 3218 3055 3268 eis
3096 3212 3185 3284 qui
3216 3231 3278 3270 ex
3317 3217 3477 3284 ipsius
3505 3213 3609 3264 im-

403 3283 595 3346 οὶκίας
623 3283 1172 3351 μαρτυρησάντων.
1440 3308 1444 3312 ·
1505 3283 1509 3284 ⁷
1865 3283 1871 3285 Ἴ

1865 3283 1871 3285 “
2085 3288 2346 3355 peratoris
2372 3287 2501 3339 aula
2531 3283 2786 3355 martyrio
2817 3293 2936 3337 sunt
2963 3285 3245 3354 perfuncti.

399 3397 626 3467 Πρῶτος
653 3397 836 3450 τοίνυν
880 3397 992 3452 τῶν
1021 3399 1314 3469 ἐπισήμων
1339 3401 1481 3468 ἀνήρ
1522 3416 1628 3465 τις,
1672 3401 1769 3453 καὶ
1803 3401 1912 3453 τῶν

2087 3400 2164 3454 Ex
2189 3381 2590 3454 celebrioribus
2618 3399 2749 3452 viris
2779 3398 3026 3467 quidam,
3054 3397 3268 3467 magnis
3298 3398 3619 3477 defunctus

328 3491 702 3561 νομιζομένων
749 3493 806 3544 ἐν
875 3492 1279 3560 ὑπερεχούσαις
1325 3494 1521 3562 ἀρχαῖς
1586 3493 1910 3562 διαπρέψαι,

2013 3491 2342 3557 honoribus,
2371 3492 2462 3544 ubi
2489 3489 2824 3550 Nicomediae
2855 3487 3098 3542 edictum
3132 3500 3321 3544 contra
3345 3491 3601 3560 pietatem

329 3584 443 3652 ἆμα
473 3581 548 3650 τῷ
586 3582 685 3652 τὴν
739 3581 958 3652 γραφὴν
992 3590 1132 3635 κατα
1163 3583 1262 3650 τῆς
1318 3583 1603 3647 εὐσεϐείας
1637 3584 1912 3651 ἁναγινώο

2011 3583 2118 3654 legi
2167 3583 2435 3645 audisset,
2487 3581 2685 3634 ardore
2727 3580 2918 3633 divino
2981 3579 3372 3645 conﬁrmatus,
3433 3591 3600 3650 atque

327 3673 554 3726 σκεσθαι
587 3674 726 3726 κατά
755 3675 1153 3743 Νικομήδειαν,
1187 3675 1334 3744 ζήλῳ
1363 3674 1493 3745 θείῳ
1523 3677 1783 3744 ῥωσθεὶς,
1813 3677 1909 3728 καὶ

2011 3677 2364 3732 minulatione
2397 3675 2709 3729 vehementi
2731 3675 2783 3727 in
2808 3672 2996 3727 animo
3030 3689 3131 3728 suo
3161 3673 3442 3740 incensus,
3465 3676 3605 3730 scri-

323 3765 422 3834 τὴν
457 3765 688 3835 καρδίαν
722 3764 1112 3834 πυρποληθεὶς,
1161 3763 1236 3828 ὡς
1267 3765 1440 3833 ἐναγῆ
1473 3782 1532 3818 τε
1569 3766 1664 3818 καὶ
1721 3766 1909 3835 ἐξάγι-

2011 3779 2164 3840 ptum
2198 3769 2274 3833 id,
2312 3779 2372 3823 ut
2413 3769 2594 3822 dirum
2637 3777 2693 3822 et
2723 3766 3145 3829 exsecrandum,
3180 3766 3342 3820 sicuti
3381 3768 3600 3836 publice

326 3874 450 3910 στον
497 3861 588 3910 ἐπὶ
623 3857 791 3927 μέσου
846 3857 910 3926 δὴ
961 3857 1338 3927 προκειμένην
1372 3856 1574 3922 λαϐὼν,
1624 3860 1704 3921 εἰς
1734 3859 1910 3912 λεπτὰ

2010 3863 2356 3932 propositum
2404 3871 2541 3919 erat.
2591 3861 2848 3933 arripuit,
2903 3868 3068 3929 atque
3098 3861 3149 3913 in
3201 3859 3602 3916 minutissimas

323 3952 626 4018 διατέμνων
657 3950 971 4020 ἐσπάραττε
991 3966 1006 3982 ο
1038 3952 1136 4002 καὶ
1161 3951 1334 4002 ταῦτα
1358 3952 1454 4002 καὶ
1487 3951 1600 4002 τῶν
1632 3951 1728 4004 δύο
1755 3950 1910 4021 βασι-

2011 3965 2199 4026 partes
2229 3954 2526 4021 conscidit,
2557 3971 2680 4010 cum
2723 3955 2947 4023 quidem
2979 3970 3042 4008 ea
3099 3954 3150 4007 in
3189 3955 3328 4008 urbe
3360 3963 3597 4024 uterque

322 4043 460 4097 λέων
493 4046 558 4114 τῇ
593 4043 744 4095 πόλει
776 4042 1223 4112 ἐπιδημούντων.
1265 4041 1440 4095 Τοῦτο
1469 4043 1652 4094 τοίνυν
1678 4043 1906 4113 δράσας,

2013 4047 2317 4116 imperator
2345 4046 2586 4103 adesset.
2612 4045 2731 4111 Quo
2749 4045 3043 4100 commisso
3070 4045 3336 4107 facinore,
3369 4045 3598 4113 perinde

325 4143 414 4190 καί
443 4136 634 4196 ὡς’ἐπὶ
663 4134 908 4205 μεγίστῳ
931 4135 1270 4205 τολμήματι,
1305 4131 1394 4189 οἷα
1416 4131 1485 4206 ἦν
1511 4135 1906 4200 είκὸς,παθὼν,

2012 4150 2177 4209 atque
2199 4139 2636 4194 inaudacissimo
2655 4147 2818 4208 atque
2842 4138 3079 4191 maxime
3105 4135 3360 4199 crimine,
3389 4136 3601 4206 gravis-

323 4232 455 4300 ἄχρι
474 4229 542 4299 δὴ
563 4229 660 4282 καὶ
687 4231 768 4292 εἰς
811 4228 1039 4298 ἔσχατον
1075 4227 1351 4296 ἀναπνοῆς
1385 4226 1444 4279 τὸ
1472 4228 1723 4294 γενναῖον
1758 4225 1910 4297 πρώ-

2011 4233 2181 4288 simas
2208 4233 2397 4302 quales
2426 4229 2728 4287 verisimile
2753 4239 2874 4285 erat
2897 4245 3023 4284 eum
3064 4230 3376 4284 subiturum
3408 4244 3600 4298 prunas

321 4338 431 4384 τως
458 4321 555 4372 καὶ
595 4319 928 4388 καρτερικὸν
977 4317 1036 4373 ἐν
1063 4336 1122 4371 τε
1155 4319 1443 4391 παρρησίᾳ
1473 4319 1570 4372 καὶ
1596 4317 1776 4372 ἄθλων
1813 4318 1910 4371 ἀλ-

2012 4325 2260 4394 pcndens
2277 4326 2376 4394 (l),
2397 4324 2463 4379 ad
2486 4334 2790 4378 extremum
2817 4339 2992 4392 usque
3013 4323 3294 4392 spiritum,
3314 4322 3597 4390 propalam

323 4411 568 4474 λοκότοις
627 4412 921 4480 ἐπιφοραῖς
959 4410 1229 4481 λαμπρῶς
1264 4412 1598 4476 ἀνεδείξατο.
1653 4413 1812 4467 Μετά
1847 4412 1908 4472 δέ

2018 4417 2072 4471 in
2114 4417 2346 4471 summis
2375 4414 2936 4485 exquisitissimisque
2964 4414 3314 4468 cruciatuum
3349 4422 3593 4467 tormen-

321 4503 510 4556 τοῦτον
540 4504 588 4556 οῖ
622 4503 763 4554 κατά
797 4503 922 4563 τοὺς
953 4499 1270 4570 βασιλικοὺς
1323 4501 1532 4570 οἴκους,
1566 4504 1614 4556 οῖ
1648 4503 1776 4573 περὶ
1809 4503 1911 4556 [15'-

2017 4507 2106 4572 tis,
2169 4506 2402 4559 liberum
2453 4505 2604 4558 illum
2655 4519 2818 4571 quem
2863 4503 3021 4573 prius
3073 4503 3368 4564 habuerat,
3424 4519 3596 4573 gene-

323 4613 451 4667 τρον
479 4596 624 4664 φημὶ
652 4595 745 4648 καὶ
789 4594 1094 4663 Δωρόθεον,
1142 4595 1444 4662 Μυγδόνιόν
1490 4612 1552 4650 τε
1583 4598 1678 4650 καὶ
1705 4598 1909 4666 Γοργό-

2014 4611 2314 4664 rosumqne
2345 4607 2400 4650 et
2437 4604 2786 4650 constantem
2818 4594 3064 4648 animum
3097 4592 3383 4663 magniﬁce
3408 4604 3599 4648 osten-

321 4707 455 4751 νιον,
496 4689 606 4742 τῶν
631 4687 854 4741 πώποτε
889 4687 1390 4758 μνημονευομένων
1419 4688 1476 4740 ἓν
1510 4705 1570 4740 τε
1607 4689 1907 4759 βαρϐάροις

2011 4688 2112 4744 dit.
2169 4687 2484 4742 Secundum
2539 4687 2704 4744 hunc.
2754 4686 3148 4755 imperatorum
3200 4685 3486 4752 domestici
3539 4696 3599 4740 ct

323 4783 420 4835 καὶ
457 4780 722 4852 Ἕλλησιν
774 4781 863 4832 ἐπ’
898 4778 1090 4849 ἀνδρίᾳ
1119 4779 1376 4846 γεγόνασι
1409 4778 1709 4848 διαϐόητοι.
1736 4780 1907 4850 Δόξης

2009 4779 2330 4841 familiares,
2354 4779 2570 4842 Petrus,
2597 4777 3002 4844 [)οιοι1›ουε,,Μ
3012 4775 3282 4846 ygdonius
3299 4785 3354 4831 et
3383 4775 3598 4847 Gorgo-

324 4877 436 4944 γὰρ
456 4872 773 4943 ἀρκούντως
802 4873 915 4935 τοῖς
959 4872 1251 4934 δεσπόταις
1295 4869 1613 4941 ἠξιωμένοι,
1636 4872 1711 4934 ὡς
1738 4873 1906 4942 μηδὲν

2010 4872 2156 4936 nius,
2190 4871 2438 4926 omnium
2469 4871 2565 4941 qui
2601 4885 2844 4940 unquam
2873 4869 3018 4939 apud
3043 4869 3264 4925 Graecos
3297 4881 3354 4924 et
3387 4870 3597 4924 Barba-

321 4965 494 5018 ἐνδεῖν
526 4967 635 5018 τῶν
685 4965 928 5035 γνησίων
962 4964 1170 5016 παίδων
1203 4964 1328 5016 ὅσον
1361 4963 1430 5016 τὰ
1459 4966 1517 5028 ἐς
1551 4963 1814 5030 διάθεσιν,
1845 4967 1905 5018 ἐν

2009 4979 2102 5018 ros
2167 4961 2428 5017 celebrati
2495 4971 2660 5024 sunt,
2724 4961 3067 5016 fortitudinis
3130 4961 3294 5016 laude
3360 4964 3595 5017 maxime

322 5057 504 5110 οὐδενὶ
529 5057 705 5110 ταῦτα
739 5057 839 5110 καὶ
861 5059 962 5126 τὴν
996 5055 1164 5129 ἀλλην
1213 5057 1306 5110 τοῦ
1333 5054 1453 5125 βίου
1486 5056 1692 5127 σκηνὴν
1724 5057 1905 5125 ἐλογί-

2011 5066 2356 5126 pracstantes,
2414 5070 2542 5109 cum
2605 5055 2826 5108 abunde
2861 5055 3034 5124 gratia
3081 5065 3138 5109 et
3181 5055 3595 5110 existimatione

324 5166 530 5205 σαντο·
564 5151 638 5214 ὡς
684 5151 745 5204 τὸ
801 5151 942 5218 ὑπὲρ
987 5149 1228 5219 Χριστοῦ
1287 5149 1475 5202 παθεῖν
1512 5149 1758 5213 ἑλέσθαι,
1809 5150 1903 5203 καὶ

2007 5149 2151 5217 apud
2190 5149 2355 5202 heros
2402 5162 2535 5202 suos
2581 5147 2654 5202 ita
2685 5148 2974 5216 pollerent.
3027 5158 3088 5202 ut
3121 5147 3228 5202 illis
3259 5163 3368 5202 non
3407 5149 3598 5207 minus

323 5243 460 5312 πρὸς
508 5244 576 5296 τά
604 5243 766 5295 καινά
815 5243 924 5295 τῶν
956 5243 1207 5313 βασάνων
1264 5243 1458 5312 καινὴν
1489 5243 1902 5296 ἐπιδείκνυσθαι

2006 5256 2170 5310 quam
2201 5239 2447 5310 germani
2479 5240 2572 5292 tilii
2603 5239 2755 5293 cliari
2791 5247 3014 5304 essent,
3059 5255 3158 5308 pro
3192 5240 3368 5293 nihilo
3407 5249 3593 5296 tamen

322 5334 418 5385 καὶ
441 5331 542 5402 τὴν
579 5332 911 5402 προθυμίαν.
955 5333 1044 5394 Ὠς
1080 5335 1190 5401 γὰρ
1229 5333 1489 5402 ἐφωράθη
1538 5333 1763 5403 Πέτρος,
1791 5334 1903 5410 εἷλέ

2003 5350 2066 5390 ea
2113 5333 2298 5388 omnia
2333 5333 2712 5402 reliquamque
2752 5332 2878 5385 vitae
2908 5331 3072 5402 hujus
3100 5345 3320 5386 scenam
3357 5329 3593 5398 duxere,

324 5441 452 5478 κετο
499 5425 587 5476 διὰ
615 5427 790 5494 μέσης
832 5424 931 5494 τῆς
963 5424 1362 5495 Νικομηδείας.
1424 5426 1577 5478 Ἐπεὶ
1611 5427 1654 5478 δ’
1690 5428 1901 5498 ἀπηγό-

2004 5443 2112 5498 prae
2144 5443 2210 5481 eo
2247 5437 2304 5481 ut
2334 5443 2433 5497 pro
2461 5426 2682 5480 Christo
2713 5434 3051 5494 paterentur,
3080 5435 3135 5478 ct
3177 5424 3242 5477 ad
3271 5438 3444 5477 novos
3467 5438 3593 5484 car-

329 5535 453 5588 ρευε
481 5517 654 5578 θύειν,
697 5516 906 5587 γυμνὸς
936 5518 1228 5588 μετάρσιος
1263 5519 1494 5589 αἴρεται,
1529 5521 1622 5572 καὶ
1664 5521 1901 5588 ἀφειδῶς

2005 5522 2227 5574 niﬁcum
2251 5521 2530 5575 cruciatus
2553 5534 2750 5572 novatn
2785 5521 2950 5572 etiam
2978 5516 3291 5574 animorum
3325 5514 3591 5569 afferrent

324 5611 677 5674 κατεξαίνετο
697 5623 710 5638 ⁸
743 5610 830 5661 ἶνα
853 5609 956 5662 κᾶν
989 5609 1137 5662 ἄκων
1161 5610 1494 5676 ἐκϐιασθεὶς,
1527 5610 1556 5663 ὅ
1589 5613 1898 5682 ἀπηγόρευε

2006 5614 2500 5684 promptitudinem
2548 5623 2603 5667 et
2658 5612 3021 5666 alacritatem.
3089 5609 3288 5664 Petrus
3349 5621 3589 5676 namque

321 5703 594 5772 δράσειεν.
637 5702 720 5778 Ὠς
753 5703 808 5755 δὲ
841 5703 934 5755 καὶ
966 5702 1044 5756 ἔτι
1077 5702 1364 5756 ἀνθίστατο
1389 5705 1767 5774 γενναιότερον
1789 5705 1896 5756 τῶν

2000 5708 2458 5775 coinprebensas,
2479 5723 2576 5776 per
2591 5707 2825 5762 mediam
2845 5703 3222 5760 Nicomediam
3241 5711 3326 5758 est
3344 5710 3585 5756 tractus:

400 5858 475 5930 (Ι)
515 5857 749 5912 Τοιαῦτα
783 5852 869 5912 οἷα
903 5860 994 5911 καὶ
1047 5860 1190 5922 εἰκος
1245 5856 1310 5930 ἦν
1359 5861 1676 5931 ὑπομείνας.
1724 5860 1921 5914 Euseb.
1966 5862 1999 5914 lL

853 5877 869 5908 ι
903 5860 994 5911 καὶ
1047 5860 1190 5922 εξκός
1245 5856 1310 5930 ἦν
1359 5861 1676 5931 ὑπομείνας.
1724 5860 1921 5914 Euseb.
1966 5862 2198 5925 lLb.vut,
2246 5876 2360 5929 cap.
2402 5858 2453 5911 5.
