4052 6466
418 426 558 490 12'5

1655 437 1833 498 NICE
1846 439 2081 500 PIIOBI
2128 444 2212 501 CA
2228 445 2317 503 LL
2330 445 2345 502 ι
2359 445 2474 505 STI

3570 450 3705 517 1916

414 552 583 609 atque
623 541 717 594 ubi
750 540 1069 597 simulacris
1098 557 1253 597 sacra
1286 544 1489 600 oﬂ'erre
1520 549 1723 611 renuit,
1752 550 2005 619 denuda-

2125 554 2317 607 iatétuv
2364 553 2806 624 διαφαινομένων
2866 554 2966 624 ἢδη
3020 555 3192 625 αὐτῷ,
3248 556 3367 622 ὅξος
3405 559 3705 617 σῦνεᾶλατι

414 641 540 696 tus,
571 644 738 701 atque
771 635 825 686 in
875 636 1111 689 sublime
1143 652 1469 705 suspensus,
1512 641 1899 697 crudelissime
1924 654 2011 698 est

416 729 822 791 diverberatus,
875 742 934 783 ut
984 734 1064 783 vel
1109 731 1335 796 invitus,
1388 742 1445 787 ct
1493 735 1658 789 tantis
1718 739 2011 791 tormentis

418 822 665 881 adactus.
714 822 858 890 quod
898 833 1270 883 recusaverat.
1321 824 1507 879 faccre
1554 837 1866 897 cogeretur.
1903 828 2009 883 Sed

420 916 567 967 cnim
587 932 710 967 cum
749 916 913 968 etiam
949 925 1071 987 tum
1098 915 1317 971 fortiter
1350 919 1402 971 in
1430 922 1706 974 sententia
1749 923 2013 989 persiste-

423 1016 524 1070 ret,
554 1019 609 1060 et
658 1008 770 1076 jam
800 1024 920 1061 ossa
975 1009 1271 1077 flagrorum
1302 1010 1641 1081 fustiumquc
1681 1014 1885 1069 ictibus
1911 1030 2015 1068 nu-

421 1101 545 1153 data
601 1110 955 1168 apparerent,
994 1103 1163 1156 salem
1207 1113 1363 1157 aceto
1411 1106 1634 1159 ntistum
1685 1115 1923 1162 tortores
1954 1108 2009 1163 in

421 1196 667 1247 membra
718 1195 1020 1250 diflluentia
1059 1197 1385 1253 infuderunt
1426 1211 1592 1269 atque
1646 1200 2009 1256 intriverunt.

419 1286 525 1340 Sed
574 1298 631 1341 ct
666 1288 771 1341 hoc
808 1298 1145 1343 tormentum
1180 1306 1305 1344 cum
1350 1292 1440 1346 ille
1491 1302 1833 1358 superasset,
1868 1293 2012 1361 ignis

419 1390 504 1434 est
527 1389 864 1443 constratas,
901 1391 956 1435 et
980 1383 1245 1435 craticula
1276 1383 1454 1451 posita
1494 1400 1507 1436 :
1538 1398 1705 1453 super
1732 1383 1875 1438 hanc
1916 1384 2010 1440 ille

418 1474 721 1529 collocatus
764 1493 776 1528 :
805 1474 887 1528 sic
919 1475 1328 1544 carnesipsius,
1364 1476 1594 1529 aliarum
1620 1476 2014 1545 edulium‘car-

421 1567 573 1619 nium
610 1566 803 1627 instar,
836 1566 1098 1635 paulatim
1136 1566 1248 1635 igni
1277 1574 1435 1620 tostae
1466 1578 1631 1635 atque
1671 1565 1827 1619 frixm
1855 1575 2007 1620 sunt.

419 1658 487 1712 Et
517 1659 803 1713 carnifices
829 1675 937 1712 non
970 1660 1119 1728 prius
1151 1674 1208 1714 se
1237 1661 1574 1714 remissuros
1601 1660 1908 1730 quidquam
1942 1660 2011 1715 de

422 1736 586 1804 tantis
622 1752 932 1820 suppliciis,
969 1767 1133 1821 quam
1164 1752 1255 1807 ille
1296 1752 1564 1822 imperata
1600 1753 1847 1816 fecisset,
1882 1769 2015 1808 con-

423 1842 733 1896 firmabant.
764 1843 857 1896 llle
888 1851 1070 1897 autem
1098 1859 1222 1898 cum
1254 1852 1403 1900 totus
1432 1846 1484 1900 in
1518 1862 1587 1901 eo
1624 1854 1789 1912 esset,
1817 1858 1876 1900 ut
1902 1848 2012 1901 for-

2118 648 2400 719 μίξαντες,
2448 648 2591 700 κατὰ
2641 648 2751 699 τῶν
2802 646 3184 701 διασαπέντων
3241 650 3421 719 μελῶν
3452 651 3707 721 βαλόντες

2115 737 2421 807 ἀνέτριὸον.
2477 736 2569 800 Ὧς
2610 737 2668 790 δὲ
2702 739 2796 790 καὶ
2842 741 3051 792 τούτων
3085 739 3386 811 ὑπέρτερος
3435 740 3523 814 ἦν,
3569 748 3701 800 aut-

2117 847 2330 900 στρωτο
2363 830 2501 901 πῦρ,
2534 830 2627 883 καὶ
2673 830 2881 900 ἐσχάρα
2930 831 3009 901 τῷ
3039 834 3172 903 πυρὶ
3207 836 3509 892 ἐπετίθετο.
3552 837 3609 891 '0
3648 840 3705 891 δὲ

2115 923 2325 977 ἄνωθεν
2356 924 2580 993 ἦπλωτο
2601 939 2615 953 ·
2654 922 2846 993 καὶτῷ
2871 925 3007 993 πυρὶ
3037 926 3179 978 κατά
3215 926 3386 996 βραχὺ
3414 930 3468 981 αἱ
3503 931 3709 998 σάρκες

2115 1015 2272 1084 δίκην
2306 1016 2585 1087 ἐδωδίμων
2617 1017 2797 1087 κρεῶν
2833 1019 3378 1088 ἀποτηγανιζόμεναι
3403 1021 3704 1075 διελύτντο.

2123 1108 2188 1162 Οί
2227 1108 2281 1160 δὲ
2316 1110 2413 1162 καὶ
2444 1110 2583 1179 μετὰ
2614 1109 2855 1162 τοσαῦτα
2882 1110 2941 1163 ού
2982 1113 3111 1180 πρὶν
3148 1114 3361 1163 ἀνεῖναι
3383 1112 3711 1166 διετείνοντο

2119 1203 2316 1271 μέχρις
2346 1201 2413 1253 ἂν
2442 1201 2504 1253 τὸ
2532 1201 2877 1271 προσταχθὲν
2911 1203 3239 1255 ἐκτελέσειε.
3280 1203 3390 1256 Καί
3420 1206 3473 1271 γ’
3501 1208 3712 1268 ἐκ-ἶνος

2114 1294 2234 1356 ὅλος
2257 1293 2358 1361 τῆς
2386 1295 2701 1355 ὲνστᾶσεως
2728 1293 2827 1357 ὢν,
2864 1294 2953 1346 ἐπ’
2980 1293 3173 1355 αὐταῖς
3206 1294 3463 1363 βασάνοις
3502 1313 3709 1364 στεφα-

2116 1387 2270 1457 νίτης
2292 1387 2589 1456 ἀνέδραμε.
2645 1386 2903 1439 Τοιοῦτον
2932 1386 3034 1457 μὲν
3072 1383 3165 1440 οῦν
3217 1387 3392 1457 τούτῳ
3428 1389 3485 1440 τὸ
3517 1391 3667 1450 τέλος
3695 1405 3711 1421 ⁸

2116 1479 2177 1531 οὐ
2234 1480 2389 1547 μεῖον
2423 1478 2469 1531 δ’
2518 1479 2650 1543 ἴσως
2702 1479 2938 1541 καὶτοῖς
2967 1478 3174 1538 λοιποῖς
3194 1494 3209 1508 ⁸
3241 1477 3276 1531 δ.
3301 1478 3461 1546 λόγου
3497 1497 3709 1548 συμςιεο

2115 1572 2274 1642 τρίας
2303 1572 2617 1640 φειδόμενοι
2667 1570 3107 1641 παραλείψομεν,
3153 1572 3311 1623 τοῦτο
3341 1570 3499 1639 μόνον
3530 1574 3713 1626 sinov-

2116 1679 2226 1727 τες,
2255 1662 2332 1725 ὡς
2370 1664 2571 1715 ἐκεῖνοι
2617 1664 2754 1731 μετὰ
2802 1662 3005 1726 πολλὰς
3041 1665 3136 1716 καὶ
3179 1664 3494 1734 ἀφορήτους
3531 1662 3700 1732 βασά-

2118 1769 2241 1816 νους
2273 1754 2453 1824 βρόχῳ
2485 1754 2578 1806 τοῦ
2609 1754 2710 1826 ζῇν
2745 1755 3165 1826 ἀπηλλάγησαν.
3193 1755 3256 1807 Οἳ
3285 1754 3351 1826 δὴ
3388 1756 3584 1817 πάντες
3612 1756 3714 1824 τῆς

2119 1845 2507 1916 προσηκούσης
2542 1846 2696 1905 ὁσίας
2724 1847 3004 1916 τυχόντες,
3062 1847 3235 1899 ἔπειτ’
3290 1847 3709 1917 ἀνορυχθέντες,

422 1935 555 1989 titer
587 1935 695 1989 illis
726 1936 1030 2000 resisteret,
1074 1937 1127 1991 in
1175 1938 1311 2007 ipsis
1345 1938 1513 1993 tantis
1559 1940 1901 1993 cruciatibus
1930 1940 2007 1993 vi-

2125 1940 2315 2008 μυχοῖς
2341 1937 2654 2002 θαλαττίοις
2688 1940 3185 2009 ὲναπορρίπτονται
3207 1959 3221 1970 ·
3252 1939 3327 2003 ὡς
3353 1940 3418 1995 ἄν
3442 1957 3525 2009 γε,
3558 1942 3709 2009 φασὶ,

420 2031 609 2085 ctoria:
659 2045 860 2083 ciroua
918 2040 1147 2084 ornatus
1212 2030 1473 2085 decessit.
1521 2032 1598 2085 Ac
1634 2033 1725 2086 ille
1782 2032 2008 2102 quidem

2124 2031 2199 2101 μὴ
2231 2036 2287 2083 ἐν
2324 2033 2580 2101 μνήμασι
2612 2033 2883 2101 κείμενοι,
2917 2034 3029 2086 θεοὶ
3063 2033 3397 2103 νομισθεῖεν.

422 2124 685 2194 martyrio
715 2123 786 2177 ita
812 2132 892 2178 est
930 2123 1247 2213 defunctus.
1290 2125 1506 2194 Reliqui
1535 2134 1719 2180 autem
1751 2142 1859 2180 non
1931 2125 2115 2179 minus
2178 2127 2416 2181 fortasse
2451 2133 2856 2181 tormentorum
2917 2126 3219 2196 pertulere,
3262 2143 3383 2197 quae
3426 2126 3715 2182 brevitatis

423 2233 586 2269 causa
619 2218 1136 2286 praetermittimus:
1190 2227 1245 2273 et
1283 2219 1418 2274 illud
1460 2220 1731 2275 duntaxat
1792 2219 2087 2290 atljicimus
2126 2234 2224 2275 eos
2297 2229 2423 2290 post
2462 2221 2668 2275 multos
2716 2220 3281 2291 insustcntabilcsque
3305 2223 3580 2276 cruciatus
3615 2236 3713 2289 po-

422 2323 629 2365 strcmo
662 2313 857 2381 laqueo
882 2312 1046 2366 vitam
1084 2312 1313 2368 finiisse.
1378 2313 1543 2386 446
1582 2314 1685 2379 Qui
1723 2331 1917 2370 omnes
1960 2316 2357 2384 exsequiarum
2417 2315 2644 2385 quidem
2705 2323 2761 2369 et
2824 2316 3126 2386 sepultura:
3197 2318 3343 2386 justa
3404 2316 3715 2371 consecuti,

423 2405 624 2459 deinde
653 2420 785 2460 vero
816 2406 1024 2473 effossi,
1056 2408 1113 2461 in
1149 2423 1301 2463 mare
1336 2420 1466 2463 sunt
1492 2410 1727 2482 conjecti
1760 2429 1773 2463 :
1814 2399 1871 2464 ut
1932 2425 2022 2475 ne,
2067 2409 2233 2465 sicuti
2301 2409 2627 2475 dicebatur,
2664 2408 2718 2462 in
2762 2413 3036 2479 sepulcris
3083 2409 3270 2480 positi,
3319 2409 3394 2465 dii
3423 2410 3715 2481 essejudi-

424 2509 705 2557 carcntur.

1039 2623 1271 2680 CAPUT
1325 2624 1413 2681 Vl.

422 2713 500 2768 De
544 2717 693 2769 beato
743 2714 887 2770 obitu
921 2718 1107 2787 viginti
1148 2718 1375 2772 millium
1419 2720 1472 2771 in
1505 2717 1818 2773 Nicomedia
1868 2735 2019 2772 mar-

498 2800 672 2858 tgrnm
698 2801 717 2839 :
768 2798 817 2839 et
869 2789 932 2841 de
985 2789 1117 2843 Indo
1168 2792 1423 2851 eunucho.
1461 2798 1509 2842 et
1547 2788 1780 2857 Domita,
1814 2796 2017 2858 marty-

499 2862 665 2912 ribus.

494 2970 627 3025 Post
659 2971 766 3027 hoc
799 2940 1012 3027 Domna
1044 2973 1218 3044 virgo,
1253 2983 1308 3029 et
1335 2973 1499 3029 lndes
1534 2976 1921 3030 cunuchorum
1951 2975 2013 3028 fi-

425 3060 765 3127 delissimus,
819 3063 1177 3134 injudicium
1216 3075 1347 3120 sunt
1390 3067 1670 3136 producti.
1714 3067 2010 3136 Postquam

423 3156 571 3208 enim
616 3155 862 3210 Antbimi
903 3156 1239 3211 Nicomediae
1273 3157 1521 3228 episcopi
1560 3158 1912 3213 institutione
1962 3171 2015 3215 et

2736 2621 2990 2675 ΚΕΦΑΛ.
3035 2622 3126 2687 (τ’.

2128 2710 2265 2780 Περὶ
2298 2710 2406 2764 τοῦ
2426 2711 2724 2776 μακαρίου
2757 2709 2975 2774 τέλους
3006 2709 3125 2780 τῶν
3154 2706 3715 2780 ἁγίῳνᾼδινσμυρίων

2200 2776 2319 2835 τῶν
2352 2782 2421 2833 ἐν
2466 2780 2878 2849 Νικομηδείςι·
2922 2779 3020 2832 καὶ
3073 2780 3206 2848 περὶ
3239 2776 3436 2832 Ἰνδου
3459 2776 3553 2832 καὶ
3609 2781 3711 2832 Ad—

2195 2868 2376 2922 μγας.

2198 2969 2341 3037 Πρὸς
2396 2969 2607 3031 τούτοις
2658 2969 2690 3039 ἡ
2760 2965 3031 3037 παρθένος
3086 2966 3269 3037 Δόμνα
3317 2967 3413 3020 καὶ
3451 2965 3646 3036 Ἰνδηῇ
3679 2966 3712 3018 ὁ

2123 3060 2231 3114 τῶν
2283 3061 2560 3131 εὐνούχων
2589 3059 2941 3123 πιστότατος,
2974 3058 3317 3130 δικαστηρίῳ
3357 3059 3705 3129 παρίσταντο.

2128 3155 2270 3223 Πρῆς
2304 3156 2412 3225 γὰρ
2455 3153 2714 3223 Ἀνθίμου
2748 3153 2845 3206 τοῦ
2883 3154 2982 3222 τῆς
3037 3151 3408 3222 Νικομηδείας
3457 3154 3707 3220 ποιμένος

425 3263 591 3317 opera
622 3248 862 3303 divinam
896 3249 1179 3305 consecuti
1222 3250 1712 3321 fuerantgratiam,
1747 3253 2015 3322 quidquid

2125 3246 2446 3311 ἀξιωθέντες
2468 3247 2566 3315 τῆς
2603 3247 2849 3316 χάριτος,
2880 3248 2946 3316 τῇ
2978 3245 3087 3298 τῶν
3123 3245 3356 3313 πτωχῶν
3403 3244 3704 3313 ἐπιμελείᾳ,

426 3340 736 3395 habuerant
757 3342 809 3395 in
837 3342 1106 3412 imperiali
1134 3343 1258 3397 aula
1288 3342 1513 3410 favoris,
1545 3345 1598 3399 id
1632 3360 1795 3400 omne
1826 3345 2017 3400 foven-

425 3433 511 3488 dis
567 3436 936 3503 curamlisque
966 3435 1303 3504 pauperibus
1334 3436 1766 3505 insumpserant.
1800 3437 2013 3493 Etcum

427 3526 801 3581 Diocletianus
858 3527 1269 3597 expeditionem
1332 3529 1588 3583 bellicam
1637 3530 1904 3584 adversus
1937 3531 2015 3600 (l)

426 3617 717 3688 Aitltiopcs
747 3621 1098 3689 suscepisset,
1143 3621 1436 3691 prmfectus
1482 3621 1893 3686 cunuchorum,
1927 3622 2016 3676 cui

427 3712 667 3764 civitatis
697 3726 829 3765 cura
868 3713 1124 3767 mandata
1159 3712 1357 3779 fuerat,
1390 3716 1610 3786 cognita
1640 3714 1692 3767 in
1727 3713 2015 3768 Christum

431 3802 555 3855 ﬁdei
585 3803 928 3873 professione
955 3804 1103 3860 lndze
1129 3815 1185 3860 ct
1213 3807 1457 3872 Domum,
1490 3824 1610 3877 qua:
1640 3808 1695 3860 in
1716 3805 1839 3860 aula
1866 3806 2020 3876 prin-

428 3896 613 3965 cipum
647 3897 907 3951 sacerdos
950 3898 1221 3954 idolorum
1264 3900 1463 3965 fuerat,
1502 3901 1554 3955 in
1591 3915 1873 3956 carcerem
1922 3915 2021 3957 eos

429 3990 673 4046 demisit.
731 3991 809 4046 lbi
851 3990 1058 4046 Domna
1092 3994 1247 4047 vultu
1297 3992 1352 4046 in
1401 3993 1641 4058 speciem
1697 3993 1955 4057 distorto,
1990 4007 2020 4046 a

430 4085 703 4137 daemonio
726 4099 785 4138 se
813 4099 1121 4153 correptam
1154 4101 1276 4139 esse
1305 4086 1651 4141 assimulavit
1675 4103 1689 4141 :
1714 4098 1769 4141 et
1797 4087 1868 4140 ob
1898 4101 2019 4141 eam

432 4192 653 4231 causam
680 4178 941 4231 Anthimo
958 4179 1242 4247 episcopo,
1272 4179 1431 4246 cujus
1461 4179 1656 4233 eximia
1686 4188 1806 4234 erat
1832 4179 2023 4249 ingen—

432 4270 504 4322 tis
530 4268 796 4324 adversus
826 4269 1103 4324 dtemones
1134 4272 1424 4339 potestatis
1474 4272 1639 4337 fama,
1682 4272 1878 4327 tradita
1912 4283 2017 4329 cst.

434 4363 711 4433 Reversus
743 4378 810 4417 eo
843 4365 1159 4431 imperator.
1196 4363 1286 4416 ubi
1318 4379 1437 4416 eam
1468 4380 1580 4417 rem
1617 4365 1897 4435 cognovit,
1925 4382 2023 4421 eu-

435 4455 680 4509 nuchum
718 4456 902 4509 Statim
945 4455 1129 4507 securi
1167 4454 1379 4523 percuti
1410 4456 1575 4524 jussit
1609 4474 1622 4510 :
1661 4457 2022 4528 furoremque

433 4563 594 4601 suum
625 4563 843 4601 omnem
869 4556 1056 4599 contra
1078 4548 1340 4600 ascelcria
1370 4548 1575 4616 emisit,
1602 4556 1656 4603 et
1681 4550 2024 4615 persecutio-

2122 3342 2225 3392 ὅσα
2256 3339 2319 3409 δὴ
2362 3338 2655 3407 βατιλικῆς
2697 3339 2923 3407 χάριτος
2971 3333 3113 3409 ἦσαν
3152 3338 3357 3401 αὐτοῖς.
3400 3337 3703 3407 ἀνήλισκεν.

2123 3430 2474 3498 λίαξιμιανοῦ
2505 3416 2567 3481 δὲ’
2601 3430 2726 3482 κατ’
2758 3432 3039 3483 Αἰθιόπων
3073 3430 3488 3499 στρατεύοντος,
3536 3431 3564 3482 ὁ
3614 3429 3709 3496 ἁρ-

2125 3523 2441 3593 χιευνοῦχος
2470 3523 2569 3589 τὴν
2598 3523 2905 3593 ἐπιτροπὴν
2952 3526 3052 3593 τῆς
3087 3523 3298 3585 πόλεως
3330 3523 3488 3592 ἔχων,
3524 3519 3711 3590 μαθὼν

2124 3618 2190 3668 τὰ
2232 3615 2372 3667 κατὰ
2404 3617 2497 3666 τὸν
2530 3615 2711 3684 ἰιδην
2757 3616 2852 3668 καὶ
2887 3617 3123 3685 Δέμναν,
3159 3616 3364 3685 ἱέρειαν
3395 3611 3557 3668 οὖσαν
3602 3612 3712 3665 τῶν

2124 3705 2247 3755 κατ’
2277 3699 2427 3756 οἷκον
2454 3702 2529 3772 τῷ
2566 3704 2778 3771 βασιλεῖ
2800 3702 2960 3766 θεῶν,
2993 3702 3241 3771 εἱρκταῖς
3276 3704 3610 3771 περιεῖργεν.
3647 3700 3710 3753 Ἡ

2122 3795 2177 3848 δὲ
2210 3796 2393 3860 Δέμνα
2428 3796 2486 3845 ἐν
2522 3794 2813 3864 ὑποκρίσει
2844 3795 3252 3863 διαστρέφουσα
3284 3796 3344 3846 τὶ
3399 3794 3709 3864 πρόσωπον,

2123 3886 2391 3956 δαιμονᾷν
2423 3886 2750 3957 ὑπεκρίνετο
2772 3903 2786 3916 ο
2822 3889 2917 3939 καὶ
2963 3886 3055 3938 διὰ
3093 3886 3254 3938 τοῦτο
3290 3886 3367 3956 τῷ
3399 3886 3704 3950 ὲπισκόπφ,

2127 3979 2389 4047 Ἀνθιμος
2419 3978 2464 4030 δ’
2496 3973 2652 4040 οὗτος
2679 3974 2747 4047 ἦν
2769 4018 2785 4039 ,
2820 3978 3188 4032 ἀπαλλάττειν
3239 3979 3459 4043 ἐδίδοτο,
3504 3995 3708 4047 inpru-

2126 4071 2392 4142 ρούμενος
2441 4071 2582 4123 κατὰ
2606 4071 2812 4124 τούτων
2844 4071 2908 4141 δὴ
2939 4072 3143 4143 πολλὴν
3192 4071 3496 4141 κεκτῆσθαι
3530 4070 3706 4138 ἰσχύν.

2138 4164 2226 4227 Ὠς
2264 4163 2310 4215 δ’
2341 4166 2632 4233 ἐπανήκων
2666 4165 2692 4216 ὀ
2723 4163 2981 4233 βασιλεὺς
3034 4166 3195 4235 μάθοι
3226 4166 3295 4217 τὰ
3332 4163 3455 4218 κατ’
3491 4165 3711 4225 αὐτοὺς,

2125 4256 2217 4309 τὸν
2245 4256 2345 4326 μὲν
2378 4255 2775 4326 ἀρχιευνοῦχον
2826 4257 2991 4318 εὐθὺς
3023 4258 3186 4326 ἔργον
3235 4259 3474 4310 ἐποιεῖτο
3512 4256 3714 4327 μαχαί-

2130 4365 2265 4420 ρας·
2304 4349 2404 4420 τὴν
2436 4349 2493 4403 δὲ
2529 4351 2731 4418 μανίαν
2761 4351 2890 4418 ὃλην
2922 4351 3064 4401 κατὰ
3090 4349 3198 4401 τῶν
3250 4350 3603 4419 ἀσκητηρίων
3630 4349 3718 4398 ὲν·

2129 4445 2387 4514 σκήπτει.
2423 4443 2535 4498 Καὶ
2562 4442 2807 4511 διωγμὸν
2840 4443 3210 4512 ἀπάνθρωπον
3242 4442 3366 4495 καθ’
3396 4442 3550 4512 ἡμῶν
3569 4443 3722 4511 inat-

2132 4554 2244 4606 ρεν,
2282 4537 2463 4607 ὁτιδὴ
2500 4538 2596 4591 καὶ
2656 4537 2851 4589 πολλαὶ
2907 4536 3017 4587 τῶν
3072 4534 3376 4603 παρθενίαν
3424 4534 3720 4606 ᾑρημένων

435 4655 559 4691 nem
588 4639 655 4692 ab
688 4638 838 4691 omni
875 4639 1218 4693 humanitate
1246 4639 1639 4693 alienissimam
1673 4641 1726 4693 in
1758 4655 1859 4693 nos
1890 4656 2017 4693 con-

2129 4629 2322 4683 ἀσκεϊν
2350 4628 2410 4681 τὸ
2429 4626 2525 4680 τοῦ
2552 4627 2858 4697 μαρτυρίου
2888 4625 3104 4678 στάδιον
3122 4625 3384 4692 γενναίως
3407 4625 3719 4693 διήνεγκαν.

436 4729 647 4785 citavit.
694 4729 815 4794 Quo
850 4738 1095 4798 tempore
1126 4730 1323 4798 puellae
1371 4730 1572 4792 multae,
1609 4745 1731 4800 qua:
1783 4728 1856 4782 ibi
1915 4729 2022 4799 piis

437 4822 638 4875 Studiis
666 4821 1037 4890 virginitatem
1070 4838 1400 4877 conservare
1425 4822 1742 4885 studebant,
1786 4821 1838 4874 in
1870 4836 2022 4875 mar-

440 4916 564 4985 tyrii
600 4915 779 4969 stadio
814 4915 1257 4970 constantissime
1298 4917 1686 4971 decurrerunt.
1712 4913 1852 4970 Cum
1901 4914 2029 4984 qui-

441 5008 545 5061 bus
573 5017 627 5061 et
663 5007 971 5078 Glycerius,
1015 5009 1158 5062 inter
1200 5010 1550 5078 presbyteros
1573 5007 1779 5076 primas
1809 5018 2026 5069 tenens,

440 5117 565 5155 cum
612 5102 761 5156 varia
796 5112 1067 5156 tormenta
1104 5104 1324 5173 egregie
1355 5102 1617 5165 vicisset,
1649 5109 1876 5169 totoque
1904 5114 2030 5153 cor-

440 5210 570 5261 pore
598 5198 782 5249 nervis
812 5195 1035 5249 bubulis
1088 5196 1344 5248 concisus
1391 5194 1608 5258 fuisset,
1647 5193 1758 5261 igni
1804 5192 2025 5245 tandem

440 5297 527 5341 cst
578 5296 829 5340 exustus.
885 5288 1149 5342 Permulti
1189 5301 1411 5356 quoque
1466 5296 1779 5348 senatores,
1820 5295 1876 5341 et
1931 5285 2025 5354 qui

444 5380 779 5433 militaribus
807 5381 1101 5434 ordinibus
1127 5379 1310 5432 allecti
1342 5379 1582 5439 fuerant.
1621 5378 1871 5448 pra-clari
1899 5378 2028 5439 viri,

444 5478 573 5522 sunt
628 5471 861 5541 jugulati
902 5488 916 5524 :
967 5470 1170 5538 quibus
1216 5469 1476 5524 omnibus
1520 5487 1625 5525 non
1682 5471 1831 5524 aliud
1868 5484 2030 5539 quam

443 5576 588 5616 vera:
629 5564 851 5632 pictatis
900 5563 1110 5617 crimen
1167 5572 1251 5617 est
1304 5565 1602 5632 obiectum.
1634 5564 1838 5618 Verum
1879 5562 2029 5616 cnim

445 5669 578 5709 vero
630 5672 755 5710 cum
830 5658 1029 5712 natalis
1064 5656 1274 5713 Christi
1334 5657 1513 5712 festus
1576 5657 1801 5712 adesset
1859 5656 2024 5718 dies,

2130 4722 2268 4777 Μεθ’
2300 4716 2377 4776 ὧν
2411 4721 2508 4774 καὶ
2535 4721 2836 4789 Γλυκέριος
2861 4720 2888 4771 ὁ
2920 4719 3013 4770 τοῦ
3047 4717 3450 4789 πρεσϐυτερίου
3474 4716 3541 4769 τὰ
3566 4715 3722 4785 πρῶ-

2131 4835 2199 4870 τα
2226 4816 2447 4887 φέρωνο
2479 4813 2541 4881 δν
2574 4813 2715 4883 μετὰ
2764 4812 2934 4865 πολὺν
2991 4811 3237 4880 ἔλεγχον,
3309 4809 3450 4879 βοῶν
3507 4807 3723 4876 νεύροις

2134 4906 2362 4975 σύμπαν
2392 4903 2812 4968 καταξανθέντα
2852 4902 2913 4955 τὸ
2946 4902 3129 4968 σῶμα,
3160 4902 3350 4953 ἔπειτα
3383 4899 3493 4967 πῦρ
3528 4900 3722 4952 ὑπεδέ-

2133 5015 2279 5069 χετο.
2317 4997 2511 5051 Πολλοὶ
2556 4997 2613 5049 δὲ
2666 4997 2763 5049 καὶ
2795 4995 2902 5047 τῶν
2937 4997 3039 5065 τῆς
3091 4996 3400 5063 συγκλήτου
3448 4996 3542 5046 καὶ
3573 4992 3722 5045 ἄλλοι

2133 5091 2244 5145 τῶν
2274 5091 2539 5161 στρατείᾳ
2569 5088 3015 5156 κατειλεγμένων
3037 5087 3387 5158 ἐφθείροντο·
3412 5080 3493 5148 οἷς
3527 5086 3724 5154 ἔγκλη-

2140 5202 2217 5254 μα
2252 5186 2285 5255 ὴ
2316 5184 2589 5239 εὐσέϐεια.
2650 5185 2801 5236 Ἐπεὶ
2852 5184 2911 5235 δὲ
2959 5184 2991 5253 ἠ
3022 5182 3130 5234 τῶν
3162 5183 3396 5252 Χριστοῦ
3428 5182 3720 5247 γενεθλίων

2135 5279 2385 5331 ἐνίστατο
2408 5279 2595 5349 ἑορτὴ,
2631 5278 2724 5331 καὶ
2756 5277 2981 5346 σύμπαν
3015 5277 3073 5328 τό
3105 5276 3497 5345 Χριστώνυμον
3523 5275 3721 5345 πλῆθος

2137 5374 2202 5424 ὲκ
2234 5372 2417 5442 πάσης
2468 5372 2685 5442 ἡλικίας
2719 5372 2797 5442 τῷ
2825 5374 3007 5424 ἐκεῖσε
3043 5371 3151 5442 νεῲ
3188 5372 3443 5442 ἤθροιστο
3472 5384 3721 5436 πανηγυ-

2141 5465 2384 5534 ρίζοντες
2402 5466 2473 5519 τὰ
2489 5465 2759 5533 γενέθλια,
2786 5467 2854 5536 ἀρ
2864 5466 3042 5527 πάσας
3059 5467 3265 5526 ἐκεῖνος
3285 5464 3356 5525 ὡς
3373 5465 3434 5531 ’ἐρ
3445 5478 3601 5532 μαιον
3627 5463 3718 5515 τᾶν

2136 5560 2351 5628 καιρδιν,
2386 5559 2529 5613 ὥστε
2563 5560 2663 5629 τὴν
2710 5558 2911 5613 ἑαυτοῦ
2944 5558 3144 5629 μανίαν
3169 5559 3464 5625 ἐκπλῆσαι.
3497 5555 3718 5624 πέμψας

2139 5654 2439 5720 συνέκλειε,
2473 5654 2933 5725 καὶκπερικύκλῳ
2959 5653 3071 5725 πῦρ
3108 5654 3348 5724 ἀνῆπτεν
3378 5652 3555 5713 εὐθύς.
3590 5649 3719 5702 Οδὲ

519 5834 609 5908 (ξγ
631 5834 886 5908 Fortasse
905 5834 1220 5908 legendum,
1244 5834 1539 5908 ΑΞῃυριὶοε.
1571 5834 1858 5907 Egyptum
1882 5832 2028 5891 enim
2068 5833 2271 5889 invasit
2302 5832 2701 5900 Diocletianus,
2723 5839 2779 5886 et
2809 5829 3115 5886 Achilleum
3186 5829 3561 5883 incubatorem
3612 5824 3716 5878 imo

454 5905 589 5968 perii
627 5905 971 5960 Alexandria:
1009 5906 1160 5960 vicit.
