4052 6438
334 436 469 501 12H

1268 433 1875 495 ECCLESIASTICJE
1919 430 2318 494 HISTORI/E
2361 433 2509 498 LIB.
2560 435 2692 498 VII-

3476 441 3614 506 1213

328 555 509 626 κῆρυξ
536 555 860 625 τρανότερον
886 554 1292 626 ἐπεκήρυττεν·
1311 547 1381 624 ᾯ
1408 555 1507 624 ζῇν
1526 552 1764 622 αἱρετὸν,
1785 550 1910 616 ὲξιέ·

2024 561 2082 607 et
2134 551 2433 607 multitudo
2492 554 2671 608 attatis
2714 556 2916 621 omnis,
2971 573 3093 626 quae
3138 556 3347 612 Clit-isti
3390 561 3615 614 nomine

325 664 425 699 τω·
447 649 543 700 καὶ
574 647 652 717 τῷ
688 648 1085 718 παρακειμένῳ
1117 643 1287 716 βωμῷ
1328 643 1421 698 τοῦ
1470 644 1591 706 Διὸς
1626 644 1915 710 ἐπαφιέτω

327 740 651 793 λιῦανωτὸν·
670 743 719 792 ει
749 739 793 792 δ’
821 736 936 805 οὖν,
976 743 1072 793 σὺν
1092 739 1170 807 τῷ
1198 736 1330 806 οἴκῳ
1350 737 1526 804 τούτῳ
1552 735 1628 805 τῷ
1658 753 1728 787 πυ
1741 736 1791 802 ρί
1818 734 1915 785 δα-

328 833 474 900 πάνη
520 832 835 900 γενήσεται.
872 832 1007 884 Τότε
1040 831 1101 900 δή
1133 848 1215 893 τις
1267 829 1377 881 τῶν
1418 829 1567 880 ἔνδον
1623 828 1798 894 στόμα
1839 825 1916 896 τῷ

328 924 525 992 πλήθει
586 925 902 995 γενόμενος,
960 926 1059 976 σὺν
1110 922 1400 993 παρῤηςίᾳ
1431 919 1693 991 λαμπρὰν
1732 918 1915 988 ἀφῆκε

329 1017 518 1086 φωιήν
546 1032 559 1045 ·
599 1015 922 1085 Χριστιανοὶ
976 1018 1176 1076 πάντες
1212 1015 1409 1084 ἡμεῖς·
1453 1011 1550 1064 ἕνα
1586 1013 1748 1079 μόνον
1779 1010 1915 1063 Θεὸν

328 1114 424 1164 καὶ
456 1113 683 1180 βασιλέα
730 1113 1065 1181 πιστεύομεν
1095 1111 1186 1163 τὸν
1235 1109 1478 1179 Χριστόν
1503 1127 1517 1141 ·
1549 1108 1645 1163 καί
1671 1124 1735 1175 γε
1764 1105 1916 1176 αὐτῷ

330 1204 579 1266 θύεσθαι,
607 1204 705 1255 καὶ
735 1204 814 1273 τῷ
834 1206 1007 1274 Πατρ“ι
1030 1204 1220 1268 αὐτοῦ,
1241 1201 1335 1254 καὶ
1362 1199 1439 1269 τῷ
1470 1201 1721 1267 παναγίῳ
1754 1197 1917 1251 Πνεύ-

332 1314 461 1365 ματι
506 1296 952 1365 ὀλοκαρποῦσθαι
1005 1297 1250 1365 εὐχερῶς
1299 1294 1522 1364 ἔχὴμεν.
1555 1292 1709 1361 ’Ἅμα
1746 1292 1804 1344 δὲ
1841 1291 1918 1361 τῷ

328 1390 473 1460 λόγῳ
503 1393 597 1442 καὶ
628 1392 689 1442 τὸ
719 1390 829 1459 πῦρ
857 1393 1148 1458 ἀνήπτετο.
1186 1388 1389 1457 Κύκλιρ
1423 1385 1915 1465 δὲρπεριδραξάμε-

331 1500 423 1535 νον
454 1483 548 1536 τὸν
599 1483 757 1547 νεὼν,
814 1483 1067 1544 ἅπαντας
1122 1485 1180 1535 ὲν
1234 1481 1433 1552 ἀκαρεὶ
1495 1477 1916 1550 κατῃθὰλωσεν,

330 1572 463 1624 ὠσεὶ
493 1573 814 1642 δισμυρίους
871 1575 1030 1635 ὂντας
1082 1573 1174 1626 τὸν
1217 1573 1471 1643 ἀριθμόν.
1513 1574 1749 1625 Ἔπειτα
1795 1573 1851 1625 δὲ
1882 1573 1915 1640 ἡ

333 1666 582 1732 μακαρία
612 1668 794 1734 Δόμνα
828 1667 1045 1730 πολλοῖς
1079 1668 1214 1734 έγκα
1227 1669 1542 1738 ρτερήσασα
1566 1669 1674 1729 τοῖς
1700 1666 1917 1729 δεινοῖς,

332 1753 475 1821 ξίφει
522 1756 622 1823 τὴν
664 1757 907 1825 κεφαλὴν
938 1758 1284 1826 ἀφαιρεῖται.
1342 1756 1454 1809 Kal
1487 1755 1753 1825 ἈνΟιμος
1786 1756 1843 1807 δὲ
1893 1758 1921 1807 ὁ

334 1844 622 1907 θεσπέσιος
669 1848 887 1915 πρῶτον
946 1847 1046 1915 μὲν
1095 1848 1322 1917 ἀπηνῶς
1366 1831 1656 1911 ξαίνεται·
1704 1845 1830 1906 τοὺς
1870 1838 1918 1897 δ’

2019 654 2302 706 censetur,
2340 644 2394 697 in
2431 647 2634 715 templo
2666 649 2903 701 natalem
2939 663 3064 702 eum
3100 650 3444 704 celebratum
3476 667 3610 704 con-
3648 688 3651 691 -

2018 737 2283 803 venisset,
2342 746 2609 808 tyrannus
2660 741 2828 795 veluti
2863 752 3234 810 opportunum
3296 755 3513 812 tempus
3558 754 3612 796 et

2020 828 2295 884 lucrosam
2347 831 2695 883 occasionem
2731 843 2943 896 nactus,
2998 849 3097 901 per
3131 850 3297 900 quam
3331 834 3611 885 vesaniam

2018 930 2073 975 et
2097 921 2340 975 furorem
2369 936 2528 975 suum
2560 921 2908 990 adimpleret.
2941 924 3092 978 misit
3120 940 3185 977 eo
3218 926 3310 995 qui
3343 925 3610 992 templum

2018 1012 2360 1077 clauderent,
2389 1022 2444 1067 et
2470 1014 2651 1081 ignem
2679 1015 3038 1069 circumcirca
3065 1016 3458 1069 accenderent.
3499 1015 3609 1068 Ad-

2018 1115 2138 1162 erat
2176 1106 2251 1159 ibi
2289 1120 2493 1174 praeco,
2528 1106 2622 1174 qui
2660 1121 2795 1160 voce
2844 1107 3077 1161 clariore
3116 1110 3523 1178 prOIlllllgﬂiliil,
3552 1120 3611 1163 ut

2020 1198 2115 1264 qui
2166 1197 2353 1250 vivere
2388 1198 2572 1261 vellet,
2609 1213 2676 1251 ex
2731 1199 2935 1266 templo
2963 1201 3159 1263 exiret,
3189 1210 3244 1253 et
3274 1201 3326 1252 in
3358 1201 3609 1269 prmium

2019 1289 2170 1346 Jovis
2200 1305 2294 1343 ara
2327 1291 2487 1343 tltura
2521 1290 2805 1355 adoleret,
2841 1292 3046 1361 alioqui
3089 1294 3193 1346 nisi
3230 1293 3335 1346 hoc
3364 1296 3609 1359 fecisset,

2021 1399 2130 1437 una
2179 1398 2307 1437 cum
2347 1384 2512 1437 domo
2550 1386 2663 1453 ipsa
2704 1384 3167 1451 conflagraturus.
3211 1386 3347 1439 Tum
3390 1404 3518 1439 vero
3557 1388 3610 1440 in

2023 1474 2226 1548 templo
2251 1474 2367 1542 ipso
2396 1473 2621 1543 quidam
2648 1490 2750 1543 pro
2790 1475 3143 1528 multitudine
3179 1491 3240 1528 ea
3273 1477 3445 1535 omni.
3486 1492 3611 1528 cum

2023 1565 2278 1620 libertate
2311 1567 2511 1636 insigni
2545 1567 2827 1637 propalam
2867 1568 3174 1635 respondit,
3215 1578 3269 1620 et
3299 1568 3611 1636 pulcherri-

2021 1675 2165 1713 mam
2201 1660 2346 1713 illam
2390 1659 2564 1713 edidit
2588 1675 2787 1729 yet-ent
2837 1659 3037 1730 2447
3076 1661 3279 1712 Omnes
3333 1677 3433 1719 nos
3455 1657 3616 1713 Chri-

2024 1754 2192 1808 stiani
2215 1768 2428 1818 sumus,
2458 1769 2628 1805 unum
2654 1768 2893 1822 cumque
2927 1753 3103 1804 solum
3142 1753 3309 1804 Deum
3343 1764 3399 1805 et
3431 1768 3609 1819 regem

2024 1846 2302 1900 credimus
2335 1858 2454 1897 esse
2490 1842 2771 1898 Christum
2804 1853 2893 1895 :et
2930 1844 3054 1911 ipsi,
3091 1843 3347 1910 Patrique
3383 1842 3513 1912 ejus,
3556 1850 3611 1895 et

330 1909 723 2002 ἀστραγάλους.
759 1909 1016 2000 σούϐλαις
1047 1909 1217 2006 πυρὸς
1242 1909 1467 2007 μεσταῖς
1496 1936 1910 2007 διαπείονᾶται.

2024 1939 2254 2009 Spiritui
2301 1948 2492 1993 sancto
2538 1938 2870 2003 sacriﬁcare,
2924 1947 3089 2007 atque
3123 1952 3222 1991 nos
3262 1952 3457 1989 omnes
3502 1951 3610 1988 una

330 2026 443 2078 Εἶτ’
466 2029 553 2079 ἐπ’
591 2030 886 2099 ὀστράκοις
938 2030 1181 2100 ἦπλωτο,
1219 2030 1439 2100 βάκλοις
1468 2047 1530 2083 τε
1580 2030 1909 2099 συντριϐεὶς,

330 2122 605 2190 κρηπῖδας
658 2123 861 2192 χαλκοῦ
912 2125 1318 2194 πεποιημένας,
1385 2125 1521 2193 πυρὶ
1556 2124 1914 2194 συνημμένας

331 2212 652 2266 ὑποδέδεται
676 2231 692 2245 ·
733 2217 927 2284 τροχὸν
962 2216 1292 2284 ὑφίσταται·
1330 2215 1581 2285 λαμπάσι
1638 2215 1915 2283 κατάφλε-

328 2321 456 2368 κτος
514 2306 766 2374 γίνεται·
827 2310 923 2361 καὶ
960 2309 1133 2379 πέρας
1181 2309 1275 2362 τοῦ
1317 2308 1437 2376 βίου
1471 2308 1691 2378 σίδηρος
1716 2302 1785 2378 ἦν
1820 2311 1914 2359 ἐκ·

332 2400 551 2469 τέμνων
577 2402 676 2471 τὴν
702 2402 972 2473 κεφαλήν.

2023 2032 2226 2085 oﬂ‘erre
2261 2030 2417 2084 facile
2450 2031 2624 2099 parati
2661 2045 2875 2084 sumus.
2916 2030 3008 2083 Vix
3071 2029 3188 2081 ltiec
3234 2028 3324 2081 ille
3364 2028 3607 2090 dixerat,

2022 2132 2078 2177 et
2128 2123 2269 2192 ignis
2293 2132 2375 2176 est
2430 2138 2719 2185 accensus,
2748 2122 2840 2190 qui
2881 2122 2935 2175 in
2991 2121 3255 2190 temporis
3282 2120 3447 2173 veluti
3492 2136 3610 2172 niu-

2023 2225 2210 2268 mento
2239 2214 2528 2267 ecclesiam
2564 2229 2783 2266 onmem
2834 2213 3180 2281 complexus.
3241 2213 3365 2265 illos
3415 2228 3611 2265 OttJtcs

2022 2307 2244 2359 circiter
2290 2305 2481 2375 viginti
2530 2306 2766 2358 millium
2821 2321 3113 2359 numerum
3170 2309 3499 2376 explentes“,
3554 2308 3607 2358 in

2020 2400 2264 2454 cinerem
2299 2399 2532 2468 redegit.
2562 2398 2768 2452 Deinde
2802 2400 2968 2452 etiam
3001 2399 3177 2453 beata:
3213 2400 3451 2463 Ilontiiae,
3485 2406 3610 2468 post

328 2496 595 2562 supplicia
631 2498 797 2550 multa
847 2498 1062 2553 fortiter
1124 2499 1375 2563 tolerata,
1400 2499 1582 2568 gladio
1620 2506 1785 2567 caput
1850 2488 2155 2549 resecatur.
2224 2492 2464 2546 Divinus.
2512 2505 2696 2546 autem
2743 2494 3039 2548 Antbimns
3079 2495 3317 2563 primum
3381 2496 3609 2565 quidem

328 2589 716 2645 crudelissime
781 2591 1035 2654 cmditur,
1102 2592 1318 2647 subtilis
1383 2592 1507 2659 igne
1578 2587 1947 2643 candentibus
1989 2587 2125 2641 talos
2187 2584 2523 2652 perforatur,
2578 2599 2745 2653 super
2805 2583 2996 2640 tractis
3055 2587 3208 2641 testis
3296 2590 3605 2657 reponitur,

328 2685 540 2742 baculis
606 2686 1086 2751 converberatur,
1141 2685 1395 2754 crepidas
1476 2699 1648 2739 aareas
1708 2684 1905 2751 iguitas
1944 2680 2218 2744 induitur,

2297 2679 2538 2734 fidiculis
2602 2678 2837 2750 aliisque
2932 2691 3334 2739 tormentorum
3393 2689 3602 2744 instru-

327 2785 532 2840 mentis
558 2788 938 2853 excrnciatur,
974 2786 1189 2840 facibus
1220 2784 1494 2847 aduritur,
1518 2790 1575 2835 et
1602 2780 1668 2835 ad
1698 2789 2041 2851 postremum
2078 2778 2262 2834 securi
2298 2781 2635 2848 percutitur.

955 2904 1213 2957 ΚΕΦΑΛ.
1249 2905 1322 2957 Ζ’.

326 2999 463 3067 Περὶ
497 2998 617 3053 τῶν
646 2999 718 3053 ἐν
750 2998 1058 3066 Μελιτινῇ,
1091 2999 1367 3065 Αἰγύπτῳ
1392 3013 1455 3048 τε
1488 2997 1584 3050 καί
1622 2995 1785 3062 Τύρῳ
1813 2992 1913 3045 καὶ

695 3073 943 3136 Φοινίκῃ
984 3069 1526 3138 μαρτυρησάντων.

397 3181 641 3236 Τοιαῦτα
700 3182 799 3251 μὲν
831 3181 974 3235 κατὰ
1012 3182 1390 3253 Νικομήδειαν
1442 3184 1498 3235 ἐν
1537 3188 1658 3249 ταῖς
1712 3187 1912 3258 ἀρχαῖς

324 3274 576 3343 ἐπράχθη
610 3271 705 3326 τοῦ
737 3272 1002 3342 διωγμοῦ.
1034 3274 1145 3326 Kal
1176 3276 1233 3326 ἐν
1276 3275 1538 3346 Μελιτινῇ
1571 3275 1627 3328 δὲ
1660 3280 1725 3348 τῇ
1759 3277 1911 3330 πόλει

324 3366 426 3418 οὐκ
480 3362 704 3417 ἔλαττον
734 3365 1142 3434 διεπράττοντο.
1181 3365 1292 3418 Kal
1340 3368 1397 3418 ὲν
1431 3367 1604 3436 Συρίᾳ
1638 3368 1799 3422 πάλιν
1845 3368 1915 3420 τὰ

278 3442 285 3447 ’
326 3456 418 3512 [ea
445 3452 548 3527 ἦν·
597 3457 909 3526 γράμματα
959 3456 1070 3526 γὰρ
1109 3457 1301 3525 ἐφοίτα
1346 3458 1622 3529 βασιλικὰ,
1660 3463 1912 3531 εἱρκταῖς

323 3551 448 3613 τοὺς
490 3549 599 3602 τῶν
623 3548 928 3618 ἐκκλησιῶν
960 3550 1228 3617 ποιμένας
1274 3551 1647 3605 κατακλείειν.
1701 3554 1814 3606 Kal
1840 3547 1911 3625 ἦν

324 3646 359 3716 ὴ
380 3644 478 3698 θέα
500 3642 609 3695 τῶν
642 3643 946 3712 γινομένων
970 3641 1115 3710 μάλα
1136 3643 1311 3714 δεινὴ,
1348 3643 1581 3715 μυρίων,
1609 3645 1684 3708 ὡς
1708 3646 1906 3712 εἰπεῖν,

322 3735 642 3805 ἁπανταχοῦ
678 3738 997 3807 συρομένων
1031 3737 1127 3789 καὶ
1162 3740 1661 3807 σπαρασσομένων.
1700 3740 1810 3792 Καὶ
1838 3739 1908 3792 τὰ

324 3830 455 3899 πρὶν
484 3828 831 3899 ἀνδροφόνοις
863 3830 953 3881 καὶ
984 3827 1371 3900 τυμὸωρύχοις
1417 3831 1908 3900 κατεσκευασμένα

322 3922 483 3992 χορὸς
517 3922 760 3991 ἐπλήρου
801 3921 1194 3992 πρεσϐυτέρων
1224 3924 1318 3976 καὶ
1348 3923 1634 3990 διακόνων,
1669 3929 1762 3978 καὶ
1791 3927 1908 3979 ὅσοι

321 4009 386 4080 δὴ
422 4011 515 4064 τοῦ
551 4012 799 4065 τοιούτου
835 4014 1218 4083 συντάγματος
1243 4030 1257 4045 ·
1290 4013 1366 4077 ὡς
1400 4013 1524 4085 μηδ’
1560 4018 1762 4070 ἐνεῖναι
1796 4018 1907 4085 χώ-

322 4121 424 4175 ραν
458 4104 553 4156 καὶ
594 4106 705 4167 τοῖς
737 4104 913 4166 ἄλλως
946 4105 1353 4178 κατακρίτοιςῆ
1384 4108 1478 4160 καὶ
1509 4108 1758 4180 λῃσταῖς.
1792 4110 1907 4163 Οὐκ

321 4193 403 4255 είς
436 4194 657 4264 μακρὰν
689 4195 734 4248 δ’
769 4195 931 4266 ἕτερα
968 4196 1311 4266 κατέφθανον
1330 4199 1659 4268 γράμματα,
1702 4201 1828 4264 τοὺς
1850 4202 1909 4255 ὲν

319 4286 568 4356 εἱρκταῖς
598 4287 869 4352 θύσαντας
902 4290 1218 4361 ἐλευθερίας
1251 4293 1578 4357 καταξιοῦν·
1613 4294 1645 4364 ἢ
1686 4293 1762 4366 μὴ
1784 4294 1908 4365 βου-

321 4379 605 4447 λομένους,
647 4380 871 4450 σύμπαν
903 4383 1211 4454 ἐπιτρίϐειν
1255 4385 1469 4449 τούτοις
1497 4386 1695 4443 δεινόν.
1742 4387 1908 4440 Ἀλλὰ

323 4473 441 4535 πῶς
475 4472 541 4526 ἄν
566 4489 671 4538 τις,
708 4472 917 4526 τούτων
954 4475 1412 4546 ἀνεγνωσμένων,
1452 4477 1513 4529 τὸ
1544 4478 1748 4548 πλῆθος
1795 4479 1907 4532 τῶν

2624 2897 2851 2957 CAPUT
2890 2898 3002 2956 VII.
3180 2918 3212 2947 ι

2022 2990 2101 3045 De
2135 2989 2583 3057 Melitinensibus,
2616 2991 2907 3063 Egyptiis,
2963 2992 3149 3061 Tyriis,
3183 3003 3232 3047 et
3282 2994 3610 3055 Phoenicibus

2628 3065 2972 3135 martyribus.
3154 3090 3187 3115 ο

2089 3178 2218 3236 Haec
2254 3178 2336 3234 sic
2367 3178 2514 3250 apud
2538 3179 2917 3235 Nicomediam
2963 3181 3017 3235 in
3052 3181 3209 3237 initio
3263 3188 3610 3252 persecutio-

2016 3272 2104 3327 nis
2138 3272 2495 3343 gerebantur.
2533 3273 2653 3328 Non
2685 3275 2869 3327 minus
2902 3283 3085 3327 autem
3116 3276 3168 3328 in
3192 3275 3434 3330 Mclitina
3468 3278 3606 3333 urbe

2018 3364 2093 3430 (1)
2130 3365 2380 3435 tyrannis
2408 3366 2785 3433 grassabatur.
2810 3365 2958 3419 Idem
2996 3367 3049 3418 in
3082 3365 3237 3435 Syria
3266 3365 3450 3422 flebat.
3486 3371 3609 3423 Cir-

2014 3456 2473 3511 cumferebantur
2501 3460 2649 3512 enim
2687 3458 2991 3526 imperialia
3013 3459 3240 3527 scripta,
3272 3476 3394 3529 quae
3426 3464 3608 3521 eccle-

2012 3547 2218 3602 siarum
2250 3558 2502 3619 pastores
2535 3564 2764 3604 carcere
2812 3549 3021 3604 includi
3053 3550 3342 3621 jubebant.
3383 3553 3452 3608 Et
3486 3563 3607 3609 erat

2013 3639 2217 3708 ubique
2250 3640 2563 3695 miseranda
2615 3654 2669 3694 et
2727 3643 2909 3711 gravis
2962 3657 3145 3696 rerum
3208 3642 3400 3704 facies,
3456 3646 3605 3712 qdod

2010 3732 2248 3801 plurima
2292 3732 2462 3785 millia
2506 3732 2707 3801 passim
2745 3733 3099 3787 traherentur
3123 3744 3291 3803 atque
3319 3746 3605 3804 raptarent-

2013 3834 2121 3878 tur.
2156 3824 2223 3879 Et
2254 3841 2377 3895 quae
2410 3834 2570 3879 antea
2608 3827 3051 3895 percussoribus,
3085 3826 3385 3881 homicidis
3414 3836 3471 3880 et
3518 3843 3606 3882 se-

2009 3919 2335 3989 pulcrorum
2367 3919 2737 3974 violatoribus
2765 3927 2923 3973 erant
2962 3930 3285 3989 prmparataz
3309 3922 3600 3985 custodire,

2012 4013 2097 4066 ba:
2156 4012 2633 4085 presbyterorum,
2700 4013 3059 4066 diaconorum
3097 4012 3445 4082 aliorumque
3483 4015 3605 4082 ejus

2010 4104 2222 4159 ordinis
2253 4117 2571 4159 sanctorum
2609 4104 2854 4159 virorum
2885 4105 3057 4159 choro
3090 4105 3451 4175 replebantur
3478 4123 3491 4158 :
3545 4115 3603 4160 ut

2007 4197 2119 4267 jam
2188 4196 2477 4265 maleﬁeis,
2534 4197 2892 4267 pradonibus
2933 4199 3170 4266 aliisque
3221 4198 3603 4253 condenmatis

2013 4290 2334 4345 hominibus
2376 4292 2532 4345 locus
2562 4291 2616 4344 in
2669 4306 2898 4345 carcere
2928 4306 3037 4344 non
3068 4300 3234 4346 esset.
3266 4290 3378 4346 Nec
3436 4291 3602 4359 longe

2011 4391 2139 4453 post
2173 4383 2298 4437 aliae
2333 4383 2739 4452 superveniunt
2762 4382 2960 4436 litterae
2990 4402 3003 4437 :
3042 4383 3208 4451 utqui
3239 4383 3293 4437 in
3325 4385 3599 4438 custodiis

2011 4473 2118 4528 diis
2168 4472 2564 4537 sacrificarent,
2618 4474 2779 4527 liberi
2832 4473 3096 4538 abirent;
3154 4474 3248 4543 qui
3308 4474 3357 4527 id
3416 4474 3601 4529 facere

325 4564 621 4632 μαρτύρων
656 4564 1164 4636 καταριθμήσειενς
1198 4567 1248 4620 οἳ
1278 4569 1341 4638 δὴ
1367 4571 1507 4623 κατὰ
1528 4572 1712 4623 πᾶσαν
1739 4574 1909 4641 ἐπαρ-

2015 4574 2356 4628 recusarent,
2415 4566 2564 4619 omni
2634 4565 2903 4619 malorum
2958 4580 3158 4635 genere
3204 4564 3596 4632 adigerentur.

322 4652 444 4721 χίαν
472 4653 890 4722 διηγωνίζοντο·
918 4654 1153 4723 μάλιστα
1182 4658 1236 4709 δὲ
1263 4657 1385 4708 κατ’
1434 4657 1705 4731 Ἀφρικὴν
1731 4662 1826 4715 καὶ
1849 4662 1907 4714 τὸ

321 4745 566 4814 Μαύρων
588 4743 737 4806 ἔθνος
758 4760 771 4774 '
810 4744 892 4797 ἔτι
932 4745 989 4797 δὲ
1023 4746 1164 4799 κατὰ
1191 4746 1436 4818 Θηῦαἲδα
1470 4766 1527 4801 τε
1562 4752 1658 4804 καὶ
1689 4754 1786 4822 τὴν
1812 4752 1941 4806 Δτ-”

325 4854 529 4901 γυπτον
552 4853 566 4868 ⁶
596 4839 689 4904 ἀφ’
733 4833 798 4909 ἧς
828 4839 924 4891 καὶ
957 4839 1036 4901 είς
1078 4839 1273 4910 ἑτέρας
1301 4842 1659 4910 μετελθόντες
1694 4847 1903 4910 πόλεις,

322 4930 483 4980 κάκεῖ
507 4928 602 4997 τὴν
639 4929 779 5000 ὑπὲρ
811 4929 1049 4999 Χριστοῦ
1100 4931 1353 4987 ἔνστασιν
1388 4934 1759 5000 ἐπεδείξαντο.
1796 4937 1905 5002 Οὓς

320 5020 401 5078 τίς
444 5021 509 5070 ειν
545 5018 691 5084 ἰδὼν,
727 5021 827 5073 οὐκ
856 5021 923 5074 ὃν
953 5022 1049 5092 τὴν
1081 5008 1351 5077 ἔνστασιν
1393 5029 1713 5098 κατεπλάγη
1761 5029 1903 5098 μᾶλ-

322 5109 435 5173 λον,
473 5114 567 5163 καὶ
598 5111 698 5174 τὰς
736 5112 977 5183 ἀριθμοῦ
997 5116 1282 5181 κρείττους
1318 5117 1614 5187 μάστιγας,
1658 5120 1784 5174 ὅσον
1811 5123 1903 5175 τὸν

325 5204 462 5268 μετα
494 5203 669 5254 ταῦτα
713 5204 851 5274 πρὸς
915 5205 1088 5276 θῆρας
1128 5209 1358 5279 ἀγρίους
1410 5210 1633 5280 ἀγῶνα;
1684 5213 1903 5284 Παρδά-

319 5287 430 5351 λεις
464 5293 571 5359 γὰρ
605 5293 699 5343 καὶ
747 5291 961 5361 ἄρκτοι,
992 5295 1119 5358 σύες
1165 5313 1224 5349 τε
1252 5292 1589 5368 ἄγριοιίκαὶ
1616 5302 1809 5374 ταῦροι
1837 5305 1900 5377 δή

320 5398 464 5444 τινες
502 5384 636 5452 πυρὶ
688 5386 781 5436 καὶ
829 5385 1034 5458 σιδήρῳ
1094 5393 1664 5462 κεκαυτηριασμένοι,
1711 5395 1902 5461 δεινῶς

319 5470 614 5537 ὲπαφίεντο
638 5489 654 5504 ·
680 5471 755 5529 ὧν
786 5476 1005 5546 ἑκάστῳ
1031 5478 1347 5547 θαυμασίαν
1370 5481 1499 5553 ἐνῆν
1534 5482 1759 5555 βλέπειν
1793 5487 1901 5540 τῶν

322 5563 586 5628 γενναίων
617 5565 911 5636 μαρτύρων
936 5567 1035 5639 τὴν
1063 5572 1382 5643 καρτερίαν.
1410 5556 1527 5629 κἮν
1550 5576 1605 5629 δὲ
1645 5579 1739 5631 καὶ
1771 5579 1902 5635 θαῦ-

324 5672 401 5726 μα
429 5656 582 5728 ὁρᾷν,
612 5659 731 5723 πῶς
764 5660 910 5733 λιμῷ
945 5662 1016 5716 τὰ
1057 5664 1455 5739 ἀνθρωποϐόρα
1489 5671 1672 5725 ἐκεῖνα
1709 5671 1900 5739 πιεζό-

504 5794 695 5870 item,
732 5801 961 5870 regione.
1003 5802 1208 5860 Euseb.

396 5868 472 5936 (2)
501 5868 756 5935 Quaedam
788 5868 1012 5928 istorum
1047 5877 1437 5945 martyriorum
1497 5880 1550 5935 in
1606 5878 1893 5937 Palaestina

2014 4655 2120 4710 Sed
2150 4657 2297 4710 enim
2357 4656 2484 4726 quis
2525 4658 2767 4722 tandem,
2818 4658 2911 4727 qui
2974 4658 3099 4710 talia
3164 4657 3329 4726 legat,
3391 4667 3596 4711 tantam

2010 4760 2314 4819 martyrum
2350 4750 2565 4804 turbam
2617 4749 2973 4804 dinumeret?
3002 4750 3095 4818 Qui
3153 4766 3253 4819 per
3284 4752 3599 4819 provincias

2010 4854 2202 4893 omnes
2233 4849 2458 4894 strenue
2476 4838 2857 4903 decertarent,
2883 4824 3117 4893 maxime
3154 4849 3337 4893 autem
3364 4841 3416 4893 in
3448 4841 3597 4896 Afri-

2012 4950 2071 4988 ca
2097 4939 2153 4988 et
2211 4934 2577 4989 Mauritania:
2620 4937 2750 4989 item
2793 4934 3075 4990 Thebaide
3129 4943 3183 4989 et
3229 4934 3283 4988 in
3323 4934 3593 5005 {Egyptoz

2009 5027 2157 5081 unde
2185 5028 2439 5083 nonnulli
2472 5028 2640 5082 etiam
2678 5028 2733 5081 in
2757 5028 2893 5082 alias
2918 5028 3258 5082 divertentes
3310 5030 3493 5093 urbes,
3521 5028 3597 5083 ibi

2008 5121 2395 5177 fortitudinem
2420 5138 2573 5176 suam
2606 5137 2704 5191 pro
2727 5122 2950 5177 Christo
2986 5129 3042 5176 et
3082 5121 3450 5175 constantiam
3501 5134 3599 5173 ex-

2006 5196 2331 5270 hibuerun/t.
2366 5215 2613 5282 Quorum
2642 5216 2766 5285 quis
2796 5230 2928 5278 non,
2973 5213 3017 5269 si
3066 5214 3270 5277 videat,
3320 5229 3445 5268 cum
3481 5223 3599 5266 stu-

2006 5323 2141 5378 pore
2172 5307 2482 5363 admiretur
2511 5308 2878 5370 alacritatem,
2920 5307 3304 5377 supplieiaque
3356 5318 3595 5358 numero

2004 5399 2167 5471 longe
2207 5402 2497 5471 superiora
2525 5401 2623 5471 (2),
2662 5401 3009 5471 potissimum
3050 5410 3255 5464 autem,
3308 5407 3431 5468 post
3479 5397 3597 5451 haec

2004 5496 2216 5557 omnia.
2248 5509 2373 5548 cum
2409 5496 2721 5563 agrestibus
2753 5494 2885 5548 feris
2918 5492 3415 5547 colluctatinnem?
3463 5491 3598 5546 Par-

2003 5585 2057 5640 di
2074 5588 2483 5655 namque,ursi,
2504 5585 2813 5659 apri,448
2831 5596 2883 5641 et
2905 5586 3047 5641 tauri
3068 5584 3525 5651 silvestresJerro
3542 5592 3602 5641 et

2004 5674 2115 5746 igni
2147 5675 2215 5729 ad
2252 5676 2528 5733 feritatem
2572 5678 2824 5745 excitati,
2870 5678 3196 5749 gravissime
3245 5678 3301 5731 in
3356 5691 3457 5732 eos
3494 5675 3603 5730 im-

1998 5826 2057 5870 et
2084 5814 2231 5955 Τχῖἰ)
2256 5815 2311 5870 in
2341 5816 2609 5872 Phoenice
2656 5816 2797 5871 vidit
2849 5817 2967 5886 ipse
3006 5816 3275 5873 Eusebius
3315 5814 3434 5883 (lib.
3473 5828 3595 5877 vui,

2001 5902 2121 5955 Cap.
2193 5927 2203 5939 .

2001 5902 2121 5955 Cap.
2163 5902 2203 5939 l.
