4052 6438
526 454 664 523 1219

1757 453 2189 516 ΝΙΟΕΡΗΟΗΙ
2229 453 2578 513 CALLISTI

3685 455 3816 523 1220

520 565 912 622 mittebantur.
934 565 994 620 1n
1027 564 1231 635 quibus
1270 564 1530 620 omnibus
1556 563 1940 619 admirandum
1997 579 2109 635 spe-

2235 578 2397 633 μενα,
2429 561 2525 614 ἐπὶ
2560 562 2695 616 πολὺ
2744 561 3140 633 διεκαρτέρουν
3192 563 3266 633 μὴ
3301 564 3418 626 τοῖς
3458 566 3819 634 μαρτυρικ’.ίς

520 659 797 714 ctaculum
858 668 1003 721 erat,
1070 668 1220 711 tanta
1280 673 1675 727 generosorum
1742 668 1798 712 et
1852 657 2125 713 nobilium

526 760 834 823 martyrum
874 755 1182 806 constantia
1212 761 1268 805 et
1298 751 1591 805 fortitudo.
1625 751 1834 806 Verum
1878 760 1935 805 et
1990 752 2124 805 illud

522 844 767 897 maximo
798 843 967 898 fuerit
1000 843 1292 910 miraculo,
1330 843 1477 914 quod
1521 844 1650 898 ferae
1696 844 1803 898 illae
1860 845 2125 899 carnibus

522 934 781 990 humanis
808 936 953 989 vesci
982 936 1181 1003 solilze,
1213 948 1268 990 et
1296 937 1458 1007 longa
1510 936 1657 992 fame
1721 936 1993 1003 efferatas,
2056 938 2125 991 ab

517 1026 631 1083 illis
655 1030 1067 1097 abstinuerun',
1104 1046 1282 1101 neque
1320 1040 1628 1100 martyrum
1663 1045 1903 1099 corpora
1954 1028 2124 1084 attin-

518 1134 647 1190 gere
670 1135 820 1174 ausa:
850 1121 1076 1176 fuerunt
1106 1140 1118 1175 :
1157 1123 1252 1177 sed
1288 1123 1343 1177 in
1392 1122 1555 1187 alios,
1603 1139 1699 1178 eos
1730 1122 1993 1177 videlicet
2028 1120 2121 1191 qui

517 1220 675 1266 extra
714 1228 941 1267 arenam
988 1224 1221 1280 stantes,
1280 1216 1402 1271 illas
1469 1227 1661 1270 contra
1724 1216 1844 1285 pios
1896 1216 2122 1285 Deoque

446 1295 457 1300 ’
518 1300 720 1357 charos
756 1304 1007 1360 homines
1061 1310 1440 1374 provocabunt
1471 1316 1527 1362 et
1565 1307 1938 1369 concitabant,
1988 1305 2121 1360 stri—

517 1396 653 1452 dore
685 1405 743 1451 et
777 1399 986 1468 impetu
1024 1400 1199 1454 multo
1245 1401 1553 1467 irruerent,
1585 1412 1974 1457 sacrosanctos
2001 1399 2123 1454 ath-

513 1487 678 1554 letas,
703 1490 868 1547 nudis
899 1492 1268 1548 consistentes
1315 1494 1646 1564 corporibus
1691 1508 1896 1563 easque
1937 1493 2120 1546 mani-

516 1579 624 1634 bus
649 1580 708 1634 in
740 1597 799 1636 se
846 1585 1210 1649 attrahentes,
1244 1588 1474 1640 minime
1536 1586 1821 1641 laedentes.
1871 1585 2028 1653 Quod
2073 1586 2119 1641 si

514 1670 715 1740 aliqua:
778 1673 944 1726 etiam
1019 1675 1310 1732 incurrere
1376 1679 1431 1731 in
1492 1692 1591 1731 eos
1644 1686 1949 1747 cmperant,
1994 1692 2118 1730 cum

517 1775 683 1829 quam
714 1764 965 1831 proxime
1003 1765 1070 1819 ad
1116 1784 1214 1822 eos
1256 1769 1643 1833 accessissent,
1701 1770 1999 1838 derepente
2046 1769 2116 1823 ibi

515 1859 782 1922 tanquam
818 1856 870 1908 vi
912 1862 1151 1926 quadam
1186 1860 1447 1926 repulsa),
1483 1860 1934 1915 retrocedebant.
1962 1860 2117 1927 Quod

2233 652 2454 725 σώμασι
2481 654 2657 724 θίγειν
2682 655 3068 725 ὲπιτολμῶντα
3089 672 3102 688 ’
3160 655 3275 710 ἀλλ’
3310 657 3402 710 ἐπὶ
3435 655 3536 725 μὲν
3564 656 3689 718 τοὺς
3716 656 3815 711 ἅλ-

2229 747 2359 811 λους
2390 749 2439 802 οἳ
2468 749 2583 818 δῆτ’
2619 747 2823 814 ἔξωθεν
2880 749 3116 811 ἑστῶτες
3154 751 3341 803 ἐκεῖνα
3391 750 3532 802 κατά
3560 748 3666 801 τῶν
3695 747 3815 801 θεο-

2229 841 2403 908 φιλῶν
2454 840 2736 911 ἠρέθιζον,
2772 840 2935 910 ῥοίζῳ
2971 840 3154 911 πολλῷ
3203 842 3349 912 μάλα
3384 842 3673 910 ἐφέροντο*
3707 840 3818 894 τῶν
3868 865 3879 873 ·

2227 933 2283 984 δὲ
2320 932 2483 1003 ίτρῶν
2519 933 2794 999 ἀθλητῶν,
2849 935 3055 1003 καίπερ
3081 934 3276 1003 γυμνῷ
3305 932 3384 1002 τῷ
3416 935 3628 1002 σώματι
3654 935 3816 1003 ἑστη-

2227 1026 2425 1093 κότων,
2479 1027 2570 1078 ἐπὶ
2631 1028 2773 1095 σφᾶς
2828 1043 2886 1080 τε
2946 1027 3141 1081 αᾶτοὺξ
3195 1013 3559 1080 ἐπισπώντων
3600 1028 3814 1096 χερσὶν,

2225 1119 2407 1191 ἥκιστ’
2432 1122 2750 1190 ἐπέτρεχον.
2787 1119 2846 1173 El
2883 1120 2938 1172 δέ
2988 1137 3091 1171 που
3122 1120 3217 1173 καὶ
3247 1118 3537 1189 ὥρμησαν,
3572 1120 3695 1172 ὅσον
3724 1119 3817 1186 ἔγ-

2225 1231 2391 1282 γιστα
2435 1214 2691 1281 γενέσθαι
2719 1229 2732 1242 ³
2786 1210 2907 1266 εἶτα
2947 1212 3142 1283 ὥσπερ
3199 1213 3307 1266 ὑπό
3335 1230 3478 1276 τινος
3523 1211 3813 1279 δυνάμεως

2224 1306 2610 1377 ἀνεκρούοντο,
2654 1290 2751 1360 καί
2775 1309 2856 1370 είς
2880 1307 3128 1359 τούπίσω
3156 1305 3314 1366 αὖθις
3333 1304 3593 1378 ἐχώρουν.
3633 1305 3698 1356 Ὃ
3723 1304 3817 1355 καὶ

2224 1402 2513 1469 γινόμενον
2557 1404 2638 1464 εἰς
2672 1400 2941 1471 ἔκπληξιν
2983 1397 3120 1473 ἦγεν
3146 1416 3159 1431 ·
3213 1398 3286 1462 ὡς
3320 1399 3415 1452 καὶ
3445 1396 3707 1458 πολλάκις
3734 1397 3815 1448 ἑνὶ

2225 1491 2583 1555 ἐκείνων,και
2614 1490 2852 1562 διάφορα
2886 1491 2993 1544 τῶν
3028 1488 3182 1554 ζώων
3203 1488 3480 1557 ἀφίεσθαι,
3513 1486 3814 1556 ἀπράκτων

2226 1583 2722 1653 ἀπαλλαττομένων
2760 1585 2868 1636 τῶν
2906 1583 3389 1654 προηγησαμένων
3422 1580 3648 1651 θηρίων.
3696 1578 3813 1647 Οὐχ

2222 1671 2387 1747 ἦττον
2412 1676 2456 1729 δ’
2489 1675 2753 1747 ἔκπληξιν
2796 1677 3034 1730 ἐνεποίει
3073 1679 3134 1728 τὸ
3160 1678 3268 1728 τῶν
3299 1673 3564 1743 γενναίων
3586 1670 3811 1724 ἐκείνων

2223 1768 2522 1838 ἀπτόητον,
2557 1769 2652 1821 καὶ
2672 1750 2781 1839 «τὴν
2815 1764 2881 1822 ἐν’
2903 1770 3087 1823 ἀτελεῖ
3106 1771 3293 1841 ἡλικίᾳ
3321 1768 3594 1839 γηραλέαν
3626 1765 3809 1819 ἐνστα-

2226 1875 2330 1911 σιν.
2368 1857 2477 1911 Καί
2498 1874 2562 1925 γε
2596 1854 2737 1921 εἶδες
2768 1860 2833 1912 ἂν
2871 1860 2994 1912 νέον
3018 1860 3187 1928 ἄνδρα
3210 1857 3318 1911 οὐδ’
3358 1859 3455 1911 ὅλα
3488 1855 3690 1909 εἴκοσιν
3711 1854 3806 1924 ἐτη

516 1958 652 1998 sane
711 1945 948 2012 faeturn,
1010 1954 1464 2005 consternatione
1525 1952 1781 2006 homines
1844 1953 2109 2022 implevit.

2220 1947 2613 2000 διατελέσαντα
2633 1946 2850 2015 δεσμῶν
2875 1948 3003 2001 ἄνευ
3038 1949 3151 2001 ἀνω
3186 1947 3285 2009 τὰς
3313 1950 3500 2017 χεῖρας
3535 1941 3809 1996 ἀπλοῦντα

511 2032 727 2105 Quippe
759 2052 883 2092 cum
924 2038 979 2092 in
1018 2056 1187 2093 unum
1223 2052 1519 2113 martyrem
1553 2043 1755 2112 saepius
1787 2043 1973 2097 multm
2007 2042 2112 2097 im-

512 2126 871 2182 mittercntur
896 2130 1114 2197 belluae,
1142 2132 1365 2188 iniectis
1396 2143 1580 2189 tamen
1618 2135 1685 2188 ab
1720 2135 1803 2190 eis
1840 2137 2009 2191 rebus
2036 2137 2115 2190 fe-

514 2234 704 2274 rarum
758 2222 1020 2278 ductores
1046 2226 1284 2280 abirent.
1320 2228 1438 2281 Non
1480 2229 1754 2283 minorem
1788 2229 2113 2284 admiratio-

510 2327 639 2366 nem
674 2315 845 2369 movit
876 2326 1233 2371 strenuorum
1296 2320 1518 2374 illorum
1555 2332 1865 2393 martyrum
1897 2326 2115 2378 animus

509 2401 807 2468 inlractus,
862 2416 919 2460 et
981 2409 1352 2476 quorumdam
1416 2410 1471 2465 in
1546 2411 1872 2480 imperfecta
1932 2413 2115 2497 adhuc

401 2515 419 2536 ·-
506 2504 671 2549 aztate
702 2497 894 2552 senilis
920 2501 1264 2554 constantia.
1305 2501 1556 2556 Vidisses
1584 2503 1735 2555 enim
1757 2502 2112 2570 ihijuvcnem

509 2588 758 2644 nondum
802 2590 993 2661 viginti
1050 2592 1179 2647 totis
1210 2594 1447 2664 expletis
1479 2594 1658 2660 annis,
1701 2595 1935 2650 vinculis
1978 2596 2114 2650 libe-

509 2696 656 2746 rum,
691 2683 951 2737 manibus
975 2696 1125 2738 recto
1148 2696 1294 2740 statu
1322 2689 1375 2740 in
1392 2687 1573 2741 crucis
1590 2687 1829 2756 speciem
1853 2697 2038 2743 extent
2063 2704 2110 2752 s,

507 2775 812 2843 intrepido,
876 2777 1220 2847 immotoque
1274 2778 1446 2833 corde
1510 2779 1677 2833 tacite
1728 2781 1992 2849 precibus
2044 2782 2112 2835 ad

511 2867 683 2921 Deum
712 2880 1021 2934 vacantem,
1047 2887 1228 2940 nequc
1260 2873 1344 2926 vel
1373 2887 1433 2927 se
1454 2882 1792 2938 moventem,
1816 2875 1902 2928 vel
1930 2889 2111 2941 genua

505 2957 908 3017 inclinantem:
949 2976 1075 3015 cum
1101 2966 1327 3033 quidem
1356 2964 1502 3019 circa
1554 2980 1681 3019 eum
1711 2964 1843 3020 fera:
1874 2965 2113 3020 crudeli-

504 3059 672 3105 tatem
708 3053 1004 3122 spirarent,
1030 3055 1385 3125 graviterque
1432 3057 1708 3127 rugirent,
1739 3068 1797 3110 et
1818 3057 1930 3127 jam
1962 3072 2109 3127 pene

504 3143 725 3200 divinas
760 3146 909 3201 illius
936 3163 1133 3203 carnes
1176 3149 1503 3203 invaderent
1538 3158 1603 3203 et
1634 3150 1948 3204 laniarent:
1998 3167 2111 3208 coe-

505 3235 743 3292 lestibus
787 3249 972 3294 autem
1005 3240 1180 3294 frenis
1233 3257 1330 3295 ora
1360 3257 1554 3296 earum
1590 3242 2010 3309 obturarentur,
2048 3254 2103 3299 et

502 3324 671 3378 veluti
709 3328 997 3382 catenisin
1030 3345 1130 3384 eos
1150 3330 1245 3399 qui
1279 3340 1403 3401 post
1436 3332 1560 3386 illos
1602 3332 1822 3387 stabant
1852 3336 2103 3388 retrahe-

502 3428 723 3474 rentur.
755 3419 998 3477 Vidisses
1035 3423 1206 3477 alium
1242 3435 1402 3479 tauro
1460 3426 1768 3497 obiectum,
1830 3429 1923 3496 qui
1978 3429 2105 3483 aliis

502 3510 747 3579 quidem,
785 3528 851 3567 ex
889 3517 1299 3584 spectatoribus
1364 3518 1705 3586 infidelibus,
1749 3523 2012 3577 cornibus
2049 3524 2103 3577 in

502 3604 743 3659 sublime
767 3607 1007 3676 jactatis.
1063 3623 1186 3664 cum
1240 3626 1337 3666 eos
1392 3613 1596 3667 ictibus
1641 3614 1758 3670 suis
1811 3630 2108 3684 percussos

500 3695 901 3753 semimortuus
928 3699 1270 3770 reliquisset,
1297 3704 1569 3761 minacius
1618 3717 1806 3761 autem
1842 3716 1897 3762 et
1951 3708 2103 3762 fero-

2218 2041 2361 2093 κατά
2424 2041 2615 2111 σχῆμα
2657 2042 2919 2112 σταυροῦ,
2976 2042 3074 2094 καὶ
3130 2042 3386 2111 ἀτρέπτῳ
3439 2038 3637 2110 καρδίᾳ
3684 2040 3805 2099 ταῖς

2219 2133 2353 2200 πρὸς
2378 2132 2510 2185 ea?»
2541 2133 2717 2195 λιταῖς
2752 2133 2942 2203 ἡρέμα
2974 2132 3474 2202 ἐνασχοὶούμενονο
3509 2130 3582 2199 μὴ
3613 2127 3799 2181 κινού⁴

2221 2240 2403 2291 μενον,
2446 2224 2579 2293 μηδὲ
2617 2225 3044 2295 μετοκλάζοντα,
3077 2225 3185 2278 τῶν
3205 2225 3411 2294 θηρίων
3434 2223 3601 2291 θυμὸν
3626 2222 3804 2272 metiu-

2217 2333 2325 2369 των
2355 2319 2447 2370 καὶ
2476 2317 2649 2371 δεινὸν
2671 2319 3074 2388 ὲπωρυομένων
3105 2318 3274 2389 αύτῷ,
3313 2320 3369 2369 ὲν
3393 2316 3509 2386 χρῷ
3535 2332 3590 2367 τε
3614 2313 3797 2383 ῶσπερ

2216 2410 2325 2459 τῶν
2354 2409 2514 2461 θείων
2555 2409 2781 2463 ἐκείνων
2817 2413 3119 2481 γινομένων
3154 2412 3378 2480 σαρκῶν
3403 2429 3414 2440 ·
3453 2409 3583 2477 θείῳ
3603 2408 3657 2460 δέ
3697 2424 3793 2459 τιιι

2216 2496 2421 2568 χαλινῷ
2447 2500 2838 2568 φραττομένων
2856 2500 2918 2551 τὸ
2946 2501 3144 2568 στόμα,
3170 2498 3264 2551 καὶ
3290 2496 3792 2565 ἁνασειραξομένων

2215 2594 2327 2653 τοῖς
2358 2573 2608 2646 δπίσθεν.
2644 2586 2800 2654 Εἶδες
2829 2592 2874 2645 δ’
2901 2592 2967 2645 ἂν
3003 2593 3193 2665 ἓτερον
3228 2590 3570 2661 παράϐλημα
3614 2589 3794 2659 ταύρῳ

2217 2686 2583 2757 προκείμενον
2608 2700 2622 2714 ·
2659 2684 2891 2749 tiu-tab;
2924 2686 3023 2755 μὲν
3075 2688 3163 2741 ἀλ)
3178 2702 3274 2748 ους
3313 2689 3423 2749 τοῖς
3466 2685 3684 2752 κέρασιν
3716 2685 3795 2743 εἰς

2215 2781 2355 2849 ἀέρα
2388 2780 2598 2850 ῥίπτων
2641 2779 2877 2843 ἀνέστια,
2913 2780 2972 2831 τὸ
3003 2782 3187 2832 πλεῖον
3217 2779 3315 2847 τῆς
3347 2778 3494 2847 ζωῆς
3520 2780 3633 2839 ταῖς
3662 2775 3795 2844 πλη-

2216 2873 2338 2938 γαῖς
2375 2871 2715 2942 παρασπῶνο
2751 2870 2949 2941 ἀπειλῇ
2981 2872 3037 2923 δὲ
3070 2873 3164 2923 καὶ
3193 2872 3350 2941 θυμῷ
3388 2869 3695 2938 πλησιάζων
3715 2866 3793 2936 τῷ

2218 2959 2481 3030 μάρτυρι,
2511 2960 2711 3029 ψαύειν
2739 2961 2848 3011 οὐδ’
2885 2959 3020 3020 ὅλως
3051 2955 3160 3021 οἶός
3189 2977 3245 3012 τε
3279 2955 3376 3031 ἦν·
3416 2956 3694 3029 κηρύττων
3735 2956 3794 3008 δὲ

2214 3051 2397 3121 ἠρέμει
2430 3050 2525 3105 καὶ
2552 3054 2619 3121 τῇ
2640 3050 2863 3123 γλώσσῃ
2895 3052 2961 3103 τὰ
2985 3068 3051 3102 πε
3064 3051 3117 3119 pl
3151 3052 3285 3113 τοὺς
3309 3050 3478 3111 πόδας
3506 3045 3794 3118 προσχρώ-

2218 3160 2401 3210 μενος,
2428 3141 2675 3205 εύλαὸῶς
2715 3137 2829 3196 οἷον
2874 3143 3199 3214 ἀπήλλακτο
3218 3160 3236 3172 ·
3264 3144 3360 3196 καὶ
3399 3141 3610 3195 πολλῶν
3637 3142 3794 3208 ἀφιε-

2217 3237 2399 3306 μένων
2427 3241 2521 3292 κα¹ι
2548 3239 2615 3290 τὰ
2640 3239 2803 3307 ὃμοια
2829 3238 3361 3308 διαπεπραγμένων,
3395 3237 3548 3299 τέλος
3581 3237 3797 3307 ἀμηχα-

2209 3330 2439 3395 νοῦντας
2465 3331 2592 3394 τοὺς
2626 3331 2880 3403 δημίους,
2918 3333 3059 3403 μετά
3082 3331 3280 3404 πολλὴν
3304 3332 3487 3385 αἰκίαν
3516 3330 3611 3383 καὶ
3634 3328 3793 3382 ἄλλον

2209 3425 2377 3494 ἐσμὸν
2441 3425 2550 3478 τῶν
2594 3425 2788 3479 δεινῶν
2865 3425 3081 3496 ξίφεσιν
3125 3425 3350 3495 ἀπηνῶς
3391 3422 3790 3491 κατασφάττειν

2209 3518 2443 3583 πάντας,
2480 3521 2574 3571 καὶ
2614 3520 2783 3588 τάφον
2819 3521 3002 3582 αὐτοῖς
3032 3508 3337 3588 σχεδιάζειν
3375 3518 3473 3588 τὴν
3498 3516 3789 3571 θάλατταν.

2228 3614 2390 3664 Ἀλλά
2437 3613 2663 3666 τοιαῦτα
2699 3613 2799 3683 μὲν
2845 3613 2941 3666 καὶ
2989 3613 3058 3665 τὰ
3112 3614 3171 3666 ἐν
3215 3612 3377 3684 Τύρῳ
3426 3611 3534 3665 τῶν
3563 3610 3794 3680 γεναίων

2207 3706 2459 3776 ἀθλητῶν
2494 3708 2877 3776 ἀγωνίσματα.
3192 3706 3197 3711 ’

499 3790 625 3865 eius
659 3794 887 3865 martyri
939 3799 1416 3869 appropinquans,
1472 3819 1543 3859 ne
1574 3804 1849 3876 stringere
1884 3804 2109 3874 quidem
2149 3817 2277 3857 eum
2340 3813 2547 3872 posset,
2576 3804 2671 3859 sed
2702 3804 2909 3859 sensim
2957 3802 3338 3859 tantummodo
3366 3816 3536 3859 cornu
3563 3807 3790 3872 peteret,

499 3884 799 3957 linguaque
827 3890 999 3959 pedes
1026 3892 1321 3960 lamberet,
1352 3907 1409 3952 et
1434 3898 1706 3969 religione
1760 3899 2172 3970 quodammodo
2240 3899 2570 3956 discederet.
2608 3901 2677 3956 Et
2700 3916 2821 3956 cum
2842 3899 2908 3955 ad
2942 3915 3067 3955 eum
3090 3899 3314 3956 modum
3372 3898 3556 3954 multa:
3608 3897 3793 3952 bestia:

502 3984 561 4039 in
618 3992 891 4054 martyres
949 3985 1210 4043 immissa:
1270 3980 1495 4058 essent;
1542 3994 1801 4065 idemque
1851 3993 2111 4049 omnibus
2148 3995 2466 4062 accidisset,
2498 4005 2784 4067 postremo
2843 3995 3135 4052 carniﬁces
3164 3994 3268 4065 ipsi
3326 3995 3541 4049 animos
3561 3990 3794 4059 despon-

502 4066 726 4138 dentes,
756 4085 881 4144 post
917 4077 1157 4145 plurima
1217 4083 1512 4152 supplicia,
1587 4087 1866 4158 aliamque
1916 4089 2166 4158 gravium
2211 4100 2613 4145 tormentorum
2668 4091 2784 4145 vim
2843 4090 2951 4146 illis
3005 4092 3237 4154 illatam,
3287 4090 3439 4143 ferro
3492 4082 3793 4140 crudeliter

501 4176 704 4221 omnes
747 4167 1095 4239 jugulahant,
1130 4182 1187 4227 et
1255 4175 1311 4228 in
1370 4176 1707 4245 profundum
1791 4191 1945 4232 mare
1999 4177 2356 4248 dejiciebant.

2443 4182 2623 4250 Atque
2685 4180 2803 4236 haec
2851 4181 3074 4253 quidem
3123 4188 3253 4236 sunt
3325 4174 3791 4233 nobilissimorum

503 4257 891 4331 Egyptiorum
953 4265 1310 4337 athletarum,
1360 4284 1485 4339 quae
1539 4269 1669 4341 Tyri
1726 4270 2085 4328 decertaruut
2124 4274 2450 4329 certamina.

888 4412 891 4415 δ
962 4403 1130 4476 449
1182 4407 1413 4464 CAPUT
1479 4408 1620 4484 vm.

497 4513 584 4569 De
617 4520 887 4589 martyrii:
925 4521 980 4573 in
1022 4522 1290 4601 Thebaide
1319 4526 1605 4601 toleratis,
1639 4536 1689 4582 et
1721 4531 1883 4585 uariis
1928 4532 2101 4586 vario-

969 4608 1086 4645 rum
1116 4597 1492 4662 suppliciorum
1515 4597 1705 4657 modis.

580 4699 834 4766 Quivero
864 4700 916 4756 in
956 4707 1134 4783 patria
1168 4724 1265 4763 sua
1314 4713 1635 4783 martyrium
1701 4714 1914 4781 obiere,
1975 4717 2102 4785 quis

499 4794 594 4850 vel
624 4810 816 4850 eorum
869 4813 1157 4854 numerum
1219 4803 1380 4867 inire,
1421 4805 1505 4859 vel
1565 4816 1644 4860 tot
1694 4815 1904 4869 et_tam
1951 4809 2102 4861 varia

494 4897 909 4941 ttormentorum
943 4905 1144 4959 genera
1174 4894 1453 4962 explicare
1484 4897 1693 4963 queat?
1739 4896 2104 4967 Quandoqui-

497 4979 639 5032 κόρω
693 4981 1086 5051 quamplurimi
1120 5000 1227 5038 una
1265 5001 1390 5040 cum
1444 4987 1777 5057 coniugibus
1816 4996 1872 5040 et
1917 4989 2102 5043 liberis

494 5082 731 5141 propter
747 5072 1024 5128 Christum
1052 5076 1219 5130 vitam
1245 5078 1421 5146 ipsam
1469 5080 1781 5149 prodidere,
1810 5081 2101 5150 variasque

496 5164 699 5218 mortis
722 5167 934 5235 species
962 5167 1170 5223 adiere.
1202 5169 1451 5233 Quorum
1483 5171 1654 5241 aliqui
1690 5183 1812 5240 post
1844 5174 2097 5243 ungulas,

418 5300 423 5311 .
503 5255 736 5327 ﬂagella,
767 5267 824 5312 et
849 5257 1119 5325 ﬁdiculas,
1154 5260 1405 5329 aliosque
1431 5264 1732 5327 cruciatus,
1767 5266 1831 5317 ad
1859 5281 2095 5334 quorum

425 5338 430 5343 ’
485 5350 847 5418 mentionem
908 5351 1080 5405 solam
1148 5352 1370 5407 animus
1432 5354 1803 5422 exliorrcscit,
1879 5358 2100 5413 fortiter

499 5443 761 5510 praesenti
792 5443 993 5498 robore
1027 5443 1312 5509 toleratos,
1351 5448 1571 5501 tandem
1602 5449 1714 5519 igni
1776 5461 1907 5505 sunt
1963 5466 2099 5506 con-

502 5537 730 5604 sumpti.
786 5534 917 5615 Alii,
985 5544 1043 5588 et
1092 5536 1319 5606 quidem
1381 5540 1834 5607 innumerabiles,
1879 5546 2100 5614 scaphis

498 5626 773 5696 impositi,
808 5628 863 5680 in
898 5629 1009 5682 alto
1047 5628 1324 5685 submersi
1363 5632 1579 5703 pelago.
1614 5636 1877 5690 Nonnulli
1926 5643 2095 5693 etiam

503 5734 754 5775 resecare
783 5722 1107 5779 volentibus
1142 5734 1331 5794 caput,
1369 5742 1568 5797 magno
1600 5732 1789 5785 animo
1840 5732 2095 5800 jugulum

502 5814 878 5877 praebuerunt.
944 5817 1099 5872 Multi
1158 5822 1302 5875 fame
1359 5822 1541 5876 enecti
1598 5835 1747 5889 sunt,
1804 5826 1991 5894 plures
2042 5826 2094 5880 in

507 5911 895 5961 cl‘uceniacti:
949 5918 1005 5964 el
1044 5912 1136 5967 alii
1180 5913 1404 5980 quidem
1444 5917 1639 5971 eodem
1701 5935 1810 5986 quo
1864 5920 2094 5973 maleﬁci

2811 4418 3064 4474 ΚΕΦΑΑ.
3111 4418 3194 4477 ll'.

2213 4527 2352 4597 Περὶ
2380 4526 2500 4579 τῶν
2548 4529 2697 4601 κατὰ
2744 4530 3009 4601 θηϐαΐδα
3048 4532 3497 4601 γεγενημένων-⁸
3549 4534 3647 4590 καὶ
3685 4536 3790 4592 τοῦ

2456 4600 2687 4664 τρόπον
2716 4598 2838 4653 τῶν
2858 4598 3161 4669 διαφόρων
3206 4598 3545 4661 κολάσεων.

2276 4716 2417 4779 Τοὺς
2447 4715 2491 4768 δ’
2528 4716 2623 4768 ἐπὶ
2656 4717 2755 4785 τῆς
2788 4717 2999 4780 οἰκείας
3028 4718 3132 4789 γῆς
3170 4721 3636 4791 μαρτυρήσαντας
3671 4722 3791 4785 πῶς

2204 4810 2267 4863 ἄν
2300 4827 2381 4873 τις
2409 4810 2470 4863 τὸ
2505 4809 2713 4879 πλῆθος
2741 4810 2961 4874 διέλθοι,
2998 4813 3093 4866 καὶ
3122 4815 3181 4866 τὺ
3213 4813 3457 4867 ποικίλον
3484 4816 3593 4867 τῶν
3616 4817 3790 4885 βασά-

2203 4919 2310 4954 νων
2359 4903 2452 4957 καὶ
2487 4903 2767 4967 πολυειδές
2797 4922 2811 4970 ;
2846 4904 2896 4957 οἳ
2944 4905 3040 4960 σὺν
3069 4909 3282 4975 γυναιξὶ
3312 4910 3429 4979 ξκαὶ
3461 4912 3671 4974 τέκνοις
3701 4912 3790 4963 διὰ

2204 4993 2440 5062 Χριστῖιν
2492 4995 2552 5048 τὸ
2595 4995 2695 5065 ζῇν
2740 4999 3053 5070 ὑπερεῖδον,
3090 5000 3351 5069 διάφορον
3396 5004 3789 5070 ὑπενεγκόντες

2202 5086 2294 5137 τὸν
2331 5086 2583 5140 θάνατον.
2609 5081 2710 5141 Ὧν
2738 5090 2786 5140 οἱ
2821 5090 2920 5159 μὲν
2956 5092 3098 5160 μετά
3134 5091 3368 5161 ξεσμοὺς
3397 5095 3488 5147 καὶ
3520 5096 3789 5166 στρεϐλώ-

2205 5195 2339 5240 σεις,
2366 5179 2461 5231 καὶ
2492 5180 2719 5248 νεφάδας
2749 5183 3053 5250 μαστίγων,
3088 5187 3181 5236 καὶ
3202 5185 3366 5246 ἄλλας
3397 5189 3596 5256 φρίκης
3624 5189 3786 5255 μόνιν

2206 5272 2297 5321 καὶ
2328 5271 2558 5323 ἀκοῦσαι
2590 5277 2796 5339 μεστάς
2829 5274 3100 5342 βασάνους
3132 5278 3366 5346 γενναίῳ
3397 5277 3571 5348 ψυχῆς
3604 5296 3785 5347 παρα.-

2206 5364 2443 5433 στήματι
2475 5364 2851 5429 διανύσαντες,
2879 5368 2937 5418 τὸ
2976 5368 3209 5423 ὕστατον
3241 5372 3373 5439 πυρὶ
3407 5372 3783 5441 κατεφλέχθη-

2205 5475 2305 5508 σαν
2330 5475 2342 5488 -
2383 5459 2434 5510 οἱ
2464 5459 2521 5511 δὲ
2570 5460 2774 5530 πλῆθος
2809 5463 3003 5532 μυρίον
3042 5464 3136 5515 ἐπὶ
3183 5466 3418 5533 σκάφαις
3444 5468 3555 5528 τοῖς
3586 5466 3786 5519 θαλατ-

2202 5549 2337 5614 τίοις
2374 5551 2554 5621 βυθοίς
2590 5553 3002 5625 ἀπερρίφησαν.
3040 5557 3224 5611 Ἄλλοι
3274 5558 3333 5612 δὲ
3378 5560 3631 5632 ἀνδρείως
3669 5567 3783 5624 τοῖς

2202 5645 2424 5713 τέμνειν
2457 5647 2670 5700 θέλουσι
2697 5650 2798 5713 τὰς
2841 5651 3085 5720 κεφαλὰς
3119 5652 3456 5721 προῦτεινον.
3506 5656 3568 5708 Ol
3597 5655 3652 5709 δὲ
3684 5663 3779 5709 καὶ

2203 5737 2346 5807 λιμῷ
2394 5741 2771 5811 διεσθάρησαν
2796 5761 2809 5775 ·
2840 5747 3378 5819 ἀνεσκολοπίσθησαν
3424 5750 3467 5804 δ’
3497 5746 3695 5820 ἕτεροι,
3732 5754 3780 5803 οί

2205 5832 2305 5897 μὲν
2360 5832 2472 5883 ἴσον
2509 5835 2842 5904 κακούργοις
2898 5839 3272 5905 λαμϐάνοντες
3323 5843 3570 5903 θάνατον,
3621 5843 3671 5895 οἱ
3721 5844 3777 5895 δὲ

2201 5922 2512 5991 τοῦμπαλιν
2544 5928 2818 5999 κύμϐαχοι
2858 5936 3326 6004 προσηῖοοίθέντες,
3365 5940 3417 5989 τὶ
3463 5936 3558 6005 ζῇν
3589 5938 3775 6001 δεινῶς
