4052 6442
328 456 451 520 122]

1238 448 1847 512 ECCLESIASTIC/E
1890 445 2282 507 HISTORLE
2325 443 2473 503 LlB-
2514 446 2649 503 Vll.

3445 450 3578 516 12522

321 570 515 639 ἔφερον
535 584 546 595 ⁸
572 566 730 635 ἄχρις
761 556 822 616 οὗ
853 562 1127 631 σχήματος
1148 561 1320 623 οὕτως
1343 560 1580 630 ἔχοντες,
1611 560 1773 628 λιμοῦ
1803 577 1892 625 γε·

2014 557 2181 617 nodo,
2216 557 2484 626 supplicio
2518 557 2700 610 all‘eeti
2727 571 2740 606 :
2772 558 2863 611 alii
2913 571 3094 614 autem
3148 561 3375 626 inversi,
3426 564 3581 632 pedi-

322 660 513 726 γόνασι
570 652 971 723 παρανάλωμα.
1011 652 1079 704 Ἀ
1134 648 1180 703 δ’
1206 653 1254 702 οί
1304 651 1442 703 κατὰ
1485 650 1729 720 Θηϐαΐδα
1781 651 1896 717 διή-

322 764 526 816 νεγκαν
558 748 858 818 μάρτυρες,
895 744 1015 797 οὐδὲ
1058 743 1206 812 λόγῳ
1241 742 1305 795 ἂν
1336 744 1548 809 γένοιτο
1569 743 1753 812 ῥᾴδιον
1781 744 1901 813 διη-

322 840 559 908 γεῖσθαι.
613 838 852 907 Σώματα
903 837 1010 905 γὰρ
1048 836 1145 888 ὅλα
1184 834 1478 904 ὀστράκοις
1527 835 1647 888 ἀντὶ
1692 834 1900 903 ὀνύχων

323 935 622 1003 ἐξαίνυντο,
656 934 760 993 ἕως
788 929 848 982 οὖ
874 930 1152 999 παρέμενε
1183 929 1393 990 τούτοις
1414 929 1474 979 τὸ
1507 928 1629 997 ζῇν.
1660 929 1771 980 Καὶ
1800 926 1901 994 γύ-

323 1044 453 1081 ναια
485 1016 550 1078 δέ
559 1042 683 1078 τινα
710 1025 980 1093 μηχαναῖς
1012 1039 1154 1075 τισιν
1179 1023 1257 1083 είς
1283 1020 1419 1089 ὕψος
1450 1022 1702 1091 μετέωρα
1734 1022 1904 1087 ἀναρ-

323 1120 570 1187 τώμενα,
600 1117 659 1182 ἐξ
702 1117 818 1178 ἑνὸς
851 1117 963 1168 τοῖν
994 1114 1174 1167 ποδοῖν
1210 1114 1351 1167 κατὰ
1386 1114 1632 1182 κεφαλὴν
1663 1109 1754 1166 οἷά
1778 1130 1903 1166 τινα

327 1212 499 1281 ἱερεῖα
548 1206 991 1279 πῳσαπῃὼρητο
1018 1221 1033 1237 ·
1078 1205 1217 1275 μηδὲ
1268 1206 1365 1275 τῆς
1398 1208 1485 1259 ἐπ’
1516 1207 1647 1257 αίδὼ
1695 1206 1903 1274 σκέπης

329 1301 831 1373 μεταλαγχάνοντα,
864 1302 1046 1354 πᾶσαν
1080 1300 1342 1369 ὠμότητα
1379 1300 1474 1351 καὶ
1504 1297 1903 1368 ἀπανθρωπίας

328 1393 636 1463 ὑπερϐολὴν
657 1395 769 1453 τοῖς
803 1392 968 1460 ὁρῶσι
1014 1394 1295 1461 παρεῖχον.
1328 1390 1573 1460 Δένδρων
1602 1390 1658 1443 δὲ
1689 1390 1905 1453 κλάδοις

326 1486 505 1556 ἕτεροι
537 1485 973 1553 ὲνδεσμούμενοι,
998 1483 1284 1553 ἔθνησκον.
1321 1484 1383 1535 Οἱ
1415 1484 1523 1553 γὰρ
1553 1485 1905 1554 στερῤότεροι

325 1576 436 1628 τῶν
465 1576 746 1646 πρέμνων,
775 1574 939 1646 τέχνη
967 1573 1030 1641 δὴ
1057 1590 1160 1625 τινι
1189 1575 1245 1636 ές
1267 1572 1433 1626 ταυτὸ
1492 1574 1762 1635 συνιόντες
1783 1614 1795 1635 ,
1837 1576 1907 1627 τὰ

325 1665 437 1720 τῶν
469 1664 766 1737 μαρτύρων
791 1665 956 1734 σκέλη
975 1665 1352 1734 διατεινόμενα
1374 1665 1738 1734 συνεδέσμουν
1758 1682 1771 1695 ·
1788 1661 1909 1719 εἶτα

328 1761 640 1827 ἀφιεμένων
699 1758 925 1810 ἐκείνων
966 1759 1048 1820 είς
1096 1757 1193 1826 τὴν
1237 1758 1378 1811 κατὰ
1439 1759 1601 1825 φύσιν
1653 1759 1904 1827 πορείαν,

327 1848 523 1918 ἀθρόον
566 1847 633 1899 τὰ
691 1847 825 1915 μέλη
860 1846 1182 1911 διεσπῶντο,
1240 1846 1361 1898 καθ’
1410 1840 1487 1899 ὧν
1528 1848 1907 1916 ἐγχειροῦντες

326 1937 465 2012 ἦσαν
492 1940 582 1993 τὸν
621 1939 937 2008 σύνδεσμον.
978 1937 1166 1990 Ταῦτα
1196 1938 1252 1990 δὲ
1296 1939 1472 1991 πάντα
1510 1938 1611 1992 οὐκ
1642 1940 1734 1991 ἐπὶ
1771 1940 1906 2008 βρα·

330 2033 431 2101 χὺν
462 2033 749 2101 ἐνηργεῖτο
781 2030 995 2101 χρόνον,
1034 2030 1151 2082 ἀλλ’
1184 2032 1261 2094 είς
1293 2030 1386 2099 ἕτη
1422 2030 1591 2083 πλείω
1624 2032 1907 2100 διαγέγονε

326 2127 387 2178 τδ
420 2126 593 2179 δεινόν
623 2143 635 2156 ο
670 2125 797 2194 ἄχρι
829 2126 927 2192 μὲν
951 2124 1056 2192 γὰρ
1089 2124 1310 2185 δεκάδος
1345 2124 1439 2175 καὶ
1476 2125 1595 2192 τρὶς
1622 2124 1776 2188 δέκα,
1815 2127 1909 2178 καὶ

326 2218 408 2279 δὶς
454 2217 717 2283 τοσαῦτα,
752 2218 845 2269 καὶ
892 2216 1090 2269 ἑκατὸν
1142 2216 1332 2270 ἄλλοτε
1370 2216 1560 2286 ἄνδρες
1611 2217 1905 2287 ἀνῄρηντο.

327 2311 457 2363 Νέοι
498 2327 557 2363 τε
601 2310 799 2379 κομιδῆ
830 2310 924 2361 καὶ
967 2311 1222 2376 γυναῖκες
1275 2308 1706 2377 ἐνηλλαγμένως
1740 2327 1912 2377 τιμω-

332 2402 473 2470 ρίαις
503 2401 852 2468 καθεκάστην
882 2400 1207 2464 ἐκτείνοντο,
1245 2399 1421 2469 ἀθρόᾳ
1460 2400 1644 2469 πληγῇ
1684 2399 1780 2469 τὴν
1816 2403 1907 2451 ἐκ·

327 2496 505 2564 τομὴν
556 2495 917 2564 ὑφιστάμενοι
943 2509 958 2523 ⁸
994 2493 1070 2555 ὡς
1102 2493 1195 2545 καὶ
1234 2494 1395 2544 αὐτὴν
1424 2492 1518 2545 τὸν
1559 2493 1776 2561 σίδηρον
1802 2496 1911 2561 ἀμ·

330 2590 621 2642 ϐλύνεσθαι
666 2591 731 2658 τῇ
765 2589 876 2640 τῶν
906 2588 1158 2655 αἱμάτων
1195 2586 1364 2655 βαφῇ,
1409 2587 1502 2638 καὶ
1535 2586 1909 2639 καταθλᾶτῡαι

328 2680 769 2749 ἀπαγορεύοντα,
797 2679 926 2739 τούς
954 2695 1016 2745 γε
1050 2680 1156 2747 μὴν
1201 2678 1517 2740 κτείνοντας
1557 2678 1912 2740 ἐξασθενοῦν-

329 2788 449 2835 τας,
494 2774 734 2845 συνεχῶς
768 2771 1125 2843 μεταμείϐειν
1163 2772 1451 2840 ἀλλήλους.
1487 2772 1725 2842 Συνορᾷν
1758 2771 1802 2822 δ’
1842 2769 1910 2842 ἦν

329 2865 506 2918 καὶτὸ
537 2866 818 2935 πρόθυμον
846 2866 943 2933 τῆς
966 2867 1045 2925 είς
1068 2865 1305 2935 Χριστὸν
1333 2864 1591 2926 πίστεως
1613 2864 1711 2916 οὐκ
1743 2863 1910 2932 ἑφθα-

330 2974 419 3009 νον
472 2957 582 3027 γὰρ
618 2959 667 3010 οί
712 2956 1082 3027 προλαϐόντες
1127 2957 1226 3025 τὴν
1271 2957 1549 3025 ἀπόφασιν
1603 2956 1907 3025 εἰληφότες,

330 3050 426 3103 καὶ
470 3050 620 3104 ἄλλοι
653 3050 876 3104 ἄλλοθεν
906 3048 1298 3117 εἰσπηδῶντες,
1339 3050 1479 3114 σφᾶς
1515 3049 1743 3112 ἑαυτοὺς
1776 3050 1913 3118 Χρι-

332 3140 587 3201 στιανοὺς
617 3138 953 3207 ὡμολόγουν,
991 3137 1097 3205 πρὸ
1142 3134 1236 3188 τοῦ
1264 3137 1581 3189 δικαστικοῦ
1619 3137 1910 3207 ἁλλόμενοι

2002 650 2104 703 bus
2123 650 2381 702 videlicet
2426 649 2478 702 iu
2513 650 2748 703 sublime
2782 651 3037 714 sublatis,
3070 653 3238 706 vitam
3265 654 3356 707 ditt
3402 656 3580 723 gravi-
3632 688 3635 691 η

2000 749 2190 809 terque
2222 748 2532 804 traxerunt,
2560 740 2732 793 donec
2770 740 2823 793 in
2884 756 3051 794 cruce
3108 744 3224 811 ipsa
3280 742 3352 798 ita
3400 745 3580 798 sullixi

2002 832 2141 885 fame
2173 834 2480 901 perierunt.
2539 833 2640 885 Per
2670 833 3005 887 Thebaidem
3042 850 3206 901 porro
3249 852 3370 905 quae
3406 838 3582 892 sancti

2002 936 2268 995 martyres
2304 925 2656 993 pertulerint,
2704 926 2954 979 oratione
2986 929 3239 996 persequi
3275 928 3435 983 facile
3469 946 3577 984 non

2004 1027 2108 1072 cst.
2144 1017 2388 1087 Corpora
2420 1018 2567 1071 enim
2613 1034 2802 1071 eorum
2851 1020 3006 1074 testis
3064 1022 3393 1089 ungularum
3461 1023 3583 1075 vice

2006 1109 2271 1178 tantisper
2298 1111 2426 1163 dum
2460 1110 2569 1164 vita
2590 1110 2698 1164 illis
2724 1121 3058 1180 superesset,
3093 1121 3330 1167 tortores
3353 1113 3586 1166 dilania—

2005 1202 2157 1255 bant.
2192 1201 2259 1254 Et
2302 1202 2573 1256 machinis
2607 1203 2934 1270 quilmsdam
2975 1205 3327 1257 mulierculas
3356 1204 3408 1257 in
3456 1205 3586 1258 sub-

2005 1296 2135 1349 lime
2160 1295 2300 1365 pede
2327 1313 2457 1361 uno,
2488 1296 2666 1364 capite
2692 1296 3063 1365 dependente,
3087 1308 3309 1357 tractas,
3342 1298 3587 1352 victima-

2007 1404 2130 1442 rum
2162 1403 2312 1459 mure
2359 1389 2790 1457 suspendebant,
2852 1402 3033 1457 neque
3087 1404 3150 1443 ea
3202 1405 3322 1458 quze
3372 1392 3589 1444 nativus

2006 1477 2186 1546 pudor
2208 1478 2422 1531 occulta
2450 1494 2573 1532 esse
2609 1481 3185 1547 voluitcontegentes,
3225 1489 3281 1533 et
3331 1480 3590 1533 omnibus

2004 1586 2237 1643 summa;
2286 1571 2705 1626 inhumanitatis
2773 1582 2829 1626 et
2880 1574 3226 1627 crudelitatis
3280 1573 3589 1643 praebentes

2008 1662 2339 1731 spectacula.
2387 1662 2616 1727 Quidam
2651 1663 2908 1716 arborum
2945 1664 3114 1716 rantis
3149 1664 3377 1732 alligati,
3420 1665 3590 1718 mise-

2012 1755 2258 1809 rabiliter
2287 1756 2846 1808 cxcarniiicabantur.
2879 1755 3034 1809 Rami
3072 1758 3217 1809 enim
3251 1756 3592 1811 robustiores

2010 1847 2062 1901 vi
2095 1855 2150 1901 et
2178 1857 2294 1901 arte
2328 1848 2566 1916 quadam
2611 1849 2904 1911 contracti,
2966 1843 3268 1919 martyrum
3314 1866 3474 1903 crura
3507 1851 3591 1904 di-

2011 1940 2174 1993 ducta
2209 1941 2443 1994 vinculis
2483 1940 2922 2011 distringebant:
2986 1957 3049 1996 ac
3107 1941 3306 1996 deinde
3357 1943 3465 1997 illis
3536 1943 3591 1997 in

2009 2034 2317 2087 naturalem
2351 2044 2554 2087 statum
2613 2050 2774 2087 suum
2812 2035 2995 2089 redire
3050 2037 3356 2105 permissis,
3405 2037 3592 2090 subito

2013 2122 2281 2185 membra,
2318 2135 2375 2176 ut
2406 2125 2606 2192 cuiqUe
2639 2135 2798 2179 erant
2830 2126 3067 2195 alligata,
3121 2126 3425 2180 suavissime
3476 2126 3593 2179 dis-

2010 2216 2326 2284 cerpebant.
2363 2215 2540 2285 Atque
2585 2217 2697 2272 lucc
2735 2219 2918 2271 omnia
2966 2234 3073 2272 non
3137 2219 3289 2274 brevi
3349 2227 3595 2288 tempore

2010 2318 2139 2359 sunt
2171 2317 2401 2374 patrata,
2440 2308 2537 2363 sed
2570 2310 2729 2363 annis
2754 2309 3006 2378 pluribus
3036 2311 3241 2364 malum
3296 2310 3401 2366 hoc
3431 2311 3595 2365 dura-

2012 2398 2108 2451 vit.
2142 2397 2224 2452 Ad
2248 2399 2439 2453 dee'em
2478 2416 2739 2471 namque,
2772 2414 2825 2456 et
2864 2403 3107 2473 triginta,
3138 2414 3193 2458 et
3224 2404 3307 2458 bis
3341 2404 3592 2465 totidem,

2012 2501 2177 2561 atque
2206 2494 2369 2546 etiam
2420 2494 2753 2563 quandoque
2813 2495 2879 2549 ad
2938 2507 3156 2550 centum
3196 2497 3440 2566 quotidie
3491 2498 3594 2553 viii

2006 2585 2349 2653 juvenesque
2381 2586 2676 2640 admodum
2716 2595 2771 2641 et
2802 2587 3065 2642 mulieres
3098 2589 3386 2658 suppliciis
3426 2590 3595 2644 varizs

2013 2675 2440 2743 occidebantur,
2478 2677 2777 2732 confertim
2814 2679 2985 2733 veluti
3020 2696 3127 2734 una
3156 2681 3313 2749 plaga
3344 2681 3593 2737 interne-

2012 2769 2226 2822 cionem
2253 2769 2591 2825 sustinentes
2623 2788 2637 2827 :
2667 2771 2737 2824 ita
2774 2778 2832 2825 ut
2859 2772 2991 2826 ferri
3029 2787 3250 2842 quoque
3287 2773 3435 2829 acies
3464 2789 3598 2829 con-

2015 2859 2166 2911 tinua
2191 2860 2479 2928 sanguinis
2512 2860 2754 2915 ti‘nctura
2791 2862 3044 2917 hebetior
3067 2864 3245 2927 lieret’,
3270 2865 3597 2920 etscindere

2013 2949 2250 3018 amplius
2276 2966 2387 3004 non
2405 2951 2653 3007 valeret:
2678 2954 3080 3023 carniﬁcesque
3110 2954 3413 3026 defatigati,
3440 2957 3598 3010 inlir-

2015 3044 2331 3115 mioresque
2364 3045 2515 3113 facti,
2535 3061 2886 3103 successores
2912 3049 3049 3103 alios
3068 3049 3404 3119 acciperent.
3433 3051 3599 3123 450

2016 3137 2473 3194 Animadvertere
2500 3154 2634 3194 vero
2666 3148 2783 3195 erat
2806 3142 2860 3194 in
2896 3141 3216 3196 hominibus
3249 3145 3456 3198 nostris
3484 3147 3599 3198 ala-

333 3232 597 3303 βήματος,
640 3232 779 3300 μήτε
820 3230 953 3299 πρὸς
983 3229 1043 3282 τὸ
1078 3229 1278 3297 πικρὸν
1310 3228 1419 3281 τῶν
1450 3229 1705 3299 βασάνων
1737 3231 1910 3301 ὀρῶν-

2017 3230 2290 3291 critatem,
2309 3242 2363 3283 et
2380 3229 2504 3284 ﬁdei
2521 3231 2577 3284 in
2598 3230 2876 3287 Christum
2899 3231 3151 3286 ardorem
3170 3233 3414 3287 vividum
3433 3252 3446 3289 :
3469 3249 3596 3290 cum

329 3340 455 3385 τες’
488 3324 902 3392 ἀκαταπλήκτῳ
931 3322 986 3375 δὲ
1028 3321 1319 3391 παρρησίᾳ
1353 3320 1497 3391 ὑπὲρ
1534 3322 1774 3390 Χριστοῦ
1802 3324 1920 3375 δια-

332 3411 716 3483 γωνιζόμενοι,
750 3414 849 3467 σὺν
877 3412 1117 3482 θυμηδία
1145 3412 1312 3481 πολλῇ
1338 3411 1438 3479 τὴν
1470 3413 1710 3481 ὑστάτην
1738 3415 1919 3483 ψῆφον

330 3503 620 3577 προσίοντο
645 3520 660 3535 ο
691 3505 786 3557 καὶ
830 3502 1088 3558 τοσοῦτον
1122 3502 1199 3566 ὠς
1231 3501 1349 3571 μετ’
1388 3501 1713 3572 εὐχαρίστου
1744 3504 1920 3570 γλώσ-

333 3615 430 3668 σης
460 3599 587 3667 ἄχρι
616 3597 803 3660 τέλους
829 3597 1033 3665 ὕμνους
1065 3594 1454 3663 ἑξυφαίνοντας
1474 3593 1768 3665 εὐρύθμως
1786 3596 1917 3648 ἀνα-

331 3693 573 3759 πέμπειν
603 3688 743 3759 Θεῷ.

2015 3322 2164 3375 enim
2198 3323 2289 3378 vix
2318 3333 2511 3377 contra
2551 3325 2768 3393 priores
2795 3325 3070 3379 sententia
3103 3327 3593 3385 condemnationis

2016 3428 2045 3466 a
2086 3414 2271 3484 judice
2324 3415 2537 3484 prolata
2586 3426 2755 3479 esset,
2812 3417 2904 3470 alii
2952 3416 3179 3471 aliunde
3228 3420 3595 3485 conﬂuentes,

2015 3503 2365 3560 Christianos
2416 3521 2474 3561 se
2527 3520 2650 3561 esse
2699 3507 3130 3575 conﬁtebantur,
3182 3525 3282 3572 pro
3333 3512 3596 3568 tribunali

2017 3598 2137 3666 ipso
2171 3599 2533 3664 exsultantes,
2574 3615 2754 3668 neque
2786 3607 3185 3655 tormentorum
3224 3603 3594 3659 acerbitatem

2016 3689 2383 3758 reSpicientes
2417 3709 2430 3744 :
2466 3691 2563 3745 sed
2613 3691 2869 3745 interrita
2915 3706 3145 3759 prorsus
3188 3692 3445 3750 libertate
3497 3710 3596 3764 pro

328 3783 550 3840 Christo
578 3785 949 3849 decertantes,
981 3797 1104 3837 cum
1132 3797 1325 3853 magna
1398 3781 1716 3837 animorum
1788 3782 1979 3836 lartitia
2021 3784 2387 3842 libentissime
2435 3802 2752 3857 supremam
2805 3787 3158 3857 excipiebant
3208 3791 3537 3846 sententiam
3578 3809 3595 3845 :

332 3893 506 3950 usque
557 3877 733 3943 adeo,
777 3884 835 3930 ut
869 3892 992 3931 cum
1042 3877 1346 3947 gratiarum
1386 3876 1605 3931 actione
1672 3875 1740 3931 ad
1815 3876 1979 3930 linem
2023 3894 2197 3948 usque
2240 3895 2503 3951 perquam
2549 3880 2814 3935 decenter
2858 3882 3092 3954 hymnos
3138 3882 3440 3955 laudesque
3483 3884 3595 3943 Deo

330 3980 612 4027 canerent.

924 4086 1177 4140 ΚΕΦΑΛ.
1231 4085 1307 4139 Θ’.

330 4182 468 4245 Περὶ
509 4176 626 4231 τῶν
654 4177 1002 4246 περιφανῶν
1024 4178 1366 4245 μαρτύρων.
1416 4176 1766 4245 Φιλορώμου
1816 4181 1914 4233 καὶ

401 4250 681 4302 Φιλαίου·
716 4250 814 4301 καὶ
845 4247 963 4300 τῶν
994 4248 1122 4300 κατ’
1153 4247 1626 4314 Ἀλεξάνδρειαν
1646 4251 1764 4302 ὑπὸ
1788 4249 1909 4303 τῶν

399 4317 724 4372 δυσσεϐὦν
746 4317 1168 4387 γεγενημένων
1208 4320 1359 4371 κατὰ
1400 4318 1798 4387 Χριστιανῶν.

402 4434 515 4487 Καὶ
554 4434 755 4496 πάντες
793 4431 893 4501 μὲν
926 4429 1017 4484 οὖν
1054 4430 1337 4501 θαύματος
1371 4432 1512 4499 ἄξιοι
1544 4434 1592 4487 οί
1617 4432 1716 4501 τῆς
1753 4435 1908 4487 εὐσε-

332 4522 483 4586 ϐείας
515 4522 849 4593 ὑπέρμαχοι·
880 4520 1063 4590 πολλῷ
1089 4520 1590 4590 δ’·ὑπερφέοοντες,
1620 4523 1669 4575 οἳ
1697 4524 1912 4595 πλούτῳ

2629 4086 2858 4144 CAPUT
2905 4089 2997 4145 IX.

2023 4178 2096 4232 De
2129 4178 2428 4255 Pliiluromo
2466 4179 2779 4255 etp/tilica,
2816 4180 3113 4255 illustribus
3146 4185 3510 4255 martyribus:
3547 4195 3605 4241 et

2087 4265 2205 4317 qum
2238 4250 2582 4304 Alexandriw
2630 4252 2780 4319 impii
2822 4261 3008 4306 contra
3055 4250 3382 4309 Christianos
3411 4274 3605 4327 perpe-

2088 4322 2370 4369 lraverint.

2112 4331 2370 4375 ravermt.

2090 4430 2159 4484 Et
2204 4446 2398 4485 omnes
2446 4432 2665 4507 quidem
2710 4432 2899 4487 eximii
2935 4446 3080 4487 vera:
3126 4432 3348 4502 pietatis
3384 4450 3594 4505 propu-

2020 4530 2279 4591 gnatores
2343 4522 2492 4592 digni
2547 4534 2674 4577 sunt
2732 4523 3097 4577 admiratione
3141 4524 3360 4579 :multo
3415 4536 3609 4581 tamen:

330 4617 420 4670 καὶ
448 4615 616 4684 γένει,
644 4615 773 4685 δόξῃ
801 4630 859 4667 τε
887 4632 979 4667 και
1007 4614 1151 4685 λόγῳ
1182 4614 1378 4682 σοφίας
1406 4628 1464 4668 το
1486 4617 1787 4685 περιφανὲς
1828 4635 1902 4669 κε.

2019 4615 2467 4680 excellentiores,
2505 4614 2599 4683 qui
2637 4614 2868 4680 divitiis,
2916 4631 3138 4685 genere,
3193 4617 3366 4685 gloria
3408 4626 3465 4672 et
3512 4634 3612 4673 sa-

332 4710 635 4779 κτημένοι,
691 4704 811 4760 εἶτα
862 4706 940 4777 τῷ
991 4707 1119 4776 περὶ
1176 4706 1422 4776 Χριστοῦ
1478 4708 1628 4778 πόθῳ
1685 4709 1917 4777 δεύτερα

333 4802 536 4855 ἔθεντο.
564 4794 688 4864 Οἷος
710 4800 915 4862 ἐκεῖνος
940 4798 1251 4869 Φιλὸρωμος
1283 4797 1382 4869 τὴν
1414 4799 1640 4868 πρώτην
1670 4801 1733 4852 ὲκ
1759 4800 1915 4869 βασι-

331 4897 467 4957 λέως
493 4894 973 4964 ἐγκεχειρισμένος
993 4893 1150 4957 ἀξίαν
1171 4892 1314 4945 κατὰ
1333 4894 1433 4962 τὴν
1464 4891 1882 4963 ’Λλεξάνδρειαν
1899 4907 1913 4923 θ

332 4985 389 5047 ὃς
418 4987 554 5054 μετὰ
577 4986 676 5055 τῆς
707 4986 770 5035 ὲκ
807 4983 1099 5053 Ῥωμαίων
1120 4983 1285 5051 τιμῆς
1313 4982 1644 5053 δορυφόρους
1668 4999 1726 5034 τε
1751 5000 1917 5052 στρα-

332 5076 534 5139 τιώτας
566 5076 725 5146 ἔχων,
750 5075 837 5145 ἐφ’
870 5076 1109 5143 ἑκάστης
1141 5075 1358 5147 ἡμέρας
1391 5074 1734 5144 δικαστηρίῳ
1769 5093 1916 5145 παρ-

337 5170 540 5222 ίστατο.
592 5168 735 5238 Πρὸς
770 5168 825 5219 δὲ
868 5168 961 5220 καὶ
1011 5165 1235 5230 Φιλαίας
1272 5168 1459 5235 ἔτερος
1491 5167 1590 5234 τῆς
1629 5167 1916 5235 Θμουῖτῶν

334 5260 628 5329 ἐκκλησίας
663 5260 963 5321 ἐπίσκοπος
991 5276 1004 5289 ο
1039 5258 1097 5321 ὃς
1130 5248 1585 5327 ἐνλειτουργίαις
1615 5260 1736 5321 ταῖς
1772 5260 1916 5312 κατὰ

331 5350 429 5419 τὴν
480 5349 750 5402 πολιτείαν
803 5349 1138 5418 ἀνηκούσαις
1182 5348 1414 5415 μάλιστα
1476 5346 1820 5416 διαπρέπων,
1859 5350 1917 5400 ἐν

333 5442 647 5511 φιλοσόφοις
696 5443 876 5510 λόγοις
932 5441 1135 5511 μᾶλλον
1170 5437 1283 5509 εἶχε
1333 5439 1395 5492 τὸ
1427 5441 1649 5509 κράτος.
1697 5439 1916 5492 Πδλλῶν

329 5535 511 5587 τοίνυν
559 5535 670 5587 τῶν
699 5551 761 5587 τε
793 5535 927 5605 πρὸς
958 5534 1114 5599 γένος
1162 5534 1340 5601 φίλων
1371 5549 1429 5585 τε
1462 5531 1639 5594 ἄλλως
1666 5534 1761 5586 καὶ
1790 5549 1916 5586 συν-

331 5626 483 5696 ήθων
509 5629 604 5680 καὶ
628 5627 738 5681 τῶν
770 5627 860 5679 ἐπ’
883 5627 1060 5688 ἀξίαις
1087 5624 1259 5679 ὄντων
1287 5624 1459 5695 αὐτῷ,
1484 5624 1563 5678 ἔτι
1595 5624 1651 5677 δὲ
1683 5624 1779 5678 καὶ
1813 5625 1915 5679 αύ-

332 5715 425 5768 τοῦ
456 5717 548 5769 τοῦ
586 5716 843 5769 δικαστοδ
886 5719 982 5768 σὺν
1035 5716 1214 5786 ἱκεσίᾳ
1245 5716 1537 5784 δεομένων,
1595 5706 1760 5783 φειδώ
1791 5733 1913 5768 τινα

333 5806 528 5859 ἑαυτοῦ
564 5808 655 5859 καὶ
703 5807 906 5859 παίδων
936 5806 1025 5859 καὶ
1077 5806 1333 5873 γυναικὸς
1366 5801 1545 5857 οἶκτον
1585 5807 1757 5874 σχεῖν,
1801 5804 1911 5857 (οὐδ’

336 5899 473 5962 δλως
502 5899 563 5952 τό
597 5899 859 5969 φιλόζωον
907 5900 1099 5966 είλετο,
1135 5899 1229 5953 καὶ
1254 5899 1313 5951 τδ
1352 5898 1493 5951 κατὰ
1528 5897 1761 5967 Χριστὸν
1793 5899 1911 5963 ἐξο-

2023 4703 2241 4772 pientize
2275 4702 2495 4767 studiis,
2531 4703 2847 4771 praeclaram
2894 4707 3179 4759 consecuti
3217 4704 3435 4765 farinam.
3475 4723 3609 4762 θυι-ο

2022 4796 2111 4847 nia
2137 4810 2198 4849 ea
2227 4793 2429 4849 Christi
2464 4794 2741 4849 desiderio
2777 4796 3170 4863 posthabuere.
3198 4796 3384 4863 Qualis
3416 4800 3598 4854 Philan

2023 4903 2214 4942 remus
2271 4887 2362 4941 ille
2422 4887 2566 4952 fuit,
2611 4888 2705 4957 qui
2771 4888 3091 4957 primariatn
3150 4888 3472 4959 dignitatem
3530 4894 3615 4948 ab

2022 4979 2357 5046 imperatore
2414 4981 2556 5047 apud
2616 4978 3021 5032 Alexandrinos
3067 4993 3419 5044 consecutus,
3471 4998 3599 5036 cun

2022 5070 2310 5138 Splendido
2354 5071 2590 5123 militum
2648 5070 2953 5133 satellitio,
3014 5086 3112 5139 pro
3170 5073 3434 5142 dignitate
3473 5090 3609 5139 sua,

2024 5161 2272 5214 ltomano
2309 5176 2482 5223 more,
2520 5160 2767 5230 quotidie
2801 5159 3098 5226 tribunali,
3132 5177 3351 5216 causam
3386 5146 3608 5227 dicens,

2021 5253 2258 5305 astabat.
2300 5251 2366 5305 Et
2396 5252 2549 5305 Phili
2568 5267 2649 5315 as,
2688 5242 3074 5305 Tlnnuiiarum
3108 5253 3354 5307 ecclesite
3383 5259 3599 5323 episeo-

2020 5359 2144 5414 pus,
2179 5346 2271 5415 qui
2299 5360 2423 5399 cum
2463 5346 2790 5399 muneribus
2824 5345 3078 5400 civilibus
3109 5347 3212 5399 rite
3245 5357 3301 5399 et
3335 5346 3601 5402 decenter

2019 5438 2291 5491 obeundis
2345 5438 2528 5492 clarus
2578 5437 2715 5501 fuit,
2758 5447 2871 5490 tum
2914 5439 3148 5491 maxime
3197 5438 3611 5507 pbilosophicis-

2019 5530 2236 5585 artibus
2264 5531 2548 5586 excelluit.
2581 5530 2718 5583 Cum
2757 5530 2924 5599 igitur
2959 5530 3283 5600 propinqui,
3322 5532 3509 5597 amici,
3540 5542 3607 5586 et-

2018 5623 2359 5686 familiares,
2418 5633 2472 5677 et
2531 5624 2625 5677 alii
2687 5639 2915 5693 magnas
2974 5633 3230 5692 gerentes
3281 5623 3599 5693 dignitates,

2022 5716 2136 5784 ipse
2169 5731 2388 5784 quoque
2414 5717 2608 5785 judcx,
2642 5732 2737 5769 eos
2769 5717 3199 5779 obtestarentur,
3234 5727 3290 5770 ut
3325 5717 3429 5770 sibi
3464 5718 3611 5788 ipsis

2020 5816 2331 5875 parcerent,
2385 5808 2792 5875 coniugumque
2842 5816 2897 5861 et
2948 5808 3245 5861 liberorum
3301 5824 3397 5877 per
3435 5810 3603 5863 mise-

2020 5900 2314 5954 ricordiam
2353 5900 2619 5954 rationem
2659 5900 2964 5965 baberent,
3000 5900 3156 5956 nullo
3199 5903 3360 5957 modo
3395 5902 3608 5958 adduci-
