4052 6442
499 425 644 494 1223

1726 418 2155 485 NICEPllORI
2198 412 2545 484 GALLISTI

3637 417 3767 482 1221

491 550 747 613 potuere,
784 546 843 592 ut
875 535 997 591 vitae
1027 550 1138 590 sua:
1167 531 1545 597 consulerent,
1575 543 1632 589 et
1665 534 1876 588 cultum
1910 533 2054 589 Chri-

2179 533 2454 603 μόσασϐαι
2491 531 2678 593 σέϐας.
2721 530 2860 584 Ἀλλ’
2895 528 3065 599 ἄμφω
3101 529 3268 595 οὗτοι,
3302 528 3596 602 φιλοσόφῳ,
3625 533 3765 600 μᾶλ-

492 631 566 687 sti
598 630 940 701 abjurarent.
969 628 1161 696 Itaque
1192 626 1293 692 illi,
1326 626 1491 679 ambo
1521 625 1801 681 constanti
1850 625 2067 695 sapien-

492 725 605 787 tiae,
641 739 737 779 seu
764 722 949 792 potius
981 720 1070 774 Dei
1106 719 1345 773 amantis
1369 719 1567 772 anima:
1596 717 1801 774 robore
1836 718 2072 789 injurias

495 824 877 882 tormentaque
903 827 931 865 a
958 810 1147 881 judice
1177 810 1258 863 eis
1291 810 1463 873 illata,
1492 817 1548 863 et
1578 818 1861 879 postremo
1899 824 2072 879 gene-

496 921 622 961 rose
666 906 962 960 admodum
1013 915 1070 959 et
1109 904 1331 958 fortiter
1374 904 1540 958 etiam
1575 903 1809 973 capitale
1858 904 2074 973 supplic

494 999 640 1053 cium
693 999 1030 1051 sustinuere.
1077 995 1540 1065 Quandoquidem
1593 1011 1778 1050 autem
1812 994 2071 1051 Philaeam

491 1091 657 1159 paulo
692 1097 819 1143 ante
869 1088 1112 1143 diximus
1140 1087 1474 1157 eloquentiae
1508 1088 1560 1141 vi
1591 1087 1753 1157 longe
1798 1087 1937 1141 alios
1977 1102 2074 1140 an-

491 1180 827 1246 tecelluisse,
860 1180 1094 1248 ipsemet
1133 1177 1387 1247 prodeat,
1429 1176 1709 1246 simulque
1741 1184 1799 1232 et
1826 1177 2069 1230 Alexan-

488 1274 648 1327 drina
686 1272 948 1343 martyria
995 1280 1257 1341 exponat,
1306 1279 1363 1324 et
1410 1270 1525 1339 ipse
1566 1270 1672 1324 sibi
1720 1268 1909 1324 verbis
1956 1270 2073 1323 suis

486 1378 699 1422 certum
749 1368 989 1436 pratbeat
1021 1364 1405 1420 testimonium
1441 1383 1455 1418 :
1492 1379 1615 1433 quae
1646 1363 1813 1418 verba
1855 1363 1971 1433 ipse
2002 1377 2070 1416 ex

483 1460 726 1516 vinculis
778 1460 935 1530 prius
993 1457 1058 1512 ad
1111 1457 1357 1512 ecclesiae
1403 1472 1515 1510 sute
1549 1455 1767 1524 plebem
1820 1455 2066 1525 scripsit,

485 1569 650 1624 quam
676 1561 923 1607 extrema
948 1551 1147 1605 ineum
1173 1560 1258 1603 est
1278 1559 1333 1603 et
1355 1548 1603 1617 capitalis
1633 1548 1738 1601 lata
1769 1549 2066 1603 sententia.

477 1645 639 1717 45],
664 1643 801 1698 Cum
826 1643 971 1697 enim
1002 1640 1214 1709 prolixe
1239 1649 1511 1709 martyres
1535 1641 1600 1693 de
1624 1638 1850 1718 egregia
1871 1653 2067 1693 eorum

481 1741 543 1794 in
605 1740 773 1792 Deum
823 1734 1177 1790 aemulatione
1230 1740 1286 1787 et
1328 1730 1538 1786 Christi
1595 1721 2069 1785 imitatione‘lau-

480 1832 695 1895 dasset,
745 1828 862 1883 hac
905 1827 1169 1894 deinceps
1219 1823 1389 1879 infert
1431 1840 1447 1879 :
1498 1824 1687 1894 Itaque
1741 1824 2066 1879 annulantes

2177 625 2270 678 λον
2294 624 2350 677 δὲ
2371 623 2606 695 φιλοθὲῳ
2629 623 2815 694 ψυχῆς
2844 623 3242 693 παραστήματι
3274 621 3410 692 πρὸς
3436 625 3533 686 τὰς
3559 625 3769 692 ἐπαγο-

2178 715 2352 785 μένας
2382 719 2447 770 ἐκ
2472 717 2736 770 δικαστοῦ
2760 715 2947 787 ὕϐρεις
2972 716 3220 780 στάντες,
3248 716 3341 768 ἐπὶ
3373 715 3517 769 τέλει
3548 720 3643 773 καὶ
3665 717 3767 789 τὴν

2175 810 2263 864 διὰ
2291 810 2476 880 ξίφους
2502 811 2763 879 γενναίως
2799 812 3043 879 ἤνεγκαν
3081 811 3363 880 τελευτήν.
3403 809 3556 864 Ἐπεὶ⁸
3585 812 3642 864 δέ
3666 812 3765 866 καὶ

2174 904 2351 972 λόγων
2387 904 2672 974 περιουσίᾳ
2697 903 2805 956 τῶν
2834 903 3048 957 πολλῶν
3079 908 3334 975 προέχειν
3360 903 3453 957 τὸν
3479 903 3703 957 Φιλαίαν
3734 906 3762 958 ό

2174 998 2336 1066 λόγος
2366 999 2643 1071 ἀνέγραψε
2672 997 2965 1070 πρότερον,
2998 999 3163 1062 αὐτὸς
3196 1000 3413 1069 παρίτω
3443 1017 3455 1032 ο
3487 999 3622 1069 ὁμοῦ
3663 998 3762 1069 μὲν

2176 1093 2270 1146 καὶ
2300 1092 2370 1146 τὰ
2403 1092 2526 1146 κατ’
2576 1092 2992 1163 Ἀλεξάνδρειαν
3024 1092 3293 1169 γενόμενα
3335 1093 3613 1163 μαρτύρια
3643 1092 3763 1162 διη-

2174 1184 2380 1253 γείσθω
2401 1224 2418 1250 ,
2457 1184 2573 1254 ἃμα
2602 1184 2658 1238 δὲ
2693 1183 2788 1238 καὶ⁸
2827 1183 2914 1236 ἐπ’
2946 1183 3177 1255 ἀκριϐὲς
3200 1184 3412 1253 μάρτυς
3448 1183 3641 1237 ἑαυτοῦ
3668 1183 3757 1238 διὰ

2174 1275 2283 1331 τῶν
2301 1277 2518 1330 οἰκείων
2534 1276 2709 1344 λόγων
2738 1275 2974 1345 γινέσθω
2996 1315 3011 1342 ,
3043 1274 3136 1339 οὒς
3173 1275 3415 1346 ἔγραφεν
3442 1274 3523 1328 ἐτι
3549 1274 3758 1344 δεσμώ-

2175 1386 2272 1438 της
2302 1369 2398 1433 ὢν,
2431 1354 2561 1442 πρίν
2593 1370 2625 1438 ἢ
2660 1370 2984 1422 τελευταίαν
3016 1368 3298 1436 ἀπόφασιν
3325 1366 3606 1443 δέξασθαι,
3641 1369 3755 1430 τοῖς

2172 1461 2266 1516 ὑπ’
2296 1462 2446 1532 αὐτῷ
2477 1460 2698 1516 τελοῦσι
2734 1460 2903 1524 λαοῖς.
2945 1461 3277 1519 Ἐπαινέσας
3307 1460 3412 1528 γὰρ
3443 1458 3754 1528 ἀρκούντως

2171 1561 2296 1625 τοὺς
2322 1560 2608 1631 μάρτυρας
2642 1558 2722 1629 τῷ
2749 1558 2882 1628 πρὸς
2906 1556 3039 1610 Θεὸν
3060 1557 3209 1626 ζήλῳ
3229 1558 3325 1611 καὶ
3353 1550 3435 1619 οἷς
3466 1555 3750 1627 μιμεῖσθαι

2170 1651 2318 1725 εἶχον
2345 1656 2604 1722 Χριστὸν,
2637 1652 2838 1719 ἐπάγει
2872 1652 2968 1704 καὶ
2993 1649 3168 1703 ταῦτα
3188 1666 3203 1689 ν
3241 1650 3330 1703 Διὸ
3354 1650 3447 1703 καὶ
3479 1647 3752 1717 ζηλώσαν-

2169 1760 2259 1806 τες
2286 1744 2356 1796 τά
2385 1742 2611 1811 μείζονα
2636 1742 2954 1812 χαρίσματα
2974 1740 3023 1792 οἱ
3052 1739 3419 1809 Χριστοφόροι
3453 1738 3747 1808 μάρτυρες,

2172 1838 2350 1889 πάντα
2389 1832 2488 1903 μὲν
2534 1833 2697 1888 πόνον
2732 1836 2826 1887 καὶ
2865 1832 3127 1895 παντοίας
3158 1831 3406 1894 ἐπινοίας
3440 1829 3743 1898 αἰκισμῶν,

480 1923 689 1993 majora
760 1919 851 1973 illa
914 1918 1056 1972 dona
1111 1916 1414 1972 Christiani
1473 1926 1787 1987 martyres,
1847 1917 2054 1972 laboret

2166 1930 2270 1983 οὐκ
2303 1928 2560 1994 εἰσάπαξ,
2594 1926 2709 1979 ἀλλ’
2743 1925 2845 1996 ήδη
2864 1924 2959 1979 καὶ
2993 1923 3074 1988 δίς
3103 1939 3249 1986 τινες
3288 1921 3588 1990 ὑπέμειναν
3608 1935 3622 1948 ·
3644 1919 3749 1971 πάι

475 2028 671 2068 omnes
705 2019 762 2067 et
793 2011 1118 2080 omnigenas
1149 2023 1438 2077 poenarum
1472 2009 1689 2078 species
1720 2023 1829 2063 non
1862 2010 2059 2075 semel,

474 2106 572 2161 sed
609 2104 783 2174 aliqui
831 2104 998 2157 etiam
1046 2102 1136 2156 bis
1168 2102 1540 2172 pertulerunt.
1577 2101 1647 2156 Et
1690 2117 1856 2156 omne
1888 2117 2063 2173 genus

475 2192 777 2262 minarum,
827 2211 955 2250 cum
1008 2194 1236 2264 quidem
1292 2194 1564 2248 militares
1614 2195 1883 2249 satellites
1934 2208 2060 2249 cum

474 2290 586 2344 illis
634 2289 927 2342 ambitiosa
981 2285 1274 2340 ferocitate
1325 2286 1753 2353 contendentes,
1801 2300 1895 2340 eas
1949 2300 2060 2340 non

472 2382 660 2438 verbis
717 2380 906 2445 modo,
968 2380 1066 2433 sed
1120 2379 1288 2432 etiam
1348 2377 1511 2432 factis
1573 2380 1937 2444 intentarent,
1992 2377 2062 2433 de

472 2479 742 2541 concepta
803 2485 900 2525 eos
954 2470 1233 2524 sententia
1282 2469 1513 2523 minime
1565 2469 1877 2531 deterruit,
1934 2485 2063 2539 pro-

472 2576 668 2637 pterea
727 2563 874 2634 quod
910 2563 1153 2618 charitas
1207 2564 1445 2631 perfecta
1507 2561 1758 2616 titnorem
1808 2562 2058 2632 ejiceret.

470 2658 718 2724 Quorum
755 2656 1040 2722 virtutem,
1074 2665 1130 2709 et
1162 2653 1217 2708 in
1255 2654 1600 2708 cruciatibus
1630 2654 1892 2708 omnibus
1920 2668 2060 2709 con—

470 2748 757 2810 stantiam,
804 2760 1056 2816 quwnam
1111 2744 1293 2799 valeat
1342 2759 1780 2798 commemorare
1833 2744 2060 2798 oratio?

471 2841 759 2910 Siquidem
814 2840 1073 2891 omnibus
1125 2838 1219 2906 qui
1274 2850 1372 2890 eos
1422 2836 1692 2890 conviciis
1724 2835 2058 2906 injuriisque

471 2926 689 2981 ailieere
736 2925 963 2988 vellent,
1001 2934 1279 2995 potestate
1311 2925 1605 2993 permissa,
1635 2924 1860 2994 quidam
1893 2926 2060 2979 fusti-

467 3018 575 3075 bus
607 3018 1079 3081 verberabantur,
1113 3018 1282 3085 aliqui
1319 3016 1513 3085 virgis,
1569 3016 1822 3070 nonnulli
1867 3015 2055 3086 ﬂagel-

465 3109 555 3175 lis,
585 3108 676 3163 alii
711 3108 866 3171 loris,
894 3107 983 3160 alii
1022 3121 1240 3160 rursum
1270 3104 1518 3159 funibus.
1552 3098 1619 3158 Et
1653 3113 2054 3161 tormentorum

465 3200 683 3257 varium
717 3196 1092 3268 spectaculum
1126 3198 1429 3266 plurimum
1466 3197 1676 3251 laboris
1705 3208 1759 3252 et
1794 3213 2056 3253 aerumna:

468 3292 687 3348 habuit.
720 3291 785 3345 lli
838 3304 1075 3357 namque
1126 3290 1382 3347 manibus
1427 3298 1553 3359 post
1598 3299 1747 3361 terga
1792 3289 1977 3361 ligatis
2019 3304 2051 3345 e
2082 3281 2129 3335 Ο

468 3384 622 3454 ligno
683 3381 1211 3451 suspendebantur,
1269 3394 1324 3436 et
1381 3381 1656 3437 machinis
1715 3382 2049 3452 quibusdam

470 3475 720 3530 membra
754 3488 950 3528 eorum
985 3472 1172 3526 omnia
1210 3471 1668 3528 distrahebantur
1707 3490 1723 3529 :
1755 3473 1960 3528 deinde
1992 3474 2050 3529 in

468 3582 705 3638 corpora
752 3565 821 3620 ad
878 3564 1028 3619 hunc
1075 3563 1304 3619 modum
1354 3565 1594 3620 distenta
1646 3567 1935 3624 carniﬁces
1981 3582 2049 3622 ex

458 3660 669 3733 judicis
717 3658 1039 3729 praescripto
1090 3666 1255 3725 atque
1304 3656 1584 3722 mandato,
1629 3672 1737 3712 non
1781 3659 2052 3728 quemad-

465 3755 691 3809 modum
741 3751 1008 3806 adversus
1051 3748 1362 3805 homicidas
1413 3750 1533 3805 ﬁeri
1568 3750 1732 3816 solet,
1779 3751 1834 3805 in
1870 3751 2048 3806 latera

462 3848 668 3913 solum,
715 3847 812 3902 sed
848 3845 1014 3901 etiam
1062 3845 1118 3898 in
1154 3852 1405 3900 ventrem
1440 3844 1645 3915 ipsum,
1694 3845 1752 3900 in
1800 3861 1959 3900 suras
1988 3854 2047 3901 et

462 3938 715 3992 maxillas
749 3943 1025 3991 tormenta
1064 3934 1217 3989 varie
1267 3942 1322 3988 et
1362 3934 1664 4005 crudeliter
1693 3933 2042 4003 ingerebant.

458 4031 545 4087 Illi
576 4046 709 4085 vero
737 4044 807 4083 ex
838 4028 1052 4083 fornice
1082 4042 1249 4081 manu
1293 4042 1403 4081 una
1447 4026 1656 4097 alligati
1702 4026 2041 4098 pendebant,

456 4121 664 4192 quibus
712 4119 967 4174 cruciatu
1020 4119 1172 4173 omni
1228 4118 1451 4189 gravior
1499 4127 1621 4173 erat
1676 4119 2038 4174 articulorum

459 4213 949 4281 membrorumque
998 4211 1246 4267 omnium
1282 4212 1580 4267 dislensio.
1613 4213 1723 4267 Alii
1769 4227 1938 4282 porro
1971 4211 2038 4266 ad

457 4308 772 4371 columnas,
810 4306 968 4360 vultu
1020 4302 1224 4358 ad'eas
1267 4318 1453 4370 verso,
1499 4304 1575 4359 ita
1616 4305 1824 4376 alligati
1860 4315 2042 4372 erant,

459 4409 520 4455 ut
548 4399 782 4468 pedibus
815 4413 923 4452 non
960 4397 1306 4452 insisterent.
1339 4396 1497 4453 Unde
1529 4396 1716 4463 ﬁebat,
1755 4408 1815 4452 ut
1844 4413 2055 4468 corpo-

459 4507 584 4545 rum
630 4490 771 4544 mole
803 4489 1060 4543 deorsum
1098 4484 1381 4557 vergente,
1415 4489 1635 4544 vincula
1662 4505 1886 4561 quoque
1919 4492 2040 4560 ipsa

2171 2037 2272 2082 σας
2305 2018 2361 2073 δὲ
2397 2018 2654 2085 ἀπειλὰς,
2688 2016 2748 2070 οὐ
2784 2016 2988 2084 λόγοις,
3022 2014 3159 2069 ἀλλά
3192 2015 3285 2066 καὶ
3314 2013 3496 2082 ἔργοις
3529 2010 3635 2064 τῶν
3660 2011 3746 2064 δοο

2171 2092 2425 2180 ρυφόρῶν
2466 2106 2589 2162 κατ’
2635 2107 2833 2160 αὐτῶν·
2855 2104 3349 2176 φιλοτιμουμένων,
3382 2103 3480 2155 οὐκ
3515 2100 3740 2155 ἐνεδίδου

2165 2200 2267 2271 τὴν
2294 2197 2543 2269 γνώμην,
2574 2198 2662 2252 διὰ
2691 2198 2749 2252 τὸ
2775 2197 2874 2268 τὴν
2897 2197 3112 2249 τελείαν
3141 2196 3365 2267 ἀγάπην
3398 2193 3502 2257 ἔξω
3530 2192 3741 2262 βάλλειν

2166 2292 2260 2345 τὸν
2288 2292 2473 2362 φόϐον.
2504 2285 2607 2346 Ὧν
2654 2292 2976 2359 καταλέγειν
3007 2292 3106 2362 τὴν
3136 2289 3339 2361 ἀρετὴν
3380 2287 3475 2342 καὶ
3519 2290 3614 2354 τὴν
3657 2283 3740 2354 ἐφ’

2135 2385 2383 2452 -ἐκάστῳ
2414 2384 2633 2455 βασάνῳ
2664 2384 2889 2453 ἀνδρίαν
2924 2383 3009 2446 τίς
3043 2382 3110 2436 ἂν
3146 2382 3373 2453 ἀρκέσοι
3401 2380 3588 2449 λόγος;
3623 2378 3743 2435 Ἀν-

2165 2477 2336 2539 έσεως
2364 2464 2473 2545 γὰρ
2501 2474 2666 2543 οὔσης
2694 2474 2867 2529 ἅπασι
2895 2476 3010 2537 τοῖς
3043 2472 3390 2544 βουλομένοις
3414 2470 3737 2541 ἐνυϐρίζειν,

2164 2568 2214 2620 οἱ
2244 2568 2341 2638 μὲν
2377 2565 2553 2631 ξύλοις
2588 2566 2800 2630 ἔπαιον,
2839 2567 2888 2618 οἱ
2911 2565 2968 2618 δὲ
3004 2564 3224 2634 ῥάϐδοις
3246 2603 3259 2628 ,
3286 2563 3439 2619 ἄλλοι
3464 2562 3520 2615 δέ
3548 2564 3738 2630 μάστι-

2164 2660 2269 2726 ξιν,
2300 2660 2475 2732 ἕτεροι
2508 2659 2565 2713 δὲ
2605 2659 2766 2714 πάλιν
2802 2660 3012 2729 ἱμᾶσιν,
3057 2656 3206 2711 ἄλλοι
3242 2656 3298 2708 δὲ
3329 2656 3600 2724 σχοινίοις.
3629 2651 3736 2705 Καὶ

2162 2749 2230 2824 ἦν
2274 2756 2306 2823 ἡ
2351 2754 2449 2807 θέα
2487 2752 2594 2806 τῶν
2634 2752 2913 2821 αἰκισμῶν
2962 2746 3343 2819 ὲνηλλαγμένη
3399 2746 3495 2799 καὶ
3541 2742 3733 2813 πολλὴν

2164 2847 2369 2900 κακίαν
2404 2846 2606 2916 έχουσα
2633 2863 2644 2873 ·
2688 2847 2737 2897 οἱ
2778 2844 2879 2914 μὲν
2908 2844 3017 2914 γὰρ
3053 2843 3228 2896 ὀπίσω
3264 2840 3341 2894 τὼ
3380 2841 3528 2910 χεῖρε
3558 2835 3733 2890 δεθέν-

2160 2954 2273 3003 τες,
2307 2936 2439 3005 περὶ
2469 2935 2547 3004 τῷ
2601 2933 2743 3005 ξύλῳ
2793 2933 3112 3003 ἐξήρτηντο,
3147 2931 3243 2984 καὶ
3287 2930 3587 3000 μαγγάνοις
3622 2923 3733 2978 τισὶ

2160 3028 2429 3083 διέτειναν
2454 3030 2564 3082 πᾶν
2599 3029 2761 3099 μέλος
2786 3046 2798 3059 ·
2833 3025 2935 3081 εἷθ’
2960 3025 3135 3089 οὕτως
3161 3024 3251 3078 διὰ
3281 3023 3481 3084 παντὸς
3511 3018 3603 3074 τοῦ
3632 3018 3733 3072 σώ-

2166 3140 2335 3194 ματος
2369 3123 2572 3192 ἐπῆγον
2609 3125 2671 3176 ἐκ
2699 3121 3000 3182 κελεύσεως
3020 3121 3069 3172 οί
3099 3115 3447 3189 βασανισταὶ,
3478 3114 3538 3166 οὐ
3569 3111 3735 3166 καθά-ι

2162 3234 2270 3289 περ
2299 3218 2412 3278 τοῖς
2445 3216 2703 3286 φονεῦσιν
2729 3216 2822 3268 ἐπὶ
2853 3215 2963 3268 τῶν
2987 3213 3238 3284 πλευρῶν
3276 3210 3457 3282 μόνον,
3482 3207 3615 3264 ἀλλὰ
3642 3204 3736 3262 καὶ

2158 3311 2255 3380 τῆς
2275 3309 2508 3382 γαστρὸς
2529 3311 2626 3363 καὶ
2646 3308 2756 3363 τῶν
2781 3325 2882 3378 κνη
2892 3307 3008 3377 μῶν
3031 3309 3128 3360 καὶ
3154 3304 3399 3376 παρειῶν
3426 3303 3535 3365 τοῖς
3563 3303 3734 3364 ἀιιυν⁴

2161 3401 2370 3471 τηρίοις
2398 3401 2498 3462 τὰς
2528 3399 3022 3469 κολάσεις.”Ετεροι
3051 3396 3128 3461 δὲ,
3160 3396 3270 3449 ἀπὸ
3301 3396 3399 3465 τῆς
3423 3395 3577 3455 στοᾶς
3602 3391 3735 3461 μιᾶς

2159 3495 2347 3564 χειρὸς
2380 3494 2760 3564 ἐξηρτημένοι,
2798 3491 3066 3566 ᾐώρηντο,
3103 3491 3286 3563 πάσης
3311 3486 3601 3560 ἀλγηδόνος
3621 3486 3734 3541 δει-

2160 3592 2390 3659 νοτέραν
2415 3587 2514 3659 τὴν
2545 3588 2655 3640 ἀπὸ
2676 3586 2786 3640 τῶν
2808 3586 3031 3657 ἄρθρων
3059 3586 3155 3639 καὶ
3191 3584 3370 3655 μελῶν
3404 3583 3559 3637 τάσιν
3586 3581 3737 3652 ἔχον-

2157 3681 2465 3743 τε;.”Αλλοι
2499 3681 2557 3734 δὲ
2580 3680 2687 3751 πρὸ
2711 3683 2825 3742 τοῖς
2852 3681 3028 3733 κίοσιν
3059 3677 3476 3748 ἀντιπρόσωποι
3497 3674 3733 3740 ἐδοῢντο,

2159 3772 2222 3825 οὐ
2258 3770 2554 3841 βεϐηκότες
2598 3771 2711 3834 τοῖς
2749 3771 2901 3833 ποσὶ,
2951 3766 3031 3838 τῷ
3058 3767 3115 3821 δὲ
3152 3766 3310 3839 βάρει
3338 3765 3431 3818 τοῦ
3485 3763 3734 3833 σώματος

2157 3864 2520 3934 βιαζομένων,
2551 3863 2689 3933 μετά
2719 3862 2933 3925 τάσεως
2957 3857 3333 3929 ἀνελκομένων
3360 3857 3470 3911 τῶν
3494 3854 3731 3925 δεσμῶν.

2160 3954 2272 4006 Καὶ
2307 3953 2455 4006 τοῦθ’
2496 3953 2791 4022 ὑπέμενον,
2829 3950 2932 4004 οὐκ
2970 3950 3056 4020 ἐφ’
3098 3949 3222 4002 ὅσον
3250 3946 3728 4019 προσδιελέγοντο,

2154 4046 2265 4100 οὐδ’
2293 4046 2478 4108 αὐτοῖς
2512 4038 2806 4114 ἐσχόλαζεν
2837 4045 2865 4097 ό
2903 4039 3149 4112 ἡγεμὼν,
3183 4040 3316 4094 ἀλλὰ
3352 4037 3631 4110 μονονουχὶ
3661 4032 3729 4089 δι’

2151 4118 2284 4209 ὅλης
2308 4140 2409 4208 τῆς
2433 4138 2668 4210 ἡμέρας.
2699 4137 2828 4190 Ὅτε
2848 4135 2957 4205 γάρ
2982 4135 3079 4188 καὶ
3103 4130 3187 4203 ἐφ’
3222 4133 3443 4203 ἑτέρους
3470 4129 3726 4194 διέϐαινε,

2158 4232 2268 4293 ταῖς
2308 4230 2597 4300 προτέροις
2632 4226 3011 4296 κατελίμπανε
3050 4224 3176 4287 τοὺς
3221 4226 3287 4293 τῇ
3319 4222 3538 4295 ἐξουσίᾳ
3561 4222 3725 4277 αὐτοῦ

2156 4318 2663 4391 ὁπηρετουμένους,
2704 4316 2862 4370 είπου
2892 4334 2973 4379 τις
3022 4315 3276 4387 ἡττηθεὶς
3305 4314 3415 4367 τῶν
3455 4313 3723 4384 βασάνων,

2149 4413 2416 4465 ἐνδιδόναι
2444 4410 2620 4462 ἐδόκει
2639 4424 2654 4441 ο
2715 4407 2947 4476 ἀφειδῶς
2994 4407 3049 4460 δὲ
3086 4405 3327 4461 κελεύων
3351 4406 3442 4457 καὶ
3472 4406 3582 4468 τοῖς
3609 4404 3722 4458 δεσ-

2150 4506 2274 4575 μοῖς
2301 4503 2603 4570 προσιέναι·
2631 4502 2724 4553 καὶ
2752 4500 2894 4570 μετὰ
2912 4499 3106 4564 ταῦτα,
3130 4499 3612 4573 ψυχορραγοῦντας
3636 4500 3730 4551 αὑ-

462 4583 634 4652 magis
662 4581 1196 4651 constringerentur,
1220 4580 1638 4652 gravioremque
1657 4582 1765 4638 illis
1787 4583 2047 4637 aﬂerrent

2159 4596 2298 4658 τοὺς,
2324 4586 2790 4661 κατατιθεμένους
2814 4596 2894 4655 εἰς
2926 4592 3024 4661 τὴν
3054 4592 3180 4660 γῆν,
3213 4591 3492 4645 ἕλκεσθαι.
3528 4591 3599 4644 Οὐ
3617 4592 3725 4659 γὰρ

458 4676 731 4726 dolorem.
772 4675 950 4741 Atque
984 4673 1099 4726 haec
1127 4688 1238 4727 non
1272 4684 1514 4740 tantum,
1544 4691 1667 4729 cum
1705 4676 1875 4730 verba
1913 4690 2038 4730 cum

455 4767 538 4820 eis
585 4766 991 4832 conforrentur,
1039 4776 1134 4819 aut
1188 4783 1392 4835 praeses
1445 4768 1581 4838 ipsis
1631 4770 1891 4836 instaret,
1940 4769 2037 4826 sed

456 4869 672 4913 tantum
711 4875 817 4911 non
852 4859 1046 4912 diebus
1073 4859 1298 4928 integris
1322 4861 1693 4915 sustinebant.
1724 4861 1861 4915 Cum
1890 4865 2038 4915 enim

461 4952 551 5004 itle
586 4953 650 5003 ad
689 4951 827 5003 alios
860 4951 1315 5019 progrederetur,
1353 4953 1498 5021 apud
1535 4954 1752 5022 priores
1781 4968 2039 5023 cumpo-

459 5054 657 5097 testatc
703 5058 799 5096 sua
833 5048 974 5095 alios
1011 5044 1387 5112 relinquebat,
1422 5047 1517 5114 qui
1551 5046 1633 5099 eis
1669 5045 1845 5100 vicem
1879 5061 2037 5101 suam

456 5138 741 5197 adessent,
778 5134 955 5188 sicubi
1004 5136 1209 5205 aliquis
1249 5137 1545 5191 tormentis
1581 5138 1754 5195 victus
1799 5140 1868 5194 de
1915 5157 2038 5196 sen-

461 5230 632 5281 tentia
683 5227 950 5281 decedere
1004 5228 1313 5282 videretur.
1370 5228 1611 5284 Jubebat
1666 5232 1761 5287 ille
1812 5248 2038 5302 quoque

457 5322 694 5374 vinculis
722 5336 817 5374 eos
847 5322 1051 5374 acriter
1082 5325 1483 5391 constringere,
1520 5339 1583 5378 ac
1610 5325 1813 5381 deinde
1850 5330 2035 5380 anima

456 5414 726 5478 delectos,
774 5423 939 5483 atque
978 5414 1032 5466 in
1070 5422 1273 5468 terram
1313 5416 1608 5483 repositos,
1654 5417 1788 5473 hinc
1814 5428 1873 5472 et
1909 5419 2036 5473 inde

458 5508 701 5560 trahere.
732 5504 923 5574 Neque
949 5508 1099 5560 enim
1129 5506 1197 5559 de
1232 5508 1392 5561 llOblS
1429 5516 1512 5562 vel
1545 5511 1777 5564 minima
1814 5526 1949 5566 cura
1980 5513 2034 5565 in

453 5612 647 5651 eorum
684 5598 885 5651 animis
915 5598 1122 5651 resedit
1162 5615 1174 5651 :
1209 5599 1303 5652 sed
1346 5615 1411 5654 ea
1448 5611 1725 5657 tormenta
1753 5605 2038 5674 excogita-

455 5700 585 5743 ruut
610 5700 665 5743 et
695 5686 1096 5755 adhibuerunt,
1135 5701 1193 5744 ut
1227 5708 1577 5761 nequaquam
1615 5695 1732 5751 haec
1762 5697 2035 5753 secundas

455 5782 664 5835 ferrent
706 5792 925 5857 partes,
981 5799 1093 5853 pra:
1134 5784 1217 5837 eis
1274 5801 1395 5853 qua:
1451 5787 1753 5857 aliquando
1808 5791 2036 5859 quidam

458 5875 840 5930 crudelissima
862 5877 1127 5932 adn-reus
1160 5880 1348 5934 hostcs
1380 5881 1749 5938 invenissent.
1786 5884 2033 5939 Fuerunt

2149 4685 2291 4741 εἶναι
2341 4687 2445 4741 κᾶν
2482 4687 2652 4756 μέρος
2688 4685 2946 4755 φροντίδα
2997 4685 3180 4746 αὐτοῖς
3209 4683 3339 4753 περὶ
3362 4684 3522 4753 ἡμῶν
3545 4698 3561 4715 ⁶
3611 4677 3725 4737 ἀλλ’

2148 4781 2291 4835 οὕτω
2339 4782 2434 4834 καὶ
2466 4779 2802 4832 διανοεῖσθαι
2835 4778 2929 4832 καὶ
2961 4776 3245 4848 πράττειν,
3288 4770 3365 4839 ὡς
3401 4776 3596 4846 μηκέτ’
3635 4775 3723 4830 όν-

2147 4889 2257 4927 των
2282 4873 2491 4941 ταύτην
2520 4873 2784 4939 δευτέραν
2821 4871 3055 4940 βάσανον
3082 4869 3178 4922 ἐπὶ
3206 4870 3322 4931 ταῖς
3359 4868 3593 4939 πληγαῖς
3618 4868 3725 4920 τῶν

2151 4964 2490 5019 ὑπεναντίων
2521 4964 2883 5033 ἐφευρόντων.
2924 4954 3104 5015 *Ησαν
3143 4963 3200 5015 δὲ
3228 4960 3278 5015 οἳ
3306 4964 3398 5015 καὶ
3429 4962 3568 5031 μετὰ
3599 4964 3722 5022 τοὺς

2149 5059 2442 5126 αἰκισμοὺς
2477 5057 2565 5109 ἐπὶ
2603 5056 2697 5109 τοῦ
2728 5055 2887 5122 ξύλου
2914 5054 3161 5123 κείμενοι
3192 5054 3279 5107 διὰ
3307 5054 3416 5108 τῶν
3446 5055 3722 5124 τεσσάρων

2148 5147 2296 5200 ὀπῶν
2363 5148 2816 5217 ἀντιτεταγμένοι
2869 5148 3038 5215 ἄμφω
3089 5146 3167 5214 τῷ
3223 5142 3394 5207 πόδε,
3459 5146 3534 5207 ὡς
3586 5142 3723 5195 κατά

2148 5240 2396 5309 ἀνάγκην
2430 5239 2627 5300 αὐτοὺς
2656 5242 2749 5292 ἐπὶ
2777 5239 2870 5291 τοῦ
2895 5236 2981 5303 ξύ)
2994 5255 3055 5290 ου
3089 5236 3311 5298 ὑπτίους
3334 5231 3498 5300 εἶναι,
3532 5233 3605 5306 μὴ
3631 5235 3722 5286 δυ-

2148 5335 2413 5402 ναμένους
2443 5333 2530 5384 δια
2568 5333 2628 5385 τὸ
2661 5332 2854 5385 ἕνουλα
2883 5335 2951 5384 τὰ
2978 5328 3276 5401 τραύματα
3310 5328 3415 5381 ἀπὸ
3448 5327 3556 5379 τῶν
3591 5326 3727 5393 πλη-

2148 5426 2261 5491 γῶν
2313 5423 2436 5477 καθ’
2486 5424 2610 5476 ὅλου
2655 5422 2749 5475 τοῦ
2800 5421 3055 5490 σώματος
3098 5421 3266 5490 ἔχειν.
3297 5419 3514 5488 Ἕτεροι
3560 5416 3615 5470 δὲ
3645 5419 3724 5478 εἰς

2146 5516 2411 5584 τοῦδαφος
2441 5518 2715 5588 ῥιφέντες,
2746 5514 2956 5567 ἔκειντο
2987 5513 3093 5565 ὑπὸ
3119 5516 3218 5582 τῆς
3251 5511 3502 5582 βασάνων
3526 5509 3725 5579 ἁθρόας

2096 5670 2101 5673 δ
2150 5610 2482 5680 προσϐολῆς,
2531 5609 2841 5676 δεινοτέραν
2872 5606 2970 5677 τὴν
3000 5607 3122 5675 δψιν
3154 5605 3256 5674 τῆς
3297 5605 3578 5672 ἐνεργείας
3612 5602 3724 5662 τοῖς

2146 5703 2318 5771 ὁρῶσι
2368 5704 2726 5771 παρέχοντες,
2775 5700 3025 5761 ποικίλας
3078 5699 3171 5751 καί
3205 5698 3494 5768 διαφόρους
3528 5697 3585 5747 ἐν
3612 5694 3722 5755 τοῖς

2150 5792 2368 5861 σώμασι
2398 5793 2653 5860 φέροντες
2671 5793 2769 5853 τὰς
2793 5792 2901 5843 τῶν
2933 5790 3181 5861 βασάνων
3210 5790 3481 5851 ἐπινοίας.
3509 5785 3722 5838 Τούτων

2147 5885 2318 5946 οὓτως
2360 5886 2615 5953 ἐχόντων,
2648 5883 2824 5951 οίιμὲν
2857 5883 3276 5951 ἐναπέθνησκον
3300 5884 3419 5943 ταῖς
3468 5877 3719 5949 βασάνοις
