4052 6434
374 410 515 471 1225

1292 407 1898 469 ECCLESlASTlC/E
1940 405 2327 465 HISTORIA;
2358 407 2503 469 [ΑΒ.
2541 405 2670 467 VII.

3484 408 3620 472 1226

372 501 439 566 τῇ
482 496 746 566 καρτερίᾳ
781 494 1237 566 καταισχύναντες
1279 500 1373 551 τὸν
1402 498 1701 552 ἀντίπαλον
1729 513 1749 527 ·
1800 498 1851 548 οἰ
1888 496 1945 548 δὲ

2052 497 2142 565 qui
2173 506 2297 565 post
2324 498 2604 552 cruciatus
2639 498 2691 550 in
2729 507 2934 553 catasta
2964 513 3059 567 per
3082 512 3319 569 quatitur
3351 502 3621 574 foramina

367 585 663 656 ἡμιθνῆτες
700 588 757 639 ὲν
799 586 878 656 τῷ
908 586 1267 663 δετμωτηρίῳ
1335 588 1777 658 συγκλειόμενοι.
1818 587 1940 654 μετ’

369 681 430 732 οὐ
464 677 663 741 πολλὰς
710 679 923 748 ἡμέρας
953 682 1073 741 ταῖς
1122 679 1383 749 ἀλγηδόσι
1427 682 1796 757 συνεχόμενοι,
1832 681 1948 731 ἐτεσ-

370 771 633 825 λειοῦντο.
659 769 721 824 Οἱ
751 773 807 824 δὲ
840 772 1158 842 λοιποὶ,τῆς
1193 772 1302 826 άπὸ
1334 772 1431 840 τῆς
1464 774 1821 842 άνακτήσεως
1858 774 1945 823 θες

371 862 606 930 ραπείας
636 865 906 933 τυχόντες,
929 863 1005 933 τῷ
1024 866 1202 936 χρόνῳ
1230 865 1324 919 καὶ
1346 867 1411 934 τῇ
1437 863 1537 932 τῆς
1559 863 1807 934 φυλακῆς
1831 860 1945 915 διας

367 950 555 1023 τριϐῇ,
599 951 1032 1023 θαρσαλεώτεροι
1079 954 1350 1021 ἐγένοντο.
1404 951 1563 1005 Οὕτω
1608 950 1741 1019 γοῦν
1776 951 1947 1020 ἡνίκα

372 1045 782 1114 προσετέτακτο
813 1047 1077 1116 αἱρέσεως
1105 1048 1388 1116 κειμένης,
1417 1046 1449 1115 ἢ
1477 1044 1828 1114 ἐφαψάμενον
1849 1048 1948 1113 τῆς

370 1133 598 1202 ἐναγοῦς
639 1135 829 1198 θυσίας
864 1135 1220 1205 ἁνενόχλητον
1253 1131 1401 1188 εἶναι
1428 1175 1444 1200 ,
1474 1136 1573 1204 τῆς
1607 1134 1738 1203 παρ’
1783 1133 1949 1186 αὐτοῦ

372 1224 685 1295 ἐλευθερίας
733 1226 860 1296 παρ’
892 1225 1072 1280 αὐτῶν
1103 1228 1360 1296 τυχόντα,
1396 1227 1428 1297 ἦ
1482 1229 1557 1297 μὴ
1596 1226 1814 1289 θύοντα,
1852 1223 1948 1297 τὴν

276 1349 291 1369 .
372 1321 469 1372 ἐπὶ
519 1321 741 1391 Θανάτῳ
794 1324 954 1395 δίκην
1006 1324 1362 1395 ἐκδέχεσθαι,
1415 1322 1537 1375 οὐδὲ
1589 1323 1948 1393 μελήσαντες.

373 1414 623 1481 ἀσμένως
672 1415 762 1467 ἐπὶ
784 1414 874 1468 τὸν
922 1416 1153 1469 θάνατον
1183 1415 1696 1486 ἐχώρουν.’ῌδεσαν
1731 1413 1855 1483 γὰρ·
1883 1416 1953 1468 τὰ

372 1508 481 1559 ἀπὸ
509 1506 619 1562 τῶν
663 1508 824 1579 ἱερῶν
855 1512 987 1579 ἡμῖν
1019 1509 1251 1577 Γραφῶν
1284 1507 1701 1578 πριιορισθέντα.
1746 1505 1809 1559 ’0
1844 1508 1951 1579 γὰρ

374 1599 692 1668 θυσιάζων,
721 1604 871 1673 φησι,
897 1603 1054 1668 θεοῖς
1079 1603 1297 1670 ἑτέροις
1332 1600 1909 1669 ἐξολοθρευθήσεται
1936 1618 1949 1631 ·

2047 589 2282 659 pedibus
2330 576 2579 656 utrisque
2609 589 3101 655 distenderentur,
3136 591 3298 664 552
3339 604 3396 648 et
3435 608 3622 651 neces-

2048 685 2196 739 sario
2233 681 2417 749 supini
2463 681 2648 750 jacere
2688 681 2741 733 in
2778 690 3003 736 catastae
3037 683 3183 751 ligno
3227 695 3558 751 cogerentur
3591 704 3605 738 :

2049 792 2173 829 cum
2202 784 2316 827 toto
2339 788 2572 841 corpore
2604 790 2631 825 a
2660 782 2739 824 tot
2770 774 2941 842 plagis
2972 775 3211 826 recentia
3241 775 3424 830 adhuc
3449 777 3617 828 habe-

2051 876 2173 920 rent
2204 873 2261 920 et
2298 866 2492 918 intima
2531 866 2785 928 vulnera,
2818 880 2918 919 nec
2951 867 3260 918 substratas
3307 866 3411 918 sibi
3455 875 3624 920 testas

2051 961 2198 1015 ferre
2230 968 2474 1027 possent.
2501 959 2606 1013 Alii
2636 974 2765 1011 vero
2796 959 2851 1010 in
2881 958 3057 1011 solum
3089 957 3157 1010 ab
3184 959 3369 1010 utnnis
3402 958 3623 1024 generis

2052 1060 2453 1106 tormentorum
2494 1052 2544 1104 vi
2582 1049 2837 1120 proiecti,
2868 1050 3157 1117 iacebant,
3191 1049 3624 1117 graviurcmque

2049 1144 2218 1198 etiam
2245 1142 2588 1199 cruciatibus
2624 1143 2760 1211 ipsis
2789 1141 3172 1211 spectantibus
3199 1142 3439 1210 speciem
3484 1153 3626 1209 pra-

2052 1235 2295 1301 bcbant,
2350 1235 2500 1289 varia
2565 1235 2772 1305 quippe
2831 1243 2889 1288 et
2948 1233 3276 1302 multiplicia
3333 1244 3624 1302 partarum

2052 1342 2251 1396 genera
2286 1326 2618 1395 corporibus
2647 1342 2757 1394 prae
2786 1308 3139 1379 seferentes.
3173 1325 3239 1379 Et
3268 1339 3395 1379 cum
3429 1325 3628 1379 crude-

2053 1417 2181 1470 litas
2214 1414 2330 1483 ipsa
2378 1416 2447 1470 ad
2481 1416 2630 1469 hunc
2675 1415 2900 1469 modum
2939 1416 3178 1476 saeviret,
3221 1413 3446 1483 quidam
3477 1414 3627 1468 inter

2056 1507 2173 1575 ipsa
2205 1514 2480 1560 tormenta
2513 1506 2875 1569 decedebant,
2928 1505 3233 1561 constantia
3279 1520 3380 1560 sua
3431 1506 3629 1560 adver-

2053 1599 2213 1654 sariis
2241 1599 2507 1669 pudorem
2543 1600 2878 1655 incutientes
2909 1619 2921 1653 :
2971 1601 3199 1669 quidam
3230 1600 3537 1659 semineces
3567 1600 3625 1653 in

373 1694 465 1745 καὶ
494 1695 577 1747 ὅτι
605 1697 727 1748 οὐκ
742 1696 991 1749 ἔσονταί
1024 1709 1124 1748 σοι
1148 1694 1267 1751 θεοὶ
1306 1694 1498 1761 ἕτεροι
1526 1694 1697 1762 πλὴν
1733 1694 1899 1763 ἐμοῦ.
1929 1711 1947 1743 ι

2054 1706 2274 1748 carcere
2314 1692 2536 1751 inclusi.
2586 1703 2710 1760 post
2755 1693 2877 1751 dies
2926 1707 3135 1762 paucos
3176 1692 3466 1747 doloribus
3495 1706 3628 1746 eon-

373 1784 613 1839 Τοιαῦτα
653 1786 874 1851 Φιλαίας
908 1791 936 1841 ό
974 1788 1070 1857 οὐχ
1103 1782 1264 1860 ἧττον
1299 1784 1546 1854 φιλόθεος
1585 1785 1618 1854 ἢ
1667 1784 1948 1853 φιλόσοφος

2055 1784 2244 1839 stricti
2283 1785 2722 1838 cmoriebantnr.
2770 1784 3027 1838 Nonnulli
3072 1799 3206 1839 vero
3254 1800 3284 1838 a
3336 1785 3629 1839 tormentis

375 1878 727 1950 παρατίθησι,
753 1846 1188 1951 τῆςγθεοσεξείας
1218 1846 1386 1949 ἀπρὶξ
1413 1846 1714 1948 παρορμῶν
1743 1877 1844 1947 τὴν
1865 1846 1948 1929 θπ³

2062 1862 2413 1929 medicorum
2434 1890 2566 1929 cura
2602 1876 2880 1939 restituti,
2915 1876 3237 1946 diutiusque
3270 1877 3324 1930 in
3355 1876 3628 1932 custodiis

372 1971 536 2024 αὐτὸν
554 1977 865 2044 παροικίαν.

2062 1965 2309 2026 detenti,
2362 1965 2726 2021 animosior-es
2776 1966 2942 2020 etiam
2998 1967 3225 2023 ﬁebant.
3262 1968 3454 2038 Itaque
3496 1981 3627 2022 cum

379 2066 708 2135 imperatum
757 2081 935 2134 esset.
981 2071 1203 2142 optione
1242 2070 1547 2142 proposita,
1595 2079 1655 2123 ut
1694 2068 1777 2121 vel
1841 2067 2113 2121 contactis
2177 2064 2314 2118 diris
2378 2063 2486 2117 illis
2525 2062 2815 2118 sacriﬁciis
2841 2064 3090 2119 molestia
3123 2065 3274 2119 omni
3343 2056 3625 2128 carerent,

378 2162 810 2236 libertatemque
883 2182 1046 2238 quam
1097 2183 1128 2221 a
1172 2168 1371 2237 scipsis
1416 2166 1716 2229 habebant,
1767 2164 1834 2218 ab
1877 2163 1987 2217 illis
2026 2170 2523 2229 consequerentur,
2568 2161 2651 2214 vel
2723 2161 2768 2214 si
2818 2175 2927 2213 non
2975 2160 3371 2226 sacrificarent,
3414 2163 3627 2232 capita-

373 2264 482 2320 :em
509 2260 839 2314 sententiam
873 2260 1241 2331 exciperent:
1319 2261 1396 2315 illi
1465 2262 1604 2315 nihil
1670 2260 1889 2322 morati,
1958 2258 2297 2327 perlibentes
2350 2256 2418 2310 ad
2469 2256 2804 2325 supplicium
2860 2256 3033 2311 ibant.
3083 2256 3343 2313 Sciebant
3396 2257 3630 2324 etenim,

373 2346 496 2417 quae
529 2354 691 2409 nobis
720 2356 774 2409 in
801 2356 1009 2410 divinis
1038 2356 1262 2413 Litteris
1289 2365 1418 2412 sunt
1451 2356 1731 2426 proposita
1767 2364 1930 2425 atque
1970 2354 2287 2424 praescripta
2358 2354 2614 2418 oracula;
2658 2367 2804 2417 nam,
2862 2351 2985 2418 Qui,
3016 2352 3219 2422 inquit,
3254 2354 3355 2407 diis
3383 2352 3505 2407 aliis
3529 2369 3626 2407 sa-

375 2449 606 2518 criﬁcat,
648 2454 1111 2508 exterminabitur.
1163 2454 1233 2510 Et
1277 2469 1501 2509 rursum
1559 2469 1573 2506 :
1625 2453 1745 2507 Non
1792 2460 1948 2505 erunt
1990 2450 2082 2504 tibi
2116 2450 2192 2502 dii
2256 2448 2352 2503 alii
2420 2456 2614 2519 praeter
2641 2466 2741 2502 me.
2793 2467 2811 2502 ›
2848 2449 2973 2505 Haec
3008 2449 3263 2516 Philteas,
3307 2465 3416 2503 non
3450 2450 3632 2504 minus

380 2544 479 2599 Dei
547 2562 710 2616 quam
759 2548 1048 2617 sapientiae
1123 2557 1359 2614 amator,
1406 2549 1487 2603 sic
1531 2556 1803 2611 recenset,
1849 2545 2141 2599 ecclesiam
2186 2559 2376 2611 suam,
2448 2552 2509 2597 nt
2552 2560 2738 2599 veram
2781 2546 3040 2614 pietatem
3086 2548 3433 2602 tenacissime
3501 2550 3635 2605 reti-

336 2638 346 2648 ’
378 2650 557 2709 neret,
587 2644 909 2701 cohortalis.

973 2762 1223 2817 ΚΕΦΑΛ.
1295 2765 1350 2817 l'.

377 2848 514 2917 Περὶ
558 2850 669 2920 τῆς
696 2851 766 2906 ἐν
789 2854 1013 2924 Φρυγίᾳ
1057 2856 1292 2920 πόλεως
1340 2854 1531 2924 ἄρδην
1563 2855 1946 2924 μαρτυρησά-

539 2939 659 2989 σης
680 2939 694 2954 ο
723 2923 980 2991 καὶπερὶ
1010 2924 1298 2979 Ἀδιιύκου
1329 2926 1437 2978 τοῦ
1453 2923 1772 2994 ιαὶρτυρος.

458 3033 618 3090 Ἀλλὰ
634 3038 691 3090 τί
707 3039 811 3108 χρὴ
827 3040 927 3101 τὰς
945 3039 1069 3093 καθ’
1087 3039 1317 3093 ἕκαστον
1335 3042 1439 3094 τῶν
1457 3041 1716 3108 θεοφιλῶν
1738 3042 1948 3113 μαρτῦ-

377 3141 484 3195 ρων
509 3129 894 3198 ἀνδραγαθίας,
914 3133 1006 3185 καὶ
1034 3133 1133 3195 τὰς
1165 3133 1669 3202 καινοτέραςαύτῶν
1694 3133 1951 3206 ὰθλήσείς

2670 2728 2895 2816 CAPUT
2948 2760 3012 2815 x.

2055 2851 2134 2906 De
2182 2852 2390 2908 civitate
2433 2852 2670 2924 quadam
2700 2852 2965 2924 Phrygiae,
2995 2870 3111 2923 qua:
3145 2861 3256 2907 tota
3311 2854 3630 2924 martyrium

2368 2924 2528 2976 subiit
2563 2937 2579 2974 :
2612 2933 2661 2975 et
2700 2924 2764 2975 de
2802 2924 3019 2976 Adauco
3052 2933 3306 2995 martyre.

2133 3034 2240 3091 Sed
2272 3034 2406 3105 quid
2459 3051 2601 3106 opus
2649 3046 2733 3092 est
2780 3038 3064 3107 sigillatim
3114 3039 3225 3094 Deo
3299 3039 3630 3096 dilecturmn

2061 3136 2365 3199 martyrum
2416 3128 2639 3185 fortiter
2671 3130 2814 3185 facta
2855 3140 2914 3186 et
2951 3147 3092 3187 nova
3138 3135 3468 3198 certamina,
3507 3151 3632 3205 qua:

393 3220 503 3273 τῶν
521 3222 665 3275 κατὰ
688 3224 869 3276 πᾶσαν
897 3224 1226 3296 οἰκουμένην
1254 3224 1636 3295 παρατιθέναι,
1656 3227 1776 3279 ἐνὸν
1788 3226 1948 3299 ἕτερα

2056 3234 2155 3290 per
2175 3221 2364 3275 orbem
2391 3235 2611 3276 omnem
2637 3223 2850 3293 obiere,
2880 3224 3104 3289 relerre,
3134 3240 3257 3278 cum
3290 3226 3395 3280 alia
3428 3227 3630 3283 aﬂ'erre

372 3308 578 3378 λέγειν,
614 3312 683 3365 δι’
721 3308 799 3367 ὧν
823 3315 888 3369 ἄν
917 3331 1003 3377 τις
1027 3317 1371 3389 παραστήσοι
1407 3314 1603 3369 θᾶττον
1624 3317 1725 3389 τήν
1753 3335 1812 3371 τε
1841 3319 1950 3372 τῶν

373 3405 655 3473 τυράννων
680 3407 993 3475 θηριωδίαν,
1016 3411 1109 3460 καὶ
1135 3408 1235 3476 τῆς
1263 3407 1400 3478 πρὸς
1437 3408 1676 3477 Χριστὸν
1711 3411 1950 3479 σχέσεως

371 3493 484 3550 τῶν
513 3498 838 3551 καλλινίκων
864 3492 1159 3568 μαρτύρων
1178 3498 1236 3552 τὸ
1256 3499 1586 3568 άδιήγητον;
1616 3499 1690 3551 Οὐ
1723 3500 1833 3569 γάρ
1854 3498 1949 3552 ἕνα

372 3589 470 3641 καὶ
508 3587 620 3654 δύο,
653 3590 695 3660 ἢ
720 3591 814 3642 καὶ
837 3590 977 3643 κατὰ
995 3591 1338 3659 συστήματα,
1359 3592 1495 3646 ἀλλὰ
1525 3590 1614 3642 καὶ
1639 3590 1797 3643 πόλιν
1824 3590 1950 3659 μίαν

373 3683 504 3752 περί
533 3698 640 3735 που
690 3685 788 3753 τὴν
830 3684 1093 3752 Φρυγίαν,
1120 3683 1438 3755 αὔτανδρον,
1483 3684 1698 3752 σύναμα
1736 3683 1950 3753 γυναιξὶ

373 3775 470 3828 καὶ
501 3775 713 3847 νηπίοις
733 3775 934 3846 ἁθρόαν
955 3780 1172 3831 ὁπλῖται
1210 3776 1616 3846 περιλαϐόντες,
1638 3778 1732 3829 καὶ
1764 3774 1950 3845 κύκλῳ

374 3865 487 3937 πῦρ
519 3866 857 3936 ὑφάψαντες,
901 3867 1077 3936 πυρὸς
1115 3868 1276 3937 ἔργον
1306 3868 1545 3921 ἐποίουν.
1578 3867 1867 3936 Ἐγκλημα
1904 3865 1949 3917 δ’

372 3954 441 4033 ἦν
470 3961 552 4014 ὅτι
584 3962 681 4013 καὶ
713 3960 1037 4030 στρατηγὸς
1061 3963 1158 4013 καὶ
1187 3961 1236 4012 οἱ
1289 3963 1347 4012 ὲν
1378 3960 1542 4025 τέλει,
1569 3960 1663 4012 καὶ
1704 3959 1822 4022 ὅλος
1855 3958 1949 4027 δῆ-

378 4068 499 4121 μος,
551 4051 789 4122 Χριστὸν
825 4051 1088 4116 ἐπεϐόων,
1124 4052 1216 4105 καὶ
1264 4053 1497 4120 πάμπαν
1524 4051 1771 4116 ἀπειθεῖς
1808 4046 1951 4123 ἦσαν

374 4144 490 4207 τοῖς
542 4143 977 4213 προστάττουσιν
1035 4144 1461 4214 είδωλολατρεῖν.
1517 4145 1628 4198 Καί
1674 4161 1761 4207 τις
1811 4144 1951 4215 ἀνὴρ

378 4234 649 4303 λ’Λδαυκος
674 4236 762 4290 διὰ
790 4239 970 4306 πάσης
1001 4235 1171 4290 ἐλθὼν
1199 4238 1386 4307 τιμῆς,
1416 4240 1473 4291 ὲν
1502 4238 1764 4308 ἐπισήμῳ
1801 4240 1949 4306 γένει

374 4328 486 4381 τῶν
506 4326 638 4398 παρ’
677 4329 897 4391 Ἰταλοῖς
930 4329 1268 4398 ἀξιούμενος,
1301 4331 1483 4392 κοινάς
1513 4347 1572 4382 τε
1602 4332 1710 4383 τῶν
1737 4330 1947 4398 διοική-

382 4437 522 4479 σεων
549 4421 642 4472 ἐπὶ
674 4406 925 4473 πλεῖστον
954 4421 1131 4489 ἀρχὰς
1160 4421 1465 4490 διοικήσας,
1500 4422 1575 4484 ὡς
1606 4422 1700 4476 καὶ
1732 4422 1810 4484 εἰς
1841 4438 1948 4492 μα-

377 4510 617 4580 γίστρων
640 4510 857 4578 ἀξίωμα
897 4511 1167 4573 ἀνελθεῖν,
1205 4511 1296 4562 ἐπὶ
1315 4511 1372 4562 δὲ
1402 4512 1468 4581 τῇ
1505 4510 1640 4581 πρὸς
1672 4510 1807 4564 Θεὸν
1858 4511 1949 4563 εὑ-

379 4601 566 4672 σεσείᾳ
612 4604 706 4655 καὶ
737 4602 997 4672 ὁμολογίᾳ
1022 4602 1231 4664 πάντας
1257 4603 1636 4672 παρενεγκὼν,
1668 4604 1756 4655 ἐπ’
1777 4602 1951 4673 αὐτῆς

380 4693 481 4763 τῆς
511 4694 666 4761 ἀξίας
681 4694 773 4748 τὸν
799 4694 892 4746 τοῦ
925 4693 1229 4764 μαρτυρίου
1267 4693 1567 4762 ἀνεδήσατο
1594 4695 1877 4762 στέφανον.

974 4985 1228 5040 ΚΕΦΑΛ.
1256 4987 1359 5039 lA’.

382 5080 522 5149 Περὶ
552 5080 760 5135 ἄλλων
788 5079 1094 5134 πλείστων
1116 5078 1435 5147 μαρτύρων
1472 5076 1768 5146 διαφόρως
1791 5077 1947 5147 drat-

982 5149 1345 5217 νισαμένων.

461 5264 626 5319 ’Δλλὰ
671 5266 725 5326 τί
756 5266 837 5317 δεῖ
864 5268 975 5330 τοῖς
1004 5264 1148 5318 κατᾶ
1196 5264 1363 5335 μέρος
1393 5262 1689 5330 ἐπεξιέναι,
1717 5260 1750 5330 ἢ
1784 5261 1949 5333 τυχὸν

377 5358 437 5412 τὺ
484 5358 688 5428 πλῆθος
741 5358 1093 5427 ἀναμετρεῖν,
1145 5356 1457 5424 ζωγραφεῖν
1498 5371 1557 5407 τε
1592 5353 1670 5424 τῷ
1702 5354 1849 5424 λόγῳ
1881 5354 1950 5408 τὰ

377 5446 634 5516 πολυειδῆ
664 5445 1030 5517 κολαστήριας
1054 5445 1176 5499 Τῶν
1199 5446 1298 5516 μὲν
1326 5444 1545 5500 κοπίσιν
1565 5445 1947 5516 ἀνῃρημένων,

375 5536 464 5593 οἷα
502 5542 560 5594 ὲν
601 5536 832 5610 Ἀραϐίᾳ
859 5540 1187 5604 πεπόνθασι,
1222 5529 1331 5590 τῶν
1364 5539 1421 5592 δὲ
1455 5537 1844 5606 συνθλωμένων
1880 5537 1951 5589 τὰ

377 5630 568 5703 σκέλη,
597 5630 786 5701 ὥσπερ
816 5630 880 5700 δὴ
928 5631 1040 5691 τοῖς
1072 5630 1130 5681 ὲν
1174 5628 1541 5697 Καππαδοκίᾳ
1583 5629 1945 5698 συνήντησεν*

376 5723 553 5777 ἄλλων
582 5723 691 5794 μὲν,
713 5722 946 5792 θατέρου
977 5723 1090 5775 τοῖν
1121 5721 1305 5774 ποδοῖν
1338 5722 1477 5774 κατὰ
1504 5720 1680 5788 κάραν
1708 5720 1952 5789 ἀνηρτη-

383 5817 582 5884 μένων,
622 5814 900 5885 μαλθακοῦ
932 5817 1104 5885 πυρὸς
1131 5814 1375 5869 κάτωθεν
1399 5812 1823 5884 ὑποκαιομένου,
1854 5815 1950 5868 καὶ

702 5913 973 5973 Parnm.
1007 5914 1121 5974 GR.
1152 5914 1375 5975 CXLV.

2053 3313 2239 3378 liceat,
2274 3327 2376 3382 per
2413 3328 2536 3382 qua:
2569 3313 2787 3369 facilius
2817 3329 2942 3367 cum
2987 3314 3233 3383 ipsorum
3270 3325 3627 3386 tyrannorum

2053 3404 2339 3459 ell'eratam
2379 3404 2789 3470 crudelitatem,
2819 3414 2933 3457 tum
2966 3408 3315 3475 egregiorum
3353 3413 3627 3466 victorum

2054 3496 2437 3549 incredibilem
2473 3499 2601 3565 erga
2640 3496 2923 3550 Christum
2970 3497 3323 3553 aﬂ‘ectionem
3366 3509 3424 3555 et
3456 3504 3630 3572 pieta-

2053 3593 2161 3640 tem
2205 3585 2441 3654 probare
2473 3586 2791 3656 possimus?
2834 3588 2951 3643 Non
2985 3591 3134 3644 enim
3178 3607 3348 3647 unum
3387 3602 3443 3647 et
3489 3594 3628 3648 alte-

2053 3689 2198 3738 rum,
2239 3682 2339 3728 aut
2378 3674 2545 3729 etiam
2592 3677 2780 3745 plures
2826 3681 3171 3747 catervatim,
3215 3682 3314 3737 sed
3361 3683 3627 3751 oppidum

2053 3776 2230 3821 totum
2267 3769 2518 3840 Phrygia:
2561 3768 2865 3838 quoddam,
2899 3772 3050 3827 cives
3097 3774 3314 3830 scilicet
3359 3792 3467 3829 una
3498 3790 3626 3829 cum

2052 3861 2384 3931 conjugibus
2441 3871 2499 3916 et
2548 3862 2738 3917 liberis
2793 3864 3107 3931 universos,
3160 3868 3368 3923 milites
3421 3869 3627 3924 armati

2052 3953 2564 4023 circumvallantes,
2611 3956 2736 4026 igne
2769 3957 2975 4030 injecto
3016 3969 3372 4016 exusserunt.
3403 3961 3626 4029 Crimen

2052 4055 2189 4114 erat,
2220 4046 2367 4115 quod
2399 4054 2455 4103 et
2487 4049 2774 4114 praefectus
2809 4053 3271 4122 magistratusque
3306 4061 3361 4108 et
3390 4055 3628 4124 populus

2052 4140 2172 4210 ejus
2196 4142 2377 4197 omnis
2411 4140 2693 4196 Christum
2728 4144 3080 4212 invocarent,
3117 4145 3312 4215 eisque
3352 4149 3446 4216 qui
3481 4148 3629 4202 idola

2051 4235 2236 4290 colere
2277 4252 2376 4292 eos
2414 4238 2739 4307 iussissent,
2788 4241 2975 4294 minus
3014 4241 3389 4311 obsequentes
3415 4253 3625 4298 essent.

2052 4327 2148 4382 Vir
2173 4329 2339 4382 etiam
2379 4330 2603 4398 quidam
2633 4329 2894 4385 Adaucus
2935 4333 3181 4397 nomine,
3214 4333 3472 4387 omnibus
3523 4334 3627 4388 lio-

2053 4419 2285 4474 noribus
2313 4420 2557 4488 functus,
2583 4422 2900 4490 illustrique
2926 4423 3069 4492 apud
3102 4423 3267 4478 Italos
3290 4425 3414 4479 loco
3438 4434 3623 4493 natus,

2054 4512 2261 4581 quique
2295 4528 2393 4580 per
2423 4515 2781 4583 magistratus
2817 4522 2872 4568 et
2908 4514 3226 4584 dignitates,
3276 4532 3412 4584 quas
3442 4516 3625 4585 pluri-

2052 4616 2171 4657 mas
2203 4612 2469 4673 gesserat,
2502 4604 2666 4677 453
2696 4605 2764 4660 ad
2794 4607 3190 4663 sublimitatem
3232 4613 3477 4680 magistri
3514 4611 3631 4665 olli-

2052 4695 2269 4749 ciorum
2309 4708 2660 4763 pervenerat,
2702 4700 2908 4766 pietate
2950 4711 3136 4755 autem
3176 4711 3232 4756 et
3274 4704 3628 4758 confessione

2056 4782 2153 4838 Dei
2200 4783 2361 4841 facile
2405 4799 2600 4842 omnes
2639 4791 3029 4857 antecellebat,
3065 4794 3119 4845 in
3149 4807 3218 4847 eo
3248 4792 3368 4862 ipso
3399 4809 3628 4849 munere

2053 4876 2305 4945 martyrii
2333 4891 2593 4931 coronam
2621 4881 2858 4949 accepit.

2646 4992 2872 5049 CAPUT
2928 4995 3014 5049 XI.

2053 5079 2131 5140 De
2152 5079 2274 5135 aliis
2292 5096 2452 5150 quam
2469 5081 2711 5153 plurimis
2738 5089 3085 5160 martyribus,
3104 5089 3444 5160 plurifariam
3475 5106 3626 5145 mar-

2645 5158 2781 5226 tyrio
2807 5158 3027 5226 affectis.

2130 5264 2240 5319 Sed
2301 5265 2432 5335 quid
2488 5268 2685 5323 attinet
2726 5270 3004 5340 sigillatim
3049 5282 3321 5343 martyres
3360 5274 3510 5343 ipsos
3538 5289 3629 5330 re-

2056 5371 2320 5421 censere,
2372 5368 2468 5413 aut
2512 5363 2678 5415 etiam
2728 5378 3021 5419 numerum
3072 5381 3264 5420 eorum
3318 5368 3623 5436 inquirere,

2054 5449 2452 5517 suppliciorum
2505 5452 2748 5521 denique
2817 5464 2925 5509 tam
2982 5457 3167 5513 varias
3222 5462 3438 5528 species
3495 5460 3627 5513 stilo

2053 5543 2359 5611 persequi?
2404 5559 2530 5599 cum
2580 5560 2773 5600 eorum
2813 5547 3066 5618 plerique
3113 5549 3298 5605 securi
3354 5551 3626 5620 percussi.

2054 5634 2203 5702 quod
2226 5635 2308 5689 eis
2338 5635 2392 5689 in
2418 5635 2619 5691 Arabia
2645 5640 2854 5695 accidit
2886 5659 2900 5696 :
2932 5643 3215 5697 nonnullis
3241 5658 3402 5698 crura
3427 5644 3627 5704 fracta.

2054 5727 2221 5781 sicuti
2265 5727 2321 5781 in
2368 5728 2716 5799 Cappadecia
2761 5732 2966 5788 factum
3014 5752 3028 5789 :
3077 5735 3247 5806 aliqui
3289 5737 3424 5805 pede
3455 5738 3630 5793 altero

2056 5819 2111 5873 in
2140 5820 2377 5876 subiime
2414 5823 2640 5891 sublati,
2666 5826 2846 5896 capite
2877 5808 3170 5885 in.terram
3201 5831 3466 5897 demisso,
3494 5836 3630 5886 mol-

3195 5924 3268 5984 39
