4052 6434
441 379 576 442 19.27

1666 377 2094 441 NICEPHORI
2135 381 2484 446 CALLISTI

3558 401 3695 467 1223

435 497 574 551 Iiore
618 493 744 564 igne
793 492 1101 562 supposito,
1151 491 1303 545 fumo
1357 505 1423 544 ex
1479 491 1704 546 materia
1755 491 2000 546 viridiore

2120 502 2613 572 καταπνιγομένων
2661 502 2738 574 τῷ
2773 504 3095 578 ἀναῤῥέοντι
3129 508 3228 579 τῆς
3279 508 3412 582 ὕλης
3462 518 3689 586 καπνῷ·

435 585 797 656 proveniente
845 583 955 636 sint
987 581 1284 643 sull'oeati,
1330 580 1476 650 quod
1512 581 1566 634 in
1611 579 2004 650 Mesopotamia

430 677 684 732 evenisse
726 676 984 746 legimus.
1018 672 1357 740 Quibusdam
1389 688 1573 737 nares,
1616 673 1780 737 labia,
1815 687 2004 741 aures,

435 785 630 827 manus
655 769 818 824 etiam
847 776 899 822 et
934 767 1103 838 pedes
1132 765 1420 835 amputati,
1447 775 1502 821 et
1530 766 1632 836 ipsi
1665 766 1835 822 veluti
1860 781 2009 836 qua:-

433 865 558 916 dam
587 861 826 916 victima:
854 861 908 914 in
949 874 1148 914 carnes
1180 857 1408 913 dissecti
1445 875 1460 912 :
1494 858 1642 927 quod
1677 857 2006 912 Alexandria

435 956 594 1010 vidit.
637 954 773 1019 Quis
807 967 937 1007 vero
983 951 1331 1006 Antiochena
1380 950 1646 1020 supplicia
1695 949 2008 1004 memoret?

435 1049 529 1102 tibi
562 1048 718 1116 ignes
747 1053 804 1099 et
837 1043 1112 1098 craticula!
1140 1043 1366 1106 fiebant,
1401 1056 1511 1095 non
1546 1040 1835 1095 confestim
1863 1054 2010 1094 mor-

433 1150 542 1193 tem
578 1137 973 1198 aceelerantes,
1019 1134 1116 1188 sed
1166 1131 1372 1188 sensim
1421 1141 1724 1202 martyrum
1773 1146 2006 1200 corpora

432 1237 727 1291 torrentes,
762 1227 1145 1296 supplieiaque
1173 1235 1446 1294 etpw'nas
1485 1223 1540 1277 in
1566 1223 1790 1294 longum
1823 1233 2009 1278 extra-

433 1325 650 1378 hentes.
682 1319 935 1376 Fuerunt
965 1319 1040 1373 ibi
1075 1306 1268 1382 etiam,
1304 1318 1399 1387 qui
1430 1315 1653 1371 dextras
1685 1314 1853 1370 citius
1891 1315 2005 1385 igni

434 1416 653 1472 ardenti
715 1409 1128 1470 comburendas
1192 1409 1577 1474 immitterent,
1632 1422 1797 1477 quam
1844 1423 2006 1462 exse—

433 1505 651 1562 cranda
705 1519 861 1560 sacra
921 1512 978 1557 et
1039 1500 1311 1556 sacriﬁcia
1366 1500 1721 1570 attingerent.
1781 1498 2004 1569 Reperti

429 1613 652 1669 quoque
686 1605 836 1661 sunt,
884 1595 981 1664 qui
1024 1595 1180 1666 prius
1226 1609 1289 1650 se
1335 1609 1402 1648 ex
1445 1592 1583 1647 locis
1624 1591 2006 1662 superioribus

433 1690 748 1759 praecipites
779 1689 1000 1753 darent,
1037 1702 1203 1756 quam
1225 1685 1550 1762 periculum
1595 1692 2001 1739 tormentorum

429 1784 655 1839 adirent
689 1801 702 1837 :
741 1791 976 1836 mortem
1003 1778 1190 1849 potius
1215 1779 1383 1834 citam
1411 1777 1591 1844 obire,
1624 1791 1787 1847 quam
1813 1785 1874 1830 ut
1905 1776 2006 1830 im-

429 1877 645 1944 piorum
671 1872 887 1942 laqueis
916 1878 1272 1941 caperentur,
1300 1878 1686 1940 properantes.
1715 1866 2003 1923 llorrenda

426 1981 558 2022 vero
597 1979 822 2035 prorsus
866 1971 1082 2018 suntet
1115 1962 1310 2018 auditu
1356 1961 1754 2027 intolerabilia,
1793 1977 1916 2030 qua:
1949 1960 2003 2013 in

429 2061 609 2116 Ponto
657 2067 930 2127 martyres
979 2063 1112 2112 sunt
1147 2055 1316 2124 passi.
1360 2053 1700 2120 Quibusdam
1749 2053 1897 2109 enim
1947 2053 2005 2114 in

427 2151 662 2206 summis
707 2149 898 2219 digitis
945 2147 1237 2216 praeacutis
1284 2148 1516 2202 calamis
1563 2161 1777 2217 ungues
1822 2145 2006 2215 perfo-

425 2242 745 2297 diebantur.
789 2241 897 2296 Alii
933 2255 1068 2293 vero
1103 2239 1391 2309 plumbum
1433 2239 1556 2308 igne
1613 2238 2001 2308 liquefactum,

425 2335 717 2404 picemque
766 2332 1092 2387 bullientem
1149 2330 1391 2400 scapulis
1441 2339 1495 2384 et
1545 2330 1713 2384 dorso
1761 2329 2006 2399 excipie-

425 2427 579 2481 bant.
610 2424 870 2480 Nonnulli
898 2423 1148 2492 partibus
1172 2422 1255 2478 eis
1284 2437 1406 2491 qua:
1429 2421 1658 2475 honeste
1688 2435 1796 2474 non
1827 2418 2005 2474 nomi-

425 2526 654 2582 nantur,
686 2515 968 2570 cruciatus
1013 2513 1189 2569 fmdos
1220 2512 1555 2585 silentioque
1588 2511 1853 2582 tegendos
1878 2526 2004 2581 per-

386 2663 389 2667 Α
425 2608 682 2663 ferebant
707 2625 718 2659 :
748 2622 891 2677 quos
914 2605 1130 2660 nobiles
1153 2605 1232 2658 illi
1255 2613 1309 2659 et
1336 2604 1511 2659 fortes
1535 2604 1642 2657 viri
1670 2603 2003 2672 philoSOpho

355 2759 358 2762 ,
425 2702 586 2769 plane
619 2701 805 2754 animo
837 2706 890 2753 et
923 2698 1009 2768 pia
1046 2698 1283 2767 quadam
1325 2696 1631 2750 ambitione
1670 2695 1773 2750 sibi
1806 2703 2001 2749 contra

427 2808 620 2847 recens
668 2793 891 2846 inventa
940 2799 1237 2852 tormenta,
1277 2789 1672 2844 exuberantem
1711 2774 2000 2841 abundan-

424 2888 556 2938 tiam
627 2883 953 2938 constantia:
1022 2896 1146 2937 esse
1208 2880 1616 2946 ostenderunt,
1679 2893 2002 2949 generosam

423 2977 717 3045 quamdam
765 2974 1178 3028 contentionem
1230 2972 1388 3026 novis
1442 2972 1683 3040 praemiis
1736 2971 2002 3024 adversus

422 3082 625 3136 spurca
667 3075 723 3118 et
769 3065 1060 3119 inhonesta
1095 3064 1366 3134 supplicia
1411 3065 1791 3121 instituentes.
1844 3066 2000 3120 l’osl-

423 3173 592 3228 quam
645 3171 781 3211 vero
838 3156 967 3210 victi
1019 3156 1342 3210 immanium
1401 3166 1806 3212 tormentorum
1869 3157 1995 3212 novi

424 3250 663 3305 artiﬁces
708 3248 1064 3318 caedibusque
1111 3247 1326 3317 fatigati
1375 3260 1526 3314 sunt,
1568 3248 1853 3319 adimpleti
1884 3252 1996 3321 jam

421 3343 490 3397 ad
535 3343 847 3398 satietatem
887 3355 1061 3410 usque
1094 3345 1430 3395 torrentium
1457 3342 1651 3407 instar,
1691 3341 2000 3411 profluente

427 3447 729 3508 martyrum
785 3436 1078 3504 sanguine,
1126 3435 1347 3490 tandem
1399 3435 1464 3488 ad
1517 3435 1900 3488 adumbratam
1942 3445 2000 3490 et

423 3530 663 3584 fucatam
704 3527 1011 3583 bonitatem
1048 3539 1178 3582 sunt
1211 3527 1486 3592 conversi,
1536 3539 1594 3580 ut
1634 3527 1851 3582 scilicet
1879 3542 1999 3579 am-

423 3625 568 3693 plius
606 3632 714 3676 tam
754 3622 1134 3676 inhumaniter
1167 3630 1332 3690 atque
1372 3620 1674 3674 crudeliter
1705 3620 1996 3674 nobiscum

421 3731 581 3785 agere
607 3731 714 3768 non
744 3716 1089 3769 viderentur.
1124 3713 1290 3786 454.
1318 3714 1437 3769 Non
1467 3716 1614 3768 enim
1648 3713 1995 3784 popularium

420 3821 620 3860 cruore
651 3808 908 3863 civitates
939 3808 1332 3872 contaminari,
1372 3821 1553 3876 neque
1588 3807 1996 3860 inhumanitate

423 3901 824 3967 imperatorum
878 3900 1282 3971 benignitatem
1336 3901 1630 3954 calumniis
1683 3900 1853 3970 objici
1901 3899 1996 3954 de-

420 3991 574 4053 bere,
616 3992 710 4045 sed
757 3992 942 4062 potius
978 3991 1287 4062 imperialis
1319 3991 1614 4061 potestatis
1659 3992 1994 4048 benevolen-

419 4084 551 4136 tiam
584 4094 750 4153 atque
783 4087 1139 4139 clementiam
1170 4085 1224 4139 in
1265 4086 1557 4139 universos
1587 4087 1994 4141 extendendau

418 4193 541 4231 esse
579 4177 861 4232 dicebant.
897 4179 1252 4250 Quapropter
1297 4179 1479 4234 edicto
1515 4190 1738 4234 cautum
1778 4193 1886 4247 est,
1926 4199 1994 4238 ne

416 4270 722 4323 (Lhristiani
784 4271 908 4325 neci
962 4271 1300 4325 dederentur
1351 4287 1367 4325 :
1422 4271 1571 4340 quod
1631 4273 1866 4342 perinde
1937 4278 1992 4333 id

413 4369 582 4422 esset.
611 4374 778 4430 atque
809 4364 853 4414 si
881 4362 1060 4431 pinnis
1094 4363 1498 4432 suppliciisque
1533 4366 1733 4420 modus
1757 4368 1994 4439 ﬁnisque

417 4454 815 4521 imponeretur.
845 4453 1366 4522 lmperatum‘vero,
1397 4463 1457 4509 ut
1488 4457 1634 4510 oculi
1670 4457 1992 4517 hominibus

2115 587 2203 646 οἷα
2229 594 2286 648 ὲν
2315 598 2379 665 τῇ
2395 597 2553 670 Μέσῃ
2580 597 2687 652 τῶν
2714 602 2975 670 ποταμῶν
3002 603 3319 674 πεπρᾶχθαι
3341 605 3650 678 ἀνέγνωμεν
3673 627 3690 642 ο

2114 685 2294 740 ἄλλων
2322 691 2477 758 ῥίνας
2508 691 2601 744 καὶ
2647 692 2800 762 χείλη
2848 695 2942 747 καὶ
2987 687 3122 760 ὦτα,
3173 696 3250 751 ἔτι
3285 698 3343 752 δὲ
3374 704 3467 754 καὶ
3505 705 3693 772 χεῖρας

2115 781 2212 832 καὶ
2250 779 2417 844 πόδας
2458 785 2960 854 περιαιρουμένων,
3005 788 3100 839 καὶ
3135 787 3274 840 καθά
3311 802 3433 844 τινα
3485 792 3688 861 σφάιια

2116 875 2645 944 κρεανομουμένων’
2680 877 2839 929 ὁποία
2870 875 3010 930 εἳδεν
3049 880 3082 950 ἡ
3128 879 3525 952 Ἀλεξάνδρεια.
3567 885 3688 949 Πῶς

2110 963 2168 1017 δὲ
2197 964 2306 1018 τῶν
2329 967 2450 1019 κατ’
2492 967 2862 1039 Ἀντιόχειανό
2887 971 3042 1040 λόγος
3067 975 3440 1046 ὑπομνησθείη
3466 977 3688 1049 ;Ἐσχάο

2116 1073 2208 1126 ραι
2238 1057 2412 1127 πυρὸς
2453 1061 2590 1120 ἐκεῖ,
2639 1061 2738 1114 οὐκ
2779 1062 2975 1134 ἀθρόον
3021 1065 3113 1119 τὸν
3163 1069 3327 1139 μόρον
3366 1071 3686 1140 ἑπάγουσαι,

2111 1146 2296 1216 ἡρέμα
2325 1146 2370 1201 δ’
2401 1148 2711 1212 ὲξοπτῶσαι
2743 1153 2803 1205 τὸ
2850 1152 3173 1230 καταϐραχὺ
3217 1161 3434 1229 μακρὰν
3465 1163 3688 1230 ἐπάγειν

2109 1239 2211 1309 τὴν
2243 1242 2514 1311 τιμωρίαν
2535 1282 2550 1308 ,
2589 1245 2684 1297 καὶ
2714 1245 2887 1311 δεξιαὶ
2913 1247 2958 1300 δ’
2980 1249 3158 1303 ικείσε
3183 1250 3215 1322 ἢ
3253 1251 3443 1306 θᾶττον
3475 1256 3688 1326 σφοδρῷ

2112 1335 2618 1435 πιφξκαθιέμεναι,
2655 1338 2687 1407 ἢ
2718 1339 2827 1392 τῶν
2858 1341 3068 1410 ὲναγῶν
3104 1343 3308 1397 θυσιῶν
3335 1347 3698 1417 καθαπτόμεο·

2110 1424 2222 1484 ναῒ.
2255 1424 2358 1482 Ὧν
2385 1431 2448 1502 δή
2479 1447 2624 1494 τινες
2667 1432 2793 1503 μηδ’
2828 1435 2908 1496 είς
2967 1438 3160 1505 πεῖραν
3197 1437 3354 1507 ἥκειν
3394 1437 3683 1503 ἐθέλοντες,

2109 1519 2317 1574 ἄνωθεν
2356 1521 2415 1586 ἐξ
2439 1521 2705 1594 ὑπερῴων
2749 1525 2977 1591 ἑαυτοὺς
3009 1529 3427 1598 κατηκόντισαν,
3459 1530 3549 1583 τοῦ
3586 1535 3685 1600 μό-

2113 1631 2209 1684 ρου
2249 1615 2443 1669 θᾶττον
2487 1619 2675 1687 τυχεῖν
2717 1618 3017 1690 ἐφιέμενοι,
3050 1621 3216 1693 πρινὴ
3259 1622 3367 1674 τῶν
3409 1623 3682 1676 δυσσεσῶν

2109 1706 2312 1762 ἁλῶναι
2340 1710 2462 1772 ταῖς
2504 1711 2734 1777 πάγαις.
2763 1711 3015 1783 Φρικώδη
3044 1713 3100 1766 δὲ
3128 1715 3224 1766 καὶ
3262 1715 3454 1777 ἀκοαῖς
3483 1714 3681 1785 ἣκιστα

2109 1799 2323 1869 φορητὰ
2353 1801 2494 1855 κατὰ
2525 1801 2724 1854 Πόντον
2750 1803 2993 1873 ἔπασχον
3025 1803 3203 1875 ἕτεροι
3225 1824 3238 1838 ο
3271 1798 3345 1861 ὧν
3370 1809 3416 1860 οἱ
3452 1810 3549 1878 μὲν
3582 1826 3682 1862 κα-

2109 1890 2299 1959 λάμοις
2335 1893 2478 1946 κατὰ
2506 1892 2615 1948 τῶν
2654 1893 2840 1966 ἄκρων
2871 1895 3154 1953 δακτύλων
3181 1899 3308 1963 τοὺς
3346 1900 3540 1971 ὄνυχας
3573 1900 3682 1954 διε-

2107 1983 2361 2054 πείροντο
2387 2001 2401 2016 ο
2428 1982 2569 2055 ἦσαν
2603 1988 2646 2040 δ’
2669 1988 2720 2040 οἳ
2749 1989 3002 2056 μόλιϐδον
3030 1991 3352 2046 διατακέντα
3382 1996 3534 2064 πυρὶ,
3561 1996 3682 2047 πίσο

2107 2093 2208 2131 σαν
2235 2095 2293 2131 τε
2315 2079 2698 2148 καχλάζουσαν
2724 2082 2838 2144 τοῖς
2862 2084 3228 2153 μεταφρένοις
3263 2086 3524 2156 ἐδέχοντο.
3553 2088 3681 2140 "AZ-

2105 2171 2187 2224 λοι
2215 2174 2326 2235 τοῖς
2361 2174 2696 2244 ἀπορρήτοις
2750 2173 2860 2230 τῶν
2914 2176 3094 2244 μελῶν
3129 2178 3362 2248 αίῖχράς
3405 2194 3555 2244 τινας
3589 2182 3684 2233 καὶ

2104 2264 2305 2333 ἥκιστα
2331 2265 2476 2336 λόγῳ
2506 2267 2679 2336 ῥητὰς
2707 2269 3001 2338 συμφορὰς
3034 2268 3383 2338 διαφέροντες
3413 2267 3552 2340 ἦσαν
3579 2290 3590 2303 ’
3614 2272 3681 2336 ἃς

2105 2355 2152 2406 ol
2180 2356 2418 2421 γενναῖοι
2448 2356 2727 2425 διαιτηταὶ
2770 2357 3050 2428 φιλοσόφῳ
3087 2360 3369 2431 φιλοτιμίᾳ
3401 2362 3541 2415 κατὰ
3565 2360 3672 2414 τῶν

2105 2447 2440 2519 καινοτέρων
2497 2449 2778 2502 κολάσεων
2831 2447 3156 2521 περιουσίαν
3197 2453 3320 2506 τινὰ
3378 2455 3672 2524 καρτερίας

2105 2541 2502 2609 ἐπεδείκνυντο,
2549 2545 2785 2613 ἅμιλλαν
2813 2547 2915 2598 οὐκ
2949 2548 3152 2618 ἀγεννῆ
3183 2549 3532 2612 συνιστάντες
3561 2551 3674 2614 τοῖς

2105 2632 2310 2692 καινοῖς
2341 2630 2619 2700 βραΰείοις
2644 2633 2753 2686 τῶν
2782 2635 2996 2706 ἀτίμων
3029 2638 3335 2708 τιμωριῶν.
3382 2637 3470 2702 Ὠς
3497 2638 3551 2692 δὲ
3579 2619 3711 2708 μό(

2105 2721 2189 2784 λις
2215 2723 2582 2790 ἀπειρηκότες
2606 2719 2752 2796 ’ἦσαν
2780 2728 2830 2779 οἱ
2865 2729 3046 2783 καινοὶ
3072 2731 3182 2783 τῶν
3209 2732 3488 2786 κολάσεων
3517 2749 3682 2786 σπου-

2103 2813 2319 2879 δασταὶ,
2349 2817 2654 2880 κτείνοντές
2676 2835 2734 2870 τε
2773 2818 3081 2892 ἀπέκαμον,
3109 2821 3593 2893 ύπερεπίμπλαντό
3618 2841 3679 2880 τε

2105 2908 2184 2970 εἰς
2232 2909 2394 2978 κόρον
2424 2912 2534 2972 τοῖς
2573 2911 2857 2981 ὲκρέουσιν
2905 2915 3116 2985 ὀχετοῖς
3145 2916 3255 2970 τῶν
3281 2919 3552 2989 αἱμάτων,
3587 2920 3678 2970 ἐπὶ

2104 3000 2452 3067 χρηστότητα
2477 3000 2639 3068 δῆθεν
2674 3005 3066 3076 κεχρωσμένην
3095 3008 3337 3075 ἐχώρουν
3359 3022 3373 3036 ·
3397 3008 3470 3073 ὡς
3498 3007 3564 3062 ἂν
3601 3010 3676 3079 μὴ

2104 3087 2310 3143 δοκοῖεν
2355 3089 2436 3144 ἔτι
2481 3091 2603 3146 καθ’
2634 3096 2794 3164 ἡμῶν
2829 3098 2894 3152 τὰ
2926 3097 3079 3152 δεινᾶ
3123 3101 3386 3172 πράττειν
3409 3118 3424 3134 ³
3461 3101 3538 3172 μὴ
3564 3103 3677 3158 δεῖν

2028 3208 2072 3264 C
2105 3181 2213 3252 γὰρ
2244 3178 2383 3237 εἶναι
2406 3186 2693 3254 ὁμοφύλων
2723 3190 2919 3261 αἵμασι
2952 3195 3192 3262 μιαίνειν
3220 3196 3320 3260 τὰς
3353 3196 3533 3260 πόλεις
3565 3197 3680 3249 ἑλε-

2103 3293 2223 3343 γον,
2278 3276 2403 3346 μηδ’
2440 3277 2810 3354 ἁπανθρωπίᾳ
2853 3285 2952 3356 τὴν
2987 3286 3096 3339 τῶν
3131 3290 3481 3360 κρατούντων
3523 3289 3680 3361 εύμέ-

2103 3385 2250 3421 νειαν
2277 3368 2586 3423 διαϐάλλειν
2609 3388 2625 3403 ο
2664 3373 2724 3427 τὸ
2752 3375 2808 3428 δὲ
2834 3376 3014 3445 πρᾶον
3044 3379 3143 3432 καὶ
3175 3379 3558 3452 φιλάνθρωπον
3579 3380 3678 3449 τῆς

2104 3459 2388 3530 βασιλικῆς
2435 3462 2686 3527 ἐξουσίας
2738 3466 2830 3518 ἐπὶ
2883 3468 3093 3530 πάντας
3150 3469 3490 3525 ὲκτείνεσθαι
3545 3470 3675 3524 δεῖν.

2104 3553 2268 3608 Ὅθεν
2322 3555 2580 3610 ἐκέλευον
2623 3559 2698 3627 μὴ
2754 3557 2973 3630 θανάτῳ
3005 3560 3151 3614 λύειν
3191 3563 3374 3632 ἡμᾶς·
3427 3563 3539 3616 ῐσον
3572 3564 3682 3632 γὰρ

2101 3643 2242 3699 εἶναι
2268 3650 2358 3702 καὶ
2379 3647 2471 3701 τοῦ
2502 3651 2869 3721 τιμωρεῖσθαι
2901 3653 3243 3709 πεπαῦσθαι.
3269 3655 3460 3714 Ἔνθεν
3485 3673 3568 3719 ¹τοι
3587 3659 3679 3707 καὶ

2100 3736 2486 3807 ἐξορύττεσθαι
2517 3742 2618 3810 μὲν
2648 3740 2981 3813 ὀφθαλμοὺς,
3013 3743 3241 3816 θάτερον
3266 3745 3324 3800 δὲ
3348 3747 3481 3799 πόδα
3508 3758 3680 3816 προσ-

2099 3831 2454 3901 αφαιρεῖσθαι
2501 3837 2888 3903 προσέταττον.
2950 3835 3107 3890 Οὕτω
3163 3840 3273 3909 γὰρ
3316 3831 3456 3892 εἶναι
3496 3839 3677 3900 αὐτοῖς

2102 3923 2474 3992 ἀπάνθρωπον
2521 3924 2583 3978 τὸ
2629 3927 3013 3998 φιλάνθρωπον
3061 3932 3158 3984 καὶ
3215 3930 3352 4002 πρὸς
3411 3929 3679 4002 τιμωρίαν

2100 4015 2423 4085 πραότερον.
2442 4017 2527 4080 Ὠς
2548 4018 2867 4086 συμϐαίνειν
2881 4020 3187 4094 διὰταύτην
3205 4023 3299 4093 τὴν
3313 4023 3676 4092 ἀπάνθρωπον

2101 4106 2514 4176 φιλανθρωπίαν
2549 4111 2657 4163 τῶν
2677 4112 2893 4165 ἀσεϐῶν
2923 4114 3115 4184 μηκέτ’
3146 4109 3255 4167 οἷόν
3280 4132 3338 4167 τε
3363 4110 3502 4169 εἶναι
3523 4116 3677 4181 λόγον

2098 4197 2396 4262 διαλαϐεῖν,
2426 4200 2540 4252 ὅσοι
2569 4203 2667 4270 μὲν
2690 4205 2814 4266 τοὺς
2832 4205 2941 4258 τῶν
2969 4205 3267 4275 ὀφθαλμῶν
3295 4206 3501 4270 δεξιοὶς
3534 4206 3676 4275 ξίφει

2099 4291 2374 4359 πρότερον
2417 4293 2771 4358 ὲκκοπέντες,
2824 4298 3018 4350 ἔπειτα
3054 4297 3163 4368 πῦρ
3202 4300 3342 4354 κατὰ
3376 4300 3475 4368 τῆς
3504 4298 3676 4368 τομῆς

2096 4381 2490 4452 εἰσδεξάμενοι,
2515 4384 2860 4456 πλανώμενοι
2881 4389 3206 4460 περιῄεσανο
3232 4391 3326 4444 καὶ
3347 4392 3462 4444 ὅσοι
3485 4391 3550 4461 δὴ
3569 4389 3679 4443 τῶν

2096 4473 2273 4524 ποδῶν
2318 4475 2443 4538 τοὺς
2477 4477 2658 4540 λαιούς
2694 4481 2932 4549 καυτῆρι
2975 4481 3136 4557 βιαίῳ
3184 4486 3543 4555 χρησάμενοι,
3597 4483 3675 4547 ὡς

416 4544 626 4600 nOstris
663 4544 1065 4608 ciloderentur,
1097 4555 1154 4599 et
1198 4547 1402 4615 pedum
1452 4548 1594 4602 alter
1638 4549 1990 4604 abscindere-

2104 4564 2262 4634 ἄχθει,
2295 4566 2514 4622 ἐτώσιον
2542 4563 2702 4638 ἦσαν,
2737 4572 2945 4636 τούτοις
2967 4578 3355 4646 ἐπισυρόμενοι
3381 4592 3395 4606 °
3428 4574 3551 4631 εἶτα
3581 4579 3678 4632 καὶ

417 4647 528 4690 tur.
557 4636 636 4690 lta
673 4638 821 4691 enim
856 4637 992 4702 fore,
1027 4647 1086 4690 ut
1133 4639 1509 4694 inhumanitas
1538 4642 1653 4711 ipsa
1697 4643 1992 4698 humanior

412 4737 470 4779 et
519 4725 588 4779 ad
643 4726 943 4781 vindictam
1000 4729 1176 4782 lenior
1237 4744 1360 4784 esse
1413 4731 1713 4786 videretur.
1764 4731 1990 4787 Factum

415 4829 548 4869 sane
603 4831 704 4885 per
760 4819 1101 4888 ejuscemodi
1156 4821 1456 4875 humanam
1531 4823 1992 4880 inhumanitatem

418 4908 714 4977 impiorum
747 4911 1059 4979 hominum,
1097 4923 1155 4967 ut
1184 4916 1300 4983 jam
1331 4916 1517 4970 verbis
1547 4917 1842 4986 complecti
1877 4933 1988 4972 non

412 5002 504 5064 sit,
535 5010 741 5069 quanta
769 5005 1069 5061 multitudo
1089 5022 1287 5064 eorum
1312 5008 1519 5076 quibus
1543 5009 1722 5064 dextri
1749 5010 1989 5078 primum

416 5099 564 5154 oculi
623 5099 774 5157 ferro
835 5104 1005 5157 excisi
1084 5116 1236 5168 sunt,
1285 5105 1487 5158 deinde
1541 5105 1684 5176 ignis
1728 5107 1783 5160 in
1834 5109 2034 5166 vulnus
2074 5113 2253 5184 ipsum
2305 5119 2560 5191 injectus,
2612 5127 2781 5182 veluti

2105 4660 2216 4718 τοῖς
2251 4659 2366 4709 κατ’
2396 4662 2666 4732 ἐπαρχίαν
2699 4665 2981 4732 μετάλλοις
3012 4668 3072 4721 ού
3093 4670 3285 4739 χρείας
3317 4670 3470 4723 ἐνεκε
3497 4672 3674 4736 τόσον,

2103 4747 2180 4811 ὡς
2221 4749 2286 4819 δὴ
2337 4752 2637 4816 κακώσεως
2683 4759 2778 4810 και)⁵
2807 4759 3209 4829 ταλαιπωρίας,
3255 4763 3676 4828 κατεδικάζοντο

2102 4835 2476 4908 ἀπηνέστερον
2501 4857 2513 4870 ·
2548 4843 2698 4896 ἄλλοι
2731 4845 2785 4898 δὲ
2814 4847 2990 4911 ἄλλως
3018 4851 3406 4921 διεκαρτέρουν
3424 4870 3438 4884 ο
3467 4852 3505 4907 ἃ
3537 4853 3672 4924 μηδὲ

2105 4925 2286 4995 λέγειν
2331 4931 2513 5000 ῥᾴδιον
2539 4949 2554 4964 ·
2588 4937 2782 4990 νικῶσι
2819 4939 2929 5008 γὰρ
2959 4941 3137 4998 πάντα
3167 4943 3321 5012 λόγον
3355 4947 3422 4998 τὰ
3449 4946 3673 4999 ἐκείνων

2100 5021 2472 5091 παλαίσματα.

2835 5130 3145 5190 errabunda
3231 5132 3360 5187 hinc
3399 5131 3521 5187 inde
3565 5131 3671 5185 cir-

382 5382 384 5388 Y
414 5307 477 5396 se.
510 5295 825 5365 trahebant,
856 5301 1012 5369 quasi
1055 5300 1270 5354 telluris
1308 5301 1504 5356 inutile
1545 5303 1764 5372 pondus
1801 5306 1930 5361 facti
1967 5327 1983 5365 :
2029 5323 2295 5379 praeterea
2349 5331 2566 5385 eorum,
2593 5320 2688 5390 qui
2749 5322 3212 5384 inhumanissime
3235 5340 3334 5396 per
3356 5295 3673 5396 provincias

412 5386 478 5438 ad
517 5391 760 5456 metalla,
795 5408 902 5446 non
950 5394 1027 5447 illi
1064 5394 1290 5463 quidem
1336 5398 1686 5454 necessitatis
1733 5411 1830 5455 aut
1861 5420 1995 5460 usus
2035 5407 2268 5480 aliciijus
2335 5413 2535 5482 gratia,
2578 5386 2676 5470 sed
2715 5426 2773 5470 ut
2847 5417 2923 5472 ibi
2958 5422 3189 5477 summis
3214 5386 3476 5477 aerumnis
3501 5434 3666 5476 vexa-

413 5491 644 5586 rentur,
697 5495 830 5537 sunt
892 5487 1157 5544 damnati.
1247 5488 1356 5544 Alii
1405 5505 1578 5560 porro
1665 5495 1827 5552 aliter
1877 5499 2065 5556 afﬂicti
2110 5501 2552 5572 perdurarunt':
2601 5525 2743 5580 quos
2793 5509 3038 5582 referre,
3091 5516 3221 5588 quia
3271 5517 3434 5574 luctas
3491 5526 3666 5572 certa-

383 5577 705 5647 ‘tiunesque
767 5596 960 5636 eorum
1024 5599 1246 5641 omnem
1306 5599 1571 5660 superant
1635 5595 1988 5663 orationem,
2031 5615 2298 5671 perquam
2329 5612 2414 5659 est
2445 5577 2689 5664 diilicile.
