4052 6438
514 371 643 433 ῘΞΤΗ

1737 308 2167 417 Ntcsrnont
2209 345 2554 414 CALLISTI

3602 343 3716 409 1232

507 502 628 542 rem
668 482 941 553 dispicere
988 471 1265 532 convenit.
1307 471 1368 526 Et
1401 471 1446 525 si
1482 469 1815 539 permissum
1855 484 1966 523 non
2005 476 2089 523 est

2193 486 2288 524 νυν
2325 469 2415 522 τὸν
2465 466 2591 521 νοῦν
2642 461 3058 536 παριστάνουσα
3103 459 3410 534 ὲρῤωμένον
3438 462 3498 528 τῇ
3540 461 3716 523 πίστει,

398 622 421 635 κ
512 587 574 632 ut
605 586 902 641 utrumque
933 570 1201 627 retineas.
1235 573 1295 618 ut
1327 563 1519 618 saltem
1554 562 1796 616 animam
1828 561 2082 615 inconta-

512 668 778 721 tninatam
826 675 1143 726 conserves,
1179 654 1492 711 iaciendum
1537 654 1636 707 libi
1667 667 1790 707 esse
1820 650 1989 716 duco,
2029 662 2088 706 ut

414 780 419 783 ·
513 759 729 814 scilicet
773 764 957 809 mente
1000 752 1117 821 ipsa
1150 764 1247 818 per
1290 746 1453 800 [idem
1487 744 1833 808 conﬁrmata,
1862 758 2086 797 carnem

515 849 735 921 injuriis
795 857 851 901 et
904 839 1262 900 contumeliis
1327 836 1708 908 improborum
1776 834 2084 905 permittas.

512 942 757 1003 Consilio
787 940 890 993 viri
931 938 1054 1004 ejus
1092 934 1337 1005 segnito,
1367 931 1552 985 animo
1592 928 1898 985 etiamnum
1925 924 2092 996 556

515 1042 571 1095 in
615 1046 913 1102 utramque
952 1038 1165 1101 partem
1210 1025 1534 1089 ﬂuctuante,
1574 1021 1910 1090 tandemque
1941 1033 2000 1072 se
2032 1026 2091 1072 ut

517 1140 792 1196 utrunque
833 1124 1046 1180 salvum
1096 1118 1365 1174 retineret
1411 1115 1799 1179 conﬁt-tuante,
1834 1126 1948 1181 quo
1992 1108 2091 1164 ab-

517 1221 827 1278 ducebatur
858 1215 1135 1286 sequitur.
1165 1213 1345 1282 Atque
1386 1210 1481 1264 ubi
1524 1209 1638 1279 jam
1685 1208 1742 1260 in
1776 1204 1970 1261 eodem
2004 1210 2087 1258 est

517 1312 765 1369 conclavi
803 1325 930 1366 cum
974 1306 1228 1375 improbo
1255 1304 1461 1373 juvene
1493 1300 1701 1364 clausa,
1732 1296 1931 1352 techna
1958 1310 2093 1363 qua-

515 1411 641 1460 dam
670 1404 826 1457 illum
857 1396 1229 1453 circumvenit
1259 1394 1359 1464 (l).
1387 1390 1699 1445 Veneﬁcam
1726 1402 1787 1444 se
1813 1400 1933 1441 esse
1959 1401 2089 1455 pro-

514 1497 726 1558 ﬁtetur,
758 1488 1181 1555 mercedemque
1228 1484 1508 1552 ingentem
1550 1483 1891 1533 conservatae
1932 1473 2092 1544 pudi-

513 1587 658 1643 citia)
710 1582 1021 1653 pollicetur,
1061 1591 1185 1647 qua:
1230 1588 1357 1628 eum
1419 1587 1449 1625 a
1512 1579 1688 1624 morte
1746 1573 2086 1622 conservet:

515 1676 874 1747 pharmacum
920 1667 1150 1729 scilicet,
1183 1678 1295 1734 quo
1326 1663 1421 1717 ille
1456 1658 1781 1731 perunctus;
1823 1656 1879 1709 in
1916 1656 2089 1710 bello-

2188 562 2292 630 τὴν
2333 561 2515 630 σάρκα
2567 557 2938 629 ὑϐριζομένην
2985 555 3102 625 sev.
3157 554 3308 607 Ἐπεὶ
3356 550 3446 606 οὖν
3496 552 3627 621 ἔγνω
3668 556 3720 606 τὸ

2189 652 2507 723 εἰρημένον,
2539 648 2890 719 ἀμφίρῤοπος
2921 644 3063 699 οὖσα
3093 644 3186 698 τὸν
3218 644 3361 709 νοῦν,
3392 642 3486 715 τὴν
3524 662 3719 714 προκει-

2194 744 2367 814 μένην
2409 740 2681 806 ἐϐάδιζεν,
2716 740 2984 809 ὁπότερον
3033 736 3251 790 έλέσοαι
3293 736 3722 807 διισχυριζομένη.

2202 836 2294 897 Ὠς
2321 832 2419 887 οὖν
2465 836 2546 895 είς
2586 830 2758 885 ταυτδ
2794 827 3156 896 συνεκλείσθη
3190 827 3269 897 τῷ
3309 826 3548 898 ὑδριστῇ.
3585 828 3727 897 τέχνῃ

2189 927 2253 995 δή
2293 942 2401 979 τινι
2431 924 2624 977 τοῦτον
2666 919 3118 988 κατασοφίζεταν
3148 920 3429 989 φαρμακὶς
3466 919 3569 986 γὰρ
3606 915 3727 971 εἶναι

2189 1015 2535 1088 διωμολόγειυ
2558 1014 2654 1068 καὶ
2676 1013 2870 1082 μισθὸν
2885 1012 2986 1082 τῆς
3007 1010 3238 1070 ἀσυλίας
3253 1010 3538 1080 φάρμακον
3556 1011 3730 1079 ἐκείνῳ

2191 1110 2502 1182 παρασχεῖν
2529 1108 2866 1178 ὑπισχνεῖτο,
2907 1106 2970 1158 τὸ
3002 1104 3078 1176 μὴ
3117 1103 3373 1174 θνήσκειν
3399 1103 3525 1156 ποτὲ
3555 1103 3729 1173 προξε-

2194 1204 2341 1260 νοῦνε
2368 1196 2415 1270 ᾧ
2439 1183 2772 1273 χρισάμενον
2809 1200 2867 1252 ἐν
2899 1201 3019 1261 ταῖς
3065 1197 3173 1250 τῶν
3197 1197 3450 1266 πολέμων
3479 1196 3731 1265 ἁμίλλαις,

2192 1296 2469 1352 ἀνάλωτον
2497 1296 2840 1364 παραμεῖναι
2875 1290 3102 1361 σιδήρῳ.
3131 1289 3193 1342 Εἰ
3218 1287 3277 1342 δέ
3314 1305 3379 1357 γε
3416 1288 3508 1341 καὶ
3536 1290 3730 1357 πεῖραν,

2190 1388 2352 1458 φησὶ,
2381 1386 2477 1440 τοῦ
2512 1385 2811 1455 λεγομένου
2856 1383 3178 1437 κατιδέσθαι
3213 1380 3414 1451 βούλει,
3457 1380 3643 1433 αὐτίκα
3678 1379 3733 1444 δή

2195 1498 2278 1535 σοι
2306 1478 2531 1550 παρέξω
2561 1477 2708 1547 μάλα
2732 1476 3017 1547 λαμπράν.
3043 1474 3154 1528 Καὶ
3179 1473 3237 1537 ὃς
3263 1473 3460 1527 αὐτίκα
3491 1473 3734 1541 ἐπέτρεπε

2194 1572 2489 1635 σκευάζειν
2514 1572 2576 1624 τὸ
2603 1571 2916 1643 φάρμακον.
2950 1568 3015 1623 Ἦ
3042 1569 3101 1622 δὲ
3126 1569 3265 1638 σοφὴ
3296 1567 3377 1637 τῷ
3409 1566 3520 1621 ὄντι
3550 1566 3733 1636 ἐκείνη,

2192 1664 2364 1733 κηρὸν
2392 1663 2554 1732 ἐλαίῳ
2585 1663 2919 1732 συντήξασα,
2950 1663 3075 1724 ταῖς
3119 1660 3279 1731 χερσὶ
3327 1658 3732 1729 κατεμάλασσεν·

516 1745 638 1820 rum
670 1760 1068 1818 certaminibus
1098 1768 1154 1811 et
1188 1754 1389 1826 prmiiis
1422 1752 1575 1806 nullo
1602 1762 1829 1820 prorsus
1858 1745 1966 1800 telo
1996 1753 2089 1798 aut

2195 1749 2315 1807 εἶτα
2350 1755 2445 1806 καὶ
2472 1753 2565 1807 τὸν
2596 1752 2806 1822 αὐχένα
2840 1752 3057 1821 ἐκείνης
3091 1749 3410 1821 περικύκλῳ
3442 1750 3622 1821 ἤλειφε
3653 1765 3740 1800 κα·

518 1865 665 1919 ferro
709 1857 903 1913 violari
945 1864 1041 1909 aut
1092 1852 1289 1907 conﬁci
1326 1856 1534 1919 posset.
1577 1844 1740 1912 Quod
1782 1842 1831 1898 si
1883 1841 1952 1896 de
1996 1840 2087 1897 tali

519 1950 786 2016 remedio,
828 1949 1031 2017 inquit,
1082 1945 1392 2014 periculum
1442 1941 1622 1994 facere
1670 1936 1775 1999 vis,
1831 1934 1978 1989 illico
2036 1930 2088 1985 id

518 2043 617 2097 tibi
652 2041 946 2096 manifesto
978 2036 1276 2093 exhibebo.
1319 2033 1410 2087 Ille
1446 2032 1501 2086 id
1535 2030 1717 2085 statim
1752 2026 1933 2097 parari
1965 2040 2091 2094 per-

519 2134 707 2190 mittit.
736 2133 877 2187 Tunt
913 2129 1003 2184 illa
1042 2143 1168 2183 vere
1206 2124 1450 2195 sapiens,
1480 2137 1663 2177 ceram
1702 2119 1824 2174 oleo
1856 2114 2089 2186 liquefa-

515 2239 683 2289 ctam,
719 2223 1088 2291 manibusque
1118 2218 1403 2272 subactam
1431 2214 1571 2270 collo
1595 2227 1697 2267 suo
1731 2208 2088 2265 circumcirca

518 2320 791 2386 inungens
820 2312 1004 2380 ⁸ἱιιίιιίι
1035 2329 1048 2365 :
1083 2308 1233 2380 quod
1287 2307 1381 2361 ubi
1429 2304 1681 2375 perfecit.
1720 2311 1909 2371 petere
1962 2314 2088 2353 eum

509 2407 760 2479 jugulum
800 2420 961 2461 suum
999 2416 1131 2458 ense
1167 2400 1373 2471 quibus
1413 2404 1595 2468 posset
1631 2394 1840 2471 viribus
1868 2392 2085 2452 adacto,

515 2498 859 2567 remediique
901 2497 1020 2566 ejus
1054 2496 1168 2548 vim
1205 2501 1261 2547 et
1308 2489 1607 2545 eﬂicaciam
1639 2484 1881 2556 experiri
1907 2483 2087 2554 jubet.

513 2592 689 2659 Atque
730 2588 820 2643 ille
853 2601 1014 2656 quant
1060 2583 1241 2656 potuit
1274 2580 1615 2637 validissime
1646 2592 1835 2634 ensem
1879 2577 1935 2630 in
1967 2587 2090 2629 eam

513 2684 758 2747 demisit,
790 2696 853 2734 ac
886 2680 1108 2733 beatum
1145 2677 1296 2732 illius
1328 2684 1494 2744 caput
1526 2673 1640 2745 ictu
1680 2684 1791 2726 uno
1826 2667 2090 2729 resecuit.

511 2775 888 2832 Consimiliter
922 2772 1053 2827 huic
1083 2772 1236 2841 virgo
1273 2768 1384 2822 alia
1428 2765 1751 2831 libidinosis
1773 2762 1843 2818 ad
1874 2773 2089 2831 turpem

513 2866 871 2920 concubitum
925 2865 1072 2925 data,
1108 2861 1179 2915 ad
1223 2874 1344 2914 eam
1397 2852 2090 2929 venientibus.‘putridum

512 2956 1009 3024 contagiosumque
1040 2951 1198 3004 ulcus
1228 2964 1288 3004 se
1315 2949 1369 3002 in
1406 2948 1566 3002 tectis
1606 2944 1872 3003 membris
1909 2942 2093 2998 oeculc

514 3048 693 3113 iisque
729 3044 866 3097 locis
896 3044 1097 3096 habere
1126 3040 1268 3095 dixit
1300 3057 1313 3094 :
1346 3039 1699 3108 eosdemque,
1730 3048 1791 3092 ut
1819 3036 1923 3093 sibi
1958 3036 2091 3105 ipsis

2118 1810 2166 1870 Β

2194 1841 2614 1911 ταχρίουσα.⁹Ως
2660 1842 2717 1894 δὲ
2749 1840 2927 1912 πέρας
2968 1838 3119 1911 εῖχεν
3148 1842 3287 1912 αὐτῇ
3331 1842 3365 1911 ὴ
3397 1840 3619 1904 ἐπίνοια,
3650 1854 3736 1889 πα-

2192 1938 2418 1990 τάσσειν
2466 1934 2541 1997 ώς
2570 1927 2684 2003 εἶχε
2716 1933 2793 2004 τῷ
2823 1934 2969 2004 ξίφει
3001 1934 3093 1987 τὸν
3141 1934 3362 2001 ἐκείνης
3393 1932 3591 2002 αὐχένα
3630 1934 3733 1987 έπέ-

2191 2044 2389 2081 τσττεδ
2438 2027 2539 2094 ὅση
2585 2025 2840 2095 δύναμις,
2887 2025 2982 2079 καὶ
3030 2023 3131 2096 τὴν
3191 2025 3349 2095 ἰσχὺν
3386 2024 3627 2079 ἐντεῦθεν
3654 2026 3738 2078 τοῦ

2195 2120 2489 2191 φαρμάκου
2519 2118 2837 2189 πειρᾶσθαι.
2876 2117 2936 2170 '0
2960 2117 3015 2172 δὲ
3063 2119 3261 2189 χειρῶν
3295 2119 3375 2182 ὡς
3419 2113 3562 2189 εἶχεν
3589 2121 3739 2189 Eppiu—

2198 2215 2377 2290 μένως
2420 2212 2570 2281 μάλα
2620 2211 2695 2264 τδ-
2720 2210 2873 2278 ξίφος
2920 2209 3292 2276 κατενεγκὼν,
3347 2210 3449 2280 τὴν
3497 2210 3741 2281 μακαρὴν

2195 2306 2410 2375 ἐκείνης
2462 2304 2705 2373 ἀπέτεμε
2760 2302 3030 2371 κεφαλήν.
3091 2302 3326 2369 Ἐπίσης
3371 2302 3428 2357 δὲ
3484 2304 3615 2374 αὐτῇ
3664 2302 3743 2355 καὶ

2196 2398 2334 2465 ἄλλη
2376 2397 2648 2468 παρθένος
2690 2398 2826 2467 πρὸς
2871 2393 3107 2465 αίσχρὰν
3149 2393 3296 2466 μίξιν
3343 2395 3617 2451 ἐκδοθεῖσα
3644 2397 3742 2458 τοῖς

2196 2491 2539 2554 ἀκολάστοις,
2575 2492 2686 2553 τοῖς
2733 2487 3000 2542 εἰσιοῦσιν
3047 2489 3199 2556 ἔλεγε
3254 2490 3530 2559 σηπεδόνα
3576 2489 3744 2551 ιλκους

2195 2582 2398 2638 ἐνεῖναί
2436 2583 2487 2634 oi
2518 2584 2629 2645 τοῖς
2674 2581 2785 2634 τῶν
2815 2579 3000 2651 μελῶν
3035 2582 3401 2652 ἀπορρήτοιςο
3442 2583 3534 2636 καί
3553 2599 3612 2650 γε
3640 2582 3743 2651 φεί-

2194 2675 2405 2738 δεσθαι,
2450 2672 2528 2745 μὴ
2568 2677 2633 2743 τῇ
2667 2674 2928 2743 συνουσίᾳ
2971 2673 3070 2743 τῆς
3119 2673 3275 2727 νόσου
3324 2675 3657 2744 μετάσχοιενο
3692 2673 3742 2723 ἐν

2199 2768 2464 2839 μετεώρῳ
2494 2767 2552 2821 δὲ
2580 2766 2782 2836 οεμένη
2813 2766 2911 2838 τὴν
2945 2767 3114 2838 μίξιν,
3144 2767 3287 2837 μετά
3313 2767 3414 2840 τὴν
3436 2765 3619 2837 ἐντελῆ
3644 2765 3741 2829 ἕξιν

2194 2860 2257 2913 τὸ
2286 2861 2422 2929 πρὸς
2451 2860 2656 2929 βουλῆς
2683 2859 2758 2923 ὡς
2805 2859 2969 2929 τάχος
3000 2858 3242 2914 ἀνύσειν.
3272 2860 3433 2915 Οὕτω
3462 2861 3506 2915 δ’
3530 2861 3618 2914 οὖν
3646 2862 3739 2922 τοῖς

2193 2952 2378 3020 λόγοις
2408 2953 2535 3015 τοὺς
2565 2951 2925 3022 παράφρονας
2969 2951 3211 3020 ἐραστὰς
3254 2952 3740 3023 ἀποϐουκολήσασα,

2195 3040 2602 3111 ἀπηλλάττετο,
2642 3040 2738 3093 τοῦ
2767 3039 2905 3093 Θεοῦ
2935 3041 3033 3110 τὴν
3063 3043 3430 3113 σωφροσύνην
3460 3042 3616 3113 τέχνῃ
3644 3040 3741 3093 δια-

514 3128 838 3205 parccrent,
891 3148 961 3188 ne
1014 3132 1230 3187 scilicet
1279 3130 1685 3186 consuetudine
1738 3143 1976 3184 venerea
2027 3142 2087 3182 se

2193 3136 2559 3206 τηρήσαντος.
2591 3135 2701 3188 Καὶ
2748 3134 2860 3205 γάρ
2903 3152 2987 3198 τις
3031 3137 3318 3199 νεανίσκος
3354 3138 3539 3208 ἕτερος
3567 3135 3742 3189 ἀκολου

512 3240 732 3298 quoquc
773 3242 839 3281 eo
889 3225 1032 3279 malo
1078 3223 1555 3288 contaminarent,
1612 3222 1858 3292 rogavit;
1918 3220 2121 3275 dilato'

513 3316 644 3370 l‘u-di
685 3329 1010 3386 congressus
1052 3323 1318 3384 tempore,
1343 3327 1508 3383 quam
1549 3313 1787 3382 primum
1820 3313 2087 3381 integram

513 3408 887 3463 valetudinem
938 3417 1347 3478 recuperasset,
1384 3421 1443 3461 se
1487 3405 1544 3459 in
1587 3414 1861 3476 potestate
1892 3418 2088 3458 eorum

514 3502 756 3555 l'uturatn
792 3500 1061 3570 pollicita.
1098 3498 1179 3554 Ad
1226 3498 1376 3555 hunc
1421 3502 1645 3555 modum
1692 3498 1901 3554 insanis
1940 3512 2089 3552 anta-

516 3594 728 3646 toribus
777 3592 1048 3664 deceptis,
1085 3593 1231 3649 Deus
1282 3592 1603 3662 pudicitiam
1657 3592 1778 3664 ejus
1830 3590 1922 3644 tali
1952 3600 2089 3667 vat-te

444 3732 457 3739 -
512 3670 885 3749 conservavit,
916 3693 969 3738 et
999 3699 1057 3739 se
1089 3683 1180 3738 illa
1214 3684 1282 3740 ab
1317 3684 1425 3739 illis
1457 3684 1717 3739 absolvit.
1747 3683 1903 3739 Alius
1932 3683 2090 3761 enim

514 3774 727 3842 invenis
770 3774 1021 3845 quidam,
1056 3776 1160 3832 sub
1194 3775 1445 3834 libidinis
1493 3786 1550 3831 et
1595 3775 1914 3847 petulantiae
1958 3790 2093 3846 pne-

514 3879 665 3923 textu
721 3868 1203 3925 meretricula'rum
1255 3882 1569 3926 curatorem
1622 3871 1879 3926 lenonem
1932 3884 2091 3925 acce-

517 3963 677 4024 dens,
714 3969 929 4015 nectent
965 3962 1162 4031 puellae
1195 3963 1316 4032 ejus
1350 3962 1596 4041 quinque
1629 3944 1868 4016 nummis
1907 3961 2091 4016 aureis

517 4060 814 4119 mercatus,
855 4061 912 4107 et
957 4055 1023 4107 ad
1072 4068 1193 4107 eam
1234 4055 1537 4124 ingressus,
1584 4054 1828 4108 tunicam
1865 4054 2089 4123 quidem

516 4145 632 4211 ipse
666 4159 820 4197 suam
853 4146 905 4199 ei
943 4146 1152 4216 injecit,
1187 4161 1420 4215 eamque
1467 4156 1524 4199 ut
1568 4147 1788 4215 agnosci
1822 4160 1930 4199 non
1964 4160 2090 4214 pos-

448 4268 453 4273 ι
513 4242 619 4299 τοι,
654 4236 825 4303 probe
853 4246 1165 4291 contectam
1194 4236 1346 4292 exire
1368 4236 1534 4306 jussit
1563 4253 1578 4298 ;
1619 4237 1738 4305 ipse
1774 4247 1958 4291 autem
1994 4252 2079 4290 ve-

509 4325 691 4380 stibus
731 4327 880 4381 illius
919 4330 1171 4392 amictus,
1207 4336 1264 4382 et
1300 4326 1701 4396 deprehensus,
1738 4311 2088 4398 capitis.ptL--

512 4433 637 4470 nam
665 4419 839 4474 dedit.
876 4420 1078 4473 Eodem
1116 4430 1364 4488 tempore
1395 4428 1609 4473 ascetes
1639 4419 1889 4488 quidam,
1923 4420 2089 4473 casti-

2196 3230 2319 3281 σίαν
2381 3228 2885 3298 σχηματισάμενος,
2940 3226 3021 3298 τῷ
3057 3225 3169 3280 τῶν
3219 3229 3440 3299 πορνῶν
3502 3227 3742 3296 ἐπιστάτῃ

2196 3320 2458 3390 προσιὼν,
2485 3321 2651 3373 πέντε
2667 3320 2945 3389 χρυσίνοις
2965 3319 3064 3391 τὴν
3088 3320 3335 3391 ἑσπέραν
3357 3321 3545 3375 ὠνεῖτο
3568 3336 3748 3388 συγκα-

2196 3414 2458 3484 θευδῆσαι
2503 3416 2572 3482 τῇ
2622 3413 2780 3484 κόρη
2827 3414 2923 3465 καὶ
2962 3412 3061 3481 τῆς
3115 3414 3328 3467 εἰσόδου
3375 3414 3573 3486 τυχὼν,
3606 3429 3746 3482 περι-

2196 3504 2382 3558 ϐάλλει
2434 3502 2534 3572 μὲν
2577 3503 2759 3573 ἐκείνῃ
2794 3503 2887 3557 τὸν
2917 3503 3267 3573 χιτωνίσκον,
3300 3506 3399 3560 καὶ
3436 3505 3645 3574 εὐφυῶς
3681 3503 3744 3564 ὡς

2199 3584 2272 3666 μὴ
2309 3595 2555 3663 φαίνοιτο
2587 3593 2962 3663 συγκαλύψας,
3002 3595 3319 3665 ἐπέτρεπεν
3357 3597 3571 3663 ἐξιέναι·
3605 3594 3747 3655 αὐτὸς

2192 3686 2250 3739 δὲ
2279 3688 2349 3739 τὰ
2384 3686 2600 3758 ἐκείνης
2645 3686 3089 3756 ἀμφιασάμενος,
3139 3687 3265 3751 ἐπεὶ
3309 3688 3616 3756 διέγνωστο,
3659 3685 3746 3754 τὴν

2195 3779 2445 3849 κεφαλὴν
2490 3778 2788 3851 ἀφῃρεῖτο.
2818 3778 2931 3832 Καὶ
2979 3777 3228 3850 ἀσκητὴν
3273 3780 3339 3834 δέ
3381 3798 3505 3835 τινα
3533 3780 3619 3833 τὸν
3648 3779 3747 3832 ἴσον

2194 3871 2385 3938 ἀγῶνα
2416 3858 2718 3940 διενεγκεῖν
2749 3870 3004 3940 τηνικάδε
3035 3871 3063 3923 ὁ
3093 3871 3254 3939 λόγος
3287 3871 3593 3944 ἱστόρησεν.
3612 3867 3748 3922 Ἐπεὶ

2194 3966 2301 4035 γὰρ
2328 3961 2619 4033 ἀπώμοτος
2649 3958 2740 4034 ἦν,
2768 3963 2909 4032 μετὰ
2934 3960 3137 4035 πολλὴν
3165 3964 3263 4018 καὶ
3288 3966 3568 4035 ἀπείριτον
3598 3962 3749 4032 βάσα-

2194 4068 2282 4103 νο]
2312 4053 2407 4105 ἐπὶ
2427 4052 2616 4122 κλίνης
2642 4052 2866 4122 ἥπλωτο
2894 4052 3141 4123 δέσμιος.
3172 4054 3322 4126 Γυνὴ
3358 4055 3415 4108 δὲ
3441 4052 3587 4124 αὐτῷ
3614 4054 3750 4107 ἀναι-

2193 4144 2290 4213 δὴς
2325 4146 2673 4213 ὲπαφίέτοεῆ
2715 4143 2973 4214 φιλοῦσα,
3022 4148 3119 4201 καὶ
3164 4147 3263 4211 τὰς
3315 4150 3501 4219 χεῖρας
3546 4144 3749 4211 ἀναίδην

2194 4238 2306 4298 τοῖς
2341 4234 2448 4288 τῶν
2487 4235 2666 4303 μελῶν
2697 4238 3033 4309 ἀπορρήτοις
3084 4240 3463 4310 προσάγουσα,
3503 4239 3633 4309 πρὸς
3663 4234 3749 4313 τῂν

2196 4330 2497 4399 πονηρὰνὴ
2531 4330 2756 4398 ἀναιδὴς
2785 4328 2986 4399 πρᾶξιν
3016 4330 3352 4400 ἐξεϐιάζετο,
3384 4333 3536 4387 οὐδέν
3572 4347 3618 4383 τι
3652 4328 3748 4381 τῶν

2196 4418 2416 4472 ἀτόπων
2449 4420 2714 4490 πράττειν
2745 4423 3268 4490 παραλιμττάνουσα.
3289 4425 3349 4480 Ὀ
3375 4426 3432 4477 δὲ
3460 4424 3532 4494 μή
3561 4440 3612 4475 τι
3635 4419 3748 4473 ἄλλο

508 4518 677 4565 tatem
707 4520 764 4565 et
791 4512 1025 4565 virtutes
1055 4512 1191 4565 alias
1217 4511 1323 4580 piis
1349 4511 1550 4566 studiis
1575 4511 1764 4565 sedulo
1794 4512 2087 4575 meditans,

2193 4509 2327 4579 δρᾷν
2373 4511 2531 4579 ἔχων,
2579 4510 2676 4580 τὴν
2735 4510 2871 4563 ἰδίαν
2916 4513 3166 4568 ἐκδακὼν
3212 4513 3491 4582 γλῶσσαν,
3545 4513 3636 4566 καὶ
3682 4506 3750 4576 τῷ

507 4606 702 4673 ιιεηιιιιιί
733 4604 1040 4658 deeertavit
1066 4618 1264 4674 agone.
1299 4605 1349 4660 ls
1384 4620 1507 4658 cum
1539 4607 1841 4677 expugnari
1864 4606 2091 4660 omnino

503 4712 615 4751 non
642 4699 933 4766 potuisset,
958 4698 1275 4767 nullamque
1298 4701 1635 4754 adversariis
1658 4698 1915 4753 vincendi
1935 4713 2089 4768 spem

508 4789 845 4857 reliquisset,
872 4798 994 4858 post
1025 4790 1313 4844 innumera
1345 4801 1617 4846 tormenta
1649 4792 1703 4844 in
1733 4792 1876 4843 lecto
1900 4792 2093 4844 vincu—

494 4881 575 4934 Jis
604 4879 806 4948 ligatus
853 4881 1171 4949 reponitur;
1210 4891 1267 4937 et
1305 4883 1504 4937 mulier
1538 4882 1813 4951 impudica
1854 4882 1919 4934 ad
1960 4896 2086 4935 eum

507 4972 853 5037 immittitur,
880 4988 999 5042 qua:
1025 4974 1177 5028 illum
1198 4976 1599 5045 complectens,
1625 4974 1954 5029 exosculans
1979 4982 2105 5027 nta-‘

509 5080 726 5135 nusque
756 5067 1089 5135 {petulanter
1129 5068 1196 5121 ad
1247 5069 1494 5123 membra
1538 5075 1748 5121 secreta
1796 5065 2089 5130 adhibens,

464 5200 473 5211 .
504 5158 900 5229 procacissime
929 5160 997 5215 ad
1028 5176 1141 5215 rem
1172 5160 1453 5225 illicitum,
1488 5158 1625 5213 nihil
1660 5170 1892 5229 prorsus
1922 5157 2084 5212 lasci-

505 5249 606 5304 via:
635 5260 692 5304 et
723 5250 1109 5305 illecebrarutn
1142 5252 1589 5321 prater-mittens,
1621 5251 1881 5305 concitat.
1918 5247 2081 5319 457

2199 4602 2407 4672 ξσχυρῴ
2446 4602 2542 4653 τοῦ
2586 4602 2866 4672 δήγματος
2907 4603 3179 4673 ἐκτεμὼν,
3211 4606 3304 4658 καὶ
3358 4604 3554 4666 ίκανῶς
3596 4600 3750 4667 αὐτὴν

2194 4693 2737 4765 διαμασσησάμενος,
2768 4694 2914 4748 κατὰ
2959 4695 3051 4748 τοῦ
3092 4696 3388 4768 προσώπου
3421 4695 3519 4767 τῆς
3553 4691 3750 4763 μαχλά-

2194 4784 2284 4848 δος
2317 4786 2685 4854 προσέπτυσε.
2722 4789 2830 4841 Καὶ
2863 4788 3038 4851 οὕτως
3084 4789 3265 4860 ἑαυτῷ
3297 4790 3397 4860 μὲν
3430 4788 3621 4849 πόνους
3648 4786 3750 4852 δρι-

2192 4883 2315 4948 μ;ί’ς
2358 4882 2482 4933 ἀντὶ
2529 4881 2722 4952 ἡδονῆς
2753 4923 2767 4946 ,
2801 4883 2866 4952 τῇ
2902 4881 3125 4950 ἀσελγεῖ
3164 4881 3210 4934 δ’
3261 4883 3471 4953 ἐκείνῃ,
3506 4879 3749 4948 αίσχύνην

2191 4974 2284 5025 καὶ
2324 4972 2589 5043 ἔκπληξιν
2638 4976 2734 5029 σὺν
2782 4974 2951 5045 ἀηδία
2999 4972 3457 5043 παρασκευάσας,
3502 4968 3598 5036 τῆς
3630 4980 3749 5031 σῖ⁰⁶

2191 5065 2325 5134 ὁρᾶς
2353 5065 2564 5136 ἐκείνης
2596 5066 2859 5137 ἐπηρείας
2891 5067 3193 5138 ὑπέρτερος
3219 5064 3527 5133 διαγέγονε.
3552 5057 3750 5122 Ταύτης

2189 5157 2233 5208 δ’
2257 5159 2530 5229 άνώτερος
2551 5158 2818 5226 γεγονὼς,
2845 5159 3132 5230 μαρτυρίῳ
3157 5159 3249 5211 τὸν
3280 5158 3396 5228 βίον
3427 5153 3565 5227 μετά
3589 5145 3749 5222 βραχὺ

2193 5251 2623 5320 ἑπεσφράγιζεν.

506 5346 595 5399 lile
625 5344 776 5398 aliud
816 5345 964 5414 quod
1004 5344 1215 5399 faceret
1260 5358 1368 5396 non
1421 5342 1651 5407 habens,
1685 5342 1929 5412 linguam
1970 5342 2088 5411 ipse
2129 5356 2284 5395 suam
2353 5358 2543 5397 morsu
2578 5342 2881 5407 concisam,
2949 5343 3321 5413 dentibusque
3354 5338 3745 5396 comminutatn.

506 5445 560 5497 in
593 5440 789 5495 facient
824 5441 1134 5496 meretricis
1162 5439 1402 5509 exspuit.
1441 5438 1558 5505 Qua
1590 5455 1647 5494 re
1679 5440 1781 5494 Stbi
1853 5438 1969 5508 ipse
2033 5439 2253 5508 quidem
2322 5455 2421 5509 pro
2456 5439 2731 5511 voluptate
2762 5455 2917 5494 acres
2953 5439 3193 5507 dolores,
3231 5435 3520 5507 impudicae
3580 5440 3746 5487 autem

2193 5660 2247 5722 et
2278 5640 2429 5722 otnni
2456 5658 2631 5722 morte
2666 5650 2911 5720 reputari
2944 5664 3082 5707 :nec
3106 5651 3406 5722 quidquam
3440 5654 3610 5702 tamen
3631 5652 3749 5710 (“'0‘-

524 5648 706 5727 'L(l_)r
739 5648 874 5702 Nam
932 5657 1007 5727 et.
1031 5646 1274 5715 proxime
1338 5645 1733 5727 aii-lenonem,
1766 5646 2079 5727 damnando

2195 5719 2318 5775 fuit.
2348 5720 2599 5791 (Tertull.
2634 5722 2713 5790 9.)

500 5712 874 5774 (Christianam
898 5712 1080 5787 potius
1109 5730 1275 5785 quam
1311 5717 1378 5777 ad
1418 5712 1922 5781 lmnem,‘confcssi
1948 5719 2085 5772 estis

507 5789 685 5843 labem
718 5788 998 5857 pudicitiae
1031 5789 1176 5854 apud
1222 5803 1322 5841 nos
1358 5788 1685 5842 atrociorem
1731 5790 1880 5844 omni
1921 5803 2085 5859 pmna
