  <div class='ocr_page' id='page_1' title='image "/cluster/home/n/w/nwhite01/storage/ocr_20150623/145:no.1/coo.31924054870500/624.png"; bbox 0 0 4052 6464; ppageno 0'>
   <div class='ocr_carea' id='block_1_1' title="bbox 322 496 454 558">
    <p class='ocr_par' dir='ltr' id='par_1_1' title="bbox 322 496 454 558">
     <span class='ocr_line' id='line_1_1' title="bbox 322 496 454 558; baseline 0.008 -1"><span class='ocrx_word' id='word_1_1' title='bbox 322 496 454 558; x_wconf 70' lang='lat'><strong>1933</strong></span> 
     </span>
    </p>
   </div>
   <div class='ocr_carea' id='block_1_2' title="bbox 321 610 1770 681">
    <p class='ocr_par' dir='ltr' id='par_1_2' title="bbox 321 610 1770 681">
     <span class='ocr_line' id='line_1_2' title="bbox 321 610 1770 681; baseline -0.002 -14"><span class='ocrx_word' id='word_1_2' title='bbox 321 616 393 667; x_wconf 85' lang='lat' dir='ltr'><strong>illi</strong></span> <span class='ocrx_word' id='word_1_3' title='bbox 430 612 692 681; x_wconf 80' lang='lat' dir='ltr'><strong>probrum</strong></span> <span class='ocrx_word' id='word_1_4' title='bbox 735 621 900 679; x_wconf 88' lang='lat' dir='ltr'><strong>atque</strong></span> <span class='ocrx_word' id='word_1_5' title='bbox 945 621 1226 680; x_wconf 87' lang='lat' dir='ltr'><strong>stuporem</strong></span> <span class='ocrx_word' id='word_1_6' title='bbox 1260 626 1382 663; x_wconf 91' lang='lat' dir='ltr'><strong>cum</strong></span> <span class='ocrx_word' id='word_1_7' title='bbox 1451 610 1770 674; x_wconf 84' lang='lat' dir='ltr'><strong>acerbitate,</strong></span> 
     </span>
    </p>
   </div>
   <div class='ocr_carea' id='block_1_3' title="bbox 1233 493 2626 558">
    <p class='ocr_par' dir='ltr' id='par_1_3' title="bbox 1233 493 2626 558">
     <span class='ocr_line' id='line_1_3' title="bbox 1233 493 2626 558; baseline 0.002 -6"><span class='ocrx_word' id='word_1_8' title='bbox 1233 493 1832 556; x_wconf 72' lang='lat' dir='ltr'><strong>ECCLESIAS&#39;I‘IC.E</strong></span> <span class='ocrx_word' id='word_1_9' title='bbox 1873 493 2259 554; x_wconf 70' lang='lat' dir='ltr'><strong>HISTORle</strong></span> <span class='ocrx_word' id='word_1_10' title='bbox 2297 496 2444 558; x_wconf 88' lang='lat' dir='ltr'><strong>LIB.</strong></span> <span class='ocrx_word' id='word_1_11' title='bbox 2493 496 2626 556; x_wconf 74' lang='grc' dir='ltr'><strong>νη.</strong></span> 
     </span>
    </p>
   </div>
   <div class='ocr_carea' id='block_1_4' title="bbox 3439 495 3579 561">
    <p class='ocr_par' dir='ltr' id='par_1_4' title="bbox 3439 495 3579 561">
     <span class='ocr_line' id='line_1_4' title="bbox 3439 495 3579 561; baseline 0.036 -4"><span class='ocrx_word' id='word_1_12' title='bbox 3439 495 3579 561; x_wconf 65' lang='grc'><strong>1234</strong></span> 
     </span>
    </p>
   </div>
   <div class='ocr_carea' id='block_1_5' title="bbox 1847 610 3574 670">
    <p class='ocr_par' dir='ltr' id='par_1_5' title="bbox 1847 610 3574 670">
     <span class='ocr_line' id='line_1_5' title="bbox 1847 610 3574 670; baseline 0.001 -8"><span class='ocrx_word' id='word_1_13' title='bbox 1847 619 1956 663; x_wconf 83' lang='lat' dir='ltr'><strong>tam</strong></span> <span class='ocrx_word' id='word_1_14' title='bbox 1999 610 2414 666; x_wconf 87' lang='lat' dir='ltr'><strong>vehementibus</strong></span> <span class='ocrx_word' id='word_1_15' title='bbox 2481 615 2592 667; x_wconf 80' lang='lat' dir='ltr'><strong>illis</strong></span> <span class='ocrx_word' id='word_1_16' title='bbox 2659 613 3046 668; x_wconf 87' lang='lat' dir='ltr'><strong>illecebrarum</strong></span> <span class='ocrx_word' id='word_1_17' title='bbox 3117 614 3574 670; x_wconf 78' lang='lat' dir='ltr'><strong>insultationihus</strong></span> 
     </span>
    </p>
   </div>
   <div class='ocr_carea' id='block_1_6' title="bbox 321 703 3579 781">
    <p class='ocr_par' dir='ltr' id='par_1_6' title="bbox 321 703 3579 781">
     <span class='ocr_line' id='line_1_6' title="bbox 321 703 3579 781; baseline -0.001 -17"><span class='ocrx_word' id='word_1_18' title='bbox 321 709 603 780; x_wconf 85' lang='lat' dir='ltr'><strong>superior,</strong></span> <span class='ocrx_word' id='word_1_19' title='bbox 639 703 1080 761; x_wconf 53' lang='lat' dir='ltr'><strong>conciliat/itht</strong></span> <span class='ocrx_word' id='word_1_20' title='bbox 1115 707 1276 761; x_wconf 90' lang='lat' dir='ltr'><strong>sicuti</strong></span> <span class='ocrx_word' id='word_1_21' title='bbox 1314 707 1368 760; x_wconf 92' lang='lat' dir='ltr'><strong>in</strong></span> <span class='ocrx_word' id='word_1_22' title='bbox 1400 707 1704 762; x_wconf 86' lang='lat' dir='ltr'><strong>certamine</strong></span> <span class='ocrx_word' id='word_1_23' title='bbox 1779 705 2057 776; x_wconf 70' lang='lat' dir='ltr'><strong>pudicitia:</strong></span> <span class='ocrx_word' id='word_1_24' title='bbox 2121 707 2389 762; x_wconf 87' lang='lat' dir='ltr'><strong>adversus</strong></span> <span class='ocrx_word' id='word_1_25' title='bbox 2454 725 2575 764; x_wconf 82' lang='lat' dir='ltr'><strong>eam</strong></span> <span class='ocrx_word' id='word_1_26' title='bbox 2623 711 2801 765; x_wconf 89' lang='lat' dir='ltr'><strong>victor</strong></span> <span class='ocrx_word' id='word_1_27' title='bbox 2876 710 3000 774; x_wconf 92' lang='lat' dir='ltr'><strong>fuit,</strong></span> <span class='ocrx_word' id='word_1_28' title='bbox 3034 711 3105 764; x_wconf 83' lang='lat' dir='ltr'><strong>ita</strong></span> <span class='ocrx_word' id='word_1_29' title='bbox 3139 710 3301 781; x_wconf 87' lang='lat' dir='ltr'><strong>paulo</strong></span> <span class='ocrx_word' id='word_1_30' title='bbox 3341 720 3465 778; x_wconf 88' lang='lat' dir='ltr'><strong>post</strong></span> <span class='ocrx_word' id='word_1_31' title='bbox 3503 709 3579 759; x_wconf 86' lang='lat' dir='ltr'><strong>vi-</strong></span> 
     </span>
    </p>
   </div>
   <div class='ocr_carea' id='block_1_7' title="bbox 322 801 1346 875">
    <p class='ocr_par' dir='ltr' id='par_1_7' title="bbox 322 801 1346 875">
     <span class='ocr_line' id='line_1_7' title="bbox 322 801 1346 875; baseline -0.001 -16"><span class='ocrx_word' id='word_1_32' title='bbox 322 817 429 859; x_wconf 71' lang='lat' dir='ltr'><strong>tam</strong></span> <span class='ocrx_word' id='word_1_33' title='bbox 471 803 721 874; x_wconf 79' lang='lat' dir='ltr'><strong>martyrii</strong></span> <span class='ocrx_word' id='word_1_34' title='bbox 745 803 936 875; x_wconf 80' lang='lat' dir='ltr'><strong>sigillo</strong></span> <span class='ocrx_word' id='word_1_35' title='bbox 974 801 1346 858; x_wconf 86' lang='lat' dir='ltr'><strong>confirmavit.</strong></span> 
     </span>
    </p>
   </div>
   <div class='ocr_carea' id='block_1_8' title="bbox 914 945 1304 1000">
    <p class='ocr_par' dir='ltr' id='par_1_8' title="bbox 914 945 1304 1000">
     <span class='ocr_line' id='line_1_8' title="bbox 914 945 1304 1000; baseline 0.005 -2"><span class='ocrx_word' id='word_1_36' title='bbox 914 947 955 998; x_wconf 88' lang='lat' dir='ltr'><strong>K</strong></span> <span class='ocrx_word' id='word_1_37' title='bbox 967 945 1139 998; x_wconf 78' lang='grc' dir='ltr'><strong>ΕΦΑΛ</strong></span> <span class='ocrx_word' id='word_1_38' title='bbox 1150 984 1162 999; x_wconf 93' lang='grc'>.</span> <span class='ocrx_word' id='word_1_39' title='bbox 1207 948 1304 1000; x_wconf 82' lang='grc' dir='ltr'><strong>1Δ’.</strong></span> 
     </span>
    </p>
   </div>
   <div class='ocr_carea' id='block_1_9' title="bbox 322 1053 1901 1125">
    <p class='ocr_par' dir='ltr' id='par_1_9' title="bbox 322 1053 1901 1125">
     <span class='ocr_line' id='line_1_9' title="bbox 322 1053 1901 1125; baseline -0.008 -11"><span class='ocrx_word' id='word_1_40' title='bbox 322 1064 461 1125; x_wconf 75' lang='grc' dir='ltr'>Περὶ</span> <span class='ocrx_word' id='word_1_41' title='bbox 520 1061 626 1112; x_wconf 81' lang='grc' dir='ltr'><strong>τοῦ</strong></span> <span class='ocrx_word' id='word_1_42' title='bbox 659 1059 831 1125; x_wconf 72' lang='grc' dir='ltr'>ἁγίου</span> <span class='ocrx_word' id='word_1_43' title='bbox 889 1056 1386 1123; x_wconf 77' lang='grc' dir='ltr'>ιιαντελεήμονος</span> <span class='ocrx_word' id='word_1_44' title='bbox 1440 1057 1537 1109; x_wconf 77' lang='grc' dir='ltr'>καὶ</span> <span class='ocrx_word' id='word_1_45' title='bbox 1587 1053 1692 1107; x_wconf 81' lang='grc' dir='ltr'><strong>τοῦ</strong></span> <span class='ocrx_word' id='word_1_46' title='bbox 1729 1053 1901 1125; x_wconf 72' lang='grc' dir='ltr'>ἁγίου</span> 
     </span>
    </p>
   </div>
   <div class='ocr_carea' id='block_1_10' title="bbox 397 1123 1902 1196">
    <p class='ocr_par' dir='ltr' id='par_1_10' title="bbox 397 1123 1902 1196">
     <span class='ocr_line' id='line_1_10' title="bbox 397 1123 1902 1196; baseline -0.005 -13"><span class='ocrx_word' id='word_1_47' title='bbox 397 1123 794 1196; x_wconf 70' lang='grc' dir='ltr'>Εὺστρατίου,</span> <span class='ocrx_word' id='word_1_48' title='bbox 827 1128 925 1180; x_wconf 77' lang='grc' dir='ltr'><strong>καί</strong></span> <span class='ocrx_word' id='word_1_49' title='bbox 949 1126 1054 1193; x_wconf 81' lang='grc' dir='ltr'>τῆς</span> <span class='ocrx_word' id='word_1_50' title='bbox 1084 1127 1382 1191; x_wconf 82' lang='grc' dir='ltr'><strong>συνοδίας</strong></span> <span class='ocrx_word' id='word_1_51' title='bbox 1416 1125 1611 1179; x_wconf 74' lang='grc' dir='ltr'>αὑτοῦ</span> <span class='ocrx_word' id='word_1_52' title='bbox 1651 1126 1748 1178; x_wconf 79' lang='grc' dir='ltr'><strong>καί</strong></span> <span class='ocrx_word' id='word_1_53' title='bbox 1775 1123 1902 1177; x_wconf 71' lang='grc' dir='ltr'><strong>ἐτέο</strong></span> 
     </span>
    </p>
   </div>
   <div class='ocr_carea' id='block_1_11' title="bbox 390 1199 1184 1267">
    <p class='ocr_par' dir='ltr' id='par_1_11' title="bbox 390 1199 1184 1267">
     <span class='ocr_line' id='line_1_11' title="bbox 390 1199 1184 1267; baseline -0.003 -15"><span class='ocrx_word' id='word_1_54' title='bbox 390 1219 511 1267; x_wconf 77' lang='grc' dir='ltr'>ρων</span> <span class='ocrx_word' id='word_1_55' title='bbox 541 1200 818 1267; x_wconf 74' lang='grc' dir='ltr'>μεγάλων</span> <span class='ocrx_word' id='word_1_56' title='bbox 846 1199 1184 1266; x_wconf 77' lang='grc' dir='ltr'>μαρτύρων.</span> 
     </span>
    </p>
   </div>
   <div class='ocr_carea' id='block_1_12' title="bbox 401 1311 1899 1377">
    <p class='ocr_par' dir='ltr' id='par_1_12' title="bbox 401 1311 1899 1377">
     <span class='ocr_line' id='line_1_12' title="bbox 401 1311 1899 1377; baseline -0.006 -9"><span class='ocrx_word' id='word_1_57' title='bbox 401 1319 587 1368; x_wconf 78' lang='grc' dir='ltr'>Ἐτεσι</span> <span class='ocrx_word' id='word_1_58' title='bbox 621 1316 666 1368; x_wconf 80' lang='grc' dir='ltr'>δ’</span> <span class='ocrx_word' id='word_1_59' title='bbox 700 1314 938 1377; x_wconf 81' lang='grc' dir='ltr'>ἐκείνοις</span> <span class='ocrx_word' id='word_1_60' title='bbox 971 1317 1065 1364; x_wconf 78' lang='grc' dir='ltr'><strong>καὶ</strong></span> <span class='ocrx_word' id='word_1_61' title='bbox 1108 1312 1450 1377; x_wconf 81' lang='grc' dir='ltr'>Παντολέων,</span> <span class='ocrx_word' id='word_1_62' title='bbox 1478 1313 1505 1364; x_wconf 78' lang='grc' dir='ltr'>ὁ</span> <span class='ocrx_word' id='word_1_63' title='bbox 1552 1311 1644 1363; x_wconf 81' lang='grc' dir='ltr'><strong>καὶ</strong></span> <span class='ocrx_word' id='word_1_64' title='bbox 1695 1311 1899 1361; x_wconf 86' lang='grc' dir='ltr'>Παντε-</span> 
     </span>
    </p>
   </div>
   <div class='ocr_carea' id='block_1_13' title="bbox 325 1391 1904 1476">
    <p class='ocr_par' dir='ltr' id='par_1_13' title="bbox 325 1391 1904 1476">
     <span class='ocr_line' id='line_1_13' title="bbox 325 1391 1904 1476; baseline -0.004 -17"><span class='ocrx_word' id='word_1_65' title='bbox 325 1391 999 1476; x_wconf 67' lang='grc' dir='ltr'>).εὴμων,ἀνεγε.ιωρίζετο,</span> <span class='ocrx_word' id='word_1_66' title='bbox 1051 1406 1231 1471; x_wconf 83' lang='grc' dir='ltr'>λόγοις</span> <span class='ocrx_word' id='word_1_67' title='bbox 1283 1406 1378 1456; x_wconf 74' lang='grc' dir='ltr'>καὶ</span> <span class='ocrx_word' id='word_1_68' title='bbox 1410 1404 1589 1472; x_wconf 73' lang='grc' dir='ltr'>ἔργοις</span> <span class='ocrx_word' id='word_1_69' title='bbox 1641 1403 1736 1454; x_wconf 73' lang='grc' dir='ltr'>καὶ</span> <span class='ocrx_word' id='word_1_70' title='bbox 1771 1400 1904 1455; x_wconf 78' lang='grc' dir='ltr'><strong>θαύ-</strong></span> 
     </span>
    </p>
   </div>
   <div class='ocr_carea' id='block_1_14' title="bbox 327 1489 1905 1574">
    <p class='ocr_par' dir='ltr' id='par_1_14' title="bbox 327 1489 1905 1574">
     <span class='ocr_line' id='line_1_14' title="bbox 327 1489 1905 1574; baseline -0.005 -20"><span class='ocrx_word' id='word_1_71' title='bbox 327 1519 462 1572; x_wconf 85' lang='grc' dir='ltr'>μασι</span> <span class='ocrx_word' id='word_1_72' title='bbox 496 1502 741 1574; x_wconf 77' lang='grc' dir='ltr'>τεράτων</span> <span class='ocrx_word' id='word_1_73' title='bbox 769 1499 862 1550; x_wconf 80' lang='grc' dir='ltr'><strong>τὸν</strong></span> <span class='ocrx_word' id='word_1_74' title='bbox 895 1499 1132 1566; x_wconf 70' lang='grc' dir='ltr'>Χριστὸν</span> <span class='ocrx_word' id='word_1_75' title='bbox 1164 1496 1405 1565; x_wconf 68' lang='grc' dir='ltr'>ἀνυψῶν·</span> <span class='ocrx_word' id='word_1_76' title='bbox 1447 1497 1634 1563; x_wconf 76' lang='grc' dir='ltr'>ἔργοις</span> <span class='ocrx_word' id='word_1_77' title='bbox 1685 1495 1787 1564; x_wconf 87' lang='grc' dir='ltr'><strong>μὲν</strong></span> <span class='ocrx_word' id='word_1_78' title='bbox 1823 1489 1905 1557; x_wconf 85' lang='grc' dir='ltr'>οἷς</span> 
     </span>
    </p>
   </div>
   <div class='ocr_carea' id='block_1_15' title="bbox 325 1588 1905 1664">
    <p class='ocr_par' dir='ltr' id='par_1_15' title="bbox 325 1588 1905 1664">
     <span class='ocr_line' id='line_1_15' title="bbox 325 1588 1905 1664; baseline -0.005 -17"><span class='ocrx_word' id='word_1_79' title='bbox 325 1596 462 1664; x_wconf 81' lang='grc' dir='ltr'>πρὸς</span> <span class='ocrx_word' id='word_1_80' title='bbox 514 1593 878 1653; x_wconf 82' lang='grc' dir='ltr'>ἀνυποίστους</span> <span class='ocrx_word' id='word_1_81' title='bbox 930 1591 1157 1659; x_wconf 77' lang='grc' dir='ltr'>ἀντέσχε</span> <span class='ocrx_word' id='word_1_82' title='bbox 1203 1590 1479 1649; x_wconf 70' lang='grc' dir='ltr'>κολάσεις,</span> <span class='ocrx_word' id='word_1_83' title='bbox 1511 1589 1720 1658; x_wconf 81' lang='grc' dir='ltr'>σιδήρῳ</span> <span class='ocrx_word' id='word_1_84' title='bbox 1751 1588 1905 1656; x_wconf 78' lang='grc' dir='ltr'>’τέμ-</span> 
     </span>
    </p>
   </div>
   <div class='ocr_carea' id='block_1_16' title="bbox 327 1680 1904 1753">
    <p class='ocr_par' dir='ltr' id='par_1_16' title="bbox 327 1680 1904 1753">
     <span class='ocr_line' id='line_1_16' title="bbox 327 1680 1904 1753; baseline -0.003 -18"><span class='ocrx_word' id='word_1_85' title='bbox 327 1706 472 1739; x_wconf 77' lang='grc' dir='ltr'>νοντι</span> <span class='ocrx_word' id='word_1_86' title='bbox 508 1690 601 1740; x_wconf 68' lang='grc' dir='ltr'><strong>καὶ</strong></span> <span class='ocrx_word' id='word_1_87' title='bbox 635 1685 874 1753; x_wconf 76' lang='grc' dir='ltr'>μολίϐδῳ</span> <span class='ocrx_word' id='word_1_88' title='bbox 902 1685 1102 1748; x_wconf 76' lang='grc' dir='ltr'>ζέοντι,</span> <span class='ocrx_word' id='word_1_89' title='bbox 1134 1683 1314 1752; x_wconf 86' lang='grc' dir='ltr'>τροχῷ</span> <span class='ocrx_word' id='word_1_90' title='bbox 1341 1699 1396 1735; x_wconf 87' lang='grc' dir='ltr'><strong>τε</strong></span> <span class='ocrx_word' id='word_1_91' title='bbox 1424 1681 1715 1734; x_wconf 82' lang='grc' dir='ltr'>διαολῶντι</span> <span class='ocrx_word' id='word_1_92' title='bbox 1743 1680 1904 1750; x_wconf 81' lang='grc' dir='ltr'>μέλη,</span> 
     </span>
    </p>
   </div>
   <div class='ocr_carea' id='block_1_17' title="bbox 325 1772 1908 1844">
    <p class='ocr_par' dir='ltr' id='par_1_17' title="bbox 325 1772 1908 1844">
     <span class='ocr_line' id='line_1_17' title="bbox 325 1772 1908 1844; baseline -0.002 -15"><span class='ocrx_word' id='word_1_93' title='bbox 325 1777 592 1844; x_wconf 78' lang='grc' dir='ltr'>γεννικῶς</span> <span class='ocrx_word' id='word_1_94' title='bbox 626 1778 970 1844; x_wconf 79' lang='grc' dir='ltr'><strong>όιπεμόιχετο⁹</strong></span> <span class='ocrx_word' id='word_1_95' title='bbox 1001 1775 1372 1844; x_wconf 77' lang='grc' dir='ltr'>ἐποχούμενός</span> <span class='ocrx_word' id='word_1_96' title='bbox 1401 1791 1463 1826; x_wconf 90' lang='grc' dir='ltr'><strong>τε</strong></span> <span class='ocrx_word' id='word_1_97' title='bbox 1492 1772 1683 1836; x_wconf 80' lang='grc' dir='ltr'>νώτοις</span> <span class='ocrx_word' id='word_1_98' title='bbox 1712 1773 1908 1826; x_wconf 87' lang='grc' dir='ltr'>Οαλάτ-</span> 
     </span>
    </p>
   </div>
   <div class='ocr_carea' id='block_1_18' title="bbox 325 1861 1907 1936">
    <p class='ocr_par' dir='ltr' id='par_1_18' title="bbox 325 1861 1907 1936">
     <span class='ocr_line' id='line_1_18' title="bbox 325 1861 1907 1936; baseline -0.003 -14"><span class='ocrx_word' id='word_1_99' title='bbox 325 1887 444 1935; x_wconf 80' lang='grc' dir='ltr'>της,</span> <span class='ocrx_word' id='word_1_100' title='bbox 495 1871 590 1922; x_wconf 81' lang='grc' dir='ltr'><strong>τὸν</strong></span> <span class='ocrx_word' id='word_1_101' title='bbox 652 1869 906 1936; x_wconf 80' lang='grc' dir='ltr'>μυλιαίον</span> <span class='ocrx_word' id='word_1_102' title='bbox 962 1868 1130 1928; x_wconf 77' lang='grc' dir='ltr'>λίθον,</span> <span class='ocrx_word' id='word_1_103' title='bbox 1188 1861 1277 1918; x_wconf 74' lang='grc' dir='ltr'><strong>οἷά</strong></span> <span class='ocrx_word' id='word_1_104' title='bbox 1332 1883 1384 1918; x_wconf 88' lang='grc' dir='ltr'><strong>τι</strong></span> <span class='ocrx_word' id='word_1_105' title='bbox 1447 1864 1654 1932; x_wconf 80' lang='grc' dir='ltr'>κοῦφον</span> <span class='ocrx_word' id='word_1_106' title='bbox 1705 1866 1907 1934; x_wconf 80' lang='grc' dir='ltr'>πτερὸν</span> 
     </span>
    </p>
   </div>
   <div class='ocr_carea' id='block_1_19' title="bbox 325 1955 1908 2026">
    <p class='ocr_par' dir='ltr' id='par_1_19' title="bbox 325 1955 1908 2026">
     <span class='ocr_line' id='line_1_19' title="bbox 325 1955 1908 2026; baseline -0.001 -17"><span class='ocrx_word' id='word_1_107' title='bbox 325 1959 648 2024; x_wconf 74' lang='grc' dir='ltr'>ὲπεσύρετο*</span> <span class='ocrx_word' id='word_1_108' title='bbox 688 1961 780 2011; x_wconf 79' lang='grc' dir='ltr'><strong>καὶ</strong></span> <span class='ocrx_word' id='word_1_109' title='bbox 830 1961 1168 2026; x_wconf 74' lang='grc' dir='ltr'>κατωρχεῖτο</span> <span class='ocrx_word' id='word_1_110' title='bbox 1220 1957 1314 2009; x_wconf 87' lang='grc' dir='ltr'><strong>τοῦ</strong></span> <span class='ocrx_word' id='word_1_111' title='bbox 1357 1957 1654 2024; x_wconf 79' lang='grc' dir='ltr'>πελάγους,</span> <span class='ocrx_word' id='word_1_112' title='bbox 1703 1955 1773 2018; x_wconf 83' lang='grc' dir='ltr'>ὡς</span> <span class='ocrx_word' id='word_1_113' title='bbox 1818 1957 1908 2008; x_wconf 72' lang='grc' dir='ltr'><strong>ἐπὶ</strong></span> 
     </span>
    </p>
   </div>
   <div class='ocr_carea' id='block_1_20' title="bbox 326 2049 1911 2120">
    <p class='ocr_par' dir='ltr' id='par_1_20' title="bbox 326 2049 1911 2120">
     <span class='ocr_line' id='line_1_20' title="bbox 326 2049 1911 2120; baseline -0.001 -17"><span class='ocrx_word' id='word_1_114' title='bbox 326 2053 496 2120; x_wconf 79' lang='grc' dir='ltr'>ξηροῦ</span> <span class='ocrx_word' id='word_1_115' title='bbox 549 2052 644 2103; x_wconf 86' lang='grc' dir='ltr'><strong>τοῦ</strong></span> <span class='ocrx_word' id='word_1_116' title='bbox 699 2053 932 2120; x_wconf 74' lang='grc' dir='ltr'>ἐδάφους</span> <span class='ocrx_word' id='word_1_117' title='bbox 978 2051 1443 2119; x_wconf 63' lang='grc' dir='ltr'>ὑπεραλλόμενος·</span> <span class='ocrx_word' id='word_1_118' title='bbox 1493 2050 1679 2120; x_wconf 81' lang='grc' dir='ltr'>θηρῶν</span> <span class='ocrx_word' id='word_1_119' title='bbox 1713 2068 1770 2100; x_wconf 87' lang='grc' dir='ltr'><strong>τε</strong></span> <span class='ocrx_word' id='word_1_120' title='bbox 1815 2049 1911 2102; x_wconf 79' lang='grc' dir='ltr'>καὶ</span> 
     </span>
    </p>
   </div>
   <div class='ocr_carea' id='block_1_21' title="bbox 329 2138 1910 2213">
    <p class='ocr_par' dir='ltr' id='par_1_21' title="bbox 329 2138 1910 2213">
     <span class='ocr_line' id='line_1_21' title="bbox 329 2138 1910 2213; baseline 0 -19"><span class='ocrx_word' id='word_1_121' title='bbox 329 2145 502 2211; x_wconf 78' lang='grc' dir='ltr'>ξιφῶν</span> <span class='ocrx_word' id='word_1_122' title='bbox 556 2144 861 2212; x_wconf 82' lang='grc' dir='ltr'>ὑπέρτερος</span> <span class='ocrx_word' id='word_1_123' title='bbox 898 2138 966 2212; x_wconf 84' lang='grc' dir='ltr'>ἦν</span> <span class='ocrx_word' id='word_1_124' title='bbox 1018 2143 1237 2210; x_wconf 77' lang='grc' dir='ltr'>σύναιμα</span> <span class='ocrx_word' id='word_1_125' title='bbox 1285 2143 1574 2212; x_wconf 68' lang='grc' dir='ltr'>Ἑρμολάῳ</span> <span class='ocrx_word' id='word_1_126' title='bbox 1626 2142 1704 2212; x_wconf 82' lang='grc' dir='ltr'>τῷ</span> <span class='ocrx_word' id='word_1_127' title='bbox 1752 2144 1910 2213; x_wconf 84' lang='grc' dir='ltr'>ίερεῖ,</span> 
     </span>
    </p>
   </div>
   <div class='ocr_carea' id='block_1_22' title="bbox 2590 944 2995 1003">
    <p class='ocr_par' dir='ltr' id='par_1_22' title="bbox 2590 944 2995 1003">
     <span class='ocr_line' id='line_1_22' title="bbox 2590 944 2995 1003; baseline 0 -4"><span class='ocrx_word' id='word_1_128' title='bbox 2590 944 2814 1003; x_wconf 80' lang='lat' dir='ltr'><strong>CAPUT</strong></span> <span class='ocrx_word' id='word_1_129' title='bbox 2857 945 2995 1000; x_wconf 80' lang='lat' dir='ltr'><strong>XIV.</strong></span> 
     </span>
    </p>
   </div>
   <div class='ocr_carea' id='block_1_23' title="bbox 2011 1057 3637 1124">
    <p class='ocr_par' dir='ltr' id='par_1_23' title="bbox 2011 1057 3637 1124">
     <span class='ocr_line' id='line_1_23' title="bbox 2011 1057 3637 1124; baseline 0.003 -15"><span class='ocrx_word' id='word_1_130' title='bbox 2011 1057 2086 1110; x_wconf 82' lang='lat' dir='ltr'><strong>De</strong></span> <span class='ocrx_word' id='word_1_131' title='bbox 2116 1066 2297 1110; x_wconf 79' lang='lat' dir='ltr'><strong>sancto</strong></span> <span class='ocrx_word' id='word_1_132' title='bbox 2346 1057 2769 1122; x_wconf 79' lang='lat' dir='ltr'><strong>Panteleemonc,</strong></span> <span class='ocrx_word' id='word_1_133' title='bbox 2800 1071 2844 1113; x_wconf 78' lang='lat' dir='ltr'><strong>rt</strong></span> <span class='ocrx_word' id='word_1_134' title='bbox 2877 1071 3060 1114; x_wconf 81' lang='lat' dir='ltr'><strong>sancto</strong></span> <span class='ocrx_word' id='word_1_135' title='bbox 3099 1062 3388 1124; x_wconf 77' lang='lat' dir='ltr'><strong>Eustmtio,</strong></span> <span class='ocrx_word' id='word_1_136' title='bbox 3422 1064 3584 1114; x_wconf 81' lang='lat' dir='ltr'><strong>comi-</strong></span> <span class='ocrx_word' id='word_1_137' title='bbox 3634 1073 3637 1076; x_wconf 87' lang='lat'>&#39;</span> 
     </span>
    </p>
   </div>
   <div class='ocr_carea' id='block_1_24' title="bbox 2080 1130 3511 1203">
    <p class='ocr_par' dir='ltr' id='par_1_24' title="bbox 2080 1130 3511 1203">
     <span class='ocr_line' id='line_1_24' title="bbox 2080 1130 3511 1203; baseline 0.003 -23"><span class='ocrx_word' id='word_1_138' title='bbox 2080 1137 2299 1199; x_wconf 78' lang='lat' dir='ltr'><strong>tutaque</strong></span> <span class='ocrx_word' id='word_1_139' title='bbox 2331 1130 2582 1197; x_wconf 81' lang='lat' dir='ltr'><strong>ejusdem,</strong></span> <span class='ocrx_word' id='word_1_140' title='bbox 2620 1141 2667 1186; x_wconf 77' lang='grc' dir='ltr'>ει</span> <span class='ocrx_word' id='word_1_141' title='bbox 2696 1134 2758 1186; x_wconf 82' lang='lat' dir='ltr'><strong>de</strong></span> <span class='ocrx_word' id='word_1_142' title='bbox 2784 1132 2902 1185; x_wconf 79' lang='lat' dir='ltr'><strong>aliis</strong></span> <span class='ocrx_word' id='word_1_143' title='bbox 2928 1134 3132 1201; x_wconf 64' lang='lat' dir='ltr'><strong>mugptis</strong></span> <span class='ocrx_word' id='word_1_144' title='bbox 3172 1134 3511 1203; x_wconf 69' lang='lat' dir='ltr'><strong>martyribus.</strong></span> 
     </span>
    </p>
   </div>
   <div class='ocr_carea' id='block_1_25' title="bbox 2081 1314 3585 1384">
    <p class='ocr_par' dir='ltr' id='par_1_25' title="bbox 2081 1314 3585 1384">
     <span class='ocr_line' id='line_1_25' title="bbox 2081 1314 3585 1384; baseline -0.001 -18"><span class='ocrx_word' id='word_1_145' title='bbox 2081 1314 2282 1368; x_wconf 86' lang='lat' dir='ltr'><strong>Eadem</strong></span> <span class='ocrx_word' id='word_1_146' title='bbox 2334 1325 2663 1384; x_wconf 89' lang='lat' dir='ltr'><strong>tempestate</strong></span> <span class='ocrx_word' id='word_1_147' title='bbox 2704 1324 2759 1369; x_wconf 90' lang='lat' dir='ltr'><strong>et</strong></span> <span class='ocrx_word' id='word_1_148' title='bbox 2805 1317 3126 1379; x_wconf 77' lang='lat' dir='ltr'><strong>Pantaleon,</strong></span> <span class='ocrx_word' id='word_1_149' title='bbox 3164 1316 3255 1384; x_wconf 86' lang='lat' dir='ltr'><strong>qui</strong></span> <span class='ocrx_word' id='word_1_150' title='bbox 3297 1324 3353 1369; x_wconf 89' lang='lat' dir='ltr'><strong>et</strong></span> <span class='ocrx_word' id='word_1_151' title='bbox 3390 1317 3585 1370; x_wconf 77' lang='lat' dir='ltr'><strong>Panto-</strong></span> 
     </span>
    </p>
   </div>
   <div class='ocr_carea' id='block_1_26' title="bbox 2009 1406 3580 1476">
    <p class='ocr_par' dir='ltr' id='par_1_26' title="bbox 2009 1406 3580 1476">
     <span class='ocr_line' id='line_1_26' title="bbox 2009 1406 3580 1476; baseline 0.001 -17"><span class='ocrx_word' id='word_1_152' title='bbox 2009 1406 2222 1459; x_wconf 89' lang='lat' dir='ltr'><strong>lcemon</strong></span> <span class='ocrx_word' id='word_1_153' title='bbox 2262 1407 2442 1460; x_wconf 90' lang='lat' dir='ltr'><strong>dictus</strong></span> <span class='ocrx_word' id='word_1_154' title='bbox 2467 1415 2575 1471; x_wconf 89' lang='lat' dir='ltr'><strong>est,</strong></span> <span class='ocrx_word' id='word_1_155' title='bbox 2615 1408 2834 1471; x_wconf 80' lang='lat' dir='ltr'><strong>enituit,</strong></span> <span class='ocrx_word' id='word_1_156' title='bbox 2878 1409 3171 1476; x_wconf 80' lang='lat' dir='ltr'><strong>verbisque</strong></span> <span class='ocrx_word' id='word_1_157' title='bbox 3205 1417 3256 1461; x_wconf 88' lang='lat' dir='ltr'><strong>et</strong></span> <span class='ocrx_word' id='word_1_158' title='bbox 3287 1409 3446 1462; x_wconf 87' lang='lat' dir='ltr'><strong>factis</strong></span> <span class='ocrx_word' id='word_1_159' title='bbox 3480 1409 3580 1460; x_wconf 88' lang='lat' dir='ltr'><strong>mi-</strong></span> 
     </span>
    </p>
   </div>
   <div class='ocr_carea' id='block_1_27' title="bbox 2010 1497 3582 1567">
    <p class='ocr_par' dir='ltr' id='par_1_27' title="bbox 2010 1497 3582 1567">
     <span class='ocr_line' id='line_1_27' title="bbox 2010 1497 3582 1567; baseline -0.001 -17"><span class='ocrx_word' id='word_1_160' title='bbox 2010 1497 2436 1564; x_wconf 74' lang='lat' dir='ltr'><strong>raeuloyumque</strong></span> <span class='ocrx_word' id='word_1_161' title='bbox 2472 1498 2738 1567; x_wconf 74' lang='lat' dir='ltr'><strong>prodigiis</strong></span> <span class='ocrx_word' id='word_1_162' title='bbox 2766 1499 3049 1552; x_wconf 86' lang='lat' dir='ltr'><strong>Christum</strong></span> <span class='ocrx_word' id='word_1_163' title='bbox 3089 1500 3338 1552; x_wconf 79' lang='lat' dir='ltr'><strong>exaltans</strong></span> <span class='ocrx_word' id='word_1_164' title='bbox 3374 1500 3582 1562; x_wconf 82' lang='lat' dir='ltr'><strong>magni-</strong></span> 
     </span>
    </p>
   </div>
   <div class='ocr_carea' id='block_1_28' title="bbox 2011 1589 3584 1658">
    <p class='ocr_par' dir='ltr' id='par_1_28' title="bbox 2011 1589 3584 1658">
     <span class='ocr_line' id='line_1_28' title="bbox 2011 1589 3584 1658; baseline 0.001 -15"><span class='ocrx_word' id='word_1_165' title='bbox 2011 1591 2231 1644; x_wconf 80' lang='lat' dir='ltr'><strong>ficavit:</strong></span> <span class='ocrx_word' id='word_1_166' title='bbox 2273 1589 2434 1644; x_wconf 88' lang='lat' dir='ltr'><strong>factis</strong></span> <span class='ocrx_word' id='word_1_167' title='bbox 2476 1590 2725 1658; x_wconf 90' lang='lat' dir='ltr'><strong>quidem,</strong></span> <span class='ocrx_word' id='word_1_168' title='bbox 2759 1589 2965 1658; x_wconf 83' lang='lat' dir='ltr'><strong>quibus</strong></span> <span class='ocrx_word' id='word_1_169' title='bbox 3002 1591 3094 1645; x_wconf 88' lang='lat' dir='ltr'><strong>ille</strong></span> <span class='ocrx_word' id='word_1_170' title='bbox 3141 1590 3584 1644; x_wconf 73' lang='lat' dir='ltr'><strong>intolerabilibus</strong></span> 
     </span>
    </p>
   </div>
   <div class='ocr_carea' id='block_1_29' title="bbox 2011 1682 3577 1752">
    <p class='ocr_par' dir='ltr' id='par_1_29' title="bbox 2011 1682 3577 1752">
     <span class='ocr_line' id='line_1_29' title="bbox 2011 1682 3577 1752; baseline -0.001 -16"><span class='ocrx_word' id='word_1_171' title='bbox 2011 1682 2351 1737; x_wconf 78' lang='lat' dir='ltr'><strong>cruciatibus</strong></span> <span class='ocrx_word' id='word_1_172' title='bbox 2382 1683 2600 1737; x_wconf 91' lang='lat' dir='ltr'><strong>fortiter</strong></span> <span class='ocrx_word' id='word_1_173' title='bbox 2632 1683 2836 1738; x_wconf 88' lang='lat' dir='ltr'><strong>restitit</strong></span> <span class='ocrx_word' id='word_1_174' title='bbox 2865 1699 2880 1736; x_wconf 86' lang='lat'><strong>:</strong></span> <span class='ocrx_word' id='word_1_175' title='bbox 2913 1684 3247 1752; x_wconf 68' lang='lat' dir='ltr'><strong>depugnavit</strong></span> <span class='ocrx_word' id='word_1_176' title='bbox 3276 1685 3424 1737; x_wconf 90' lang='lat' dir='ltr'><strong>enim</strong></span> <span class='ocrx_word' id='word_1_177' title='bbox 3455 1700 3577 1736; x_wconf 81' lang='lat' dir='ltr'><strong>cum</strong></span> 
     </span>
    </p>
   </div>
   <div class='ocr_carea' id='block_1_30' title="bbox 2012 1776 3576 1845">
    <p class='ocr_par' dir='ltr' id='par_1_30' title="bbox 2012 1776 3576 1845">
     <span class='ocr_line' id='line_1_30' title="bbox 2012 1776 3576 1845; baseline 0 -17"><span class='ocrx_word' id='word_1_178' title='bbox 2012 1777 2160 1829; x_wconf 86' lang='lat' dir='ltr'><strong>ferro</strong></span> <span class='ocrx_word' id='word_1_179' title='bbox 2203 1786 2451 1837; x_wconf 85' lang='lat' dir='ltr'><strong>secante,</strong></span> <span class='ocrx_word' id='word_1_180' title='bbox 2489 1777 2716 1845; x_wconf 83' lang='lat' dir='ltr'><strong>plumbo</strong></span> <span class='ocrx_word' id='word_1_181' title='bbox 2763 1776 3028 1838; x_wconf 80' lang='lat' dir='ltr'><strong>fervente,</strong></span> <span class='ocrx_word' id='word_1_182' title='bbox 3065 1785 3120 1829; x_wconf 89' lang='lat' dir='ltr'><strong>et</strong></span> <span class='ocrx_word' id='word_1_183' title='bbox 3170 1785 3286 1830; x_wconf 91' lang='lat' dir='ltr'><strong>rota</strong></span> <span class='ocrx_word' id='word_1_184' title='bbox 3334 1779 3576 1831; x_wconf 79' lang='lat' dir='ltr'><strong>membra</strong></span> 
     </span>
    </p>
   </div>
   <div class='ocr_carea' id='block_1_31' title="bbox 2012 1866 3576 1936">
    <p class='ocr_par' dir='ltr' id='par_1_31' title="bbox 2012 1866 3576 1936">
     <span class='ocr_line' id='line_1_31' title="bbox 2012 1866 3576 1936; baseline 0.003 -16"><span class='ocrx_word' id='word_1_185' title='bbox 2012 1866 2462 1930; x_wconf 85' lang='lat' dir='ltr'><strong>comminucnte;</strong></span> <span class='ocrx_word' id='word_1_186' title='bbox 2509 1875 2672 1936; x_wconf 91' lang='lat' dir='ltr'><strong>atque</strong></span> <span class='ocrx_word' id='word_1_187' title='bbox 2722 1868 2774 1921; x_wconf 87' lang='lat' dir='ltr'><strong>in</strong></span> <span class='ocrx_word' id='word_1_188' title='bbox 2821 1883 3044 1936; x_wconf 80' lang='lat' dir='ltr'><strong>:equore</strong></span> <span class='ocrx_word' id='word_1_189' title='bbox 3088 1869 3256 1924; x_wconf 78' lang='lat' dir='ltr'><strong>maris</strong></span> <span class='ocrx_word' id='word_1_190' title='bbox 3303 1870 3576 1924; x_wconf 79' lang='lat' dir='ltr'><strong>innatans.</strong></span> 
     </span>
    </p>
   </div>
   <div class='ocr_carea' id='block_1_32' title="bbox 2014 1959 3580 2029">
    <p class='ocr_par' dir='ltr' id='par_1_32' title="bbox 2014 1959 3580 2029">
     <span class='ocr_line' id='line_1_32' title="bbox 2014 1959 3580 2029; baseline -0.001 -17"><span class='ocrx_word' id='word_1_191' title='bbox 2014 1959 2250 2028; x_wconf 84' lang='lat' dir='ltr'><strong>lapidem</strong></span> <span class='ocrx_word' id='word_1_192' title='bbox 2305 1959 2568 2013; x_wconf 90' lang='lat' dir='ltr'><strong>molarem</strong></span> <span class='ocrx_word' id='word_1_193' title='bbox 2623 1959 2855 2026; x_wconf 89' lang='lat' dir='ltr'><strong>perinde</strong></span> <span class='ocrx_word' id='word_1_194' title='bbox 2907 1970 3073 2029; x_wconf 89' lang='lat' dir='ltr'><strong>atque</strong></span> <span class='ocrx_word' id='word_1_195' title='bbox 3125 1961 3297 2013; x_wconf 80' lang='lat' dir='ltr'><strong>levent</strong></span> <span class='ocrx_word' id='word_1_196' title='bbox 3346 1976 3580 2029; x_wconf 80' lang='lat' dir='ltr'><strong>pennam</strong></span> 
     </span>
    </p>
   </div>
   <div class='ocr_carea' id='block_1_33' title="bbox 2015 2050 3585 2121">
    <p class='ocr_par' dir='ltr' id='par_1_33' title="bbox 2015 2050 3585 2121">
     <span class='ocr_line' id='line_1_33' title="bbox 2015 2050 3585 2121; baseline 0 -17"><span class='ocrx_word' id='word_1_197' title='bbox 2015 2067 2201 2105; x_wconf 83' lang='lat' dir='ltr'><strong>secum</strong></span> <span class='ocrx_word' id='word_1_198' title='bbox 2240 2050 2424 2115; x_wconf 79' lang='lat' dir='ltr'><strong>traxit,</strong></span> <span class='ocrx_word' id='word_1_199' title='bbox 2459 2050 2513 2103; x_wconf 89' lang='lat' dir='ltr'><strong>in</strong></span> <span class='ocrx_word' id='word_1_200' title='bbox 2546 2051 2746 2104; x_wconf 90' lang='lat' dir='ltr'><strong>mediis</strong></span> <span class='ocrx_word' id='word_1_201' title='bbox 2781 2051 2944 2104; x_wconf 90' lang='lat' dir='ltr'><strong>undis</strong></span> <span class='ocrx_word' id='word_1_202' title='bbox 2979 2068 3086 2104; x_wconf 91' lang='lat' dir='ltr'><strong>non</strong></span> <span class='ocrx_word' id='word_1_203' title='bbox 3131 2052 3290 2105; x_wconf 87' lang='lat' dir='ltr'><strong>aliter</strong></span> <span class='ocrx_word' id='word_1_204' title='bbox 3324 2061 3486 2121; x_wconf 85' lang='lat' dir='ltr'><strong>atque</strong></span> <span class='ocrx_word' id='word_1_205' title='bbox 3531 2053 3585 2104; x_wconf 86' lang='lat' dir='ltr'><strong>in</strong></span> 
     </span>
    </p>
   </div>
   <div class='ocr_carea' id='block_1_34' title="bbox 2016 2145 3591 2214">
    <p class='ocr_par' dir='ltr' id='par_1_34' title="bbox 2016 2145 3591 2214">
     <span class='ocr_line' id='line_1_34' title="bbox 2016 2145 3591 2214; baseline 0 -17"><span class='ocrx_word' id='word_1_206' title='bbox 2016 2146 2161 2199; x_wconf 85' lang='lat' dir='ltr'><strong>sicco</strong></span> <span class='ocrx_word' id='word_1_207' title='bbox 2199 2145 2517 2214; x_wconf 82' lang='lat' dir='ltr'><strong>pavimento</strong></span> <span class='ocrx_word' id='word_1_208' title='bbox 2547 2145 2884 2208; x_wconf 86' lang='lat' dir='ltr'><strong>subsiliens;</strong></span> <span class='ocrx_word' id='word_1_209' title='bbox 2922 2145 3117 2198; x_wconf 79' lang='lat' dir='ltr'><strong>bestiis</strong></span> <span class='ocrx_word' id='word_1_210' title='bbox 3149 2161 3370 2214; x_wconf 85' lang='lat' dir='ltr'><strong>quoque</strong></span> <span class='ocrx_word' id='word_1_211' title='bbox 3401 2155 3454 2198; x_wconf 89' lang='lat' dir='ltr'><strong>et</strong></span> <span class='ocrx_word' id='word_1_212' title='bbox 3480 2148 3591 2214; x_wconf 79' lang='lat' dir='ltr'><strong>gla-</strong></span> 
     </span>
    </p>
   </div>
   <div class='ocr_carea' id='block_1_35' title="bbox 340 2235 1912 2312">
    <p class='ocr_par' dir='ltr' id='par_1_35' title="bbox 340 2235 1912 2305">
     <span class='ocr_line' id='line_1_35' title="bbox 340 2235 1912 2305; baseline -0.001 -16"><span class='ocrx_word' id='word_1_213' title='bbox 340 2237 640 2305; x_wconf 77' lang='grc' dir='ltr'>Ἑρμίππῳ</span> <span class='ocrx_word' id='word_1_214' title='bbox 669 2253 726 2288; x_wconf 88' lang='grc' dir='ltr'><strong>τε</strong></span> <span class='ocrx_word' id='word_1_215' title='bbox 756 2239 848 2288; x_wconf 77' lang='grc' dir='ltr'><strong>καὶ</strong></span> <span class='ocrx_word' id='word_1_216' title='bbox 888 2237 1280 2305; x_wconf 71' lang='grc' dir='ltr'>Ἐρμοκράτειο</span> <span class='ocrx_word' id='word_1_217' title='bbox 1313 2239 1409 2289; x_wconf 69' lang='grc' dir='ltr'><strong>καὶ</strong></span> <span class='ocrx_word' id='word_1_218' title='bbox 1433 2235 1576 2289; x_wconf 77' lang='grc' dir='ltr'>οὕτω</span> <span class='ocrx_word' id='word_1_219' title='bbox 1606 2235 1700 2288; x_wconf 88' lang='grc' dir='ltr'><strong>τοῦ</strong></span> <span class='ocrx_word' id='word_1_220' title='bbox 1731 2236 1912 2305; x_wconf 85' lang='grc' dir='ltr'>σώμα-</span> 
     </span>
    </p>
   </div>
   <div class='ocr_carea' id='block_1_36' title="bbox 2016 2235 3608 2312">
    <p class='ocr_par' dir='ltr' id='par_1_36' title="bbox 2016 2238 3608 2309">
     <span class='ocr_line' id='line_1_36' title="bbox 2016 2238 3608 2309; baseline 0.003 -21"><span class='ocrx_word' id='word_1_221' title='bbox 2016 2238 2122 2291; x_wconf 69' lang='lat' dir='ltr'><strong>iliis</strong></span> <span class='ocrx_word' id='word_1_222' title='bbox 2184 2254 2292 2290; x_wconf 88' lang='lat' dir='ltr'><strong>una</strong></span> <span class='ocrx_word' id='word_1_223' title='bbox 2337 2255 2458 2290; x_wconf 84' lang='lat' dir='ltr'><strong>cum</strong></span> <span class='ocrx_word' id='word_1_224' title='bbox 2514 2238 2808 2292; x_wconf 84' lang='lat' dir='ltr'><strong>Hermolao</strong></span> <span class='ocrx_word' id='word_1_225' title='bbox 2856 2239 3141 2307; x_wconf 78' lang='lat' dir='ltr'><strong>cpiSCopo,</strong></span> <span class='ocrx_word' id='word_1_226' title='bbox 3192 2240 3493 2309; x_wconf 85' lang='lat' dir='ltr'><strong>llermippo</strong></span> <span class='ocrx_word' id='word_1_227' title='bbox 3537 2251 3608 2293; x_wconf 61' lang='grc' dir='ltr'><strong>(δι’</strong></span> 
     </span>
    </p>
   </div>
   <div class='ocr_carea' id='block_1_37' title="bbox 328 2329 1908 2400">
    <p class='ocr_par' dir='ltr' id='par_1_37' title="bbox 328 2329 1908 2400">
     <span class='ocr_line' id='line_1_37' title="bbox 328 2329 1908 2400; baseline 0.001 -18"><span class='ocrx_word' id='word_1_228' title='bbox 328 2349 423 2392; x_wconf 84' lang='grc' dir='ltr'><strong>τος</strong></span> <span class='ocrx_word' id='word_1_229' title='bbox 477 2331 762 2400; x_wconf 82' lang='grc' dir='ltr'>λυόμενος.</span> <span class='ocrx_word' id='word_1_230' title='bbox 797 2331 876 2399; x_wconf 82' lang='grc' dir='ltr'>τῷ</span> <span class='ocrx_word' id='word_1_231' title='bbox 921 2330 1196 2398; x_wconf 79' lang='grc' dir='ltr'>πνεύματι</span> <span class='ocrx_word' id='word_1_232' title='bbox 1247 2331 1438 2400; x_wconf 77' lang='grc' dir='ltr'>ἥνωτο·</span> <span class='ocrx_word' id='word_1_233' title='bbox 1475 2331 1660 2396; x_wconf 88' lang='grc' dir='ltr'>λόγοις</span> <span class='ocrx_word' id='word_1_234' title='bbox 1709 2332 1788 2394; x_wconf 81' lang='grc' dir='ltr'>δὲ,</span> <span class='ocrx_word' id='word_1_235' title='bbox 1827 2329 1908 2394; x_wconf 77' lang='grc' dir='ltr'>οἷς</span> 
     </span>
    </p>
   </div>
   <div class='ocr_carea' id='block_1_38' title="bbox 329 2421 1909 2491">
    <p class='ocr_par' dir='ltr' id='par_1_38' title="bbox 329 2421 1909 2491">
     <span class='ocr_line' id='line_1_38' title="bbox 329 2421 1909 2491; baseline 0.001 -18"><span class='ocrx_word' id='word_1_236' title='bbox 329 2423 610 2490; x_wconf 79' lang='grc' dir='ltr'>Θεηγορῶν</span> <span class='ocrx_word' id='word_1_237' title='bbox 661 2421 976 2491; x_wconf 72' lang='grc' dir='ltr'><strong>κατῄσχυνε</strong></span> <span class='ocrx_word' id='word_1_238' title='bbox 1010 2425 1103 2475; x_wconf 81' lang='grc' dir='ltr'><strong>τὸν</strong></span> <span class='ocrx_word' id='word_1_239' title='bbox 1147 2424 1461 2476; x_wconf 77' lang='grc' dir='ltr'>ἀντίπαλον.</span> <span class='ocrx_word' id='word_1_240' title='bbox 1499 2424 1606 2476; x_wconf 88' lang='grc' dir='ltr'>Τοῦ</span> <span class='ocrx_word' id='word_1_241' title='bbox 1659 2423 1705 2476; x_wconf 83' lang='grc' dir='ltr'>δ’</span> <span class='ocrx_word' id='word_1_242' title='bbox 1740 2422 1909 2476; x_wconf 86' lang='grc' dir='ltr'>αὐτοῦ</span> 
     </span>
    </p>
   </div>
   <div class='ocr_carea' id='block_1_39' title="bbox 329 2515 1911 2585">
    <p class='ocr_par' dir='ltr' id='par_1_39' title="bbox 329 2515 1911 2585">
     <span class='ocr_line' id='line_1_39' title="bbox 329 2515 1911 2585; baseline 0.001 -19"><span class='ocrx_word' id='word_1_243' title='bbox 329 2515 478 2577; x_wconf 80' lang='grc' dir='ltr'>ἔτους</span> <span class='ocrx_word' id='word_1_244' title='bbox 510 2517 605 2568; x_wconf 69' lang='grc' dir='ltr'>καὶ.</span> <span class='ocrx_word' id='word_1_245' title='bbox 633 2515 868 2584; x_wconf 81' lang='grc' dir='ltr'><strong>Κλήμης</strong></span> <span class='ocrx_word' id='word_1_246' title='bbox 901 2516 1258 2585; x_wconf 80' lang='grc' dir='ltr'>Ἀγκυρανὼν</span> <span class='ocrx_word' id='word_1_247' title='bbox 1283 2516 1584 2576; x_wconf 81' lang='grc' dir='ltr'>ἐπίσκοπος</span> <span class='ocrx_word' id='word_1_248' title='bbox 1617 2516 1716 2568; x_wconf 82' lang='grc' dir='ltr'><strong>σὺν</strong></span> <span class='ocrx_word' id='word_1_249' title='bbox 1751 2515 1911 2584; x_wconf 29' lang='grc' dir='ltr'><strong>’Λιγα-</strong></span> 
     </span>
    </p>
   </div>
   <div class='ocr_carea' id='block_1_40' title="bbox 333 2607 1909 2680">
    <p class='ocr_par' dir='ltr' id='par_1_40' title="bbox 333 2607 1909 2680">
     <span class='ocr_line' id='line_1_40' title="bbox 333 2607 1909 2680; baseline 0.004 -23"><span class='ocrx_word' id='word_1_250' title='bbox 333 2609 583 2677; x_wconf 82' lang='grc' dir='ltr'>Οαγγέλῳ</span> <span class='ocrx_word' id='word_1_251' title='bbox 621 2608 716 2660; x_wconf 86' lang='grc' dir='ltr'><strong>τοῦ</strong></span> <span class='ocrx_word' id='word_1_252' title='bbox 750 2607 1070 2678; x_wconf 77' lang='grc' dir='ltr'>ὑπερφυοῦς</span> <span class='ocrx_word' id='word_1_253' title='bbox 1108 2609 1418 2676; x_wconf 78' lang='grc' dir='ltr'>μαρτυρίου</span> <span class='ocrx_word' id='word_1_254' title='bbox 1459 2609 1784 2680; x_wconf 79' lang='grc' dir='ltr'>κατήρχετο.</span> <span class='ocrx_word' id='word_1_255' title='bbox 1821 2611 1909 2663; x_wconf 88' lang='grc' dir='ltr'>Ἐν</span> 
     </span>
    </p>
   </div>
   <div class='ocr_carea' id='block_1_41' title="bbox 335 2699 1911 2770">
    <p class='ocr_par' dir='ltr' id='par_1_41' title="bbox 335 2699 1911 2770">
     <span class='ocr_line' id='line_1_41' title="bbox 335 2699 1911 2770; baseline 0.001 -20"><span class='ocrx_word' id='word_1_256' title='bbox 335 2702 504 2752; x_wconf 78' lang='grc' dir='ltr'>εἴκοσι</span> <span class='ocrx_word' id='word_1_257' title='bbox 536 2701 643 2769; x_wconf 83' lang='grc' dir='ltr'>γὰρ</span> <span class='ocrx_word' id='word_1_258' title='bbox 676 2701 773 2754; x_wconf 79' lang='grc' dir='ltr'>καὶ</span> <span class='ocrx_word' id='word_1_259' title='bbox 798 2699 944 2752; x_wconf 82' lang='grc' dir='ltr'>όκτὼ</span> <span class='ocrx_word' id='word_1_260' title='bbox 974 2701 1119 2752; x_wconf 75' lang='grc' dir='ltr'>ἔτεσι</span> <span class='ocrx_word' id='word_1_261' title='bbox 1151 2700 1212 2753; x_wconf 78' lang='grc' dir='ltr'>τὸ</span> <span class='ocrx_word' id='word_1_262' title='bbox 1243 2700 1329 2752; x_wconf 83' lang='grc' dir='ltr'>διὰ</span> <span class='ocrx_word' id='word_1_263' title='bbox 1358 2700 1595 2770; x_wconf 76' lang='grc' dir='ltr'>Χριστὸν</span> <span class='ocrx_word' id='word_1_264' title='bbox 1627 2701 1911 2770; x_wconf 75' lang='grc' dir='ltr'>ὑπέρλαμ.</span> 
     </span>
    </p>
   </div>
   <div class='ocr_carea' id='block_1_42' title="bbox 336 2792 1909 2862">
    <p class='ocr_par' dir='ltr' id='par_1_42' title="bbox 336 2792 1909 2862">
     <span class='ocr_line' id='line_1_42' title="bbox 336 2792 1909 2862; baseline 0.003 -20"><span class='ocrx_word' id='word_1_265' title='bbox 336 2809 472 2859; x_wconf 83' lang='grc' dir='ltr'>προν</span> <span class='ocrx_word' id='word_1_266' title='bbox 504 2793 725 2861; x_wconf 82' lang='grc' dir='ltr'>διήνυσε</span> <span class='ocrx_word' id='word_1_267' title='bbox 767 2794 1001 2846; x_wconf 82' lang='grc' dir='ltr'>στάδιον.</span> <span class='ocrx_word' id='word_1_268' title='bbox 1039 2792 1161 2844; x_wconf 85' lang='grc' dir='ltr'>Τῶν</span> <span class='ocrx_word' id='word_1_269' title='bbox 1189 2792 1297 2862; x_wconf 73' lang='grc' dir='ltr'>γὰρ</span> <span class='ocrx_word' id='word_1_270' title='bbox 1335 2795 1392 2858; x_wconf 80' lang='grc' dir='ltr'><strong>ἐξ</strong></span> <span class='ocrx_word' id='word_1_271' title='bbox 1423 2793 1616 2855; x_wconf 85' lang='grc' dir='ltr'>αἰῶνος</span> <span class='ocrx_word' id='word_1_272' title='bbox 1651 2794 1909 2846; x_wconf 81' lang='grc' dir='ltr'>ἁπάντων</span> 
     </span>
    </p>
   </div>
   <div class='ocr_carea' id='block_1_43' title="bbox 327 2885 1909 2957">
    <p class='ocr_par' dir='ltr' id='par_1_43' title="bbox 327 2885 1909 2957">
     <span class='ocr_line' id='line_1_43' title="bbox 327 2885 1909 2957; baseline 0.005 -25"><span class='ocrx_word' id='word_1_273' title='bbox 327 2885 426 2951; x_wconf 79' lang='grc' dir='ltr'>τὴν</span> <span class='ocrx_word' id='word_1_274' title='bbox 467 2885 608 2955; x_wconf 81' lang='grc' dir='ltr'>ὑπὲρ</span> <span class='ocrx_word' id='word_1_275' title='bbox 642 2885 883 2955; x_wconf 83' lang='grc' dir='ltr'>Χριστοῦ</span> <span class='ocrx_word' id='word_1_276' title='bbox 918 2885 1147 2953; x_wconf 84' lang='grc' dir='ltr'>ἄθλησιν</span> <span class='ocrx_word' id='word_1_277' title='bbox 1201 2887 1514 2957; x_wconf 75' lang='grc' dir='ltr'>ἐσχηκότων</span> <span class='ocrx_word' id='word_1_278' title='bbox 1551 2887 1682 2956; x_wconf 87' lang='grc' dir='ltr'>πυρί</span> <span class='ocrx_word' id='word_1_279' title='bbox 1722 2904 1782 2940; x_wconf 82' lang='grc' dir='ltr'><strong>τε</strong></span> <span class='ocrx_word' id='word_1_280' title='bbox 1816 2889 1909 2940; x_wconf 72' lang='grc' dir='ltr'><strong>καὶ</strong></span> 
     </span>
    </p>
   </div>
   <div class='ocr_carea' id='block_1_44' title="bbox 330 2975 1910 3046">
    <p class='ocr_par' dir='ltr' id='par_1_44' title="bbox 330 2975 1910 3046">
     <span class='ocr_line' id='line_1_44' title="bbox 330 2975 1910 3046; baseline -0.015 -21"><span class='ocrx_word' id='word_1_281' title='bbox 330 2976 560 3044; x_wconf 86' lang='grc' dir='ltr'>σ.δήρῳ,</span> <span class='ocrx_word' id='word_1_282' title='bbox 595 2975 770 3037; x_wconf 87' lang='grc' dir='ltr'>λίθοις</span> <span class='ocrx_word' id='word_1_283' title='bbox 799 2993 858 3026; x_wconf 91' lang='grc' dir='ltr'><strong>τε</strong></span> <span class='ocrx_word' id='word_1_284' title='bbox 887 2977 980 3026; x_wconf 81' lang='grc' dir='ltr'><strong>καὶ</strong></span> <span class='ocrx_word' id='word_1_285' title='bbox 1013 2975 1215 3040; x_wconf 72' lang='grc' dir='ltr'>ξύλοις,</span> <span class='ocrx_word' id='word_1_286' title='bbox 1253 2977 1390 3043; x_wconf 71' lang='grc' dir='ltr'>πρὸς</span> <span class='ocrx_word' id='word_1_287' title='bbox 1417 2977 1495 3040; x_wconf 53' lang='grc' dir='ltr'><strong>δὲ,</strong></span> <span class='ocrx_word' id='word_1_288' title='bbox 1529 2976 1723 3046; x_wconf 54' lang='grc' dir='ltr'>θηρσὶν</span> <span class='ocrx_word' id='word_1_289' title='bbox 1752 2977 1910 3045; x_wconf 62' lang='grc' dir='ltr'>ἀγρί,</span> 
     </span>
    </p>
   </div>
   <div class='ocr_carea' id='block_1_45' title="bbox 328 3065 1907 3136">
    <p class='ocr_par' dir='ltr' id='par_1_45' title="bbox 328 3065 1907 3136">
     <span class='ocr_line' id='line_1_45' title="bbox 328 3065 1907 3136; baseline 0.001 -19"><span class='ocrx_word' id='word_1_290' title='bbox 328 3086 407 3126; x_wconf 67' lang='lat' dir='ltr'><strong>os;</strong></span> <span class='ocrx_word' id='word_1_291' title='bbox 466 3067 558 3117; x_wconf 79' lang='grc' dir='ltr'>καὶ</span> <span class='ocrx_word' id='word_1_292' title='bbox 612 3067 835 3133; x_wconf 75' lang='grc' dir='ltr'>δεσμοῖς</span> <span class='ocrx_word' id='word_1_293' title='bbox 896 3065 1280 3135; x_wconf 85' lang='grc' dir='ltr'>πολυχρονίοις</span> <span class='ocrx_word' id='word_1_294' title='bbox 1338 3067 1907 3136; x_wconf 81' lang='grc' dir='ltr'>ταλαιπωρησάντων,</span> 
     </span>
    </p>
   </div>
   <div class='ocr_carea' id='block_1_46' title="bbox 335 3153 1911 3223">
    <p class='ocr_par' dir='ltr' id='par_1_46' title="bbox 335 3153 1911 3223">
     <span class='ocr_line' id='line_1_46' title="bbox 335 3153 1911 3223; baseline 0.001 -18"><span class='ocrx_word' id='word_1_295' title='bbox 335 3154 600 3214; x_wconf 78' lang='grc' dir='ltr'>ποικίλως</span> <span class='ocrx_word' id='word_1_296' title='bbox 642 3171 703 3206; x_wconf 86' lang='grc' dir='ltr'><strong>τε</strong></span> <span class='ocrx_word' id='word_1_297' title='bbox 742 3154 1197 3222; x_wconf 77' lang='grc' dir='ltr'>ἀγωνισαμένων,</span> <span class='ocrx_word' id='word_1_298' title='bbox 1237 3155 1306 3221; x_wconf 83' lang='grc' dir='ltr'>γῇ</span> <span class='ocrx_word' id='word_1_299' title='bbox 1345 3155 1438 3205; x_wconf 76' lang='grc' dir='ltr'><strong>καὶ</strong></span> <span class='ocrx_word' id='word_1_300' title='bbox 1469 3153 1592 3223; x_wconf 80' lang='grc' dir='ltr'>ἀέρι</span> <span class='ocrx_word' id='word_1_301' title='bbox 1630 3153 1728 3206; x_wconf 74' lang='grc' dir='ltr'><strong>καὶ</strong></span> <span class='ocrx_word' id='word_1_302' title='bbox 1756 3153 1911 3207; x_wconf 79' lang='grc' dir='ltr'>ὕδατι</span> 
     </span>
    </p>
   </div>
   <div class='ocr_carea' id='block_1_47' title="bbox 333 3242 1913 3312">
    <p class='ocr_par' dir='ltr' id='par_1_47' title="bbox 333 3242 1913 3312">
     <span class='ocr_line' id='line_1_47' title="bbox 333 3242 1913 3312; baseline 0.001 -18"><span class='ocrx_word' id='word_1_303' title='bbox 333 3244 427 3296; x_wconf 73' lang='grc' dir='ltr'>καὶ</span> <span class='ocrx_word' id='word_1_304' title='bbox 469 3244 734 3312; x_wconf 82' lang='grc' dir='ltr'>κρυμνοῖς</span> <span class='ocrx_word' id='word_1_305' title='bbox 780 3245 876 3296; x_wconf 72' lang='grc' dir='ltr'>καὶ</span> <span class='ocrx_word' id='word_1_306' title='bbox 921 3242 1188 3296; x_wconf 85' lang='grc' dir='ltr'>καύσεσιν</span> <span class='ocrx_word' id='word_1_307' title='bbox 1235 3243 1784 3312; x_wconf 81' lang='grc' dir='ltr'>ἐκδεδαπανημένων,</span> <span class='ocrx_word' id='word_1_308' title='bbox 1818 3247 1913 3296; x_wconf 72' lang='grc' dir='ltr'><strong>καὶ</strong></span> 
     </span>
    </p>
   </div>
   <div class='ocr_carea' id='block_1_48' title="bbox 331 3335 1912 3406">
    <p class='ocr_par' dir='ltr' id='par_1_48' title="bbox 331 3335 1912 3406">
     <span class='ocr_line' id='line_1_48' title="bbox 331 3335 1912 3406; baseline -0.002 -17"><span class='ocrx_word' id='word_1_309' title='bbox 331 3337 517 3398; x_wconf 81' lang='grc' dir='ltr'>ἄλλαις</span> <span class='ocrx_word' id='word_1_310' title='bbox 562 3339 834 3406; x_wconf 82' lang='grc' dir='ltr'>μηχαναῖς</span> <span class='ocrx_word' id='word_1_311' title='bbox 865 3354 1010 3389; x_wconf 88' lang='grc' dir='ltr'>τισιν</span> <span class='ocrx_word' id='word_1_312' title='bbox 1049 3335 1494 3388; x_wconf 81' lang='grc' dir='ltr'>ἀπολελοιπότων</span> <span class='ocrx_word' id='word_1_313' title='bbox 1527 3337 1586 3388; x_wconf 84' lang='grc' dir='ltr'>τὸ</span> <span class='ocrx_word' id='word_1_314' title='bbox 1621 3337 1742 3405; x_wconf 62' lang='grc' dir='ltr'>ζῇν</span> <span class='ocrx_word' id='word_1_315' title='bbox 1776 3338 1912 3389; x_wconf 76' lang='grc' dir='ltr'>πάν-</span> 
     </span>
    </p>
   </div>
   <div class='ocr_carea' id='block_1_49' title="bbox 331 3428 1912 3496">
    <p class='ocr_par' dir='ltr' id='par_1_49' title="bbox 331 3428 1912 3496">
     <span class='ocr_line' id='line_1_49' title="bbox 331 3428 1912 3496; baseline 0.001 -17"><span class='ocrx_word' id='word_1_316' title='bbox 331 3448 438 3481; x_wconf 84' lang='grc' dir='ltr'><strong>των</strong></span> <span class='ocrx_word' id='word_1_317' title='bbox 469 3433 677 3482; x_wconf 74' lang='grc' dir='ltr'>τούτων</span> <span class='ocrx_word' id='word_1_318' title='bbox 715 3430 860 3482; x_wconf 85' lang='grc' dir='ltr'>κατά</span> <span class='ocrx_word' id='word_1_319' title='bbox 892 3445 955 3496; x_wconf 81' lang='grc' dir='ltr'><strong>γε</strong></span> <span class='ocrx_word' id='word_1_320' title='bbox 993 3429 1084 3480; x_wconf 86' lang='grc' dir='ltr'><strong>τὸν</strong></span> <span class='ocrx_word' id='word_1_321' title='bbox 1115 3428 1248 3496; x_wconf 81' lang='grc' dir='ltr'>ὲμὺν</span> <span class='ocrx_word' id='word_1_322' title='bbox 1284 3428 1441 3494; x_wconf 87' lang='grc' dir='ltr'>λόγον</span> <span class='ocrx_word' id='word_1_323' title='bbox 1470 3430 1498 3479; x_wconf 88' lang='grc' dir='ltr'><strong>ό</strong></span> <span class='ocrx_word' id='word_1_324' title='bbox 1531 3429 1672 3496; x_wconf 76' lang='grc' dir='ltr'>ἱερὸς</span> <span class='ocrx_word' id='word_1_325' title='bbox 1724 3429 1848 3480; x_wconf 84' lang='grc' dir='ltr'>οὑτο</span> <span class='ocrx_word' id='word_1_326' title='bbox 1862 3429 1912 3480; x_wconf 76' lang='grc' dir='ltr'><strong>σὶ</strong></span> 
     </span>
    </p>
   </div>
   <div class='ocr_carea' id='block_1_50' title="bbox 335 3523 1908 3595">
    <p class='ocr_par' dir='ltr' id='par_1_50' title="bbox 335 3523 1908 3595">
     <span class='ocr_line' id='line_1_50' title="bbox 335 3523 1908 3595; baseline -0.001 -18"><span class='ocrx_word' id='word_1_327' title='bbox 335 3526 566 3595; x_wconf 82' lang='grc' dir='ltr'>Κλήμης</span> <span class='ocrx_word' id='word_1_328' title='bbox 616 3525 908 3593; x_wconf 77' lang='grc' dir='ltr'>ὑπερέσχε,</span> <span class='ocrx_word' id='word_1_329' title='bbox 941 3523 1034 3574; x_wconf 74' lang='grc' dir='ltr'><strong>καὶ</strong></span> <span class='ocrx_word' id='word_1_330' title='bbox 1068 3526 1094 3576; x_wconf 87' lang='grc' dir='ltr'><strong>ό</strong></span> <span class='ocrx_word' id='word_1_331' title='bbox 1125 3525 1245 3576; x_wconf 78' lang='grc' dir='ltr'>’σὺν</span> <span class='ocrx_word' id='word_1_332' title='bbox 1288 3524 1437 3591; x_wconf 78' lang='grc' dir='ltr'><strong>αὑτῷ</strong></span> <span class='ocrx_word' id='word_1_333' title='bbox 1482 3525 1908 3592; x_wconf 75' lang='grc' dir='ltr'>Ἀγαοόιγγελος·</span> 
     </span>
    </p>
   </div>
   <div class='ocr_carea' id='block_1_51' title="bbox 2017 2328 3588 2401">
    <p class='ocr_par' dir='ltr' id='par_1_51' title="bbox 2017 2328 3588 2401">
     <span class='ocr_line' id='line_1_51' title="bbox 2017 2328 3588 2401; baseline -0.001 -17"><span class='ocrx_word' id='word_1_334' title='bbox 2017 2331 2374 2385; x_wconf 80' lang='lat' dir='ltr'><strong>llermoerate</strong></span> <span class='ocrx_word' id='word_1_335' title='bbox 2405 2333 2662 2400; x_wconf 88' lang='lat' dir='ltr'><strong>superior</strong></span> <span class='ocrx_word' id='word_1_336' title='bbox 2703 2328 2845 2397; x_wconf 83' lang='lat' dir='ltr'><strong>fuit;</strong></span> <span class='ocrx_word' id='word_1_337' title='bbox 2892 2343 2947 2385; x_wconf 91' lang='lat' dir='ltr'><strong>et</strong></span> <span class='ocrx_word' id='word_1_338' title='bbox 2985 2333 3054 2385; x_wconf 89' lang='lat' dir='ltr'><strong>ila</strong></span> <span class='ocrx_word' id='word_1_339' title='bbox 3091 2347 3325 2401; x_wconf 86' lang='lat' dir='ltr'><strong>corpore</strong></span> <span class='ocrx_word' id='word_1_340' title='bbox 3355 2332 3588 2398; x_wconf 66' lang='lat' dir='ltr'><strong>solutus,</strong></span> 
     </span>
    </p>
   </div>
   <div class='ocr_carea' id='block_1_52' title="bbox 2013 2424 3588 2493">
    <p class='ocr_par' dir='ltr' id='par_1_52' title="bbox 2013 2424 3588 2493">
     <span class='ocr_line' id='line_1_52' title="bbox 2013 2424 3588 2493; baseline 0.002 -19"><span class='ocrx_word' id='word_1_341' title='bbox 2013 2424 2210 2493; x_wconf 78' lang='lat' dir='ltr'><strong>spiritu</strong></span> <span class='ocrx_word' id='word_1_342' title='bbox 2262 2426 2613 2492; x_wconf 71' lang='lat' dir='ltr'><strong>coniunctus,</strong></span> <span class='ocrx_word' id='word_1_343' title='bbox 2647 2433 2970 2492; x_wconf 83' lang='lat' dir='ltr'><strong>cetnpactus</strong></span> <span class='ocrx_word' id='word_1_344' title='bbox 3017 2434 3182 2492; x_wconf 81' lang='lat' dir='ltr'><strong>atque</strong></span> <span class='ocrx_word' id='word_1_345' title='bbox 3233 2426 3421 2479; x_wconf 88' lang='lat' dir='ltr'><strong>unitos</strong></span> <span class='ocrx_word' id='word_1_346' title='bbox 3470 2437 3588 2490; x_wconf 84' lang='lat' dir='ltr'><strong>est;</strong></span> 
     </span>
    </p>
   </div>
   <div class='ocr_carea' id='block_1_53' title="bbox 2013 2515 3589 2585">
    <p class='ocr_par' dir='ltr' id='par_1_53' title="bbox 2013 2515 3589 2585">
     <span class='ocr_line' id='line_1_53' title="bbox 2013 2515 3589 2585; baseline 0.001 -19"><span class='ocrx_word' id='word_1_347' title='bbox 2013 2517 2196 2570; x_wconf 80' lang='lat' dir='ltr'><strong>verbis</strong></span> <span class='ocrx_word' id='word_1_348' title='bbox 2250 2525 2455 2580; x_wconf 83' lang='lat' dir='ltr'><strong>autem,</strong></span> <span class='ocrx_word' id='word_1_349' title='bbox 2502 2517 2705 2583; x_wconf 83' lang='lat' dir='ltr'><strong>quibus</strong></span> <span class='ocrx_word' id='word_1_350' title='bbox 2757 2515 2847 2568; x_wconf 86' lang='lat' dir='ltr'><strong>Dei</strong></span> <span class='ocrx_word' id='word_1_351' title='bbox 2904 2516 3161 2585; x_wconf 82' lang='lat' dir='ltr'><strong>mysteria</strong></span> <span class='ocrx_word' id='word_1_352' title='bbox 3219 2527 3271 2569; x_wconf 82' lang='lat' dir='ltr'><strong>et</strong></span> <span class='ocrx_word' id='word_1_353' title='bbox 3329 2518 3589 2570; x_wconf 81' lang='lat' dir='ltr'><strong>virtutem</strong></span> 
     </span>
    </p>
   </div>
   <div class='ocr_carea' id='block_1_54' title="bbox 2015 2609 3593 2680">
    <p class='ocr_par' dir='ltr' id='par_1_54' title="bbox 2015 2609 3593 2680">
     <span class='ocr_line' id='line_1_54' title="bbox 2015 2609 3593 2680; baseline 0.001 -18"><span class='ocrx_word' id='word_1_354' title='bbox 2015 2609 2856 2680; x_wconf 66' lang='lat' dir='ltr'><strong>depraedicans,.adversarium</strong></span> <span class='ocrx_word' id='word_1_355' title='bbox 2907 2609 3087 2677; x_wconf 87' lang='lat' dir='ltr'><strong>ipsum</strong></span> <span class='ocrx_word' id='word_1_356' title='bbox 3134 2609 3434 2678; x_wconf 85' lang='lat' dir='ltr'><strong>pudefecit.</strong></span> <span class='ocrx_word' id='word_1_357' title='bbox 3481 2609 3593 2664; x_wconf 88' lang='lat' dir='ltr'><strong>Hoc</strong></span> 
     </span>
    </p>
   </div>
   <div class='ocr_carea' id='block_1_55' title="bbox 2013 2693 3592 2771">
    <p class='ocr_par' dir='ltr' id='par_1_55' title="bbox 2013 2693 3592 2771">
     <span class='ocr_line' id='line_1_55' title="bbox 2013 2693 3592 2771; baseline 0 -16"><span class='ocrx_word' id='word_1_358' title='bbox 2013 2704 2133 2771; x_wconf 89' lang='lat' dir='ltr'><strong>ipso</strong></span> <span class='ocrx_word' id='word_1_359' title='bbox 2173 2693 2324 2756; x_wconf 72' lang='lat' dir='ltr'><strong>anno</strong></span> <span class='ocrx_word' id='word_1_360' title='bbox 2354 2709 2412 2756; x_wconf 87' lang='lat' dir='ltr'><strong>et</strong></span> <span class='ocrx_word' id='word_1_361' title='bbox 2447 2702 2723 2764; x_wconf 83' lang='lat' dir='ltr'><strong>Clemens,</strong></span> <span class='ocrx_word' id='word_1_362' title='bbox 2752 2702 3078 2771; x_wconf 80' lang='lat' dir='ltr'><strong>Aneyrauus</strong></span> <span class='ocrx_word' id='word_1_363' title='bbox 3111 2702 3426 2771; x_wconf 86' lang='lat' dir='ltr'><strong>episcopus,</strong></span> <span class='ocrx_word' id='word_1_364' title='bbox 3467 2718 3592 2756; x_wconf 88' lang='lat' dir='ltr'><strong>cum</strong></span> 
     </span>
    </p>
   </div>
   <div class='ocr_carea' id='block_1_56' title="bbox 2013 2793 3594 2863">
    <p class='ocr_par' dir='ltr' id='par_1_56' title="bbox 2013 2793 3594 2863">
     <span class='ocr_line' id='line_1_56' title="bbox 2013 2793 3594 2863; baseline -0.001 -17"><span class='ocrx_word' id='word_1_365' title='bbox 2013 2795 2384 2863; x_wconf 79' lang='lat' dir='ltr'><strong>Agathangelo</strong></span> <span class='ocrx_word' id='word_1_366' title='bbox 2447 2793 2978 2848; x_wconf 77' lang='lat' dir='ltr'><strong>excellentissimum</strong></span> <span class='ocrx_word' id='word_1_367' title='bbox 3039 2793 3364 2863; x_wconf 85' lang='lat' dir='ltr'><strong>martyrium</strong></span> <span class='ocrx_word' id='word_1_368' title='bbox 3432 2809 3594 2846; x_wconf 86' lang='lat' dir='ltr'><strong>suum</strong></span> 
     </span>
    </p>
   </div>
   <div class='ocr_carea' id='block_1_57' title="bbox 2013 2885 3595 2954">
    <p class='ocr_par' dir='ltr' id='par_1_57' title="bbox 2013 2885 3595 2954">
     <span class='ocr_line' id='line_1_57' title="bbox 2013 2885 3595 2954; baseline -0.002 -14"><span class='ocrx_word' id='word_1_369' title='bbox 2013 2896 2096 2940; x_wconf 89' lang='lat' dir='ltr'><strong>est</strong></span> <span class='ocrx_word' id='word_1_370' title='bbox 2122 2903 2376 2940; x_wconf 79' lang='lat' dir='ltr'><strong>exorsus.</strong></span> <span class='ocrx_word' id='word_1_371' title='bbox 2406 2886 2612 2954; x_wconf 75' lang='lat' dir='ltr'><strong>Viginti</strong></span> <span class='ocrx_word' id='word_1_372' title='bbox 2638 2895 2764 2946; x_wconf 88' lang='lat' dir='ltr'><strong>octo</strong></span> <span class='ocrx_word' id='word_1_373' title='bbox 2792 2900 3030 2952; x_wconf 83' lang='lat' dir='ltr'><strong>namque</strong></span> <span class='ocrx_word' id='word_1_374' title='bbox 3060 2885 3220 2937; x_wconf 88' lang='lat' dir='ltr'><strong>anuis</strong></span> <span class='ocrx_word' id='word_1_375' title='bbox 3246 2901 3344 2953; x_wconf 91' lang='lat' dir='ltr'><strong>pro</strong></span> <span class='ocrx_word' id='word_1_376' title='bbox 3371 2885 3595 2939; x_wconf 82' lang='lat' dir='ltr'><strong>Christo</strong></span> 
     </span>
    </p>
   </div>
   <div class='ocr_carea' id='block_1_58' title="bbox 2015 2975 3598 3048">
    <p class='ocr_par' dir='ltr' id='par_1_58' title="bbox 2015 2975 3598 3048">
     <span class='ocr_line' id='line_1_58' title="bbox 2015 2975 3598 3048; baseline -0.001 -16"><span class='ocrx_word' id='word_1_377' title='bbox 2015 2978 2524 3048; x_wconf 83' lang='lat' dir='ltr'><strong>splendidissimum</strong></span> <span class='ocrx_word' id='word_1_378' title='bbox 2573 2979 2814 3032; x_wconf 81' lang='lat' dir='ltr'><strong>absolvit</strong></span> <span class='ocrx_word' id='word_1_379' title='bbox 2858 2993 3107 3032; x_wconf 87' lang='lat' dir='ltr'><strong>cursum.</strong></span> <span class='ocrx_word' id='word_1_380' title='bbox 3146 2975 3433 3046; x_wconf 75' lang='lat' dir='ltr'><strong>Siquidem</strong></span> <span class='ocrx_word' id='word_1_381' title='bbox 3474 2988 3598 3046; x_wconf 86' lang='lat' dir='ltr'><strong>post</strong></span> 
     </span>
    </p>
   </div>
   <div class='ocr_carea' id='block_1_59' title="bbox 2016 3068 3596 3138">
    <p class='ocr_par' dir='ltr' id='par_1_59' title="bbox 2016 3068 3596 3138">
     <span class='ocr_line' id='line_1_59' title="bbox 2016 3068 3596 3138; baseline 0.001 -17"><span class='ocrx_word' id='word_1_382' title='bbox 2016 3069 2282 3123; x_wconf 89' lang='lat' dir='ltr'><strong>mundum</strong></span> <span class='ocrx_word' id='word_1_383' title='bbox 2331 3068 2614 3123; x_wconf 89' lang='lat' dir='ltr'><strong>conditum</strong></span> <span class='ocrx_word' id='word_1_384' title='bbox 2669 3069 2987 3138; x_wconf 87' lang='lat' dir='ltr'><strong>quicunque</strong></span> <span class='ocrx_word' id='word_1_385' title='bbox 3022 3085 3121 3138; x_wconf 89' lang='lat' dir='ltr'><strong>pro</strong></span> <span class='ocrx_word' id='word_1_386' title='bbox 3156 3070 3379 3123; x_wconf 89' lang='lat' dir='ltr'><strong>Christo</strong></span> <span class='ocrx_word' id='word_1_387' title='bbox 3414 3077 3596 3123; x_wconf 79' lang='lat' dir='ltr'><strong>certa—</strong></span> 
     </span>
    </p>
   </div>
   <div class='ocr_carea' id='block_1_60' title="bbox 2017 3162 3595 3232">
    <p class='ocr_par' dir='ltr' id='par_1_60' title="bbox 2017 3162 3595 3232">
     <span class='ocr_line' id='line_1_60' title="bbox 2017 3162 3595 3232; baseline 0.002 -18"><span class='ocrx_word' id='word_1_388' title='bbox 2017 3178 2140 3215; x_wconf 89' lang='lat' dir='ltr'><strong>men</strong></span> <span class='ocrx_word' id='word_1_389' title='bbox 2181 3163 2325 3230; x_wconf 73' lang='lat' dir='ltr'><strong>igne,</strong></span> <span class='ocrx_word' id='word_1_390' title='bbox 2371 3162 2540 3226; x_wconf 86' lang='lat' dir='ltr'><strong>ferro,</strong></span> <span class='ocrx_word' id='word_1_391' title='bbox 2574 3162 2876 3232; x_wconf 84' lang='lat' dir='ltr'><strong>lapidibus,</strong></span> <span class='ocrx_word' id='word_1_392' title='bbox 2915 3163 3076 3232; x_wconf 84' lang='lat' dir='ltr'><strong>lignis</strong></span> <span class='ocrx_word' id='word_1_393' title='bbox 3115 3164 3394 3229; x_wconf 84' lang='lat' dir='ltr'><strong>obierunt,</strong></span> <span class='ocrx_word' id='word_1_394' title='bbox 3428 3164 3595 3232; x_wconf 85' lang='lat' dir='ltr'><strong>quive</strong></span> 
     </span>
    </p>
   </div>
   <div class='ocr_carea' id='block_1_61' title="bbox 2015 3255 3594 3325">
    <p class='ocr_par' dir='ltr' id='par_1_61' title="bbox 2015 3255 3594 3325">
     <span class='ocr_line' id='line_1_61' title="bbox 2015 3255 3594 3325; baseline 0.001 -15"><span class='ocrx_word' id='word_1_395' title='bbox 2015 3272 2138 3310; x_wconf 86' lang='lat' dir='ltr'><strong>cum</strong></span> <span class='ocrx_word' id='word_1_396' title='bbox 2197 3256 2387 3310; x_wconf 83' lang='lat' dir='ltr'><strong>bestiis</strong></span> <span class='ocrx_word' id='word_1_397' title='bbox 2439 3255 2867 3325; x_wconf 82' lang='lat' dir='ltr'><strong>depugnarunt,</strong></span> <span class='ocrx_word' id='word_1_398' title='bbox 2921 3265 2974 3309; x_wconf 90' lang='lat' dir='ltr'><strong>et</strong></span> <span class='ocrx_word' id='word_1_399' title='bbox 3028 3257 3311 3310; x_wconf 84' lang='lat' dir='ltr'><strong>diuturnis</strong></span> <span class='ocrx_word' id='word_1_400' title='bbox 3362 3258 3594 3311; x_wconf 75' lang='lat' dir='ltr'><strong>vinculis</strong></span> 
     </span>
    </p>
   </div>
   <div class='ocr_carea' id='block_1_62' title="bbox 2017 3345 3655 3413">
    <p class='ocr_par' dir='ltr' id='par_1_62' title="bbox 2017 3345 3655 3413">
     <span class='ocr_line' id='line_1_62' title="bbox 2017 3345 3655 3413; baseline 0.001 -15"><span class='ocrx_word' id='word_1_401' title='bbox 2017 3345 2200 3398; x_wconf 86' lang='lat' dir='ltr'><strong>alllicti</strong></span> <span class='ocrx_word' id='word_1_402' title='bbox 2235 3355 2400 3407; x_wconf 86' lang='lat' dir='ltr'><strong>sunt;</strong></span> <span class='ocrx_word' id='word_1_403' title='bbox 2437 3356 2702 3413; x_wconf 62' lang='lat' dir='ltr'><strong>prteterca</strong></span> <span class='ocrx_word' id='word_1_404' title='bbox 2734 3346 2826 3413; x_wconf 92' lang='lat' dir='ltr'><strong>qui</strong></span> <span class='ocrx_word' id='word_1_405' title='bbox 2857 3345 3095 3400; x_wconf 89' lang='lat' dir='ltr'><strong>diversis</strong></span> <span class='ocrx_word' id='word_1_406' title='bbox 3127 3345 3307 3400; x_wconf 83' lang='lat' dir='ltr'><strong>modis</strong></span> <span class='ocrx_word' id='word_1_407' title='bbox 3334 3347 3383 3399; x_wconf 87' lang='lat' dir='ltr'><strong>iu</strong></span> <span class='ocrx_word' id='word_1_408' title='bbox 3424 3357 3592 3408; x_wconf 90' lang='lat' dir='ltr'><strong>terra,</strong></span> <span class='ocrx_word' id='word_1_409' title='bbox 3651 3374 3655 3378; x_wconf 93' lang='lat'><strong><em>-</em></strong></span> 
     </span>
    </p>
   </div>
   <div class='ocr_carea' id='block_1_63' title="bbox 2017 3437 3598 3505">
    <p class='ocr_par' dir='ltr' id='par_1_63' title="bbox 2017 3437 3598 3505">
     <span class='ocr_line' id='line_1_63' title="bbox 2017 3437 3598 3505; baseline 0.002 -16"><span class='ocrx_word' id='word_1_410' title='bbox 2017 3439 2069 3489; x_wconf 91' lang='lat' dir='ltr'><strong>in</strong></span> <span class='ocrx_word' id='word_1_411' title='bbox 2104 3453 2249 3500; x_wconf 79' lang='lat' dir='ltr'><strong>aere,</strong></span> <span class='ocrx_word' id='word_1_412' title='bbox 2288 3438 2341 3490; x_wconf 91' lang='lat' dir='ltr'><strong>in</strong></span> <span class='ocrx_word' id='word_1_413' title='bbox 2382 3437 2566 3505; x_wconf 88' lang='lat' dir='ltr'><strong>aquis,</strong></span> <span class='ocrx_word' id='word_1_414' title='bbox 2603 3452 2726 3489; x_wconf 91' lang='lat' dir='ltr'><strong>cum</strong></span> <span class='ocrx_word' id='word_1_415' title='bbox 2773 3437 3062 3505; x_wconf 79' lang='lat' dir='ltr'><strong>suppliciis</strong></span> <span class='ocrx_word' id='word_1_416' title='bbox 3104 3447 3234 3491; x_wconf 86' lang='lat' dir='ltr'><strong>sunt</strong></span> <span class='ocrx_word' id='word_1_417' title='bbox 3274 3439 3550 3492; x_wconf 81' lang='lat' dir='ltr'><strong>Colluctati</strong></span> <span class='ocrx_word' id='word_1_418' title='bbox 3578 3458 3598 3498; x_wconf 64' lang='grc' dir='ltr'><strong>ι</strong></span> 
     </span>
    </p>
   </div>
   <div class='ocr_carea' id='block_1_64' title="bbox 2021 3529 3595 3599">
    <p class='ocr_par' dir='ltr' id='par_1_64' title="bbox 2021 3529 3595 3599">
     <span class='ocr_line' id='line_1_64' title="bbox 2021 3529 3595 3599; baseline 0.002 -17"><span class='ocrx_word' id='word_1_419' title='bbox 2021 3541 2132 3582; x_wconf 89' lang='lat' dir='ltr'><strong>tum</strong></span> <span class='ocrx_word' id='word_1_420' title='bbox 2168 3539 2356 3582; x_wconf 83' lang='lat' dir='ltr'><strong>autem</strong></span> <span class='ocrx_word' id='word_1_421' title='bbox 2408 3530 2502 3599; x_wconf 90' lang='lat' dir='ltr'><strong>qui</strong></span> <span class='ocrx_word' id='word_1_422' title='bbox 2554 3530 2637 3582; x_wconf 88' lang='lat' dir='ltr'><strong>vel</strong></span> <span class='ocrx_word' id='word_1_423' title='bbox 2683 3529 2884 3596; x_wconf 73' lang='lat' dir='ltr'><strong>frigore</strong></span> <span class='ocrx_word' id='word_1_424' title='bbox 2922 3530 3003 3582; x_wconf 87' lang='lat' dir='ltr'><strong>vel</strong></span> <span class='ocrx_word' id='word_1_425' title='bbox 3042 3531 3224 3584; x_wconf 89' lang='lat' dir='ltr'><strong>calore</strong></span> <span class='ocrx_word' id='word_1_426' title='bbox 3262 3530 3434 3582; x_wconf 83' lang='lat' dir='ltr'><strong>uitnio</strong></span> <span class='ocrx_word' id='word_1_427' title='bbox 3467 3545 3595 3586; x_wconf 86' lang='lat' dir='ltr'><strong>sunt</strong></span> 
     </span>
    </p>
   </div>
   <div class='ocr_carea' id='block_1_65' title="bbox 336 3612 1912 3692">
    <p class='ocr_par' dir='ltr' id='par_1_65' title="bbox 336 3612 1909 3687">
     <span class='ocr_line' id='line_1_65' title="bbox 336 3612 1909 3687; baseline 0.001 -21"><span class='ocrx_word' id='word_1_428' title='bbox 336 3616 526 3684; x_wconf 77' lang='grc' dir='ltr'>πρῶτα</span> <span class='ocrx_word' id='word_1_429' title='bbox 573 3614 672 3683; x_wconf 80' lang='grc' dir='ltr'>μὲν</span> <span class='ocrx_word' id='word_1_430' title='bbox 715 3614 808 3665; x_wconf 69' lang='grc' dir='ltr'>ἐπὶ</span> <span class='ocrx_word' id='word_1_431' title='bbox 851 3613 1092 3682; x_wconf 77' lang='grc' dir='ltr'>Ῥώμης,</span> <span class='ocrx_word' id='word_1_432' title='bbox 1134 3612 1324 3665; x_wconf 75' lang='grc' dir='ltr'>ἔπειτα</span> <span class='ocrx_word' id='word_1_433' title='bbox 1373 3615 1429 3667; x_wconf 83' lang='grc' dir='ltr'>δὲ</span> <span class='ocrx_word' id='word_1_434' title='bbox 1476 3617 1613 3666; x_wconf 74' lang='grc' dir='ltr'>κατὰ</span> <span class='ocrx_word' id='word_1_435' title='bbox 1660 3616 1909 3687; x_wconf 79' lang='grc' dir='ltr'>Νικομή-</span> 
     </span>
    </p>
   </div>
   <div class='ocr_carea' id='block_1_66' title="bbox 2016 3612 3595 3692">
    <p class='ocr_par' dir='ltr' id='par_1_66' title="bbox 2017 3622 3595 3692">
     <span class='ocr_line' id='line_1_66' title="bbox 2017 3622 3595 3692; baseline 0.003 -19"><span class='ocrx_word' id='word_1_436' title='bbox 2017 3623 2353 3690; x_wconf 82' lang='lat' dir='ltr'><strong>consumpti,</strong></span> <span class='ocrx_word' id='word_1_437' title='bbox 2394 3631 2489 3676; x_wconf 89' lang='lat' dir='ltr'><strong>aut</strong></span> <span class='ocrx_word' id='word_1_438' title='bbox 2538 3622 2632 3690; x_wconf 90' lang='lat' dir='ltr'><strong>qui</strong></span> <span class='ocrx_word' id='word_1_439' title='bbox 2677 3622 2800 3675; x_wconf 89' lang='lat' dir='ltr'><strong>aliis</strong></span> <span class='ocrx_word' id='word_1_440' title='bbox 2853 3623 3277 3690; x_wconf 87' lang='lat' dir='ltr'><strong>quibuscunque</strong></span> <span class='ocrx_word' id='word_1_441' title='bbox 3315 3624 3491 3692; x_wconf 71' lang='lat' dir='ltr'><strong>pretiis</strong></span> <span class='ocrx_word' id='word_1_442' title='bbox 3539 3636 3595 3677; x_wconf 89' lang='lat' dir='ltr'><strong>et</strong></span> 
     </span>
    </p>
   </div>
   <div class='ocr_carea' id='block_1_67' title="bbox 333 3704 1912 3776">
    <p class='ocr_par' dir='ltr' id='par_1_67' title="bbox 333 3704 1912 3776">
     <span class='ocr_line' id='line_1_67' title="bbox 333 3704 1912 3776; baseline 0.001 -17"><span class='ocrx_word' id='word_1_443' title='bbox 333 3710 502 3769; x_wconf 86' lang='grc' dir='ltr'>δειαν,</span> <span class='ocrx_word' id='word_1_444' title='bbox 553 3709 616 3759; x_wconf 81' lang='grc' dir='ltr'>ἐκ</span> <span class='ocrx_word' id='word_1_445' title='bbox 664 3704 920 3774; x_wconf 76' lang='grc' dir='ltr'>διαδοχῆς</span> <span class='ocrx_word' id='word_1_446' title='bbox 976 3704 1187 3756; x_wconf 80' lang='grc' dir='ltr'>πολλῶν</span> <span class='ocrx_word' id='word_1_447' title='bbox 1238 3705 1486 3773; x_wconf 76' lang='grc' dir='ltr'>ὠμότητι</span> <span class='ocrx_word' id='word_1_448' title='bbox 1539 3707 1912 3776; x_wconf 69' lang='grc' dir='ltr'>διαφερόντων</span> 
     </span>
    </p>
   </div>
   <div class='ocr_carea' id='block_1_68' title="bbox 335 3795 1912 3867">
    <p class='ocr_par' dir='ltr' id='par_1_68' title="bbox 335 3795 1912 3867">
     <span class='ocr_line' id='line_1_68' title="bbox 335 3795 1912 3867; baseline 0.001 -19"><span class='ocrx_word' id='word_1_449' title='bbox 335 3795 852 3866; x_wconf 80' lang='grc' dir='ltr'>προσπαλαίσαντες</span> <span class='ocrx_word' id='word_1_450' title='bbox 884 3795 1278 3856; x_wconf 57' lang='grc' dir='ltr'>ὠςνὲπιλιπεῖν</span> <span class='ocrx_word' id='word_1_451' title='bbox 1325 3797 1506 3849; x_wconf 74' lang='grc' dir='ltr'>πᾶσαν</span> <span class='ocrx_word' id='word_1_452' title='bbox 1539 3797 1912 3867; x_wconf 75' lang='grc' dir='ltr'>κολαστηρίων</span> 
     </span>
    </p>
   </div>
   <div class='ocr_carea' id='block_1_69' title="bbox 334 3886 1913 3960">
    <p class='ocr_par' dir='ltr' id='par_1_69' title="bbox 334 3886 1913 3960">
     <span class='ocr_line' id='line_1_69' title="bbox 334 3886 1913 3960; baseline 0.003 -21"><span class='ocrx_word' id='word_1_453' title='bbox 334 3891 602 3941; x_wconf 74' lang='grc' dir='ltr'>ἐπίνοιαν·</span> <span class='ocrx_word' id='word_1_454' title='bbox 637 3889 780 3956; x_wconf 79' lang='grc' dir='ltr'>ξίφει</span> <span class='ocrx_word' id='word_1_455' title='bbox 809 3889 863 3940; x_wconf 81' lang='grc' dir='ltr'>δὲ</span> <span class='ocrx_word' id='word_1_456' title='bbox 894 3887 954 3939; x_wconf 82' lang='grc' dir='ltr'>τὺ</span> <span class='ocrx_word' id='word_1_457' title='bbox 992 3886 1305 3940; x_wconf 82' lang='grc' dir='ltr'>τελευταῖον</span> <span class='ocrx_word' id='word_1_458' title='bbox 1349 3889 1783 3959; x_wconf 73' lang='grc' dir='ltr'>ἀποτμηθέντες,</span> <span class='ocrx_word' id='word_1_459' title='bbox 1817 3894 1913 3960; x_wconf 67' lang='grc' dir='ltr'><strong>τὴν</strong></span> 
     </span>
    </p>
   </div>
   <div class='ocr_carea' id='block_1_70' title="bbox 334 3977 1911 4048">
    <p class='ocr_par' dir='ltr' id='par_1_70' title="bbox 334 3977 1911 4048">
     <span class='ocr_line' id='line_1_70' title="bbox 334 3977 1911 4048; baseline 0.001 -17"><span class='ocrx_word' id='word_1_460' title='bbox 334 3977 530 4046; x_wconf 74' lang='grc' dir='ltr'>ἀγήρω</span> <span class='ocrx_word' id='word_1_461' title='bbox 558 3977 703 4048; x_wconf 78' lang='grc' dir='ltr'>ζωὴν</span> <span class='ocrx_word' id='word_1_462' title='bbox 738 3977 1159 4048; x_wconf 76' lang='grc' dir='ltr'>ἀντηλλάξαντο.</span> <span class='ocrx_word' id='word_1_463' title='bbox 1193 3977 1313 4040; x_wconf 81' lang='grc' dir='ltr'>Πῶς</span> <span class='ocrx_word' id='word_1_464' title='bbox 1351 3978 1407 4030; x_wconf 86' lang='grc' dir='ltr'>δὲ</span> <span class='ocrx_word' id='word_1_465' title='bbox 1436 3979 1544 4048; x_wconf 81' lang='grc' dir='ltr'>ἄρα</span> <span class='ocrx_word' id='word_1_466' title='bbox 1579 3980 1911 4048; x_wconf 80' lang='grc' dir='ltr'>Εὐστρατίου</span> 
     </span>
    </p>
   </div>
   <div class='ocr_carea' id='block_1_71' title="bbox 343 4071 1916 4142">
    <p class='ocr_par' dir='ltr' id='par_1_71' title="bbox 343 4071 1916 4142">
     <span class='ocr_line' id='line_1_71' title="bbox 343 4071 1916 4142; baseline 0.003 -21"><span class='ocrx_word' id='word_1_467' title='bbox 343 4071 558 4138; x_wconf 73' lang='grc' dir='ltr'>καὶτῆς</span> <span class='ocrx_word' id='word_1_468' title='bbox 585 4071 752 4124; x_wconf 86' lang='grc' dir='ltr'>αὐτοῦ</span> <span class='ocrx_word' id='word_1_469' title='bbox 799 4071 1051 4133; x_wconf 75' lang='grc' dir='ltr'>συνοδίας</span> <span class='ocrx_word' id='word_1_470' title='bbox 1088 4071 1448 4124; x_wconf 79' lang='grc' dir='ltr'>ἐπιλαθέσθαι</span> <span class='ocrx_word' id='word_1_471' title='bbox 1486 4072 1824 4142; x_wconf 86' lang='grc' dir='ltr'>δυνήσομαι;</span> <span class='ocrx_word' id='word_1_472' title='bbox 1857 4072 1916 4136; x_wconf 84' lang='grc' dir='ltr'>ὃς</span> 
     </span>
    </p>
   </div>
   <div class='ocr_carea' id='block_1_72' title="bbox 341 4163 1917 4236">
    <p class='ocr_par' dir='ltr' id='par_1_72' title="bbox 341 4163 1917 4236">
     <span class='ocr_line' id='line_1_72' title="bbox 341 4163 1917 4236; baseline 0.002 -21"><span class='ocrx_word' id='word_1_473' title='bbox 341 4165 567 4233; x_wconf 75' lang='grc' dir='ltr'>ὥρμητο</span> <span class='ocrx_word' id='word_1_474' title='bbox 604 4163 703 4232; x_wconf 83' lang='grc' dir='ltr'>μὲν</span> <span class='ocrx_word' id='word_1_475' title='bbox 744 4163 1127 4233; x_wconf 80' lang='grc' dir='ltr'>Ἀραΰράκων·</span> <span class='ocrx_word' id='word_1_476' title='bbox 1169 4163 1467 4233; x_wconf 81' lang='grc' dir='ltr'>πρόσοικος</span> <span class='ocrx_word' id='word_1_477' title='bbox 1502 4165 1558 4217; x_wconf 84' lang='grc' dir='ltr'>δὲ</span> <span class='ocrx_word' id='word_1_478' title='bbox 1606 4165 1917 4236; x_wconf 79' lang='grc' dir='ltr'>Ἀρμενίοις</span> 
     </span>
    </p>
   </div>
   <div class='ocr_carea' id='block_1_73' title="bbox 341 4254 1918 4325">
    <p class='ocr_par' dir='ltr' id='par_1_73' title="bbox 341 4254 1918 4325">
     <span class='ocr_line' id='line_1_73' title="bbox 341 4254 1918 4325; baseline 0.003 -19"><span class='ocrx_word' id='word_1_479' title='bbox 341 4259 372 4322; x_wconf 86' lang='grc' dir='ltr'>ἡ</span> <span class='ocrx_word' id='word_1_480' title='bbox 414 4255 590 4324; x_wconf 83' lang='grc' dir='ltr'>χώρα·</span> <span class='ocrx_word' id='word_1_481' title='bbox 628 4255 922 4324; x_wconf 80' lang='grc' dir='ltr'>φιλοσοφίᾳ</span> <span class='ocrx_word' id='word_1_482' title='bbox 967 4255 1023 4307; x_wconf 80' lang='grc' dir='ltr'>δὲ</span> <span class='ocrx_word' id='word_1_483' title='bbox 1063 4256 1160 4325; x_wconf 81' lang='grc' dir='ltr'>τῆς</span> <span class='ocrx_word' id='word_1_484' title='bbox 1197 4254 1319 4308; x_wconf 77' lang='grc' dir='ltr'>καθ’</span> <span class='ocrx_word' id='word_1_485' title='bbox 1353 4255 1625 4324; x_wconf 85' lang='grc' dir='ltr'>Ἕλληνας</span> <span class='ocrx_word' id='word_1_486' title='bbox 1666 4259 1918 4320; x_wconf 85' lang='grc' dir='ltr'>παιδείας</span> 
     </span>
    </p>
   </div>
   <div class='ocr_carea' id='block_1_74' title="bbox 342 4344 1916 4421">
    <p class='ocr_par' dir='ltr' id='par_1_74' title="bbox 342 4344 1916 4421">
     <span class='ocr_line' id='line_1_74' title="bbox 342 4344 1916 4421; baseline 0.002 -21"><span class='ocrx_word' id='word_1_487' title='bbox 342 4349 555 4407; x_wconf 77' lang='grc' dir='ltr'>οὐδενὸς</span> <span class='ocrx_word' id='word_1_488' title='bbox 589 4344 703 4417; x_wconf 74' lang='grc' dir='ltr'>εἶχε</span> <span class='ocrx_word' id='word_1_489' title='bbox 731 4347 800 4400; x_wconf 77' lang='grc' dir='ltr'>τὰ</span> <span class='ocrx_word' id='word_1_490' title='bbox 834 4347 1085 4418; x_wconf 77' lang='grc' dir='ltr'><strong>δεύτερα⁸</strong></span> <span class='ocrx_word' id='word_1_491' title='bbox 1121 4348 1213 4401; x_wconf 80' lang='grc' dir='ltr'>καὶ</span> <span class='ocrx_word' id='word_1_492' title='bbox 1237 4348 1546 4417; x_wconf 89' lang='grc' dir='ltr'>φιλοσοφῶν</span> <span class='ocrx_word' id='word_1_493' title='bbox 1569 4350 1635 4402; x_wconf 86' lang='grc' dir='ltr'>τὰ</span> <span class='ocrx_word' id='word_1_494' title='bbox 1668 4351 1916 4421; x_wconf 71' lang='grc' dir='ltr'>ἡμέτερα</span> 
     </span>
    </p>
   </div>
   <div class='ocr_carea' id='block_1_75' title="bbox 346 4436 1919 4513">
    <p class='ocr_par' dir='ltr' id='par_1_75' title="bbox 346 4436 1919 4513">
     <span class='ocr_line' id='line_1_75' title="bbox 346 4436 1919 4513; baseline -0.004 -20"><span class='ocrx_word' id='word_1_495' title='bbox 346 4442 666 4508; x_wconf 78' lang='grc' dir='ltr'>μά).ιστα“ὲν</span> <span class='ocrx_word' id='word_1_496' title='bbox 701 4439 778 4508; x_wconf 81' lang='grc' dir='ltr'>τῷ</span> <span class='ocrx_word' id='word_1_497' title='bbox 808 4438 1078 4506; x_wconf 77' lang='grc' dir='ltr'>λεληθότι,</span> <span class='ocrx_word' id='word_1_498' title='bbox 1105 4436 1366 4508; x_wconf 49' lang='grc' dir='ltr'>ἐμφαῆῶς</span> <span class='ocrx_word' id='word_1_499' title='bbox 1401 4441 1577 4512; x_wconf 79' lang='grc' dir='ltr'>Λυσίᾳ</span> <span class='ocrx_word' id='word_1_500' title='bbox 1600 4442 1678 4513; x_wconf 82' lang='grc' dir='ltr'><strong>τῷ</strong></span> <span class='ocrx_word' id='word_1_501' title='bbox 1716 4446 1814 4509; x_wconf 81' lang='grc' dir='ltr'>τῆς</span> <span class='ocrx_word' id='word_1_502' title='bbox 1845 4444 1919 4494; x_wconf 80' lang='grc' dir='ltr'>ἓω</span> 
     </span>
    </p>
   </div>
   <div class='ocr_carea' id='block_1_76' title="bbox 343 4528 1921 4602">
    <p class='ocr_par' dir='ltr' id='par_1_76' title="bbox 343 4528 1921 4602">
     <span class='ocr_line' id='line_1_76' title="bbox 343 4528 1921 4602; baseline 0.003 -20"><span class='ocrx_word' id='word_1_503' title='bbox 343 4533 571 4601; x_wconf 77' lang='grc' dir='ltr'>ἡγεμόνι</span> <span class='ocrx_word' id='word_1_504' title='bbox 620 4530 968 4600; x_wconf 79' lang='grc' dir='ltr'>ὑπηρετεῖτο,</span> <span class='ocrx_word' id='word_1_505' title='bbox 1015 4528 1073 4591; x_wconf 85' lang='grc' dir='ltr'>ὃς</span> <span class='ocrx_word' id='word_1_506' title='bbox 1107 4531 1204 4590; x_wconf 78' lang='grc' dir='ltr'>τὰς</span> <span class='ocrx_word' id='word_1_507' title='bbox 1259 4531 1369 4583; x_wconf 82' lang='grc' dir='ltr'><strong>τῶν</strong></span> <span class='ocrx_word' id='word_1_508' title='bbox 1419 4533 1662 4586; x_wconf 76' lang='grc' dir='ltr'>εὐσεϐῶν</span> <span class='ocrx_word' id='word_1_509' title='bbox 1704 4536 1921 4602; x_wconf 75' lang='grc' dir='ltr'>σφαγὰς</span> 
     </span>
    </p>
   </div>
   <div class='ocr_carea' id='block_1_77' title="bbox 345 4619 1918 4692">
    <p class='ocr_par' dir='ltr' id='par_1_77' title="bbox 345 4619 1918 4692">
     <span class='ocr_line' id='line_1_77' title="bbox 345 4619 1918 4692; baseline 0.002 -20"><span class='ocrx_word' id='word_1_510' title='bbox 345 4625 481 4692; x_wconf 73' lang='grc' dir='ltr'>πρὸς</span> <span class='ocrx_word' id='word_1_511' title='bbox 512 4621 622 4673; x_wconf 89' lang='grc' dir='ltr'><strong>τῶν</strong></span> <span class='ocrx_word' id='word_1_512' title='bbox 672 4619 1024 4690; x_wconf 81' lang='grc' dir='ltr'>κρατούντων</span> <span class='ocrx_word' id='word_1_513' title='bbox 1067 4619 1282 4680; x_wconf 79' lang='grc' dir='ltr'>ἀσεϐῶς</span> <span class='ocrx_word' id='word_1_514' title='bbox 1320 4622 1720 4690; x_wconf 74' lang='grc' dir='ltr'>ἐγκεχείριστο.</span> <span class='ocrx_word' id='word_1_515' title='bbox 1751 4623 1918 4685; x_wconf 84' lang='grc' dir='ltr'>Οὗτος</span> 
     </span>
    </p>
   </div>
   <div class='ocr_carea' id='block_1_78' title="bbox 342 4713 1919 4784">
    <p class='ocr_par' dir='ltr' id='par_1_78' title="bbox 342 4713 1919 4784">
     <span class='ocr_line' id='line_1_78' title="bbox 342 4713 1919 4784; baseline -0.001 -16"><span class='ocrx_word' id='word_1_516' title='bbox 342 4716 521 4768; x_wconf 84' lang='grc' dir='ltr'>τοίνυν</span> <span class='ocrx_word' id='word_1_517' title='bbox 547 4715 908 4782; x_wconf 84' lang='grc' dir='ltr'>σκρινιάριος,</span> <span class='ocrx_word' id='word_1_518' title='bbox 940 4714 1120 4765; x_wconf 78' lang='grc' dir='ltr'>εἴτουν</span> <span class='ocrx_word' id='word_1_519' title='bbox 1147 4713 1506 4782; x_wconf 78' lang='grc' dir='ltr'>ἀπογραφεὺς</span> <span class='ocrx_word' id='word_1_520' title='bbox 1536 4715 1635 4783; x_wconf 88' lang='grc' dir='ltr'><strong>τῆς</strong></span> <span class='ocrx_word' id='word_1_521' title='bbox 1661 4715 1919 4784; x_wconf 86' lang='grc' dir='ltr'>δουκικῆς</span> 
     </span>
    </p>
   </div>
   <div class='ocr_carea' id='block_1_79' title="bbox 340 4801 1921 4872">
    <p class='ocr_par' dir='ltr' id='par_1_79' title="bbox 340 4801 1921 4872">
     <span class='ocr_line' id='line_1_79' title="bbox 340 4801 1921 4872; baseline -0.001 -14"><span class='ocrx_word' id='word_1_522' title='bbox 340 4805 546 4870; x_wconf 72' lang='grc' dir='ltr'>τάξεως</span> <span class='ocrx_word' id='word_1_523' title='bbox 575 4802 856 4872; x_wconf 84' lang='grc' dir='ltr'>πεφηνὼς,</span> <span class='ocrx_word' id='word_1_524' title='bbox 872 4802 972 4871; x_wconf 83' lang='grc' dir='ltr'>τὴν</span> <span class='ocrx_word' id='word_1_525' title='bbox 997 4801 1104 4854; x_wconf 83' lang='grc' dir='ltr'><strong>τῶν</strong></span> <span class='ocrx_word' id='word_1_526' title='bbox 1127 4801 1426 4870; x_wconf 83' lang='grc' dir='ltr'>μαρτύρων</span> <span class='ocrx_word' id='word_1_527' title='bbox 1448 4803 1702 4868; x_wconf 83' lang='grc' dir='ltr'>γενναίαν</span> <span class='ocrx_word' id='word_1_528' title='bbox 1733 4805 1921 4856; x_wconf 79' lang='grc' dir='ltr'>ἔνστα-</span> 
     </span>
    </p>
   </div>
   <div class='ocr_carea' id='block_1_80' title="bbox 344 4895 1917 4966">
    <p class='ocr_par' dir='ltr' id='par_1_80' title="bbox 344 4895 1917 4966">
     <span class='ocr_line' id='line_1_80' title="bbox 344 4895 1917 4966; baseline -0.002 -15"><span class='ocrx_word' id='word_1_529' title='bbox 344 4917 428 4951; x_wconf 88' lang='grc' dir='ltr'><strong>σιν</strong></span> <span class='ocrx_word' id='word_1_530' title='bbox 455 4897 675 4966; x_wconf 84' lang='grc' dir='ltr'>διορῶν,</span> <span class='ocrx_word' id='word_1_531' title='bbox 711 4895 860 4966; x_wconf 80' lang='grc' dir='ltr'><strong>ζήλῳ</strong></span> <span class='ocrx_word' id='word_1_532' title='bbox 899 4895 1000 4964; x_wconf 83' lang='grc' dir='ltr'>τὴν</span> <span class='ocrx_word' id='word_1_533' title='bbox 1045 4895 1276 4961; x_wconf 85' lang='grc' dir='ltr'>καρδίαν</span> <span class='ocrx_word' id='word_1_534' title='bbox 1319 4895 1552 4963; x_wconf 75' lang='grc' dir='ltr'>πληγεὶς</span> <span class='ocrx_word' id='word_1_535' title='bbox 1593 4896 1692 4948; x_wconf 84' lang='grc' dir='ltr'><strong>οὐκ</strong></span> <span class='ocrx_word' id='word_1_536' title='bbox 1738 4895 1917 4949; x_wconf 83' lang='grc' dir='ltr'>ἄλλων</span> 
     </span>
    </p>
   </div>
   <div class='ocr_carea' id='block_1_81' title="bbox 342 4985 1914 5055">
    <p class='ocr_par' dir='ltr' id='par_1_81' title="bbox 342 4985 1914 5055">
     <span class='ocr_line' id='line_1_81' title="bbox 342 4985 1914 5055; baseline -0.001 -14"><span class='ocrx_word' id='word_1_537' title='bbox 342 4991 517 5041; x_wconf 72' lang='grc' dir='ltr'>ἐδεῖτο</span> <span class='ocrx_word' id='word_1_538' title='bbox 543 4989 650 5038; x_wconf 85' lang='grc' dir='ltr'><strong>τῶν</strong></span> <span class='ocrx_word' id='word_1_539' title='bbox 677 4987 1023 5055; x_wconf 87' lang='grc' dir='ltr'>κατηγόρων,</span> <span class='ocrx_word' id='word_1_540' title='bbox 1056 4985 1174 5037; x_wconf 84' lang='grc' dir='ltr'>ἀλλ’</span> <span class='ocrx_word' id='word_1_541' title='bbox 1200 4985 1360 5047; x_wconf 81' lang='grc' dir='ltr'>αὒτὸς</span> <span class='ocrx_word' id='word_1_542' title='bbox 1393 4986 1584 5039; x_wconf 79' lang='grc' dir='ltr'>ἑαυτὸν</span> <span class='ocrx_word' id='word_1_543' title='bbox 1610 4988 1914 5055; x_wconf 83' lang='grc' dir='ltr'>καταγγέλ-</span> 
     </span>
    </p>
   </div>
   <div class='ocr_carea' id='block_1_82' title="bbox 345 5075 1912 5149">
    <p class='ocr_par' dir='ltr' id='par_1_82' title="bbox 345 5075 1912 5149">
     <span class='ocr_line' id='line_1_82' title="bbox 345 5075 1912 5149; baseline -0.001 -17"><span class='ocrx_word' id='word_1_544' title='bbox 345 5088 452 5134; x_wconf 81' lang='grc' dir='ltr'><strong>λων</strong></span> <span class='ocrx_word' id='word_1_545' title='bbox 491 5075 580 5149; x_wconf 84' lang='grc' dir='ltr'><strong>ἦν.</strong></span> <span class='ocrx_word' id='word_1_546' title='bbox 605 5081 769 5132; x_wconf 82' lang='grc' dir='ltr'>Ὅθεν</span> <span class='ocrx_word' id='word_1_547' title='bbox 810 5081 903 5131; x_wconf 73' lang='grc' dir='ltr'><strong>καὶ</strong></span> <span class='ocrx_word' id='word_1_548' title='bbox 945 5082 1044 5148; x_wconf 80' lang='grc' dir='ltr'>τὴν</span> <span class='ocrx_word' id='word_1_549' title='bbox 1093 5078 1283 5130; x_wconf 79' lang='grc' dir='ltr'>ἄνοιαν</span> <span class='ocrx_word' id='word_1_550' title='bbox 1315 5079 1407 5129; x_wconf 81' lang='grc' dir='ltr'><strong>καὶ</strong></span> <span class='ocrx_word' id='word_1_551' title='bbox 1440 5077 1500 5128; x_wconf 80' lang='grc' dir='ltr'><strong>τὸ</strong></span> <span class='ocrx_word' id='word_1_552' title='bbox 1548 5079 1775 5144; x_wconf 81' lang='grc' dir='ltr'>μάταιον</span> <span class='ocrx_word' id='word_1_553' title='bbox 1803 5080 1912 5130; x_wconf 85' lang='grc' dir='ltr'><strong>τῶν</strong></span> 
     </span>
    </p>
   </div>
   <div class='ocr_carea' id='block_1_83' title="bbox 347 5169 1913 5240">
    <p class='ocr_par' dir='ltr' id='par_1_83' title="bbox 347 5169 1913 5240">
     <span class='ocr_line' id='line_1_83' title="bbox 347 5169 1913 5240; baseline -0.002 -15"><span class='ocrx_word' id='word_1_554' title='bbox 347 5173 625 5226; x_wconf 75' lang='grc' dir='ltr'>δυσσεσῶν</span> <span class='ocrx_word' id='word_1_555' title='bbox 685 5171 999 5239; x_wconf 77' lang='grc' dir='ltr'>διελέγχων,</span> <span class='ocrx_word' id='word_1_556' title='bbox 1046 5170 1284 5239; x_wconf 76' lang='grc' dir='ltr'>διαέριος</span> <span class='ocrx_word' id='word_1_557' title='bbox 1333 5169 1608 5234; x_wconf 71' lang='grc' dir='ltr'>ἐκταθεὶς,</span> <span class='ocrx_word' id='word_1_558' title='bbox 1667 5170 1913 5240; x_wconf 86' lang='grc' dir='ltr'>σφοδρῶς</span> 
     </span>
    </p>
   </div>
   <div class='ocr_carea' id='block_1_84' title="bbox 352 5259 1917 5328">
    <p class='ocr_par' dir='ltr' id='par_1_84' title="bbox 352 5259 1917 5328">
     <span class='ocr_line' id='line_1_84' title="bbox 352 5259 1917 5328; baseline -0.001 -13"><span class='ocrx_word' id='word_1_559' title='bbox 352 5261 739 5324; x_wconf 82' lang='grc' dir='ltr'>κατεκόπτετο,</span> <span class='ocrx_word' id='word_1_560' title='bbox 771 5259 906 5324; x_wconf 87' lang='grc' dir='ltr'>πυρί</span> <span class='ocrx_word' id='word_1_561' title='bbox 935 5275 994 5310; x_wconf 89' lang='grc' dir='ltr'><strong>τε</strong></span> <span class='ocrx_word' id='word_1_562' title='bbox 1026 5259 1094 5310; x_wconf 80' lang='grc' dir='ltr'>τὰ</span> <span class='ocrx_word' id='word_1_563' title='bbox 1125 5259 1411 5328; x_wconf 84' lang='grc' dir='ltr'>σπλάγχνα</span> <span class='ocrx_word' id='word_1_564' title='bbox 1442 5259 1675 5312; x_wconf 82' lang='grc' dir='ltr'>ἐκαίετο·</span> <span class='ocrx_word' id='word_1_565' title='bbox 1710 5260 1833 5313; x_wconf 76' lang='grc' dir='ltr'>ἁλσὶ</span> <span class='ocrx_word' id='word_1_566' title='bbox 1861 5262 1917 5313; x_wconf 79' lang='grc' dir='ltr'><strong>δὲ</strong></span> 
     </span>
    </p>
   </div>
   <div class='ocr_carea' id='block_1_85' title="bbox 351 5350 1917 5419">
    <p class='ocr_par' dir='ltr' id='par_1_85' title="bbox 351 5350 1917 5419">
     <span class='ocr_line' id='line_1_85' title="bbox 351 5350 1917 5419; baseline -0.003 -12"><span class='ocrx_word' id='word_1_567' title='bbox 351 5355 441 5407; x_wconf 72' lang='grc' dir='ltr'>καὶ</span> <span class='ocrx_word' id='word_1_568' title='bbox 469 5353 582 5418; x_wconf 80' lang='grc' dir='ltr'>ὄξει</span> <span class='ocrx_word' id='word_1_569' title='bbox 615 5353 1044 5419; x_wconf 81' lang='grc' dir='ltr'>καταχεόμενος,</span> <span class='ocrx_word' id='word_1_570' title='bbox 1075 5350 1212 5419; x_wconf 81' lang='grc' dir='ltr'>πρὸς</span> <span class='ocrx_word' id='word_1_571' title='bbox 1260 5351 1318 5402; x_wconf 72' lang='grc' dir='ltr'>δὲ</span> <span class='ocrx_word' id='word_1_572' title='bbox 1345 5353 1438 5402; x_wconf 78' lang='grc' dir='ltr'><strong>καὶ</strong></span> <span class='ocrx_word' id='word_1_573' title='bbox 1465 5351 1760 5419; x_wconf 80' lang='grc' dir='ltr'>ὀστράκοις</span> <span class='ocrx_word' id='word_1_574' title='bbox 1799 5353 1917 5404; x_wconf 84' lang='grc' dir='ltr'>δια-</span> 
     </span>
    </p>
   </div>
   <div class='ocr_carea' id='block_1_86' title="bbox 344 5441 1916 5514">
    <p class='ocr_par' dir='ltr' id='par_1_86' title="bbox 344 5441 1916 5514">
     <span class='ocr_line' id='line_1_86' title="bbox 344 5441 1916 5514; baseline -0.003 -16"><span class='ocrx_word' id='word_1_575' title='bbox 344 5446 691 5514; x_wconf 78' lang='grc' dir='ltr'>τριόόμενος,</span> <span class='ocrx_word' id='word_1_576' title='bbox 741 5444 858 5502; x_wconf 73' lang='grc' dir='ltr'>ὅλος</span> <span class='ocrx_word' id='word_1_577' title='bbox 909 5442 1106 5511; x_wconf 81' lang='grc' dir='ltr'>ἁθρόον</span> <span class='ocrx_word' id='word_1_578' title='bbox 1145 5441 1371 5511; x_wconf 84' lang='grc' dir='ltr'>τραῦμα</span> <span class='ocrx_word' id='word_1_579' title='bbox 1410 5442 1700 5495; x_wconf 72' lang='grc' dir='ltr'>ἐδείκνυτο.</span> <span class='ocrx_word' id='word_1_580' title='bbox 1747 5443 1916 5510; x_wconf 80' lang='grc' dir='ltr'><strong>Ῥοπῇ</strong></span> 
     </span>
    </p>
   </div>
   <div class='ocr_carea' id='block_1_87' title="bbox 343 5530 1921 5604">
    <p class='ocr_par' dir='ltr' id='par_1_87' title="bbox 343 5530 1921 5604">
     <span class='ocr_line' id='line_1_87' title="bbox 343 5530 1921 5604; baseline -0.001 -16"><span class='ocrx_word' id='word_1_581' title='bbox 343 5536 399 5588; x_wconf 77' lang='grc' dir='ltr'>δὲ</span> <span class='ocrx_word' id='word_1_582' title='bbox 453 5535 574 5604; x_wconf 77' lang='grc' dir='ltr'>Θείᾳ</span> <span class='ocrx_word' id='word_1_583' title='bbox 623 5534 718 5587; x_wconf 86' lang='grc' dir='ltr'><strong>τοῦ</strong></span> <span class='ocrx_word' id='word_1_584' title='bbox 772 5531 1131 5602; x_wconf 81' lang='grc' dir='ltr'>ἀδελφορικοῦ</span> <span class='ocrx_word' id='word_1_585' title='bbox 1188 5530 1443 5599; x_wconf 86' lang='grc' dir='ltr'>σώματος</span> <span class='ocrx_word' id='word_1_586' title='bbox 1493 5533 1626 5585; x_wconf 81' lang='grc' dir='ltr'>ὡσεὶ</span> <span class='ocrx_word' id='word_1_587' title='bbox 1687 5535 1921 5587; x_wconf 81' lang='grc' dir='ltr'>λεπίδων</span> 
     </span>
    </p>
   </div>
   <div class='ocr_carea' id='block_1_88' title="bbox 346 5624 1914 5698">
    <p class='ocr_par' dir='ltr' id='par_1_88' title="bbox 346 5624 1914 5698">
     <span class='ocr_line' id='line_1_88' title="bbox 346 5624 1914 5698; baseline -0.001 -17"><span class='ocrx_word' id='word_1_588' title='bbox 346 5628 752 5698; x_wconf 74' lang='grc' dir='ltr'>ἁπορῤυεισών,</span> <span class='ocrx_word' id='word_1_589' title='bbox 779 5628 870 5678; x_wconf 73' lang='grc' dir='ltr'><strong>καὶ</strong></span> <span class='ocrx_word' id='word_1_590' title='bbox 894 5624 967 5685; x_wconf 72' lang='grc' dir='ltr'>ὡς</span> <span class='ocrx_word' id='word_1_591' title='bbox 991 5625 1260 5693; x_wconf 76' lang='grc' dir='ltr'>πρότερον</span> <span class='ocrx_word' id='word_1_592' title='bbox 1284 5625 1431 5692; x_wconf 61' lang='grc' dir='ltr'>ὑγιὲς</span> <span class='ocrx_word' id='word_1_593' title='bbox 1456 5628 1513 5676; x_wconf 73' lang='grc' dir='ltr'><strong>τὸ</strong></span> <span class='ocrx_word' id='word_1_594' title='bbox 1539 5631 1694 5694; x_wconf 84' lang='grc' dir='ltr'>σῶμα</span> <span class='ocrx_word' id='word_1_595' title='bbox 1725 5629 1914 5696; x_wconf 74' lang='grc' dir='ltr'>φανὲν,</span> 
     </span>
    </p>
   </div>
   <div class='ocr_carea' id='block_1_89' title="bbox 344 5719 1914 5789">
    <p class='ocr_par' dir='ltr' id='par_1_89' title="bbox 344 5719 1914 5789">
     <span class='ocr_line' id='line_1_89' title="bbox 344 5719 1914 5789; baseline -0.001 -17"><span class='ocrx_word' id='word_1_596' title='bbox 344 5722 422 5788; x_wconf 79' lang='grc' dir='ltr'>τῷ</span> <span class='ocrx_word' id='word_1_597' title='bbox 460 5721 656 5789; x_wconf 76' lang='grc' dir='ltr'>σταδίῳ</span> <span class='ocrx_word' id='word_1_598' title='bbox 690 5723 783 5772; x_wconf 78' lang='grc' dir='ltr'><strong>καὶ</strong></span> <span class='ocrx_word' id='word_1_599' title='bbox 812 5721 840 5772; x_wconf 87' lang='grc' dir='ltr'>ὁ</span> <span class='ocrx_word' id='word_1_600' title='bbox 876 5722 1136 5786; x_wconf 75' lang='grc' dir='ltr'>ὁμόφρων</span> <span class='ocrx_word' id='word_1_601' title='bbox 1174 5719 1428 5786; x_wconf 76' lang='grc' dir='ltr'>Εὐγένιος</span> <span class='ocrx_word' id='word_1_602' title='bbox 1469 5721 1736 5786; x_wconf 79' lang='grc' dir='ltr'>πρόσεισι.</span> <span class='ocrx_word' id='word_1_603' title='bbox 1774 5723 1914 5788; x_wconf 58' lang='grc' dir='ltr'>Πρὸς</span> 
     </span>
    </p>
   </div>
   <div class='ocr_carea' id='block_1_90' title="bbox 348 5811 1912 5880">
    <p class='ocr_par' dir='ltr' id='par_1_90' title="bbox 348 5811 1912 5880">
     <span class='ocr_line' id='line_1_90' title="bbox 348 5811 1912 5880; baseline -0.002 -13"><span class='ocrx_word' id='word_1_604' title='bbox 348 5817 642 5868; x_wconf 76' lang='grc' dir='ltr'>Νικόπολιν</span> <span class='ocrx_word' id='word_1_605' title='bbox 666 5816 716 5865; x_wconf 79' lang='grc' dir='ltr'>δὲ</span> <span class='ocrx_word' id='word_1_606' title='bbox 747 5813 1033 5880; x_wconf 64' lang='grc' dir='ltr'>ἀπαίροντι</span> <span class='ocrx_word' id='word_1_607' title='bbox 1065 5811 1140 5878; x_wconf 71' lang='grc' dir='ltr'><strong>τῷ</strong></span> <span class='ocrx_word' id='word_1_608' title='bbox 1167 5813 1359 5878; x_wconf 54' lang='grc' dir='ltr'>Λυσίᾳ,</span> <span class='ocrx_word' id='word_1_609' title='bbox 1398 5812 1688 5878; x_wconf 78' lang='grc' dir='ltr'>ὲλκυσμοῖς</span> <span class='ocrx_word' id='word_1_610' title='bbox 1717 5812 1912 5880; x_wconf 81' lang='grc' dir='ltr'>βιαίοις</span> 
     </span>
    </p>
   </div>
   <div class='ocr_carea' id='block_1_91' title="bbox 353 5904 1912 5978">
    <p class='ocr_par' dir='ltr' id='par_1_91' title="bbox 353 5904 1912 5978">
     <span class='ocr_line' id='line_1_91' title="bbox 353 5904 1912 5978; baseline -0.004 -16"><span class='ocrx_word' id='word_1_611' title='bbox 353 5910 846 5978; x_wconf 60' lang='grc' dir='ltr'>ουμπεριάγονῖαι.</span> <span class='ocrx_word' id='word_1_612' title='bbox 886 5907 1056 5961; x_wconf 78' lang='grc' dir='ltr'>’Ἐνοα</span> <span class='ocrx_word' id='word_1_613' title='bbox 1099 5904 1161 5974; x_wconf 73' lang='grc' dir='ltr'><strong>δὴ</strong></span> <span class='ocrx_word' id='word_1_614' title='bbox 1218 5907 1306 5957; x_wconf 70' lang='grc' dir='ltr'><strong>καὶ</strong></span> <span class='ocrx_word' id='word_1_615' title='bbox 1362 5904 1674 5974; x_wconf 56' lang='lat' dir='ltr'><strong>Marp-adma;</strong></span> <span class='ocrx_word' id='word_1_616' title='bbox 1729 5905 1912 5972; x_wconf 69' lang='grc' dir='ltr'>ἤγεῖοο</span> 
     </span>
    </p>
   </div>
   <div class='ocr_carea' id='block_1_92' title="bbox 2019 3715 3596 3785">
    <p class='ocr_par' dir='ltr' id='par_1_92' title="bbox 2019 3715 3596 3785">
     <span class='ocr_line' id='line_1_92' title="bbox 2019 3715 3596 3785; baseline 0.001 -18"><span class='ocrx_word' id='word_1_617' title='bbox 2019 3717 2312 3768; x_wconf 85' lang='lat' dir='ltr'><strong>tormentis</strong></span> <span class='ocrx_word' id='word_1_618' title='bbox 2359 3715 2527 3768; x_wconf 89' lang='lat' dir='ltr'><strong>vitam</strong></span> <span class='ocrx_word' id='word_1_619' title='bbox 2574 3715 2900 3778; x_wconf 87' lang='lat' dir='ltr'><strong>amiserunt,</strong></span> <span class='ocrx_word' id='word_1_620' title='bbox 2936 3730 3032 3768; x_wconf 87' lang='lat' dir='ltr'><strong>eos</strong></span> <span class='ocrx_word' id='word_1_621' title='bbox 3076 3731 3269 3768; x_wconf 87' lang='lat' dir='ltr'><strong>omnes</strong></span> <span class='ocrx_word' id='word_1_622' title='bbox 3307 3732 3429 3768; x_wconf 90' lang='lat' dir='ltr'><strong>meo</strong></span> <span class='ocrx_word' id='word_1_623' title='bbox 3472 3718 3596 3785; x_wconf 88' lang='lat' dir='ltr'><strong>qui-</strong></span> 
     </span>
    </p>
   </div>
   <div class='ocr_carea' id='block_1_93' title="bbox 2013 3803 3592 3874">
    <p class='ocr_par' dir='ltr' id='par_1_93' title="bbox 2013 3803 3592 3874">
     <span class='ocr_line' id='line_1_93' title="bbox 2013 3803 3592 3874; baseline -0.001 -16"><span class='ocrx_word' id='word_1_624' title='bbox 2013 3804 2136 3858; x_wconf 90' lang='lat' dir='ltr'><strong>dem</strong></span> <span class='ocrx_word' id='word_1_625' title='bbox 2189 3803 2402 3873; x_wconf 86' lang='lat' dir='ltr'><strong>judicio</strong></span> <span class='ocrx_word' id='word_1_626' title='bbox 2450 3814 2673 3859; x_wconf 90' lang='lat' dir='ltr'><strong>sanctus</strong></span> <span class='ocrx_word' id='word_1_627' title='bbox 2726 3804 2819 3857; x_wconf 89' lang='lat' dir='ltr'><strong>ille</strong></span> <span class='ocrx_word' id='word_1_628' title='bbox 2864 3803 3138 3866; x_wconf 84' lang='lat' dir='ltr'><strong>Clemens,</strong></span> <span class='ocrx_word' id='word_1_629' title='bbox 3187 3814 3242 3858; x_wconf 88' lang='lat' dir='ltr'><strong>et</strong></span> <span class='ocrx_word' id='word_1_630' title='bbox 3294 3823 3418 3860; x_wconf 89' lang='lat' dir='ltr'><strong>cum</strong></span> <span class='ocrx_word' id='word_1_631' title='bbox 3475 3807 3592 3874; x_wconf 89' lang='lat' dir='ltr'><strong>ipso</strong></span> 
     </span>
    </p>
   </div>
   <div class='ocr_carea' id='block_1_94' title="bbox 2016 3893 3589 3972">
    <p class='ocr_par' dir='ltr' id='par_1_94' title="bbox 2016 3893 3589 3972">
     <span class='ocr_line' id='line_1_94' title="bbox 2016 3893 3589 3972; baseline 0 -24"><span class='ocrx_word' id='word_1_632' title='bbox 2016 3893 2422 3965; x_wconf 80' lang='lat' dir='ltr'><strong>Agathangelus</strong></span> <span class='ocrx_word' id='word_1_633' title='bbox 2477 3895 2637 3964; x_wconf 82' lang='lat' dir='ltr'><strong>longe</strong></span> <span class='ocrx_word' id='word_1_634' title='bbox 2689 3897 2973 3962; x_wconf 86' lang='lat' dir='ltr'><strong>superavit</strong></span> <span class='ocrx_word' id='word_1_635' title='bbox 3017 3913 3031 3949; x_wconf 94' lang='lat'>:</span> <span class='ocrx_word' id='word_1_636' title='bbox 3071 3895 3310 3965; x_wconf 89' lang='lat' dir='ltr'><strong>primum</strong></span> <span class='ocrx_word' id='word_1_637' title='bbox 3365 3896 3589 3972; x_wconf 79' lang='lat' dir='ltr'><strong>quidem</strong></span> 
     </span>
    </p>
   </div>
   <div class='ocr_carea' id='block_1_95' title="bbox 2017 3986 3593 4052">
    <p class='ocr_par' dir='ltr' id='par_1_95' title="bbox 2017 3986 3593 4052">
     <span class='ocr_line' id='line_1_95' title="bbox 2017 3986 3593 4052; baseline 0 -10"><span class='ocrx_word' id='word_1_638' title='bbox 2017 3989 2223 4052; x_wconf 63' lang='lat' dir='ltr'><strong>Ronan,</strong></span> <span class='ocrx_word' id='word_1_639' title='bbox 2252 3987 2450 4042; x_wconf 88' lang='lat' dir='ltr'><strong>deinde</strong></span> <span class='ocrx_word' id='word_1_640' title='bbox 2501 3986 2858 4052; x_wconf 76' lang='lat' dir='ltr'><strong>Nicomediae,</strong></span> <span class='ocrx_word' id='word_1_641' title='bbox 2887 4004 3011 4041; x_wconf 90' lang='lat' dir='ltr'><strong>cum</strong></span> <span class='ocrx_word' id='word_1_642' title='bbox 3057 3987 3274 4043; x_wconf 85' lang='lat' dir='ltr'><strong>feritate</strong></span> <span class='ocrx_word' id='word_1_643' title='bbox 3306 3999 3365 4044; x_wconf 89' lang='lat' dir='ltr'><strong>et</strong></span> <span class='ocrx_word' id='word_1_644' title='bbox 3392 3990 3593 4042; x_wconf 88' lang='lat' dir='ltr'><strong>crude—</strong></span> 
     </span>
    </p>
   </div>
   <div class='ocr_carea' id='block_1_96' title="bbox 2016 4081 3589 4152">
    <p class='ocr_par' dir='ltr' id='par_1_96' title="bbox 2016 4081 3589 4152">
     <span class='ocr_line' id='line_1_96' title="bbox 2016 4081 3589 4152; baseline 0.001 -18"><span class='ocrx_word' id='word_1_645' title='bbox 2016 4082 2169 4134; x_wconf 89' lang='lat' dir='ltr'><strong>litate</strong></span> <span class='ocrx_word' id='word_1_646' title='bbox 2217 4081 2342 4136; x_wconf 80' lang='lat' dir='ltr'><strong>ali‘is</strong></span> <span class='ocrx_word' id='word_1_647' title='bbox 2389 4089 2714 4152; x_wconf 69' lang='lat' dir='ltr'><strong>praestantes</strong></span> <span class='ocrx_word' id='word_1_648' title='bbox 2766 4089 3029 4148; x_wconf 84' lang='lat' dir='ltr'><strong>tortores,</strong></span> <span class='ocrx_word' id='word_1_649' title='bbox 3063 4083 3144 4136; x_wconf 86' lang='lat' dir='ltr'><strong>eis</strong></span> <span class='ocrx_word' id='word_1_650' title='bbox 3183 4082 3589 4144; x_wconf 81' lang='lat' dir='ltr'><strong>excruciaudis,</strong></span> 
     </span>
    </p>
   </div>
   <div class='ocr_carea' id='block_1_97' title="bbox 2017 4171 3590 4245">
    <p class='ocr_par' dir='ltr' id='par_1_97' title="bbox 2017 4171 3590 4245">
     <span class='ocr_line' id='line_1_97' title="bbox 2017 4171 3590 4245; baseline 0 -18"><span class='ocrx_word' id='word_1_651' title='bbox 2017 4173 2168 4227; x_wconf 86' lang='lat' dir='ltr'><strong>vices</strong></span> <span class='ocrx_word' id='word_1_652' title='bbox 2217 4189 2313 4242; x_wconf 90' lang='lat' dir='ltr'><strong>per</strong></span> <span class='ocrx_word' id='word_1_653' title='bbox 2358 4174 2768 4228; x_wconf 89' lang='lat' dir='ltr'><strong>successionem</strong></span> <span class='ocrx_word' id='word_1_654' title='bbox 2826 4171 3124 4237; x_wconf 75' lang='lat' dir='ltr'><strong>rutilantes,</strong></span> <span class='ocrx_word' id='word_1_655' title='bbox 3168 4175 3236 4229; x_wconf 90' lang='lat' dir='ltr'><strong>ab</strong></span> <span class='ocrx_word' id='word_1_656' title='bbox 3283 4176 3432 4229; x_wconf 90' lang='lat' dir='ltr'><strong>omni</strong></span> <span class='ocrx_word' id='word_1_657' title='bbox 3479 4178 3590 4245; x_wconf 66' lang='lat' dir='ltr'><strong>iam</strong></span> 
     </span>
    </p>
   </div>
   <div class='ocr_carea' id='block_1_98' title="bbox 2019 4267 3591 4337">
    <p class='ocr_par' dir='ltr' id='par_1_98' title="bbox 2019 4267 3591 4337">
     <span class='ocr_line' id='line_1_98' title="bbox 2019 4267 3591 4337; baseline 0.001 -18"><span class='ocrx_word' id='word_1_658' title='bbox 2019 4276 2418 4320; x_wconf 86' lang='lat' dir='ltr'><strong>tormentorum</strong></span> <span class='ocrx_word' id='word_1_659' title='bbox 2449 4268 2881 4337; x_wconf 80' lang='lat' dir='ltr'><strong>excogitatorum</strong></span> <span class='ocrx_word' id='word_1_660' title='bbox 2911 4267 3094 4335; x_wconf 85' lang='lat' dir='ltr'><strong>specie</strong></span> <span class='ocrx_word' id='word_1_661' title='bbox 3122 4267 3591 4331; x_wconf 84' lang='lat' dir='ltr'><strong>destituercntur;</strong></span> 
     </span>
    </p>
   </div>
   <div class='ocr_carea' id='block_1_99' title="bbox 2017 4358 3593 4427">
    <p class='ocr_par' dir='ltr' id='par_1_99' title="bbox 2017 4358 3593 4427">
     <span class='ocr_line' id='line_1_99' title="bbox 2017 4358 3593 4427; baseline 0.001 -17"><span class='ocrx_word' id='word_1_662' title='bbox 2017 4358 2080 4410; x_wconf 84' lang='lat' dir='ltr'><strong>al</strong></span> <span class='ocrx_word' id='word_1_663' title='bbox 2114 4365 2453 4426; x_wconf 85' lang='lat' dir='ltr'><strong>postremum</strong></span> <span class='ocrx_word' id='word_1_664' title='bbox 2499 4366 2682 4412; x_wconf 88' lang='lat' dir='ltr'><strong>autem</strong></span> <span class='ocrx_word' id='word_1_665' title='bbox 2723 4359 2904 4427; x_wconf 84' lang='lat' dir='ltr'><strong>gladio</strong></span> <span class='ocrx_word' id='word_1_666' title='bbox 2948 4359 3217 4426; x_wconf 84' lang='lat' dir='ltr'><strong>percussi,</strong></span> <span class='ocrx_word' id='word_1_667' title='bbox 3250 4359 3416 4410; x_wconf 85' lang='lat' dir='ltr'><strong>vitam</strong></span> <span class='ocrx_word' id='word_1_668' title='bbox 3452 4361 3593 4411; x_wconf 83' lang='lat' dir='ltr'><strong>hanc</strong></span> 
     </span>
    </p>
   </div>
   <div class='ocr_carea' id='block_1_100' title="bbox 2020 4447 3596 4513">
    <p class='ocr_par' dir='ltr' id='par_1_100' title="bbox 2020 4447 3596 4513">
     <span class='ocr_line' id='line_1_100' title="bbox 2020 4447 3596 4513; baseline -0.001 -13"><span class='ocrx_word' id='word_1_669' title='bbox 2020 4448 2314 4500; x_wconf 89' lang='lat' dir='ltr'><strong>immortali</strong></span> <span class='ocrx_word' id='word_1_670' title='bbox 2338 4448 2429 4500; x_wconf 91' lang='lat' dir='ltr'><strong>illa</strong></span> <span class='ocrx_word' id='word_1_671' title='bbox 2453 4451 2885 4501; x_wconf 81' lang='lat' dir='ltr'><strong>con&#39;tm&#39;utarunt.</strong></span> <span class='ocrx_word' id='word_1_672' title='bbox 2913 4448 3198 4513; x_wconf 79' lang='lat' dir='ltr'><strong>Quomodo</strong></span> <span class='ocrx_word' id='word_1_673' title='bbox 3218 4465 3348 4502; x_wconf 87' lang='lat' dir='ltr'><strong>vero</strong></span> <span class='ocrx_word' id='word_1_674' title='bbox 3375 4447 3596 4500; x_wconf 84' lang='lat' dir='ltr'><strong>Eustra-</strong></span> 
     </span>
    </p>
   </div>
   <div class='ocr_carea' id='block_1_101' title="bbox 2021 4541 3595 4611">
    <p class='ocr_par' dir='ltr' id='par_1_101' title="bbox 2021 4541 3595 4611">
     <span class='ocr_line' id='line_1_101' title="bbox 2021 4541 3595 4611; baseline 0.001 -18"><span class='ocrx_word' id='word_1_675' title='bbox 2021 4541 2154 4593; x_wconf 91' lang='lat' dir='ltr'><strong>tium</strong></span> <span class='ocrx_word' id='word_1_676' title='bbox 2210 4541 2551 4607; x_wconf 87' lang='lat' dir='ltr'><strong>comitesque</strong></span> <span class='ocrx_word' id='word_1_677' title='bbox 2599 4541 2719 4608; x_wconf 82' lang='lat' dir='ltr'><strong>ejus</strong></span> <span class='ocrx_word' id='word_1_678' title='bbox 2773 4541 3139 4609; x_wconf 64' lang='lat' dir='ltr'><strong>pra-loream?</strong></span> <span class='ocrx_word' id='word_1_679' title='bbox 3180 4541 3348 4611; x_wconf 69' lang='grc'><strong>458</strong></span> <span class='ocrx_word' id='word_1_680' title='bbox 3386 4542 3478 4610; x_wconf 87' lang='lat' dir='ltr'><strong>qui</strong></span> <span class='ocrx_word' id='word_1_681' title='bbox 3526 4558 3595 4594; x_wconf 78' lang='lat' dir='ltr'><strong>cx</strong></span> 
     </span>
    </p>
   </div>
   <div class='ocr_carea' id='block_1_102' title="bbox 2019 4630 3595 4699">
    <p class='ocr_par' dir='ltr' id='par_1_102' title="bbox 2019 4630 3595 4699">
     <span class='ocr_line' id='line_1_102' title="bbox 2019 4630 3595 4699; baseline 0.001 -17"><span class='ocrx_word' id='word_1_682' title='bbox 2019 4631 2310 4684; x_wconf 78' lang='lat' dir='ltr'><strong>Arabracis</strong></span> <span class='ocrx_word' id='word_1_683' title='bbox 2342 4630 2564 4699; x_wconf 81' lang='lat' dir='ltr'><strong>regione</strong></span> <span class='ocrx_word' id='word_1_684' title='bbox 2589 4631 2867 4683; x_wconf 83' lang='lat' dir='ltr'><strong>Armeniis</strong></span> <span class='ocrx_word' id='word_1_685' title='bbox 2900 4631 3126 4683; x_wconf 87' lang='lat' dir='ltr'><strong>finitima</strong></span> <span class='ocrx_word' id='word_1_686' title='bbox 3159 4641 3334 4695; x_wconf 91' lang='lat' dir='ltr'><strong>ortus,</strong></span> <span class='ocrx_word' id='word_1_687' title='bbox 3361 4632 3414 4684; x_wconf 92' lang='lat' dir='ltr'><strong>in</strong></span> <span class='ocrx_word' id='word_1_688' title='bbox 3447 4631 3595 4684; x_wconf 74' lang='lat' dir='ltr'><strong>Gne-</strong></span> 
     </span>
    </p>
   </div>
   <div class='ocr_carea' id='block_1_103' title="bbox 2020 4720 3599 4789">
    <p class='ocr_par' dir='ltr' id='par_1_103' title="bbox 2020 4720 3599 4789">
     <span class='ocr_line' id='line_1_103' title="bbox 2020 4720 3599 4789; baseline 0.004 -20"><span class='ocrx_word' id='word_1_689' title='bbox 2020 4736 2206 4772; x_wconf 82' lang='lat' dir='ltr'><strong>earttm</strong></span> <span class='ocrx_word' id='word_1_690' title='bbox 2240 4721 2460 4788; x_wconf 87' lang='lat' dir='ltr'><strong>quidem</strong></span> <span class='ocrx_word' id='word_1_691' title='bbox 2493 4720 2912 4789; x_wconf 84' lang='lat' dir='ltr'><strong>disciplinarum</strong></span> <span class='ocrx_word' id='word_1_692' title='bbox 2955 4723 3185 4776; x_wconf 81' lang='lat' dir='ltr'><strong>scientia</strong></span> <span class='ocrx_word' id='word_1_693' title='bbox 3235 4725 3440 4777; x_wconf 87' lang='lat' dir='ltr'><strong>nemini</strong></span> <span class='ocrx_word' id='word_1_694' title='bbox 3478 4735 3599 4777; x_wconf 84' lang='lat' dir='ltr'><strong>erat.</strong></span> 
     </span>
    </p>
   </div>
   <div class='ocr_carea' id='block_1_104' title="bbox 2019 4811 3597 4880">
    <p class='ocr_par' dir='ltr' id='par_1_104' title="bbox 2019 4811 3597 4880">
     <span class='ocr_line' id='line_1_104' title="bbox 2019 4811 3597 4880; baseline 0.003 -16"><span class='ocrx_word' id='word_1_695' title='bbox 2019 4812 2328 4872; x_wconf 82' lang='lat' dir='ltr'><strong>secumlus,</strong></span> <span class='ocrx_word' id='word_1_696' title='bbox 2385 4811 2780 4880; x_wconf 88' lang='lat' dir='ltr'><strong>professionem</strong></span> <span class='ocrx_word' id='word_1_697' title='bbox 2839 4823 3018 4864; x_wconf 72' lang='lat' dir='ltr'><strong>autem</strong></span> <span class='ocrx_word' id='word_1_698' title='bbox 3075 4823 3320 4867; x_wconf 89' lang='lat' dir='ltr'><strong>nostram</strong></span> <span class='ocrx_word' id='word_1_699' title='bbox 3379 4814 3597 4868; x_wconf 88' lang='lat' dir='ltr'><strong>occulte</strong></span> 
     </span>
    </p>
   </div>
   <div class='ocr_carea' id='block_1_105' title="bbox 2022 4901 3598 4971">
    <p class='ocr_par' dir='ltr' id='par_1_105' title="bbox 2022 4901 3598 4971">
     <span class='ocr_line' id='line_1_105' title="bbox 2022 4901 3598 4971; baseline 0.003 -17"><span class='ocrx_word' id='word_1_700' title='bbox 2022 4902 2262 4963; x_wconf 76' lang='lat' dir='ltr'><strong>discens,</strong></span> <span class='ocrx_word' id='word_1_701' title='bbox 2304 4901 2585 4967; x_wconf 82' lang='lat' dir='ltr'><strong>propalam</strong></span> <span class='ocrx_word' id='word_1_702' title='bbox 2625 4901 2794 4970; x_wconf 72' lang='lat' dir='ltr'><strong>Lysia:</strong></span> <span class='ocrx_word' id='word_1_703' title='bbox 2826 4901 3069 4955; x_wconf 84' lang='lat' dir='ltr'><strong>Orientis</strong></span> <span class='ocrx_word' id='word_1_704' title='bbox 3110 4903 3369 4971; x_wconf 79' lang='lat' dir='ltr'><strong>praefecto</strong></span> <span class='ocrx_word' id='word_1_705' title='bbox 3418 4906 3598 4958; x_wconf 85' lang='lat' dir='ltr'><strong>inser-</strong></span> 
     </span>
    </p>
   </div>
   <div class='ocr_carea' id='block_1_106' title="bbox 2025 4993 3598 5065">
    <p class='ocr_par' dir='ltr' id='par_1_106' title="bbox 2025 4993 3598 5065">
     <span class='ocr_line' id='line_1_106' title="bbox 2025 4993 3598 5065; baseline 0.004 -21"><span class='ocrx_word' id='word_1_706' title='bbox 2025 4993 2198 5057; x_wconf 80' lang='lat' dir='ltr'><strong>vivit,</strong></span> <span class='ocrx_word' id='word_1_707' title='bbox 2237 4994 2329 5061; x_wconf 92' lang='lat' dir='ltr'><strong>qui</strong></span> <span class='ocrx_word' id='word_1_708' title='bbox 2367 4993 2438 5044; x_wconf 89' lang='lat' dir='ltr'><strong>ibi</strong></span> <span class='ocrx_word' id='word_1_709' title='bbox 2475 4993 2770 5062; x_wconf 86' lang='lat' dir='ltr'><strong>impiorum</strong></span> <span class='ocrx_word' id='word_1_710' title='bbox 2807 4996 3202 5062; x_wconf 76' lang='lat' dir='ltr'><strong>imperatorum</strong></span> <span class='ocrx_word' id='word_1_711' title='bbox 3225 4997 3381 5065; x_wconf 72' lang='lat' dir='ltr'><strong>iussu</strong></span> <span class='ocrx_word' id='word_1_712' title='bbox 3418 4997 3598 5050; x_wconf 65' lang='lat' dir='ltr'><strong>credes</strong></span> 
     </span>
    </p>
   </div>
   <div class='ocr_carea' id='block_1_107' title="bbox 2023 5085 3637 5154">
    <p class='ocr_par' dir='ltr' id='par_1_107' title="bbox 2023 5085 3637 5154">
     <span class='ocr_line' id='line_1_107' title="bbox 2023 5085 3637 5154; baseline 0.006 -21"><span class='ocrx_word' id='word_1_713' title='bbox 2023 5085 2243 5153; x_wconf 88' lang='lat' dir='ltr'><strong>piorum</strong></span> <span class='ocrx_word' id='word_1_714' title='bbox 2293 5085 2576 5137; x_wconf 87' lang='lat' dir='ltr'><strong>hominum</strong></span> <span class='ocrx_word' id='word_1_715' title='bbox 2624 5089 2901 5154; x_wconf 84' lang='lat' dir='ltr'><strong>patrabat.</strong></span> <span class='ocrx_word' id='word_1_716' title='bbox 2946 5089 3244 5141; x_wconf 78' lang='lat' dir='ltr'><strong>EnimVero</strong></span> <span class='ocrx_word' id='word_1_717' title='bbox 3283 5090 3637 5143; x_wconf 81' lang='lat' dir='ltr'><strong>Eustralius&#39;</strong></span> 
     </span>
    </p>
   </div>
   <div class='ocr_carea' id='block_1_108' title="bbox 2025 5175 3595 5242">
    <p class='ocr_par' dir='ltr' id='par_1_108' title="bbox 2025 5175 3595 5242">
     <span class='ocr_line' id='line_1_108' title="bbox 2025 5175 3595 5242; baseline 0.004 -14"><span class='ocrx_word' id='word_1_718' title='bbox 2025 5175 2369 5239; x_wconf 83' lang='lat' dir='ltr'><strong>scriniarius,</strong></span> <span class='ocrx_word' id='word_1_719' title='bbox 2401 5176 2517 5228; x_wconf 85' lang='lat' dir='ltr'><strong>sive</strong></span> <span class='ocrx_word' id='word_1_720' title='bbox 2547 5175 2760 5229; x_wconf 89' lang='lat' dir='ltr'><strong>ducalis</strong></span> <span class='ocrx_word' id='word_1_721' title='bbox 2793 5177 3007 5231; x_wconf 84' lang='lat' dir='ltr'><strong>ordinis</strong></span> <span class='ocrx_word' id='word_1_722' title='bbox 3031 5181 3206 5232; x_wconf 82' lang='lat' dir='ltr'><strong>scriba</strong></span> <span class='ocrx_word' id='word_1_723' title='bbox 3241 5181 3436 5242; x_wconf 87' lang='lat' dir='ltr'><strong>factus,</strong></span> <span class='ocrx_word' id='word_1_724' title='bbox 3470 5197 3595 5234; x_wconf 88' lang='lat' dir='ltr'><strong>cum</strong></span> 
     </span>
    </p>
   </div>
   <div class='ocr_carea' id='block_1_109' title="bbox 2028 5266 3598 5338">
    <p class='ocr_par' dir='ltr' id='par_1_109' title="bbox 2028 5266 3598 5338">
     <span class='ocr_line' id='line_1_109' title="bbox 2028 5266 3598 5338; baseline 0.005 -19"><span class='ocrx_word' id='word_1_725' title='bbox 2028 5267 2314 5320; x_wconf 86' lang='lat' dir='ltr'><strong>mirificam</strong></span> <span class='ocrx_word' id='word_1_726' title='bbox 2358 5266 2624 5320; x_wconf 90' lang='lat' dir='ltr'><strong>nobilium</strong></span> <span class='ocrx_word' id='word_1_727' title='bbox 2676 5277 2976 5338; x_wconf 82' lang='lat' dir='ltr'><strong>martyrum</strong></span> <span class='ocrx_word' id='word_1_728' title='bbox 3021 5274 3383 5324; x_wconf 83' lang='lat' dir='ltr'><strong>constantiam</strong></span> <span class='ocrx_word' id='word_1_729' title='bbox 3427 5273 3598 5327; x_wconf 86' lang='lat' dir='ltr'><strong>vidis-</strong></span> 
     </span>
    </p>
   </div>
   <div class='ocr_carea' id='block_1_110' title="bbox 1986 5359 3594 5433">
    <p class='ocr_par' dir='ltr' id='par_1_110' title="bbox 1986 5359 3594 5433">
     <span class='ocr_line' id='line_1_110' title="bbox 1986 5359 3594 5433; baseline 0.006 -21"><span class='ocrx_word' id='word_1_730' title='bbox 1986 5418 1988 5420; x_wconf 30' lang='lat'><strong>,</strong></span> <span class='ocrx_word' id='word_1_731' title='bbox 2018 5369 2122 5419; x_wconf 88' lang='lat' dir='ltr'><strong>set,</strong></span> <span class='ocrx_word' id='word_1_732' title='bbox 2152 5359 2673 5428; x_wconf 77' lang='lat' dir='ltr'><strong>:emulationemque</strong></span> <span class='ocrx_word' id='word_1_733' title='bbox 2702 5375 2892 5414; x_wconf 89' lang='lat' dir='ltr'><strong>eorum</strong></span> <span class='ocrx_word' id='word_1_734' title='bbox 2925 5362 2978 5414; x_wconf 91' lang='lat' dir='ltr'><strong>in</strong></span> <span class='ocrx_word' id='word_1_735' title='bbox 3011 5363 3197 5415; x_wconf 90' lang='lat' dir='ltr'><strong>animo</strong></span> <span class='ocrx_word' id='word_1_736' title='bbox 3228 5367 3594 5433; x_wconf 87' lang='lat' dir='ltr'><strong>concepisset,</strong></span> 
     </span>
    </p>
   </div>
   <div class='ocr_carea' id='block_1_111' title="bbox 2019 5451 3595 5524">
    <p class='ocr_par' dir='ltr' id='par_1_111' title="bbox 2019 5451 3595 5524">
     <span class='ocr_line' id='line_1_111' title="bbox 2019 5451 3595 5524; baseline 0.004 -22"><span class='ocrx_word' id='word_1_737' title='bbox 2019 5466 2127 5502; x_wconf 91' lang='lat' dir='ltr'><strong>non</strong></span> <span class='ocrx_word' id='word_1_738' title='bbox 2168 5451 2306 5504; x_wconf 85' lang='lat' dir='ltr'><strong>alios</strong></span> <span class='ocrx_word' id='word_1_739' title='bbox 2350 5459 2630 5520; x_wconf 81' lang='lat' dir='ltr'><strong>exspectat</strong></span> <span class='ocrx_word' id='word_1_740' title='bbox 2667 5459 3040 5514; x_wconf 82' lang='lat' dir='ltr'><strong>accusatores,</strong></span> <span class='ocrx_word' id='word_1_741' title='bbox 3073 5453 3166 5506; x_wconf 87' lang='lat' dir='ltr'><strong>sed</strong></span> <span class='ocrx_word' id='word_1_742' title='bbox 3201 5455 3445 5521; x_wconf 85' lang='lat' dir='ltr'><strong>scipsum</strong></span> <span class='ocrx_word' id='word_1_743' title='bbox 3479 5457 3595 5524; x_wconf 86' lang='lat' dir='ltr'><strong>ipse</strong></span> 
     </span>
    </p>
   </div>
   <div class='ocr_carea' id='block_1_112' title="bbox 2018 5542 3598 5611">
    <p class='ocr_par' dir='ltr' id='par_1_112' title="bbox 2018 5542 3598 5611">
     <span class='ocr_line' id='line_1_112' title="bbox 2018 5542 3598 5611; baseline 0.004 -16"><span class='ocrx_word' id='word_1_744' title='bbox 2018 5542 2218 5595; x_wconf 87' lang='lat' dir='ltr'><strong>defert.</strong></span> <span class='ocrx_word' id='word_1_745' title='bbox 2261 5543 2394 5595; x_wconf 87' lang='lat' dir='ltr'><strong>Nam</strong></span> <span class='ocrx_word' id='word_1_746' title='bbox 2429 5543 2722 5611; x_wconf 89' lang='lat' dir='ltr'><strong>impiorum</strong></span> <span class='ocrx_word' id='word_1_747' title='bbox 2766 5545 3059 5597; x_wconf 85' lang='lat' dir='ltr'><strong>amentiam</strong></span> <span class='ocrx_word' id='word_1_748' title='bbox 3089 5555 3144 5598; x_wconf 92' lang='lat' dir='ltr'><strong>et</strong></span> <span class='ocrx_word' id='word_1_749' title='bbox 3177 5546 3472 5600; x_wconf 88' lang='lat' dir='ltr'><strong>vanitatem</strong></span> <span class='ocrx_word' id='word_1_750' title='bbox 3505 5566 3598 5601; x_wconf 75' lang='lat' dir='ltr'><strong>co~</strong></span> 
     </span>
    </p>
   </div>
   <div class='ocr_carea' id='block_1_113' title="bbox 2025 5633 3595 5702">
    <p class='ocr_par' dir='ltr' id='par_1_113' title="bbox 2025 5633 3595 5702">
     <span class='ocr_line' id='line_1_113' title="bbox 2025 5633 3595 5702; baseline 0.004 -16"><span class='ocrx_word' id='word_1_751' title='bbox 2025 5649 2280 5702; x_wconf 87' lang='lat' dir='ltr'><strong>arguens,</strong></span> <span class='ocrx_word' id='word_1_752' title='bbox 2312 5634 2365 5686; x_wconf 91' lang='lat' dir='ltr'><strong>in</strong></span> <span class='ocrx_word' id='word_1_753' title='bbox 2408 5633 2640 5688; x_wconf 87' lang='lat' dir='ltr'><strong>sublime</strong></span> <span class='ocrx_word' id='word_1_754' title='bbox 2674 5642 2954 5700; x_wconf 80' lang='lat' dir='ltr'><strong>extensus,</strong></span> <span class='ocrx_word' id='word_1_755' title='bbox 2995 5636 3198 5690; x_wconf 86' lang='lat' dir='ltr'><strong>acriter</strong></span> <span class='ocrx_word' id='word_1_756' title='bbox 3247 5637 3595 5702; x_wconf 87' lang='lat' dir='ltr'><strong>verberatur,</strong></span> 
     </span>
    </p>
   </div>
   <div class='ocr_carea' id='block_1_114' title="bbox 2026 5726 3598 5799">
    <p class='ocr_par' dir='ltr' id='par_1_114' title="bbox 2026 5726 3598 5799">
     <span class='ocr_line' id='line_1_114' title="bbox 2026 5726 3598 5799; baseline 0.006 -24"><span class='ocrx_word' id='word_1_757' title='bbox 2026 5726 2149 5793; x_wconf 86' lang='lat' dir='ltr'><strong>igne</strong></span> <span class='ocrx_word' id='word_1_758' title='bbox 2185 5727 2393 5778; x_wconf 80' lang='lat' dir='ltr'><strong>viscera</strong></span> <span class='ocrx_word' id='word_1_759' title='bbox 2430 5727 2549 5794; x_wconf 83' lang='lat' dir='ltr'><strong>ejus</strong></span> <span class='ocrx_word' id='word_1_760' title='bbox 2579 5726 2914 5789; x_wconf 87' lang='lat' dir='ltr'><strong>aduruntur,</strong></span> <span class='ocrx_word' id='word_1_761' title='bbox 2945 5727 3056 5782; x_wconf 85' lang='lat' dir='ltr'><strong>sale</strong></span> <span class='ocrx_word' id='word_1_762' title='bbox 3092 5737 3146 5782; x_wconf 85' lang='lat' dir='ltr'><strong>et</strong></span> <span class='ocrx_word' id='word_1_763' title='bbox 3177 5739 3333 5784; x_wconf 84' lang='lat' dir='ltr'><strong>aceto</strong></span> <span class='ocrx_word' id='word_1_764' title='bbox 3370 5731 3598 5799; x_wconf 88' lang='lat' dir='ltr'><strong>perfun-</strong></span> 
     </span>
    </p>
   </div>
   <div class='ocr_carea' id='block_1_115' title="bbox 2026 5817 3597 5887">
    <p class='ocr_par' dir='ltr' id='par_1_115' title="bbox 2026 5817 3597 5887">
     <span class='ocr_line' id='line_1_115' title="bbox 2026 5817 3597 5887; baseline 0.005 -19"><span class='ocrx_word' id='word_1_765' title='bbox 2026 5819 2173 5870; x_wconf 84' lang='lat' dir='ltr'><strong>ditur</strong></span> <span class='ocrx_word' id='word_1_766' title='bbox 2208 5833 2220 5868; x_wconf 90' lang='lat'>:</span> <span class='ocrx_word' id='word_1_767' title='bbox 2261 5818 2326 5869; x_wconf 80' lang='lat' dir='ltr'><strong>ad</strong></span> <span class='ocrx_word' id='word_1_768' title='bbox 2367 5821 2480 5871; x_wconf 63' lang='lat' dir='ltr'><strong>haec</strong></span> <span class='ocrx_word' id='word_1_769' title='bbox 2528 5818 2848 5887; x_wconf 86' lang='lat' dir='ltr'><strong>fragmentis</strong></span> <span class='ocrx_word' id='word_1_770' title='bbox 2890 5829 3155 5874; x_wconf 84' lang='lat' dir='ltr'><strong>testarum</strong></span> <span class='ocrx_word' id='word_1_771' title='bbox 3191 5823 3263 5876; x_wconf 88' lang='lat' dir='ltr'><strong>ita</strong></span> <span class='ocrx_word' id='word_1_772' title='bbox 3301 5817 3597 5884; x_wconf 82' lang='lat' dir='ltr'><strong>obteritur.</strong></span> 
     </span>
    </p>
   </div>
   <div class='ocr_carea' id='block_1_116' title="bbox 2029 5911 3597 5980">
    <p class='ocr_par' dir='ltr' id='par_1_116' title="bbox 2029 5911 3597 5980">
     <span class='ocr_line' id='line_1_116' title="bbox 2029 5911 3597 5980; baseline 0.007 -20"><span class='ocrx_word' id='word_1_773' title='bbox 2029 5919 2083 5964; x_wconf 87' lang='lat' dir='ltr'><strong>ut</strong></span> <span class='ocrx_word' id='word_1_774' title='bbox 2117 5919 2263 5966; x_wconf 82' lang='lat' dir='ltr'><strong>totus</strong></span> <span class='ocrx_word' id='word_1_775' title='bbox 2297 5911 2412 5980; x_wconf 70' lang='lat' dir='ltr'><strong>ipse</strong></span> <span class='ocrx_word' id='word_1_776' title='bbox 2455 5928 2622 5965; x_wconf 83' lang='lat' dir='ltr'><strong>unum</strong></span> <span class='ocrx_word' id='word_1_777' title='bbox 2666 5913 2945 5966; x_wconf 85' lang='lat' dir='ltr'><strong>videretur</strong></span> <span class='ocrx_word' id='word_1_778' title='bbox 2990 5930 3108 5969; x_wconf 86' lang='lat' dir='ltr'><strong>esse</strong></span> <span class='ocrx_word' id='word_1_779' title='bbox 3151 5917 3372 5971; x_wconf 80' lang='lat' dir='ltr'><strong>vulnus.</strong></span> <span class='ocrx_word' id='word_1_780' title='bbox 3397 5915 3473 5971; x_wconf 78' lang='lat' dir='ltr'><strong>Ut</strong></span> <span class='ocrx_word' id='word_1_781' title='bbox 3503 5935 3597 5971; x_wconf 73' lang='lat' dir='ltr'><strong>au-</strong></span> 
     </span>
    </p>
   </div>
   <div class='ocr_carea' id='block_1_117' title="bbox 3195 6001 3211 6020">
    <p class='ocr_par' dir='ltr' id='par_1_117' title="bbox 3195 6001 3211 6020">
     <span class='ocr_line' id='line_1_117' title="bbox 3195 6001 3211 6020; baseline 0 0"><span class='ocrx_word' id='word_1_782' title='bbox 3195 6001 3211 6020; x_wconf 59' lang='grc' dir='ltr'><strong>κ</strong></span> 
     </span>
    </p>
   </div>
  </div>
