4052 6438
1724 236 1747 266 ι
1841 283 1844 286 .

447 436 586 503 1235

1592 455 1596 460 ’
1672 448 1724 508 Ν
1731 448 2100 514 ICEPHORI
2129 454 2480 516 CALLISTI
3267 484 3320 499 α

3569 463 3711 527 1236

443 567 556 611 tem
589 554 782 610 divino
811 567 973 622 nutu,
1002 572 1206 628 corpus
1238 557 1531 616 fortissimi
1559 565 1822 635 martyris
1851 565 2025 620 veluti

2134 571 2270 624 ὅπου
2293 570 2360 642 δὴ
2404 569 2696 636 Αὒξέντιον
2728 571 2831 642 μὲν
2875 571 3250 644 ἐκτμηθῆναι,
3285 573 3596 647 Μαρδάριον
3623 578 3701 644 δὲ,

445 649 696 719 squamis
719 650 789 704 ab
810 664 877 705 eo
902 650 1164 721 delapsis,
1189 652 1256 708 ad
1281 653 1578 724 pristinum
1607 656 1796 712 formae
1820 666 2026 714 statum

442 751 530 796 est
557 756 874 808 reversum;
904 743 1048 799 idem
1076 745 1316 800 stadium
1345 747 1592 818 ejusdem
1615 764 1740 804 cum
1763 766 1831 805 eo
1856 751 2026 808 animi

441 834 726 901 Eugenius
755 836 1087 907 ingreditur,
1119 847 1178 894 et
1209 839 1340 894 item
1372 841 1703 900 Auxentius.
1735 844 1897 916 Lysia
1933 861 2030 901 au-

443 935 551 981 tem
577 927 889 996 NicOpolim
920 929 1334 998 proﬂciscente,
1360 944 1634 1006 martyres
1660 937 1943 991 crudelem
1972 939 2029 994 in

440 1020 665 1073 modum
700 1020 860 1075 tracti
897 1030 1068 1092 atque
1097 1024 1300 1094 raptati
1329 1036 1480 1082 sunt.
1513 1025 1594 1083 lbi
1625 1028 1792 1084 etiam
1817 1029 2032 1086 Marda—

440 1110 557 1164 rius
580 1121 664 1166 est
687 1113 1016 1182 productus.
1047 1115 1114 1170 Et
1140 1116 1455 1174 Auxentius
1477 1120 1702 1190 quidem
1733 1122 1915 1191 capite
1941 1131 2030 1178 est

438 1204 637 1272 plexus
674 1221 688 1257 :
731 1205 1045 1262 Mardarius
1101 1218 1285 1264 autem
1339 1225 1438 1280 per
1488 1212 1632 1267 talos
1679 1213 1735 1268 in
1786 1213 2028 1270 sublime

437 1310 757 1365 suspensus,
790 1298 1117 1370 subulisque
1149 1302 1339 1371 ignitis
1370 1303 1688 1373 perforatas
1716 1315 1880 1374 atque
1911 1305 2028 1362 dis-

438 1397 698 1454 print-tus,
738 1398 798 1445 et
831 1389 1050 1446 facibus
1094 1393 1327 1463 insuper
1358 1405 1611 1461 exustus,
1651 1397 1818 1452 vitam
1862 1397 2024 1454 ﬁniit.

435 1481 710 1536 Caeterum
747 1483 1051 1554 Eugenius,
1083 1487 1232 1556 quod
1277 1487 1333 1541 in
1389 1487 1731 1558 impietatem
1775 1490 2028 1547 invectus

435 1587 605 1640 esset,
635 1575 825 1645 lingua
853 1576 1116 1641 abscissa,
1151 1577 1354 1634 deinde
1387 1581 1647 1636 manibus
1671 1591 1838 1652 atque
1868 1583 2029 1653 pedi-

437 1671 543 1731 bus
569 1671 690 1742 ejus
721 1671 936 1737 fractis,
966 1673 1228 1730 decessit.
1257 1675 1492 1746 Sapiens
1526 1693 1660 1734 vero
1686 1677 2024 1746 Eustratius,

435 1777 563 1817 cum
608 1750 805 1820 Oreste
854 1764 922 1818 ad
967 1765 1319 1837 Agricdlaum
1375 1767 1684 1824 Sebastiam
1731 1769 2025 1837 abductus,

2133 664 2244 718 τῶν
2269 663 2640 736 ἀστραγάλων
2667 664 3016 736 ῂωρημένον,
3051 665 3308 732 σούόλαις
3334 685 3396 721 τε
3429 667 3540 740 πῦρ
3569 670 3704 723 ἀπο-

2136 756 2492 821 στιλϐούσαις
2535 756 2970 827 ὲκκεντούμενον
3009 758 3104 810 καὶ
3131 758 3580 830 διαφλεγόμενον,
3620 763 3709 816 τὸν

2137 848 2251 920 βίον
2280 848 2673 905 ἁπολιπεῖν.⁹0
2701 848 2748 902 δ’
2779 848 3042 916 Εὐγένιος
3078 849 3179 919 τὴν
3215 850 3474 905 ἀσέϐειαν
3507 852 3711 922 διελέγ-

2133 958 2269 1011 χων,
2309 941 2412 1012 τὴν
2445 941 2704 1010 γλῶσσαν
2749 940 3054 1013 ἀφῄρηται.
3096 937 3230 995 Εἶτα
3265 943 3363 996 καὶ
3392 945 3580 1014 χεῖρας
3619 947 3711 999 καὶ

2133 1034 2302 1098 πόδας
2335 1033 2612 1098 θλασθεὶς,
2646 1034 2960 1089 ἀπεϐίω.’0
3009 1037 3174 1103 σοφὸς
3229 1036 3416 1105 μέντοι
3463 1035 3710 1107 Εὐστρά-

2130 1144 2269 1191 τιος,
2330 1128 2448 1198 ἅμα
2499 1128 2729 1200 Ὀρέστῃ
2785 1129 2867 1193 είς
2921 1130 3252 1182 Σεδάστειαν
3315 1128 3582 1199 ἀπαχθεὶς
3633 1129 3710 1198 τῷ

2143 1213 2545 1290 ⁹Αγροὶκολάῳ,
2599 1221 2688 1275 διὰ
2749 1221 2924 1291 πυρδς
2979 1212 3342 1290 ὀλοκαύτωμῖα
3391 1221 3470 1288 τῷ
3521 1221 3710 1290 Κυρίῳ

2131 1314 2415 1381 γεγόνασι.
2445 1315 2559 1378 Τὰς
2606 1313 2661 1366 δὲ
2694 1314 3001 1376 πολυειδεῖς
3046 1314 3140 1367 καὶ
3176 1311 3430 1375 ποικίλας
3460 1312 3709 1373 κολάσεις

2131 1405 2456 1475 Εὐλαμπίου
2481 1407 2578 1458 καὶ
2604 1404 2932 1476 Εὐλαμπίας
2957 1406 3017 1458 ὲν
3046 1409 3112 1476 τῇ
3142 1403 3506 1473 Νικομηδέων
3536 1403 3703 1461 πόλει,

2131 1497 2214 1551 ἔτι
2241 1497 2299 1551 δὲ
2322 1497 2418 1552 καὶ
2447 1499 2539 1550 ἐπὶ
2568 1495 2788 1568 Ῥώμης
2823 1497 3190 1560 Ἀναστασίας
3212 1497 3310 1560 τὰς
3337 1494 3577 1554 ὲκκοπὰς
3602 1493 3708 1545 τῶν

2133 1591 2337 1663 μελῶν,
2387 1591 2523 1663 πρὸς
2559 1591 2614 1645 δὲ
2663 1593 2760 1646 καὶ
2806 1591 2907 1662 τῆς
2958 1589 3258 1660 ὁμωνύμου
3305 1587 3479 1658 ταύτῃ
3518 1586 3617 1649 τὰς
3647 1600 3707 1636 τε

2129 1685 2328 1750 λοιπὰς
2400 1685 2700 1755 τιμωρίας,
2754 1686 2850 1739 καὶ
2907 1685 3008 1754 τὴν
3068 1683 3158 1738 διὰ
3210 1681 3386 1753 πυρὸς
3433 1679 3708 1733 τελείωσιν

2143 1779 2391 1847 Ἀγάπης
2417 1796 2477 1830 τε
2513 1779 2608 1831 καὶ
2652 1779 2893 1849 Εἰρήνης
2932 1777 3028 1832 καὶ
3079 1775 3326 1840 Χιονίας,
3364 1773 3468 1826 ποῦ
3503 1773 3706 1826 δίκαιον

436 1867 536 1922 per
597 1853 780 1924 ignem
853 1866 1088 1927 uterque
1155 1858 1542 1916 holocaustum
1595 1861 1834 1919 Domino
1897 1871 2028 1919 sunt

2135 1871 2352 1940 σιωπᾷν
2385 1869 2481 1923 τοῦ
2529 1867 2850 1941 ὑπερφυοῦς
2900 1866 3245 1938 μαρτυρίου;
3281 1864 3396 1920 Ποῦ
3423 1863 3479 1918 δὲ
3525 1863 3710 1933 θήσεις

434 1943 628 1998 oblati.
679 1945 1012 2016 Multiplices
1055 1966 1279 2021 quoque
1327 1962 1385 2007 et
1430 1955 1600 2009 varim
1645 1963 1876 2012 tortum
1913 1957 2026 2012 Eu-

2134 1928 2366 2033 Σεργίου
2392 1964 2487 2017 καὶ
2513 1928 2726 2034 Βάκχου
2769 1928 2879 2016 siin;
2900 1928 3251 2015 ’καλλινίκων
3293 1928 3589 2029 μαρτύρων
3609 1956 3708 2023 τὴν

433 2035 624 2105 lampii
653 2048 708 2092 et
734 2037 1035 2111 Eulampiae
1065 2042 1120 2098 in
1153 2043 1291 2099 urbe
1321 2045 1734 2102 Nicomediensi
1760 2065 1774 2102 :
1802 2050 2028 2105 Anasta-

2134 2049 2262 2122 ἄχρι
2307 2050 2498 2113 τέλους
2549 2049 2806 2104 ἔνστασιν
2854 2049 3156 2119 ἀνδρικὴν;
3201 2045 3298 2102 τοῦ
3358 2045 3457 2115 μὲν
3502 2043 3708 2116 passm

434 2127 530 2182 size
557 2129 750 2196 etiam,
777 2146 900 2202 quas
933 2134 1118 2189 Romae
1153 2137 1420 2192 membris
1449 2146 1536 2193 est
1565 2139 1854 2207 mutilata;
1884 2141 2026 2195 alte-

2135 2145 2382 2215 καιρίαις
2415 2143 2600 2214 βολαῖς
2649 2141 3056 2212 ἀποψύξαντος,
3088 2140 3183 2194 τοῦ
3219 2140 3277 2193 δὲ
3302 2138 3524 2208 καιρίαν
3552 2138 3708 2202 ἑνεγο

435 2221 668 2292 riusquc
716 2224 768 2280 ei
818 2229 1188 2298 cognominis,
1232 2246 1396 2300 quam
1443 2242 1566 2301 post
1603 2233 1874 2302 supplicia
1920 2235 2027 2289 alia

2134 2236 2326 2298 κόντος
2373 2237 2518 2288 κατὰ
2566 2232 2660 2286 τοῦ
2692 2235 2962 2296 τένοντος.
2996 2231 3080 2285 Τὰ
3117 2230 3177 2283 δὲ
3225 2229 3334 2282 τῶν
3386 2227 3563 2282 ἄλλων
3613 2224 3708 2276 καὶ

436 2317 667 2372 tolerata
705 2319 847 2388 ignis
883 2321 1104 2378 tandem
1133 2326 1504 2394 consumpsit.
1541 2325 1773 2396 insuper
1806 2328 2026 2396 Agapae,

2134 2326 2372 2398 ἀριθμὸν
2394 2326 2694 2393 νικώντων,
2717 2324 2804 2388 τίς
2835 2324 3020 2388 ἱκανὸς
3045 2324 3078 2396 ἢ
3102 2323 3200 2386 τὰς
3221 2322 3441 2390 κλήσεις
3463 2316 3707 2376 ἐκείνων.

434 2418 610 2466 ιτεηω
668 2420 726 2467 et
779 2413 1031 2470 Chionite
1081 2417 1430 2474 nobilissima
1491 2419 1754 2489 martyria
1806 2418 2028 2474 silentio

2135 2417 2170 2489 ἢ
2203 2419 2332 2481 τοὺς
2379 2418 2620 2489 τρόπους
2671 2417 2767 2471 τοῦ
2815 2419 3126 2488 μαρτυρίου
3176 2408 3709 2483 ἀπαριθμήσασθαις

434 2508 820 2574 praetereunda
853 2525 963 2564 non
993 2522 1143 2568 sunt.
1177 2513 1354 2569 Sicuti
1385 2531 1568 2586 neque
1631 2515 1815 2588 Sergii
1882 2526 1938 2572 et
2010 2516 2254 2578 Bacchii.
2287 2517 2636 2588 egregiorum
2684 2531 2818 2573 sane
2866 2518 3140 2570 victorum
3191 2513 3258 2567 ad
3308 2510 3470 2564 ﬂuent
3539 2517 3712 2572 usque

434 2608 762 2656 conservata
796 2604 1100 2669 t'0rtitudo;
1173 2622 1412 2677 quorum
1481 2609 1621 2670 alter
1684 2610 1914 2666 fustium
1995 2611 2294 2667 letlialibus
2349 2610 2714 2675 verberibus,
2758 2611 2909 2665 alter
2962 2609 3142 2679 gladio
3189 2605 3551 2671 interemptus
3605 2606 3708 2650 est.

435 2682 686 2748 Aliorum
744 2711 875 2752 vero
932 2696 1468 2771 innumerabilium,
1519 2703 1645 2774 quis
1693 2703 1782 2760 vel
1831 2704 2027 2761 saltem
2104 2704 2223 2775 ipsa
2275 2705 2522 2773 nomina,
2561 2704 2649 2759 vel
2702 2702 3089 2774 martyriorum
3135 2713 3339 2771 genera
3425 2705 3708 2750 recensere

433 2798 604 2859 queat
623 2789 646 2840 ἲ
1072 2799 1076 2802 ‘

922 2911 1089 2983 459
1122 2913 1352 2971 CAPUT
1410 2915 1527 2972 XV.

441 3017 519 3071 De
569 3017 919 3075 celeberrimis
952 3026 1324 3097 ⁸ἠιανιιμ-ἱίῃιις,
1361 3025 1603 3096 Georgia,
1669 3026 1930 3097 Procoyio
1973 3038 2022 3082 et

938 3092 1204 3149 Demetrio
1229 3092 1547 3167 Myrobtytiz.

509 3201 736 3258 Eisdem
774 3220 999 3278 quoque
1041 3209 1384 3280 temporibus
1431 3210 1703 3282 Georgius
1757 3212 1876 3280 ille,
1910 3229 2027 3269 ma—

440 3295 532 3366 gni
586 3296 736 3352 inter
803 3310 1113 3357 certatores
1177 3304 1312 3358 istos
1369 3305 1610 3359 nominis
1672 3315 1728 3360 et
1789 3305 2027 3376 agminis

441 3405 752 3464 martyrum
791 3396 1142 3467 coryphazus,
1193 3398 1446 3453 laborum
1487 3415 1587 3468 pro
1629 3399 1854 3454 Christo
1888 3401 2029 3456 tole-

441 3495 691 3541 ratorum
725 3474 888 3544 veros
938 3493 1191 3560 percepit
1233 3490 1466 3547 fructus.
1503 3491 1603 3548 llic
1636 3493 1692 3547 in
1735 3493 2031 3565 Cappado-

442 3573 538 3633 cia
559 3580 744 3635 adhuc
769 3581 1096 3638 adolescens
1125 3585 1305 3639 forma
1331 3585 1639 3656 prtestanti,
1674 3594 1730 3640 et
1768 3585 1864 3655 qui
1892 3601 2032 3641 non-

442 3669 576 3725 dum
634 3672 869 3742 primam
928 3675 1282 3746 produxisset
1331 3677 1672 3750 lanuginem,
1726 3679 2030 3735 fortissime
2073 3677 2084 3686 ’

437 3766 846 3822 certaminibus
892 3784 994 3838 pro
1043 3769 1273 3826 Christo
1309 3771 1653 3840 perferendis
1697 3773 2030 3843 martyrium

438 3857 602 3914 obiit.
647 3857 1066 3929 Captus-enim,
1099 3862 1249 3933 quod
1285 3863 1340 3918 in
1387 3863 1668 3920 daetnones
1709 3865 1914 3921 acriter
1945 3863 2032 3919 in-

438 3957 635 4005 vectus
691 3960 873 4018 essetr
912 3953 1424 4027 imperatorumque
1484 3957 1827 4028 impietatem
1884 3959 2033 4013 deri-

443 4042 654 4108 sisset,
702 4061 871 4117 supra
914 4055 1130 4101 natura;
1179 4057 1405 4119 captum
1467 4066 1737 4122 perquam
1795 4052 2031 4107 acerbos

441 4136 715 4192 sustinuit
775 4139 1092 4195 cruciatus.
1143 4140 1395 4212 Namque
1450 4136 1916 4213 post'carcerem
1975 4154 2032 4200 et

443 4228 688 4295 vincula,
723 4231 945 4302 ungulae
973 4243 1151 4288 acutas
1179 4249 1308 4286 eum
1342 4248 1614 4304 excepere
1655 4252 1670 4288 :
1703 4252 1829 4291 mox
1879 4236 2030 4292 calce

440 4323 662 4379 ardenti
712 4334 798 4379 est
839 4325 1078 4381 adustus
1103 4366 1117 4393 ,
1150 4326 1506 4399 ﬁdiculisque
1565 4345 1789 4384 rursum
1824 4330 2029 4386 distra-

442 4429 602 4482 ctus,
656 4418 1026 4473 mucronibus
1077 4421 1429 4476 membratim
1493 4422 1804 4490 dissectus,
1854 4423 2032 4496 pluri-

443 4512 658 4580 misque
702 4512 828 4567 aliis
865 4528 1161 4582 pinnarum
1203 4525 1724 4588 tormentorumque
1757 4518 2030 4574 machinis

2735 2909 2982 2986 KEMA.
3028 2905 3128 2961 IE'.

2138 3023 2277 3092 Περὶ
2313 3024 2432 3077 τῶν
2452 3019 2740 3088 ἀοιδίμων
2762 3019 3099 3092 μαρτύρως,
3118 3016 3457 3092 Γεωργζου.
3493 3017 3708 3083 Προκοο

2300 3094 2445 3148 πίου
2472 3092 2570 3146 καὶ
2600 3087 2936 3159 Δημητρίου
2969 3088 3078 3143 τοῦ
3107 3087 3526 3158 Μυροόλύτου.

2207 3207 2431 3274 Τούτοις
2479 3204 2545 3277 δὴ
2592 3206 2708 3268 τοῖς
2741 3204 2957 3275 χρόνοις
3005 3203 3097 3256 καὶ
3146 3199 3443 3271 Γεὼργιος,
3479 3198 3538 3250 τὸ
3566 3193 3706 3268 μέγα

2131 3301 2242 3357 τῶν
2272 3276 2540 3371 ἆιθλητῶν
2562 3297 2758 3368 ὄνομα,
2801 3297 2898 3350 καὶ
2941 3296 3035 3348 τοῦ
3067 3293 3231 3367 χοροῦ
3261 3295 3370 3347 τῶν
3417 3290 3706 3364 μαρτύρων

2129 3397 2160 3449 ὁ
2203 3393 2531 3464 κορυφαῖος,
2581 3393 2695 3453 τοῖς
2741 3388 2886 3457 ὑπὲρ
2924 3387 3166 3457 Χριστοῦ
3216 3385 3422 3448 πόνοις,
3455 3383 3709 3454 γνησίους

2132 3483 2348 3555 ἐθέριζε
2395 3482 2525 3546 τοὺς
2571 3480 2843 3552 καρπούς.
2875 3480 2969 3532 Ἐκ
3019 3476 3421 3537 Καππαδοκίας
3457 3472 3564 3543 γὰρ
3608 3470 3706 3534 ὢν,

2137 3577 2352 3639 νεανίας
2400 3575 2503 3639 ἔτι,
2559 3577 2652 3627 καὶ
2706 3571 3055 3643 ἁγαλματίας
3089 3569 3368 3638 τὴνὸψιν,
3417 3568 3510 3621 καὶ
3559 3562 3710 3619 οὔπω

2137 3671 2340 3736 ἰούλοις
2369 3669 2720 3740 περιστέφων
2747 3667 2839 3720 τὸν
2863 3664 3126 3733 πώγωνα,
3146 3664 3410 3732 γενναέως
3436 3663 3547 3723 τοῖς
3569 3658 3709 3727 ὑπὲρ

2133 3762 2374 3835 Χριστοῦ
2422 3761 2606 3824 ἄθλοις
2655 3757 3209 3830 διεμαρτύρει.Ἐπεὶ
3257 3754 3367 3826 γὰρ
3429 3752 3709 3822 συσχεθεὶς

2129 3858 2481 3926 διεκερτόμει
2537 3855 2638 3926 μὲν
2690 3853 2980 3922 δαίμονας,
3012 3850 3074 3903 τὸ
3122 3849 3182 3902 δὲ
3217 3850 3324 3900 τῶν
3366 3845 3711 3917 κρατούντων

2133 3949 2421 4013 διέπαιζεν
2452 3948 2673 4010 ἀσεϐὲς,
2713 3943 2922 4014 πικράς
2955 3959 3110 4005 τινας
3148 3939 3244 3993 καὶ
3276 3937 3576 4010 ὑπερφυεῖς
3619 3951 3711 3990 κο-

2132 4045 2324 4108 λάσεις
2376 4043 2662 4111 ὑφίστατο·
2697 4038 2971 4108 ξυστῆρες
3024 4034 3126 4107 μὲν
3180 4037 3289 4104 γὰρ
3351 4033 3518 4088 αὑτὸν
3577 4028 3708 4099 μετά

2132 4138 2310 4208 δεσμὰ
2341 4138 2434 4190 καὶ
2465 4133 2714 4204 φυλακὴν
2746 4130 3136 4201 διελάμϐανον·
3170 4123 3291 4182 εἷτα
3316 4127 3517 4196 τιτάνῳ
3545 4122 3706 4192 πυρὸς

2133 4230 2525 4300 κατεφλέγετο,
2580 4227 2760 4298 τροχῷ
2821 4224 3189 4286 κατετείνετο,
3252 4222 3432 4293 ξίφεσι
3480 4215 3710 4291 μεληδὸν

2133 4324 2557 4394 ὲκτεμνόμενοςο
2602 4321 2826 4383 πολλαῖς
2871 4318 2930 4372 δὲ
2962 4317 3150 4381 ἄλλαις
3191 4315 3462 4388 μηχαναῖς
3495 4327 3705 4381 συντρι-

2133 4420 2392 4488 δόμενος,
2430 4415 2490 4468 τὸ
2539 4413 2760 4482 εὐγενὲς
2794 4412 2963 4467 αὑτοῦ
2997 4412 3341 4480 παράστημα
3391 4409 3489 4476 τῆς
3530 4407 3703 4477 ψυχῆς

2133 4515 2227 4569 καὶ
2249 4511 2310 4566 τὸ
2334 4511 2435 4576 τῆς
2463 4509 2714 4572 συννοίας
2742 4508 3150 4575 ὰνεσταλμένον
3177 4505 3381 4568 ίκανῶς
3400 4502 3702 4561 ἀνεδείκνυ.

440 4606 708 4671 attritus,
747 4621 1074 4676 generosum
1125 4610 1302 4664 animi
1353 4613 1442 4666 sui
1489 4613 1894 4677 constantiam,
1929 4613 2026 4667 tir-

2141 4610 2266 4662 Ἐπὶ
2297 4608 2512 4670 τούτοις
2537 4605 2747 4658 τὺνντοῦ
2774 4606 2972 4673 γόητος
3003 4603 3300 4673 Γλυκερίου
3333 4598 3460 4669 βοῦν
3489 4597 3704 4662 ἀνίστα,

441 4713 707 4765 mumque
770 4699 975 4753 mentis
1033 4715 1147 4756 suae
1180 4702 1350 4757 robur
1389 4704 1524 4760 satis
1563 4705 1892 4761 declaravit.
1941 4705 2026 4761 Ad

442 4789 562 4843 haec
597 4788 841 4862 Glycerii
887 4791 1209 4862 impostoris
1251 4796 1450 4850 bovem
1491 4797 1692 4868 evertit
1724 4814 1789 4854 ac
1837 4807 2027 4854 sustu-

441 4881 530 4946 lit,
561 4879 1046 4956 Alexandriamque
1075 4888 1321 4958 reginam
1346 4888 1673 4959 jamdudum
1703 4889 2027 4947 defunctam

443 4968 701 5032 oratione
736 4979 852 5033 sola
888 4980 956 5035 ab
988 4980 1182 5036 inferis
1224 4984 1513 5038 revocavit
1547 5000 1559 5035 :
1591 4982 1930 5054 tandemque
1969 4993 2031 5037 ut

443 5068 623 5123 virum
661 5072 822 5125 decet
849 5113 863 5134 ,
917 5073 1100 5144 gladio
1157 5089 1502 5145 percussus,
1527 5091 1591 5130 ex
1639 5076 1742 5131 hac
1783 5077 1895 5131 vita
1927 5076 2032 5130 mi-

385 5203 387 5205 ι
443 5165 644 5235 gravit.
683 5165 910 5240 ‘Nobilis
960 5183 1185 5237 quoque
1257 5183 1450 5223 revera
1513 5171 1606 5224 ille
1686 5171 2028 5240 Procopius,

444 5237 706 5312 (ἐπεοιεῶ
734 5258 1042 5314 Palaestina:
1080 5267 1266 5320 natus,
1326 5259 1472 5315 inter
1516 5269 1788 5334 martyres
1833 5264 2029 5318 eodem

445 5360 699 5421 tempore
751 5354 989 5410 illustris
1041 5356 1282 5412 maxime
1328 5356 1455 5420 fuit,
1503 5357 1592 5412 cui
1651 5357 2034 5412 Diocletianus

445 5437 698 5500 ducalem
743 5446 972 5516 quidem
1019 5447 1266 5504 Orientis
1301 5450 1626 5520 dignitatem
1661 5449 1839 5517 dedit,
1866 5449 2033 5505 Chri-

445 5545 566 5592 stus
601 5547 788 5594 autem
825 5555 952 5594 eum
987 5556 1019 5595 e
1053 5542 1196 5597 coelo
1242 5543 1309 5597 ad
1353 5559 1412 5598 se
1456 5543 1624 5598 veluti
1661 5542 1895 5598 Paulum
1929 5558 2031 5596 vo-

446 5630 616 5686 cavit.
669 5630 741 5686 Et
795 5631 843 5688 is
879 5633 1105 5702 quidem
1159 5632 1250 5688 illa
1305 5643 1552 5703 accepta,
1610 5633 2041 5715 inexpugnabili

445 5735 581 5776 vero
617 5723 804 5779 crucis
838 5735 1123 5780 armatura
1148 5725 1380 5797 perinde
1425 5733 1594 5792 atque
1639 5741 1946 5796 generosus
1980 5734 2050 5779 et.

448 5813 610 5871 fortis
661 5818 821 5874 miles
869 5828 1140 5883 armatus.
1192 5819 1434 5890 primum
1486 5819 1753 5874 adversus
1795 5834 1894 5874 eos
1939 5818 2032 5889 qui

449 5917 622 5962 sensu
637 5906 1056 5980 percipiuntur,
1073 5911 1274 5968 deinde
1297 5913 1466 5968 etiam
1499 5913 1552 5967 in
1584 5926 1681 5969 eos
1719 5912 1816 5984 qui
1850 5920 2034 5968 mente

2131 4703 2228 4755 καὶ
2275 4701 2374 4770 τὴν
2423 4699 2672 4768 βασιλίδα
2717 4697 3085 4767 Ἀλεξάνδραν
3137 4693 3418 4762 πρόπαλαι
3469 4691 3561 4743 τὸν
3595 4688 3708 4758 βίον

2133 4793 2513 4849 ἀπολιποῦσαν
2558 4793 2692 4863 εὐχῇ
2751 4791 2892 4862 μόνῃ
2947 4791 3058 4842 τῶν
3089 4789 3185 4843 τοῦ
3232 4787 3360 4857 ᾷδου
3417 4783 3708 4852 πυθμένων

2133 4888 2319 4958 ἐξῆγε.
2353 4888 2463 4940 Καὶ
2505 4885 2661 4948 τέλος
2703 4883 2976 4954 ἀνδρικῶς
3005 4880 3264 4936 ἐτελεύτα
3296 4877 3370 4948 τῷ
3405 4876 3574 4944 ξίφει.
3603 4872 3710 4926 Ναὶ

2137 4981 2245 5052 μὴν
2269 4981 2369 5036 καὶ
2411 4981 2441 5034 δ
2487 4979 2738 5049 γενναῖος
2775 4979 2898 5040 ταῖς
2935 4975 3220 5045 ἀληθείαις
3257 4971 3566 5042 Προκόπιος
3611 4966 3708 5033 τῆς

2132 5075 2192 5126 ὲν
2232 5071 2544 5142 Καισαρείᾳ
2589 5071 2958 5138 Παλαιστίνης
3005 5066 3354 5138 ὁρμώμενος,
3381 5062 3504 5116 κατ’
3536 5061 3710 5113 ἐκεῖνο

2135 5163 2334 5234 καιροῦ
2383 5161 2742 5233 ὲγνωρίζετο·
2779 5156 2823 5230 ᾧ
2867 5157 3253 5228 Διοκλητιανὸς
3295 5153 3556 5222 δουκικὴν
3611 5150 3717 5220 μὲν

2133 5257 2292 5325 ἀξίαν
2311 5258 2413 5325 τῆς
2435 5255 2704 5326 ἀνατολῆς
2725 5250 3050 5324 ἐνεχείριζε,
3077 5247 3312 5320 Χριστὸς
3336 5245 3394 5300 δὲ
3419 5241 3710 5314 οὐρανόθεν

2133 5353 2326 5422 ὥσπερ
2350 5350 2567 5406 Παῦλον
2596 5349 2811 5402 ἐκάλειο·
2825 5347 2922 5400 καὶ
2943 5345 3043 5411 τὴν
3062 5340 3214 5414 ιμὲνι
3233 5340 3537 5411 Προκόπιος
3557 5339 3710 5391 ἀντε-

2134 5445 2405 5514 λάμϐανε,
2430 5439 2656 5512 σταυρῷ
2675 5439 2731 5493 δὲ
2752 5435 2832 5508 τῷ
2848 5435 3191 5506 ἁπροσμάχῳ
3212 5431 3361 5500 ὅπλῳ
3377 5425 3466 5483 οἷά
3485 5444 3566 5490 τις
3588 5442 3711 5493 γεν-

2135 5540 2287 5600 ναῖος
2313 5530 2883 5602 καθοπλισθεὶς,ιπρδς
2905 5529 3035 5591 τοὺς
3052 5527 3178 5581 αίσθ
3191 5524 3349 5594 ητοὺς
3376 5523 3476 5593 μὲν
3501 5519 3710 5588 πρῶτον

2137 5629 2435 5698 πολέμους,
2463 5623 2582 5678 εἶτα
2615 5626 2710 5678 καὶ
2747 5623 2883 5693 πρὸς
2922 5624 3049 5682 τοὺς
3076 5619 3300 5690 νοητοὺς
3327 5617 3706 5670 ἀντετάσσετο·

2139 5727 2263 5787 τοὺς
2295 5723 2403 5792 γὰρ
2431 5701 2494 5776 ἐκ
2528 5719 2733 5791 χρυσοῦ
2767 5720 2862 5770 καὶ
2897 5715 3144 5789 ἀργύρου
3182 5709 3586 5779 πεποιημένους
3620 5705 3714 5757 au}-

2139 5819 2219 5886 τῷ
2247 5817 2403 5880 θεοὺς
2430 5815 2751 5883 διαθλᾴσας,
2778 5815 2869 5866 καὶ
2894 5811 3122 5878 πένησιν
3155 5805 3500 5876 ἐπιμερίσας,
3524 5801 3712 5854 ἔπειτα

2140 5911 2254 5972 τοῖς
2306 5909 2412 5962 τῶν
2454 5907 2722 5978 κιϐδήλων
2772 5899 3158 5974 ὑπερμαχοῦσι
3216 5896 3526 5968 συνερρἀη
3582 5888 3719 5960 πρὸς,
