4052 6438
301 3543 306 3546 .
379 3497 592 3562 ἐπιθεὶς
639 3500 733 3552 τὸν

387 432 521 500 1237

1287 442 1894 505 ECCLESIASTIC:E
1935 446 2328 508 HISTORIA!
2371 450 2520 513 LIB.
2560 453 2692 513 Vll.

3482 459 3622 526 1238

381 556 580 624 μάχην.
609 554 718 610 Καὶ
742 553 844 625 τὴν
875 555 974 624 μὲν
1002 555 1232 610 ἐκείνων
1265 557 1599 626 στηλιτιύων
1633 561 1942 624 ἀσθένειαν,

2061 562 2162 618 sola
2253 564 2669 634 perspiciuntur
2735 563 2923 622 hostes
3020 566 3374 638 depuguavit.
3426 572 3626 632 Aureis

377 648 440 700 τὸ
472 647 516 699 δ’
550 647 830 716 ὑπερφυὲς
875 647 974 715 τῆς
1023 647 1200 713 Ἰησοῦ
1262 650 1582 715 δυναστείας
1622 651 1944 722 ἐκθειάζων,
1981 701 1984 704 .

377 739 532 802 ποίας
561 739 751 804 αἰκίας
777 740 838 793 ού
869 741 1114 812 στερρῶς
1153 742 1387 812 ﬂvens;
1419 743 1564 808 τίνες
1590 744 1949 814 στρεϐλώσεις
1978 783 1984 790 .

375 829 569 883 τοῦτον
621 832 964 900 παρέλιπον;
1007 834 1119 886 τίσι
1165 834 1222 887 δὲ
1277 835 1384 888 τῶν
1433 837 1642 905 ὀνύχων
1688 839 1749 890 ού
1785 855 1950 891 κατε·

378 919 548 991 ξάνθη
571 924 632 976 τὸ
659 924 821 993 δέρας
843 943 856 989 ;
883 925 1013 993 φλὸξ
1039 926 1095 980 δέ
1125 927 1256 981 ποία
1277 928 1579 996 ἀπείρατος
1601 929 1711 982 τῶν
1737 932 1945 984 ἐκείνου

373 1014 532 1084 ὤφθη
566 1015 780 1085 μελῶν;
816 1020 1053 1088 σιδήριον
1100 1021 1158 1074 δὲ
1204 1020 1302 1074 καὶ
1337 1022 1508 1091 ξιφῶν
1544 1024 1708 1077 τίνων
1753 1025 1948 1096 ἐκείνῳ

373 1108 555 1173 ἁκμαὶ
585 1108 647 1160 ού
694 1109 1109 1178 προσϐαλοῦσαι
1139 1111 1334 1166 θᾶττον
1373 1113 1806 1186 ἠμϐλύνθησαν;
1852 1118 1948 1170 Ἐκ

376 1202 560 1252 τοίνυν
592 1203 800 1256 τούτων
845 1206 940 1258 καὶ
976 1207 1086 1260 τῶν
1133 1211 1393 1263 τοιούτων
1441 1211 1731 1273 πλείστους
1785 1214 1947 1276 ὅσους

376 1292 469 1342 καὶ
502 1290 610 1343 τῶν
636 1295 737 1362 τῆς
771 1293 994 1366 πρώτης
1023 1297 1222 1368 βουλῆς
1253 1300 1540 1370 μάρτυρας
1566 1304 1946 1373 παραπέμψας

377 1381 522 1452 Θεῷ,
555 1383 708 1446 τέλος
742 1387 836 1442 καὶ
865 1388 1028 1449 αὐτὸς
1071 1389 1170 1460 τὴν
1203 1391 1290 1444 διὰ
1325 1392 1511 1460 ξίφους
1545 1395 1761 1465 πληγὴν
1796 1397 1948 1466 ἐνεγ-

375 1473 510 1539 κὼν,
558 1477 656 1529 σὺν
696 1478 1010 1552 εὐφροσύνῃ
1049 1483 1186 1551 πρὸς
1232 1484 1321 1536 τὸν
1367 1486 1706 1556 ποθούμενον
1750 1490 1948 1560 ἐχώρει

373 1565 629 1635 Χριστόν.
650 1569 1004 1639 Ἐρκουλλίου
1046 1574 1104 1626 δὲ
1147 1575 1237 1654 διὰ
1269 1577 1369 1648 τῆς
1403 1579 1805 1652 Θεσσαλονίκης
1839 1583 1947 1635 ἰόν-

371 1675 487 1722 τος,
533 1661 852 1731 Δημήτριος
901 1667 929 1718 ὁ
973 1666 1069 1719 τοῦ
1121 1667 1364 1735 Χριστοῦ
1419 1673 1656 1742 μάρτυς,
1703 1676 1814 1728 τῶν
1847 1677 1947 1746 τῆς

375 1747 588 1810 πόλεως
617 1751 686 1801 τά
717 1751 909 1820 πρῶτα
938 1755 1144 1824 φέρων,
1178 1758 1273 1811 καὶ
1304 1757 1402 1830 τὴν
1435 1759 1538 1829 τῆς
1567 1762 1741 1832 ἀρχῆς
1773 1763 1946 1833 αὐτῆς

373 1837 627 1902 ἐξουσίαν
668 1841 1072 1913 ἀνεζωσμένος,
1121 1848 1198 1910 ὡς
1249 1850 1336 1919 εἴη
1387 1851 1624 1922 Χριστὸν
1666 1854 1949 1924 ὁμολογῶν

372 1930 711 2003 διεϐέϐλητο’
745 1936 998 1990 κάκεῖνον
1027 1939 1130 2008 μὲν
1159 1940 1321 2002 εὐθὺς
1346 1945 1562 2012 φρουρά
1593 1945 1944 2016 διελάμϐανεο

371 2021 437 2088 τῇ
471 2019 526 2070 δὲ
558 2021 714 2075 πόλει
749 2026 842 2075 καὶ
873 2028 952 2094 τῷ
994 2027 1152 2098 δήμῳ
1198 2030 1426 2084 ἱππικὸν
1464 2033 1656 2100 ἀγῶνα
1685 2037 1943 2092 καθίστα.

373 2111 483 2164 Καί
507 2130 628 2164 τινα
656 2113 720 2182 δὴ
757 2116 1064 2188 παλαιστὴν
1097 2121 1190 2173 καὶ
1228 2124 1520 2194 πυγμάχου
1569 2129 1820 2194 γενναῖον
1853 2130 1949 2183 καὶ

374 2204 782 2274 ἀπαράμιλλον,
835 2211 997 2283 ῥώμῃ
1036 2230 1096 2265 τε
1130 2217 1460 2284 κρατοῦντα,
1498 2221 1595 2273 καὶ
1645 2223 1740 2293 τὴν
1776 2223 1947 2293 ἀλκὴν

374 2297 774 2365 ἀνυπόστατον,
803 2305 1086 2373 προσῆγεν
1118 2307 1197 2369 είς
1241 2310 1428 2376 μέσον,
1466 2307 1668 2382 οἷάπερ
1695 2313 1951 2384 ἀνδρικὸν

374 2391 441 2442 τὰ
474 2392 734 2462 πολέμια·
765 2396 962 2459 Λυαῖος
988 2398 1160 2467 ὄνομα
1188 2401 1264 2471 τῷ
1297 2402 1474 2473 ἀνδρίο
1503 2405 1588 2472 ἐφ’
1614 2400 1657 2473 ᾧ
1680 2407 1775 2460 καὶ
1809 2409 1952 2477 μέγα

374 2483 590 2553 ἐφρόνει
622 2487 990 2557 Μαξιμιανός.
1029 2491 1185 2545 Ἐπεὶ
1215 2493 1348 2558 γοῦν
1380 2496 1436 2549 ἐν
1466 2497 1615 2567 μέσῳ
1660 2499 1737 2570 τῷ
1781 2501 1951 2568 ἀγῶνι

375 2579 690 2646 γενόμενος,
723 2583 824 2635 οὐκ
867 2581 982 2652 εἶχε
1031 2585 1125 2638 τὸν
1172 2589 1565 2659 συμπλακῆναι
1598 2592 1675 2660 τῷ
1717 2594 1952 2664 γενναίῳ

377 2669 571 2742 ἐκείνῳ
616 2673 986 2745 τολμήσοντα,
1044 2681 1261 2750 νεανίας
1306 2698 1392 2744 τις
1440 2683 1651 2737 ἐκεῖθεν
1703 2686 1802 2754 μὲν
1853 2687 1953 2757 τὴν

375 2760 591 2826 γένεσιν
622 2764 820 2830 ἕλκων,
851 2766 1052 2837 ὡραῖος
1083 2771 1140 2824 δὲ
1188 2771 1365 2834 ἄλλως
1413 2773 1561 2837 ἰδεῖν,
1593 2775 1689 2828 καὶ
1720 2774 1781 2828 τὸ
1820 2770 1955 2846 ἦθος

374 2853 476 2907 οὐκ
525 2855 744 2927 ἄχαρις,
797 2860 953 2927 φίλος
1012 2863 1069 2924 ἐς
1123 2864 1192 2914 τὰ
1252 2863 1487 2932 μάλιστα
1539 2868 1836 2938 Δημητρίῳ
1875 2868 1953 2937 τῷ

378 2943 646 3014 μάρτυρι·
692 2947 921 3018 Νέστωρ
953 2950 1012 3001 δὲ
1062 2950 1334 3004 ἐκαλεῖτω
1369 2948 1524 3018 οὗτος
1567 2956 1846 3027 δρομαίως
1877 2959 1955 3028 τῷ

377 3028 620 3106 μάρτυρι
648 3039 986 3108 προσελθὼν,
1019 3043 1153 3114 εὐχῇ
1202 3059 1262 3098 τε
1293 3049 1636 3119 νευρωθῆναι
1664 3050 1810 3120 ᾔτει,
1861 3053 1958 3104 καὶ

376 3129 779 3200 ἐπιτετράφθαι
826 3133 879 3186 oi
930 3137 1032 3204 τὴν
1087 3137 1267 3204 πάλην
1320 3136 1512 3195 ἐδεῖτο.
1564 3145 1877 3214 Δημήτριος
1914 3144 1960 3198 δ’

2051 670 2289 724 namque
2321 665 2376 710 et
2391 657 2689 726 argenteis,
2709 672 2848 727 quos
2875 658 2981 714 sibi
3015 659 3133 714 fieri
3166 674 3480 730 curaverat,
3515 665 3626 720 diis

2053 747 2431 809 comminutis,
2464 761 2770 818 eorumque
2799 749 2978 820 pretio
3009 751 3065 806 in
3091 767 3364 823 pauperes
3415 771 3628 826 expen-

2050 851 2133 900 so,
2167 852 2294 891 mox
2323 839 2494 893 etiam
2545 854 2672 894 cum
2705 841 2790 896 eis
2845 842 2941 910 qui
2975 842 3207 899 frivolos
3238 845 3621 902 adulterinos-

2049 944 2158 998 que
2181 929 2315 987 deos
2347 934 2790 1003 propugnabant,
2823 935 2968 990 bello
2993 951 3350 1008 congressus,
3374 941 3628 994 illorum-

2048 1038 2155 1092 que
2175 1023 2496 1080 infirmitate
2512 1039 2610 1095 per
2629 1026 2912 1081 infamiam
2937 1037 3146 1094 notata,
3172 1029 3352 1098 ipsius
3376 1047 3510 1085 vero
3529 1031 3624 1086 Je-

2014 1175 2022 1183 ,
2049 1135 2112 1174 su
2141 1119 2348 1175 Christi
2379 1121 2650 1178 immensa
2667 1131 3031 1193 naturamque
3046 1137 3404 1195 supergressa
3425 1134 3621 1194 poten-

2053 1214 2127 1266 tia
2165 1213 2453 1283 magnifice
2489 1214 2728 1279 laudata,
2763 1231 2900 1284 quas
2927 1230 3036 1270 nou
3062 1217 3152 1271 ille
3178 1231 3372 1286 poenas
3402 1216 3628 1270 fortiter

2051 1305 2348 1360 toleravit?
2386 1321 2510 1374 qua:
2545 1306 2700 1359 illum
2752 1306 2989 1361 ﬁdiculte
3029 1316 3085 1360 et
3118 1316 3352 1361 torturze
3387 1315 3623 1376 praeter-

2049 1398 2210 1453 iere?
2253 1398 2458 1467 quibus
2498 1398 2722 1468 ungulis
2751 1399 2897 1454 cutis
2942 1399 3063 1469 ejus
3101 1399 3323 1453 concisa
3355 1414 3466 1453 non
3501 1398 3630 1452 est?

2051 1503 2193 1558 quos
2217 1490 2375 1560 ignes
2401 1506 2605 1560 quasve
2639 1492 2788 1548 faces
2830 1492 3076 1547 membra
3104 1493 3226 1561 ejus
3258 1500 3485 1560 experta
3515 1506 3626 1545 non

2051 1582 2223 1637 sunt?
2255 1598 2492 1651 quorum
2525 1584 2996 1639 ferramentorum
3027 1597 3471 1651 mucronumque
3505 1597 3628 1636 cor-

2049 1675 2174 1745 pori
2205 1675 2325 1744 ejus
2356 1675 2758 1729 intentatorum
2802 1677 2952 1730 acies
2995 1675 3269 1730 hebetata:
3309 1689 3420 1729 non
3459 1673 3630 1726 sunt?

2049 1767 2159 1820 Per
2189 1781 2307 1836 qua:
2331 1776 2496 1836 atque
2518 1767 2604 1822 his
2629 1768 2836 1822 similia
2868 1775 3164 1832 tormenta,
3182 1781 3346 1836 quam
3368 1762 3627 1833 plurimis

2049 1875 2115 1913 ex
2139 1860 2336 1930 primis
2373 1859 2728 1914 senatoribus
2757 1860 3020 1930 martyrio
3055 1860 3334 1913 coronatis
3357 1855 3424 1909 ad
3451 1855 3624 1908 Deum

2051 1953 2372 2024 praemissis,
2403 1961 2686 2021 postremo
2719 1962 2777 2007 et
2803 1953 2921 2021 ipse
2945 1953 3124 2021 gladio
3149 1961 3468 2033 percussus,
3495 1963 3623 2002 cum

2052 2045 2216 2117 460
2241 2043 2553 2099 incredibili
2584 2044 2775 2100 laetitia
2794 2045 2860 2100 ad
2889 2043 3096 2098 dudum
3121 2043 3226 2097 sibi
3246 2040 3626 2096 desideratum

2051 2136 2330 2193 Christum
2372 2137 2674 2192 concessit.
2727 2137 3016 2191 Herculius
3055 2148 3262 2198 autem,
3301 2146 3426 2186 cum
3451 2129 3632 2185 Thes-

2052 2228 2352 2284 salouicam
2393 2229 2678 2291 venisset,
2735 2228 3074 2282 llemetrium
3122 2224 3370 2294 quidem.
3418 2221 3639 2276 Christi

2057 2329 2356 2392 martyrem
2387 2362 2402 2386 ,
2438 2322 2768 2391 primarium
2804 2322 2922 2391 ejus
2961 2319 3066 2372 loci
3106 2318 3310 2382 virum,
3361 2314 3634 2370 civitatis-

2053 2430 2162 2485 que
2211 2413 2349 2468 adeo
2393 2415 2565 2483 ipsius
2606 2413 2970 2484 praefectum,
3021 2412 3171 2482 quod
3246 2410 3298 2464 ei
3344 2407 3633 2464 Christum

2061 2506 2315 2577 profiteri
2365 2506 2582 2561 delatus
2630 2515 2805 2570 esset,
2867 2505 3136 2562 custodiri
3179 2501 3359 2574 jubet.
3408 2494 3632 2555 Civitati

2055 2611 2240 2654 autem
2294 2600 2600 2654 certamina
2685 2608 2742 2653 et
2803 2599 2962 2652 ludos
3037 2604 3324 2666 equestres
3383 2590 3634 2648 exhibet.

2055 2691 2234 2758 Atque
2271 2690 2325 2745 in
2363 2691 2429 2744 iis
2458 2691 2788 2744 luctatorem
2821 2697 2878 2743 et
2908 2687 3152 2756 pugilem
3186 2680 3436 2736 nobilem
3469 2689 3638 2746 atque

2057 2786 2360 2850 invictum,
2391 2786 2710 2854 roboreque
2764 2792 2818 2837 et
2865 2781 3082 2836 viribus
3133 2774 3386 2845 corporis
3425 2773 3638 2826 incom-

2031 2878 2359 2947 parabilem
2383 2920 2396 2943 ,
2443 2879 2578 2930 artis
2611 2874 2872 2930 militaris
2902 2883 2958 2928 et
2993 2871 3204 2926 bellicae
3236 2866 3503 2938 peritum,
3533 2878 3638 2916 cu-

2055 2970 2146 3041 jus
2193 2969 2519 3023 fortitudiue
2570 2969 2936 3021 Maximianus
2970 2964 3198 3035 gloriari
3229 2961 3395 3017 etiam
3441 2957 3641 3012 solitus

2059 3059 2487 3122 fuerat,nomen
2531 3059 2608 3110 illi
2642 3068 2763 3111 crat
2794 3056 2972 3128 Lymo,
3011 3054 3068 3107 in
3101 3065 3325 3107 arenam
3355 3045 3639 3119 producit.

2061 3147 2199 3202 Cum
2254 3150 2440 3216 itaque
2490 3148 2536 3200 is
2587 3148 2643 3200 in
2703 3146 2952 3201 medium
3009 3142 3402 3214 processisset,
3459 3151 3643 3204 neque

377 3221 642 3290 εὐλογῶν,
681 3226 793 3278 Καὶ
826 3227 920 3282 τὸν
955 3230 1176 3293 Λυαῖον,
1213 3231 1340 3303 ἔφη,
1378 3234 1648 3303 νικήσεις,
1685 3239 1781 3288 καὶ
1815 3238 1955 3305 ὑπὲρ

2061 3242 2352 3310 quisquam
2407 3253 2551 3294 esset
2611 3241 2706 3308 qui
2759 3252 2882 3292 cum
2938 3237 3032 3291 illo
3081 3232 3346 3304 congredi
3389 3230 3641 3292 auderet,

376 3314 619 3385 Χριστοῦ
653 3321 1058 3390 μαρτυρήσεις.
1093 3325 1202 3376 Καὶ
1227 3326 1320 3377 ἐπὶ
1358 3326 1450 3378 τὸν
1477 3328 1664 3394 ἀγῶνα
1703 3327 1818 3394 ίὼν,
1845 3331 1957 3393 τοῖς

380 3406 812 3477 ἀπῃωρημένοις
869 3411 1118 3464 κάτωθεν
1175 3415 1270 3464 καὶ
1334 3416 1686 3482 ἐμπεπηγόσι
1748 3415 1958 3485 ξίφεσιν

812 3502 1036 3574 Λυαῖον,
1096 3502 1359 3559 ἔκτεινεν.
1415 3505 1719 3560 Ἐκτείνετο
1770 3508 1827 3558 δὲ
1866 3511 1962 3562 καὶ

379 3593 566 3658 αὐτὸς,
591 3593 684 3646 τοῦ
709 3593 977 3662 βασιλέως
1009 3595 1414 3666 ὑπερζέσαντος
1440 3597 1516 3667 τῷ
1545 3598 1726 3668 θυμῷ.
1745 3600 1958 3652 Ἑντεῦ-

380 3684 474 3737 θεν
511 3685 607 3737 καὶ
643 3686 954 3755 Δημήτριος
986 3689 1061 3750 ὡς
1111 3689 1319 3741 ἐκεῖνον
1371 3691 1558 3759 εὐχαῖς
1598 3689 1957 3754 καθοπλίσας,

382 3777 612 3848 λόγχαις
642 3780 784 3832 κατὰ
815 3778 1069 3849 πλευρῶν
1096 3780 1323 3852 ἀθρόαις
1350 3782 1786 3853 ἐκκεντηθεὶς,τὸ
1803 3785 1960 3854 βιοῦν

387 3872 772 3942 μεταλλάττει.
805 3873 894 3942 Τῷ
921 3873 978 3924 δὲ
1010 3874 1406 3945 παρακειμένῳ
1437 3877 1614 3944 ῥιφεὶς
1647 3879 1865 3944 φρέατι,
1900 3878 1958 3940 ἐς

383 3965 542 4036 δεῦρο
571 3965 670 4028 τὰς
701 3965 1008 4028 ἁκενώτους
1047 3968 1156 4019 τῶν
1194 3967 1384 4038 μύρων
1421 3967 1718 4032 ἀναϐλύζει
1748 3969 1959 4040 πηγάς.

385 4059 467 4111 Τὰ
501 4060 600 4129 μὲν
623 4061 687 4131 δὴ
727 4060 834 4114 τῶν
867 4062 1157 4130 ἐπισήμων
1205 4061 1500 4132 μαρτύρων
1532 4057 1674 4132 ἦσαν
1726 4065 1785 4118 ἐν
1834 4064 1960 4116 τού-

386 4165 518 4214 τοιςο
549 4152 608 4204 τὸ
636 4151 692 4204 δὲ
738 4151 943 4222 πλῆθος
994 4154 1104 4206 τῶν
1151 4152 1327 4206 ἄλλων
1386 4153 1632 4222 Εὑσεϐίῳ
1683 4153 1762 4222 τῷ
1796 4155 1958 4222 Παμ-

387 4243 542 4310 φίλου
569 4245 899 4312 Μαρτύρωγ
923 4243 1288 4315 συναγωγῆς
1322 4243 1524 4313 βιϐλίον
1570 4244 1964 4314 συνταξαμένῳ

388 4337 567 4388 ἐκεῖνο
601 4336 729 4398 τοὺς
771 4337 1140 4406 βουλομένους
1195 4337 1380 4407 ζητεῖν
1433 4337 1528 4390 καὶ
1583 4337 1941 4407 ἐντυγχάνειν

386 4428 655 4498 νουνεχῶς
686 4429 1081 4499 ἐπιτρέπομεν,
1110 4433 1166 4482 ἐν
1213 4424 1255 4497 ᾧ
1297 4430 1399 4496 τῆς
1424 4430 1760 4498 ἀπορρήτου
1811 4427 1954 4500 Χρι-

390 4518 518 4571 στοῦ
557 4519 840 4590 δυνάμεως
874 4523 940 4576 τά
980 4521 1200 4591 ἐμφανῆ
1245 4524 1526 4592 τεκμήρια
1548 4518 1946 4574 διαδείκνυται.

2063 3332 2284 3402 juvenis
2328 3331 2551 3401 quidam
2610 3327 3120 3392 'l‘bessalouicensis
3181 3323 3359 3397 civis,
3404 3328 3638 3388 aspectu

2070 3422 2335 3492 pulcher,
2381 3423 2632 3476 moribus
2676 3429 2858 3474 autem
2918 3419 3193 3472 humanus
3238 3426 3295 3470 et
3345 3413 3643 3484 gratiosus,

2068 3526 2131 3565 ac
2187 3510 2415 3580 martyri
2475 3509 2754 3564 Demetrio
2787 3508 3024 3561 maxime
3059 3506 3289 3565 eharus,
3318 3501 3518 3556 Nestor
3546 3513 3646 3580 no-

2070 3601 2242 3666 mine,
2277 3601 2535 3656 celeriter
2586 3599 2654 3654 ad
2706 3599 3050 3654 Demetrium
3086 3596 3299 3659 currit,
3349 3593 3419 3646 ab
3465 3603 3644 3656 eoque

2068 3695 2226 3763 petit,
2263 3702 2322 3746 ut
2349 3709 2472 3747 cum
2507 3693 2557 3748 ei
2584 3708 2710 3748 cum
2754 3692 2940 3762 pugile
2981 3691 3078 3745 illo
3106 3687 3369 3757 congredi
3417 3683 3648 3753 permit-

2071 3793 2171 3847 tat,
2205 3794 2318 3838 tum
2368 3787 2626 3840 oratione
2671 3803 2768 3839 sua
2803 3788 2975 3839 robur
3000 3785 3263 3851 viresque
3293 3787 3510 3846 augeat.
3545 3775 3647 3827 De-

2071 3876 2302 3930 metrius
2352 3876 2402 3931 ei
2458 3878 2769 3943 licuedicit,
2801 3887 2878 3942 et,
2912 3875 3131 3945 Lyaeum
3165 3872 3393 3941 (inquit)
3428 3867 3641 3923 vinces.

2070 3967 2348 4036 simulque
2397 3983 2500 4038 pro
2537 3968 2762 4023 Christo
2816 3967 3144 4038 martyrium
3189 3960 3514 4020 sustinebis.
3547 3958 3647 4011 ille

2075 4059 2130 4114 in
2160 4069 2441 4114 certamen
2498 4076 2874 4132 progressus,
2925 4059 3148 4130 Lyaeum
3204 4059 3257 4111 in
3311 4064 3648 4112 mucrones,

2071 4153 2164 4222 qui
2213 4154 2267 4208 iu
2307 4163 2454 4209 terra
2501 4169 2722 4210 sursum
2775 4169 2998 4208 versum
3042 4152 3204 4206 defixi
3248 4150 3491 4210 fuerant,
3522 4158 3651 4214 pro-

2068 4254 2304 4299 stratum
2358 4247 2586 4303 occidit.
2639 4246 2748 4301 Sed
2794 4256 2850 4301 et
2900 4248 3020 4316 ipse
3085 4245 3233 4299 illico
3293 4237 3652 4310 imperatoris

2067 4337 2252 4407 jussu,
2301 4340 2396 4407 qui
2451 4339 2532 4392 ira
2563 4349 2755 4393 contra
2812 4353 2938 4392 eum
2984 4344 3290 4400 exarserat,
3351 4331 3649 4387 occiditur.

2072 4429 2284 4484 Deinde
2315 4446 2542 4500 quoque
2585 4431 2920 4496 Demetrius,
2957 4430 3104 4500 quod
3142 4429 3294 4481 illum
3333 4423 3652 4494 precatione

2073 4522 2486 4588 confirmasset,
2515 4525 2690 4580 hastis
2723 4540 2820 4594 per
2854 4525 3028 4578 latera
3056 4521 3308 4591 pluribus
3335 4518 3649 4574 confossus.

388 4632 422 4672 ο
466 4616 578 4670 vita
617 4617 858 4672 excessit
905 4625 1013 4671 :et
1063 4617 1118 4670 in
1178 4617 1492 4686 proximum
1550 4617 1842 4687 conjectus
1894 4618 2274 4684 puteum,iad
2322 4614 2473 4673 hunc
2538 4635 2716 4689 usque
2770 4619 2918 4673 diem
2983 4619 3170 4689 jugem
3229 4624 3648 4684 unguentorum

393 4707 606 4776 profert
643 4707 878 4763 fontem.
923 4709 1049 4764 Haec
1113 4709 1183 4764 de
1253 4709 1571 4765 celebribus
1619 4708 2042 4777 illustribusque
2086 4712 2443 4782 martyribus.
2499 4711 2624 4778 Qui‘
2661 4730 2794 4769 vero
2845 4714 3187 4783 reliquorum
3242 4705 3650 4762 multitudiuem

393 4817 732 4871 cognoscere
766 4805 887 4856 vult
917 4841 932 4866 ,
985 4804 1032 4858 is
1091 4803 1385 4872 diligenter
1434 4802 1660 4857 Eusebii
1704 4800 1975 4871 Pamphili
2017 4801 2272 4858 volumen
2345 4806 2528 4875 legat,
2601 4807 2747 4876 quod
2793 4805 2871 4860 De
2921 4817 3049 4860 cwlu
3104 4814 3400 4874 martyrum
3431 4815 3656 4868 compo—

404 4901 535 4967 suit,
563 4901 620 4955 in
654 4915 763 4969 quo
795 4900 1090 4956 iueﬂabilis
1117 4899 1324 4955 Christi
1349 4900 1572 4955 virtutis
1594 4910 1648 4954 et
1683 4898 1971 4968 potestatis
2010 4899 2315 4957 clarissima
2353 4903 2555 4958 indicia
2607 4913 2774 4972 atque
2819 4901 3138 4957 testimonia
3189 4900 3583 4954 ostenduntur.

987 5017 1240 5070 KEMA.
1270 5014 1388 5084 ις’.

397 5105 538 5174 Περὶ
573 5104 692 5159 τῶν
715 5105 822 5173 τῆς
845 5107 1216 5174 Ἐκκλησίας
1242 5106 1568 5174 προέδρων,
1605 5106 1740 5159 ὅσοι
1768 5102 1980 5174 διαφύ-

463 5171 597 5244 pou;
627 5177 697 5229 ἐν
732 5171 940 5242 τόποις
963 5180 1030 5230 τὸ
1055 5171 1205 5228 κατὰ
1226 5171 1486 5245 Χριστὸν
1505 5177 1808 5243 διήνυσαν
1826 5171 1978 5226 στά-

469 5237 624 5307 διοίρ,
666 5247 765 5299 καὶ
794 5237 929 5315 napi
955 5247 1060 5312 τῆς
1093 5247 1194 5300 ἐπὶ
1225 5237 1290 5300 td
1322 5237 1597 5316 κρεῖττοφί
1625 5245 1745 5299 τῶν
1790 5261 1976 5314 πραγο
2006 5237 2054 5296 D

465 5317 674 5384 μάτων
697 5318 1063 5387 μεταϐολῆς.

485 5409 650 5461 Ἀλλὰ
677 5410 737 5461 τὸ
771 5410 870 5479 μὲν
904 5410 1137 5464 ἕκαστον
1181 5412 1320 5481 πρὸς
1365 5412 1538 5481 ὄνομα
1577 5411 1770 5480 μνείαν
1801 5411 1979 5463 ποιεῖο

407 5500 533 5555 σθαι
579 5501 641 5552 οὐ
690 5502 851 5569 μόνον
895 5502 1004 5555 τῶν
1055 5503 1337 5572 δυσχερῶν
1390 5505 1535 5573 ἐμοὶ,
1561 5504 1700 5558 ἀλλὰ
1738 5505 1836 5557 καὶ
1869 5509 1983 5559 τῶν

409 5595 532 5646 λίαν
559 5593 839 5647 ἀδυνάτων
867 5593 1182 5662 λελόγισται
1204 5613 1219 5628 ·
1243 5596 1321 5658 ὡς
1353 5597 1417 5650 ἂν
1441 5596 1499 5650 δὲ
1530 5597 1688 5666 τύπῳ
1712 5599 1837 5659 τοὺς
1862 5599 1983 5650 ἐπι-

412 5687 622 5755 σήμους
651 5686 947 5754 διαλαϐεῖν,
993 5689 1214 5760 πρῶτος
1266 5690 1342 5752 ὡς
1377 5691 1434 5742 ἐν
1471 5689 1642 5760 στήλῃ
1696 5688 1983 5752 εὐσεϐείας

409 5778 832 5849 ἀναγορευέσθω
863 5781 890 5832 ὁ
935 5780 1038 5852 τῆς
1088 5781 1438 5853 Νικομήδους
1468 5781 1766 5843 ἐπίσκοπος
1801 5779 1986 5832 Ἄνθι-

413 5888 512 5939 μσς
545 5871 641 5942 τὴν
670 5871 913 5944 κεφαλὴν
944 5873 1262 5944 ἐκτμηθείς.
1295 5869 1408 5928 Εἶτ’
1435 5873 1541 5927 ἀπὸ
1567 5871 1668 5942 τῆς
1707 5871 1984 5941 Ἀντιόχου

2658 5019 2885 5075 CAPUT
2937 5018 3078 5076 XVI.

2082 5112 2160 5166 De
2191 5113 2555 5184 Ecclesiarum
2601 5115 2876 5183 episcopis,
2920 5116 3010 5184 qui
3041 5115 3202 5167 variis
3231 5113 3283 5165 in
3318 5112 3440 5165 locis
3487 5109 3658 5184 curri-

2150 5183 2326 5237 culum
2347 5183 2544 5238 Christi
2573 5179 2785 5238 strenue
2808 5179 3202 5254 percurrat-ant,
3234 5191 3284 5236 et
3307 5191 3363 5234 ut
3391 5197 3472 5234 res
3504 5179 3660 5233 Chri-

2149 5256 2330 5308 stiana
2351 5260 2406 5308 in
2437 5255 2622 5308 melius
2651 5257 2720 5309 sit
2748 5263 3094 5309 commutata.

2159 5411 2297 5466 Nam
2329 5426 2784 5481 unumquemque
2810 5426 3004 5465 eorum
3052 5410 3377 5465 nominatim
3410 5426 3662 5466 recense-

2090 5521 2172 5567 re,
2198 5521 2305 5559 non
2334 5505 2496 5559 modo
2522 5504 2741 5558 dillicilc
2767 5503 2902 5557 mihi
2936 5518 3080 5565 esse,
3107 5502 3201 5556 sed
3230 5519 3407 5572 neque
3434 5505 3666 5557 omnino

2088 5594 2210 5649 fieri
2267 5611 2427 5666 posse
2474 5596 2714 5650 videtur.
2754 5595 2823 5650 Ut
2857 5605 3043 5649 autem
3089 5594 3398 5662 simplicius
3429 5597 3663 5664 prteclu-

2089 5686 2341 5742 rissimos
2379 5703 2628 5757 quosque
2664 5686 2991 5750 referamus,
3026 5687 3240 5756 primus
3284 5686 3450 5739 veluti
3480 5688 3532 5739 in
3562 5701 3664 5755 pu-

2093 5781 2234 5835 blica
2269 5795 2412 5834 vera:
2434 5779 2652 5848 pietatis
2680 5780 2934 5834 columna
2969 5779 3281 5849 illustrique
3311 5781 3428 5834 loco
3459 5795 3667 5849 propo-

2097 5881 2281 5939 natur,
2339 5869 2678 5926 Nicomedize
2729 5871 3024 5939 episcopus
3074 5871 3410 5934 Authimus,
3465 5870 3667 5933 capitis
