  <div class='ocr_page' id='page_1' title='image "/cluster/home/n/w/nwhite01/storage/ocr_20150623/145:no.1/coo.31924054870500/627.png"; bbox 0 0 4052 6446; ppageno 0'>
   <div class='ocr_carea' id='block_1_1' title="bbox 319 4408 1053 4479">
    <p class='ocr_par' dir='ltr' id='par_1_1' title="bbox 319 4408 1053 4479">
     <span class='ocr_line' id='line_1_1' title="bbox 319 4408 1053 4479; baseline 0.003 -16"><span class='ocrx_word' id='word_1_1' title='bbox 319 4444 325 4450; x_wconf 68' lang='grc' dir='ltr'><strong>ο</strong></span> <span class='ocrx_word' id='word_1_2' title='bbox 417 4408 716 4478; x_wconf 82' lang='lat' dir='ltr'><strong>plurimum</strong></span> <span class='ocrx_word' id='word_1_3' title='bbox 786 4408 1053 4479; x_wconf 83' lang='lat' dir='ltr'><strong>fulgente,</strong></span> 
     </span>
    </p>
   </div>
   <div class='ocr_carea' id='block_1_2' title="bbox 316 4498 1993 4572">
    <p class='ocr_par' dir='ltr' id='par_1_2' title="bbox 316 4498 1993 4572">
     <span class='ocr_line' id='line_1_2' title="bbox 316 4498 1993 4572; baseline -0.001 -17"><span class='ocrx_word' id='word_1_4' title='bbox 316 4530 321 4535; x_wconf 87' lang='lat'><strong>-</strong></span> <span class='ocrx_word' id='word_1_5' title='bbox 415 4510 745 4568; x_wconf 90' lang='lat' dir='ltr'><strong>conventus,</strong></span> <span class='ocrx_word' id='word_1_6' title='bbox 775 4501 1217 4572; x_wconf 90' lang='lat' dir='ltr'><strong>jucunditatibus</strong></span> <span class='ocrx_word' id='word_1_7' title='bbox 1239 4514 1305 4554; x_wconf 87' lang='lat' dir='ltr'><strong>ac</strong></span> <span class='ocrx_word' id='word_1_8' title='bbox 1325 4498 1542 4555; x_wconf 86' lang='lat' dir='ltr'><strong>deliciis</strong></span> <span class='ocrx_word' id='word_1_9' title='bbox 1574 4500 1912 4565; x_wconf 81' lang='lat' dir='ltr'><strong>fruerentur,</strong></span> <span class='ocrx_word' id='word_1_10' title='bbox 1935 4508 1993 4554; x_wconf 90' lang='lat' dir='ltr'><strong>et</strong></span> 
     </span>
    </p>
   </div>
   <div class='ocr_carea' id='block_1_3' title="bbox 438 422 577 487">
    <p class='ocr_par' dir='ltr' id='par_1_3' title="bbox 438 422 577 487">
     <span class='ocr_line' id='line_1_3' title="bbox 438 422 577 487; baseline 0.014 -2"><span class='ocrx_word' id='word_1_11' title='bbox 438 422 577 487; x_wconf 78' lang='lat' dir='ltr'><strong>i239</strong></span> 
     </span>
    </p>
   </div>
   <div class='ocr_carea' id='block_1_4' title="bbox 1662 396 2512 493">
    <p class='ocr_par' dir='ltr' id='par_1_4' title="bbox 1662 396 2512 493">
     <span class='ocr_line' id='line_1_4' title="bbox 1662 396 2512 493; baseline 0.004 -3"><span class='ocrx_word' id='word_1_12' title='bbox 1662 431 2085 493; x_wconf 82' lang='lat' dir='ltr'><strong>NlCEPHOR-I</strong></span> <span class='ocrx_word' id='word_1_13' title='bbox 2120 431 2471 493; x_wconf 70' lang='lat' dir='ltr'><strong>CALLISTI</strong></span> <span class='ocrx_word' id='word_1_14' title='bbox 2508 396 2512 401; x_wconf 63' lang='grc'><em>’</em></span> 
     </span>
    </p>
   </div>
   <div class='ocr_carea' id='block_1_5' title="bbox 3548 436 3683 500">
    <p class='ocr_par' dir='ltr' id='par_1_5' title="bbox 3548 436 3683 500">
     <span class='ocr_line' id='line_1_5' title="bbox 3548 436 3683 500; baseline 0.015 -2"><span class='ocrx_word' id='word_1_15' title='bbox 3548 438 3567 498; x_wconf 86' lang='lat' dir='ltr'><strong>i</strong></span> <span class='ocrx_word' id='word_1_16' title='bbox 3578 436 3683 500; x_wconf 65' lang='lat'><strong>240</strong></span> 
     </span>
    </p>
   </div>
   <div class='ocr_carea' id='block_1_6' title="bbox 414 533 1997 621">
    <p class='ocr_par' dir='ltr' id='par_1_6' title="bbox 414 533 1997 612">
     <span class='ocr_line' id='line_1_6' title="bbox 414 533 1997 612; baseline 0.008 -25"><span class='ocrx_word' id='word_1_17' title='bbox 414 533 710 604; x_wconf 76' lang='lat' dir='ltr'><strong>supplicio</strong></span> <span class='ocrx_word' id='word_1_18' title='bbox 741 533 1061 592; x_wconf 83' lang='lat' dir='ltr'><strong>defunctus.</strong></span> <span class='ocrx_word' id='word_1_19' title='bbox 1090 535 1251 608; x_wconf 60' lang='lat'><strong>561</strong></span> <span class='ocrx_word' id='word_1_20' title='bbox 1281 537 1568 595; x_wconf 83' lang='lat' dir='ltr'><strong>Secundus</strong></span> <span class='ocrx_word' id='word_1_21' title='bbox 1594 543 1686 608; x_wconf 86' lang='lat' dir='ltr'><strong>sil,</strong></span> <span class='ocrx_word' id='word_1_22' title='bbox 1714 546 1806 612; x_wconf 90' lang='lat' dir='ltr'><strong>qui</strong></span> <span class='ocrx_word' id='word_1_23' title='bbox 1840 545 1997 600; x_wconf 85' lang='lat' dir='ltr'><strong>vitam</strong></span> 
     </span>
    </p>
   </div>
   <div class='ocr_carea' id='block_1_7' title="bbox 2101 533 3682 621">
    <p class='ocr_par' dir='ltr' id='par_1_7' title="bbox 2114 547 3682 621">
     <span class='ocr_line' id='line_1_7' title="bbox 2114 547 3682 621; baseline 0.002 -21"><span class='ocrx_word' id='word_1_24' title='bbox 2114 547 2206 600; x_wconf 73' lang='grc' dir='ltr'><strong>τὸν</strong></span> <span class='ocrx_word' id='word_1_25' title='bbox 2264 549 2445 601; x_wconf 81' lang='grc' dir='ltr'><strong>πάντα</strong></span> <span class='ocrx_word' id='word_1_26' title='bbox 2481 548 2598 618; x_wconf 86' lang='grc' dir='ltr'><strong>βίον</strong></span> <span class='ocrx_word' id='word_1_27' title='bbox 2643 547 2847 617; x_wconf 77' lang='grc' dir='ltr'><strong>ἄριστα</strong></span> <span class='ocrx_word' id='word_1_28' title='bbox 2895 547 3146 614; x_wconf 82' lang='grc' dir='ltr'><strong>διελθὼν,</strong></span> <span class='ocrx_word' id='word_1_29' title='bbox 3179 549 3275 601; x_wconf 76' lang='grc' dir='ltr'><strong>καὶ</strong></span> <span class='ocrx_word' id='word_1_30' title='bbox 3308 549 3682 621; x_wconf 74' lang='grc' dir='ltr'><strong>πρεσϐύτερος</strong></span> 
     </span>
    </p>
   </div>
   <div class='ocr_carea' id='block_1_8' title="bbox 435 626 2001 701">
    <p class='ocr_par' dir='ltr' id='par_1_8' title="bbox 435 626 2001 701">
     <span class='ocr_line' id='line_1_8' title="bbox 435 626 2001 701; baseline 0.007 -22"><span class='ocrx_word' id='word_1_31' title='bbox 435 640 656 680; x_wconf 83' lang='lat' dir='ltr'><strong>omnem</strong></span> <span class='ocrx_word' id='word_1_32' title='bbox 688 626 1035 683; x_wconf 74' lang='lat' dir='ltr'><strong>sanctissime</strong></span> <span class='ocrx_word' id='word_1_33' title='bbox 1064 630 1274 698; x_wconf 77' lang='lat' dir='ltr'><strong>peregit</strong></span> <span class='ocrx_word' id='word_1_34' title='bbox 1296 630 1677 689; x_wconf 81' lang='lat' dir='ltr'><strong>Antiocltenus</strong></span> <span class='ocrx_word' id='word_1_35' title='bbox 1701 635 2001 701; x_wconf 87' lang='lat' dir='ltr'><strong>Lueianus,</strong></span> 
     </span>
    </p>
   </div>
   <div class='ocr_carea' id='block_1_9' title="bbox 434 716 2004 798">
    <p class='ocr_par' dir='ltr' id='par_1_9' title="bbox 434 716 2004 798">
     <span class='ocr_line' id='line_1_9' title="bbox 434 716 2004 798; baseline 0.007 -26"><span class='ocrx_word' id='word_1_36' title='bbox 434 716 685 773; x_wconf 67' lang='lat' dir='ltr'><strong>ecclesiae</strong></span> <span class='ocrx_word' id='word_1_37' title='bbox 735 719 890 773; x_wconf 87' lang='lat' dir='ltr'><strong>urbis</strong></span> <span class='ocrx_word' id='word_1_38' title='bbox 937 721 1059 789; x_wconf 85' lang='lat' dir='ltr'><strong>ejus</strong></span> <span class='ocrx_word' id='word_1_39' title='bbox 1113 722 1397 793; x_wconf 91' lang='lat' dir='ltr'><strong>presbyter</strong></span> <span class='ocrx_word' id='word_1_40' title='bbox 1430 740 1444 776; x_wconf 88' lang='lat'><strong>:</strong></span> <span class='ocrx_word' id='word_1_41' title='bbox 1477 725 1569 794; x_wconf 85' lang='lat' dir='ltr'><strong>qui</strong></span> <span class='ocrx_word' id='word_1_42' title='bbox 1621 728 1801 782; x_wconf 83' lang='lat' dir='ltr'><strong>verbis</strong></span> <span class='ocrx_word' id='word_1_43' title='bbox 1848 730 2004 798; x_wconf 70' lang='lat' dir='ltr'><strong>juxta</strong></span> 
     </span>
    </p>
   </div>
   <div class='ocr_carea' id='block_1_10' title="bbox 433 807 2006 888">
    <p class='ocr_par' dir='ltr' id='par_1_10' title="bbox 433 807 2006 888">
     <span class='ocr_line' id='line_1_10' title="bbox 433 807 2006 888; baseline 0.009 -27"><span class='ocrx_word' id='word_1_44' title='bbox 433 820 492 863; x_wconf 91' lang='lat' dir='ltr'><strong>et</strong></span> <span class='ocrx_word' id='word_1_45' title='bbox 568 807 728 863; x_wconf 89' lang='lat' dir='ltr'><strong>factis</strong></span> <span class='ocrx_word' id='word_1_46' title='bbox 801 809 1138 865; x_wconf 80' lang='lat' dir='ltr'><strong>Nicomediae</strong></span> <span class='ocrx_word' id='word_1_47' title='bbox 1189 812 1243 865; x_wconf 92' lang='lat' dir='ltr'><strong>in</strong></span> <span class='ocrx_word' id='word_1_48' title='bbox 1304 816 1594 882; x_wconf 67' lang='lat' dir='ltr'><strong>praesentia</strong></span> <span class='ocrx_word' id='word_1_49' title='bbox 1658 817 2006 888; x_wconf 82' lang='lat' dir='ltr'><strong>imperatoris</strong></span> 
     </span>
    </p>
   </div>
   <div class='ocr_carea' id='block_1_11' title="bbox 434 900 2006 981">
    <p class='ocr_par' dir='ltr' id='par_1_11' title="bbox 434 900 2006 981">
     <span class='ocr_line' id='line_1_11' title="bbox 434 900 2006 981; baseline 0.011 -30"><span class='ocrx_word' id='word_1_50' title='bbox 434 900 635 955; x_wconf 67' lang='lat' dir='ltr'><strong>lzonam</strong></span> <span class='ocrx_word' id='word_1_51' title='bbox 675 902 1076 970; x_wconf 88' lang='lat' dir='ltr'><strong>professionem</strong></span> <span class='ocrx_word' id='word_1_52' title='bbox 1129 909 1561 963; x_wconf 81' lang='lat' dir='ltr'><strong>consummavit.</strong></span> <span class='ocrx_word' id='word_1_53' title='bbox 1595 909 1743 964; x_wconf 90' lang='lat' dir='ltr'><strong>Tulit</strong></span> <span class='ocrx_word' id='word_1_54' title='bbox 1783 927 2006 981; x_wconf 79' lang='lat' dir='ltr'><strong>quoque</strong></span> 
     </span>
    </p>
   </div>
   <div class='ocr_carea' id='block_1_12' title="bbox 434 992 2005 1075">
    <p class='ocr_par' dir='ltr' id='par_1_12' title="bbox 434 992 2005 1075">
     <span class='ocr_line' id='line_1_12' title="bbox 434 992 2005 1075; baseline 0.01 -31"><span class='ocrx_word' id='word_1_55' title='bbox 434 992 722 1048; x_wconf 69' lang='lat' dir='ltr'><strong>Phoenicia</strong></span> <span class='ocrx_word' id='word_1_56' title='bbox 763 1003 1043 1064; x_wconf 84' lang='lat' dir='ltr'><strong>spectatos</strong></span> <span class='ocrx_word' id='word_1_57' title='bbox 1075 1008 1366 1069; x_wconf 80' lang='lat' dir='ltr'><strong>martyres.</strong></span> <span class='ocrx_word' id='word_1_58' title='bbox 1392 1001 1787 1071; x_wconf 84' lang='lat' dir='ltr'><strong>rationalisque</strong></span> <span class='ocrx_word' id='word_1_59' title='bbox 1821 1007 2005 1075; x_wconf 77' lang='lat' dir='ltr'><strong>gregis</strong></span> 
     </span>
    </p>
   </div>
   <div class='ocr_carea' id='block_1_13' title="bbox 430 1084 2051 1173">
    <p class='ocr_par' dir='ltr' id='par_1_13' title="bbox 430 1084 2051 1173">
     <span class='ocr_line' id='line_1_13' title="bbox 430 1084 2051 1173; baseline 0.008 -35"><span class='ocrx_word' id='word_1_60' title='bbox 430 1084 638 1139; x_wconf 80' lang='lat' dir='ltr'><strong>Christi</strong></span> <span class='ocrx_word' id='word_1_61' title='bbox 684 1087 976 1156; x_wconf 61' lang='lat' dir='ltr'><strong>praeclaros</strong></span> <span class='ocrx_word' id='word_1_62' title='bbox 1025 1098 1292 1158; x_wconf 81' lang='lat' dir='ltr'><strong>pastores,</strong></span> <span class='ocrx_word' id='word_1_63' title='bbox 1328 1093 1574 1149; x_wconf 74' lang='lat' dir='ltr'><strong>ecclesiae</strong></span> <span class='ocrx_word' id='word_1_64' title='bbox 1613 1094 1740 1165; x_wconf 85' lang='lat' dir='ltr'><strong>Tyri</strong></span> <span class='ocrx_word' id='word_1_65' title='bbox 1790 1097 2005 1165; x_wconf 82' lang='lat' dir='ltr'><strong>episco-</strong></span> <span class='ocrx_word' id='word_1_66' title='bbox 2041 1161 2051 1173; x_wconf 47' lang='grc'><strong>,</strong></span> 
     </span>
    </p>
   </div>
   <div class='ocr_carea' id='block_1_14' title="bbox 431 1176 2006 1254">
    <p class='ocr_par' dir='ltr' id='par_1_14' title="bbox 431 1176 2006 1254">
     <span class='ocr_line' id='line_1_14' title="bbox 431 1176 2006 1254; baseline 0.009 -25"><span class='ocrx_word' id='word_1_67' title='bbox 431 1192 560 1245; x_wconf 80' lang='lat' dir='ltr'><strong>puni</strong></span> <span class='ocrx_word' id='word_1_68' title='bbox 599 1176 1033 1247; x_wconf 87' lang='lat' dir='ltr'><strong>Tyrannionem,</strong></span> <span class='ocrx_word' id='word_1_69' title='bbox 1068 1190 1123 1235; x_wconf 88' lang='lat' dir='ltr'><strong>et</strong></span> <span class='ocrx_word' id='word_1_70' title='bbox 1162 1181 1383 1237; x_wconf 87' lang='lat' dir='ltr'><strong>Sidonis</strong></span> <span class='ocrx_word' id='word_1_71' title='bbox 1411 1185 1797 1254; x_wconf 83' lang='lat' dir='ltr'><strong>presbyterum</strong></span> <span class='ocrx_word' id='word_1_72' title='bbox 1828 1187 2006 1244; x_wconf 85' lang='lat' dir='ltr'><strong>Zeno-</strong></span> 
     </span>
    </p>
   </div>
   <div class='ocr_carea' id='block_1_15' title="bbox 336 1263 2003 1345">
    <p class='ocr_par' dir='ltr' id='par_1_15' title="bbox 336 1263 2003 1345">
     <span class='ocr_line' id='line_1_15' title="bbox 336 1263 2003 1345; baseline 0.013 -31"><span class='ocrx_word' id='word_1_73' title='bbox 336 1344 339 1345; x_wconf 12' lang='grc' dir='ltr'><em>ν</em></span> <span class='ocrx_word' id='word_1_74' title='bbox 433 1263 606 1318; x_wconf 87' lang='lat' dir='ltr'><strong>binm.</strong></span> <span class='ocrx_word' id='word_1_75' title='bbox 639 1265 910 1335; x_wconf 77' lang='lat' dir='ltr'><strong>Sylt&#39;anus</strong></span> <span class='ocrx_word' id='word_1_76' title='bbox 935 1278 1145 1335; x_wconf 88' lang='lat' dir='ltr'><strong>autem,</strong></span> <span class='ocrx_word' id='word_1_77' title='bbox 1166 1270 1447 1327; x_wconf 66' lang='lat' dir='ltr'><strong>Emesen&#39;e</strong></span> <span class='ocrx_word' id='word_1_78' title='bbox 1490 1277 1740 1331; x_wconf 61' lang='lat' dir='ltr'><strong>ecclesiae</strong></span> <span class='ocrx_word' id='word_1_79' title='bbox 1772 1279 2003 1335; x_wconf 85' lang='lat' dir='ltr'><strong>antistes</strong></span> 
     </span>
    </p>
   </div>
   <div class='ocr_carea' id='block_1_16' title="bbox 429 1355 2001 1437">
    <p class='ocr_par' dir='ltr' id='par_1_16' title="bbox 429 1355 2001 1437">
     <span class='ocr_line' id='line_1_16' title="bbox 429 1355 2001 1437; baseline 0.011 -31"><span class='ocrx_word' id='word_1_80' title='bbox 429 1355 696 1422; x_wconf 87' lang='lat' dir='ltr'><strong>optimus,</strong></span> <span class='ocrx_word' id='word_1_81' title='bbox 753 1372 879 1411; x_wconf 89' lang='lat' dir='ltr'><strong>cum</strong></span> <span class='ocrx_word' id='word_1_82' title='bbox 932 1358 1267 1428; x_wconf 88' lang='lat' dir='ltr'><strong>quibusdam</strong></span> <span class='ocrx_word' id='word_1_83' title='bbox 1301 1363 1450 1431; x_wconf 86' lang='lat' dir='ltr'><strong>aliis,</strong></span> <span class='ocrx_word' id='word_1_84' title='bbox 1499 1364 1694 1421; x_wconf 86' lang='lat' dir='ltr'><strong>bestiis</strong></span> <span class='ocrx_word' id='word_1_85' title='bbox 1729 1368 2001 1437; x_wconf 79' lang='lat' dir='ltr'><strong>obiectus,</strong></span> 
     </span>
    </p>
   </div>
   <div class='ocr_carea' id='block_1_17' title="bbox 431 1447 2002 1529">
    <p class='ocr_par' dir='ltr' id='par_1_17' title="bbox 431 1447 2002 1529">
     <span class='ocr_line' id='line_1_17' title="bbox 431 1447 2002 1529; baseline 0.011 -31"><span class='ocrx_word' id='word_1_86' title='bbox 431 1447 572 1500; x_wconf 86' lang='lat' dir='ltr'><strong>inter</strong></span> <span class='ocrx_word' id='word_1_87' title='bbox 609 1460 880 1529; x_wconf 83' lang='lat' dir='ltr'><strong>martyres</strong></span> <span class='ocrx_word' id='word_1_88' title='bbox 922 1451 1242 1507; x_wconf 78' lang='lat' dir='ltr'><strong>ccelestibus</strong></span> <span class='ocrx_word' id='word_1_89' title='bbox 1274 1454 1580 1523; x_wconf 80' lang='lat' dir='ltr'><strong>perfruitur</strong></span> <span class='ocrx_word' id='word_1_90' title='bbox 1598 1457 1844 1528; x_wconf 74' lang='lat' dir='ltr'><strong>gaudiis.</strong></span> <span class='ocrx_word' id='word_1_91' title='bbox 1890 1461 2002 1515; x_wconf 86' lang='lat' dir='ltr'><strong>An-</strong></span> 
     </span>
    </p>
   </div>
   <div class='ocr_carea' id='block_1_18' title="bbox 429 1538 1999 1615">
    <p class='ocr_par' dir='ltr' id='par_1_18' title="bbox 429 1538 1999 1615">
     <span class='ocr_line' id='line_1_18' title="bbox 429 1538 1999 1615; baseline 0.008 -24"><span class='ocrx_word' id='word_1_92' title='bbox 429 1538 645 1595; x_wconf 69' lang='lat' dir='ltr'><strong>tiochiae</strong></span> <span class='ocrx_word' id='word_1_93' title='bbox 702 1555 870 1609; x_wconf 89' lang='lat' dir='ltr'><strong>porro</strong></span> <span class='ocrx_word' id='word_1_94' title='bbox 905 1543 1016 1597; x_wconf 92' lang='lat' dir='ltr'><strong>duo</strong></span> <span class='ocrx_word' id='word_1_95' title='bbox 1068 1546 1354 1615; x_wconf 83' lang='lat' dir='ltr'><strong>praecipui,</strong></span> <span class='ocrx_word' id='word_1_96' title='bbox 1414 1548 1715 1603; x_wconf 85' lang='lat' dir='ltr'><strong>fortissime</strong></span> <span class='ocrx_word' id='word_1_97' title='bbox 1764 1560 1999 1606; x_wconf 88' lang='lat' dir='ltr'><strong>mortem</strong></span> 
     </span>
    </p>
   </div>
   <div class='ocr_carea' id='block_1_19' title="bbox 426 1632 2001 1713">
    <p class='ocr_par' dir='ltr' id='par_1_19' title="bbox 426 1632 2001 1713">
     <span class='ocr_line' id='line_1_19' title="bbox 426 1632 2001 1713; baseline 0.011 -30"><span class='ocrx_word' id='word_1_98' title='bbox 426 1632 818 1700; x_wconf 83' lang='lat' dir='ltr'><strong>perferentes,</strong></span> <span class='ocrx_word' id='word_1_99' title='bbox 873 1636 987 1691; x_wconf 91' lang='lat' dir='ltr'><strong>Deo</strong></span> <span class='ocrx_word' id='word_1_100' title='bbox 1029 1637 1309 1692; x_wconf 75' lang='lat' dir='ltr'><strong>victimam</strong></span> <span class='ocrx_word' id='word_1_101' title='bbox 1368 1639 1583 1711; x_wconf 87' lang='lat' dir='ltr'><strong>seipsos</strong></span> <span class='ocrx_word' id='word_1_102' title='bbox 1644 1642 2001 1713; x_wconf 88' lang='lat' dir='ltr'><strong>obtulerunt,</strong></span> 
     </span>
    </p>
   </div>
   <div class='ocr_carea' id='block_1_20' title="bbox 428 1723 2005 1805">
    <p class='ocr_par' dir='ltr' id='par_1_20' title="bbox 428 1723 2005 1805">
     <span class='ocr_line' id='line_1_20' title="bbox 428 1723 2005 1805; baseline 0.01 -30"><span class='ocrx_word' id='word_1_103' title='bbox 428 1725 571 1776; x_wconf 85' lang='lat' dir='ltr'><strong>alter</strong></span> <span class='ocrx_word' id='word_1_104' title='bbox 603 1723 657 1778; x_wconf 92' lang='lat' dir='ltr'><strong>in</strong></span> <span class='ocrx_word' id='word_1_105' title='bbox 691 1726 866 1780; x_wconf 87' lang='lat' dir='ltr'><strong>undas</strong></span> <span class='ocrx_word' id='word_1_106' title='bbox 924 1730 1092 1784; x_wconf 86' lang='lat' dir='ltr'><strong>maris</strong></span> <span class='ocrx_word' id='word_1_107' title='bbox 1118 1730 1432 1805; x_wconf 79' lang='lat' dir='ltr'><strong>projectus,</strong></span> <span class='ocrx_word' id='word_1_108' title='bbox 1476 1733 1616 1789; x_wconf 87' lang='lat' dir='ltr'><strong>alter</strong></span> <span class='ocrx_word' id='word_1_109' title='bbox 1646 1734 1786 1801; x_wconf 90' lang='lat' dir='ltr'><strong>(erat</strong></span> <span class='ocrx_word' id='word_1_110' title='bbox 1818 1736 1863 1789; x_wconf 93' lang='lat' dir='ltr'><strong>is</strong></span> <span class='ocrx_word' id='word_1_111' title='bbox 1902 1736 2005 1791; x_wconf 87' lang='lat' dir='ltr'><strong>Ze-</strong></span> 
     </span>
    </p>
   </div>
   <div class='ocr_carea' id='block_1_21' title="bbox 428 1815 2002 1892">
    <p class='ocr_par' dir='ltr' id='par_1_21' title="bbox 428 1815 2002 1892">
     <span class='ocr_line' id='line_1_21' title="bbox 428 1815 2002 1892; baseline 0.008 -23"><span class='ocrx_word' id='word_1_112' title='bbox 428 1815 653 1881; x_wconf 88' lang='lat' dir='ltr'><strong>nobius,</strong></span> <span class='ocrx_word' id='word_1_113' title='bbox 709 1816 1047 1872; x_wconf 88' lang='lat' dir='ltr'><strong>medicorum</strong></span> <span class='ocrx_word' id='word_1_114' title='bbox 1106 1822 1372 1892; x_wconf 83' lang='lat' dir='ltr'><strong>Optimus)</strong></span> <span class='ocrx_word' id='word_1_115' title='bbox 1426 1822 1660 1877; x_wconf 88' lang='lat' dir='ltr'><strong>laterum</strong></span> <span class='ocrx_word' id='word_1_116' title='bbox 1717 1827 2002 1882; x_wconf 88' lang='lat' dir='ltr'><strong>tormentis</strong></span> 
     </span>
    </p>
   </div>
   <div class='ocr_carea' id='block_1_22' title="bbox 2112 639 3678 711">
    <p class='ocr_par' dir='ltr' id='par_1_22' title="bbox 2112 639 3678 711">
     <span class='ocr_line' id='line_1_22' title="bbox 2112 639 3678 711; baseline 0.003 -18"><span class='ocrx_word' id='word_1_117' title='bbox 2112 641 2212 709; x_wconf 85' lang='grc' dir='ltr'><strong>τῆς</strong></span> <span class='ocrx_word' id='word_1_118' title='bbox 2257 639 2448 694; x_wconf 83' lang='grc' dir='ltr'><strong>αὐτόθι</strong></span> <span class='ocrx_word' id='word_1_119' title='bbox 2500 642 2816 709; x_wconf 86' lang='grc' dir='ltr'><strong>παροικίας,</strong></span> <span class='ocrx_word' id='word_1_120' title='bbox 2865 640 3123 711; x_wconf 81' lang='grc' dir='ltr'><strong>δεύτερος</strong></span> <span class='ocrx_word' id='word_1_121' title='bbox 3171 641 3313 696; x_wconf 74' lang='grc' dir='ltr'><strong>ἔστω</strong></span> <span class='ocrx_word' id='word_1_122' title='bbox 3356 642 3678 706; x_wconf 82' lang='grc' dir='ltr'><strong>Λουκιανὸς,</strong></span> 
     </span>
    </p>
   </div>
   <div class='ocr_carea' id='block_1_23' title="bbox 2112 731 3681 805">
    <p class='ocr_par' dir='ltr' id='par_1_23' title="bbox 2112 731 3681 805">
     <span class='ocr_line' id='line_1_23' title="bbox 2112 731 3681 805; baseline 0.003 -21"><span class='ocrx_word' id='word_1_123' title='bbox 2112 732 2172 784; x_wconf 81' lang='grc' dir='ltr'><strong>ἐν</strong></span> <span class='ocrx_word' id='word_1_124' title='bbox 2201 731 2541 803; x_wconf 74' lang='grc' dir='ltr'><strong>Νικομηδείᾳ</strong></span> <span class='ocrx_word' id='word_1_125' title='bbox 2582 734 2678 787; x_wconf 77' lang='grc' dir='ltr'><strong>καὶ</strong></span> <span class='ocrx_word' id='word_1_126' title='bbox 2719 733 2883 796; x_wconf 68' lang='grc' dir='ltr'><strong>αὐτὸς</strong></span> <span class='ocrx_word' id='word_1_127' title='bbox 2911 734 3093 802; x_wconf 84' lang='grc' dir='ltr'>λόγοις</span> <span class='ocrx_word' id='word_1_128' title='bbox 3118 735 3214 788; x_wconf 77' lang='grc' dir='ltr'><strong>καὶ</strong></span> <span class='ocrx_word' id='word_1_129' title='bbox 3245 733 3430 805; x_wconf 71' lang='grc' dir='ltr'><strong>ἔργοις</strong></span> <span class='ocrx_word' id='word_1_130' title='bbox 3457 736 3550 788; x_wconf 79' lang='grc' dir='ltr'><strong>ἐπὶ</strong></span> <span class='ocrx_word' id='word_1_131' title='bbox 3574 752 3681 788; x_wconf 87' lang='grc' dir='ltr'><strong>πα-</strong></span> 
     </span>
    </p>
   </div>
   <div class='ocr_carea' id='block_1_24' title="bbox 2116 823 3676 897">
    <p class='ocr_par' dir='ltr' id='par_1_24' title="bbox 2116 823 3676 897">
     <span class='ocr_line' id='line_1_24' title="bbox 2116 823 3676 897; baseline 0.002 -22"><span class='ocrx_word' id='word_1_132' title='bbox 2116 823 2311 893; x_wconf 79' lang='grc' dir='ltr'><strong>ρουσίᾳ</strong></span> <span class='ocrx_word' id='word_1_133' title='bbox 2334 823 2430 875; x_wconf 78' lang='grc' dir='ltr'><strong>τοῦ</strong></span> <span class='ocrx_word' id='word_1_134' title='bbox 2456 823 2723 892; x_wconf 84' lang='grc' dir='ltr'><strong>βασιλέως</strong></span> <span class='ocrx_word' id='word_1_135' title='bbox 2744 823 2843 894; x_wconf 85' lang='grc' dir='ltr'><strong>τὴν</strong></span> <span class='ocrx_word' id='word_1_136' title='bbox 2873 826 3047 895; x_wconf 74' lang='grc' dir='ltr'><strong>καλὴν</strong></span> <span class='ocrx_word' id='word_1_137' title='bbox 3072 824 3366 895; x_wconf 77' lang='grc' dir='ltr'><strong>ὁμολογίαν</strong></span> <span class='ocrx_word' id='word_1_138' title='bbox 3385 825 3676 897; x_wconf 83' lang='grc' dir='ltr'><strong>διηνυκὼς.</strong></span> 
     </span>
    </p>
   </div>
   <div class='ocr_carea' id='block_1_25' title="bbox 2117 914 3682 988">
    <p class='ocr_par' dir='ltr' id='par_1_25' title="bbox 2117 914 3682 988">
     <span class='ocr_line' id='line_1_25' title="bbox 2117 914 3682 988; baseline 0.003 -21"><span class='ocrx_word' id='word_1_139' title='bbox 2117 914 2359 982; x_wconf 84' lang='grc' dir='ltr'><strong>Ἤνεγκε</strong></span> <span class='ocrx_word' id='word_1_140' title='bbox 2394 915 2453 968; x_wconf 80' lang='grc' dir='ltr'><strong>δὲ</strong></span> <span class='ocrx_word' id='word_1_141' title='bbox 2493 916 2591 969; x_wconf 77' lang='grc' dir='ltr'><strong>καὶ</strong></span> <span class='ocrx_word' id='word_1_142' title='bbox 2636 917 2860 987; x_wconf 77' lang='grc' dir='ltr'><strong>Φοινίκη</strong></span> <span class='ocrx_word' id='word_1_143' title='bbox 2911 917 3194 988; x_wconf 84' lang='grc' dir='ltr'><strong>διαφανεῖς</strong></span> <span class='ocrx_word' id='word_1_144' title='bbox 3251 916 3556 987; x_wconf 81' lang='grc' dir='ltr'><strong>μάρτυρας,</strong></span> <span class='ocrx_word' id='word_1_145' title='bbox 3584 917 3682 971; x_wconf 69' lang='grc' dir='ltr'><strong>καὶ</strong></span> 
     </span>
    </p>
   </div>
   <div class='ocr_carea' id='block_1_26' title="bbox 2111 1005 3683 1080">
    <p class='ocr_par' dir='ltr' id='par_1_26' title="bbox 2111 1005 3683 1080">
     <span class='ocr_line' id='line_1_26' title="bbox 2111 1005 3683 1080; baseline -0.001 -19"><span class='ocrx_word' id='word_1_146' title='bbox 2111 1005 2224 1061; x_wconf 83' lang='grc' dir='ltr'><strong>τῶν</strong></span> <span class='ocrx_word' id='word_1_147' title='bbox 2270 1006 2509 1074; x_wconf 81' lang='grc' dir='ltr'><strong>λογικῶν</strong></span> <span class='ocrx_word' id='word_1_148' title='bbox 2548 1008 2885 1078; x_wconf 80' lang='grc' dir='ltr'><strong>θρεμμάτων</strong></span> <span class='ocrx_word' id='word_1_149' title='bbox 2922 1008 3164 1079; x_wconf 76' lang='grc' dir='ltr'><strong>Χριστοῦ</strong></span> <span class='ocrx_word' id='word_1_150' title='bbox 3195 1010 3459 1080; x_wconf 82' lang='grc' dir='ltr'><strong>ποιμένας</strong></span> <span class='ocrx_word' id='word_1_151' title='bbox 3487 1008 3683 1078; x_wconf 83' lang='grc' dir='ltr'><strong>ἐπισή-</strong></span> 
     </span>
    </p>
   </div>
   <div class='ocr_carea' id='block_1_27' title="bbox 2117 1099 3680 1170">
    <p class='ocr_par' dir='ltr' id='par_1_27' title="bbox 2117 1099 3680 1170">
     <span class='ocr_line' id='line_1_27' title="bbox 2117 1099 3680 1170; baseline 0.001 -19"><span class='ocrx_word' id='word_1_152' title='bbox 2117 1113 2286 1166; x_wconf 86' lang='grc' dir='ltr'><strong>μους·</strong></span> <span class='ocrx_word' id='word_1_153' title='bbox 2312 1099 2405 1151; x_wconf 81' lang='grc' dir='ltr'><strong>τὸν</strong></span> <span class='ocrx_word' id='word_1_154' title='bbox 2431 1099 2533 1168; x_wconf 80' lang='grc' dir='ltr'><strong>τῆς</strong></span> <span class='ocrx_word' id='word_1_155' title='bbox 2574 1099 2792 1169; x_wconf 85' lang='grc' dir='ltr'><strong>Τυρίων</strong></span> <span class='ocrx_word' id='word_1_156' title='bbox 2841 1099 3142 1169; x_wconf 75' lang='grc' dir='ltr'><strong>ἐκκλησίας</strong></span> <span class='ocrx_word' id='word_1_157' title='bbox 3178 1101 3528 1170; x_wconf 76' lang='grc' dir='ltr'><strong>ἡγησάμενον</strong></span> <span class='ocrx_word' id='word_1_158' title='bbox 3571 1101 3680 1153; x_wconf 85' lang='grc' dir='ltr'><strong>Τυ-</strong></span> 
     </span>
    </p>
   </div>
   <div class='ocr_carea' id='block_1_28' title="bbox 2114 1192 3679 1264">
    <p class='ocr_par' dir='ltr' id='par_1_28' title="bbox 2114 1192 3679 1264">
     <span class='ocr_line' id='line_1_28' title="bbox 2114 1192 3679 1264; baseline 0 -21"><span class='ocrx_word' id='word_1_159' title='bbox 2114 1192 2387 1259; x_wconf 88' lang='grc' dir='ltr'><strong>ραννίωνα</strong></span> <span class='ocrx_word' id='word_1_160' title='bbox 2406 1207 2420 1223; x_wconf 74' lang='grc'><strong><em>⁸</em></strong></span> <span class='ocrx_word' id='word_1_161' title='bbox 2471 1194 2565 1245; x_wconf 64' lang='grc' dir='ltr'><strong>καλ⁸</strong></span> <span class='ocrx_word' id='word_1_162' title='bbox 2594 1195 2651 1246; x_wconf 75' lang='grc' dir='ltr'><strong>ἐν</strong></span> <span class='ocrx_word' id='word_1_163' title='bbox 2679 1194 2793 1256; x_wconf 88' lang='grc' dir='ltr'><strong>τοῖς</strong></span> <span class='ocrx_word' id='word_1_164' title='bbox 2827 1192 2968 1246; x_wconf 78' lang='grc' dir='ltr'><strong>κατὰ</strong></span> <span class='ocrx_word' id='word_1_165' title='bbox 3001 1194 3210 1246; x_wconf 84' lang='grc' dir='ltr'>Σιδῶνα</span> <span class='ocrx_word' id='word_1_166' title='bbox 3255 1194 3513 1264; x_wconf 80' lang='grc' dir='ltr'><strong>Ζηνόσιος</strong></span> <span class='ocrx_word' id='word_1_167' title='bbox 3544 1210 3679 1259; x_wconf 84' lang='grc' dir='ltr'><strong>πρε-</strong></span> 
     </span>
    </p>
   </div>
   <div class='ocr_carea' id='block_1_29' title="bbox 2112 1280 3677 1356">
    <p class='ocr_par' dir='ltr' id='par_1_29' title="bbox 2112 1280 3677 1356">
     <span class='ocr_line' id='line_1_29' title="bbox 2112 1280 3677 1356; baseline 0 -21"><span class='ocrx_word' id='word_1_168' title='bbox 2112 1282 2380 1354; x_wconf 82' lang='grc' dir='ltr'><strong>σσύτερος</strong></span> <span class='ocrx_word' id='word_1_169' title='bbox 2407 1280 2496 1355; x_wconf 82' lang='grc' dir='ltr'><strong>ἦν.</strong></span> <span class='ocrx_word' id='word_1_170' title='bbox 2542 1283 2804 1348; x_wconf 74' lang='grc' dir='ltr'><strong>Σιλδανδς</strong></span> <span class='ocrx_word' id='word_1_171' title='bbox 2836 1286 2878 1338; x_wconf 86' lang='grc' dir='ltr'><strong>δ’</strong></span> <span class='ocrx_word' id='word_1_172' title='bbox 2924 1290 2981 1339; x_wconf 83' lang='grc' dir='ltr'><strong>ἐν</strong></span> <span class='ocrx_word' id='word_1_173' title='bbox 3022 1287 3226 1356; x_wconf 79' lang='grc' dir='ltr'><strong>Ἐμέσῃ</strong></span> <span class='ocrx_word' id='word_1_174' title='bbox 3253 1286 3354 1355; x_wconf 85' lang='grc' dir='ltr'><strong>τῆς</strong></span> <span class='ocrx_word' id='word_1_175' title='bbox 3383 1284 3677 1353; x_wconf 74' lang='grc' dir='ltr'><strong>ἐκκλησίας</strong></span> 
     </span>
    </p>
   </div>
   <div class='ocr_carea' id='block_1_30' title="bbox 2109 1375 3677 1446">
    <p class='ocr_par' dir='ltr' id='par_1_30' title="bbox 2109 1375 3677 1446">
     <span class='ocr_line' id='line_1_30' title="bbox 2109 1375 3677 1446; baseline -0.001 -16"><span class='ocrx_word' id='word_1_176' title='bbox 2109 1376 2334 1445; x_wconf 82' lang='grc' dir='ltr'><strong>ἄριστος</strong></span> <span class='ocrx_word' id='word_1_177' title='bbox 2370 1376 2672 1438; x_wconf 72' lang='grc' dir='ltr'><strong>ἐπίσκοπος</strong></span> <span class='ocrx_word' id='word_1_178' title='bbox 2725 1377 3123 1446; x_wconf 80' lang='grc' dir='ltr'><strong>ἐχρημάτισεν.</strong></span> <span class='ocrx_word' id='word_1_179' title='bbox 3185 1378 3327 1431; x_wconf 82' lang='grc' dir='ltr'><strong>Ἀλλ’</strong></span> <span class='ocrx_word' id='word_1_180' title='bbox 3373 1375 3527 1440; x_wconf 79' lang='grc' dir='ltr'><strong>οὗτος</strong></span> <span class='ocrx_word' id='word_1_181' title='bbox 3577 1379 3677 1445; x_wconf 79' lang='grc' dir='ltr'><strong>μὲν</strong></span> 
     </span>
    </p>
   </div>
   <div class='ocr_carea' id='block_1_31' title="bbox 2115 1468 3677 1540">
    <p class='ocr_par' dir='ltr' id='par_1_31' title="bbox 2115 1468 3677 1540">
     <span class='ocr_line' id='line_1_31' title="bbox 2115 1468 3677 1540; baseline 0.001 -20"><span class='ocrx_word' id='word_1_182' title='bbox 2115 1468 2213 1520; x_wconf 82' lang='grc' dir='ltr'><strong>σὺν</strong></span> <span class='ocrx_word' id='word_1_183' title='bbox 2241 1468 2471 1538; x_wconf 80' lang='grc' dir='ltr'><strong>ἑτέροις,</strong></span> <span class='ocrx_word' id='word_1_184' title='bbox 2506 1469 2670 1538; x_wconf 73' lang='grc' dir='ltr'><strong>θηρσὶ</strong></span> <span class='ocrx_word' id='word_1_185' title='bbox 2697 1468 2833 1539; x_wconf 75' lang='grc' dir='ltr'><strong>βορὰ</strong></span> <span class='ocrx_word' id='word_1_186' title='bbox 2858 1469 3254 1540; x_wconf 80' lang='grc' dir='ltr'><strong>προσληφθεὶς,</strong></span> <span class='ocrx_word' id='word_1_187' title='bbox 3280 1473 3403 1532; x_wconf 88' lang='grc' dir='ltr'><strong>ταῖς</strong></span> <span class='ocrx_word' id='word_1_188' title='bbox 3432 1470 3541 1523; x_wconf 86' lang='grc' dir='ltr'><strong>ἄνω</strong></span> <span class='ocrx_word' id='word_1_189' title='bbox 3569 1468 3677 1521; x_wconf 74' lang='grc' dir='ltr'><strong>τῶν</strong></span> 
     </span>
    </p>
   </div>
   <div class='ocr_carea' id='block_1_32' title="bbox 2114 1558 3677 1632">
    <p class='ocr_par' dir='ltr' id='par_1_32' title="bbox 2114 1558 3677 1632">
     <span class='ocr_line' id='line_1_32' title="bbox 2114 1558 3677 1632; baseline -0.003 -18"><span class='ocrx_word' id='word_1_190' title='bbox 2114 1561 2415 1631; x_wconf 86' lang='grc' dir='ltr'><strong>μαρτύρων</strong></span> <span class='ocrx_word' id='word_1_191' title='bbox 2461 1562 2653 1627; x_wconf 81' lang='grc' dir='ltr'><strong>νομαῖς</strong></span> <span class='ocrx_word' id='word_1_192' title='bbox 2701 1565 3131 1632; x_wconf 80' lang='grc' dir='ltr'><strong>ἐπευφραίνεται</strong></span> <span class='ocrx_word' id='word_1_193' title='bbox 3155 1578 3170 1594; x_wconf 89' lang='grc'><strong>·</strong></span> <span class='ocrx_word' id='word_1_194' title='bbox 3202 1562 3295 1614; x_wconf 76' lang='grc' dir='ltr'><strong>ἐπὶ</strong></span> <span class='ocrx_word' id='word_1_195' title='bbox 3325 1560 3385 1613; x_wconf 84' lang='grc' dir='ltr'><strong>δὲ</strong></span> <span class='ocrx_word' id='word_1_196' title='bbox 3426 1558 3527 1628; x_wconf 87' lang='grc' dir='ltr'><strong>τῆς</strong></span> <span class='ocrx_word' id='word_1_197' title='bbox 3562 1559 3677 1610; x_wconf 77' lang='grc' dir='ltr'><strong>’Λν-</strong></span> 
     </span>
    </p>
   </div>
   <div class='ocr_carea' id='block_1_33' title="bbox 2110 1650 3674 1724">
    <p class='ocr_par' dir='ltr' id='par_1_33' title="bbox 2110 1650 3674 1724">
     <span class='ocr_line' id='line_1_33' title="bbox 2110 1650 3674 1724; baseline -0.002 -19"><span class='ocrx_word' id='word_1_198' title='bbox 2110 1654 2292 1722; x_wconf 78' lang='grc' dir='ltr'><strong>τιόχου</strong></span> <span class='ocrx_word' id='word_1_199' title='bbox 2320 1653 2415 1707; x_wconf 84' lang='grc' dir='ltr'><strong>δύο</strong></span> <span class='ocrx_word' id='word_1_200' title='bbox 2442 1654 2563 1716; x_wconf 86' lang='grc' dir='ltr'><strong>ταῖς</strong></span> <span class='ocrx_word' id='word_1_201' title='bbox 2599 1654 2759 1724; x_wconf 73' lang='grc' dir='ltr'><strong>μέχρι</strong></span> <span class='ocrx_word' id='word_1_202' title='bbox 2801 1654 3036 1708; x_wconf 77' lang='grc' dir='ltr'><strong>θανάτου</strong></span> <span class='ocrx_word' id='word_1_203' title='bbox 3070 1652 3393 1723; x_wconf 83' lang='grc' dir='ltr'><strong>καρτερίαις</strong></span> <span class='ocrx_word' id='word_1_204' title='bbox 3422 1650 3541 1720; x_wconf 84' lang='grc' dir='ltr'><strong>Θεῷ</strong></span> <span class='ocrx_word' id='word_1_205' title='bbox 3583 1650 3674 1703; x_wconf 84' lang='grc' dir='ltr'><strong>θυ-</strong></span> 
     </span>
    </p>
   </div>
   <div class='ocr_carea' id='block_1_34' title="bbox 2111 1739 3675 1811">
    <p class='ocr_par' dir='ltr' id='par_1_34' title="bbox 2111 1739 3675 1811">
     <span class='ocr_line' id='line_1_34' title="bbox 2111 1739 3675 1811; baseline -0.003 -17"><span class='ocrx_word' id='word_1_206' title='bbox 2111 1740 2234 1794; x_wconf 92' lang='grc' dir='ltr'><strong>σίαν</strong></span> <span class='ocrx_word' id='word_1_207' title='bbox 2265 1743 2650 1810; x_wconf 83' lang='grc' dir='ltr'><strong>προσήνεγκαν</strong></span> <span class='ocrx_word' id='word_1_208' title='bbox 2682 1742 2937 1807; x_wconf 75' lang='grc' dir='ltr'><strong>ἑαυτοὺς,</strong></span> <span class='ocrx_word' id='word_1_209' title='bbox 2965 1743 2994 1795; x_wconf 84' lang='grc' dir='ltr'><strong>ὀ</strong></span> <span class='ocrx_word' id='word_1_210' title='bbox 3025 1740 3126 1811; x_wconf 72' lang='grc' dir='ltr'><strong>μὲν</strong></span> <span class='ocrx_word' id='word_1_211' title='bbox 3156 1739 3463 1802; x_wconf 76' lang='grc' dir='ltr'><strong>θαλαττίοις</strong></span> <span class='ocrx_word' id='word_1_212' title='bbox 3505 1739 3675 1807; x_wconf 71' lang='grc' dir='ltr'><strong>ἀπορ-</strong></span> 
     </span>
    </p>
   </div>
   <div class='ocr_carea' id='block_1_35' title="bbox 2110 1830 3673 1904">
    <p class='ocr_par' dir='ltr' id='par_1_35' title="bbox 2110 1830 3673 1904">
     <span class='ocr_line' id='line_1_35' title="bbox 2110 1830 3673 1904; baseline -0.004 -17"><span class='ocrx_word' id='word_1_213' title='bbox 2110 1833 2290 1902; x_wconf 73' lang='grc' dir='ltr'><strong>ριφεὶς</strong></span> <span class='ocrx_word' id='word_1_214' title='bbox 2313 1832 2490 1898; x_wconf 69' lang='grc' dir='ltr'><strong>ὕδασι,</strong></span> <span class='ocrx_word' id='word_1_215' title='bbox 2521 1832 2782 1903; x_wconf 78' lang='grc' dir='ltr'><strong>Ζηνόὸιος</strong></span> <span class='ocrx_word' id='word_1_216' title='bbox 2809 1832 2868 1886; x_wconf 80' lang='grc' dir='ltr'><strong>δὲ</strong></span> <span class='ocrx_word' id='word_1_217' title='bbox 2900 1832 3103 1904; x_wconf 71' lang='grc' dir='ltr'><strong>ἰατρῶν</strong></span> <span class='ocrx_word' id='word_1_218' title='bbox 3124 1832 3369 1903; x_wconf 79' lang='grc' dir='ltr'><strong>ἀριστος,</strong></span> <span class='ocrx_word' id='word_1_219' title='bbox 3390 1831 3507 1893; x_wconf 87' lang='grc' dir='ltr'><strong>ταῖς</strong></span> <span class='ocrx_word' id='word_1_220' title='bbox 3533 1830 3673 1882; x_wconf 84' lang='grc' dir='ltr'><strong>κατὰ</strong></span> 
     </span>
    </p>
   </div>
   <div class='ocr_carea' id='block_1_36' title="bbox 429 1902 1997 1995">
    <p class='ocr_par' dir='ltr' id='par_1_36' title="bbox 429 1906 1997 1990">
     <span class='ocr_line' id='line_1_36' title="bbox 429 1906 1997 1990; baseline 0.01 -31"><span class='ocrx_word' id='word_1_221' title='bbox 429 1906 781 1962; x_wconf 70' lang='grc' dir='ltr'><strong>ίιιεηιοτιιιιιε.</strong></span> <span class='ocrx_word' id='word_1_222' title='bbox 845 1908 904 1963; x_wconf 76' lang='lat' dir='ltr'><strong>In</strong></span> <span class='ocrx_word' id='word_1_223' title='bbox 963 1910 1256 1968; x_wconf 83' lang='lat' dir='ltr'><strong>Palaestina</strong></span> <span class='ocrx_word' id='word_1_224' title='bbox 1293 1914 1437 1982; x_wconf 87' lang='lat' dir='ltr'><strong>apud</strong></span> <span class='ocrx_word' id='word_1_225' title='bbox 1476 1914 1680 1971; x_wconf 87' lang='lat' dir='ltr'><strong>Gazam</strong></span> <span class='ocrx_word' id='word_1_226' title='bbox 1731 1917 1997 1990; x_wconf 84' lang='lat' dir='ltr'><strong>Sylvanus</strong></span> 
     </span>
    </p>
   </div>
   <div class='ocr_carea' id='block_1_37' title="bbox 2101 1902 3671 1995">
    <p class='ocr_par' dir='ltr' id='par_1_37' title="bbox 2106 1902 3671 1995">
     <span class='ocr_line' id='line_1_37' title="bbox 2106 1902 3671 1995; baseline -0.003 -17"><span class='ocrx_word' id='word_1_227' title='bbox 2106 1925 2363 1995; x_wconf 82' lang='grc' dir='ltr'><strong>πλευρῶν</strong></span> <span class='ocrx_word' id='word_1_228' title='bbox 2397 1902 2653 1995; x_wconf 79' lang='grc' dir='ltr'><strong>βασάνοις</strong></span> <span class='ocrx_word' id='word_1_229' title='bbox 2686 1926 2747 1978; x_wconf 76' lang='grc' dir='ltr'><strong>τὸ</strong></span> <span class='ocrx_word' id='word_1_230' title='bbox 2779 1902 3001 1993; x_wconf 82' lang='grc' dir='ltr'><strong>πνεῦμα</strong></span> <span class='ocrx_word' id='word_1_231' title='bbox 3027 1902 3222 1978; x_wconf 84' lang='grc' dir='ltr'><strong>λιπών.</strong></span> <span class='ocrx_word' id='word_1_232' title='bbox 3276 1924 3402 1977; x_wconf 73' lang='grc' dir='ltr'><strong>Ἐπὶ</strong></span> <span class='ocrx_word' id='word_1_233' title='bbox 3448 1923 3507 1977; x_wconf 78' lang='grc' dir='ltr'><strong>δὲ</strong></span> <span class='ocrx_word' id='word_1_234' title='bbox 3559 1923 3671 1975; x_wconf 84' lang='grc' dir='ltr'><strong>[Ια-</strong></span> 
     </span>
    </p>
   </div>
   <div class='ocr_carea' id='block_1_38' title="bbox 425 2000 1999 2079">
    <p class='ocr_par' dir='ltr' id='par_1_38' title="bbox 425 2000 1999 2079">
     <span class='ocr_line' id='line_1_38' title="bbox 425 2000 1999 2079; baseline 0.008 -26"><span class='ocrx_word' id='word_1_235' title='bbox 425 2000 742 2069; x_wconf 86' lang='lat' dir='ltr'><strong>episcopus,</strong></span> <span class='ocrx_word' id='word_1_236' title='bbox 778 2017 902 2056; x_wconf 90' lang='lat' dir='ltr'><strong>cum</strong></span> <span class='ocrx_word' id='word_1_237' title='bbox 951 2004 1077 2059; x_wconf 89' lang='lat' dir='ltr'><strong>aliis</strong></span> <span class='ocrx_word' id='word_1_238' title='bbox 1132 2005 1678 2079; x_wconf 77' lang='lat' dir='ltr'><strong>undequadraginta,</strong></span> <span class='ocrx_word' id='word_1_239' title='bbox 1738 2010 1807 2064; x_wconf 91' lang='lat' dir='ltr'><strong>ad</strong></span> <span class='ocrx_word' id='word_1_240' title='bbox 1844 2009 1999 2068; x_wconf 65' lang='lat' dir='ltr'><strong>Phai-</strong></span> 
     </span>
    </p>
   </div>
   <div class='ocr_carea' id='block_1_39' title="bbox 428 2094 2002 2168">
    <p class='ocr_par' dir='ltr' id='par_1_39' title="bbox 428 2094 2002 2168">
     <span class='ocr_line' id='line_1_39' title="bbox 428 2094 2002 2168; baseline 0.006 -21"><span class='ocrx_word' id='word_1_241' title='bbox 428 2110 509 2148; x_wconf 80' lang='lat' dir='ltr'><strong>nae</strong></span> <span class='ocrx_word' id='word_1_242' title='bbox 547 2094 624 2163; x_wconf 82' lang='grc'><strong>(1)</strong></span> <span class='ocrx_word' id='word_1_243' title='bbox 661 2095 788 2149; x_wconf 70' lang='lat' dir='ltr'><strong>aeris</strong></span> <span class='ocrx_word' id='word_1_244' title='bbox 837 2096 1057 2151; x_wconf 86' lang='lat' dir='ltr'><strong>metalla</strong></span> <span class='ocrx_word' id='word_1_245' title='bbox 1107 2097 1291 2168; x_wconf 81' lang='lat' dir='ltr'><strong>gladio</strong></span> <span class='ocrx_word' id='word_1_246' title='bbox 1338 2108 1424 2155; x_wconf 83' lang='lat' dir='ltr'><strong>est</strong></span> <span class='ocrx_word' id='word_1_247' title='bbox 1455 2101 1763 2157; x_wconf 91' lang='lat' dir='ltr'><strong>confectus.</strong></span> <span class='ocrx_word' id='word_1_248' title='bbox 1801 2103 2002 2159; x_wconf 81' lang='lat' dir='ltr'><strong>Peleus</strong></span> 
     </span>
    </p>
   </div>
   <div class='ocr_carea' id='block_1_40' title="bbox 426 2186 1999 2262">
    <p class='ocr_par' dir='ltr' id='par_1_40' title="bbox 426 2186 1999 2262">
     <span class='ocr_line' id='line_1_40' title="bbox 426 2186 1999 2262; baseline 0.006 -23"><span class='ocrx_word' id='word_1_249' title='bbox 426 2195 609 2240; x_wconf 84' lang='lat' dir='ltr'><strong>autem</strong></span> <span class='ocrx_word' id='word_1_250' title='bbox 642 2195 697 2241; x_wconf 89' lang='lat' dir='ltr'><strong>et</strong></span> <span class='ocrx_word' id='word_1_251' title='bbox 730 2186 908 2251; x_wconf 87' lang='lat' dir='ltr'><strong>Nilus,</strong></span> <span class='ocrx_word' id='word_1_252' title='bbox 940 2186 1156 2260; x_wconf 65' lang='lat' dir='ltr'><strong>Egypti</strong></span> <span class='ocrx_word' id='word_1_253' title='bbox 1189 2191 1460 2261; x_wconf 90' lang='lat' dir='ltr'><strong>episcopi,</strong></span> <span class='ocrx_word' id='word_1_254' title='bbox 1508 2208 1633 2246; x_wconf 89' lang='lat' dir='ltr'><strong>cum</strong></span> <span class='ocrx_word' id='word_1_255' title='bbox 1668 2193 1999 2262; x_wconf 87' lang='lat' dir='ltr'><strong>quibusdam</strong></span> 
     </span>
    </p>
   </div>
   <div class='ocr_carea' id='block_1_41' title="bbox 423 2279 2001 2355">
    <p class='ocr_par' dir='ltr' id='par_1_41' title="bbox 423 2279 2001 2355">
     <span class='ocr_line' id='line_1_41' title="bbox 423 2279 2001 2355; baseline 0.008 -23"><span class='ocrx_word' id='word_1_256' title='bbox 423 2279 548 2333; x_wconf 84' lang='lat' dir='ltr'><strong>aliis</strong></span> <span class='ocrx_word' id='word_1_257' title='bbox 580 2295 686 2335; x_wconf 88' lang='lat' dir='ltr'><strong>non</strong></span> <span class='ocrx_word' id='word_1_258' title='bbox 740 2284 950 2351; x_wconf 85' lang='lat' dir='ltr'><strong>paucis,</strong></span> <span class='ocrx_word' id='word_1_259' title='bbox 1000 2285 1125 2355; x_wconf 82' lang='lat' dir='ltr'><strong>igne</strong></span> <span class='ocrx_word' id='word_1_260' title='bbox 1158 2295 1290 2340; x_wconf 88' lang='lat' dir='ltr'><strong>sunt</strong></span> <span class='ocrx_word' id='word_1_261' title='bbox 1330 2288 1628 2344; x_wconf 90' lang='lat' dir='ltr'><strong>combusti.</strong></span> <span class='ocrx_word' id='word_1_262' title='bbox 1668 2289 1769 2344; x_wconf 88' lang='lat' dir='ltr'><strong>llic</strong></span> <span class='ocrx_word' id='word_1_263' title='bbox 1804 2304 2001 2345; x_wconf 88' lang='lat' dir='ltr'><strong>accen-</strong></span> 
     </span>
    </p>
   </div>
   <div class='ocr_carea' id='block_1_42' title="bbox 422 2376 2001 2449">
    <p class='ocr_par' dir='ltr' id='par_1_42' title="bbox 422 2376 2001 2449">
     <span class='ocr_line' id='line_1_42' title="bbox 422 2376 2001 2449; baseline 0.008 -24"><span class='ocrx_word' id='word_1_264' title='bbox 422 2383 613 2427; x_wconf 88' lang='lat' dir='ltr'><strong>seatur</strong></span> <span class='ocrx_word' id='word_1_265' title='bbox 661 2389 897 2449; x_wconf 82' lang='lat' dir='ltr'><strong>magnus</strong></span> <span class='ocrx_word' id='word_1_266' title='bbox 957 2376 1049 2431; x_wconf 87' lang='lat' dir='ltr'><strong>ille</strong></span> <span class='ocrx_word' id='word_1_267' title='bbox 1120 2389 1176 2432; x_wconf 88' lang='lat' dir='ltr'><strong>et</strong></span> <span class='ocrx_word' id='word_1_268' title='bbox 1231 2379 1589 2436; x_wconf 89' lang='lat' dir='ltr'><strong>admirandus</strong></span> <span class='ocrx_word' id='word_1_269' title='bbox 1623 2378 2001 2438; x_wconf 68' lang='lat' dir='ltr'><strong>Caesariensis</strong></span> 
     </span>
    </p>
   </div>
   <div class='ocr_carea' id='block_1_43' title="bbox 423 2456 1997 2538">
    <p class='ocr_par' dir='ltr' id='par_1_43' title="bbox 423 2456 1997 2538">
     <span class='ocr_line' id='line_1_43' title="bbox 423 2456 1997 2538; baseline 0.004 -19"><span class='ocrx_word' id='word_1_270' title='bbox 423 2456 768 2534; x_wconf 75' lang='lat' dir='ltr'><strong>Pamphilus,</strong></span> <span class='ocrx_word' id='word_1_271' title='bbox 810 2467 968 2538; x_wconf 87' lang='lat' dir='ltr'><strong>cujus</strong></span> <span class='ocrx_word' id='word_1_272' title='bbox 1008 2468 1158 2524; x_wconf 82' lang='lat' dir='ltr'><strong>filius</strong></span> <span class='ocrx_word' id='word_1_273' title='bbox 1201 2470 1386 2533; x_wconf 87' lang='lat' dir='ltr'><strong>(sicuti</strong></span> <span class='ocrx_word' id='word_1_274' title='bbox 1440 2472 1621 2528; x_wconf 90' lang='lat' dir='ltr'><strong>fertur</strong></span> <span class='ocrx_word' id='word_1_275' title='bbox 1664 2491 1677 2527; x_wconf 89' lang='lat'><strong>:</strong></span> <span class='ocrx_word' id='word_1_276' title='bbox 1715 2483 1770 2526; x_wconf 90' lang='lat' dir='ltr'><strong>ut</strong></span> <span class='ocrx_word' id='word_1_277' title='bbox 1813 2483 1997 2529; x_wconf 90' lang='lat' dir='ltr'><strong>autem</strong></span> 
     </span>
    </p>
   </div>
   <div class='ocr_carea' id='block_1_44' title="bbox 421 2556 2027 2633">
    <p class='ocr_par' dir='ltr' id='par_1_44' title="bbox 421 2556 2027 2633">
     <span class='ocr_line' id='line_1_44' title="bbox 421 2556 2027 2633; baseline 0.007 -25"><span class='ocrx_word' id='word_1_278' title='bbox 421 2557 514 2612; x_wconf 83' lang='lat' dir='ltr'><strong>alii</strong></span> <span class='ocrx_word' id='word_1_279' title='bbox 546 2567 762 2627; x_wconf 90' lang='lat' dir='ltr'><strong>putant,</strong></span> <span class='ocrx_word' id='word_1_280' title='bbox 781 2561 990 2614; x_wconf 82' lang='lat' dir='ltr'><strong>sororis</strong></span> <span class='ocrx_word' id='word_1_281' title='bbox 1016 2562 1135 2630; x_wconf 84' lang='lat' dir='ltr'><strong>ejus</strong></span> <span class='ocrx_word' id='word_1_282' title='bbox 1168 2562 1476 2633; x_wconf 66' lang='lat' dir='ltr'><strong>filius)&#39;fuit</strong></span> <span class='ocrx_word' id='word_1_283' title='bbox 1506 2556 2001 2630; x_wconf 80' lang='lat' dir='ltr'><strong>Eusebius,ecclc-</strong></span> <span class='ocrx_word' id='word_1_284' title='bbox 2026 2616 2027 2619; x_wconf 44' lang='grc' dir='ltr'><strong>η</strong></span> 
     </span>
    </p>
   </div>
   <div class='ocr_carea' id='block_1_45' title="bbox 420 2650 2000 2729">
    <p class='ocr_par' dir='ltr' id='par_1_45' title="bbox 420 2650 2000 2729">
     <span class='ocr_line' id='line_1_45' title="bbox 420 2650 2000 2729; baseline 0.004 -23"><span class='ocrx_word' id='word_1_285' title='bbox 420 2650 680 2707; x_wconf 86' lang='lat' dir='ltr'><strong>siasticus</strong></span> <span class='ocrx_word' id='word_1_286' title='bbox 711 2651 1031 2709; x_wconf 87' lang='lat' dir='ltr'><strong>historicus.</strong></span> <span class='ocrx_word' id='word_1_287' title='bbox 1063 2654 1406 2711; x_wconf 77' lang='lat' dir='ltr'><strong>Alexandriae</strong></span> <span class='ocrx_word' id='word_1_288' title='bbox 1445 2673 1577 2712; x_wconf 91' lang='lat' dir='ltr'><strong>vero</strong></span> <span class='ocrx_word' id='word_1_289' title='bbox 1605 2666 1660 2712; x_wconf 94' lang='lat' dir='ltr'><strong>et</strong></span> <span class='ocrx_word' id='word_1_290' title='bbox 1692 2658 1744 2713; x_wconf 91' lang='lat' dir='ltr'><strong>in</strong></span> <span class='ocrx_word' id='word_1_291' title='bbox 1766 2655 2000 2729; x_wconf 67' lang='lat' dir='ltr'><strong>Egypto</strong></span> 
     </span>
    </p>
   </div>
   <div class='ocr_carea' id='block_1_46' title="bbox 420 2744 1998 2820">
    <p class='ocr_par' dir='ltr' id='par_1_46' title="bbox 420 2744 1998 2820">
     <span class='ocr_line' id='line_1_46' title="bbox 420 2744 1998 2820; baseline 0.007 -26"><span class='ocrx_word' id='word_1_292' title='bbox 420 2744 573 2798; x_wconf 88' lang='lat' dir='ltr'><strong>omni</strong></span> <span class='ocrx_word' id='word_1_293' title='bbox 606 2752 772 2813; x_wconf 89' lang='lat' dir='ltr'><strong>atque</strong></span> <span class='ocrx_word' id='word_1_294' title='bbox 809 2745 976 2800; x_wconf 90' lang='lat' dir='ltr'><strong>etiam</strong></span> <span class='ocrx_word' id='word_1_295' title='bbox 1012 2745 1312 2811; x_wconf 85' lang='lat' dir='ltr'><strong>Thebaide,</strong></span> <span class='ocrx_word' id='word_1_296' title='bbox 1348 2749 1553 2817; x_wconf 87' lang='lat' dir='ltr'><strong>primas</strong></span> <span class='ocrx_word' id='word_1_297' title='bbox 1578 2749 1686 2805; x_wconf 86' lang='lat' dir='ltr'><strong>fert</strong></span> <span class='ocrx_word' id='word_1_298' title='bbox 1704 2750 1998 2820; x_wconf 88' lang='lat' dir='ltr'><strong>episcopus</strong></span> 
     </span>
    </p>
   </div>
   <div class='ocr_carea' id='block_1_47' title="bbox 417 2832 1997 2912">
    <p class='ocr_par' dir='ltr' id='par_1_47' title="bbox 417 2832 1997 2912">
     <span class='ocr_line' id='line_1_47' title="bbox 417 2832 1997 2912; baseline 0.005 -24"><span class='ocrx_word' id='word_1_299' title='bbox 417 2832 829 2892; x_wconf 82' lang='lat' dir='ltr'><strong>Alexandrinus</strong></span> <span class='ocrx_word' id='word_1_300' title='bbox 871 2838 1089 2905; x_wconf 90' lang='lat' dir='ltr'><strong>Petrus,</strong></span> <span class='ocrx_word' id='word_1_301' title='bbox 1133 2839 1479 2896; x_wconf 87' lang='lat' dir='ltr'><strong>certissimus</strong></span> <span class='ocrx_word' id='word_1_302' title='bbox 1505 2842 1840 2912; x_wconf 85' lang='lat' dir='ltr'><strong>episcopalis</strong></span> <span class='ocrx_word' id='word_1_303' title='bbox 1874 2843 1997 2897; x_wconf 86' lang='lat' dir='ltr'><strong>fun-</strong></span> 
     </span>
    </p>
   </div>
   <div class='ocr_carea' id='block_1_48' title="bbox 418 2926 1997 3003">
    <p class='ocr_par' dir='ltr' id='par_1_48' title="bbox 418 2926 1997 3003">
     <span class='ocr_line' id='line_1_48' title="bbox 418 2926 1997 3003; baseline 0.008 -25"><span class='ocrx_word' id='word_1_304' title='bbox 418 2926 622 2981; x_wconf 89' lang='lat' dir='ltr'><strong>ctionis</strong></span> <span class='ocrx_word' id='word_1_305' title='bbox 652 2942 830 2983; x_wconf 90' lang='lat' dir='ltr'><strong>canon</strong></span> <span class='ocrx_word' id='word_1_306' title='bbox 881 2932 935 2984; x_wconf 87' lang='lat' dir='ltr'><strong>et</strong></span> <span class='ocrx_word' id='word_1_307' title='bbox 995 2932 1203 3001; x_wconf 85' lang='lat' dir='ltr'><strong>regula.</strong></span> <span class='ocrx_word' id='word_1_308' title='bbox 1255 2931 1394 2988; x_wconf 88' lang='lat' dir='ltr'><strong>Cum</strong></span> <span class='ocrx_word' id='word_1_309' title='bbox 1434 2950 1544 3003; x_wconf 89' lang='lat' dir='ltr'><strong>quo</strong></span> <span class='ocrx_word' id='word_1_310' title='bbox 1596 2935 1791 2990; x_wconf 83' lang='lat' dir='ltr'><strong>eodem</strong></span> <span class='ocrx_word' id='word_1_311' title='bbox 1820 2935 1997 2990; x_wconf 89' lang='lat' dir='ltr'><strong>stadio</strong></span> 
     </span>
    </p>
   </div>
   <div class='ocr_carea' id='block_1_49' title="bbox 418 3017 1995 3095">
    <p class='ocr_par' dir='ltr' id='par_1_49' title="bbox 418 3017 1995 3095">
     <span class='ocr_line' id='line_1_49' title="bbox 418 3017 1995 3095; baseline 0.008 -24"><span class='ocrx_word' id='word_1_312' title='bbox 418 3017 789 3074; x_wconf 87' lang='lat' dir='ltr'><strong>decurrerunt</strong></span> <span class='ocrx_word' id='word_1_313' title='bbox 812 3020 1071 3086; x_wconf 84' lang='lat' dir='ltr'><strong>Faustus,</strong></span> <span class='ocrx_word' id='word_1_314' title='bbox 1104 3023 1367 3095; x_wconf 84' lang='lat' dir='ltr'><strong>Didymus</strong></span> <span class='ocrx_word' id='word_1_315' title='bbox 1397 3035 1453 3081; x_wconf 89' lang='lat' dir='ltr'><strong>et</strong></span> <span class='ocrx_word' id='word_1_316' title='bbox 1473 3028 1817 3083; x_wconf 86' lang='lat' dir='ltr'><strong>Ammonius.</strong></span> <span class='ocrx_word' id='word_1_317' title='bbox 1847 3029 1995 3083; x_wconf 71' lang='lat' dir='ltr'><strong>Prae—</strong></span> 
     </span>
    </p>
   </div>
   <div class='ocr_carea' id='block_1_50' title="bbox 421 3114 1997 3188">
    <p class='ocr_par' dir='ltr' id='par_1_50' title="bbox 421 3114 1997 3188">
     <span class='ocr_line' id='line_1_50' title="bbox 421 3114 1997 3188; baseline 0.005 -23"><span class='ocrx_word' id='word_1_318' title='bbox 421 3118 573 3165; x_wconf 81' lang='lat' dir='ltr'><strong>terea</strong></span> <span class='ocrx_word' id='word_1_319' title='bbox 615 3120 801 3169; x_wconf 86' lang='lat' dir='ltr'><strong>autem</strong></span> <span class='ocrx_word' id='word_1_320' title='bbox 866 3114 1108 3181; x_wconf 84' lang='lat' dir='ltr'><strong>Phileas,</strong></span> <span class='ocrx_word' id='word_1_321' title='bbox 1157 3116 1499 3188; x_wconf 81' lang='lat' dir='ltr'><strong>Hesychius,</strong></span> <span class='ocrx_word' id='word_1_322' title='bbox 1553 3119 1887 3175; x_wconf 86' lang='lat' dir='ltr'><strong>Paebomius</strong></span> <span class='ocrx_word' id='word_1_323' title='bbox 1938 3128 1997 3175; x_wconf 88' lang='lat' dir='ltr'><strong>et</strong></span> 
     </span>
    </p>
   </div>
   <div class='ocr_carea' id='block_1_51' title="bbox 2103 2014 3671 2088">
    <p class='ocr_par' dir='ltr' id='par_1_51' title="bbox 2103 2014 3671 2088">
     <span class='ocr_line' id='line_1_51' title="bbox 2103 2014 3671 2088; baseline -0.003 -17"><span class='ocrx_word' id='word_1_324' title='bbox 2103 2018 2384 2086; x_wconf 86' lang='grc' dir='ltr'><strong>λαιστίνης</strong></span> <span class='ocrx_word' id='word_1_325' title='bbox 2419 2020 2568 2088; x_wconf 74' lang='grc' dir='ltr'><strong>ἀμφὶ</strong></span> <span class='ocrx_word' id='word_1_326' title='bbox 2594 2018 2777 2081; x_wconf 77' lang='grc' dir='ltr'><strong>Γάζαν</strong></span> <span class='ocrx_word' id='word_1_327' title='bbox 2805 2016 3064 2079; x_wconf 80' lang='grc' dir='ltr'><strong>Σιλὸανὺς</strong></span> <span class='ocrx_word' id='word_1_328' title='bbox 3093 2017 3396 2080; x_wconf 75' lang='grc' dir='ltr'><strong>ἐπίσκοπος</strong></span> <span class='ocrx_word' id='word_1_329' title='bbox 3426 2017 3524 2068; x_wconf 76' lang='grc' dir='ltr'><strong>σὺν</strong></span> <span class='ocrx_word' id='word_1_330' title='bbox 3553 2014 3671 2067; x_wconf 81' lang='grc' dir='ltr'><strong>ἐτέ-</strong></span> 
     </span>
    </p>
   </div>
   <div class='ocr_carea' id='block_1_52' title="bbox 2104 2105 3667 2183">
    <p class='ocr_par' dir='ltr' id='par_1_52' title="bbox 2104 2105 3667 2183">
     <span class='ocr_line' id='line_1_52' title="bbox 2104 2105 3667 2183; baseline -0.004 -20"><span class='ocrx_word' id='word_1_331' title='bbox 2104 2127 2221 2183; x_wconf 84' lang='grc' dir='ltr'><strong>ροις</strong></span> <span class='ocrx_word' id='word_1_332' title='bbox 2268 2111 2387 2174; x_wconf 80' lang='grc' dir='ltr'><strong>ἐνὸς</strong></span> <span class='ocrx_word' id='word_1_333' title='bbox 2433 2110 2614 2163; x_wconf 80' lang='grc' dir='ltr'>δέουσι</span> <span class='ocrx_word' id='word_1_334' title='bbox 2658 2110 2755 2163; x_wconf 78' lang='grc' dir='ltr'><strong>τὸν</strong></span> <span class='ocrx_word' id='word_1_335' title='bbox 2785 2109 3021 2181; x_wconf 78' lang='grc' dir='ltr'><strong>ἀριθμὸν</strong></span> <span class='ocrx_word' id='word_1_336' title='bbox 3060 2108 3113 2180; x_wconf 84' lang='grc' dir='ltr'><strong>μ’</strong></span> <span class='ocrx_word' id='word_1_337' title='bbox 3142 2109 3286 2163; x_wconf 82' lang='grc' dir='ltr'><strong>κατά</strong></span> <span class='ocrx_word' id='word_1_338' title='bbox 3310 2112 3381 2162; x_wconf 90' lang='grc' dir='ltr'><strong>τά</strong></span> <span class='ocrx_word' id='word_1_339' title='bbox 3411 2110 3472 2160; x_wconf 80' lang='grc' dir='ltr'><strong>ἐν</strong></span> <span class='ocrx_word' id='word_1_340' title='bbox 3501 2105 3667 2175; x_wconf 73' lang='grc' dir='ltr'><strong>Φαίνῃ</strong></span> 
     </span>
    </p>
   </div>
   <div class='ocr_carea' id='block_1_53' title="bbox 2101 2200 3672 2273">
    <p class='ocr_par' dir='ltr' id='par_1_53' title="bbox 2101 2200 3672 2273">
     <span class='ocr_line' id='line_1_53' title="bbox 2101 2200 3672 2273; baseline -0.003 -18"><span class='ocrx_word' id='word_1_341' title='bbox 2101 2202 2306 2273; x_wconf 84' lang='grc' dir='ltr'><strong>χαλκοῦ</strong></span> <span class='ocrx_word' id='word_1_342' title='bbox 2343 2201 2585 2269; x_wconf 87' lang='grc' dir='ltr'><strong>μέταλλα</strong></span> <span class='ocrx_word' id='word_1_343' title='bbox 2623 2200 2769 2271; x_wconf 77' lang='grc' dir='ltr'><strong>ξίφει</strong></span> <span class='ocrx_word' id='word_1_344' title='bbox 2803 2200 2897 2256; x_wconf 78' lang='grc' dir='ltr'><strong>τοῦ</strong></span> <span class='ocrx_word' id='word_1_345' title='bbox 2929 2204 3031 2273; x_wconf 81' lang='grc' dir='ltr'><strong>ζῇν</strong></span> <span class='ocrx_word' id='word_1_346' title='bbox 3063 2202 3453 2270; x_wconf 80' lang='grc' dir='ltr'><strong>ύπεξάγονται.</strong></span> <span class='ocrx_word' id='word_1_347' title='bbox 3506 2200 3672 2267; x_wconf 82' lang='grc' dir='ltr'><strong>Δὶγύ-</strong></span> 
     </span>
    </p>
   </div>
   <div class='ocr_carea' id='block_1_54' title="bbox 2103 2290 3670 2366">
    <p class='ocr_par' dir='ltr' id='par_1_54' title="bbox 2103 2290 3670 2366">
     <span class='ocr_line' id='line_1_54' title="bbox 2103 2290 3670 2366; baseline -0.002 -19"><span class='ocrx_word' id='word_1_348' title='bbox 2103 2311 2254 2348; x_wconf 88' lang='grc' dir='ltr'><strong>πτιοι</strong></span> <span class='ocrx_word' id='word_1_349' title='bbox 2285 2295 2330 2347; x_wconf 87' lang='grc' dir='ltr'><strong>δ’</strong></span> <span class='ocrx_word' id='word_1_350' title='bbox 2355 2296 2534 2366; x_wconf 72' lang='grc' dir='ltr'><strong>ἕτεροι</strong></span> <span class='ocrx_word' id='word_1_351' title='bbox 2584 2296 2800 2366; x_wconf 80' lang='grc' dir='ltr'><strong>Πηλεὺς</strong></span> <span class='ocrx_word' id='word_1_352' title='bbox 2835 2297 2931 2349; x_wconf 76' lang='grc' dir='ltr'><strong>καὶ</strong></span> <span class='ocrx_word' id='word_1_353' title='bbox 2976 2295 3175 2357; x_wconf 87' lang='grc' dir='ltr'><strong>Νεῖλος</strong></span> <span class='ocrx_word' id='word_1_354' title='bbox 3226 2295 3515 2348; x_wconf 80' lang='grc' dir='ltr'><strong>ἐπίσκοποι</strong></span> <span class='ocrx_word' id='word_1_355' title='bbox 3549 2290 3670 2363; x_wconf 83' lang='grc' dir='ltr'><strong>μεθ’</strong></span> 
     </span>
    </p>
   </div>
   <div class='ocr_carea' id='block_1_55' title="bbox 2101 2384 3669 2458">
    <p class='ocr_par' dir='ltr' id='par_1_55' title="bbox 2101 2384 3669 2458">
     <span class='ocr_line' id='line_1_55' title="bbox 2101 2384 3669 2458; baseline -0.001 -18"><span class='ocrx_word' id='word_1_356' title='bbox 2101 2387 2307 2458; x_wconf 82' lang='grc' dir='ltr'><strong>ἐτέρων</strong></span> <span class='ocrx_word' id='word_1_357' title='bbox 2336 2387 2436 2439; x_wconf 83' lang='grc' dir='ltr'><strong>οὐκ</strong></span> <span class='ocrx_word' id='word_1_358' title='bbox 2463 2387 2663 2455; x_wconf 76' lang='grc' dir='ltr'><strong>ὀλίγων</strong></span> <span class='ocrx_word' id='word_1_359' title='bbox 2704 2386 2805 2457; x_wconf 84' lang='grc' dir='ltr'><strong>τὴν</strong></span> <span class='ocrx_word' id='word_1_360' title='bbox 2838 2386 2928 2439; x_wconf 91' lang='grc' dir='ltr'><strong>διά</strong></span> <span class='ocrx_word' id='word_1_361' title='bbox 2966 2386 3133 2457; x_wconf 69' lang='grc' dir='ltr'><strong>πυρὸς</strong></span> <span class='ocrx_word' id='word_1_362' title='bbox 3164 2387 3414 2452; x_wconf 78' lang='grc' dir='ltr'><strong>ἐδέξαντο</strong></span> <span class='ocrx_word' id='word_1_363' title='bbox 3442 2384 3669 2452; x_wconf 76' lang='grc' dir='ltr'><strong>ὁλοκάρ·</strong></span> 
     </span>
    </p>
   </div>
   <div class='ocr_carea' id='block_1_56' title="bbox 2101 2476 3781 2552">
    <p class='ocr_par' dir='ltr' id='par_1_56' title="bbox 2101 2476 3781 2552">
     <span class='ocr_line' id='line_1_56' title="bbox 2101 2476 3781 2552; baseline -0.001 -20"><span class='ocrx_word' id='word_1_364' title='bbox 2101 2498 2298 2534; x_wconf 76' lang='grc' dir='ltr'><strong>πωσιν.</strong></span> <span class='ocrx_word' id='word_1_365' title='bbox 2334 2481 2424 2532; x_wconf 86' lang='grc' dir='ltr'><strong>Ἐν</strong></span> <span class='ocrx_word' id='word_1_366' title='bbox 2450 2480 2507 2533; x_wconf 85' lang='grc' dir='ltr'><strong>δὲ</strong></span> <span class='ocrx_word' id='word_1_367' title='bbox 2536 2481 2744 2544; x_wconf 82' lang='grc' dir='ltr'><strong>τούτοις</strong></span> <span class='ocrx_word' id='word_1_368' title='bbox 2775 2482 2871 2535; x_wconf 74' lang='grc' dir='ltr'><strong>καὶ</strong></span> <span class='ocrx_word' id='word_1_369' title='bbox 2901 2481 2961 2534; x_wconf 82' lang='grc' dir='ltr'><strong>τὸ</strong></span> <span class='ocrx_word' id='word_1_370' title='bbox 2990 2482 3098 2534; x_wconf 84' lang='grc' dir='ltr'><strong>τῶν</strong></span> <span class='ocrx_word' id='word_1_371' title='bbox 3125 2481 3452 2552; x_wconf 83' lang='grc' dir='ltr'><strong>Καισαρέων</strong></span> <span class='ocrx_word' id='word_1_372' title='bbox 3483 2476 3665 2546; x_wconf 77' lang='grc' dir='ltr'><strong>θαῦμα</strong></span> <span class='ocrx_word' id='word_1_373' title='bbox 3760 2500 3781 2513; x_wconf 61' lang='grc' dir='ltr'><em>κ</em></span> 
     </span>
    </p>
   </div>
   <div class='ocr_carea' id='block_1_57' title="bbox 2099 2563 3666 2641">
    <p class='ocr_par' dir='ltr' id='par_1_57' title="bbox 2099 2563 3666 2641">
     <span class='ocr_line' id='line_1_57' title="bbox 2099 2563 3666 2641; baseline 0.006 -19"><span class='ocrx_word' id='word_1_374' title='bbox 2099 2572 2127 2622; x_wconf 79' lang='grc' dir='ltr'><strong>ὁ</strong></span> <span class='ocrx_word' id='word_1_375' title='bbox 2152 2571 2315 2634; x_wconf 75' lang='grc' dir='ltr'><strong>πολὺς</strong></span> <span class='ocrx_word' id='word_1_376' title='bbox 2350 2572 2443 2623; x_wconf 70' lang='grc' dir='ltr'><strong>καὶ</strong></span> <span class='ocrx_word' id='word_1_377' title='bbox 2485 2572 2654 2641; x_wconf 82' lang='grc' dir='ltr'><strong>μέγας</strong></span> <span class='ocrx_word' id='word_1_378' title='bbox 2687 2571 2975 2641; x_wconf 79' lang='grc' dir='ltr'><strong>Πάμφιλος</strong></span> <span class='ocrx_word' id='word_1_379' title='bbox 3008 2571 3351 2641; x_wconf 84' lang='grc' dir='ltr'><strong>ἀριθμείσθω</strong></span> <span class='ocrx_word' id='word_1_380' title='bbox 3372 2588 3388 2603; x_wconf 76' lang='grc' dir='ltr'><strong>ο</strong></span> <span class='ocrx_word' id='word_1_381' title='bbox 3422 2563 3483 2624; x_wconf 77' lang='grc' dir='ltr'><strong>οὗ</strong></span> <span class='ocrx_word' id='word_1_382' title='bbox 3516 2573 3666 2631; x_wconf 74' lang='grc' dir='ltr'><strong>παῐςς</strong></span> 
     </span>
    </p>
   </div>
   <div class='ocr_carea' id='block_1_58' title="bbox 2100 2662 3667 2734">
    <p class='ocr_par' dir='ltr' id='par_1_58' title="bbox 2100 2662 3667 2734">
     <span class='ocr_line' id='line_1_58' title="bbox 2100 2662 3667 2734; baseline 0.005 -19"><span class='ocrx_word' id='word_1_383' title='bbox 2100 2662 2174 2724; x_wconf 83' lang='grc' dir='ltr'><strong>ὡς</strong></span> <span class='ocrx_word' id='word_1_384' title='bbox 2202 2663 2381 2731; x_wconf 82' lang='grc' dir='ltr'><strong>λόγος,</strong></span> <span class='ocrx_word' id='word_1_385' title='bbox 2416 2665 2490 2727; x_wconf 81' lang='grc' dir='ltr'><strong>ὡς</strong></span> <span class='ocrx_word' id='word_1_386' title='bbox 2523 2665 2567 2717; x_wconf 80' lang='grc' dir='ltr'><strong>δ’</strong></span> <span class='ocrx_word' id='word_1_387' title='bbox 2619 2665 2827 2734; x_wconf 81' lang='grc' dir='ltr'><strong>ἑτέροις</strong></span> <span class='ocrx_word' id='word_1_388' title='bbox 2883 2664 3226 2734; x_wconf 75' lang='grc' dir='ltr'><strong>ἀδελφιδοῦς,</strong></span> <span class='ocrx_word' id='word_1_389' title='bbox 3251 2666 3279 2718; x_wconf 80' lang='grc' dir='ltr'><strong>δ</strong></span> <span class='ocrx_word' id='word_1_390' title='bbox 3316 2664 3667 2734; x_wconf 78' lang='grc' dir='ltr'><strong>συγγραφεὺς</strong></span> 
     </span>
    </p>
   </div>
   <div class='ocr_carea' id='block_1_59' title="bbox 2100 2754 3667 2827">
    <p class='ocr_par' dir='ltr' id='par_1_59' title="bbox 2100 2754 3667 2827">
     <span class='ocr_line' id='line_1_59' title="bbox 2100 2754 3667 2827; baseline 0 -20"><span class='ocrx_word' id='word_1_391' title='bbox 2100 2754 2380 2818; x_wconf 71' lang='grc' dir='ltr'><strong>Εὐσέὸιος.</strong></span> <span class='ocrx_word' id='word_1_392' title='bbox 2419 2755 2544 2810; x_wconf 81' lang='grc' dir='ltr'><strong>Τῶν</strong></span> <span class='ocrx_word' id='word_1_393' title='bbox 2572 2756 2620 2809; x_wconf 84' lang='grc' dir='ltr'><strong>δ’</strong></span> <span class='ocrx_word' id='word_1_394' title='bbox 2667 2756 2753 2810; x_wconf 78' lang='grc' dir='ltr'><strong>ἐπ’</strong></span> <span class='ocrx_word' id='word_1_395' title='bbox 2792 2757 3226 2827; x_wconf 72' lang='grc' dir='ltr'><strong>Ἀλεξανδρείας,</strong></span> <span class='ocrx_word' id='word_1_396' title='bbox 3261 2755 3342 2810; x_wconf 79' lang='grc' dir='ltr'><strong>ἔτι</strong></span> <span class='ocrx_word' id='word_1_397' title='bbox 3391 2756 3447 2808; x_wconf 80' lang='grc' dir='ltr'><strong>δέ</strong></span> <span class='ocrx_word' id='word_1_398' title='bbox 3491 2755 3667 2821; x_wconf 80' lang='grc' dir='ltr'><strong>πάσης</strong></span> 
     </span>
    </p>
   </div>
   <div class='ocr_carea' id='block_1_60' title="bbox 2098 2846 3666 2922">
    <p class='ocr_par' dir='ltr' id='par_1_60' title="bbox 2098 2846 3666 2922">
     <span class='ocr_line' id='line_1_60' title="bbox 2098 2846 3666 2922; baseline -0.001 -21"><span class='ocrx_word' id='word_1_399' title='bbox 2098 2847 2380 2916; x_wconf 76' lang='grc' dir='ltr'><strong>Αἰγύπτου</strong></span> <span class='ocrx_word' id='word_1_400' title='bbox 2414 2853 2509 2906; x_wconf 70' lang='lat' dir='ltr'><strong>xui.</strong></span> <span class='ocrx_word' id='word_1_401' title='bbox 2541 2850 2827 2922; x_wconf 76' lang='grc' dir='ltr'><strong>Θηϐαΐδος,</strong></span> <span class='ocrx_word' id='word_1_402' title='bbox 2856 2850 3069 2920; x_wconf 81' lang='grc' dir='ltr'><strong>πρῶτος</strong></span> <span class='ocrx_word' id='word_1_403' title='bbox 3103 2850 3306 2920; x_wconf 83' lang='grc' dir='ltr'><strong>Πέτρος</strong></span> <span class='ocrx_word' id='word_1_404' title='bbox 3338 2850 3367 2902; x_wconf 89' lang='grc' dir='ltr'>ὁ</span> <span class='ocrx_word' id='word_1_405' title='bbox 3394 2850 3493 2919; x_wconf 82' lang='grc' dir='ltr'><strong>τῆς</strong></span> <span class='ocrx_word' id='word_1_406' title='bbox 3520 2846 3666 2900; x_wconf 78' lang='grc' dir='ltr'><strong>Ἀλε·</strong></span> 
     </span>
    </p>
   </div>
   <div class='ocr_carea' id='block_1_61' title="bbox 2100 2936 3668 3008">
    <p class='ocr_par' dir='ltr' id='par_1_61' title="bbox 2100 2936 3668 3008">
     <span class='ocr_line' id='line_1_61' title="bbox 2100 2936 3668 3008; baseline -0.002 -18"><span class='ocrx_word' id='word_1_407' title='bbox 2100 2936 2380 3008; x_wconf 85' lang='grc' dir='ltr'><strong>ξανδρείας</strong></span> <span class='ocrx_word' id='word_1_408' title='bbox 2410 2938 2734 3003; x_wconf 80' lang='grc' dir='ltr'><strong>ἐπίσκοπος,</strong></span> <span class='ocrx_word' id='word_1_409' title='bbox 2767 2938 2938 3001; x_wconf 78' lang='grc' dir='ltr'><strong>ὅντως</strong></span> <span class='ocrx_word' id='word_1_410' title='bbox 2969 2939 3268 3007; x_wconf 74' lang='grc' dir='ltr'><strong>ἱερωσύνης</strong></span> <span class='ocrx_word' id='word_1_411' title='bbox 3297 2937 3499 3001; x_wconf 89' lang='grc' dir='ltr'><strong>κανὼν,</strong></span> <span class='ocrx_word' id='word_1_412' title='bbox 3526 2938 3668 2989; x_wconf 78' lang='grc' dir='ltr'><strong>ἱστο-</strong></span> 
     </span>
    </p>
   </div>
   <div class='ocr_carea' id='block_1_62' title="bbox 2099 3024 3666 3102">
    <p class='ocr_par' dir='ltr' id='par_1_62' title="bbox 2099 3024 3666 3102">
     <span class='ocr_line' id='line_1_62' title="bbox 2099 3024 3666 3102; baseline -0.002 -18"><span class='ocrx_word' id='word_1_413' title='bbox 2099 3031 2303 3098; x_wconf 88' lang='grc' dir='ltr'><strong>ρείσθω</strong></span> <span class='ocrx_word' id='word_1_414' title='bbox 2328 3049 2340 3062; x_wconf 91' lang='grc'><strong>·</strong></span> <span class='ocrx_word' id='word_1_415' title='bbox 2374 3032 2454 3084; x_wconf 74' lang='grc' dir='ltr'><strong>ἔτι</strong></span> <span class='ocrx_word' id='word_1_416' title='bbox 2487 3032 2542 3085; x_wconf 81' lang='grc' dir='ltr'><strong>δὲ</strong></span> <span class='ocrx_word' id='word_1_417' title='bbox 2578 3035 2673 3085; x_wconf 81' lang='grc' dir='ltr'><strong>καὶ</strong></span> <span class='ocrx_word' id='word_1_418' title='bbox 2724 3032 2774 3085; x_wconf 82' lang='grc' dir='ltr'><strong>οἳ</strong></span> <span class='ocrx_word' id='word_1_419' title='bbox 2828 3034 2925 3085; x_wconf 84' lang='grc' dir='ltr'><strong>σὺν</strong></span> <span class='ocrx_word' id='word_1_420' title='bbox 2959 3032 3111 3102; x_wconf 77' lang='grc' dir='ltr'><strong>αὐτῷ</strong></span> <span class='ocrx_word' id='word_1_421' title='bbox 3160 3032 3253 3085; x_wconf 72' lang='grc' dir='ltr'><strong>τὸν</strong></span> <span class='ocrx_word' id='word_1_422' title='bbox 3307 3031 3423 3084; x_wconf 74' lang='grc' dir='ltr'><strong>ἴσον</strong></span> <span class='ocrx_word' id='word_1_423' title='bbox 3470 3024 3666 3101; x_wconf 71' lang='grc' dir='ltr'><strong>δρόμον</strong></span> 
     </span>
    </p>
   </div>
   <div class='ocr_carea' id='block_1_63' title="bbox 2095 3119 3664 3193">
    <p class='ocr_par' dir='ltr' id='par_1_63' title="bbox 2095 3119 3664 3193">
     <span class='ocr_line' id='line_1_63' title="bbox 2095 3119 3664 3193; baseline -0.001 -18"><span class='ocrx_word' id='word_1_424' title='bbox 2095 3123 2374 3191; x_wconf 78' lang='grc' dir='ltr'><strong>ἐτέλεσαν,</strong></span> <span class='ocrx_word' id='word_1_425' title='bbox 2403 3123 2668 3188; x_wconf 83' lang='grc' dir='ltr'><strong>Φαῦστος,</strong></span> <span class='ocrx_word' id='word_1_426' title='bbox 2718 3126 2948 3193; x_wconf 77' lang='grc' dir='ltr'><strong>Δίδυμος</strong></span> <span class='ocrx_word' id='word_1_427' title='bbox 2999 3125 3094 3178; x_wconf 78' lang='grc' dir='ltr'><strong>καὶ</strong></span> <span class='ocrx_word' id='word_1_428' title='bbox 3141 3120 3473 3193; x_wconf 71' lang='grc' dir='ltr'><strong>Ἀμμώνιος.</strong></span> <span class='ocrx_word' id='word_1_429' title='bbox 3522 3119 3664 3192; x_wconf 81' lang='grc' dir='ltr'><strong>Πρὸς</strong></span> 
     </span>
    </p>
   </div>
   <div class='ocr_carea' id='block_1_64' title="bbox 418 3199 1997 3306">
    <p class='ocr_par' dir='ltr' id='par_1_64' title="bbox 418 3199 1986 3279">
     <span class='ocr_line' id='line_1_64' title="bbox 418 3199 1986 3279; baseline 0.005 -22"><span class='ocrx_word' id='word_1_430' title='bbox 418 3199 744 3260; x_wconf 81' lang='lat' dir='ltr'><strong>Theodorus</strong></span> <span class='ocrx_word' id='word_1_431' title='bbox 766 3246 783 3272; x_wconf 93' lang='lat'><strong>,</strong></span> <span class='ocrx_word' id='word_1_432' title='bbox 837 3204 1076 3278; x_wconf 64' lang='lat' dir='ltr'><strong>[Egyptii</strong></span> <span class='ocrx_word' id='word_1_433' title='bbox 1128 3208 1374 3279; x_wconf 89' lang='lat' dir='ltr'><strong>episcopi</strong></span> <span class='ocrx_word' id='word_1_434' title='bbox 1407 3225 1421 3262; x_wconf 88' lang='lat'><strong>:</strong></span> <span class='ocrx_word' id='word_1_435' title='bbox 1459 3220 1516 3264; x_wconf 88' lang='lat' dir='ltr'><strong>et</strong></span> <span class='ocrx_word' id='word_1_436' title='bbox 1550 3210 1986 3266; x_wconf 88' lang='lat' dir='ltr'><strong>innumerabiles</strong></span> 
     </span>
    </p>
   </div>
   <div class='ocr_carea' id='block_1_65' title="bbox 2101 3199 3664 3306">
    <p class='ocr_par' dir='ltr' id='par_1_65' title="bbox 2101 3211 3664 3284">
     <span class='ocr_line' id='line_1_65' title="bbox 2101 3211 3664 3284; baseline -0.002 -18"><span class='ocrx_word' id='word_1_437' title='bbox 2101 3214 2161 3283; x_wconf 83' lang='grc' dir='ltr'><strong>δὴ</strong></span> <span class='ocrx_word' id='word_1_438' title='bbox 2190 3212 2402 3279; x_wconf 84' lang='grc' dir='ltr'><strong>τούτοις</strong></span> <span class='ocrx_word' id='word_1_439' title='bbox 2438 3215 2629 3278; x_wconf 81' lang='grc' dir='ltr'><strong>Φιλέας</strong></span> <span class='ocrx_word' id='word_1_440' title='bbox 2672 3233 2731 3267; x_wconf 91' lang='grc' dir='ltr'><strong>τε</strong></span> <span class='ocrx_word' id='word_1_441' title='bbox 2784 3218 2879 3268; x_wconf 72' lang='grc' dir='ltr'><strong>καὶ</strong></span> <span class='ocrx_word' id='word_1_442' title='bbox 2921 3215 3197 3284; x_wconf 78' lang='grc' dir='ltr'><strong>Ἠσύχιος,</strong></span> <span class='ocrx_word' id='word_1_443' title='bbox 3237 3215 3332 3268; x_wconf 85' lang='grc' dir='ltr'><strong>καὶ</strong></span> <span class='ocrx_word' id='word_1_444' title='bbox 3377 3211 3664 3282; x_wconf 81' lang='grc' dir='ltr'><strong>Παχώμιος</strong></span> 
     </span>
    </p>
   </div>
   <div class='ocr_carea' id='block_1_66' title="bbox 418 3294 1992 3370">
    <p class='ocr_par' dir='ltr' id='par_1_66' title="bbox 418 3294 1992 3370">
     <span class='ocr_line' id='line_1_66' title="bbox 418 3294 1992 3370; baseline 0.004 -22"><span class='ocrx_word' id='word_1_445' title='bbox 418 3294 649 3365; x_wconf 84' lang='lat' dir='ltr'><strong>insuper</strong></span> <span class='ocrx_word' id='word_1_446' title='bbox 671 3297 765 3352; x_wconf 88' lang='lat' dir='ltr'><strong>alii</strong></span> <span class='ocrx_word' id='word_1_447' title='bbox 790 3298 925 3354; x_wconf 83' lang='lat' dir='ltr'><strong>satis</strong></span> <span class='ocrx_word' id='word_1_448' title='bbox 944 3299 1216 3364; x_wconf 82' lang='lat' dir='ltr'><strong>celebres,</strong></span> <span class='ocrx_word' id='word_1_449' title='bbox 1250 3302 1343 3370; x_wconf 87' lang='lat' dir='ltr'><strong>qui</strong></span> <span class='ocrx_word' id='word_1_450' title='bbox 1376 3302 1432 3355; x_wconf 91' lang='lat' dir='ltr'><strong>in</strong></span> <span class='ocrx_word' id='word_1_451' title='bbox 1460 3301 1769 3356; x_wconf 85' lang='lat' dir='ltr'><strong>litterarum</strong></span> <span class='ocrx_word' id='word_1_452' title='bbox 1798 3317 1992 3356; x_wconf 88' lang='lat' dir='ltr'><strong>monu-</strong></span> 
     </span>
    </p>
   </div>
   <div class='ocr_carea' id='block_1_67' title="bbox 417 3392 1993 3466">
    <p class='ocr_par' dir='ltr' id='par_1_67' title="bbox 417 3392 1993 3466">
     <span class='ocr_line' id='line_1_67' title="bbox 417 3392 1993 3466; baseline 0.004 -22"><span class='ocrx_word' id='word_1_453' title='bbox 417 3399 604 3446; x_wconf 89' lang='lat' dir='ltr'><strong>menta</strong></span> <span class='ocrx_word' id='word_1_454' title='bbox 640 3406 750 3447; x_wconf 91' lang='lat' dir='ltr'><strong>non</strong></span> <span class='ocrx_word' id='word_1_455' title='bbox 780 3393 957 3458; x_wconf 78' lang='lat' dir='ltr'><strong>relati,</strong></span> <span class='ocrx_word' id='word_1_456' title='bbox 986 3392 1054 3448; x_wconf 88' lang='lat' dir='ltr'><strong>ab</strong></span> <span class='ocrx_word' id='word_1_457' title='bbox 1087 3393 1194 3458; x_wconf 89' lang='lat' dir='ltr'><strong>eis,</strong></span> <span class='ocrx_word' id='word_1_458' title='bbox 1216 3392 1363 3463; x_wconf 90' lang='lat' dir='ltr'><strong>apud</strong></span> <span class='ocrx_word' id='word_1_459' title='bbox 1396 3411 1537 3464; x_wconf 92' lang='lat' dir='ltr'><strong>quos</strong></span> <span class='ocrx_word' id='word_1_460' title='bbox 1568 3396 1831 3466; x_wconf 85' lang='lat' dir='ltr'><strong>martyrio</strong></span> <span class='ocrx_word' id='word_1_461' title='bbox 1862 3405 1993 3451; x_wconf 86' lang='lat' dir='ltr'><strong>sunt</strong></span> 
     </span>
    </p>
   </div>
   <div class='ocr_carea' id='block_1_68' title="bbox 416 3482 1989 3555">
    <p class='ocr_par' dir='ltr' id='par_1_68' title="bbox 416 3482 1989 3555">
     <span class='ocr_line' id='line_1_68' title="bbox 416 3482 1989 3555; baseline 0.001 -16"><span class='ocrx_word' id='word_1_462' title='bbox 416 3482 666 3539; x_wconf 84' lang='lat' dir='ltr'><strong>defuncti</strong></span> <span class='ocrx_word' id='word_1_463' title='bbox 720 3484 1042 3539; x_wconf 86' lang='lat' dir='ltr'><strong>hominibus</strong></span> <span class='ocrx_word' id='word_1_464' title='bbox 1071 3526 1083 3550; x_wconf 83' lang='lat'><strong>,</strong></span> <span class='ocrx_word' id='word_1_465' title='bbox 1122 3485 1334 3555; x_wconf 83' lang='lat' dir='ltr'><strong>magnis</strong></span> <span class='ocrx_word' id='word_1_466' title='bbox 1382 3494 1656 3541; x_wconf 91' lang='lat' dir='ltr'><strong>ornantur</strong></span> <span class='ocrx_word' id='word_1_467' title='bbox 1703 3487 1989 3543; x_wconf 88' lang='lat' dir='ltr'><strong>laudibus.</strong></span> 
     </span>
    </p>
   </div>
   <div class='ocr_carea' id='block_1_69' title="bbox 417 3577 1992 3635">
    <p class='ocr_par' dir='ltr' id='par_1_69' title="bbox 417 3577 1992 3635">
     <span class='ocr_line' id='line_1_69' title="bbox 417 3577 1992 3635; baseline 0.002 -5"><span class='ocrx_word' id='word_1_468' title='bbox 417 3577 623 3631; x_wconf 82' lang='lat' dir='ltr'><strong>Eorum</strong></span> <span class='ocrx_word' id='word_1_469' title='bbox 654 3593 788 3633; x_wconf 90' lang='lat' dir='ltr'><strong>vero</strong></span> <span class='ocrx_word' id='word_1_470' title='bbox 840 3577 1061 3633; x_wconf 82' lang='lat' dir='ltr'><strong>labores</strong></span> <span class='ocrx_word' id='word_1_471' title='bbox 1106 3588 1163 3633; x_wconf 88' lang='lat' dir='ltr'><strong>et</strong></span> <span class='ocrx_word' id='word_1_472' title='bbox 1214 3579 1518 3633; x_wconf 85' lang='lat' dir='ltr'><strong>certamina</strong></span> <span class='ocrx_word' id='word_1_473' title='bbox 1581 3579 1828 3635; x_wconf 70' lang='lat' dir='ltr'><strong>historia:</strong></span> <span class='ocrx_word' id='word_1_474' title='bbox 1861 3579 1992 3633; x_wconf 82' lang='lat' dir='ltr'><strong>huic</strong></span> 
     </span>
    </p>
   </div>
   <div class='ocr_carea' id='block_1_70' title="bbox 415 3670 1991 3741">
    <p class='ocr_par' dir='ltr' id='par_1_70' title="bbox 415 3670 1991 3741">
     <span class='ocr_line' id='line_1_70' title="bbox 415 3670 1991 3741; baseline 0.001 -17"><span class='ocrx_word' id='word_1_475' title='bbox 415 3672 706 3737; x_wconf 85' lang='lat' dir='ltr'><strong>inserere,</strong></span> <span class='ocrx_word' id='word_1_476' title='bbox 761 3670 909 3741; x_wconf 87' lang='lat' dir='ltr'><strong>quod</strong></span> <span class='ocrx_word' id='word_1_477' title='bbox 971 3683 1169 3741; x_wconf 78' lang='lat' dir='ltr'><strong>praeter</strong></span> <span class='ocrx_word' id='word_1_478' title='bbox 1226 3673 1540 3728; x_wconf 89' lang='lat' dir='ltr'><strong>institutum</strong></span> <span class='ocrx_word' id='word_1_479' title='bbox 1604 3680 1854 3727; x_wconf 88' lang='lat' dir='ltr'><strong>nostrum</strong></span> <span class='ocrx_word' id='word_1_480' title='bbox 1895 3673 1991 3739; x_wconf 88' lang='lat' dir='ltr'><strong>sit,</strong></span> 
     </span>
    </p>
   </div>
   <div class='ocr_carea' id='block_1_71' title="bbox 416 3762 1993 3834">
    <p class='ocr_par' dir='ltr' id='par_1_71' title="bbox 416 3762 1993 3834">
     <span class='ocr_line' id='line_1_71' title="bbox 416 3762 1993 3834; baseline 0.001 -18"><span class='ocrx_word' id='word_1_481' title='bbox 416 3762 598 3818; x_wconf 84' lang='lat' dir='ltr'><strong>visum</strong></span> <span class='ocrx_word' id='word_1_482' title='bbox 660 3780 773 3819; x_wconf 90' lang='lat' dir='ltr'><strong>non</strong></span> <span class='ocrx_word' id='word_1_483' title='bbox 830 3772 940 3820; x_wconf 86' lang='lat' dir='ltr'><strong>est.</strong></span> <span class='ocrx_word' id='word_1_484' title='bbox 982 3763 1176 3819; x_wconf 76' lang='lat' dir='ltr'><strong>Restat</strong></span> <span class='ocrx_word' id='word_1_485' title='bbox 1225 3780 1374 3819; x_wconf 91' lang='lat' dir='ltr'><strong>nunc</strong></span> <span class='ocrx_word' id='word_1_486' title='bbox 1402 3803 1415 3829; x_wconf 84' lang='lat'><strong>,</strong></span> <span class='ocrx_word' id='word_1_487' title='bbox 1476 3773 1534 3818; x_wconf 93' lang='lat' dir='ltr'><strong>ut</strong></span> <span class='ocrx_word' id='word_1_488' title='bbox 1568 3764 1907 3834; x_wconf 87' lang='lat' dir='ltr'><strong>palinodiam</strong></span> <span class='ocrx_word' id='word_1_489' title='bbox 1937 3772 1993 3820; x_wconf 86' lang='lat' dir='ltr'><strong>et</strong></span> 
     </span>
    </p>
   </div>
   <div class='ocr_carea' id='block_1_72' title="bbox 419 3857 1994 3929">
    <p class='ocr_par' dir='ltr' id='par_1_72' title="bbox 419 3857 1994 3929">
     <span class='ocr_line' id='line_1_72' title="bbox 419 3857 1994 3929; baseline 0.001 -19"><span class='ocrx_word' id='word_1_490' title='bbox 419 3857 858 3912; x_wconf 88' lang='lat' dir='ltr'><strong>recantationem</strong></span> <span class='ocrx_word' id='word_1_491' title='bbox 892 3867 1223 3929; x_wconf 67' lang='lat' dir='ltr'><strong>perpetratae</strong></span> <span class='ocrx_word' id='word_1_492' title='bbox 1250 3858 1307 3913; x_wconf 90' lang='lat' dir='ltr'><strong>in</strong></span> <span class='ocrx_word' id='word_1_493' title='bbox 1336 3874 1439 3914; x_wconf 88' lang='lat' dir='ltr'><strong>nos</strong></span> <span class='ocrx_word' id='word_1_494' title='bbox 1464 3857 1813 3913; x_wconf 82' lang='lat' dir='ltr'><strong>crudelitatis</strong></span> <span class='ocrx_word' id='word_1_495' title='bbox 1851 3867 1994 3913; x_wconf 81' lang='lat' dir='ltr'><strong>atte-</strong></span> 
     </span>
    </p>
   </div>
   <div class='ocr_carea' id='block_1_73' title="bbox 416 3946 1993 4016">
    <p class='ocr_par' dir='ltr' id='par_1_73' title="bbox 416 3946 1993 4016">
     <span class='ocr_line' id='line_1_73' title="bbox 416 3946 1993 4016; baseline 0 -15"><span class='ocrx_word' id='word_1_496' title='bbox 416 3962 634 4003; x_wconf 82' lang='lat' dir='ltr'><strong>xamus.</strong></span> <span class='ocrx_word' id='word_1_497' title='bbox 692 3946 868 4002; x_wconf 82' lang='lat' dir='ltr'><strong>Fuere</strong></span> <span class='ocrx_word' id='word_1_498' title='bbox 927 3948 1150 4016; x_wconf 83' lang='lat' dir='ltr'><strong>quidem</strong></span> <span class='ocrx_word' id='word_1_499' title='bbox 1209 3957 1371 4003; x_wconf 89' lang='lat' dir='ltr'><strong>antea</strong></span> <span class='ocrx_word' id='word_1_500' title='bbox 1426 3948 1590 4003; x_wconf 87' lang='lat' dir='ltr'><strong>nobis</strong></span> <span class='ocrx_word' id='word_1_501' title='bbox 1640 3964 1672 4003; x_wconf 88' lang='lat' dir='ltr'><strong>a</strong></span> <span class='ocrx_word' id='word_1_502' title='bbox 1731 3949 1993 4003; x_wconf 82' lang='lat' dir='ltr'><strong>Romanis</strong></span> 
     </span>
    </p>
   </div>
   <div class='ocr_carea' id='block_1_74' title="bbox 418 4040 1998 4111">
    <p class='ocr_par' dir='ltr' id='par_1_74' title="bbox 418 4040 1998 4111">
     <span class='ocr_line' id='line_1_74' title="bbox 418 4040 1998 4111; baseline 0.001 -17"><span class='ocrx_word' id='word_1_503' title='bbox 418 4040 851 4109; x_wconf 85' lang='lat' dir='ltr'><strong>imperatoribus</strong></span> <span class='ocrx_word' id='word_1_504' title='bbox 884 4057 971 4094; x_wconf 85' lang='lat' dir='ltr'><strong>res</strong></span> <span class='ocrx_word' id='word_1_505' title='bbox 998 4041 1198 4109; x_wconf 65' lang='lat' dir='ltr'><strong>quietae</strong></span> <span class='ocrx_word' id='word_1_506' title='bbox 1247 4048 1302 4096; x_wconf 91' lang='lat' dir='ltr'><strong>et</strong></span> <span class='ocrx_word' id='word_1_507' title='bbox 1331 4041 1678 4110; x_wconf 65' lang='lat' dir='ltr'><strong>tranquillae,</strong></span> <span class='ocrx_word' id='word_1_508' title='bbox 1714 4056 1825 4111; x_wconf 92' lang='lat' dir='ltr'><strong>quo</strong></span> <span class='ocrx_word' id='word_1_509' title='bbox 1858 4050 1998 4096; x_wconf 82' lang='lat' dir='ltr'><strong>tem-</strong></span> 
     </span>
    </p>
   </div>
   <div class='ocr_carea' id='block_1_75' title="bbox 416 4131 1991 4202">
    <p class='ocr_par' dir='ltr' id='par_1_75' title="bbox 416 4131 1991 4202">
     <span class='ocr_line' id='line_1_75' title="bbox 416 4131 1991 4202; baseline -0.001 -15"><span class='ocrx_word' id='word_1_510' title='bbox 416 4147 553 4201; x_wconf 82' lang='lat' dir='ltr'><strong>pore</strong></span> <span class='ocrx_word' id='word_1_511' title='bbox 599 4131 875 4202; x_wconf 88' lang='lat' dir='ltr'><strong>professio</strong></span> <span class='ocrx_word' id='word_1_512' title='bbox 941 4131 1253 4187; x_wconf 85' lang='lat' dir='ltr'><strong>Christiana</strong></span> <span class='ocrx_word' id='word_1_513' title='bbox 1306 4132 1570 4188; x_wconf 89' lang='lat' dir='ltr'><strong>omnibus</strong></span> <span class='ocrx_word' id='word_1_514' title='bbox 1614 4133 1796 4188; x_wconf 91' lang='lat' dir='ltr'><strong>modis</strong></span> <span class='ocrx_word' id='word_1_515' title='bbox 1825 4147 1991 4202; x_wconf 89' lang='lat' dir='ltr'><strong>quam</strong></span> 
     </span>
    </p>
   </div>
   <div class='ocr_carea' id='block_1_76' title="bbox 420 4223 1990 4294">
    <p class='ocr_par' dir='ltr' id='par_1_76' title="bbox 420 4223 1990 4294">
     <span class='ocr_line' id='line_1_76' title="bbox 420 4223 1990 4294; baseline 0.001 -17"><span class='ocrx_word' id='word_1_516' title='bbox 420 4223 659 4277; x_wconf 81' lang='lat' dir='ltr'><strong>maxime</strong></span> <span class='ocrx_word' id='word_1_517' title='bbox 695 4224 881 4279; x_wconf 83' lang='lat' dir='ltr'><strong>ﬂoruit</strong></span> <span class='ocrx_word' id='word_1_518' title='bbox 925 4242 937 4277; x_wconf 86' lang='lat'><strong>:</strong></span> <span class='ocrx_word' id='word_1_519' title='bbox 988 4225 1063 4279; x_wconf 88' lang='lat' dir='ltr'><strong>ita</strong></span> <span class='ocrx_word' id='word_1_520' title='bbox 1113 4236 1171 4280; x_wconf 87' lang='lat' dir='ltr'><strong>ut</strong></span> <span class='ocrx_word' id='word_1_521' title='bbox 1224 4225 1354 4281; x_wconf 86' lang='lat' dir='ltr'><strong>totis</strong></span> <span class='ocrx_word' id='word_1_522' title='bbox 1397 4224 1589 4280; x_wconf 89' lang='lat' dir='ltr'><strong>decem</strong></span> <span class='ocrx_word' id='word_1_523' title='bbox 1632 4234 1797 4294; x_wconf 88' lang='lat' dir='ltr'><strong>atque</strong></span> <span class='ocrx_word' id='word_1_524' title='bbox 1823 4226 1990 4280; x_wconf 90' lang='lat' dir='ltr'><strong>etiam</strong></span> 
     </span>
    </p>
   </div>
   <div class='ocr_carea' id='block_1_77' title="bbox 416 4298 1993 4390">
    <p class='ocr_par' dir='ltr' id='par_1_77' title="bbox 416 4298 1993 4390">
     <span class='ocr_line' id='line_1_77' title="bbox 416 4298 1993 4390; baseline 0.003 -21"><span class='ocrx_word' id='word_1_525' title='bbox 416 4315 611 4386; x_wconf 81' lang='lat' dir='ltr'><strong>viginti</strong></span> <span class='ocrx_word' id='word_1_526' title='bbox 635 4317 820 4382; x_wconf 84' lang='lat' dir='ltr'><strong>annis,</strong></span> <span class='ocrx_word' id='word_1_527' title='bbox 854 4316 1138 4386; x_wconf 87' lang='lat' dir='ltr'><strong>splendida</strong></span> <span class='ocrx_word' id='word_1_528' title='bbox 1172 4298 1338 4390; x_wconf 53' lang='grc' dir='ltr'><strong>ἀθά</strong></span> <span class='ocrx_word' id='word_1_529' title='bbox 1364 4326 1669 4386; x_wconf 82' lang='lat' dir='ltr'><strong>pacataque</strong></span> <span class='ocrx_word' id='word_1_530' title='bbox 1694 4319 1993 4374; x_wconf 86' lang='lat' dir='ltr'><strong>serenitate</strong></span> 
     </span>
    </p>
   </div>
   <div class='ocr_carea' id='block_1_78' title="bbox 1140 4407 1992 4479">
    <p class='ocr_par' dir='ltr' id='par_1_78' title="bbox 1140 4407 1992 4479">
     <span class='ocr_line' id='line_1_78' title="bbox 1140 4407 1992 4479; baseline -0.001 -16"><span class='ocrx_word' id='word_1_531' title='bbox 1140 4407 1627 4479; x_wconf 87' lang='lat' dir='ltr'><strong>frequentissimos</strong></span> <span class='ocrx_word' id='word_1_532' title='bbox 1698 4422 1992 4479; x_wconf 77' lang='lat' dir='ltr'><strong>ageremus</strong></span> 
     </span>
    </p>
   </div>
   <div class='ocr_carea' id='block_1_79' title="bbox 2098 3303 3663 3375">
    <p class='ocr_par' dir='ltr' id='par_1_79' title="bbox 2098 3303 3663 3375">
     <span class='ocr_line' id='line_1_79' title="bbox 2098 3303 3663 3375; baseline -0.001 -16"><span class='ocrx_word' id='word_1_533' title='bbox 2098 3308 2192 3360; x_wconf 78' lang='grc' dir='ltr'><strong>καὶ</strong></span> <span class='ocrx_word' id='word_1_534' title='bbox 2242 3307 2522 3374; x_wconf 73' lang='grc' dir='ltr'><strong>Θεόδωρος</strong></span> <span class='ocrx_word' id='word_1_535' title='bbox 2569 3307 2691 3360; x_wconf 75' lang='grc' dir='ltr'><strong>κατ’</strong></span> <span class='ocrx_word' id='word_1_536' title='bbox 2740 3308 3081 3375; x_wconf 78' lang='grc' dir='ltr'><strong>Αἰγυπτίους</strong></span> <span class='ocrx_word' id='word_1_537' title='bbox 3119 3307 3445 3360; x_wconf 78' lang='grc' dir='ltr'><strong>ἐπίσκοποι·</strong></span> <span class='ocrx_word' id='word_1_538' title='bbox 3481 3303 3663 3375; x_wconf 85' lang='grc' dir='ltr'><strong>μυρίοι</strong></span> 
     </span>
    </p>
   </div>
   <div class='ocr_carea' id='block_1_80' title="bbox 2096 3395 3663 3470">
    <p class='ocr_par' dir='ltr' id='par_1_80' title="bbox 2096 3395 3663 3470">
     <span class='ocr_line' id='line_1_80' title="bbox 2096 3395 3663 3470; baseline -0.005 -15"><span class='ocrx_word' id='word_1_539' title='bbox 2096 3417 2155 3455; x_wconf 80' lang='grc' dir='ltr'><strong>τε</strong></span> <span class='ocrx_word' id='word_1_540' title='bbox 2210 3401 2308 3452; x_wconf 76' lang='grc' dir='ltr'><strong>ἐπὶ</strong></span> <span class='ocrx_word' id='word_1_541' title='bbox 2360 3400 2574 3463; x_wconf 86' lang='grc' dir='ltr'><strong>τούτοις</strong></span> <span class='ocrx_word' id='word_1_542' title='bbox 2626 3400 2779 3454; x_wconf 83' lang='grc' dir='ltr'><strong>ἄλλοι</strong></span> <span class='ocrx_word' id='word_1_543' title='bbox 2834 3402 3154 3469; x_wconf 66' lang='grc' dir='ltr'><strong>διαφανεῖς·</strong></span> <span class='ocrx_word' id='word_1_544' title='bbox 3187 3400 3237 3453; x_wconf 78' lang='grc' dir='ltr'><strong>οἳ</strong></span> <span class='ocrx_word' id='word_1_545' title='bbox 3268 3397 3335 3470; x_wconf 83' lang='grc' dir='ltr'><strong>δὴ</strong></span> <span class='ocrx_word' id='word_1_546' title='bbox 3367 3398 3502 3468; x_wconf 83' lang='grc' dir='ltr'><strong>πρὸς</strong></span> <span class='ocrx_word' id='word_1_547' title='bbox 3555 3395 3663 3449; x_wconf 82' lang='grc' dir='ltr'><strong>τῶν</strong></span> 
     </span>
    </p>
   </div>
   <div class='ocr_carea' id='block_1_81' title="bbox 2096 3486 3664 3565">
    <p class='ocr_par' dir='ltr' id='par_1_81' title="bbox 2096 3486 3664 3565">
     <span class='ocr_line' id='line_1_81' title="bbox 2096 3486 3664 3565; baseline -0.004 -17"><span class='ocrx_word' id='word_1_548' title='bbox 2096 3495 2238 3548; x_wconf 83' lang='grc' dir='ltr'><strong>κατὰ</strong></span> <span class='ocrx_word' id='word_1_549' title='bbox 2268 3494 2434 3547; x_wconf 84' lang='grc' dir='ltr'><strong>τόπον</strong></span> <span class='ocrx_word' id='word_1_550' title='bbox 2462 3493 2675 3563; x_wconf 84' lang='grc' dir='ltr'><strong>ἀνδρῶν</strong></span> <span class='ocrx_word' id='word_1_551' title='bbox 2703 3494 3055 3562; x_wconf 78' lang='grc' dir='ltr'><strong>ἀνάγραπτοι</strong></span> <span class='ocrx_word' id='word_1_552' title='bbox 3086 3491 3525 3565; x_wconf 86' lang='grc' dir='ltr'><strong>μνημονεύονται</strong></span> <span class='ocrx_word' id='word_1_553' title='bbox 3544 3506 3558 3522; x_wconf 80' lang='grc'><em>’</em></span> <span class='ocrx_word' id='word_1_554' title='bbox 3586 3486 3664 3544; x_wconf 81' lang='grc' dir='ltr'><strong>ὧν</strong></span> 
     </span>
    </p>
   </div>
   <div class='ocr_carea' id='block_1_82' title="bbox 2095 3579 3666 3654">
    <p class='ocr_par' dir='ltr' id='par_1_82' title="bbox 2095 3579 3666 3654">
     <span class='ocr_line' id='line_1_82' title="bbox 2095 3579 3666 3654; baseline -0.003 -17"><span class='ocrx_word' id='word_1_555' title='bbox 2095 3586 2222 3647; x_wconf 84' lang='grc' dir='ltr'><strong>τοὺς</strong></span> <span class='ocrx_word' id='word_1_556' title='bbox 2251 3584 2445 3644; x_wconf 79' lang='grc' dir='ltr'><strong>ἄθλους</strong></span> <span class='ocrx_word' id='word_1_557' title='bbox 2481 3586 2575 3636; x_wconf 74' lang='grc' dir='ltr'><strong>καὶ</strong></span> <span class='ocrx_word' id='word_1_558' title='bbox 2606 3584 2672 3636; x_wconf 83' lang='grc' dir='ltr'><strong>τὰ</strong></span> <span class='ocrx_word' id='word_1_559' title='bbox 2703 3583 3064 3650; x_wconf 82' lang='grc' dir='ltr'><strong>παλαίσματα</strong></span> <span class='ocrx_word' id='word_1_560' title='bbox 3092 3585 3279 3654; x_wconf 76' lang='grc' dir='ltr'><strong>γραφῇ</strong></span> <span class='ocrx_word' id='word_1_561' title='bbox 3309 3582 3406 3635; x_wconf 82' lang='grc' dir='ltr'><strong>νῦν</strong></span> <span class='ocrx_word' id='word_1_562' title='bbox 3434 3579 3666 3648; x_wconf 71' lang='grc' dir='ltr'><strong>παραδι-</strong></span> 
     </span>
    </p>
   </div>
   <div class='ocr_carea' id='block_1_83' title="bbox 2094 3671 3664 3744">
    <p class='ocr_par' dir='ltr' id='par_1_83' title="bbox 2094 3671 3664 3744">
     <span class='ocr_line' id='line_1_83' title="bbox 2094 3671 3664 3744; baseline -0.003 -16"><span class='ocrx_word' id='word_1_563' title='bbox 2094 3676 2242 3729; x_wconf 66' lang='grc' dir='ltr'><strong>δόναι</strong></span> <span class='ocrx_word' id='word_1_564' title='bbox 2271 3677 2331 3727; x_wconf 75' lang='grc' dir='ltr'><strong>οὑ</strong></span> <span class='ocrx_word' id='word_1_565' title='bbox 2360 3676 2460 3744; x_wconf 85' lang='grc' dir='ltr'><strong>τῆς</strong></span> <span class='ocrx_word' id='word_1_566' title='bbox 2496 3675 2780 3744; x_wconf 81' lang='grc' dir='ltr'><strong>παρούσης</strong></span> <span class='ocrx_word' id='word_1_567' title='bbox 2815 3674 3200 3744; x_wconf 81' lang='grc' dir='ltr'><strong>πραγματείας</strong></span> <span class='ocrx_word' id='word_1_568' title='bbox 3230 3673 3351 3726; x_wconf 72' lang='grc' dir='ltr'><strong>ἐστί</strong></span> <span class='ocrx_word' id='word_1_569' title='bbox 3377 3688 3393 3703; x_wconf 72' lang='grc' dir='ltr'><strong>ο</strong></span> <span class='ocrx_word' id='word_1_570' title='bbox 3423 3671 3511 3726; x_wconf 83' lang='grc' dir='ltr'><strong>τοῦ</strong></span> <span class='ocrx_word' id='word_1_571' title='bbox 3550 3674 3664 3725; x_wconf 82' lang='grc' dir='ltr'><strong>λοι-</strong></span> 
     </span>
    </p>
   </div>
   <div class='ocr_carea' id='block_1_84' title="bbox 2096 3762 3663 3838">
    <p class='ocr_par' dir='ltr' id='par_1_84' title="bbox 2096 3762 3663 3838">
     <span class='ocr_line' id='line_1_84' title="bbox 2096 3762 3663 3838; baseline -0.004 -17"><span class='ocrx_word' id='word_1_572' title='bbox 2096 3767 2200 3821; x_wconf 77' lang='grc' dir='ltr'><strong>ποῦ</strong></span> <span class='ocrx_word' id='word_1_573' title='bbox 2233 3769 2291 3821; x_wconf 82' lang='grc' dir='ltr'><strong>δὲ</strong></span> <span class='ocrx_word' id='word_1_574' title='bbox 2316 3766 2415 3838; x_wconf 75' lang='grc' dir='ltr'><strong>τὴν</strong></span> <span class='ocrx_word' id='word_1_575' title='bbox 2441 3766 2774 3836; x_wconf 81' lang='grc' dir='ltr'><strong>παλινῳδίαν</strong></span> <span class='ocrx_word' id='word_1_576' title='bbox 2802 3765 2912 3819; x_wconf 86' lang='grc' dir='ltr'><strong>τῶν</strong></span> <span class='ocrx_word' id='word_1_577' title='bbox 2942 3764 3073 3833; x_wconf 68' lang='grc' dir='ltr'><strong>περὶ¹</strong></span> <span class='ocrx_word' id='word_1_578' title='bbox 3108 3765 3255 3835; x_wconf 79' lang='grc' dir='ltr'><strong>ἡμᾶς</strong></span> <span class='ocrx_word' id='word_1_579' title='bbox 3284 3762 3663 3834; x_wconf 74' lang='grc' dir='ltr'><strong>εἰργασμένων</strong></span> 
     </span>
    </p>
   </div>
   <div class='ocr_carea' id='block_1_85' title="bbox 2097 3854 3663 3929">
    <p class='ocr_par' dir='ltr' id='par_1_85' title="bbox 2097 3854 3663 3929">
     <span class='ocr_line' id='line_1_85' title="bbox 2097 3854 3663 3929; baseline -0.006 -13"><span class='ocrx_word' id='word_1_580' title='bbox 2097 3862 2484 3916; x_wconf 72' lang='grc' dir='ltr'><strong>ἐπισυνάπτειν</strong></span> <span class='ocrx_word' id='word_1_581' title='bbox 2536 3858 2756 3929; x_wconf 83' lang='grc' dir='ltr'><strong>χρεών·</strong></span> <span class='ocrx_word' id='word_1_582' title='bbox 2804 3854 2948 3927; x_wconf 81' lang='grc' dir='ltr'><strong>ἦσαν</strong></span> <span class='ocrx_word' id='word_1_583' title='bbox 2985 3857 3086 3927; x_wconf 76' lang='grc' dir='ltr'><strong>μὲν</strong></span> <span class='ocrx_word' id='word_1_584' title='bbox 3136 3856 3231 3910; x_wconf 79' lang='grc' dir='ltr'><strong>οὖν</strong></span> <span class='ocrx_word' id='word_1_585' title='bbox 3286 3873 3350 3924; x_wconf 91' lang='grc' dir='ltr'><strong>γε</strong></span> <span class='ocrx_word' id='word_1_586' title='bbox 3401 3856 3663 3925; x_wconf 86' lang='grc' dir='ltr'><strong>πρότερον</strong></span> 
     </span>
    </p>
   </div>
   <div class='ocr_carea' id='block_1_86' title="bbox 2096 3946 3666 4025">
    <p class='ocr_par' dir='ltr' id='par_1_86' title="bbox 2096 3946 3666 4025">
     <span class='ocr_line' id='line_1_86' title="bbox 2096 3946 3666 4025; baseline -0.005 -19"><span class='ocrx_word' id='word_1_587' title='bbox 2096 3956 2227 4025; x_wconf 76' lang='grc' dir='ltr'><strong>φίλα</strong></span> <span class='ocrx_word' id='word_1_588' title='bbox 2258 3954 2352 4007; x_wconf 74' lang='grc' dir='ltr'><strong>καὶ</strong></span> <span class='ocrx_word' id='word_1_589' title='bbox 2382 3952 2639 4023; x_wconf 80' lang='grc' dir='ltr'><strong>εἰρηναῖα</strong></span> <span class='ocrx_word' id='word_1_590' title='bbox 2677 3952 2744 4004; x_wconf 85' lang='grc' dir='ltr'><strong>τὰ</strong></span> <span class='ocrx_word' id='word_1_591' title='bbox 2773 3950 2883 4003; x_wconf 82' lang='grc' dir='ltr'><strong>τῶν</strong></span> <span class='ocrx_word' id='word_1_592' title='bbox 2916 3949 3198 4020; x_wconf 81' lang='grc' dir='ltr'><strong>ἀρχόντων</strong></span> <span class='ocrx_word' id='word_1_593' title='bbox 3229 3948 3330 4017; x_wconf 79' lang='grc' dir='ltr'><strong>τῆς</strong></span> <span class='ocrx_word' id='word_1_594' title='bbox 3379 3946 3666 4016; x_wconf 83' lang='grc' dir='ltr'><strong>Ῥωμαίων</strong></span> 
     </span>
    </p>
   </div>
   <div class='ocr_carea' id='block_1_87' title="bbox 2097 4035 3663 4117">
    <p class='ocr_par' dir='ltr' id='par_1_87' title="bbox 2097 4035 3663 4117">
     <span class='ocr_line' id='line_1_87' title="bbox 2097 4035 3663 4117; baseline -0.006 -17"><span class='ocrx_word' id='word_1_595' title='bbox 2097 4047 2400 4117; x_wconf 73' lang='grc' dir='ltr'><strong>ἡγεμονίας</strong></span> <span class='ocrx_word' id='word_1_596' title='bbox 2429 4047 2563 4117; x_wconf 68' lang='grc' dir='ltr'><strong>⁴ἡμῖν</strong></span> <span class='ocrx_word' id='word_1_597' title='bbox 2587 4062 2600 4078; x_wconf 88' lang='grc'><strong>·</strong></span> <span class='ocrx_word' id='word_1_598' title='bbox 2647 4044 2706 4097; x_wconf 86' lang='grc' dir='ltr'><strong>ἐν</strong></span> <span class='ocrx_word' id='word_1_599' title='bbox 2737 4035 2783 4110; x_wconf 81' lang='grc' dir='ltr'>ᾧ</span> <span class='ocrx_word' id='word_1_600' title='bbox 2812 4041 3080 4112; x_wconf 88' lang='grc' dir='ltr'><strong>μεγίστης</strong></span> <span class='ocrx_word' id='word_1_601' title='bbox 3107 4040 3369 4111; x_wconf 83' lang='grc' dir='ltr'><strong>εὐπορίας</strong></span> <span class='ocrx_word' id='word_1_602' title='bbox 3420 4041 3515 4094; x_wconf 81' lang='grc' dir='ltr'><strong>καὶ</strong></span> <span class='ocrx_word' id='word_1_603' title='bbox 3543 4040 3663 4091; x_wconf 77' lang='grc' dir='ltr'><strong>εὐι-</strong></span> 
     </span>
    </p>
   </div>
   <div class='ocr_carea' id='block_1_88' title="bbox 2094 4128 3675 4209">
    <p class='ocr_par' dir='ltr' id='par_1_88' title="bbox 2094 4128 3675 4209">
     <span class='ocr_line' id='line_1_88' title="bbox 2094 4128 3675 4209; baseline -0.009 -15"><span class='ocrx_word' id='word_1_604' title='bbox 2094 4138 2294 4209; x_wconf 79' lang='grc' dir='ltr'><strong>τηρίας</strong></span> <span class='ocrx_word' id='word_1_605' title='bbox 2323 4139 2557 4206; x_wconf 81' lang='grc' dir='ltr'><strong>ὴξίωντο</strong></span> <span class='ocrx_word' id='word_1_606' title='bbox 2590 4137 2660 4190; x_wconf 84' lang='grc' dir='ltr'><strong>τὰ</strong></span> <span class='ocrx_word' id='word_1_607' title='bbox 2693 4136 2941 4205; x_wconf 75' lang='grc' dir='ltr'><strong>ἡμέτερα</strong></span> <span class='ocrx_word' id='word_1_608' title='bbox 2969 4149 2984 4164; x_wconf 76' lang='grc'><strong>⁸</strong></span> <span class='ocrx_word' id='word_1_609' title='bbox 3033 4133 3111 4196; x_wconf 82' lang='grc' dir='ltr'><strong>ὡς</strong></span> <span class='ocrx_word' id='word_1_610' title='bbox 3159 4134 3254 4186; x_wconf 80' lang='grc' dir='ltr'><strong>καὶ</strong></span> <span class='ocrx_word' id='word_1_611' title='bbox 3279 4128 3675 4201; x_wconf 34' lang='grc' dir='ltr'><strong>δεκαετηρίδαςν</strong></span> 
     </span>
    </p>
   </div>
   <div class='ocr_carea' id='block_1_89' title="bbox 2097 4221 3665 4298">
    <p class='ocr_par' dir='ltr' id='par_1_89' title="bbox 2097 4221 3665 4298">
     <span class='ocr_line' id='line_1_89' title="bbox 2097 4221 3665 4298; baseline -0.006 -16"><span class='ocrx_word' id='word_1_612' title='bbox 2097 4231 2192 4282; x_wconf 73' lang='grc' dir='ltr'><strong>καὶ</strong></span> <span class='ocrx_word' id='word_1_613' title='bbox 2242 4227 2690 4298; x_wconf 82' lang='grc' dir='ltr'><strong>εἰκοσαετηρίδας</strong></span> <span class='ocrx_word' id='word_1_614' title='bbox 2736 4227 3145 4297; x_wconf 82' lang='grc' dir='ltr'><strong>ἐκπλήσαντας,</strong></span> <span class='ocrx_word' id='word_1_615' title='bbox 3174 4224 3320 4296; x_wconf 78' lang='grc' dir='ltr'><strong>ἡμᾶς</strong></span> <span class='ocrx_word' id='word_1_616' title='bbox 3349 4224 3407 4276; x_wconf 86' lang='grc' dir='ltr'><strong>ὲν</strong></span> <span class='ocrx_word' id='word_1_617' title='bbox 3438 4221 3665 4291; x_wconf 72' lang='grc' dir='ltr'><strong>λαμπρᾷ</strong></span> 
     </span>
    </p>
   </div>
   <div class='ocr_carea' id='block_1_90' title="bbox 2098 4308 3664 4384">
    <p class='ocr_par' dir='ltr' id='par_1_90' title="bbox 2098 4308 3664 4384">
     <span class='ocr_line' id='line_1_90' title="bbox 2098 4308 3664 4384; baseline -0.006 -16"><span class='ocrx_word' id='word_1_618' title='bbox 2098 4319 2191 4370; x_wconf 71' lang='grc' dir='ltr'><strong>καὶ</strong></span> <span class='ocrx_word' id='word_1_619' title='bbox 2223 4313 2460 4384; x_wconf 79' lang='grc' dir='ltr'><strong>σταθερᾷ</strong></span> <span class='ocrx_word' id='word_1_620' title='bbox 2487 4317 2554 4382; x_wconf 78' lang='grc' dir='ltr'><strong>τῇ</strong></span> <span class='ocrx_word' id='word_1_621' title='bbox 2584 4313 2793 4383; x_wconf 79' lang='grc' dir='ltr'><strong>γαλήνη</strong></span> <span class='ocrx_word' id='word_1_622' title='bbox 2846 4312 3180 4382; x_wconf 82' lang='grc' dir='ltr'><strong>πανηγύρεις</strong></span> <span class='ocrx_word' id='word_1_623' title='bbox 3209 4311 3388 4378; x_wconf 80' lang='grc' dir='ltr'><strong>ἄγειν,</strong></span> <span class='ocrx_word' id='word_1_624' title='bbox 3420 4308 3664 4370; x_wconf 82' lang='grc' dir='ltr'><strong>θαλείαις</strong></span> 
     </span>
    </p>
   </div>
   <div class='ocr_carea' id='block_1_91' title="bbox 2096 4402 3666 4476">
    <p class='ocr_par' dir='ltr' id='par_1_91' title="bbox 2096 4402 3666 4476">
     <span class='ocr_line' id='line_1_91' title="bbox 2096 4402 3666 4476; baseline -0.005 -15"><span class='ocrx_word' id='word_1_625' title='bbox 2096 4426 2154 4461; x_wconf 91' lang='grc' dir='ltr'><strong>τε</strong></span> <span class='ocrx_word' id='word_1_626' title='bbox 2187 4408 2279 4461; x_wconf 75' lang='grc' dir='ltr'><strong>καὶ</strong></span> <span class='ocrx_word' id='word_1_627' title='bbox 2305 4408 2537 4475; x_wconf 72' lang='grc' dir='ltr'><strong>τρυφαῖς</strong></span> <span class='ocrx_word' id='word_1_628' title='bbox 2565 4405 2962 4473; x_wconf 80' lang='grc' dir='ltr'><strong>ἐνδιαιτᾶσθαι,</strong></span> <span class='ocrx_word' id='word_1_629' title='bbox 2992 4407 3085 4459; x_wconf 75' lang='grc' dir='ltr'><strong>καὶ</strong></span> <span class='ocrx_word' id='word_1_630' title='bbox 3118 4406 3339 4476; x_wconf 77' lang='grc' dir='ltr'><strong>εἰρήνης</strong></span> <span class='ocrx_word' id='word_1_631' title='bbox 3370 4402 3666 4457; x_wconf 81' lang='grc' dir='ltr'><strong>ἀπολαύειν</strong></span> 
     </span>
    </p>
   </div>
   <div class='ocr_carea' id='block_1_92' title="bbox 2099 4493 3663 4571">
    <p class='ocr_par' dir='ltr' id='par_1_92' title="bbox 2099 4493 3663 4571">
     <span class='ocr_line' id='line_1_92' title="bbox 2099 4493 3663 4571; baseline -0.005 -17"><span class='ocrx_word' id='word_1_632' title='bbox 2099 4501 2318 4571; x_wconf 83' lang='grc' dir='ltr'><strong>βαθείας</strong></span> <span class='ocrx_word' id='word_1_633' title='bbox 2345 4516 2360 4532; x_wconf 91' lang='grc'><strong>·</strong></span> <span class='ocrx_word' id='word_1_634' title='bbox 2407 4499 2501 4552; x_wconf 72' lang='grc' dir='ltr'><strong>καὶ</strong></span> <span class='ocrx_word' id='word_1_635' title='bbox 2533 4499 2631 4553; x_wconf 74' lang='grc' dir='ltr'><strong>ἐπὶ</strong></span> <span class='ocrx_word' id='word_1_636' title='bbox 2670 4499 2816 4567; x_wconf 79' lang='grc' dir='ltr'><strong>μέγα</strong></span> <span class='ocrx_word' id='word_1_637' title='bbox 2873 4499 2943 4553; x_wconf 86' lang='grc' dir='ltr'><strong>τά</strong></span> <span class='ocrx_word' id='word_1_638' title='bbox 2984 4498 3087 4568; x_wconf 82' lang='grc' dir='ltr'><strong>τῆς</strong></span> <span class='ocrx_word' id='word_1_639' title='bbox 3132 4496 3385 4562; x_wconf 77' lang='grc' dir='ltr'><strong>ἐξουσίας</strong></span> <span class='ocrx_word' id='word_1_640' title='bbox 3440 4493 3663 4565; x_wconf 73' lang='grc' dir='ltr'><strong>ηὔξητο,</strong></span> 
     </span>
    </p>
   </div>
   <div class='ocr_carea' id='block_1_93' title="bbox 417 4586 1997 4664">
    <p class='ocr_par' dir='ltr' id='par_1_93' title="bbox 417 4591 1986 4664">
     <span class='ocr_line' id='line_1_93' title="bbox 417 4591 1986 4664; baseline -0.003 -16"><span class='ocrx_word' id='word_1_641' title='bbox 417 4610 551 4662; x_wconf 86' lang='lat' dir='ltr'><strong>pace</strong></span> <span class='ocrx_word' id='word_1_642' title='bbox 586 4608 780 4648; x_wconf 86' lang='lat' dir='ltr'><strong>secura</strong></span> <span class='ocrx_word' id='word_1_643' title='bbox 831 4594 988 4664; x_wconf 90' lang='lat' dir='ltr'><strong>quasi</strong></span> <span class='ocrx_word' id='word_1_644' title='bbox 1045 4592 1446 4655; x_wconf 83' lang='lat' dir='ltr'><strong>diﬂlueremus,</strong></span> <span class='ocrx_word' id='word_1_645' title='bbox 1493 4591 1755 4648; x_wconf 85' lang='lat' dir='ltr'><strong>libertate</strong></span> <span class='ocrx_word' id='word_1_646' title='bbox 1798 4602 1986 4647; x_wconf 88' lang='lat' dir='ltr'><strong>nostra</strong></span> 
     </span>
    </p>
   </div>
   <div class='ocr_carea' id='block_1_94' title="bbox 2101 4586 3666 4664">
    <p class='ocr_par' dir='ltr' id='par_1_94' title="bbox 2101 4589 3666 4662">
     <span class='ocr_line' id='line_1_94' title="bbox 2101 4589 3666 4662; baseline -0.003 -14"><span class='ocrx_word' id='word_1_647' title='bbox 2101 4593 2441 4662; x_wconf 78' lang='grc' dir='ltr'><strong>καθεκάστην</strong></span> <span class='ocrx_word' id='word_1_648' title='bbox 2481 4591 2811 4657; x_wconf 76' lang='grc' dir='ltr'><strong>ἐπιδιδόντα,</strong></span> <span class='ocrx_word' id='word_1_649' title='bbox 2845 4592 2940 4646; x_wconf 71' lang='grc' dir='ltr'><strong>καὶ</strong></span> <span class='ocrx_word' id='word_1_650' title='bbox 2975 4590 3146 4662; x_wconf 78' lang='grc' dir='ltr'><strong>αὔξην</strong></span> <span class='ocrx_word' id='word_1_651' title='bbox 3174 4591 3235 4644; x_wconf 84' lang='grc' dir='ltr'><strong>ού</strong></span> <span class='ocrx_word' id='word_1_652' title='bbox 3271 4589 3500 4661; x_wconf 86' lang='grc' dir='ltr'><strong>μετρίαν</strong></span> <span class='ocrx_word' id='word_1_653' title='bbox 3527 4589 3666 4657; x_wconf 85' lang='grc' dir='ltr'><strong>λαμ-</strong></span> 
     </span>
    </p>
   </div>
   <div class='ocr_carea' id='block_1_95' title="bbox 416 4684 1990 4756">
    <p class='ocr_par' dir='ltr' id='par_1_95' title="bbox 416 4684 1990 4756">
     <span class='ocr_line' id='line_1_95' title="bbox 416 4684 1990 4756; baseline -0.001 -18"><span class='ocrx_word' id='word_1_654' title='bbox 416 4684 591 4755; x_wconf 87' lang='lat' dir='ltr'><strong>magis</strong></span> <span class='ocrx_word' id='word_1_655' title='bbox 641 4699 706 4741; x_wconf 87' lang='lat' dir='ltr'><strong>ac</strong></span> <span class='ocrx_word' id='word_1_656' title='bbox 759 4686 936 4756; x_wconf 82' lang='lat' dir='ltr'><strong>magis</strong></span> <span class='ocrx_word' id='word_1_657' title='bbox 984 4685 1271 4755; x_wconf 85' lang='lat' dir='ltr'><strong>gliscente,</strong></span> <span class='ocrx_word' id='word_1_658' title='bbox 1308 4693 1472 4755; x_wconf 91' lang='lat' dir='ltr'><strong>atque</strong></span> <span class='ocrx_word' id='word_1_659' title='bbox 1497 4684 1849 4740; x_wconf 80' lang='lat' dir='ltr'><strong>incrementa</strong></span> <span class='ocrx_word' id='word_1_660' title='bbox 1891 4698 1990 4738; x_wconf 92' lang='lat' dir='ltr'><strong>sua</strong></span> 
     </span>
    </p>
   </div>
   <div class='ocr_carea' id='block_1_96' title="bbox 416 4774 1990 4847">
    <p class='ocr_par' dir='ltr' id='par_1_96' title="bbox 416 4774 1990 4847">
     <span class='ocr_line' id='line_1_96' title="bbox 416 4774 1990 4847; baseline -0.001 -18"><span class='ocrx_word' id='word_1_661' title='bbox 416 4778 469 4831; x_wconf 89' lang='lat' dir='ltr'><strong>in</strong></span> <span class='ocrx_word' id='word_1_662' title='bbox 518 4776 635 4831; x_wconf 87' lang='lat' dir='ltr'><strong>dies</strong></span> <span class='ocrx_word' id='word_1_663' title='bbox 679 4777 959 4847; x_wconf 86' lang='lat' dir='ltr'><strong>capiente.</strong></span> <span class='ocrx_word' id='word_1_664' title='bbox 996 4774 1137 4832; x_wconf 86' lang='lat' dir='ltr'><strong>Ecce</strong></span> <span class='ocrx_word' id='word_1_665' title='bbox 1191 4784 1379 4831; x_wconf 87' lang='lat' dir='ltr'><strong>autem</strong></span> <span class='ocrx_word' id='word_1_666' title='bbox 1429 4776 1499 4832; x_wconf 90' lang='lat' dir='ltr'><strong>de</strong></span> <span class='ocrx_word' id='word_1_667' title='bbox 1543 4776 1848 4847; x_wconf 90' lang='lat' dir='ltr'><strong>improviso</strong></span> <span class='ocrx_word' id='word_1_668' title='bbox 1887 4775 1990 4830; x_wconf 80' lang='lat' dir='ltr'><strong>im-</strong></span> 
     </span>
    </p>
   </div>
   <div class='ocr_carea' id='block_1_97' title="bbox 416 4866 1989 4937">
    <p class='ocr_par' dir='ltr' id='par_1_97' title="bbox 416 4866 1989 4937">
     <span class='ocr_line' id='line_1_97' title="bbox 416 4866 1989 4937; baseline -0.001 -15"><span class='ocrx_word' id='word_1_669' title='bbox 416 4876 704 4936; x_wconf 90' lang='lat' dir='ltr'><strong>peratores</strong></span> <span class='ocrx_word' id='word_1_670' title='bbox 761 4866 1037 4924; x_wconf 89' lang='lat' dir='ltr'><strong>sententia</strong></span> <span class='ocrx_word' id='word_1_671' title='bbox 1082 4877 1316 4935; x_wconf 90' lang='lat' dir='ltr'><strong>mutata,</strong></span> <span class='ocrx_word' id='word_1_672' title='bbox 1375 4867 1514 4924; x_wconf 83' lang='lat' dir='ltr'><strong>citra</strong></span> <span class='ocrx_word' id='word_1_673' title='bbox 1569 4867 1989 4937; x_wconf 74' lang='lat' dir='ltr'><strong>clarigationem</strong></span> 
     </span>
    </p>
   </div>
   <div class='ocr_carea' id='block_1_98' title="bbox 413 4959 1987 5034">
    <p class='ocr_par' dir='ltr' id='par_1_98' title="bbox 413 4959 1987 5034">
     <span class='ocr_line' id='line_1_98' title="bbox 413 4959 1987 5034; baseline -0.002 -20"><span class='ocrx_word' id='word_1_674' title='bbox 413 4969 575 5034; x_wconf 50' lang='lat' dir='ltr'><strong>atros</strong></span> <span class='ocrx_word' id='word_1_675' title='bbox 600 4959 735 5014; x_wconf 90' lang='lat' dir='ltr'><strong>illud</strong></span> <span class='ocrx_word' id='word_1_676' title='bbox 785 4968 843 5013; x_wconf 89' lang='lat' dir='ltr'><strong>et</strong></span> <span class='ocrx_word' id='word_1_677' title='bbox 877 4959 1347 5016; x_wconf 90' lang='lat' dir='ltr'><strong>irreconciliabile</strong></span> <span class='ocrx_word' id='word_1_678' title='bbox 1391 4969 1584 5016; x_wconf 85' lang='lat' dir='ltr'><strong>contra</strong></span> <span class='ocrx_word' id='word_1_679' title='bbox 1631 4975 1734 5015; x_wconf 90' lang='lat' dir='ltr'><strong>nos</strong></span> <span class='ocrx_word' id='word_1_680' title='bbox 1782 4959 1987 5015; x_wconf 88' lang='lat' dir='ltr'><strong>bellum</strong></span> 
     </span>
    </p>
   </div>
   <div class='ocr_carea' id='block_1_99' title="bbox 414 5048 1990 5121">
    <p class='ocr_par' dir='ltr' id='par_1_99' title="bbox 414 5048 1990 5121">
     <span class='ocr_line' id='line_1_99' title="bbox 414 5048 1990 5121; baseline -0.001 -18"><span class='ocrx_word' id='word_1_681' title='bbox 414 5059 671 5114; x_wconf 86' lang='lat' dir='ltr'><strong>movent,</strong></span> <span class='ocrx_word' id='word_1_682' title='bbox 735 5048 883 5118; x_wconf 89' lang='lat' dir='ltr'><strong>quod</strong></span> <span class='ocrx_word' id='word_1_683' title='bbox 939 5064 1112 5118; x_wconf 86' lang='lat' dir='ltr'><strong>prope</strong></span> <span class='ocrx_word' id='word_1_684' title='bbox 1169 5060 1500 5121; x_wconf 86' lang='lat' dir='ltr'><strong>perpetuum</strong></span> <span class='ocrx_word' id='word_1_685' title='bbox 1556 5050 1777 5106; x_wconf 86' lang='lat' dir='ltr'><strong>duravit</strong></span> <span class='ocrx_word' id='word_1_686' title='bbox 1835 5051 1990 5104; x_wconf 90' lang='lat' dir='ltr'><strong>bien-</strong></span> 
     </span>
    </p>
   </div>
   <div class='ocr_carea' id='block_1_100' title="bbox 416 5142 1987 5214">
    <p class='ocr_par' dir='ltr' id='par_1_100' title="bbox 416 5142 1987 5214">
     <span class='ocr_line' id='line_1_100' title="bbox 416 5142 1987 5214; baseline 0 -17"><span class='ocrx_word' id='word_1_687' title='bbox 416 5143 677 5214; x_wconf 74' lang='lat' dir='ltr'><strong>nium(2).</strong></span> <span class='ocrx_word' id='word_1_688' title='bbox 703 5142 843 5197; x_wconf 92' lang='lat' dir='ltr'><strong>Cum</strong></span> <span class='ocrx_word' id='word_1_689' title='bbox 883 5157 1013 5196; x_wconf 91' lang='lat' dir='ltr'><strong>vero</strong></span> <span class='ocrx_word' id='word_1_690' title='bbox 1054 5158 1255 5197; x_wconf 82' lang='lat' dir='ltr'><strong>novum</strong></span> <span class='ocrx_word' id='word_1_691' title='bbox 1292 5144 1687 5213; x_wconf 83' lang='lat' dir='ltr'><strong>insolitumque</strong></span> <span class='ocrx_word' id='word_1_692' title='bbox 1723 5144 1987 5212; x_wconf 81' lang='lat' dir='ltr'><strong>quiddam</strong></span> 
     </span>
    </p>
   </div>
   <div class='ocr_carea' id='block_1_101' title="bbox 415 5234 1988 5305">
    <p class='ocr_par' dir='ltr' id='par_1_101' title="bbox 415 5234 1988 5305">
     <span class='ocr_line' id='line_1_101' title="bbox 415 5234 1988 5305; baseline 0.001 -16"><span class='ocrx_word' id='word_1_693' title='bbox 415 5237 627 5291; x_wconf 81' lang='lat' dir='ltr'><strong>auctori</strong></span> <span class='ocrx_word' id='word_1_694' title='bbox 655 5246 707 5289; x_wconf 88' lang='lat' dir='ltr'><strong>et</strong></span> <span class='ocrx_word' id='word_1_695' title='bbox 738 5234 864 5287; x_wconf 88' lang='lat' dir='ltr'><strong>duci</strong></span> <span class='ocrx_word' id='word_1_696' title='bbox 921 5234 1354 5304; x_wconf 78' lang='lat' dir='ltr'><strong>importunitatis</strong></span> <span class='ocrx_word' id='word_1_697' title='bbox 1402 5236 1525 5305; x_wconf 78' lang='lat' dir='ltr'><strong>ejus</strong></span> <span class='ocrx_word' id='word_1_698' title='bbox 1554 5242 1609 5289; x_wconf 91' lang='lat' dir='ltr'><strong>ct</strong></span> <span class='ocrx_word' id='word_1_699' title='bbox 1642 5235 1867 5289; x_wconf 71' lang='lat' dir='ltr'><strong>malitiae</strong></span> <span class='ocrx_word' id='word_1_700' title='bbox 1900 5251 1988 5290; x_wconf 88' lang='lat' dir='ltr'><strong>ac-</strong></span> 
     </span>
    </p>
   </div>
   <div class='ocr_carea' id='block_1_102' title="bbox 415 5328 1981 5394">
    <p class='ocr_par' dir='ltr' id='par_1_102' title="bbox 415 5328 1981 5394">
     <span class='ocr_line' id='line_1_102' title="bbox 415 5328 1981 5394; baseline -0.002 -10"><span class='ocrx_word' id='word_1_701' title='bbox 415 5331 666 5390; x_wconf 87' lang='lat' dir='ltr'><strong>cidisset,</strong></span> <span class='ocrx_word' id='word_1_702' title='bbox 703 5342 923 5381; x_wconf 86' lang='lat' dir='ltr'><strong>rursum</strong></span> <span class='ocrx_word' id='word_1_703' title='bbox 956 5328 1008 5382; x_wconf 87' lang='lat' dir='ltr'><strong>id</strong></span> <span class='ocrx_word' id='word_1_704' title='bbox 1054 5330 1289 5383; x_wconf 88' lang='lat' dir='ltr'><strong>mutavit</strong></span> <span class='ocrx_word' id='word_1_705' title='bbox 1335 5330 1542 5394; x_wconf 85' lang='lat' dir='ltr'><strong>omnia,</strong></span> <span class='ocrx_word' id='word_1_706' title='bbox 1586 5337 1643 5383; x_wconf 91' lang='lat' dir='ltr'><strong>et</strong></span> <span class='ocrx_word' id='word_1_707' title='bbox 1678 5329 1981 5383; x_wconf 74' lang='lat' dir='ltr'><strong>ad‘statnm</strong></span> 
     </span>
    </p>
   </div>
   <div class='ocr_carea' id='block_1_103' title="bbox 414 5419 1988 5491">
    <p class='ocr_par' dir='ltr' id='par_1_103' title="bbox 414 5419 1988 5491">
     <span class='ocr_line' id='line_1_103' title="bbox 414 5419 1988 5491; baseline 0.003 -18"><span class='ocrx_word' id='word_1_708' title='bbox 414 5421 759 5491; x_wconf 87' lang='lat' dir='ltr'><strong>inopinatum</strong></span> <span class='ocrx_word' id='word_1_709' title='bbox 797 5419 1046 5484; x_wconf 63' lang='lat' dir='ltr'><strong>adduxit,</strong></span> <span class='ocrx_word' id='word_1_710' title='bbox 1091 5422 1258 5475; x_wconf 89' lang='lat' dir='ltr'><strong>rebus</strong></span> <span class='ocrx_word' id='word_1_711' title='bbox 1294 5420 1510 5488; x_wconf 88' lang='lat' dir='ltr'><strong>imperii</strong></span> <span class='ocrx_word' id='word_1_712' title='bbox 1540 5420 1593 5473; x_wconf 93' lang='lat' dir='ltr'><strong>in</strong></span> <span class='ocrx_word' id='word_1_713' title='bbox 1627 5421 1765 5474; x_wconf 88' lang='lat' dir='ltr'><strong>duas</strong></span> <span class='ocrx_word' id='word_1_714' title='bbox 1802 5431 1988 5489; x_wconf 87' lang='lat' dir='ltr'><strong>partes</strong></span> 
     </span>
    </p>
   </div>
   <div class='ocr_carea' id='block_1_104' title="bbox 415 5518 665 5572">
    <p class='ocr_par' dir='ltr' id='par_1_104' title="bbox 415 5518 665 5572">
     <span class='ocr_line' id='line_1_104' title="bbox 415 5518 665 5572; baseline 0.02 -6"><span class='ocrx_word' id='word_1_715' title='bbox 415 5518 608 5572; x_wconf 77' lang='lat' dir='ltr'><strong>divisis</strong></span> <span class='ocrx_word' id='word_1_716' title='bbox 652 5536 665 5571; x_wconf 90' lang='lat'>:</span> 
     </span>
    </p>
   </div>
   <div class='ocr_carea' id='block_1_105' title="bbox 2096 4682 3667 4757">
    <p class='ocr_par' dir='ltr' id='par_1_105' title="bbox 2096 4682 3667 4757">
     <span class='ocr_line' id='line_1_105' title="bbox 2096 4682 3667 4757; baseline -0.004 -15"><span class='ocrx_word' id='word_1_717' title='bbox 2096 4689 2350 4743; x_wconf 75' lang='grc' dir='ltr'><strong>ϐάνονται.</strong></span> <span class='ocrx_word' id='word_1_718' title='bbox 2393 4688 2656 4752; x_wconf 81' lang='grc' dir='ltr'><strong>Ἐξάπινα</strong></span> <span class='ocrx_word' id='word_1_719' title='bbox 2687 4687 2733 4742; x_wconf 90' lang='grc' dir='ltr'><strong>δ’</strong></span> <span class='ocrx_word' id='word_1_720' title='bbox 2784 4683 2878 4741; x_wconf 81' lang='grc' dir='ltr'><strong>οὖν</strong></span> <span class='ocrx_word' id='word_1_721' title='bbox 2927 4687 3060 4757; x_wconf 77' lang='grc' dir='ltr'><strong>ἡμῖν</strong></span> <span class='ocrx_word' id='word_1_722' title='bbox 3115 4684 3500 4755; x_wconf 69' lang='grc' dir='ltr'><strong>μεταθέμενοι,</strong></span> <span class='ocrx_word' id='word_1_723' title='bbox 3529 4682 3667 4751; x_wconf 80' lang='grc' dir='ltr'><strong>ἀκη·</strong></span> 
     </span>
    </p>
   </div>
   <div class='ocr_carea' id='block_1_106' title="bbox 2095 4777 3664 4852">
    <p class='ocr_par' dir='ltr' id='par_1_106' title="bbox 2095 4777 3664 4852">
     <span class='ocr_line' id='line_1_106' title="bbox 2095 4777 3664 4852; baseline -0.005 -18"><span class='ocrx_word' id='word_1_724' title='bbox 2095 4782 2292 4852; x_wconf 76' lang='grc' dir='ltr'><strong>ρυκτεὶ</strong></span> <span class='ocrx_word' id='word_1_725' title='bbox 2321 4782 2415 4834; x_wconf 73' lang='grc' dir='ltr'><strong>τὸν</strong></span> <span class='ocrx_word' id='word_1_726' title='bbox 2449 4781 2719 4836; x_wconf 83' lang='grc' dir='ltr'><strong>ἄσπονδον</strong></span> <span class='ocrx_word' id='word_1_727' title='bbox 2765 4781 2977 4834; x_wconf 85' lang='grc' dir='ltr'><strong>ἐκεῖνον</strong></span> <span class='ocrx_word' id='word_1_728' title='bbox 3025 4778 3149 4833; x_wconf 85' lang='grc' dir='ltr'><strong>καθ’</strong></span> <span class='ocrx_word' id='word_1_729' title='bbox 3198 4777 3359 4849; x_wconf 79' lang='grc' dir='ltr'><strong>ἡμῶν</strong></span> <span class='ocrx_word' id='word_1_730' title='bbox 3387 4777 3664 4846; x_wconf 71' lang='grc' dir='ltr'><strong>ἐγείρουσι</strong></span> 
     </span>
    </p>
   </div>
   <div class='ocr_carea' id='block_1_107' title="bbox 2096 4871 3666 4944">
    <p class='ocr_par' dir='ltr' id='par_1_107' title="bbox 2096 4871 3666 4944">
     <span class='ocr_line' id='line_1_107' title="bbox 2096 4871 3666 4944; baseline -0.003 -18"><span class='ocrx_word' id='word_1_731' title='bbox 2096 4873 2352 4944; x_wconf 75' lang='grc' dir='ltr'><strong>πόλεμον.</strong></span> <span class='ocrx_word' id='word_1_732' title='bbox 2375 4874 2483 4926; x_wconf 79' lang='grc' dir='ltr'><strong>Καὶ</strong></span> <span class='ocrx_word' id='word_1_733' title='bbox 2502 4873 2754 4943; x_wconf 74' lang='grc' dir='ltr'><strong>δεύτερόν</strong></span> <span class='ocrx_word' id='word_1_734' title='bbox 2776 4890 2879 4925; x_wconf 87' lang='grc' dir='ltr'><strong>που</strong></span> <span class='ocrx_word' id='word_1_735' title='bbox 2897 4871 3017 4936; x_wconf 82' lang='grc' dir='ltr'><strong>ἔτος</strong></span> <span class='ocrx_word' id='word_1_736' title='bbox 3034 4871 3131 4942; x_wconf 80' lang='grc' dir='ltr'><strong>τῆς</strong></span> <span class='ocrx_word' id='word_1_737' title='bbox 3158 4871 3369 4925; x_wconf 82' lang='grc' dir='ltr'><strong>τοιᾶσδε</strong></span> <span class='ocrx_word' id='word_1_738' title='bbox 3392 4871 3666 4941; x_wconf 81' lang='grc' dir='ltr'><strong>κινήσεως</strong></span> 
     </span>
    </p>
   </div>
   <div class='ocr_carea' id='block_1_108' title="bbox 2092 4961 3664 5037">
    <p class='ocr_par' dir='ltr' id='par_1_108' title="bbox 2092 4961 3664 5037">
     <span class='ocr_line' id='line_1_108' title="bbox 2092 4961 3664 5037; baseline -0.002 -18"><span class='ocrx_word' id='word_1_739' title='bbox 2092 4965 2308 5035; x_wconf 78' lang='grc' dir='ltr'><strong>ἁδιεχὲς</strong></span> <span class='ocrx_word' id='word_1_740' title='bbox 2334 4961 2422 5037; x_wconf 75' lang='grc' dir='ltr'><strong>ἦν.</strong></span> <span class='ocrx_word' id='word_1_741' title='bbox 2453 4966 2688 5019; x_wconf 88' lang='grc' dir='ltr'><strong>Ἔπειτα</strong></span> <span class='ocrx_word' id='word_1_742' title='bbox 2713 4963 2977 5034; x_wconf 82' lang='grc' dir='ltr'><strong>νεώτερόν</strong></span> <span class='ocrx_word' id='word_1_743' title='bbox 3001 4983 3054 5018; x_wconf 92' lang='grc' dir='ltr'><strong>τι</strong></span> <span class='ocrx_word' id='word_1_744' title='bbox 3080 4965 3303 5033; x_wconf 81' lang='grc' dir='ltr'><strong>γεγονὸς</strong></span> <span class='ocrx_word' id='word_1_745' title='bbox 3330 4961 3407 5035; x_wconf 81' lang='grc' dir='ltr'><strong>τῷ</strong></span> <span class='ocrx_word' id='word_1_746' title='bbox 3435 4962 3664 5033; x_wconf 83' lang='grc' dir='ltr'><strong>ἀρχηγῷ</strong></span> 
     </span>
    </p>
   </div>
   <div class='ocr_carea' id='block_1_109' title="bbox 2094 5055 3665 5128">
    <p class='ocr_par' dir='ltr' id='par_1_109' title="bbox 2094 5055 3665 5128">
     <span class='ocr_line' id='line_1_109' title="bbox 2094 5055 3665 5128; baseline -0.003 -16"><span class='ocrx_word' id='word_1_747' title='bbox 2094 5059 2195 5125; x_wconf 76' lang='grc' dir='ltr'><strong>τῆς</strong></span> <span class='ocrx_word' id='word_1_748' title='bbox 2228 5059 2444 5123; x_wconf 81' lang='grc' dir='ltr'><strong>κακίας,</strong></span> <span class='ocrx_word' id='word_1_749' title='bbox 2477 5058 2545 5111; x_wconf 81' lang='grc' dir='ltr'><strong>τὰ</strong></span> <span class='ocrx_word' id='word_1_750' title='bbox 2583 5060 2761 5113; x_wconf 87' lang='grc' dir='ltr'><strong>πάντα</strong></span> <span class='ocrx_word' id='word_1_751' title='bbox 2798 5061 3131 5128; x_wconf 71' lang='grc' dir='ltr'><strong>μετέστρεφε</strong></span> <span class='ocrx_word' id='word_1_752' title='bbox 3154 5074 3167 5087; x_wconf 90' lang='grc'><strong>·</strong></span> <span class='ocrx_word' id='word_1_753' title='bbox 3202 5059 3293 5111; x_wconf 77' lang='grc' dir='ltr'><strong>καὶ</strong></span> <span class='ocrx_word' id='word_1_754' title='bbox 3326 5057 3407 5119; x_wconf 78' lang='grc' dir='ltr'><strong>είς</strong></span> <span class='ocrx_word' id='word_1_755' title='bbox 3440 5055 3665 5110; x_wconf 79' lang='grc' dir='ltr'><strong>ἀλλοίω-</strong></span> 
     </span>
    </p>
   </div>
   <div class='ocr_carea' id='block_1_110' title="bbox 2099 5138 3656 5220">
    <p class='ocr_par' dir='ltr' id='par_1_110' title="bbox 2099 5138 3656 5220">
     <span class='ocr_line' id='line_1_110' title="bbox 2099 5138 3656 5220; baseline 0 -21"><span class='ocrx_word' id='word_1_756' title='bbox 2099 5166 2183 5200; x_wconf 84' lang='grc' dir='ltr'><strong>σιν</strong></span> <span class='ocrx_word' id='word_1_757' title='bbox 2218 5148 2376 5219; x_wconf 77' lang='grc' dir='ltr'><strong>ξένην</strong></span> <span class='ocrx_word' id='word_1_758' title='bbox 2410 5156 2710 5219; x_wconf 70' lang='grc' dir='ltr'><strong>μετήγαγε,</strong></span> <span class='ocrx_word' id='word_1_759' title='bbox 2741 5150 2861 5220; x_wconf 75' lang='grc' dir='ltr'><strong>διχῆ</strong></span> <span class='ocrx_word' id='word_1_760' title='bbox 2898 5149 3006 5201; x_wconf 81' lang='grc' dir='ltr'><strong>τῶν</strong></span> <span class='ocrx_word' id='word_1_761' title='bbox 3054 5146 3394 5219; x_wconf 78' lang='grc' dir='ltr'><strong>πραγμάτων</strong></span> <span class='ocrx_word' id='word_1_762' title='bbox 3422 5138 3656 5217; x_wconf 84' lang='grc' dir='ltr'><strong>διαιρου-</strong></span> 
     </span>
    </p>
   </div>
   <div class='ocr_carea' id='block_1_111' title="bbox 2098 5224 3658 5311">
    <p class='ocr_par' dir='ltr' id='par_1_111' title="bbox 2098 5224 3658 5311">
     <span class='ocr_line' id='line_1_111' title="bbox 2098 5224 3658 5311; baseline -0.001 -19"><span class='ocrx_word' id='word_1_763' title='bbox 2098 5224 2310 5307; x_wconf 67' lang='grc' dir='ltr'><strong>μένων·</strong></span> <span class='ocrx_word' id='word_1_764' title='bbox 2345 5242 2372 5292; x_wconf 77' lang='grc' dir='ltr'>ὃ</span> <span class='ocrx_word' id='word_1_765' title='bbox 2421 5246 2633 5311; x_wconf 78' lang='grc' dir='ltr'><strong>μήποτε</strong></span> <span class='ocrx_word' id='word_1_766' title='bbox 2672 5245 2896 5310; x_wconf 78' lang='grc' dir='ltr'><strong>γεγονὸς</strong></span> <span class='ocrx_word' id='word_1_767' title='bbox 2959 5243 3276 5311; x_wconf 77' lang='grc' dir='ltr'><strong>ἱστορεῖται.</strong></span> <span class='ocrx_word' id='word_1_768' title='bbox 3333 5240 3474 5307; x_wconf 82' lang='grc' dir='ltr'><strong>Ἐγὼ</strong></span> <span class='ocrx_word' id='word_1_769' title='bbox 3500 5240 3557 5293; x_wconf 78' lang='grc' dir='ltr'><strong>δὲ</strong></span> <span class='ocrx_word' id='word_1_770' title='bbox 3584 5238 3658 5300; x_wconf 83' lang='grc' dir='ltr'><strong>ὡς</strong></span> 
     </span>
    </p>
   </div>
   <div class='ocr_carea' id='block_1_112' title="bbox 2094 5331 3658 5404">
    <p class='ocr_par' dir='ltr' id='par_1_112' title="bbox 2094 5331 3658 5404">
     <span class='ocr_line' id='line_1_112' title="bbox 2094 5331 3658 5404; baseline 0.003 -23"><span class='ocrx_word' id='word_1_771' title='bbox 2094 5331 2220 5399; x_wconf 77' lang='grc' dir='ltr'><strong>ἔσχε</strong></span> <span class='ocrx_word' id='word_1_772' title='bbox 2254 5335 2320 5384; x_wconf 66' lang='grc' dir='ltr'><strong>τὰ</strong></span> <span class='ocrx_word' id='word_1_773' title='bbox 2342 5336 2436 5402; x_wconf 67' lang='grc' dir='ltr'><strong>τῆς</strong></span> <span class='ocrx_word' id='word_1_774' title='bbox 2468 5336 2799 5403; x_wconf 63' lang='grc' dir='ltr'><strong>μεταϐολῆς,</strong></span> <span class='ocrx_word' id='word_1_775' title='bbox 2827 5337 2899 5396; x_wconf 70' lang='grc' dir='ltr'><strong>ὡς</strong></span> <span class='ocrx_word' id='word_1_776' title='bbox 2930 5335 3073 5399; x_wconf 72' lang='grc' dir='ltr'><strong>ἐνὸν,</strong></span> <span class='ocrx_word' id='word_1_777' title='bbox 3104 5335 3346 5404; x_wconf 72' lang='grc' dir='ltr'><strong>ἀρχῆθεν</strong></span> <span class='ocrx_word' id='word_1_778' title='bbox 3377 5331 3658 5387; x_wconf 73' lang='grc' dir='ltr'><strong>ἀναλαϐὼν</strong></span> 
     </span>
    </p>
   </div>
   <div class='ocr_carea' id='block_1_113' title="bbox 2093 5423 2445 5495">
    <p class='ocr_par' dir='ltr' id='par_1_113' title="bbox 2093 5423 2445 5495">
     <span class='ocr_line' id='line_1_113' title="bbox 2093 5423 2445 5495; baseline 0.011 -20"><span class='ocrx_word' id='word_1_779' title='bbox 2093 5423 2445 5495; x_wconf 79' lang='grc' dir='ltr'><strong>διηγήσομαι.</strong></span> 
     </span>
    </p>
   </div>
   <div class='ocr_carea' id='block_1_114' title="bbox 736 5515 3657 5595">
    <p class='ocr_par' dir='ltr' id='par_1_114' title="bbox 736 5515 3657 5595">
     <span class='ocr_line' id='line_1_114' title="bbox 736 5515 3657 5595; baseline -0.001 -22"><span class='ocrx_word' id='word_1_780' title='bbox 736 5519 884 5588; x_wconf 89' lang='lat' dir='ltr'><strong>quod</strong></span> <span class='ocrx_word' id='word_1_781' title='bbox 942 5528 1070 5571; x_wconf 86' lang='lat' dir='ltr'><strong>ante</strong></span> <span class='ocrx_word' id='word_1_782' title='bbox 1114 5516 1168 5569; x_wconf 90' lang='lat' dir='ltr'><strong>id</strong></span> <span class='ocrx_word' id='word_1_783' title='bbox 1229 5525 1447 5584; x_wconf 89' lang='lat' dir='ltr'><strong>tempus</strong></span> <span class='ocrx_word' id='word_1_784' title='bbox 1504 5515 1570 5569; x_wconf 72' lang='lat' dir='ltr'><strong>ad</strong></span> <span class='ocrx_word' id='word_1_785' title='bbox 1619 5530 1750 5570; x_wconf 91' lang='lat' dir='ltr'><strong>eum</strong></span> <span class='ocrx_word' id='word_1_786' title='bbox 1808 5518 2030 5571; x_wconf 90' lang='lat' dir='ltr'><strong>modum</strong></span> <span class='ocrx_word' id='word_1_787' title='bbox 2075 5518 2276 5576; x_wconf 88' lang='lat' dir='ltr'><strong>factum</strong></span> <span class='ocrx_word' id='word_1_788' title='bbox 2327 5540 2450 5579; x_wconf 76' lang='lat' dir='ltr'><strong>esse</strong></span> <span class='ocrx_word' id='word_1_789' title='bbox 2512 5541 2620 5579; x_wconf 91' lang='lat' dir='ltr'><strong>non</strong></span> <span class='ocrx_word' id='word_1_790' title='bbox 2687 5524 2907 5594; x_wconf 83' lang='lat' dir='ltr'><strong>legitur.</strong></span> <span class='ocrx_word' id='word_1_791' title='bbox 2950 5525 3062 5595; x_wconf 81' lang='lat' dir='ltr'><strong>Ego</strong></span> <span class='ocrx_word' id='word_1_792' title='bbox 3111 5538 3241 5579; x_wconf 82' lang='lat' dir='ltr'><strong>vero</strong></span> <span class='ocrx_word' id='word_1_793' title='bbox 3307 5521 3657 5576; x_wconf 83' lang='lat' dir='ltr'><strong>mutationem</strong></span> 
     </span>
    </p>
   </div>
   <div class='ocr_carea' id='block_1_115' title="bbox 410 5608 2444 5684">
    <p class='ocr_par' dir='ltr' id='par_1_115' title="bbox 410 5608 2444 5684">
     <span class='ocr_line' id='line_1_115' title="bbox 410 5608 2444 5684; baseline 0.004 -22"><span class='ocrx_word' id='word_1_794' title='bbox 410 5625 532 5663; x_wconf 84' lang='lat' dir='ltr'><strong>eam</strong></span> <span class='ocrx_word' id='word_1_795' title='bbox 563 5609 730 5665; x_wconf 78' lang='lat' dir='ltr'><strong>altius</strong></span> <span class='ocrx_word' id='word_1_796' title='bbox 772 5612 842 5665; x_wconf 86' lang='lat' dir='ltr'><strong>ab</strong></span> <span class='ocrx_word' id='word_1_797' title='bbox 881 5610 1001 5679; x_wconf 90' lang='lat' dir='ltr'><strong>ipso</strong></span> <span class='ocrx_word' id='word_1_798' title='bbox 1048 5608 1206 5663; x_wconf 89' lang='lat' dir='ltr'><strong>initio</strong></span> <span class='ocrx_word' id='word_1_799' title='bbox 1261 5615 1545 5676; x_wconf 87' lang='lat' dir='ltr'><strong>repetens,</strong></span> <span class='ocrx_word' id='word_1_800' title='bbox 1570 5617 1838 5677; x_wconf 82' lang='lat' dir='ltr'><strong>quantum</strong></span> <span class='ocrx_word' id='word_1_801' title='bbox 1892 5620 2106 5680; x_wconf 87' lang='lat' dir='ltr'><strong>potero,</strong></span> <span class='ocrx_word' id='word_1_802' title='bbox 2151 5630 2444 5684; x_wconf 82' lang='lat' dir='ltr'><strong>exponam.</strong></span> 
     </span>
    </p>
   </div>
   <div class='ocr_carea' id='block_1_116' title="bbox 484 5746 1165 5814">
    <p class='ocr_par' dir='ltr' id='par_1_116' title="bbox 484 5746 1165 5814">
     <span class='ocr_line' id='line_1_116' title="bbox 484 5746 1165 5814; baseline 0.003 -16"><span class='ocrx_word' id='word_1_803' title='bbox 484 5747 562 5814; x_wconf 70' lang='lat'><strong>(1)</strong></span> <span class='ocrx_word' id='word_1_804' title='bbox 603 5749 693 5800; x_wconf 81' lang='grc' dir='ltr'><strong>Ἑν</strong></span> <span class='ocrx_word' id='word_1_805' title='bbox 721 5749 928 5811; x_wconf 75' lang='grc' dir='ltr'><strong>Φαινοῖ,</strong></span> <span class='ocrx_word' id='word_1_806' title='bbox 963 5746 1165 5801; x_wconf 86' lang='lat' dir='ltr'><strong>Euseb.</strong></span> 
     </span>
    </p>
   </div>
   <div class='ocr_carea' id='block_1_117' title="bbox 488 5813 1984 5885">
    <p class='ocr_par' dir='ltr' id='par_1_117' title="bbox 488 5813 1984 5885">
     <span class='ocr_line' id='line_1_117' title="bbox 488 5813 1984 5885; baseline -0.001 -18"><span class='ocrx_word' id='word_1_807' title='bbox 488 5813 564 5885; x_wconf 70' lang='lat'><strong>(2)</strong></span> <span class='ocrx_word' id='word_1_808' title='bbox 594 5817 962 5872; x_wconf 81' lang='lat' dir='ltr'><strong>Diocletianus</strong></span> <span class='ocrx_word' id='word_1_809' title='bbox 994 5826 1048 5870; x_wconf 83' lang='lat' dir='ltr'><strong>et</strong></span> <span class='ocrx_word' id='word_1_810' title='bbox 1078 5813 1372 5869; x_wconf 91' lang='lat' dir='ltr'><strong>llercnlius</strong></span> <span class='ocrx_word' id='word_1_811' title='bbox 1402 5814 1632 5885; x_wconf 86' lang='lat' dir='ltr'><strong>biennio</strong></span> <span class='ocrx_word' id='word_1_812' title='bbox 1664 5822 1777 5869; x_wconf 89' lang='lat' dir='ltr'><strong>toto</strong></span> <span class='ocrx_word' id='word_1_813' title='bbox 1803 5817 1984 5868; x_wconf 72' lang='lat' dir='ltr'><strong>conti—</strong></span> 
     </span>
    </p>
   </div>
   <div class='ocr_carea' id='block_1_118' title="bbox 422 5884 1976 5942">
    <p class='ocr_par' dir='ltr' id='par_1_118' title="bbox 422 5884 1976 5942">
     <span class='ocr_line' id='line_1_118' title="bbox 422 5884 1976 5942; baseline -0.001 -5"><span class='ocrx_word' id='word_1_814' title='bbox 422 5884 615 5940; x_wconf 82' lang='lat' dir='ltr'><strong>neuter</strong></span> <span class='ocrx_word' id='word_1_815' title='bbox 650 5888 995 5942; x_wconf 83' lang='lat' dir='ltr'><strong>Christianos</strong></span> <span class='ocrx_word' id='word_1_816' title='bbox 1033 5886 1365 5941; x_wconf 72' lang='lat' dir='ltr'><strong>amiserunt.</strong></span> <span class='ocrx_word' id='word_1_817' title='bbox 1398 5884 1846 5940; x_wconf 76' lang='lat' dir='ltr'><strong>l’crsecutionem</strong></span> <span class='ocrx_word' id='word_1_818' title='bbox 1885 5900 1976 5937; x_wconf 83' lang='lat' dir='ltr'><strong>au-</strong></span> 
     </span>
    </p>
   </div>
   <div class='ocr_carea' id='block_1_119' title="bbox 2099 5751 3656 5825">
    <p class='ocr_par' dir='ltr' id='par_1_119' title="bbox 2099 5751 3656 5825">
     <span class='ocr_line' id='line_1_119' title="bbox 2099 5751 3656 5825; baseline 0.003 -23"><span class='ocrx_word' id='word_1_819' title='bbox 2099 5760 2204 5803; x_wconf 90' lang='lat' dir='ltr'><strong>tem</strong></span> <span class='ocrx_word' id='word_1_820' title='bbox 2236 5751 2498 5825; x_wconf 84' lang='lat' dir='ltr'><strong>reliquam</strong></span> <span class='ocrx_word' id='word_1_821' title='bbox 2545 5752 2701 5806; x_wconf 84' lang='lat' dir='ltr'><strong>annis</strong></span> <span class='ocrx_word' id='word_1_822' title='bbox 2729 5764 2851 5825; x_wconf 73' lang='lat' dir='ltr'><strong>octo</strong></span> <span class='ocrx_word' id='word_1_823' title='bbox 2888 5753 3100 5825; x_wconf 80' lang='lat' dir='ltr'><strong>tyranni</strong></span> <span class='ocrx_word' id='word_1_824' title='bbox 3144 5764 3487 5807; x_wconf 66' lang='lat' dir='ltr'><strong>SICCC:SOI‘¢S</strong></span> <span class='ocrx_word' id='word_1_825' title='bbox 3531 5761 3656 5806; x_wconf 79' lang='lat' dir='ltr'><strong>sunt</strong></span> 
     </span>
    </p>
   </div>
   <div class='ocr_carea' id='block_1_120' title="bbox 2094 5822 2814 5892">
    <p class='ocr_par' dir='ltr' id='par_1_120' title="bbox 2094 5822 2814 5892">
     <span class='ocr_line' id='line_1_120' title="bbox 2094 5822 2814 5892; baseline 0.004 -18"><span class='ocrx_word' id='word_1_826' title='bbox 2094 5823 2357 5877; x_wconf 63' lang='lat' dir='ltr'><strong>exsecuti.</strong></span> <span class='ocrx_word' id='word_1_827' title='bbox 2390 5822 2535 5876; x_wconf 82' lang='lat' dir='ltr'><strong>Infra</strong></span> <span class='ocrx_word' id='word_1_828' title='bbox 2575 5837 2696 5892; x_wconf 78' lang='lat' dir='ltr'><strong>cap.</strong></span> <span class='ocrx_word' id='word_1_829' title='bbox 2725 5822 2814 5877; x_wconf 58' lang='grc' dir='ltr'><strong>ἓν).</strong></span> 
     </span>
    </p>
   </div>
  </div>
