4052 6480
426 426 566 493 1243

1656 421 2082 486 NICEPHORI
2122 424 2476 488 CALLISTI

3562 419 3692 485 19.4%

423 516 644 612 panum\
662 536 730 593 ad
764 534 1104 594 Nicomedia:
1141 533 1357 600 sinuin,
1395 537 1452 590 in
1491 535 1664 590 altum
1705 553 1858 591 mare
1892 537 2016 592 lon-

2138 541 2356 594 ;πιπολὺ
2403 540 2505 606 τῆς
2559 537 2842 607 θαλάσσης
2897 539 3140 610 προῆκον
3175 538 3232 602 ές
3283 537 3344 592 τὸ
3395 537 3686 605 ὀξύτατον·

424 633 548 702 gius
582 629 931 702 prominens.
975 626 1053 682 lbi
1089 626 1382 682 Constanti
1417 625 1756 680 desiderium
1807 641 2012 680 concu-

426 726 576 780 bitus
634 723 880 778 incessit.
933 719 1090 786 Quod
1143 719 1238 774 ubi
1290 719 1552 790 cognovit
1607 719 1814 789 hospes
1867 719 2008 788 ejus,

429 817 834 887 magniﬁcentia
868 823 924 870 et
950 813 1250 883 splendore
1279 814 1529 868 cohortis
1555 812 1675 880 ejus
1703 810 1855 881 regio
1887 825 2012 879 per-

428 921 632 973 motus,
660 909 828 962 ﬁliam
856 909 906 961 ei
935 922 1090 960 suam
1125 906 1226 976 (l),
1259 913 1489 960 venusta
1518 905 1691 959 forma
1721 904 2013 976 aetatisque

429 1001 564 1054 ﬂore
592 1001 702 1070 jam
739 999 987 1052 nubilem
1018 997 1282 1066 puellam,
1333 996 1618 1051 conciliat.
1654 995 1749 1050 llle
1783 1010 1908 1049 cum
1950 1010 2013 1048 ea

431 1109 549 1146 rem
599 1091 806 1156 habet,
855 1090 1296 1158 concubitusque
1346 1089 1655 1144 mercedem
1707 1088 1927 1158 peplum
1961 1089 2014 1143 ei

429 1182 596 1254 464
626 1199 871 1252 purpura
911 1182 1184 1236 intextum
1213 1181 1404 1235 donat.
1441 1181 1613 1236 NOCte
1641 1195 1703 1235 ea
1723 1179 2014 1235 Constanti

431 1277 662 1328 miriﬁca
693 1274 831 1328 visio
862 1283 947 1329 est
980 1274 1185 1336 oblata,
1218 1289 1342 1342 quae
1373 1289 1500 1328 eum
1541 1275 1739 1328 timore
1776 1274 2014 1343 quodam

432 1367 691 1436 perculit.
746 1367 1096 1435 Quapropter
1121 1375 1178 1434 et
1209 1367 1407 1436 puella:
1449 1375 1663 1436 patrem
1698 1377 1784 1421 est
1813 1367 2018 1421 cohor-

433 1470 612 1524 tatus,
645 1470 705 1512 ut
748 1458 938 1523 ﬁliam,
973 1474 1096 1527 qua:
1139 1459 1357 1526 insigne
1397 1458 1677 1528 quoddam
1719 1453 2016 1513 donarium

432 1560 670 1621 gereret,
689 1551 1039 1620 impollutam
1067 1551 1391 1620 diligentius
1415 1559 1748 1618 asservaret,
1781 1559 1837 1604 et
1868 1551 2017 1619 quod

433 1658 505 1696 ex
544 1658 606 1696 ea
659 1652 846 1696 uatum
888 1632 1068 1706 essét,
1115 1644 1430 1698 accuratius
1474 1643 1758 1698 educarat.
1801 1642 2017 1700 Vidisse

435 1735 644 1804 quippe
678 1749 760 1798 se,
797 1751 862 1788 ea
915 1749 1023 1804 qua
1076 1734 1286 1789 dictum
1335 1747 1421 1790 est
1457 1745 1646 1802 nocte,
1691 1734 1914 1799 aiebat,
1961 1734 2016 1787 in

438 1826 802 1882 tabernaculo
849 1843 986 1892 suo,
1036 1837 1237 1897 praeter
1279 1837 1533 1882 naturam
1577 1829 1646 1882 ab
1689 1827 2018 1883 occidentali

437 1917 659 1974 Oceano
695 1921 966 1974 orientem
1007 1922 1204 1975 solem.
1238 1919 1511 1976 Caeterum
1562 1921 1840 1990 legatione
1873 1931 2022 1976 recte
2054 1900 2098 1960 Β

439 2012 614 2070 obita.
646 2012 920 2067 Constans
955 2013 1063 2067 alio
1098 2013 1296 2068 itinere
1331 2012 1556 2068 Romam
1597 2027 1874 2078 reversus,
1913 2027 2022 2067 una

438 2119 565 2158 cum
595 2104 838 2159 Gallcrio
868 2106 1166 2161 Maximino
1194 2107 1375 2162 Caesar
1401 2115 1486 2161 est
1513 2116 1737 2162 creatus
1769 2123 1783 2160 :
1821 2122 1924 2161 nec
1948 2106 2024 2161 ita

439 2185 600 2267 longe
630 2207 773 2266 post,
815 2209 1048 2268 uterque
1079 2200 1360 2268 Augustus
1390 2198 1596 2254 factus.
1629 2199 1698 2254 Et
1732 2199 2028 2254 Diocletia-

440 2303 547 2342 nus
577 2287 835 2344 Herculio
871 2293 1206 2361 imperatore
1239 2291 1427 2346 Roma:
1459 2292 1679 2356 relicto,
1716 2291 1830 2360 ipse
1867 2290 2030 2346 Nico-

441 2379 680 2432 mediam
716 2396 775 2435 se
817 2383 1049 2450 recepit.
1095 2381 1311 2435 Accidit
1345 2381 1648 2451 deinceps,
1683 2391 1743 2436 ut
1778 2391 2030 2438 oratores

443 2468 536 2523 alii
573 2471 638 2523 ad
673 2472 906 2527 Parthos
937 2475 1312 2538 mitterentur,
1345 2473 1440 2543 qui
1477 2482 1533 2528 et
1563 2474 1682 2543 ipse
1715 2473 2028 2543 Drepanum

445 2562 819 2618 diverterunt.
880 2566 949 2618 Et
1008 2567 1104 2635 qui
1159 2565 1448 2619 Constanti
1501 2580 1570 2620 ex
1625 2565 1861 2635 hospitis
1919 2565 2030 2620 ﬁlia

445 2653 653 2708 Helena
678 2657 1006 2725 progenitus
1029 2665 1153 2712 erat
1174 2656 1505 2721 infantulus,
1535 2656 1802 2726 puerilem
1832 2655 2031 2710 ludens

444 2745 670 2813 ludum,
708 2763 738 2800 a
783 2749 1023 2817 quodam
1059 2764 1125 2803 ex
1172 2758 1456 2803 oratorum
1495 2748 1761 2803 comitum
1799 2763 2034 2803 numero

446 2839 714 2906 oll‘ensus,
743 2841 1040 2896 admodum
1069 2841 1122 2896 ei
1153 2841 1517 2906 succensuiL,
1547 2851 1604 2897 et
1625 2841 2036 2912 objurgationes

447 2931 599 2986 illius
633 2933 1018 3002 indignissime
1049 2935 1193 2988 tulit.
1219 2934 1301 2988 lbi
1331 2945 1452 2988 tum
1485 2943 1684 2998 mater,
1709 2933 2034 2988 Constantis

447 3039 578 3077 eum
622 3040 856 3094 puerum
885 3042 1012 3082 esse
1040 3027 1309 3082 indicavit
1334 3047 1349 3084 :
1379 3043 1614 3096 eamque
1644 3043 1782 3092 rem,
1807 3027 2034 3096 peplum

452 3117 589 3171 illud
634 3133 878 3188 purpura
925 3131 1255 3174 exornatum
1298 3121 1621 3189 proferens,
1666 3120 2033 3184 conﬁrmavit,

447 3221 508 3266 et
535 3211 702 3266 iacies
734 3212 852 3281 ipsa
873 3211 1200 3282 iudolesque
1232 3228 1500 3282 generosa
1531 3212 1709 3266 ﬁlium
1740 3212 1887 3265 illius
1915 3225 2035 3266 esse
2064 3243 2108 3304 ο

454 3304 593 3361 satis
651 3306 982 3360 testabatur.
1038 3304 1113 3359 Ea
1169 3321 1229 3360 re
1279 3305 1555 3361 Constans
1604 3320 1671 3360 ex
1724 3306 2033 3374 legatorum

453 3411 711 3452 sermone
753 3399 1007 3468 cognita,
1054 3407 1244 3468 postea
1291 3401 1558 3454 comitatu
1602 3398 1755 3470 regio
1799 3413 2033 3468 puerum

456 3507 564 3546 una
607 3507 734 3547 cum
785 3502 962 3548 matre
1005 3493 1236 3548 Romam
1276 3492 1476 3548 adduci
1525 3493 1765 3550 curavit.
1814 3491 2039 3548 Veritus

453 3595 662 3654 autem,
692 3603 761 3642 ne
789 3589 898 3642 illis
928 3589 1154 3642 absurdi
1185 3588 1486 3658 quidquam
1519 3604 1549 3642 a
1581 3584 2040 3656 Thcodora'legi-

457 3681 588 3734 tiina
620 3681 694 3751 (ἓ)
733 3696 902 3736 uxore
950 3697 1046 3737 sua
1079 3696 1175 3750 per
1221 3681 1550 3750 zelotypiam
1594 3688 1649 3733 et
1688 3679 2032 3749 conjugalem

449 3775 866 3827 aemulationem
892 3773 1189 3832 accideret.
1221 3773 1646 3828 Constantinum
1677 3772 1848 3826 lilium
1873 3771 2040 3825 Nico-

451 3867 698 3920 anediatn
746 3868 813 3921 ad
859 3867 1296 3932 Diocletianum,
1350 3868 1445 3936 qui
1493 3867 1568 3921 ibi
1626 3881 1753 3921 cum
1797 3864 2040 3920 Gallerio

455 3960 758 4014 Maximino
781 3977 986 4029 genero
1011 3969 1149 4025 erat,
1178 3959 1348 4014 misit.
1378 3961 1558 4028 Atque
1581 3959 1658 4013 ibi
1685 3959 1774 4012 ille
1803 3957 2041 4026 benigne

449 4061 784 4120 :susceptus,
824 4052 878 4105 in
921 4052 1125 4120 palatio
1156 4051 1297 4118 apud
1340 4050 1732 4118 imperatorem
1771 4049 1908 4102 vixit
1941 4065 1955 4100 :
1990 4055 2047 4102 et

448 4143 800 4198 domesticus
851 4143 1167 4196 scholarum
1199 4142 1276 4212 (5)
1319 4141 1566 4208 electus,
1608 4141 1827 4197 Gnecas
1875 4139 2046 4194 disci-

456 4237 640 4306 plinas
666 4236 955 4302 addidicit,
981 4234 1259 4304 simulque
1280 4232 1764 4288 Christianismum
1787 4242 1868 4289 est
1896 4248 2049 4288 com-

458 4328 681 4396 plexus.
1601 4337 1605 4341 ’

2119 633 2340 688 ἐνταῦθ’
2366 634 2393 686 ὁ
2426 632 2694 696 Κώνστας
2723 631 3014 703 γενόμενος
3049 635 3128 696 είς
3173 633 3354 702 ἔρωτα
3403 634 3692 696 συνουσίας

2119 721 2279 797 ἧκεν.
2343 726 2501 780 Ἐπεὶ
2527 721 2622 780 οὖν
2653 725 2746 780 τὸν
2777 725 2937 794 λόγον
2965 728 2992 780 ὁ
3021 726 3244 793 ξεναγὸς
3273 726 3491 795 διέγνω,
3519 727 3602 796 ἐφ’
3629 719 3689 780 οὗ

2121 819 2408 874 καταλύων
2439 822 2468 873 6
2502 819 2768 884 Κώνστας
2793 819 3112 890 ὲτύγχανεν,
3139 820 3434 874 ὑποϐάλλει
3457 821 3608 891 αὐτῷ
3632 821 3692 874 τὸ

2123 912 2436 983 θυγάτριον,
2484 913 2583 982 τὴν
2635 912 2766 984 περὶ
2813 912 2978 967 αὐτον
3029 912 3317 984 βασιλικὴν
3365 913 3694 984 δορυφορίαν

2125 1005 2272 1071 ἰδὼν,
2303 1005 2454 1077 ὤραν
2480 1006 2582 1076 ήδη
2619 1007 2800 1075 γάμου
2833 1006 2976 1076 ἔχον,
3008 1010 3105 1058 καὶ
3160 1007 3400 1076 ἀκμαῖον
3447 1006 3587 1076 μάλα
3631 1006 3693 1059 τὺ

2119 1095 2264 1162 εἶδος
2317 1097 2789 1170 προϐεϐλημένον.
2855 1098 2943 1161 Ὦς
2974 1098 3018 1152 δ’
3050 1101 3246 1170 ἐκείνῳ
3278 1100 3346 1152 τὰ
3371 1097 3467 1152 τοῦ
3514 1099 3691 1168 γάμου

2123 1190 2425 1254 τετέλεστο,
2460 1191 2655 1261 μισθὸν
2685 1191 2786 1262 τῆς
2835 1191 3154 1256 συνουσίας,
3180 1191 3406 1244 έπιπλόν
3435 1207 3487 1244 τι
3520 1191 3695 1243 ποικί-

2123 1282 2218 1337 λον
2252 1286 2511 1356 ποριρύρᾳ
2561 1284 2954 1354 διειλημμένον
3001 1286 3069 1356 τῇ
3115 1286 3338 1353 γυναικὶ
3391 1283 3690 1353 ἐχαρίζετο.

2125 1372 2436 1442 Παράδοξον
2461 1373 2514 1425 δέ
2537 1390 2590 1426 τι
2615 1373 2759 1426 κατὰ
2780 1373 2880 1444 τὴν
2905 1371 3078 1427 νύκτα
3106 1371 3325 1442 ἐκείνην
3355 1375 3432 1442 τῷ
3462 1372 3692 1439 Κώνστᾳ.

2127 1464 2324 1535 συνέϐη
2357 1466 2509 1536 ὁρᾷν,
2541 1465 2570 1518 ὃ
2602 1465 2696 1519 καὶ
2745 1467 2826 1528 είς
2871 1465 2990 1527 δέος
3041 1465 3266 1535 εἰσῆγε*
3317 1464 3414 1519 καὶ
3467 1465 3564 1533 τὴν
3597 1481 3691 1532 γυ-

2123 1559 2288 1610 ναῖκα
2344 1556 2794 1628 παραφυλάττειν
2830 1557 3123 1628 ἄχραντον,
3176 1556 3252 1618 ώς
3305 1555 3588 1625 κειμήλιόν
3641 1573 3692 1608 τι

2127 1647 2424 1718 φέρουσαν,
2455 1645 2534 1716 τῷ
2559 1646 2765 1717 ταύτης
2820 1644 3117 1718 παρηγγύα
3167 1647 3359 1714 πατρὶ,
3411 1648 3507 1700 καὶ
3542 1645 3600 1698 τὸ
3631 1646 3694 1698 ἐκ

2123 1739 2328 1808 ταύτης
2359 1738 2548 1808 τεχθὲν
2579 1737 2836 1809 ἀσφαλῶς
2867 1739 3163 1809 φυλάττειν
3189 1755 3204 1770 °
3245 1741 3378 1809 ὁρᾷν
3407 1739 3513 1807 γὰρ
3543 1739 3692 1806 ἔλεγε

2125 1827 2247 1880 κατ’
2285 1827 2500 1898 ἐκείνην
2551 1827 2650 1898 τὴν
2705 1827 2884 1882 νύκτα
2937 1829 3031 1883 τὸν
3071 1829 3359 1899 φωσφόρον
3405 1829 3548 1881 ἔνδον
3597 1829 3692 1898 τῆς

2128 1919 2332 1988 σκηνῆς
2353 1917 2721 1972 ἀνατέλλοντα
2746 1921 2898 1987 παρά
2916 1919 3078 1988 φύσιν
3098 1919 3339 1990 ἔμπαλιν
3362 1921 3425 1972 ἐκ
3446 1920 3541 1989 τῆς
3567 1919 3693 1990 παρ’

2124 2007 2353 2078 ὠκεανῷ
2376 2008 2638 2079 έοπερίας
2658 2010 2842 2080 εὐνῆς.
2854 2010 2913 2064 '0
2937 2010 3035 2080 μὲν
3062 2010 3154 2063 οὖν
3185 2011 3253 2064 τὰ
3280 2011 3378 2075 τῆς
3409 2010 3697 2080 πρεσϐείας

2126 2101 2308 2166 καλῶς
2339 2102 2677 2172 διαθέμενος.
2707 2103 2780 2157 δι’
2807 2103 2979 2174 ἄλλης
3007 2101 3130 2157 ὁδοῦ
3168 2105 3303 2175 πρὸς
3339 2104 3436 2170 τὴν
3482 2101 3699 2171 Ῥώμην

2126 2195 2382 2266 ἀνήγετο.
2418 2197 2528 2250 Καὶ
2559 2198 2775 2268 Καίσαρ
2814 2196 3034 2265 σύναμα
3073 2197 3367 2266 Μαξιμίνῳ
3393 2195 3470 2266 τῷ
3499 2195 3699 2248 Γαλλε-

2131 2288 2234 2360 ρίῳ
2278 2289 2423 2342 κατά
2482 2287 2702 2360 Ῥώμην
2743 2289 3157 2360 ἀναγορεύεται.
3209 2290 3298 2342 Ἐν
3339 2288 3401 2342 οὐ
3442 2287 3620 2357 πολλῷ
3645 2287 3703 2340 δὲ

2133 2381 2286 2451 μέσῳ
2313 2380 2494 2452 χρόνῳ
2522 2383 2614 2435 καὶ
2638 2382 2909 2449 Αὖγυστοι
2933 2382 3284 2452 έφημίζοντο.
3309 2383 3412 2436 Τὸν
3437 2383 3544 2450 γὰρ
3581 2382 3705 2452 Ἐρ-

2133 2472 2382 2527 κούλλιον
2406 2473 2628 2542 βασιλέα
2662 2475 2718 2526 ὲν
2770 2475 2957 2545 Ῥώμῃ
2993 2476 3344 2543 καταστήσας
3388 2473 3707 2542 Διοκλητια-

2133 2565 2246 2632 νὸς,
2278 2567 2440 2631 αὐτος
2481 2567 2724 2620 διέϐαινε
2755 2569 2892 2638 πρδς
2931 2569 3029 2637 τὴν
3070 2566 3457 2637 Νικομήδειαν.
3520 2565 3604 2627 Ὧς
3647 2564 3707 2618 δὲ

2135 2661 2314 2732 χρόνῳ
2385 2663 2683 2732 προήκοντι
2740 2663 3008 2732 πρεσϐεία
3080 2662 3244 2716 πάλιν
3314 2661 3408 2715 ἐπὶ
3464 2658 3710 2730 Πάρθους
3750 2716 3770 2724 _

2137 2751 2446 2814 ἐστέλλετο,
2470 2752 2565 2803 ἐπὶ
2591 2750 2654 2803 τὸ
2677 2752 2960 2820 Δρέπανον
3011 2751 3058 2803 οί
3093 2750 3352 2821 πρέσϐεις
3393 2747 3550 2812 αὖθις
3595 2749 3711 2802 διαο

2136 2844 2458 2899 νεπαύοντο.
2477 2843 2535 2895 Ὀ
2556 2845 2609 2894 δὲ
2640 2842 2719 2910 τῷ
2743 2841 3063 2897 Κώνσταντι
3094 2843 3374 2912 γεννηθεὶς
3405 2843 3466 2894 ἐκ
3493 2841 3588 2911 τῆς
3614 2838 3710 2893 τοῦ

2139 2935 2370 3004 ξεναγοῦ
2397 2935 2670 3004 θυγατρὸς
2710 2936 2932 3006 Ἑλένης
2965 2937 3094 2998 παῖς
3127 2937 3555 2996 Κωνσταντῐνος,
3590 2951 3710 3004 μει-

2142 3028 2330 3101 ράκιον
2371 3026 2468 3092 ὢν,
2509 3027 2791 3098 ἀθύρμασί
2822 3045 2882 3081 τε
2915 3027 3188 3090 παιδικοῖς
3233 3025 3546 3097 διατρίϐων,
3577 3025 3712 3095 πρός

2140 3138 2286 3184 τινος
2344 3122 2453 3174 τῶν
2507 3121 2853 3186 ξενωθέντων
2906 3121 3294 3192 παροξυνθεὶς,
3352 3119 3414 3173 οὐ
3481 3119 3713 3189 μετρίως

2141 3215 2306 3285 ἑχόλα
2333 3254 2350 3280 ,
2384 3217 2480 3268 καὶ
2512 3215 2838 3278 ἀκαθέκτως
2865 3212 2978 3284 είχε
3006 3217 3130 3276 ταῖς
3163 3213 3524 3284 ἐπιπλήξεσιν
3547 3226 3563 3245 ⁸
3593 3214 3625 3278 ὴ
3654 3210 3714 3263 δὲ

2147 3309 2336 3380 μήτηρ
2393 3307 2469 3372 ὠς
2519 3307 2604 3377 εἴη
2661 3309 2794 3371 παῖς
2831 3307 3191 3369 Κώνσταντος
3243 3305 3508 3375 διεσάφει,
3549 3319 3721 3374 παρε-

2142 3399 2328 3452 δείκνυ
2383 3417 2443 3452 τε
2499 3399 2561 3452 τὸ
2624 3400 2856 3465 πέπλον,
2914 3399 3178 3471 πορφύρᾳ
3236 3396 3720 3464 διεσκευασμένον,

2143 3491 2438 3560 ἐξάγουσα.
2479 3490 2545 3545 Ἥ
2593 3492 2650 3544 δὲ
2696 3493 2792 3560 τῆς
2831 3495 3046 3562 μορφῆς
3081 3491 3204 3560 ὄψις
3233 3491 3333 3542 οὐκ
3365 3488 3588 3558 ἀγεννὲς
3617 3505 3719 3555 οη⁴

2146 3586 2299 3660 μεῖον
2315 3584 2390 3647 ώς
2408 3583 2643 3662 είηηπαῖς
2673 3582 2886 3636 ἐκείνου
2921 3583 3111 3651 σαφῶς
3143 3583 3514 3652 κατεμήνυεν.
3557 3578 3642 3639 Ὠς
3669 3579 3721 3632 δ’

2148 3677 2292 3746 ἔγνω
2328 3677 2589 3741 Κώνστας
2624 3678 2834 3731 ἕκαστα
2872 3675 3248 3746 διηγουμένων
3277 3676 3386 3728 τῶν
3417 3673 3722 3744 πρέσϐεων,

2147 3771 2326 3843 χρόνῳ
2356 3771 2586 3842 ὕστερον
2615 3771 2871 3842 βασιλικῇ
2897 3770 3195 3842 δορυφορίᾳ
3226 3769 3317 3822 τόν
3346 3786 3402 3822 τε
3435 3766 3598 3819 παῖδα
3625 3766 3720 3818 σὺν

2149 3865 2216 3931 τῇ
2248 3862 2421 3932 μητρὶ
2451 3865 2508 3926 ές
2546 3862 2769 3934 Ῥώμην
2811 3863 3006 3932 ἀνῆγε.
3034 3861 3298 3925 Δεδοικώς
3329 3878 3394 3929 γε
3427 3859 3531 3930 μὴν
3569 3859 3641 3928 μή
3669 3874 3721 3910 τι

2150 3956 2216 4009 ἔκ
2275 3956 2610 4025 ζηλοτυπίας
2637 3956 2755 4025 τῆς
2807 3959 2871 4010 ἐκ
2927 3957 3110 4027 νόμων
3143 3955 3404 4022 γυναικὸς
3441 3952 3723 4022 Θεοδώρας

2153 4048 2354 4103 ἄτοπόν
2383 4065 2436 4100 τι
2471 4050 2538 4120 τῇ
2585 4046 2778 4120 Ἑλένῃ
2809 4049 2904 4102 καὶ
2929 4048 3007 4118 τῷ
3058 4049 3211 4100 παιδὶ
3260 4047 3605 4115 ἐπιγένηται,
3633 4042 3723 4093 τὸν

2157 4141 2256 4212 μὲν
2288 4141 2702 4194 Κωνσταντῑνον
2731 4143 2788 4201 ἐς
2825 4140 3216 4211 Διοκλητιανὺν
3257 4139 3402 4193 κατά
3431 4137 3531 4209 τὴν
3557 4135 3723 4188 Νικο-

2159 4235 2386 4306 μήδειαν
2415 4234 2767 4306 διατρίϐοντα
2799 4235 3016 4304 σύναμα
3043 4234 3123 4304 τῷ
3153 4231 3394 4303 γαμϐρῷ
3421 4230 3500 4301 τῷ
3530 4226 3726 4282 rans-

2156 4329 2260 4400 ρίῳ
2285 4329 2581 4400 Μαξιμίνῳ
2633 4329 2958 4399 ἀνέπεμπεν
2979 4345 2994 4360 °
3021 4331 3120 4382 καὶ
3136 4326 3216 4392 ὃς,
3238 4325 3580 4395 φιλοφρόνως
3600 4321 3732 4372 ὑπο-

449 4419 676 4488 δεχθεὶς
703 4421 758 4471 ὲν
790 4419 866 4490 τῷ
914 4420 1162 4494 παλατίῳ
1192 4421 1724 4494 διῆγε,δομέστικος
1787 4418 2200 4492 προχειρισθεὶς
2260 4419 2371 4473 τῶν
2443 4420 2693 4492 σχολῶνο
2741 4419 2841 4474 καὶ
2916 4417 3168 4480 παιδείας
3221 4416 3325 4488 τῆς
3375 4415 3484 4469 τῶν
3540 4407 3730 4477 Ἐλλήι

452 4530 570 4565 *νων
605 4516 821 4581 μετεῖχε
854 4515 920 4567 τὰ
952 4515 1299 4586 Χριστιανῶν
1333 4514 1740 4587 ἀσπαζόμενος.

939 4657 1102 4732 465
1142 4656 1370 4714 CAPUT
1411 4655 1558 4711 χιχ.

466 4748 538 4808 Ζίι
568 4768 788 4821 magnus
822 4749 1197 4806 Constantinus
1237 4751 1486 4803 divinitus
1520 4755 1802 4821 paternum
1829 4747 2050 4819 adeptus

800 4825 866 4876 sit
899 4823 1197 4889 imperium,
1226 4831 1274 4874 et
1303 4821 1476 4889 qualis
1511 4819 1688 4889 fuerit.
1919 4889 1926 4896 ι

524 4936 678 4992 -‘Cum
735 4950 917 4991 autem
984 4936 1198 4990 videret
1256 4935 1379 4989 illos
1431 4933 1748 4989 ChriSIiano
1801 4931 2046 5004 gaudere

454 5029 771 5098 sanguine,
821 5029 1124 5082 abhorrere
1171 5027 1241 5080 ab
1297 5041 1492 5079 eorum
1546 5025 1950 5081 consuetudine
1993 5031 2052 5078 et

457 5121 840 5177 contubernio
897 5120 1087 5189 cmpit.
1142 5119 1222 5173 Illi
1285 5133 1449 5188 porro
1504 5118 1735 5174 deorum
1786 5117 2055 5186 superSti-

458 5215 634 5278 ‘tioni,
669 5224 729 5268 ut
753 5215 888 5268 nulli
917 5215 1033 5274 alii,
1057 5227 1224 5282 quam
1259 5210 1496 5266 maxime
1519 5210 1716 5274 dediti,
1743 5210 2052 5281 auguribus

473 5310 904 5380 auspicibusque
979 5307 1291 5371 consultis,
1357 5307 1573 5362 occulte
1647 5313 2053 5374 cognoverunt,

447 5402 904 5461 "Constantinum
937 5416 1047 5454 non
1078 5399 1240 5455 modo
1272 5409 1386 5454 toto
1413 5401 1787 5453 Romanorum
1823 5397 2057 5467 imperio

462 5503 826 5569 :potiturum,
884 5511 1072 5549 verum
1129 5494 1296 5549 etiam
1353 5493 1671 5548 Cra-corum
1729 5491 2058 5546 idololatria:

547 5676 624 5743 (1)
661 5675 735 5728 De
793 5673 996 5728 ilelena
1036 5671 1386 5728 Constantini
1437 5679 1610 5726 matre
1657 5668 1902 5743 historia;
1962 5683 2059 5743 va:

468 5737 645 5814 ’riaut.
687 5743 858 5798 Grazci
913 5759 1032 5796 eam
1098 5743 1334 5814 nationi,
1373 5757 1482 5814 sua:
1534 5749 1828 5814 arrogant,
1881 5737 2058 5814 liatini

473 5810 770 5868 .llritonum
844 5814 989 5881 regis
1075 5815 1240 5866 tiliam
1315 5812 1492 5881 fuisse
1552 5812 1820 5881 Erillum.
1900 5810 2062 5881 Pater

475 5884 688 5952 Quippe
731 5879 1078 5939 Constantini
1110 5884 1383 5938 Constans
1421 5880 1608 5936 Gallia:
1663 5889 1718 5936 et
1765 5879 2062 5935 Brit-iunia:

2752 4651 3007 4705 ΚΕΦΛΛ.
3035 4649 3139 4702 ῙΘ’.

2160 4747 2361 4818 Ὅπως
2398 4748 2431 4800 ὁ
2457 4745 2647 4818 μέγας
2672 4741 3127 4818 Κωνστανξξνος
3153 4739 3363 4818 θεόθεεγ⁰
3385 4737 3501 4818 τῂν
3527 4752 3732 4818 θεατρι-

2264 4805 2386 4885 κῆν
2425 4805 2758 4882 ,βασίιλὲίαν
2789 4805 3208 4882 περιεζώσάτο,
3245 4809 3343 4864 καὶ
3371 4805 3498 4876 οἷὸς
3529 4805 3627 4879 ἦν.

2238 4931 2417 5001 Ὁρῶν
2446 4929 2490 4982 δ’
2526 4929 2770 4997 ἐκείνους
2820 4928 2934 4989 τοῖς
2979 4924 3091 4977 τῶν
3137 4923 3486 4994 Χριστιανῶν
3533 4921 3732 4990 αἵμασι

2155 5023 2470 5094 χαίροντας,
2497 5021 2588 5076 διὰ
2619 5022 2813 5092 μίσους
2837 5020 3080 5071 ἐποιεῖτο
3105 5018 3202 5088 τὴν
3229 5015 3528 5069 συνοικίαν.
3562 5015 3735 5068 Ἐκεῖ·

2156 5135 2239 5172 νοι
2287 5118 2344 5172 δὲ
2389 5117 2786 5186 δεισιδαίμονες
2837 5114 2999 5185 εἴπερ
3045 5112 3190 5176 τινὲς
3222 5111 3532 5180 γεγονότες,
3556 5111 3735 5162 οἰωνι-

2159 5209 2380 5281 ζόμενοι
2405 5227 2462 5264 τε
2498 5211 2592 5262 καὶ
2640 5207 3183 5278 ἡπατοσκοποῦντες,
3213 5204 3458 5272 ἔγνωσαν
3489 5201 3734 5270 ἀπορρή-

2157 5321 2266 5367 τως
2307 5304 2400 5356 τὸν
2436 5304 2857 5358 Κωνσταντῖνον
2891 5300 2949 5352 οὐ
2985 5300 3145 5369 μόνον
3185 5297 3407 5365 σύμπαν
3435 5294 3494 5346 τὸ
3533 5293 3732 5363 κράτος

2166 5397 2259 5450 ὑπ’
2288 5397 2474 5462 αὐτὸν,
2507 5394 2645 5449 ἀλλά
2698 5395 2793 5448 καὶ
2838 5392 2936 5462 τῆς
2998 5391 3275 5460 Ἑλλήνων
3307 5385 3514 5453 πλάνης
3542 5382 3736 5435 καθαι-

2168 5491 2334 5561 ρέτην
2362 5505 2422 5542 τε
2469 5489 2565 5542 καὶ
2596 5485 2936 5556 ἀφανιστήν’
2971 5483 3214 5554 Χριστοῦ
3243 5478 3302 5531 δὲ
3351 5478 3445 5530 καὶ.
3473 5475 3736 5544 Χριστια-

2160 5663 2468 5730 imperavit.

2235 5729 2311 5802 ('2)
2347 5731 2640 5788 Posteriori
2681 5729 2889 5802 potius.
3203 5795 3216 5802 _
3391 5791 3404 5802 θ
3675 5784 3686 5802 ε

2237 5795 2311 5873 (ὅ)
2355 5803 2652 5858 Domestici
2681 5795 3063 5873 —$('ll(tl:ll‘llm_!
3093 5795 3285 5873 quales
3333 5795 3629 5849 etiamnum
3672 5801 3730 5841 tn

2164 5865 2476 5946 principum
2512 5873 2652 5927 aulis
2677 5872 2902 5926 aluntur
2934 5866 3065 5937 regii
3104 5865 3281 5936 pueri.
