4052 6444
314 430 456 495 1245

1232 432 1835 497 ΕΟΕΕΕΞΙΑΞΤΙΟΕ
1873 437 2266 501 HISTORLE
2308 441 2461 505 LIB.
2501 441 2635 508 VII.

3426 442 3449 507 1
3462 442 3561 507 246

313 542 421 596 νῶν
463 540 728 615 διάπυρον
761 542 1003 614 ἐραστὴν
1046 542 1291 599 ἔσεσθαι.
1339 546 1559 617 Ἀμέλει
1589 565 1673 603 τοι
1704 549 1798 602 καὶ
1827 550 1886 603 ιν

2017 568 2337 622 τνετεοτειη,
2381 571 2445 611 ac
2485 556 2692 611 Christi
2730 564 2786 611 et
2823 554 3267 613 Christianorum
3298 559 3561 616 eximium

325 630 708 705 ’Δλεξανδρείᾳ
763 636 861 704 μὲν
910 636 1320 705 Διοκλητιανὸς,
1375 640 1578 709 καίπερ
1630 640 1887 708 γενναίας

312 724 453 794 ἔργα
482 727 669 795 χειρὸς
700 727 979 795 δράσαντα
1004 728 1063 780 ὲν
1094 731 1160 798 τῇ
1194 728 1334 781 κατὰ
1372 730 1463 783 τὸν
1506 731 1759 800 Ἀχιλλέα
1785 731 1889 800 τῆς

316 816 598 883 Αἰγύπτου
647 819 1040 883 ἐπαναστάσει,
1082 819 1177 873 τὸν
1231 823 1645 876 Κωνσταντῖνον
1675 824 1887 877 ἀνελεῖν

317 908 595 979 ἐπεχείρει
616 924 633 939 ο
660 910 948 979 Γαλλέριος
981 912 1038 965 δὲ
1065 915 1122 964 ὲν
1175 912 1513 986 Παλαιστίνῃ
1537 915 1637 984 τῆς
1663 915 1891 969 ἐπιϐου-

316 1004 416 1072 λῆς
448 1006 676 1075 ἥπτετο.
708 1006 811 1057 Τὸν
844 1006 977 1075 γοῦν
1011 1008 1275 1079 λεληθότα
1299 1008 1450 1064 δόλον
1480 1011 1590 1064 τῶν
1624 1013 1891 1082 κρατούν-

318 1115 428 1152 των
456 1098 789 1167 διεγνωκὼς,
813 1100 949 1155 Θεοῦ
979 1102 1037 1154 δὲ
1067 1098 1135 1171 ἦν
1161 1103 1269 1172 ἄρα
1296 1103 1389 1157 τοῦ
1420 1104 1600 1159 πάντα
1624 1103 1721 1158 σὺν
1745 1104 1890 1175 λόγῳ

317 1190 775 1263 διέποντος,ἇρας
805 1194 870 1246 ὲκ
903 1194 1005 1263 τῆς
1024 1194 1398 1265 Νικομήδους,
1423 1198 1515 1248 ἐπὶ
1537 1198 1630 1260 τὰς
1660 1198 1891 1258 Γαλλίας

323 1283 464 1352 πρὸς
495 1283 587 1337 τὸν
621 1286 837 1354 πατέρα
888 1286 1231 1355 μετέϐαινεν,
1278 1289 1375 1357 οὐχ
1424 1282 1589 1358 ἧττον
1640 1290 1892 1342 κάκεῖνον

319 1374 411 1426 τὸν
465 1375 631 1427 παῖδα
686 1376 1148 1446 ἐπικαλούμενον,
1181 1374 1267 1432 οἷα
1440 1381 1510 1433 τὰ
1544 1382 1892 1451 Χριστιανῶν

322 1465 714 1533 πρεσϐεύοντα,
749 1469 846 1521 καὶ
877 1471 934 1522 ὲν
964 1470 1302 1533 τελευταίαις
1328 1475 1427 1541 τῆς
1460 1473 1730 1543 διαθήκης
1765 1474 1894 1526 ὄντα

323 1559 647 1621 ἀναπνοαῖς.
707 1560 765 1612 Ὀ
813 1561 871 1613 δὲ
905 1562 1001 1614 καὶ
1037 1564 1185 1631 μάλα
1214 1565 1401 1634 ἡσθεὶς
1442 1568 1507 1635 τῇ
1559 1565 1655 1618 τοῦ
1704 1566 1896 1629 παιδὸς

324 1651 620 1721 παρουσίᾳ,
654 1652 746 1704 καὶ
779 1654 907 1715 τοὺς
938 1654 1133 1717 ἄλλους
1165 1654 1419 1718 ἅπαντας
1472 1658 1893 1727 παρωσάμενος,

323 1742 422 1808 τῆς
456 1742 645 1811 κλίνης
675 1744 1041 1812 ἀνακαθίσας,
1086 1748 1185 1817 τῆς
1215 1765 1275 1800 τε
1314 1749 1627 1819 συγκλήτου
1658 1752 1753 1803 καὶ
1786 1749 1895 1802 τῶν

326 1831 536 1885 παίδων
570 1834 663 1886 καὶ
691 1833 787 1886 τοῦ
822 1835 1064 1905 πλήθους
1096 1839 1318 1901 παντὸς.
1346 1840 1443 1893 καὶ
1485 1824 1595 1892 τῶν
1636 1840 1694 1907 ἐξ
1744 1840 1898 1893 ἁλλο-

1989 656 2289 701 amatorem
2361 647 2634 703 futurum.
2702 648 2894 718 ltaque
2960 648 3336 705 Diocletianus
3407 652 3561 706 illum

1989 739 2333 793 Alexandrim
2395 740 2451 793 in
2509 738 3053 809 Egyptia-Achillis
3114 742 3416 797 rebellione
3464 743 3564 813 (1),

1990 830 2239 899 quamvis
2274 832 2494 899 egregia
2535 847 2698 885 manu
2730 832 2984 887 edentem
3029 833 3273 887 facinora
3299 874 3313 894 ,
3343 833 3561 888 interli-

1990 936 2117 976 cere
2163 930 2249 975 est
2294 932 2567 977 conatus:
2622 932 2679 977 et
2728 923 3003 977 Gallerius
3060 924 3115 977 in
3170 925 3460 978 Palaestina
3509 925 3560 980 ei

1988 1014 2221 1068 insidias
2254 1000 2475 1069 struxit.
2512 1015 2725 1080 Quibus
2765 1016 2856 1069 ille
2889 1016 3232 1085 compertis,
3269 1027 3403 1072 nutu
3444 1018 3561 1078 Dei.
3632 1024 3633 1027 “

1992 1104 2086 1173 qui
2128 1104 2313 1158 omnia
2365 1114 2512 1159 recte
2559 1116 2615 1157 et
2648 1106 2924 1175 sapienter
2970 1105 3198 1175 dirigit,
3248 1106 3563 1162 Nicomedia

1995 1195 2250 1259 solvens,
2306 1195 2372 1250 ad
2422 1206 2637 1264 patrem
2691 1197 2745 1249 in
2796 1195 2999 1250 Gallias
3053 1198 3266 1267 trajecit
3302 1199 3424 1267 (2):
3468 1201 3563 1268 qui

1997 1287 2147 1341 illum
2184 1286 2386 1350 etiam,
2438 1286 2879 1341 Christianorum
2922 1303 3076 1343 sacra
3125 1290 3214 1358 pie
3264 1288 3474 1355 colens,
3511 1299 3568 1343 ct

1994 1376 2318 1446 propediem
2365 1384 2699 1429 testamento
2732 1378 2845 1446 jam
2877 1380 3099 1432 condito
3144 1378 3468 1442 moriturus.
3498 1382 3565 1432 ait

1995 1483 2053 1521 se
2076 1466 2425 1521 commodum
2456 1478 2776 1523 evocaverat
2799 1486 2812 1522 :
2842 1485 2951 1538 quo
2975 1471 3179 1541 majore
3203 1470 3365 1523 etiam
3389 1470 3559 1523 animi

1994 1559 2276 1628 voluptate
2329 1568 2383 1613 et
2443 1560 2627 1613 laetitia
2694 1561 3085 1615 advenientem
3144 1577 3271 1616 eum
3333 1563 3568 1629 excepit.

1995 1651 2307 1720 Assurgens
2350 1651 2516 1721 igitur
2550 1651 2604 1705 in
2641 1652 2817 1714 lecto,
2866 1653 2990 1707 aliis
3024 1652 3325 1716 abdicatis,
3357 1670 3481 1707 cum
3519 1653 3571 1707 ei

2000 1743 2101 1812 ipsi
2133 1742 2331 1807 liberi,
2377 1742 2603 1797 senatUs
2646 1744 2996 1813 papulasque
3029 1746 3356 1809 universus,
3388 1756 3443 1799 et
3474 1745 3575 1798 ad-

2001 1846 2153 1885 vena:
2179 1847 2400 1900 quoque
2444 1833 2702 1901 permulti
2746 1834 3023 1898 adessent,
3061 1836 3301 1904 insignia
3338 1836 3577 1905 impera-

325 1925 504 1992 δαπῆς
533 1927 842 1996 παρόντων,
875 1904 939 1979 τὰ
971 1929 1072 1997 τῆς
1103 1929 1379 1998 βασιλείας
1412 1930 1659 1999 σύμϐολα
1678 1904 1779 1983 καὶ
1804 1930 1896 1983 τὸν

2017 1924 2145 1978 toria
2195 1932 2249 1977 et
2295 1939 2556 1978 coronam
2608 1940 2833 1978 auream
2877 1925 3241 1981 Constantino
3291 1928 3579 1995 imposuit,

325 2013 561 2083 χρυσοῦν
593 2013 857 2081 στέφανον
888 2014 1036 2086 αὐτῷ
1059 2016 1368 2084 περιέθετο,
1410 2017 1570 2080 αὐτὸς
1602 2018 1775 2089 κῆρυξ
1803 2019 1897 2072 τοῦ

328 2105 520 2167 παιδὸς
550 2105 765 2175 πρῶτος
807 2108 1132 2173 ἀναφανεὶς,
1166 2109 1260 2162 καὶ
1292 2111 1426 2178 πρὸς
1462 2110 1561 2179 τὴν
1596 2110 1901 2180 σύγκλητον

326 2198 424 2249 καὶ
466 2196 556 2250 τὸν
605 2198 767 2250 παῖδα
818 2198 974 2251 ταῦτ’
1021 2200 1263 2253 ἀνειπὼν
1290 2218 1305 2231 ·
1344 2201 1459 2255 Νῦν
1489 2204 1516 2255 ὁ
1548 2203 1777 2266 θάνατός
1811 2220 1902 2272 μοι

327 2289 425 2358 τῆς
453 2288 597 2359 ζωῆς
625 2290 794 2359 ήδίων
822 2291 1152 2345 καθίσταται
1178 2308 1192 2322 ο
1234 2290 1328 2346 νῦν
1363 2310 1456 2363 μοι
1491 2293 1632 2346 κατὰ
1675 2293 1902 2364 γνώμην

330 2384 364 2450 ή
390 2381 617 2452 τελευτὴ
655 2382 886 2451 ἐπέστη.
925 2383 1075 2453 Ἐχω
1109 2384 1220 2454 γάρ
1257 2401 1361 2453 μου
1390 2384 1451 2436 τὸ
1489 2384 1747 2454 μέγιστον
1788 2387 1907 2438 tm—

329 2474 526 2543 τάφιον
554 2474 645 2527 τὸν
672 2475 807 2528 υἱόν.
834 2471 910 2526 Τὸ
932 2476 1041 2545 γάρ
1067 2476 1394 2529 καταλιπεῖν
1417 2478 1511 2529 ἐπὶ
1544 2477 1647 2546 γῆς
1679 2477 1905 2546 βασιλέα

332 2563 400 2615 τὰ
452 2564 799 2633 Χριστιανῶν
855 2563 1069 2635 δάκρυα
1127 2567 1224 2618 σὺν
1259 2566 1382 2637 θείᾳ
1415 2569 1554 2638 ῥοπῇ
1607 2567 1905 2637 δυνάμενον

335 2656 782 2725 ἁπομόρξασθαι,
811 2658 907 2711 καὶ
937 2658 1097 2727 δίκην
1131 2659 1400 2729 λήψεσθαι
1436 2661 1545 2713 τῶν
1574 2663 1686 2723 τοῖς
1723 2661 1906 2724 ἀθέοις

334 2749 622 2818 τυράννοις
654 2751 1096 2821 τετολμημένων,
1150 2752 1311 2805 τοῦτό
1349 2770 1441 2821 μοι
1471 2754 1534 2805 τὸ
1576 2754 1673 2821 τῆς
1728 2770 1907 2823 μακα-

338 2842 586 2909 ριότητος
612 2843 861 2913 ἔσχατον.
890 2840 1022 2897 Εἶτα
1048 2843 1181 2912 πρὸς
1204 2844 1265 2897 τδ
1291 2844 1497 2913 πλῆθος
1521 2848 1903 2916 ἐπιστραφεὶς,

334 2934 559 3004 θαρσεῖν
587 2952 650 2988 τε
684 2936 903 2988 ἐκέλευε
953 2938 1066 2999 τοῖς
1123 2937 1199 3007 μὴ
1255 2939 1651 3008 μεταθεμένοις
1682 2938 1742 2989 τὸ
1773 2938 1909 3007 πρὸς

335 3027 572 3096 Χριστὸν
624 3029 786 3091 σέϐας
816 3044 830 3060 ο
866 3027 1189 3091 ὁπλίζεσθαι
1227 3031 1321 3084 καὶ
1360 3030 1470 3099 γὰρ
1520 3030 1731 3083 ἐκεῖνον
1769 3032 1910 3100 μετὰ

338 3122 751 3173 Κωνσταντίνου
786 3120 994 3175 λοιπόν.
1022 3115 1130 3173 Ἦν
1161 3121 1270 3193 γὰρ
1295 3124 1322 3176 δ
1354 3121 1619 3187 Κώνστας
1651 3125 1712 3177 ὲν
1742 3123 1910 3194 πολλῇ

2005 2015 2275 2085 praeconis
2326 2031 2530 2069 munus
2585 2016 2701 2085 ipse
2749 2026 2908 2086 pater
2962 2018 3016 2071 in
3076 2017 3188 2071 filio
3246 2017 3579 2087 adimplens.

2004 2108 2130 2163 llaec
2156 2108 2304 2162 enim
2334 2109 2401 2163 ad
2430 2117 2685 2162 senatum
2718 2120 2774 2162 et
2807 2108 2980 2162 filium
3010 2113 3184 2178 ipsum
3218 2118 3302 2163 est
3331 2110 3578 2164 locutus:

2004 2199 2161 2255 Nunc
2196 2200 2329 2252 mihi
2364 2216 2514 2254 mors
2537 2201 2648 2253 vita
2680 2200 2796 2269 ipsa
2828 2199 3045 2253 dulcior
3071 2212 3154 2254 est
3185 2199 3369 2253 futura
3399 2216 3413 2252 ;
3438 2214 3585 2253 nunc

2005 2304 2227 2361 Optatus
2271 2292 2426 2346 adest
2474 2291 2680 2346 obitus.
2725 2291 2914 2346 Teneo
2959 2290 3235 2360 siquidem
3281 2290 3584 2343 maximum

2006 2383 2389 2452 epitaphium,
2439 2384 2860 2454 sepulcraleque
2906 2393 3361 2446 monumentum,
3406 2396 3586 2435 meum

2008 2476 2203 2530 filium.
2254 2476 2320 2531 Et
2365 2476 2512 2545 quod
2548 2475 2602 2529 in
2648 2475 2814 2530 terris
2860 2474 3253 2544 imperatorem
3302 2474 3585 2543 relinquo,

2009 2567 2105 2635 qui
2157 2567 2273 2621 Deo
2314 2567 2458 2621 bene
2504 2566 2762 2637 iuvante,
2813 2564 3260 2620 Christianorum
3314 2570 3591 2634 tacrytms

2009 2657 2393 2722 abstersurus,
2426 2665 2483 2712 et
2526 2664 2796 2727 patratam
2843 2656 2913 2711 ab
2962 2656 3146 2725 impiis
3179 2656 3425 2726 tyrannis
3463 2671 3591 2709 cru-

2010 2750 2726 2805 delitatem.vindicaturus
2768 2759 2895 2813 est,
2941 2748 2994 2803 id
3042 2764 3143 2819 ego
3188 2764 3418 2804 summzr
3452 2748 3589 2802 mihi

2010 2841 2295 2897 felicitatis
2329 2841 2455 2895 loco
2488 2854 2609 2894 esse
2634 2841 2802 2895 duco.
2840 2838 3046 2893 Deinde
3078 2837 3144 2893 ad
3177 2838 3588 2894 multitudinem

2012 2949 2354 2998 conversus,
2398 2934 2544 2988 bono
2575 2932 2763 2986 animo
2811 2946 2935 2986 esse
2973 2945 3168 2985 omnes
3206 2931 3392 3002 jussit,
3434 2930 3529 3000 qui
3566 2946 3595 2983 a

2013 3040 2144 3081 vera
2182 3026 2237 3080 in
2276 3025 2563 3081 Christum
2610 3024 2815 3092 pietate
2853 3037 2964 3077 non
3003 3022 3394 3087 descivissent,
3431 3037 3596 3092 quem

2016 3119 2281 3187 deinceps
2319 3132 2446 3173 cum
2480 3115 2848 3172 Constantino
2889 3113 2943 3169 in
2978 3114 3152 3169 armis
3196 3114 3315 3169 fore
3348 3115 3594 3170 dicebat.

334 3210 436 3280 τῆς
467 3210 655 3276 ἀθεῖας
683 3213 965 3285 κραιπάλῃ
991 3214 1183 3285 νήφειν
1214 3214 1470 3286 ἐλόμενος
1495 3253 1511 3280 ,
1548 3218 1643 3269 καὶ
1680 3215 1749 3269 τὰ
1777 3216 1910 3286 Χρι-

2017 3211 2291 3268 Constans
2322 3226 2560 3280 namque
2592 3211 2645 3263 in
2674 3210 2897 3277 crapula
2929 3209 3021 3263 illa
3051 3208 3350 3278 impietatis
3381 3209 3600 3264 sobrie-

341 3301 468 3356 στοῦ
550 3303 842 3374 κρατύνειν
900 3304 1162 3374 πλείστην
1222 3306 1463 3359 ἐποιεῖτο
1521 3306 1780 3375 σπουδὴν,
1832 3306 1913 3375 τῷ

339 3393 524 3463 πολλῷ
554 3411 615 3448 τε
661 3394 762 3463 τῆς
808 3397 1071 3458 ἀσεϐείας
1123 3398 1526 3467 κατακλυσμῷ,
1561 3398 1798 3468 σπινθὴρ
1826 3414 1912 3460 τις

337 3486 602 3549 ἄσϐεστος
629 3485 936 3554 διαμείνας.
962 3487 1187 3553 ,Πολλοῦ
1234 3488 1342 3556 γὰρ
1378 3488 1716 3557 μιάσματος,
1740 3490 1915 3557 ἔμφυ-

338 3578 454 3631 λίου
495 3594 557 3630 τε
606 3577 771 3647 φόνου
820 3579 918 3649 τὴν
967 3579 1294 3648 οἰκουμένην
1330 3581 1679 3650 κατέχοντος,
1731 3582 1787 3633 αἱ
1823 3581 1915 3633 ὑπ’

340 3668 556 3721 ἐκείνου
591 3669 772 3733 πόλεις
799 3669 1019 3723 ἄσπιλοι
1043 3669 1150 3722 τῶν
1175 3670 1370 3722 δεινῶν
1399 3667 1562 3741 ἦσαν.
1592 3670 1777 3739 Λιμὴν
1806 3672 1917 3740 γάρ

341 3774 425 3821 τις
462 3754 529 3825 ἦν
560 3758 826 3823 ἄκλυστος
853 3761 885 3830 ή
915 3759 1128 3813 ἐκείνου
1183 3759 1327 3830 ἁρχὴ
1380 3761 1447 3831 τῇ
1506 3759 1615 3811 τῶν
1672 3758 1916 3812 εὐσεϐῶν

346 3851 629 3919 πολιτείᾳ·
656 3851 753 3913 καὶ
779 3851 852 3913 ὡς
882 3851 961 3912 εἰς
995 3851 1264 3904 ἄκλυστον
1298 3853 1409 3920 γὰρ
1435 3851 1634 3920 λιμένα
1682 3852 1730 3904 οἱ
1778 3850 1921 3904 κατὰ

346 3941 584 4012 Χριστὸν
612 3941 956 4011 διωκόμενοι,
1009 3943 1194 3996 ἐκεῖσε
1227 3942 1291 4012 δὴ
1339 3942 1706 4010 πεφευγότες,
1736 3943 1919 3995 διατεο

350 4036 612 4105 τήρηντο.
645 4035 755 4088 Καὶ
783 4037 811 4089 ὁ
850 4034 949 4105 μὲν
978 4034 1070 4087 τὸν
1109 4035 1526 4089 Κωνσταντῖνον
1554 4034 1798 4089 ἀνειπὼν
1832 4034 1925 4105 βα·-

348 4127 523 4194 σιλέα,
551 4126 691 4180 κατὰ
715 4127 806 4180 τὸν
851 4125 1069 4196 πρῶτον
1101 4128 1346 4185 ἐνιαυτὸν
1406 4127 1508 4196 τῆς
1576 4125 1656 4180 σα¹
1722 4129 1921 4201 Ὀλυμ.

353 4221 543 4282 πιάδος
576 4218 860 4289 μακαρίως
883 4217 1223 4287 ἀπήλλακτο,
1247 4217 1306 4282 ἓξ
1334 4217 1433 4287 μὲν
1458 4217 1554 4270 καὶ
1586 4221 1927 4290 πεντήκοντα

350 4310 477 4371 τοὺς
508 4308 716 4370 πάντας
744 4306 1006 4376 διαζήσας
1039 4308 1348 4372 ἐνιαυτοὺς,
1372 4306 1502 4377 τρία
1534 4306 1581 4359 δ’
1625 4310 1690 4360 ὲκ
1718 4310 1928 4363 τούτων

352 4402 449 4455 καὶ
496 4401 705 4453 είκοσιν
749 4398 1011 4461 ὲπιδόξως
1065 4399 1470 4468 ἡγεμονεύσας,
1516 4402 1616 4454 καὶ
1661 4395 1753 4455 οἷα
1804 4401 1928 4466 θεὸς

355 4492 484 4563 παρ’
513 4491 697 4553 αὐτοῖς
728 4490 1142 4558 ἀναγορευθείς.
1176 4490 1377 4553 Ἤπιος
1404 4492 1513 4563 γὰρ
1537 4487 1607 4565 ἦν
1632 4494 1727 4546 καὶ
1753 4495 1925 4564 πρᾶος

2018 3315 2185 3361 tatem
2221 3312 2684 3364 conservaverat,
2722 3312 2780 3357 et
2821 3302 3029 3357 Christi
3080 3303 3402 3371 religionem
3447 3302 3601 3355 obti-

2016 3410 2149 3450 nere
2198 3395 2505 3464 plurimum
2552 3392 2879 3457 studuerat,
2932 3404 3098 3460 atque
3148 3394 3200 3445 in
3255 3394 3458 3461 ingenti
3510 3393 3601 3446 illa

2018 3487 2334 3555 iniquitatis
2365 3486 2624 3539 eluvione
2648 3484 2927 3553 igniculus
2959 3484 3326 3538 inexstinctus
3351 3496 3607 3551 perman-

2018 3587 2185 3633 serat.
2220 3576 2387 3647 466
2424 3574 2562 3629 Cum
2608 3575 2817 3627 etenim
2865 3574 3167 3643 plurimum
3215 3584 3364 3629 esset
3397 3573 3603 3642 ubique

2020 3670 2390 3741 piaculorum,
2411 3678 2469 3723 et
2499 3667 2680 3723 czedes
2711 3667 2903 3721 civiles
2930 3673 3029 3736 per
3057 3666 3247 3720 orbem
3283 3665 3617 3720 universum.

2020 3770 2442 3833 grassarentur,
2489 3775 2832 3829 quaecunque
2871 3758 2977 3813 sub
3018 3759 3145 3827 ejus
3186 3758 3404 3811 ditione
3439 3768 3619 3811 erant

2022 3858 2225 3921 urbes,
2277 3857 2554 3909 immunes
2593 3855 2662 3909 ab
2707 3870 2771 3909 ea
2824 3853 3299 3910 contaminatione
3340 3862 3397 3907 et
3448 3853 3623 3906 clade-

2022 3957 2203 4004 erant.
2247 3948 2316 4002 Et
2354 3946 2648 4014 imperium
2685 3947 2808 4013 ejus
2842 3946 3019 4000 veluti
3059 3946 3372 3999 tutissimus
3413 3956 3625 4014 portus.

2024 4049 2147 4097 erat
2185 4039 2411 4110 pietatis
2454 4038 2787 4093 Christianae
2819 4037 2918 4105 ('5),
2957 4038 3011 4091 in
3059 4051 3257 4106 quem,
3292 4036 3613 4105 quicunque

2027 4141 2258 4201 propter
2289 4129 2577 4184 Christum
2622 4127 3021 4198 afﬂigerentur,
3068 4126 3377 4181 rectissime
3420 4126 3610 4196 perm.-

2028 4222 2298 4292 giebant,
2366 4222 2555 4291 ibique
2617 4220 3116 4275 conservabantur.
3176 4220 3464 4273 Constans.
3508 4218 3631 4289 (4);.

2030 4314 2396 4369 Constantino
2431 4313 2768 4382 imperatore
2799 4311 2966 4374 facto,
3008 4311 3191 4379 primo
3223 4326 3369 4363 anno
3399 4309 3621 4364 ducen~

2035 4405 2245 4460 tesima:
2305 4405 2494 4472 primae
2542 4402 2885 4473 Olympiadis
2946 4402 3184 4457 feliciter
3236 4402 3477 4456 decessit
3509 4402 3623 4470 (εἰ),

2033 4499 2209 4554 aetatis
2254 4495 2714 4565 quinquagesimo
2775 4507 2983 4560 sexto,
3011 4510 3137 4550 cum
3193 4510 3371 4549 annos
3416 4494 3624 4563 viginti;

354 4582 513 4650 εἴπερ
542 4598 648 4643 τις.
682 4581 867 4650 Μηδὲν
891 4576 984 4633 οὖν
1006 4596 1061 4632 τι
1093 4580 1213 4633 καθ’
1244 4581 1401 4651 ήμῶν
1433 4585 1760 4653 ἐνεργήσας,
1789 4583 1910 4653 μᾶλ-

2036 4600 2148 4644 tres
2189 4590 2547 4658 imperasset,
2588 4595 2734 4641 tanta
2765 4598 2915 4641 certe
2948 4602 3070 4641 cum
3109 4587 3310 4657 gloria,
3346 4594 3407 4640 ut
3436 4601 3465 4639 a
3497 4586 3623 4639 Ro—<

352 4673 445 4725 λον
475 4672 575 4743 μὲν
599 4669 692 4725 οῦν
726 4674 873 4743 ἡμᾶς
904 4672 997 4724 καὶ
1027 4672 1380 4744 διατηρήσας,
1405 4672 1481 4737 ὡς
1510 4675 1749 4745 εἴρηται,
1774 4675 1928 4740 ἄξιον

353 4767 449 4818 καὶ⁵
473 4769 534 4821 τὸ
559 4765 711 4829 τέλος
750 4767 849 4833 τῆς
902 4765 1176 4830 πολιτείας
1210 4766 1536 4838 ἀπείληφεν,
1571 4769 1667 4821 ἐπὶ
1698 4769 1930 4839 διαδόχῳ

426 4950 501 5018 (Ι)
536 4947 776 5004 Achilles
828 4948 1119 5003 incubator
1150 4947 1404 5016 imperii,
1452 4948 1803 5004 Alexandria:
1834 4965 1933 5019 per

360 5034 580 5074 menses
601 5019 809 5088 aliquot
833 5020 1114 5081 obsessus,
1134 5029 1189 5071 et
1218 5020 1271 5073 in
1292 5029 1618 5088 potestatem
1651 5021 1929 5085 redactus,

356 5090 489 5144 feris
524 5106 552 5143 a
604 5090 942 5144 Diocletiano
987 5089 1258 5159 obiectus.
1299 5089 1607 5143 Achilleum
1654 5091 1745 5144 alii
1786 5092 1935 5147 hunc

360 5169 580 5214 vocant.

434 5229 951 5299 (‘2).Constantinus,
994 5240 1144 5298 parta
1179 5247 1244 5285 ex
1270 5224 1563 5285 'Sarmatis
1594 5229 1811 5299 egregia
1847 5232 1932 5285 vi-

363 5301 558 5363 ctoria,
591 5298 799 5354 veritus
833 5314 900 5351 ex
930 5314 997 5370 ea
1020 5301 1181 5354 laude
1204 5304 1528 5370 gliscentem
1556 5298 1840 5366 invidiam,
1867 5302 1933 5357 ad

365 5380 573 5441 patrem
606 5369 913 5441 transfugit.
960 5369 1139 5439 (Bapt.
1178 5369 1485 5441 Egnatius.)

434 5438 511 5510 (5)
552 5438 864 5510 ιϐοιιειοιιε
889 5438 1080 5493 natura
1112 5438 1457 5498 mitissin'tus,
1483 5438 1649 5494 Italia:
1666 5440 1936 5497 etAfricae

366 5508 659 5577 imperium
694 5509 974 5580 suscipere
1022 5514 1322 5578 recusavit,
1351 5510 1650 5580 .Britannia
1681 5521 1731 5565 et
1761 5512 1934 5568 Gallia

368 5590 680 5633 contentus.
722 5596 739 5629 ι
777 5579 993 5648 (Pomp.
1018 5580 1247 5649 Laetus.)

437 5651 511 5721 (4)
546 5651 620 5704 De
669 5649 967 5703 Constante
1025 5650 1132 5704 isto
1164 5652 1437 5708 Eusebius
1488 5653 1636 5708 lib.t
1694 5652 1766 5704 De
1820 5652 1937 5706 Vita

367 5718 700 5773 Constantini
746 5732 1046 5790 memorat,
1086 5723 1411 5790 percharum
1452 5739 1577 5779 eum
1616 5722 1833 5777 civibus
1882 5734 1936 5776 et

367 5792 600 5863 subditis
629 5791 744 5843 suis
789 5788 979 5863 fuisse,
1012 5788 1153 5863 quos
1190 5794 1357 5847 nullis
1396 5795 1781 5848 exactionibus
1809 5809 1937 5863 gra-

367 5861 535 5925 varit;
580 5870 633 5915 ct
688 5876 811 5915 cum
872 5860 1168 5930 aliquando
1208 5864 1321 5919 sive
1369 5865 1763 5930 Diocletianus,
1814 5860 1936 5920 sive

2036 4682 2217 4737 manis
2264 4678 2675 4749 quodammodo
2726 4679 2780 4733 in
2823 4679 3055 4732 deorum
3105 4693 3397 4732 numerum
3446 4678 3627 4731 refer-

2036 4786 2213 4831 retur.
2266 4772 2475 4829 Natura
2529 4787 2767 4842 namque
2806 4772 2911 4825 fuit
2958 4771 3193 4826 maxime
3241 4771 3351 4825 leni
3399 4779 3455 4825 et
3506 4771 3631 4824 οισι

2036 4953 2397 5026 Maximianus
2429 4968 2527 5020 per
2548 4952 2755 5026 legatos
2785 4948 3033 5020 pecunia:
3066 4949 3114 5004 ei
3147 4948 3439 5018 penuriam
3477 4946 3618 5026 obji~

2037 5035 2209 5092 ceret,
2244 5025 2394 5079 illum
2431 5022 3181 5092 0pulentissimosquosqne,
3205 5028 3262 5073 ut
3296 5034 3353 5072 se
3385 5022 3629 5087 pecunia

2038 5095 2102 5147 ad
2125 5089 2627 5167 necessarios—usus.
2648 5089 2939 5167 praebenda
2967 5091 3314 5167 adiuvarent,
3333 5101 3587 5167 evocasse
3602 5101 3635 5167 ζ

2039 5167 2091 5217 hi
2125 5180 2257 5219 vero
2306 5178 2499 5233 magna
2537 5161 2705 5233 animi
2745 5159 3335 5233 alacritateingentetn
3366 5159 3476 5233 vim
3502 5159 3631 5233 auri

2037 5246 2099 5305 et
2123 5235 2356 5305 argenti,
2387 5225 2455 5287 de
2486 5231 2778 5305 occasione
2813 5230 3069 5305 principi
3099 5225 3199 5305 suo
3225 5225 3621 5305 gratificandi,

2039 5304 2141 5359 sibi
2176 5298 2537 5375 gratulantes,
2570 5302 2637 5375 ad
2675 5300 2938 5375 illum_eis
2977 5300 3071 5375 (ΙΨ
3107 5298 3238 5352 dicti
3264 5298 3627 5375 suntlegatis

2038 5368 2403 5444 praesentibus
2450 5372 2779 5444 attulerunt.
2820 5370 2964 5444 Tum
3008 5370 3278 5444 Constans
3308 5368 3373 5419 ad
3412 5368 3631 5435 legatos

2038 5440 2361 5506 conversus,
2394 5457 2545 5497 nunc
2591 5441 2814 5494 demum
2861 5440 2967 5493 sibi
2997 5440 3135 5493 dixit
3161 5446 3629 5507 repraesentatum

2040 5516 2361 5568 thesaurum
2391 5528 2536 5575 esse,
2563 5511 2657 5579 qui
2691 5512 2900 5563 dudum
2923 5512 3067 5578 apud
3101 5510 3249 5562 cives
3278 5523 3407 5561 suos
3436 5522 3636 5579 serva-

2042 5595 2130 5638 tus
2175 5586 2372 5637 inisset
2404 5601 2417 5636 :
2451 5576 2613 5651 legati
2658 5576 2979 5633 renuntiare
3004 5581 3138 5651 hoc
3172 5579 3416 5644 Augusto
3452 5576 3626 5651 iussi,

2041 5669 2166 5708 cum
2214 5647 2577 5707 admiratione
2628 5651 2953 5705 discessere.
3003 5650 3070 5704 Et
3112 5650 3383 5704 Constans
3415 5647 3637 5699 civibus.

2039 5724 2155 5778 suis
2193 5724 2479 5793 pecuniam
2513 5738 2634 5776 eam
2671 5736 2892 5793 omnem
2931 5722 3198 5793 restituit.

2113 5786 2370 5862 (Sy'Apud
2425 5793 2564 5848 alios
2619 5791 2894 5861 reperitur
2941 5792 3206 5862 Olympias
3257 5787 3385 5853 2792,
3419 5794 3476 5841 et
3526 5786 3655 5840 hoc-

2044 5875 2212 5918 ιέοῑιιι
2220 5881 2270 5918 8.,
