4052 6438
467 374 606 441 1251

1704 363 2132 429 NICEPHORI
2176 361 2525 424 CALLISTI

3597 363 3731 430 1252

468 494 665 560 prima:
695 488 1002 561 dignitatis,
1032 487 1127 560 qui
1176 486 1229 542 in
1264 484 1502 544 consilio
1532 484 1658 554 ejus
1702 492 1888 549 erant,
1919 481 2055 536 ισο-

2181 481 2347 542 ταντὶ,
2375 479 2494 541 δέος
2518 479 2612 532 καὶ
2645 479 2800 546 μῖσος
2840 477 3014 550 εἰσῄει
3046 479 3347 551 ἀφόρητον,
3378 483 3729 552 τρυχομένοις

471 585 571 639 cit.
607 584 782 650 Quam
819 582 891 636 ob
920 596 1145 636 causam
1177 581 1425 635 omnium
1466 580 1743 634 bonorum
1775 575 2051 632 universi-

471 692 582 748 que
639 676 856 746 populi,
900 690 1004 728 una
1037 689 1165 728 cum
1216 683 1393 738 metu,
1445 673 1642 742 ingens
1689 671 1743 725 in
1795 685 1922 724 eum
1968 677 2056 724 est

472 770 812 824 concitatum
856 766 1070 820 odium.
1105 764 1452 819 Gravissime
1483 763 1634 818 enim
1666 759 2055 815 crudelissima

475 859 769 931 tyrannide
821 859 1189 921 vexabantur,
1247 872 1428 924 neque
1481 871 1607 924 spes
1652 855 1952 924 quaepiam,
1997 862 2058 907 ut

474 957 643 1009 ﬁnem
699 953 1002 1022 aliquando
1053 953 1264 1007 saevitia
1329 961 1480 1006 tanta
1520 960 1780 1023 caperet,
1840 950 2058 1018 reliqua

473 1055 616 1101 erat.
659 1046 760 1100 Per
791 1047 1047 1116 quamvis
1082 1045 1356 1116 siquidem
1389 1045 1739 1102 occasionem
1791 1043 2058 1098 satellites

477 1153 611 1192 suos
649 1138 702 1191 in
739 1138 979 1207 populos
1027 1139 1360 1201 intmittcns,
1395 1139 1691 1191 maximam
1723 1134 1833 1188 vim
1876 1133 2061 1189 homi-

479 1245 613 1281 num
642 1228 952 1298 jugulabat.
979 1229 1047 1283 Et
1072 1231 1181 1300 jam
1205 1245 1476 1283 caesorum
1502 1244 1568 1284 ea
1591 1236 1712 1282 erat
1735 1225 2060 1288 multitudo,

481 1329 542 1370 ιιι
591 1333 866 1372 numerus
893 1333 1092 1372 eorum
1140 1318 1271 1372 iniri
1312 1333 1432 1372 non
1473 1327 1682 1388 posset.
1733 1317 1792 1370 ln
1845 1315 1912 1370 iis
1951 1331 2060 1369 non

482 1410 646 1476 pauci
681 1409 836 1463 fuere
865 1410 1160 1473 senatorii,
1185 1423 1424 1479 quorum
1455 1409 1617 1465 bonis
1638 1407 1854 1463 insidiae
1879 1417 2064 1462 strue-

480 1503 708 1557 bantur.
761 1501 1029 1556 Malorum
1067 1519 1202 1558 vero
1240 1503 1430 1558 talium
1476 1503 1703 1558 coronis
1733 1501 1956 1556 tandem
1995 1501 2062 1555 .in

485 1593 728 1662 magicas
776 1592 1115 1662 imposturas
1165 1603 1214 1648 el
1258 1593 1669 1648 incantationes
1703 1595 1899 1648 evasit.
1951 1592 2068 1646 Ali-

482 1683 709 1752 quando
756 1699 996 1753 namque
1031 1686 1304 1741 mulieres
1337 1685 1580 1756 gravidae
1613 1693 1743 1738 sunt
1793 1683 2062 1739 discissae.

484 1776 896 1845 Nonnunquam
945 1778 1280 1832 tenellorum
1325 1778 1622 1832 infantium
1667 1777 1884 1832 viscera
1941 1792 2066 1846 pcr-

2161 573 2304 627 οὖτω
2343 576 2411 644 τῇ
2459 572 2608 643 δεινῇ
2641 571 2939 643 τυραννίδι.
2977 574 3114 629 Οὖδέ
3160 576 3270 646 γάρ
3313 575 3603 645 ἀπαλλαγή
3649 593 3732 640 τις

2163 666 2535 736 προσεδοκᾶτο
2594 666 2696 732 τῆς
2756 666 2852 719 τοῦ
2912 667 3179 734 τυράννου
3240 668 3542 739 ὠμότητος.
3609 668 3735 722 Ἐπὶ

2165 761 2375 830 σμικρᾷ
2422 759 2531 830 γὰρ
2578 759 2855 829 προφάσει
2903 761 3032 825 τοὺς
3077 763 3170 816 ὑπ’
3214 764 3378 816 αὑτὸν
3407 763 3735 833 δορυφόρους

2164 855 2276 916 τοῖς
2303 852 2498 922 δήμοις
2532 852 2701 918 ἀνεὶς,
2727 851 2922 922 μυρίον
2949 853 3154 924 πλῆθος
3183 853 3461 926 ἐθέριζενο
3493 856 3568 919 ὡς
3598 855 3738 924 ὺπέρ

2165 946 2401 1016 ἀριθμὸν
2449 945 2784 1000 καθεστάναι
2819 947 2948 1010 τοὺς
2995 947 3333 1010 πίπτοντας·
3361 948 3456 1001 καὶ
3508 948 3739 1018 συγκληο

2165 1037 2336 1090 τικῶν
2377 1037 2424 1090 δ’
2477 1037 2578 1091 οὐκ
2627 1035 2804 1106 όλίγοι
2850 1037 3148 1103 πίπτοντες
3198 1035 3361 1111 ἦσαν,
3411 1041 3508 1104 τὰς
3554 1041 3738 1104 οὐσίας

2169 1129 2674 1200 ἐπιϐουλευόμενοι.
2733 1131 2800 1184 Ἢ
2853 1130 2911 1184 δὲ
2964 1131 3073 1184 τῶν
3125 1131 3312 1186 κακῶν
3373 1135 3602 1202 κορωνὶς
3659 1137 3739 1195 εἰς

2169 1221 2429 1290 γοητείας
2475 1222 2572 1274 καὶ
2613 1221 2954 1291 μαγγανείας
2989 1221 3302 1294 προύχώρει
3326 1239 3340 1252 ·
3371 1223 3447 1286 ώς
3477 1224 3606 1276 ποτέ
3643 1225 3740 1293 μὲν

2170 1305 2802 1384 γυναῖκας’ἐγιιύμονας
2856 1313 3197 1384 ἀνασχίζειν,
3250 1315 3382 1367 ποτὲ
3428 1315 3486 1368 δέ
3535 1317 3742 1385 νεκρῶν

2174 1407 2396 1478 βρεφῶν
2428 1406 2723 1477 σπλάγχνα
2767 1406 3188 1478 διερευνᾶσθαι,
3239 1409 3330 1462 καὶ
3373 1406 3592 1471 λέοντας
3621 1411 3742 1463 ἐπι-

2173 1500 2434 1571 σφάττειν
2459 1516 2475 1530 ·
2503 1502 2598 1554 καί
2628 1517 2782 1563 τινας
2814 1502 3152 1571 προκλήσεις
3185 1505 3275 1554 καὶ
3307 1501 3583 1570 δαιμόνων
3609 1503 3742 1556 ἀπο-

2173 1591 2552 1664 τροπιασμοὺς
2594 1594 2707 1655 τοῖς
2755 1593 3016 1663 πολέμοις
3054 1593 3348 1658 ἐπιτελεῖν,
3383 1590 3466 1657 οἷς
3512 1593 3648 1664 ᾤετο
3675 1596 3744 1648 τὲ

2175 1683 2274 1752 τῆς
2301 1683 2461 1752 νίκης
2489 1682 2640 1753 αὐτῷ
2671 1683 3038 1752 ἐπιγίνεσθαι.
3071 1683 3328 1746 Τοιοῦτος
3363 1684 3460 1754 μὲν
3489 1687 3516 1737 ό
3541 1685 3746 1748 Μαξέν-

2177 1791 2314 1838 τιος,
2345 1771 2628 1844 τυράννων
2651 1775 2834 1827 πᾶσαν
2855 1773 3126 1843 ὡμότητα
3159 1776 3240 1838 είς
3266 1775 3436 1844 ἀκρον
3471 1775 3744 1845 ὑπερϐαλ-

486 1869 715 1938 quisita.
741 1843 956 1925 Leones
995 1870 1224 1942 insuper
1253 1872 1502 1927 mactati.
1535 1872 1593 1928 In
1626 1870 1788 1927 bellis
1815 1843 2067 1942 quaedam

2181 1864 2400 1934 λόμενος
2419 1903 2436 1928 ,
2466 1864 2540 1929 ὥς
2567 1865 2665 1918 καὶ
2697 1865 2893 1918 σπάνιν
2925 1865 3019 1917 ἐπὶ
3053 1865 3275 1935 Ῥώμης
3304 1843 3412 1917 τῶν
3436 1843 3743 1933 ἀναγκαίων

485 1963 844 2018 evocationes
897 1971 958 2018 et
1018 1963 1373 2033 expiationes
1423 1964 1736 2018 daemonum
1807 1973 2069 2033 peractae,

486 2054 695 2120 quibus
729 2054 824 2108 ille
845 2054 1146 2109 victoriam
1172 2053 1278 2109 sibi
1308 2055 1597 2109 conciliari
1629 2064 1712 2109 est
1743 2056 2071 2110 arbitratus.

492 2145 557 2199 Et
596 2145 910 2201 Maxentius
947 2146 1176 2216 quidem
1210 2147 1337 2202 talis
1375 2147 1504 2213 fuit,
1539 2156 1903 2218 tyrannorum
1941 2163 2075 2201 cru-

489 2237 774 2292 tlelitatem
798 2236 960 2307 longe
989 2253 1410 2308 supergressus.
1433 2239 1548 2294 Sub
1574 2256 1686 2310 quo
1709 2241 1896 2295 Roma:
1924 2249 2074 2294 tanta

491 2343 682 2383 rerum
721 2321 1166 2384 necessariarum
1208 2329 1313 2384 fuit
1367 2332 1624 2400 penuria,
1671 2343 1878 2400 quanta
1927 2346 2076 2384 nun-

486 2435 658 2488 quam
693 2429 858 2474 antea
906 2419 1080 2476 l‘uisse
1126 2422 1410 2475 memoriae
1443 2420 1726 2490 proditum
1749 2429 1860 2476 est.
1904 2421 2075 2475 Maxi-

494 2508 680 2562 minus
734 2518 920 2563 autem
969 2518 1240 2580 tyrannus
1284 2509 1550 2575 Orientis,
1595 2510 1790 2564 eadem
1842 2510 2072 2578 faciens,

491 2600 851 2655 contentione
885 2601 1123 2670 quadam
1167 2601 1319 2656 illius
1361 2601 1669 2656 [utilissima
1711 2602 1924 2658 scelera
1954 2604 2079 2657 vin-

493 2710 646 2760 cere,
718 2695 1036 2765 primasque
1065 2695 1118 2748 in
1161 2693 1383 2764 ﬂagitiis
1433 2693 1579 2749 ferre
1625 2694 1888 2751 studuit:
1929 2694 2075 2766 apud

495 2803 662 2857 quem
693 2789 858 2856 magi,
893 2796 950 2842 et
978 2787 1032 2842 id
1065 2803 1242 2858 genus
1272 2787 1730 2858 prastigiatores,
1769 2790 2077 2860 praecipuos

497 2880 677 2934 tulere
708 2881 972 2934 honores.
1004 2880 1073 2934 Et
1121 2895 1246 2934 cum
1284 2880 1703 2950 superstitionis
1730 2891 1878 2937 esset
1911 2868 2075 2951 quam

497 2975 737 3028 maxime
789 2973 1098 3039 studiosus,
1139 2983 1310 3044 atque
1368 2974 1426 3029 in
1481 2973 1964 3036 idolorum_cultu
2024 2989 2080 3031 et

494 3081 687 3120 errore
721 3081 949 3135 prorsus
980 3067 1300 3131 immersus,
1335 3067 1543 3121 nullam
1573 3084 1689 3122 rem
1717 3083 1962 3137 unquam
1995 3070 2075 3123 vel

500 3158 788 3220 minimam
833 3157 1017 3212 facere
1048 3167 1135 3212 est
1167 3172 1492 3227 aggressus,
1524 3157 1662 3227 quin
1699 3165 1857 3212 vates
1886 3167 1942 3212 et
1973 3173 2068 3212 au-
2109 3195 2151 3252 ο

497 3246 680 3318 spicos
715 3249 1052 3304 consuleret.
1087 3249 1165 3304 Ita
1201 3249 1420 3303 scilicet
1453 3258 1540 3304 est
1585 3247 1819 3310 factum,
1857 3257 1919 3302 ut
1952 3266 2082 3320 per-

500 3341 848 3396 secutionem
884 3341 1156 3395 adversus
1201 3355 1304 3395 nos
1333 3341 1650 3409 susceperit
1699 3341 1878 3394 multo
1927 3355 2083 3395 acer-

498 3435 722 3500 rimam,
770 3448 836 3488 ac
877 3433 1088 3502 templa
1142 3431 1373 3486 deorum
1427 3431 1634 3501 passim
1681 3432 2076 3494 construxerit,

491 3525 929 3595 sacerdotesque
963 3540 1060 3595 per
1091 3525 1294 3593 oppida
1328 3531 1386 3578 et
1414 3523 1531 3578 loca
1561 3524 1746 3578 omnia
1772 3527 2082 3580 constitue-

492 3616 592 3679 rit,
630 3629 686 3670 et
740 3632 838 3686 per
882 3616 1226 3686 provinciam
1277 3615 1586 3685 quamlibet
1629 3617 1948 3686 pontiﬁcem
2000 3617 2084 3672 eis

492 3707 888 3777 praeposuerit,
943 3706 1222 3760 celebrem
1276 3709 1596 3776 quempiam
1649 3717 1706 3761 et
1754 3709 2080 3777 praeclarum

500 3802 710 3860 virum,
749 3799 843 3868 qui
889 3813 947 3852 se
982 3797 1247 3853 satellitio
1293 3798 1520 3853 militari
1557 3797 1870 3853 venditaret
1917 3807 2084 3868 atque

492 3890 917 3945 circumferret.
954 3889 1467 3960 Prtestigiatoribus
1496 3889 1734 3959 aliisque
1763 3888 2086 3943 nominibus

496 3984 688 4054 impiis
738 3982 1084 4045 hominibus,
1147 3982 1319 4037 veluti
1379 3982 1612 4036 deorum
1663 3981 1882 4048 amicis,
1937 3981 2082 4035 idem

499 4076 774 4129 maximas
811 4089 1062 4143 quasque
1088 4075 1371 4130 concessit
1397 4075 1718 4144 dignitates.
1750 4073 2085 4128 Exactioncs

497 4163 868 4234 pecuniarum
951 4164 1452 4220 innumerabilium
1515 4166 1786 4221 instituit.
1846 4166 2086 4234 Populos

495 4254 786 4323 subjectos
837 4255 1186 4326 gravissimis
1214 4254 1496 4323 oppressit
1521 4263 1580 4309 et
1611 4266 1772 4310 antea
1820 4256 2087 4312 inauditis

493 4347 792 4401 oneribus.
827 4346 995 4416 470
1030 4340 1393 4415 Locupletum
1419 4348 1615 4402 domos
1643 4349 1728 4402 vel
1762 4349 1990 4403 minima
2018 4350 2086 4403 de

496 4452 672 4490 causa
704 4449 761 4491 et
809 4445 1081 4506 praetextu
1123 4437 1502 4507 undecunque
1535 4440 1707 4509 petito
1745 4441 2083 4510 compilavit,

2157 1960 2533 2029 καταστῆναι,
2567 1958 2687 2011 οταν
2722 1958 2997 2028 μηδέποτε
3036 1957 3294 2026 γενέσθαι
3326 1957 3481 2025 λόγος
3513 1958 3646 2026 ἔχει.
3684 1956 3743 2009 'O

2175 2053 2222 2106 δ’
2245 2053 2332 2106 ἐπ’
2360 2052 2629 2120 ἀνατολῆς
2655 2051 2922 2122 τύραννος
2943 2051 3273 2120 Μαξιμὶνος,
3313 2053 3380 2106 τὰ
3414 2053 3503 2104 ῐσα
3531 2049 3622 2104 καὶ
3648 2049 3743 2104 αὖ·

2177 2148 2268 2208 τδς
2312 2147 2591 2218 πράττων,
2647 2147 2870 2214 νικῆσαι
2927 2147 3131 2217 μᾶλλον
3181 2147 3506 2216 ἐφιλονείκει
3555 2143 3741 2198 τοῦτον

2177 2242 2298 2302 ταῖς
2325 2236 2771 2309 αἰσχρουργίαις,
2809 2240 2904 2292 καὶ
2947 2238 3010 2292 τὸ
3039 2237 3262 2308 πρῶτον
3304 2240 3364 2292 ἐν
3389 2238 3577 2300 κακοῖς
3607 2239 3743 2292 ἀπεο

2177 2330 2499 2399 νέγκασθαι.
2531 2329 2602 2383 Οἵ
2623 2346 2684 2382 τε
2733 2330 2841 2400 γὰρ
2876 2331 3040 2400 μάγοι
3092 2331 3188 2384 καὶ
3221 2333 3335 2384 ὅσοι
3385 2330 3512 2400 περὶ
3550 2333 3750 2402 γόητας

2178 2424 2248 2476 τὰ
2272 2421 2464 2495 πρῶτα
2498 2421 2630 2492 παρ’
2657 2422 2806 2491 αὐτῷ
2853 2423 2950 2492 τῆς
2981 2425 3147 2489 τιμῆς
3177 2425 3548 2494 ἀπεφέροντοο
3590 2423 3752 2477 δεισι-

2178 2512 2388 2581 δαίμων
2417 2530 2479 2565 τε
2507 2513 2666 2584 εῐπερ
2701 2531 2785 2575 τις
2811 2513 2913 2578 ὢν,
2943 2515 3038 2567 καὶ
3072 2516 3202 2583 περὶ
3240 2517 3338 2584 τὴν
3379 2516 3488 2570 τῶν
3521 2516 3752 2570 εἰδώλων

2180 2603 2390 2674 πλάνην
2425 2604 2634 2674 σφόδρα
2662 2604 3026 2675 ἐπτοημένος,
3061 2605 3182 2658 οὐδέ
3225 2623 3276 2658 τι
3312 2605 3423 2658 τῶν
3453 2606 3750 2678 ἐλαχίστων

2179 2693 2292 2761 οἷός
2333 2697 2380 2749 τ’
2413 2698 2661 2766 ἐνεργεῖν
2701 2692 2769 2768 ἦν
2803 2699 3076 2766 μαντειῶν
3120 2700 3248 2752 ἄνευ
3299 2699 3395 2752 καὶ
3443 2699 3748 2770 τερατείας.

2182 2787 2274 2839 Διὸ
2319 2786 2414 2839 καὶ
2452 2785 2530 2857 τῷ
2569 2787 2696 2842 καθ’
2729 2788 2888 2857 ἡμῶν
2931 2789 3158 2859 διωγμῷ
3210 2791 3566 2861 σφοδρότερον
3596 2771 3752 2862 ἐπερλ

2184 2881 2354 2951 ράγη,
2394 2879 2529 2943 νεώς
2557 2897 2620 2932 τε
2645 2880 2903 2944 ἀνιστῶν,
2932 2882 3095 2952 ἱερεῖς
3127 2899 3186 2934 τε
3215 2884 3356 2935 κατά
3381 2885 3562 2936 πᾶσαν
3600 2883 3752 2936 πόλιν

2183 2973 2278 3024 καὶ
2308 2971 2515 3042 χώραν,
2553 2973 2650 3026 καὶ
2700 2973 2792 3024 ἐπὶ
2837 2972 3050 3035 τούτοις
3098 2975 3360 3046 ἀρχιερέα
3403 2975 3487 3044 ἐφ’
3524 2976 3752 3046 ἑκάστης

2184 3063 2458 3132 ἐπαρχίας
2492 3061 2684 3128 τιθεὶς,
2701 3065 2981 3134 περιφανῆ
3011 3083 3131 3118 τινα
3156 3067 3251 3119 καὶ
3280 3067 3570 3136 ἐπίσημον,
3594 3085 3750 3138 στρα-

2183 3154 2408 3222 τιωτικῇ
2439 3151 2740 3223 δορυφορίᾳ
2768 3155 3081 3224 ἐμπρέπειν
3109 3156 3348 3210 ἐκέλευε.
3381 3159 3545 3228 Γόησι
3577 3160 3631 3213 δέ
3666 3164 3751 3214 καὶ

2185 3242 2405 3296 ἀσεϐέσι
2429 3243 2528 3306 τάς
2558 3245 2822 3313 μεγίστας
2850 3246 2962 3299 τῶν
2989 3247 3174 3316 ἀρχῶν
3205 3243 3293 3301 οἷα
3320 3249 3384 3319 δὴ
3418 3250 3592 3318 φίλοις
3623 3250 3755 3303 θεῶν

2183 3332 2456 3403 ἐδωρεῖτο.
2493 3334 2777 3389 Ἐντεῦθεν
2807 3338 3112 3407 χρημάτων
3141 3339 3438 3410 ἀμυθήτων
3475 3341 3756 3410 είσπραξις

2182 3417 2252 3494 ἦν
2276 3439 2290 3454 ⁸
2323 3424 2660 3495 βαρυτάταις
2685 3427 2733 3480 δ’
2761 3427 3030 3490 ἐπινοίαις
3061 3429 3122 3483 τὸ
3151 3430 3394 3502 ὑπήκοον
3420 3431 3721 3504 ἐξετρίσετο
3741 3451 3755 3464 ·

2184 3518 2276 3570 καὶ
2306 3518 2404 3580 τὰς
2436 3517 2544 3571 τῶν
2576 3520 2829 3590 εὐπόρων
2861 3522 3040 3585 οἰκίας
3079 3523 3173 3576 ἐπὶ
3224 3527 3438 3596 σμικρᾷ
3488 3527 3757 3596 προφάσει

2185 3607 2381 3677 ἀθρόον
2429 3608 2659 3674 ἀντλῶν,
2691 3611 2791 3673 τὰς
2831 3611 3022 3675 οὐσίας
3052 3615 3164 3677 τοῖς
3194 3617 3322 3685 περὶ
3369 3616 3530 3668 αὐτὸν
3571 3617 3758 3685 μίμοις

2185 3703 2280 3754 καὶ
2339 3702 2561 3768 κόλαξιν
2622 3703 2900 3774 ἐδωρεῖτο.
2960 3705 3046 3770 Ἐς
3097 3708 3354 3762 τοσοῦτον
3404 3709 3460 3763 δὲ
3507 3709 3584 3780 τῷ
3633 3710 3758 3782 οίνῳ

2186 3791 2456 3861 ἡττᾶσθαι
2507 3794 2604 3848 καὶ
2634 3795 2928 3864 παροινίας
2971 3795 3128 3849 οὐδὲν
3181 3797 3447 3851 ἐλλείπειν
3479 3802 3657 3868 φασιν,
3684 3800 3758 3863 ώς

2189 3882 2330 3949 μετὰ
2377 3881 2543 3953 νῆψιν
2587 3883 2883 3954 μεταμέλῳ
2934 3885 3171 3956 χρῆσθαι
3213 3889 3324 3950 τοῖς
3372 3891 3758 3958 πραττομένοις

2185 3972 2397 4042 πολλῷο
2440 3974 2767 4044 κραιπαλῶν
2794 3975 2840 4028 δ’
2867 3977 3095 4041 ἀσώτως
3118 3977 3194 4042 ὡς
3225 3980 3390 4049 μηδὲν
3421 3981 3514 4050 ὲᾷν
3541 3979 3758 4050 ἀνεξέρ-

2186 4079 2422 4131 γαστονο
2463 4067 2618 4130 τέλος
2666 4071 2778 4130 τοῖς
2826 4070 2959 4140 περὶ
2995 4071 3162 4124 αὑτὸν
3222 4073 3394 4125 ἅπασι
3443 4073 3758 4126 διδάσκαλον

2186 4156 2524 4212 καθεστάναι
2569 4159 2931 4230 αίσχρότητος
2959 4178 2972 4192 ο
3009 4162 3236 4218 ἔκλυτον
3297 4165 3351 4217 δὲ
3392 4168 3509 4228 ταῖς
3536 4168 3759 4236 τρυφαῖς

2185 4241 2325 4301 εἶναι
2352 4250 2412 4303 τὸ
2440 4253 2839 4320 στρατιωτικὸν
2869 4255 3097 4320 πείθων,
3141 4257 3240 4310 καὶ
3289 4259 3411 4322 ταῖς
3458 4259 3760 4328 ἀναγώγοις

2191 4343 2464 4412 μελέταις.
2498 4344 2807 4414 Στρατηγοὶ
2845 4347 2903 4400 δὲ
2938 4348 3035 4401 καὶ
3074 4348 3348 4420 διοικηταὶ
3389 4349 3590 4404 ὡσανεὶ
3641 4369 3755 4406 συν-

2187 4437 2583 4504 τυραννοῦντες
2621 4432 2764 4508 ῆσαν
2793 4439 2965 4510 αὐτῷ,
2989 4441 3078 4494 διὰ
3106 4442 3290 4511 πάσης
3330 4441 3558 4514 ⁴ἕλκοντες
3604 4444 3762 4498 πλεοο

504 4529 763 4596 honaque
801 4542 996 4581 eorum
1050 4525 1434 4582 adulatoribus
1479 4537 1536 4582 et
1596 4530 1779 4585 mimis
1832 4531 1950 4586 suis
2001 4542 2078 4586 est

2193 4526 2376 4591 νεξίας
2409 4529 2506 4582 καὶ
2531 4530 2822 4600 ἁρπαγῆς.
2856 4531 2967 4592 Τὰς
3007 4531 3053 4585 δ’
3083 4532 3348 4601 ἐμπαθεῖς
3379 4535 3644 4604 ἐργασίας
3672 4537 3762 4589 καὶ

497 4619 760 4687 largitus.
797 4617 936 4670 Vino
965 4625 1151 4670 autem
1197 4617 1370 4671 multo
1419 4617 1667 4688 deditus,
1701 4622 1771 4674 ad
1807 4636 2084 4677 summam

496 4709 902 4762 contumeliam
931 4750 945 4772 ,
983 4709 1342 4778 petulantiam
1404 4720 1460 4765 et
1509 4713 1924 4777 crudelitatem.
1964 4729 2088 4784 qua

497 4816 570 4853 ex
601 4799 879 4853 ebrietate
916 4802 1275 4868 proveniunt,
1331 4803 1469 4856 nihil
1503 4802 1637 4858 fecit
1685 4805 1909 4874 reliqui.
1941 4806 2090 4871 Qua-

499 4903 739 4962 propter
778 4906 875 4958 per
925 4891 1244 4946 sobrietatis
1282 4898 1524 4963 tempus,
1559 4894 1714 4964 gravi
1750 4895 1820 4950 de
1866 4897 2090 4968 ﬂagitiis

498 4997 607 5052 per
659 4979 1017 5035 vinolentiam
1076 4981 1360 5046 admissis,
1423 4997 1569 5051 saepe
1620 4983 1949 5050 paenitentia
2005 4993 2091 5040 est

495 5079 665 5124 actus
695 5088 706 5121 :
747 5080 802 5124 et
831 5070 979 5141 quod
1017 5072 1392 5140 prolixissime
1421 5073 1646 5141 crapula
1682 5089 1742 5128 se
1786 5073 2093 5145 ingurgita-

508 5174 611 5224 ret,
637 5162 784 5215 nihil
838 5163 1067 5217 sceleris
1120 5163 1757 5232 intentatum~reliquit,
1793 5164 2088 5220 familiari-

501 5254 725 5323 husque
775 5256 891 5310 suis
937 5256 1200 5312 on'tnibus
1241 5256 1602 5325 turpitudinis
1651 5257 1917 5328 magister
1956 5258 2084 5314 fuit.

503 5347 807 5417 DiScipliua
836 5349 1059 5404 militari
1089 5350 1296 5410 soluta,
1331 5357 1524 5403 auctor
1559 5350 1688 5415 fuit,
1723 5353 2088 5408 utexercitus

502 5441 574 5492 ad
623 5440 954 5495 deliciarum
1001 5449 1058 5496 et
1109 5443 1432 5509 rapinarum
1480 5441 1662 5496 studia
1710 5442 2090 5499 delaberetur.

502 5531 777 5586 Ordinum
837 5533 1163 5587 militarium
1211 5533 1403 5597 duces,
1449 5545 1505 5588 et
1556 5537 1971 5604 provinciarum
2006 5553 2092 5592 re-

496 5636 708 5693 ctores,
745 5625 980 5696 perinde
1014 5634 1181 5693 atque
1215 5626 1523 5695 tyrannidis
1557 5629 1679 5698 ejus
1715 5629 1873 5690 socii,
1904 5629 2084 5683 avari-

498 5721 599 5771 tia:
629 5718 848 5773 artibus
882 5733 942 5773 se
995 5717 1520 5787 collocupletarunt.
1577 5721 1878 5776 Fmditates
1920 5739 2093 5792 porro

501 5821 658 5890 quas.
677 5809 912 5864 libidine
951 5809 1220 5864 incitatus
1267 5812 1630 5881 perpetravit,
1686 5825 1990 5884 stupraque
2030 5826 2088 5870 et

2194 4619 2286 4672 τὸν
2316 4621 2553 4690 ἀριθμὸν
2587 4623 2698 4676 τῶν
2733 4623 3230 4695 παλλακευομένων
3255 4625 3404 4696 αὐτῷ
3439 4627 3554 4692 πῶς
3578 4627 3644 4682 ἀν
3682 4645 3764 4690 τις

2193 4711 2290 4764 καὶ
2320 4714 2618 4782 διεξέλθοις
2648 4716 2812 4770 Πόλιν
2841 4720 2950 4786 γάρ
2981 4717 3240 4786 οὐδεμίαν
3261 4713 3331 4789 ἦν
3355 4719 3668 4789 παρελθεῖν,
3689 4720 3764 4788 μὴ

2195 4804 2405 4873 φθορὰς
2454 4806 2550 4858 καὶ⁵
2617 4807 2879 4876 ἁρπαγὰς
2935 4809 3216 4875 γυναικῶν
3271 4809 3654 4876 είργασμένον.
3687 4809 3762 4860 Οὐ

2195 4895 2318 4947 καθ’
2345 4898 2505 4968 ἡμῶν
2543 4897 2600 4950 δὲ
2638 4898 2836 4968 μόνων,
2879 4898 3014 4952 ἀλλά
3047 4899 3142 4953 καὶ
3191 4901 3336 4953 κατά
3393 4897 3613 4952 πάντων
3657 4899 3764 4951 τῶν

2196 4989 2456 5060 ὑπηκόων
2486 4991 2617 5062 ἕδρα
2646 4993 2720 5046 τὰ
2741 4985 3025 5048 πάνδεινα.
3069 4991 3237 5063 Ἡμῖν
3261 4991 3369 5061 γὰρ
3388 4992 3486 5063 οὐχ
3504 4993 3554 5044 oi
3576 4991 3764 5061 ἀνδρες

2195 5081 2334 5147 πρὸς
2383 5079 2498 5151 πῦρ
2550 5082 2648 5135 καὶ
2692 5082 2930 5152 σίδηρον,
2967 5083 3062 5136 καὶ⁵
3110 5082 3306 5150 βυθοὺς
3341 5081 3640 5151 θαλάσσης,
3673 5080 3763 5131 καὶ

2194 5171 2351 5242 λιμὸν
2385 5175 2480 5226 καὶ
2520 5173 2692 5244 ψῦχος
2729 5174 3136 5244 διηγωνίζοντο,
3169 5174 3264 5226 καὶ
3319 5173 3496 5243 θῆρας
3538 5173 3763 5243 ἀγρίους

2197 5266 2290 5317 καί⁵
2324 5265 2502 5335 μελῶν
2536 5266 2775 5334 ἐκτομὰς
2833 5265 2976 5335 ὑπὲρ
3008 5266 3109 5333 τῆς
3147 5269 3227 5328 είς
3281 5266 3418 5318 Θεὸν
3462 5266 3764 5331 εὐσεϐείας,

2195 5358 2332 5410 ἀλλά
2375 5360 2468 5411 καὶ
2513 5361 2773 5426 γυναῖκες
2807 5359 2877 5412 τὰ
2936 5359 3026 5412 ίσα
3082 5361 3220 5428 πρὸς
3279 5359 3373 5412 τοῦ
3427 5358 3574 5412 θείου
3608 5358 3764 5422 λόγου

2194 5453 2579 5522 ἡῤῥενωμέναι
2643 5453 2955 5522 πάσχουσαι
3016 5453 3448 5523 διεκαρτέρουνο
3514 5453 3607 5504 καὶ
3678 5451 3763 5502 ἐπὶ

2195 5542 2407 5613 φθορὰν
2448 5542 2738 5612 ἀγόμεναι,
2778 5543 2973 5595 θᾶττον
3008 5543 3074 5596 ἀν
3120 5546 3218 5614 τὴν
3251 5544 3430 5614 ψυχὴν
3458 5544 3489 5614 ἠ
3518 5543 3576 5595 τὸ
3613 5541 3763 5609 σῶμα

2195 5635 2553 5705 προῦδωκαν·
2590 5637 2665 5698 ώς
2704 5635 2903 5701 ἔδειξεν
2945 5637 2977 5706 ἡ
3031 5637 3154 5692 κατ’
3206 5637 3614 5706 Ἀλεξάνδρειαν
3649 5636 3746 5687 ἐπί

2197 5744 2372 5798 σημος
2420 5728 2605 5797 ἐκείνη
2651 5729 2746 5779 καὶ
2794 5728 3081 5798 διαὸόητος
3112 5729 3205 5781 ἐπὶ
3253 5728 3575 5798 σωφροσύνῃ
3608 5728 3763 5795 γυνὴ,

2197 5819 2415 5890 πλούτῳ
2445 5821 2539 5873 καὶ
2582 5819 2800 5889 παιδεία
2836 5821 2925 5874 καὶ
2952 5819 3079 5892 δόξῃ
3124 5821 3411 5893 διαφανὴς,
3443 5821 3540 5891 τὴν
3571 5819 3753 5874 ἀκόλα-
