4052 6452
313 434 450 497 ῙΞ53

1231 428 1837 494 ECCLESIASTICZE
1875 426 2269 490 HISTORLE
2308 425 2452 491 LIB.
2496 426 2629 490 VII.

3412 426 3563 494 1254

313 561 439 598 στον
470 542 681 598 ἐκείνου
713 542 893 617 ψυχὴν
937 543 1080 601 κατὰ
1117 543 1319 615 κράτος
1359 545 1669 617 νικήσασα’
1715 544 1783 615 ἢν
1814 542 1881 614 δὴ

1995 541 2261 597 adulteria
2302 543 2444 613 ejus,
2475 542 2602 612 quis
2633 553 2821 612 quaso
2846 554 3125 612 exponere
3160 539 3375 609 possit?
3401 541 3561 597 Civi-v

311 639 523 691 κτεῖναι
582 637 927 708 δεομένην,ἢ
986 638 1077 691 τὸν
1128 638 1382 707 σώφρονα
1436 636 1700 706 λογισμὸν
1753 654 1888 706 προ-

312 726 513 791 δοῦναι,
543 727 643 797 τῆς
673 726 967 796 ἐπιθυμίας
1021 726 1282 799 μᾶλλονῆ
1323 725 1419 781 τοῦ
1465 727 1642 797 θυμοῦ
1685 744 1887 798 τυραν-

314 821 532 890 νούσης,
582 819 676 875 καὶ
708 821 832 897 ταῖς
880 819 1059 873 ἐλπίσι
1101 819 1566 891 μετεωριζούσης,
1605 820 1666 873 οὐ
1717 836 1889 890 κατη-

319 912 533 978 ξίωσεν.
578 912 868 984 Ἀειφυγίᾳ
904 911 960 966 δὲ
1003 911 1307 981 ζημιώσας,
1347 911 1538 981 κύριον
1566 910 1760 966 ἑαυτὸν
1786 911 1888 980 τῆς

318 1004 637 1076 περιουσίας
666 1004 919 1058 καθίστα.
952 1004 1153 1057 Πολλαὶ
1186 1004 1284 1073 μὲν
1316 1001 1409 1055 οῦν
1436 1004 1528 1056 καὶ
1556 1001 1715 1056 άλλαι
1747 1000 1888 1056 κατὰ

317 1098 516 1160 τόπους
551 1097 673 1167 μηδ’
704 1096 894 1166 ἄκροις
923 1096 1060 1150 ὠσὶν
1100 1097 1469 1167 ἀνασχόμεναι
1497 1095 1885 1168 πορνευθῆναι,

322 1191 502 1243 πάντα
556 1188 751 1243 παθεῖν
788 1190 917 1259 άχρι
953 1189 1019 1259 δὴ
1051 1187 1284 1243 Θανάτου
1337 1189 1647 1259 ἠνέσχοντο.
1684 1189 1794 1241 Καί
1821 1204 1886 1256 γε

320 1282 622 1351 θαυμάσιαι
655 1282 755 1353 μὲν
783 1283 1014 1346 ἐκεῖναι,
1043 1281 1224 1350 πολλῷ
1263 1282 1321 1334 δὲ
1353 1280 1774 1352 ὑπερϐάλλουσα
1806 1279 1887 1351 τῷ

320 1372 467 1443 μέσῳ
492 1374 526 1443 η
559 1373 653 1424 ἐπὶ
694 1371 915 1441 Ῥώμης
959 1372 1140 1441 ἐκείνη
1183 1370 1411 1443 εὐγενὴς
1449 1370 1526 1441 τῷ
1554 1371 1666 1424 ὄντι
1695 1370 1885 1440 ψυχή’

315 1464 383 1517 τὰ
412 1463 523 1533 γὰρ
550 1464 712 1532 ὃμοια
737 1463 869 1534 δρᾷν
905 1462 1105 1515 ἐθέλων
1133 1462 1424 1533 Μαξιμίνῳ
1444 1460 1770 1528 Μαξὲντιος,
1800 1455 1888 1515 οἷα

318 1555 389 1608 τὰ
422 1555 660 1623 συγγενῆ
693 1555 790 1607 καὶ
819 1554 1025 1623 ἀδελφά
1059 1553 1146 1623 ἐφ’
1173 1554 1344 1607 ἆπασι
1393 1553 1488 1605 καὶ
1535 1552 1751 1623 φρονῶν
1792 1552 1889 1605 καὶ

323 1647 578 1718 πράττων
607 1647 823 1717 ἐκείνῳ,
860 1647 1094 1715 ἐπείπερ
1134 1646 1316 1716 ἐκείνη
1342 1647 1467 1709 τοὺς
1498 1645 1594 1716 τῆς
1631 1645 1885 1712 πράξεως

324 1738 631 1809 ὑπουργοὺς
655 1736 735 1808 τῷ
770 1737 1014 1808 σφετέρῳ
1048 1738 1186 1808 οἴκῳ
1230 1737 1556 1799 ἐπιστάντας
1605 1736 1765 1805 ἔγνω,
1796 1735 1889 1788 καὶ

317 1829 488 1883 ταῦτα
525 1828 626 1883 ’τοῦ
680 1829 874 1900 ἀνδρὸς
931 1831 1101 1896 αὐτῆς
1144 1828 1242 1898 τὴν
1294 1828 1390 1882 τοῦ
1444 1829 1688 1899 ἐπάρχου
1732 1827 1889 1894 ἀξίαν

319 1922 764 1991 διαχειρίζοντος,
795 1920 1249 1983 κατασεισθέντος
1276 1919 1354 1991 τῷ
1384 1919 1494 1973 δέει
1527 1921 1623 1973 καὶ
1652 1918 1891 1986 ἁπάγειν

320 2011 655 2079 κελεύοντος,
685 2013 806 2066 ἐπεὶ
838 2011 1058 2077 ἐξιοῦσα
1091 2013 1151 2065 οὐ
1202 2013 1344 2067 πάνυ
1388 2012 1523 2066 πολὺ
1570 2010 1763 2083 προῄει
1796 2011 1889 2064 τοῦ

320 2102 493 2169 οῖκου,
517 2103 1085 2174 ὑποπαραιτησαμένη
1110 2101 1271 2172 δῆθεν
1299 2103 1423 2163 τοὺς
1451 2103 1686 2170 ἄγοντας
1717 2102 1790 2164 ὡς
1826 2101 1892 2154 ἂν

320 2195 458 2266 πρὸς
487 2194 894 2266 εὐσημότερον
936 2193 1174 2248 διάθοιτο
1213 2195 1412 2264 ἑαυτήν
1432 2208 1448 2226 ο
1486 2193 1788 2262 μονωθεῖσα
1813 2192 1891 2259 δὲ,

319 2283 418 2354 τὴν
460 2284 738 2353 μάχαιραν
782 2282 925 2335 κατὰ
955 2282 1064 2336 τῶν
1094 2281 1344 2350 ὲγκάτων
1377 2281 1578 2351 ἤλαυνε
1603 2296 1621 2314 υ
1658 2282 1748 2334 τὸν
1790 2281 1892 2349 μὲν

318 2374 495 2445 αὐτῆς
539 2376 736 2443 νεκρὸν
786 2374 1016 2440 ἐκείνοις
1066 2375 1324 2440 λιποῦσα,
1357 2372 1543 2445 ἔργοις
1594 2373 1651 2427 δὲ
1706 2374 1894 2437 αὐτοῖς

320 2466 755 2535 παραδεικνῦσα,
797 2466 878 2519 ὅτι
925 2467 1088 2536 μόνον
1120 2467 1425 2538 χρημάτων
1460 2466 1720 2520 ἁπάντων
1748 2463 1890 2519 ἀνώ-

320 2555 509 2626 λεθρον
551 2558 644 2609 καὶ
688 2558 958 2628 ἀήττητον
985 2559 1017 2629 ἡ
1046 2559 1201 2627 παρὰ
1252 2559 1604 2628 Χριστιανοῖς
1649 2558 1893 2627 πέφυκεν

321 2646 511 2718 ἁρετὴ,
544 2648 640 2700 καὶ
689 2647 845 2701 οὐδὲν
883 2650 1200 2720 ἐρρωμένου
1246 2650 1515 2720 λογισμοῦ
1566 2646 1892 2723 βιαιότερον.

318 2734 574 2807 ,Τοσαύτη
600 2736 799 2798 κακίας
827 2741 970 2809 φορὰ
996 2739 1099 2792 ὑπὸ
1127 2740 1220 2793 τὸν
1245 2741 1408 2795 αὑτὸν
1445 2743 1541 2795 καὶ
1574 2743 1670 2795 ἕνα
1699 2743 1892 2813 χρόνον

321 2828 421 2895 ΙΙτήν
456 2843 518 2879 τε
542 2827 619 2881 ἒω
652 2829 749 2882 καὶ
781 2829 1021 2900 ἑσπέραν
1046 2830 1320 2901 διείληφεν
1365 2834 1471 2887 ὑπὸ
1502 2834 1612 2887 τῶν
1643 2833 1736 2888 δύο
1768 2837 1894 2887 τού-

322 2935 432 2972 των
458 2919 739 2988 τυράννων
770 2922 973 2992 ἁδελφά
1003 2924 1351 2995 φρονούντων
1379 2927 1467 2995 ἐφ’
1493 2924 1715 2981 ἅπασιν⁹
1748 2926 1892 2980 ὥστε

323 3007 667 3073 άδιστάκτως
686 3013 1096 3083 άποφηναμένῳ
1124 3015 1301 3068 εἰπεῖν
1332 3013 1543 3081 ἔξεστιν
1590 3014 1765 3070 αἴτιον
1794 3018 1894 3087 τῆς

1990 640 2155 686 tatem
2218 631 2503 702 pra-terire
2563 633 2746 701 potuit
2802 632 3029 697 nullam,
3091 632 3226 701 quin
3276 628 3559 701 plerasque

1988 724 2252 779 mulieres
2289 722 2617 778 vitiarentur
2641 734 2809 794 atque
2837 731 3186 793 raperentur.
3220 724 3333 780 Nec
3359 724 3415 778 in
3454 740 3558 781 nos

1988 813 2160 878 solos,
2193 813 2289 869 sed
2328 815 2389 869 in
2437 828 2632 869 omnes
2663 814 2830 870 etiam
2864 814 3120 870 subditos
3150 830 3283 870 suos
3315 831 3407 870 res
3444 826 3554 870 tam

1987 918 2182 974 graves
2233 906 2503 960 exercuit.
2562 906 2723 976 Apud
2780 922 2883 963 nos
2938 907 3163 977 quidem
3216 907 3271 962 in
3328 907 3563 963 Oriente

1984 997 2138 1067 juxta
2169 1003 2225 1051 et
2254 990 2574 1063 Occidente,
2595 1013 2707 1054 non
2733 999 2840 1054 viri
2869 1009 3079 1054 tantum
3109 1009 3337 1071 propter
3367 1016 3560 1055 veram

1989 1088 2046 1142 in
2081 1087 2249 1142 Deum
2280 1088 2563 1158 pietatem,
2617 1090 2888 1146 adversus
2934 1091 3140 1161 ignem,
3173 1092 3406 1157 ferrum,
3440 1093 3563 1164 gla-

1990 1179 2131 1240 dios.
2168 1181 2340 1235 maris
2384 1181 2582 1246 undas,
2618 1182 2841 1247 famem,
2876 1195 3068 1245 iustum
3098 1191 3156 1238 et
3192 1186 3457 1254 algorem,
3503 1193 3562 1240 et

1990 1280 2184 1325 contra
2216 1270 2444 1335 bestias.
2487 1273 2982 1344 membrorumque
3012 1275 3358 1330 concisiones
3390 1277 3565 1345 depua

1988 1373 2231 1433 gnarunt
2274 1380 2288 1417 :
2349 1365 2445 1420 sed
2497 1375 2555 1419 et
2604 1366 2947 1422 mulierculas
3003 1367 3193 1423 divino
3239 1369 3560 1423 confortatas

1990 1453 2181 1518 verbo,
2227 1448 2419 1509 eadem
2476 1455 2596 1510 haec
2638 1456 2886 1526 perferre
2940 1460 3328 1514 sustinuerunt
3375 1477 3390 1514 :
3442 1475 3563 1529 quae

1988 1558 2113 1600 cum
2146 1544 2214 1598 ad
2249 1546 2695 1613 corruptionem,
2726 1557 2980 1618 stuprum
3011 1557 3068 1603 et
3109 1549 3393 1619 pudicitiae
3423 1565 3561 1604 con-

1993 1638 2415 1691 taminationem
2447 1639 2810 1704 ducerentur,
2842 1641 3010 1695 vitam
3042 1641 3212 1696 citius
3243 1657 3407 1711 quam
3441 1654 3564 1697 cor-

1992 1744 2095 1807 pus
2123 1729 2505 1800 prodiderunt.
2540 1731 2600 1786 ld
2627 1732 2774 1801 quod
2803 1733 3025 1803 egregie
3054 1735 3300 1790 ostendit
3330 1736 3564 1791 alexan-

1993 1822 2154 1877 drina
2188 1821 2278 1876 illa
2308 1822 2507 1876 mulier
2526 1824 2627 1893 (1),
2650 1825 2874 1894 opibus,
2896 1827 3025 1879 vita:
3053 1826 3331 1888 instituto,
3353 1827 3562 1883 virtute

1998 1923 2055 1969 ct
2097 1915 2152 1969 in
2180 1916 2377 1985 primis
2405 1917 2683 1972 castitatis
2707 1917 2881 1988 gloria
2915 1918 3174 1984 celebris,
3210 1934 3335 1990 quae
3376 1918 3564 1972 libidi-

1998 2022 2196 2062 nosum
2245 2009 2367 2079 ejus
2421 2009 2666 2063 animum
2714 2010 3015 2064 fortissime
3064 2010 3370 2080 superavit.
3422 2009 3564 2066 Cum

1996 2109 2236 2168 namque
2261 2115 2386 2153 eum
2420 2100 2509 2154 illa
2541 2100 2930 2167 obtestaretor,
2962 2111 3023 2156 ut
3047 2102 3210 2157 vitam
3245 2103 3350 2157 sibi
3379 2103 3571 2172 potius

1996 2204 2160 2259 quam
2191 2189 2514 2259 pudicitiam
2550 2191 2839 2258 adimeret,
2862 2192 3009 2261 quod
3033 2192 3337 2261 cupiditate
3369 2193 3568 2263 magis,-

1996 2295 2120 2351 qua
2150 2296 2275 2335 eum
2312 2282 2366 2335 in
2396 2297 2646 2353 magnam
2680 2297 2833 2352 spem
2868 2292 2996 2338 voto
3031 2298 3130 2338 suo
3172 2284 3417 2353 potiendi
3444 2298 3563 2336 sus-

1999 2373 2224 2438 tulerat,
2286 2389 2450 2444 quam
2494 2374 2575 2428 ira
2605 2387 2985 2445 grassaretur,
3020 2375 3278 2446 precibus
3308 2376 3427 2445 ejus
3454 2389 3570 2426 non

1997 2465 2296 2535 acquievit,
2344 2465 2441 2520 sed
2488 2467 2608 2536 ejus
2660 2467 2713 2520 in
2757 2479 3087 2536 perpetuum
3137 2475 3272 2522 actae
3310 2466 3568 2521 exsilium

1997 2557 2365 2612 substantiam
2406 2572 2629 2612 omnem
2668 2558 2957 2621 involavit,
2987 2559 3211 2628 sibique
3240 2557 3567 2612 vindicavit.

1996 2647 2180 2701 Multze
2215 2655 2479 2718 praeterea
2510 2647 2631 2702 alia:
2654 2648 2709 2702 in
2741 2648 3022 2718 plerisque
3044 2647 3203 2715 locis,
3232 2663 3303 2702 ne
3334 2649 3572 2703 summis

1997 2738 2221 2807 quidem
2255 2739 2486 2793 auribus
2519 2738 2586 2795 de
2609 2751 2806 2811 stupro
2832 2754 2891 2796 se
2915 2740 3235 2808 compellari
3269 2741 3565 2811 patientes,

1997 2829 2294 2885 durissima
2327 2846 2563 2901 quaeque
2591 2831 2660 2888 ad
2685 2840 2916 2887 mortem
2945 2849 3118 2901 usque
3147 2834 3427 2903 pertulere
3450 2849 3566 2888 ma-

1998 2923 2071 2978 la.
2107 2923 2238 2989 Quae
2275 2925 2496 2994 quidem
2547 2926 2888 2981 admiranda:
2923 2937 3054 2981 sunt
3087 2941 3303 2994 omnes,
3349 2928 3442 2982 illa
3482 2934 3573 2982 ta«-

1999 3029 2125 3070 men
2161 3016 2423 3087 praeclara
2452 3017 2691 3072 maxime
2714 3018 3054 3074 nobilissima
3077 3017 3133 3074 in
3158 3020 3296 3076 urbe
3323 3018 3572 3079 Romana

326 3100 509 3154 αὐτῶν
558 3104 832 3175 τοσαύτης
865 3105 1309 3175 δγκαταλείψεως
1357 3106 1476 3177 μετ’
1509 3108 1689 3177 ὀλίγον
1727 3109 1892 3179 μηδὲν

2002 3104 2206 3159 anima.
2244 3104 2552 3161 Maxentius
2585 3123 2845 3177 namque,
2881 3109 2977 3179 qui
3029 3110 3263 3169 libidine
3319 3109 3568 3183 Maximi-

325 3192 454 3245 άλλο
474 3211 539 3261 γε
571 3193 710 3249 εἶναι
740 3196 773 3266 ἢ
819 3196 912 3251 τὸν
941 3199 1063 3253 καθ’
1104 3198 1263 3268 ἡμῶν
1287 3199 1529 3269 διωγμόν
1553 3216 1568 3232 ο
1608 3202 1666 3265 ὃς
1706 3201 1772 3272 δὴ
1805 3201 1892 3254 καὶ

2003 3211 2135 3252 num
2162 3197 2411 3252 aemulari
2442 3198 2500 3252 in
2527 3199 2770 3254 animum
2806 3199 3120 3264 induxerat,
3155 3201 3351 3257 eadem
3391 3203 3446 3256 in
3479 3218 3571 3257 re-

329 3279 517 3333 στάσιν
546 3282 776 3354 είλήχει,
809 3284 972 3357 ἡμῶν
997 3284 1095 3358 τὴν
1136 3286 1345 3358 συνήθη
1379 3289 1694 3361 παρρησίαν
1735 3287 1892 3353 αὖθις

2006 3290 2113 3345 bus
2164 3290 2427 3345 omnibus
2472 3306 2595 3359 qua:
2628 3290 2741 3355 ille,
2786 3291 2956 3346 veluti
3005 3295 3352 3363 propinquus
3401 3303 3568 3364 atque

326 3370 725 3429 ἀπολεσάντων.
1458 3375 1509 3386 ”
1562 3378 1571 3384 ’

2007 3380 2180 3435 frater
2215 3389 2271 3435 et
2299 3382 2545 3436 sentiens
2576 3390 2631 3437 et
2667 3380 2892 3450 faciens,
2926 3385 2984 3438 in
3014 3385 3161 3441 aedes
3189 3387 3310 3458 ejus
3352 3386 3571 3443 femina

329 3459 686 3519 administros
713 3466 891 3535 stupri
929 3466 1156 3537 miserat
1186 3466 1265 3539 (2)
1297 3485 1310 3521 :
1351 3466 1511 3539 47],
1549 3470 1899 3537 maritusque
1936 3469 2065 3539 ejus
2125 3470 2512 3541 praefecturam
2546 3471 2701 3528 urbis
2730 3488 2950 3542 gerens,
2992 3475 3191 3531 timore
3258 3476 3571 3547 perculsus,

328 3554 533 3610 abduci
554 3570 674 3615 eam
703 3557 964 3629 iusserat.
999 3559 1119 3630 Ipsa
1145 3570 1329 3613 autem
1358 3561 1523 3614 domo
1581 3575 1802 3630 egressa
1865 3562 1968 3633 (5),
2013 3577 2139 3617 cum
2205 3563 2491 3633 paululum
2552 3563 2855 3633 admodum
2906 3566 3304 3637 processisset,
3365 3568 3572 3624 dolosis

330 3650 614 3707 blanditiis
649 3668 677 3707 a
711 3656 1141 3724 productoribus
1172 3657 1288 3710 suis
1314 3657 1656 3728 impetravit,
1727 3668 1788 3713 ut
1855 3661 1963 3716 sibi
2009 3659 2063 3713 itt
2114 3662 2262 3717 aedes
2313 3661 2382 3716 ad
2432 3662 2680 3717 habitum
2725 3663 3097 3733 vestitumque
3141 3661 3429 3718 cultiorem
3478 3678 3577 3717 su-

330 3742 592 3803 mendum
628 3745 814 3799 redire
843 3745 1056 3800 liceret.
1089 3744 1268 3815 Atque
1294 3746 1371 3800 ibi
1413 3761 1536 3800 cum
1612 3747 1731 3803 sola
1798 3761 1967 3817 esset,
2008 3754 2191 3828 cultro
2218 3752 2456 3824 seipsam
2491 3754 2762 3809 confodit.
2796 3753 2887 3810 Sic
2918 3754 3010 3809 illa
3039 3754 3275 3811 cadaver
3302 3755 3386 3811 eis
3407 3771 3570 3811 suum

330 3836 607 3905 reliquit:
650 3836 795 3891 facto
833 3851 1015 3892 autem
1054 3836 1149 3892 tali
1180 3838 1316 3891 satis
1350 3837 1673 3905 declaravit,
1744 3856 1931 3896 rerum
1968 3845 2218 3898 omnium
2268 3847 2502 3901 maxime
2574 3847 2834 3901 invictam
2877 3855 3043 3916 atque
3085 3846 3569 3919 inexpugnabilem

327 3931 774 3987 Christianorum
798 3928 1085 3997 virtutem,
1108 3929 1359 4003 nihilque
1381 3944 1507 3984 esse
1568 3931 1754 3986 animo
1817 3930 1978 3987 firmo
2015 3942 2070 3989 ct
2103 3938 2378 3990 constanti
2412 3936 2731 3990 violentius.
2783 3934 2994 3995 Tantus
3038 3937 3299 3993 vitiorum
3336 3937 3573 4009 ﬂagitio-

329 4037 566 4093 rumque
616 4023 865 4076 omnium
931 4036 1043 4077 uno
1111 4022 1418 4092 eodemque
1478 4031 1731 4093 tempore
1795 4039 1895 4094 per
1931 4024 2215 4082 Orientem
2281 4025 2753 4097 Occidentemque
2786 4028 2975 4094 simul,
3028 4029 3195 4086 simul
3226 4033 3330 4089 sub
3350 4034 3578 4093 duobus

332 4119 483 4172 hisce
536 4116 802 4185 tyrannis,
832 4128 1121 4186 germanos
1188 4114 1242 4169 in
1307 4113 1611 4171 sceleribus
1662 4118 1921 4172 omnibus
1980 4118 2196 4175 animos
2272 4119 2694 4183 obtinentibus,
2744 4132 3045 4190 proventus
3102 4123 3226 4182 fuit.
3281 4099 3579 4185 Aﬂirmare

331 4209 717 4267 mediusﬁdius
747 4218 899 4263 certe
935 4223 1182 4279 possum,
1219 4209 1366 4279 quod
1397 4207 1475 4262 illi
1503 4202 1657 4264 brevi
1692 4220 1884 4279 postea
1921 4211 1977 4267 in
2049 4220 2258 4269 tantum
2294 4221 2425 4268 sunt
2493 4212 2733 4283 conjecti
2777 4213 3098 4279 discrimen,
3137 4216 3278 4273 nihil
3324 4218 3475 4277 aliud
3512 4220 3581 4277 in.

330 4317 499 4356 causa
536 4300 732 4382 fuisse,
758 4317 932 4370 quam
960 4318 1105 4368 eam,
1136 4318 1259 4373 quae
1321 4314 1513 4359 contra
1549 4319 1653 4359 nos
1692 4304 1931 4360 excitata
2011 4318 2118 4371 est,
2159 4309 2629 4376 persecutionem.
2680 4309 2756 4365 Ea
2797 4324 2931 4363 vero
2966 4310 3210 4381 vigorem
3256 4318 3584 4383 statumque

332 4409 494 4449 suum
560 4395 863 4449 firmiorem
915 4405 1000 4451 est
1053 4405 1383 4464 consecuta,
1428 4413 1555 4453 cum
1608 4413 1710 4453 nos
1763 4407 2088 4456 consuetam
2156 4400 2476 4459 libertatem
2540 4412 2600 4457 et
2669 4403 3038 4458 constantiam
3109 4411 3359 4460 nostram
3415 4420 3577 4462 rece-

333 4492 538 4558 pimus.

907 4610 1161 4664 ΚΕΦΔΛ.
1194 4606 1325 4667 ΚΒ’.

2576 4611 2825 4682 eaeor;
2844 4611 3012 4669 χχιι.

332 4724 475 4795 Περὶ
514 4723 635 4781 τῶν
690 4725 1166 4791 exarandas-rw
1198 4723 1435 4795 δεινῶν,
1476 4725 1577 4779 καὶ
1629 4724 1742 4795 τῆς
1776 4724 1901 4780 τῶν

714 4796 1095 4862 κρατούντων
1116 4793 1512 4861 παλινῳδίας.

405 4973 612 5046 Χρόνου
642 4973 749 5044 γὰρ
783 4971 1008 5026 δεκάτου
1036 4973 1324 5050 ἐξήκοντος
1351 4973 1429 5044 τῷ
1462 4973 1710 5044 διωγμῷ,
1748 4973 1902 5030 οὐδὲν

335 5066 363 5121 ὃ
406 5083 461 5120 τι
508 5066 615 5120 τῶν
666 5067 743 5127 είς
795 5064 1085 5136 ὲπιῦουλὴν
1138 5065 1233 5119 καὶ
1291 5065 1527 5134 πόλεμον
1568 5066 1661 5119 καὶ
1719 5067 1907 5137 αὐτοῖς

336 5160 741 5230 παραλέλειπτο
761 5174 775 5189 ο
808 5157 990 5229 μάχης
1017 5157 1126 5227 γὰρ
1156 5158 1213 5209 ὲν
1243 5158 1320 5227 τῷ
1355 5157 1560 5228 μεταξὺ
1607 5160 1720 5212 τοῖν
1758 5159 1905 5213 δυοῖν

333 5254 623 5324 τυράννοιν
651 5251 1038 5324 γεγενημένης,
1062 5249 1311 5313 άπλωτος
1343 5250 1442 5319 μὲν
1473 5251 1506 5321 ή
1535 5251 1773 5305 θάλαττα
1796 5248 1865 5321 ἦν
1888 5267 1905 5284 ·

340 5352 389 5403 εἰ
432 5348 490 5402 δέ
541 5364 643 5402 που
684 5348 779 5405 καὶ
814 5343 979 5409 πλοῦς
1013 5342 1106 5416 ἦν,
1147 5344 1402 5419 στρέϐλαι
1447 5347 1542 5399 καὶ
1578 5344 1774 5410 ξέσεις,
1811 5343 1907 5415 βά-

339 5443 492 5499 σανοί
540 5456 601 5495 τε
659 5438 912 5493 παντοῖαι
970 5438 1077 5493 τῶν
1135 5435 1476 5507 ἑκατέρωθεν
1526 5437 1905 5507 ἁλισκομένων

414 5619 488 5688 (Ι)
519 5618 747 5673 Ruﬁnus
779 5633 898 5673 eam
926 5618 1272 5688 ,Dorotlteam
1316 5616 1580 5672 nominat.

412 5690 491 5758 (2)
520 5688 891 5758 Sophroniam
916 5687 1148 5743 Rufinus
1176 5697 1353 5742 vocat.
1387 5757 1399 5758 ί
1474 5700 1479 5706 ·

411 5756 487 5828 (5)
518 5756 948 5829 De’Sophronia:
994 5759 1330 5829 bujus.casu
1381 5757 1715 5813 Prudentius
1761 5756 1905 5812 scri-

322 5829 512 5897 psisse
547 5828 764 5885 videtur
794 5847 810 5884 ι

2002 4724 2083 4779 De
2111 4724 2348 4779 cladibus
2381 4739 2499 4794 quae
2524 4725 2934 4794 persecutionem
2951 4726 3088 4779 hanc
3108 4733 3233 4780 sunt
3263 4727 3571 4795 subsecutus,

2074 4804 2124 4849 et
2152 4797 2215 4876 de
2238 4797 2617 4877 imperatorum
2654 4796 2952 4866 palittadia,
2995 4811 3087 4850 seu
3114 4800 3479 4855 recordatione
3526 4809 3579 4854 et

2075 4875 2401 4935 pmnttentta.

2077 4979 2216 5039 Cum
2240 4980 2354 5050 jam
2384 4979 2639 5037 decimus
2657 4981 3065 5051 persecutionis
3082 4992 3345 5053 ageretur
3371 5000 3580 5053 annos.

2010 5074 2155 5135 nihil
2194 5074 2276 5131 illi
2317 5088 2542 5144 quoque
2585 5074 2730 5144 quod
2783 5075 2870 5129 vel
2908 5075 2978 5129 ad
3025 5077 3272 5131 occultas
3322 5077 3585 5144 insidias,

2008 5165 2098 5223 vel
2131 5164 2202 5219 ad
2226 5172 2476 5233 apertum
2511 5164 2657 5219 inter
2694 5179 2756 5221 se
2779 5172 2981 5224 bellum
3015 5169 3341 5238 pertineret.
3372 5169 3590 5224 omise—

2010 5265 2164 5313 runt.
2196 5257 2408 5314 Bellum
2443 5259 2597 5315 enim
2643 5259 2789 5334 inter
2827 5260 2970 5317 duos
3016 5262 3159 5317 istos
3187 5270 3450 5333 tyrannos
3483 5279 3587 5334 ge-

2008 5357 2155 5405 stum
2195 5359 2304 5417 est,
2356 5357 2415 5406 et
2465 5366 2619 5409 mare
2666 5353 2929 5409 infestum
2975 5362 3144 5424 atque
3200 5353 3591 5425 immigabilc

2009 5441 2137 5499 fuit.
2172 5440 2334 5508 Quod
2354 5442 2401 5501 si
2432 5441 2488 5499 id
2512 5458 2544 5498 a
2577 5445 2840 5514 quopiam
2872 5446 3248 5518 navigarotur,
3275 5461 3402 5501 eum
3427 5445 3591 5516 quod

2116 5628 2218 5710 aut
2244 5627 2292 5680 si
2324 5636 2492 5710 nupta
2531 5636 2702 5681 torum
2721 5627 2866 5710 regis
2888 5627 3240 5710 conscendere
3254 5627 3445 5697 jussus,

2115 5697 2358 5768 Coeperat
2393 5697 2662 5768 impurum
2697 5698 2899 5768 dontini
2922 5698 3188 5752 oblectare
3213 5697 3484 5767 furorem,

2113 5766 2287 5820 Morte
2313 5766 2577 5822 maritalis
2620 5767 2781 5821 dabat
2803 5767 3105 5838 indignatio.
3131 5784 3335 5843 poenas.
