4052 6438
569 379 711 446 32:35

1804 364 2237 430 NlCEPHORI
2279 360 2630 423 CALLISTI

3662 368 3776 432 196

562 494 831 563 utrinque
869 491 1011 548 alius
1059 488 1153 546 alii
1203 498 1398 561 captos
1449 485 1820 551 abducerent,
1879 484 2132 548 ﬁdiculae,

2243 483 2579 555 προύϐαινον
2600 498 2614 514 ο
2649 483 3128 555 ἀνασκολοπισμός
3162 503 3221 540 τε
3252 488 3345 541 καὶ
3370 488 3401 559 ἡ
3431 486 3515 541 διὰ.
3546 490 3701 560 πυρὸς
3726 496 3777 545 τὸ

561 590 759 660 ﬂagra,
793 592 1069 640 tormenta
1103 582 1278 649 varia,
1311 594 1532 644 cruces,
1561 587 1620 634 et
1669 589 1958 649 postremo
1991 578 2137 647 ignis

563 678 899 749 Supplicium
944 674 1264 730 manebant.
1296 671 1724 742 Apparahantur
1766 669 1975 739 ubique
2007 668 2136 722 tho-

564 782 744 830 races,
813 765 1075 835 cuspides
1138 774 1197 818 et
1254 764 1477 817 hasta:
1538 770 1803 833 praeterea
1854 762 2134 828 triremes,

536 836 767 912 .elasses
807 864 865 910 et
918 855 1284 910 instrumenta
1337 854 1469 909 belli
1521 853 1710 909 omnia
1761 854 1818 909 in
1871 862 2135 923 promptu

559 956 742 1010 erant.
790 956 1147 1016 temporaque
1179 960 1248 999 eo
1296 954 1414 1000 toto
1449 944 1502 998 in
1550 945 1689 1000 locis
1730 952 1786 999 et
1830 944 2138 1014 provinciis

559 1038 825 1093 cmmbus
854 1038 995 1092 nihil
1030 1036 1179 1091 aliud
1211 1026 1298 1092 vel
1342 1035 1679 1092 audiebatur
1708 1034 1796 1090 vel
1841 1043 2137 1104 exspecta-

559 1132 746 1197 batur,
780 1146 945 1200 quam
980 1130 1214 1186 hostiles
1248 1120 1627 1194 incursiones,
1660 1131 1861 1193 credes.
1903 1129 2133 1197 rapinae.

559 1222 778 1288 Quibus
810 1237 935 1277 cum
975 1223 1136 1277 malis
1162 1222 1333 1278 fames
1360 1236 1585 1292 quoque
1631 1221 1835 1290 irrupit
1870 1232 1927 1274 et
1964 1219 2137 1290 peSti-

508 1344 516 1382 ί
562 1313 758 1379 lentia,
789 1315 857 1370 de
902 1331 1011 1385 qua
1037 1329 1137 1369 suo
1165 1314 1289 1369 loco
1330 1315 1601 1369 dicemus.
1637 1311 1733 1367 lla:
1763 1319 1846 1367 tot
1873 1320 1929 1366 et
1969 1322 2136 1366 tanta:

560 1407 749 1462 clades
777 1408 1005 1463 circiter
1033 1405 1313 1462 decimum
1341 1405 1744 1475 persecutionis
1768 1418 1998 1468 annum,
2024 1403 2135 1457 Deo

558 1502 895 1572 opitulante,
922 1515 1151 1572 prorsus
1173 1499 1639 1568 conquieverunt,
1664 1497 1943 1567 (inertique
1970 1510 2134 1551 suum

559 1594 903 1657 habuerunt,
937 1589 1100 1664 472
1128 1608 1253 1647 cum
1281 1590 1505 1661 quidem
1547 1600 1675 1660 post
1705 1599 1967 1645 octavum
2005 1604 2135 1644 ecs-

558 1701 685 1740 sare
710 1684 1031 1754 coepissent.
1072 1684 1229 1748 Quod
1264 1699 1501 1754 namque
1527 1683 1714 1736 divina
1754 1681 1999 1737 visitatio
2036 1694 2136 1750 pro

556 1778 856 1834 clementia
916 1785 971 1831 et
1016 1775 1360 1847 benignitate
1411 1790 1509 1830 sua
1564 1789 1667 1829 nos
1713 1774 1918 1828 viseret
1965 1781 2135 1841 atque

562 1872 892 1942 respiceret,
945 1885 1041 1926 seu
1100 1869 1292 1939 potius
1347 1868 1626 1937 respicere
1692 1865 1987 1935 inciperet,
2037 1864 2134 1933 qui

561 1973 678 2018 tum
741 1980 928 2019 rerum
978 1977 1246 2017 summam
1302 1959 1653 2026 obtinebant,
1712 1956 1988 2013 sententia
2039 1972 2138 2012 sua

567 2065 801 2118 mutata,
840 2055 1174 2125 palinodiam
1212 2062 1269 2107 et
1313 2051 1747 2107 recantationem
1788 2050 2136 2117 cecinerunt,

560 2155 616 2200 et
646 2159 914 2216 perquam
951 2142 1207 2197 humanis
1244 2141 1451 2196 litteris
1481 2141 1784 2194 excitatum
1817 2155 1981 2209 quam
2021 2153 2141 2193 ma-

561 2238 705 2291 xime
746 2248 937 2291 contra
967 2251 1068 2289 nos
1117 2233 1436 2289 incendium
1488 2232 1896 2302 persecutionis
1927 2231 2139 2286 exstin-

561 2337 783 2382 xerunt.
806 2327 939 2393 Quae
969 2342 1057 2382 res
1086 2325 1340 2396 profecto
1374 2325 1453 2379 sic
1488 2338 1598 2378 non
1632 2322 1878 2378 humano
1900 2322 2137 2379 consilio

558 2424 768 2479 evenit.
806 2423 911 2489 Qui
947 2423 1095 2476 enim
1124 2423 1192 2477 ab
1223 2422 1545 2477 hominibus
1583 2422 1882 2492 provenire
1914 2422 2091 2492 potuit
2119 2459 2136 2484 .

561 2516 679 2586 qui,
722 2531 846 2570 cum
893 2515 1146 2586 quotidie
1184 2514 1591 2585 prepcmodum
1636 2514 1853 2570 crudeli
1895 2514 2136 2585 quadam

558 2609 860 2664 ambitione
898 2609 1074 2673 ducti,
1116 2624 1258 2663 nova
1294 2608 1567 2665 adversus
1600 2624 1701 2663 nos
1737 2616 2017 2664 tormenta
2044 2608 2134 2664 in-

558 2700 855 2765 venirent,
894 2700 1001 2754 sibi
1060 2700 1200 2770 ipsis
1264 2708 1448 2755 tamen
1500 2715 1613 2755 non
1670 2700 2138 2757 satislaciebant?

558 2793 907 2848 Manifestum
942 2811 1107 2864 porro
1135 2805 1239 2863 est,
1266 2810 1426 2867 Opem
1462 2811 1583 2851 eam
1612 2811 1642 2850 a
1667 2795 1856 2850 divina
1886 2796 2137 2851 bonitate

560 2885 725 2939 nobis
753 2886 1054 2949 accidisse,
1093 2903 1215 2956 quae
1248 2887 1513 2956 populum
1546 2887 1664 2956 ipsa
1702 2902 1863 2941 suum
1892 2885 2136 2940 clemen-

560 2987 645 3030 ter
674 2976 952 3045 ,respexit,
1002 2986 1401 3048 auctoremque
1453 2976 1727 3032 malorum
1763 2976 2024 3045 perculit,
2073 2990 2138 3031 ac

560 3068 1062 3133 vehementiorem,
1123 3078 1203 3132 et,
1261 3076 1323 3123 ut
1383 3069 1456 3123 ita
1512 3067 1716 3135 dicam,
1770 3069 2133 3125 meraciorem

2241 575 2472 630 ὕστατον
2528 575 2837 646 καταδίκη·
2893 576 3140 646 θώρακες
3194 596 3251 632 τε
3306 579 3396 632 καὶ
3444 579 3649 644 ἀσπίδες
3697 585 3777 638 καὶ

2236 669 2439 740 δόρατα
2494 668 2930 738 παρεσκεύαστο.
3001 668 3126 721 Ἐπὶ
3179 670 3236 722 δὲ
3290 674 3496 734 τούτοις
3554 675 3779 744 τριήρεις

2238 762 2334 812 καὶ
2363 759 2663 830 ναυμαχίαι
2698 760 2793 810 καὶ
2826 759 2859 829 ἡ
2894 759 3046 812 πᾶσα
3095 757 3189 812 τοῦ
3234 762 3471 832 πολέμου
3505 765 3778 834 παράταξις

2238 852 2298 903 ἐν
2323 850 2545 920 ἑτοίμῳ.
2592 852 2700 903 Καὶ
2748 850 2812 921 δὴ
2861 852 3005 904 κατά
3038 853 3213 905 πάντα
3257 849 3418 905 τόπον
3475 855 3566 907 καὶ
3612 857 3779 926 χρᾶνον

2240 944 2334 996 καὶ
2381 942 2504 996 καθ’
2554 943 2795 1012 ἑκάστην
2835 942 3112 1013 ἐπαρχίαν
3159 944 3259 996 οὐκ
3300 936 3367 1016 ἦν
3415 943 3542 1001 ἄλλο
3586 947 3780 1001 ἀκούειν

2239 1036 2335 1088 καὶ
2392 1034 2702 1104 προσδυκᾷν
2750 1035 2782 1105 ἢ
2835 1034 3115 1104 πολεμίων
3145 1035 3335 1104 ἔφοδον
3366 1037 3458 1090 καὶ
3486 1037 3669 1104 φόνους
3698 1041 3780 1094 καὶ

2236 1126 2515 1198 ἁρπαγάς.
2551 1128 2674 1178 Ἐπὶ
2708 1126 2763 1180 δὲ
2809 1126 3021 1190 τούτοις
3059 1126 3216 1196 λιμός
3265 1144 3323 1181 τε
3356 1128 3657 1198 ἐπέσκηπτε
3701 1132 3781 1184 καὶ

2239 1219 2447 1290 λοιμὸς.
2481 1219 2614 1290 περὶ
2642 1211 2705 1273 οὗ
2743 1218 2881 1273 κατά
2928 1217 3121 1288 καιρὸν
3169 1219 3548 1291 ἱστορήσομεν.
3574 1221 3785 1276 Τοιαῦτα

2237 1311 2391 1367 δεινὰ
2413 1312 2559 1381 ἀμφὶ
2592 1312 2669 1381 τῷ
2700 1309 2913 1380 δεκάτῳ
2945 1309 3058 1363 ἔτει
3101 1309 3195 1364 τοῦ
3241 1311 3483 1383 διωγμοῦ
3515 1314 3786 1386 ἑπεισφρήο

2241 1421 2431 1468 σαντα,
2466 1403 2563 1456 σὺν
2613 1404 2803 1474 ἀρωγῇ
2852 1403 2975 1474 θείᾳ
3028 1403 3346 1457 παντάπασι
3388 1403 3673 1470 πέπαυται,
3702 1408 3784 1461 καὶ

2237 1496 2319 1559 είς
2354 1495 2503 1560 τέλος
2546 1493 2889 1564 διέρρευσαν.
2932 1493 3149 1563 Ἐλὼιρα
3196 1511 3262 1566 γε
3310 1493 3421 1566 μὴν
3464 1495 3578 1565 μετ’
3620 1495 3784 1565 ὃγδοον

2239 1589 2527 1659 ἀρξάμενα
2567 1587 2706 1646 έτος,
2746 1589 2936 1641 ’Ίλεων
2966 1587 3078 1659 γὰρ
3103 1588 3312 1644 ἀνωθεν
3342 1588 3433 1641 καὶ
3462 1588 3674 1658 εὐμενὲς
3699 1589 3783 1657 τῆς

2239 1679 2391 1741 θείας
2449 1681 2723 1750 ὲνορὼσης
2774 1682 3082 1750 ἐπισκοπῆς
3141 1682 3292 1752 ἡμῖν,
3351 1681 3555 1751 μᾶλλον
3605 1681 3656 1736 δὲ
3696 1679 3780 1751 ἤδη

2240 1775 2644 1843 ἐπισαλλούσης
2695 1776 2847 1845 ὀρᾷν,
2902 1775 3208 1844 τηνικαῦτα
3266 1776 3368 1828 καὶ
3421 1775 3471 1826 οἱ
3516 1774 3575 1828 τὸ
3621 1773 3784 1844 ἄρχειν

2241 1867 3004 1938 λαχόντες,μεταῦαλλὸμενοι
3038 1867 3137 1940 τὴν
3189 1865 3440 1937 γνώμην,
3488 1866 3785 1937 παλινῳδίαν

2239 1956 2390 2034 ᾖδον,
2419 1961 2651 2030 ἡμέροις
2671 1960 2737 2028 δή
2772 1978 2884 2014 τισι
2919 1962 3238 2030 γράμμασι,
3263 1961 3365 2032 τὴν
3392 1964 3471 2025 εἰς
3508 1961 3642 2029 μέγα
3680 1958 3784 2013 καθ’

2241 2051 2399 2119 ήμῶν
2447 2048 2780 2119 ἐπαρθεῖσαν
2827 2048 3004 2115 φλόγα
3052 2051 3147 2103 τοῦ
3189 2048 3435 2117 διωγμοῦ
3480 2049 3786 2110 σὸεννύντες.

2242 2142 2468 2205 Πάντως
2497 2141 2540 2194 δ’
2566 2141 2665 2194 οὐκ
2706 2141 2764 2205 ἐξ
2797 2139 3105 2212 ἀνθρώπων
3137 2142 3295 2197 τούτὸ
3324 2160 3413 2205 τις
3447 2141 3671 2213 οίηθείη.
3695 2137 3789 2194 Ποῦ

2241 2233 2352 2302 γὰρ
2378 2232 2433 2285 οἵ
2477 2248 2539 2300 γε
2588 2233 2708 2287 καθ’
2740 2234 3001 2303 ἑκάστην,
3028 2235 3103 2297 ὡς
3135 2236 3336 2299 εἰπεῖν,
3371 2236 3655 2305 καινότερα
3684 2231 3793 2286 καθ’

2240 2323 2401 2395 ήμῶν
2479 2324 2930 2393 φιλοτιμούμενοι
2998 2326 3092 2378 καὶ
3174 2326 3561 2397 εὑρίσκοντες,
3632 2324 3792 2398 ἥκιστ’

2214 2415 2433 2484 ἀρκεῖν
2466 2415 2704 2485 ἧγηντος
2737 2415 2848 2484 Τῆς
2883 2415 3031 2478 θείας
3071 2415 3128 2467 δὲ
3174 2416 3477 2485 προφανῶς
3514 2416 3793 2487 φιλανθρω-

2240 2507 2372 2572 πίας
2422 2508 2704 2575 ἀντίληψις
2736 2503 2825 2578 ἦν,
2853 2506 2931 2573 τῷ
2980 2508 3171 2576 οἰκείῳ
3202 2508 3303 2577 μὲν
3350 2508 3575 2577 εὐμενὲς
3604 2508 3793 2578 ὁρώσης

2239 2601 2374 2671 λαῷ,
2415 2600 2493 2669 τῷ
2519 2601 2563 2653 δ’
2593 2600 2827 2673 αὐθέντῃ
2863 2601 2972 2652 τῶν
3002 2598 3189 2654 κακῶν
3224 2600 3572 2672 ἀπεξιούσης,
3604 2602 3690 2652 καὶ
3726 2598 3791 2667 τῷ

2239 2686 2469 2763 ἀρχηγῷ
2500 2690 2596 2760 τῆς
2635 2692 2840 2753 κακίας
2866 2690 2960 2743 τοῦ
2993 2689 3257 2760 διωγμοῦ,
3290 2690 3532 2762 ἄκρατον
3562 2691 3791 2761 ἐπαφιεί-

2240 2802 2342 2853 σης
2400 2786 2492 2838 τὸν
2546 2784 2721 2853 χόλον.
2756 2782 2818 2835 Ei
2873 2783 2983 2852 γάρ
3032 2784 3126 2837 καὶ
3175 2783 3321 2837 κατὰ
3362 2783 3514 2838 θείαν
3556 2780 3787 2852 κρίσιν,ἣ

2237 2880 2375 2947 δῆτα
2404 2879 2499 2931 καὶ
2529 2877 2848 2947 οἰκονομίαν
2878 2877 2972 2930 καὶ
2998 2876 3403 2947 παραχώρησιν
3428 2878 3666 2946 δοίημεν,
3692 2872 3788 2929 ἀλλ’

2235 2969 2402 3038 Οὐαί,
2440 2969 2605 3040 φησιν
2638 2970 2665 3022 ὁ
2692 2969 2832 3032 θεῖος
2864 2971 3134 3040 χρησμὸς,
3156 2970 3232 3023 δι’
3263 2968 3341 3028 οὗ
3373 2971 3442 3026 τὸ
3468 2971 3790 3025 σκάνδαλον

2239 3064 2499 3131 ἔρχεται.
2565 3063 2942 3134 Ἐπειστρέχει
2989 3068 3101 3136 γὰρ
3144 3066 3311 3129 εὐθὺς
3359 3067 3485 3136 δίκη
3531 3062 3789 3133 θεήλατος,

560 3160 701 3213 iram
743 3174 897 3212 suam
952 3158 1077 3214 duci
1129 3159 1534 3230 persecutionis
1584 3160 2132 3231 gravissimtc’exhi-

2240 3157 2348 3211 ἀπὸ
2383 3154 2583 3226 σαρκὸς
2617 3158 2720 3226 μὲν
2773 3158 3079 3230 ἀρξαμένη,
3104 3158 3363 3230 ἁψαμένη
3409 3159 3465 3212 δὲ
3518 3158 3607 3211 καὶ
3646 3153 3792 3222 αὐτῆς

559 3248 700 3303 huit.
739 3248 894 3315 Quod
920 3252 965 3304 si
992 3251 1095 3304 hoc.
1125 3251 1291 3304 etiam
1330 3258 1390 3303 ut
1425 3258 1713 3319 tantopere
1751 3252 1807 3304 in
1836 3265 1940 3305 nos
1981 3250 2137 3305 saevi-

558 3351 734 3405 retur,
764 3340 975 3412 jndicio
1021 3350 1077 3396 et
1112 3342 1485 3412 dispositione
1516 3352 1682 3412 atque
1729 3342 1871 3397 adeo
1901 3342 2137 3412 permis-

556 3436 713 3487 siune
751 3432 936 3487 divina
991 3433 1201 3488 factum
1256 3450 1380 3489 esse
1435 3435 1834 3501 concedamus,
1881 3435 2134 3491 divinum

558 3534 740 3580 tamen
774 3526 1092 3591 oraculum,
1144 3524 1259 3589 ναι,
1288 3525 1488 3596 iuqttit,
1516 3527 1562 3583 ei
1600 3543 1692 3597 per
1728 3545 1880 3599 quem
1911 3531 2136 3583 scanda-

555 3613 667 3668 lum
696 3625 744 3668 et
790 3615 1165 3686 oﬂ‘cndiculum
1204 3619 1368 3671 venit.
1416 3616 1720 3673 Confestim
1765 3618 2041 3687 siquidem
2079 3618 2133 3672 in

553 3721 680 3760 eum
724 3706 821 3761 Dei
853 3707 1022 3760 irruit
1053 3707 1322 3776 vindicta,
1364 3725 1395 3763 a
1423 3725 1591 3765 carne
1623 3711 1848 3781 quidem
1880 3710 1971 3764 illa
2000 3709 2137 3764 inci-

556 3799 735 3867 piens,
774 3797 869 3851 sed
926 3813 1048 3867 quae
1103 3800 1415 3855 daemonum
1470 3792 1820 3872 intemperiis
1872 3802 2133 3870 agitatam

552 3891 791 3943 animam
829 3888 950 3960 ejus
971 3905 1193 3959 quoque
1226 3892 1592 3962 pertingeret.
1629 3892 1821 3958 Qualis
1848 3901 2034 3946 autem
2070 3907 2134 3947 ea

554 3982 797 4036 vindicta
830 3982 1018 4047 fuerit,
1046 3981 1347 4038 Eusebium
1380 3994 1911 4039 commemorantem
1945 3985 2136 4038 audia-

555 4083 723 4122 mus:
765 4085 783 4119 ι
830 4069 986 4123 Circa
1029 4069 1210 4145 media
1257 4072 1406 4124 enim
1447 4080 1718 4126 tectorum
1750 4072 2135 4127 occultorum-

553 4175 661 4229 que
691 4161 947 4230 corporis
981 4160 1362 4215 membrorum
1395 4161 1540 4226 loca,
1576 4165 1869 4218 abscessus
1913 4172 1970 4217 et
2005 4179 2136 4234 sup-

553 4251 772 4319 puratio
835 4260 1067 4319 repente
1121 4253 1356 4317 exstitit,
1428 4269 1549 4323 qua:
1614 4271 1740 4309 mox
1798 4254 2003 4310 deinde
2077 4254 2130 4311 in

554 4344 867 4400 ﬁstulosum
902 4347 1010 4401 alte
1040 4346 1321 4399 radicibus
1356 4347 1497 4401 actis
1534 4347 1692 4402 ulcus
1722 4348 1919 4403 evasit.
1957 4348 2011 4403 Id
2044 4348 2130 4401 iu-

554 4440 789 4492 curabili
814 4447 869 4492 et
892 4450 1256 4508 proserpente
1286 4440 1640 4509 contagione,
1668 4439 1936 4495 interiora
1960 4441 2129 4495 etiam

2239 3250 2336 3318 τῆς
2384 3249 2776 3319 δαιμονιώδους
2822 3253 3036 3304 ἐκείνου
3071 3254 3272 3323 ψυχῆς.
3319 3252 3426 3306 Οἷα
3472 3251 3530 3305 δὲ
3587 3252 3618 3321 ἠ
3661 3248 3792 3314 δίκη,

2240 3342 2501 3395 Εὐσεδίου
2532 3340 2781 3411 λέγοντος
2814 3343 3193 3414 διακούσωμεν
3217 3359 3232 3374 ·
3268 3362 3288 3396 ι
3338 3344 3536 3416 ’Δθρόα
3583 3344 3675 3412 μὲν
3700 3338 3793 3408 γὰρ

2239 3440 2370 3503 περὶ
2394 3435 2463 3490 τά
2492 3434 2632 3505 μέσα
2668 3435 2780 3489 τῶν
2812 3436 3142 3507 ἀπορρήτων
3172 3435 3266 3491 τοῦ
3298 3437 3554 3508 σώματος
3577 3434 3794 3489 ἀπόστα-

2240 3542 2328 3589 σις
2360 3529 2572 3596 γίνεται
2602 3527 2752 3597 αύτῷ
2779 3544 2792 3558 ο
2823 3525 2925 3582 εἷθ’
2959 3530 3116 3593 ἕλκος
3153 3530 3212 3582 ἐν
3239 3530 3402 3600 βάθει
3434 3526 3792 3602 συριγγιῶδεςο

2241 3618 2333 3669 καὶ
2385 3616 2593 3670 τούτων
2658 3618 2880 3682 ἀνίατος
2935 3619 3074 3690 νομὴ
3137 3619 3280 3673 κατά
3350 3621 3461 3674 τῶν
3525 3616 3795 3673 ἑνδοτάτων

2241 3706 2569 3777 σπλάγχνων
2596 3721 2612 3737 ⁸
2647 3708 2741 3777 ἀφ’
2777 3705 2852 3762 ὧν
2885 3710 3111 3763 ἀλεκτόν
3167 3727 3221 3765 τι
3264 3711 3477 3781 πλῆθος
3516 3710 3796 3780 σκωλήκων

2239 3797 2425 3869 βρύειν
2469 3800 2754 3870 (lava-twn
2808 3818 2868 3854 τε
2914 3801 3085 3874 ὀδμὴν
3134 3803 3433 3858 ἀποπνέειν
3474 3803 3566 3873 τοῦ
3618 3798 3795 3861 παντὸς

2237 3892 2405 3967 ὄγκου
2440 3892 2547 3945 τῶν
2583 3894 2853 3963 σωμάτων
2886 3896 2953 3948 ἐκ
2981 3895 3353 3966 πολυτροφίας
3395 3895 3565 3967 αὐτῷ.
3586 3895 3677 3950 καὶ
3706 3890 3796 3960 πρὸ

2236 3966 2536 4055 τῆς’νόσου
2588 3987 2666 4049 είς
2698 3982 3008 4058 ὑπερϐολὴν
3037 3986 3243 4056 πλῆθος
3293 3966 3541 4059 πιμελὴς
3585 3984 3796 4058 μεταϐε-

2237 4078 2539 4147 ϐληκότος⁸
2592 4077 2660 4147 ἣν
2704 4080 2827 4138 τότε
2892 4083 3332 4143 κατασαπεῖσαν,
3385 4082 3658 4151 ἀφόρητον
3712 4075 3796 4130 καὶ

2237 4172 2603 4241 φρικτοτάτην
2647 4175 2760 4236 τοῖς
2813 4172 3175 4242 πλησιάζουσι
3225 4177 3458 4246 παρεῖχε
3509 4173 3605 4244 τὴν
3659 4170 3795 4224 θέαν.

2248 4265 2347 4316 Ἵατ
2361 4264 2472 4332 ρῶν
2513 4264 2557 4317 δ’
2605 4264 2697 4317 οὖν
2727 4267 2777 4317 ei.
2823 4265 2925 4334 μὲν
2954 4266 3065 4319 οὐδ’
3101 4267 3237 4330 ὅλως
3270 4265 3569 4336 ὑπομεῖναι
3594 4263 3688 4334 τὴν
3713 4258 3795 4312 τοῦ

2235 4356 2508 4421 δυσώδους
2544 4356 2991 4434 ὑπερϐάλλουσαν
3021 4360 3251 4412 ἀτοπίαν
3278 4354 3385 4413 οἷοί
3410 4376 3470 4412 τε
3502 4354 3795 4425 κατεσφάτ-

2232 4467 2389 4503 τοντο
2411 4465 2427 4481 ⁸
2462 4451 2512 4503 οἱ
2541 4450 2598 4503 δὲ
2624 4451 2954 4521 διῳδηκότος
2998 4451 3093 4505 τοῦ
3126 4453 3330 4514 παντὸς
3374 4452 3565 4522 ὄγκου,
3599 4451 3688 4504 καὶ
3727 4448 3797 4508 είς

554 4532 767 4584 viscera
801 4531 1228 4598 depasccbatur.
1281 4532 1416 4587 inde
1459 4532 1809 4587 incredibilis
1854 4533 2128 4588 verminat

2237 4542 2559 4596 ἀνέλπιστον
2612 4544 2890 4614 σωτηρίαν
2935 4545 3428 4614 ἁποπεπτωκότος,
3479 4546 3646 4617 μηδὲν
3686 4545 3799 4596 ἑπι-

554 4621 640 4674 vis
686 4622 1024 4685 scaturicns,
1075 4621 1336 4676 lethalem
1379 4623 1633 4678 {altorem
1666 4639 1694 4676 a
1731 4632 1842 4677 tota
1875 4622 2131 4691 corporis

555 4712 700 4766 mole
752 4713 1062 4768 excitavit:
1112 4731 1236 4784 quae
1291 4716 1466 4771 moles
1509 4731 1579 4770 ex
1628 4715 1801 4769 nimia
1851 4714 2130 4769 edacitate

498 4860 507 4873 ,
553 4805 724 4868 illius,
771 4808 940 4859 etiam
994 4818 1125 4862 ante
1177 4808 1355 4878 ipsum
1416 4810 1697 4871 morbum,
1746 4809 1811 4861 ad
1850 4820 2125 4862 summum

553 4910 729 4965 usque
768 4898 943 4951 multa
988 4901 1183 4952 arvina
1231 4900 1471 4953 obducta
1523 4898 1704 4952 fuerat
1737 4914 1751 4951 :
1788 4912 1963 4969 caque
2009 4908 2126 4953 tum

551 4994 948 5045 marcesceudo
989 4992 1269 5059 dilllueus,
1309 4990 1650 5046 horrendum
1680 4992 1924 5047 maxime
1952 5001 2010 5047 et
2041 4992 2131 5045 in-

550 5080 899 5137 tolerandum
928 5084 1323 5139 accedentibus
1351 5082 1587 5153 praebuit
1617 5084 2023 5154 spectaculum.
2058 5085 2131 5141 Et

548 5173 746 5229 medici
800 5176 1000 5243 partim
1028 5192 1151 5231 cum
1184 5176 1561 5229 ne'sustincre
1591 5176 1816 5245 quidem
1852 5185 2135 5232 summam'

549 5276 657 5321 tam
689 5267 816 5323 [cedi
864 5269 1051 5324 odoris
1083 5269 1410 5339 gravitatem
1439 5278 1691 5338 possent,
1725 5271 1908 5325 necati
1945 5281 2077 5325 sunt
2107 5291 2121 5326 :

546 5360 744 5429 partim
800 5362 946 5431 quod
981 5374 1090 5414 tam
1128 5362 1457 5430 corpulenta
1506 5362 1681 5417 moles
1738 5364 1912 5433 magis
1952 5370 2121 5419 etiam

546 5455 965 5520 intumesceret,
1000 5471 1100 5525 spe
1132 5456 1328 5510 salutis
1360 5457 1509 5511 omni
1543 5457 1780 5527 abjecta,
1812 5475 1939 5513 cum
1982 5460 2121 5514 nihil

542 5548 756 5612 auxilii,
796 5549 1098 5618 exploratis
1132 5552 1298 5605 rebus
1326 5553 1602 5618 omnibus,
1638 5552 1835 5608 all‘errc
1869 5568 2117 5623 possent,

543 5643 822 5697 crudelem
874 5643 931 5696 in
988 5643 1212 5697 modum
1264 5640 1392 5699 sunt
1449 5644 1749 5701 interfecti.
1808 5648 1900 5701 Ille
1954 5663 2121 5718 porro

516 5746 669 5785 .cum
707 5733 876 5786 tantis
911 5732 1235 5789 conﬂictans
1293 5736 1475 5802 malis,
1529 5736 1831 5807 aliquando
1894 5740 2113 5793 tandem

544 5824 805 5879 iniuriam
858 5841 1011 5882 suam
1067 5844 1192 5898 erga
1252 5830 1372 5899 pios
1438 5830 1693 5888 homines
1747 5834 2112 5887 temeritatem

2239 4632 2461 4701 xaupslv
2517 4632 2828 4703 δυνάμενοι,
2889 4636 3133 4704 ἀνηλεῶς
3191 4637 3522 4692 ἐκτείνοντο.
3585 4635 3689 4689 Καὶ
3738 4632 3796 4700 δὴ

2236 4723 2518 4785 τοσούτοις
2565 4727 2810 4779 παλαίων
2864 4732 3072 4790 κακοῖς,
3113 4728 3466 4798 συναίσθησιν
3511 4727 3621 4781 τῶν
3671 4721 3797 4778 κατά

2240 4817 2348 4869 τῶν
2381 4816 2651 4871 θεοσεδῶν
2695 4820 3121 4889 τετολμημένων
3171 4821 3329 4891 ἴσχει.
3385 4821 3637 4889 Συνάγων
3678 4816 3797 4887 γοῦν

2241 4913 2320 4976 είς
2352 4912 2544 4979 ἑαυτὸν
2586 4914 2686 4983 τὴν
2730 4914 2994 4981 διάνοιαν,
3031 4915 3253 4985 πρῶτον
3290 4914 3392 4984 μὲν
3432 4909 3797 4983 ἀνθομολογεῖ-

2239 5017 2327 5054 ται
2360 5001 2437 5073 τῷ
2466 5002 2574 5055 τῶν
2620 5003 2757 5057 ὅλων
2801 5003 2922 5074 Θεῴ
2947 5020 2961 5034 ·
2991 5000 3113 5058 εἶτα
3148 5007 3274 5067 τοὺς
3318 5005 3458 5075 ἀμφ’
3504 5004 3663 5058 αὐτὸν
3690 5001 3795 5069 ἃμα

2240 5091 2498 5156 καλέσας,
2530 5094 2699 5163 μηδὲν
2749 5088 3180 5165 ὑπερθεμένους,
3219 5095 3311 5149 τὸν
3358 5097 3501 5149 κατά
3554 5094 3796 5163 Χριστια-

2242 5184 2348 5236 νῶν
2398 5185 2717 5239 ἀποπαῦσαι
2765 5188 3007 5255 διωγμὸν
3056 5191 3373 5260 παρηγγύα,
3414 5188 3563 5253 νόμῳ
3610 5202 3665 5237 τε
3710 5178 3794 5233 καὶ

2237 5274 2470 5345 δίγματι
2501 5276 2767 5348 βασιλικῷ
2796 5278 2894 5341 τάς
2928 5279 3222 5348 ἐκκλησίας
3255 5278 3437 5332 αὐτῶν
3470 5276 3790 5346 οἰκοδομεῖν

2236 5369 2595 5439 ἐπισπέρχειν
2653 5385 2712 5423 τε
2767 5371 2860 5424 καὶ
2924 5371 3019 5434 τὰς
3077 5371 3327 5441 συνήθεις
3380 5366 3791 5441 διαπράττεσθαι

2233 5460 2400 5530 εὐχὰς
2431 5462 2569 5530 ὑπὲρ
2604 5461 2701 5515 τοῦ
2743 5462 3007 5532 βασιλέως
3036 5464 3396 5531 ποιουμένους
3442 5462 3787 5533 προστάτην

2232 5559 2327 5609 καὶ
2377 5556 2469 5609 τοῦ
2506 5558 2671 5628 ἔργου
2699 5559 2892 5611 θᾶττον
2933 5557 3011 5627 τῷ
3042 5558 3185 5627 λόγῳ
3234 5551 3787 5625 παρηκολουθηκότος,

2232 5649 2548 5719 ἁπανταχοῦ
2620 5650 2762 5705 κατὰ
2835 5648 3055 5713 πόλεις,
3126 5647 3386 5720 βασιλικά
3463 5644 3789 5712 διατάγματα

2229 5741 2473 5810 ἥπλωτο,
2521 5742 2557 5795 ἂ
2618 5742 2943 5811 παλινῳδίαν
2994 5743 3103 5795 τῶν
3154 5741 3277 5795 καθ’
3328 5741 3487 5809 ἡμῶν
3545 5733 3784 5803 διωγμῶν

2232 5836 2527 5904 περιεῖχον,
2561 5836 2752 5888 τοῦτον
2786 5835 3143 5906 ὑφηγούμενα
3174 5837 3264 5888 τὸν
3294 5833 3498 5904 τρύπον
3520 5845 3537 5863 ο
3578 5848 3598 5880 ι
