4052 6466
494 538 631 600 1‘2sz

1722 524 2153 587 NICEPHORI
2186 525 2534 586 CALLlSTI

3626 530 3753 593 1'?in

491 652 591 722 ipsi
651 652 708 705 in
757 649 1013 705 domibus
1063 646 1182 703 suis
1237 644 1377 701 citra
1429 642 1723 698 sollicitam
1773 655 1964 696 curam
2026 650 2081 695 et

2188 639 2387 710 δεήσει.
2418 639 2595 692 Ὅθεν
2630 638 2751 691 κατ’
2782 637 2954 707 αὐτὴν
2984 638 3082 709 τὴν
3126 638 3477 709 συγχώρησιν
3505 639 3604 711 τὴν
3627 646 3752 712 ἠμε-

490 744 821 799 sttsietatem
864 741 1050 795 vivere
1111 736 1344 808 possint.
1370 755 1389 787 ι
1434 733 1808 807 Etpalinodia
1844 731 2069 803 quidem

498 835 579 890 sic
616 849 675 889 se
713 833 932 898 habuit,
964 831 1274 900 litteraeque
1304 825 1682 898 imperatoriae
1730 841 1828 896 per
1885 823 2070 878 Asiam

490 928 880 1000 vulgabantur,
937 933 993 981 et
1030 925 1238 996 passim
1297 925 1354 979 in
1389 921 1691 994 provinciis
1738 929 1794 975 et
1838 918 2073 975 urbibus

490 1018 836 1089 legebantur.

2182 733 2349 803 τέραν
2398 732 2682 802 ὀφείλουσι
2748 733 2840 785 τὸν
2892 732 3108 786 ἑαυτῶν
3135 732 3270 786 Θεὸν
3325 735 3595 789 ἱκετεύειν
3628 739 3751 808 περὶ

2178 824 2278 893 τῆς
2324 823 2605 892 σωτηρίας
2655 822 2755 891 τῆς
2823 825 3127 892 ἡμετέρας,
3186 823 3281 877 καὶ
3338 824 3450 877 τῶν
3482 827 3753 895 δημοσίων

2180 917 2273 970 καὶ
2311 915 2421 967 τῶν
2465 915 2678 969 ἑαυτῶν
2706 932 2720 947 ’
2783 917 2872 969 ἵνα
2923 919 3065 970 κατά
3120 916 3298 969 πάντα
3338 920 3542 987 τρόπον
3574 920 3755 972 καὶτὰ

2179 1009 2415 1079 δημόσια
2454 1008 2784 1080 παρασκεθῇ
2820 1010 2970 1079 ὑγιῆ,
3000 1010 3094 1064 καὶ
3145 1010 3444 1080 ἀμέριμνοι
3483 1012 3582 1083 ζῇν
3608 1014 3663 1064 ὲν
3689 1015 3753 1082 τῇ

489 1113 703 1168 ἑαυτῶν
736 1112 893 1184 ἑστίᾳ
924 1108 1223 1182 δυνηθῶσι.
1264 1127 1283 1162 ι
1347 1107 1431 1163 Τὰ
1465 1106 1564 1176 μὲν
1593 1099 1690 1159 οῦν
1739 1103 1843 1173 τῆς
1889 1104 2224 1176 παλινῳδίας
2294 1101 2511 1158 ταῦτα’
2575 1106 2673 1159 καὶ
2740 1104 2809 1157 τά
2881 1105 3192 1175 γράμματα
3248 1105 3391 1160 κατά
3418 1106 3515 1175 τῆς
3577 1106 3754 1168 Ἀσίας

489 1211 753 1282 ἥπλωτοο
804 1210 904 1264 καὶ
958 1206 1223 1279 ὲπαρχὶαι
1272 1208 1367 1261 καὶ
1396 1205 1585 1268 πόλεις
1634 1202 1774 1257 αὐτὰ
1808 1201 2207 1272 ἀνεγίνωσκον.

1066 1320 1294 1376 CAPUT
1326 1319 1519 1377 XXIV.

494 1416 568 1471 De
592 1416 848 1472 simulata
882 1425 931 1470 et
962 1415 1142 1484 furata
1172 1413 1453 1468 Maximini
1498 1428 1594 1481 pro
1626 1410 1944 1468 Christianis
1963 1411 2081 1465 sine

947 1486 1142 1553 scripto
1168 1484 1614 1555 promulgatione.

560 1597 893 1653 Maximinus
918 1612 1075 1664 vero,
1106 1594 1350 1651 Orientis
1373 1603 1664 1666 tyrannus,
1697 1593 1792 1663 qui
1826 1607 1935 1661 prae
1956 1591 2078 1647 aliis

491 1688 875 1761 superstitioni
917 1687 1263 1755 deorumque
1331 1684 1507 1740 cultui
1567 1683 1807 1747 deditus,
1864 1681 2072 1736 bellum

492 1798 618 1837 cum
653 1798 835 1837 rerum
859 1779 1105 1837 omnium
1133 1779 1246 1834 Deo
1278 1786 1610 1848 perpetuum
1643 1789 1837 1847 gerere
1867 1772 2076 1829 consti-

492 1884 694 1940 tuerat,
724 1875 992 1945 scriptum
1023 1871 1301 1944 ejusmodi
1338 1885 1446 1925 non
1485 1868 1833 1939 approbavit.
1881 1867 2072 1935 Itaque

489 1966 780 2038 pmfectos
812 1964 1224 2034 familiaresque
1256 1978 1387 2019 suos
1438 1962 1623 2019 verbis
1685 1958 2073 2016 tantummodo

2761 1319 3013 1375 ΚΕΦᾹΔ.
3055 1320 3185 1377 ΚΔ’.

2253 1414 2392 1481 Περὶ
2427 1413 2539 1484 τῆς
2567 1414 2951 1468 amandarat)
2976 1414 3315 1484 Μαειμζνου
3344 1414 3497 1484 ὑπὲρ
3526 1415 3690 1484 ἡμῶν

2655 1484 2933 1554 ἀγράφου
2970 1483 3282 1554 διαταγῆς.

2261 1598 2321 1654 ’0
2354 1599 2398 1652 δ’
2421 1600 2513 1653 ἐπ’
2548 1598 2849 1669 Ἀνατολῆς
2886 1599 3151 1670 τύραννος
3188 1597 3519 1671 Μαξιμῖνος,
3569 1600 3660 1654 ἀτε
3693 1601 3752 1668 δὴ

2182 1688 2292 1742 τῶν
2350 1688 2530 1747 ἄλλων
2578 1689 3171 1761 δεισιδαιμονέστερος,
3218 1690 3312 1744 καὶ
3355 1689 3434 1759 τῷ
3484 1690 3592 1744 τῶν
3625 1691 3753 1745 ὅλων

2181 1780 2302 1851 Θεῷ
2345 1781 2435 1834 ἀεὶ
2484 1781 2572 1835 διὰ
2626 1781 2810 1852 μάχης
2860 1780 2999 1835 ίέναι
3055 1780 3278 1847 ἐθέλων,
3334 1780 3591 1852 οὐδαμῶς
3646 1785 3753 1845 τοῖς

2182 1877 2474 1945 γραφεῖσιν
2507 1877 2738 1945 ἠρκεῖτο
2762 1913 2777 1939 ,
2814 1873 2953 1928 ἀλλά
2999 1874 3094 1928 καὶ
3146 1877 3261 1938 τοῖς
3303 1875 3443 1945 ἀμφ’
3482 1876 3645 1929 αὐτὸν
3670 1877 3753 1929 λό-

2182 1984 2300 2036 γοις
2337 1966 2553 2020 ἐκέλευε
2597 1967 2783 2038 μόνοις
2813 1968 2909 2022 τὸν
2966 1967 3093 2022 καθ’
3143 1967 3302 2039 ἡμῶν
3351 1969 3590 2038 πόλεμον
3624 1971 3749 2023 ἀνα-

490 2059 795 2129 reprimere
828 2057 994 2126 jussit
1016 2065 1338 2124 susceptum
1369 2063 1559 2109 contra
1612 2069 1715 2110 nos
1747 2054 1978 2109 bellum.
2006 2050 2073 2104 Et

2188 2060 2441 2113 στέλλειν.
2476 2060 2555 2130 Τῇ
2589 2062 2700 2131 γὰρ
2742 2060 2852 2114 τῶν
2908 2060 3242 2132 κρειττόνων
3278 2060 3446 2131 ψήφῳ
3473 2062 3569 2115 καὶ
3595 2062 3752 2117 αὑτὸν

489 2152 639 2221 quod
656 2152 948 2205 sententia:
969 2165 1189 2212 eorum,
1213 2148 1309 2220 qui
1338 2156 1610 2219 potestate
1632 2157 1690 2203 et
1717 2148 1919 2216 Opibus
1945 2162 2073 2202 eum

418 2246 423 2253 '
488 2245 904 2308 antecellerent,
971 2256 1281 2314 repugnare
1313 2256 1420 2296 non
1481 2248 1689 2310 posset,
1745 2240 1801 2295 in
1867 2240 2078 2296 ditione

487 2355 589 2394 sua
646 2338 860 2393 litteras
915 2351 1009 2392 eas
1036 2352 1103 2392 ue
1141 2337 1382 2393 lectione
1418 2334 1644 2405 quidem
1673 2341 1730 2389 et
1756 2334 2079 2390 recitatione

489 2434 764 2506 dignatus,
800 2434 984 2489 edicto
1041 2432 1161 2488 sine
1229 2432 1438 2501 scripto
1471 2430 1835 2501 promulgato,
1892 2431 2081 2486 dolose

487 2526 927 2597 persecutionem
960 2524 1218 2581 inhibuit.
1253 2522 1494 2579 Sabinus
1530 2524 1606 2593 (l)
1639 2537 1770 2577 vero
1800 2536 2079 2577 summum

487 2618 633 2687 apud
665 2632 791 2671 eum
814 2617 1158 2687 praefecturae
1189 2615 1569 2686 magistratum
1592 2628 1813 2684 gerens,
1844 2611 2078 2682 pepule-

490 2723 611 2762 rum
644 2707 916 2777 praefectis
947 2706 1214 2776 principis
1263 2707 1345 2760 sui
1379 2705 1717 2761 voluntatem
1749 2704 1963 2772 publice
1981 2719 2080 2774 per

487 2800 704 2861 litteras
733 2800 1072 2854 insinuavit:
1106 2797 1431 2870 jamdudum
1463 2798 1828 2854 constitutum
1891 2797 2081 2851 decre-

496 2901 725 2960 tumque
751 2905 892 2956 esse,
925 2900 985 2945 ut
1018 2891 1110 2960 qui
1141 2888 1462 2959 peregrinas
1491 2888 1923 2943 consuetudines
1950 2901 2082 2943 con-

424 2989 428 2994 '
498 2984 698 3037 sectari
730 2983 1077 3048 viderentur,
1132 2982 1242 3035 diis
1269 2981 1481 3035 cultum
1532 2996 1693 3034 suum
1725 2986 2078 3049 praestarent:

490 3086 545 3130 et
565 3075 924 3144 pertinaciam
947 3073 1317 3144 quorumdam
1347 3072 1582 3127 multum
1600 3072 1870 3127 excitasse
1890 3069 2084 3124 discri-

488 3167 676 3223 minis.
710 3166 874 3240 475
900 3166 1271 3234 Quamobrem
1301 3164 1650 3235 principibus
1702 3164 1880 3219 visum
1937 3177 2080 3227 esse,

490 3262 534 3315 si
566 3260 691 3331 quis
715 3260 1160 3316 Christianorum
1195 3258 1373 3326 gentis
1404 3273 1518 3311 suae
1552 3271 1707 3310 sacra
1731 3255 1914 3310 colere
1937 3270 2086 3309 com-

491 3356 786 3427 periretur,
820 3364 881 3408 ιιι
913 3353 957 3408 si
989 3361 1147 3408 extra
1183 3351 1488 3422 periculmn
1529 3358 1696 3414 esset,
1747 3362 1980 3417 eamque
2012 3346 2083 3401 ob

491 3462 720 3503 causam
748 3445 1042 3501 tormentis
1069 3461 1179 3499 non
1212 3444 1604 3516 subjiceretur.
1629 3441 1818 3510 Longo
1841 3440 1954 3512 jam
1988 3454 2084 3495 eos

491 3551 739 3611 tempore
774 3555 836 3594 ea
877 3540 945 3593 de
970 3553 1028 3591 se
1052 3537 1381 3591 documenta
1401 3535 1727 3605 praebuisse,
1762 3544 1821 3586 ut
1857 3549 1885 3585 a
1915 3531 2085 3586 desti-

492 3648 621 3687 nata
653 3648 752 3688 sua
813 3632 1124 3685 constantia
1180 3642 1289 3683 non
1352 3628 1652 3681 declment.
1707 3622 1982 3693 Scriptum
2030 3622 2083 3677 id

499 3724 689 3780 Sabini
721 3725 845 3779 aliis
875 3738 1095 3792 quoque
1143 3720 1560 3792 magistratibus
1590 3715 1962 3771 demandabat
2008 3715 2084 3768 si-

491 3816 764 3887 gnificari,
784 3831 895 3869 non
916 3814 1121 3868 debere
1138 3812 1378 3881 amplius
1400 3824 1497 3864 eos
1519 3811 1588 3862 de
1612 3806 1941 3861 Christianis
1961 3819 2082 3858 esse

495 3908 766 3964 sollicitos
796 3924 810 3960 :
845 3908 942 3976 qui
979 3921 1111 3960 sane
1127 3906 1278 3977 jussa
1311 3917 1375 3958 ea
1415 3901 1651 3955 veritate
1681 3899 1783 3953 niti
1809 3897 2081 3959 arbitrati,

494 4015 593 4070 per
619 3999 883 4069 epistolas
912 3998 1131 4067 publice
1179 3992 1446 4065 principis
1471 3992 1801 4047 sententiam
1828 3989 2085 4046 omnibus

495 4096 871 4150 declararunt.
899 4094 967 4148 Et
998 4108 1108 4147 non
1136 4091 1321 4145 verbis
1350 4099 1561 4141 tantum
1600 4085 1912 4152 litterisque
1970 4082 2087 4135 haec

496 4199 642 4254 arta,
675 4203 869 4243 verum
913 4186 1079 4241 etiam
1142 4182 1245 4254 ipsi
1286 4180 1471 4237 statim
1518 4195 1656 4249 quos
1706 4178 1761 4232 in
1820 4172 2087 4229 custodiis

496 4293 725 4353 propter
747 4280 998 4335 divinum
1032 4278 1259 4332 verbum
1289 4275 1506 4330 clausos
1530 4271 1827 4335 habebant,
1878 4268 1933 4321 in
1990 4282 2088 4335 pu-

498 4374 703 4430 blicum
738 4372 1038 4443 productos
1064 4370 1270 4425 liberos
1294 4368 1647 4431 dimiserunt,
1682 4373 1739 4419 et
1767 4361 1836 4415 ad
1869 4358 2087 4414 metalla

498 4469 792 4524 damnatos
859 4464 1242 4520 absolverunt.
1299 4460 1457 4528 Quod
1504 4473 1629 4515 cum
1689 4457 1763 4512 ita
1821 4453 2085 4517 facerent,

499 4557 800 4631 gratiﬁcari
837 4570 896 4611 se
932 4554 1258 4625 imperatori
1288 4568 1390 4609 suo
1420 4552 1827 4606 existimarunt.
1870 4545 1975 4601 Sed
2020 4557 2086 4597 ea

503 4652 560 4702 in
598 4664 658 4703 re
689 4649 989 4703 admodum
1025 4655 1155 4700 sunt
1179 4644 1320 4699 falsi.
1365 4641 1488 4697 limc
1523 4656 1708 4697 rerum
1761 4638 1930 4693 facies
1960 4650 2083 4690 eum

2179 2153 2281 2205 οὐκ
2306 2147 2374 2223 ἦν
2410 2154 2490 2215 εἰς
2524 2152 2586 2205 τὸ
2608 2153 2848 2224 φανερὸν
2885 2153 3194 2222 ἀντιλέγειν
3215 2170 3232 2187 ο
3265 2155 3323 2206 ἐν
3355 2155 3420 2225 τῇ
3461 2154 3582 2208 κατ’
3602 2155 3755 2209 αὑτὸν

2184 2244 2308 2314 μηδ’
2370 2244 2735 2313 ἀναγνώσεως
2799 2244 3041 2311 ἀξιώσας
3096 2248 3156 2298 τὸ
3222 2245 3482 2316 γράμμα,
3524 2247 3752 2318 ἀγράφῳ

2182 2337 2569 2406 προστάγματι
2598 2337 2791 2402 δολίως
2843 2337 2937 2393 τὸν
2980 2338 3225 2408 διωγμὸν
3260 2340 3448 2408 ἐπεῖχε
3472 2355 3486 2370 ο
3518 2344 3614 2393 καί
3654 2340 3754 2394 Σα-

2184 2424 2331 2489 6ῖνος
2367 2426 2468 2495 μὲν
2499 2428 2527 2479 ὁ
2574 2427 2708 2497 παρ’
2739 2427 2894 2498 αὑτῷ
2947 2426 3287 2497 ἑξοχώτατος
3322 2430 3438 2492 τοῖς
3477 2432 3599 2483 κατ’
3630 2431 3752 2501 ἔθνη

2183 2519 2649 2591 ήγουμένοις,τὴν
2674 2519 2944 2590 βασιλέως
2966 2520 3199 2591 γνώμην
3218 2522 3435 2593 ἐμφανῆ
3460 2523 3753 2583 καθιστῶν.

2183 2611 2459 2683 ἔγραφεν·
2523 2612 2598 2674 ὡς
2666 2613 2839 2666 πάλαι
2900 2611 3140 2684 ὥρισται
3190 2615 3318 2677 τοὺς
3353 2615 3446 2668 καὶ
3500 2616 3755 2686 ἀλλοτρίᾳ

2186 2707 2452 2777 συνηθείᾳ
2482 2706 2783 2771 δοκοῦντας
2818 2707 3143 2762 ἀκολουθεῖν
3184 2712 3299 2770 τοῖς
3338 2708 3481 2770 θεοῖς
3503 2710 3599 2773 τάς
3625 2709 3756 2780 θρη-

2185 2802 2378 2865 σκείας
2403 2802 2697 2854 ἐπιτελεῖν.
2719 2802 3015 2865 Ἐνστασις
3033 2800 3092 2855 δέ
3120 2819 3284 2858 τινων
3309 2802 3474 2856 πολὺν
3498 2804 3756 2872 ἐπήγειρε

2186 2892 2454 2945 κίνδυνον.
2492 2891 2658 2945 Ὅθεν
2691 2891 2851 2958 δόξαν
2898 2892 3158 2954 ἐκείνοις,
3197 2892 3266 2946 ἶν’
3300 2895 3458 2955 εἴτις
3499 2893 3607 2947 τῶν
3626 2895 3759 2962 Χρι-

2188 2983 2421 3039 στιανῶν
2482 2983 2578 3036 τοῦ
2615 2982 2746 3037 ἰδίου
2798 2983 2986 3047 ἔθνους
3043 2986 3143 3055 τὴν
3208 2984 3508 3055 θρησκείαν
3559 2984 3759 3055 μετιὼν

2186 3074 2462 3145 εὑρεθείη,
2488 3076 2790 3146 ἀφίστηται
2825 3077 2926 3145 μὲν
2953 3076 3048 3131 τοῦ
3092 3077 3344 3131 κινδύνου
3368 3094 3381 3109 ·
3423 3079 3519 3131 καὶ
3543 3078 3759 3148 μήτινα

2187 3168 2250 3220 ὲκ
2280 3171 2378 3236 τῆς
2433 3168 2695 3239 τοιαύτης
2740 3171 2923 3234 αἰτίας
2976 3171 3253 3238 κολάζειν,
3320 3173 3548 3243 ἐπείπερ
3583 3170 3760 3239 πολλῴ

2188 3259 2367 3330 χρόνῳ
2392 3262 2590 3331 πεῖραν
2621 3262 2837 3329 ἔδοσαν,
2875 3263 2952 3334 μὴ
2982 3263 3092 3317 τῶν
3128 3265 3412 3334 σφετέρων
3459 3266 3761 3319 ἑνστάσεων

2188 3354 2517 3423 ἀναχωρεῖν.
2554 3354 2797 3424 Γράφειν
2828 3372 2887 3409 τε
2937 3356 3033 3409 καὶ
3061 3358 3175 3423 τοῖς
3223 3358 3408 3421 ἄλλοις
3437 3357 3688 3411 ἐκέλευεν
3729 3359 3760 3427 ὴ

2188 3446 2400 3516 γραφὴ,
2457 3444 2533 3515 μὴ
2564 3447 2848 3517 προσῆκον
2879 3448 3113 3510 ἐκείνοις
3161 3438 3475 3518 περαιτέρω
3507 3448 3762 3517 φροντίδα

2188 3538 2319 3606 περὶ
2348 3538 2697 3606 Χριστιανῶν
2727 3538 3044 3592 ποιεῖσθαι·
3102 3540 3152 3593 οἳ
3181 3540 3244 3609 δὴ
3274 3541 3371 3593 καὶ
3402 3540 3763 3609 ἐπαληθεύειν

2185 3628 2514 3697 νομίσαντες
2540 3629 2641 3698 τὴν
2674 3628 3024 3699 προαίρεσιν,
3057 3629 3148 3683 διὰ
3196 3631 3548 3701 γραμμάτων
3589 3630 3763 3685 ἅπασι

2186 3721 2288 3791 τὴν
2321 3720 2552 3791 γνώμην
2605 3721 2832 3790 ἐμφανῆ
2872 3719 2967 3774 τοῦ
3022 3722 3358 3791 κρατοῦντος
3389 3724 3629 3777 ἐποίουν.
3661 3723 3766 3778 Kal

2186 3815 2245 3865 οὺ
2284 3812 2466 3881 λόγοις
2495 3813 2589 3867 καὶ
2640 3812 2934 3883 γράμμασι
2993 3813 3172 3868 ταῦτα
3237 3815 3585 3884 προύχώρει·
3627 3815 3763 3868 ἀλλά

2188 3905 2284 3958 καὶ
2311 3904 2468 3958 αὐτοὶ
2519 3904 2810 3975 πρότερον,
2873 3904 2966 3969 οὓς
3013 3904 3452 3975 καθειργμένους
3504 3904 3648 3976 εἶχον
3674 3906 3764 3960 διὰ

2187 3995 2278 4048 τὸν
2311 3996 2458 4050 θεῖον
2507 3995 2689 4066 λόγον,
2725 3995 2796 4049 δι’
2827 3997 3041 4051 ἑαυτῶν
3103 3998 3198 4050 ἐπὶ
3231 3996 3398 4066 μέσου
3433 3999 3765 4068 προάγοντες

2186 4089 2523 4162 ἠλευθέρουν
2551 4106 2563 4119 ’
2603 4091 2697 4143 καὶ
2731 4090 2859 4153 τοὺς
2890 4091 2951 4145 ὲν
2994 4089 3279 4159 μετάλλοις
3308 4091 3552 4145 ἀνίεσαν.
3594 4089 3768 4143 Ἢπά-

2188 4200 2382 4253 τηνται
2432 4184 2488 4236 δὲ
2551 4184 2659 4256 ἄρα
2718 4183 2934 4254 βασιλεῖ
3000 4183 3286 4247 δοκοῦντες
3343 4186 3489 4238 κατά
3542 4188 3769 4255 γνώμην

2192 4278 2458 4347 πράττειν
2478 4277 2718 4342 πάντως.
2743 4277 2967 4332 Τούτων
2985 4277 3031 4330 δ’
3058 4279 3771 4345 ὲπιπολασθέντων,αύτίκα

2189 4365 2258 4442 ἦν
2288 4371 2424 4441 ὁρᾷν
2453 4371 2520 4423 ὲκ
2565 4370 2878 4440 βαθυτάτου
2930 4372 3157 4435 σκότους
3188 4372 3304 4441 φῶς
3334 4374 3531 4442 ἀθρόον
3560 4373 3769 4442 ἐκλάμ-

2194 4478 2295 4515 πον
2320 4476 2334 4490 ·
2369 4462 2663 4533 ἐκκλησίαι
2690 4480 2749 4517 τε
2778 4462 3235 4535 συνεκροτοῦντο,
3263 4466 3355 4518 καὶ
3388 4465 3600 4519 σύνοδοι
3629 4482 3770 4534 συμ-

2197 4551 2432 4624 πληθεῖς
2473 4554 2798 4626 ἡθροίζοντο
2820 4572 2834 4587 ο
2890 4558 2984 4609 καὶ
3035 4558 3143 4619 πᾶς
3180 4573 3267 4619 τις
3300 4557 3404 4610 τῶν
3434 4557 3603 4613 ἐθνῶν
3626 4559 3773 4629 ὁρῶν

2197 4644 2504 4713 ἔκπληκτος
2537 4641 2628 4714 ἦν,
2659 4648 2719 4698 τὸ
2753 4650 2852 4715 τῆς
2887 4648 3196 4718 μεταϐολῆς
3220 4651 3439 4719 ἕτοιμον
3470 4651 3775 4721 ὑπερφυῶς

501 4743 582 4797 sic
605 4740 852 4794 exhibita
888 4749 1058 4804 esset,
1099 4739 1287 4794 statim
1338 4754 1405 4792 ex
1459 4734 1745 4791 altissimis
1803 4730 2082 4801 ingentem

2196 4733 2520 4802 θαυμάζων,
2577 4738 2671 4789 καὶ
2731 4736 2908 4804 μέγαν
2962 4741 3122 4806 μόνον
3156 4735 3298 4794 εἴναι
3329 4741 3461 4793 Θεὸν
3483 4741 3593 4793 τῶν
3632 4742 3776 4812 Χρι-

503 4836 682 4889 lucem
715 4844 960 4888 exortam
1023 4847 1145 4887 esse
1182 4831 1435 4886 homines
1493 4828 1772 4882 viderunt.
1812 4825 2087 4880 Ecclesia:

505 4926 1029 4997 frequentabantur,
1059 4934 1368 4981 conventus
1416 4918 1861 4975 numerosissimi
1921 4931 2085 4985 coge-

506 5023 726 5083 bantur,
748 5028 806 5073 et
831 5034 900 5073 ex
927 5017 1186 5088 gentibus
1217 5016 1335 5070 haec
1357 5014 1594 5084 quisque
1626 5026 1860 5065 cernens
1893 5008 2085 5062 obstu-

507 5110 790 5178 pesccbat,
830 5108 1231 5177 mirificamque
1262 5120 1449 5160 rerum
1490 5104 1850 5157 mutationem
1905 5101 2084 5154 admi-

509 5200 757 5265 rabatur,
786 5199 965 5256 solum
987 5197 1434 5252 Christianorum
1477 5193 1648 5247 Deum
1677 5207 1933 5263 maguum
1966 5205 2088 5246 esse

506 5297 841 5351 acclamans.
875 5294 1204 5350 Nostrorum
1240 5298 1425 5346 autem
1453 5288 1740 5343 heminum
1768 5286 2087 5357 quicunque

507 5402 773 5457 generose
796 5395 852 5440 et
884 5385 1101 5439 fortiter
1145 5394 1377 5453 agonem
1436 5378 1818 5449 pertulissent,
1872 5375 2091 5447 publice

507 5495 633 5535 cum
664 5479 873 5549 ingenti
903 5477 1159 5532 libertate
1187 5476 1242 5529 in
1272 5473 1628 5528 veneratione
1657 5478 1838 5526 erant.
1876 5471 1943 5524 At
1995 5469 2091 5539 qui

510 5589 608 5644 per
642 5569 1411 5628 animorumimbecillitatem
1464 5564 1799 5620 infirmiores
1827 5562 1881 5617 in
1927 5563 2098 5616 malo-

510 5683 632 5721 rum
668 5646 1057 5737 colluctatione
1082 5662 1349 5727 fuissent,
1386 5661 1577 5731 lapsus
1613 5674 1744 5713 suos
1783 5672 1882 5728 per
1903 5655 2099 5725 poeni—

513 5759 736 5812 tentiam
760 5758 967 5813 sarcire
984 5767 1037 5811 et
1064 5771 1259 5810 curare
1277 5752 1633 5816 festinabant,
1657 5750 1885 5804 dextras
1904 5744 2095 5805 eurum

516 5850 605 5916 qui
626 5850 787 5907 fidem
806 5851 1012 5904 salvam
1038 5854 1459 5903 οοιιεοτνσεεειιι
1476 5853 1820 5916 prensantes,
1842 5840 2101 5899 eosdem-

587 5986 665 6053 (l)
696 5986 897 6041 Euseb.
931 5985 1024 6039 lib.
1059 6001 1132 6052 Ix,
1177 6000 1300 6053 cap.
1342 5986 1390 6039 f.

2196 4821 2427 4875 στιανῶν
2461 4821 2691 4877 ἐκϐοῶν.
2738 4825 2927 4894 Ἢμῶν
2955 4826 3001 4879 δ’
3026 4828 3142 4882 ὅσοι
3166 4829 3257 4881 τὸν
3288 4829 3476 4897 ἀγῶνα
3508 4834 3774 4898 γενναίως

2192 4914 2511 4984 διήνεγκαν,
2581 4916 2721 4986 μετὰ
2753 4918 3069 4989 παρρησίας
3101 4921 3433 4990 διέπρεπονο
3478 4918 3559 4984 οἷς
3608 4923 3666 4976 δὲ
3692 4942 3778 4976 νο-

2196 5005 2361 5076 σῆσαι
2399 5007 2601 5079 συνέϐη
2636 5012 2779 5062 κατὰ
2812 5010 2991 5081 ψυχὴν
3021 5016 3088 5083 τῇ
3113 5011 3219 5065 τῶν
3251 5013 3440 5067 δεινῶν
3476 5014 3775 5084 προσϐολῇ,

2194 5100 2261 5151 τά
2315 5099 2468 5168 σφῶν
2530 5101 2861 5171 θεραπεύειν
2914 5105 3232 5172 ἠπείγοντο,
3269 5106 3453 5173 δεξιὰν
3491 5108 3777 5169 αἰτοῦντες

2195 5194 2324 5267 παρ’
2353 5189 2430 5249 ὧν
2458 5196 2525 5249 τὰ
2549 5197 2649 5265 τῆς
2672 5199 2908 5262 πίστεως
2936 5199 3171 5271 ἔρρωτο.
3202 5203 3534 5271 Ἐλιπάρουν
3561 5220 3617 5254 τε
3641 5203 3780 5255 Θεὸν

2194 5289 2467 5342 ἱκετεύειν
2521 5288 2680 5342 ἵλεων
2712 5291 2899 5356 αὐτοῖς
2954 5293 3153 5346 ἐνιδεῖν
3186 5293 3325 5363 μετά
3373 5294 3654 5363 κατηφοῦς
3681 5295 3782 5348 καὶ

2196 5380 2672 5451 συντετριμμένου
2716 5381 2812 5435 τοῦ
2851 5384 3155 5455 σχήματος.
3209 5387 3273 5439 Ol
3306 5373 3352 5438 δ’
3387 5388 3443 5439 ὲν
3485 5386 3781 5455 μετάλλοις

2196 5470 2449 5536 λυθέντες
2504 5473 2722 5545 φαιδροί
2746 5492 2892 5539 τινες
2953 5477 3051 5530 καὶ
3086 5481 3480 5547 γεγανωμένον
3538 5479 3785 5547 ὁρῶντες

2200 5567 2296 5617 καὶ
2348 5567 2668 5638 πίρῤησίας
2719 5558 2954 5638 πλήρεις
2986 5571 3080 5622 ἐπὶ
3136 5570 3236 5632 τὰς
3262 5569 3525 5638 πατρίδα;
3578 5570 3781 5639 ᾔεσαν,

2201 5655 2446 5725 ἀρρήτου
2492 5673 2548 5708 τε
2598 5652 2965 5728 εὐφροσύνης,
3022 5660 3087 5730 ἢν
3143 5660 3266 5713 οὐδὲ
3321 5662 3465 5731 λόγῳ
3500 5661 3785 5729 παριστᾷν

2206 5747 2409 5816 ῥᾴδιον,
2435 5747 2679 5820 ἔμπλεῳ.
2724 5750 2867 5804 ὀδοὶ
2895 5751 2952 5803 δὲ
2980 5752 3076 5806 καὶ
3105 5752 3372 5822 λεωφόροι
3404 5755 3646 5806 παιάνων
3680 5753 3782 5801 καὶ

2204 5839 2467 5910 ᾀσμάτων
2514 5838 2658 5914 ἦσαν
2710 5844 2907 5913 μεσταὶ
2955 5844 3064 5900 τῶν
3100 5845 3426 5915 ὁδοιπόρων,
3460 5845 3591 5899 Θεὸν
3617 5843 3781 5908 δοξα-
