4052 6440
400 517 536 581 1963

1637 502 2060 565 NICEPIIORI
2099 501 2451 564 CALLISTI

3547 482 3680 550 1261

393 629 638 692 ximinus
696 623 1017 681 constituit:
1058 620 1222 693 477
1255 627 1422 689 atque
1478 615 1708 686 insuper
1762 627 1979 670 summa
2020 612 2195 682 ipsius
2251 607 2578 681 superstitio
2638 603 2890 663 subditos
2921 617 3053 660 suos
3091 601 3324 674 pepulos
3343 615 3549 667 omnes,
3581 601 3675 670 qui

394 722 690 796 gratiﬁcari
735 723 809 777 illi
844 718 1280 783 contendebant,
1321 717 1398 770 ita
1427 724 1618 770 contra
1651 726 1752 766 nos
1800 709 2123 773 commovit,
2195 719 2256 762 ut
2291 707 2558 762 saevitiam
2620 717 2814 759 eorum
2851 715 3016 771 quam
3075 699 3131 752 in
3162 713 3264 752 nos
3291 704 3676 758 exercuerunt,

395 819 583 875 verbis
603 816 860 889 persequi
891 831 1002 870 non
1036 815 1218 869 liceat.
1247 811 1512 867 Maximas
1545 810 1751 880 quippe
1794 821 1856 862 se
1909 807 1979 861 ab
2019 820 2087 860 eo
2143 806 2413 860 utilitates
2452 812 2856 858 consecuturos
2883 795 3322 857 arbitrabantur,
3341 793 3387 847 si
3417 806 3676 847 novarum

397 927 591 972 contra
617 931 718 970 nos
754 929 938 968 rerum
996 910 1472 980 insolentiumque
1523 909 1856 980 injuriarum
1906 903 2227 960 inventores
2290 901 2631 958 exstitissent
2687 907 2744 956 et
2804 893 3144 952 administri.
3177 891 3297 961 Quo
3350 892 3558 964 majore
3603 890 3683 946 di-

395 1011 623 1079 ligentia
650 1009 706 1064 in
735 1008 788 1063 id
816 1006 1086 1072 studium,
1116 1013 1176 1060 ut
1207 1003 1372 1060 nobis
1398 1002 1907 1066 incommodarent,
1933 1000 2265 1057 incubuere.

971 1146 1200 1204 CAPUT
1244 1144 1438 1200 XXVI.

398 1251 476 1304 De
509 1245 747 1316 conﬁctis
796 1260 844 1302 et
902 1244 1056 1320 falsis
1111 1249 1358 1327 adversus
1400 1238 1670 1297 Christum
1717 1251 1986 1292 commen-

1126 1327 1306 1370 tarus.

469 1440 815 1515 Compositis
845 1449 980 1491 sane
1018 1430 1249 1501 quidem
1277 1436 1333 1482 et
1366 1423 1646 1488 conﬁctis,
1677 1421 1772 1492 qui
1802 1435 1989 1475 rerum

401 1541 595 1598 talium
650 1533 961 1591 architecto
1021 1535 1079 1580 et
1139 1521 1355 1578 auctori
1421 1534 1531 1574 non
1587 1516 1988 1586 displicerent,

397 1627 810 1700 blasphemiam
859 1631 916 1675 et
969 1613 1425 1672 maledicentiam
1479 1624 1701 1665 omnem
1755 1620 1995 1674 exsupe-

397 1724 657 1782 rantibus
718 1710 1180 1774 commentariis,
1250 1705 1725 1773 interrogationes
1777 1702 1995 1756 scilicet

401 1819 563 1875 Pilati
599 1823 654 1870 et
682 1808 1004 1868 Servatoris
1039 1802 1216 1858 nostri
1253 1797 1701 1862 continentibus,
1736 1795 1790 1848 in
1829 1793 1995 1848 ditio-

405 1925 505 1966 nes
571 1921 668 1962 eos
729 1915 859 1958 suas
919 1897 1256 1950 miserunt:
1319 1887 1557 1955 epistola
1613 1885 1873 1956 quadam,
1937 1891 1997 1939 ut

400 2002 674 2071 scriptum
737 1993 792 2047 id
883 1987 1147 2045 omnibus
1217 1980 1631 2052 publicaretur,
1706 1975 1994 2046 praeﬁxa:

401 2067 730 2146 mandatum
785 2083 958 2138 etiam
989 2076 1269 2138 additum,
1309 2083 1370 2127 ut
1407 2071 1762 2126 litteratores
1789 2067 1996 2122 librum

406 2185 572 2241 talem
617 2178 810 2250 pueris
838 2172 1129 2234 omnibus,
1161 2168 1218 2222 in
1258 2181 1371 2236 quo
1403 2164 1602 2235 primis
1655 2159 1996 2215 rudimentis

403 2293 464 2333 se
491 2249 856 2333 exercerent,
887 2274 1245 2330 teneramque
1293 2253 1622 2311 memoriam
1657 2266 1871 2306 veneno
1904 2249 2000 2304 tali

405 2368 744 2425 imbuerent,
784 2356 1082 2429 legendum
1126 2355 1524 2423 proponerent.
1571 2346 1701 2402 Haec
1747 2359 1875 2399 cum
1927 2343 2000 2398 ita

2021 1124 2074 1181 A

2671 1113 2927 1168 ΚΕΦΑΛ.
2985 1109 3134 1178 Kq'.

2093 1211 2236 1280 Περὶ
2266 1208 2386 1265 τῶν
2423 1210 2578 1264 κατὰ
2601 1205 2864 1277 Χριστοῦ
2903 1201 3301 1258 ἐπιπλάστων
3329 1199 3684 1270 ὑπομνημὰο

2811 1293 2956 1332 των.

2165 1393 2269 1454 Οἷα
2299 1399 2344 1454 δ’
2373 1397 2556 1451 αὐτῶν
2587 1397 2686 1450 καὶ
2719 1397 2788 1449 τὰ
2822 1392 3240 1465 ἐπιτηδεύματα
3265 1407 3281 1425 ο
3311 1390 3683 1463 ὑπομνήματα

2095 1495 2205 1565 γάρ
2222 1510 2345 1546 τινα
2367 1491 2712 1559 πλασᾶιμενοι
2739 1489 2841 1542 οὐκ
2866 1487 2976 1543 ἀπο
2997 1489 3231 1559 γνώμης
3253 1484 3349 1538 τοῦ
3369 1486 3436 1539 τὰ
3459 1484 3685 1538 τοιαῦτα

2093 1589 2478 1650 τεκταίνοντος
2506 1585 2690 1655 πάσης
2743 1583 3103 1654 βλασφημίας
3168 1581 3448 1645 ἐπέκεινα,
3481 1579 3686 1650 ἐρωτή-

2099 1699 2216 1745 σεις
2247 1680 2415 1750 δῆθεν
2478 1678 2716 1732 Πιλάτου
2747 1675 2964 1729 καὶτοῦ
2993 1675 3248 1744 Σωτῆρος
3278 1672 3438 1743 ήμῶν
3463 1671 3677 1741 έχοντα,

2097 1774 2192 1829 ἐπὶ
2221 1777 2322 1842 τὴν
2353 1772 2458 1824 ὑπὸ
2517 1772 2675 1841 χεῖρα
2727 1767 2882 1838 σφῶν
2911 1767 3341 1837 διαπέμπονται.
3363 1764 3493 1817 ’Καί
3527 1779 3687 1815 τινων

2099 1865 2568 1936 προγραμμάτων
2601 1861 3060 1932 προηγουμένων,
3107 1857 3238 1911 ὥστ’
3282 1856 3484 1924 ἔκδηλα
3517 1853 3687 1908 ταῦτα

2099 1959 2367 2030 καθιστᾷν
2400 1957 2600 2021 ἀπαοι,
2647 1957 2743 2009 καὶ
2785 1955 2944 2009 παισὶ
2983 1955 3142 2020 πᾶσι,
3179 1951 3505 2022 προκεῖσθαι
3538 1948 3691 2002 ταῦτ’

2100 2056 2181 2117 εἰς
2219 2051 2456 2124 μελέτην
2478 2053 2594 2113 τοῖς
2622 2049 3091 2120 γραμματισταῖς
3121 2046 3454 2115 πρόσταγμα
3485 2040 3572 2116 ἦν,
3597 2043 3692 2096 καὶ

2103 2145 2210 2216 πρὸ
2241 2145 2425 2213 πάσης
2458 2145 2684 2214 μνήμης
2703 2141 2879 2195 ταῦτα
2909 2139 3191 2209 κατέχειν.
3236 2137 3458 2192 Τούτων
3487 2137 3532 2190 δ’
3551 2136 3694 2189 οὕτω

2103 2237 2437 2310 γενομένων,
2460 2235 2650 2306 ἕτερός
2676 2252 2763 2298 τις
2799 2233 2862 2287 ὃν
2895 2232 3067 2286 δοῢκα
3100 2230 3530 2304 προσαγορεύειν
3563 2229 3696 2282 Ῥω-

2109 2333 2289 2404 μαίοις
2317 2331 2528 2400 ἔθιμον,
2559 2330 2692 2398 περὶ
2744 2327 3044 2398 Δαμασκὸν
3080 2328 3178 2396 τῆς
3208 2324 3463 2395 Φοινίκης
3494 2322 3697 2392 γύναιὰ

407 2464 623 2526 ﬁerent,
657 2456 800 2511 alius
838 2449 1066 2522 quidam
1095 2459 1260 2517 quem
1295 2441 1531 2499 Romani
1567 2439 1765 2494 ducem
1799 2450 2004 2492 vocare

2118 2444 2230 2480 τινα
2258 2427 2496 2496 ἀγοραῖα
2513 2425 2610 2477 καὶ
2633 2424 2935 2492 έπίτριπτα
2967 2419 3276 2486 συλλαϐὼν,
3297 2419 3514 2490 πληγὰς
3538 2416 3699 2487 ήπεί-

406 2555 608 2618 solent,
631 2551 777 2605 circa
805 2547 1132 2601 Damascum
1170 2536 1492 2600 Phteniciae,
1524 2532 1864 2588 mulierculis
1881 2530 2006 2600 qui-

411 2647 640 2704 busdam
674 2636 1135 2700 circumforaneis
1176 2641 1234 2688 et
1276 2628 1564 2702 ﬂagitiosis
1585 2622 2008 2696 comprehensis

410 2739 520 2795 vim
553 2739 796 2793 atterens
817 2774 832 2799 ,
871 2732 1059 2802 plagas
1086 2727 1378 2782 minitatus
1405 2735 1511 2786 εει,
1544 2719 1649 2773 nisi
1688 2716 2008 2773 testimonio

409 2830 620 2900 scripto
653 2825 1082 2886 conﬁterentur,
1120 2835 1179 2875 se
1222 2815 1522 2887 aliquando
1561 2812 2009 2869 Christianorum

410 2922 587 2980 sacris
613 2920 860 2974 initiatas
881 2915 1136 2971 conscias
1164 2925 1288 2966 esse
1321 2910 1585 2964 obscaena
1615 2903 1868 2975 quaedam
1895 2916 2014 2957 sce-

411 3019 527 3072 lera
549 3008 820 3068 committi
842 3007 911 3063 ab
935 3007 1002 3064 iis
1023 3004 1118 3075 qui
1146 3001 1337 3074 primae
1367 3007 1499 3055 sunt
1525 2999 1672 3052 inter
1702 3011 1800 3051 eos
1827 2993 2014 3065 digni-

412 3107 566 3174 tatis,
590 3103 912 3172 nefariaque
939 3098 1142 3167 ﬂagitia
1169 3096 1223 3149 in
1252 3093 1426 3149 sacris
1447 3089 1660 3147 aedibus
1688 3089 1805 3144 ﬁeri
1827 3088 2012 3144 solita.

414 3205 594 3272 Atque
626 3199 756 3253 item
789 3194 896 3250 alia
926 3192 1085 3261 plura
1117 3190 1272 3244 hisce
1303 3186 1529 3249 similia,
1564 3184 1771 3256 quibus
1801 3181 2013 3236 doctri—

413 3310 542 3350 nam
567 3289 1083 3363 professionemque
1108 3290 1358 3338 nostram
1396 3277 1892 3338 calumniarentur,
1924 3289 2019 3328 ex-

415 3385 757 3458 cogitarunt.
815 3381 993 3437 Voces
1039 3377 1208 3432 etiam
1253 3370 1596 3446 ejuscemodi
1630 3369 1686 3424 in
1743 3368 2016 3437 scriptum

419 3481 626 3537 relatas
674 3477 768 3534 ille
803 3474 873 3530 ad
918 3471 1258 3544 principem,
1289 3465 1461 3529 misit,
1520 3478 1644 3535 quae
1695 3460 1896 3517 deinde
1949 3460 2020 3515 de

418 3572 657 3631 consilio
711 3570 836 3639 ejus
890 3569 947 3622 in
985 3563 1308 3621 civitatibus
1335 3568 1392 3616 et
1423 3558 1564 3613 locis
1610 3555 1872 3611 omnibus
1922 3568 2021 3623 pu-

420 3669 564 3724 blice
613 3672 747 3721 sunt
779 3659 1099 3733 propositae.
1130 3657 1202 3710 At
1236 3669 1348 3710 non
1389 3651 1568 3707 multo
1614 3647 2020 3704 interveniente

422 3773 692 3831 tempore,
730 3755 1134 3813 calumniarum
1174 3749 1366 3804 talium
1403 3745 1602 3801 artifex
1636 3744 1748 3799 dux
1789 3741 1904 3806 ille,
1937 3739 2022 3794 di-

2111 2521 2195 2574 λει
2221 2521 2424 2583 πολλὰς
2456 2519 2729 2572 ἐπιθεῖναι
2784 2518 2908 2589 βίαν
2961 2517 3211 2586 ἐπάγων,
3245 2516 3538 2585 ἐγγράφως
3565 2515 3700 2581 ὁμο-

2111 2617 2316 2684 λογεῖν,
2344 2614 2422 2678 ὡς
2453 2615 2524 2667 τὰ
2553 2613 2905 2686 Χριστιανῶν
2958 2613 3062 2684 μὲν
3098 2611 3272 2668 πάλαι
3317 2609 3658 2666 ἀσπάσαιντο
3677 2623 3695 2638 ⁸

2113 2710 2404 2763 ἀκόλαστα
2438 2707 2494 2761 δέ
2532 2724 2657 2762 τινα
2697 2705 3105 2775 συνεγνωκέναι
3149 2707 3276 2769 τοὺς
3310 2707 3368 2759 ἐν
3409 2707 3523 2769 τοῖς
3549 2705 3701 2775 πρώ-

2113 2821 2231 2866 τοις
2265 2804 2454 2865 αὐτοῖς
2501 2800 2901 2872 τεταγμένους,
2944 2800 3040 2853 καὶ
3076 2797 3318 2870 ἀθέμιτα
3347 2800 3461 2863 τοῖς
3509 2814 3705 2868 κυρια-

2115 2902 2232 2960 κοῖς
2264 2898 2511 2968 ἐνεργεῖν
2535 2911 2548 2926 ο
2599 2897 2695 2949 καὶ
2726 2894 2842 2949 ἀλλ’
2871 2893 3011 2948 ἀττα
3065 2893 3307 2963 συγγενῆ
3337 2894 3449 2956 τοῖς
3479 2891 3703 2963 είρημέ-

2115 3008 2251 3056 νοις,
2299 2991 2376 3054 ὡς
2401 2992 2468 3046 ἄν
2506 3007 2569 3058 γε
2595 2988 2657 3044 τὸ
2687 2988 2812 3044 καθ’
2833 2989 2984 3058 ἡμᾶς
3017 2987 3330 3042 διαϐάλλειν
3361 2986 3558 3054 δόγμα.
3589 2983 3700 3046 Τὰς

2115 3083 2179 3154 δὴ
2211 3083 2470 3148 τοιαύτας
2491 3084 2678 3152 φωνὰς
2709 3083 2808 3137 καὶ
2831 3083 2997 3144 αὐτὸς
3019 3083 3352 3152 γράμμασιν
3383 3080 3700 3142 ὲντυπὼσας

2116 3175 2410 3245 ἀνέπεμπε
2462 3174 2715 3244 βασιλεῖ’
2749 3174 2785 3228 ἃ
2839 3174 2904 3247 δὴ
2939 3176 3035 3229 καὶ
3071 3173 3292 3244 βουλαῖς
3323 3173 3533 3226 ἐκείνου
3568 3171 3703 3224 κατά

2118 3268 2307 3321 πᾶσαν
2355 3267 2513 3322 πόλιν
2567 3267 2662 3321 καὶ
2693 3266 2880 3338 χώραν
2933 3267 3176 3338 δημοσίᾳ
3223 3265 3596 3338 προύτίθεντο.
3630 3265 3700 3319 Ού

2121 3361 2259 3416 πολὺ
2291 3361 2358 3414 τὸ
2394 3363 2453 3414 ὲν
2487 3361 2658 3431 μέσῳ,
2704 3361 2800 3415 καὶ
2828 3362 2858 3416 ό
2892 3363 2993 3432 μὲν
3039 3361 3150 3416 τῶν
3178 3361 3443 3415 τοιούτων
3473 3361 3705 3429 αὐτουρ·

2120 3457 2219 3525 γὸς
2255 3456 2388 3523 ἀξια
2425 3455 2536 3509 τῶν
2559 3455 2703 3510 κατά
2739 3453 2982 3526 Χριστοῦ
3017 3454 3233 3525 ὕϐρεων
3259 3453 3328 3507 τὰ
3357 3454 3497 3525 γέρα
3551 3448 3709 3520 κομί-

2121 3546 2302 3613 ζεται,
2356 3546 2614 3619 αὐτόχειρ
2681 3547 2980 3617 γενόμενος
3009 3546 3244 3601 ἑαυτοῦ·
3301 3546 3424 3599 καθ’
3463 3545 3619 3617 ήμῶν
3652 3543 3709 3598 δὲ

2120 3641 2380 3712 διωγμοὶ,
2413 3643 2512 3695 καὶ
2543 3641 2742 3712 φυγαὶ,
2780 3642 2875 3695 καὶ
2909 3641 3100 3712 δήμων
3131 3643 3556 3703 ἐπαναστάσεις,
3619 3641 3710 3693 καὶ

2124 3736 2226 3790 ὅσα
2254 3739 2370 3799 τοῖς
2398 3736 2693 3808 προτέροις
2717 3735 2998 3806 ἐφάμιλλα
3023 3754 3036 3767 ο
3059 3735 3136 3798 ὡς
3168 3737 3264 3790 καί
3295 3753 3448 3800 τινας
3486 3737 3592 3789 τῶν
3615 3737 3709 3803 γέ-

419 3825 885 3927 gna-injuriarum
909 3847 1128 3904 Christo
1151 3840 1556 3900 contumeliose
1579 3838 1886 3898 il‘atarum,
1911 3833 2015 3889 sibi

2128 3846 2210 3882 νει
2245 3826 2554 3898 περιδόξων
2603 3843 2663 3880 τε
2720 3825 2818 3880 καὶ
2867 3825 3142 3897 λαμπρῶν
3204 3827 3338 3880 εἵσω
3387 3826 3710 3895 γενομένους

420 3925 528 4018 ipsi
564 3957 760 4000 manus
791 3938 1095 4004 aﬁ‘erendo,
1115 3933 1342 4006 praemia
1379 3930 1530 3985 tulit.
1553 3927 1727 3983 Nobis
1755 3939 1890 3981 vero
1919 3925 2022 3980 sub

421 4016 491 4094 eo
518 4044 724 4108 paratae
753 4029 1192 4104 persecutiones,
1220 4025 1362 4094 fuga:
1387 4016 2025 4094 populorumqueinsul-

2131 3921 2358 3992 χειρῶν,
2396 3921 2792 3991 ἀπαραιτήτως
2845 3921 3107 3991 ὑποσχεῖν
3161 3920 3400 3991 ἐσχάτην
3443 3920 3711 3992 τιμωρίαν

2133 4015 2227 4069 τὸν
2261 4014 2514 4069 θάνατον.
2979 4028 2988 4036 ·

425 4132 687 4196 tationes,
717 4138 774 4184 et
828 4127 936 4182 alia
967 4123 1251 4196 prioribus
1284 4119 1393 4174 illis
1446 4127 1844 4181 consentanea,
1881 4113 2023 4168 adeo
2063 4121 2126 4167 ut
2192 4113 2448 4169 nonnulli
2483 4112 2634 4168 claro
2665 4113 2787 4169 loco
2815 4113 2984 4184 geniti
3016 4113 3199 4183 magni
3229 4113 3330 4168 viri
3361 4113 3527 4184 capti,
3581 4111 3715 4167 citra

426 4224 838 4280 recusationem
859 4233 972 4274 non
989 4225 1212 4290 gravate
1239 4214 1437 4268 ultima
1467 4209 1663 4265 mortis
1689 4207 2023 4280 pertulerint
2060 4207 2354 4280 supplicia.

859 4333 1028 4406 478
1083 4328 1266 4387 CAPU
1282 4327 1325 4382 T
1382 4325 1598 4380 XXVII.

427 4434 508 4490 De
531 4431 646 4504 ejus
679 4427 930 4504 temporis
969 4423 1314 4504 martyribus,
1356 4428 1405 4472 et
1441 4417 1622 4504 edictis
1650 4416 1705 4498 in
1749 4414 1899 4481 areis
1941 4429 2032 4470 co-

750 4487 947 4553 lumnis
981 4487 1169 4549 contra
1200 4507 1295 4546 nos
1333 4487 1715 4562 promulgatis.

503 4619 647 4675 Tum
690 4613 917 4686 quidem
955 4609 1030 4682 (1)
1070 4609 1304 4672 Emesaa,
1339 4621 1462 4676 qua:
1500 4602 1801 4659 thniciae
1835 4600 2034 4659 civitas

430 4722 542 4780 est,
569 4721 681 4766 tres
710 4707 992 4762 Christum
1031 4701 1357 4773 proﬁtentes
1384 4698 1578 4753 bestiis
1615 4704 1745 4751 sunt
1774 4695 1979 4767 objecti
2013 4711 2029 4749 :

433 4819 675 4878 quorum
712 4815 860 4857 unus
891 4798 1161 4870 Sylvanus
1201 4793 1498 4864 episcopus
1533 4791 1662 4855 fuit,
1687 4791 1802 4861 jam
1836 4787 2032 4844 decre-

435 4901 604 4970 pitus,
633 4901 695 4949 ut
746 4892 840 4963 qui
895 4887 1262 4961 quadraginta
1295 4897 1471 4938 annos
1524 4880 1798 4952 pastorale
1829 4893 2034 4934 munus

434 4992 689 5046 ubiisset.
723 4985 933 5043 Eodem
976 4993 1226 5053 tempore
1275 4989 1333 5035 et
1381 4977 1576 5033 Petrus
1629 4975 2035 5031 Alexandrinus

371 5132 388 5139 ..
435 5087 688 5151 antistes,
718 5080 968 5136 divinum
995 5091 1226 5149 prorsus
1252 5071 1588 5143 episcopalis
1622 5069 1926 5124 {unctionis
1941 5083 2037 5124 ex-

2724 4320 2979 4376 ΚΕΦΑΛ.
3011 4320 3140 4375 KZ'.

2129 4410 2427 4493 Περὶ-τῶν
2464 4413 2600 4493 τότε
2625 4410 3179 4493 μαρτυρησάγτων,
3211 4411 3312 4466 καί
3335 4413 3457 4493 ubi:
3485 4414 3555 4468 ἐν
3575 4412 3722 4484 στή-

2269 4486 2409 4548 λαις
2434 4483 2696 4551 χαλκαῖς
2723 4483 2856 4536 καθ’
2885 4483 3056 4552 ἡμῶν
3089 4485 3591 4554 προσταγμάτων.

2201 4599 2314 4652 Καὶ
2346 4599 2411 4670 δή
2457 4616 2606 4662 τινες
2659 4600 2718 4652 ὲν
2774 4598 3006 4671 Ἐμέσῃ,
3063 4598 3167 4668 τῆς
3217 4600 3476 4672 Φοινίκης
3499 4602 3544 4655 δ’
3577 4602 3714 4676 αὕτη

2135 4692 2315 4757 πόλις,
2367 4695 2518 4762 τρεῖς
2580 4694 2674 4745 τὸν
2719 4691 2955 4764 Χριστὸν
3001 4693 3460 4766 ὁμολογήσαντες,
3520 4695 3717 4767 θηρσὶν

2136 4785 2560 4856 ἀπερρίφησαν·
2622 4779 2698 4840 ὧν
2755 4782 2838 4850 εἷς
2899 4787 3206 4850 ἐπίσκοπος
3264 4787 3523 4852 Σιλϐανὸς
3548 4792 3720 4860 ὄνομα

2135 4874 2225 4951 ἦν,
2288 4881 2345 4944 ές
2408 4880 2544 4950 βαθὺ
2577 4881 2766 4951 γήρως
2811 4879 3118 4952 ἐληλακὼς,
3178 4883 3250 4945 ὡς
3285 4883 3382 4938 καὶ
3434 4881 3487 4952 μ’
3514 4884 3610 4955 ἔτη
3642 4887 3721 4953 τῷ

2137 4974 2578 5047 λειτουργήματι
2634 4974 2909 5030 διανύσαι.
2953 4975 3082 5030 Ἐπὶ
3114 4976 3179 5047 δὴ
3206 4975 3383 5047 τούτῳ
3416 4976 3495 5048 τῷ
3547 4979 3725 5050 χρόνῳ

2140 5069 2236 5123 καὶ
2271 5069 2479 5140 Πέτρος
2508 5069 2538 5122 ό
2563 5069 2661 5139 τῆς
2689 5067 3112 5139 Ἀλεξανδρείας
3166 5069 3373 5142 ποιμήν
3407 5073 3466 5124 ὲν
3501 5073 3723 5125 ἐπισκό-

435 5139 916 5249 εωριατ,’νίι·ιυιὶε
943 5139 1131 5233 causa,
1161 5177 1219 5223 et
1247 5139 1394 5237 quod
1425 5139 1494 5219 ab
1526 5162 1752 5218 ineunte
1784 5168 1948 5216 aetate
1974 5159 2015 5215 it

2141 5179 2268 5224 ποις
2305 5139 2450 5215 θεῖον
2494 5161 2666 5224 ὅντως
2723 5161 3041 5234 ἀρχέτυπον
3091 5139 3296 5234 ἀρετῆς
3328 5139 3401 5217 -τε
3435 5165 3601 5236 χάριν
3628 5170 3722 5220 καὶ

437 5273 754 5327 divinorum
801 5265 1154 5322 oraculorum
1196 5255 1791 5326 litteris;exercitatus
1841 5254 2040 5318 fuerat,

2138 5253 2238 5323 τῆς
2267 5253 2376 5306 τῶν
2402 5251 2564 5306 θείων
2588 5252 2766 5322 λόγων
2793 5256 2859 5306 ὲκ
2885 5253 3011 5306 νέου
3037 5255 3351 5326 ἀσκήσεως,
3377 5256 3725 5326 ἁνάρπαστος

434 5372 751 5435 correptus,
786 5359 935 5416 nulla
959 5357 1010 5412 ei
1037 5356 1186 5428 justa
1209 5352 1426 5423 objecta
1454 5363 1622 5404 causa
1647 5350 1797 5420 (nam
1833 5346 1888 5402 id
1925 5346 2010 5402 Ma

2137 5345 2405 5416 γεγονὼς,
2443 5347 2520 5417 μή
2555 5363 2700 5412 τινος
2741 5345 2968 5415 εὐλόγου
3019 5350 3491 5418 προηγησαμένης
3523 5349 3722 5414 αἰτίας,

439 5459 681 5516 ιίιηίηιιε
713 5457 790 5510 ita
822 5449 1114 5518 statuerat)
1146 5446 1345 5517 capitis
1376 5444 1712 5515 supplicium
1742 5441 1914 5498 subiit
1945 5454 2014 5493 :e

2136 5440 2296 5493 τοῦτο
2325 5439 2390 5511 δὴ
2419 5437 2734 5509 Μαξιμὶνου
2771 5439 3207 5511 προστάξαντος,
3241 5441 3385 5509 ξίφει
3422 5441 3518 5513 τήν
3555 5459 3725 5508 κεφα-

439 5566 564 5605 cum
612 5565 680 5605 eo
711 5545 804 5602 alii
834 5553 1104 5616 praeterea
1135 5538 1381 5611 Egyptii
1423 5535 1674 5607 cpisc0pi
1707 5535 1891 5590 multi.
1925 5533 2040 5587 Lu-

439 5646 632 5699 cianus
663 5655 885 5713 quoque
925 5638 1235 5710 presbyter,
1273 5634 1366 5705 qui
1416 5640 1644 5704 pr0pter
1696 5631 1824 5684 vita:
1863 5628 2045 5684 conti-

443 5738 708 5803 nentiam,
729 5745 785 5791 et
803 5748 1086 5789 sacrarum
1111 5730 1450 5786 Litterarum
1478 5725 1760 5796 peritiam,
1781 5721 2043 5777 Nicome-

445 5827 586 5880 diam
617 5830 818 5884 ductus
853 5824 1054 5880 fuerat.
1098 5822 1177 5877 lbi
1224 5822 1337 5888 ille,
1372 5829 1534 5891 prout
1571 5825 1841 5888 prtcsente
1875 5814 2045 5883 impc-

524 6005 594 6075 {U
627 6007 712 6062 Ci.
755 6021 923 6073 supra
956 6019 1078 6072 cap.
1117 6002 1207 6054 16.

2135 5529 2238 5600 λὴν
2260 5529 2632 5599 ἀποτέμνεται
2657 5545 2671 5560 ·
2741 5531 2840 5583 σὺν
2884 5529 3036 5599 αὐτῷ
3067 5530 3124 5583 δὲ
3165 5531 3262 5583 καὶ
3293 5530 3442 5583 ἄλλοι
3477 5531 3540 5583 τί
3560 5551 3582 5582 ν
3607 5529 3730 5581 κατ’

2142 5623 2427 5690 Αἴγυπτον
2463 5622 2790 5677 ἐπισκόπων
2823 5622 3050 5677 πολλοί·
3092 5625 3189 5679 καὶ⁵
3226 5624 3522 5685 Λουκιανὸς
3587 5639 3725 5692 πρε-

2144 5716 2409 5787 σϐύτερος
2433 5719 2492 5771 ὲν
2518 5719 2782 5788 ἐγκρατεῖ
2807 5715 2909 5788 βίῳ
2933 5717 3028 5770 καὶ
3052 5716 3229 5784 λόγων
3260 5717 3420 5787 ίερῶν
3449 5717 3729 5785 ἐπιστήμῃ

2141 5811 2235 5861 ἐπὶ
2274 5809 2363 5882 τὴν
2400 5809 2753 5881 Νικομήδους
2785 5809 2997 5881 ἀχθεὶς,
3026 5810 3120 5863 καὶ⁵
3150 5807 3419 5878 pacato;
3454 5809 3727 5878 παρουσίᾳ
