4052 6436
408 400 545 461 1265

1336 382 1939 473 ECCLESMSTICE
1984 412 2375 474 merenti:
2415 416 2564 479 LIB.
2597 415 2725 479 vn.

3552 419 3693 484 1966

403 520 503 591 τήν
533 523 847 594 ἀνήκουσαν
869 525 1010 597 ὑπὲρ
1041 521 1108 596 ἦς
1156 528 1459 598 ἠγωνίζετο
1501 532 1739 595 πίστεως
1790 530 1992 584 ἀπολο-

2104 546 2280 590 ratore
2303 538 2689 599 conveniebat,
2716 538 2881 594 ﬁdem
2912 554 3012 609 pro
3033 554 3141 609 qua
3174 538 3518 607 decertahat,
3549 540 3691 595 mira

401 617 529 681 γὶαν
562 616 887 686 παρασχὼν,
910 618 1103 673 ἔπειτα
1127 622 1494 694 δεσμωτηρίῳ
1530 625 1745 695 σχεθεὶς
1779 624 1993 679 κτίννυ-

400 724 511 760 ται.
547 708 791 763 Τοικῦτα
839 709 1078 775 ἐξάπινα
1112 714 1190 782 τῷ
1239 716 1500 770 δυτσεϐεῖ
1536 717 1834 789 Μαξιμίνῳ
1868 717 1992 772 καθ’

400 799 562 869 ἡμῶν
589 800 899 874 διεπράχθη
925 818 941 835 ’
971 804 1047 868 ὡς
1079 807 1175 859 καὶ
1209 807 1388 862 δοκεῖν
1413 810 1507 862 τοῦ
1557 810 1831 881 προτέρου
1864 810 1991 865 διω-

401 893 544 961 γμοῦ
578 895 797 966 χείρονα
852 898 1045 953 τοῦτον
1079 903 1214 971 ήμίν
1271 903 1691 975 ἐπεγείρεσθαι.
1740 905 1991 975 Τοσαύτη

400 985 446 1037 δ’
473 982 541 1055 ἦν
576 990 606 1057 ἡ
648 990 841 1057 μανία,
899 992 975 1055 ὡς
1004 994 1143 1064 ὅπερ
1196 995 1306 1049 οὐδ’
1336 996 1529 1051 ἄλλοτέ
1595 1016 1727 1051 ποτε
1769 1000 1991 1066 γεγονὸς

406 1081 835 1151 μνημονεύεται,
893 1085 1014 1139 τότε
1065 1087 1430 1157 πραχθῆναι·
1482 1090 1825 1160 ψηφίσματα
1884 1092 1992 1161 γὰρ

402 1172 613 1226 πόλεων
654 1176 745 1225 καὶ
782 1176 1081 1243 βασιλικῶν
1134 1180 1451 1249 ἀντίγραφα
1505 1180 1831 1247 διατάξεων,
1864 1182 1993 1251 χαλ-

405 1266 530 1325 καῖς
556 1281 665 1318 τισι
693 1267 917 1335 στήλαις
972 1270 1428 1342 ὲγχαραττόμενα
1480 1276 1623 1326 κατὰ
1688 1275 1862 1343 μέσας
1892 1277 1990 1338 τὰς

407 1358 597 1421 πόλεις
627 1362 708 1424 είς
738 1362 1011 1433 ἡμέτερον
1046 1366 1306 1430 ὲξσινίστα
1334 1367 1476 1429 δέος.
1526 1368 1650 1431 Τοῖς
1687 1369 1733 1420 δ’
1758 1370 1814 1429 ἐς
1846 1367 1989 1420 διδα-

406 1450 605 1503 σκάλου
657 1451 919 1518 φοιτῶσιν
978 1454 1183 1509 ἆπασιν
1246 1458 1352 1511 ὸ.νά
1409 1459 1591 1512 πᾶσαν
1647 1460 1863 1527 ἡμέραν
1890 1460 1994 1512 οὐκ

405 1542 534 1595 ἄλλο
567 1560 628 1611 γε
652 1541 720 1615 ἦν
753 1546 842 1599 διὰ
875 1548 1149 1617 στόματος
1177 1550 1209 1619 ἢ
1243 1550 1478 1614 Πιλᾶτος
1507 1552 1604 1603 καὶ
1636 1550 1871 1620 Ἰησοῦς,
1901 1553 1994 1603 καὶ

403 1637 472 1689 τὰ
495 1637 577 1700 είς
607 1636 769 1708 ὓϐριν
798 1641 958 1709 ήμῶν
990 1644 1393 1714 νεουργηθέντα
1426 1644 1754 1713 πλάσματα·
1793 1644 1862 1697 δι’
1919 1638 1995 1698 ὧν

405 1731 464 1779 τὸ
504 1729 764 1799 θεομισὲς
820 1732 915 1783 καὶ
978 1734 1268 1807 ὑπέροφρυ
1304 1736 1404 1805 τῆς
1446 1735 1759 1806 Μαξιμίνου
1791 1739 1994 1808 μιαρᾶς

404 1821 586 1891 ψυχῆς
611 1822 791 1887 ἔξεστι
822 1824 1145 1894 διαγνῶναι,
1190 1829 1291 1882 καὶ
1320 1828 1420 1899 τὴν
1457 1828 1611 1899 ἱερὰν
1644 1830 1997 1897 ἐκπλαγῆναι

407 1913 561 1983 δίκην
608 1915 891 1985 ἄγρυπνον
928 1912 1097 1971 οὖσαν
1128 1922 1249 1983 ταῖς
1276 1920 1386 1972 τῶν
1412 1918 1631 1972 ἀσεϐῶν
1680 1918 1994 1988 πονηρίαις,

409 2006 503 2057 καὶ
529 2009 674 2060 κατά
699 2009 866 2069 πόδας
897 2010 1228 2075 ἐπεξιοῠσαν
1253 2029 1266 2042 υ
1298 2011 1389 2080 ὑφ’
1423 2007 1489 2083 ἦς
1522 2012 1906 2081 ἐλαυνόμενος,
1931 2013 1989 2065 οὐ

407 2099 550 2150 πάνυ
599 2101 787 2171 πόρρω
831 2102 928 2154 καὶ
991 2103 1157 2165 αὐτὸς
1201 2104 1466 2157 τάναντία
1519 2104 1788 2174 ἐγγράφῳ
1844 2105 1996 2173 νόμῳ

412 2192 549 2261 ὑπὲρ
586 2193 743 2261 ἡμῶν
774 2194 1117 2249 ἐϐουλεύετο.
1174 2194 1321 2264 Ἐγὼ
1350 2197 1409 2250 δὲ
1438 2199 1519 2260 είς
1556 2197 1787 2261 ἔνδειξιν
1817 2198 1913 2250 καί
1941 2216 1993 2249 τι

410 2285 573 2354 μέρος
599 2285 707 2339 τῶν
734 2288 792 2339 ἐν
827 2288 1053 2359 στήλαις
1087 2290 1283 2360 ἐκείνῳ
1333 2290 1745 2360 γεγραμμένων
1777 2290 1993 2360 ἐνθήσω

407 2382 473 2449 τῇ
509 2380 742 2449 ἱστορίᾳ.
785 2375 915 2448 Εἶχε
959 2381 1013 2433 δὲ
1047 2379 1244 2445 οὕτως.
1309 2399 1328 2433 ι
1363 2382 1503 2451 Ἤδη
1536 2384 1666 2435 ποτὲ
1696 2384 1728 2453 ή
1763 2382 1994 2452 ἀσθενὴς

409 2469 689 2541 θρασύτης
749 2472 852 2542 τῆς
908 2474 1263 2544 ἀνθρωπίνης
1312 2474 1554 2538 διανοίας
1588 2475 1778 2544 ἴσχυσε
1812 2476 1993 2529 πᾶσαν

408 2564 623 2634 ⁸ιἰλάνης
682 2565 1047 2634 ἀμαυρότητα
1108 2567 1202 2618 καὶ
1260 2566 1497 2636 ὀμίχλην
1555 2568 1994 2639 ἁποστησαμένη

411 2659 506 2709 καί¹
531 2658 901 2710 ἁνασκεδάσαι
923 2675 937 2687 ·
967 2659 1092 2728 ἥτις
1120 2659 1227 2723 πρὸ
1253 2660 1443 2712 τούτου
1488 2660 1550 2711 οὐ
1604 2661 1860 2715 τοσοῦτον
1886 2662 1994 2714 τῶν

412 2743 646 2809 ἀσεϐῶν,
677 2746 802 2798 ὅσον
831 2745 943 2798 τῶν
976 2748 1180 2799 ἀθλίων
1210 2747 1521 2817 ἀνθρώπων
1568 2751 1669 2812 τάς
1705 2748 1995 2819 αἰσθήσεις

409 2835 637 2907 ὀλεθρίῳ
663 2839 890 2905 ἀγνοίας
914 2840 1094 2908 σκότῳ
1117 2839 1494 2909 ἐνειληθείσας
1524 2840 1842 2912 ἐπολιόρκει
1869 2843 1994 2895 ἐπι-

410 2928 610 2995 γνῶναι
635 2946 650 2962 ο
681 2929 823 2983 ὥστε
853 2930 963 2983 τῶν
997 2932 1288 2985 ἀθανάτων
1346 2931 1489 2986 θεῶν
1531 2933 1826 3004 φιλαγάθῳ
1859 2950 1995 3004 προ-

414 3022 531 3092 νοίςι
568 3022 854 3077 διοικεῖται
890 3024 986 3077 καὶ
1047 3024 1525 3095 σταθεροποιεῖται
1574 3026 1717 3096 ὅπερ
1751 3024 1998 3096 γράμμα

411 3111 644 3167 ἄπιστόν
677 3115 827 3168 ἐστιν
858 3117 1038 3169 εἰπεῖν
1058 3132 1070 3146 ·
1099 3118 1250 3180 ὅπως
1287 3119 1720 3187 κεχαρισμένον,
1752 3119 1904 3182 ὅπως
1937 3134 1999 3171 τε

2097 639 2224 678 cum
2254 624 2511 682 libertate
2530 625 2799 693 defendit,
2822 629 2879 683 in
2903 644 3179 685 carcerem
3206 631 3493 701 conjectus
3522 642 3713 702 atque

2101 725 2334 772 necatus
2378 726 2488 773 est.
2532 719 2666 774 Tam
2699 721 2884 791 gravia
2915 720 2969 775 in
2998 736 3099 776 nos
3133 723 3336 793 impius
3362 723 3692 779 Maximinus

2096 808 2341 864 facinora
2383 810 2581 875 edidit,
2618 820 2676 865 ut
2711 814 2863 869 visus
2908 814 2981 869 sit
3010 817 3273 886 majorem
3305 818 3471 871 etiam
3504 818 3691 887 priore

2097 901 2477 968 persecutione
2512 913 2704 959 contra
2745 921 2847 960 nos
2886 908 3200 962 concitasse
3248 916 3479 965 motum.
3517 907 3690 979 Cujus

2097 993 2262 1047 etiam
2299 1001 2446 1048 tanta
2476 994 2579 1048 fuit
2613 996 2815 1051 mentis
2851 998 3134 1063 vecordia,
3164 1007 3372 1069 quanta
3404 1015 3687 1069 nunquam

2098 1095 2258 1139 antea
2286 1086 2563 1142 exstitisse
2588 1089 2868 1145 memoriae
2901 1090 3117 1159 prodita
3147 1099 3252 1145 est.
3286 1091 3513 1164 Decreta
3541 1092 3688 1145 enim

2100 1176 2341 1240 urbium,
2376 1186 2431 1233 et
2486 1178 2859 1249 imperialium
2902 1182 3367 1237 constitutionum
3421 1182 3689 1253 rescripta

2097 1269 2253 1324 aereis
2288 1269 2564 1340 insculpta
2588 1273 2883 1338 columnis,
2929 1274 3313 1329 terrendorum
3342 1272 3692 1330 Christiano-

2099 1376 2220 1415 rum
2255 1378 2417 1416 causa
2440 1362 2508 1431 ,in
2544 1364 2742 1420 mediis
2776 1366 3007 1422 urbibus
3036 1367 3315 1437 publicata
3352 1382 3367 1420 :
3404 1378 3461 1422 et
3498 1367 3689 1437 pueris

2097 1454 2155 1509 in
2187 1454 2376 1509 ludum
2419 1455 2752 1511 litterarium
2795 1457 2863 1511 ad
2895 1458 3185 1528 magistros
3234 1458 3519 1522 euntibus,
3550 1457 3690 1512 nihil

2099 1547 2245 1601 aliud
2281 1557 2396 1608 toto
2429 1548 2520 1604 die
2571 1550 2626 1604 in
2662 1563 2760 1604 ore
2809 1558 2930 1604 erat
2958 1565 3123 1619 quam
3168 1550 3378 1605 Pilatus
3420 1559 3477 1606 et
3502 1549 3689 1616 Jesus,

2098 1640 2316 1708 aliaque
2345 1642 2466 1709 ejus
2498 1641 2718 1710 generis
2747 1641 2816 1696 ad
2849 1642 3246 1698 contumeliam
3292 1652 3534 1697 nostram
3573 1651 3687 1696 tum

2099 1734 2338 1802 primum
2389 1733 2624 1790 conﬁcta
2665 1746 2721 1791 et
2770 1741 3081 1809 excogitata
3136 1752 3286 1805 :per
3338 1752 3462 1806 quae
3506 1736 3693 1789 omnia

2100 1841 2377 1879 summum
2421 1826 2702 1883 Maximini
2750 1830 2806 1884 in
2840 1830 3012 1885 Deum
3054 1828 3265 1895 odium,
3305 1826 3695 1898 arrogantissi-

2104 1932 2365 1987 mumque
2394 1920 2683 1976 scelerosa:
2711 1921 2833 1989 ejus
2863 1922 3061 1978 animae
3087 1921 3447 1992 supercilium
3476 1918 3693 1989 perspi-

2101 2024 2228 2065 cere
2263 2009 2441 2076 licuit,
2491 2021 2547 2066 et
2575 2010 2819 2067 divinam
2852 2014 3042 2068 mirari
3092 2012 3414 2078 vindictam,
3446 2026 3568 2081 quae
3596 2025 3694 2065 ex-

2103 2103 2309 2159 cubare
2360 2104 2625 2159 continua
2674 2106 2913 2175 quadam
2959 2106 3147 2175 vigilia
3184 2120 3353 2175 super
3396 2104 3693 2170 impiorum

2107 2197 2332 2259 malitia,
2364 2197 2703 2267 eosdemque
2750 2199 2807 2253 in
2838 2199 3075 2268 vestigio
3108 2199 3370 2268 consequi
3412 2197 3570 2252 solet.
3611 2196 3695 2250 Ah

2106 2290 2210 2343 hac
2254 2291 2343 2344 ille
2391 2290 2703 2360 perculsus,
2751 2308 2863 2349 non
2910 2294 3084 2347 multo
3130 2301 3252 2362 post
3310 2293 3427 2362 lege
3470 2290 3694 2360 scripta,

2106 2380 2276 2450 priori
2320 2380 2687 2449 paciﬁcationi
2744 2384 3084 2437 contrarium
3136 2397 3367 2453 prorsus
3414 2382 3485 2437 de
3536 2381 3699 2435 nobis

2104 2476 2319 2530 statuit.
2340 2474 2409 2530 Ut
2443 2485 2628 2531 autem
2655 2476 2910 2547 impietas
2930 2478 3051 2547 ejus
3078 2477 3369 2531 manifesto
3405 2475 3696 2545 probetur,

2106 2580 2315 2637 partem
2361 2569 2659 2639 quamdam
2698 2570 3109 2625 constitutionis
3154 2571 3276 2639 ejus
3319 2584 3485 2637 quam
3516 2568 3570 2622 in
3604 2582 3700 2622 co-

2104 2663 2349 2715 lumnam
2394 2662 2564 2716 incidi
2610 2664 2845 2722 curavit,
2897 2661 3145 2716 historiae
3174 2660 3303 2714 huic
3336 2661 3579 2713 inserere
3610 2666 3698 2713 est

2104 2754 2306 2808 visum.
2358 2753 2467 2809 Res
2516 2755 2599 2809 sic
2636 2770 2694 2810 se
2732 2754 2921 2818 habet,
2960 2774 2978 2805 ι
3006 2753 3125 2808 .Iam
3168 2754 3387 2807 tandem
3419 2751 3697 2806 imbecilla

2105 2845 2360 2899 humana:
2384 2845 2585 2901 mentis
2620 2846 2850 2900 audacia
2880 2846 3221 2901 seductionis
3245 2845 3567 2913 errorisque
3599 2842 3699 2897 ob-

2105 2938 2424 2993 scuritatem
2451 2947 2615 3008 atque
2639 2939 2930 3009 caliginem
2956 2938 3169 3008 depulit
3191 2950 3247 2993 et
3280 2937 3544 2992 discussit
3563 2953 3577 2990 :
3599 2936 3697 3006 qui

2106 3030 2327 3099 quidem
2357 3032 2595 3085 antehac
2617 3031 2946 3101 perniciosis
2966 3030 3293 3102 ignorantiae
3322 3028 3585 3095 tenebris,
3620 3029 3698 3084 ita

2109 3137 2219 3177 non
2254 3132 2362 3177 tam
2401 3124 2697 3194 impiorum
2731 3140 2894 3194 quam
2932 3124 3374 3179 miserandorum
3409 3123 3697 3177 hominum

408 3207 628 3277 ἥδιστον
659 3210 753 3262 καὶ
786 3210 1090 3281 προσφιλὲς
1120 3213 1252 3283 ήμίν
1280 3213 1511 3281 γέγονεν
1530 3230 1546 3244 ο
1602 3212 1679 3277 ὡς
1737 3212 1998 3283 μέγιστον

2107 3230 2303 3270 sensus
2344 3216 2609 3281 involvit,
2642 3216 2810 3287 479
2841 3225 2897 3270 ιιι
2928 3233 3043 3270 rem
3080 3218 3485 3284 veritatemque
3523 3216 3699 3284 ipsam

410 3301 612 3373 δεῖγμα
645 3302 743 3371 τῆς
769 3302 1058 3371 θεοφιλοῦς
1085 3305 1249 3375 ήμῶν
1283 3306 1673 3375 προαιρέσεως
1697 3305 2003 3375 δεδηλωκέ-

411 3410 503 3446 ναι
527 3409 540 3421 ο
574 3394 709 3446 ὅπου
771 3411 833 3446 τε
870 3396 967 3448 καὶ
1005 3396 1115 3463 πρὸ
1168 3396 1361 3450 τούτου
1404 3396 1588 3450 οὐδενὶ
1620 3398 1903 3466 ἄγνωστον
1931 3391 1999 3467 ἦν

411 3487 601 3549 ὁποίας
658 3488 1102 3556 παρατηρήσεως
1149 3487 1242 3539 καὶ
1292 3488 1611 3551 θεοσεϐείας
1670 3488 1810 3558 πρὸς
1871 3489 2000 3551 τοὺς

414 3578 721 3641 ἀθανάτους
754 3581 1088 3649 ἐτυγχάνετε
1111 3580 1267 3642 ὄντες
1288 3596 1301 3610 ν
1333 3578 1426 3643 οὓς
1454 3581 1515 3633 οὐ
1544 3581 1719 3650 ψιλῶν
1739 3582 1836 3635 καὶ
1864 3582 1998 3635 ὑπο-

414 3675 588 3725 κένων
619 3674 887 3743 ῥημάτων
906 3673 1115 3739 πίστις,
1148 3674 1287 3727 ἀλλὰ
1315 3675 1412 3728 καὶ
1450 3675 1653 3745 συνεχῆ
1691 3677 1786 3727 καὶ
1824 3668 2003 3743 παράέι

413 3766 540 3830 δοξα
569 3766 746 3836 ἔργων
794 3768 1086 3837 ἐπισήμων
1136 3768 1494 3840 γνωρίζεται.
1524 3770 1731 3839 Διόπερ
1758 3769 2002 3833 ἐπαξίως

415 3859 448 3927 ἡ
479 3858 723 3930 ὑμετέρα
778 3861 935 3923 πόλις
965 3860 1106 3914 θεῶν
1135 3861 1422 3915 ἀθανάτων
1470 3861 1637 3929 φόϐον
1692 3861 1899 3930 ἰδρυμά
1938 3877 2001 3914 τε

417 3952 513 4003 καὶ
546 3953 867 4021 οἰκητήριον
909 3953 1249 4006 ἐπικαλοῖτο.
1284 3952 1512 4014 Πολλοῖς
1543 3951 1677 4020 γοῦν
1702 3952 2003 4023 παραδείγ-

420 4059 555 4111 μασι
603 4043 1010 4111 καταφαίνεται
1062 4046 1131 4114 τῇ
1168 4045 1279 4097 τῶν
1334 4044 1605 4115 οὐρανίων
1649 4044 1791 4098 θεῶν
1831 4044 2004 4115 αὐτὴν

417 4136 687 4207 ἐπιδημίᾳ
749 4138 959 4191 ἀνθεῖν.
1028 4137 1162 4191 Ἰδοὺ
1204 4138 1388 4191 τοίνυν
1447 4138 1762 4208 ήὺμετέρα
1819 4137 2001 4205 πόλις,

419 4224 639 4277 πάντων
674 4224 786 4276 τῶν
830 4224 937 4296 ἰδίᾳ
986 4225 1364 4296 διαφερόντων
1413 4226 1588 4294 αὐτῆς
1650 4226 2002 4295 ἁμελήσασα,

419 4318 514 4370 καὶ
544 4319 645 4381 τὰς
672 4318 943 4388 πρότερον
966 4319 1076 4371 τῶν
1118 4319 1261 4388 ὑπὲρ
1291 4319 1465 4387 αὐτῆς
1499 4319 1849 4389 πραγμάτοιν
1877 4318 2007 4388 δεή-

422 4427 536 4473 σεις
559 4409 891 4480 παριδοῦσα,
932 4412 1021 4464 ὅτε
1050 4411 1219 4463 πάλιν
1250 4411 1449 4482 ᾔσθετο
1470 4412 1570 4480 τῆς
1598 4410 1693 4463 τοῦ
1723 4410 2006 4480 ἐπαράτου

423 4506 789 4572 ματαιότητος
834 4503 1131 4571 γεγονότας
1175 4503 1371 4574 ἕρπειν
1414 4504 1511 4557 καὶ
1561 4502 1845 4574 ἔρχεσθαι,
1908 4500 2005 4554 καὶ

2106 3324 2449 3378 cognoscere
2498 3325 2609 3363 non
2642 3302 2946 3378 potuerint.
2978 3309 3084 3363 Sed
3122 3308 3390 3378 singulari
3428 3307 3698 3376 benigna-

2104 3413 2213 3467 que
2241 3398 2471 3453 deorum
2514 3399 2908 3453 immortalium
2947 3398 3317 3464 providentia,
3349 3398 3579 3452 inﬁdum
3616 3404 3701 3452 at-

2104 3506 2212 3560 que
2245 3491 2498 3560 iniquum
2547 3493 2629 3561 (ut
2662 3492 2736 3544 ita
2780 3491 2985 3558 dicam)
3032 3491 3187 3545 librae
3223 3500 3589 3555 momentum,
3627 3488 3697 3544 ad

2100 3580 2310 3650 justam
2353 3594 2674 3651 rectamque
2718 3591 2977 3638 stateram
3013 3590 3098 3637 est
3143 3582 3456 3649 reductum,
3490 3594 3550 3636 ut
3608 3596 3698 3636 res

2104 3688 2298 3727 omnes
2334 3673 2493 3729 nobis
2543 3683 2736 3743 gratae,
2772 3690 2970 3729 suaves
3014 3684 3068 3729 et
3103 3674 3365 3745 jucunda?
3414 3675 3696 3738 eveniant,

2106 3772 2161 3817 et
2195 3772 2255 3816 ut
2280 3764 2391 3834 jam
2414 3765 2709 3818 maximum
2742 3765 3228 3834 certissimumque
3256 3774 3462 3820 nostra:
3489 3763 3559 3819 de
3590 3764 3701 3819 diis

2105 3853 2240 3923 ipsis
2261 3853 2539 3922 opinionis
2575 3870 2640 3909 ac
2670 3855 2892 3923 pietatis
2920 3863 3096 3910 exstet
3127 3855 3426 3910 indicium.
3458 3855 3566 3910 Sed
3596 3869 3699 3911 ne-

2106 3961 2216 4016 que
2260 3947 2493 4001 antehac
2553 3948 2810 4017 cuiquam
2856 3950 3104 4018 ignotu.u
3139 3948 3261 4009 fuit,
3305 3947 3509 4018 quibus
3534 3962 3704 4003 caere-

2107 4040 2311 4097 moniis
2351 4049 2408 4096 et
2437 4040 2610 4095 sacris
2649 4041 2724 4095 dii
2758 4042 3097 4095 immortales
3136 4057 3166 4095 a
3193 4040 3350 4096 vobis
3379 4041 3493 4096 sint
3524 4041 3701 4108 culti,

2109 4149 2250 4204 quos
2282 4150 2391 4189 non
2421 4134 2587 4189 nudis
2618 4146 2784 4206 atque
2816 4135 3076 4190 inanibus
3105 4135 3231 4190 ﬁdei
3260 4135 3467 4201 verbis,
3504 4149 3702 4190 verum

2109 4224 2455 4281 admirandis
2488 4225 2882 4296 praeclarisque
2922 4226 3188 4294 operibus
3221 4234 3494 4294 perpetuo
3525 4240 3698 4280 vene-

2110 4317 2221 4371 rari
2253 4326 2309 4371 et
2336 4315 2691 4386 magniﬁcare
2722 4318 3000 4371 convenit.
3030 4317 3198 4371 Recte
3222 4317 3472 4386 profecto
3504 4316 3702 4372 civitas

2109 4419 2293 4464 vestra
2326 4410 2558 4464 deorum
2591 4408 3013 4475 immortalium,
3052 4419 3280 4480 propter
3306 4410 3515 4464 cultum
3540 4410 3701 4463 timo-

2113 4517 2341 4570 remque
2393 4518 2611 4564 eorum,
2671 4503 2975 4556 sacrarium
3011 4512 3064 4557 et
3106 4502 3452 4556 domicilium
3509 4500 3698 4555 vocari

421 4597 610 4667 ὡσπερ
663 4598 1039 4667 ἀμεληθεῖσαν
1080 4612 1177 4649 και
1206 4596 1633 4666 κεκοιμημένην
1668 4595 1845 4665 αὔραν
1876 4596 1998 4648 ἀνα-

2115 4600 2283 4660 queat
2317 4608 2331 4644 :
2387 4600 2444 4646 et
2482 4592 2671 4646 multis
2707 4592 2924 4647 indiciis
2950 4592 3084 4646 satis
3114 4602 3355 4656 constat,
3377 4608 3499 4647 eam
3533 4593 3703 4648 coale-

422 4689 870 4759 ζωπυρουμένων
922 4687 1032 4740 τῶν
1102 4686 1352 4755 πυρσῶν,
1415 4687 1683 4756 μεγίστην
1726 4684 2012 4753 πυρκαϊὰν

423 4783 871 4851 ἀναπληροῦσαν,
928 4781 1132 4843 εὐθέως
1191 4781 1330 4849 πρὸς
1387 4779 1490 4846 τὴν
1532 4778 1816 4848 ήμετὲραν
1866 4776 2015 4830 εὐσέ-

423 4877 597 4939 ϐειαν,
625 4875 816 4945 ὥσπερ
859 4875 998 4945 πρὸς
1042 4873 1384 4945 μητρόπολιν
1422 4871 1611 4924 πασῶν
1663 4867 2011 4931 θεοσεϐειῶν,

422 4967 590 5035 χωρὶς
651 4964 931 5035 μελήσεώς
989 4979 1138 5024 τινος
1190 4962 1523 5029 κατέφυγεν,
1581 4959 1727 5012 ἴασίν
1770 4976 1891 5012 τινα
1915 4963 2013 5013 καὶ

427 5058 682 5127 βοήθειαν
704 5056 1015 5110 ἀπαιτοῦσα
1037 5074 1052 5088 ·
1092 5074 1112 5107 ι
1150 5056 1246 5109 καὶ
1278 5055 1347 5107 τὰ
1375 5054 1503 5123 ἑξῆς
1528 5054 1625 5122 τῆς
1652 5053 1849 5122 ὁμοίας
1875 5053 2006 5106 δυσ-

426 5150 647 5212 σεϐείας
675 5151 934 5219 ἐχόμενα.
963 5150 1167 5216 πολλὴν
1192 5148 1543 5216 καταδρομὴν
1574 5142 1719 5216 ἦσαν
1756 5144 2007 5212 λέγοντα·

2116 4683 2282 4737 stium
2312 4683 2542 4737 deorum
2570 4684 2860 4753 pratsentia
2896 4683 3112 4739 ﬂorere.
3145 4686 3337 4754 Itaque
3371 4685 3502 4739 urbs
3521 4695 3701 4740 vestra

2115 4790 2239 4830 cum
2274 4777 2440 4831 rebus
2467 4776 2727 4831 omnibus
2757 4777 2833 4831 illi
2859 4777 3219 4847 peculiariter
3253 4777 3703 4833 conducibilibus

2116 4869 2470 4937 posthabitis,
2504 4879 2617 4923 tum
2656 4873 2823 4924 etiam
2858 4879 2915 4925 et
2950 4871 3313 4940 petitionibus
3363 4872 3568 4942 quibus
3602 4886 3702 4941 pro

2115 4979 2216 5017 suo
2262 4964 2437 5032 ipsius
2475 4973 2618 5019 Statu
2667 4965 2824 5034 prius
2868 4966 2943 5020 uti
2976 4966 3213 5032 solebat,
3260 4968 3502 5033 omissis,
3536 4980 3700 5035 quam

2111 5056 2350 5123 primum
2389 5071 2583 5110 rursus
2611 5056 2868 5112 homines
2893 5058 3247 5112 exsecrandae
3280 5058 3509 5111 vanitati
3546 5056 3703 5111 dedi-

2112 5158 2196 5203 tos
2229 5149 2337 5203 late
2384 5165 2608 5218 serpere
2638 5159 2695 5204 et
2729 5151 3048 5219 propagari,
3096 5166 3160 5205 ac
3191 5149 3361 5204 veluti
3396 5150 3699 5221 neglectam

426 5245 501 5305 ὡς
532 5241 602 5293 δι’
636 5244 785 5310 ἡμᾶς
815 5244 877 5294 τὸ
913 5242 1059 5296 θεῖον
1091 5240 1377 5311 δυσμενῶς
1420 5240 1565 5310 ἕχον,
1604 5237 1714 5290 πᾶν
1744 5235 1872 5288 εἴτι
1898 5235 1998 5289 δει-

2110 5251 2275 5307 atque
2302 5240 2538 5309 sopitam
2581 5255 2774 5293 auram
2818 5240 3029 5295 facibus
3074 5240 3187 5295 vim
3221 5240 3512 5309 ignemque
3538 5254 3701 5293 suum

428 5341 518 5392 νὺν
560 5341 617 5392 ἐν
647 5340 770 5409 ἀέρι
795 5336 893 5389 καὶ
926 5337 997 5407 γῇ
1031 5336 1125 5388 καὶ
1156 5334 1346 5386 ὕδασιν
1370 5331 1614 5401 ἐμποιεῖ.

2113 5347 2209 5401 per
2245 5346 2365 5384 eam
2397 5331 2818 5401 recipientibus,
2863 5343 3077 5386 vastum
3130 5332 3446 5386 incendium
3479 5330 3703 5385 diﬁerre

432 5452 497 5491 ac
526 5438 754 5491 dilatare
776 5432 972 5498 sensit,
1003 5430 1149 5485 nulla
1174 5429 1498 5498 interposita
1569 5441 1723 5481 mora
1794 5425 2089 5480 confestim
2130 5426 2195 5480 ad
2239 5428 2499 5496 pietatem
2552 5438 2820 5488 nostram,
2861 5427 3088 5495 perinde
3118 5435 3281 5496 atque
3324 5425 3392 5480 ad
3420 5440 3702 5480 sacrorum

429 5534 726 5601 cultusque
782 5531 1010 5584 deorum
1070 5527 1249 5582 omnis
1300 5523 1649 5593 metropolim
1715 5522 2015 5590 urbemque
2053 5523 2357 5592 principem
2423 5523 2691 5594 confugit,
2762 5540 2919 5593 opem
2952 5534 3006 5578 et
3035 5524 3301 5578 auxilium
3332 5524 3701 5593 implorans.)

433 5633 499 5686 Et
552 5640 746 5684 czetera
798 5644 917 5697 qua:
970 5634 1301 5696 sequuntur,
1365 5622 1669 5677 consimilis
1714 5620 2011 5689 impietatis
2050 5620 2232 5690 plena,
2294 5621 2805 5693 professionemque
2830 5630 3070 5677 nostram
3133 5621 3556 5691 perstringentia
3587 5621 3703 5693 (l):

434 5736 690 5793 tanquam
724 5722 971 5775 divinum
1004 5720 1213 5773 Numen
1254 5726 1477 5789 propter
1504 5729 1606 5769 nos
1628 5714 1851 5776 iratum,
1893 5712 2161 5784 quidquid
2193 5722 2277 5767 est
2314 5714 2366 5765 iu
2396 5730 2545 5776 aere,
2580 5715 2631 5767 in
2671 5725 2815 5769 terra
2849 5725 2897 5770 et
2940 5717 2991 5769 in
3019 5717 3173 5785 aquis
3203 5715 3349 5779 mali,
3394 5716 3709 5773 hominibus

438 5819 717 5870 immittat.

452 5955 467 5969 -
509 5934 585 6005 (ί)
618 5931 885 5986 Eusebius
925 5928 1022 5984 lib.
1062 5946 1135 5996 ιχ,
1188 5944 1307 5999 cap.
1356 5930 1405 5993 7,
1451 5927 1543 5999 qui
1592 5925 1857 5996 scriptum
1913 5924 2016 5980 hoc
2059 5922 2183 5994 'l‘yri
2220 5934 2564 5992 projositum
2609 5922 2761 5975 vidit.
