4052 6476
413 371 550 434 1269

1325 373 1938 435 ECCLESIASTICJE
1977 375 2366 436 HISTORLE
2413 376 2553 436 LIB.
2604 373 2739 434 VII.

3526 365 3661 430 1210

409 486 762 542 καταδεῖσθαι
789 487 915 550 τοὺς
948 488 1266 557 παριόντας.
1296 490 1453 543 Ὅσοι
1485 507 1553 560 γε
1585 492 1691 562 μὴν
1722 485 1867 559 εἶχον
1893 489 1982 558 δῆο

2091 491 2392 557 macilenti,
2426 490 2656 560 perinde
2688 495 2852 557 atque
2897 485 3193 541 simulacra
3245 484 3517 553 quaedam,
3578 498 3665 536 re-

410 580 503 631 θεν
549 580 798 648 εὐπόρως
852 580 984 650 πρὸς
1035 580 1098 633 τὸ
1146 581 1350 652 πλῆθος
1399 583 1857 654 ἀπαγορεύοντες,
1904 581 1979 653 τῷ

411 670 584 723 πολλὰ
620 674 957 741 παρασχεῖν,
993 671 1222 743 ὕστερον
1257 676 1353 727 καὶ
1386 675 1540 727 αὐτοὶ
1572 678 1651 738 είς
1682 679 1867 750 ἀπηνῆ
1899 680 1981 731 λι-

414 762 512 829 μὴν
550 760 822 830 ἐχώρουν,
854 763 923 815 τὰ
956 764 1047 816 ἴσα
1082 765 1379 834 πάσχοντες
1408 782 1421 795 ³
1458 771 1554 822 καὶ
1586 770 1977 839 ἀπανθρώπως

410 850 676 903 διέκειντο
696 890 711 915 ,
743 853 817 914 ὡς
849 853 941 906 καὶ
972 853 1252 918 πλείσταις
1283 856 1368 923 ἐφ’
1393 857 1630 927 ἡμέραις
1663 860 1981 931 ἁπανταχοῦ

414 942 586 1012 νεκρὰ
628 944 722 995 καὶ
765 945 951 1013 γυμνὰ
994 945 1225 1015 σώματα
1267 947 1581 1018 ἐρριμμένα
1623 953 1985 1021 οἰκτροτάτην

411 1035 543 1088 θέαν
568 1038 676 1097 τοῖς
709 1037 790 1089 ἔτι
820 1036 956 1100 ζῶσι
985 1038 1271 1107 παρέχειν.
1300 1039 1442 1109 Ἤδη
1473 1040 1529 1092 δέ
1556 1057 1702 1103 τινες
1732 1044 1825 1094 καὶ
1859 1044 1987 1095 κυσὶ

409 1127 659 1194 τράπεζα
689 1128 1018 1199 προῠκειντο
1039 1146 1050 1158 ·
1080 1124 1140 1182 οὒ
1170 1131 1332 1201 χάριν
1361 1134 1452 1184 καί
1477 1133 1586 1185 τῶν
1613 1133 1789 1186 κυνῶν
1818 1132 1986 1195 πολύς

411 1235 493 1280 τις
524 1214 591 1281 ἦν
623 1221 804 1285 φᾶνος,
833 1220 941 1272 δέει
969 1219 1063 1273 τοῦ
1102 1222 1177 1290 μὴ
1208 1222 1590 1293 λυσσήσαντας
1625 1225 1988 1294 ἀνθρωποφα-

410 1308 537 1368 γίαν
563 1309 931 1375 ἐργάσασθαι.
966 1310 1025 1362 '0
1057 1310 1112 1363 δὲ
1144 1310 1330 1380 λοιμὸς
1364 1313 1484 1364 κατ’
1509 1312 1691 1374 οἴκους
1721 1314 1983 1385 χορεύων,

414 1397 621 1461 πάντας
650 1400 908 1452 ἐῦόσκετο
933 1417 946 1430 ’
979 1401 1217 1469 μάλιστα
1242 1402 1299 1454 δέ
1327 1404 1437 1455 τῶν
1466 1404 1717 1473 εὐπόρων
1739 1405 1946 1475 ἥπτετο
1973 1420 1984 1434 ⁸

417 1491 492 1557 μὴ
540 1488 649 1557 γὰρ
687 1488 764 1558 τῷ
809 1491 985 1560 ἑτέρῳ
1032 1490 1179 1561 λιμῷ
1226 1492 1630 1563 ἐκτριὸὁμενοι,
1673 1493 1840 1557 ὀξέως
1885 1496 1988 1548 ὑπὸ

414 1578 641 1649 θατέρου
667 1581 866 1649 μᾶλλον
884 1579 1193 1636 διώλλυντοε
1216 1585 1476 1653 Οἰμωγῆς
1498 1583 1630 1654 γοῦν
1649 1581 1789 1658 ἦσαν
1811 1586 1987 1640 πάντα

416 1673 611 1737 μεστὰ,
641 1672 736 1726 καὶ
761 1668 900 1727 οἶκοι
928 1676 1022 1728 καὶ⁸
1050 1675 1301 1730 πλατεῖαι
1327 1678 1419 1731 καὶ
1445 1678 1666 1748 ἀγοραί.
1695 1678 1903 1750 Θρῆνός
1928 1696 1988 1733 τε

414 1765 726 1835 ἁπανταχοῦ
754 1769 851 1819 καὶ
876 1768 999 1820 οὐαὶ
1029 1770 1167 1837 μετὰ
1189 1769 1298 1823 τῶν
1327 1770 1573 1839 συνήθων
1599 1772 1782 1825 αὐλῶν
1805 1788 1865 1823 τε
1892 1772 1988 1824 καὶ

414 1858 641 1912 κτύπων
687 1857 939 1928 ἠκούετο.
986 1861 1109 1923 Τοῖς
1155 1861 1212 1915 δὲ
1256 1862 1379 1914 δυσὶ
1423 1862 1634 1925 τούτοις
1680 1861 1865 1925 ὅπλοις
1910 1862 1987 1930 τῷ

415 1949 561 2028 λιμῷ
591 1968 649 2003 τε
686 1952 804 2019 αμα
841 1954 936 2005 καὶ
965 1953 1043 2023 τῷ
1079 1953 1253 2022 λοιμῷ
1290 1955 1630 2025 στρατεύσας
1664 1957 1690 2007 ὁ
1724 1954 1949 2017 θάνατος
1970 1994 1986 2021 ,

412 2041 594 2094 πᾶσαν
640 2043 812 2112 ἄρδην
856 2045 956 2114 τὴν
1005 2044 1129 2096 τότε
1180 2047 1375 2113 γενεὰν
1424 2045 1755 2115 ἐξεθέρισεν.
1793 2044 1884 2111 Ὦς
1932 2048 1989 2101 ἐν

412 2132 596 2203 ταυτῴ
625 2138 858 2203 σώματα
889 2135 1118 2188 πλεῖστα
1148 2137 1516 2206 ἐκφέρεσθαι,
1548 2138 1639 2191 καὶ
1670 2139 1839 2208 μυρία
1869 2142 1988 2191 τού-

414 2240 522 2277 των
560 2222 907 2295 καθεκάστην
942 2219 1084 2280 εἶναι
1119 2225 1188 2278 τὰ
1228 2224 1583 2295 πολυάνδρια.
1619 2226 1857 2281 Τοιαῦτα
1891 2230 1987 2297 τῆς

418 2315 763 2386 μεγαλαύχου
793 2315 971 2387 ψυχῆς
1003 2316 1313 2387 Μαξιμίνου
1340 2317 1449 2370 τῶν
1480 2317 1601 2371 καθ’
1628 2318 1783 2387 ἡμῶν
1811 2335 1989 2389 γραμ-

422 2408 612 2475 μάτων
646 2409 835 2461 εἵπετο
870 2409 942 2463 τὰ
980 2411 1258 2480 ἐπίχειρα.
1299 2409 1619 2479 Τηνικαῦτα
1661 2409 1717 2465 δὲ
1759 2411 1856 2463 καὶ
1890 2411 1989 2481 τῆς

418 2498 577 2569 ἡμῶν
617 2500 934 2564 θεοσεὸείας
979 2501 1168 2556 πολλοὶ
1210 2500 1542 2573 παρέδειξαν
1580 2502 1649 2556 τὰ
1686 2503 1985 2572 τεκμήρια.

415 2591 520 2644 Τὸν
553 2594 661 2662 γὰρ
698 2593 1085 2661 φιλάνθρωπον
1117 2592 1319 2660 τρόπον
1352 2594 1788 2663 ἐπιδεικνύμενοι
1810 2635 1825 2657 ,
1860 2594 1987 2657 τοὺς

416 2681 517 2752 μὲν
544 2683 785 2751 ἀτάφους
810 2683 1203 2755 ἐρριμμένους,
1233 2684 1418 2755 μυρίοι
1442 2685 1500 2738 δὲ
1524 2680 1684 2756 ἦσαν,
1710 2684 1986 2756 ἐπιμελῶς

414 2775 652 2829 ἔθαπτον
676 2792 689 2806 ·
731 2777 781 2828 οἱ
817 2776 879 2828 δέ
917 2778 1045 2840 τοὺς
1085 2776 1182 2830 τοῦ
1226 2777 1388 2847 λιμοῦ
1426 2779 1771 2848 τραυματίας
1814 2780 1903 2847 ὑφ’
1929 2777 1987 2831 ἓν

413 2868 783 2938 ἀθροίζοντες,
834 2868 1033 2939 ἄρτους
1082 2871 1146 2939 δή
1197 2888 1345 2934 τινας
1399 2872 1493 2924 καὶ
1539 2869 1746 2942 τροφὴν
1796 2871 1988 2940 ἑτέραν

411 2963 811 3034 ἐπεχορήγουν,
836 2963 913 3026 ὡς
943 2965 977 3032 ἡ
1005 2964 1123 3034 χεὶρ
1153 2963 1386 3032 εὔπορος
1410 2961 1499 3035 ἦν.
1527 2964 1836 3019 Κὰντεῦθεν
1862 2963 1990 3017 πολ-

413 3053 512 3122 λήν
540 3070 662 3107 τινα
693 3054 788 3106 καὶ
820 3055 1041 3125 μακρὰν
1070 3056 1168 3124 τὴν
1199 3056 1393 3126 φήμην
1421 3055 1760 3125 διαδραμεῖν,
1789 3054 1863 3117 ῶς
1895 3057 1990 3109 καὶ

418 3146 610 3214 μόνους
640 3145 913 3209 θεοσεϐεῖς
942 3148 1090 3215 ἡμᾶς
1118 3147 1227 3199 τῶν
1252 3147 1429 3202 ἄλλων
1452 3148 1759 3215 ὁμολογεῖν,
1785 3148 1877 3200 καὶ¹
1898 3148 1992 3200 τὸν

414 3237 610 3308 ἔφορον
641 3238 751 3291 τῶν
786 3239 1134 3308 Χριστιανῶν
1166 3238 1411 3306 δοξάζειν
1446 3240 1703 3312 Χριστόν.
1734 3235 1838 3293 Ὧν
1870 3239 1987 3309 δῆτ’

414 3329 850 3398 ἐπιτελουμένων
870 3370 885 3395 ,
922 3331 949 3383 ὁ
980 3329 1090 3382 τῶν
1125 3331 1413 3401 σωτηρίων
1446 3332 1578 3394 Θεὸς
1610 3334 1637 3385 δ
1669 3332 1990 3401 ὑπερμαχος

416 3422 510 3474 καὶ
545 3421 813 3491 ἡμέτερος
846 3420 1123 3490 κηδεμὼν,
1159 3415 1239 3482 οἷς
1274 3423 1355 3484 είς
1389 3422 1552 3475 αὐτὸν
1588 3422 1987 3493 πεπαρῳνήκε-

416 3530 537 3578 σαν,
563 3513 653 3568 διὰ
676 3514 775 3582 τῆς
806 3513 943 3581 πρὸς
971 3514 1122 3583 ἡμᾶς
1154 3511 1374 3583 ἔχθρας,
1407 3514 1505 3582 τὴν
1538 3514 1749 3566 οἰκείαν
1781 3514 1992 3580 ἀγανά-

416 3621 613 3674 κτησιν
667 3603 998 3675 παραδείξας
1055 3607 1173 3667 ταῖς
1226 3606 1334 3656 τῶν
1390 3603 1744 3674 δηλωθέντων
1797 3605 1990 3659 δεινῶν

415 3699 643 3768 ἀθρόαις
683 3699 1027 3766 ἐπαγωγαῖς,
1067 3696 1225 3761 αὖθις
1268 3697 1494 3765 φαιδρὶν
1533 3691 1645 3750 οἷον
1689 3698 1820 3767 ἡμῖν
1863 3698 1990 3751 ἐπέ-

417 3787 602 3855 λαμπε
646 3785 768 3846 ταῖς
819 3783 1054 3847 οίκείαις
1107 3785 1428 3853 προνοίαις,
1477 3782 1553 3848 ὡς
1606 3785 1665 3848 ἐξ
1714 3785 1992 3853 ἀφεγγοῦς

418 3878 681 3943 σκότους,
715 3875 831 3946 φῶς
865 3877 1107 3948 ἄρρητον
1138 3877 1428 3947 εἰρηνικῆς
1463 3877 1853 3940 καταστάσεως
1890 3894 1994 3931 πα-

418 3969 754 4041 ρασχέσθαι,
790 3971 886 4024 καὶ
928 3969 1151 4040 ἐμφανῆ
1186 3985 1249 4038 γε
1286 3954 1419 4023 πᾶσι
1456 3968 1822 4022 καθίστασθαι
1861 3969 1993 4021 Θεὸν

417 4064 579 4117 αὐτὸν
609 4063 765 4117 ἐσαεὶ
784 4066 879 4117 καὶ
899 4064 1146 4132 ἐπόπτην
1178 4059 1318 4115 εἷναι
1349 4060 1456 4113 τῶν
1486 4060 1610 4114 καθ’
1636 4063 1784 4132 ἡμᾶς
1808 4078 1993 4132 πραγ-

2083 595 2204 634 rum
2240 583 2487 636 omnium
2524 578 2706 650 egeni,
2729 577 2863 632 ltinc
2892 587 2948 632 et
2977 576 3106 630 inde
3147 574 3471 630 oberrantes
3498 581 3666 641 atque

2081 673 2385 739 lapsantes,
2416 668 2578 739 proni
2627 668 2682 722 in
2717 666 2895 722 triviis
2940 666 3077 735 ipsis
3110 663 3503 727 concidebant,
3531 660 3667 715 sub-

2083 762 2208 817 sidii
2234 762 2414 816 omnis
2438 771 2696 830 expertes
2727 776 2741 813 :
2768 767 2825 813 et
2864 756 2936 813 ad
2970 758 3079 812 hoc
3120 770 3293 811 unum
3323 770 3468 826 aegre
3497 752 3663 816 firmi,

2085 863 2144 908 ut
2178 853 2323 907 fame
2354 869 2412 907 se
2454 852 2630 922 premi
2658 859 3027 914 testarentur,
3073 847 3505 916 miserandaque
3532 859 3667 901 voce

2085 963 2115 1000 a
2148 946 2613 1014 praetereuntibus
2665 942 2773 999 cibi
2822 942 3064 997 frustum
3096 941 3203 995 sibi
3237 940 3480 1009 praeberi
3530 951 3670 1008 sup-

2088 1036 2304 1104 pliciter
2336 1046 2607 1107 peterent.
2637 1034 3052 1104 Locupletiores
3074 1047 3246 1104 porro
3268 1041 3497 1104 propter
3514 1045 3671 1086 men-

2087 1127 2391 1183 dicantium
2440 1127 2851 1182 multitudinem
2897 1127 3276 1195 desperantes,
3328 1137 3454 1178 cum
3497 1120 3671 1178 multa

2085 1219 2169 1275 eis
2200 1220 2381 1289 largiti
2411 1227 2620 1283 essent,
2651 1216 2873 1272 tandem
2925 1224 2981 1272 et
3026 1217 3133 1286 ipsi
3176 1215 3231 1269 in
3272 1228 3473 1269 saevam
3510 1212 3673 1267 famis

2087 1309 2446 1380 indigentiam
2475 1308 2892 1380 perveniebant,
2931 1314 2987 1361 et
3025 1320 3150 1360 cum
3199 1305 3388 1359 eadem
3427 1318 3551 1373 qua:
3584 1303 3671 1356 in-

2088 1400 2339 1470 digentes
2372 1408 2719 1469 paterentur,
2750 1412 2865 1452 non
2894 1395 3029 1451 satis
3054 1395 3376 1450 humaniter
3400 1408 3523 1449 eam
3554 1408 3676 1448 sor—

2090 1502 2199 1547 tem
2230 1490 2794 1546 fcrebnnt..Plurimis
2830 1503 2965 1558 ergo
2996 1488 3194 1543 diebus
3231 1485 3377 1540 nuda
3404 1484 3673 1539 cadavera

2092 1586 2292 1652 passim
2346 1583 2586 1653 jacentia
2623 1623 2638 1648 ,
2687 1581 3061 1636 miserrimum
3118 1579 3302 1633 adhuc
3352 1575 3674 1632 viventibus

2090 1677 2378 1747 praebuere
2409 1677 2810 1747 spectaculum.
2845 1676 2965 1731 Jam
3024 1674 3275 1730 nonnulli
3311 1673 3477 1728 etiam
3520 1671 3674 1727 cani-

2093 1770 2195 1824 bus
2225 1786 2350 1825 esca
2382 1777 2540 1824 erant
2568 1786 2582 1825 :
2613 1770 2772 1840 cujus
2828 1769 2908 1823 rei
2942 1767 3119 1838 gratia
3170 1769 3432 1835 lrequens
3463 1779 3666 1821 canum

2090 1864 2270 1920 caedes
2318 1862 2503 1925 fiebat,
2539 1861 2687 1932 quod
2735 1871 2916 1916 metus
2955 1868 3123 1924 esset,
3162 1874 3232 1914 ne
3262 1858 3343 1912 illi
3374 1857 3429 1912 in
3463 1858 3670 1913 rabiem

2090 1954 2218 2019 acti,
2262 1955 2514 2009 humanae
2537 1952 2722 2008 carnis
2753 1952 2879 2007 cibo
2924 1950 3309 2008 assuefierent.
3346 1948 3670 2005 Pestilentia

2090 2061 2221 2102 vero
2248 2045 2443 2099 domos
2473 2045 2618 2114 ipsas
2636 2059 2960 2114 peragrans,
2987 2057 3182 2097 omnes
3198 2042 3484 2111 carpebat,
3507 2050 3673 2112 atque

2089 2139 2146 2193 in
2174 2138 2366 2209 primis
2398 2137 2631 2192 ditiores
2670 2135 3015 2192 conﬁciebat.
3061 2134 3129 2189 Et
3153 2148 3293 2203 quos
3339 2132 3514 2188 fames
3562 2147 3671 2186 non

2089 2238 2442 2297 enecaverat,
2476 2245 2573 2285 eos
2627 2227 2945 2299 contagiosa
2999 2227 3170 2296 pestis
3228 2226 3353 2280 lues
3418 2224 3668 2279 tollebat.

2090 2325 2281 2395 Itaque
2308 2323 2607 2395 gemitibus
2630 2321 2816 2378 omnia
2847 2321 3010 2390 plena
3031 2334 3176 2386 esse,
3201 2318 3421 2384 domus,
3454 2317 3670 2387 platea},

2090 2417 2231 2481 fora,
2259 2417 2443 2471 luctus
2468 2415 2694 2485 ubique,
2722 2422 2779 2467 et
2813 2413 2931 2469 vacl
2965 2426 3090 2467 cum
3122 2411 3304 2466 solitis
3334 2409 3545 2465 doloris
3575 2425 3673 2464 vo-

2090 2506 2506 2564 ciferationibus
2547 2515 2603 2561 et
2633 2505 2947 2575 planctibus
2998 2501 3418 2557 exaudiebatur.
3447 2500 3513 2555 Et
3537 2500 3674 2555 dua-

2090 2600 2195 2655 bus
2245 2601 2398 2655 hisce
2440 2598 2600 2669 quasi
2649 2596 2967 2661 armaturis,
3022 2594 3167 2649 fame
3198 2602 3255 2649 et
3296 2603 3474 2661 peste,
3519 2607 3672 2648 mors

2092 2693 2205 2760 ipsa
2265 2691 2607 2761 depugnaus,
2664 2686 3080 2760 generationem
3118 2695 3174 2740 et
3227 2685 3490 2756 populum
3549 2685 3672 2756 ejus

2091 2784 2357 2854 temporis
2413 2783 2529 2837 fere
2594 2796 2814 2837 omnem
2884 2762 3129 2835 sustulit.
3203 2777 3521 2847 Eademque
3583 2777 3673 2832 die

2090 2891 2256 2946 quam
2284 2875 2522 2945 plurima
2552 2872 2934 2928 eli‘erebantur
2959 2871 3252 2937 cadavera,
3288 2878 3343 2925 et
3384 2869 3673 2925 innumera

2091 2965 2338 3036 quotidie
2382 2964 2588 3020 ﬂebant
2643 2963 2919 3032 sepulcra.
2982 2960 3113 3017 Haec
3152 2967 3572 3016 auctoramenta
3617 2970 3673 3015 et

2096 3060 2341 3130 praemia,
2389 3057 2570 3113 edicta
2628 3065 2820 3112 contra
2878 3069 2981 3110 nos
3028 3053 3314 3124 proposita
3353 3053 3582 3122 gloriosi
3619 3061 3676 3107 et

2019 3170 2062 3230 ο
2095 3149 2403 3222 arrOgantis
2436 3148 2721 3204 Maximini
2770 3156 2901 3203 sunt
2948 3154 3268 3202 consecuta.
3301 3144 3421 3212 Qua
3457 3152 3671 3213 tempe-

2092 3251 2234 3297 state
2295 3240 2456 3297 multi
2517 3251 2836 3296 nostrorum
2905 3240 3194 3295 hominum
3250 3237 3468 3307 egregia
3530 3251 3674 3290 vera:

2091 3334 2318 3403 pietatis
2378 3348 2492 3387 suae
2545 3330 2775 3387 edidere
2835 3329 3190 3384 documenta.
3258 3326 3672 3381 Humanitatem

2091 3425 2239 3479 enim
2289 3438 2444 3477 suam
2478 3421 2845 3484 declarantes,
2881 3419 3146 3474 cadavera
3179 3428 3301 3488 quae
3338 3416 3543 3486 passim
3594 3417 3678 3472 in—

2090 3513 2304 3583 sepulta
2328 3513 2586 3583 jacebant
2610 3510 2789 3580 (erant
2813 3524 2877 3564 ea
2908 3524 3071 3578 quam
3109 3509 3363 3580 plurima)
3394 3523 3518 3563 cum
3540 3523 3676 3563 cura

2090 3601 2635 3673 sepeliebantzquos
2665 3614 2798 3655 vero
2855 3599 3027 3654 fames
3084 3607 3357 3664 vexasset,
3409 3599 3492 3654 eis
3547 3612 3679 3654 con-

2090 3693 2333 3765 gregatis
2391 3706 2562 3762 panes
2609 3691 2984 3760 alimentaque
3011 3689 3117 3745 alia
3152 3689 3519 3759 praebebant,
3574 3706 3673 3758 pro

2093 3784 2414 3839 facultatum
2447 3783 2661 3837 scilicet
2688 3783 2867 3852 capia.
2890 3782 3049 3838 Unde
3088 3783 3246 3851 longe
3281 3781 3501 3852 lateque
3531 3780 3674 3835 fama

2092 3876 2328 3931 celebris
2363 3876 2431 3930 de
2479 3874 2639 3929 nobis
2684 3874 2928 3944 vulgata,
2970 3872 3134 3945 482
3165 3888 3288 3943 quae
3316 3888 3385 3929 ex
3417 3873 3678 3930 omnibus

2095 3967 2219 4023 aliis
2281 3966 2603 4024 hominibus
2657 3981 2801 4021 verse
2867 3966 3093 4036 pietatis
3150 3966 3444 4036 cultusque
3501 3956 3677 4022 divi-ni

2094 4061 2313 4117 laudem
2366 4062 2529 4117 nobis
2573 4060 2792 4125 tribuit,
2836 4071 2893 4115 et
2921 4059 3363 4115 Christianorum
3399 4060 3679 4128 inspecto-

419 4156 606 4222 μάτων
630 4193 646 4220 ,
683 4154 914 4226 μάστιγι
964 4154 1252 4225 χρώμενον
1306 4155 1363 4206 ἐν
1401 4152 1578 4224 καιρῷ
1615 4152 1987 4224 περιστάσεων

2097 4165 2214 4205 rem
2270 4159 2694 4221 curatoremque
2740 4149 3025 4206 Christum
3077 4149 3365 4219 magnifice
3409 4148 3677 4204 laudavit.

415 4248 512 4316 τῆς
552 4246 664 4301 τῶν
704 4247 922 4300 οίκείων
964 4246 1305 4318 ἐπιστροφῆς
1347 4245 1548 4299 ἕνεκα.⁹
1602 4245 1743 4312 μετά
1782 4262 1847 4313 γε
1890 4245 1987 4316 μὴν

2096 4243 2360 4299 Cladibus
2393 4244 2515 4299 istis
2546 4243 2808 4314 peractis,
2859 4243 3054 4298 salutis
3093 4243 3260 4315 Deuzs,
3292 4250 3442 4298 tutor
3469 4252 3526 4299 et
3552 4257 3679 4312 pro.

416 4337 516 4407 τὴν
545 4337 879 4407 ἀποχρῶσαν
904 4336 1160 4390 παιδείαν
1185 4336 1344 4389 ῖλεων
1371 4335 1648 4405 ἐνορῶντα
1679 4336 1775 4388 καὶ
1804 4349 1987 4404 πατρι-

2098 4344 2371 4406 pugnator
2413 4344 2620 4401 noster,
2672 4342 2897 4390 ostensa
2944 4336 3081 4389 satis
3111 4342 3169 4389 ct
3201 4334 3453 4390 exhibita
3508 4335 3591 4388 ira
3624 4344 3679 4388 et

418 4432 536 4493 xw,
586 4422 667 4490 οἷς
719 4428 858 4496 πρὸς
905 4428 1068 4487 αὑτὸν
1112 4427 1183 4480 τὰ
1230 4427 1331 4498 τῆς
1382 4424 1596 4488 ἐλπίδος
1647 4425 1987 4495 ἐστήρικται.

2099 4426 2481 4496 indignatione
2509 4440 2628 4489 sua,
2663 4441 2763 4496 per
2787 4440 2879 4480 eas
2909 4442 3047 4495 quas
3079 4427 3354 4483 cumulate
3377 4426 3680 4481 immiserat

418 4519 608 4587 Ὅπως
638 4520 694 4571 δὲ
722 4517 884 4571 τοῦτο
914 4517 1093 4587 σοφῶς
1123 4518 1455 4588 διῳκήσατο,
1487 4516 1641 4570 ἔνθεν
1672 4517 1801 4587 ἐρῶ.

2105 4516 2483 4581 calamitates,
2521 4526 2748 4586 propter
2800 4518 3171 4587 pertulantem
3216 4516 3678 4586 temerariamque

415 4614 466 4667 ei
514 4613 718 4668 illatam
774 4613 1061 4681 iniuriam,
1117 4598 1533 4682 susceptasque‘
1574 4612 1841 4667 adversus
1890 4625 1991 4666 nos
2032 4610 2743 4682 inimicitias,providentia
2779 4627 2880 4667 sua
2951 4612 3160 4667 laetiora
3226 4612 3388 4668 nobis
3416 4613 3680 4683 allulgcre

420 4717 663 4775 tempora
693 4704 846 4768 fecit,
878 4714 934 4760 et
964 4715 1087 4775 post
1112 4706 1310 4760 densas
1344 4705 1604 4761 tenebras
1673 4706 1848 4761 lucem
1920 4704 2257 4761 ineffabilem
2327 4715 2535 4776 pacatae
2596 4706 3012 4776 tranquillitatis
3037 4706 3293 4776 praebuit.
3323 4707 3401 4761 Eo
3431 4708 3679 4776 profecto

420 4813 666 4870 tempore
711 4810 864 4854 certo
895 4798 1235 4854 declaratum
1269 4808 1373 4868 est,
1428 4798 1597 4853 Deum
1635 4800 1815 4869 ipsum
1862 4808 2234 4868 spectatorem
2302 4810 2359 4856 et
2430 4801 2840 4857 moderatorem
2909 4815 3031 4856 esse
3100 4814 3284 4854 rerum
3336 4809 3676 4871 nostrarum,

418 4896 510 4961 qui
546 4893 766 4960 quidem
817 4892 1029 4961 ﬂagello
1062 4890 1117 4944 in
1157 4889 1569 4953 aﬂlictionibus,
1614 4890 1996 4945 conversionis
2033 4891 2523 4962 castigationisque
2552 4907 2778 4948 suorum
2845 4891 3040 4962 gratia,
3070 4890 3284 4945 utitur:
3345 4892 3677 4947 coercitione

417 5000 600 5043 :utem
633 4998 686 5044 et
714 4987 870 5058 quasi
913 4986 1226 5055 disciplina,
1292 5000 1392 5055 pro
1457 4999 1524 5040 co
1577 4993 1743 5055 atque
1796 4988 1957 5043 decet
2007 4998 2066 5045 et
2124 4988 2368 5059 expedit,
2415 5001 2632 5059 peracta
2661 5028 2675 5055 ,
2733 4988 3151 5059 perhumaniter
3205 4999 3262 5044 et
3303 4999 3533 5059 paterae
3582 5004 3680 5043 eos

419 5083 668 5151 respicit,
746 5081 840 5151 qui
893 5095 1047 5149 spem
1121 5079 1315 5133 salutis
1367 5080 1576 5133 firtnam
1634 5079 1689 5133 in
1761 5095 1828 5135 eo
1869 5081 2192 5138 collocatam
2252 5081 2477 5136 habent.
2535 5082 3009 5148 Quemadmodum
3040 5090 3225 5137 autem
3273 5082 3329 5137 id
3399 5082 3677 5150 Sapienter

421 5191 654 5246 prorsus
705 5176 1067 5246 disposuerit,
1107 5183 1164 5230 et
1210 5174 1425 5241 fecerit,
1485 5174 1671 5230 dicere
1725 5175 1994 5248 deinceps
2015 5178 2307 5236 constitui.

996 5292 1248 5345 ΚΕΦΛΛ.
1284 5289 1413 5342 ΚΘ’.

427 5386 483 5439 Ὠ
492 5407 521 5453 ς
544 5391 574 5441 ὁ
610 5389 800 5458 μέγας
828 5386 1283 5458 Κῳγσοαντῖνος
1308 5382 1414 5458 τὸν
1441 5382 1511 5435 ἐν
1548 5380 1741 5458 Ῥώμῃ
1762 5400 1995 5458 -τυραντ

487 5453 713 5513 rosam
744 5457 1081 5518 Μαξέντιον
1123 5453 1540 5521 ἐτροπώσατο·
1586 5455 1852 5520 ὁπηνίκα
1889 5455 1990 5507 καὶ

490 5530 597 5583 τὸν
620 5531 782 5585 θεῖον
809 5530 1080 5594 σταυρὸν
1105 5525 1659 5592 κατηστερισμένον
1675 5524 1743 5577 ἐν
1759 5525 1993 5592 οὐρανῷ

490 5601 803 5655 ἐθεάσατο.

2557 5259 2565 5265 ’
2657 5290 2884 5347 CAPUT
2923 5292 3112 5347 xxrx.

2106 5385 2169 5442 Ut
2230 5399 2448 5452 magnus
2486 5382 2865 5439 Constantinus
2908 5385 2973 5437 de
3029 5384 3321 5449 Maxentio,
3356 5385 3445 5453 qui
3501 5381 3680 5438 Rxmnz

2171 5454 2499 5524 tyrannidem
2570 5456 2835 5517 exercuit,
2896 5456 3237 5524 triumphari!
3268 5494 3282 5514 ,
3337 5471 3456 5507 cum
3518 5459 3680 5509 etiam

2171 5530 2377 5593 signum
2417 5534 2615 5579 sancta:
2669 5528 2838 5579 crucis
2896 5525 3064 5579 steliis
3108 5540 3385 5579 coruscant
3444 5526 3500 5578 in
3551 5526 3680 5579 ca'lo

2171 5598 2321 5649 vidit.
3602 5604 3605 5606 ’

2174 5707 2359 5761 Roma:
2398 5707 2547 5760 cives
2568 5720 2697 5760 suos
2738 5704 3078 5768 fmdissimis.
3106 5723 3225 5777 qua:
3247 5706 3511 5769 dixinms,
3542 5708 3678 5762 fri-

2104 5800 2331 5855 noribus
2374 5798 2641 5853 atterebat
2676 5797 2982 5853 Maxentius
3006 5840 3019 5864 ,
3051 5801 3289 5855 llorcnlii
3326 5800 3487 5857 filius.
3521 5804 3673 5867 Quod

490 5715 615 5789 Εἶχε
669 5716 766 5785 μὲν
812 5715 905 5767 ἐπὶ
938 5712 1158 5783 Ῥώμης
1200 5710 1262 5763 τὸ
1310 5710 1550 5779 ὑπήκοον
1596 5707 1862 5776 ἐκτρίὸων
1908 5705 1995 5771 αἷς

424 5808 603 5877 μικρῷ
634 5805 867 5878 πρὸαθεν
896 5804 1201 5873 εἰρήκαμεν
1225 5800 1641 5870 αίσχρουργξαις
1670 5798 1993 5867 Μαξέντιος,
