4052 6480
390 351 521 418 1271

1621 358 2051 420 NICEPHORI
2100 361 2455 424 CALLISTI

3520 366 3656 432 1272

382 474 474 527 ubi
501 470 899 531 Constantinus
924 470 1265 542 (frequentes
1290 485 1528 542 namque
1553 473 1619 526 ad
1644 487 1771 529 eum
1797 473 1969 530 Roma

2081 480 2104 532 ό
2130 478 2227 532 τοῦ
2259 475 2617 548 Ἑρκουλλίου
2646 477 2784 540 υἱός.
2817 478 2880 529 Ἀ
2915 475 3035 546 δῆτ’
3060 475 3276 531 ἀκούων
3308 478 3336 531 ό
3367 479 3655 533 Κωνστανο

378 564 678 621 veniebant
731 572 1005 629 oratores,
1054 580 1124 620 ne
1157 564 1349 621 urbem
1378 582 1499 621 eam
1563 567 1961 638 imperatorum

379 666 616 712 matrem
673 656 1008 726 despiceret,
1067 672 1206 713 neve
1264 657 1344 714 ita
1401 675 1433 713 a
1494 659 1798 716 saevissima
1850 659 1965 716 fera

378 753 586 806 vastari
638 761 966 821 pateretur,
1022 750 1268 821 orantes)
1325 753 1608 824 cognovit,
1663 753 1964 809 admodum

378 854 465 898 est
501 844 580 898 ira
614 856 945 907 commotus,
996 844 1348 914 graviterque
1398 852 1563 901 tantas
1622 845 1969 916 indignitatis

382 934 582 989 famam
617 935 762 990 tulit.
810 933 945 989 Nam
974 937 1071 1006 qui
1102 951 1170 991 ex
1221 938 1543 1008 prmscripto
1578 948 1635 993 et
1678 939 1966 994 voluntate

380 1023 477 1078 Dei
518 1024 731 1090 vivunt,
774 1025 899 1080 aliis
936 1026 1140 1081 illatam
1176 1042 1332 1083 suam
1379 1043 1503 1084 esse
1535 1037 1796 1098 reputant
1822 1028 1967 1100 inju-

380 1118 537 1171 riam.
575 1119 653 1171 Ac
681 1118 920 1187 primum
952 1134 1050 1188 per
1080 1120 1298 1177 litteras
1323 1121 1625 1177 admonere
1649 1132 1705 1177 et
1735 1136 1965 1192 persua-

352 1210 511 1264 .dcre
540 1209 837 1275 Maxentio,
866 1222 925 1266 ut
953 1228 984 1266 a
1015 1221 1125 1267 tam
1158 1212 1384 1268 nefariis
1408 1212 1715 1269 sceleribus
1752 1227 1812 1268 se
1842 1214 1966 1269 abs—

381 1301 621 1367 tineret,
662 1305 852 1375 coepit.
891 1305 958 1361 Ut
997 1314 1183 1360 autem
1223 1319 1287 1360 ea
1345 1321 1405 1361 re
1457 1305 1597 1361 nihil
1632 1305 1766 1377 egit,
1813 1320 1966 1359 arma

378 1395 485 1450 sibi
518 1396 787 1452 sumenda
815 1412 959 1459 esse.
1010 1407 1067 1453 et
1116 1398 1375 1470 injuriam
1426 1398 1757 1454 aﬂlictorum
1785 1398 1971 1469 quoad

379 1499 568 1558 posset
649 1489 1040 1545 vindicandam
1096 1491 1382 1561 judicavit.
1458 1490 1649 1562 itaque
1711 1490 1967 1546 exercitu

381 1591 593 1651 parato,
653 1585 709 1638 in
750 1583 964 1639 Italiam
1026 1582 1317 1640 contendit
1351 1602 1366 1639 :
1399 1599 1513 1641 non
1552 1594 1658 1639 tam
1697 1593 1966 1656 apparatu

378 1676 510 1755 belli
552 1691 719 1746 quam
754 1676 1049 1746 omnigena
1101 1676 1196 1731 Dei
1226 1686 1507 1731 armatura
1543 1676 1874 1731 instructus.
1908 1673 1968 1729 ld

380 1771 473 1827 ubi
503 1770 811 1825 Maxentius
854 1770 1147 1834 intellexit,
1198 1768 1452 1825 nefandis
1496 1769 1837 1839 magicarum
1877 1782 1966 1822 ar-

382 1863 518 1918 tium
557 1863 881 1933 imposturis
923 1861 1098 1931 magis
1125 1877 1293 1932 quam
1330 1862 1536 1916 civium
1571 1858 1963 1915 benevolentia
1993 1839 2042 1902 Β

380 1952 645 2017 conlisus,
671 1970 741 2009 ne
765 1963 921 2009 extra
951 1950 1147 2009 urbém
1174 1954 1401 2024 quidem
1424 1951 1681 2023 progredi
1722 1952 1963 2022 primum

378 2058 460 2105 est
494 2064 684 2104 ausus.
734 2048 960 2105 lnsidiis
992 2059 1177 2104 autem
1213 2048 1520 2113 collocatis,
1564 2049 1817 2119 locisque
1864 2049 1967 2104 im-

383 2142 521 2211 perii
563 2142 840 2212 plerisque
892 2142 1255 2198 circumcirca
1304 2153 1644 2198 armatorum
1678 2141 1966 2198 hominum

383 2230 640 2298 praesidio
694 2230 977 2301 imposito,
1014 2234 1205 2302 copias
1232 2232 1368 2288 alias
1397 2232 1667 2289 adversus
1697 2233 1968 2290 Constan—

384 2324 559 2376 tinum
610 2322 784 2377 misit.
837 2324 1003 2395 483
1041 2325 1135 2380 Ille
1167 2341 1336 2396 porro
1398 2341 1510 2381 uno
1571 2338 1738 2397 atque
1789 2328 1967 2383 altero

382 2415 575 2486 prazlio
608 2427 799 2471 contra
833 2418 1051 2489 tyranni
1084 2418 1388 2474 exercitum
1431 2420 1628 2485 victor,
1660 2420 1718 2474 in
1757 2419 1967 2476 Italiam

383 2508 705 2579 longissime
734 2526 1085 2585 pr0gressus,
1130 2512 1198 2567 ad
1230 2513 1425 2569 urbem
1474 2514 1706 2570 Romam
1741 2514 1969 2586 propius

381 2602 616 2659 accedit.
651 2603 730 2659 Ne
780 2612 964 2660 autem
994 2606 1159 2661 unius
1211 2606 1472 2663 Maxentii
1504 2622 1672 2663 causa
1700 2622 1827 2663 cum
1859 2606 1969 2662 Ro-

383 2696 562 2751 manis
613 2698 876 2753 omnibus
924 2698 1131 2754 bellum
1173 2715 1368 2771 gerere
1429 2715 1661 2756 necesse
1713 2700 1967 2766 haberet,

384 2786 739 2842 inenarrabili
771 2789 1010 2859 quadam
1050 2791 1298 2861 potentia
1349 2791 1494 2847 Deus
1531 2800 1823 2861 tyrannum
1850 2791 1972 2848 lon-

381 2879 507 2952 gius
562 2891 716 2936 extra
785 2881 941 2938 urbis
1001 2893 1190 2953 portas
1239 2883 1523 2955 produxit.
1574 2884 1672 2939 ille
1728 2897 1973 2953 namque

384 2984 551 3043 ponte
609 2989 675 3029 ex
730 2974 964 3030 navibus
1011 2990 1178 3045 super
1233 2989 1301 3030 eo
1348 2975 1578 3031 ﬂumine
1600 2976 1748 3046 quod
1778 2975 1970 3031 urbem

386 3066 729 3136 prmterlluit,
756 3068 812 3121 in
845 3083 958 3138 quo
1011 3068 1178 3122 etiam
1232 3068 1375 3123 alius
1417 3082 1553 3138 pons
1593 3069 1690 3139 qui
1752 3068 1974 3124 Milvius

2074 569 2244 633 τίνος,
2277 566 2503 622 πυκνῶν
2532 564 2747 620 ἐκεῖθεν
2781 566 3066 637 πρέσϐεων
3096 566 3173 626 ὡς
3205 566 3367 621 αὐτὸν
3396 570 3656 635 ἀφικνουο

2078 663 2281 733 μένων,
2325 663 2422 718 καὶ
2465 661 2541 734 μὴ
2581 662 2679 733 τὴν
2721 664 2832 717 τῶν
2877 660 3146 733 βασιλέων
3190 662 3405 734 μητέρα
3435 661 3656 735 Ῥώμην

2076 758 2345 828 περιιδεῖν
2389 757 2497 811 ὑπὸ
2540 756 2638 810 τοῦ
2690 755 2855 827 θηρὸς
2902 754 3047 809 οὔτω
3095 755 3497 826 λυμαινομένην
3539 756 3654 809 ίκεο

2075 851 2367 915 τενόντων,
2400 848 2610 921 σφόδρα
2640 845 2707 921 ἦν
2739 848 3045 919 ἀσχάλλων,
3079 849 3174 903 καὶ
3200 850 3257 902 ἐν
3286 848 3442 919 δεινῷ
3470 849 3658 902 ποιού-

2078 958 2238 1011 μενος
2291 942 2520 996 διετόλει
2568 942 2668 1012 τὴν
2720 941 2911 1012 φήμην
2939 957 2954 972 ο
3001 944 3116 1004 τοῖς
3165 942 3276 1011 γὰρ
3324 941 3457 1004 ζῶσι
3509 941 3652 995 κατὰ

2074 1034 2208 1088 θεὸν
2238 1034 2421 1090 οἰκεία
2451 1039 2485 1107 ἡ
2517 1036 2626 1088 τῶν
2660 1035 2849 1097 κακῶς
2881 1033 3202 1105 πασχόντων
3231 1033 3412 1089 ἀδικία
3441 1033 3653 1101 λελόγι-

2077 1143 2225 1182 σται.
2255 1127 2457 1197 Πρῶτα
2490 1128 2589 1197 μὲν
2612 1119 2713 1182 οὖν
2734 1126 3039 1197 γράμματα
3069 1126 3327 1190 στέλλων,
3354 1126 3654 1193 ἐπανάγειν

2075 1221 2338 1289 ἐπειρᾶτο
2358 1262 2372 1285 ,
2403 1220 2496 1273 καὶ
2522 1223 2631 1273 τῶν
2659 1221 2883 1289 φαύλων
2913 1218 3095 1292 ἔργων
3126 1219 3374 1275 ἐκποδὼν
3404 1219 3653 1275 ἵστασθαι

2077 1312 2377 1383 παρηγγύα
2404 1330 2417 1345 ο
2447 1314 2523 1375 ὠς
2552 1313 2598 1366 δ’
2623 1307 2788 1386 ἦττον
2813 1313 2977 1383 ἧνυεν
3000 1351 3016 1377 ,
3046 1312 3225 1366 ὃπλων
3254 1311 3515 1368 ἅπτεσθαι
3542 1306 3656 1367 δεῖν

2076 1403 2353 1472 ἐλογίζετο
2375 1444 2389 1471 ,
2425 1408 2520 1458 καὶ
2548 1409 2657 1468 τοῖς
2694 1405 2996 1476 πάσχουσιν
3024 1404 3099 1468 ὡς
3134 1404 3411 1475 ἐγχωροῦν
3441 1405 3653 1474 ἐπαμύ-

2078 1515 2211 1552 νειν.
2244 1498 2354 1549 Καὶ
2381 1498 2445 1567 δὴ
2481 1497 2714 1569 στρατὸν
2743 1498 3004 1568 ἀθροίσας
3033 1501 3099 1568 τῇ
3138 1498 3344 1569 Ἰταλίᾳ
3374 1499 3649 1566 ἐφίστατο,

2076 1593 2136 1645 οὐ
2171 1592 2327 1645 τόσον
2362 1591 2569 1658 ὅπλοις,
2605 1591 2728 1645 ὅσον
2762 1594 2829 1662 τῇ
2866 1592 2932 1649 ἐκ
2965 1590 3104 1645 Θεοῦ
3142 1591 3444 1663 παντευχίᾳ
3479 1590 3654 1645 καθω-

2077 1686 2395 1755 πλισμένος.
2429 1686 2496 1739 ’0
2535 1684 2724 1755 μαθὼν
2758 1687 2785 1738 ὁ
2820 1684 3150 1749 Μαξέντιος,
3183 1686 3302 1746 ταῖς
3334 1683 3651 1756 ἑπιῤῥήτοις

2081 1778 2444 1849 μαγγανείαις
2472 1779 2570 1831 καὶ
2599 1777 2880 1848 γοητείαις
2913 1776 3077 1831 πλέον
3107 1777 3139 1846 ἢ
3168 1779 3233 1847 τῇ
3264 1777 3374 1830 τῶν
3401 1775 3653 1847 ὑπηκόων

2070 1868 2256 1938 εὐνοία
2319 1866 2575 1938 θαρρὦ,
2632 1864 2742 1919 οὐδ’
2777 1866 2902 1919 ὅσον
2958 1863 3051 1918 τοῦ
3114 1864 3309 1928 ἄστεος
3373 1863 3652 1935 προελθεῖν

2072 1961 2297 2030 ἐτόλμα.
2333 1958 2613 2019 Ὁπλίταις
2644 1957 2701 2011 δὲ
2739 1958 2973 2026 μυρίοις,
3012 1955 3187 2026 λόχοις
3222 1973 3280 2008 τε
3314 1958 3407 2009 καὶ
3443 1954 3655 2024 στρατῷ

2070 2051 2179 2106 τῶν
2215 2048 2538 2121 περικύκλῳ
2578 2051 2761 2118 πάσης
2804 2047 2981 2117 ἀρχῆς
3025 2045 3451 2117 πεφραγμένος,
3491 2047 3657 2115 προῦ-

2072 2147 2257 2216 πήντα
2284 2143 2363 2214 τῷ
2394 2142 2813 2211 Κωνσταντίνῳ.
2854 2138 2913 2194 Ὀ
2941 2139 2998 2193 δὲ
3030 2141 3129 2208 τὴν
3158 2139 3382 2209 πρώτην
3414 2140 3507 2193 καὶ
3535 2136 3655 2192 δευ-

2071 2238 2238 2307 τέραν
2268 2232 2577 2304 παράταξιν
2608 2232 3038 2303 τροπωσάμενος
3072 2230 3165 2285 τοῦ
3196 2232 3462 2302 τυράννου
3483 2270 3498 2295 ,
3532 2233 3655 2285 επι-

2074 2331 2328 2384 πλεῖστον
2361 2330 2484 2381 ὅσον
2515 2326 2616 2395 τῆς
2654 2324 2886 2387 Ἰταλίας
2924 2324 3120 2393 ἐπέϐη.
3158 2325 3253 2378 καὶ
3289 2324 3525 2394 ἄγχιστα
3557 2324 3654 2392 τῆς

2086 2425 2306 2496 Ῥώμης
2354 2421 2593 2490 ἐγένετο.
2648 2415 2864 2482 Εἷθ⁹ὠς
2916 2416 2993 2488 μὴ
3039 2409 3133 2469 τοῦ
3182 2417 3444 2486 τυράννου
3499 2416 3657 2486 χάριν

2085 2515 2381 2588 Ῥωμαίοις
2428 2511 2798 2580 ἀναγκάζοιτο
2849 2508 3132 2578 πολεμεῖν,
3183 2508 3315 2571 Θεὸς
3363 2507 3659 2578 ἀπορρήτῳ

2074 2613 2185 2667 τινὶ
2227 2607 2521 2677 δυναστείᾳ
2564 2606 2776 2659 ἐκεῖνον
2820 2601 3161 2675 πορρωτάτω
3202 2600 3388 2655 πυλῶν
3428 2600 3654 2666 ὲξεῖλκε.

2074 2707 2257 2762 Ναυσὶ
2302 2702 2412 2774 γὰρ
2456 2697 2789 2771 γεφυρώσας
2831 2696 2923 2751 τὸν
2966 2694 3355 2765 παραρρέοντα
3395 2695 3460 2763 τῇ
3505 2692 3658 2745 πόλει

2076 2797 2344 2868 ποταμὸν,
2376 2799 2433 2849 ὲν
2461 2788 2506 2861 ᾧ
2534 2793 2628 2846 καὶ
2652 2792 2685 2860 ἡ
2708 2789 2946 2843 Φουλϐία
2972 2786 3248 2854 λεγομένη
3275 2786 3394 2838 ἐστὶ
3422 2784 3655 2853 γέφυρα,

2078 2893 2343 2963 ὑπεξάγει
2377 2890 2476 2957 μὲν
2507 2887 2601 2942 τὸν
2635 2886 2891 2953 στρατὸν,
2920 2884 3017 2936 καὶ
3045 2879 3196 2942 ὅλαις
3228 2877 3429 2949 ὁρμαῖς
3456 2876 3533 2946 τῷ
3564 2873 3659 2944 βα-

2079 2990 2219 3043 σιλεῖ
2248 2984 2582 3054 άντεφέρετο
2608 2997 2622 3012 ο
2656 2977 3073 3036 Κωνσταντίνος
3103 2972 3173 3027 δι’
3194 2974 3252 3025 ὲν
3286 2969 3531 3040 φροντίδι
3562 2985 3658 3021 κα-

2079 3082 2330 3142 θίστατο,
2360 3075 2477 3139 πῶς
2505 3073 2574 3127 τὰ
2601 3072 2703 3141 τῆς
2736 3071 2920 3141 μάχης
2947 3066 3209 3136 άποὸαίη,
3238 3063 3330 3119 καὶ
3357 3063 3442 3126 τίς
3471 3060 3658 3131 βοηθὸς

383 3161 590 3217 dicitur
617 3171 971 3217 constructus
1004 3169 1128 3227 est,
1177 3173 1297 3217 arte
1351 3162 1587 3232 quadam
1633 3171 1691 3218 et
1751 3160 1968 3217 fallacia

2081 3172 2231 3242 αὖτῷ
2271 3171 2508 3239 γένοιτο.
2552 3164 2667 3221 Καὶ
2704 3163 2823 3233 δῆτ’
2846 3158 3248 3230 ἀνελάμϐανεν,
3289 3156 3365 3219 ὡς
3407 3155 3558 3209 οὐδέν
3598 3169 3660 3220 γε

383 3255 657 3321 confecto,
693 3256 995 3311 exercitum
1027 3254 1241 3323 eduxit,
1275 3265 1332 3311 et
1365 3270 1491 3312 eum
1528 3270 1727 3325 magno
1761 3255 1970 3326 impetu

2081 3267 2129 3321 οἱ
2154 3282 2224 3318 πε
2232 3264 2286 3337 pl
2312 3256 2702 3331 Διοκλητιανδν
2725 3255 2934 3310 ὤναντο
2958 3255 3069 3314 τοῖς
3100 3248 3260 3319 Ἑλλή
3270 3265 3373 3301 νων
3396 3245 3663 3337 τεθαρῤηο

385 3350 653 3405 adversus
685 3347 1107 3403 Constantinum
1152 3356 1238 3404 est
1280 3363 1627 3420 progressus.
1650 3348 1972 3405 Constanti-

385 3457 488 3496 nus
534 3435 700 3510 porro
748 3439 817 3494 de
861 3447 1064 3493 eventu
1116 3437 1243 3493 belli
1286 3437 1523 3494 sollicite
1572 3437 1872 3509 cogitabat,
1919 3448 1976 3493 et

386 3548 680 3606 quemnam
714 3531 821 3587 sibi
872 3532 1185 3603 adiutorem
1226 3531 1522 3587 advocaret
1560 3530 1971 3587 considerabat.

388 3628 512 3683 llaec
536 3629 614 3682 illi
654 3626 941 3681 meditanti
972 3625 1028 3680 in
1068 3636 1307 3680 mentem
1341 3624 1529 3690 venit,
1568 3623 1974 3679 Diocletianum

384 3721 633 3791 quidem,
666 3719 761 3791 qui
796 3718 1111 3775 Graecorum
1148 3718 1544 3790 superstitione
1575 3716 1683 3772 diis
1722 3715 1978 3787 plurimis

387 3816 562 3871 fretus
604 3814 795 3878 fuerit,
849 3814 992 3884 nihil
1043 3814 1295 3885 adjutum
1356 3827 1519 3868 esse:
1577 3820 1790 3882 patrem
1843 3826 1978 3866 vero

386 3924 546 3964 suum
593 3907 950 3963 Constantem
994 3907 1153 3977 longe
1186 3905 1404 3962 felicius
1444 3906 1615 3961 vitam
1650 3905 1853 3976 egisse,
1880 3902 1978 3974 qui

385 4011 600 4056 mature
676 3999 993 4055 Graecorum
1049 3999 1305 4070 religioni
1366 3998 1625 4053 nuntium
1681 3996 1976 4053 remiserit.

385 4092 738 4162 Quapropter
785 4100 1076 4161 paternum
1129 4092 1323 4154 Deum,
1380 4089 1703 4159 quicunque
1757 4086 1976 4143 tandem

386 4196 555 4251 esset,
589 4196 651 4240 ut
678 4198 736 4237 se
769 4185 1093 4253 respiceret,
1129 4182 1491 4252 dextramque
1526 4181 1633 4237 sibi
1664 4182 1717 4236 in
1757 4179 1981 4250 pericu-

388 4281 460 4334 lis
519 4276 949 4333 imminentibus
1007 4275 1361 4348 porrigeret,
1420 4290 1489 4330 ex
1554 4276 1751 4330 intimo
1808 4272 1980 4329 animi

388 4371 591 4426 aﬂ‘ectu
628 4369 938 4425 humillime
984 4369 1266 4425 invocavit
1295 4385 1308 4422 :
1356 4368 1408 4423 id
1439 4366 1589 4438 quod
1618 4366 1686 4421 ad
1723 4381 1842 4422 rem
1873 4377 1982 4422 sta-

392 4466 488 4521 tim
517 4474 603 4520 est
637 4464 923 4519 collatum.
962 4463 1273 4519 Meridiano
1326 4463 1476 4519 enim
1514 4471 1762 4533 tempore
1795 4461 1902 4516 iter
1927 4460 1978 4515 ei

2077 3333 2244 3421 κότες
2268 3355 2412 3415 θεοῖς
2436 3368 2450 3382 ·
2484 3354 2511 3405 ὁ
2540 3350 2599 3404 δὲ
2629 3347 2819 3416 πατὴρ
2854 3340 3023 3399 αὐτοῦ
3058 3340 3320 3401 immota;
3353 3333 3665 3405 εὐδαιμονέ-

2082 3467 2274 3521 στερον
2323 3448 2416 3502 τὸν
2473 3445 2587 3516 βίον
2635 3443 2894 3511 διήνεγκε
2944 3436 3015 3490 τὰ
3058 3434 3167 3488 τῶν
3208 3431 3479 3501 Ἐλλήνων
3530 3428 3665 3521 θρη-

2082 3519 2303 3598 σκειῖιειν
2358 3539 2519 3601 εὐθὺς
2576 3533 3002 3604 παρωσάμενος.
3040 3526 3237 3581 Ἔνθεν
3289 3541 3374 3579 τοι
3430 3522 3524 3575 καὶ
3573 3519 3664 3573 τὸν

2082 3632 2339 3704 πατρῷον
2384 3629 2518 3684 Θεὸν
2564 3629 2713 3688 ὅστις
2761 3624 2898 3678 ποτε
2942 3616 3032 3693 ἦν,
3084 3615 3332 3686 λιπαρῶς
3381 3612 3665 3668 ἐποτνιᾶτο

2081 3724 2392 3796 ἐποφθῆναί
2435 3723 2519 3787 oi,
2558 3722 2656 3774 καὶ
2694 3718 2875 3782 δεξιὰν
2910 3718 3027 3777 ταῖς
3071 3709 3467 3781 προκειμέναις
3507 3722 3664 3776 περι-

2085 3822 2309 3875 στάσεσι
2351 3817 2683 3888 παρασχεῖν.
2717 3814 2783 3866 Ὃ
2824 3811 2961 3879 δῆτα
3001 3808 3095 3862 καὶ
3132 3805 3270 3877 πρὸς
3310 3803 3473 3873 ἔργον
3505 3798 3665 3861 εὐθὺς

2083 3911 2355 3979 ὲξέὸαινε.
2389 3909 2525 3979 Περὶ
2555 3905 2665 3976 γὰρ
2698 3901 3054 3974 μεσημϐρίαν
3082 3897 3321 3952 ὁδεύοντι
3351 3894 3568 3962 σύναμα
3597 3891 3663 3961 τῇ

2086 4003 2219 4072 περὶ
2249 4000 2416 4056 αὐτὸν
2446 3997 2707 4069 στρατιᾷ,
2738 3993 2836 4047 τοῦ
2869 3990 3022 4062 ἡλίου
3054 3989 3193 4058 πρὸς
3220 3986 3435 4056 δυσμὰς
3461 3982 3667 4036 κλίνον-

2083 4113 2209 4160 τος,
2247 4092 2434 4162 θαῦμά
2467 4109 2519 4144 τι
2554 4090 2650 4145 καὶ
2684 4090 2934 4157 κρεῖττον
2968 4086 3001 4155 ἢ
3033 4083 3215 4149 λέγειν
3245 4080 3523 4133 τεθέαται,
3557 4077 3666 4129 Πυ-

2090 4190 2183 4259 ρδς
2215 4187 2326 4258 γὰρ
2362 4182 2551 4246 στῦλος
2583 4183 2679 4235 καὶ
2713 4180 2892 4251 φωτὸς
2925 4178 3087 4246 αἴγλη
3123 4176 3364 4244 διαέριος
3397 4175 3479 4236 είς
3509 4186 3667 4259 σταυτ

2092 4256 2187 4350 ροῦ
2215 4256 2389 4330 τύπον
2417 4269 2862 4343 σχηματισθεῖσα
2893 4268 3188 4337 γράμμασι
3219 4259 3576 4330 Ῥωμαϊκοῖς,
3601 4256 3667 4350 ὃς

2087 4345 2339 4437 άστέρων
2384 4364 2517 4418 ἴσων
2559 4359 2974 4421 ἐντυπωθείσιν,
3014 4357 3114 4409 Ἑν·
3152 4355 3344 4416 τούτῳ
3388 4351 3550 4409 νίκα.
3594 4345 3671 4415 τῷ

2091 4461 2495 4531 Κωνσταντίνῳ
2576 4456 2769 4525 σαφῶς
2821 4454 3133 4526 διηγόρευε.
3183 4446 3455 4517 Τεθηπότι
3506 4444 3551 4498 δ’
3581 4439 3673 4496 οὖν

390 4574 515 4613 cum
549 4556 799 4611 exercitu
853 4572 955 4612 suo
994 4557 1253 4619 facienti,
1309 4557 1427 4612 sole
1472 4557 1585 4625 jam
1633 4554 1974 4611 occidentem

2091 4558 2187 4611 καὶ
2226 4551 2601 4613 sumnon
2644 4552 2756 4612 τοῖς
2803 4547 3137 4617 ὁρωμένοις,
3181 4542 3231 4594 οἱ
3287 4534 3671 4608 συμπαρόντες

393 4666 585 4706 versus
618 4661 901 4721 vergente,
949 4650 1276 4706 miraculum
1312 4650 1489 4719 majus
1515 4664 1681 4719 quam
1717 4647 1827 4703 dici
1856 4661 1984 4717 pos—

387 4744 481 4807 sit,
517 4743 763 4798 oblatum
808 4754 895 4800 est
927 4766 938 4800 :
969 4744 1130 4815 ignea
1163 4744 1376 4798 scilicet
1425 4743 1704 4805 columna,
1739 4749 1796 4795 et
1840 4739 1984 4793 lucis

391 4834 573 4905 fulgor
603 4835 658 4889 in
688 4849 820 4892 aere
856 4837 1044 4891 crucis
1073 4835 1307 4890 formam
1345 4834 1620 4896 referens,
1654 4847 1779 4903 quae
1806 4830 1983 4887 stellis

389 4928 699 4999 aequalibus
725 4929 780 4983 in
809 4929 1129 4984 Latinarum
1164 4929 1472 4985 litterarum
1497 4929 1729 4998 figuram
1757 4938 1984 4995 expres-

389 5021 491 5086 sis,
521 5020 889 5076 Constantino
916 5022 1066 5077 clare
1086 5020 1113 5074 1
1120 5040 1153 5076 n
1181 5021 1278 5075 hoc
1311 5022 1461 5075 uince
1487 5018 1834 5075 ostendebat.
1863 5017 1982 5082 Qua

389 5128 451 5168 re
507 5122 926 5179 consternatus,
960 5115 1108 5184 quod
1162 5114 1231 5170 de
1265 5114 1479 5169 visione
1513 5129 1578 5169 ea
1627 5127 1815 5169 secum
1867 5112 1985 5181 ipse

388 5206 720 5277 ambigeret,
757 5206 964 5263 amicos
991 5206 1086 5277 qui
1114 5222 1301 5261 secum
1334 5216 1518 5269 erant,
1538 5220 1606 5259 an
1634 5205 1737 5276 ipsi
1760 5218 1984 5274 quoque

390 5297 539 5369 idem
592 5295 869 5361 viderent,
928 5306 1325 5367 percunctatus
1374 5306 1460 5349 cst
1493 5314 1505 5348 :
1543 5295 1693 5364 quod
1747 5294 1826 5349 illi
1856 5307 1980 5348 cum

392 5387 779 5455 alﬁrinassent,
831 5403 994 5443 noete
1049 5390 1293 5457 proxima
1341 5387 1598 5443 Christus
1624 5386 1672 5442 ei
1710 5402 1816 5439 una
1856 5400 1982 5440 cum

388 5483 668 5538 horrendo
699 5482 791 5537 illo
817 5482 976 5551 signo
1003 5497 1278 5551 apparens
1298 5482 1397 5551 (l),
1436 5481 1542 5535 tale
1573 5480 1836 5550 quiddam
1862 5493 1985 5535 eum

390 5576 595 5635 facere.
624 5581 790 5642 atque
810 5573 885 5628 im
913 5574 1119 5643 praeliis
1144 5573 1402 5643 praeferre
1427 5573 1589 5644 jussit
1619 5591 1632 5639 ;
1669 5573 1785 5629 fore
1813 5572 1986 5636 enim,

388 5677 449 5724 ut
481 5683 580 5737 per
608 5666 663 5721 id
691 5683 887 5723 omnes
923 5668 1171 5722 vinceret
1217 5667 1422 5723 bosws.
1464 5666 1530 5722 Et
1577 5664 1987 5737 quamprimum

464 5852 535 5922 U)
580 5853 778 5909 Euseb.
814 5855 912 5910 lib.
942 5870 977 5908 ι.
1019 5855 1086 5908 {Ec
1124 5852 1236 5909 Vita
1272 5853 1551 5945 ‘Constam.

2085 4645 2553 4705 ἀνεπυνθάνοντο.
2591 4645 2641 4697 εί
2684 4644 2778 4696 καὶ
2814 4641 2971 4694 αὐτοὶ
3001 4639 3102 4707 τῆς
3139 4637 3260 4704 ἴσης
3297 4631 3427 4692 θέας
3460 4629 3673 4682 ἐπαπο-

2083 4741 2363 4796 λαύουσιν.
2404 4740 2490 4802 Ὠς
2525 4737 2582 4791 δὲ
2620 4737 2866 4790 κάκεῖνοι
2903 4731 3224 4794 συνέθεντο,
3259 4724 3451 4785 νυκτὸς
3487 4722 3675 4785 ἐπιγε-

2088 4837 2353 4906 νομένης,
2398 4830 2689 4900 ὲπιφανεὶς
2729 4831 2758 4882 ὁ
2802 4826 3040 4895 Χριστος
3080 4823 3296 4891 σύναμα
3338 4816 3417 4887 τῷ
3461 4810 3675 4906 φρικτῷ

2088 4904 2287 4996 ἐκείνῳ
2316 4925 2552 4996 σημείῳ,
2583 4921 2828 4975 τοιοῦτόν
2856 4937 2911 4972 τι
2942 4918 3142 4986 δρᾶσαι
3173 4909 3549 4973 ἁνεκελεύετο,

2087 4988 2267 5092 τούτω
2294 4988 2436 5075 κατὰ
2464 4988 2565 5088 την
2593 5015 2777 5085 μάχην
2806 5011 3211 5084 προηγουμένῳ
3240 5002 3497 5077 χρῆσθαι,
3613 4988 3675 5051 οὗ

2089 5088 2294 5165 ἐσεῖται
2325 5110 2534 5170 πάντας
2563 5103 2906 5175 χειροῦσθαι.
2936 5102 3089 5169 ’Ἅμα
3118 5098 3174 5151 δὲ
3203 5096 3390 5167 ἡμέρα
3417 5088 3674 5158 πειθόμε-

2088 5223 2179 5269 νος
2201 5205 2278 5275 τῷ
2297 5200 2558 5276 χρησμῷ,
2577 5198 2824 5254 τοιοῦτόν
2847 5215 2901 5249 τι
2925 5197 2990 5249 ὲκ
3012 5191 3218 5266 χρυσοῦ
3240 5185 3640 5247 κατεσκεύαζεν
3656 5196 3670 5209 ·

2089 5300 2118 5352 ὃ
2143 5301 2238 5353 καὶ
2276 5298 2462 5367 μέχρι,
2478 5295 2574 5348 νῦν
2607 5295 2723 5356 τοῖς
2759 5289 3057 5361 βασιλείοις
3093 5287 3186 5338 τὸν
3218 5282 3410 5353 χρόνον
3443 5278 3676 5346 ὑπερτε-

2091 5394 2300 5464 ρῆσαν.
2329 5388 2840 5459 παραφυλάττεται.
2872 5385 2938 5436 'O
2968 5376 3375 5451 διαγράψασθαι
3406 5373 3501 5425 καὶ
3530 5369 3675 5464 λόγω

2090 5462 2299 5541 δίκαιον
2322 5485 2559 5555 ἥγημαι.
2591 5479 2829 5550 ’Υψηλὺν
2852 5478 2979 5548 δόρυ
3009 5472 3198 5545 χρυσῴ
3226 5462 3678 5533 κατεσκευασμέ-

2089 5595 2181 5631 νον
2213 5577 2383 5647 κέρας
2417 5572 2564 5646 εἶχεν
2593 5572 2926 5641 ὲγκάρσιον,
2957 5569 3034 5629 εἰς
3071 5561 3310 5635 σταυροῦ
3346 5559 3532 5632 σχῆμα
3561 5556 3673 5647 δια-

2093 5671 2454 5743 τυπούμενον.
2496 5669 2641 5724 "Avo:
2671 5667 2725 5720 δὲ
2759 5664 2891 5736 πρὸς
2918 5663 2992 5732 τῷ
3019 5659 3110 5714 τοῦ
3143 5660 3347 5720 παντὸς
3376 5656 3530 5729 ἄκρῳ
3558 5646 3676 5705 στέ-
