4052 6468
490 417 629 480 1279

1724 409 2157 472 NICEPHURI
2201 372 2560 472 cuius“

3623 402 3767 469 1280

486 542 806 585 nostrorum
835 527 1200 599 perveniant,
1240 526 1647 583 constitutione
1678 542 1709 582 τι
1756 537 1810 582 te
1841 526 2074 598 publici-
2105 566 2113 588 ι

2217 529 2308 591 οὺς
2362 527 2671 598 ἡμετέρους
2719 522 3073 597 ἐπαρχιώτας
3126 520 3398 595 προσήκει
3449 520 3761 575 ἀνακαλεῖν.

489 633 579 677 tus
614 622 899 694 proposita
929 636 1127 676 curare
1162 620 1415 677 debebis.

1038 914 1267 971 CAPUT
1307 913 1529 970 XXXII.

493 1013 568 1067 De
595 1010 852 1081 precipiti
898 1009 1241 1081 perversitate
1285 1016 1335 1060 et
1380 1015 1525 1081 motu
1571 1005 1853 1061 Maximini
1898 1014 2084 1060 contra

916 1080 1326 1134 Constantinum
1377 1077 1660 1149 Magnum.

569 1251 696 1306 Haec
765 1266 917 1305 cum.
956 1250 1032 1304 ita
1091 1264 1202 1305 non
1262 1264 1331 1304 ex
1396 1248 1696 1312 sententia,
1746 1249 1840 1304 sed
1891 1262 2086 1319 magna

495 1345 833 1400 neressitate
866 1343 1148 1399 adductus
1178 1340 1532 1406 mandasset,
1563 1340 1792 1395 minime
1823 1341 1975 1396 visus
2004 1351 2091 1394 est

497 1450 628 1487 vera
666 1435 853 1488 dicere
875 1478 889 1502 ,
920 1433 1004 1488 eis
1027 1433 1123 1503 qui
1158 1432 1212 1485 in
1248 1431 1448 1487 animis
1484 1432 1600 1487 suis
1629 1431 2086 1495 considerabant,

497 1529 665 1598 paulo
692 1542 820 1582 eum
854 1535 983 1579 ante
1007 1538 1106 1594 per
1130 1523 1327 1595 judicii
1355 1522 1442 1577 sui
1476 1524 1905 1578 inconstantiam
1929 1524 2093 1593 longe

503 1622 611 1675 alia
649 1636 715 1674 ac
748 1620 974 1673 diversa
1001 1617 1377 1672 constituisse.
1418 1616 1769 1687 Quapropter
1799 1633 1962 1674 nemo
1991 1633 2092 1688 pu-

508 1713 653 1767 blice
685 1719 994 1765 conventus
1025 1723 1249 1776 cogere,
1292 1722 1455 1762 nemo
1495 1708 1673 1763 libere
1703 1724 1828 1778 qua;
1861 1709 2091 1779 legitimi

505 1804 692 1858 cultus
718 1802 896 1858 nostri
929 1812 1064 1857 sunt
1097 1817 1360 1872 peragere
1394 1801 1653 1856 audebat.
1691 1803 1883 1873 Neque
1914 1804 1968 1858 id
2002 1819 2094 1858 rc-

505 1901 775 1969 scriptum
803 1901 984 1969 ipsum
1015 1898 1263 1963 volebat.
1301 1898 1449 1967 quod
1482 1897 1840 1953 securitatem
1878 1905 2091 1949 tantum

506 1994 671 2048 nobis
713 1992 781 2047 ab
819 1992 1039 2064 injuriis
1064 2001 1121 2048 et
1154 1992 1513 2047 contumeliis
1559 1988 1904 2046 concedebat
1944 1988 2091 2042 :mi-

508 2084 657 2137 nime
689 2094 872 2137 autem
919 2091 1226 2137 conventus
1272 2097 1460 2153 agere,
1509 2080 1728 2135 divinas
1763 2081 1958 2134 domos
1999 2094 2095 2133 ex-

462 2248 465 2249 ,
508 2185 749 2240 struere,
781 2185 840 2231 et
870 2176 975 2231 alia
1005 2191 1129 2246 qua:
1154 2175 1315 2231 solita
1352 2184 1730 2245 consuetaque
1767 2174 1930 2228 nobis
1965 2184 2099 2228 sunt

508 2270 695 2323 facere
730 2267 1088 2338 permittebat
1135 2286 1147 2320 :
1188 2282 1314 2321 cum
1364 2267 1586 2338 quidem
1635 2281 1699 2321 ea
1738 2266 1923 2320 omnia
1956 2281 2100 2322 verm

510 2359 736 2429 pietatis
769 2362 1034 2430 pacisque
1082 2366 1288 2413 nostra;
1323 2359 1435 2411 dux
1468 2366 1524 2413 et
1558 2365 1754 2411 auctor
1799 2358 2101 2428 imperator

512 2454 935 2520 Constantinus,
987 2468 1097 2507 una
1150 2467 1277 2506 cum
1333 2449 1574 2516 Licinio,
1629 2450 1834 2506 litteris
1882 2449 2000 2505 suis
2031 2448 2102 2504 ad

510 2558 638 2597 eum
666 2558 973 2614 omnesque
1002 2542 1203 2598 ditioni
1232 2552 1289 2597 et
1316 2543 1553 2612 imperio
1587 2557 1783 2596 eorum
1816 2542 2104 2613 subjectos

512 2638 749 2708 populos
776 2636 942 2705 datis,
968 2636 1335 2707 permisisset.
1372 2637 1646 2693 Caeterum
1677 2635 1847 2705 impio
1878 2637 1957 2692 illi
1988 2637 2105 2692 haec

514 2728 868 2800 displicuere,
920 2730 1179 2798 quamvis
1227 2737 1418 2797 postea
1468 2728 1654 2783 divina
1687 2729 1932 2783 vindicta
1973 2742 2105 2783 coa-

517 2830 679 2883 ctus.
736 2820 825 2875 vel
866 2821 1077 2875 invitus
1124 2822 1494 2891 eadem'quaa
1544 2820 1623 2876 illi
1670 2820 2102 2883 constituerant,

520 2914 739 2968 sancire
793 2928 1021 2969 necesse
1085 2914 1362 2970 habuerit.
1415 2915 1703 2984 l’razcipua
1753 2923 1940 2968 autem
1988 2915 2110 2984 ejus

518 3006 794 3061 vecordia:
826 3021 993 3061 causa
1033 3015 1186 3072 erat,
1220 3005 1369 3075 quod
1411 3006 1851 3077 magnitudinem
1890 3006 2107 3077 imperii

522 3096 676 3166 quod
722 3096 772 3150 ei
811 3090 1106 3165 obtigerat,
1138 3096 1287 3151 ferre
1314 3104 1479 3165 atque
1515 3097 1798 3152 sustinere
1833 3112 1943 3152 non
1986 3112 2113 3166 pos-

2129 1841 2233 1928 ΒΥ

2199 1935 2229 1968 τ

2179 622 2302 676 Ἵνα
2331 620 2390 675 δὲ
2419 619 2558 690 αῦτη
2592 618 2751 690 ἡμῶν
2780 619 2814 688 ἠ
2846 617 3096 683 κέλευσις
3121 618 3204 680 είς
3231 615 3433 685 γνῶσιν
3454 614 3564 667 τῶν
3591 617 3765 681 ἐπαρ-

2180 716 2395 786 χιωτῶν
2428 715 2723 785 ἡμετέρων
2751 712 2907 785 ἔλθη,
2948 711 3284 780 διατάγματι
3319 706 3424 761 ὑπὸ
3453 706 3545 759 σοῦ
3572 721 3767 775 προτε-

2183 808 2333 862 θέντι
2368 808 2429 861 τὸ
2462 805 2901 873 κεκελευσμένον
2930 801 3142 870 ὀφείλει
3181 797 3446 869 δηλῶσαι.
3482 814 3500 848 ι

2751 920 3008 975 ΚΕΦΑΛ.
3049 914 3175 972 AB’.

2186 988 2474 1087 Περί-τῆς
2500 1017 2588 1081 είς
2619 1008 2936 1087 προῦπτον
2984 1007 3359 1087 διαστροφῆς
3400 1005 3500 1087 καί
3550 1005 3771 1085 ἐπαγ(τί

2257 1077 2533 1153 otiosam
2566 1077 2911 1153 Μάξιμίνου
2948 1079 3100 1134 κατὰ
3138 1077 3606 1133 Κωνσεαντίνου
3664 1077 3768 1127 τοῦ

2257 1157 2563 1228 Μεγάλου.

2260 1260 2429 1314 Ταῦτ’
2459 1260 2521 1314 οὐ
2552 1260 2695 1313 κατὰ
2723 1256 2976 1327 γνώμην,
3011 1253 3147 1306 ἀλλὰ
3173 1253 3270 1307 καὶ
3301 1251 3511 1322 σφόδρα
3539 1250 3773 1321 ἠναγκα-

2192 1353 2409 1423 σμένως
2459 1350 2939 1419 διακελευόμενος,
3002 1345 3255 1415 οὐδαμῶς
3306 1342 3539 1413 τάληθὲς
3596 1341 3775 1405 λέγειν

2192 1448 2396 1517 ἐῴκει,
2429 1445 2492 1498 τὸ
2522 1445 2628 1515 πρὸ
2661 1441 2898 1514 βραχέος
2951 1438 3120 1492 αὐτοῦ
3153 1434 3526 1506 ἐννοουμένοις
3575 1432 3776 1501 παλίμ-

2193 1538 2350 1593 ϐολον
2385 1540 2485 1609 τῆς
2513 1538 2745 1606 γνώμης
2791 1537 2887 1589 καὶ
2919 1535 3176 1588 ἄστατον.
3206 1528 3401 1582 Τοίνυν
3454 1528 3556 1580 οὐκ
3593 1527 3651 1578 ἐν
3696 1523 3774 1593 τῷ

2194 1632 2416 1705 φανερῷ
2444 1649 2526 1695 τις
2554 1631 2780 1702 ἐθάρρει
2812 1626 3095 1694 συνάγειν,
3126 1623 3222 1677 καί
3247 1640 3300 1676 τι
3332 1621 3443 1675 τῶν
3466 1619 3776 1689 ἀνηκόντων

2195 1729 2261 1798 τῇ
2302 1724 2573 1797 θρησκείᾳ
2597 1722 2928 1791 ἐλευθερίως
2957 1721 3134 1772 ποιεῖν
3156 1732 3172 1773 τ
3198 1715 3324 1769 ἐπεί
3356 1714 3440 1766 τοί
3483 1729 3547 1781 γε
3571 1711 3686 1764 οὐδὲ
3716 1710 3776 1777 τὸ

2242 1824 2435 1894 ράμμα
2461 1819 2615 1874 ταῦτ’
2641 1817 2824 1890 ἤθελε.
2856 1814 2930 1867 Τὸ
2950 1815 3007 1867 δὲ
3041 1810 3455 1882 ἀνεπηρέαστον
3478 1804 3630 1876 ἡμῶν
3655 1805 3778 1856 ἐπι-

2236 1917 2402 1986 ρὲπον
2447 1913 2609 1979 δῆθεν
2667 1908 3110 1980 παρεκελεύετοο
3144 1903 3205 1957 οὐ
3263 1900 3371 1973 μὴν
3402 1898 3497 1952 καὶ
3530 1895 3779 1955 συνόδους

2204 2007 2551 2078 συγκροτεῖν,
2589 2004 2771 2065 θείους
2823 2018 2883 2055 τε
2932 2001 3117 2061 οἴκους
3173 1994 3444 2064 ἐγείρεινο
3477 1990 3570 2043 καὶ
3607 1986 3778 2078 τᾷλλα

2203 2095 2303 2149 ὅσα
2332 2077 2467 2165 ἡμῖν
2488 2088 2717 2146 εἰωθότα
2732 2086 2876 2162 ἦσαν
2896 2105 2912 2121 ⁸
2947 2089 3041 2141 καὶ
3068 2085 3243 2140 ταῦτα
3265 2082 3359 2136 τοῦ
3380 2081 3482 2151 τῆς
3502 2077 3782 2140 εὐσεϐείας

2204 2193 2301 2244 καὶ
2322 2189 2547 2259 εἰρήνης
2583 2187 2718 2255 ἡμῖν
2746 2180 2991 2254 ἀρχηγοῦ
3023 2178 3290 2251 βασιλέως
3331 2173 3548 2243 σύναμα
3574 2171 3652 2240 τῷ
3681 2169 3778 2223 Λι-

2206 2280 2366 2351 κινίῳ
2403 2279 2471 2330 τὰ
2520 2276 2726 2330 τοιαῦτ’
2755 2274 3154 2340 ἐπιτρέποντος
3184 2270 3299 2332 τοῖς
3341 2261 3780 2331 καταπεμφθείσι

2212 2372 2450 2444 μάλιστα
2477 2370 2808 2440 γράμμασιν
2838 2364 2988 2435 αὑτῷ
3017 2380 3077 2416 τε
3105 2362 3204 2415 καὶ
3235 2361 3407 2412 πᾶσιν
3438 2352 3519 2420 οἷς
3548 2354 3651 2408 ὑπὸ
3673 2355 3784 2422 χεῖ-

2211 2480 2279 2537 ρα
2309 2463 2537 2532 γέγονεν
2559 2458 2726 2514 εἶναι.
2748 2460 2822 2513 Οὐ
2857 2458 2965 2530 μήν
3003 2473 3067 2525 γε
3096 2454 3176 2525 τῷ
3210 2450 3467 2507 δυσσεϐεῖ
3480 2444 3634 2501 ταῦτ’
3659 2447 3785 2516 ἠρε-

2212 2573 2311 2610 σκε
2340 2571 2354 2585 °
2389 2553 2493 2608 κᾶν
2527 2554 2585 2616 ἐς
2633 2551 2862 2623 ὓστερον
2895 2551 2961 2619 τῇ
2997 2546 3119 2618 θείᾳ
3158 2542 3620 2610 συνελαυνόμενος
3641 2538 3783 2607 δίκῃ,

2212 2650 2308 2705 καὶ
2333 2650 2486 2704 ἄκων
2516 2645 2587 2698 τὰ
2621 2645 2785 2714 ὃμοια
2813 2644 2907 2696 καὶ
2938 2640 3101 2702 αὐτὸς
3139 2640 3256 2701 τοῖς
3273 2633 3535 2706 κρατοῦσι
3567 2631 3784 2702 νομοθε-

2211 2745 2326 2798 τεῖν
2370 2740 2740 2813 ἠναγκάζετο.
2809 2731 3172 2804 Ἐκπεριῆλθε
3218 2730 3276 2783 δὲ
3324 2725 3476 2798 αὐτῷ
3508 2725 3655 2781 αίτία
3691 2722 3789 2813 μξν

2216 2807 2432 2903 πρώτη,
2459 2807 2655 2898 ὅτιπερ
2682 2826 2782 2897 οὐχ
2805 2820 2918 2887 οἷός
2957 2840 3017 2875 τε
3059 2817 3129 2892 ἦν
3159 2820 3352 2890 φέρειν
3382 2816 3444 2872 τὸ
3467 2815 3692 2887 μέγεθος
3719 2807 3790 2884 ἧς

2216 2925 2503 2995 ἐπετράπη
2550 2920 2727 2992 ἀρχῆς
2748 2936 2763 2950 ⁸
2808 2919 3012 2989 ἥκιστα
3043 2918 3099 2972 δὲ
3133 2917 3375 2985 σώφρονι
3407 2910 3674 2981 ἀγόμενος
3703 2906 3791 2959 λο-

2216 3016 2425 3088 γισμῷ,
2458 3011 2845 3085 ἀπειροκάλως
2876 3009 3143 3080 ἐνεχείρει
3193 3009 3306 3071 τοῖς
3342 3004 3655 3075 πράγμασι.
3683 3001 3789 3054 Φ)-

2220 3109 2426 3177 σήματι
2454 3105 2511 3159 δὲ
2540 3105 2776 3176 διακόνῳ
2807 3102 2909 3175 τὴν
2940 3103 3118 3174 ψυχὴν
3148 3100 3358 3175 ἀρθεὶς,
3391 3101 3491 3171 ἤδη
3524 3097 3618 3153 καὶ
3651 3094 3792 3150 κατὰ

524 3202 614 3245 set
646 3207 660 3245 ι
690 3174 1052 3259 quamobrem
1083 3189 1520 3260 cogitationibus
1552 3200 1609 3246 et
1643 3190 1898 3247 consiliis
1929 3188 2113 3244 Stultis

2217 3201 2327 3254 τῶν
2353 3199 2704 3269 κρατούντων
2724 3199 2821 3252 καὶ
2855 3197 3210 3270 ἀσυγκρίτοις
3254 3195 3480 3277 μὲτρρις
3504 3189 3792 3262 ὑπερεχόν-

527 3292 705 3347 actus,
757 3283 945 3352 inepte
994 3291 1052 3339 et
1110 3298 1404 3354 perperam
1461 3299 1550 3339 res
1590 3283 1842 3354 gerebat.
1886 3284 2007 3339 Jam
2057 3292 2113 3336 et

2217 3309 2351 3355 των,
2376 3291 2546 3361 γένει,
2598 3291 2902 3361 ἀνατροφῇ,
2944 3286 3188 3357 παιδείᾳ,
3247 3285 3460 3339 συνέσει
3510 3283 3604 3336 καὶ
3634 3279 3779 3347 asta

529 3372 681 3427 inani
722 3373 776 3427 in
809 3373 998 3429 animo
1033 3389 1136 3430 suo
1164 3373 1395 3431 inﬂatus
1432 3376 1775 3445 arrogantia,
1809 3391 1906 3445 per
1939 3382 2115 3429 teme-

528 3466 749 3521 ritatem
809 3475 864 3520 et
915 3458 1315 3523 conﬁdentiam
1366 3482 1649 3539 opponere
1693 3483 1753 3525 se
1809 3484 1980 3524 ausus
2029 3476 2117 3524 est

527 3558 984 3637 imperatoribus,
1017 3558 1115 3629 qui
1163 3576 1291 3615 eum
1340 3561 1534 3617 multis
1573 3568 1740 3631 atque
1771 3560 2121 3631 incompara-

529 3647 735 3703 bitibus
774 3648 954 3704 modis
1000 3650 1162 3721 longe
1210 3652 1616 3708 antecellebant
1648 3668 1850 3723 genere
1872 3692 1887 3717 ,
1918 3653 2121 3707 educa-

535 3741 709 3807 tione,
746 3742 1121 3809 institutione,
1159 3744 1483 3815 prodeuntia,
1514 3746 1804 3817 dignitate,
1832 3759 1962 3800 vera
1993 3759 2121 3816 erga

533 3834 706 3914 Deum
758 3835 988 3905 pietate,
1032 3845 1198 3907 atque
1237 3837 1291 3892 in
1344 3838 1515 3893 rebus
1553 3836 1816 3893 omnibus
1857 3835 2120 3903 otIiciosa,

532 3926 755 3982 decenti
802 3936 860 3983 et
914 3929 1200 3986 moderata
1254 3930 1425 3985 animi
1473 3929 1877 3986 constitutione
1930 3948 1945 3986 :
1999 3944 2123 3999 qua:

535 4019 776 4073 virtutes
822 4019 880 4083 in
919 4019 1002 4075 eis
1049 4028 1110 4074 ut
1143 4021 1438 4091 praecipuae
1483 4029 1542 4074 et
1591 4020 1831 4075 maxime
1879 4019 2126 4075 illustres

535 4127 651 4181 prae
687 4112 811 4166 aliis
857 4112 1093 4169 miriﬁce
1126 4113 1444 4170 elucebant.
1490 4114 1568 4168 Ac
1615 4113 1856 4181 primum
1896 4113 2124 4182 quidem

537 4203 596 4258 in
628 4204 811 4259 solitis
858 4220 982 4274 qua:
1015 4205 1238 4275 publice
1286 4205 1495 4260 ﬁebant
1537 4205 2035 4261 acclamationibus
2069 4212 2127 4260 et

535 4295 707 4361 votis,
748 4296 931 4366 primo
978 4298 1101 4353 loco
1147 4312 1209 4351 se
1254 4296 1562 4351 renuntiari
1607 4297 1823 4352 curavit
1871 4313 1885 4351 :
1926 4296 2127 4351 deinde

537 4395 723 4441 autem
752 4389 1052 4444 amentiam
1092 4390 1150 4444 in
1186 4389 1455 4443 insaniam
1486 4401 1730 4455 vertens,
1764 4389 1972 4444 futdera
2000 4403 2126 4443 cum

538 4480 754 4534 Licinio
786 4490 946 4536 antea
984 4491 1138 4552 pacta
1164 4485 1335 4553 rupit.
1368 4481 1435 4538 Et
1475 4498 1601 4538 eum
1627 4483 1684 4538 in
1715 4483 1903 4537 animo
1938 4495 2127 4538 secum

2200 3391 2377 3458 ⁸ματι,
2404 3387 2501 3439 καὶ
2527 3385 2594 3455 τῇ
2624 3382 2761 3453 πρὸς
2795 3382 2928 3436 Θεὸν
2957 3380 3231 3452 εὐσεϐείᾳ,
3268 3379 3363 3432 καὶ
3404 3376 3483 3446 τῷ
3511 3374 3598 3444 ἐφ’
3626 3376 3796 3428 ἅπασι

2216 3479 2458 3549 σώφρονι
2488 3479 2585 3530 καὶ
2637 3472 3066 3544 κατεσταλμένῳ
3117 3471 3223 3533 τῆς
3274 3469 3456 3539 ψυχῆς
3505 3465 3791 3547 numini].

2221 3587 2371 3643 ματι.
2411 3570 2478 3621 ’Δ
2509 3567 2574 3637 δή
2612 3583 2735 3620 τινα
2767 3565 2861 3619 καὶ
2904 3564 2979 3627 ώς
3007 3564 3280 3631 κορυφαῖα
3321 3558 3532 3621 τούτοις
3558 3558 3652 3611 καὶ
3679 3554 3798 3609 ἐπί-

2220 3678 2393 3733 σημα,
2430 3660 2539 3715 τῶν
2570 3658 2751 3715 ἄλλων
2797 3652 2939 3729 ἦσαν
2971 3654 3271 3725 ὑπερφυῶς
3299 3651 3696 3720 διαλάμποντα,
3718 3648 3801 3711 είς

2218 3753 2429 3824 τόλμην
2460 3753 2556 3805 καὶ
2591 3751 2796 3821 θράσος
2842 3746 3225 3820 ἀνηρεθίζετο.
3286 3744 3399 3798 Καὶ
3455 3740 3670 3812 πρῶτον
3701 3738 3802 3808 μὲν

2223 3846 2509 3901 ἐπιϐάλλει
2543 3845 2667 3906 ταῖς
2712 3841 2775 3909 ἐξ
2832 3840 2991 3903 ἔθους
3029 3838 3320 3909 δημοσίαις
3364 3836 3575 3906 φήμαις
3602 3831 3799 3902 ’πρώτιο⁸

2225 3957 2350 4004 στος
2405 3935 2877 4009 ἀναγορεύεσθαιο
2930 3934 3033 4007 τὴν
3081 3933 3126 3985 δ’
3175 3931 3439 3985 ἀπόνοιαν
3477 3930 3557 3991 είς
3606 3924 3801 3996 μανίαν

2225 4032 2529 4095 ἐπιτείνας,
2561 4030 2664 4093 τὰς
2710 4028 2993 4099 συνθήκας
3030 4026 3264 4089 διέλυεν,
3294 4022 3363 4087 ἃς
3395 4021 3534 4092 μετὰ
3564 4015 3802 4073 Λικινίου

2227 4122 2523 4190 πεποίηται
2553 4118 2844 4190 πρότερον.
2886 4115 2978 4168 Ἐν
3001 4114 3077 4185 νῷ
3100 4112 3159 4167 δὲ
3188 4111 3401 4182 βάλλων
3425 4112 3523 4164 καὶ
3565 4108 3628 4161 τδ
3664 4105 3805 4160 κατὰ

2225 4212 2534 4278 Μαξέντιον
2555 4210 2855 4281 γενόμενον
2885 4206 2976 4261 διὰ
2995 4207 3097 4278 τῆς
3125 4206 3220 4259 τοῦ
3244 4203 3484 4276 σταυροῦ
3506 4200 3806 4271 ἐνεργείας,

2227 4305 2288 4358 οὐ
2317 4304 2481 4373 μόνον
2512 4302 2657 4373 μετὰ
2705 4301 2817 4355 τῶν
2865 4299 3153 4371 βασιλέων,
3194 4296 3334 4353 ἀλλὰ
3358 4313 3423 4366 γε
3451 4294 3515 4365 δὴ
3565 4295 3658 4347 καὶ
3687 4289 3807 4345 κατ’

2228 4399 2396 4454 αὐτοῦ
2427 4397 2701 4460 ὡπλίζετο
2726 4394 2823 4450 τοῦ
2858 4395 3271 4466 σταυρωθέντος
3297 4389 3560 4463 Χριστοῦ.
3598 4388 3708 4442 Καὶ
3731 4387 3811 4449 εἰς

2233 4491 2399 4561 φόϐον
2445 4489 2785 4558 συνελαθεὶς,
2837 4489 2930 4543 τὸν
2959 4487 3105 4542 κατὰ
3157 4483 3505 4558 Χριστιανῶν
3537 4482 3630 4536 καὶ
3651 4475 3814 4540 αὖθις

538 4572 659 4637 ipse
706 4584 1011 4643 reputaret,
1049 4592 1171 4644 qua:
1201 4592 1300 4646 per
1338 4577 1448 4630 vim
1487 4584 1544 4631 et
1593 4576 1896 4655 etlicaciam
1944 4575 2113 4632 cruci:

2231 4583 2418 4654 ἡρέμα
2447 4581 2634 4653 ἀνίησι
2699 4580 2963 4650 διωγμόν.
2994 4648 2995 4651 η
3024 4577 3292 4649 Ὀπηνίκα
3342 4575 3529 4630 πολλοὶ
3579 4572 3677 4643 μιν
3719 4570 3815 4622 καὶ

545 4665 822 4722 Maxentio
859 4669 1212 4736 accederant,
1247 4669 1417 4743 589
1442 4686 1551 4725 non
1585 4670 1763 4726 szilum
1798 4681 1994 4725 contra
2028 4671 2131 4723 im-

540 4771 846 4828 peratores,
879 4776 1072 4816 verum
1105 4765 1273 4818 etiam
1314 4765 1583 4819 adversus
1615 4764 1941 4820 crucifixum
1969 4764 2132 4821 Chri-

2238 4674 2390 4730 ᾶλλοι
2415 4674 2756 4745 περιϐόητοι,
2790 4672 3098 4743 θαυμαστοὶ
3131 4687 3192 4724 τε
3221 4670 3318 4724 καὶ
3337 4668 3578 4738 γενναῖοι
3622 4661 3813 4733 ἄνδρες

2238 4767 2299 4819 τὸ
2326 4766 2421 4820 τοῦ
2447 4765 2754 4838 μαρτυρίου
2782 4765 3045 4833 διήνυσαν
3079 4763 3315 4817 στάδιον.

541 4862 688 4905 stum
725 4869 879 4908 arma
908 4857 1166 4926 sumpsit.
1208 4858 1278 4912 Et
1326 4868 1544 4913 terrore
1588 4866 1903 4928 correptos,
1935 4855 2204 4929 paulatim
2274 4873 2476 4915 rursus
2509 4858 2957 4930 persecutionem
3024 4855 3083 4909 in
3145 4853 3492 4908 Christianos
3547 4844 3811 4918 permisit.

543 4946 664 5013 Quo
703 4959 950 5018 tempore
993 4952 1151 5007 multi
1195 4968 1329 5010 sane
1361 4955 1678 5010 admirandi
1725 4961 1782 5009 et
1829 4954 2004 5010 fortes
2029 4954 2137 5010 viri
2176 4956 2233 5012 in
2264 4952 2512 5029 martyrii
2541 4956 2723 5013 stadio
2754 4965 2984 5010 strenue
3012 4968 3239 5010 cursum
3271 4961 3555 5022 peregere.

1083 5069 1316 5125 CAPUT
1358 5048 1605 5127 XXXIit.

542 5157 799 5227 Magnum
844 5158 1255 5236 Constantinum
1313 5162 1492 5217 Romae
1543 5181 1577 5218 a
1636 5163 1905 5236 Sglvestro
1944 5179 2130 5219 sacro-

849 5242 1035 5287 sancto
1071 5235 1332 5305 baptismo
1375 5236 1648 5289 initiatum
1693 5251 1825 5289 esse.

618 5325 905 5383 Haeceum
957 5329 1120 5384 divus
1167 5329 1474 5398 imperator
1522 5328 1924 5385 Constantinus
1976 5330 2140 5385 audi-

545 5422 737 5485 visset,
762 5433 929 5492 atque
953 5422 1009 5477 in
1038 5421 1237 5492 primis
1266 5422 1647 5491 cognovisset,
1677 5434 1739 5476 ut
1766 5423 1857 5478 ille
1887 5434 2136 5493 aperiam

553 5515 826 5571 adversus
889 5515 1245 5572 Christianos
1305 5516 1752 5587 persecutionem
1818 5514 2140 5581 renovarit,

551 5609 702 5680 quod
746 5623 776 5662 a
810 5624 987 5678 puero
1034 5610 1303 5666 malitiam
1335 5619 1395 5667 et
1436 5610 1645 5681 ﬂagitia
1678 5611 1863 5666 omnia
1909 5609 2137 5675 odisset,

552 5707 804 5762 animum
844 5707 1163 5778 despondit,
1198 5723 1370 5778 seque
1408 5708 1584 5778 ipsum
1616 5706 1768 5762 curis
1811 5704 2136 5773 maceravit,

555 5802 752 5855 seiulo
800 5801 1048 5870 cogitans
1098 5803 1381 5872 quomodo
1431 5800 1581 5856 hunc
1623 5816 1847 5871 quoque
1894 5816 1925 5853 c
1957 5800 2139 5853 medio

558 5895 753 5947 tottcrc
791 5903 995 5963 posset.
1027 5899 1206 5965 Atque
1240 5911 1369 5951 cum
1420 5895 1545 5951 talia
1595 5894 1979 5961 meditantem,
2012 5906 2139 5947 cum

2815 5073 3066 5128 ΚΕΦΑΛ.
3108 5072 3227 5124 AI".

2247 5168 2381 5224 Ὀτι
2408 5170 2480 5224 ἐν
2511 5169 2703 5237 Ῥώμῃ
2739 5170 2773 5221 ό
2819 5167 3010 5235 μέγας
3043 5161 3504 5237 Κωνσταςντῖνος
3527 5168 3686 5230 παρα
3711 5155 3816 5213 τοῦ

2554 5234 2730 5309 ἀπλίου
2756 5234 3098 5304 ἐϐαπτίσθη
3130 5234 3522 5300 Σιλὸἐστρου.

2316 5331 2488 5386 Ταῦθ’
2515 5333 2545 5385 ό
2573 5331 2845 5395 θειότατος
2880 5327 3139 5397 βασιλεὺς
3184 5323 3601 5385 Κωνσταντϊνος
3628 5321 3814 5374 ἑνωτι-

2244 5424 2494 5495 ζόμενος.
2526 5424 2621 5479 καὶ
2654 5422 2892 5496 μάλιστα
2929 5421 3005 5483 ὡς
3033 5421 3115 5482 είς
3162 5411 3441 5487 προῦπτον
3468 5411 3706 5467 ἀνεκίνει
3728 5411 3820 5465 τὸν

2242 5517 2512 5588 διωγμὸν,
2551 5517 2922 5587 μισοπόνηρος
2965 5509 3042 5564 ὢν
3067 5511 3132 5562 ἐκ
3158 5507 3366 5570 παιδὸς,
3404 5503 3702 5572 ἀπελὲγετο
3722 5499 3820 5571 τὴν

2243 5608 2448 5679 ψυχὴν.
2477 5608 2573 5663 καὶ
2606 5606 2804 5660 ἑαυτὸν
2833 5601 3187 5657 κατεδαπίινα
3221 5596 3529 5669 φροντίσιν,
3552 5595 3702 5656 ὅπως
3729 5593 3819 5645 καὶ

2247 5702 2439 5757 τοῦτον
2471 5705 2535 5756 ἐκ
2563 5701 2731 5770 μέσου
2755 5698 3059 5769 ποιήσειεν.
3086 5693 3246 5749 Οὕτω
3275 5693 3320 5746 δ’
3350 5691 3527 5763 ἔχοντι
3558 5688 3653 5742 καὶ
3670 5684 3822 5739 οὔπω

2246 5795 2344 5850 τοῦ
2378 5796 2527 5850 θείου
2551 5794 2845 5864 ἡξιωμένῳ
2866 5789 3278 5861 βαπτίσματος,
3314 5787 3469 5848 νόσος
3495 5799 3576 5845 τις
3625 5777 3819 5847 αἴφνης

2254 5891 2400 5961 «in?»
2456 5888 2714 5960 ἀκρατῶς
2740 5884 3186 5965 ἐπεισφρήσασκ,
3220 5879 3438 5951 πληγὴν
3472 5875 3533 5929 οὐ
3558 5867 3817 5944 σμικρὰν»
