4052 6444
284 459 413 528 1231

1201 468 1813 533 ECCLESIASTICrE
1850 470 2242 534 l'IlSTORL'E
2273 476 2421 535 LIB-
2468 476 2602 536 VII.

3411 475 3547 539 1282

273 577 466 640 δεινῶς
500 577 625 632 καθ’
675 577 803 631 ὅλου
846 578 942 633 τοῦ
995 579 1255 651 σώματος
1288 584 1711 655 ύφερπύσασαν,
1771 586 1851 639 καῚ

1973 585 2218 641 nondum
2261 603 2421 643 sacro
2470 588 2677 642 tinctus
2713 586 2907 642 fuisset
2952 588 3190 652 lavacro,
3239 603 3304 644 ex
3339 588 3546 656 impro-

272 669 396 722 ὅλον
433 669 700 740 ἄντικρυς
726 669 951 740 τραῦμα
979 670 1215 738 ἐδείκνυ,
1263 675 1359 728 καὶ
1388 675 1550 746 τέρας
1576 670 1689 729 οἷον
1720 676 1859 746 6ρὼ-

276 780 438 833 μενον
459 779 472 792 ’
500 763 705 816 πυκνόν
734 779 793 816 τε
841 762 1056 817 ἀνέσπα
1091 764 1156 816 τὸ
1198 766 1423 835 πνεῦμα
1456 769 1548 821 καὶ
1609 768 1855 838 συνεχὲς,

272 855 374 908 οὐκ
412 855 542 909 ἄνευ
575 854 758 906 πόνων
789 856 1319 926 κατασπερχόμενον
1340 873 1354 888 ο
1399 860 1495 911 καὶ
1529 859 1651 927 μετ’
1679 860 1859 929 όλίγον

272 948 450 1018 λέπρα
480 947 675 1016 βαθεῖα
724 948 866 1003 κατὰ
917 952 1122 1012 παντὸς
1155 950 1371 1020 ἐξήνθει
1426 953 1523 1004 τοῦ
1580 954 1857 1023 σώματος.

283 1042 412 1094 Ἐπὶ
440 1040 504 1110 δὴ
531 1042 596 1111 τῇ
630 1043 834 1111 ταύτης
863 1040 1140 1114 θεραπείᾳ
1189 1044 1374 1096 πολλοὶ
1410 1046 1507 1115 μὲν
1545 1046 1710 1115 μάγοι
1764 1046 1862 1099 xal.

273 1133 540 1199 ἑπαοιδοὶ,
579 1136 769 1205 καιὲκ
824 1137 1089 1205 Περσίδος
1119 1138 1175 1190 δὲ
1224 1138 1324 1191 οὐκ
1348 1138 1625 1208 ἐλάχιστοι
1661 1140 1862 1206 γόητες

273 1226 663 1295 παρεγένοντο,
699 1229 791 1279 καὶ
834 1229 1091 1281 τοσοῦτον
1124 1228 1367 1299 ὤνησαν,
1399 1231 1509 1300 ὅσῳ
1536 1232 1632 1285 καὶ
1659 1232 1862 1300 μᾶλλον

272 1319 372 1382 τὴν
406 1319 561 1371 νόσον
591 1317 857 1389 ηὐξησαν.
909 1321 1032 1373 Ἐπὶ
1067 1321 1130 1392 δὴ
1163 1323 1376 1386 τούτοις
1402 1323 1665 1395 Ἕλληνες
1704 1318 1861 1395 ἧκον,

271 1409 322 1463 οἲ
349 1413 414 1481 τῇ
446 1411 540 1464 τοῦ
579 1412 914 1482 κρατοῦντος
964 1413 1258 1483 μεταθέσει
1283 1415 1603 1486 ἀχθόμενοι,
1639 1415 1738 1488 τὴν
1774 1417 1864 1469 νό-

272 1520 366 1555 σον
425 1504 725 1573 εὑρηκότες
761 1505 1081 1573 ἐπίκουρον,
1128 1508 1267 1577 πρὸς
1300 1508 1531 1572 ἑαυτοὺς
1596 1509 1864 1578 μετάγειν

273 1593 575 1664 ἐπειρῶντο
606 1598 720 1658 τοῖς
762 1597 1224 1667 μαγγανεύμασι·
1275 1601 1371 1653 καὶ
1397 1601 1456 1653 ὲν
1480 1600 1557 1670 τῷ
1590 1602 1865 1654 Καπετω-

272 1685 372 1754 λίῳ
409 1685 802 1758 κολυμϐήθραν
828 1689 1030 1759 χρῆναι
1069 1692 1328 1758 γενέσθαι
1356 1693 1761 1761 ὲτερατεύοντο,
1795 1694 1862 1765 ἢν

270 1775 337 1845 δὴ
366 1776 626 1846 ἀφθιρων
680 1782 890 1834 παίδων
919 1784 1114 1852 αἵματι
1154 1785 1566 1854 πληρωθεῖσαν,
1594 1786 1685 1839 τὸν
1711 1787 1866 1855 βασι-

273 1868 371 1922 λέα
405 1870 746 1941 λουσάμενον
787 1876 843 1926 έν
878 1876 1060 1947 νεαρῷ
1095 1878 1190 1930 καὶ
1216 1877 1298 1931 ἔτι
1331 1879 1637 1946 ἀτμίζοντι,
1671 1881 1735 1933 ἐκ
1763 1880 1859 1933 τοῦ

1965 673 2082 729 viso
2113 677 2442 744 gravissime
2484 677 2758 746 aegritudo
2794 677 3044 747 quaedam
3093 688 3347 748 occupat,
3390 680 3548 749 plaga

1963 780 2115 823 certe
2162 768 2357 839 ingens
2387 778 2445 824 et
2477 769 2813 840 prodigiosa,
2849 786 2971 840 quae
3014 787 3112 840 per
3140 787 3344 841 corpus
3373 782 3548 826 tntum

1963 872 2213 927 serpens,
2239 868 2405 928 atque
2437 860 2672 930 idipsum
2698 862 3051 924 exulcerans,
3087 878 3153 917 ae
3180 864 3348 917 veluti
3375 879 3548 918 unum

1965 949 2167 1005 vulnus
2211 948 2480 1013 eﬁiciens,
2531 952 2837 1007 anhelitum
2889 953 3012 1022 ejus
3048 969 3208 1023 quem
3252 956 3449 1009 acerbe
3494 966 3549 1009 ct

1964 1042 2206 1112 graviter
2236 1043 2497 1108 ducebat,
2547 1044 2874 1114 frequenter
2903 1055 3070 1115 atque
3118 1048 3258 1101 adeo
3288 1050 3548 1103 continue

1965 1134 2276 1203 rumpebat,
2310 1145 2367 1189 et
2399 1136 2564 1204 paulo
2601 1147 2726 1206 post
2773 1136 2827 1191 in
2872 1137 3080 1206 lepram
3115 1139 3394 1195 radicibus
3437 1143 3547 1197 alto

1964 1226 2104 1280 actis
2155 1242 2390 1296 corpore
2450 1236 2563 1280 toto
2617 1228 2824 1285 evadit.
2879 1229 2960 1283 Ad
3016 1246 3182 1298 quam
3233 1233 3536 1286 curandam

1966 1317 2125 1372 multi
2156 1317 2298 1383 magi
2325 1328 2380 1373 et
2408 1318 2801 1387 incantatores,
2832 1321 2988 1375 multi
3020 1323 3184 1376 etiam
3210 1339 3278 1377 es
3314 1323 3538 1378 Perside

1965 1410 2201 1466 aderant
2227 1409 2576 1480 impnstores.
2621 1411 2684 1465 Hi
2721 1412 3121 1470 tantum'abest
3156 1423 3211 1468 ut
3241 1416 3543 1486 quidquam

1964 1502 2018 1556 ei
2058 1502 2392 1572 profuerint,
2423 1511 2483 1555 ut
2507 1502 2762 1569 morbum
2791 1504 2958 1567 etiam
2991 1504 3169 1573 ipsum
3194 1506 3541 1560 adauxerint.

1968 1593 2067 1649 His
2097 1593 2264 1649 etiam
2300 1594 2705 1664 superveniunt
2732 1594 2934 1660 Gr‘mci,
2968 1595 3060 1664 qui
3112 1596 3463 1665 imperatoris
3491 1598 3545 1651 in

1971 1684 2234 1755 religione
2272 1680 2635 1747 ittntationem
2669 1702 2813 1758 aegre
2854 1687 3121 1752 ferentes,
3161 1706 3259 1759 per
3290 1691 3545 1743 morbum

1965 1790 2121 1837 eum,
2191 1785 2452 1846 tanquam
2511 1791 2884 1849 Opportunum
2941 1779 3219 1848 quoddam
3279 1780 3546 1833 auxilium

1967 1867 2237 1935 oblatum,
2296 1868 2452 1922 illum
2514 1868 2836 1938 imposturis
2883 1871 3002 1926 suis
3059 1870 3130 1925 ad
3189 1881 3374 1940 partes
3414 1887 3545 1926 suas

275 1960 476 2031 ῥᾴστου
533 1967 923 2035 προχωρήσειν
967 1969 1065 2038 τὴν
1098 1969 1409 2040 κάθαρσιν
1459 1971 1634 2034 ἄλλως
1674 1972 1751 2035 δὲ,
1783 1975 1851 2043 μὴ

1969 1957 2295 2026 pertrahere
2324 1969 2596 2014 conantur
2630 1978 2644 2015 :
2686 1971 2739 2016 et
2771 1972 3076 2017 monstroso
3108 1963 3442 2027 ostendunt,
3487 1963 3538 2018 i1.

270 2047 383 2106 οἶόν
404 2070 464 2105 τε
501 2052 643 2107 εἶναι
679 2057 933 2121 ἀποξέειν
960 2061 1061 2128 τὴν
1107 2061 1342 2131 λέπραν.
1373 2063 1532 2117 Οὕτω
1577 2066 1657 2134 τῷ
1688 2066 1862 2136 καινῷ

270 2139 365 2194 τοῦ
401 2142 729 2211 πράγματος
754 2146 1162 2214 ἁπατήσαντες,
1196 2149 1264 2201 τὰ
1303 2148 1403 2218 μὲν
1425 2150 1605 2221 βρέφη
1645 2153 1710 2203 ἐκ
1762 2151 1857 2204 τοῦ

272 2234 462 2304 σχεδον
493 2234 699 2298 εὐθέως
725 2237 1084 2308 συνήθροιστο
1134 2240 1343 2311 ἄπειρα
1364 2258 1379 2273 ο
1413 2243 1488 2303 ὡς
1526 2244 1571 2295 δ’
1602 2246 1629 2296 ό
1665 2245 1861 2314 καιρὸς

269 2326 483 2396 ἐνέστη,
517 2326 614 2380 καὶ
643 2329 693 2380 οἱ
726 2328 913 2399 δήμιοι
962 2332 1102 2385 κατὰ
1132 2332 1499 2404 τ,ὦν,βρεφῶν
1532 2335 1856 2400 ὡπλίζοντο,

269 2419 453 2490 παρῆν
477 2420 533 2473 δὲ
564 2422 660 2474 καὶ
686 2423 713 2473 ό
745 2421 1026 2491 βασιλεὺς.
1046 2427 1102 2478 al
1126 2424 1235 2483 τῶν
1263 2428 1470 2482 παίδων
1504 2429 1741 2499 μητέρες
1767 2428 1860 2482 λύ-

267 2528 431 2564 σασαι
472 2513 569 2574 τὰς
604 2513 784 2582 κόμας
810 2515 906 2567 καὶ
940 2517 1151 2582 μαζοὺς
1188 2517 1478 2589 εὐκόσμως
1503 2522 1857 2590 παρυποφαί-

264 2619 451 2656 νουσαι
491 2608 1036 2675 στενοχωρουμένους
1067 2609 1146 2677 τῷ
1178 2609 1438 2679 γάλακτι,
1470 2611 1761 2680 ὀλολυγαῖς
1793 2631 1853 2667 τε

264 2695 360 2746 καὶ
392 2692 655 2765 ὀδυρμοῖς
690 2698 783 2750 τὸν
822 2700 966 2768 ἀέρα
1026 2690 1362 2757 ὲνέπίπλων.
1416 2703 1528 2772 Τὴν
1583 2706 1770 2762 αἰτίαν
1794 2705 1852 2759 δὲ

260 2786 371 2840 τῶν
404 2787 619 2858 θρήνων
645 2782 961 2863 διεγνωκὼς
994 2795 1023 2846 ό
1056 2794 1300 2861 κρατῶν,
1329 2795 1408 2866 τῷ
1442 2798 1726 2866 συμπαθεῖ
1752 2801 1852 2869 τῆς

262 2880 492 2957 γνώμης
530 2881 712 2965 ᾕττων
750 2885 1046 2954 γενόμενος
1101 2889 1129 2939 ό
1184 2887 1723 2959 φιλανθρωπότατος,
1760 2908 1852 2944 νο-

263 2973 395 3026 σείνι
414 2973 622 3044 μᾶλλον
659 2975 867 3046 ᾑρεῖτο,
904 2977 938 3048 ἢ
972 2978 1234 3047 ὑγιαίνων
1266 2980 1525 3034 τοσοῦτον
1563 2981 1735 3051 μύσος
1757 2983 1850 3053 ὲρ-

260 3061 561 3129 γάσασθαι.
626 3063 737 3116 Καὶ
789 3063 1048 3135 δακρύων
1112 3064 1366 3137 ἔμπλεως
1417 3069 1680 3138 γεγονὼς,
1736 3073 1849 3143 Τῆς

270 3152 584 3220 Ῥωμαίων,
611 3154 768 3223 φησὶ,
798 3154 1082 3225 βασιλείας
1114 3159 1148 3228 ἠ
1187 3159 1314 3225 ἀξία
1349 3164 1534 3231 πηγὴν
1565 3162 1662 3215 καὶ
1691 3149 1858 3233 ῥίζαν

256 3246 356 3312 τὴν
372 3244 658 3298 εὐσέϐειαν
685 3246 971 3317 κέκτηται.
1001 3249 1100 3301 Ἷν’
1125 3249 1218 3303 οὖν
1241 3252 1299 3318 ἐξ
1327 3252 1501 3323 αὐτῆς
1531 3270 1601 3323 με
1626 3253 1848 3325 τεχθέν-

256 3354 327 3390 τα
356 3339 524 3391 πᾶσιν
558 3339 847 3406 ἀποδείξω,
891 3340 992 3410 τὴν
1043 3341 1238 3410 ὑγείαν
1291 3345 1352 3396 ὲν
1389 3343 1630 3414 δευτέρῳ
1661 3344 1847 3398 ποιοῦο

260 3449 358 3500 μαι
397 3431 497 3501 τῆς
521 3431 630 3484 τῶν
666 3433 895 3486 ἀκάκων
928 3434 1138 3489 παίδων
1190 3436 1360 3506 ζωῆς.
1403 3454 1424 3487 s
1461 3437 1628 3491 Ταῦτ’
1647 3437 1843 3503 είπὼν,

257 3510 480 3590 εἰς’τὴν
517 3524 696 3576 οἰκίαν
756 3519 911 3588 αὖθις
945 3526 1263 3598 ἀνέτρεχεν,
1299 3528 1440 3600 asp;
1465 3529 1614 3582 δόσει
1658 3530 1719 3583 τὸ
1748 3547 1845 3582 πι-

257 3618 390 3685 κρὶν
427 3619 536 3670 τῶν
569 3620 828 3688 μητέρων
856 3621 1246 3690 περιαιρήσας.
1277 3621 1471 3693 Καὶδὴ
1504 3623 1696 3683 νυκτὸς
1720 3624 1844 3676 ἑπι-

255 3705 579 3776 γενομένης,
612 3709 706 3759 τὸν
739 3708 937 3777 ἔρανον
982 3708 1087 3778 τῆς
1138 3710 1510 3781 χρηστότητος
1560 3711 1842 3782 δρέπεται.

261 3799 464 3866 Πέτρος
497 3799 607 3868 γὰρ
630 3799 725 3850 καὶ
752 3799 966 3861 Παῦλος
989 3800 1039 3852 οἱ
1066 3803 1357 3871 κορυφαῖοι
1387 3802 1498 3856 τῶν
1525 3802 1846 3856 ἀποστόλων

257 3890 409 3960 αὐτῷ
436 3887 823 3956 ἐπιφαίνονται
859 3890 1064 3943 οὑτωσὶ
1107 3891 1437 3960 φάσκοντες·
1470 3892 1848 3947 Κωνσταντῒ-

256 3995 349 4045 νε,
388 3979 556 4048 ἡμεῖς
584 3980 776 4040 ἐσμεν
801 3980 1024 4050 Πέτρος
1055 3982 1152 4035 καὶ
1189 3981 1433 4049 Παῦλος
1464 3987 1517 4037 οι
1545 3984 1845 4053 πεμφθέν-

251 4088 356 4137 τες
388 4074 548 4141 παρὰ
599 4073 707 4126 τοῦ
742 4071 1051 4128 δεσπότου
1113 4076 1286 4140 Θεοῦ,
1324 4075 1544 4131 δοῦναί
1574 4092 1675 4131 om
1725 4092 1846 4131 σω-

253 4164 465 4231 τηρίας
496 4164 558 4217 τὸ
592 4164 927 4229 σύμϐολον.
947 4162 1083 4218 Εἶτα
1115 4167 1543 4238 παρηγγυῶντο,
1567 4170 1660 4221 τὶν
1694 4168 1846 4238 ἱερέα

251 4258 354 4322 τῆς
392 4257 604 4319 πόλεως
639 4256 968 4329 Σίλόεστρον
996 4259 1325 4329 ἀνιχνεύειν,
1345 4260 1475 4330 παρ’
1497 4253 1542 4328 ᾧ
1566 4261 1846 4333 κολυμόηο

254 4350 396 4418 θραν
427 4349 652 4414 ἐνεῖναι,
762 4347 1122 4419 λουσάμενον,
1165 4349 1363 4405 θᾶττον
1412 4352 1712 4424 ἀποτρίψοι
1744 4358 1844 4427 τὴν

254 4441 417 4493 νόσον
439 4456 455 4471 ⁶
483 4433 563 4504 οἷς
596 4439 859 4510 ἀφθόροις
898 4442 1062 4495 παισὶ
1093 4442 1154 4495 τὸ
1185 4441 1287 4514 ζῇν
1321 4446 1641 4516 ἐχαρίσατο.
1678 4447 1766 4512 Ὠς
1797 4446 1842 4502 δ’

252 4536 461 4605 ἀνῆκεν
503 4536 534 4588 ό
571 4532 741 4597 ὐπνος
778 4534 967 4598 αὐτὸν,
1018 4536 1368 4608 ὲπιπαρόντα
1398 4539 1491 4592 τὸν
1540 4540 1727 4612 ἰατρὸν
1769 4540 1845 4604 ὡς

1963 2049 2233 2118 Capitolio
2263 2051 2448 2104 laeum
2506 2054 2623 2108 sive
2659 2054 2926 2124 piscinam
2984 2055 3103 2110 ﬁeri
3155 2066 3434 2125 oportere,
3483 2056 3533 2109 it‘.

1961 2156 2069 2210 qua
2115 2140 2496 2195 innocentium
2547 2156 2848 2210 puerorum
2889 2143 3180 2213 sanguine,
3225 2158 3400 2210 coque
3451 2158 3543 2197 re-

1960 2231 2106 2285 centi
2160 2232 2343 2286 adhuc
2398 2241 2455 2287 et
2507 2244 2809 2303 vaporante
2860 2234 3092 2300 repleta,
3137 2235 3182 2289 si
3240 2234 3543 2303 imperator

1961 2322 2188 2388 lavaret,
2232 2323 2392 2378 facile
2419 2342 2545 2379 eum
2595 2337 2871 2391 curatum,
2903 2341 3213 2396 corpusque
3257 2326 3377 2394 ejus
3409 2342 3540 2394 pur-

1958 2425 2147 2485 gatum
2199 2416 2289 2470 iri.
2335 2417 2511 2472 Aliter
2544 2433 2695 2483 vero,
2735 2426 2850 2472 uta
2897 2419 2988 2472 tali
3021 2418 3172 2488 lepra
3219 2418 3536 2482 mundctur,

1962 2506 2080 2560 ﬁeri
2126 2522 2234 2561 non
2274 2524 2452 2577 posse.
2491 2508 2564 2562 Ea
2597 2524 2656 2562 re
2699 2520 2806 2563 tam
2841 2524 2981 2564 nova
3011 2524 3136 2564 cum
3173 2509 3251 2563 illi
3287 2509 3541 2564 homines

1956 2600 2328 2669 deeepissent.
2386 2606 2686 2670 derepente
2738 2602 2977 2657 infantes
3036 2602 3261 2672 plurimi
3307 2617 3542 2670 congre-

1955 2701 2179 2760 gantur.
2214 2692 2284 2746 Et
2309 2693 2422 2763 jam
2469 2702 2685 2762 tempus
2721 2695 2897 2759 adest,
2936 2695 3334 2763 carniﬁcesque
3378 2708 3437 2748 se
3469 2693 3535 2747 ad

1954 2782 2175 2838 illorum
2216 2786 2420 2839 eaedem
2457 2786 2781 2855 expediunt.
2818 2788 2988 2842 Adest
3010 2787 3124 2857 jam
3158 2798 3212 2842 et
3239 2787 3540 2857 imperator

1953 2877 2094 2946 ipse.
2148 2878 2291 2933 Ecce
2348 2889 2535 2932 autem
2592 2888 2797 2934 matres
2851 2894 3151 2948 puerorum
3205 2879 3536 2946 adveniunt,

1951 2968 2168 3037 capillis
2210 2969 2404 3037 passis,
2449 2954 2783 3025 mammillas
2826 2969 3090 3026 decenter
3122 2970 3537 3041 quodammodo

1951 3058 2438 3123 subostendentes,
2470 3059 2631 3115 Iactis
2659 3059 2822 3129 copia
2857 3060 3169 3130 angustiam
3207 3070 3262 3115 et
3289 3062 3537 3117 dolorem

1952 3150 2063 3206 illis
2093 3151 2401 3221 parientes.
2436 3151 2530 3207 lla:
2563 3151 2775 3206 ululatu
2806 3160 2863 3207 et
2894 3144 3120 3222 planetu
3154 3153 3357 3208 coelum
3389 3167 3540 3207 com-

1878 3282 1923 3341 C
1955 3240 2134 3311 plent.
2170 3243 2344 3296 Porro
2384 3244 2688 3312 imperator
2713 3257 2877 3298 causa
2909 3243 3043 3298 tanti
3079 3243 3265 3299 luctus
3294 3246 3535 3314 cognita.

1952 3333 2338 3389 misericordia
2393 3342 2724 3395 commotus,
2772 3333 3113 3389 mulierculis
3161 3334 3437 3402 eundolet,
3479 3346 3537 3391 ct

1953 3440 2055 3495 pro
2101 3424 2446 3479 humanitate
2498 3440 2600 3478 sua
2652 3439 2869 3479 summa
2913 3426 3245 3480 sententiam
3292 3436 3471 3482 mutat
3517 3446 3532 3482 :

1953 3519 2243 3586 potiusque
2284 3530 2428 3583 aeger
2472 3530 2596 3570 esse
2639 3515 2781 3580 vult,
2832 3531 2999 3586 quam
3043 3532 3140 3586 per
3173 3527 3281 3572 tam
3325 3519 3538 3574 abomi-

1954 3607 2197 3662 nandum
2233 3607 2416 3661 scelus
2448 3605 2861 3662 convalescere.
2890 3604 3058 3679 49o
3090 3608 3278 3679 Itaque
3325 3610 3537 3680 prolixe

1953 3698 2340 3768 illacrymans:
2379 3717 2399 3750 ι
2439 3698 2692 3766 Retttani,
2730 3700 2935 3770 inquit,
2968 3700 3185 3771 imperii
3216 3702 3455 3773 dignitas
3480 3712 3538 3759 et

1952 3790 2259 3861 au-plitudo
2320 3791 2530 3845 fontem
2579 3799 2749 3862 atque
2812 3792 3055 3850 radicem
3122 3809 3306 3849 veram
3369 3796 3537 3851 habet

1950 3882 2235 3955 pietatem.
2284 3881 2355 3938 Ut
2389 3883 2557 3954 igitur
2587 3899 2655 3938 ex
2686 3898 2751 3938 ea
2793 3899 2877 3940 me
2917 3886 3244 3955 provenisse
3273 3889 3543 3943 omnibus-

1951 3976 2162 4046 liquido
2195 3977 2503 4043 ostendam,
2532 3977 2905 4032 valetudinem
2936 3993 3114 4032 meam
3156 3979 3543 4057 innocentium

1952 4086 2253 4141 puerorum
2312 4072 2438 4127 vita:
2484 4073 2813 4141 posthabeo.
2868 4092 2889 4125 ι
2951 4073 3046 4130 His
3100 4076 3287 4132 verbis
3339 4078 3526 4145 dictis,

1953 4165 2128 4221 solida
2163 4180 2387 4235 prorsus
2427 4166 2792 4221 beneﬁcentia
2839 4168 3260 4233 acerbissimum
3294 4180 3531 4226 matrum

1906 4256 1911 4265 ’
1954 4259 2198 4312 dolorem
2225 4259 2438 4313 solatur
2466 4268 2522 4315 et
2543 4259 2760 4325 aufert,
2786 4248 3062 4328 simulque
3086 4260 3312 4315 domum
3344 4277 3531 4318 rever-

1957 4351 2114 4406 titur.
2174 4350 2475 4406 Enimvero
2535 4360 2706 4407 nocte
2768 4338 3015 4420 proxima
3074 4351 3353 4409 bonitatis
3413 4355 3534 4425 ejus

1955 4443 2194 4498 fructum
2250 4441 2488 4513 percipit
2540 4443 2964 4513 amplissimum.
3018 4443 3215 4499 Petrus
3263 4445 3415 4500 enim
3473 4457 3533 4501 et

1953 4536 2159 4593 Paulus
2196 4538 2571 4606 apostolorum
2620 4534 2901 4606 principes
2946 4537 2997 4591 ei
3040 4547 3310 4606 apparent
3346 4546 3402 4593 et
3443 4538 3531 4593 di-

256 4629 604 4699 πορῤωτάτω
636 4627 921 4697 ἐξήλαυνε,
946 4627 1023 4696 μὴ
1047 4626 1143 4700 τὴν
1177 4614 1531 4701 ἀνθρωπίνην
1559 4631 1846 4688 τουλοιποῦ

1953 4637 2086 4683 cunt
2116 4644 2131 4682 :
2168 4626 2541 4691 Constantine,
2575 4643 2667 4679 nos
2698 4642 2881 4681 sumus
2919 4625 3107 4680 Petrus
3155 4634 3208 4679 et
3253 4625 3452 4681 Paulus
3495 4645 3530 4682 α

252 4722 455 4791 τέχνην
492 4721 526 4790 ἢ
584 4722 911 4791 ἐπικουρίαν
946 4722 1116 4775 ὲνδεῖν
1152 4721 1303 4793 αὐτῷ
1363 4725 1565 4792 λέγων,
1628 4727 1773 4798 χειρὶ
1802 4725 1849 4780 δ’

1953 4720 2177 4776 Domino
2216 4719 2322 4774 Deo
2351 4718 2422 4772 ad
2461 4728 2510 4773 te
2539 4719 2707 4785 missi,
2736 4727 2793 4772 ut
2821 4719 3036 4788 signum
3068 4719 3159 4772 tibi
3187 4727 3237 4773 et
3270 4719 3528 4773 indicium

265 4811 532 4882 Ὑψίστου
582 4813 642 4865 τὸ
674 4814 983 4884 ωναρῆγον
1024 4812 1348 4883 ὶφέψεσθαι.
1381 4817 1491 4870 Καὶ
1525 4819 1554 4871 ό
1591 4819 1692 4886 μὲν
1719 4818 1848 4887 ἐξή-

1953 4814 2137 4870 salutis
2159 4812 2531 4867 exlzibeamus.
2572 4812 2782 4867 Deinde
2810 4826 2937 4865 eum
2981 4808 3296 4877 hortantur,
3331 4820 3390 4865 ut
3428 4826 3527 4866 αἰ-

253 4920 417 4973 γετοσ
445 4905 568 4960 ἐπεὶ
595 4904 653 4960 δὲ
685 4898 789 4957 καῖ
812 4906 1140 4976 Σίλόεστρος
1195 4906 1617 4978 μετεστέλλετο,
1650 4917 1744 4964 καί
1778 4914 1846 4981 τῇ

254 4996 617 5067 προσηκούσῃ
657 4997 907 5067 καθῆστο
960 5002 1117 5070 τιμῇ,
1167 5001 1218 5052 εἰ
1257 5000 1413 5062 θεοὺς
1468 4997 1583 5071 εἶχε
1641 5003 1848 5076 Πέτρον

253 5090 353 5144 καὶ
382 5089 596 5144 Παῦλον
634 5092 733 5154 τὰς
766 5092 988 5163 κλήσεις
1010 5091 1403 5164 ἀκριϐέστερον
1427 5093 1687 5165 διηρώτα.
1723 5094 1847 5148 Σίλα

253 5183 486 5253 δεστρος
516 5180 597 5249 at,
639 5183 826 5252 Ἡμῖν,
880 5184 1038 5254 φησὶ,
1093 5184 1343 5254 βασιλεῦ,
1385 5185 1447 5238 οὐ
1490 5185 1677 5242 πολλοὶ
1710 5186 1843 5252 θεοὶ,

254 5269 375 5324 ἀλλ’
405 5266 510 5336 εἷς,
555 5267 618 5326 οὗ
667 5272 830 5340 ἔργον
876 5271 945 5325 τὰ
972 5272 1288 5342 σύμπαντα.
1322 5274 1531 5343 Πέτρος
1558 5274 1614 5327 δὲ
1646 5273 1705 5328 δν
1737 5274 1845 5347 φῂς

254 5366 354 5417 καὶ.
395 5364 607 5428 Παῦλος
653 5363 767 5418 θεοὶ
806 5365 906 5435 μὲν
957 5363 1180 5429 οὐκουν,
1241 5363 1420 5419 δοῦλοι
1457 5365 1516 5418 δὲ
1557 5365 1695 5419 Θεοῦ
1747 5366 1845 5421 καὶ

251 5456 549 5512 ἀπόστολοι
568 5473 583 5488 ο
620 5456 672 5510 οἳ
693 5457 759 5528 δὴ
795 5458 1085 5526 εὐάρεστοι
1136 5458 1507 5528 διαφερόντως
1536 5459 1631 5510 καὶ
1660 5457 1843 5511 πίστει

255 5549 354 5602 καὶ
388 5549 540 5620 πόθῳ
570 5549 878 5619 γενόμενοι,
919 5551 1020 5621 τὴν
1059 5549 1159 5619 τῆς
1186 5547 1506 5619 ἁγιωσύνης
1540 5547 1842 5617 ἀκρόπολιν

252 5640 624 5713 κατειλήφασι
647 5657 660 5671 ·
721 5643 816 5695 καὶ
862 5639 1074 5712 πρῶτοι
1126 5639 1238 5693 τῶν
1269 5641 1445 5707 ἁγίων
1478 5640 1618 5692 εἰσίν
1639 5656 1652 5671 ·
1697 5640 1748 5694 οἳ
1777 5639 1842 5711 δὴ

249 5732 465 5801 πρῶτοι
486 5734 582 5787 καὶ
603 5734 743 5787 πᾶσι
763 5737 866 5805 τὴν
896 5732 993 5788 τοῦ
1041 5732 1250 5805 Κυρίου
1275 5732 1433 5803 ἡμῶν
1476 5732 1654 5804 Ἰησοῦ
1703 5732 1746 5785 Χ
1756 5750 1844 5802 ρι-

1952 4907 2180 4962 tistitem
2221 4919 2504 4959 sacrorum
2536 4903 2656 4974 ejus
2702 4902 2853 4957 urbis
2891 4902 3226 4972 Sylvestrem
3259 4901 3526 4970 inquirat.

1948 4999 2094 5067 apud
2134 5013 2297 5068 quem
2330 4996 2543 5068 piscina
2574 4996 2669 5060 sit,
2706 4997 2759 5049 in
2788 5011 2896 5065 qua
2928 4996 2973 5050 si
3013 4996 3241 5058 lavaret,
3268 4995 3529 5051 celeriter

1948 5090 2203 5145 morbum
2238 5103 2457 5144 omnem
2496 5103 2781 5144 cessurum
2812 5106 2827 5143 :
2863 5088 3028 5159 idque
3061 5102 3126 5142 ea
3150 5089 3347 5158 gratia,
3373 5087 3522 5158 quod

1946 5180 2338 5239 innocentibus
2358 5190 2415 5237 et
2437 5181 2775 5251 incorruptis
2803 5182 3109 5237 infantibus
3137 5183 3298 5236 vitam
3319 5181 3524 5235 donas-

1947 5282 2052 5329 set.
2115 5273 2288 5330 l’orro
2339 5283 2399 5328 ut
2446 5289 2575 5329 eum
2625 5290 2855 5331 somnus
2911 5275 3177 5344 reliquit,
3245 5272 3517 5326 medicum

1945 5377 2217 5423 astantem
2263 5368 2582 5440 longissime
2629 5384 2662 5424 α
2708 5384 2771 5425 se
2805 5368 3041 5438 repellit,
3096 5382 3203 5421 non
3236 5365 3349 5436 jam
3404 5372 3524 5420 arte

1945 5468 2042 5514 aut
2067 5476 2169 5531 ope
2192 5460 2435 5516 humana
2462 5476 2523 5517 se
2549 5461 2798 5533 indigere
2824 5462 3037 5526 dicens,
3065 5459 3331 5515 auxilium
3361 5457 3522 5513 dein-

1943 5563 2073 5620 ceps
2107 5557 2162 5604 et
2208 5550 2443 5607 salutem
2497 5551 2568 5606 ab
2611 5550 2881 5613 Altissimi
2929 5566 3092 5606 manu
3140 5550 3522 5604 adventuram.

1943 5633 2131 5710 Itaque
2182 5642 2432 5696 medicus
2484 5641 2554 5697 ab
2607 5657 2677 5698 eo
2726 5642 2990 5698 discedit.
3045 5641 3114 5697 Ut
3164 5647 3348 5695 autem
3398 5638 3524 5710 Syl-

1943 5743 2128 5789 vester
2155 5733 2233 5805 (ι)
2277 5735 2489 5789 accitus
2522 5734 2721 5801 adluit,
2768 5744 2825 5791 et
2857 5750 2923 5790 ea
2969 5749 3075 5805 qua
3112 5733 3297 5788 decuit
3329 5730 3523 5786 obser-

330 5847 408 5918 (1)
447 5865 465 5898 ι
498 5846 669 5903 Actus
692 5847 838 5902 beati
876 5847 1141 5918 Sylvestri
1179 5847 1498 5917 apostolica:
1526 5845 1672 5901 sedis
1700 5861 1841 5916 ρηο-
1940 5847 2133 5918 multis
2161 5854 2342 5901 tamen
2391 5849 2446 5901 in
2494 5848 2630 5902 urbe
2661 5847 2824 5903 Rom.
2859 5847 3158 5903 Catholicis
3182 5845 3285 5915 legi
3315 5858 3523 5918 cogno.

251 5916 420 5982 aulis,
457 5918 583 5974 licet
634 5920 753 5992 ejus
783 5919 875 5988 qui
919 5916 1146 5989 scripsit
1175 5916 1375 5972 numen
1428 5919 1766 5987 ignoremus,
1811 5934 1841 5972 a

1943 5917 2143 5984 rimus,
2178 5927 2233 5971 et
2285 5934 2386 5988 pro
2433 5920 2662 5985 antiquo
2714 5934 2814 5974 usu
2858 5930 3040 5974 multae
3085 5918 3191 5972 hoc
3234 5915 3531 5970 imitantur
