4052 6438
544 478 681 543 12:33

1774 470 2202 529 NiCiZi‘llHRI
2248 469 2605 529 GALLISTI

3676 476 3809 537 1284

543 592 727 648 vantia
770 599 826 646 et
866 586 1219 641 veneratione
1259 583 1549 638 considere
1584 584 1772 652 jussus
1810 594 1913 645 est.
1965 583 2129 637 habe-

2239 582 2368 635 στοῦ
2393 581 2629 650 θεότητα
2654 581 2981 650 δεεκήρυξαν
3006 581 3207 649 ἔθνεσι,
3237 586 3330 637 καὶ
3357 584 3414 648 ἐξ
3447 586 3624 639 αὐτῶν
3662 591 3811 641 πᾶσα

542 694 698 741 rctuc
723 683 855 738 deos
903 679 1047 734 Petri
1094 689 1149 733 et
1193 679 1348 733 Pauli
1397 675 1784 746 appellatione,
1827 677 2124 747 diligenter

542 794 669 832 eum
697 774 1098 832 Constantinus
1127 785 1212 825 εει
1248 780 1662 840 perennetatus.
1699 771 1779 824 Ibi
1817 771 2123 840 Sylvester,

542 871 733 933 Nubis,
765 869 960 937 inquit,
988 884 1019 919 0
1052 866 1376 934 imperator.
1404 864 1478 917 dii
1511 862 1665 917 multi
1696 878 1806 917 non
1842 871 1993 928 sunt,
2024 863 2122 918 sed

544 980 708 1028 unus,
741 964 901 1033 cujus
930 977 1071 1029 Opus
1102 969 1187 1013 est
1234 959 1556 1013 universum
1591 963 1714 1012 hoc.
1758 956 1953 1033 Petrus
1994 972 2126 1019 vero

542 1068 600 1110 et
622 1055 843 1116 Paulus,
865 1069 1000 1122 qttos
1024 1052 1233 1111 dixisti,
1256 1050 1331 1103 dii
1361 1064 1588 1118 prorsus
1611 1064 1720 1101 non
1749 1032 1900 1113 sunt,
1929 1063 2121 1101 verum

542 1146 692 1201 servi
730 1157 785 1198 et
816 1143 1047 1214 apestoli
1083 1141 1175 1193 Dei
1213 1158 1227 1194 :
1268 1142 1361 1209 qui
1406 1139 1553 1208 quod
1589 1138 1866 1207 praecipue
1898 1150 2126 1206 propter

545 1238 821 1310 egregiam
859 1237 1044 1300 ﬁdem,
1087 1233 1486 1301 charitatisque
1527 1232 1784 1285 ardorem
1830 1240 1884 1284 et
1912 1231 2130 1285 deside-

546 1334 690 1386 rium
740 1331 854 1386 Deo
886 1329 1039 1383 citari
1093 1327 1344 1396 gratique
1382 1326 1565 1387 fuere,
1600 1326 1911 1379 sanctitatis
1942 1339 2126 1378 arcem

544 1431 925 1490 occuparunt,
987 1416 1220 1488 primum
1274 1419 1419 1471 inter
1467 1428 1686 1471 sanctos
1735 1417 1915 1471 locum
1977 1417 2127 1470 obti—

548 1526 769 1567 nentes.
807 1514 974 1567 Primi
1014 1513 1214 1580 quippe
1254 1512 1353 1579 ipsi
1392 1510 1651 1578 gentibus
1692 1509 1950 1563 omnibus
1981 1508 2127 1563 divi-

549 1607 779 1658 nitatem
810 1604 1026 1657 Domini
1070 1603 1245 1657 nostri
1278 1602 1405 1656 Jesu
1445 1601 1655 1656 Christi
1701 1602 2127 1667 annuntiaruut,

548 1708 714 1765 atque
755 1696 825 1750 ab
860 1696 992 1765 ipsis
1020 1695 1270 1748 ecclesiae
1316 1709 1385 1747 οτι
1413 1709 1510 1748 nes
1543 1694 1696 1746 initia
1739 1708 1839 1746 sua
1881 1708 2130 1762 sumpse-

548 1796 697 1846 runt.
740 1787 919 1858 Atque
951 1785 1050 1853 illi,
1081 1801 1249 1853 opere
1280 1794 1335 1838 et
1366 1799 1532 1838 cursu
1577 1798 1679 1837 suo
1705 1784 2000 1853 completo,
2034 1799 2130 1851 per

548 1882 872 1953 martyrium
905 1896 971 1935 ex
1007 1879 1111 1933 hac
1143 1879 1253 1933 vita
1304 1879 1634 1948 migrarunt,
1675 1887 1733 1930 et
1771 1891 1919 1930 nunc
1964 1876 2125 1929 amici

2243 676 2548 744 Ἐκκλησία
2580 676 2679 740 τὴν
2713 676 2890 744 ἀρχὴν
2935 675 3082 744 ἔσχε.
3120 676 3227 728 Καὶ
3254 676 3316 729 τὸ
3349 677 3511 749 ἔργον
3557 678 3800 733 τελέσαν-

2230 784 2347 830 τες,
2371 769 2658 839 μαρτυρίῳ
2681 768 2989 836 ὑπεξῆλθον
3011 770 3101 821 τὸν
3122 769 3257 837 βίον,
3291 772 3385 822 καὶ
3420 772 3516 823 νῦν
3538 773 3644 826 είσι
3667 774 3811 841 φίλοι

2231 858 2327 913 τοῦ
2360 863 2822 931 παντοκράτορος.
2873 861 2961 922 Ὠς
3002 861 3060 913 δὲ
3092 861 3188 914 καὶ¹
3227 863 3293 914 τὰ
3322 864 3442 915 θεῖα
3486 867 3694 918 τούτων
3729 868 3811 919 εί-

2233 951 2493 1020 κάσματα
2521 952 2795 1021 ἀνεζήτει,
2825 954 2917 1005 καὶ
2948 954 2976 1004 δ
3003 951 3264 1021 ἱεράρχης
3291 953 3504 1020 ἐξάγων
3544 955 3807 1021 ἐδείκνυε,

2230 1046 2533 1113 τηνικαῦτα
2562 1046 2815 1111 διαγνοὺς
2844 1045 3253 1113 ἀκριϐέστερον,
3296 1046 3493 1107 αὐτοὺς
3520 1041 3657 1098 εἶναι
3685 1048 3809 1110 τοὺς

2231 1139 2499 1206 ὀφθέντας
2526 1139 2860 1192 διεσεϐαίου.
2909 1139 2995 1191 Ἑν
3035 1136 3298 1194 ἐπὰσοῦν
3336 1140 3575 1211 ἡμέραις
3604 1142 3809 1193 σάκκον

2233 1231 2597 1300 περιθέμενος
2627 1231 2750 1284 ἀντὶ
2772 1232 2875 1300 τῆς
2906 1232 3247 1301 ἁλουργίδος,
3269 1234 3496 1302 νηστείᾳ
3526 1249 3584 1285 τε
3618 1232 3812 1302 σχολά-

2236 1340 2334 1386 σας
2365 1324 2458 1377 καὶ
2486 1326 2790 1393 προσευχῇ,
2841 1324 3065 1386 κλείσας
3112 1341 3171 1377 τε
3210 1324 3336 1385 τοὺς
3366 1324 3601 1377 εἰδώλων
3627 1325 3809 1389 ναοὺς,

2234 1418 2329 1471 καὶ
2359 1419 2427 1470 τὰ
2475 1418 2830 1489 δεσμωτήρια
2884 1417 3181 1482 διανοίξας,
3240 1417 3409 1470 πολύν
3456 1434 3514 1470 τε
3545 1418 3633 1471 τὸν
3663 1418 3809 1470 ἔλεον

2235 1511 2330 1562 καὶ
2363 1508 2559 1579 δαψιλῆ
2615 1511 2715 1579 τὴν
2749 1510 3020 1581 χορηγίαν
3060 1512 3233 1564 ἅπασι
3266 1509 3586 1580 παρασχὼν,
3636 1511 3726 1562 ἐπὶ
3750 1510 3811 1562 τὸ

2204 1601 2381 1670 -ὖδωρ
2423 1603 2643 1671 ἐχώρει,
2670 1605 2837 1672 εὐχῆς
2866 1604 3120 1665 ὲκτενοῦς
3168 1604 3273 1657 ὑπὸ
3305 1605 3485 1674 πάσης
3522 1605 3812 1674 γινομένης

2232 1689 2334 1757 τῆς
2376 1692 2696 1760 ἐκκλησίας,
2741 1692 2838 1745 τοῦ
2880 1692 3211 1761 Σιλὸἐστρου
3247 1692 3670 1762 προστάξαντος.
3703 1696 3810 1747 Καὶ

2234 1786 2372 1852 πρὸς
2406 1783 2467 1836 τὸ
2499 1782 2645 1853 ὕδωρ
2675 1786 2703 1837 δ
2729 1785 2908 1855 ίερεὺς
2943 1784 3170 1850 ἀπιδὼν,
3219 1786 3410 1851 Τοῦτο,
3457 1786 3631 1853 ἔλεγε.
3660 1786 3812 1856 βασι-

2236 1874 2351 1939 λεῦ,
2384 1877 2451 1944 τῇ
2480 1876 2766 1946 ἐπικλήσει
2802 1878 2900 1945 τῆς
2930 1877 3246 1947 ζωαρχικῆς
3275 1878 3507 1943 Τριάδος
3538 1878 3687 1938 θείας
3718 1894 3812 1946 με·

567 1985 676 2028 »ιιηι
697 1973 1117 2042 Omnipotentis.
1154 1971 1255 2027 Ubi
1285 1987 1413 2026 vero
1444 1986 1629 2027 sacras
1657 1983 1880 2040 quoque
1909 1968 2127 2024 illorum

2239 1967 2507 2035 τεσχηκὸς
2539 1967 2846 2037 δυνάμεως,
2899 1968 3089 2037 ὥσπερ
3123 1971 3191 2022 τὰ
3241 1970 3397 2032 ἐκτὸς
3443 1969 3532 2023 τοῦ
3566 1970 3814 2038 σώματος

550 2068 757 2136 :litgies
801 2066 1114 2135 requisivit,
1148 2074 1203 2119 ct
1241 2064 1531 2118 hierarcha
1560 2078 1654 2118 eas
1700 2063 1780 2117 illi
1823 2062 2125 2117 exhibuit-:

548 2169 664 2212 tum
698 2173 757 2212 re
801 2158 1009 2213 certius
1039 2157 1279 2224 cognita,
1317 2171 1413 2210 eos
1454 2154 1601 2218 ipsos
1641 2169 1762 2211 esse
1797 2169 1936 2224 quos
1961 2153 2131 2206 vidis-

548 2261 653 2314 set,
689 2248 1053 2304 conﬁrmavit.
1082 2250 1273 2317 Itaque
1313 2262 1411 2316 pro
1441 2261 1685 2317 purpura
1711 2261 1931 2301 saccum
1964 2245 2133 2301 sumit

547 2343 747 2398 diebus
773 2353 1008 2412 septem,
1048 2356 1111 2395 ac
1134 2340 1346 2410 jejunio
1382 2346 1439 2394 et
1471 2338 1711 2392 orationi
1749 2348 1925 2403 vacat,
1958 2338 2133 2392 idolo-

546 2453 668 2491 rum
703 2437 903 2507 templa
948 2435 1178 2497 claudit,
1222 2447 1478 2489 carceres
1522 2432 1730 2502 aperit,
1768 2447 1867 2501 per
1914 2431 2133 2486 miseri.

547 2528 795 2584 cordiam
834 2528 1059 2581 multam
1100 2525 1407 2579 liberaliter
1449 2539 1643 2578 omnes
1681 2533 2030 2588 muneratur,
2080 2531 2134 2578 et

549 2623 769 2675 tandem
800 2621 869 2674 ad
902 2636 1090 2674 sacras
1112 2618 1288 2672 undas
1320 2616 1592 2687 procedit.
1622 2616 1782 2688 491
1816 2615 2133 2671 Vehemens

548 2723 806 2768 autemet
842 2713 1055 2768 inteusa
1094 2713 1162 2765 ab
1185 2712 1412 2765 ecclesia
1450 2710 1624 2775 omni,
1663 2711 1736 2763 ita
1767 2717 1825 2764 ut
1855 2708 2135 2779 Sylvester

545 2810 808 2878 iusserat,
856 2806 1036 2859 oratio
1085 2803 1268 2858 ﬁebat.
1322 2803 1567 2856 Antistes
1606 2819 1769 2872 porro
1821 2802 1885 2856 ad
1935 2818 2133 2872 aquam

549 2899 805 2970 baptismi
837 2897 1165 2966 respiciens,
1220 2895 1364 2959 Hsec,
1404 2896 1605 2964 inquit,
1641 2895 1961 2963 imperator,
1992 2912 2133 2964 aqua

550 2991 739 3045 divina
774 2993 976 3043 virtute
1008 3004 1106 3056 per
1141 2988 1546 3040 invocationem
1578 2986 1814 3041 νὶνὶίίςῶ
1847 2986 2136 3043 Trinitatis

551 3091 842 3151 concepta,
887 3080 1053 3134 sicuti
1092 3089 1244 3133 extra
1283 3088 1487 3145 cerptls
1522 3080 1763 3132 hominis
1810 3079 2008 3139 abluit,
2063 3080 2134 3134 ita

551 3173 722 3228 etiam
750 3171 990 3225 animam
1033 3170 1178 3224 intra
1215 3185 1243 3223 a
1277 3169 1439 3223 sorde
1475 3178 1531 3222 et
1565 3168 1950 3237 inquinatioue
1983 3170 2133 3223 omni

556 3266 944 3328 ntundiﬁcaus,
972 3262 1399 3334 splendidiorem
1433 3260 1605 3316 radiis
1641 3260 1919 3315 solaribus
1946 3260 2133 3314 eﬂic‘rt.

550 3354 621 3409 Et
648 3354 761 3425 jam
786 3353 909 3406 oleo
939 3363 1141 3406 unetus
1176 3350 1455 3403 lavacrum
1491 3349 1579 3402 ille
1612 3348 1942 3418 ingreditur,
1969 3361 2133 3419 atque

554 3462 708 3500 more
742 3454 963 3512 recepto
994 3443 1353 3497 sanctissima:
1395 3441 1688 3499 Ttinitatis
1725 3442 1785 3496 ﬁt
1832 3442 2132 3499 invocatio.

2236 2052 2523 2123 καθαίρειν
2540 2051 2707 2119 οἶδεν,
2734 2058 2880 2111 οὕτω
2914 2062 3011 2112 καὶ
3026 2059 3206 2129 ψυχὴν
3236 2060 3451 2127 κηλίδος
3478 2061 3655 2131 πάσης
3685 2063 3813 2114 ἀπο-

2236 2146 2553 2220 καθαῐρον,.
2576 2151 2965 2222 λαμπροτέραν
3009 2152 3120 2204 τῶν
3158 2152 3401 2222 ἡλιακῶν
3437 2155 3670 2207 ἀκτίνων
3710 2154 3816 2206 δεί-

2236 2256 2417 2294 κνυσι.
2453 2242 2564 2294 Καὶ
2613 2242 2795 2295 τοίνυν
2837 2242 2915 2311 τῷ
2962 2243 3130 2313 ἐλαίῳ
3158 2244 3423 2314 χρισθεὶς,
3479 2244 3673 2297 εἴσεισι
3725 2248 3814 2297 τὸν

2234 2333 2499 2404 λουτῆρα.
2545 2336 2698 2391 Ἐπεὶ
2720 2336 2778 2389 δὲ
2808 2338 2903 2390 καὶ
2939 2338 2970 2405 ἡ
3010 2338 3109 2405 τῆς
3144 2336 3307 2404 ἁγίας
3338 2335 3566 2402 Τριάδος
3594 2337 3669 2398 ὡς
3698 2335 3814 2397 ἔθος

2237 2428 2524 2495 ἐπίκλησις
2576 2429 2786 2498 εἴρητο,
2839 2429 3040 2498 ἀθρόον
3093 2429 3255 2499 αἴγλη
3294 2430 3474 2498 φωτὸς
3499 2430 3811 2501 ἀπορρήτου

2240 2519 2405 2573 ποθὲν
2446 2520 2833 2592 ἐκπηδήσασα,
2877 2523 2969 2574 τὸν
3014 2522 3195 2591 χῶρον
3249 2524 3657 2591 κατήστραπτε.
3705 2523 3815 2577 Καὶ

2236 2605 2371 2679 ἦχος
2400 2610 2458 2664 δέ
2500 2627 2583 2673 τις
2639 2608 2876 2675 ἐξαίσιος
2915 2611 3279 2681 ὑπεψάλλετο,
3325 2612 3401 2674 ὡς
3435 2613 3500 2665 ὲκ
3525 2629 3811 2681 πανσρμο·

2240 2705 2353 2755 νίου
2400 2702 2571 2770 λύρας
2595 2702 3089 2773 ἁνακροτούμενος.
3122 2704 3232 2757 Καὶ
3265 2704 3489 2772 ἐξῆλθεν
3530 2706 3558 2758 δ
3587 2705 3818 2774 πανάρι-

2241 2811 2364 2857 στος
2401 2793 2679 2864 βασιλεὺς,
2735 2793 2859 2857 ὅλος
2888 2794 2984 2848 τοῦ
3031 2796 3222 2862 ὑγιοῦς
3286 2796 3549 2866 μετέχων,
3579 2792 3665 2851 οἷά
3690 2814 3815 2850 τινα

2238 2888 2433 2958 καινὴν
2469 2889 2650 2958 σάρκα
2681 2889 3084 2959 ἠμφιεσμένος,
3111 2888 3316 2943 ὡσανεί
3344 2908 3495 2954 τινας
3520 2892 3713 2964 ἰχθύων
3729 2893 3818 2944 λι-

2240 2981 2400 3042 πίδας
2434 2980 2512 3049 τῷ
2551 2981 2705 3034 ὕδατι
2744 2983 2998 3047 ἐπαφείς.
3041 2981 3238 3051 Ἔλεγε
3272 2983 3329 3037 δὲ
3374 2985 3648 3038 καὶτοῦτο
3678 2988 3815 3057 rape;

2238 3079 2327 3126 τ’·ιν
2371 3075 2646 3145 μακάριον
2672 3076 3035 3145 ΣίλὸεστρΟν·
3079 3077 3153 3139 ὡς
3187 3078 3383 3148 ὅτιπερ
3425 3078 3503 3130 ἔτι
3528 3079 3817 3147 διατρίϐων

2238 3167 2351 3228 τοῖς
2385 3165 2561 3219 ὕδασι.
2606 3171 2791 3238 χειρός
2829 3186 2974 3231 τινος
3003 3170 3220 3239 ἐπαφὴν
3253 3170 3323 3231 ὡς
3352 3169 3416 3222 ἂν
3441 3171 3503 3221 ἐκ
3535 3171 3627 3223 τοῦ
3653 3172 3816 3240 οὐρα-

2241 3259 2334 3312 νοῦ
2390 3261 2738 3329 πεμφθείσης
2785 3261 3095 3314 αἰσθέσθαι.
3155 3263 3261 3314 Σὺν
3299 3262 3449 3332 αὐτῷ
3472 3262 3525 3314 δὲ
3556 3265 3647 3316 καὶ
3688 3264 3818 3333 Κρί-

2243 3368 2379 3414 σπος
2408 3355 2436 3406 ὁ
2474 3353 2643 3405 αὑτοῦ
2672 3354 2786 3416 υἱὸς
2811 3356 2907 3406 τοῦ
2937 3356 3083 3406 θείου
3115 3355 3531 3425 μεταλαμϐάνει
3551 3356 3778 3427 λουτροῦ
3802 3374 3815 3385 ·

2244 3445 2340 3498 καὶ
2359 3446 2529 3515 ἄμφω
2548 3446 2605 3499 δὲ
2646 3448 2838 3517 στολὴν
2858 3446 3060 3517 λευκὴν
3093 3449 3433 3504 ὲνεδύσαντο.

554 3542 619 3600 Et
651 3555 782 3596 ecce
810 3538 953 3593 lucis
986 3537 1377 3593 inenarrabilis
1432 3539 1696 3607 splendor
1734 3538 1991 3594 alicunde
2065 3539 2337 3603 emicans,
2408 3536 2589 3596 locum
2658 3558 2785 3597 eum
2819 3540 3077 3610 illustrat,
3112 3557 3169 3598 et
3193 3561 3363 3600 sonus
3390 3545 3607 3617 quidam
3649 3547 3821 3602 admi-

552 3637 760 3693 randus
793 3634 965 3690 veluti
1001 3634 1247 3704 psalterii
1287 3646 1343 3687 et
1385 3635 1515 3703 lyrae
1561 3632 1814 3687 absoluta
1890 3633 2181 3687 harmonia
2220 3645 2278 3687 et
2341 3648 2616 3692 concentu
2660 3638 2914 3695 redditus
2952 3640 3267 3697 exauditur.
3307 3640 3598 3710 Egreditur
3626 3640 3823 3696 deinde

553 3713 858 3805 imperator
898 3732 1142 3800 uptimus
1171 3747 1201 3785 e
1243 3730 1487 3794 lavacro,
1539 3740 1686 3786 tutus
1730 3732 1915 3785 salvus
1963 3743 2021 3785 et
2090 3733 2407 3798 incolumis,
2480 3735 2711 3802 perinde
2776 3744 2944 3805 atque
2977 3751 3142 3792 carne
3185 3735 3392 3791 recenti
3430 3737 3670 3799 indutus,
3703 3738 3822 3806 qui-

551 3830 785 3888 busdam
808 3827 964 3898 quasi
1008 3824 1239 3895 piscium
1280 3825 1583 3893 squatnmis
1636 3824 1688 3875 in
1725 3824 1867 3878 unda
1943 3826 2170 3881 relictis.
2210 3827 2395 3895 Atque
2446 3827 2522 3882 ibi
2594 3828 2758 3883 beato
2798 3844 3019 3898 quoque
3067 3827 3345 3900 Sylvestro
3386 3828 3544 3895 dixit,
3590 3844 3648 3884 se
3693 3847 3817 3883 eum

549 3923 732 3977 adhuc
784 3919 837 3971 in
901 3916 1077 3971 sacris
1123 3925 1273 3969 esset
1332 3915 1536 3978 undis,
1596 3929 1791 3969 manus
1846 3916 2133 3984 cujusdam
2178 3919 2347 3973 veluti
2393 3935 2426 3975 e
2469 3922 2612 3976 caelo
2658 3922 2839 3977 missa:
2870 3929 3136 3976 attactum
3211 3923 3471 3978 sensisse.
3543 3922 3652 3977 Una
3697 3939 3818 3977 cum

551 4019 673 4086 ipso
705 4023 886 4068 autem
909 4010 1141 4093 Crispus
1170 4009 1339 4063 etiam
1370 4009 1517 4065 ﬁlius
1580 4013 1700 4081 ejus
1760 4010 2006 4065 divinum
2076 4014 2433 4085 partieipavit
2484 4016 2787 4079 lavacrum,
2828 4025 2883 4071 et
2928 4016 3092 4071 ambo
3136 4017 3423 4071 candidam
3472 4030 3681 4073 vestem
3739 4020 3820 4072 in.

551 4114 815 4167 duerunt.

1086 4220 1315 4277 CAPUT
1357 4221 1599 4275 XXXIV.

548 4320 679 4387 Quae
733 4326 848 4388 post
911 4315 1229 4385 baptismum
1279 4316 1661 4398 Cpitstantinus
1720 4313 1945 4385 Magnus
1999 4326 2135 4372 recte

1174 4396 1520 4440 constituerit.
1580 4459 1586 4467 Ι

622 4500 745 4557 Mox
782 4500 1044 4570 deinceps
1073 4499 1246 4569 legem
1274 4502 1510 4570 primum
1542 4500 1669 4567 fert,
1696 4500 1873 4572 utqui
1907 4501 2134 4572 posthac

551 4612 649 4667 per
700 4594 1094 4663 blasjihemiam
1140 4592 1359 4649 Christo
1410 4594 1763 4658 maledicere,
1809 4605 1903 4650 aut
1933 4610 2129 4665 quem-

550 4703 718 4761 quam
759 4688 853 4759 qui
902 4688 1022 4759 ejus
1054 4696 1355 4743 censentur
1387 4688 1633 4753 nomine,
1680 4687 1879 4757 injuria
1916 4689 2131 4743 allicere

550 4785 803 4849 auderet,
834 4782 1118 4837 dimidiam
1155 4783 1425 4836 bonorum
1459 4797 1687 4836 suorum
1731 4792 1944 4851 partem
1976 4782 2132 4834 amit-

556 4885 717 4931 teret.
779 4874 843 4928 Et
888 4876 1146 4930 manibus
1191 4876 1304 4942 ipse
1347 4874 1464 4927 suis
1514 4873 1695 4943 ligone
1750 4886 2010 4943 accepto,
2073 4874 2130 4928 in

556 4969 759 5038 palatio
792 4984 893 5021 suo
924 4968 1073 5037 quod
1112 4966 1483 5021 Lateranense
1513 4966 1739 5029 dicitur,
1778 4966 1987 5035 primus
2024 4976 2135 5018 ter-

554 5078 670 5116 rant
701 5061 912 5125 fodere,
946 5072 1002 5116 et
1040 5060 1288 5116 ecclesiae
1317 5056 1548 5113 formam
1585 5060 1638 5112 iu
1677 5072 1878 5111 nomen
1914 5056 2129 5111 Domini

548 5156 726 5212 nostri
757 5156 884 5211 Jesu
932 5155 1138 5209 Christi
1175 5154 1492 5207 describere
1522 5152 1710 5221 erepit.
1744 5149 1954 5204 Deinde
2004 5163 2131 5219 pro-

547 5250 833 5320 tuulgavit,
887 5248 1205 5317 quicunque
1257 5254 1519 5315 egerent,
1568 5256 1622 5298 et
1678 5242 2127 5297 Christianorum

547 5358 703 5397 sacra
732 5340 958 5395 colenda
990 5341 1358 5407 suseiperent,
1386 5339 1466 5392 eis
1504 5346 1756 5406 sumptus
1778 5346 1834 5391 et
1870 5336 2128 5390 vestitum

547 5453 619 5490 ex
646 5435 915 5504 imperiali
943 5435 1135 5488 zerario
1166 5431 1455 5501 praebitum
1488 5430 1574 5484 iri.
1606 5429 1670 5483 Et
1702 5429 1883 5495 multi,
1920 5428 2127 5498 quibus

550 5528 658 5582 hoc
690 5525 764 5595 pii
802 5534 857 5577 et
897 5522 1137 5593 religiosi
1180 5521 1283 5575 viri
1319 5529 1677 5583 testarentur,
1729 5524 1961 5589 gratiam
2007 5534 2127 5572 eam

545 5630 609 5673 et
643 5632 842 5672 munus
881 5615 1383 5685 consequebantur.
1416 5613 1576 5666 Anno
1603 5627 1668 5666 eo
1709 5627 1875 5681 supra
1916 5613 2130 5666 duode-

553 5773 830 5828 Eeclesim.
861 5769 964 5825 Sed
1007 5786 1130 5825 cum
1174 5769 1488 5841 hujusmodi
1536 5770 1740 5840 scripta
1784 5769 1852 5824 ad
1882 5768 2129 5841 Catholi-

552 5858 742 5896 corum
792 5857 985 5894 manus
1035 5840 1404 5910 pervenerint,
1465 5842 1611 5895 beati
1678 5843 1833 5894 Pauli
1893 5840 2129 5908 apostoli

458 5950 465 5957 ς
550 5916 824 5965 sententia
850 5920 1119 5979 prxcedat
1160 5932 1171 5966 :
1206 5912 1400 5965 Omnia
1447 5914 1701 5983 probate,
1738 5911 1886 5979 quod
1920 5918 2123 5969 bonum

2826 4228 2872 4281 K
2883 4227 3079 4284 ΕΦᾺΛ.
3121 4228 3245 4283 AA’.

2243 4320 2381 4390 Περὶ
2416 4311 2505 4375 ὧν
2552 4322 2704 4391 μετὰ
2767 4322 2832 4374 τὸ
2859 4321 3180 4391 βάπτισμα
3226 4325 3257 4376 ὁ
3281 4322 3472 4391 μέγας
3510 4321 3820 4390 διετάξατο

2812 4394 3291 4459 Κωνσταντῖνος.

2314 4508 2425 4561 Καὶ
2462 4507 2579 4578 δῆτ’
2611 4507 2669 4574 ἐξ
2698 4509 2865 4579 αὐτῆς
2902 4509 3065 4577 νόμον
3094 4509 3311 4579 πρῶτον
3346 4510 3644 4580 ἐκτίθησιν,
3679 4512 3820 4567 ὥστε

2243 4601 2332 4654 τὸν
2360 4600 2453 4653 τοῦ
2490 4599 2681 4653 λοιποῦ
2713 4602 3002 4671 τολμῶντα
3056 4602 3450 4672 βλασφημῆσαι
3484 4606 3737 4674 Χριστὸν,
3788 4608 3821 4672 ﬁ

2237 4712 2358 4747 τινα
2398 4695 2506 4747 τῶν
2538 4697 2751 4746 ἐκείνου
2809 4697 3142 4763 τιμωμένων
3189 4695 3414 4764 ὀνόματι
3448 4697 3724 4765 ἀδικῆσαι,
3758 4702 3821 4751 τὸ

2235 4786 2333 4853 τῆς
2400 4786 2723 4855 περιουσίας
2760 4785 2931 4854 ἣμισυ
2987 4784 3400 4852 προσαπόλλειν.
3459 4787 3631 4854 Χερσὶ
3654 4787 3696 4839 δ’
3738 4790 3813 4840 οἱ.

2236 4878 2410 4940 κείαις
2444 4877 2572 4945 ἑξῆς
2607 4876 2894 4929 ἀνσλαδὼν
2920 4877 3194 4941 δίκελλαν,
3227 4878 3285 4929 ὲν
3331 4878 3407 4949 τῷ
3446 4883 3691 4950 παλατίῳ
3718 4882 3815 4933 αὑ-

2216 4968 2327 5020 τοῦ
2358 4968 2385 5020 ὃ
2415 4970 2792 5040 Λατερνήσιον
2819 4969 3059 5036 λέγεται,
3103 4971 3318 5039 πρῶτος
3353 4971 3451 5040 τῆς
3482 4971 3688 5042 ὀρυγῆς
3720 4973 3815 5042 ἤρα

2236 5078 2404 5130 χετο·
2444 5062 2541 5113 καὶ
2598 5061 2897 5130 ἐκκλησίας
2953 5061 3128 5114 τύπον
3168 5062 3462 5132 διέγραφεν
3517 5066 3597 5126 είς
3648 5064 3815 5132 δνομα

2235 5152 2329 5204 τοῦ
2359 5154 2566 5223 Κυρίου
2619 5153 2778 5222 ἡμῶν
2824 5153 3001 5223 Ἰησοῦ
3056 5152 3320 5224 Χριστοῦ.
3366 5154 3598 5210 Ἔπειτα
3626 5156 3818 5224 ἐψηφί-

2236 5244 2378 5310 ζετο,
2401 5247 2581 5298 πάντα
2610 5246 2735 5299 τινὰ
2765 5250 2842 5317 μὴ
2878 5248 3127 5318 εὐπόρως
3156 5247 3347 5318 ἔχοντα
3370 5249 3439 5302 τὰ
3474 5250 3816 5318 Χριστιανῶν

2236 5336 2513 5406 ἑλόμενον,
2544 5338 2614 5391 τά
2641 5355 2700 5389 τε
2736 5339 3075 5407 ἀναλώματα
3114 5340 3206 5391 καὶ
3231 5340 3326 5400 τὰς
3357 5339 3586 5407 ἐσθῆτας
3625 5341 3688 5391 ἐκ
3708 5340 3813 5391 τῶν

2237 5430 2536 5499 βασιλικῶν
2578 5435 2847 5500 ταμιείων
2878 5433 3218 5501 πορίζεσθαι.
3252 5435 3359 5488 Καὶ
3379 5435 3812 5503 μαρτυρούμενοι

2237 5523 2342 5574 ὑπὸ
2378 5524 2625 5577 εὐλαϐῶν
2659 5525 2893 5594 ἀνδρῶν,
2924 5525 3021 5593 τῆς
3045 5529 3265 5595 χάριτος
3295 5527 3542 5593 ἠξιοῦντο
3563 5541 3574 5553 ·
3610 5524 3701 5576 καί
3751 5541 3810 5589 γε

2235 5614 2312 5681 τῷ
2343 5617 2575 5686 ἐνιαυτῷ
2613 5618 2753 5686 ὑπὲρ
2800 5618 3047 5687 χιλιάδας
3087 5619 3296 5671 δώδεκα
3320 5663 3333 5686 ,
3366 5618 3505 5687 πλὴν
3538 5617 3809 5685 γυναικῶν

2234 5782 2319 5896 Est
2344 5782 2553 5895 (tenete.
2590 5794 2606 5827 ›
2647 5775 2898 5831 Gelasius
2949 5791 3090 5846 papa
3140 5776 3268 5832 dist.
3306 5776 3389 5840 15,
3422 5772 3617 5829 Sancta
3656 5772 3804 5828 Rom.

2284 5860 2339 5895 (τε
2365 5861 2495 5896 εδια.

2284 5860 2495 5900 ιτειεδια.
