4052 6482
295 480 454 559 1235'

1220 481 1824 543 ECCLESIASTICE
1867 483 2256 543 HISTORLE
2296 485 2444 545 LIB.
2487 486 2623 546 VII.

3427 491 3561 553 Ῑῖἷῖὓ

293 613 391 666 καὶ
419 605 674 672 παιδίων,
695 608 803 658 τῶν
833 599 1237 673 βαπτισθέντων
1262 599 1288 649 ὁ
1316 595 1552 667 ἀριθμὸς
1578 594 1875 663 ἐλογίζετο.
1907 648 1908 651 η

2017 598 2090 651 im
2153 598 2347 664 millia,
2416 600 2511 669 qui
2568 599 2829 669 baptizati
2878 612 3039 667 sunt,
3082 602 3354 667 virorum,
3404 618 3562 662 extra

303 705 367 756 Ἡ
403 699 503 771 μὲν
533 698 626 751 οὖν
670 696 766 749 τοῦ
798 690 1040 764 Χριστοῦ
1078 690 1284 759 ποίμνη
1330 687 1662 756 καθημέραν
1690 686 1763 747 ὡς
1789 690 1868 739 εἰ-

293 798 416 849 πεῖν
439 792 682 847 ὲπεδίδου
706 807 719 821 ·
755 790 825 842 τὰ
859 789 915 842 δὲ
939 787 1047 839 τῶν
1083 783 1319 838 εἰδώλων
1353 782 1584 853 ὑπέρρει
1615 782 1736 835 κατ’
1765 781 1875 833 ὀλί-

292 905 388 956 γον
413 886 510 938 καὶ
538 882 853 953 ἠφανίζετο.
881 881 992 933 Καὶ
1011 878 1076 949 δὴ
1106 878 1207 944 τὴν
1243 870 1548 946 σύγκλητον
1568 874 1875 945 προσκαλε-

295 979 531 1049 σάμενος
562 976 707 1029 κατὰ
758 977 860 1045 τὴν
913 970 1201 1043 βασιλικὴν
1252 970 1552 1039 λεγομένην
1606 968 1875 1032 Οὐλπιαν,

294 1071 579 1135 ὲθέσπιζεν
611 1068 898 1138 εἰλικρινεῖ
926 1068 1157 1137 διανοίᾳ,
1199 1066 1355 1126 θεοὺς
1385 1063 1480 1117 τοῦ
1511 1062 1699 1116 λοιποῦ
1736 1066 1876 1133 μήτε

295 1164 571 1232 λέγεσθαι,
635 1164 774 1231 μήτε
822 1159 1219 1214 πιστεύεσθαι·
1260 1156 1397 1227 μηδὲ
1450 1159 1561 1227 γὰρ
1609 1152 1750 1208 εῖναι
1785 1156 1880 1208 ἀν-

298 1255 533 1325 θρώπων
557 1253 714 1315 θεούς
741 1268 754 1281 ·
789 1251 1113 1319 ἀνθρώπους
1148 1250 1204 1302 δὲ
1238 1249 1442 1318 μᾶλλον
1466 1248 1623 1310 θεοὺς
1650 1248 1880 1300 ἐκείνων

298 1343 441 1402 εἶναι
463 1365 478 1378 ·
502 1348 754 1400 κάκεῖνον
775 1344 821 1397 δ’
844 1344 1070 1413 ἐναργὲς
1102 1342 1406 1409 ὑπόδειγμα
1430 1340 1681 1409 ἔχοντας.
1709 1355 1883 1406 προσ-

300 1441 483 1495 κυνεῖν
529 1439 623 1492 καὶ
680 1437 863 1489 σέϐειν
895 1436 986 1487 τὸν
1025 1433 1232 1502 Κύριον
1271 1432 1483 1502 Ἰησοῦν
1533 1431 1770 1500 Χριστὸν
1806 1432 1882 1493 ὡς

300 1533 556 1602 ἀληθινὸν
607 1531 762 1594 Θεὸν,
796 1529 890 1582 καὶ
931 1531 986 1580 ἐν
1041 1527 1291 1596 οὐρανοῖς
1340 1525 1722 1595 βασιλεύοντα.
1776 1522 1884 1576 Καὶ

300 1625 602 1694 τεκμήριον
636 1622 731 1674 τού
770 1621 903 1690 μήτι
935 1619 1034 1687 τῆς
1073 1617 1309 1679 παλαιᾶς
1339 1614 1704 1684 ἐπισύρεσθαι
1742 1615 1883 1668 πλά-

303 1706 401 1785 νης
430 1717 521 1768 τὸν
555 1716 614 1765 ὲν
655 1712 733 1782 τῷ
763 1710 1014 1779 παλατίῳ
1060 1709 1270 1762 ἐδείκνυ
1304 1708 1466 1761 νεών.
1515 1708 1572 1761 Ὃ
1603 1708 1660 1760 δὲ
1714 1709 1887 1776 δῆμος

303 1805 727 1876 ἐπεκρότειτοίς
761 1802 1076 1872 εἰρημένοις
1104 1798 1180 1867 τῷ
1215 1800 1461 1868 βασιλεῖ·
1508 1799 1602 1851 καὶ
1630 1800 1887 1868 τετράκις

306 1899 460 1959 δέκα,
491 1898 552 1951 Ὀ
582 1896 691 1948 τῶν
721 1893 1067 1965 Χριστιανῶν
1096 1892 1228 1955 Θεὸς
1270 1891 1521 1960 ἀληθινὸς
1549 1891 1688 1953 Θεός
1718 1894 1885 1951 ἐστιν,

1980 689 2244 745 mulieres
2265 699 2319 743 ct
2343 706 2566 759 pueros,
2594 693 2649 746 in
2679 693 2948 747 rationem
2971 698 3407 764 regenerationis
3435 712 3567 758 sunt

1984 781 2174 836 relata.
2212 780 2278 835 Et
2309 798 2441 852 grex
2472 783 2694 851 quidem
2731 784 2941 840 Christi
2987 788 3238 857 quotidie
3268 774 3566 859 propemo-

1985 874 2114 928 dum
2150 875 2487 931 incrementa
2531 891 2629 929 sua
2671 877 2926 946 capiebat
2956 896 2969 931 :
3008 879 3438 935 simulacrorum
3467 899 3570 937 au--

1988 974 2094 1019 tem
2139 966 2322 1020 cultus
2363 966 2526 1038 492
2577 969 2838 1036 paulatim
2896 971 3133 1026 dililuxit
3167 988 3230 1026 ac
3270 974 3568 1044 disparuit.

1986 1056 2160 1110 Porro
2202 1067 2395 1112 senatu
2432 1061 2484 1112 in
2532 1060 2818 1113 basilicam
2854 1078 2976 1130 quat
3017 1064 3173 1133 Ulpia
3210 1066 3414 1121 dicitur
3441 1083 3573 1120 con-

1990 1161 2226 1215 vocato,
2265 1149 2484 1206 sincera
2535 1162 2719 1207 mente
2769 1155 2987 1220 sanxit,
3033 1172 3100 1210 ne
3148 1158 3215 1211 de
3259 1167 3457 1212 caetero
3492 1160 3571 1215 dii

1989 1254 2114 1295 esse
2167 1241 2250 1295 vel
2300 1242 2645 1310 dicerentur,
2702 1245 2788 1299 vel
2835 1248 3239 1302 crederentur:
3285 1266 3389 1304 non
3439 1252 3573 1306 deos

1994 1332 2280 1387 hominum
2316 1350 2460 1401 esse,
2512 1336 2608 1390 sed
2658 1340 2843 1406 potius
2877 1340 3131 1394 homines
3172 1342 3306 1396 deos
3355 1342 3573 1396 illorum

1993 1439 2113 1479 esse
2150 1426 2415 1482 dictitans
2451 1444 2465 1481 :
2498 1439 2705 1485 etcum
2743 1448 2801 1486 se
2836 1435 3013 1502 ipsum
3047 1451 3111 1488 ea
3149 1435 3201 1489 in
3235 1452 3294 1489 re
3323 1446 3573 1504 apertum

1996 1517 2459 1588 manifestumque
2506 1521 2775 1578 haberent
2805 1526 3145 1594 exemplum,
3186 1536 3245 1580 ut
3282 1528 3572 1582 Dominum

1997 1619 2247 1665 nostrum
2275 1612 2461 1666 Jesum
2495 1614 2777 1669 Christum
2809 1627 2867 1671 ut
2906 1618 3076 1672 Deum
3108 1635 3298 1673 verum
3331 1630 3576 1674 certum-

1995 1716 2101 1770 que
2136 1702 2187 1754 in
2222 1702 2377 1756 caalis
2423 1719 2739 1773 regnantem
2790 1708 3090 1763 adorarent
3132 1720 3186 1764 et
3217 1712 3479 1768 colerent.
3513 1711 3581 1766 Et

1999 1809 2070 1848 ne
2122 1795 2248 1863 quis
2299 1796 2506 1865 aliquid
2556 1800 2756 1853 veteris
2804 1803 3012 1857 erroris
3066 1805 3211 1873 apud
3265 1820 3323 1859 se
3369 1806 3578 1862 haerere

1998 1888 2265 1956 suspicari
2311 1900 2515 1957 posset,
2568 1893 2904 1947 sinceritatis
2952 1909 3065 1947 suae
3116 1896 3384 1950 indicium
3436 1904 3579 1950 tem-

308 1991 577 2044 ἐπεϐόων.
636 1988 761 2040 Ἐπὶ
799 1987 1013 2049 τούτοις
1065 1985 1268 2056 ἐκύρου
1323 1985 1574 2038 ἑκούσιον
1621 1979 1892 2035 εἶναικαὶ

2015 1978 2143 2031 ilum
2190 1981 2245 2033 in
2299 1981 2508 2037 Palatio
2574 2000 2731 2038 suum
2791 1988 3055 2040 ostendit.
3112 1987 3355 2056 Populus
3410 2004 3580 2058 porro

312 2082 388 2152 μὴ
423 2077 953 2149 κατηναγκασμένον
984 2077 1043 2130 τὸ
1070 2076 1383 2146 βάπτισμα·
1421 2077 1518 2129 καὶ
1561 2075 1636 2144 μὴ
1684 2074 1895 2142 ἀνθρω-

310 2176 452 2244 πίνῳ
483 2173 633 2241 φόϐῳ
664 2174 728 2242 τῇ
757 2169 984 2240 λατρεία
1006 2171 1324 2239 προσιέναι·
1365 2168 1504 2221 ἀλλὰ
1534 2167 1776 2236 σώφρονι
1804 2165 1894 2217 λοε-

308 2265 494 2337 γισμῷ
524 2251 601 2335 τῷ
635 2263 767 2334 θείῳ
802 2262 1093 2332 καταλόγῳ
1131 2258 1535 2327 συζεύγνυσθαι
1566 2259 1658 2310 τὸν
1711 2256 1900 2326 αἱρού-

315 2373 496 2428 μενον.
526 2355 687 2429 Χαρᾶε
719 2353 814 2406 οὖν
849 2352 1085 2424 apem;
1116 2351 1355 2419 εἰσέρρει
1381 2350 1449 2400 τὰ
1480 2347 1687 2417 πλήθη,
1716 2348 1894 2398 τοιού-

312 2465 404 2502 του
436 2448 603 2516 νόμου
634 2446 1104 2512 διαφοιτῆσαντος,
1166 2443 1369 2512 μηδένα
1404 2440 1607 2493 ἄκοντα
1662 2439 1748 2507 ἐφ’
1780 2441 1897 2493 ἑτέ-

317 2558 416 2611 ραν
445 2541 602 2611 ἥκειν
629 2537 948 2609 θρησκείαν.
996 2537 1358 2604 Ἐκοσμούντο
1395 2533 1495 2602 μὲν
1528 2528 1620 2585 οὖν
1653 2534 1752 2585 σὺν
1775 2532 1896 2594 ταῖς

318 2632 638 2701 ἐκκλησίαις
694 2631 765 2683 τὰ
796 2631 903 2682 τῶν
935 2629 1109 2696 ἁγίων
1140 2628 1382 2697 μνημεῖα
1402 2643 1415 2655 ·
1449 2624 1545 2677 καὶ
1577 2625 1645 2676 τὰ
1678 2624 1898 2694 θυμὴρη

319 2720 683 2790 ὲ6ρα6εύοντο
704 2723 815 2782 τοῖς
840 2724 898 2772 ὲν
920 2719 1125 2788 ὲξορίξι·
1155 2718 1248 2770 καὶ
1269 2717 1378 2778 πᾶς
1403 2732 1487 2776 τις
1511 2714 1748 2784 Χριστὸν
1776 2717 1910 2784 ὁμο-

319 2814 495 2883 λογῶν
525 2814 683 2881 φίλος
718 2814 795 2881 τῷ
829 2795 1124 2881 κρατόύντι
1159 2807 1581 2878 ἀνεκηρύττετο.

2000 2069 2317 2136 hujusmodi
2357 2075 2712 2144 imperatoris
2748 2078 2913 2131 dictis
2944 2080 3303 2147 applaudens,
3338 2083 3579 2150 quadra-

1997 2163 2177 2231 gesies
2203 2163 2645 2221 Christianorum
2692 2170 2862 2223 Deum
2905 2186 3095 2224 verum
3130 2172 3299 2225 Deum
3343 2187 3463 2228 esse
3487 2188 3584 2228 ex-

1999 2257 2273 2312 clamavit.
2312 2258 2614 2315 Constituit
2648 2272 2937 2331 przeterea,
2971 2266 3344 2320 voluntarium
3380 2277 3437 2321 et
3470 2282 3580 2322 non

2002 2358 2257 2431 coactum
2312 2354 2643 2420 baptismum
2696 2368 2820 2410 esse
2870 2373 2883 2410 :
2927 2372 3106 2428 neque
3149 2361 3297 2412 metu
3339 2360 3583 2416 humano

2004 2440 2074 2494 ad
2131 2441 2580 2498 Christianorum
2637 2447 2845 2501 cultum
2909 2464 3240 2518 quemquam
3298 2452 3582 2515 accedere,

2003 2543 2198 2586 verum
2244 2535 2543 2601 volentem,
2578 2551 2730 2593 casto
2762 2550 3085 2609 matureque
3124 2544 3373 2605 consilio,
3426 2560 3586 2599 sacro

2008 2623 2227 2679 illorum
2266 2643 2501 2683 numero
2536 2633 2815 2701 aggregari
2846 2632 3071 2687 debere.
3108 2633 3302 2703 itaque
3342 2636 3587 2691 incredi-

2006 2718 2133 2773 bilis
2164 2721 2217 2773 in
2246 2725 2451 2790 populo
2479 2724 2583 2778 fuit
2619 2727 2828 2792 laetitia,
2848 2726 2968 2796 lege
2994 2742 3055 2781 ea
3083 2728 3358 2797 publicata
3394 2746 3407 2794 ;
3441 2731 3589 2799 quod

2011 2826 2177 2866 nemo
2217 2828 2410 2869 contra
2444 2818 2613 2871 animi
2665 2819 2750 2871 sui
2789 2820 3121 2874 sententiam
3168 2824 3236 2875 ad
3269 2824 3430 2876 aliam
3464 2822 3593 2877 reli-

320 2910 541 2983 gionem
586 2906 1029 2979 pertraherctur.
1103 2904 1243 2957 Cum
1312 2902 1562 2956 ecclesiis
1607 2900 1742 2969 ipsis
1813 2912 2174 2959 monumenta
2223 2920 2540 2962 sanctorum
2584 2913 3015 2979 exornabantur,
3065 2924 3327 2985 grataque
3395 2924 3452 2970 et
3502 2930 3594 2972 ac-

322 3014 482 3072 cepta
530 3001 586 3054 in
620 3001 875 3056 exsilium
919 2998 1057 3051 actis
1091 2994 1314 3066 praemia
1360 2993 1844 3050 constituebantur
1888 3007 1988 3049 :et
2058 2997 2375 3067 quicunque
2444 2997 2725 3054 Christum
2758 3004 3130 3069 proﬁteretur,
3171 3006 3217 3061 is
3250 3007 3459 3060 amicus
3489 3006 3594 3059 im-

327 3100 600 3170 peratoris
625 3111 748 3153 esse
780 3095 1255 3166 promulgabatur.

892 3234 1147 3289 ΚΕΦΑΛ.
1193 3230 1316 3286 AE'.

2563 3230 2789 3287 CAPUT
2829 3232 3045 3287 XXXV.

341 3332 720 3399 ’Δγτίρῤησις
752 3327 905 3394 πρὸς
929 3326 1073 3390 τοὺς
1108 3322 1400 3391 λέγοντας
1430 3321 1693 3391 ὕστερον
1715 3320 1785 3374 ἐν
1814 3323 1908 3401 Νέ-

398 3401 687 3448 αωιηιδεία
721 3398 1112 3448 ϐεϐαπτίσθαι
1136 3397 1245 3448 τὸν
1283 3393 1470 3448 ιιέγαν
1520 3397 1908 3446 Κωνσταντιο

2017 3323 2281 3448 ﬂagitatio
2327 3340 2507 3377 eorum
2544 3324 2632 3391 qui
2669 3326 2938 3388 dixerunt,
2972 3334 3150 3394 postea
3185 3326 3595 3384 Constantinum

2135 3396 2398 3448 icomedia:
2450 3393 2512 3445 ab
2559 3394 2774 3445 Arionis
2809 3411 2916 3446 esse
2966 3397 3328 3448 baptizatum.
3363 3408 3411 3448 et
3462 3401 3595 3448 auod

398 3389 1113 3470 κοιῖὴδὲίᾳίβεέαπτίσθιις
1136 3389 1245 3470 τόν
1277 3393 1470 3470 μέγαν
1520 3389 1908 3470 literatur??-

398 3462 511 3528 νώ·
539 3462 667 3524 ὖπὸ
696 3462 1013 3535 Ἄρειανῶγ
1036 3481 1048 3493 ·
1088 3464 1339 3518 ἑλέσθαι
1388 3463 1457 3535 δὲ
1490 3463 1590 3535 καί
1656 3462 1730 3512 τὰ
1779 3462 1910 3527 Χρι-

401 3539 669 3597 στιανῶν
700 3532 799 3594 δίά
821 3537 928 3590 τὸν
956 3537 1152 3604 φόνον
1181 3535 1287 3588 τοῦ
1314 3532 1449 3586 υἱοῦ
1480 3532 1778 3600 Κρίσπον.

435 3653 532 3703 Οτι
566 3663 631 3716 γε
663 3647 769 3715 μὴν
803 3644 897 3695 ἐπὶ
931 3640 1149 3710 Ῥώμης
1181 3638 1286 3690 ὑπὸ
1321 3637 1632 3707 Σιλόἐστρῳ
1670 3633 1748 3705 τῷ
1782 3634 1914 3704 θείῳ

332 3748 361 3800 ὁ
396 3745 542 3814 ἱερὸς
565 3722 978 3800 Κωνσταντῖνος
1017 3734 1341 3805 βαπτίζεται
1380 3732 1519 3799 μετὰ
1570 3730 1668 3799 τὴν
1697 3728 1913 3793 Μαξεν-

333 3839 450 3890 τίου
484 3832 786 3888 κατάλυσιν
815 3828 894 3899 τῷ
927 3824 1207 3895 σταυρικῷ
1244 3824 1457 3893 σημείῳ
1487 3822 1797 3891 ἀνακράτος
1828 3839 1915 3874 νε-

335 3927 660 3998 νικημένου,
689 3923 930 3976 δείκνυσι
964 3920 1057 3973 καὶ
1087 3922 1115 3972 ὁ
1151 3917 1460 3987 βαπτιστὴρ
1480 3914 1574 3967 ἐπὶ
1614 3913 1836 3982 Ῥώμην
1858 3914 1916 3975 ἐς

335 4019 495 4090 δεῦρο
546 4014 882 4085 παραμένων
907 4009 1003 4064 τοῦ
1034 4009 1253 4080 χρόνου,
1298 4008 1380 4069 είς
1414 4003 1726 4074 μαρτυρίαν
1756 4005 1915 4071 ἀκρι-

342 4112 638 4164 ὅέστατον·
692 4108 766 4169 ὡς
794 4104 1028 4174 ἀνδρῶν
1062 4101 1451 4169 πρεσϐυτέρων
1497 4099 1646 4151 ἐστιν
1692 4097 1918 4151 ἀκούειν

342 4206 472 4275 περὶ
500 4201 699 4254 πολλοῦ
750 4192 1094 4267 ποιουμένων
1142 4194 1424 4263 ἀλήθειαν.
1486 4190 1693 4259 Μηδενὶ
1744 4188 1801 4241 δὲ
1834 4189 1922 4241 διὰ

345 4292 623 4363 θαύματος
677 4289 841 4355 ἔστω,
875 4290 921 4341 εί
957 4289 1062 4356 πρὸ
1100 4284 1196 4337 τοῦ
1247 4282 1622 4353 βαπτίσματος
1662 4278 1921 4345 τοιαύτης

343 4387 683 4457 ηύμοίρησεν
717 4385 744 4434 ὁ
774 4380 1132 4446 πανεύερημος
1165 4378 1409 4448 χάριτος,
1455 4374 1530 4435 ὡς
1588 4373 1772 4440 φωνῆς
1828 4370 1925 4438 μὲν

346 4480 498 4540 θείας
531 4481 589 4529 ὲν
623 4473 836 4545 μεθέξει
871 4470 1150 4538 γενέσθαι,
1180 4469 1275 4520 καὶ
1304 4468 1394 4520 τὸν
1428 4467 1611 4534 τίμιον
1638 4462 1733 4515 τοῦ
1761 4477 1928 4515 σταυ-

350 4571 444 4642 ροῦ
475 4569 648 4621 τύπον
688 4568 744 4619 ἐν
775 4559 991 4632 ούρανῷ
1043 4560 1320 4625 κατιδεῖν,
1367 4557 1478 4609 τῶν
1510 4572 1571 4608 τε
1623 4553 1785 4608 θείων
1837 4553 1928 4604 καὶ

2135 3395 2422 3467 icomedite
2450 3393 2512 3467 ab
2559 3394 2774 3467 Arionis
2809 3411 2933 3467 esse
2966 3393 3292 3461 baptizatum
3314 3438 3328 3459 ,
3363 3408 3411 3451 et
3462 3401 3600 3467 quod

2084 3474 2297 3533 propter
2322 3464 2422 3530 ﬁlii
2449 3463 2625 3532 Crispi
2652 3465 2844 3516 cwdem
2875 3464 3341 3520 Christianismum
3382 3463 3596 3522 assitm-

2087 3537 2264 3603 pserit.
2908 3544 2913 3548 ‘

2085 3639 2240 3706 Quod
2266 3648 2448 3694 autem
2483 3638 2668 3691 Romae
2692 3654 2723 3692 a
2753 3637 3037 3709 Sylvestro
3071 3656 3320 3697 sacratus
3351 3653 3409 3699 et
3437 3644 3600 3700 divus

2014 3728 2411 3788 Genstautinus
2450 3732 2759 3800 baptizatus
2787 3732 2880 3798 sit,
2920 3743 3047 3803 post
3075 3732 3338 3790 Maxentii
3370 3752 3603 3806 oppres-

2017 3825 2251 3888 sionem,
2306 3824 2398 3892 qui
2440 3822 2738 3877 fortissime
2783 3824 2886 3877 sub
2921 3826 3077 3894 signo
3106 3827 3291 3881 crucis
3323 3838 3409 3882 est
3446 3830 3603 3883 devi-

2019 3929 2163 3984 ctus,
2189 3918 2322 3973 satis
2344 3918 2584 3972 ostendit
2603 3918 3014 3986 baptisterium,
3035 3919 3179 3988 quod
3202 3920 3268 3973 ad
3295 3920 3399 3975 hoc
3426 3937 3603 3991 usque

2022 4018 2240 4079 tempus
2263 4011 2385 4075 ejus
2415 4010 2493 4064 rei
2525 4011 2698 4080 gratia
2726 4010 2781 4064 in
2817 4011 3191 4065 testimonium
3232 4013 3601 4068 certissimum

2024 4100 2213 4155 Roma:
2242 4112 2561 4156 asservatnr
2596 4117 2609 4154 :
2650 4103 2815 4156 sicuti
2856 4106 2959 4158 hoc
3001 4104 3069 4158 de
3106 4104 3245 4158 viris
3279 4113 3411 4159 natu
3444 4121 3608 4174 gran—

2024 4194 2307 4259 dioribus,
2337 4211 2429 4263 qut
2463 4195 2776 4249 vertitatem
2816 4197 3039 4251 maximi
3083 4196 3314 4261 faciunt,
3357 4198 3603 4252 auditur.

2025 4285 2240 4341 Nemini
2280 4302 2413 4341 vero
2454 4288 2652 4341 mirum
2694 4287 2871 4341 videri
2917 4288 3117 4352 debet,
3166 4289 3312 4357 quod
3349 4298 3477 4342 ante
3514 4291 3606 4343 ba-

2028 4380 2289 4448 ptismum
2312 4380 2727 4435 laudatissimus
2752 4380 3180 4450 princepstanta
3204 4384 3379 4452 gratia
3404 4382 3605 4453 dignus

2025 4468 2306 4536 judicatus
2336 4468 2426 4530 sit,
2466 4477 2525 4521 ut
2556 4469 2799 4523 divinam
2826 4485 3018 4525 vocem
3050 4472 3115 4524 ad
3151 4487 3208 4527 se
3242 4474 3476 4527 delatam
3515 4490 3611 4526 au-

2034 4558 2199 4622 diret,
2226 4567 2287 4611 ut
2316 4559 2682 4611 venerandam
2710 4561 2893 4614 crucis
2922 4560 3155 4614 formam
3184 4564 3235 4614 in
3277 4564 3421 4617 emlo
3452 4563 3609 4617 vide-
3689 4563 3694 4569 ’

353 4664 516 4733 ίερῶν
540 4659 858 4715 ἀποστόλων
889 4653 1094 4722 Πέτρου
1133 4650 1225 4703 καὶ
1257 4650 1468 4702 Παύλου
1510 4649 1637 4709 τοὺς
1692 4645 1908 4699 σεπτοὺς

2036 4660 2141 4713 ret,
2184 4659 2352 4719 utque
2395 4651 2742 4705 honorandas
2786 4652 3038 4706 divorum
3078 4666 3131 4707 et
3163 4669 3443 4711 sacrorum
3479 4671 3614 4723 apo-

351 4754 712 4827 χαρακτῆρας
736 4744 1038 4802 θεάσασθαι
1063 4761 1076 4774 ·
1108 4744 1203 4796 καὶ
1235 4746 1343 4811 γὰρ
1368 4739 1577 4796 ἄνωθεν
1613 4740 1704 4793 τὸν
1737 4739 1936 4808 τρόπον

353 4846 679 4921 Χριστιανὸς
709 4840 797 4914 ἦν,
838 4841 935 4894 καὶ
967 4842 1021 4890 ὲν
1066 4839 1178 4898 τοῖς
1226 4836 1480 4906 οὐρανοῖς
1514 4833 1574 4884 τὸ
1611 4832 1787 4900 ὄνομα
1826 4833 1937 4882 ἐνε-

355 4942 566 5013 γράφη.
607 4938 716 4991 Καὶ
740 4937 810 4988 τὰ
844 4933 1048 4999 σημεῖα
1075 4930 1135 4983 οὐ
1161 4931 1270 4989 τοῖς
1302 4928 1555 4988 ἀπίστοις
1584 4927 1768 4993 μόνον,
1801 4921 1939 4976 ἀλλὰ

357 5010 588 5090 καὶτοῖς
618 5023 939 5077 πιστεύουσι
978 5016 1371 5072 διαδείκνυται.
1423 5013 1490 5066 Oi
1515 5029 1577 5080 γε
1635 5011 1744 5081 μὴν
1796 5010 1938 5064 κατὰ

356 5123 454 5192 τὴν
474 5120 591 5173 Ἕω
611 5117 681 5169 τὰ
696 5114 906 5184 Ἀρείου
941 5111 1107 5163 πάλαι
1129 5110 1496 5177 φρονήσαντες
1524 5106 1582 5156 ὲν
1598 5101 1939 5171 Νικομηδείξι

326 5215 549 5267 τοῦτον
608 5207 900 5276 ἱστόρησαν
957 5201 1062 5255 ὑπὸ
1103 5197 1367 5251 Εὑσεϐίου
1423 5193 1519 5247 τοῦ
1565 5194 1939 5262 Νικομηδεξας

365 5306 500 5376 πρὸς
526 5303 755 5355 θάνατον
774 5296 1035 5366 γεγονότα
1065 5294 1123 5344 τὸ
1147 5291 1432 5361 βάπτισμα
1466 5285 1743 5349 δέξασθαι.
1783 5283 1940 5337 ’Λνε-

367 5397 592 5453 ϐάλλετο
612 5396 743 5464 γὰρ,
769 5391 922 5461 φησὶ,
960 5386 1017 5439 τὸ
1053 5386 1338 5453 βάπτισμα
1370 5383 1426 5434 ἐν
1457 5380 1534 5450 τῷ
1579 5379 1822 5448 Ἰορδάνῃ
1846 5393 1944 5429 πο-

368 5508 525 5559 ταμελ
578 5481 1003 5554 διαπράξασθαι.
1075 5477 1247 5529 Τοῦτο
1299 5475 1355 5527 δὲ
1411 5472 1639 5527 αὐτόθεν
1687 5471 1801 5542 ἔχει
1850 5472 1943 5522 τὸν

369 5583 588 5649 ἔλεγχον
609 5597 623 5609 ·
652 5577 713 5629 τὸ
752 5577 859 5645 γὰρ
908 5570 1133 5641 ἀκριϐὲς
1161 5571 1216 5620 ὲν
1258 5565 1446 5636 Ῥώμῃ
1483 5565 1588 5617 ὑπὸ
1614 5564 1942 5629 Σιλϐέστρου

370 5674 531 5726 αὑτὸν
560 5670 920 5741 βαπτισθῆναι
955 5667 986 5734 ἡ
1029 5661 1325 5729 Ἐκκλησία
1356 5664 1641 5727 κηρύττει.
1670 5658 1780 5708 Καὶ
1812 5658 1945 5708 πᾶσι

449 5857 525 5927 (1)
563 5875 581 5907 ι
617 5855 693 5909 De
735 5851 1218 5927 ejusAbaptismate
1252 5848 1355 5927 ,ιιιί
1403 5845 1618 5927 variant
1666 5852 1943 5927 auctores,

375 5917 782 5984 sic‘c'oustauti'
808 5924 937 5987 (ide,
966 5917 1086 5990 qum
1136 5923 1203 5975 de
1252 5917 1468 5986 imperii
1514 5917 1811 5970 donatione
1839 5917 1947 5967 cir-

2041 4743 2305 4797 stnlorum
2332 4742 2476 4797 Petri
2502 4752 2557 4797 et
2589 4743 2741 4797 Pauli
2767 4743 3031 4814 imagines
3060 4755 3358 4813 spectaret.
3394 4746 3612 4800 Dudum

2040 4836 2188 4887 enim
2226 4844 2384 4888 antea
2417 4835 2668 4889 moribus
2695 4834 3043 4888 Christianus
3080 4836 3276 4896 fuerat,
3316 4842 3371 4887 et
3412 4850 3613 4889 nomen

2041 4930 2161 4999 ejus
2206 4928 2257 4981 in
2308 4928 2463 4983 cmlis
2510 4928 2776 4996 scriptum
2833 4939 2973 4983 erat.
3016 4928 3083 4982 Et
3131 4944 3241 4981 non
3298 4928 3615 4981 inﬁdelibus

2045 5030 2253 5073 tantum
2278 5060 2292 5085 ,
2327 5019 2420 5074 sed
2454 5028 2511 5074 et
2541 5019 2895 5074 credentibus
2925 5020 3077 5091 signa
3121 5021 3473 5076 exhibentur.
3510 5020 3613 5085 Qui

2041 5110 2202 5180 493
2232 5111 2287 5165 in
2338 5110 2563 5165 Oriente
2605 5111 2733 5163 olim
2781 5110 2997 5165 Arianae
3043 5123 3209 5165 scene
3255 5111 3440 5175 fuere,
3473 5108 3621 5164 Con-

2042 5203 2345 5254 stantinum
2387 5200 2723 5255 Nicomediae
2752 5202 2822 5255 ab
2872 5201 3108 5255 Eusebio
3153 5201 3272 5271 ejus
3302 5201 3456 5254 urbis
3493 5200 3617 5268 cpi-

2044 5308 2211 5360 scapo
2237 5295 2344 5363 jam
2379 5296 2708 5347 moriturum
2770 5293 3100 5361 baptismum
3132 5291 3461 5359 suscepisse,
3494 5306 3622 5359 pro-

2045 5384 2304 5438 diderunt
2346 5387 2460 5455 (t):
2520 5394 2812 5453 promerea
2863 5400 2990 5438 eum
3056 5398 3271 5437 sacrum
3340 5381 3620 5435 lavacrum

2047 5476 2330 5531 distulisse
2365 5478 2638 5543 dicentes,
2669 5477 2815 5546 quod
2846 5477 2898 5530 id
2937 5478 2991 5530 in
3028 5475 3268 5530 Jordane
3296 5473 3461 5528 fluvio
3498 5489 3624 5543 per—

2050 5570 2212 5624 ﬁcere
2240 5570 2499 5624 voluerit.
2529 5570 2583 5623 id
2618 5585 2748 5624 vero
2774 5583 2839 5622 ex
2872 5584 2939 5622 eo
2965 5568 3122 5621 facile
3157 5567 3446 5629 refellitur,
3473 5564 3626 5635 quod

2050 5662 2292 5717 Ecclesia
2322 5679 2352 5715 a
2382 5662 2662 5732 Sylvestro
2704 5677 2830 5716 eum
2884 5661 3071 5714 Roma:
3119 5660 3455 5729 baptizatum
3501 5672 3628 5714 esse

2053 5842 2456 5967 Eumfcruntur,
2478 5844 2558 5898 uti
2588 5844 2768 5899 minus
2808 5844 3007 5899 similia
3034 5844 3293 5909 veri,non
3318 5841 3573 5912 probant.
3601 5859 3626 5894 ι

2101 5926 2248 5967 auat.

2101 5926 2248 5978 gnat.
