4052 6448
479 492 552 558 .ὶῖ
571 491 619 553 έἸ

1719 488 2154 550 NICEPIIOIH
2193 488 2540 548 CALLISTI

3637 490 3769 556 1288

477 613 632 662 certo
663 599 952 674 prazdicat.
988 599 1343 670 Quapropter
1377 607 1636 655 testatum
1673 603 1936 657 omnibus
1957 616 2077 658 esse

2184 600 2640 671 διαμαρτύρομαι
2692 598 2839 654 τοῦτ’
2885 599 3131 670 ἀσφαλὲς
3181 601 3274 655 καὶ
3305 601 3512 656 οἴεσθαι
3551 605 3646 656 καὶ
3683 624 3770 658 πι-

478 698 641 760 volo,
682 705 740 750 ut
785 695 891 747 hoc
925 694 1005 748 sic
1045 693 1214 746 etiam
1263 693 1367 762 ipsi
1411 702 1532 748 tuto
1586 704 1640 748 et
1682 697 1984 765 opinentur
2016 704 2072 749 et

479 789 730 843 credant.
779 786 969 839 Ariani
1025 785 1174 838 enini
1227 785 1371 840 male
1406 787 1746 850 sentientes,
1787 789 1974 842 animo
2017 798 2071 841 et

480 880 712 934 consilio
758 878 1037 932 diabolico
1094 877 1201 930 hoc
1246 876 1668 946 conﬁnxerunt,
1711 895 1820 934 non
1885 879 2073 934 Romae

482 973 826 1040 baptizatum
897 985 1026 1024 cum
1086 982 1210 1024 esse
1276 980 1626 1033 asserentes,
1683 979 1778 1023 aut
1838 970 2072 1035 fortasse

478 1063 672 1118 eadem
704 1078 829 1116 cum
867 1061 974 1115 illis
1006 1061 1251 1115 sensisse
1272 1071 1612 1126 astruentes,
1647 1065 1878 1134 perinde
1907 1073 2072 1134 atque

480 1156 551 1210 ab
591 1154 727 1224 ipsis
775 1164 1072 1223 propterea
1123 1152 1386 1223 baptismi
1438 1155 1670 1223 gratiam
1725 1155 2066 1224 susceperit:

478 1247 628 1318 quod
680 1244 1043 1300 absurditatis
1094 1254 1151 1298 et
1190 1245 1463 1300 mendacii
1508 1246 1730 1315 plenum
1766 1255 1870 1301 est.
1915 1245 2072 1314 Quod

478 1337 521 1391 si
563 1335 717 1390 enim
748 1333 992 1387 nondum
1031 1333 1171 1387 sacri
1206 1333 1411 1389 lavacri
1442 1335 1724 1404 particeps
1766 1335 1895 1400 fuit,
1932 1351 2071 1391 con-

478 1433 730 1498 sequitur
775 1442 902 1482 eum
943 1441 1127 1497 neque
1175 1427 1231 1480 in
1279 1427 1502 1482 Nicaena
1549 1428 1763 1497 synodo
1807 1444 1932 1483 cum
1966 1429 2071 1484 Pa-

479 1521 659 1576 tribus
685 1535 1044 1590 congressum
1069 1535 1212 1584 esse,
1237 1531 1294 1574 et
1325 1535 1454 1574 cum
1479 1520 1561 1575 eis
1595 1520 1782 1574 divina
1809 1523 2072 1592 mysteria

479 1631 591 1670 non
641 1613 1024 1684 participasse.
1081 1612 1373 1678 Quomodo
1423 1629 1556 1668 vero
1598 1614 1760 1667 aliter
1812 1613 2074 1669 benedic-

463 1705 634 1760 ‘tione
668 1720 861 1759 eorum
905 1705 1109 1774 dignus
1139 1715 1434 1773 reputatus
1465 1718 1612 1760 esset
1633 1745 1647 1768 ,
1678 1715 1731 1760 et
1761 1707 2074 1763 communis

485 1811 689 1851 mensae
745 1797 1028 1865 particeps
1087 1794 1340 1850 fuisset?
1379 1797 1544 1852 sicuti
1596 1797 1830 1853 historia
1879 1801 2068 1855 tradit.

484 1889 688 1942 Verum
727 1887 918 1942 Ariani
969 1888 1192 1957 quidem
1243 1889 1360 1943 h:ec
1397 1890 1745 1970 siegludant,
1793 1907 1896 1947 nos
1937 1908 2072 1947 vero

2185 694 2417 748 στεύειν.
2443 695 2505 747 Oi
2540 695 2649 764 γὰρ
2673 694 2730 760 ἐξ
2763 694 2974 764 Ἀρείου
3001 694 3188 755 κακῶς
3205 695 3564 766 διακείμενοι,
3586 698 3769 752 τοιαί-

2182 802 2248 836 τα
2276 787 2338 837 ὲκ
2361 785 2761 854 κακοδαίμονος
2793 785 3034 850 διανοίας
3058 786 3393 852 ἀνέπλασαν,
3428 789 3768 843 ἀϐάπτιστον

2182 877 2344 929 αἰτὸν
2367 875 2764 944 ἀποφαίνοντες
2789 915 2803 936 ,
2833 877 2865 946 ἢ
2907 875 3037 939 ῐσως
3063 879 3131 930 τὰ
3161 879 3253 931 ῖσα
3289 881 3508 950 φρονεῖν
3540 881 3767 944 ἐκείνοις

2179 965 2345 1019 αὑτὸν
2372 967 2825 1035 μνηστευόμενοι.
2859 967 2934 1029 ὡς
2971 967 3030 1030 ἐξ
3061 967 3290 1020 ἐκείνων
3337 971 3436 1040 τὴν
3475 969 3636 1040 χάριν
3672 971 3765 1022 τοῦ

2185 1058 2564 1127 βαπτίσματος
2612 1059 2895 1129 εἰληφότα.
2940 1060 3118 1129 Ὅπερ
3161 1062 3392 1123 ἀτοπίας
3418 1065 3510 1113 καὶ
3539 1061 3766 1130 ψεύδους

2183 1149 2512 1219 ἀνάμεστον.
2544 1151 2603 1202 Εἰ
2631 1151 2740 1220 γὰρ
2777 1150 2933 1203 οὔπω
2954 1152 3050 1204 τοῦ
3070 1150 3216 1203 θείου
3251 1153 3483 1221 μετέσχε
3514 1152 3762 1222 λούτρου,

2183 1243 2478 1310 συνάγεται
2516 1243 2640 1312 μηδ’
2670 1245 2730 1296 ἐν
2768 1247 2834 1313 τῇ
2867 1244 3010 1297 κατά
3045 1243 3280 1298 Νίκαιαν
3333 1247 3540 1314 συνόδῳ
3575 1247 3766 1316 συνέρ-

2182 1335 2373 1408 χεσθαι
2433 1337 2548 1397 τοῖς
2595 1337 2846 1406 Πατράσι
2875 1377 2890 1400 ,
2950 1336 3044 1390 καὶ
3082 1337 3194 1390 τῶν
3225 1338 3390 1392 θείων
3450 1339 3765 1408 μυστηρίων

2183 1431 2368 1491 αὐτοῖς
2422 1430 2724 1483 κοινωνεῖν.
2785 1431 2908 1492 Πῶς
2939 1429 2996 1482 δὲ
3029 1428 3286 1498 εὐλογίας
3312 1431 3545 1493 ἐκείνοις
3595 1448 3766 1502 κατη-

2185 1522 2361 1588 ξιοῦτο
2391 1524 2480 1576 καὶ
2507 1523 2693 1592 κοινῆς
2738 1525 2958 1593 μετεῖχε
3009 1524 3316 1595 τραπέζης,
3372 1525 3445 1587 ὡς
3477 1527 3510 1592 ἠ
3553 1525 3763 1594 ἱστορία

2184 1616 2508 1688 παρέδωκε;
2553 1616 2696 1669 Ἀλλ’
2737 1617 3010 1686 Ἀρειανοὶ
3037 1617 3137 1687 μὲν
3175 1617 3350 1671 ταῦτα
3388 1617 3761 1681 παιζέτωσαν·

2183 1710 2346 1778 ἡμεῖς
2375 1709 2431 1760 δὲ
2459 1709 2558 1776 τῆς
2595 1709 2838 1778 ἱστορίας
2864 1708 3142 1779 ἐχώμεθα.
3178 1711 3292 1764 Ούκ
3321 1710 3500 1777 ἀγνοῶ
3547 1726 3608 1775 γε
3657 1708 3763 1778 μὴν

2183 1801 2276 1854 καὶ
2307 1800 2343 1854 ὃ,
2375 1800 2774 1869 συκεφαντοῠσι
2801 1801 2894 1854 τὸν
2915 1803 3330 1856 Κωνσταντῖνον
3355 1800 3633 1869 Ἕλληνες.
3658 1799 3766 1853 Καὶ

2184 1892 2291 1958 γὰρ
2319 1889 2414 1942 καὶ
2453 1882 2600 1942 οὗτοι
2653 1904 2842 1957 φασιν,
2894 1889 2971 1952 ὡς
3006 1889 3097 1943 τὸν
3152 1891 3580 1950 Κωνσταντῖνον.
3614 1888 3766 1952 τινάς

483 1980 552 2034 ad
596 1981 885 2035 historiam
915 1990 1285 2036 revertamur.
1319 1981 1511 2051 Neque
1548 1997 1679 2037 sane
1713 1984 1928 2054 ignoro,
1957 2000 2077 2054 quae

2184 1980 2260 2052 τῷ
2287 1982 2437 2048 γένει
2475 1983 2855 2052 προσήκοντας
2880 1982 3161 2046 ἀνελόντα,
3199 1983 3437 2053 Κρίσπῳ
3477 2000 3536 2035 τε
3565 1982 3640 2051 τῷ
3666 1983 3765 2047 υἱῷ

483 2074 648 2126 etiam
700 2073 932 2143 gentiles
987 2088 1083 2141 per
1139 2074 1560 2144 schphautiam
1617 2087 1674 2130 et
1729 2077 2074 2132 calumniam

485 2166 717 2228 crimina
755 2165 1126 2221 Constantino
1171 2168 1507 2238 impingam.
1557 2171 1756 2225 Dicunt
1792 2171 1938 2225 enim
1972 2171 2075 2237 illi,

485 2258 951 2322 Constantinum,
998 2258 1146 2325 quod
1189 2261 1473 2329 quosdam,
1504 2262 1610 2315 sibi
1661 2261 2076 2332 propinquitate

484 2364 542 2405 et
599 2351 865 2421 sanguine
938 2352 1166 2421 junctos
1234 2353 1652 2418 interemisset,
1707 2365 1764 2409 et
1822 2355 2077 2427 Crispum

487 2444 661 2498 illium
697 2460 857 2498 suum
915 2460 1078 2498 manu
1133 2461 1231 2501 sua
1281 2447 1616 2512 occidisset,
1659 2463 1850 2518 quem
1878 2449 2077 2504 Fausta

486 2550 761 2601 noverca,
813 2538 969 2606 quasi
1025 2538 1177 2592 illam
1230 2538 1299 2592 de
1347 2539 1560 2594 incesto
1611 2551 1803 2610 stupro
1838 2541 2078 2611 compcl‘

486 2629 675 2692 lasset,
709 2628 853 2698 apud
889 2636 1100 2697 patrem
1139 2629 1424 2695 detulerit,
1461 2631 1790 2700 paenitentia
1821 2630 2072 2692 ductum,

487 2731 614 2772 cum
656 2720 891 2786 Sepatro
938 2718 1303 2789 pliil030pho,
1337 2720 1432 2789 qui
1481 2731 1592 2774 tum
1636 2719 1836 2774 Plotini
1871 2721 2078 2774 scholae

490 2819 743 2878 praeerat,
783 2810 851 2864 de
886 2810 1211 2865 lustralibus
1251 2813 1684 2882 purgationibus
1724 2815 2074 2877 contulisse;

491 2903 757 2971 illumque
789 2903 1172 2971 respondisse,
1215 2905 1499 2958 neminem
1535 2920 1762 2973 prorsus
1795 2913 2076 2958 tantarum

492 2994 943 3063 inquinationum
979 2994 1270 3064 reliquisse
1301 2995 1702 3064 expiationem.
1736 2995 1984 3064 Cumque
2013 3011 2076 3050 ea

491 3085 560 3140 de
603 3101 770 3141 causa
815 3087 868 3139 in
907 3087 1146 3141 maxima
1190 3096 1341 3141 esset
1375 3087 1751 3143 sollicitudine
1786 3097 1841 3142 et
1883 3089 2078 3142 anxie-

493 3188 640 3242 tate,
678 3179 735 3233 in
774 3177 1220 3234 Christianorum
1269 3179 1564 3250 episcopos
1609 3195 1738 3234 eum
1789 3179 2076 3245 incidisse,

492 3267 586 3338 qui
631 3267 712 3322 illi
756 3268 988 3338 polliciti
1036 3269 1185 3335 sint,
1235 3283 1333 3338 per
1379 3268 1716 3338 baptismum
1770 3283 1828 3322 se
1873 3284 1981 3322 non
2018 3283 2078 3321 ea

495 3369 744 3424 tantum,
777 3359 874 3414 sed
922 3359 1097 3414 multo
1138 3360 1306 3414 etiam
1357 3360 1650 3431 grandiora
1695 3360 1908 3430 piacula
1945 3375 2074 3429 pur-

492 3467 623 3524 gare
666 3468 848 3523 posse.
897 3451 1090 3520 itaque
1132 3452 1280 3522 quod
1333 3453 1444 3508 voti
1499 3452 1581 3507 sui
1629 3468 1856 3522 compos
1907 3451 2080 3506 factus

492 3552 662 3608 esset,
687 3544 1042 3598 vehementer
1064 3559 1190 3598 eum
1220 3545 1488 3610 lsetatum,
1518 3544 2081 3620 Christianorumque

494 3650 654 3691 sacra
687 3633 1025 3689 admiratum
1069 3650 1193 3690 esse
1225 3651 1239 3689 :
1287 3635 1530 3704 datoque
1573 3635 1800 3690 Christo
1831 3636 2078 3697 nomine,

493 3724 735 3781 subditis
778 3725 906 3781 snis
962 3740 1085 3780 eam
1142 3727 1532 3780 necessitatem
1596 3725 1966 3795 imposuisse‘,
2021 3733 2083 3778 ut

492 3816 782 3888 gentilium
829 3816 1154 3886 religionem
1191 3817 1532 3887 abjurarent.
1570 3815 1774 3871 Verum
1813 3819 1930 3870 haec
1960 3833 2079 3870 nta-

495 3910 699 3965 nifesta
721 3919 856 3964 sunt
885 3909 1165 3978 ﬁgmenta,
1203 3907 1407 3978 quibus
1436 3907 1880 3962 Christianorum
1920 3906 2078 3962 ﬁdem

491 4013 550 4058 et
593 4003 854 4072 pietatem
899 4001 1068 4056 veluti
1118 4015 1215 4070 per
1247 4001 1578 4056 comoediam
1627 4001 1916 4055 traducere
1956 4011 2082 4054 stn-

495 4096 761 4150 duerunt.
793 4093 962 4165 494
997 4093 1225 4162 Crispus
1253 4093 1329 4163 (l)
1373 4095 1522 4148 enim
1563 4094 1828 4148 vicesima
1865 4092 2082 4162 imperii

495 4186 621 4256 ejus
655 4199 803 4238 anno
848 4185 1122 4249 decessit,
1169 4194 1399 4255 propter
1433 4200 1598 4255 quem
1641 4186 1721 4239 illi
1765 4186 2083 4254 expiatione

492 4294 623 4335 eum
656 4293 798 4349 opus
838 4277 1101 4333 habuisse
1137 4277 1354 4334 dicunt.
1388 4276 1438 4332 ls
1480 4291 1705 4347 quoque
1749 4277 1950 4332 multas
1983 4293 2084 4346 pro

495 4373 833 4430 Christianis
867 4382 1152 4442 superstes
1185 4369 1372 4426 adhuc
1407 4386 1533 4426 cum
1568 4383 1723 4441 patre
1755 4372 1905 4442 leges
1937 4373 2082 4435 tulit,

497 4475 557 4519 ut
597 4467 691 4536 qui
743 4465 1052 4520 secundum
1080 4457 1158 4519 in
1207 4464 1444 4533 imperio
1486 4463 1674 4518 locum
1724 4465 1986 4530 haberet,
2027 4471 2084 4520 et

493 4560 678 4614 Caesar
722 4568 920 4614 esset:
963 4558 1131 4614 sicuti
1182 4559 1290 4612 hoc
1338 4557 1504 4613 hodie
1553 4569 1800 4628 quoque‘
1833 4569 2083 4627 tempora

2183 2073 2476 2144 αὐτόχειρα
2508 2073 2599 2126 τὸν
2631 2074 2792 2139 φόνον
2840 2073 3350 2145 διαπεπραγμένον,
3391 2075 3641 2144 Φαύστης
3666 2075 3766 2143 τῆς

2184 2168 2462 2236 μητρυιᾶς
2493 2165 2942 2236 διαϐεϐληκυίας,
2973 2165 3049 2230 ὡς
3071 2168 3155 2236 εἴη
3177 2167 3345 2238 αὐτὴν
3377 2167 3510 2236 πρὸς
3533 2168 3764 2230 ἀτόπους

2178 2255 2400 2324 ὁμιλίας
2453 2254 2824 2322 ὑπερεθίζων,
2868 2256 3178 2326 μετάμελον
3207 2252 3383 2309 εἶναι’
3431 2256 3527 2310 καὶ
3574 2255 3766 2307 Σωπά-

2180 2363 2294 2416 τρῳ
2329 2347 2605 2418 φιλοσόφῳ
2658 2347 2965 2418 τηνικαῦτα
3017 2348 3117 2417 τῆς
3148 2347 3426 2400 Πλωτίνου
3477 2347 3763 2415 διατρισῆς

2183 2438 2498 2507 προεστῶτι
2533 2439 2666 2509 περὶ
2701 2438 3019 2510 καθαρσίων
3041 2437 3536 2494 κοινώσασθαι.Τδν
3558 2439 3598 2493 δ’
3622 2439 3769 2491 ἀνει-

2182 2534 2327 2596 πεῖν,
2379 2531 2584 2601 μηδένα
2607 2517 2717 2584 τῶν
2748 2531 3023 2584 τοσούτων
3051 2531 3417 2601 μολυσμάτων
3442 2531 3768 2585 καταλείπε-

2184 2622 2308 2675 σθαι
2351 2620 2663 2692 καθαρμόν.
2709 2622 2798 2674 Ἐν
2852 2622 3122 2692 ἀδημονίᾳ
3158 2621 3217 2674 δὲ
3259 2622 3428 2694 πολλῇ
3482 2625 3764 2692 γεγονότα,

2181 2713 2530 2781 Χριστιανῶν
2552 2712 2875 2775 ἐπισκόποις
2900 2716 3238 2785 περιτυχεῖν,
3259 2712 3306 2766 οἳ
3329 2715 3422 2767 καὶ
3443 2715 3770 2784 ὑπισχνοῦν-

2181 2820 2244 2856 το
2280 2803 2624 2872 βαπτίσματι
2659 2804 2720 2856 οὑ
2755 2801 2930 2856 ταῦτα
2960 2803 3144 2873 μόνον,
3171 2803 3307 2857 ἀλλὰ
3336 2804 3432 2856 καὶ
3462 2805 3638 2874 πολλῷ
3659 2805 3770 2873 χεί-

2185 2913 2317 2966 ρονα
2347 2896 2613 2958 δυνατοὺς
2643 2895 2785 2948 εἶναι
2838 2895 3258 2964 διακαθαίρεινο
3317 2897 3412 2949 καὶ
3467 2898 3577 2958 τοῖς
3627 2897 3769 2950 κατά

2185 2987 2390 3040 σκοπὸν
2427 2987 2746 3056 ἐντυχόντα,
2800 2986 2945 3055 μέγα
2978 3004 3036 3040 τε
3091 2979 3345 3057 ἡσθῆναι,
3403 2988 3765 3055 θαυμάσαιτε

2183 3080 2252 3132 τὰ
2280 3079 2527 3145 ἐκεί-ων,
2564 3080 2658 3130 καὶ
2695 3079 3028 3148 Χριστιανὸν
3062 3080 3318 3147 γενέσθαι
3347 3094 3362 3110 ·
3417 3080 3536 3150 βίαν
3571 3097 3627 3132 τε
3655 3084 3765 3142 τοῖς

2184 3167 2514 3236 ἀρχομένοις
2537 3165 2840 3232 ἐπάγοντα,
2877 3167 2970 3222 τὸν
3003 3166 3363 3239 Ἐλληνισμδν
3384 3170 3761 3238 ἐξομόσασθαι.

2185 3260 2294 3311 Καὶ
2325 3260 2496 3312 ταῦτα
2527 3261 2584 3312 δὲ
2612 3261 2870 3332 προφανῆ
2907 3261 3224 3331 πλάσματα,
3255 3256 3337 3322 οἷς
3363 3263 3462 3333 τὴν
3496 3265 3758 3332 Χριστια-

2187 3351 2293 3405 νῶν
2323 3352 2599 3405 πολιτείαν
2646 3355 3024 3424 διακωμῳδεῖν
3087 3355 3204 3408 ἐστι
3236 3357 3466 3428 σπουδή.
3520 3358 3763 3422 Κρίσπος

2189 3443 2429 3516 μὲνγὰρ
2479 3445 2556 3514 τῷ
2590 3444 2638 3498 κ’
2688 3447 2799 3499 ἔτει
2830 3448 2929 3516 τῆς
2981 3446 3148 3500 αὑτοῦ
3201 3449 3496 3519 ἡγεμονίας
3533 3453 3624 3503 τὸν
3650 3451 3764 3519 βίον

2185 3539 2424 3592 ἀπέλιπε
2451 3555 2465 3569 ·
2501 3539 2568 3592 δι’
2587 3539 2667 3602 ὃν,
2700 3539 2774 3603 ὥς
2803 3556 2955 3608 φασι,
2992 3541 3090 3610 τῆς
3126 3541 3452 3613 καθάρσεως
3481 3544 3584 3596 ἔδει
3617 3546 3760 3597 £er-

2187 3650 2262 3703 νῳ
2287 3647 2300 3661 '
2335 3634 2394 3695 ὃς
2429 3633 2492 3702 δὴ
2527 3634 2778 3703 Κρίσπος
2809 3635 3040 3698 πολλοὺς
3087 3635 3226 3706 ὑπὲρ
3283 3637 3629 3707 Χριστιανῶν
3683 3644 3760 3690 νό-

2188 3743 2342 3796 μους,
2377 3725 2459 3778 ἐτι
2492 3725 2727 3797 περιὼν,
2764 3729 2862 3780 σὺν
2904 3727 3188 3798 τῷ-πατρὶ
3211 3729 3385 3798 ἔθετο,
3439 3731 3534 3784 ἅτε
3581 3731 3647 3801 δὴ
3699 3733 3764 3784 τὰ

2183 3821 2415 3891 δεύτερα
2441 3822 2541 3891 τῆς
2567 3823 2744 3891 ἀρχῆς
2774 3822 2936 3892 ἔχων,
2969 3824 3187 3893 Καῖσαρ
3213 3824 3288 3878 ὥν
3311 3841 3326 3856 °
3365 3827 3442 3887 ti)‘;
3478 3826 3649 3879 εἰσέτι
3668 3825 3761 3876 νῦν

2185 3911 2237 3962 οῖ
2263 3912 2373 3973 τοῖς
2407 3912 2594 3980 νόμοις
2629 3912 3068 3981 ὑποτεταγμένοι
3103 3913 3287 3982 χρόνοι
3335 3914 3617 3977 μηνύουσι.
3653 3914 3759 3966 Ποῦ

2184 4003 2242 4056 δὲ
2280 4004 2374 4056 καὶ
2407 4001 2704 4074 Σώπατρος
2732 4004 2814 4066 εἰς
2856 4005 3076 4076 ὁμιλίαν
3105 4002 3208 4076 ἧκε
3237 4007 3316 4077 τῷ
3347 4010 3755 4080 Κωνσταντίνῳ,

2191 4096 2363 4166 μόνης
2388 4097 2489 4165 τῆς
2520 4097 2656 4166 πρὸς
2683 4097 2922 4167 Ὠκεανῷ
2941 4101 3031 4151 καὶ
3056 4099 3136 4170 τῷ
3180 4101 3354 4171 Ῥήνῳ
3381 4103 3575 4173 μοίρας
3603 4105 3762 4173 ἠγου·

2190 4189 2369 4259 μένῳ;
2403 4189 2481 4259 Τῇ
2506 4191 2614 4259 γὰρ
2639 4190 2775 4259 πρὸς
2795 4189 3096 4254 Μαξέντιον
3122 4193 3357 4266 διαφορᾷ
3383 4197 3475 4249 ἐπὶ
3497 4195 3596 4265 τῆς
3632 4197 3758 4250 Ἰτα-

2187 4281 2309 4342 λίας
2353 4282 2578 4348 διάγων,
2616 4284 2724 4335 τῶν
2778 4283 3106 4354 Ῥωμαϊκῶν
3156 4289 3504 4358 πραγμάτων
3540 4306 3759 4342 στασια-

2187 4374 2410 4438 ζόντων,
2467 4377 2529 4427 οὑ
2591 4377 2885 4447 πρόχειρον
2939 4374 3008 4449 ἦν
3051 4379 3324 4444 Γαλάταις
3359 4380 3761 4451 συμμίγνυσθαι

2186 4467 2282 4520 καὶ
2315 4467 2660 4538 Βρεταννοῖς,
2692 4470 2823 4540 παρ’
2855 4465 2938 4534 οἷς
2963 4471 3319 4543 ὡμολόγηται
3357 4475 3762 4526 Κωνσταντῖνον

2185 4560 2284 4628 τῆς
2313 4561 2661 4628 Χριστιανῶν
2688 4563 2991 4632 θρησκείας
3042 4569 3376 4636 μετασχεῖν;
3429 4567 3524 4619 καὶ
3565 4566 3690 4635 πρὶν
3725 4567 3759 4635 ἢ
3837 4573 3848 4584 '

495 4651 708 4721 legibus
759 4651 893 4721 ipsis
945 4651 1195 4723 subjecta
1255 4654 1390 4706 satis
1446 4649 1719 4706 indicant.
1780 4649 1888 4706 Ubi
1947 4666 2077 4705 vero

2189 4654 2539 4724 στρατεῦσαι,
2559 4656 2652 4708 ἐπὶ
2672 4657 2978 4720 Μαξέντιον
3005 4658 3100 4710 καὶ
3135 4659 3227 4712 ἐπὶ
3250 4657 3472 4730 Ῥώμην
3497 4660 3593 4713 καὶ
3624 4659 3762 4712 Ἰτα-

499 4748 731 4814 Sopater
766 4744 822 4798 in
868 4743 1216 4799 Constantini
1253 4743 1594 4814 colloquium
1635 4743 1810 4807 venit,
1848 4743 1946 4812 qui
1976 4743 2080 4798 soli

494 4839 544 4892 ci
574 4852 685 4891 orae
723 4852 844 4905 quae
873 4836 943 4891 ad
972 4836 1254 4893 Oceanum
1281 4848 1338 4892 et
1370 4837 1440 4892 ad
1472 4837 1728 4909 Rhenum
1757 4847 1864 4901 est,
1903 4837 2081 4905 impe-

498 4931 692 4985 rabat?
730 4929 869 4984 Cum
919 4939 1106 4985 autem
1158 4931 1430 4986 adversus
1489 4931 1824 4987 Maxentium
1874 4930 2082 4986 bellum

491 5028 732 5090 gereret,
765 5027 819 5073 et
854 5019 907 5072 in
932 5019 1090 5074 italia
1121 5029 1331 5090 ageret,
1355 5021 1521 5076 rebus
1552 5021 1936 5076 Romanorum
1966 5029 2080 5074 tum

495 5104 1052 5176 dissidentibus,'non
1079 5110 1242 5164 facile
1273 5119 1395 5164 erat
1425 5125 1484 5166 se
1513 5111 1684 5166 Gallis
1715 5121 1773 5166 et
1799 5111 2082 5166 Britannis

497 5201 830 5267 inuuiscere,
856 5201 1003 5272 apud
1038 5217 1182 5271 quos
1210 5211 1430 5258 constat
1457 5203 1887 5259 Constantinum
1914 5203 2080 5259 Chri-

494 5295 802 5348 stianorum
829 5295 1153 5365 religionem
1177 5297 1510 5366 suscepisse,
1543 5297 1698 5366 prius
1716 5298 1883 5352 etiam
1913 5313 2078 5368 quam

495 5398 690 5443 contra
719 5389 1057 5446 Maxentium
1083 5393 1434 5460 pugnaverit,
1467 5403 1526 5446 et
1552 5391 1786 5446 Romam
1823 5405 1990 5463 atque
2021 5394 2079 5448 in

498 5482 668 5551 ipsam
710 5483 922 5539 italiam
958 5485 1181 5540 venerit
1214 5501 1228 5538 :
1265 5483 1321 5540 id
1352 5486 1500 5555 quod
1539 5487 1706 5542 etiam
1740 5496 1798 5540 et
1830 5497 2079 5557 tempora

493 5586 550 5630 et
576 5575 726 5646 leges
755 5590 894 5647 quas
931 5591 1029 5646 pro
1063 5576 1226 5632 nobis
1254 5579 1459 5642 sanxit,
1498 5588 1652 5632 certo
1683 5577 2076 5635 teStilicantur.

567 5733 645 5805 (l)
685 5752 704 5786 ‹
760 5733 1353 5806 .rispusConstantini
1408 5733 1575 5795 ﬁlius,
1617 5743 1671 5789 et
1709 5735 1956 5791 Licinius
1984 5736 2078 5806 ju-

497 5801 634 5876 nior'
655 5801 1004 5876 Constantini
1061 5820 1127 5859 ex
1175 5801 1501 5876 Constantia
1536 5821 1728 5860 sorore
1761 5824 1953 5876 nepos,
1985 5801 2080 5864 LI-

500 5875 630 5927 cinii
661 5875 898 5945 senioris
930 5874 1095 5939 ﬁlius,
1126 5869 1463 5945 plurimique
1495 5877 1710 5931 nobiles
1741 5886 1797 5930 ct
1825 5869 2080 5945 praaclari

505 5945 630 6010 viri,
660 5944 729 5995 ‘20
755 5945 1101 6000 Constantini
1137 5946 1356 6014 imperii
1379 5944 1550 6015 anno,
1573 5947 1785 6001 Fausta:
1807 5944 2080 6004 Constan-

2185 4744 2306 4798 λίαν
2338 4746 2548 4798 ἐλθεῖν·
2590 4750 2684 4800 καὶ
2713 4747 2906 4801 τούτου
2942 4749 3107 4803 πάλιν
3141 4751 3191 4802 oi
3243 4751 3430 4821 χρόνοι
3465 4752 3562 4804 καὶ
3589 4752 3638 4803 oi
3677 4749 3763 4803 νό-

2189 4853 2290 4905 μοι,
2316 4837 2592 4905 τάσφαλὲς
2627 4837 3027 4909 μαρτυροῦσιν,
3081 4838 3174 4902 οὒς
3209 4839 3346 4909 ὑπὲρ
3377 4841 3535 4910 ἡμῶν
3584 4838 3756 4891 ἔθετο.

2185 4927 2250 4978 Et
2280 4927 2336 4980 δὲ
2369 4927 2464 4981 καὶ
2501 4929 2697 4997 ῥᾷστον
2731 4931 2970 5000 ἐντυχεῖν
3023 4930 3103 5001 τῷ
3139 4932 3423 5002 Σωπάτρῳ
3452 4932 3694 5000 δοίημεν,
3727 4931 3759 5000 ἢ

2185 5017 2254 5072 δι’
2297 5020 2592 5084 ἐπιστολῆς
2619 5022 2910 5088 πυθέσθαι,
2963 5021 3120 5077 οὔπω
3148 5024 3314 5079 πάλιν
3351 5024 3575 5077 πιθανὸν
3620 5021 3759 5076 εἶναι

2185 5113 2442 5181 φαίνεται
2494 5112 2592 5190 ’τὸν
2643 5113 2900 5168 τοσοῦτον
2963 5116 3254 5185 φιλόσοφον
3319 5119 3556 5184 ἀγνοεῖν,
3605 5117 3680 5178 ὡς
3731 5116 3763 5167 ό

2197 5193 2478 5274 Ἡρακλῆς
2514 5205 2658 5275 μετά
2714 5207 2818 5276 τὴν
2853 5210 3240 5263 τεκνοκτονίαν
3283 5212 3396 5272 τοῖς
3441 5208 3758 5278 μυστηρίοις

2182 5299 2284 5367 τῆς
2319 5299 2612 5368 Δήμητρος
2632 5299 2690 5353 ὲν
2728 5300 2983 5370 Ἀθήναις
3017 5301 3301 5371 ἐκαθάρθη
3327 5315 3340 5328 ·
3379 5303 3472 5354 καὶ
3508 5302 3650 5370 μετά
3669 5301 3759 5352 τὸν

2186 5394 2347 5458 φόνον
2391 5391 2615 5459 Ἰφίτου,
2665 5389 2727 5444 ὃν
2777 5393 2996 5459 ἑταῖρον
3045 5395 3179 5447 ὄντα
3212 5396 3305 5447 καὶ
3347 5395 3496 5460 ξένον
3525 5395 3757 5447 ἀνεῖλεν.

2197 5483 2437 5553 Ἀπόχρη
2471 5486 2570 5554 μὲν
2591 5481 2684 5537 οὖν
2704 5489 2798 5540 καὶ
2829 5486 3001 5539 ταῦτα
3027 5505 3039 5517 ·
3065 5489 3140 5550 ὠς
3162 5491 3256 5540 καὶ
3288 5487 3604 5556 καθαρμοὺς
3632 5486 3758 5540 Ἕλο

2182 5575 2343 5645 ληνες
2371 5581 2481 5629 τῶν
2503 5578 2725 5630 ἀτόπων
2755 5578 3250 5650 πλημμελημάτων
3267 5577 3754 5649 καθυπισχνοῦντο’

2184 5737 2284 5809 tini
2321 5737 2568 5809 conjugis
2601 5738 2730 5793 dolo
2781 5738 3055 5794 interfecti
3114 5749 3263 5796 sunt.
3307 5758 3324 5790 ›
3370 5740 3560 5808 Pomp.
3595 5736 3755 5794 Oros.

2188 5825 2204 5857 ι
2240 5808 2636 5880 Constantinus
2665 5810 2882 5880 imperii
2921 5811 3005 5864 sui
3028 5811 3098 5862 '22
3126 5828 3270 5864 anno
3304 5811 3553 5864 Fatustaut
3584 5809 3752 5863 inter—

2182 5878 2311 5934 l‘ecit
2345 5881 2398 5934 in
2427 5880 2649 5935 balneas
2675 5878 2938 5936 ardentes
2968 5885 3318 5958 conjec-tarn.
3342 5899 3359 5932 ι
3394 5882 3547 5934 Eutr.
