4052 6438
380 405 515 474 1201

1313 412 1921 477 ΕΟΟιΕΞῘΛΞΤΙΟιιΕ
1962 419 2353 484 iiiSTORi/E
2391 426 2536 489 LIB.
2572 428 2711 488 VII.

3493 430 3630 498 i302

374 522 516 592 ρῆθη
569 523 604 592 ἡ
661 521 887 590 τοιαύτη
940 522 1187 590 ἐξουσία,
1233 523 1455 578 ἐδόκουν
1530 527 1945 597 προστεθείσθαι

2060 532 2327 599 permissa
2356 543 2618 604 potestas.
2648 538 2833 593 verbis
2855 538 3076 595 disertis
3107 539 3304 595 additae
3332 553 3453 595 esse
3479 542 3633 595 vitle-

372 612 585 682 σαφῶς,
615 614 779 684 τυχὸν
810 615 937 679 ἴσως
970 616 1113 678 τινὲς
1138 617 1322 669 αὐτῶν
1353 620 1470 687 μετ’
1498 620 1679 689 ὀλίγον
1705 621 1812 674 ἀπὸ
1851 626 1951 691 τῆς

369 704 627 773 τοιαύτης
669 705 1102 775 παραφυλάξεως
1150 709 1540 780 ἁνεκρούοντοσ
1606 713 1773 765 ὁπξτε
1844 712 1953 776 ἐγὼ

370 797 619 867 εὐτυχῶς
674 800 1085 859 Κωνσταντῖνος
1133 800 1470 869 Αὔγουστος.
1519 802 1676 872 κάγὼ
1712 805 1951 868 Λικίνιος

379 886 689 955 Αὔγουστος
707 890 766 941 ὲν
783 887 864 958 τῷ
886 890 1205 961 Μεδιολάνῳ
1232 893 1592 964 ἐληλύθειμεν
1612 912 1631 933 ι
1658 897 1753 948 καὶ
1779 897 1951 950 πάντα

377 980 480 1031 ὅσα
533 979 671 1049 πρὸς
716 980 776 1033 τὸ
829 980 1104 1045 λυσιτελὲς
1139 986 1233 1036 καὶ
1284 984 1422 1051 πρλς
1465 987 1528 1038 τὸ
1571 988 1843 1057 χρήσιμον
1875 987 1952 1056 τῷ

371 1069 539 1140 κοινῷ
586 1070 838 1141 διέφερεν
871 1073 931 1124 ἐν
959 1073 1184 1144 ζητήσει
1229 1075 1463 1145 ἔσχομεν
1496 1092 1510 1107 ο
1540 1077 1715 1131 ταῦτα
1744 1078 1951 1148 μεταξὺ

371 1161 486 1214 τῶν
511 1162 735 1227 λοιπῶν,
772 1163 930 1219 ἅτινα
965 1167 1139 1219 ὲὲόκει
1187 1169 1244 1219 ὲν
1298 1169 1514 1232 πολλοῖς
1577 1169 1780 1224 ᾶπασιν
1809 1173 1952 1224 ἐπω-

375 1253 514 1324 φελῆ
547 1250 724 1308 εἶναι·
752 1258 955 1326 μᾶλλον
978 1261 1035 1312 δὲ
1080 1262 1141 1312 έν
1170 1262 1408 1330 πρώτοις
1443 1262 1687 1327 διατάξαι
1722 1264 1957 1331 ὲδογμαη

374 1346 629 1416 τίσαμεν,
667 1343 748 1412 οἷς
781 1351 814 1418 ἡ
841 1352 985 1420 πρὸς
1017 1352 1079 1405 τὸ
1109 1352 1265 1405 Θεῖον
1291 1355 1456 1417 αίδώς
1481 1371 1540 1406 τε
1568 1359 1663 1408 καὶ
1693 1358 1754 1407 τὸ
1786 1357 1952 1421 σέϐας

373 1437 649 1507 ἐνείχετο·
691 1440 975 1495 τουτέστιν
1003 1443 1152 1508 ὅπως
1197 1444 1379 1515 δῶμεν
1412 1447 1507 1499 καὶ
1543 1449 1657 1510 τοῖς
1684 1449 1725 1501 Χ
1738 1465 1946 1517 ριστια·

372 1531 485 1593 νοῖς
516 1532 611 1584 καὶ
638 1532 822 1585 πᾶσαν
854 1535 1149 1604 ἐλευθέραν
1181 1537 1395 1608 αἵρεσιν
1420 1540 1514 1591 τεῦ
1542 1540 1859 1595 ἀκολουθεῖν
1882 1544 1946 1611 τῇ

370 1619 644 1692 θρησκεία
753 1623 801 1676 δ’
830 1626 898 1679 ἂν
934 1625 1304 1698 βουληθῶσινο
1351 1633 1501 1695 ὅπως
1534 1633 1562 1687 δ
1583 1634 1635 1687 τί
1671 1635 1803 1688 ποτέ
1834 1636 1952 1688 ἐστι

369 1708 652 1764 θειοτάτου
697 1714 792 1767 καὶ
825 1715 1089 1786 οὐρανίου
1126 1719 1480 1790 πράγματος,
1512 1723 1646 1792 ἡμῖν
1679 1724 1775 1777 καὶ
1814 1725 1953 1776 πᾶσι

370 1802 486 1862 τοῖς
521 1801 626 1855 ὑπὸ
652 1802 752 1873 τὴν
778 1807 1062 1879 ἡμετέραν
1108 1809 1362 1876 ἐξουσίαν
1405 1811 1691 1879 διάγουσιν
1721 1814 1951 1884 εύμενὶς

368 1886 511 1946 εἶναι
555 1892 779 1966 δυνηθῇ.
802 1873 1011 1953 ήΤοίνυν
1048 1873 1256 1973 ταύτην
1300 1904 1401 1975 τὴν
1429 1873 1708 1976 ἡμετέραν
1754 1873 1949 1978 βούληζ
1984 1873 2023 1929 Β

372 2000 459 2038 σιν
486 2002 489 2005 λ
511 1986 741 2054 ὑγιεινῷ
767 1989 865 2042 καὶ
889 1991 1170 2063 ὀρθοτάτῳ
1208 1993 1457 2065 λογισμῷ
1484 1997 1949 2069 ὲδογματίσαμεν,

369 2073 520 2137 ὅπως
548 2077 740 2147 μηδενὶ
766 2081 1054 2146 παντελῶς
1091 2083 1312 2150 ἐξουσία
1357 2087 1587 2153 ἀνεῖται,
1632 2089 1664 2157 ἡ
1698 2088 1794 2141 τοῦ
1824 2091 1953 2143 άκο·

368 2159 586 2218 λουθεῖν
610 2167 706 2222 καὶ
745 2170 1020 2239 αἱρεῖσθαι
1048 2173 1149 2242 τὴν
1177 2173 1288 2226 τῶν
1316 2176 1663 2244 Χριστιανῶν
1695 2194 1954 2249 παραφυ-

371 2251 523 2319 λάξει
552 2256 853 2329 θρησκείαν
886 2262 1151 2318 ἑκάστοτε
1185 2265 1408 2331 ἐξουσία
1432 2268 1646 2339 δοθείη·
1679 2272 1773 2325 τοῦ
1813 2270 1954 2325 διδό-

370 2361 465 2397 ναι
497 2347 648 2418 αύτῷ
698 2351 800 2420 τὴν
848 2351 1088 2407 διάνοιαν
1142 2357 1202 2410 έν
1258 2358 1446 2431 ἐκείνῃ
1478 2362 1544 2430 τῇ
1577 2361 1850 2434 θρησκείᾳ⁸
1883 2364 1951 2430 ἣν

368 2436 532 2499 αὐτὸς
560 2439 745 2511 ἑαυτῷ
777 2443 1048 2512 ἁρμόζειν
1091 2447 1306 2514 νομίζει
1332 2464 1347 2480 ο
1376 2450 1524 2514 ὅπως
1566 2452 1700 2520 ἡμῖν
1746 2451 1948 2522 δυνηθῇ

370 2529 434 2581 τὸ
458 2529 603 2582 θεῖον
628 2532 690 2584 ὲν
720 2534 856 2605 πᾶσι
894 2535 995 2596 τὴν
1029 2536 1220 2607 εθιμον
1250 2539 1493 2610 σπουδὴν
1522 2541 1615 2594 καὶ
1637 2541 1950 2611 καλοκαγα-

371 2616 498 2670 θίαν
556 2620 857 2689 παρέχεινο
893 2622 1054 2676 ἅτινα
1093 2623 1270 2686 οὕτως
1327 2627 1588 2695 ἀρέσκειν
1618 2631 1754 2698 ἡμῖν
1797 2631 1950 2683 ἀντι-

370 2709 578 2778 γράψαι
604 2712 902 2766 ἁκόλουθον
932 2709 999 2784 ἦν
1020 2732 1034 2746 ο
1074 2716 1162 2768 ἵνα
1193 2718 1623 2787 φανερωθεισῶν
1667 2722 1950 2787 παντελῶς

368 2801 484 2853 τῶν
519 2802 814 2872 αἱρέσεων,
850 2805 1058 2869 αἵτινες
1096 2810 1211 2872 τοῖς
1248 2811 1535 2880 προτέροις
1567 2812 1724 2880 ἡμῶν
1763 2815 1946 2884 γράμ-

373 2908 507 2960 μασι
545 2897 659 2958 τοῖς
697 2899 835 2967 πρὸς
892 2899 996 2969 τὴν
1058 2900 1159 2971 σὴν
1205 2901 1538 2956 καθοσίωσιν
1592 2905 1948 2959 ἀποσταλεῖσι

370 2985 501 3055 περὶ
527 2986 637 3039 τῶν
665 2987 1014 3059 Χριστιανῶν
1042 2992 1412 3061 περιείχοντο,
1459 2994 1556 3047 καὶ
1582 2994 1740 3048 ἅτινα
1765 2997 1946 3066 πάντη

370 3075 542 3130 σκαιὰ
577 3079 675 3130 καὶ
723 3079 824 3149 τῆς
859 3081 1135 3151 ἡμετέρας
1172 3084 1484 3153 πραότητος
1515 3086 1776 3157 ἀλλότρια
1805 3083 1947 3142 εἶναι

373 3167 573 3233 ἐδόκει,
631 3169 806 3224 ταῦτα
855 3172 1168 3245 ὑφαιρεθῇο
1212 3175 1309 3230 καὶ
1364 3176 1458 3230 νῦν
1506 3178 1813 3249 ἐλευθέρως
1850 3180 1947 3233 καὶ

368 3257 563 3322 ἁπλῶς
604 3258 839 3325 ἕκαστος
887 3263 1071 3317 αὐτῶν
1105 3264 1216 3317 τῶν
1252 3265 1353 3336 τὴν
1399 3266 1573 3338 αὐτὴν
1619 3272 1947 3341 προαίρεσιν

368 3349 686 3419 δσχηκότων
714 3352 808 3406 τοῦ
840 3354 1139 3422 φυλάττειν
1166 3356 1267 3429 τὴν
1290 3358 1402 3411 τῶν
1433 3360 1782 3431 Χριστιανῶν
1810 3364 1946 3435 θρη-

370 3440 566 3494 σκείαν
607 3441 739 3496 ἄνευ
768 3445 914 3507 τινὸς
959 3445 1264 3517 ὀχλήσεως,
1295 3450 1458 3504 τοῦτο
1507 3452 1640 3507 αὐτὸ
1685 3472 1947 3526 παραφυ-

367 3531 575 3588 λάττοι.
609 3534 807 3591 ’Δτινα
835 3539 902 3608 τῇ
940 3541 1006 3609 σῇ
1038 3541 1332 3610 ἐπιμελείᾳ
1371 3544 1732 3615 πληρέστατα
1768 3548 1946 3617 δηλῶ-

370 3640 463 3678 σαι
494 3625 975 3698 ὲδογματίσομεν’
1014 3632 1165 3695 ὅπως
1190 3634 1396 3706 είδείης
1429 3638 1603 3707 ἡμᾶς,
1648 3640 1944 3712 ἐλευθέραν

366 3718 462 3770 καὶ
484 3717 900 3790 ἀπολελυμένην
922 3722 1176 3786 ἐξουσίαν
1201 3725 1297 3777 τοῦ
1319 3729 1581 3796 τημελεῖν
1607 3731 1706 3802 τὴν
1733 3732 1946 3787 ἑαυτῶν

367 3804 670 3875 θρησκείαν
725 3811 842 3872 τοῖς
903 3810 1091 3876 αὐτοῖς
1138 3812 1496 3882 Χριστιανοίς
1553 3819 1940 3888 δεδηλωκέναι.

365 3897 550 3970 Ὅπερ
580 3899 769 3973 ἐπειδὴ
800 3904 1227 3974 ἀπολελυμένως
1258 3911 1436 3969 αὑτοῖί
1469 3910 1559 3979 ὑφ’
1587 3914 1748 3982 ἡμῶν
1780 3916 1945 3970 δεδω-

367 3990 565 4062 ρῆσθαι
596 3992 796 4065 θεωρεῖ
829 3996 861 4066 ἡ
899 3995 967 4066 οη
992 3998 1345 4065 καθοσίωσις,
1415 4003 1513 4055 καὶ
1540 4004 1755 4075 ἑτέροις
1793 4006 1946 4072 ἐξου-

366 4082 491 4135 σίαν
516 4085 628 4147 τοῖς
655 4084 1006 4157 βουλομένοις
1035 4089 1132 4142 τοῦ
1165 4092 1531 4161 μετέρχεσθαι
1558 4094 1661 4164 τὴν
1691 4099 1946 4168 παρατή-

365 4189 530 4244 ρησιν
557 4179 653 4231 καὶ
693 4176 996 4248 θρησκείαν
1034 4182 1245 4237 ἑαυτῶν
1274 4199 1289 4215 ο
1321 4184 1463 4254 ὅπερ
1504 4186 1814 4252 ἀκολούθως
1872 4193 1937 4260 τῇ

363 4264 563 4338 ἠσυχίᾳ
611 4268 722 4321 τῶν
768 4272 1060 4341 ἡμετέρων
1121 4275 1336 4346 καιρῶν
1396 4276 1646 4344 γίνεσθαι
1700 4281 1941 4350 φανερόν

363 4355 535 4418 ἐστιν,
555 4354 704 4417 ὅπως
740 4355 992 4419 ἐξουσίαν
1017 4359 1382 4435 ἕκαστος’έχῃ
1411 4363 1505 4417 τοῦ
1535 4366 1811 4436 αἱρεῖσθαι
1845 4369 1942 4421 καὶ

361 4443 622 4514 τημελεῖν
656 4448 863 4512 όποίως
887 4448 933 4501 δ’
966 4450 1033 4503 ἂν
1069 4452 1336 4523 βούληται
1373 4456 1436 4509 τὸ
1459 4449 1644 4537 ΙΘεῖον.
1676 4459 1854 4515 Τοῦτο
1879 4460 1938 4515 δὲ

2060 622 2283 685 bantur.
2311 623 2517 679 factum
2538 627 2770 683 fortasse
2793 640 2895 691 est.
2919 638 2977 682 ut
2999 629 3224 699 quidam
3245 631 3409 700 paulo
3428 639 3547 699 post
3564 630 3633 684 ab

2060 712 2445 777 huiuscemodi
2482 717 2871 773 observatione
2904 719 3188 785 religionis
3216 720 3633 789 complectenda

2061 806 2368 861 resilirent.
2406 809 2544 863 Cum
2582 810 2748 879 igitur
2775 825 2875 882 ego
2905 810 3302 866 Constantinus
3331 813 3633 881 Augustus.

2054 906 2110 948 et
2132 912 2234 966 ego
2260 896 2506 954 Licinius
2529 898 2829 970 Augustus,
2851 901 3088 957 feliciter
3125 901 3492 957 Mediolanum
3545 917 3637 957 ve-

2054 990 2354 1050 nissemus.
2390 1002 2553 1061 atque
2578 993 2651 1046 ibi
2679 993 2732 1046 in
2758 993 2990 1048 consilio
3004 1009 3126 1063 quae
3148 995 3213 1048 ad
3233 1010 3390 1049 usum
3413 1003 3467 1049 et
3488 995 3635 1048 utili-

2058 1087 2227 1132 tatem
2261 1079 2576 1149 reipublicae
2609 1082 2888 1152 praecipue
2924 1084 3292 1151 pertinerent,
3321 1083 3635 1152 inquirere-

2058 1183 2181 1224 mus
2205 1188 2218 1222 :
2244 1169 2388 1224 inter
2409 1171 2514 1226 alia
2541 1175 2719 1242 plura,
2742 1189 2863 1242 qure
2886 1173 3175 1229 commoda
3200 1188 3323 1229 esse
3351 1174 3633 1237 omnibus.

2054 1277 2153 1315 seu
2173 1263 2346 1331 prima
2374 1265 2563 1332 potius
2579 1266 2701 1318 visa-
2716 1274 2866 1329 sunt,
2891 1267 3287 1321 constituenda
3304 1276 3471 1336 atque
3488 1268 3636 1321 ordi-

2053 1356 2231 1409 nanda
2264 1371 2382 1409 esse
2414 1356 2696 1421 duximus,
2729 1373 2789 1409 ea
2825 1357 3104 1414 viceticct.
3137 1358 3341 1426 quibus
3372 1358 3549 1412 honor
3578 1366 3637 1410 ot

2053 1447 2232 1501 cultus
2262 1447 2434 1501 divini
2467 1448 2719 1503 Numinis
2750 1450 3097 1514 continetur;
3125 1450 3230 1505 hoc
3252 1458 3357 1514 est,
3382 1458 3441 1503 ut
3466 1450 3630 1503 etiam

2053 1537 2383 1594 Christianis
2428 1541 2665 1594 liberum
2701 1540 2859 1611 503
2894 1556 3118 1611 prorsus
3146 1542 3510 1596 concedamus
3545 1556 3636 1593 ar-

2055 1629 2319 1693 bitrium,
2383 1629 2649 1702 religione
2702 1647 2865 1700 quam
2921 1631 3090 1686 velint
3138 1632 3515 1685 consectandi.
3567 1631 3635 1684 t't

2053 1721 2324 1792 quidquid
2370 1723 2589 1777 tandem
2634 1733 2718 1778 est
2756 1724 2926 1778 dit-ini
2970 1734 3026 1778 et
3074 1725 3317 1779 cu-lestis
3354 1724 3631 1780 Numinis.

2056 1810 2109 1866 id
2141 1812 2301 1868 nobis
2329 1820 2387 1868 et
2417 1813 2513 1883 qui
2550 1814 2655 1868 sub
2686 1822 2959 1883 potestate
2986 1824 3043 1869 et
3077 1813 3289 1868 ditione
3316 1823 3503 1868 nostra
3533 1814 3634 1867 de-

2053 1911 2212 1974 gunt,
2249 1903 2510 1959 omnibus
2551 1905 2851 1975 propitium
2898 1906 3310 1977 benignumque
3341 1918 3463 1961 esse
3496 1919 3629 1975 pos-

2055 2005 2160 2049 set.
2199 1997 2385 2065 Itaque
2430 1997 2759 2051 sententiam
2811 1997 2954 2050 hanc
3005 2005 3249 2052 nostram
3294 2010 3424 2051 sana
3466 2006 3632 2064 atque

2056 2095 2202 2141 recta
2248 2087 2649 2143 deliberatione
2692 2090 2747 2143 in
2796 2091 3043 2144 edictum
3077 2089 3396 2154 retulimus,
3428 2099 3489 2144 ut
3531 2105 3630 2144 ne-

2055 2180 2188 2234 mini
2235 2190 2467 2252 prorsus
2510 2189 2756 2252 potestas
2801 2182 3218 2252 praecideretur,
3251 2180 3452 2254 quovis
3497 2192 3635 2236 tetu-

2054 2288 2189 2343 pore
2222 2273 2670 2329 Christianorum
2720 2274 3168 2331 observationem
3217 2285 3274 2328 et
3311 2274 3635 2345 religionem

2053 2365 2500 2433 eomplectendi;
2557 2375 2614 2421 et
2664 2380 2825 2435 quem
2882 2367 3066 2420 animo
3126 2379 3230 2419 suo
3279 2367 3629 2421 commodum

2052 2469 2565 2528 eongruentemque
2613 2472 2737 2514 esse
2777 2460 3032 2514 crederet
3063 2461 3296 2525 cultum,
3338 2462 3626 2530 sequendi,

2055 2558 2115 2603 ut
2147 2551 2398 2605 divinum
2442 2551 2657 2607 Numen
2692 2552 2746 2605 in
2789 2555 2956 2608 rebus
2990 2552 3253 2606 omnibus
3294 2567 3628 2621 prepensuni

2053 2650 2218 2711 atque
2267 2644 2568 2712 benignum
2620 2646 2780 2699 nobis
2824 2653 2993 2699 esset.
3030 2642 3272 2714 Equum
3328 2659 3462 2698 sane
3505 2646 3626 2707 luit,

2055 2743 2115 2787 ut
2146 2736 2247 2787 ltoc
2281 2735 2360 2789 sic
2394 2736 2556 2790 nobis
2587 2735 2803 2807 placere
2833 2737 3102 2806 rescripto
3132 2736 3238 2789 isto
3270 2750 3456 2790 nostro
3485 2752 3630 2791 nunc

2052 2826 2497 2896 sigttiticaremus
2540 2845 2554 2882 :
2600 2837 2657 2881 ut
2716 2828 3023 2883 hatrcsibus
3081 2830 3307 2883 omnino
3364 2831 3637 2893 sublatis,

2051 2933 2171 2986 quae
2200 2919 2254 2972 in
2290 2919 2570 2987 prioribus
2603 2919 2667 2973 ad
2698 2919 3048 2974 devotionem
3081 2930 3229 2974 tuam
3257 2921 3403 2976 datis
3433 2923 3629 2976 litteris

2051 3010 2259 3064 nostris
2285 3008 2352 3065 de
2376 3010 2714 3066 Citrisdanis
2741 3012 3193 3078 cominebantur,
3220 3012 3265 3066 si
3293 3029 3415 3083 quae
3444 3026 3631 3069 essent

2052 3100 2280 3170 insuper
2336 3102 2562 3157 sinistra
2613 3118 2847 3173 prorsus
2898 3112 2955 3157 et
3006 3118 3035 3158 a
3091 3104 3383 3158 clementia
3444 3116 3628 3158 nostra

2051 3194 2251 3260 aliena,
2284 3210 2348 3249 ea
2384 3195 2802 3249 inducerentur.
2835 3193 3076 3248 Proinde
3107 3193 3343 3261 quilibet
3371 3194 3544 3248 libere
3570 3206 3630 3248 et.

2051 3297 2263 3355 aperte,
2304 3287 2397 3357 qui
2450 3286 2793 3341 Christianas
2847 3286 3201 3341 caeremonias
3255 3285 3635 3340 observa-indas.

2048 3377 2152 3431 sibi
2197 3393 2320 3433 esse
2360 3379 2598 3440 duxerit.
2634 3393 2731 3433 eas
2773 3380 2892 3433 sine
2936 3379 3355 3448 perturbatione
3387 3390 3444 3434 et
3482 3380 3629 3449 peri-

2047 3470 2174 3524 culo
2223 3470 2372 3524 omni
2425 3478 2545 3525 tuto
2593 3469 2872 3526 observet.
2918 3469 3075 3538 Quod
3123 3474 3193 3525 ita
3239 3473 3474 3526 solertia.-
3519 3483 3627 3526 tute

2048 3561 2363 3626 plenissime
2401 3561 2705 3617 iudicatum
2737 3563 3036 3628 voluimus,
3075 3574 3133 3617 ut
3168 3565 3311 3618 scias
3350 3579 3450 3620 nos
3483 3564 3625 3619 libo-

2045 3668 2160 3706 ratn
2212 3653 2634 3724 absolutamque
2673 3665 3002 3725 potestatem
3037 3656 3366 3712 Christianis
3412 3657 3622 3727 retigio-
3646 3692 3661 3708 κ

2045 3744 2134 3799 nis
2181 3760 2293 3800 suae
2337 3746 2585 3801 colendae
2638 3748 2969 3802 decrevisse.
3006 3748 3072 3801 Et
3110 3764 3235 3803 cum
3273 3749 3493 3805 devotio
3532 3760 3624 3805 tua

2045 3835 2471 3902 animadvertat,
2507 3849 2612 3892 tam
2648 3837 2952 3893 absolutam
2994 3840 3128 3909 ipsis
3165 3857 3285 3895 esse
3328 3843 3512 3896 datam
3546 3842 3623 3895 fa-

2044 3930 2329 3991 cultatem.
2360 3930 2484 3984 aliis
2513 3946 2735 3999 quoque
2766 3930 2833 3985 ad
2867 3948 3022 3986 saera
3067 3948 3128 3987 ea
3170 3944 3226 3988 et
3266 3935 3622 3988 caeremonias

2045 4021 2282 4077 transire
2312 4023 2624 4078 volentibus
2657 4023 2709 4076 id
2737 4024 2916 4077 facere
2945 4025 3084 4078 sciat
3111 4041 3233 4079 esse
3261 4027 3618 4093 pernuissutn.

2047 4109 2103 4163 Id
2142 4110 2292 4177 quod
2340 4112 2733 4180 tranquillitati
2787 4122 3098 4184 temporum
3134 4126 3448 4170 nostrorum
3488 4134 3620 4172 eon-

2044 4198 2230 4252 venire
2267 4200 2621 4254 manifestum
2660 4210 2766 4268 est,
2805 4212 2864 4257 ut.
2905 4213 3150 4274 potestas
3186 4209 3483 4278 unicuique
3525 4211 3619 4274 sit,

2042 4303 2143 4358 pro
2186 4304 2254 4344 eo
2291 4300 2456 4360 atque
2495 4293 2648 4355 velit,
2687 4293 2934 4348 divinum
2981 4298 3196 4352 colendi
3231 4298 3468 4355 Numen.
3516 4303 3621 4358 Fa-

2040 4389 2190 4434 ctum
2225 4382 2278 4435 id
2315 4397 2343 4435 a
2389 4386 2572 4450 nobis,
2608 4401 2676 4439 ne
2708 4389 2796 4441 cui
2845 4389 3035 4443 divino
3066 4391 3277 4447 honori
3313 4404 3408 4449 aut
3442 4399 3623 4452 cultui

2042 4472 2342 4543 quidquam
2375 4490 2471 4547 per
2514 4491 2618 4533 tros
2654 4479 2990 4536 diminutum
3034 4498 3156 4539 esse
3200 4485 3470 4542 videatur.
3507 4489 3618 4544 Ιιιι-

361 4533 455 4604 ὑφ’
484 4536 646 4607 ἡμῶν
672 4538 921 4607 γέγονεν,
961 4540 1112 4605 ὅπως
1148 4544 1396 4617 μηδεμιᾷ
1441 4533 1577 4621 τιμῇ
1629 4550 1769 4623 μηδὲ
1810 4552 1945 4626 θρη-

2047 4577 2151 4633 que
2173 4576 2229 4621 ct
2254 4566 2359 4622 hoc
2382 4567 2436 4622 in
2466 4583 2759 4637 personam
2786 4570 3228 4629 Christianorum
3255 4576 3619 4636 decernentes

361 4627 526 4699 σκείᾳ
548 4629 656 4683 τινὶ
684 4629 1027 4701 μεμειῶσθαί
1042 4648 1095 4685 τι
1117 4633 1208 4700 ὑφ’
1234 4634 1394 4704 ήμῶν
1409 4637 1619 4712 δοκοίη.
1640 4640 1750 4697 Καὶ
1771 4644 1933 4701 τοῦτο

357 4720 417 4774 δὲ
447 4721 586 4792 πρὸς
608 4724 721 4789 τοῖς
752 4724 961 4790 λοιποῖς
989 4728 1070 4791 εις
1100 4726 1163 4780 τὸ
1189 4729 1486 4797 πρόσωπον
1518 4734 1629 4787 τῶν
1660 4736 1938 4809 Χριστια-

356 4813 466 4869 νῶν
484 4815 897 4887 δογματίζομεν
919 4833 935 4849 ⁸
975 4818 1063 4873 ῖνα
1091 4821 1219 4884 τοὺς
1261 4821 1465 4885 τόπους
1490 4826 1696 4891 αὐτῶν,
1728 4833 1808 4895 εἰς
1839 4830 1937 4896 οὒς

356 4908 698 4978 τοπρότερον
731 4911 1092 4981 συνέρχεσθαι
1124 4911 1248 4976 ἔθος
1296 4908 1367 4985 ἦν
1417 4920 1603 4982 αὐτοῖς
1625 4936 1641 4952 ·
1678 4924 1813 4993 περὶ¹
1849 4918 1926 4978 ὧν

357 4996 458 5055 καὶ
487 4998 602 5061 τοῖς
638 4999 910 5070 πρότερον
940 5000 1148 5054 δοθεῖσι
1175 5006 1317 5074 πρὸς
1340 5004 1441 5077 τὴν
1475 5008 1580 5078 σὴν,
1602 5010 1936 5069 καθοσίωσιν

354 5088 649 5159 γράμμασι
704 5090 876 5155 τύπος
924 5090 1113 5164 ἕτερος
1161 5090 1229 5166 ἦν
1281 5097 1591 5170 ὡρισμένος
1641 5103 1720 5173 τῷ
1760 5107 1936 5177 ἑτέρῳ

356 5179 536 5250 χρόνῳ
561 5196 577 5214 ο
620 5183 710 5236 ἵνα
739 5184 793 5237 εί
816 5200 963 5248 τινες
1000 5187 1032 5256 ἢ
1077 5189 1231 5259 παρὰ
1268 5189 1363 5243 τοῦ
1397 5195 1632 5262 ταμείου
1664 5197 1761 5250 τοῦ
1796 5200 1935 5269 ἠμε-

354 5274 601 5346 τέρου,ἢ
635 5279 790 5347 παρά
829 5294 973 5342 τινος
1006 5281 1195 5351 ἑτέρου
1247 5285 1524 5351 φαίνοιντο
1570 5289 1930 5360 ἡγορακότες,

353 5365 581 5431 τούτους
608 5370 721 5433 τοῖς
757 5370 943 5435 αὐτοῖς
978 5372 1328 5441 Χριστιανοίς
1350 5377 1479 5435 ἄνευ
1512 5381 1804 5453 ἀργυρίου,
1838 5386 1932 5440 καὶ

352 5458 482 5533 άνευ
538 5462 686 5525 τινὸς
716 5463 1054 5535 ἀπαιτήσεως
1113 5469 1214 5537 τῆς
1273 5472 1441 5542 τιμῆς
1497 5473 1927 5547 ὑπερτεθείσης,

264 5550 285 5563 “
350 5551 474 5621 δίχα
494 5553 676 5625 πάσης
710 5557 976 5627 ἀμελείας
1019 5563 1113 5614 καὶ
1143 5562 1481 5632 ἀμφιϐολίας
1526 5570 1925 5641 ἀποκαταστή-

354 5658 525 5696 σωσι·
579 5645 675 5698 καὶ
709 5646 764 5698 εἴ
791 5664 942 5713 τινες
973 5652 1114 5704 κατὰ
1149 5654 1323 5722 δῶρον
1368 5659 1734 5727 τυγχάνουσιν
1776 5664 1930 5735 εἱλη-

352 5736 512 5799 φότες
543 5737 670 5800 τοὺς
699 5738 901 5803 αὐτοὺς
932 5743 1135 5805 τόπους
1164 5760 1177 5774 ·
1206 5745 1237 5813 ἦ
1277 5750 1327 5798 ot
1359 5750 1503 5801 κατὰ
1542 5749 1752 5821 δωρεὰν
1781 5755 1929 5825 εἰλη-

353 5827 513 5891 φότες
547 5830 743 5884 obsto)!
801 5834 952 5902 napi:
1015 5835 1117 5907 τῆς
1154 5838 1435 5910 ἡμετέρχς
1489 5844 1926 5914 καλοκαγαθίας,

2039 4658 2359 4726 statuimus,
2394 4668 2455 4714 ut
2491 4661 2613 4717 ioca
2658 4678 2850 4718 eorum
2888 4666 2947 4721 in
2984 4667 3188 4736 quibus
3218 4682 3378 4725 antea
3410 4687 3615 4730 conve-

2037 4748 2162 4805 nire
2193 4750 2340 4806 soliti
2371 4750 2593 4808 fuerant
2625 4754 2715 4826 (de
2748 4758 2952 4826 quibus
3003 4762 3292 4830 prioribus
3326 4765 3492 4818 etiam
3526 4767 3617 4821 iit-

2040 4841 2176 4896 teris
2205 4841 2411 4897 nostris
2442 4843 2550 4899 alio
2588 4856 2834 4917 tempore
2864 4849 2928 4903 ad
2959 4850 3307 4906 devotionem
3343 4865 3490 4908 tuam
3523 4859 3617 4911 dn-

2037 4936 2130 4999 tis,
2162 4933 2392 4989 formam
2440 4946 2498 4992 et
2540 4938 2763 4993 modum
2810 4942 2980 4997 alium
3026 4947 3533 5017 constitueramus).
3566 4967 3612 5004 ει

2037 5038 2101 5077 ea
2147 5026 2314 5098 aliqui
2356 5029 2441 5084 vel
2498 5046 2526 5083 a
2578 5032 2708 5087 ﬁsco
2741 5043 2952 5100 nostro,
2987 5037 3069 5090 vel
3109 5053 3139 5091 a
3177 5039 3434 5107 quopiam
3478 5044 3610 5105 alio,

2036 5119 2320 5186 emptione
2352 5120 2773 5181 interveniente
2802 5131 3264 5197 comparaveriut,
3297 5132 3429 5203 ipsis
3454 5135 3615 5188 (lltri-

2037 5207 2236 5263 stianis
2274 5211 2481 5281 absque
2518 5217 2753 5284 pecunia
2794 5228 2853 5272 et
2896 5221 3104 5290 absque
3139 5224 3469 5290 repetitione
3504 5226 3617 5281 ulla

2035 5301 2200 5369 pretii
2247 5303 2395 5364 dati,
2444 5308 2583 5361 citra
2631 5325 2853 5365 omnem
2905 5311 3067 5385 504
3112 5317 3514 5371 cunctationem
3559 5330 3615 5372 et

2037 5390 2500 5450 deliberationem
2548 5401 2863 5456 restituant.
2906 5405 3062 5468 Quod
3103 5405 3148 5458 si
3191 5408 3284 5475 qui
3328 5410 3455 5463 talia
3495 5411 3611 5467 loca

2036 5483 2183 5538 dono
2216 5502 2244 5539 a
2278 5492 2537 5558 qttopiatn
2588 5496 2927 5563 acceperint,
2963 5507 3059 5550 aut
3101 5499 3270 5552 etiam
3310 5518 3378 5556 ex
3415 5503 3613 5557 libera-

2037 5575 2190 5629 litate
2231 5589 2288 5631 et
2335 5581 2711 5638 ntunit‘tceutia
2758 5597 2945 5640 nostra
2987 5588 3269 5645 consecuti
3312 5593 3538 5659 fuerint,
3571 5596 3609 5650 ii

2035 5666 2100 5720 ad
2130 5669 2449 5736 praefectum
2483 5674 2754 5745 cujusque
2783 5677 2888 5734 luci
2924 5682 3120 5747 indicis
3150 5683 3329 5738 loeum
3355 5686 3610 5739 obtinen-

2036 5768 2144 5814 tetn
2178 5761 2401 5828 adeant,
2436 5774 2495 5817 ut
2536 5764 2780 5834 ipsorum
2813 5786 2907 5839 μνι-
2939 5774 3325 5842 benignitatem
3362 5789 3607 5831 nostram

2035 5853 2174 5907 ratio
2207 5853 2490 5911 habeatur.
2534 5858 2710 5914 Atuue
2750 5876 2811 5915 ea
2856 5863 2972 5917 loca
3007 5868 3210 5932 omnia,
3242 5868 3391 5921 nulla
3438 5869 3605 5923 inter-
