4052 6476
1667 344 1707 353 φο

297 445 425 513 13517

1215 445 1838 513 ECCLESIASTICzE
1875 443 2273 507 HISTORIE
2319 446 2466 507 LIB.
2512 445 2646 511 νη.

3425 449 3567 517 1318

289 570 341 623 δὲ
371 566 713 640 πανηγύρεις
751 564 1168 639 ἀκθεκροτοῦντο,
1204 568 1458 639 φαιδροῖς
1485 567 1700 639 ὄμμασι
1738 565 1855 620 πάν·

1976 571 2128 614 metu
2185 559 2336 615 omni
2389 560 2671 630 depulso,
2728 556 2988 631 replevit.
3045 560 3237 633 Itaque
3283 564 3571 636 magniﬁci

288 679 395 717 των
426 661 745 731 ἐνορώντων
785 661 1050 732 ἀλλήλους
1080 660 1175 714 καὶ
1217 660 1469 731 καπυρὸν
1500 660 1869 730 ὑπομειδιῶν.

288 769 415 809 των.
445 754 629 817 Φωτδς
661 754 719 805 δέ
774 756 956 824 πλήρη
1012 754 1083 806 τὰ
1139 754 1321 808 πάντα
1372 749 1537 822 ἦσαν,
1588 754 1683 806 τοῦ
1734 755 1869 826 πρὶν

288 844 567 912 κατηφοῦς
601 843 1025 913 ἐξεληλαμένου.
1079 844 1236 897 Κατὰ
1293 844 1481 908 πόλεις
1518 846 1580 899 δὲ
1619 848 1715 901 καὶ
1762 845 1869 917 χώ-

292 949 387 1005 ρας
418 935 644 996 παιᾶνες
680 935 775 987 καὶ
814 934 977 1004 ὕμνοι
1029 933 1107 1003 τῷ
1137 934 1275 987 ὅλων
1326 934 1448 1005 Θεῷ
1495 936 1716 1007 πρῶτα,
1748 933 1868 991 εἶτα

286 1028 377 1081 καὶ
417 1027 494 1097 τῷ
523 1028 631 1080 τῶν
665 1026 889 1095 ἀγαθῶν
930 1027 1156 1099 χορηγῷ
1219 1029 1434 1099 ἤγοντο.
1483 1028 1788 1101 Ἀμνηστία
1809 1029 1868 1084 δέ

288 1120 474 1173 κακῶν
502 1120 599 1173 καὶ
626 1119 768 1190 λήθη
791 1120 888 1188 τῆς
919 1120 1245 1183 δυσσεὸείας
1289 1115 1379 1191 ἦν’
1407 1119 1519 1174 τῶν
1569 1120 1627 1175 δέ
1674 1120 1772 1174 νῦν
1808 1125 1866 1185 ἐς

285 1216 446 1284 κόρον
498 1215 804 1277 ἀπόλαυσις
841 1216 1083 1283 ἀγαθῶν.
1117 1215 1344 1280 Μείζων
1392 1214 1450 1269 δέ
1503 1215 1599 1268 καὶ
1634 1217 1669 1285 ἡ
1706 1214 1865 1279 ἐλπὶς

285 1306 393 1358 τῶν
434 1305 909 1377 προσδοκωμένων
959 1303 1048 1379 ἦν.
1096 1306 1269 1376 Νόμοι
1317 1305 1375 1359 δὲ
1437 1307 1538 1362 καὶ
1584 1305 1865 1369 διατάξεις

283 1398 700 1472 φι).α.θρωπίας
746 1400 1022 1470 πλήρειςο
1074 1399 1169 1452 καὶ
1217 1399 1336 1454 ἄλλ’
1379 1397 1525 1453 ἄττα
1578 1399 1689 1452 τῶν
1726 1401 1863 1466 ἀγα-

283 1489 390 1543 θῶν
426 1490 924 1561 ἐπαρρησιάζοντο·
978 1491 1183 1563 δωρεαί
1232 1507 1294 1544 τε
1355 1490 1520 1561 βάθος
1573 1490 1863 1554 εὐσεϐείας

279 1583 690 1637 ὑποδεικνῦσαι·
745 1580 821 1636 ὧν
858 1584 1192 1653 καταλέγειν
1240 1585 1303 1638 τὸ
1348 1584 1578 1654 πλῆθος,
1615 1586 1699 1649 τίς
1728 1587 1863 1638 ἁποο

281 1677 430 1748 χρῶν
465 1678 677 1746 γένοιτο
716 1678 912 1746 ).ὀγος;
939 1676 1013 1732 Τὸ
1047 1678 1147 1748 μὲν
1173 1678 1283 1749 γὰρ
1317 1677 1493 1742 ὅντως
1531 1679 1691 1734 Θεῖον
1723 1678 1861 1750 θρη-

281 1767 500 1819 σκεύειν
554 1767 663 1839 πρὸ
714 1770 918 1831 παντὸς
973 1769 1325 1840 ὑπηγόρευεο
1376 1770 1507 1839 περὶ
1549 1767 1578 1822 ὃ
1623 1769 1861 1838 σπουδὴν

276 1859 617 1927 τιθεμένους,
650 1864 706 1914 ἐν
741 1861 994 1930 ἀφθόνοις
1023 1859 1166 1914 εἶναι
1200 1862 1441 1924 πάντωςο
1463 1862 1558 1916 καί
1597 1861 1652 1929 γ’
1677 1863 1856 1915 durav—

276 1955 373 2024 τᾷν
397 1954 623 2008 ἅπαντα
671 1956 813 2026 μετὰ
845 1956 1104 2025 χρηστῶν
1133 1955 1244 2009 τῶν
1277 1956 1513 2010 ἐλπίδων
1546 1936 1628 2019 οἷς
1669 1956 1734 2010 ἂν
1767 1959 1858 2021 ἐγ-

278 2052 490 2120 χειρεῖν
524 2049 740 2116 γένοιτο
771 2050 958 2119 ἔλεγεν
986 2068 998 2081 ·
1039 2050 1422 2122 ἁμαρτάνουσι
1463 2049 1506 2103 δ’
1538 2051 1596 2102 ἐν
1638 2051 1855 2119 ἐκείνῳ,

276 2141 332 2195 ἐν
374 2141 426 2193 τ’
455 2143 648 2213 εἰρήνῃ
710 2144 809 2195 καὶ
855 2141 1083 2213 πολέμῳ
1125 2142 1194 2195 τὰ
1233 2142 1475 2212 δυσχερῆ
1523 2140 1856 2213 προσδοκᾷ-ι.

292 2233 367 2287 Οὒ
398 2234 614 2303 κόμπον
646 2234 690 2287 δ’
718 2233 895 2297 ἄλλως
942 2234 1141 2302 λέγων,
1173 2234 1307 2289 ἀλλὰ
1362 2234 1526 2306 χάριν
1574 2233 1856 2305 ὁμολογῶν

275 2327 606 2398 ἰσχυρίζετοθ
639 2326 716 2390 ὡς
747 2328 1103 2399 προσήκοντά
1123 2344 1188 2396 γε
1225 2327 1511 2398 ὑπηρέτην
1544 2327 1665 2400 Θεῷ
1693 2326 1856 2381 αὑτὸν

271 2415 665 2488 ἐκλεξάμενος,
697 2419 884 2472 πᾶσαν
925 2419 1030 2471 ὑπὸ
1067 2420 1232 2489 χεῖρα
1265 2418 1436 2473 ἐτίθει
1483 2419 1585 2490 τὴν
1623 2419 1749 2489 γῆν,
1779 2418 1856 2479 ὡς

273 2508 308 2579 ἡ
349 2508 464 2564 τῶν
515 2510 869 2579 Χριστιανῶν
935 2509 1202 2582 αὐξηθείη
1237 2511 1513 2584 θρησκεία
1535 2553 1551 2576 ,
1588 2513 1683 2566 καὶ
1716 2513 1769 2565 oi.
1799 2514 1856 2564 ἐν

275 2599 451 2675 ταύτῃ
487 2605 814 2674 καρτερικοὶ
865 2604 1291 2674 ἐπιφανέστεροι
1339 2605 1585 2673 γένοιντο
1627 2607 1749 2669 ταῖς
1776 2623 1857 2658 tt-

282 2696 433 2764 μαῖς.
485 2694 676 2760 οὕτως
716 2695 894 2768 ἔχων,
928 2699 1112 2768 ἄκυρα
1173 2699 1345 2751 ἐτίθει
1383 2699 1564 2752 πάντα
1609 2698 1679 2752 τὰ
1728 2697 1854 2753 καθ’

271 2783 431 2856 ημῶν
466 2784 525 2851 ἐξ
575 2786 751 2858 ἀρχῆς
805 2785 1187 2857 ψηφισθέντα·
1235 2789 1366 2851 τοὺς
1411 2790 1471 2840 ἐν
1516 2789 1757 2859 ἐξορίαις
1791 2807 1850 2844 τε

275 2878 681 2945 μετεστέλλετο,
726 2879 822 2932 καὶ
848 2878 1031 2948 γερῶν
1066 2877 1383 2949 μετεδίδουο
1418 2879 1510 2932 καὶ
1552 2882 1613 2933 τὸ
1642 2880 1852 2951 προσὸν

276 2973 494 3042 ἑκάστῳ
535 2972 856 3041 ἀπένειμεν,
897 2973 1008 3026 εἴτε
1036 2972 1170 3041 τιμή
1218 2989 1304 3035 τις
1336 2968 1406 3042 ἦν
1448 2972 1849 3044 στρατιωτικὴ,

271 3064 306 3136 ἢ
342 3064 439 3118 καὶ
464 3065 654 3135 κτῆμα
693 3067 823 3130 ῖσως
856 3066 1178 3136 ἀφαιρεθέν.
1225 3067 1557 3137 Ἐκκλησίας
1590 3085 1648 3120 τε
1682 3067 1854 3136 ἐκμε·

276 3157 630 3226 μηκισμὲνας
681 3156 967 3226 δημοσίοις
1017 3157 1217 3211 ἀνίστα
1252 3160 1366 3221 τοῖς
1419 3159 1710 3229 χρήμασι,
1758 3160 1854 3213 καὶ

271 3248 528 3303 ἀτέλειαν
579 3251 693 3313 τοῖς
751 3249 846 3303 τοῦ
895 3249 1035 3304 Θεοῦ
1085 3251 1425 3322 λειτουργοῖς
1463 3252 1844 3322 ἐπεκήρυττεο
1873 3279 1925 3337 c

269 3337 523 3399 συνόδους
550 3355 613 3391 τε
641 3342 972 3409 συγκροτεῖν
1009 3341 1205 3411 ἀνῆκε,
1241 3342 1334 3394 καὶ
1367 3338 1539 3394 τᾶλλα
1584 3340 1851 3407 πράττειν

265 3430 365 3483 ὅσα
393 3432 460 3500 τῇ
496 3429 846 3501 Χριστιανῶν
880 3428 1155 3501 θρησκείᾳ
1192 3431 1570 3501 προσήκοντα.
1612 3430 1767 3484 Ἐπεὶ
1795 3429 1852 3482 δέ

271 3523 480 3585 πάντας
516 3523 597 3586 είς
630 3525 732 3594 τὴν
759 3522 1040 3594 προτέραν
1090 3520 1414 3594 ἐλευθερίαν
1457 3522 1851 3586 ἀνεκαλέσατο,

270 3616 366 3671 καὶ
399 3616 498 3680 τὰς
533 3614 787 3687 συνήθεις
842 3614 1014 3686 τιμὰς
1074 3616 1171 3668 καὶ
1236 3615 1336 3680 τὰς
1389 3614 1579 3680 οὐσίας
1631 3616 1854 3678 τούτοις

266 3707 579 3764 ἀπέδωκεν.
644 3707 712 3763 Et
750 3724 856 3763 που
886 3708 1031 3772 τινές
1073 3706 1574 3771 καταδικασθέντες
1606 3706 1851 3777 θανάτῳ,

265 3802 362 3856 τὸν
394 3801 508 3872 βίον
537 3800 813 3869 ἐξέλιπον,
857 3801 988 3865 τοὺς
1036 3799 1322 3872 ἐγγυτέρω
1350 3800 1551 3869 γένους
1585 3798 1851 3870 κληρονο·

271 3898 395 3966 μεῖν
420 3896 692 3948 τάκείνων
737 3893 1013 3948 ἐκέλευεν.
1058 3894 1120 3948 Εἰ
1165 3891 1213 3946 δ’
1263 3892 1365 3947 οὐκ
1404 3888 1567 3965 ἦσαν,
1596 3891 1699 3962 τὴν
1730 3894 1853 3946 ἐπι-

266 3985 474 4059 χώριον
504 3984 807 4055 ἐκκλησίαν
858 3985 955 4038 τὸν
1012 3982 1222 4056 κλῆρον
1278 3983 1426 4055 ἐχειν
1492 3983 1806 4053 ἐνομοθέτει
1832 4024 1849 4051 ,

266 4079 369 4132 κᾶν
417 4094 477 4132 τε
520 4077 796 4133 ἰδιωτικὸν
845 4073 939 4149 ἦν,
978 4077 1087 4133 κᾶν
1116 4092 1177 4131 τε
1210 4077 1494 4148 δημόσιον.
1531 4078 1644 4132 Καὶ
1675 4079 1851 4132 ταῦτα

266 4171 370 4242 μὶν
404 4169 589 4233 καλῶς
635 4169 815 4224 ἐδόκει
844 4168 924 4240 τῷ
963 4168 1200 4241 βασιλεῖ,
1238 4170 1332 4223 καὶ
1362 4168 1515 4241 νόμῳ
1538 4171 1846 4242 κεκύρωτο.

260 4266 332 4317 'l‘t
382 4265 448 4317 τὸ
510 4265 607 4317 ἐπὶ
659 4262 918 4330 τούτοις;
953 4262 1311 4335 Χριστιανοῑς
1360 4263 1635 4333 ἐπέτρεπε
1665 4264 1850 4329 πάσας

261 4359 357 4423 τὰς
387 4359 666 4429 κοσμικὰς
695 4356 870 4427 ἀρχὰς
901 4356 1155 4411 διοικεῖν.
1205 4357 1426 4427 Ἐορταὶ
1459 4355 1506 4410 δ’
1553 4356 1847 4430 Ἑλλήνων,

262 4453 475 4518 ξοάνων
518 4467 570 4504 τε
627 4450 811 4504 θυσίαι
867 4448 962 4502 καὶ
1007 4449 1206 4519 ὄργια,
1271 4450 1609 4519 μαγγανεῖαί
1658 4467 1720 4503 τε
1754 4455 1852 4502 καὶ

1976 653 2185 724 ubique
2212 665 2521 710 conventus
2547 654 2846 717 celebrari.
2876 655 3018 711 iartis
3044 656 3185 711 alius
3218 656 3389 713 alium
3422 673 3567 713 ocu-

1970 746 2041 802 lis
2085 750 2360 816 respicere
2430 757 2597 817 atque
2659 747 2894 803 hiiarius
2945 748 3260 811 subridere.
3321 762 3571 804 mmrore

1970 840 2207 909 pristino
2239 840 2578 910 tristitiaque
2608 841 2803 911 ejecta,
2848 855 2987 896 nova
3035 841 3160 897 luce
3200 841 3323 897 loca
3376 842 3567 898 omnia

1970 932 2223 988 relucere
2260 949 2274 985 :
2310 933 2368 987 in
2404 933 2638 989 urbibus
2684 943 2739 989 et
2789 933 2926 990 vicis
2972 934 3234 988 omnibus
3263 950 3476 1005 pzeanes
3506 943 3570 991 et

1969 1020 2180 1092 hymni,
2213 1023 2454 1092 primum
2487 1022 2710 1093 quidem
2763 1024 2820 1078 in
2854 1039 3039 1080 rerum
3065 1024 3317 1080 omnium
3358 1025 3559 1091 Deum,

1968 1113 2173 1170 deinde
2201 1116 2367 1170 etiam
2398 1117 2452 1171 in
2484 1126 2650 1172 tantae
2681 1116 3070 1187 prosperitatis
3105 1118 3561 1175 subministrata-

1967 1223 2084 1263 rem
2119 1209 2265 1275 cani,
2307 1210 2573 1265 memoria
2619 1211 2901 1265 malorum
2927 1210 3164 1276 aboleri,
3196 1210 3408 1266 oblivio
3436 1212 3558 1266 im-

1967 1299 2190 1369 pietatis
2221 1300 2436 1366 induci,
2468 1315 2663 1355 omnes
2720 1302 3086 1370 praesentibus
3121 1303 3281 1357 bonis
3319 1302 3562 1359 ubertim

1966 1392 2045 1446 uti
2089 1392 2221 1457 l'rui,
2254 1395 2428 1461 major
2454 1393 2624 1448 etiam
2679 1393 2986 1463 meliorque
3020 1409 3205 1448 rerum
3241 1392 3555 1448 futurarum

1965 1500 2093 1554 spes
2132 1501 2275 1554 esse,
2311 1487 2492 1557 legum
2528 1486 2791 1542 videlicet
2837 1497 2895 1542 et
2929 1489 3396 1543 constitutionem
3446 1489 3558 1543 hu-

1969 1579 2255 1635 manitatis
2273 1580 2748 1650 plenissimarum,
2770 1581 3157 1650 bonorumque
3180 1581 3413 1636 aliorum
3431 1598 3561 1651 quas

1967 1682 2081 1728 tum
2114 1674 2292 1729 libere
2317 1685 2372 1729 et
2406 1676 2694 1746 propalam
2740 1666 3122 1743 jactabantur,
3180 1676 3559 1731 donationum

1962 1781 2184 1835 quoque
2215 1765 2637 1837 amplitudinem
2673 1766 2896 1833 pietatis
2925 1764 3329 1822 declarantium
3363 1784 3376 1819 :
3416 1781 3559 1834 qua-

1966 1874 2088 1913 rum
2162 1857 2578 1913 multitudinem
2641 1874 2895 1928 quaenam
2971 1858 3155 1913 oratio
3217 1873 3548 1913 enumerare

1964 1950 2175 2020 queat?
2204 1948 2488 2020 Siquidem
2523 1950 2830 2021 publicitus
2864 1965 3058 2005 omnes
3086 1951 3394 2021 imperator
3432 1951 3554 2020 ipse

1961 2043 2284 2099 cohortatus
2318 2052 2426 2107 est,
2462 2053 2524 2097 ut
2571 2043 2627 2098 in
2681 2043 2876 2113 primis
2926 2042 3177 2098 divinum
3214 2043 3428 2099 Numen
3461 2044 3555 2113 pie

1961 2135 2227 2191 colerent.
2266 2135 2401 2190 Nam
2442 2135 2538 2208 qui
2590 2136 2646 2190 in
2684 2151 2753 2192 eo
2800 2136 3097 2209 diligenter
3146 2137 3387 2193 colendo
3433 2147 3555 2193 stu-

1961 2229 2114 2282 dium
2174 2238 2469 2298 ponerent,
2531 2229 2804 2296 futorum,
2840 2238 2904 2285 ut
2953 2229 3141 2286 omnia
3194 2230 3277 2286 eis
3329 2229 3557 2286 abunde

1960 2333 2189 2391 prorsus
2218 2329 2551 2392 suppetant,
2574 2322 2875 2393 omniaque
2903 2330 3082 2394 erepta
3114 2338 3240 2378 cum
3275 2337 3373 2394 spe
3401 2324 3553 2393 opti-

1961 2430 2048 2469 ma
2091 2415 2329 2470 feliciter
2356 2416 2596 2471 cedant:
2629 2417 2714 2473 sin
2749 2433 2778 2471 a
2812 2418 3020 2487 pietate
3071 2418 3165 2472 tali
3208 2429 3265 2474 et
3288 2419 3406 2474 veri
3444 2419 3549 2475 Dei

1959 2509 2229 2579 religione
2297 2509 2651 2573 aberrarent,
2710 2509 2852 2565 nihil
2897 2525 2996 2566 eos
3031 2521 3089 2567 et
3133 2526 3266 2581 pace
3294 2522 3352 2567 et
3404 2514 3553 2568 bello

1958 2619 2124 2674 quam
2162 2618 2252 2659 res
2291 2602 2556 2659 adversas
2589 2612 2916 2675 exspectare
2952 2604 3158 2660 debere
3184 2605 3550 2662 conﬁrmans.

1956 2696 2138 2767 Atque
2167 2698 2280 2752 haec
2310 2695 2538 2765 quidem
2571 2712 2683 2751 non
2739 2711 2838 2766 per
2864 2697 3191 2769 iactantiam
3223 2698 3551 2769 gloriabun-

1957 2789 2081 2849 dus.
2134 2790 2229 2845 sed
2273 2793 2501 2859 gratiam
2549 2790 2641 2845 Dei
2671 2806 2979 2861 agnoscens
3022 2801 3079 2848 et
3117 2793 3388 2863 profiteris
3416 2808 3548 2864 pro-

1957 2883 2101 2937 tulit.
2141 2881 2219 2936 lta
2260 2882 2352 2938 ille
2391 2883 2743 2939 coutlnndum
2776 2896 2838 2938 se
2889 2882 3003 2939 Deo
3039 2885 3357 2940 ministrum
3397 2900 3545 2957 prte-

1954 2976 2110 3042 bens,
2147 2985 2324 3031 terras
2360 2991 2555 3031 omnes
2581 2975 2779 3030 ditioni
2827 2991 2941 3032 sua:
2971 2977 3235 3050 subjecit,
3296 2988 3356 3033 ut
3388 2980 3553 3035 tlhri-

1955 3070 2263 3125 stiauornm
2296 3070 2489 3138 religio
2514 3085 2678 3138 quam
2709 3071 2946 3126 maxime
2975 3082 3275 3140 augeretur
3310 3090 3324 3127 :
3359 3081 3416 3129 et
3447 3074 3547 3144 qui

1958 3162 2012 3216 in
2046 3178 2111 3217 ea
2160 3162 2393 3218 colenda
2421 3172 2747 3219 constanter
2795 3173 3221 3232 perseverarent
3248 3203 3262 3226 ,
3298 3164 3546 3220 illustres

1959 3257 2195 3310 maxime
2235 3255 2600 3324 dignitatibus
2651 3266 2706 3309 et
2762 3254 3073 3310 honoribus
3113 3257 3329 3314 tierent.
3377 3259 3547 3334 514

1954 3350 2181 3404 Talibus
2226 3352 2393 3418 igitur
2453 3351 2701 3405 consiliis
2752 3349 2950 3418 fretus,
3017 3366 3368 3423 quaecunque
3425 3356 3541 3427 jam

1956 3443 2085 3498 inde
2120 3443 2190 3499 ab
2221 3443 2383 3497 initio
2418 3430 2615 3498 contra
2649 3459 2750 3499 nos
2777 3445 3000 3500 decreta
3034 3447 3274 3511 fuerant,
3311 3448 3550 3521 abroga-

1955 3534 2052 3599 vit,
2092 3534 2311 3590 exsules
2357 3536 2659 3601 revocarit,
2694 3535 2939 3592 honores
2983 3537 3090 3592 illis
3136 3549 3191 3594 et
3240 3538 3385 3596 bona
3418 3559 3541 3611 sua,

1953 3626 2070 3680 sive
2105 3625 2362 3681 militaris
2394 3627 2657 3699 dignitas,
2682 3644 2778 3684 seu
2806 3631 3084 3700 possessio
3104 3631 3250 3689 ist-te
3279 3633 3544 3705 cuiquam

1952 3716 2212 3785 adempta
2262 3716 2469 3783 fuerat,
2521 3716 2846 3774 restituens.
2904 3719 3186 3777 Ecclesias
3241 3725 3546 3794 ampliores

1954 3809 2169 3878 publica
2192 3809 2427 3879 pecunia
2443 3816 2779 3879 construxit,
2802 3812 3211 3871 immunitatem
3270 3817 3548 3874 ministris

1953 3902 2047 3956 Dei
2096 3902 2393 3968 concessit,
2456 3913 2766 3960 conventus
2816 3905 2942 3961 ﬁeri
2982 3908 3275 3977 permisit,
3325 3909 3546 3982 aliaque

1953 4009 2217 4065 peragere
2247 3995 2435 4066 jussit,
2478 4012 2828 4068 quaecunque
2858 3999 2925 4054 ad
2956 3999 3338 4057 Christianum
3372 4003 3548 4073 perti-

1954 4098 2089 4144 nent
2118 4089 2354 4145 cultum.
2387 4088 2686 4161 Postquam
2738 4090 2806 4147 ad
2839 4090 2989 4148 hunc
3017 4093 3245 4149 modum
3269 4111 3463 4151 omnes
3488 4096 3544 4152 in

1951 4181 2244 4252 pristinam
2307 4183 2589 4237 revocavit
2642 4181 2999 4251 libertatem,
3051 4185 3246 4256 eisque
3295 4186 3547 4244 honores

1953 4273 2149 4329 solitos
2179 4275 2436 4345 bonaque
2465 4290 2562 4330 sua
2589 4275 2868 4342 restituit,
2902 4279 2949 4332 si
2998 4277 3095 4348 qui
3129 4283 3420 4338 sententia:
3447 4297 3544 4338 ca-

1953 4366 2106 4436 pitali
2136 4365 2381 4421 damnati
2429 4368 2594 4422 vitam
2632 4366 2966 4435 ﬁnivissent,
2999 4387 3201 4442 genere
3233 4379 3544 4445 proximos,

1955 4462 2001 4517 si
2056 4462 2152 4533 qui
2197 4471 2419 4528 essent,
2450 4462 2606 4518 adire
2650 4465 2870 4524 illorum
2934 4467 3288 4524 haereditates
3335 4468 3542 4539 iussit;

262 4543 483 4599 τελεταὶ
513 4542 812 4614 δαιμόνων,
873 4540 1204 4611 ἀπείρηται,
1257 4540 1432 4595 πολλὰ
1489 4542 1547 4596 δέ
1604 4543 1701 4595 καὶ
1743 4542 1851 4595 τῶν

1957 4552 2005 4609 si
2046 4568 2155 4608 non
2188 4563 2399 4622 essent,
2430 4556 2534 4613 loci
2565 4558 2685 4627 ejus
2731 4558 3023 4614 ecclesiam
3060 4560 3115 4614 in
3148 4559 3291 4616 bona
3320 4577 3542 4627 eorum,

259 4638 517 4708 ἀρχαίων
570 4634 712 4688 ἐθῶν
766 4633 1184 4706 μετεϐάλλοντο.
1223 4631 1286 4689 '0
1311 4632 1412 4702 μὲν
1440 4633 1549 4703 γὰρ
1587 4633 1720 4704 παρ’
1753 4632 1851 4685 Αί-

1957 4645 2072 4700 sire
2106 4646 2320 4716 privata
2359 4661 2454 4702 seu
2474 4622 2693 4717 publica
2720 4657 2930 4715 essent,
2954 4649 3257 4706 succedere
3280 4652 3398 4722 lege
3428 4622 3542 4710 lata

258 4732 521 4797 γυπτίοις
577 4729 756 4798 πῆχυς
799 4725 983 4781 οὐκέτ’
1016 4728 1099 4789 είς
1132 4724 1407 4797 Ἐλλήνων
1453 4729 1659 4796 τεμένη
1681 4767 1696 4794 ,
1730 4726 1849 4780 ἀλλ’

256 4825 345 4894 είς
378 4822 563 4894 ἱεροὺς
593 4821 755 4893 ἡμῶν
782 4819 1066 4873 ἀνετίθετο
1093 4819 1305 4883 οἴκους·
1339 4814 1385 4886 ᾦ
1410 4819 1445 4889 ἡ
1474 4818 1716 4882 ἐπίδοσις
1747 4819 1850 4888 τῆς

257 4886 359 4971 τού
397 4886 805 4984 Neues-«popa;
853 4911 1160 4966 καθίστατο
1189 4886 1496 4983 γνώριμος.
1541 4912 1609 4964 Ἦ
1644 4911 1703 4963 δὲ
1741 4886 1848 4965 τῶν

262 5010 601 5082 μονομάχων
651 5008 715 5076 ἐξ
760 5006 977 5060 ἐκείνου
1022 5003 1319 5076 Ῥωμαίοις
1363 5004 1461 5058 θέα
1513 5002 1847 5059 κεκώλυται.

254 5104 513 5168 Φοίνικες
548 5103 629 5170 δέ,
668 5101 720 5156 οἳ
773 5101 867 5157 τὸν
902 5100 1142 5158 Δίσανον
1175 5101 1330 5173 παρὰ
1354 5100 1457 5169 τὴν
1500 5101 1850 5157 Ἡλιούπολιν

257 5195 473 5267 ᾤκουν,
505 5194 822 5249 ἐπαύσαντο
872 5195 982 5265 πρὸ
1024 5191 1121 5247 τοῦ
1158 5192 1398 5263 νομίμου
1445 5194 1630 5263 γάμου
1656 5195 1849 5260 εἰωθὸς

255 5286 322 5341 ὃν
361 5290 424 5341 ἐκ
458 5286 630 5357 νόμου
680 5288 782 5357 τὴν
818 5285 929 5359 τῶν
977 5284 1266 5354 παρθένων
1302 5285 1569 5357 πράττειν
1614 5286 1845 5359 φθοράν.

252 5377 387 5449 Νεῲ
416 5379 475 5432 δὲ
507 5354 592 5441 είς
630 5354 883 5431 ἐπίδοσιν⁹
921 5375 1093 5446 ὕψους
1134 5378 1229 5430 καὶ
1259 5354 1500 5442 πλάτους
1527 5354 1842 5451 dves-pexam

253 5470 424 5523 ὐσοι
457 5469 504 5523 δ’
539 5468 860 5539 ἀρκούντως
901 5466 1072 5540 εἶχον,
1114 5467 1551 5532 ἐπεσκευάζοντο
1577 5484 1592 5500 ο
1625 5464 1768 5540 ἦσαν
1799 5469 1845 5521 δ’

247 5563 308 5618 οἳ
364 5562 461 5616 καὶ
509 5564 576 5616 ἐκ
606 5561 895 5633 κρηπίδων
936 5563 1247 5616 ἀνίσταντο.
1285 5561 1554 5625 Βασιλεὺς
1586 5561 1633 5615 δ’
1660 5563 1845 5626 αὐτοῖς

242 5658 591 5729 ἐπεχορήγει
652 5656 876 5728 δαψιλές
924 5656 985 5709 τὸ
1043 5656 1335 5725 ἀνάλωμα,
1383 5655 1494 5709 τῶν
1528 5654 1846 5709 ἐπισκόπων

239 5753 745 5819 ἐπιστατούντων,
800 5751 979 5804 πάντα
1044 5752 1306 5822 χορηγεῖν
1361 5750 1842 5822 κεκελευσμένων,

325 5929 655 6023 (ίὶιῦῆχυς,
685 5928 909 5986 Cubitus
941 5928 1067 5985 Nili.
1097 5928 1243 5986 Plin.
1269 5928 1364 5985 lib.
1398 5946 1450 5998 ν,
1488 5944 1612 6001 cap.
1644 5931 1698 5992 9,.

1953 4738 2240 4809 praecepit.
2270 4740 2451 4809 Atque
2500 4740 2616 4795 haec
2646 4741 2870 4812 quidem
2922 4741 3003 4798 sic
3037 4742 3341 4813 imperator
3387 4757 3542 4802 recte

1952 4830 2247 4886 constituit
2288 4830 2648 4902 legitimeque
2679 4831 3071 4887 confirmavit:
3106 4842 3375 4902 praeterea
3406 4850 3544 4891 vero

1951 4921 2286 4978 Christianis
2333 4939 2530 4978 omnes
2583 4923 2850 4995 profanos
2912 4925 3276 4996 magistratus
3338 4943 3542 4999 gerere

1950 5016 2224 5086 permisit.
2257 5016 2450 5072 Festos
2486 5027 2673 5073 autem
2713 5017 3001 5088 gentilium
3033 5019 3176 5082 dies.
3212 5020 3542 5076 simulacro-

1949 5123 2075 5162 rum
2118 5108 2395 5174 virtimas,
2448 5119 2504 5163 ct
2553 5107 2729 5179 orgia,
2788 5108 3196 5166 incantationes
3276 5123 3334 5167 et
3379 5127 3541 5168 sacra

1950 5200 2265 5256 daemonum
2302 5215 2533 5272 prorsus
2579 5202 2869 5272 prohibuit
2916 5213 2974 5259 et
3026 5204 3338 5258 interdixit.
3368 5203 3538 5261 Multa

1948 5294 2119 5351 etiam
2153 5310 2220 5351 ex
2257 5296 2436 5367 prisca
2464 5298 2874 5355 consuetudine
2911 5297 2967 5351 in
3005 5297 3207 5352 melius
3232 5296 3303 5352 ab
3319 5313 3386 5352 eo
3418 5314 3541 5352 mu-

1950 5398 2083 5442 tata.
2111 5387 2274 5458 Apud
2303 5386 2592 5460 Egyptios
2621 5391 2769 5447 enim
2803 5389 3027 5445 cubitus
3056 5390 3132 5459 (l)
3153 5403 3263 5442 non
3297 5389 3540 5459 amplius

1948 5481 2004 5533 in
2036 5479 2326 5550 gentilium
2367 5482 2620 5547 delubra,
2654 5482 2753 5538 sed
2799 5483 2853 5538 in
2903 5495 3094 5549 sacras
3126 5490 3346 5536 nostras
3388 5480 3538 5539 miles

1948 5570 2294 5642 deportatus,
2318 5581 2483 5644 atque
2515 5574 2590 5629 ibi
2622 5573 2915 5631 dedicatus
2941 5580 3049 5641 est,
3075 5589 3187 5644 quo
3218 5573 3541 5629 incremen-

1949 5675 2063 5721 tum
2094 5666 2431 5723 exundantis
2463 5666 2572 5723 Nili
2621 5682 2875 5724 mensum
2912 5667 3366 5739 dignoscebatur.
3400 5666 3543 5738 Spe-

1945 5755 2218 5809 ctaculum
2283 5755 2551 5827 singulari
2603 5760 2911 5815 certamine
2968 5758 3419 5816 concertantium
3451 5756 3540 5831 (2)

2018 5933 2098 6007 (2)
2134 5933 2197 5988 ι..
2231 5932 2381 5991 unic.
2416 5932 2476 5991 (Σ.
2510 5932 2587 5990 De
2617 5930 2765 6003 glad.
2797 5931 2875 5989 lib
2932 5947 3030 6006 n.‘

3312 6040 3325 6045 σ
3346 6013 3514 6047 ..ηδ’-Α
