4052 6478
348 398 482 467 1321

1273 402 1874 468 ECCLESIASTlC/E
1914 400 2304 461 HlSTORI/E
2345 401 2492 465 LIB.
2537 384 2712 464 νηί

3461 402 3599 470 132?.

341 519 501 586 δίκην
528 520 643 582 τοῖς
697 519 1020 584 ἐπισκόποις
1075 520 1415 591 ἐπέτρεψεν·
1476 518 1593 588 εἴγε
1646 516 1915 586 βούλοιντο

2026 512 2156 570 latis
2199 524 2370 584 patet.
2431 514 2713 571 Absurdas
2749 515 2915 571 etiam
2958 516 3078 571 illas
3126 515 3270 585 apud
3322 515 3603 579 Romanos

342 613 734 681 παραιτεῖσθαι
760 616 888 678 τοὺς
940 616 1011 669 τὰ
1046 614 1299 668 πολιτικὰ
1349 614 1659 684 κρίνοντας.
1709 611 1823 680 Τήν
1853 625 1919 677 γε

349 702 461 773 μὴν
493 704 704 757 ἐκεῖθεν
750 706 936 775 ψῆφον
985 709 1047 761 τὸ
1100 706 1281 777 κῦρος
1325 707 1433 759 τῶν
1479 705 1659 759 ἄλλων
1699 703 1921 755 πάντων

344 796 538 863 φέρειν
571 796 916 864 ἐνομοθέτει,
945 799 1345 867 ἀμετάτρεπτα
1372 796 1427 849 δὲ
1450 793 1590 847 εῖναι
1621 792 1721 846 καὶ
1747 793 1818 845 τὰ
1853 793 1917 862 τῇ

340 886 550 955 συνόδῳ
575 887 934 958 διωρισμέναο
967 891 1037 944 τά
1071 905 1135 958 γε
1177 887 1285 959 μὴν
1330 887 1581 948 ἐκείνους
1617 885 1920 955 κρινόμενα

341 977 424 1038 εἰς
453 976 615 1045 ἔργον
651 977 805 1043 ἄγειν
845 981 941 1033 καὶ
993 979 1262 1048 καθιστᾷν
1304 977 1433 1039 τοὺς
1482 976 1550 1031 τὰ
1598 976 1755 1030 κοινὰ
1784 976 1919 1028 διοι-

340 1066 576 1130 κοῦντας
600 1067 874 1138 ἄρχοντας
909 1070 1008 1122 σὺν
1056 1071 1172 1133 τοῖς
1223 1069 1329 1122 ὑπὸ
1368 1068 1527 1138 χεῖρα
1555 1065 1919 1136 στρατιώταις

341 1158 551 1220 αὐτοῖς.
606 1160 716 1212 Καὶ
748 1160 850 1231 τὴν
879 1160 1202 1230 ἐλευθερίαν
1233 1160 1292 1214 δὲ
1326 1159 1476 1228 νόμῳ
1510 1160 1579 1227 τῇ
1620 1156 1921 1225 Ἐκκλησία

340 1249 761 1319 κατεχαρίζετο·
785 1252 884 1305 καὶ
913 1253 1023 1315 τοῖς
1049 1252 1104 1320 γ’
1129 1250 1610 1321 ἐλευθερουμένοις
1633 1247 1740 1301 ὑπὸ
1779 1248 1921 1316 μάρ-

339 1357 468 1392 τυσι
511 1346 625 1405 τοῖς
656 1343 877 1412 ἱερεῦσι
945 1345 1012 1414 τῇ
1060 1342 1310 1414 πολιτείᾳ
1370 1340 1662 1411 Ῥωμαίων
1714 1339 1919 1408 ἐγγρά-

351 1435 574 1501 φεσθαι.
607 1435 828 1489 Τούτων
881 1437 939 1490 δὲ
994 1437 1218 1491 πάντων
1256 1437 1353 1488 καὶ
1383 1439 1411 1488 ὁ
1439 1436 1634 1506 χρόνος
1667 1435 1725 1496 ἐς
1760 1432 1921 1503 δεῦρο

348 1522 509 1592 φέρει
546 1526 639 1577 τὸν
662 1525 908 1595 ἔλεγχον,
933 1526 1024 1579 ἀεὶ
1053 1523 1149 1578 τοῦ
1184 1524 1340 1588 ἔθους
1372 1523 1449 1585 ὡς
1479 1522 1663 1584 καλῶς
1680 1522 1919 1592 ἔχοντος,

340 1612 776 1685 ὕπερτεροῦντος
816 1618 913 1669 τοῦ
962 1618 1160 1686 χρόνον
1216 1614 1312 1669 καὶ
1356 1612 1716 1684 ὲνισχύοντος.
1754 1611 1867 1667 Καὶ
1894 1614 1923 1666 ὀ

344 1704 448 1774 μὲν
501 1706 731 1760 τοιαῦτα
781 1708 1104 1773 σπουδάζων
1148 1705 1482 1778 ἐνομοθέτει,
1536 1704 1723 1776 ἔργοις
1741 1705 1833 1758 ἀεὶ
1861 1705 1923 1759 τὸ

2026 605 2192 675 leges,
2224 621 2294 661 ne
2332 607 2551 662 caelibes
2586 607 2641 662 in
2687 607 2940 662 adeunda
2992 607 3310 662 haereditate
3343 609 3601 678 conjugi-
3664 604 3675 616 '

2020 699 2129 754 bus
2159 709 2537 768 aequarentur,
2573 714 2711 754 neve
2742 709 3107 769 prmtorquam
3143 714 3347 770 genere
3368 699 3599 769 propin-

2018 786 2116 855 qui
2147 784 2448 854 quidquam
2478 801 2546 840 ex
2577 794 2911 843 testamento
2934 786 3316 844 lucrarentur:
3342 799 3605 858 praeterea

2026 885 2085 932 ut
2112 878 2203 946 qui
2231 876 2438 932 liberos
2468 891 2577 930 non
2603 887 2990 946 procreassent
3013 918 3028 943 ,
3062 878 3295 933 dimidia
3324 879 3600 934 bonorum

2024 979 2179 1038 parte
2234 969 2645 1034 multarentur,
2697 971 2983 1040 abrogavit
3026 1010 3042 1038 ,
3100 987 3172 1026 ne
3227 972 3462 1038 scilicet,
3503 973 3600 1042 qui

2020 1056 2330 1112 caelibatum
2359 1057 2888 1126 complecterentur,
2940 1076 3054 1128 quo
3082 1061 3356 1116 deteriore
3388 1062 3603 1117 maritis

2024 1145 2190 1215 516
2224 1155 2413 1202 essent
2462 1147 2802 1212 conditione,
2856 1151 3041 1226 minus
3082 1167 3203 1207 eam
3252 1163 3605 1208 sectarentur

2025 1241 2217 1301 vitam,
2243 1253 2367 1308 qua}
2396 1253 2455 1294 se
2489 1240 2542 1293 in
2571 1240 2770 1295 studiis
2816 1242 2929 1296 Deo
2961 1244 3178 1312 placitis
3212 1244 3407 1300 sedulo
3438 1261 3604 1301 exer-

2020 1337 2135 1383 cet.
2168 1328 2311 1394 Quin
2342 1339 2403 1383 ut
2453 1330 2488 1383 ii
2533 1331 2628 1400 qui
2666 1347 2767 1401 per
2809 1333 3210 1390 continentiam
3243 1335 3299 1390 in
3349 1337 3601 1391 caelibatu

2024 1421 2194 1476 vitam
2235 1421 2834 1494 degunt,.pr:ecipuum
2860 1426 3120 1495 quiddam
3155 1443 3269 1498 prae
3299 1428 3407 1483 illis
3432 1429 3602 1486 habe-

2017 1522 2173 1576 rent,
2232 1514 2417 1569 sanxit
2454 1533 2467 1569 :
2509 1524 2570 1571 ut
2605 1516 2831 1572 caelibes
2882 1519 3097 1573 scilicet
3144 1533 3341 1576 omnes
3369 1559 3385 1585 ,
3436 1521 3605 1576 etiam

2027 1605 2366 1676 impuberes,
2396 1622 2497 1677 pro
2538 1622 2608 1663 eo
2644 1619 2812 1680 atque
2846 1610 2928 1666 eis
2980 1612 3158 1666 visum
3197 1624 3367 1676 esset,
3413 1613 3605 1668 testari

2024 1705 2291 1766 possent:
2340 1707 2530 1752 contra
2581 1701 3049 1758 consuetudinem
3098 1720 3223 1773 quae
3271 1705 3400 1759 olim
3458 1705 3604 1775 apud

338 1795 488 1848 θεῖον
542 1796 873 1867 θεραπεύειν
907 1795 1256 1867 αἱρούμενος.
1286 1794 1502 1859 ’Δλλως
1537 1812 1598 1849 τε
1623 1794 1682 1848 δὲ
1718 1794 1751 1865 ἡ
1787 1793 1915 1864 θρη-

2028 1789 2309 1845 Romanos
2334 1790 2688 1855 obtinuerat,
2724 1795 2819 1862 qui
2852 1793 3001 1866 leges
3044 1795 3180 1852 tales
3215 1796 3505 1861 tulerant,
3546 1808 3608 1853 ut

338 1888 499 1941 σκεία
532 1890 629 1942 καὶ
657 1888 782 1944 καθ’
817 1891 1019 1962 ἑαυτὴν
1052 1888 1382 1960 ἀκμάζουσα
1410 1883 1502 1958 ἦν,
1543 1887 1631 1941 διὰ
1662 1886 1764 1955 τὴν
1794 1887 1922 1957 ἀρε-

333 1979 436 2049 τὴν
464 1980 574 2032 τῶν
607 1981 729 2034 τότε
764 1982 1060 2050 μετιόντων
1100 1981 1293 2052 αὐτήν.
1329 1980 1443 2035 Καὶ
1463 1979 1573 2050 γάρ
1598 1995 1714 2042 πως
1731 1976 1922 2030 πολλοὶ

335 2070 613 2140 περιῆσαν
639 2070 719 2125 ἔτι
753 2072 862 2125 τῶν
892 2071 1246 2142 όμολογητῶν
1292 2068 1386 2123 τοῦ
1435 2067 1676 2138 διωγμοῦ
1718 2066 1922 2137 λήξανο

333 2177 449 2223 τος.
490 2161 599 2216 Καὶ
630 2162 806 2227 ἄλλως
848 2163 906 2216 δὲ
962 2162 1163 2232 ἁγαθοὶ
1190 2163 1286 2217 καὶ
1330 2160 1683 2216 ἀποστολικοὶ
1708 2159 1920 2229 διεφαί-

334 2263 493 2301 νοντο
525 2249 742 2320 ἄνδρες,
790 2250 975 2320 ἔργοις
1001 2251 1098 2304 καὶ
1148 2250 1332 2318 λόγοις
1368 2252 1468 2323 τὴν
1501 2250 1687 2304 πίστιν
1719 2248 1922 2317 σεμνύ-

337 2352 549 2401 νοντες,
582 2342 714 2409 περὶ
743 2333 821 2393 ὧν
863 2340 943 2411 τῷ
971 2341 1307 2413 προσήκοντι
1345 2340 1495 2411 τόπῳ
1524 2336 1919 2410 διαληψόμεθα.

2026 1884 2220 1939 urbem
2270 1883 2635 1942 seditionibus
2678 1887 2948 1959 bellisque
2993 1890 3251 1949 civilibus
3297 1900 3426 1948 ante
3459 1893 3607 1962 ejus-

2028 1975 2179 2030 modi
2219 1976 2566 2032 sanctionem
2594 1978 2946 2045 exhaustam,
2974 1981 3301 2053 civibusque
3323 1984 3603 2046 orbatam,

2026 2065 2397 2123 matrimoniis
2415 2067 2834 2138 liberorumque
2852 2075 3236 2140 procreatione
3260 2074 3609 2144 frequentio-

2026 2173 2145 2214 rem
2176 2158 2492 2215 redderent.
2525 2159 2642 2227 Qua
2690 2178 2824 2219 vero
2858 2163 3164 2234 imperator
3207 2165 3608 2222 Constantinus

2026 2250 2378 2307 observantia
2407 2266 2536 2324 erga
2572 2253 2972 2324 professionem
3008 2257 3131 2313 lidei
3175 2269 3378 2314 nostra!
3415 2260 3609 2325 fuerit,

2025 2339 2245 2395 abunde
2275 2340 2413 2396 illud
2447 2357 2672 2414 quoque
2705 2354 2958 2413 testatur,
2979 2349 3125 2417 quod
3154 2350 3393 2406 clericos
3416 2367 3610 2407 omnes

337 2432 737 2486 constitutione
801 2432 911 2487 lata
958 2431 1235 2487 immunes
1281 2429 1598 2501 liberosque
1661 2443 1785 2486 esse
1848 2429 2147 2499 permisit:
2216 2429 2599 2502 iudiciumque
2655 2443 2714 2489 et
2757 2436 3209 2505 jurisdictionem
3258 2441 3314 2497 in
3353 2458 3451 2498 cos
3487 2445 3609 2514 epi-

336 2526 560 2595 scopis.
618 2528 891 2598 siquidem
976 2528 1223 2585 civilium
1271 2526 1523 2598 judicum
1579 2527 1953 2597 cognitionem
1991 2526 2271 2583 declinare
2353 2527 2593 2595 vellent,
2662 2533 2984 2588 mandavit:
3041 2544 3098 2590 et
3146 2538 3293 2607 quod
3356 2540 3604 2613 episcopi

330 2620 693 2690 judicassent,
764 2622 820 2677 id
873 2623 1046 2679 robur
1094 2632 1152 2680 ct
1176 2622 1565 2679 auctoritatem
1622 2619 1911 2676 sententiae
1950 2634 2172 2675 omnem
2251 2619 2461 2677 habere
2528 2622 2736 2680 debere
2768 2625 3036 2684 decrevit.
3079 2629 3262 2685 Firma
3292 2647 3515 2703 quoque
3546 2644 3609 2691 et

331 2717 697 2773 immutabilia
729 2733 853 2775 esse
905 2718 1084 2775 voluit
1118 2735 1243 2791 quae
1269 2720 1323 2775 iu
1361 2718 1587 2791 synodis
1652 2717 1952 2773 constituta
1992 2724 2200 2773 essent.
2278 2716 2349 2772 Et
2378 2733 2501 2786 quae
2529 2719 2599 2775 ab
2623 2721 2903 2791 episcOpis
2931 2723 3174 2794 judicata
3207 2726 3412 2791 forent,
3449 2738 3509 2784 ut
3538 2744 3604 2785 ea

329 2829 361 2868 a
392 2813 808 2885 magistratibus
840 2815 1182 2887 respublicas
1252 2813 1769 2871 administrantibus
1837 2812 2173 2883 militarique
2233 2828 2355 2883 quae
2414 2815 2516 2870 sub
2546 2815 2631 2871 eis
2657 2826 2804 2872 esset
2855 2834 3021 2873 manu
3057 2823 3402 2878 cxsecutioui
3448 2840 3605 2879 man-

329 2909 628 2977 darentur,
661 2920 827 2981 atque
851 2912 918 2965 ad
950 2926 1067 2968 rem
1103 2913 1301 2968 collata
1326 2911 1748 2983 perﬁcerentur,
1817 2909 2125 2965 constituit.
2177 2909 2515 2965 Libertatem
2583 2927 2808 2983 quoque
2857 2915 3119 2972 Ecclesia:
3192 2919 3312 2989 lege
3375 2920 3486 2975 lata
3524 2921 3605 2992 (l)

328 3006 630 3071 concessit,
663 3017 721 3063 et
746 3016 805 3062 ut
830 3008 1093 3065 libertate
1159 3008 1547 3067 sacerdotibus
1620 3005 1857 3062 testibus
1922 3006 2107 3060 donati
2162 3005 2369 3060 civium
2430 3006 2809 3064 Romanorum
2877 3026 3110 3068 numero
3165 3016 3607 3099 ascriberentur.

329 3103 463 3169 Quae
491 3104 678 3159 omnia
717 3111 934 3175 tempus
977 3121 1200 3177 quoque
1233 3107 1414 3177 ipsum
1446 3105 1513 3161 ad
1538 3105 1689 3159 hunc
1741 3119 1919 3175 usque
1951 3102 2121 3170 diem,
2183 3103 2588 3159 consuetudine
2654 3106 2887 3175 probata
2933 3110 3294 3177 plurimorum
3328 3128 3601 3167 annorum

328 3196 688 3265 praevalente,
730 3200 1051 3254 conﬁrmat.
1103 3198 1284 3270 Atque
1354 3199 1448 3254 ille
1515 3197 1738 3268 quidem
1786 3213 1985 3269 magno
2024 3194 2210 3254 studio
2234 3196 2383 3266 leges
2413 3196 2683 3268 ejusmodi
2716 3199 3000 3264 condidit,
3029 3202 3194 3257 rebus
3232 3213 3417 3258 autem
3467 3205 3604 3274 ipsis

327 3292 539 3348 cultum
598 3293 848 3350 divinum
910 3294 1109 3351 sedulo
1157 3295 1505 3367 propagavit.
1536 3294 1642 3353 Sed
1692 3308 1745 3351 et
1794 3296 1910 3367 ipsa
1948 3295 2146 3364 religio
2204 3310 2305 3363 per
2361 3294 2600 3363 seipsam
2625 3294 2921 3350 admodum
2944 3297 3139 3366 viguit,
3163 3311 3604 3368 proptereorum

327 3386 423 3457 qui
455 3401 577 3442 eam
628 3389 888 3443 colebant
956 3389 1278 3444 virtutem:
1330 3387 1478 3458 quod
1571 3390 1730 3445 multi
1795 3390 1978 3445 adhuc
2017 3386 2405 3458 persecutione
2461 3386 2642 3455 sepita
2695 3396 3054 3463 superessent
3110 3390 3482 3446 confessores.
3535 3392 3605 3446 Et

328 3496 531 3555 praeter
570 3501 668 3543 eos
696 3486 787 3540 alii
817 3500 1037 3556 quoque
1068 3495 1182 3540 tum
1214 3487 1481 3541 exstitere
1511 3500 1707 3556 magna
1774 3485 1948 3555 gloria
1990 3481 2541 3551 bouiapostolicique
2603 3481 2733 3546 viri,
2758 3483 3023 3552 operibus
3056 3485 3220 3542 simul
3252 3495 3308 3542 et
3337 3487 3605 3544 doctrinis

329 3578 492 3637 tidem
549 3579 785 3636 maxime
831 3589 1189 3645 exornantes,
1256 3580 1327 3634 de
1375 3578 1580 3650 quibus
1636 3578 1762 3633 loco
1814 3592 1916 3632 suo
1950 3576 2181 3632 dicetur.

920 3720 1173 3775 ΚΕΦΛΔ.
1192 3719 1329 3776 MZ'.

2484 3712 2644 3784 517
2673 3714 2900 3771 CAPUT
2938 3714 3159 3789 XLVII.

331 3816 538 3883 ..οπως
589 3813 1050 3883 Κωνσταντῖνος
1098 3813 1166 3866 τὸ
1213 3811 1543 3883 Βυζάντιον
1582 3811 1683 3866 διὰ
1706 3810 1912 3881 μάχης

2023 3803 2089 3860 Ut
2144 3804 2547 3872 Constantinus,
2580 3805 2838 3883 Byzantio
2881 3807 3018 3883 bello
3049 3818 3259 3883 _cupto,
3318 3809 3601 3881 Byzantios

644 3883 824 3945 ἐλὼν.
849 3882 1213 3948 Βυζαντίους
1247 3881 1588 3936 ἀπέκτεινε.

412 4000 500 4062 Ὧς
523 3999 582 4052 δὲ
618 3999 683 4053 τὰ
711 3998 820 4052 τῶν
848 3997 1102 4068 πολέμων
1132 3998 1230 4051 καὶ
1256 3998 1324 4050 τὰ
1359 3997 1501 4052 κατὰ
1525 3997 1625 4067 τὴν
1649 3995 1912 4066 θρησκεί-

327 4111 394 4147 αν
421 4092 603 4153 καλῶς
625 4090 821 4161 ἐκείνῳ
853 4087 1191 4162 προύχώρει,
1225 4091 1319 4143 καὶ
1374 4089 1441 4142 τὰ
1485 4091 1583 4157 τῆς
1634 4087 1777 4159 ἑῴας
1820 4088 1914 4142 καὶ

325 4186 586 4255 ἑσπερίου
612 4185 825 4254 λήξεως
849 4184 955 4238 ὑπὸ
980 4187 1144 4255 χεῖρα
1170 4183 1346 4253 τούτῳ
1375 4183 1725 4253 γεγένηνται,
1752 4183 1913 4252 μόνος

324 4294 386 4329 τε
446 4275 809 4344 αὐτοκράτωρ
876 4272 1173 4342 Ῥωμαίων
1248 4272 1649 4343 ἀνηγορεύετο*
1707 4275 1734 4327 ό
1808 4272 1909 4342 μὲν

324 4366 752 4436 Χριστιανισμὸς
770 4363 969 4433 ηὔξανε
992 4365 1349 4435 καθημέραν·
1380 4366 1572 4436 βαθεῖα
1618 4366 1675 4420 δὲ
1714 4366 1907 4436 εἰρήνη

325 4465 448 4526 ταῖς
512 4462 861 4530 Ῥωμαϊκαῖς
912 4459 1217 4522 πολιτείαις
1282 4458 1906 4529 ὲπεχωρίαζε.Θνήςκει

326 4555 428 4625 μὲν
456 4553 616 4606 ὁτῶν
666 4551 830 4605 υιέων
856 4549 1161 4619 πρώτιστος
1211 4550 1362 4619 αὑτῷ
1407 4551 1686 4620 Κρίσπος·
1744 4549 1909 4614 αὐτὸς

321 4648 380 4701 δὲ
413 4647 703 4714 Καίσαρας
745 4644 876 4706 τοὺς
938 4644 1103 4704 ίδίους
1139 4643 1336 4706 παῖδας
1398 4647 1904 4714 καταστησάμενος,

324 4739 419 4793 καὶ
452 4739 543 4791 τὸν
570 4736 789 4807 πρῶτον
816 4735 1157 4789 Κώνσταντα
1183 4734 1564 4804 παραπέμψας
1595 4737 1660 4805 τῇ
1702 4735 1909 4806 Ῥώμῃ,

2541 3878 2806 3930 occidione
2832 3879 3104 3931 occiderit.

2090 3989 2390 4058 POStquam
2426 4004 2560 4045 vero
2598 3999 2653 4045 et
2681 3990 2813 4046 belli
2848 4000 2905 4045 et
2943 3991 3232 4064 religionis
3268 4010 3357 4050 res
3391 3995 3441 4050 ei
3473 3996 3604 4052 feli-

2020 4080 2160 4136 citer
2204 4092 2629 4150 successerunt,
2673 4081 2919 4138 Orientis
2962 4084 3127 4139 simul
3178 4095 3233 4140 et
3281 4086 3602 4145 Occidentis

2021 4172 2279 4243 regiones
2330 4174 2383 4228 in
2438 4174 2708 4228 ditionem
2758 4177 2878 4246 ejus
2927 4188 3329 4246 pervenerunt,
3366 4190 3426 4236 et
3485 4182 3603 4253 ipse

2017 4263 2169 4319 solus
2214 4264 2592 4321 Romanorum
2628 4267 2930 4336 imperator
2966 4269 3142 4323 factus
3174 4261 3612 4337 εει,’61ινίειίο-’

2016 4356 2231 4412 nismus
2280 4357 2335 4412 iu
2369 4358 2488 4414 dies
2530 4360 2703 4429 magis
2734 4375 2799 4415 ac
2831 4361 3001 4431 magis
3032 4372 3367 4432 prepagatus
3405 4373 3514 4430 cst,
3546 4376 3602 4420 ct

2015 4464 2121 4519 pax
2149 4451 2442 4519 tranquilla
2478 4466 2574 4519 per
2607 4466 2771 4506 omne
2794 4453 3106 4507 Romanum
3138 4454 3430 4524 imperium
3472 4456 3597 4510 fuit.

2017 4540 2085 4596 Et
2114 4552 2228 4597 tum
2258 4542 2487 4612 quidem
2525 4542 2776 4614 Crispus,
2812 4544 3085 4601 maximus
3112 4556 3242 4601 natu
3280 4548 3425 4604 ﬁlius
3455 4550 3596 4619 ejus,

2017 4635 2161 4689 diem
2187 4650 2348 4691 suum
2375 4636 2531 4691 obiit.
2564 4637 2688 4705 ipse
2710 4652 2844 4692 vero
2874 4637 3101 4706 reliquis
3136 4637 3263 4694 ﬁliis
3290 4640 3601 4696 Ctesaribus

2017 4724 2219 4791 dictis,
2265 4735 2323 4781 et
2363 4724 2728 4781 Constantino
2774 4736 2906 4781 natu
2959 4736 3071 4782 tum
3114 4729 3322 4798 majore
3364 4730 3596 4784 llonuam

324 4835 417 4886 ἐπὶ
449 4834 577 4894 τοὺς
614 4832 948 4897 Βυζαντίους
992 4829 1210 4901 ἐχώρει.
1244 4830 1421 4895 Βύζας
1453 4830 1562 4901 γάρ
1597 4847 1681 4894 τις
1710 4830 1914 4900 Ἕλλην

2020 4817 2225 4884 misso,
2268 4827 2458 4873 contra
2498 4818 2795 4889 Byzantios
2836 4819 2916 4903 (2)
2965 4827 3051 4879 est
3085 4820 3390 4889 profectus.
3431 4823 3603 4894 Byzas

324 4927 385 4978 ὲν
413 4928 531 4986 ταῖς
558 4890 796 4992 ήμέραις
822 4890 1220 4992 Μανασσῆ-τοῦ
1250 4890 1352 4988 τῆς
1402 4890 1675 4983 llo-udam;-
1702 4890 1911 4991 κατάρο

2020 4923 2261 4977 namque
2296 4909 2520 4978 quidam
2555 4925 2756 4978 genere
2792 4897 3016 4965 Graecus
3039 4951 3052 4974 ,
3102 4901 3448 4982 temporibus
3477 4890 3604 4983 ⁷Μει-

325 5032 512 5087 χοντος
541 5016 744 5085 μικρὰν
769 5014 927 5068 πόλιν
962 5015 1055 5066 ἐπὶ
1077 5013 1155 5081 τῷ
1185 5014 1373 5082 οἰκείῳ
1416 5013 1645 5081 ὀνόματι
1701 5012 1912 5080 ἀνεγεί-

327 5123 452 5179 ρει·
513 5107 582 5177 ἢν
634 5106 871 5159 ἔκπαλαι
940 5104 1210 5175 βάρϐαροι
1258 5104 1451 5173 ἄνδρες
1497 5104 1907 5172 κατῳκημένοι,

324 5201 627 5269 αὐτονομίᾳ
650 5201 745 5253 καὶ
772 5198 1064 5268 ἀγριότητι
1094 5196 1393 5266 χρώμενοι,
1425 5195 1531 5247 ὑπὸ
1563 5197 1723 5265 χεῖρα
1758 5195 1910 5262 γενέ-

328 5293 454 5345 σθαι
492 5292 786 5360 Ῥωμαίοις
836 5291 1185 5344 παντάπασιν
1231 5286 1599 5357 ἀπηγόρευον.
1642 5286 1750 5339 Καὶ
1796 5284 1909 5340 τοί-

326 5401 425 5436 νυν
458 5384 597 5453 μετὰ
630 5381 723 5435 τὸν
791 5381 1120 5437 Βιθυνιακδν
1169 5381 1310 5433 κατὰ
1360 5378 1603 5433 Λικινίου
1654 5377 1909 5444 πόλεμον,

325 5477 423 5542 τῆς
456 5473 826 5543 Νικομηδείας
873 5472 1096 5540 ἀπάρας
1134 5470 1162 5521 ὁ
1205 5470 1637 5530 Κωνσταντῖνος,
1673 5465 1913 5525 ἐκείνους

326 5572 611 5642 ἐφίστατο.
656 5565 815 5619 Ἐπεὶ
836 5565 879 5618 δ’
909 5565 957 5618 οἱ
992 5562 1285 5627 Βυζάντιοι
1313 5561 1387 5631 μὴ
1418 5559 1511 5611 τὸν
1544 5558 1747 5627 αὐχένα
1796 5555 1914 5610 κλί-

400 5736 477 5802 (1)
508 5733 570 5787 L.
610 5734 630 5786 i
669 5742 725 5786 et
749 5733 803 5785 ‘2.
836 5730 900 5786 C.
926 5728 1114 5802 Dahis
1153 5727 1242 5802 qui
1278 5725 1334 5778 in
1371 5726 1566 5802 εει-[οε.
1590 5740 1833 5802 trionum.

2016 5014 2194 5055 nassa:
2224 4998 2541 5054 Judaeorum
2575 5002 2722 5070 regis
2754 5001 2947 5056 urbem
2985 5017 3207 5071 parvam
3242 5005 3344 5060 sub
3377 5008 3601 5062 nomine

2016 5108 2118 5147 suo
2150 5094 2498 5159 construxit,
2535 5109 2702 5165 quam
2745 5095 3055 5165 antiquitus
3090 5096 3342 5153 homines
3380 5099 3600 5154 barbari

2013 5186 2358 5250 incolentes,
2404 5195 2696 5256 prepterea
2737 5186 2883 5256 quod
2925 5188 3043 5243 suis
3089 5188 3261 5244 libere
3309 5199 3598 5245 uterentur

2012 5277 2248 5349 legibus,
2273 5289 2328 5334 et
2353 5280 2684 5349 agrestiores
2714 5288 2922 5347 essent,
2957 5281 3331 5335 Romanorum
3362 5283 3596 5353 imperio

2015 5371 2288 5442 Sulijicere
2319 5388 2377 5427 se
2403 5388 2633 5442 prorsus
2665 5383 2991 5429 reuueruut.
3020 5373 3208 5443 Itaque
3232 5355 3356 5444 post
3383 5374 3592 5457 bellum

2017 5461 2074 5516 in
2133 5462 2388 5534 Bithynia
2436 5472 2627 5518 contra
2681 5463 2953 5519 Licinium
2989 5474 3240 5536 gestum,
3272 5466 3599 5521 Nicomedia

2020 5554 2245 5612 solvens
2275 5554 2698 5624 Constantinus,
2738 5558 2941 5614 bellant
2982 5558 3064 5614 eis
3103 5558 3310 5616 intulit.
3350 5559 3597 5630 Byzantii

401 5789 477 5877 (“2}
512 5806 785 5873 Oppidum
810 5799 1128 5872 Byzantium
1157 5789 1340 5851 liberte
1366 5797 1901 5864 conditioni-nautea
1940 5791 2117 5866 Lygos
2155 5789 2386 5847 dictum.
2426 5790 2569 5847 Plin.
2610 5789 2707 5846 lib.
2743 5805 2817 5858 iV,
2850 5804 2970 5860 cap.
3015 5791 3102 5846 ll.

534 5907 808 5967 ΡΑτιωι..
849 5904 892 5961 Ο
909 5922 966 5962 n.
1016 5899 1211 5960 CXLV

3236 5882 3315 5945 Ιιὲ
