4052 6438
488 542 627 612 1331

1280 528 1698 595 NICEPHORI
1736 539 2089 603 CALLlSTI
2131 542 2339 604 ECCL.
2378 546 2576 607 HIST.
2608 549 2755 612 LlB.
2786 550 2927 614 VlI.

3597 560 3719 628 1332

449 644 460 662 ’
488 661 719 717 ﬂumina
741 677 860 733 quae
885 661 960 719 ibi
987 671 1115 717 sunt
1137 661 1200 717 ad
1218 661 1386 718 italiae
1413 663 1550 720 lines
1574 666 1835 736 appulere
1867 685 1882 722 :
1911 675 2077 738 atque

2179 667 2458 723 θάλασσαν
2483 670 2586 736 τὰς
2607 670 2836 735 ἐκϐολὰς
2872 671 3006 744 ἔχει.
3047 672 3232 728 Ταῦτα
3265 674 3362 742 μὲν
3391 673 3579 738 οὕτως.
3612 677 3720 730 Mu-

486 752 562 806 ibi
593 751 987 823 bybernantes,
1025 753 1218 808 Emum
1252 751 1331 820 (l)
1371 753 1636 822 oppidum
1670 755 2064 812 condiderunt.

434 871 438 875 -
489 841 700 898 Estate
731 843 933 898 deinde
964 845 1234 913 proxima,
1267 845 1656 915 adjuvantibus
1683 848 1803 918 ejus
1829 849 2070 920 regionis

485 935 705 1000 incolis,
740 936 1015 992 machinis
1050 936 1381 1006 quibusdam
1417 937 1564 1007 Argo
1604 947 1799 993 n’avem
1836 941 1903 994 ad
1935 958 2072 1012 qua-

488 1029 788 1101 dringenta
836 1032 1014 1087 stadia
1048 1043 1196 1088 terra
1229 1034 1535 1099 trahentes,
1587 1035 1654 1089 ad
1706 1035 1934 1092 (luvium
1979 1038 2068 1092 cui

485 1121 672 1191 Acylis
727 1137 929 1178 nomen
986 1133 1124 1189 erat,
1158 1117 1491 1179 Eridanum
1550 1126 1893 1192 inﬂuentem,
1948 1143 2072 1199 per-

484 1210 788 1267 duxerunt.
853 1214 1122 1270 Eridanus
1181 1231 1310 1272 vero
1366 1216 1485 1286 ipse
1541 1217 1597 1272 in
1659 1233 1849 1285 mare,
1920 1220 2068 1290 quod

484 1301 700 1357 Italiam
752 1305 932 1372 alluit,
988 1307 1353 1377 provolvitur.
1409 1308 1486 1364 De
1536 1309 1624 1366 his
1674 1324 1859 1366 autem
1916 1313 2068 1368 satis.

489 1393 908 1466 Quamplurima
963 1415 1097 1456 sane
1149 1403 1258 1458 alia
1323 1419 1546 1476 quoque
1605 1407 1803 1477 templa
1868 1409 2070 1480 ubique

484 1485 884 1545 Constantinus
923 1493 1236 1548 construxit
1285 1493 1389 1566 (2),
1440 1491 1656 1567 aliaque
1698 1499 1878 1554 omnis
1908 1515 2073 1570 gene-

486 1578 569 1634 ris
617 1595 766 1636 verae
818 1585 1040 1652 pietatis
1092 1601 1260 1656 opera
1318 1585 1552 1656 perfecit
1598 1591 1781 1645 :illud
1833 1593 2071 1647 maxime

415 1719 419 1722 .
489 1670 683 1726 studio
711 1672 946 1742 habens,
997 1686 1059 1732 ut
1103 1676 1433 1736 Christiana:
1476 1681 1764 1752 religionis
1799 1683 2072 1754 professio

486 1775 591 1828 per
622 1770 801 1819 terras
825 1779 1022 1820 omnes
1055 1781 1193 1836 quas
1221 1767 1305 1822 sol
1353 1769 1616 1834 illustrat,
1648 1782 2068 1841 propagaretur.

488 1851 551 1906 Id
585 1854 734 1923 quod
759 1855 809 1911 ei
838 1872 906 1910 cx
940 1859 1220 1913 sententia
1243 1861 1544 1916 succedere
1583 1873 1930 1932 perspectum
1965 1874 2071 1920 est.

489 1943 604 1998 Pax
649 1955 801 2002 certe
845 1956 1029 2018 optata
1075 1949 1521 2007 Christianorum
1567 1954 1757 2020 rebus,
1797 1956 2072 2012 scandulis

487 2013 1017 2110 impedimentisque
1058 2042 1318 2098 omnibus
1355 2043 1658 2108 celerrime
1696 2047 1946 2114 sublatis,
1991 2049 2072 2102 al-
2100 2013 2148 2076 Β

487 2125 669 2182 fulsit.
691 2127 798 2184 Sed
819 2137 936 2203 jam
958 2142 1180 2204 tempus
1208 2145 1314 2199 est,
1345 2143 1404 2190 ut
1427 2151 1564 2191 suus
1589 2152 1814 2208 quoque
1835 2139 2074 2209 septimo

492 2218 626 2276 huic
681 2221 826 2278 libro
885 2226 1246 2282 historiarum
1300 2229 1622 2299 imponatur
1673 2230 1819 2297 ﬁnis,
1874 2231 2072 2302 viginti

491 2321 551 2366 et
597 2325 696 2367 sex
727 2317 1118 2387 complectenti
1161 2334 1382 2375 annos:
1429 2337 1664 2392 quorum
1711 2337 1844 2377 sane
1878 2324 2074 2394 viginti

489 2403 880 2464 Diocletianus
909 2419 971 2465 et
999 2411 1363 2468 Maximianus
1413 2411 1706 2470 Herculius
1745 2415 1802 2470 in
1844 2416 2076 2486 imperio

489 2512 832 2571 peregerunt
870 2504 972 2576 (5),
1004 2505 1254 2578 [reliquis
1287 2523 1384 2564 sex
1415 2506 1689 2564 Gallerius
1723 2508 2075 2575 Maximinus,

490 2589 828 2661 Maxentius,
879 2604 938 2652 et
991 2597 1240 2654 Licinius
1289 2599 1637 2669 tyrannidem
1679 2607 2068 2656 exercuerunt.

492 2683 654 2757 523
682 2686 899 2753 Quibus
935 2691 1102 2746 etiam
1135 2707 1370 2763 magnus
1411 2692 1809 2749 Constantinus
1854 2694 1909 2748 in
1942 2693 2072 2748 Gal-

489 2776 586 2834 liis
616 2781 862 2837 nondum
900 2785 1182 2856 Augustus
1214 2786 1508 2854 salutatus,
1547 2797 1605 2843 et
1635 2787 1689 2841 in
1729 2789 1866 2843 urbe
1902 2786 2077 2841 Roma

492 2885 678 2928 rerum
713 2888 946 2930 summa:
987 2877 1227 2946 praefuit.
1264 2876 1414 2944 Quos
1459 2893 1637 2934 annos
1670 2878 1921 2934 nonnulli
1955 2878 2081 2933 Dio-

493 2962 738 3020 cletiano
765 2975 1007 3036 tyranno
1027 2969 1394 3026 contribuunt
1423 2987 1441 3026 :
1467 2970 1560 3025 alii
1586 2985 1719 3025 vero
1742 2971 1925 3040 potius
1951 2969 2080 3026 divo

2177 761 2326 832 ρίους
2357 762 2528 817 δὲκαὶ
2557 763 2753 828 ἄλλους
2781 765 3098 836 ἁπανταχοῦ
3138 767 3368 840 ἐγείρων
3397 769 3427 821 ὁ
3454 769 3721 823 Κωνσταν-

2173 858 2316 919 sive;
2342 855 2498 920 νεὼς,
2524 857 2621 910 καὶ
2661 857 2783 911 ἀλλ’
2809 857 2946 912 ἄττα
2977 860 3286 928 θεοφιλείας
3313 862 3448 929 ἔργα
3479 862 3722 931 διαπρατ-

2173 947 2420 1017 τόμενος,
2478 949 2718 1020 σπουδὴν
2765 951 2848 1003 ὅτι
2897 951 3163 1022 πλείστην
3219 953 3453 1023 μάλιστα
3492 953 3551 1005 τὸ
3595 953 3722 1006 κατὰ

2175 1037 2415 1106 Χριστὸν
2437 1040 2768 1104 αὐξάνεσθαι
2794 1042 2975 1112 δόγμα
3005 1043 3100 1096 καὶ
3126 1043 3204 1107 είς
3237 1045 3366 1112 ὅσην
3410 1046 3509 1112 γῆν
3539 1047 3565 1096 ὁ
3585 1043 3721 1114 ἥλιος

2174 1128 2704 1200 ὲφορᾷ,διατρέχειν
2752 1131 2940 1186 ἐτίθει.
3004 1133 3070 1185 Ὃ
3104 1133 3168 1202 δὴ
3213 1133 3310 1186 καὶ
3355 1133 3493 1186 κατὰ
3541 1133 3722 1185 σκοπὸν

2174 1219 2370 1291 ἐκείνῳ
2405 1220 2657 1275 ἐκϐαῖνον
2692 1222 3031 1294 καθεωρᾶτο.
3071 1222 3272 1276 Βαθεῖά
3301 1239 3360 1276 τε
3411 1224 3592 1293 εἰρήνη
3623 1225 3723 1285 τοῖς

2175 1311 2519 1381 Χριστιανῶν
2569 1313 2865 1384 ἐπεχόρευε
2928 1315 3244 1386 πράγμασι,
3286 1315 3394 1369 τῶν
3430 1315 3722 1369 σκανδάλων

2175 1404 2394 1456 πάντων
2429 1403 2673 1458 ἐκποδὼν
2717 1404 2794 1468 ὡς
2841 1403 3007 1474 τάχος
3057 1405 3460 1476 γεγενημένων.
3503 1403 3636 1472 Ἐγὼ
3674 1402 3724 1455 δὲ

2174 1495 2276 1566 ἤδη
2315 1497 2409 1550 καὶ
2447 1499 2512 1569 τῇ
2541 1496 2747 1570 ἑϐδόμῃ
2768 1497 2876 1550 τῶν
2908 1498 3162 1568 ἱστοριῶν
3191 1497 3437 1568 ἐπιθήσω
3476 1496 3534 1549 τὸ
3557 1495 3722 1560 τέλος,

2174 1587 2368 1658 χρόνον
2398 1589 2535 1642 ἐτῶν
2561 1590 2898 1664 περιεχούσῃ
2929 1590 3088 1645 ἕκτον
3121 1607 3178 1644 τε
3207 1591 3302 1642 καὶ
3330 1589 3569 1643 εἰκοστόν
3595 1605 3607 1621 ο
3658 1581 3725 1642 ὧν

2174 1680 2242 1735 τὰ
2277 1680 2378 1753 μὲν
2407 1682 2583 1736 εἴκοσι
2635 1682 3016 1753 Διοκλητιανὸς
3047 1683 3144 1737 καὶ
3176 1681 3558 1752 Μαξιμιανδςδ
3613 1679 3724 1748 Ἕρο

2175 1773 2419 1837 κούλλιος
2444 1769 2619 1845 ἧρξαν
2652 1791 2667 1807 ’
2708 1776 2777 1827 τὰ
2825 1774 2884 1828 δὲ
2919 1774 3013 1827 ἐπὶ
3061 1773 3271 1836 τούτοις
3305 1773 3367 1839 ἒξ
3393 1773 3440 1826 oi
3473 1772 3595 1841 napi
3624 1772 3727 1825 Μα-

2177 1863 2389 1933 ειμῖνον
2425 1865 2517 1918 τὸν
2548 1864 2863 1936 Γαλλὲριον,
2893 1865 3196 1933 Μαξέντιόν
3247 1882 3308 1919 τε
3359 1865 3453 1919 καὶ
3507 1867 3727 1918 Λικίνιον

2175 1957 2569 2029 ἐτυράννησαν.
2604 1957 2692 2012 Ἐν
2718 1953 2797 2020 οἷς
2819 1958 2961 2012 ἔτεσι
2982 1959 3078 2012 καὶ
3101 1960 3131 2012 ὁ
3153 1958 3324 2028 μέγας
3349 1957 3448 2026 μὲν
3469 1955 3728 2010 ἐϐασίλευε

2175 2050 2586 2115 Κωνσταντῖνος
2640 2051 2771 2121 περί
2826 2069 2885 2106 τε
2937 2053 3038 2116 τὰς
3081 2051 3310 2114 Γαλλίας
3358 2051 3452 2102 καὶ
3509 2046 3728 2117 Ῥώμην,

2175 2141 2329 2197 οὔπω
2365 2143 2634 2213 μόναρχος
2690 2143 3104 2214 ἀναγορευθείς.
3164 2144 3230 2195 Ἀ
3263 2141 3326 2213 δὴ
3361 2141 3420 2204 ἒξ
3477 2139 3571 2205 ἔτη
3599 2139 3731 2198 τινὲς

2175 2237 2288 2299 τοῖς
2318 2236 2446 2305 περὶ
2477 2235 2860 2305 Διοκλητιανὸν
2892 2236 3176 2306 τυράννοις
3208 2233 3532 2301 ἀνατιθέασι
3558 2250 3572 2264 ο
3600 2229 3731 2292 τινὲς

2176 2326 2232 2380 δὲ
2251 2325 2569 2396 καὶμᾶλλον
2598 2326 2676 2398 τῷ
2722 2326 2850 2397 θείῳ
2883 2327 3286 2399 περιγράφουσι
3340 2323 3730 2390 Κωνσταντένῳ,

2179 2415 2370 2487 ὥσπερ
2392 2415 2454 2485 δὴ
2483 2416 2576 2469 καὶ
2611 2418 2794 2488 ἡμεῖς.
2829 2411 2930 2470 ’Ὧν
2985 2418 3078 2470 καὶ
3141 2416 3572 2488 ὑφαιρουμένων,
3614 2429 3735 2480 συμ-

2179 2507 2358 2563 6αίνει
2386 2505 2479 2574 κς¹
2512 2505 2650 2562 εἶναι
2677 2509 2748 2562 τὰ
2763 2509 2858 2578 ἐτη
2883 2507 3048 2562 αὑτοῦ
3074 2524 3088 2538 ⁸
3122 2510 3182 2564 ὲν
3222 2507 3303 2572 οἷς
3334 2507 3585 2576 καθαρῶς
3613 2503 3734 2574 μετὰ

2185 2599 2284 2672 τὴν
2307 2599 2416 2654 τῶν
2450 2601 2730 2671 τυράννων
2763 2599 3063 2654 κατάλυσιν
3121 2599 3390 2669 μόναρχος
3429 2598 3566 2668 ήρθη
3593 2611 3608 2625 ·
3650 2593 3735 2646 καὶ

2183 2693 2283 2764 τὴν
2319 2692 2594 2763 Ἑσπέραν
2612 2692 2805 2759 λιπὼν,
2823 2696 2899 2758 είς
2920 2694 3020 2765 τὴν
3044 2692 3159 2746 Ἕω
3191 2689 3490 2762 μετεχώρει
3520 2685 3651 2740 κατὰ
3675 2682 3734 2736 τὰ

2181 2785 2239 2838 ὲν
2268 2783 2614 2856 Νικομηδεία
2643 2783 2961 2853 ἀνάκτοραο
3010 2778 3132 2835 εἶτα
3178 2781 3266 2834 διὰ
3325 2779 3557 2850 μελέτης
3601 2771 3735 2836 αὐτῷ

2180 2877 2278 2930 καὶ
2307 2877 2406 2947 τὴν
2436 2875 2728 2948 ἐπώνυμον
2759 2876 2914 2930 πόλιν
2947 2875 3182 2945 ἐγείρειν
3229 2873 3478 2941 ἐγίνετο⁹
3520 2866 3735 2936 ὁπηνίκα

2183 2967 2393 3038 κόσμου
2428 2969 2528 3040 μὲν
2556 2967 2678 3032 ἔτος
2707 2973 2888 3042 ιεωιεᾏ
2911 2967 3019 3022 ἀπὸ
3037 2966 3092 3020 δὲ
3114 2967 3213 3036 τῆς
3253 2963 3407 3028 θείας
3429 2963 3520 3016 τοῦ
3548 2957 3735 3028 Κυρίου

489 3055 882 3126 Constantino,
930 3059 1095 3116 sicuti
1135 3064 1196 3117 et
1239 3077 1363 3129 nos,
1396 3061 1739 3119 adscribunt.
1787 3064 1969 3132 Atque
2012 3063 2084 3117 iis

2184 3061 2500 3131 γεννήσεως
2519 3061 2932 3132 τριακοσιοστὺν
2961 3064 3058 3114 καὶ
3085 3060 3314 3114 δέκατον
3340 3058 3672 3129 ἐπεραίνετο.

492 3151 826 3220 subtractis,
858 3155 1070 3226 reliqui
1109 3155 1254 3213 ﬁunt
1297 3157 1492 3228 viginti
1522 3171 1619 3213 sex
1659 3157 1792 3212 anni
1831 3157 1950 3229 ejus
1981 3157 2084 3228 (4),
2149 3157 2353 3228 quibus
2411 3165 2537 3227 post
2599 3165 2958 3228 tyrannorum
2988 3159 3329 3213 eversionem
3378 3154 3526 3211 solus
3553 3152 3660 3222 ipse
3687 3160 3736 3205 et

495 3263 638 3304 unus
706 3249 968 3322 princeps
1023 3253 1239 3310 sincere
1291 3269 1357 3311 ac
1403 3256 1510 3311 rite
1582 3254 1874 3325 imperium
1938 3253 2372 3310 administravit;
2425 3254 2494 3309 Et
2539 3252 2838 3310 Occidente
2915 3254 3141 3320 relicto,
3184 3253 3237 3308 in
3286 3251 3552 3316 Orientis,
3601 3247 3736 3320 quod

489 3339 831 3400 Nicomediae
896 3347 1022 3413 fuit,
1055 3347 1344 3418 imperiale
1377 3348 1645 3420 palatium
1671 3358 1760 3404 est
1797 3347 2102 3420 profectus,
2142 3357 2198 3404 et
2230 3349 2496 3420 deinceps
2523 3363 2720 3420 magno
2741 3349 2910 3405 etiam
2942 3349 3127 3406 studio
3159 3347 3359 3403 urbem
3416 3347 3520 3403 sibi
3550 3357 3737 3414 cogno-

490 3437 700 3493 minem
761 3439 1031 3495 condidit.
1101 3441 1221 3509 Quo
1258 3452 1503 3513 tempore
1535 3458 1564 3499 a
1603 3443 1826 3498 condito
1865 3441 2005 3499 orbe
2061 3441 2166 3498 fuit
2199 3457 2378 3499 annus
2422 3441 2720 3514 quinquies
2757 3442 3081 3500 millesimus
3124 3441 3611 3512 octingentesimus
3653 3435 3738 3490 de-

495 3533 673 3589 cimus
703 3537 933 3606 quintus
965 3537 1045 3608 (5)
1080 3579 1097 3606 ,

1179 3553 1210 3594 a
1255 3539 1464 3596 Christi
1542 3538 1838 3595 nativitate
1906 3537 2331 3604 trecentesimus
2363 3537 2636 3596 decimus.

566 3678 645 3751 (Ι)
691 3677 908 3736 Plinius
950 3680 1097 3736 libro
1135 3680 1326 3744 tertio,
1358 3696 1481 3751 cap.
1517 3681 1626 3737 l8:
1669 3699 1688 3734 ι
1726 3679 1873 3750 Argo
1916 3681 2072 3736 navis
2100 3686 2144 3746 ο
2177 3680 2477 3751 quentibus
2531 3680 2704 3751 latro,
2757 3677 2947 3735 decem
3003 3677 3319 3751 novissimis
3365 3673 3619 3748 pupillus,
3673 3670 3736 3725 ob

492 3747 724 3821 [lumine
759 3751 1000 3821 inAmare
1034 3751 1375 3806 Adriaticum
1407 3747 1712 3814 descendit,
1743 3747 1844 3806 nec
1877 3751 2070 3821 procul
2177 3747 2502 3806 immodicas
2529 3750 2869 3821 largitiones.
2913 3768 2944 3821 Dr
2977 3749 3221 3821 (Egnat.)

494 3817 781 3892 Tergeste.
814 3819 928 3892 Nec
972 3822 1340 3892 jamconstat
1377 3837 1488 3890 quo
1533 3821 1780 3892 flumine.
1817 3817 2073 3892 llurineris

495 3891 788 3967 trajectum
830 3889 1015 3967 Alpes,
1067 3889 1456 3967 diligentiores
1515 3891 2071 3967 tradun~t.,_Subiisse

495 3968 681 4014 autem
713 3959 872 4026 Istro,
910 3961 1040 4015 dein
1064 3959 1198 4026 Sao,
1224 3959 1352 4016 dein
1399 3960 1703 4028 Nauporto,
1734 3964 1823 4014 cui
1870 3974 2073 4015 nomen

495 4043 563 4108 es
610 4043 674 4108 ea
721 4043 887 4084 causa
931 4039 1037 4096 est,
1087 4032 1233 4086 inter
1280 4030 1575 4086 IEmonam
1625 4030 1900 4100 Alpesque
1949 4045 2079 4084 exo-

497 4097 691 4152 rienti.

571 4166 650 4240 (2)
693 4184 721 4240 ε
746 4167 1039 4240 Utcunque
1089 4167 1485 4240 Constantinus
1531 4169 1781 4238 Optimus
1820 4169 2081 4240 princeps

497 4245 557 4310 e_t
591 4236 1104 4310 Christianissimus
1144 4238 1332 4310 fuerit,
1361 4239 1432 4295 de
1450 4253 1518 4294 eo
1547 4236 1732 4310 tamen
1772 4236 2082 4310 a‘quibu‘s-

500 4306 629 4361 dam
683 4307 764 4363 sic
815 4311 1095 4366 memoriae
1147 4306 1451 4380 proditum,
1503 4319 1564 4365 ut
1614 4308 1808 4380 decem
1865 4306 2081 4379 primos

498 4392 678 4434 annos
727 4377 1216 4449 praestantissimus
1274 4378 1592 4444 diceretur,
1638 4377 1941 4436 duodecim
1986 4395 2074 4437 se-

2275 3822 2329 3895 5)
2363 3819 2678 3895 S_e_ct_m_dum
2708 3819 2868 3883 alios,
2899 3819 3278 3890 vigintiduos.
3372 3888 3405 3895 __
3521 3894 3525 3895 ί
3609 3882 3639 3895 Α

2275 3822 2329 3888 '5)
2363 3821 2678 3876 Secundum
2708 3821 2868 3883 alios,
2899 3821 3090 3890 viginti
3117 3821 3278 3874 duos.
3627 3882 3639 3895 .

2248 3821 2332 3966 ξι)
2366 3890 2982 3966 _Licinio_postrernu_m
3031 3902 3325 3966 oppresso,
3365 3888 3738 3966 Constantinus

2185 3957 2337 4030 solus
2365 3957 2661 4030 imperavit
2687 3960 2847 4014 annis
2867 3959 2958 4022 26,
2979 3957 3104 4014 cum
3134 3957 3348 4011 Licinio
3376 3968 3433 4030 et
3459 3957 3734 4030 Maximino

2181 4021 2546 4101 (Maxentium
2582 4031 2828 4101 _omitto_)
2880 4021 3330 4101 circiter_annos
3381 4029 3435 4084 6.
3475 4027 3608 4101 A_nte
3647 4021 3737 4101 hos

2185 4094 2457 4176 Constans
2497 4099 2755 4164 Chlorus,
2789 4098 3133 4176 Constantini
3189 4107 3367 4167 pater,
3393 4107 3455 4176 et
3485 4094 3738 4176 Callerius

2186 4169 2540 4236 Maximinus,
2585 4183 2851 4239 posquam
2887 4169 3272 4246 Diocletianus
3300 4176 3357 4222 et
3388 4167 3736 4246 llaxiinianns

2227 4254 2488 4311 urpuram
2512 4230 2769 4311 posuere,
2803 4238 3119 4311 annosfere
3147 4238 3210 4304 4;
3243 4237 3353 4294 duo
3386 4236 3474 4293 isti
3501 4230 3658 4289 simul
3684 4230 3734 4293 6,

2227 4254 2488 4311 urpuram
2512 4254 2769 4311 posuere,
2803 4254 2977 4294 annos
3004 4254 3021 4292 ι

2183 4254 2556 4365 Biocletianus
2583 4309 2732 4365 solus
2766 4325 2942 4365 annos
2969 4309 3025 4364 4.

2258 4380 2337 4452 (5)
2381 4378 2698 4437 Secundum
2739 4379 3073 4446 neotericos,
3101 4377 3261 4435 4294.
