4252 6424
719 330 782 403 ιι
1907 326 2277 390 ΜΑΤΤΗΑιι
2318 331 2398 389 BL

2318 331 2738 394 BLASTARIS
3912 344 3976 407 12

710 453 877 508 etiam
924 458 1055 507 sunt
1089 458 1145 504 et
1193 447 1474 513 mulieres,
1536 457 1658 514 qum
1705 442 1954 499 ecclesiis
2007 443 2093 498 vel
2131 444 2306 498 sacris
2334 450 2381 507 Α

2295 461 2306 498 i
2334 450 2381 507 Α
2410 448 2731 512 Δαυῖδικῶν,
2763 448 2963 512 εὐθέως
2995 449 3325 522 καθῄρηται.
3362 450 3626 505 Τοισῦταί
3662 453 3769 506 εἰσι
3795 457 3887 509 καὶ
3916 458 3974 511 αί

712 544 1051 615 imaginibus
1104 539 1348 596 assident
1398 548 1453 593 et
1506 553 1571 591 ex
1630 537 1715 592 his
1762 551 1823 592 se
1867 536 2050 593 futura
2102 551 2305 604 coanu-

2293 566 2305 578 -
2404 541 2523 604 τατς
2566 542 2891 612 ἐκκλησίαις
2920 544 2951 613 ἢ
3007 546 3125 605 ταῖς
3157 544 3341 611 ἀγίαις
3372 544 3544 597 είκόσι
3576 546 3972 614 προσεδρεύου-

712 652 869 693 scere
922 650 1077 701 aeque
1127 648 1190 687 ac
1217 631 1510 702 praedicere
1535 628 1828 695 allirmant,
1883 644 1992 684 non
2032 645 2194 686 secus
2237 644 2302 686 ac

2292 645 2302 685 ι
2404 648 2496 686 σαι
2536 635 2816 701 γυναῖκες,
2850 635 2957 687 κάκ
2986 635 3193 688 τούτων
3225 635 3638 705 ἰσχυριζόμενοι
3680 636 3971 703 γιιώσκειν

712 745 834 800 qum
859 729 986 781 olim
1017 725 1282 797 Pythonis
1307 724 1557 794 spiritum
1592 724 1917 779 habuerunt.
1961 723 2035 777 De
2065 723 2151 779 his
2183 738 2301 778 om-

2292 753 2301 763 -
2398 719 2563 789 δῆθεν
2593 722 2663 775 τὰ
2703 722 2965 791 μέλλοντα
3013 726 3108 776 καὶ
3153 722 3468 793 προλέγειν,
3502 726 3645 777 κατὰ
3678 726 3775 786 τὰς
3806 725 3971 777 παλαι

714 822 874 875 nibus
901 820 1031 873 dicit
1060 817 1278 872 divinus
1320 814 1753 885 Chrysostomus
1777 855 1793 880 ,
1816 813 2046 869 ‘etiamsi
2094 821 2297 868 sancte

714 912 999 968 Trinitatis
1031 925 1227 964 nomen
1252 906 1518 977 ejusmodi
1547 906 1856 961 actionibus
1906 905 2293 968 admisceatur,

710 1006 813 1061 etsi
853 1005 1024 1061 sancti
1078 1004 1241 1056 etiam
1275 1001 1619 1062 invocentur,
1654 1006 1707 1052 ct
1737 997 1951 1068 signum
1987 996 2169 1051 crucis
2215 995 2297 1048 in-

711 1114 876 1166 super
908 1099 1315 1165 interponatur,
1372 1091 1561 1162 fugere
1598 1102 1780 1144 tamen
1830 1103 1892 1143 ea
1939 1102 2040 1141 nos
2093 1087 2293 1141 debere

710 1200 764 1246 et
793 1189 1030 1245 aversari
1065 1205 1077 1241 :
1120 1196 1173 1241 et
1222 1187 1275 1240 in
1315 1184 1382 1239 21
1418 1183 1662 1248 humilia,
1694 1180 1834 1236 libril
1858 1179 1933 1233 De
1966 1178 2290 1240 simulacris,

711 1291 771 1337 ut
790 1292 844 1335 ct
872 1282 925 1335 in
950 1280 983 1333 6
1013 1287 1205 1333 contra
1232 1275 1450 1332 Iudaeos
1480 1273 1728 1338 humilia,
1752 1286 1862 1327 non
1904 1271 2083 1326 obiter
2111 1270 2178 1325 de
2205 1269 2290 1324 his

704 1372 1045 1440 triumphum
1078 1368 1208 1440 agit.

780 1598 1089 1653 Vicesimus
1120 1602 1348 1666 quartus
1397 1594 1704 1664 Ancyranm
1758 1590 1951 1664 synodi
1981 1589 2288 1660 quinquen-

705 1694 788 1748 rnii
821 1707 995 1761 preme
1029 1689 1253 1757 subiicit
1286 1703 1382 1742 eos
1420 1686 1515 1756 qui
1565 1685 1807 1756 gentium
1851 1683 2282 1739 consuetudines

2397 811 2617 881 πνεῦμα
2671 812 2922 877 Πύθωνος
2985 814 3234 883 ἐγούσας.
3300 816 3435 885 Περὶ
3482 815 3691 869 τούτων
3751 818 3970 871 παντων

2400 905 2566 972 φησιν
2622 905 2649 957 ό
2703 904 2846 968 θεῖος
2910 905 3320 975 Χρυσόστομος,
3376 907 3479 971 δτι,
3536 907 3639 960 κᾶν
3677 908 3775 972 si;
3807 909 3968 972 ἁγίας

2397 994 2628 1064 Τριάόος
2656 996 2826 1067 ὄνομα
2852 996 3176 1067 ἐπιλέγηται
3212 1000 3326 1061 τοῖς
3352 1000 3635 1060 τοιούτοις,
3664 1000 3767 1053 κᾶν
3798 1002 3970 1067 ἁγίων

2394 1088 2654 1158 γίνωνται
2702 1092 3043 1160 ἐπικλήσεις,
3103 1091 3204 1145 κᾶν
3239 1092 3299 1146 τὸ
3343 1096 3569 1161 σημεῖον
3597 1092 3693 1146 τοῦ
3724 1095 3963 1162 σταυροῦ

2392 1182 2691 1252 ἐπάγηται,
2726 1185 2953 1253 φεύγειν
2971 1185 3053 1237 δεῖ
3076 1187 3145 1238 τά
3166 1184 3499 1239 τοιαῦτακαὶ
3520 1187 3920 1255 ἀποτρέπεσθαι
3949 1205 3963 1221 ο

2391 1272 2526 1325 ἀλλὰ
2555 1275 2651 1327 καὶ
2701 1276 2758 1327 ἐν
2783 1275 2858 1344 τῷ
2899 1277 3129 1345 είκοστῷ
3183 1278 3384 1347 πρώτῳ
3446 1278 3589 1347 λόγῳ
3620 1279 3713 1331 τοῦ
3757 1278 3964 1348 βιϐλίου

2388 1361 2511 1415 τῶν
2531 1363 2921 1431 ἀνδριάντων,
2955 1366 3033 1419 ἐτι
3065 1367 3120 1420 δὲ
3153 1371 3247 1420 xal
3279 1370 3336 1420 ἐν
3360 1370 3440 1439 τῷ
3470 1375 3508 1421 ε’
3530 1371 3638 1421 τῶν
3669 1370 3801 1437 πρὶς
3830 1370 3963 1421 Ἰουο

2387 1452 2570 1518 δαίους
2601 1454 2796 1523 λόγων,
2834 1456 2894 1508 οὐ
2930 1458 3220 1528 παρέργως
3277 1457 3600 1528 θριαμϐεύει
3635 1459 3702 1511 τά
3736 1458 3962 1511 τούτων.

2470 1587 2529 1643 '0
2556 1589 2612 1642 δὲ
2657 1589 2738 1643 κδ’
2772 1590 2875 1661 τῆς
2920 1592 2979 1644 ἐν
3014 1592 3260 1664 ’Ᾱγκύρα
3313 1594 3536 1647 συνόδου
3599 1595 3693 1647 ἐπὶ
3735 1612 3964 1649 πενταεο

2385 1683 2507 1738 τίαν
2534 1684 2790 1754 ἐπιτιμᾷ,
2815 1683 2865 1737 οἳ
2890 1683 2954 1751 δὴ
2982 1687 3103 1746 ταῖς
3143 1684 3253 1737 τῶν
3285 1685 3459 1738 ἐθνῶν
3491 1687 3805 1754 συνηθείαις
3837 1689 3964 1740 ἁλο-

717 1786 836 1840 sine
873 1782 1032 1853 174¹
1084 1781 1295 1836 ratione
1353 1788 1663 1849 sequentes,
1712 1779 1766 1831 in
1818 1793 1947 1832 suas
1994 1777 2139 1831 aedes
2188 1790 2281 1828 va-
2312 1789 2396 1857 Β·

2276 1802 2281 1812 -
2312 1797 2359 1857 Β
2384 1773 2584 1840 γίστως
2613 1775 3060 1838 ἀκολουθοῦντες,
3092 1777 3173 1839 είς
3197 1778 3326 1838 τοὺς
3358 1779 3565 1830 ἐαυτῶν
3594 1779 3776 1840 οἴκους
3814 1782 3955 1849 μάν-

710 1887 796 1933 tes
846 1876 913 1930 ad
949 1876 1190 1943 magicas
1239 1882 1386 1927 artes
1433 1882 1486 1926 et
1515 1870 1913 1925 medicamenta
1963 1866 2285 1922 invenienda

708 1967 1104 2027 introducunt,
1149 1979 1179 2018 a
1227 1964 1319 2016 tali
1364 1962 1771 2016 aliominatione
1814 1963 2038 2015 domum
2084 1974 2142 2012 se
2193 1973 2290 2010 cx-

710 2064 953 2130 piaturos
998 2055 1369 2127 promittendo
1404 2074 1417 2108 :
1446 2054 1569 2124 quia
1598 2063 1829 2123 aegrotos
1859 2068 1924 2105 ex
1956 2052 2040 2105 his
2066 2066 2125 2104 se
2157 2049 2271 2103 lieri

710 2152 1079 2222 suspicantur,
1113 2158 1167 2203 et
1218 2148 1410 2202 morbo
1449 2146 1710 2201 diuturno
1757 2144 1981 2213 subjici,
2008 2144 2092 2197 vel
2119 2142 2289 2196 amis-

711 2261 769 2301 sa
809 2243 1054 2311 quzedam
1114 2240 1355 2294 indicare
1418 2253 1600 2307 posse.
1651 2235 1844 2290 Iisdem
1897 2235 2071 2303 poenis
2119 2233 2291 2302 subji-

711 2336 930 2391 ciuntur
957 2333 1051 2401 qui
1099 2330 1547 2385 incantatricibus
1600 2329 1754 2382 fidem
1790 2326 2074 2391 adhibent,
2114 2332 2168 2379 et
2221 2324 2289 2378 iis

713 2428 802 2496 qui
839 2442 901 2480 ex
930 2425 1134 2479 hordeo
1166 2423 1437 2477 divinant.

782 2634 939 2688 llnnc
970 2648 1095 2687 can.
1127 2629 1394 2686 verbatiin
1427 2628 1619 2682 recitat
1649 2626 1814 2681 etiam
1860 2627 1929 2681 85
1973 2625 2155 2693 magni
2180 2624 2284 2678 Ba-

714 2726 820 2783 silii
847 2737 1056 2787 canon;
1089 2720 1177 2773 hic
1205 2729 1383 2773 autem
1409 2716 1474 2771 ad
1500 2716 1826 2771 sexennium
1862 2729 2033 2783 usque
2057 2714 2148 2766 tali
2174 2728 2287 2766 ma-

716 2821 766 2871 lo
786 2814 1159 2883 deprehensos
1182 2807 1468 2872 extendit;
1524 2806 1650 2876 quia
1682 2805 1775 2875 qui
1808 2805 1976 2859 semel
2003 2814 2279 2869 errarunt,

713 2916 900 2978 postea
917 2916 1049 2957 vero
1095 2916 1125 2955 a
1158 2898 1301 2954 malo
1323 2897 1611 2959 desistunt,
1648 2894 1829 2948 minus
1864 2893 2174 2963 punientur.

780 3127 1115 3182 Tricesimns
1151 3131 1337 3176 sextus
1382 3116 1605 3172 Laodic.
1650 3130 1770 3186 syn.
1817 3113 2150 3175 sacerdotes,
2183 3112 2275 3182 qui

713 3230 839 3276 sunt
886 3216 1054 3285 magi,
1103 3224 1154 3267 et
1187 3212 1571 3271 incantatorcs,
1616 3217 1711 3261 aut
1753 3205 2147 3268 mathematici,
2183 3214 2277 3258 aut
2305 3169 2350 3230 ς

714 3306 998 3376 astrologi,
1053 3311 1147 3357 aut
1191 3316 1313 3371 quae
1359 3300 1619 3353 dicuntur
1668 3296 1998 3367 phylacteria
2048 3295 2277 3358 faciunt,

714 3398 938 3456 omnino
985 3410 1049 3448 cx
1074 3390 1301 3448 ecclesia
1331 3389 1453 3459 ejici
1485 3388 1749 3442 decernit.
1785 3386 1847 3440 Et
1887 3385 2026 3454 magi
2058 3384 2276 3454 quidem

713 3496 861 3555 sunt,
893 3488 986 3556 qui
1032 3485 1329 3545 daemones,
1357 3479 1629 3534 beneﬁcos
1658 3478 1887 3539 scilicet,
1924 3477 2179 3530 invocant
2209 3473 2275 3529 ad

715 3582 841 3637 boni
886 3578 1117 3646 alicujus
1156 3573 1524 3641 operationem
1553 3612 1568 3635 ,
1618 3585 1741 3623 cum
1789 3582 1982 3622 omnes
2033 3566 2281 3620 sint‘ho-

718 3672 929 3728 micidre
962 3676 1013 3721 et
1064 3666 1191 3720 mali
1221 3677 1493 3717 suasores.
1527 3661 1896 3713 lncantatores
1931 3667 2109 3710 autem
2153 3664 2281 3710 sunt

717 3760 1157 3834 prmstigiatores,
1187 3754 1278 3824 qui
1310 3767 1405 3821 per
1449 3752 1844 3803 incantationes
1881 3748 2153 3801 daemones
2212 3747 2277 3800 ad

716 3870 870 3911 suam
909 3852 1239 3905 voluntatem
1270 3844 1530 3907 trahunt;
1576 3856 1638 3895 ac
1687 3841 1830 3893 feras
1877 3840 2040 3894 etiam
2079 3848 2128 3894 el
2158 3853 2281 3908 rep-

715 3948 829 4000 tilia
868 3940 1203 4002 devinciunt,
1239 3937 1375 3989 adeo
1401 3942 1457 3987 ut
1487 3933 1732 3999 jumento
1766 3931 1899 3985 luris
1939 3930 2276 3999 pcrnoctanti

716 4036 1013 4109 perniciem
1042 4030 1239 4084 all‘erre
1284 4041 1391 4081 non
1444 4024 1677 4093 possint.
1722 4021 1890 4077 Porro
1932 4030 1987 4075 et
2024 4022 2115 4075 alii
2165 4035 2280 4074 ser-

702 4138 906 4200 pentes
940 4128 1247 4183 incantant,
1310 4131 1450 4186 quos
1504 4116 1667 4170 etiam
1726 4113 1984 4168 manibus
2045 4122 2280 4167 tractan-

715 4233 798 4277 tes
827 4220 946 4273 sine
977 4230 1162 4270 morsu
1197 4213 1267 4266 ab
1303 4210 1410 4263 illis
1438 4218 1492 4263 et
1523 4208 1682 4261 malis
1727 4205 2054 4274 impatibiles
2102 4218 2282 4258 rema-

714 4321 884 4378 nent;
931 4303 1297 4364 mathematici
1337 4301 1553 4364 deinde,
1597 4299 1690 4368 qui
1717 4299 2009 4366 opinantur
2050 4311 2277 4364 corpora

713 4405 957 4463 cmlestia
992 4402 1189 4455 habere
1234 4393 1473 4451 universi
1502 4391 1953 4450 dominationem,
1988 4390 2280 4456 omniaque

2388 1883 2500 1928 τεις
2540 1868 2855 1934 εἰσάγουσιν
2895 1868 2987 1921 ἐπὶ¹
3032 1866 3314 1938 ἀναιρέσει
3363 1868 3527 1937 δῆθεν
3569 1871 3814 1937 μαγειῶν
3866 1873 3961 1924 καὶ

2390 1944 2877 2026 φαρμακειῶν,’ὼς
2920 1960 2986 2011 ἂν
3010 1957 3105 2011 τοῦ
3138 1959 3384 2013 τοιούτου
3416 1961 3620 2031 μύσους
3653 1964 3961 2034 ἐκκαθάραι

2386 2049 2478 2103 τὸν
2505 2046 2653 2104 οἷκον
2686 2051 3154 2121 ὑπισχνουμένους
3174 2068 3189 2082 ·
3224 2045 3315 2105 οἷα
3356 2053 3691 2118 κλινοπετεῖς
3714 2058 3961 2119 ιέαυτοίις

2390 2142 2453 2194 ἐκ
2478 2141 2683 2195 τούτων
2735 2143 3141 2207 ὑποπτεύοντες
3181 2146 3486 2213 γεγονέναι,
3537 2148 3630 2200 καὶ
3669 2149 3809 2217 νόσῳ
3839 2166 3963 2220 χροο

2391 2231 2481 2302 vlg.
2512 2235 2975 2305 κατεργασθῆναι,
3010 2236 3042 2306 ἢ
3075 2237 3168 2290 καί
3192 2254 3317 2290 τινα
3339 2237 3449 2290 τῶν
3476 2238 3844 2309 ἀπωλομένων
3865 2241 3927 2292 δυ
3948 2269 3964 2279 ~

2388 2325 2656 2392 ναμένους
2689 2327 3087 2396 καταμηνύειν.
3131 2328 3258 2391 Τοῖς
3296 2330 3480 2390 αὐτοῖς
3509 2330 3806 2399 ἐπιτιμίοις
3833 2331 3961 2384 ύπό‹

2389 2433 2599 2469 κεινται
2633 2418 2727 2469 καὶ
2758 2419 2805 2470 οἱ
2829 2418 3213 2490 γοητευτρίαις
3236 2422 3692 2493 προσερχόμενοι,
3720 2424 3811 2475 καὶ
3842 2427 3963 2488 ταῖς

2391 2514 2528 2576 μετα
2560 2511 2765 2579 κριθῶν
2796 2515 3257 2581 μαντευομέναις.

2462 2623 2664 2676 Τοῦτον
2694 2624 2836 2678 κατὰ
2873 2625 3029 2695 ῥῆμα
3068 2628 3161 2679 τὸν
3195 2628 3396 2683 κανόνα
3416 2628 3641 2696 διέξεισι
3678 2632 3776 2685 καὶ
3799 2635 3825 2684 ὁ
3860 2633 3957 2686 τοῦ

2391 2717 2627 2785 μεγάλου
2662 2718 2941 2771 Βασιλείου
2971 2718 3062 2787 πγ¹
3080 2738 3093 2751 ·
3117 2721 3254 2791 πλὴν
3282 2718 3437 2786 οὗτος
3466 2725 3559 2777 καὶ
3591 2726 3784 2796 μέχρις
3809 2726 3961 2792 ἐξαε-

2386 2809 2507 2871 τίας
2540 2812 2664 2874 τοὺς
2697 2813 3227 2882 καταχρησαμὲνους
3247 2814 3327 2885 τῷ
3350 2816 3576 2887 τοιούτῳ
3597 2818 3753 2887 κακῷ
3782 2836 3959 2887 παρα-

2385 2902 2569 2964 τείνει,
2611 2904 2750 2956 ῶστε
2795 2905 2845 2956 οἱ
2897 2905 3044 2969 ἅπαξ
3076 2906 3465 2976 πλανηθέντες,
3513 2906 3631 2963 εἶτα
3660 2910 3752 2963 τοῦ
3786 2910 3958 2966 κακοῦ

2385 2995 2744 3057 ἀποστάντες,
2769 2996 3067 3058 ἐλαττόνως
3092 2999 3606 3070 ἐπιτιμηοήσονται.

2471 3108 2528 3162 '0
2556 3109 2613 3162 δὲ
2643 3113 2742 3179 τῆς
2789 3111 2847 3162 ἐν
2901 3114 3200 3185 Λαοδικείᾳ
3243 3115 3333 3179 λς’
3368 3115 3687 3187 κληρικοὺς,
3750 3121 3961 3188 μάγους

2385 3201 2567 3264 ὄντας.
2601 3206 2697 3256 καὶ
2729 3204 3038 3267 ὲπαοιδοὺς.
3071 3206 3103 3275 ἢ
3144 3210 3584 3276 μαθηματικοὺς,
3620 3210 3651 3279 ἢ
3689 3212 3956 3281 ἀστρολό-

2386 3310 2534 3361 γους,
2562 3293 2597 3363 ἧ
2628 3295 2694 3346 τα
2720 3295 2992 3365 λεγόμενα
3021 3296 3317 3359 ποιοῦντας
3347 3300 3719 3370 φυλακτήρια,
3757 3305 3961 3357 παντά-

2387 3405 2521 3440 πασι
2554 3389 2651 3458 τῆς
2682 3390 2973 3460 ἐκκλησίας
3021 3392 3457 3463 ἀπορρίπτεσθαι
3504 3395 3834 3466 διορίζεται*
3867 3401 3960 3452 καὶ

2390 3482 2557 3549 μάγοι
2598 3482 2700 3550 μέν
2728 3484 2867 3536 εἰσιν
2896 3484 2943 3536 oi
2958 3484 3229 3553 δαίμονας
3254 3486 3620 3553 ἀγαθοποιοὺς
3644 3490 3809 3559 δῆθεν
3841 3494 3960 3545 ἐπι-

2387 3574 2713 3643 καλούμενοι
2769 3575 2905 3645 πρδς
2958 3576 3168 3643 ἀγαθοῦ
3223 3596 3369 3642 τινος
3422 3582 3706 3645 σύστασιν,
3776 3585 3958 3639 καίτοι

2389 3668 2707 3734 μιαιφόνους
2739 3668 2948 3730 πάντας
2988 3672 3081 3721 καὶ
3110 3669 3419 3741 ἀλάστορας
3461 3673 3622 3732 ὄντας
3650 3678 3717 3744 τῇ
3764 3694 3959 3746 προαι-

2388 3758 2557 3826 ρέσει.
2599 3758 2877 3813 Ἐπαοιδοὶ
2920 3759 2998 3823 δὲ,
3026 3762 3074 3811 οί
3106 3762 3323 3829 γόητες,
3368 3765 3417 3815 οἱ
3456 3765 3524 3817 δι’
3574 3767 3794 3836 ἐπῳδῶν
3831 3770 3959 3831 τοὺς

2385 3848 2646 3917 δαίμονας
2666 3850 3028 3920 ἐφελκόμενοι
3061 3853 3196 3925 πρὸς
3223 3855 3290 3908 τὰ
3317 3856 3494 3908 οἰκεία
3529 3857 3827 3928 θελήματα,
3864 3866 3959 3917 καὶ

2388 3938 2556 4010 θηρία
2578 3942 3051 4012 καταδεσμοῦντες
3078 3948 3176 3999 καὶ
3200 3947 3407 4015 ἐρπετα
3433 3949 3567 4019 πρὸς
3587 3952 3648 4004 τὸ
3680 3953 3753 4021 μὴ
3781 3953 3959 4024 λυμή-

2384 4031 2581 4084 νασθαι
2610 4033 2671 4085 τὸ
2698 4034 2893 4101 κτῆνος
2923 4036 3106 4105 τυχὸν,
3151 4035 3257 4099 ἔξω
3302 4054 3405 4090 που
3435 4040 3633 4103 νυκτὸς
3668 4041 3957 4112 αὐλιζόμε-

2386 4139 2476 4176 νον
2504 4140 2520 4158 ο
2560 4124 2697 4179 ἀλλὰ
2724 4126 2818 4178 καὶ
2864 4126 3017 4196 ὄφεις
3048 4129 3229 4199 ἕτεροι
3286 4131 3813 4200 καταγοητεύουσιν,
3863 4135 3957 4197 οὖς

2387 4232 2494 4286 περ
2520 4217 2584 4286 δὴ
2607 4218 2701 4272 καὶ
2732 4220 3265 4290 μεταχειριζόμενοι,
3306 4221 3533 4291 άδηκτοι
3568 4224 3627 4288 ἐξ
3660 4226 3837 4278 αὐτῶν
3865 4230 3956 4280 καὶ

2386 4309 2617 4372 ἀπαθεῖς
2643 4309 2831 4363 κακῶν
2883 4312 3223 4381 διαμένουσι.
3278 4315 3666 4385 Μαθηματικοὶ
3704 4319 3782 4384 δὲ,
3813 4322 3859 4371 οί
3891 4322 3958 4374 τὰ

2385 4399 2611 4467 οὐράνια
2644 4399 2875 4469 σώματα
2918 4402 3233 4468 δοξάζοντες
3278 4408 3424 4476 ἔχειν
3469 4409 3567 4475 τὴν
3612 4409 3707 4461 τοῦ
3757 4412 3957 4472 παντὸς

712 4507 903 4554 nostra
933 4494 1002 4548 ab
1028 4505 1219 4547 eorum
1261 4494 1408 4540 motu
1444 4481 1839 4537 administrari.
1898 4478 2275 4535 Matuematica
2312 4524 2358 4579 υ
2388 4508 2391 4541 ς

2312 4524 2358 4579 D
2388 4491 2707 4561 κυριότητα.
2742 4494 2838 4546 καὶ
2871 4496 3014 4548 κατά
3034 4497 3132 4565 τὴν
3164 4498 3375 4566 κίνησιν
3404 4501 3609 4553 τούτων
3640 4502 3959 4558 διοικεῖιθαι

711 4585 938 4642 scientia
973 4583 1028 4635 in
1078 4581 1193 4634 ha'c
1228 4579 1336 4631 duo
1369 4573 1651 4635 dividitur,
1687 4571 2075 4625 astronomiam
2134 4571 2279 4625 scili-

713 4688 799 4733 cet
825 4685 880 4731 et
909 4672 1280 4741 astrologiam.
1330 4667 1396 4721 Et
1424 4668 1516 4721 illa
1545 4664 1767 4735 quidem
1816 4662 2021 4717 sanctis
2066 4675 2283 4731 quoque

713 4783 974 4825 cancessa
991 4774 1095 4829 est,
1115 4778 1235 4833 qua:
1252 4760 1554 4815 cmlestium
1579 4757 1827 4811 omnium
1858 4754 2187 4825 positionem
2229 4761 2284 4807 et

712 4858 1139 4923 motum'docet,
1189 4862 1250 4910 ut
1278 4854 1445 4908 etiam
1494 4850 1804 4907 ordinatum
1838 4863 2029 4904 eorum
2062 4856 2285 4902 contex-

714 4968 830 5010 tum
855 4962 908 5007 et
930 4948 1266 5006 distantiam.
1296 4946 1605 5015 Astrologia
1633 4952 1838 5008 autem,
1874 4943 1979 4997 hoc
1998 4949 2103 5006 est,
2123 4942 2283 4995 exin-

712 5043 780 5099 de
815 5038 1116 5112 pmdictio,
1145 5035 1272 5092 cmli
1302 5037 1615 5091 mansiones
1642 5031 1934 5103 percurrit,
1960 5041 2016 5087 et
2037 5030 2283 5085 futurum

711 5144 1073 5201 cognoscens,
1117 5141 1461 5196 nequaquam
1492 5125 1699 5180 sanctis
1744 5123 1998 5180 Patribua
2027 5123 2287 5180 concedi-

713 5235 822 5290 tur,
842 5224 971 5293 quia
997 5219 1357 5288 simpliciores
1378 5216 1613 5271 maxime
1636 5231 1821 5271 errare
1845 5216 1994 5282 facit,
2019 5226 2072 5271 et
2098 5214 2285 5287 genesi

711 5329 766 5371 et
798 5314 909 5368 fato
929 5313 1207 5367 conlidere
1230 5310 1353 5365 illos
1375 5311 1674 5380 compellit.
1698 5310 1968 5380 Astrologi
1995 5318 2176 5363 autem
2197 5307 2284 5363 di-

713 5415 910 5460 cuntur
930 5404 1022 5472 qui
1045 5400 1357 5455 daemonum
1384 5400 1593 5454 auxilio
1621 5398 1794 5466 adjuti
1817 5415 1882 5454 ex
1909 5399 2073 5455 astris
2098 5408 2156 5454 ut
2177 5398 2285 5454 diis

711 5497 981 5552 divinant.
1028 5495 1274 5561 Quatuor
1330 5504 1513 5547 autem
1565 5502 1692 5547 sunt
1736 5492 1858 5546 libri
1916 5490 2282 5547 mathematici

714 5588 1010 5655 nuncupati
1036 5625 1051 5649 ,
1118 5586 1459 5639 arithmetica
1491 5623 1506 5647 ,
1556 5584 1801 5648 musica,
1853 5585 2146 5654 geometria
2172 5625 2187 5649 ,
2231 5593 2286 5638 et

714 5679 1074 5735 aswouomia.
1098 5679 1219 5733 Non
1256 5679 1377 5733 illos
1401 5679 1563 5748 igitur
1587 5679 1763 5747 legere
1787 5689 1934 5732 vetat
1956 5694 2155 5739 canon,
2190 5679 2284 5732 sed

714 5769 939 5826 nimium
968 5768 1020 5822 in
1051 5768 1366 5823 iisstudium
1399 5767 1680 5833 adhibere;
1723 5777 1921 5821 etcum
1979 5769 2282 5823 cmlestium

2385 4584 2452 4634 τὰ
2478 4585 2780 4652 καθ’ἠμᾶς.
2813 4585 2894 4638 Τὰ
2923 4586 2980 4639 δὲ
2996 4588 3092 4655 τῆς
3124 4588 3516 4660 μαθηματικῆς
3540 4593 3850 4664 ἐπιστήμης
3879 4598 3959 4659 εἰς

2383 4671 2476 4725 δύο
2513 4674 2684 4727 ταῦτα
2704 4674 2981 4746 διῄρηται,
3011 4679 3379 4749 ἀστρονομίαν
3434 4682 3528 4734 καὶ
3556 4682 3916 4752 ἀστρολογίαν
3937 4701 3953 4717 ’

2384 4766 2479 4818 καὶ
2504 4768 2536 4835 ἡ
2575 4767 2673 4835 μὲν
2702 4771 2802 4820 καὶ
2830 4769 2940 4831 τοῖς
2974 4770 3151 4837 άγίοις
3172 4772 3355 4833 αὐτοῖς
3376 4773 3818 4845 συγκεχώρηται,
3859 4778 3956 4830 ἆτε

2383 4857 2483 4927 τὴν
2523 4858 2633 4911 τῶν
2667 4859 2933 4930 οὐρανίων
2965 4862 3221 4915 ἁπάντων
3252 4862 3579 4917 διδάσκουσα
3610 4867 3757 4921 θέσιν
3774 4885 3832 4919 τε
3864 4869 3961 4922 καὶ

2386 4949 2620 5017 κίνησιν,
2638 4951 2733 5003 καὶ
2747 4950 2846 5020 τὴν
2865 4951 3126 5006 εΰτακτον
3142 4953 3296 5017 αὖθις
3315 4956 3496 5008 αὐτῶν
3521 4959 3843 5031 συμπλοκὴν
3864 4962 3959 5014 καὶ

2383 5037 2694 5093 διάστασιν·
2725 5040 2759 5110 ἠ
2785 5039 2841 5092 δὲ
2863 5040 3213 5111 ἀστρολογία,
3230 5047 3511 5099 τουτέστιν
3533 5049 3567 5117 ἡ
3588 5048 3800 5102 ἐκεῖθεν
3826 5066 3961 5121 προ-

2389 5131 2707 5200 μάντευσις,
2765 5132 2862 5186 καὶ
2912 5133 3036 5187 καθ’
3095 5136 3290 5207 εἱρμὸν
3336 5137 3503 5208 δῆθεν
3531 5139 3643 5193 τῶν
3688 5142 3960 5214 οὐρανίων

2386 5223 2739 5287 ἐκϐαίνουσα,
2792 5226 2889 5279 καὶ
2938 5226 3001 5279 τὸ
3059 5229 3255 5298 μέλλον
3303 5230 3668 5301 γνωρίζουσα,
3719 5233 3957 5301 οὐδαμοῦ

2384 5319 2496 5381 τοῖς
2526 5316 2810 5386 Πατράσιν
2853 5318 3155 5385 ἐκδέδοται,
3207 5320 3303 5374 ﬁt:
3363 5323 3489 5386 τοὺς
3546 5323 3956 5395 ἁπλουστέρους

2386 5412 2603 5479 γενέσει
2654 5428 2713 5464 τε
2767 5413 2863 5466 καὶ
2914 5413 3227 5487 εἱμαρμένῃ
3274 5416 3564 5486 προσέχειν
3607 5418 3960 5484 καταναγκά-

2386 5505 2588 5569 ζουσα*
2650 5505 2746 5558 καὶ
2805 5505 3165 5574 ἀστρολόγοι,
3223 5509 3272 5559 οἱ
3330 5509 3621 5579 συνεργεία
3684 5510 3956 5580 δαιμόνων

2391 5596 2783 5667 μαντευόμενοι
2839 5597 2906 5650 δι’
2940 5600 3210 5667 ἀστέρων,
3267 5601 3361 5652 καὶ
3419 5594 3507 5652 οἷα
3567 5602 3707 5661 θεοῖς
3748 5601 3960 5664 τούτοις

2387 5685 2766 5757 προσέχοντες.
2818 5689 3076 5759 Τέσσαρα
3122 5691 3178 5743 δέ
3210 5694 3318 5743 εἱσι
3348 5692 3415 5745 τά
3469 5692 3744 5763 λεγόμενα
3776 5693 3959 5761 μαθη-

2392 5777 2597 5846 ματικά
2639 5777 2854 5845 βιϐλίαν
2895 5781 3257 5851 ἀριθμητικὴ,
3302 5782 3562 5853 μουσικὴ.
3620 5784 3958 5854 γεωμετρία,
