4252 6424
690 319 754 385 15
1869 312 2229 376 MATTHzE-l
2257 309 2681 372 BLASTARIS
3875 297 3937 369 16

689 434 746 490 Si
784 435 928 488 enim
977 434 1041 487 ad
1091 432 1252 487 tidem
1301 430 1709 497 inﬁrmandam,
1769 437 1825 483 et
1882 427 2028 498 quod
2083 429 2251 480 Deum
2283 429 2368 485 At

2283 429 2325 485 Α
2358 425 2646 493 συμμαχίᾳ
2679 422 3078 493 προσέδραμον.
3121 421 3183 474 Εἰ
3218 419 3318 490 μὲν
3380 417 3496 498 γάρ⁵
3543 416 3632 470 ἐπ’
3680 416 3935 490 ἀθετήσει

688 527 830 595 quia
853 525 1182 581 Christianis
1209 522 1474 585 creditur,
1498 536 1618 576 esse
1649 535 1756 576 non
1783 522 2090 583 crederem,
2131 518 2259 571 illud

691 619 958 680 fecerunt,
1005 629 1162 671 erunt
1192 617 1418 670 omnino
1470 612 1782 667 voluntario
1823 612 2140 681 negantium
2175 611 2263 678 ju-

693 712 834 764 dicio
863 711 1106 763 obnoxii.
1139 707 1313 774 Quale
1339 721 1468 761 vero
1493 707 1562 759 sit
1596 706 1790 758 horum
1824 704 2177 774 supplicium,
2205 703 2259 755 in

694 805 868 873 primo
922 802 1038 869 ejus
1101 816 1311 854 canone
1345 801 1430 853 hic
1489 810 1710 852 sanctus
1771 797 2044 860 decernit;
2097 810 2258 863 quem

692 895 980 963 quterasin
1025 893 1042 944 l
1073 907 1193 960 cap.
1233 891 1336 943 litt.
1371 891 1433 942 A.
1466 887 1559 942 Sin
1587 897 1787 952 autem,
1818 887 2011 956 inquit,
2050 899 2157 938 non
2183 885 2260 938 ie-

694 991 857 1041 tcuda
908 986 1204 1040 uecchiaas
1263 985 1446 1052 aliqua
1506 983 1758 1050 pusillum
1792 996 1981 1034 eerum
2014 981 2257 1032 animum

691 1095 976 1147 superans,
1009 1094 1072 1131 cu
1105 1078 1346 1138 deduxit,
1385 1091 1694 1128 mensuram
1727 1088 1916 1127 eorum
1946 1073 2038 1142 qui
2075 1072 2126 1124 iu
2153 1070 2262 1124 lor-

692 1173 962 1224 nicatiuue
991 1181 1306 1236 peccaruut,
1342 1168 1439 1236 ipsi
1473 1167 1636 1220 etiam
1665 1165 2060 1228 observabunt,
2112 1163 2256 1233 quod

693 1266 745 1316 iu
789 1279 979 1318 novem
1011 1276 1182 1316 auuos
1207 1261 1470 1315 extendit.
1511 1261 1702 1325 Quaere
1733 1260 1766 1312 5
1793 1272 1916 1327 cap.
1969 1255 2162 1311 littera:
2193 1253 2255 1310 E.

1405 1522 1586 1593 Leges.

760 1621 861 1688 Qui
895 1637 989 1690 per
1013 1618 1279 1673 sacriﬁcia
1319 1615 1672 1679 vaticinatur,
1709 1613 1892 1682 gladio
1943 1611 2206 1681 puniatur
2237 1626 2251 1663 :

691 1715 784 1783 qui
824 1728 951 1765 vero
987 1712 1136 1765 iiillm
1176 1709 1256 1761 vel
1290 1707 1546 1762 suasione
1575 1708 1654 1758 vel
1685 1705 1907 1774 prmmio
1943 1705 2008 1758 ad
2041 1703 2091 1756 id
2127 1704 2253 1754 hor-

2363 515 2462 584 τῆς
2494 518 2752 576 πίστεως,
2808 515 2901 568 καὶ
2933 513 3066 582 πρὸς
3108 512 3166 564 τὸ
3207 514 3281 581 μὴ
3307 509 3586 563 πιστεύειν
3631 505 3774 561 εἶναι
3804 510 3937 561 Θεδν

2362 607 2454 659 τὸν
2482 607 2633 674 παρά
2666 606 2777 658 τῶν
2809 603 3155 674 Χριστιανῶν
3179 601 3597 668 πιστευόμενον,
3637 601 3814 652 ὲκεῖνο
3841 619 3936 652 πε-

2365 698 2659 764 ποιήκασι,
2692 693 2770 763 τῷ
2819 694 3048 764 κρίματι
3095 692 3201 743 τῶν
3238 690 3502 752 ἑκουσίως
3534 692 3936 758 ἀρνησαμένων

2363 786 3033 856 ὑπαχθήσονται.⁹οποἰον
3059 784 3198 852 διεδ
3225 781 3428 834 τούτων
3460 784 3655 850 κρῖμα,
3691 783 3746 831 ὲν
3780 782 3854 848 τῷ
3884 782 3932 833 α’

2362 881 2529 934 αὑτοῦ
2562 880 2749 934 κανόνι
2776 882 2803 933 6
2826 880 2982 947 ἅγιος
3010 871 3166 938 οὗτος
3184 875 3564 944 διαλαμϐάνει,
3589 874 3648 926 ὃν
3669 878 3760 927 καὶ
3786 875 3934 940 ζήτει

2362 975 2419 1026 ὲν
2445 973 2520 1042 τῷ
2551 980 2596 1024 α’
2641 989 2765 1040 κεφ.
2822 971 2914 1023 τοῦ
2952 973 2994 1022 Α
3049 967 3336 1037 στοιχείου.
3372 967 3433 1017 Et
3485 966 3540 1017 δέ
3599 982 3705 1026 τις,
3749 968 3936 1032 φησὶν,

2362 1065 2704 1125 ἀϐάστακτος
2745 1063 2962 1130 ἀνάγκη
3017 1062 3492 1129 κατακρατήσασα
3531 1059 3634 1122 τῆς
3670 1056 3940 1125 μικροψυ-

2360 1157 2482 1227 χίας
2512 1155 2713 1220 αὑτῶν,
2743 1157 2822 1217 εἰς
2850 1153 3008 1207 τοῦτο
3044 1153 3348 1223 προῄγαγε,
3399 1149 3459 1202 τὸ
3498 1151 3695 1218 μέτρον
3729 1148 3837 1201 τῶν
3873 1151 3934 1200 ὲν

2361 1248 2598 1319 πορνείᾳ
2657 1248 3169 1317 πλημμελησάντων
3224 1246 3320 1299 καὶ
3374 1242 3531 1296 αὐτοὶ
3587 1241 3936 1310 φυλάξουσιν,

2360 1343 2496 1412 ὅπερ
2518 1341 2612 1393 καὶ
2643 1340 2721 1401 εἰς
2760 1340 2854 1408 ἐτη
2881 1338 3200 1407 παρατείνει
3222 1334 3402 1389 ὲννέα.
3427 1334 3587 1404 Ζήτει
3610 1333 3670 1386 τὸ
3697 1340 3746 1400 γ’
3774 1333 3940 1401 κεφά-

2362 1435 2514 1487 λαιον
2537 1431 2636 1484 τοῦ
2677 1431 2714 1483 Ε
2742 1432 3034 1500 στοιχείου.

3041 1525 3244 1590 Νόμοι.

2437 1619 2496 1672 Ὀ
2529 1616 2615 1672 διὰ
2643 1618 2842 1671 Θυσιῶν
2874 1616 3272 1687 μαντευόμενος
3320 1615 3461 1682 ξίφει
3500 1613 3848 1684 τιμωρείσθω
3875 1628 3886 1640 ⁸
3913 1612 3939 1661 ὁ

2359 1709 2415 1761 δὲ
2448 1710 2636 1761 τοῦτον
2669 1708 3119 1778 προτρεψάμενος
3153 1707 3557 1778 παρακλήσειῆ
3594 1705 3795 1775 μισθῷ,
3827 1703 3940 1770 ἐξο-

694 1818 858 1869 talur,
897 1804 1090 1859 essilio
1115 1814 1168 1856 et
1200 1801 1466 1854 bonorum
1529 1796 1884 1869 publicationi
1913 1795 2252 1864 subjiciatur.
2296 1785 2337 1840 Β

1583 1796 1884 1851 tblicationi
1913 1795 2252 1864 subjiciatur.
2296 1785 2337 1840 Β
2373 1802 2463 1871 pi;
2502 1804 2596 1853 καὶ
2627 1800 2890 1876 δημεύσει
2927 1800 3262 1854 ὑποκείσθω,

762 1897 1024 1956 Venetici,
1056 1897 1098 1950 si
1132 1896 1184 1948 in
1219 1892 1482 1962 dignitate
1513 1891 1673 1960 positi
1706 1890 1836 1952 sint,
1867 1887 2061 1942 exsilio
2118 1886 2259 1940 mul-

693 1999 900 2046 ctautut
935 2006 947 2051 ;
986 1986 1176 2054 reliqui
1214 1999 1340 2038 vero
1373 1983 1547 2051 capite
1593 1981 1917 2050 plectuntur.

760 2084 861 2149 Qui
899 2088 1165 2149 pra-parat.
1199 2078 1465 2146 magicam
1519 2073 1586 2127 ad
1646 2086 1896 2126 venerem
1951 2073 2257 2125 trahentem

693 2178 918 2246 pudicos
948 2187 1149 2235 mores,
1183 2171 1263 2222 vel
1305 2177 1497 2222 contra
1526 2167 1806 2219 hominum
1852 2165 2084 2217 salutem
2122 2163 2258 2217 mala

694 2267 937 2329 molitur,
969 2264 1236 2318 bonorum
1270 2259 1636 2330 publicatioue
1668 2265 1721 2310 et
1767 2255 1962 2309 exsilio
2011 2255 2258 2324 punitur.

763 2441 838 2494 Ne
868 2442 991 2509 quis
1017 2439 1374 2491 divinatorem
1407 2433 1655 2488 consulat
1703 2451 1715 2486 :
1750 2431 1886 2501 magi
1911 2430 2056 2485 enim
2116 2429 2263 2498 capi-

694 2534 784 2586 tati
817 2546 974 2601 paena
1002 2529 1326 2598 puniuntur.

763 2624 866 2691 Qui
924 2623 977 2677 in
1041 2636 1229 2674 necem
1293 2617 1576 2672 hominum
1648 2617 1923 2671 (laniones
1987 2617 2262 2680 invocant,

693 2718 873 2788 gladio
907 2717 1232 2785 puniantur.

769 2808 929 2878 176
969 2807 1114 2860 Idem
1156 2815 1240 2859 est
1271 2804 1468 2858 docere
1499 2813 1548 2857 et
1578 2801 1789 2857 discere
1822 2801 1939 2870 lege
1967 2801 2262 2871 prohibita.

764 2984 991 3039 Maritus
1038 2994 1259 3036 uxorem
1301 2995 1453 3034 suam
1488 2978 1778 3033 veneﬁcam
1818 2988 2093 3049 expertus.
2149 2992 2266 3033 ma-

2438 1892 2503 1943 Οί
2529 1891 2833 1960 φαρμακοῖ,
2887 1890 3248 1960 ἀξιωματικοὶ
3298 1891 3471 1954 ὄντες,
3510 1890 3939 1960 δεπορτατεύον-

2363 1996 2488 2034 ται·
2534 1983 2582 2034 oi
2611 1983 2667 2034 δὲ
2695 1982 2870 2036 λοιποὶ
2908 1983 2986 2044 εἰς
3018 1982 3258 2050 κεφαλὴν
3290 1981 3681 2052 τιμωροῦνται.

2444 2074 2504 2130 Ὀ
2536 2074 3030 2144 ὲπιτηδευσάμενος
3063 2077 3322 2144 γοητείαν
3347 2076 3612 2128 ἕλκουσαν
3647 2075 3725 2136 εἰς
3758 2072 3937 2142 ἔρωτα

2366 2169 2490 2230 τοὺς
2522 2167 2803 2240 σώφρονας
2832 2167 3149 2238 λογισμοὺς,
3181 2168 3214 2237 ἢ
3242 2168 3382 2222 κατά
3413 2167 3690 2237 σωτηρίας
3727 2165 3940 2235 ἀνθρὼ-

2368 2274 2484 2308 πων
2533 2259 3008 2330 μηχανησάμενος,
3060 2259 3324 2329 δημεύσει
3373 2261 3466 2312 καὶ
3529 2258 3714 2330 ἐξορίᾳ
3767 2275 3939 2328 τιμω·

2373 2352 2570 2419 ρείται.

2443 2441 2641 2512 Μηδεὶς
2669 2443 3001 2513 ὲπερωτάτω
3039 2442 3162 2497 τινὰ
3221 2445 3487 2515 μαντικὴν
3539 2444 3945 2514 ἐπαγγελλόμε·

2371 2551 2460 2585 νον
2482 2549 2496 2563 ·
2532 2534 2577 2584 οί
2611 2534 2716 2602 γὰρ
2756 2535 2923 2602 μάγοι
2951 2537 3266 2604 κεφαλικῶς
3294 2536 3684 2606 τιμωροῦνται.

2443 2626 2504 2678 Ol
2532 2626 2609 2687 είς
2644 2626 2849 2695 βλάϐην
2881 2627 3185 2696 ἀνθρώπων
3220 2628 3482 2697 δαίμονας
3519 2629 3942 2698 ἐπικαλούμενοι

2372 2715 2517 2784 ξίφει
2544 2719 3021 2788 τιμωρείσθωσαν.

2448 2809 2593 2862 ’ῐσον
2624 2812 2742 2863 ἐστὶ
2767 2811 2829 2864 τὸ
2860 2813 3291 2882 ἀπηγορευμένα
3323 2817 3536 2882 μαθεῖν,
3574 2816 3666 2869 καὶ
3710 2817 3768 2869 τὸ
3800 2816 3944 2868 διδά·

2372 2911 2545 2954 σκειν.

2441 2990 2693 3057 Εὐλόγως
2740 2993 2769 3044 6
2828 2992 2988 3063 ἀνὴρ,
3030 2991 3302 3064 εὑρίσκων
3341 2997 3438 3066 τὴν
3492 2997 3655 3051 αὑτοῦ
3695 3001 3947 3070 γαμετὴν

697 3079 1008 3132 trimonium
1049 3073 1272 3143 repudio
1320 3073 1520 3136 solvit;
1555 3073 1806 3125 similiter
1841 3084 1893 3126 et
1952 3073 2149 3128 mulier
2177 3073 2261 3126 vi-
2297 3120 2341 3179 Ω
2373 3102 2376 3125 ι

2297 3120 2341 3179 c
2373 3083 2688 3150 φαρμακὸν,
2727 3083 3001 3154 ρεπουδίῳ
3027 3085 3140 3138 λύει
3171 3087 3261 3140 τὸν
3294 3088 3470 3158 γάμον
3492 3103 3506 3119 ’
3559 3090 3819 3152 ὡσαύτως
3850 3093 3944 3144 καὶ

699 3187 843 3224 rum.

765 3263 867 3328 Qui
924 3274 1188 3313 venenum
1241 3272 1339 3328 pro
1414 3261 1813 3313 medicamento
1877 3274 2036 3313 servo
2095 3260 2269 3323 dedit,

695 3352 870 3406 eidem
914 3363 1086 3418 preme
1117 3346 1404 3415 subjicitur
1465 3358 1520 3399 ut
1550 3349 1639 3416 qui
1666 3348 1856 3400 mortis
1890 3363 2111 3401 causam
2136 3363 2273 3417 pra-

699 3445 851 3503 buit;
891 3443 1143 3495 similiter
1188 3448 1241 3492 et
1274 3440 1367 3508 qui
1408 3440 1809 3494 inconsiderate
1837 3442 1928 3493 dat
1978 3456 2269 3494 venenum.

767 3534 870 3601 Qui
907 3533 1146 3588 insanire
1207 3531 1440 3599 aliquem
1495 3546 1706 3586 veneno
1759 3533 1986 3597 faciunt,
2036 3533 2153 3602 lege
2205 3531 2273 3585 de

699 3625 900 3694 injuria
936 3631 1206 3676 tenentur.

768 3717 908 3783 Lege
928 3715 994 3770 de
1031 3715 1321 3769 homicidis
1351 3724 1587 3779 tenetur,
1617 3714 1712 3784 qui
1745 3713 1983 3769 hominis
2042 3717 2273 3771 necandi

698 3822 866 3863 causa
895 3821 1165 3862 venenum
1217 3815 1508 3875 [πωροι-ιιι,
1557 3806 1637 3861 vel
1701 3805 1908 3868 vendit,
1966 3807 2050 3862 vel
2088 3808 2269 3864 habet.

772 3989 827 4040 Si
857 3989 980 4056 quis
1001 4002 1110 4040 non
1140 3986 1284 4039 malo
1318 3987 1503 4041 animo
1548 3987 1759 4041 mulieri
1793 3989 2064 4057 paraverit
2102 3991 2273 4044 medi-

699 4088 1008 4132 camentum
1036 4079 1100 4130 ad
1132 4079 1568 4146 conceptionem,
1605 4088 1660 4133 et
1688 4080 1732 4133 si
1766 4080 1942 4149 ipsum
2002 4082 2274 4151 accipiens

700 4171 1018 4243 decesserit,
1052 4171 1322 4236 relegatur
1346 4171 1436 4239 qui
1471 4172 1697 4238 paravit.

773 4263 981 4330 Siquis
1039 4262 1176 4315 liber
1229 4273 1325 4314 aut
1376 4276 1565 4316 servus
1618 4278 1948 4331 quocunque
2006 4275 2272 4334 praetextu

701 4355 980 4422 potionem
1020 4355 1255 4416 dederit,
1281 4355 1396 4409 sive
1427 4356 1566 4416 viro,
1596 4355 1698 4408 sivi
1756 4357 1995 4419 mulieri,
2025 4358 2138 4412 sive
2173 4375 2273 4412 an-

2371 3174 2406 3243 ὴ
2442 3174 2576 3242 γυνὴ
2604 3174 2696 3227 τὸν
2723 3175 2915 3246 ἄνδρα.

2456 3263 2514 3316 Ὀ
2539 3265 2833 3334 φάρμακον
2867 3267 2994 3321 ἀντὶ
3031 3269 3277 3338 ἰατρείας
3320 3269 3491 3341 δούλῳ
3528 3271 3775 3335 δεδωκὼς
3815 3272 3944 3326 ὑπό-

2375 3371 2551 3408 κειται
2575 3357 2639 3426 τῇ
2669 3356 2805 3426 αὐτῇ
2835 3361 3020 3430 ποινῇ,
3043 3359 3119 3422 ὡς
3144 3359 3324 3414 αἰτίαν
3349 3364 3580 3417 Θανάτου
3609 3366 3906 3436 παρασχών
3926 3383 3941 3398 ⁸

2375 3444 2637 3508 ὡσαύτως
2671 3449 2766 3501 καὶ
2797 3450 2823 3498 6
2852 3451 3139 3518 προπετῶς
3167 3451 3342 3517 διδοὺς
3373 3455 3692 3525 φάρμακον.

2447 3538 2512 3590 Oi
2559 3539 2987 3607 παραφρονῆσαί
3017 3558 3140 3594 τινα
3180 3545 3459 3615 φαρμάκῳ
3495 3547 3775 3610 ποιοῦντες
3830 3549 3944 3601 ἐνέ-

2377 3641 2563 3692 χονται
2594 3628 2671 3696 τῷ
2699 3631 2828 3696 περὶ
2858 3629 3068 3700 ὓϐρεως
3099 3632 3293 3701 νόμῳ.»

2448 3715 2539 3784 Τῷ
2564 3719 2692 3784 περὶ
2715 3718 2920 3784 φονέων
2947 3719 3096 3788 νόμῳ
3120 3721 3404 3776 ὑπόκειται
3453 3727 3481 3777 6
3519 3724 3609 3778 διὰ
3653 3727 3712 3778 τὸ
3755 3729 3946 3794 φονεῦ-

2378 3823 2465 3858 σαι
2514 3808 2798 3878 ἄνθρωπον
2831 3809 3002 3864 ποιῶν
3060 3812 3373 3882 φάρμακον,
3426 3815 3855 3886 ἢπιπράσκων,
3909 3818 3942 3888 ἢ

2377 3898 2538 3967 Ιχων.

2448 3988 2510 4040 El
2550 3989 2643 4040 καὶ
2691 3989 2766 4059 μὴ
2799 3989 2955 4061 κακῷ
2998 4007 3081 4055 τις
3132 3992 3380 4062 λογισμῷ
3417 3995 3691 4066 παράσχοι
3723 3999 3944 4064 γυναικὶ

2380 4079 2759 4148 συλληπτικὸν,
2786 4081 2882 4136 καὶ
2924 4082 3238 4155 τελευτήσει
3273 4086 3304 4155 ἡ
3342 4085 3600 4156 λαϐοῦσα,
3642 4088 3946 4159 ἑξορίζεται

2376 4171 2404 4222 6
2438 4185 2582 4240 παρα
2590 4170 2751 4240 σχών.

2448 4261 2515 4314 Et
2543 4279 2626 4324 τις
2655 4262 2965 4333 ἐλεύθερος,
2999 4267 3031 4337 ἢ
3063 4266 3273 4328 δοῦλος.
3307 4271 3400 4326 ἐπὶ
3429 4272 3715 4343 οίαδήποτε
3739 4276 3947 4344 προφά-

2381 4363 2462 4400 σει
2493 4348 2607 4418 δοίη
2649 4350 2797 4420 πόμα
2832 4353 2943 4404 εἴτε
2995 4354 3171 4424 ἀνδρὶ,
3209 4355 3319 4409 εἴτε
3353 4362 3592 4425 γυναικί,
3627 4361 3734 4414 εἴτε
3759 4363 3944 4436 δούλῃ,

701 4449 860 4511 cili-.n,
885 4448 997 4500 sive
1021 4447 1272 4512 dominas,
1307 4454 1361 4500 et
1403 4462 1468 4501 ex
1512 4448 1616 4502 hoc
1645 4448 1846 4503 inﬁrmi
1882 4449 2007 4504 facti
2040 4453 2277 4504 tnorian-
2307 4443 2352 4500 D

2268 4480 2277 4492 .
2307 4443 2352 4500 1)
2380 4438 2489 4490 εἴτε
2517 4437 2796 4511 δεσποίνῃ,
2840 4442 2934 4495 καὶ
2977 4445 3040 4496 ὲκ
3073 4445 3263 4498 τούτου
3293 4447 3692 4518 ἀσθενήσαντες
3743 4452 3947 4505 ἀποθά-

704 4547 791 4592 tur
814 4541 904 4608 qui
958 4550 1304 4607 acceperunt,
1343 4541 1434 4607 qui
1489 4541 1702 4597 Daravit
1750 4542 1930 4613 gladio
1989 4544 2271 4612 puniatur.

773 4717 898 4782 Qui,
942 4733 1063 4786 qure
1087 4718 1333 4784 φυλακτά
1361 4719 1637 4782 dicuntur,
1673 4719 1900 4784 faciunt,
1925 4729 1978 4775 et
2009 4722 2272 4776 amatoria

704 4809 770 4860 a.l
793 4809 1087 4875 capiendos
1111 4811 1384 4873 homines,
1409 4813 1692 4878 publicatis
1715 4812 1868 4866 bouis
1891 4813 2271 4881 deportentur.

777 4900 1127 4968 Sexngesima
1155 4903 1365 4955 novella
1396 4904 1738 4969 imperatoris
1768 4904 1967 4959 Leonis
1991 4945 2005 4968 ,
2034 4905 2093 4961 Si
2125 4909 2271 4975 quis,

704 4992 901 5060 inquit.
930 4994 1155 5046 oumino
1190 4993 1288 5047 has
1325 4994 1562 5063 magicas
1589 5005 1738 5048 artes
1800 4995 2063 5049 adhibere
2121 4998 2273 5051 inve.

709 5084 907 5145 uiatur,
969 5087 1083 5137 sive
1130 5086 1377 5151 corporis
1422 5085 1649 5139 medela:
1687 5094 1976 5154 praetextu,
2027 5088 2142 5141 sive
2208 5089 2273 5142 ad

709 5175 1064 5228 avertendum
1098 5189 1126 5227 a
1156 5174 1424 5229 fructibus
1456 5177 1733 5238 damnum,
1793 5177 1837 5231 is
1904 5189 2272 5247 apostatarum

707 5280 921 5334 pmuam
952 5266 1198 5330 subiens,
1225 5267 1415 5321 ultimo
1442 5267 1710 5321 aﬂiciatur
1734 5271 2025 5339 supplicio.

1184 5421 1336 5477 CAP.
1369 5421 1429 5477 II.
1467 5423 1540 5476 De
1567 5425 1808 5480 mollitie.

780 5513 1046 5569 Cousulas
1077 5514 1146 5569 28
1179 5530 1297 5584 cap.
1344 5517 1536 5571 littera:
1578 5519 1643 5571 Κ.

1199 5608 1347 5662 CAP.
1380 5606 1466 5660 Ill.
1500 5607 1579 5662 De
1605 5609 1782 5665 ebriis.

780 5700 1000 5763 Quaeras
1027 5700 1097 5755 55
1125 5714 1247 5768 cap.
1283 5700 1472 5755 littera:
1495 5700 1558 5756 Κ.

2377 4546 2515 4582 νοιεν
2582 4532 2632 4583 οί
2693 4531 3016 4602 δεξάμενοι,

2377 4620 2596 4688 ρείσθω.

2445 4711 2508 4763 Oi
2553 4713 2621 4764 τά
2662 4712 2931 4783 λεγόμενα
2993 4716 3276 4781 ποιοῦντες
3319 4721 3592 4788 φυλακτά,
3641 4724 3732 4777 ἐπὶ
3795 4728 3945 4798 φιλία

2376 4803 2440 4853 τὸ
2476 4803 2652 4856 δοκεῖν
2693 4806 3018 4875 ἀνθρώπων,
3073 4809 3440 4879 δημευϐμενοι
3486 4814 3943 4884 sing-{saginam

2465 4895 2526 4945 Ἦ
2562 4895 2620 4947 δὲ
2674 4895 2715 4960 ξι
2746 4897 2914 4966 νεαρὰ
2972 4898 3064 4950 τοῦ
3105 4899 3373 4967 βασιλέως
3420 4905 3672 4968 Λέοντος,
3723 4907 3791 4959 ΕΞ
3842 4924 3946 4970 τις.

2377 4990 2563 5057 φησ“τν,
2596 4989 2733 5051 ὅλως
2758 4989 2825 5041 τὰ
2853 4990 3078 5043 τοιαῦτα
3111 4993 3392 5064 φωραθείη
3437 4998 3944 5066 μαγγανευόμενος,

2377 5081 2488 5131 εἴτε
2515 5081 2792 5148 προφάσει
2831 5081 3099 5148 σωμάτων
3128 5082 3450 5154 θεραπείας,
3485 5088 3597 5138 ιίτε
3629 5087 3944 5155 ἀποτροπῆς

2377 5170 2478 5238 τῆς
2512 5172 2620 5223 τῶν
2659 5174 2958 5241 καρπίμων
3009 5174 3233 5242 βλάϐης,
3269 5177 3366 5245 τὴν
3398 5178 3636 5247 ἐσχάτην
3683 5180 3944 5248 εἰσπρατ-

2377 5264 2554 5314 τέσοω
2590 5265 2804 5334 ποινὴν,
2853 5265 2951 5319 τὴν
2979 5269 3086 5319 τῶν
3117 5270 3443 5321 ἀποστατῶν
3468 5271 3691 5324 κόλασιν
3721 5273 3944 5342 ὑφιστά-

2382 5370 2558 5420 μενος.

3093 4535 3236 4604 ξίφει
3311 4537 3339 4588 6
3403 4541 3703 4610 παρασχὼν
3778 4562 3947 4611 τιμω-

2719 5445 2972 5500 ΚΕΦΑΛ.
3009 5446 3084 5502 B'.
3119 5451 3256 5519 Περί
3285 5452 3612 5518 μαλακίας.

2454 5537 2616 5605 Ζήτει
2645 5537 2702 5590 τὺ
2731 5545 2817 5606 κη’
2842 5539 3138 5606 κεφάλαιον
3166 5541 3260 5593 τοῦ
3297 5544 3346 5595 Κ
3382 5545 3674 5610 στοιχείου.

2696 5629 2945 5684 ΚΕΦΔΛ.
2979 5631 3053 5685 Γν.
3087 5633 3229 5701 Περὶ
3272 5636 3641 5702 μεθυόντων.

2455 5720 2616 5787 Ζήτει
2651 5723 2710 5773 τὸ
2733 5721 2804 5774 λε’
2832 5725 3126 5792 κεφάλαιον
3157 5725 3249 5779 τοῦ
3285 5727 3330 5778 Κ
3359 5729 3652 5795 στοιχείου.
