4252 6424
704 313 771 377 19
1892 324 2258 384 ΜΑΤΤΗιΕΙ
2306 327 2318 384 Ι

2354 327 2725 386 LASTARIS
3890 325 3960 387 ΞΟ

693 427 990 480 ostendunt

692 519 933 582 mittere,
971 519 1016 573 si
1043 521 1372 589 castigatum
1409 521 1788 579 indill‘erenter
1817 534 1872 579 et
1902 526 2137 580 remisse
2176 541 2274 595 per

690 615 1092 668 correctionem
1137 616 1465 685 dispositum
1487 634 1608 673 esse
1627 621 2075 674 animadverterit
2111 636 2272 674 :cum

691 707 838 758 enim
887 721 988 775 pro
1030 705 1209 760 forma
1262 709 1553 763 ecclesiam
1585 711 1912 780 ingreditur,
1961 711 2154 768 salutis
2182 727 2275 764 ex-

690 814 815 866 pers
881 809 1044 868 atque
1103 800 1175 853 ita
1207 799 1405 869 dignus
1452 811 1536 856 est
1575 803 1667 872 qui
1704 819 1732 856 a
1767 804 2018 858 ﬁdelibus
2052 804 2270 872 quidem

691 901 999 960 separetur,
1040 908 1162 946 cum
1192 893 1609 948 catecltumenis
1642 911 1771 948 vero
1797 906 1849 950 et
1878 897 2196 960 stationem,
2220 906 2274 949 et

687 999 716 1037 e
745 985 946 1054 templo
985 985 1357 1055 egressionem
1395 1002 1750 1042 communem
1781 989 1999 1043 habeat.

761 1165 962 1219 Eadem
1023 1165 1190 1218 etiam
1247 1165 1282 1219 2
1339 1165 1544 1235 Ancyr.
1583 1181 1707 1236 syn.
1762 1180 1940 1219 canon
1996 1163 2267 1231 decernit,

691 1266 1018 1325 potestatem
1053 1259 1330 1326 episc0pis
1362 1259 1696 1322 concedens,
1722 1257 1872 1326 juxta
1893 1257 2269 1322 atﬂictionem,

689 1359 744 1405 ct
801 1350 1190 1416 humilitatem,
1240 1358 1294 1405 et
1344 1351 1826 1404 mansuetudinem
1888 1350 2267 1418 paenitentiam

690 1443 924 1511 agentis,
976 1443 1061 1496 vel
1124 1443 1300 1512 prunis
1336 1445 1537 1497 addere
1587 1444 1672 1498 vel
1709 1443 1947 1496 auferre.
2002 1443 2174 1496 Porro
2218 1452 2272 1496 et

689 1536 921 1605 quintus
957 1546 1013 1589 ut
1051 1546 1105 1589 et
1139 1538 1407 1604 septimus
1443 1537 1718 1606 episcopis
1770 1545 2097 1606 potestatem
2139 1551 2272 1590 con-

689 1624 858 1689 cedit,
915 1626 1315 1695 paenitentibus
1371 1626 1643 1696 supplicia
1696 1626 1778 1679 vel
1843 1625 2123 1680 remittere
2186 1625 2272 1680 vel

689 1720 1013 1779 extendere,
1051 1720 1420 1773 ardentiorem
1459 1718 1733 1784 videlicet,
1777 1719 1940 1788 178
1967 1719 2049 1772 vel
2084 1719 2268 1772 remis-

691 1811 896 1865 siorem
971 1813 1352 1881 preniteutiam
1422 1811 1881 1875 ostendentibus,
1957 1821 2268 1863 anteactam

691 1919 914 1972 quoque
955 1920 1171 1968 eorum,
1211 1916 1265 1958 et
1304 1921 1424 1971 qua:
1461 1915 1650 1975 postea
1706 1914 2004 1960 consecuta
2039 1919 2144 1967 est,
2193 1905 2274 1956 vi-

688 1997 851 2050 vendi
887 1997 1155 2051 rationem
1191 1997 1498 2064 inSpicere;
1554 2013 1684 2050 num
1716 2005 1888 2059 caste,
1923 1997 2004 2049 vel
2042 1995 2274 2054 remisse

690 2101 744 2144 et
777 2090 901 2143 laxe
932 2093 1098 2144 vitam
1131 2090 1367 2159 egerint,
1399 2100 1454 2145 et
1484 2090 1568 2144 sic
1596 2089 1942 2144 clementiam
1988 2103 2119 2158 erga
2151 2088 2274 2143 illos

691 2184 960 2238 adhibere
990 2183 1165 2251 jubet.

762 2277 1113 2331 Centesimus
1157 2278 1434 2333 secundus
1467 2287 1637 2334 sextae
1677 2295 1798 2350 syn.
1845 2294 2024 2334 canon
2057 2317 2073 2341 ,
2112 2277 2271 2341 Eum,

691 2372 893 2439 inquit,
946 2371 1038 2440 qui
1073 2373 1320 2426 solvendi
1374 2378 1428 2426 et
1462 2372 1666 2442 ligandi
1714 2380 2038 2440 potestatem
2084 2385 2113 2422 a
2161 2368 2273 2422 Deo

690 2465 923 2532 accepit,
951 2467 1162 2534 peccati
1196 2466 1517 2534 qualitatem
1553 2464 1910 2520 considerare
1939 2471 2179 2532 oportet,
2219 2469 2274 2514 et

689 2554 811 2623 ejus
850 2555 942 2624 qui
978 2559 1221 2624 peccavit
1277 2558 1344 2612 ad
1403 2557 1819 2612 conversionem
1857 2555 2127 2617 studium,
2158 2558 2273 2606 sive

690 2657 882 2714 vergat
913 2650 976 2702 ad
1010 2651 1327 2714 sanitatem,
1371 2650 1487 2703 sive
1518 2659 1708 2702 contra
1749 2649 1990 2717 propriis
2025 2646 2273 2699 moribus

690 2737 744 2790 in
772 2754 830 2791 se
859 2751 1123 2808 provocet
1169 2742 1447 2804 tnorbum,
1495 2751 1550 2795 et
1583 2745 1663 2794 sic
1693 2741 1902 2794 vulneri
1936 2738 2275 2794 convenien-

688 2837 802 2888 tem
855 2833 1051 2888 alTetre
1114 2836 1478 2898 medicinam;
1533 2851 1600 2887 ne
1661 2834 1706 2888 si
1769 2834 1824 2886 in
1886 2842 2117 2898 tttmquc
2168 2833 2273 2882 im-

691 2928 1071 2982 moderatioue
1141 2939 1348 2988 utatur,
1385 2929 1454 2982 ab
1489 2927 1609 2996 ejus
1672 2926 1763 2994 qui
1819 2927 2035 2978 laborat
2097 2925 2292 2980 salute.

690 3019 912 3074 ett-idat
959 3036 971 3070 :
1027 3018 1211 3071 varius
1247 3018 1391 3070 enim
1440 3027 1495 3073 et
1543 3016 1900 3070 multiformis
1936 3026 2021 3070 est
2063 3013 2270 3084 peccati

691 3113 943 3164 morbus.
996 3110 1227 3167 Omnem
1259 3107 1402 3163 enim
1434 3108 1704 3162 rationem
1757 3107 1858 3160 init
1911 3107 2076 3168 Deus,
2117 3106 2272 3173 isque
2301 3136 2344 3194 ο

691 3202 1092 3272 cuipastoralis
1128 3200 1364 3254 traditus
1391 3211 1476 3254 est
1506 3199 1868 3268 principatus,
1904 3210 1959 3251 nt
1995 3207 2269 3251 errantem

689 3313 848 3349 ovem
886 3298 1132 3355 reducat,
1170 3305 1222 3346 et
1265 3293 1312 3347 ei
1347 3309 1468 3362 quae
1503 3301 1585 3345 est
1620 3307 1648 3343 a
1681 3299 1935 3360 serpente
1961 3290 2267 3352 vulnerata,

690 3387 998 3447 medeatur,
1046 3393 1099 3437 et
1136 3399 1314 3453 neque
1369 3398 1466 3450 per
1515 3382 1916 3450 desperationis
1971 3381 2272 3450 praecipitia

691 3476 960 3544 impellat.
997 3491 1096 3531 nec
1125 3476 1190 3528 ad
1222 3479 1346 3529 vita:
1369 3475 1790 3528 dissolutionem
1815 3483 1869 3528 et
1895 3481 2272 3543 contemptqu

692 3569 844 3620 b-eua
889 3569 1114 3627 relaxet,
1175 3565 1265 3620 sed
1309 3580 1416 3620 uno
1452 3565 1638 3628 modo,
1672 3565 1787 3618 sive
1836 3579 1934 3633 per
1975 3560 2184 3617 acriora
2223 3573 2276 3617 et

691 3660 1073 3728 astringentia,
1125 3657 1241 3712 sive
1274 3673 1371 3726 per
1404 3658 1652 3711 molliora
1685 3665 1739 3710 et
1789 3658 1999 3710 leuiora
2033 3655 2276 3709 medica-

697 3761 880 3804 menta
945 3749 1218 3804 aﬂ‘ectioui
1256 3751 1500 3813 resistat,
1538 3759 1592 3802 et
1639 3749 1705 3802 ad
1744 3749 1944 3802 ulceris
1989 3748 2276 3802 obductio-

697 3859 819 3896 neut
856 3844 1158 3907 adnitatur,
1201 3842 1413 3897 fructus
1453 3842 1788 3911 pmnitentiac
1842 3842 2189 3902 examinans,
2225 3848 2277 3892 et

697 3937 977 4006 sapienter
1005 3934 1333 4003 dispensans
1377 3944 1434 3988 et
1481 3935 1798 4003 gubernans
1835 3935 2136 3997 hominem,
2183 3933 2278 4001 qui

697 4032 764 4085 ad
822 4031 1159 4098 superiorem
1211 4027 1668 4081 illuminationem
1714 4037 1967 4081 vocatur.
2033 4026 2280 4095 Utraque

700 4124 869 4191 igitur
935 4122 1079 4176 seire
1125 4131 1358 4190 Oportet,
1393 4131 1448 4175 et
1516 4136 1637 4189 qua:
1699 4131 1828 4175 sunt
1881 4121 2081 4175 summi
2113 4120 2277 4187 juris,

699 4225 754 4269 et
801 4232 922 4285 qua:
973 4223 1102 4270 sunt
1145 4215 1565 4269 consuetudinis
1617 4214 1701 4267 vel
1741 4213 2070 4278 aﬂectionis;
2125 4222 2179 4267 et
2226 4215 2280 4266 in

698 4308 788 4369 iis,
854 4324 974 4376 qua:
1009 4317 1253 4361 extrema
1292 4323 1398 4360 non
1437 4306 1758 4372 admittunt,
1795 4306 2108 4361 affectionis
2164 4321 2283 4360 mo-

698 4400 770 4451 do
838 4399 937 4461 uti,
971 4399 1113 4452 sicut
1141 4408 1368 4452 sanctus
1416 4408 1470 4451 et
1515 4413 1750 4467 magnus
1795 4399 1955 4452 docet
2014 4398 2279 4451 Basilius.

1039 444 1052 481 :
1093 429 1178 482 vel
1203 428 1269 482 de
1314 429 1496 496 rigore
1540 445 1734 486 rursus
1763 446 1878 487 non
1909 435 2138 488 omnino
2182 450 2269 488 re-
2302 450 2318 498 Α

2376 437 2719 507 ἐπιστροφὴν
2747 439 3218 505 ἐπιδεικνυμένοις
3244 455 3258 470 ο
3287 438 3316 508 ἢ
3355 437 3452 504 τῆς
3486 438 3770 507 ἀκριϐείας
3803 432 3960 500 αὖθις

2381 527 2626 596 μηδόλως
2663 529 2946 599 ὑφίεσθαι,
2988 530 3036 582 εἰ
3083 530 3396 598 ἀδιαφόρως
3427 530 3574 597 ὁρῴη
3608 529 3702 580 καὶ
3743 529 3964 597 ἀνειμέ-

2380 637 2487 682 νως
2515 622 2606 673 τὸν
2637 623 3042 695 ἐπιτιμηθέντα
3070 623 3209 692 πρὸς
3253 622 3353 693 τὴν
3385 622 3707 694 ἐπιτίμησιν
3752 621 3960 675 διακεί-

2380 729 2565 780 μενον,
2627 713 2723 765 καὶ
2777 715 2855 784 τῷ
2903 715 3144 785 σχήματι
3206 716 3352 785 μόνῳ
3393 715 3495 783 τῆς
3545 717 3624 777 είς
3678 713 3772 766 τὸν
3822 713 3960 766 νεὼν

2381 803 2616 871 παρόδου
2644 805 3016 876 ἀρκούμενον,
3047 808 3140 859 καὶ
3168 806 3265 860 οὐκ
3293 805 3599 874 ἀνιώμενον
3633 807 3726 857 καὶ
3749 806 3964 870 ἀναξιο-

2378 894 2682 958 παθοῦντα,
2739 897 2819 949 ὅτι
2865 897 2978 950 τῶν
3033 898 3133 967 μὲν
3187 898 3397 950 πιστῶν
3451 898 3959 962 ἀποδιαστέλλεται,

2376 987 2489 1046 τοῖς
2520 984 2576 1038 δὲ
2633 988 3089 1056 κατηχουμένοις,
3141 989 3240 1056 τῆς
3279 1005 3338 1040 τε
3393 989 3635 1050 στάσεως
3691 990 3957 1053 κοινωνεῖ,

2377 1077 2472 1130 καὶ
2499 1077 2597 1144 τῆς
2624 1080 2686 1129 ἐκ
2721 1079 2814 1130 τοῦ
2851 1079 2955 1130 νεὼ
2991 1080 3432 1148 ἀποφοιτήσεως.

2449 1169 2637 1223 Ταῦτα
2683 1173 2778 1223 καὶ
2816 1173 2844 1223 ό
2879 1175 2979 1241 τῆς
3029 1174 3086 1224 ἐν
3129 1172 3374 1243 Ἀγκύρᾳ
3417 1170 3461 1241 β’
3513 1171 3830 1239 διορίζεται,
3863 1170 3960 1238 τὴν

2376 1260 2628 1324 ἐξουσίαν
2662 1266 2774 1325 τοῖς
2836 1266 3159 1326 ἐπισκόποις
3209 1265 3510 1329 ἀνατιθεὶς,
3560 1266 3704 1318 κατὰ
3761 1281 3824 1331 γε
3870 1264 3963 1315 τὸν

2377 1355 2648 1423 κάματον,
2706 1358 2804 1408 καὶ
2858 1358 2922 1408 τὸ
2961 1357 3221 1408 ταπεινὸν
3260 1355 3355 1408 τοῦ
3417 1355 3813 1426 μετανοοῦντος
3869 1356 3964 1406 καὶ

2377 1448 2577 1515 πρᾶον,
2607 1449 2640 1517 ἢ
2695 1449 3074 1515 προστιθέναι,
3112 1449 3144 1517 ἦ
3198 1450 3456 1516 ἀφαιρεῖν
3500 1449 3610 1500 τῶν
3646 1447 3959 1514 ἐπιτιμίων.

2388 1539 2550 1592 Ἀλλά
2581 1541 2675 1592 καὶ
2702 1542 2729 1593 ὁ
2766 1539 2804 1592 ε’
2842 1540 2924 1594 ἔτι
2969 1541 3063 1594 καὶ
3101 1543 3128 1593 ό
3156 1540 3200 1605 ζ’
3230 1543 3342 1604 τοῖς
3384 1541 3707 1603 ἐπισκόποις
3744 1538 3964 1609 ἐπιτρέ-

2376 1648 2470 1682 πει
2504 1631 2605 1702 τὴν
2649 1632 2926 1696 ἐξουσίαν,
2955 1634 2987 1703 ἢ
3022 1633 3232 1687 ἀνεῖναι
3263 1635 3295 1703 ἦ
3331 1635 3604 1686 ἐπιτεῖναι
3658 1635 3768 1693 τοῖς
3799 1648 3966 1700 μετα-

2375 1725 2558 1778 νοοῦσι
2608 1727 2673 1778 τὰ
2708 1726 2988 1794 ἐπιτίμια,
3042 1726 3378 1795 θερμότερον
3426 1725 3688 1796 δηλαδὴῆ
3727 1723 3967 1793 ῥαθυμό-

2375 1834 2536 1886 τερον
2566 1817 2666 1887 τὴν
2725 1818 3018 1892 μετάνοιαν
3076 1817 3581 1884 ἐπιδεικνυμένοις·
3637 1815 3861 1866 σκοπεῖν
3908 1812 3965 1865 δέ

2375 1910 2470 1961 καὶ
2497 1908 2589 1961 τὸν
2618 1908 2823 1978 προτοῦ
2853 1909 2965 1977 βίον
3006 1909 3234 1970 τούτων,
3268 1911 3363 1960 καὶ
3393 1908 3483 1959 τὸν
3515 1908 3821 1969 είσέπειτα,
3850 1903 3963 1956 εἴτε

2376 2001 2672 2068 σωφρόνως
2701 2040 2716 2064 ,
2748 2000 2857 2052 εἴτε
2894 2000 3197 2068 ἀνειμένως
3238 1998 3372 2062 ζῶσι
3414 1998 3508 2051 καὶ
3558 1997 3798 2068 χαύνως,
3868 1997 3966 2049 καὶ

2376 2091 2518 2144 οὕτω
2554 2096 2654 2158 τὴν
2713 2093 3126 2163 φιλανθρωπίαν
3164 2093 3505 2162 ἐπιμετρεῖν.

2459 2277 2516 2328 ’0
2543 2276 2598 2327 δέ
2637 2273 2716 2344 ρβ⁹
2775 2274 2873 2336 τῆς
2908 2271 2961 2338 ς’
3015 2272 3238 2325 συνόδου
3293 2271 3498 2333 κανὼν,
3532 2269 3638 2322 Τον
3691 2266 3965 2331 ἐξουσίαν,

2377 2367 2564 2436 φησὶν,
2617 2364 2878 2434 εἰληφότα
2926 2362 3078 2432 παρὰ
3117 2361 3255 2414 Θεοῦ
3285 2360 3436 2414 λύειν
3469 2377 3528 2412 τε
3582 2359 3674 2410 καὶ
3707 2358 3961 2424 δεσμεῖν,

2379 2461 2607 2512 σκοπεῖν
2640 2475 2698 2510 τε
2726 2459 2825 2521 τὴν
2857 2459 2955 2526 τῆς
2988 2456 3268 2525 ἁμαρτίας
3294 2455 3559 2520 ποιότητα
3584 2451 3712 2521 χρὴ,
3741 2452 3832 2502 καὶ
3865 2451 3965 2517 τὴν

2376 2552 2469 2606 τοῦ
2514 2551 2908 2621 ἡμαρτηκότος
2961 2551 3099 2621 πρὸς
3160 2547 3260 2618 τὴν
3314 2546 3648 2613 ἐπιστροφὴν
3699 2544 3964 2606 διάθεσιν,

2375 2645 2486 2696 εῐτε
2521 2643 2656 2712 πρὸς
2689 2643 2788 2710 τὴν
2822 2642 3036 2710 ὑγίειαν
3069 2640 3276 2702 νεύσει,
3310 2641 3341 2709 ἦ
3395 2637 3702 2692 τούναντίον
3741 2636 3826 2688 διὰ
3857 2636 3965 2686 τῶν

2375 2734 2596 2787 οἰκείων
2629 2734 2850 2803 τρόπων
2885 2731 3284 2802 προσκαλεῖται
3313 2731 3434 2783 καθ’
3468 2728 3663 2781 ἑαυτοί
3691 2730 3748 2780 τὸ
3787 2727 3968 2795 ἁρῤώ-

2376 2844 2586 2895 στημα,
2622 2826 2715 2877 γαὶ
2742 2824 2885 2876 οὕτω
2911 2824 3247 2891 κατάλληλον
3278 2823 3508 2889 ἐπάγειν
3540 2824 3639 2889 τὴν
3664 2818 3965 2890 θεραπείαν

2375 2921 2451 2990 τῷ
2500 2921 2800 2988 τραύματι,
2860 2918 2943 2969 ἵνα
2982 2918 3080 2986 μὴ,
3119 2921 3183 2986 τῇ
3221 2917 3462 2987 ἀμετρία
3522 2914 3647 2968 καθ’
3702 2916 3967 2984 ἑκάτερον

2376 3013 2697 3082 χρώμενος,
2755 3010 3106 3078 ἀποσφαλείη
3162 3011 3299 3079 πρὸς
3363 3011 3462 3078 τὴν
3534 3009 3809 3077 σωτηρίαν
3872 3005 3967 3058 τοῦ

2377 3106 2712 3173 κάμνοντος
2751 3105 3040 3174 πολυεῶὴς
3081 3105 3192 3173 γὰρ
3246 3105 3340 3156 καὶ
3382 3102 3603 3163 ποικίλη
3651 3102 3747 3170 τῆς
3782 3102 3964 3168 ἁμαρ-

2374 3199 2495 3260 τίας
2543 3199 2576 3266 ἡ
2626 3199 2803 3259 νόσος.
2853 3198 2966 3259 Πᾶς
3005 3197 3189 3264 μέντοι
3230 3197 3391 3260 λόίος
3443 3194 3563 3262 Θεῷ
3609 3202 3702 3244 και.
3759 3191 3834 3259 τῷ
3867 3193 3968 3258 τὴν

2379 3290 2746 3359 ποιμαντικὴν
2782 3290 3084 3358 ἡγεμονίαν
3120 3287 3544 3356 ἐγχειρισθέντι,
3581 3286 3638 3337 το
3678 3283 3968 3352 πλανώμε-

2376 3401 2466 3435 νον
2517 3382 2792 3452 πρόῦατον
2823 3384 3219 3446 ἐπαναγαγεῖν.
3250 3383 3343 3431 καὶ
3391 3381 3450 3430 τὸ
3480 3380 3686 3446 τρωθὲν
3735 3378 3838 3429 ὑπο
3873 3377 3966 3427 τοῦ

2377 3474 2556 3541 ὄφεως
2589 3474 2936 3536 ἐΞιὰσασθαι,
2975 3474 3068 3525 καὶ
3116 3474 3251 3541 μήτε
3291 3473 3435 3522 κατὰ
3473 3470 3722 3540 κρημνοῦ
3752 3469 3966 3537 dmi-.31:

2378 3566 2479 3633 τῆς
2530 3565 2918 3633 ἀπογνώσεωςο
2954 3569 3092 3634 μήτε
3140 3565 3208 3616 τὰ
3257 3564 3452 3632 χαλινὰ
3509 3563 3789 3615 ἑτειδοίναι
3827 3565 3964 3630 πρὶς

2378 3661 2477 3726 τὴν
2506 3660 2598 3711 τοῦ
2636 3658 2753 3728 βίου
2786 3658 3010 3709 ἔκλυσιν
3039 3675 3098 3708 τε
3127 3658 3221 3708 καὶ
3256 3657 3671 3724 καταφρόνησιν
3694 3672 3707 3684 ·
3743 3655 3857 3708 ἀλλ’
3886 3657 3968 3708 ,τὲ-ί

2380 3769 2441 3818 γε
2470 3751 2548 3820 τῷ
2598 3751 2811 3818 τρόπῳ,
2847 3751 2957 3801 εἴτε
2993 3748 3080 3800 διὰ
3123 3749 3232 3800 τῶν
3263 3748 3687 3817 αὐστηροτέρων
3718 3747 3814 3798 καὶ
3847 3764 3971 3798 στυ-

2382 3846 2615 3912 φόντων,
2651 3845 2760 3896 εἴτε
2787 3843 2874 3896 διὰ
2898 3843 3006 3894 τῶν
3040 3841 3412 3910 ἁπαλωτὲρων
3438 3857 3493 3891 τε
3524 3841 3618 3892 καὶ
3647 3841 3970 3908 πραοτέρων

2385 3939 2719 4010 φαρμάκων,
2755 3936 2898 3989 κατὰ
2929 3933 3022 3986 τοῦ
3072 3933 3278 3994 πάθους
3313 3934 3525 4000 στῆναι,
3566 3934 3661 3984 καὶ
3708 3932 3844 4000 πρὸς
3871 3932 3972 3999 τὴν

2387 4030 2722 4084 συνούλωσιν
2771 4027 2867 4080 τοῦ
2907 4027 3101 4088 ’ἐλκους
3155 4025 3659 4091 ἀνταγωνίσασθαι,
3709 4025 3834 4084 τοὺς
3873 4027 3972 4089 τῆς

2388 4124 2678 4195 μετανοίας
2717 4121 2968 4191 καρποὺς
3018 4116 3393 4188 δοκιμάζοντι,
3448 4117 3546 4170 καὶ
3596 4116 3973 4185 οἰκονομοῦντι

2387 4217 2568 4278 καλῶς
2605 4215 2698 4267 τὸν
2734 4213 2869 4284 πρὸς
2903 4214 3004 4280 τὴν
3059 4212 3174 4264 ἄνω
3218 4209 3588 4280 λαμπρότητα
3618 4208 3976 4278 λαλούμενον

2386 4307 2697 4376 ἄνθρωπον.
2720 4305 3040 4374 Ἀμφότερα
3071 4303 3254 4356 τοίνυν
3277 4301 3478 4354 εἰδέναι
3508 4301 3635 4371 χρὴ,
3663 4303 3758 4353 καὶ
3785 4300 3854 4352 τὰ
3873 4300 3977 4368 τῆς

2387 4400 2702 4469 ἀκριϐείας,
2728 4401 2823 4452 καὶ
2853 4402 2920 4450 τι
2945 4401 3044 4468 τῆς
3075 4396 3386 4465 συνηθείας,
3414 4396 3447 4466 ἢ
3479 4395 3846 4464 συμπαθείας,
3880 4394 3976 4446 καὶ

696 4491 752 4544 ln
809 4492 973 4545 tertio
1022 4491 1165 4544 enim
1224 4491 1341 4560 ejus
1401 4506 1643 4552 canone,
1680 4491 1733 4543 In
1783 4506 2022 4556 summa,
2081 4491 2283 4559 inquit,

2348 4491 2362 4537 Ι
2396 4495 2488 4545 ἐπὶ
2517 4493 2627 4544 τῶν
2663 4492 2737 4561 μὴ
2768 4490 3224 4559 καταδεχομένων
3271 4487 3371 4557 τὴν
3420 4487 3722 4556 ἀκρότητα,
3754 4485 3830 4553 τῷ
3874 4484 3978 4552 τῆς

702 4585 884 4638 verior
915 4594 998 4636 est
1027 4583 1216 4651 lapsus
1241 4582 1450 4635 medela
1485 4598 1515 4635 a
1552 4591 1773 4650 peccato
1801 4598 2072 4645 recessus,
2107 4591 2160 4635 et
2189 4597 2285 4650 per

699 4676 1120 4745 temperantiam
1153 4686 1207 4728 et
1243 4673 1590 4728 amictiouem
1623 4690 1844 4728 carnem
1877 4675 1928 4727 in
1963 4675 2281 4728 servitutem

703 4770 952 4836 redigere
990 4777 1045 4819 et
1081 4765 1300 4835 spiritui
1337 4764 1647 4833 subjicere;
1691 4766 1765 4819 ita
1797 4766 1944 4819 enim
1982 4767 2076 4835 qui
2110 4767 2288 4835 pteni-

699 4843 1099 4927 tentiam'agit,
1132 4859 1434 4927 perfectum
1469 4860 1774 4913 curationis
1826 4876 1940 4913 sua:
1981 4859 2287 4912 documen-

701 4965 816 5005 tum
845 4953 1005 5006 nobis
1047 4952 1351 5005 exhibebit.
1377 4952 1585 5005 Debent
1612 4967 1740 5005 vero
1769 4953 2083 5006 animarum
2120 4969 2284 5006 cura-

702 5058 849 5098 tores
888 5053 1123 5113 utraque
1156 5058 1342 5105 nosse,
1376 5053 1430 5096 et
1461 5058 1582 5112 qua:
1625 5053 1752 5097 sunt
1782 5045 1985 5096 summi
2015 5044 2180 5113 juris,
2229 5056 2285 5098 et

699 5154 821 5206 quae
854 5148 986 5192 sunt
1018 5136 1464 5191 consuetudinis.
1515 5135 1580 5190 Et
1612 5136 1656 5190 si
1705 5136 1953 5206 quidem,
2003 5153 2125 5206 qua:
2155 5145 2287 5190 sunt

701 5232 904 5284 summi
961 5230 1126 5298 juris,
1159 5230 1455 5283 admittant
1483 5230 1561 5283 illi
1621 5230 1714 5300 qui
1746 5230 1987 5284 confessi
2032 5239 2181 5296 sunt,
2216 5247 2281 5284 ex

701 5327 819 5392 ejus
861 5325 1183 5393 praescripto
1218 5337 1344 5375 cum
1384 5323 1517 5390 ipsis
1550 5339 1711 5393 agere
1747 5341 1760 5378 :
1795 5325 1878 5378 sin
1918 5335 2100 5377 autem
2128 5327 2287 5379 oblu-

700 5428 937 5481 ctentur,
961 5418 1112 5486 sequi
1132 5417 1488 5471 dcmissionis
1512 5419 1968 5470 consuetudinem
1991 5419 2284 5472 debebunt.

699 5512 1205 5579 ἐξομολογούμενοι,
1246 5511 1366 5561 κατ’
1413 5511 1631 5580 εκείνην
1679 5513 1988 5580 οἰκονομεῖν
2036 5512 2234 5574 αὐτούς
2262 5531 2274 5544 ·

702 5607 1083 5668 καταὸἁσεως.

774 5703 827 5753 lu
891 5701 956 5754 74
1006 5716 1134 5754 vero
1167 5718 1291 5756 can.
1332 5703 1450 5773 ejus
1504 5721 1517 5756 :
1568 5703 1670 5768 Qui
1707 5704 1907 5773 ligandi
1942 5715 1994 5756 et
2026 5704 2278 5757 solvendi

699 5803 1026 5870 potestatem
1057 5811 1084 5849 a
1121 5796 1227 5850 Deo
1255 5807 1612 5866 acceperunt,
1647 5796 1729 5853 eis
1762 5815 1868 5852 non
1900 5808 1981 5852 est
2006 5799 2133 5852 vitio
2169 5814 2286 5851 ver-

2393 4582 2748 4652 συμπαθείας
2780 4582 2938 4650 τύπῳ
2974 4580 3311 4649 κεχρῆσθαι,
3340 4578 3416 4640 ὡς
3450 4580 3478 4630 ό
3507 4579 3650 4648 ἱερὸς
3682 4579 3776 4630 καὶ
3806 4579 3979 4647 μέγας

2388 4677 2631 4729 διδάσκει
2687 4674 2993 4732 Βασίλειος.
3043 4671 3132 4722 Ἐν
3184 4671 3294 4741 γὰρ
3340 4670 3417 4738 τῷ
3459 4675 3505 4736 γ’
3548 4666 3716 4720 αὑτοῦ
3769 4669 3978 4727 κανόνι,

2395 4770 2666 4830 Καθόλου,
2704 4769 2862 4837 φησὶ,
2900 4765 3274 4834 ἀληθέστερον
3310 4765 3450 4832 Σαμα
3485 4761 3580 4814 τοῦ
3629 4761 3977 4829 σφάλματος,

2392 4866 2424 4932 ἡ
2463 4867 2562 4933 τῆς
2597 4861 2877 4932 ἁμαρτίας
2911 4860 3284 4930 ἀναχώρησις,
3317 4861 3412 4912 καὶ
3453 4859 3515 4910 τὸ
3545 4857 3612 4911 δι’
3648 4859 3982 4927 ἐγκρατείας

2392 4961 2487 5010 καὶ⁸
2511 4955 2890 5017 κακοπαθείας
2917 4956 3014 5024 τὴν
3042 4956 3221 5022 σάρκα
3248 4951 3697 5020 δουλαγωγῆσαι,
3723 4953 3819 5004 καὶ
3849 4951 3983 5002 ὑπο-

2392 5051 2553 5117 τάξαι
2585 5050 2662 5120 τῷ
2692 5049 2968 5117 πνεύματι
2994 5064 3008 5078 ·
3043 5047 3188 5100 οὕτω
3227 5047 3337 5114 γὰρ
3380 5046 3594 5098 τελείαν
3625 5048 3761 5114 ἡμῖν
3813 5047 3840 5098 ό
3874 5062 3979 5114 με·

2393 5144 2608 5196 τανοῶν
2643 5142 2873 5212 παρέξει
2902 5141 3006 5209 τῆς
3055 5141 3392 5210 ίατρεύσεως
3422 5140 3591 5191 αὐτοῦ
3625 5141 3727 5209 τὴν
3755 5139 3979 5191 ἀπόδει-

2398 5236 2500 5302 ξιν.
2531 5237 2622 5288 Δεῖ
2650 5235 2705 5288 δὲ
2740 5235 2866 5296 τοὺς
2898 5233 3007 5283 τῶν
3063 5231 3255 5302 ψυχῶν
3296 5232 3621 5298 οἰκονόμους
3687 5231 3979 5298 ἀμφότερα

2396 5330 2620 5394 εἰδέναι,
2667 5330 2762 5380 καὶ
2813 5327 2884 5378 τὰ
2924 5327 3024 5393 τῆς
3060 5324 3376 5395 ἀκριϐείας,
3427 5324 3523 5375 καὶ
3556 5324 3624 5374 τὰ
3674 5324 3772 5390 τῆς
3815 5339 3981 5388 συντ,-

2398 5424 2579 5485 θείαςο
2618 5422 2713 5473 καὶ
2761 5423 2809 5472 εί
2870 5421 2968 5490 μέν
3022 5419 3413 5487 καταδέχονται
3463 5417 3560 5485 τὴν
3599 5415 3888 5486 ἀκρίϐειαν
3928 5417 3978 5465 οἱ

2322 5517 2368 5567 εί
2401 5516 2455 5566 δὲ
2499 5515 2912 5585 σκληρύνοιντο,
2943 5513 3177 5564 ’ἑπετθαι
3226 5514 3291 5580 τῇ
3369 5510 3630 5578 συνηθείᾳ
3680 5508 3778 5577 τῆς
3847 5525 3983 5575 συγ-

2483 5704 2571 5754 Ἐν
2605 5701 2660 5754 δὲ
2683 5701 2762 5770 τῷ
2800 5699 2895 5761 οδ⁹,
2931 5701 2993 5750 υἱ
3027 5698 3250 5766 δεσμεῖν
3299 5699 3392 5749 καὶ
3427 5696 3576 5747 λύειν
3616 5695 3868 5758 ἐξουσίαν
3907 5699 3981 5746 εἰ·

2398 5797 2632 5868 ληφότες
2666 5793 2819 5863 παρὰ
2855 5792 3013 5858 Θεοῦ,
3051 5791 3323 5863 μεμπτέοι
3371 5790 3471 5842 οὐκ
3506 5789 3570 5843 ἂν
3608 5785 3740 5852 εἷεν,
3771 5790 3840 5855 εἰ,
3874 5788 3983 5841 τῶν
