4252 6424
271 333 331 397 9i
1227 338 1631 401 SYN'I‘AGMA
1677 340 2295 403 ALPHABETICUM.
2339 364 2408 379 -ο
2447 338 2525 402 Μ.
3436 340 3517 408 92

268 451 773 523 εξομολογουμένων
832 456 1128 513 σπουδαίαν
1183 461 1277 512 καὶ
1335 460 1682 531 θερμοτέραν
1729 462 1829 532 τὴν
1861 471 1903 525 Α

1869 471 1903 525 Α
1935 466 2153 516 tendum
2182 461 2226 515 si
2257 458 2647 513 conﬁtentibus
2671 457 3321 512 seriametardcntiorem
3344 459 3506 526 paeni-

272 543 559 609 μετάνοιαν
613 547 1106 618 ἐπιδεικνυμένων,
1160 551 1348 614 αὐτοῖς
1398 553 1649 622 ἀρέσειεν
1679 556 1833 607 na:-

264 635 433 688 τῶσαι
464 639 587 701 τοὺς
636 640 953 708 ὁρισθέντας
981 642 1089 696 τῶν
1131 644 1424 714 ἐπιτιμίων
1448 648 1702 715 χρόνους,
1733 647 1835 717 τῆς

265 729 319 778 ἂν
349 730 467 790 ταῖς
519 731 766 800 Γραφαῖς
800 717 1045 803 ἱστορίας
1088 737 1448 808 ιγγυωμένης
1499 740 1653 808 ἡμῖν,
1705 740 1834 803 τοὺς

268 815 404 878 μετά
436 817 684 883 μείζονος
719 820 1251 894 ἐξομολογουμένους
1280 829 1465 890 πόνου,
1497 827 1696 883 θᾶττον
1733 828 1835 899 τὴν

262 904 355 956 τοῦ
385 906 521 959 Θεοῦ
555 910 967 981 φιλανθρωπίαν
1006 918 1478 987 καταλαμϐάνειν.

346 998 467 1051 Ἐπὶ
494 1000 552 1053 δὲ
586 1002 682 1055 τοῦ
710 1005 1021 1072 ἀγιωτάτου
1049 1014 1395 1083 πατριάρχου
1423 1016 1613 1069 Λουκᾶ
1664 1033 1836 1087 στρα-

261 1086 428 1159 τιώτῃ
463 1093 572 1144 τινὶ
616 1094 779 1162 φόνον
821 1098 1072 1153 ἑκούσιον
1100 1102 1382 1172 δράσαντι,
1419 1086 1838 1171 έπίσκοπόςτις

264 1182 358 1233 ἐπὶ
382 1186 587 1256 μετρίῳ
606 1190 751 1242 πάνυ
776 1192 951 1261 καιρῷ
974 1196 1267 1264 ἐγγράφως
1285 1199 1433 1269 αὑτῷ
1463 1200 1561 1271 τὴν
1583 1202 1838 1258 ἀθώωσιν

261 1271 483 1336 δέδωκε,
540 1280 635 1330 καὶ
672 1280 1079 1352 ἐγκαλούμενος
1126 1288 1279 1357 παρά
1315 1288 1415 1358 τῆς
1462 1292 1706 1357 συνόδου,
1748 1296 1837 1348 τὸν

262 1364 506 1431 παρόντα
539 1371 740 1423 κανόνα
772 1374 1085 1441 προέτεινεν
1110 1394 1125 1409 ο
1168 1378 1285 1431 ἀλλ’
1319 1381 1576 1448 ήκουσεν,
1609 1386 1691 1436 ὅτι
1724 1389 1837 1450 τοῖς

261 1454 617 1526 ἀρχιερεῦσιν
646 1464 800 1534 ἐδόθη
853 1466 955 1533 μὲν
999 1467 1184 1533 αὕξειν
1216 1487 1275 1523 τε
1314 1475 1405 1525 καὶ
1454 1475 1641 1544 μειοῦν
1677 1478 1743 1529 τὰ
1774 1479 1838 1531 ὲκ

259 1548 366 1599 τῶν
388 1552 633 1605 κανόνων
664 1556 937 1626 ἐπιτίμια,
960 1560 1021 1612 οὐ
1048 1562 1154 1630 μὴν
1179 1562 1523 1635 ἀνεξετάστῳ
1552 1568 1647 1620 καὶ
1674 1569 1840 1639 ὑπερ-

261 1639 534 1712 σαλλούσῃ
592 1647 832 1715 χρῆσθαι
896 1655 1326 1719 συγκαταεέωει.
1372 1657 1534 1711 Ὅθεν
1590 1662 1681 1713 τὸν
1742 1661 1839 1730 μιν

262 1738 606 1806 στρατιώτην
636 1743 749 1803 τοῖς
786 1746 849 1794 ὲκ
879 1744 988 1796 τῶν
1024 1748 1268 1800 κανόνων
1320 1749 1621 1820 ἐπιτιμίοις
1649 1757 1681 1823 ἡ
1712 1756 1837 1809 σύν-

258 1826 372 1888 κίδος
403 1828 756 1885 καθυπέὄα).ε
778 1850 792 1864 ’
824 1837 915 1888 τὸν
940 1837 997 1889 δὲ
1038 1841 1301 1910 ἀρχιερέα
1357 1843 1517 1907 δίκας
1559 1847 1834 1918 ἀπῄτησε,
1872 1808 1915 1863 Β

258 1919 355 1987 τὴν
389 1923 449 1972 ὲν
480 1922 775 1998 ὡρισμένῳ
809 1930 985 2001 καιρῷ
1010 1933 1106 2002 τῆς
1129 1934 1481 2008 λειτουργίας
1525 1942 1836 2011 ἐπίσχεσιν.

337 2101 398 2154 ’0
425 2103 482 2156 δὲ
514 2106 738 2175 Νύσσης
783 2111 957 2180 μέγας
987 2114 1311 2187 Γρηγοριος,
1346 2134 1405 2173 εν
1436 2139 1515 2192 τῳ
1540 2123 1591 2191 γ’
1626 2126 1834 2188 κανόνι.

270 2194 391 2246 ἐπὶ
422 2197 531 2249 τῶν
563 2202 963 2277 σπουδαιοτέρα
993 2212 1375 2281 κεχρημένων,
1420 2218 1577 2286 φησι,
1607 2220 1671 2287 τῇ
1712 2219 1833 2272 lm-

259 2291 490 2358 στροφῇ,
524 2296 619 2344 καὶ
653 2294 730 2363 τῷ
756 2295 855 2366 βίῳ
881 2298 1213 2356 δεικνύντων
1243 2305 1343 2376 τὴν
1368 2308 1507 2377 πρὸς
1547 2309 1606 2363 τδ
1629 2312 1840 2379 ἀγαθὸν

257 2380 537 2449 ἐτάνοδον,
568 2383 745 2450 ἔξεστι
774 2388 850 2457 τῷ
876 2392 1253 2463 οἰκονομοῦντι
1285 2399 1420 2466 πρὸς
1461 2400 1522 2454 τὺ
1552 2404 1838 2474 συμφέρον

260 2476 547 2540 ου’)τεμείν
572 2474 665 2526 τὸν
695 2477 910 2547 χρόνον,
943 2483 1041 2535 καὶ
1068 2486 1258 2554 τάχιον
1287 2488 1586 2546 ἀποδοῦναι
1618 2495 1838 2560 τούτοις

256 2564 356 2629 τὴν
390 2570 702 2633 κοινωνίαν,
728 2572 878 2635 ὅπως
910 2575 977 2627 ἀν
1008 2576 1109 2646 τὴν
1134 2578 1231 2632 τοῦ
1271 2579 1715 2655 θεραπευομένου
1740 2604 1841 2643 κα-

256 2656 527 2710 ταστασιν
578 2661 954 2732 δοκιμάσειεν.
987 2668 1203 2739 Ὠσπερ
1241 2673 1352 2744 γὰρ
1384 2675 1447 2729 τὸ
1487 2680 1602 2740 τοῖς
1633 2682 1840 2752 χοίροις

260 2749 479 2815 ῥίπτειν
521 2754 652 2817 τοὺς
693 2758 1040 2829 μαργαρίτας
1066 2762 1388 2834 ἀπείρηται,
1434 2767 1578 2823 οὕτω
1616 2772 1678 2824 τὸ
1706 2749 1841 2827 ἀπο-

260 2840 477 2904 στερεῖν
520 2841 614 2893 τοῦ
644 2846 829 2912 τιμίου
862 2855 1206 2919 μαργαρίτου
1258 2854 1350 2908 τὸν
1394 2857 1495 2928 ἤδη
1549 2860 1840 2932 ἄνθρωπον

257 2927 344 2980 διὰ
376 2930 480 2998 τῆς
522 2935 904 3006 καθαρότητός
942 2958 1002 2993 τε
1037 2945 1131 2997 καὶ
1166 2944 1268 3015 τῆς
1309 2927 1576 3016 ἀπαθείας
1613 2927 1839 3024 γενομεο

258 3039 366 3086 νον,
404 3026 517 3076 τῶν
566 3028 790 3083 ἀτόπων
828 3033 967 3088 ἐστί.
1024 3036 1305 3110 Πανταχοῦ
1334 3044 1444 3113 γὰρ
1489 3048 1548 3098 ἐν
1580 3047 1840 3120 πλημμε-

259 3113 506 3184 ὶήματος
533 3120 664 3174 εῖδει
701 3123 862 3178 τοῦτο
892 3128 1134 3198 καθορᾷν
1164 3137 1428 3203 προσήκει
1466 3140 1574 3208 πρὸ
1598 3143 1840 3204 πάντων.

258 3208 346 3259 οἵα
380 3211 535 3263 ἐστὶν
582 3214 614 3284 ή
652 3215 748 3267 τοῦ
803 3217 1258 3289 θεραπευομένου
1311 3227 1579 3295 διάθεσις,
1635 3236 1727 3287 καὶ
1769 3237 1843 3307 μὴ

258 3299 347 3349 τὸν
382 3304 582 3371 χρόνον
617 3307 828 3361 οἴεσθαι
860 3311 999 3381 πρὸς
1030 3314 1331 3385 θεραπείαν
1355 3322 1568 3391 ἀρκεῖν,
1598 3327 1701 3394 (τίς
1737 3299 1844 3398 γ’ἀρ

259 3391 324 3442 ἂν
361 3395 427 3444 ἐκ
467 3394 563 3447 τοῦ
616 3399 810 3468 χρόνου
845 3401 990 3466 ἴασις
1015 3406 1284 3477 γένοιτος)
1330 3412 1467 3465 ἀ).λά
1513 3416 1612 3484 τὴν
1655 3420 1848 3487 προαί-

264 3500 410 3549 ρεσιν
431 3486 533 3538 τοῦ
565 3489 757 3543 ἑαυτὸν
779 3492 845 3545 δι’
877 3495 1221 3567 ἐπιστροφῆς
1247 3501 1661 3572 θεραπεύοντος.
1688 3510 1752 3561 Ἐ
1764 3529 1843 3564 στι

259 3575 334 3634 δὲ,
375 3580 538 3647 φησὶ,
590 3582 825 3654 διαφορὲ
857 3604 939 3651 τις
993 3591 1051 3643 ἐν
1098 3591 1177 3661 τῷ
1211 3593 1352 3661 λόγῳ
1405 3598 1506 3667 τῆς
1557 3605 1848 3669 μετανοίας

262 3671 490 3740 τοιαύτη
519 3688 532 3699 ·
565 3675 594 3726 ό
628 3677 728 3741 μὲν
782 3680 877 3747 ἀφ’
912 3681 1109 3735 ἑαυτοῦ
1165 3686 1301 3754 πρὸς
1344 3688 1443 3760 τὴν
1490 3691 1847 3761 ἐξαγόρευσιν

260 3762 356 3827 τῇ,
407 3765 690 3834 ἁμαρτίας
743 3773 1021 3840 ὁρμήσας,
1075 3775 1209 3829 αὐτὸ
1238 3779 1298 3831 τὸ
1346 3784 1749 3848 καταδέξασθαι
1778 3788 1845 3841 δι’

261 3857 474 3921 οὲκείας
508 3860 685 3929 ὁρμῆς
714 3865 970 3930 γενέσθαι
1002 3870 1109 3922 τῶν
1136 3874 1385 3943 κρυφίων
1409 3880 1737 3948 κατήγορος.
1771 3884 1848 3945 ὡς

264 3951 362 4018 ἢδη
395 3953 495 4021 τῆς
531 3954 827 4021 Οεραπείας
863 3959 1196 4030 ἀρξάμενος,
1231 3966 1848 4040 ὲνφιλανθρωποτέροις

264 4060 286 4106 ιε
304 4044 478 4097 ἱνεται
498 4052 622 4110 τοῖς
650 4052 971 4119 ἐπιτιμίοις.
991 4054 1051 4107 Ὀ
1075 4055 1131 4108 5s
1153 4059 1433 4128 φωραθεὶς
1453 4062 1547 4113 ἐπὶ
1566 4063 1643 4131 τῷ
1669 4066 1844 4135 κακῷ,

262 4136 294 4202 ἢ
326 4136 415 4189 δια
435 4155 585 4201 τινος
612 4142 845 4211 ὑποψίας
872 4145 904 4215 ἢ
939 4153 1280 4220 κατηγορίας
1301 4153 1661 4225 ἀπελεγχθεὶς
1686 4159 1849 4210 ἀκου-

266 4227 416 4293 σίῳ,
454 4232 517 4282 ὲν
550 4233 918 4306 ἐπιτεταμένῃ
963 4239 1175 4304 γίνεται
1220 4244 1285 4312 τῇ
1328 4245 1660 4315 ἐπιστροφῇ,
1703 4247 1847 4301 ὥστε

266 4320 673 4387 καθαρισθέντα
720 4325 789 4379 δι’
848 4328 1140 4399 ἀκριὸείας
1192 4334 1578 4400 αὑτὸν,οὖτως
1610 4341 1701 4391 ἐπὶ
1749 4340 1847 4409 τὴν

264 4411 372 4462 τῶν
408 4414 774 4484 ἀγιασμάτων
802 4419 979 4473 ἐλθεῖν
1003 4427 1316 4479 κοινωνίαν.
1353 4429 1517 4497 Ζήτει
1552 4430 1647 4483 καὶ
1679 4434 1736 4483 ἐν
1769 4431 1847 4502 τῷ

1936 554 2158 608 tentiam
2194 549 2636 614 ostendentibus,
2673 550 2779 604 illis
2816 551 2994 620 placet
3033 550 3318 604 deﬁnitum
3342 565 3517 619 paena:

1936 652 2152 712 tempus
2211 643 2495 708 minuere;
2578 640 2878 711 Scriptura:
2940 642 3213 712 siquidem
3288 640 3519 695 historia

1935 735 2098 790 nobis
2124 734 2483 791 manifestum
2519 733 2778 797 faciente.
2805 735 2951 804 quod
2986 736 3077 804 qui
3108 734 3303 804 majori
3333 734 3520 789 labore

1935 828 2291 895 conlitentur,
2313 843 2409 884 eos
2431 828 2527 884 Dei
2557 829 2997 885 misericordiam
3019 829 3185 884 citius
3206 828 3518 899 apprehen-

1937 920 2091 977 dere.

2006 1012 2279 1084 Tempore
2331 1029 2496 1085 porro
2549 1015 2886 1071 sanctissimi
2936 1013 3264 1085 patriarchae
3326 1012 3524 1081 Lucae,

1938 1105 2113 1161 milite
2155 1108 2395 1176 quodam
2443 1107 2649 1163 eadem
2706 1108 3074 1163 voluntariam
3122 1109 3526 1172 committente,

1939 1197 2237 1267 episcopus
2264 1199 2486 1268 quidam
2517 1208 2640 1269 post
2662 1201 2820 1256 valde
2844 1200 3121 1255 modicum
3141 1210 3362 1271 tempus
3383 1200 3527 1255 datis

1939 1291 2187 1361 scriptis
2218 1292 2624 1347 absolutionem
2676 1292 2753 1347 illi
2805 1294 3102 1355 concessit,
3147 1302 3203 1349 et
3247 1311 3277 1349 a
3321 1292 3530 1365 synodo

1940 1383 2367 1449 condemnatus,
2431 1393 2758 1452 praesentem
2822 1401 3094 1441 canonem
3162 1385 3216 1439 in
3283 1384 3526 1440 medium

1939 1472 2167 1526 attulit:
2201 1472 2296 1526 sed
2347 1487 2673 1543 responsum
2722 1476 2957 1546 accepit,
3007 1477 3153 1546 quod
3188 1476 3530 1531 antistitibus

1941 1579 2273 1619 concessum
2332 1565 2436 1620 fuit
2482 1582 2756 1621 canotmm
2812 1584 3001 1637 pmnas
3054 1570 3136 1623 vel
3183 1584 3387 1638 augere
3450 1567 3531 1621 vel

1942 1654 2236 1721 minuere,
2302 1672 2409 1713 non
2474 1670 2657 1714 autem
2723 1662 3063 1730 inexplorata
3122 1670 3177 1716 et
3241 1670 3533 1733 arrogante

1943 1745 2282 1801 demissione
2356 1748 2472 1811 uti;
2542 1750 2688 1803 unde
2744 1751 2975 1805 militem
3036 1752 3257 1820 quidem
3318 1755 3529 1822 ptenis,

1946 1851 2082 1904 quas
2100 1852 2341 1892 canones
2364 1840 2611 1909 exigunt.
2634 1842 2880 1913 synodus
2899 1844 3157 1911 subjecit,
3193 1846 3262 1899 ab
3287 1847 3531 1900 antistite

1945 1944 2128 1985 autem
2152 1933 2244 2001 jus
2279 1934 2564 2007 exigo-bat,
2600 1952 2795 2005 nempe
2814 1937 2879 1990 ad
2919 1947 3185 1992 statutmn
3221 1947 3433 2007 tempus
3465 1940 3533 1991 ab

1944 2023 2431 2081 administratione
2462 2030 2907 2096 suspensionem.

2023 2117 2253 2187 Magnus
2292 2118 2595 2191 Gregorius
2657 2120 2939 2193 Nyssenns
2986 2124 3040 2177 in
3096 2124 3258 2178 tertio
3296 2139 3530 2185 canone,

1948 2208 2042 2275 lis,
2074 2211 2169 2280 qui
2206 2212 2546 2282 diligentiori
2572 2215 2935 2270 conversione
2962 2217 3045 2269 usi
3076 2215 3299 2281 fuerint,
3330 2218 3530 2288 inquit,

1946 2313 2001 2357 et
2032 2302 2143 2357 vita
2172 2305 2242 2359 ad
2278 2305 2331 2359 id
2356 2308 2506 2375 quod
2541 2308 2745 2361 bonum
2778 2318 2865 2362 est
2889 2310 3127 2364 reditum
3161 2312 3530 2381 ostenderint,

1946 2394 2078 2451 licet
2104 2396 2180 2462 ei,
2208 2398 2301 2467 qui
2334 2399 2637 2470 dispensat,
2672 2416 2770 2471 pro
2800 2404 3037 2459 utilitate
3070 2417 3283 2476 tempus
3314 2417 3533 2461 contra-

1948 2488 2099 2555 here,
2130 2500 2187 2545 et
2208 2492 2444 2547 celerius
2467 2494 2576 2548 illis
2597 2500 3051 2553 communionem
3075 2499 3329 2567 reddere,
3366 2508 3530 2570 prout

1946 2580 2087 2650 ejus,
2118 2585 2207 2638 cui
2237 2586 2444 2641 medela
2477 2590 2799 2655 adhibetur,
2832 2594 3288 2649 constitutionem
3329 2610 3532 2665 appro-

1949 2674 2116 2731 barit.
2147 2676 2620 2744 Quemadmodum
2649 2684 2794 2739 enim
2831 2687 3011 2754 porcis
3045 2690 3370 2758 margaritas
3406 2706 3533 2759 pro-

1942 2767 2118 2838 jicere
2148 2772 2376 2826 vetitum
2406 2782 2511 2837 est,
2546 2775 2617 2829 ita
2646 2787 2701 2830 et
2726 2780 2963 2847 pretiosa
2993 2779 3288 2852 margarita
3311 2785 3529 2852 privare

1949 2862 2217 2931 eum,qui
2269 2861 2381 2930 jam
2436 2878 2533 2935 per
2581 2870 2962 2938 purgationem
3025 2881 3081 2928 et
3138 2874 3527 2931 alienationem

1948 2969 1979 3009 a
2036 2956 2167 3011 vitio
2208 2956 2519 3035 facttts\est
2565 2961 2753 3028 homo,
2789 2965 3090 3019 absurdum
3150 2979 3255 3023 est.
3313 2970 3529 3040 Ubique

1948 3046 2094 3101 enim
2132 3048 2186 3101 in
2223 3051 2433 3119 peccati
2477 3054 2664 3121 specie
2695 3054 2799 3111 hoc
2824 3060 3138 3129 perspicere
3171 3071 3295 3115 ante
3342 3065 3528 3120 omnia

1869 3172 1914 3234 Ο
1950 3138 2227 3204 convenit,
2265 3142 2446 3207 qualis
2480 3152 2563 3198 est
2607 3145 2773 3213 illius,
2831 3150 2919 3203 cui
2958 3151 3167 3206 medela
3208 3153 3528 3224 adhibetur,

1948 3227 2263 3298 dispositio,
2326 3244 2381 3287 et
2439 3250 2548 3290 non
2600 3238 2667 3292 ad
2704 3240 2972 3296 medelam
3022 3245 3269 3303 suﬂicere
3314 3258 3529 3321 tempus

1946 3320 2283 3381 existimare.
2308 3324 2456 3392 (nam
2504 3342 2754 3397 qua-nam
2787 3330 2993 3389 medela
3030 3352 3058 3390 a
3093 3337 3255 3410 179
3288 3320 3532 3412 tempore

1949 3410 2063 3479 fit?)
2095 3414 2187 3469 sed
2236 3416 2383 3472 illius
2413 3419 2786 3489 alfectioncm,
2822 3428 2915 3495 qui
2959 3442 3058 3497 per
3110 3433 3527 3489 conversionem

1948 3504 2051 3557 sibi
2104 3508 2371 3563 medetur.
2409 3510 2502 3565 Est
2535 3529 2683 3573 vero.
2710 3518 2906 3585 inquit,
2940 3520 3189 3586 quaedam
3218 3523 3526 3581 diﬂ'erentia

1951 3594 2002 3647 in
2076 3601 2415 3665 “enitentis:
2473 3607 2711 3669 ratione,
2757 3609 3062 3677 ejusmodi;
3116 3614 3209 3680 qui
3263 3615 3406 3669 enim
3463 3634 3526 3671 ex

1952 3687 2133 3753 seipse
2161 3691 2226 3745 ad
2251 3706 2479 3747 suorum
2515 3707 2866 3764 peccatorum
2890 3702 3295 3759 confessionem
3333 3710 3533 3777 impui-

1950 3796 2047 3835 sus
2077 3792 2181 3845 est,
2209 3800 2276 3839 eo
2320 3790 2463 3855 quod
2494 3806 2593 3843 sua
2642 3803 2836 3863 sponte
2864 3797 3208 3853 occultorum
3241 3812 3530 3857 accusator

1949 3885 2072 3923 esse
2120 3875 2371 3937 voluerit,
2445 3889 2501 3930 ut
2563 3882 2654 3948 qui
2712 3885 2822 3951 jam
2880 3886 3209 3942 medicinam
3268 3890 3532 3947 adhibere

1949 3969 2197 4032 creperit,
2258 3972 2569 4026 mitioribus
2620 3978 2794 4041 pinnis
2841 3979 3157 4034 mult-tatur.
3200 3981 3303 4048 Qui
3349 3996 3530 4041 autem

1950 4056 2006 4109 in
2068 4063 2209 4111 malo
2262 4062 2640 4130 deprehensus
2704 4076 2808 4133 est,
2876 4072 2958 4124 vel
3024 4083 3245 4141 propter
3291 4077 3530 4145 aliquam

1950 4151 2315 4218 suspicionem
2333 4156 2414 4207 vel
2434 4161 2837 4214 acrusationem
2865 4162 3112 4234 ingratiis
3126 4169 3410 4225 convictus
3426 4182 3531 4238 est,

1952 4242 2167 4312 longius
2200 4246 2275 4299 illi
2308 4251 2688 4305 conversionis
2720 4263 2935 4325 tempus
2965 4257 3150 4325 datur,
3186 4270 3244 4314 ut
3273 4262 3531 4333 deinceps

1952 4335 2195 4403 perfecte
2227 4352 2516 4409 purgatus,
2556 4345 2633 4398 sic
2659 4348 2725 4400 ad
2760 4360 3236 4405 sacramentorum
3277 4370 3524 4410 commu-

1955 4427 2171 4483 nionem
2223 4433 2571 4489 admittatur.
2608 4438 2834 4502 Qttreras
2884 4442 2936 4495 in
2988 4443 3056 4496 52
3086 4459 3207 4513 cap.
3261 4446 3454 4500 littera.-
3493 4449 3533 4501 Ε

265 4503 340 4569 ὶρ¹
378 4523 510 4573 κεφ.
546 4508 639 4561 τοι)
676 4510 715 4562 Ε
768 4514 1038 4582 στοιχείου
1091 4518 1291 4571 κανόνα
1326 4523 1424 4573 τοῦ
1470 4523 1710 4591 μεγάλου
1749 4526 1853 4578 Βα-
1883 4513 1915 4568 1]

1883 4513 1926 4568 D
1957 4534 2223 4576 canonem
2251 4522 2319 4579 82
2355 4530 2534 4597 magni
2568 4529 2776 4597 Basilii,
2807 4544 2858 4586 et
2887 4533 2939 4586 in
2991 4534 3061 4590 23
3109 4552 3228 4607 cap.
3265 4537 3459 4592 littera:
3490 4541 3533 4594 Κ

267 4598 469 4651 allatae
512 4599 617 4669 πβ’,
650 4604 745 4656 καὶ
775 4608 833 4658 ὲν
862 4607 941 4676 τῷ
975 4615 1062 4676 κγ’
1091 4626 1217 4678 κεφ.
1249 4613 1340 4665 τοῦ
1365 4614 1411 4665 Κ
1443 4618 1712 4687 στοιχείου
1746 4636 1849 4673 κα-

1954 4612 2200 4680 ejusdem
2233 4623 2408 4672 sancti
2439 4636 2705 4675 canonem
2732 4624 2831 4689 61,
2868 4634 2921 4680 ct
2957 4628 3010 4680 in
3040 4627 3073 4681 8
3109 4643 3231 4697 cap.
3265 4629 3459 4683 litterae
3495 4633 3533 4683 Σ

266 4691 386 4742 viva
435 4691 533 4744 τοῦ
577 4695 742 4749 αὑτοῦ
780 4698 878 4763 52',
915 4701 1009 4754 καὶ⁵
1038 4703 1096 4754 ὲν
1126 4702 1201 4772 τῷ
1234 4703 1282 4775 η’
1313 4723 1440 4775 κειρ.
1489 4708 1585 4760 τοῦ
1629 4712 1667 4762 Σ
1710 4730 1853 4765 στοι-

1950 4704 2198 4772 ejusdem
2262 4724 2527 4765 canOnem
2584 4713 2672 4777 70,
2707 4726 2761 4769 et
2817 4718 2869 4770 in
2940 4719 3011 4773 ‘23
3055 4736 3179 4790 cap.
3237 4722 3433 4776 littera:
3486 4723 3529 4777 Κ

264 4782 411 4849 χείου
447 4786 653 4839 κανόνα
677 4790 771 4841 τοῦ
809 4792 977 4845 αὐτοῦ
1005 4799 1068 4856 ο’,
1086 4798 1178 4848 καὶ
1214 4799 1272 4849 ἐν
1302 4799 1379 4868 τῷ
1404 4800 1487 4868 κγ’
1520 4820 1642 4871 κε’ρ.
1680 4805 1771 4857 τοῦ
1803 4807 1847 4857 Κ

269 4877 542 4947 στοιχείου
576 4882 780 4936 κανόνα
821 4884 856 4935 Γ
861 4888 1128 4957 ρηγορίου
1158 4891 1250 4943 τοῦ
1284 4892 1720 4965 Θαυματουργοῦ
1759 4904 1848 4952 ια’.

347 4970 407 5020 Ὀ
438 4971 496 5022 δὲ
535 4971 678 5035 θεῖος
734 4975 1147 5048 Χρυσόστομος,
1192 4984 1250 5035 ὲν
1291 4986 1369 5054 τῷ
1403 4985 1445 5055 ῤ’
1478 4987 1584 5039 τῶν
1619 4990 1747 5058 περὶ
1778 4992 1851 5043 ἱε-

272 5065 524 5133 ριοισύνης
590 5067 753 5137 λόγῳ,
809 5071 921 5141 Οὐχ
981 5075 1190 5139 ἁπλῶς,
1252 5080 1411 5149 φησὶ,
1467 5083 1600 5150 πρὸς
1635 5085 1695 5135 τὸ
1741 5084 1850 5136 τῶν

270 5155 694 5224 ἁμαρτημάτων
749 5161 950 5231 μέτρον
1001 5165 1085 5218 δεῖ
1127 5168 1227 5237 τὴν
1266 5172 1550 5241 ἐπιτιμίαν
1595 5174 1849 5243 ἐπάγειν,

269 5247 404 5299 ἀλλὰ
438 5249 538 5301 καὶ
575 5254 671 5321 τῆς
705 5252 815 5305 τῶν
852 5255 1286 5327 ἁμαρτανόντων
1324 5265 1683 5334 στοχάζεσθαι
1715 5284 1850 5337 προ-

270 5339 561 5407 αιρέσεως,
607 5345 680 5410 μή
713 5362 840 5397 ποτε
871 5347 1044 5417 ρἀαι
1074 5350 1134 5403 τὸ
1162 5350 1461 5425 διερρωγὸς
1502 5356 1849 5427 βουλόμενος,

273 5433 452 5497 χεῖρον
488 5433 549 5485 τὸ
578 5434 785 5505 σχίσμα
813 5441 1069 5510 ποιήσῃς,
1102 5444 1198 5496 καὶ⁵
1226 5446 1540 5514 ἀνορθῶσαι
1583 5453 1643 5504 τὸ
1674 5469 1848 5505 κατα-

274 5525 563 5587 πεπτωκὸς
600 5528 939 5597 σπουδάζων,
982 5534 1208 5601 μείζονα
1249 5539 1462 5613 ἐργάσῃ
1490 5543 1588 5613 τὴν
1618 5545 1849 5600 πτῶσιν.

276 5619 335 5668 tli
371 5619 480 5689 γὰρ
509 5620 757 5683 ἀσθενεῖς
799 5628 891 5677 καὶ
923 5625 1327 5697 διακεχυμένοι,
1367 5636 1459 5684 καὶ
1492 5634 1551 5685 τὸ
1582 5636 1745 5688 πλέον
1786 5642 1849 5709 τῇ

274 5711 366 5763 τσῦ
405 5716 617 5783 κνισμου
651 5714 925 5783 δεδεμένη
972 5722 1178 5789 τρυφῇ,
1208 5720 1286 5774 ἔτι
1325 5725 1415 5775 καὶ
1447 5725 1541 5778 ἐπὶ
1574 5727 1718 5794 γένει
1760 5734 1853 5781 καὶ

276 5803 566 5882 δυναστεία
628 5807 769 5878 μέγα
825 5814 1046 5882 φρονεῖν
1095 5812 1330 5884 ἔχοντες,
1386 5819 1567 5889 ἠρέμα
1611 5820 1707 5889 μὲν
1760 5826 1852 5876 καὶ

1953 4796 2201 4867 Gregorii
2234 4802 2630 4876 Thaumaturgi
2667 4824 2788 4861 can.
2824 4809 2913 4864 ll.

2024 4983 2190 5040 Divus
2242 4987 2405 5041 etiam
2456 4990 2885 5059 Chrysostomus
2932 4993 2984 5047 in
3028 4995 3063 5047 2
3111 4996 3179 5051 de
3219 4998 3531 5053 sacerdotio

1954 5090 2208 5131 sermone
2239 5116 2253 5140 ,
2292 5076 2411 5132 Non
2462 5080 2811 5149 simpliciter,
2848 5084 3046 5152 inquit,
3086 5085 3154 5141 ad
3206 5087 3528 5144 delictorum

1954 5168 2182 5237 gradum
2211 5171 2468 5225 mulctam
2502 5183 2720 5242 oportet
2756 5187 3034 5243 statuere;
3066 5179 3158 5232 sed
3194 5181 3531 5250 exploranda

1955 5273 2041 5317 est
2085 5264 2427 5330 peccantium
2462 5266 2753 5335 dispositio
2797 5286 2809 5321 :
2859 5286 2925 5322 ne
2955 5270 3085 5323 dum
3140 5287 3409 5329 censuere
3448 5276 3533 5331 vis

1954 5358 2100 5425 quod
2146 5369 2364 5428 ruptum
2395 5371 2498 5425 est,
2537 5363 2838 5415 scissuram
2869 5364 3199 5420 deteriorem
3234 5366 3442 5434 facias;
3468 5382 3533 5423 ac

1955 5449 2107 5513 dum,
2142 5450 2284 5519 quod
2322 5451 2535 5519 lapsum
2556 5461 2661 5516 est,
2682 5456 2892 5523 erigere
2911 5470 2974 5509 ac
2996 5456 3290 5512 emendare
3323 5460 3532 5525 studes,

1957 5558 2145 5596 rasum
2202 5544 2378 5612 ipsum
2440 5546 2706 5612 majorem
2764 5547 2983 5601 reddas.
3035 5547 3168 5601 Nam
3201 5551 3294 5619 qui
3327 5551 3534 5606 inlirmi

1955 5645 2083 5689 sunt
2108 5650 2169 5687 ac
2216 5635 2452 5697 remissi,
2482 5646 2533 5690 et
2567 5653 2762 5707 magna
2795 5653 2862 5691 ex
2910 5652 3063 5707 parte
3100 5641 3286 5694 mundi
3320 5642 3535 5696 deliciis

1958 5728 2257 5798 illaqueati,
2300 5730 2505 5797 quique
2536 5744 2564 5782 a
2613 5732 2830 5798 generis
2871 5732 3115 5785 claritate
3154 5742 3207 5786 et
3264 5736 3530 5803 potentia,

1961 5822 2102 5875 unde
2135 5821 2348 5877 animos
2396 5837 2724 5893 magnopere
2761 5824 2973 5889 tollant,
3025 5826 3226 5881 habent
3266 5842 3279 5879 :
3322 5824 3529 5881 sensim
