4252 6424
259 315 316 377 29
1235 321 1645 382 SYNTAGMA
1699 322 2415 389 ALPHABETICUM.—
2452 326 2530 392 Μ.
3433 335 3504 395 30

257 435 461 504 ἥψαντο,
510 433 755 497 δουλείας
811 434 962 503 ζυγῷ
995 435 1350 505 πιεζόμενοι·
1389 441 1438 491 εί
1485 439 1544 492 δὲ
1595 441 1811 507 τρυφὴν
1841 444 1936 500 At

1841 444 1888 500 Α
1919 441 2197 510 tigerunt:
2269 445 2355 500 sin
2414 463 2541 502 vero
2593 450 2746 504 luxui
2803 452 3037 505 maxime
3089 452 3256 506 dediti
3307 453 3415 506 sint
3448 465 3501 507 et

259 528 363 595 περὶ
393 524 638 588 πλείονος
669 525 987 596 ποιούμενοι
1015 528 1109 581 καὶ
1157 529 1520 600 ἀδδηφαγίαν,
1551 531 1673 584 οὐδὲ
1706 531 1815 584 τῶν

260 617 669 686 μεμολυσμένων
692 620 1019 688 ἀπέσχοντο,
1045 621 1456 691 διαϐέϐληνται,
1498 623 1580 676 διὸ
1624 624 1688 693 δὴ
1720 625 1817 676 καὶ

259 709 591 779 σφοδρότερον
637 712 1158 782 ἐπιτιμηθήσονται.
1218 717 1386 785 Ζήτει
1433 717 1529 770 καὶ
1577 719 1634 770 ὲν
1664 717 1744 786 τῷ
1769 715 1816 770 α’

256 817 359 866 κεφ.
384 801 478 852 τοῦ
506 803 549 853 Δ
585 805 852 873 στοιχείου
877 807 1080 861 κανόνα
1106 807 1148 872 ξ’
1173 807 1273 878 τῆς
1305 810 1363 860 ὲν
1401 808 1647 879 Ἀγκύρᾳ
1693 826 1816 862 συν-

255 909 354 945 ιοου
361 934 372 946 .

376 987 621 1040 ΚΕΦΔΛ.
663 988 766 1041 IA'.
804 991 939 1058 napi
979 992 1179 1061 μίμων
1213 993 1311 1046 καί
1336 994 1673 1061 σκηνικῶν.

321 1081 375 1132 Ὀ
409 1078 483 1147 ξγ¹
512 1082 610 1150 τῆς
664 1085 721 1136 ὲν
782 1085 1122 1154 Καρθαγένῃ
1189 1087 1409 1139 συνόδου
1454 1089 1634 1142 κανὼν
1685 1091 1816 1156 τοὺς

255 1173 431 1241 μίμους
464 1175 559 1226 καὶ
614 1179 930 1245 σκηνικοὺς,
966 1179 1029 1230 ὲκ
1058 1179 1158 1246 τῆς
1200 1179 1490 1249 ἐλληνικῆς
1543 1181 1809 1250 ὡρμημέο

252 1284 358 1328 νους
389 1266 708 1336 θρησκείας,
754 1270 848 1322 καὶ
881 1270 1346 1339 βαπτισαμένους,
1384 1274 1458 1342 μὴ
1511 1274 1819 1340 ἀναγκάζε-

252 1358 361 1410 σθαι
387 1354 540 1421 αὖθις
577 1362 871 1430 παρεγγυᾷ
901 1361 1007 1414 ὑπὸ
1031 1362 1127 1414 τοῦ
1156 1364 1330 1432 δήμου
1358 1363 1429 1416 τὰ
1453 1364 1554 1432 τῆς
1578 1366 1815 1428 παλαιᾶς

255 1453 481 1513 μετιέναι
518 1454 743 1517 κακίας,
777 1455 826 1506 εί
864 1454 959 1505 καὶ
996 1453 1192 1523 ὥσπερ
1217 1473 1272 1507 τι
1317 1455 1697 1526 λειτούργημα
1721 1459 1814 1510 καὶ

1924 536 2232 602 voracitati,
2288 553 2462 608 neque
2503 541 2573 595 ab
2610 543 2842 612 impuris
2873 543 3276 606 abstinuerunt,
3324 546 3501 611 pomis

1915 625 2139 679 obnoxii
2167 637 2334 693 sunt;
2370 642 2708 701 quapropter
2738 643 2790 687 et
2822 635 3057 703 graviori
3105 635 3373 702 supplicio
3401 649 3501 702 pu-

1916 714 2156 770 nieutur.
2187 716 2382 783 Quare
2439 718 2603 775 etiam
2657 723 2710 776 in
2743 724 2764 778 l
2807 725 2987 794 capite
3024 725 3225 778 littera:
3259 726 3299 778 A
3333 740 3500 779 cauo-

1918 821 2040 860 uem
2077 807 2107 859 7
2138 808 2440 881 Ancyranm
2473 815 2691 884 synodi.

2230 987 2382 1041 CAP.
2419 987 2510 1044 XI.
2550 991 2623 1044 De
2651 992 2826 1044 mimis
2858 1001 2907 1046 et
2939 993 3181 1046 scenicis.

1987 1072 2439 1146 Cartliagiueusis
2469 1096 2592 1150 syn.
2618 1081 2690 1136 63
2732 1097 2909 1136 canon
2987 1085 3186 1138 mimos
3232 1090 3286 1138 et
3320 1085 3503 1139 sceni-

1915 1180 2010 1220 cos
2053 1183 2117 1221 ex
2141 1169 2454 1226 Graecorum
2484 1175 2877 1242 superstitione
2909 1192 3207 1231 conversos
3233 1186 3286 1231 et
3318 1177 3500 1246 bapti-

1917 1273 2068 1316 zatos
2099 1279 2128 1316 a
2158 1267 2358 1334 popqu
2386 1268 2666 1336 antiquam
2723 1269 2983 1322 malitiam
3019 1285 3209 1324 rursus
3233 1269 3494 1324 exhibere

1917 1355 2034 1426 cogi
2090 1355 2407 1423 interdicit;
2456 1359 2582 1412 licet
2639 1370 2899 1429 tauquam
2933 1358 3168 1414 ollicium
3206 1361 3419 1430 aliquod
3448 1369 3503 1414 et

1913 1446 2283 1503 inexcusabile
2338 1450 2587 1505 debitum
2634 1451 2800 1505 etiam
2860 1452 3015 1504 inviti
3061 1451 3128 1506 ad
3180 1466 3244 1505 ea
3309 1453 3499 1506 munia

250 1545 606 1614 ἀπαραίτητον
635 1549 802 1615 χρέος
841 1549 936 1600 καὶ
963 1547 1197 1610 ’ἄκοντες
1225 1549 1469 1603 εἴλκοντο
1501 1549 1675 1603 ταῦτα
1700 1552 1817 1604 ὲπι-
1910 1537 1929 1607 .I

1910 1537 2067 1607 juxta
2118 1541 2406 1608 antiquam
2461 1542 2702 1611 aliquam
2729 1543 3184 1598 consuetudinem
3208 1544 3502 1598 traheban-

249 1637 568 1700 ἱείκνυοθαι,
602 1638 746 1690 κατά
771 1654 824 1691 τι
856 1639 1090 1691 παλαιὸν
1115 1640 1254 1702 ἔθος,
1287 1643 1345 1692 ὲν
1371 1643 1494 1704 ταῖς
1526 1642 1813 1709 μεγίσταις

251 1730 331 1780 καὶ
365 1731 600 1797 μάλιστα
650 1731 760 1783 τῶν
795 1731 1030 1793 πόλεων,
1062 1732 1191 1784 ἔνθα
1238 1733 1332 1784 καὶ
1362 1733 1431 1785 τὰ
1485 1734 1689 1803 θέατρα
1721 1730 1808 1805 ἦν.

1916 1639 2029 1695 tur,
2079 1633 2133 1685 in
2187 1635 2397 1702 magnis
2446 1636 2750 1704 praesertim
2786 1636 3124 1698 civitatibus,
3160 1637 3251 1690 ubi
3290 1638 3500 1690 theatra

1916 1720 2163 1776 fuerunt.
2230 1723 2520 1778 Mimorum
2568 1742 2730 1794 porro
2765 1735 2819 1779 et
2869 1728 3234 1789 scenicorum,
3275 1729 3368 1797 qui
3425 1728 3505 1780 di-

250 1822 356 1874 ’[ὦν
380 1823 440 1889 δη
470 1823 651 1891 μίμων
676 1826 769 1874 καὶ
805 1825 1109 1892 σκηνικῶν,
1143 1825 1253 1876 τῶν
1283 1825 1520 1894 διάφορα
1545 1802 1812 1894 πρόσωπα
1843 1802 1889 1861 Β
1921 1832 1929 1858 ‘

1843 1802 2104 1868 Bversas
2173 1817 2384 1870 scilicet
2455 1833 2724 1886 personas
2787 1817 3072 1871 imitantur
3127 1829 3181 1873 et
3243 1820 3504 1874 simulant

247 1914 430 1984 δηλαδὴ
495 1917 855 1986 μιμουμένων
903 1918 998 1970 καὶ
1055 1918 1505 1988 ὑποκρινομένων
1563 1919 1813 1990 (σκηνὴν

247 2009 343 2076 γὰρ
374 2009 593 2076 λέγουσι
635 2011 736 2076 τὴν
769 2008 1110 2080 ὑπόκρισιν),
1148 2011 1275 2072 τοὺς
1315 2011 1414 2078 μὲν
1444 2009 1536 2062 ὑπ’
1566 2009 1691 2078 ὄψιν
1719 2009 1812 2064 τοῦ

244 2101 499 2169 βασιλέως
542 2102 715 2155 ταῦτα
774 2103 1278 2174 ὑποκρινομένους,
1327 2103 1585 2171 ἐντίμους
1631 2103 1812 2172 ἔχουσι

244 2195 330 2261 τῆς
359 2195 631 2259 πολιτείας
667 2198 718 2249 oi
745 2199 901 2266 νόμοι
927 2215 941 2230 ο
968 2197 1106 2264 οἶγε
1137 2197 1244 2266 μὴν
1272 2198 1329 2248 ιν
1353 2196 1697 2266 πανηγύρεσι
1723 2198 1814 2250 καὶ

243 2285 294 2354 δή
304 2304 412 2352 μων
433 2287 624 2350 ἄλλαις
654 2289 908 2355 συνάξεσι
930 2289 1145 2356 γέλωτα
1178 2291 1286 2350 τοῖς
1317 2291 1484 2359 ὁρῶσι
1513 2290 1811 2356 κινοῦντες,

241 2385 339 2443 τοῖς
371 2382 462 2435 ἐπὶ
507 2383 714 2453 κόρῤης
767 2385 1078 2454 ῥαπίσμασι
1132 2385 1227 2436 καὶ
1268 2383 1583 2453 ψοφήμασι,
1627 2384 1814 2454 ἄτιμοι

240 2476 337 2534 sui;
367 2475 550 2543 νόμοις
591 2475 923 2546 λογίζονται.

303 2565 459 2634 Ζήτει
507 2568 566 2618 ὲν
593 2567 670 2637 τῷ
699 2564 748 2636 η’
778 2586 902 2635 κεφ.
946 2567 1042 2620 τοῦ
1079 2570 1115 2620 Δ
1149 2570 1417 2637 στοιχείου
1459 2568 1659 2621 κανόνα
1689 2569 1812 2638 ρκθ¹

241 2653 328 2721 τῆς
359 2656 414 2705 ὲν
451 2657 788 2728 Καρθαγένῃ
815 2658 1060 2720 συνόδου,
1098 2658 1194 2711 καὶ
1219 2660 1277 2711 ἐν
1301 2658 1376 2727 τῷ
1408 2656 1458 2710 α’
1489 2675 1616 2727 κεφ.
1641 2658 1735 2712 τοῦ
1771 2658 1814 2711 Θ

243 2744 505 2810 στοιχείου
540 2748 744 2798 κανόνα
776 2748 855 2798 να¹
888 2745 987 2814 τῆς
1026 2754 1080 2811 ς’
1105 2748 1349 2801 συνόδου.

540 2836 792 2888 ΚΕΦΑΛ.
818 2837 918 2890 ΙΒ’.
961 2837 1100 2904 Περὶ
1130 2835 1506 2907 μισθώσεως.

912 2931 1121 2998 Νόμοι.

311 3019 434 3073 Ἐὰν
463 3023 637 3092 χωρὶς
668 3020 852 3083 αἰτίας
883 3020 1195 3093 καταλείπῃ
1237 3019 1331 3074 τὸν
1357 3021 1527 3091 ἀγρὸν
1553 3023 1580 3074 ὁ
1611 3022 1816 3092 μισθω-

239 3113 483 3179 σάμενος,
520 3111 630 3177 πρὸ
680 3111 1136 3180 συμπληρώσεως
1181 3113 1275 3165 τοῦ
1324 3113 1544 3183 χρόνου,
1593 3116 1814 3168 δίδωσιν

235 3206 348 3257 ὅλου
376 3205 470 3258 τοῦ
505 3205 704 3275 χρόνον
734 3206 827 3257 τὸν
861 3205 1076 3274 μισθόν.

307 3299 366 3352 ’0
399 3299 822 3369 μισθωσάμενος
848 3299 1016 3351 ἵππον
1047 3301 1140 3352 ἐπὶ
1163 3301 1224 3352 τὺ
1251 3301 1524 3371 βαστάσαι
1546 3320 1598 3354 τι
1632 3302 1814 3378 δῆλον,

233 3393 320 3443 καὶ
350 3391 657 3460 βαρύτερον
713 3391 924 3452 ἐπιθεὶς
959 3393 1054 3445 καὶ
1105 3393 1340 3463 βλάψας,
1375 3395 1623 3463 ἐνέχεται
1675 3396 1816 3464 ὑπὲρ

232 3482 322 3552 τῆς
357 3483 593 3553 βλάϐης.

308 3575 433 3628 Ἐὰν
475 3575 755 3643 χρήσηταί
794 3592 880 3636 τις
913 3575 1066 3643 ἵππῳ
1110 3576 1216 3638 ἕως
1263 3575 1573 3646 ὡρισμένου
1604 3579 1814 3639 ⁸τόπου,

231 3668 364 3735 ὑπὲρ
408 3668 466 3720 δὲ
504 3668 700 3720 τοῦτον
738 3669 1024 3740 ἀπενέγκῃ
1058 3671 1088 3737 ἢ
1129 3668 1345 3740 πέμψῃ,
1379 3671 1480 3738 τὴν
1529 3672 1816 3739 ουμόᾶσαν

231 3762 312 3812 ἐπ’
343 3763 493 3829 αὐτῷ
531 3761 742 3832 βλάϐην
773 3763 804 3829 ἦ
855 3762 1108 3823 θάνατον,
1140 3762 1232 3813 τὸν
1267 3762 1614 3831 χρησάμενον
1660 3765 1814 3832 ὀρᾷν,

231 3859 316 3906 καὶ
344 3855 402 3907 τὸ
430 3855 676 3924 ἀζήμιον
709 3854 986 3906 ποιεῖσθαι
1016 3854 1111 3906 τοῦ
1144 3856 1337 3925 κυρίου
1381 3856 1476 3909 τοῦ
1515 3857 1706 3910 ῐππου.

296 4034 367 4086 Ού
396 4036 637 4086 δύναται
663 4036 920 4088 ἐκϐαλεῖν
952 4038 1158 4092 ἄκοντα
1186 4039 1280 4090 τὸν
1331 4038 1754 4107 μισθωσάμενον
1790 4041 1816 4090 ὁ

234 4126 533 4193 μισθώσας,
569 4128 680 4197 πρὸ
705 4128 796 4181 τοῦ
825 4130 1136 4199 ὡρισμένου
1161 4134 1378 4200 χρόνου.
1409 4131 1513 4184 κᾶν
1537 4132 1695 4188 ἄλλος
1721 4133 1816 4184 αὐ-

231 4215 315 4268 τοῦ
345 4218 576 4269 πλείονα
623 4220 901 4292 εἰσαγάγῃ
953 4222 1312 4291 μισθώματα,
1349 4224 1444 4275 καὶ
1493 4224 1560 4275 ἂν
1611 4225 1816 4291 εὐγνω-

234 4314 360 4380 μονῇ
394 4314 612 4374 ἐκεῖνος
643 4313 774 4380 περὶ
805 4311 832 4363 ὃ
862 4313 1184 4382 ὡμολόγησε
1221 4315 1406 4367 δεῦναι
1441 4314 1725 4384 μίσθωμα.

534 4489 792 4542 ΚΕΦΑΛ.
823 4489 923 4543 1Γ’.
963 4492 1099 4558 Περὶ
1133 4496 1489 4560 μνηστείας.

909 4581 1132 4651 Νόμος.

303 4673 360 4728 Ὀ
385 4673 489 4745 τὴν
528 4675 672 4727 ίδίαν
707 4676 958 4745 μνηστὴν
992 4680 1100 4747 προ
1137 4678 1237 4746 τῆς
1271 4678 1433 4748 ἥϐης,
1473 4679 1592 4748 ἦτοι
1624 4679 1717 4731 τοῦ
1749 4687 1816 4748 ιγ’

229 4768 440 4835 χρόνου,
478 4769 743 4836 φθείρας,
778 4771 826 4820 εί
859 4772 960 4839 μὲν
991 4775 1039 4823 οἱ
1066 4772 1167 4841 τῆς
1198 4772 1371 4841 κόρης
1396 4775 1576 4839 γονεῖς
1607 4774 1666 4824 οὑ
1695 4772 1818 4841 βού-

227 4861 402 4913 λονται
424 4863 532 4929 τὴν
553 4862 818 4929 τοιαύτην
846 4863 1103 4919 διαλῦσαι
1134 4864 1459 4933 μνηστείαν,
1491 4866 1816 4932 άναμενέτω

228 4954 314 5004 τοῦ
349 4955 541 5024 γάμου
583 4955 682 5006 τὸν
727 4956 944 5022 χρόνον.
992 4956 1052 5008 Εἰ
1092 4957 1149 5009 δὲ
1184 4956 1270 5008 διὰ
1303 4956 1402 5025 τὴν
1453 4956 1659 5024 φθορὰν
1705 4956 1818 5008 δια-

228 5047 382 5100 λῦσαι
411 5048 733 5116 βούλονται,
762 5049 1325 5120 άπαρεμποδίστωςή
1356 5066 1582 5118 τοιαύτη
1607 5050 1816 5102 λυέσθω

233 5142 520 5207 μνηστεία,
557 5143 662 5194 καὶ
691 5144 717 5193 ὁ
750 5141 988 5209 φθορεὺς
1044 5142 1144 5211 τῆς
1194 5141 1330 5205 ἰδίας
1371 5142 1538 5194 αὐτοῦ
1581 5142 1817 5194 ὑποστάο

233 5252 361 5294 σεως
410 5237 471 5287 τὸ
511 5235 707 5304 τρίτον
745 5237 908 5303 μέρος
946 5235 1022 5303 τῷ
1056 5237 1212 5305 μέρει
1260 5235 1450 5287 διδότω
1493 5236 1590 5301 τῆς
1623 5237 1813 5306 κόρης.

230 5329 380 5399 Ζήτει
421 5332 522 5382 καὶ
549 5329 615 5380 τὸ
655 5335 712 5378 ιε’
746 5345 873 5394 xeo.
903 5327 994 5379 τοῦ
1028 5329 1066 5379 Γ
1107 5331 1398 5398 στοιχείου.

580 5421 838 5473 ΚΕΦΔΛ.
869 5422 964 5473 IA'.
995 5421 1132 5487 Περὶ
1159 5422 1458 5489 μοιχείας.

307 5509 363 5561 '0
416 5510 657 5578 Νύσσης
713 5511 886 5579 μέγας
938 5510 1243 5580 Γρηγόριος
1280 5513 1338 5563 ὲν
1369 5511 1446 5583 τῷ
1489 5513 1560 5565 δι’
1607 5515 1815 5576 κανόνι,

235 5602 452 5669 Ἠρεσε,
491 5602 659 5670 φησὶ,
700 5602 816 5654 τισὶ
857 5600 964 5652 τῶν
995 5601 1427 5672 ἀκριϐεστέρων,
1459 5603 1550 5655 καὶ
1589 5604 1648 5654 τὸ
1679 5603 1818 5657 κατὰ

236 5697 324 5753 τὴν
358 5696 635 5764 πορνείαν
679 5693 1061 5762 πλημμέλημα
1093 5694 1344 5763 μοιχείαν
1375 5691 1515 5747 εἶναι
1548 5696 1814 5764 νομίζειν,

235 5784 358 5840 εότι
415 5788 515 5848 μία
557 5787 717 5843 ἐστὶν
768 5790 798 5850 ἡ
848 5786 1076 5856 νόμιμος
1138 5787 1369 5856 συζυγία
1432 5789 1526 5840 καὶ
1591 5788 1817 5855 γυναικὶ

1925 1905 1941 1966 (
1979 1922 2200 1960 scenam
2233 1909 2379 1962 enim
2427 1909 2834 1964 simulationem
2868 1911 3108 1980 vocant)
3137 1927 3234 1966 eos
3257 1915 3502 1979 quidem,

1921 1998 2012 2065 qui
2037 1999 2091 2051 in
2116 1998 2469 2068 imperatoris
2497 2013 2792 2071 conspectu
2817 2003 2930 2057 haec
2952 2003 3232 2068 simulant,
3263 2004 3504 2058 honora-

1921 2091 2058 2146 biles
2110 2091 2360 2161 jndicant
2396 2095 2542 2164 leges
2597 2094 2822 2161 civiles;
2863 2095 2956 2164 qui
2991 2110 3119 2149 vero
3170 2097 3224 2149 in
3273 2111 3505 2166 congre-

1921 2183 2233 2252 gationibus
2263 2195 2315 2238 et
2351 2186 2474 2240 aliis
2529 2187 2853 2255 populorum
2891 2188 3254 2242 conventibus
3297 2190 3503 2244 mutuis

1921 2273 2239 2328 verberibus
2289 2274 2458 2328 risum
2495 2278 2901 2345 spectatoribus
2935 2286 3177 2342 movent,
3230 2293 3258 2331 a
3287 2279 3502 2348 legibus

1922 2365 2154 2421 infames
2179 2367 2521 2438 jndicantnr.

1995 2545 2190 2612 Quaere
2225 2548 2279 2602 in
2308 2549 2342 2603 8
2369 2550 2548 2620 capite
2574 2551 2770 2607 litterae
2801 2555 2838 2605 Δ
2867 2568 2991 2607 can.
3032 2554 3134 2608 HS
3183 2551 3501 2622 Cartliagin.

1923 2655 2072 2709 syn.,
2109 2648 2164 2693 et
2222 2640 2275 2694 in
2331 2644 2509 2711 primo
2543 2645 2719 2713 capite
2772 2646 2969 2700 litterae
2998 2644 3041 2699 Θ
3071 2661 3196 2701 can.
3234 2647 3298 2702 51
3358 2658 3500 2701 sext.

1921 2731 2138 2801 synodL

2331 2824 2489 2880 CAP.
2516 2826 2633 2882 ΧΙΙ.
2667 2829 2741 2883 De
2773 2831 3085 2886 elocutione.

2618 2920 2800 2991 Leges.

2000 3011 2057 3065 Si
2094 3011 2397 3067 conductor
2420 3023 2546 3066 ante
2570 3022 2784 3083 tempus
2815 3017 3200 3073 eonductionis
3227 3020 3500 3088 expletum

1923 3107 2040 3160 sine
2075 3120 2240 3159 causa
2275 3105 2504 3159 fundum
2550 3106 2883 3174 deseruerit,
2920 3110 3088 3164 totius
3117 3113 3379 3181 temporis
3420 3129 3505 3166 re-

1838 3171 1882 3233 C
1917 3198 2088 3251 ditum
2122 3198 2403 3267 persolvit.

1990 3290 2047 3345 Si
2083 3293 2204 3360 quis
2242 3308 2445 3361 equum
2474 3293 2813 3347 conduxerit.
2856 3293 2924 3348 ad
2956 3305 3165 3350 certum
3205 3312 3347 3351 onus
3373 3313 3502 3366 por-

1921 3385 2431 3455 tandum,eumque
2460 3389 2702 3457 graviori
2747 3404 2914 3443 onere
2963 3389 3218 3458 imposito
3271 3391 3497 3452 lzeserit,

1918 3494 1980 3531 ex
2012 3480 2213 3532 duntno
2245 3489 2486 3534 tenetur.

1993 3571 2046 3624 Si
2078 3574 2202 3640 quis
2236 3575 2300 3627 ad
2336 3576 2513 3628 locum
2548 3593 2719 3645 usque
2752 3577 3096 3648 designatum
3147 3580 3500 3633 commodato

1919 3667 2190 3732 acet-perit
2240 3683 2438 3734 equum
2470 3708 2485 3726 ,
2525 3671 2664 3722 ultra
2688 3681 2869 3724 autem
2903 3673 3053 3724 illum
3093 3674 3172 3724 vel
3209 3673 3380 3740 egerit
3420 3673 3500 3723 vel

1919 3759 2151 3820 miserit,
2181 3760 2246 3811 de
2281 3760 2481 3811 damno
2521 3762 2600 3813 vel
2653 3774 2849 3820 morte.
2875 3778 2995 3831 qua:
3045 3763 3118 3815 illi
3182 3767 3500 3830 contingere

1919 3851 2142 3920 possint,
2196 3851 2390 3905 viderit
2441 3852 2578 3920 ipse,
2629 3854 2721 3922 qui
2781 3865 2973 3908 mutuo
3027 3858 3276 3924 accepit;
3313 3864 3387 3916 et,
3447 3868 3504 3908 ut

1917 3945 2041 4013 equi
2070 3945 2325 3998 dominus
2365 3947 2636 3999 indemnis
2678 3949 2769 4012 sit,
2804 3963 2995 4001 curare
3033 3959 3269 4002 tenetur.

1991 4035 2220 4090 Locator
2271 4049 2398 4091 ante
2422 4042 2777 4091 constitutum
2842 4049 3059 4106 tempus
3112 4039 3499 4092 conductorem

1919 4128 2147 4180 invitum
2206 4129 2406 4196 ejicere
2444 4145 2549 4183 non
2624 4140 2841 4200 potest,
2903 4132 3029 4184 licet
3077 4132 3218 4184 alius
3269 4131 3504 4198 majores

1919 4221 2011 4274 illo
2034 4223 2242 4275 dederit
2267 4225 2596 4291 pensiones;
2624 4227 2667 4278 si
2700 4226 2931 4280 libenter
2959 4226 3122 4278 etiam
3157 4227 3500 4295 pensionem,

1915 4313 1981 4367 de
2016 4328 2121 4381 qua
2164 4316 2304 4382 pacti
2361 4325 2509 4377 sunt,
2569 4317 2799 4370 dederit.

2202 4405 2360 4475 183
2394 4405 2547 4459 CAP.
2582 4405 2725 4460 XIII.
2760 4407 2831 4459 De
2861 4407 3217 4476 sponsalibus.

2641 4497 2768 4553 Lex.

1992 4589 2094 4655 Qui
2149 4606 2304 4645 suam
2353 4607 2612 4661 sponsam
2677 4602 2802 4645 ante
2856 4601 3071 4644 aetatem
3112 4633 3125 4654 ,
3166 4591 3376 4645 scilicet
3436 4591 3502 4645 15

1920 4699 2216 4747 annorum,
2251 4684 2428 4746 vitiat,
2464 4685 2508 4738 si
2549 4683 2770 4751 quidem
2823 4684 3051 4749 virginis
3085 4696 3338 4752 parentes
3390 4683 3504 4736 lucc

1919 4777 2200 4846 sponsalia
2255 4777 2564 4831 dissolvere
2629 4777 2844 4837 uolunt,
2896 4776 3227 4828 matrimonii
3287 4785 3504 4840 tempus

1920 4878 2228 4938 exspectet.
2265 4870 2366 4923 Sin
2418 4885 2549 4922 vero
2585 4879 2805 4938 propter
2855 4870 3262 4937 corruptionem
3313 4868 3501 4922 volunt

1920 4962 2244 5025 dissolvere,
2287 4964 2405 5017 sine
2458 4963 2857 5033 impedimento
2904 4962 3173 5031 ejusmodi
3226 4963 3502 5030 Spttttsalm

1920 5055 2317 5118 dissolvantur,
2377 5067 2430 5110 et
2489 5065 2782 5124 corruptor
2845 5055 3109 5123 suiipsins
3179 5053 3501 5108 substantia:

1924 5150 2138 5201 tertiam
2173 5158 2380 5217 partem
2413 5151 2638 5219 virginis
2672 5150 2810 5218 parti
2844 5150 2956 5204 del.
3002 5148 3196 5214 Quaere
3225 5161 3278 5202 et
3312 5148 3376 5201 15
3409 5164 3500 5201 ca-

1923 5248 2018 5308 put
2050 5240 2238 5294 littera:
2270 5241 2329 5293 Γ.

2329 5420 2479 5474 CAP.
2517 5419 2652 5474 XIV.
2688 5419 2760 5473 De
2791 5419 3078 5473 adulterio.

1991 5510 2218 5579 Magnus
2238 5511 2535 5581 Gregorius
2559 5513 2836 5582 Nysscuus
2860 5513 2912 5564 in
2933 5512 3091 5565 tertio
3112 5511 3228 5580 ejus
3253 5525 3460 5565 canone
3483 5549 3498 5571 ,

1925 5603 2158 5664 Placuit.
2199 5604 2400 5674 inquit,
2430 5604 2781 5657 subtiliorum
2815 5603 3092 5656 nonnullis
3129 5603 3289 5655 etiam
3331 5601 3502 5652 forni-

1922 5696 2158 5750 cationis
2179 5704 2463 5764 peccaturo
2494 5695 2824 5748 adulterium
2859 5710 2980 5748 esse
3009 5695 3500 5760 existituar.c,quo«

1925 5789 2070 5843 uiam
2101 5806 2209 5846 una
2241 5799 2326 5844 est
2361 5789 2599 5859 legitima
2629 5789 2963 5858 conjuncti",
2995 5802 3047 5845 ct
3079 5789 3325 5844 mulieris
3371 5803 3494 5843 cum
