4252 6424
238 313 292 384 33
1213 318 1618 380 SYN’TAGMA
1655 317 2285 378 ALPHABETICUM.
2323 340 2387 353 -—
2430 307 2505 364 Ill.
3379 318 3458 392 μ

235 432 282 482 οὐ
307 428 528 490 δέδοται.
557 434 699 484 κατὰ
732 431 823 485 τὸν
862 434 1151 486 κελεύοντα
1186 430 1252 499 ιη’
1293 432 1654 485 ἀποστολικὸν
1681 449 1777 485 κα·
1806 439 1853 494 Α
1881 446 1908 483 a

1806 433 2242 499 Aapostolicum
2302 447 2425 484 can.
2467 430 2560 496 qui
2607 432 2784 499 jubet,
2839 446 2964 485 cum
3010 431 3180 498 ejecta
3232 432 3457 486 muliere

235 521 359 584 νόνα,
393 523 466 590 μὴ
499 524 749 590 ἱερᾶσθαι
784 527 874 576 τὸν
904 525 1299 594 διαϐεϐλημένῃ
1333 526 1552 591 γυναικὶ
1599 540 1780 576 συνοι-

236 615 429 676 κοῦντα,
471 614 530 667 ὃν
563 618 656 668 καὶ
713 617 866 685 ζήτει
917 621 974 670 ἐν
1011 617 1085 686 τῷ
1108 619 1148 670 δ’
1191 616 1384 685 κεφαλ.
1437 616 1528 668 τοῦ
1566 616 1604 668 Γ
1633 631 1779 666 στοι-

234 708 382 775 χείου.

300 799 351 849 Ὀ
374 797 428 849 δὲ
467 797 638 865 μέγας
667 797 947 857 Βασίλειος
1004 800 1062 850 to
1090 798 1166 867 τῷ
1188 798 1260 850 λδ¹
1289 800 1495 862 κανόνι,
1524 799 1636 862 Τὰς
1664 818 1782 868 μοιο

236 888 523 953 χευθείσας,
557 892 712 955 φησὶ,
740 891 835 941 καὶ
856 888 923 941 δι’
959 889 1245 942 εὐλάϐειαν
1273 891 1367 942 καὶ
1396 892 1487 942 τὸν
1517 891 1619 956 τῆς
1651 892 1779 958 μελ-

235 980 410 1047 λούσης
439 979 670 1048 κρίσεως
701 981 866 1047 φόίον
902 982 996 1051 τὴν
1029 984 1304 1051 ἁμαρτίαν
1353 982 1782 1050 ἐξομολογουμέ·

233 1072 390 1140 νας,ἦ
424 1073 520 1124 καὶ
566 1073 817 1126 ὁπωσοῦν
849 1074 1214 1144 ἐλεγχομένας
1253 1076 1356 1126 ὑπό
1393 1092 1450 1126 τε
1484 1075 1577 1127 τοῦ
1607 1075 1778 1140 δγκου

238 1164 371 1232 τυχὸν
436 1167 538 1233 τῆς
591 1165 852 1235 γαστρὸς,
905 1167 938 1234 ἢ
980 1168 1080 1219 καὶ
1127 1167 1236 1219 ἀπὸ
1297 1166 1393 1220 τοῦ
1447 1167 1508 1220 τὸ
1584 1169 1780 1236 βρέφος

232 1257 523 1316 ἀποτεκεῖν,
581 1257 864 1326 ἀποδήμου
898 1255 991 1309 τοῦ
1045 1259 1176 1311 ἰδίου
1211 1258 1362 1319 δντος
1416 1257 1634 1328 ἀνδρὸς,
1681 1257 1782 1309 οὐκ

233 1348 416 1412 ἔφασαν
446 1347 553 1398 δεῖν
587 1348 636 1399 οι
665 1348 911 1418 Πατέρες
939 1349 1144 1409 ταύτας
1185 1349 1560 1417 δημοσιεύειν⁹
1592 1351 1655 1402 ἐκ
1685 1347 1781 1402 τοῦ

231 1438 339 1498 τοὺς
360 1438 560 1501 τόπους
572 1439 682 1491 τῶν
705 1440 1000 1508 ἐπιτιμίων
1021 1440 1352 1508 ἀναγκάζειν
1374 1442 1541 1506 αὑτὰς
1564 1427 1781 1506 διῖέναι,

231 1529 306 1581 τὸν
336 1528 427 1581 τοῦ
481 1531 901 1599 προσκλαίοντός
931 1550 1110 1602 -φημι,
1143 1533 1236 1587 τοῦ
1284 1534 1658 1604 ἀκροωμένου,
1686 1534 1784 1586 καὶ

230 1620 308 1674 τοῦ
335 1623 760 1687 ὑποπίπτοντος,
793 1625 882 1678 ἵνα
905 1627 980 1694 μὴ
1013 1627 1246 1679 θανάτου
1271 1627 1454 1679 αἰτίαν
1489 1627 1786 1696 παράσχω-

232 1732 318 1778 μεν
345 1714 745 1784 ἐλεγχθείσαις.
788 1716 849 1770 Ὀ
876 1718 986 1786 γὰρ
1011 1718 1108 1785 τῆς
1133 1717 1390 1786 τοιαύτης
1413 1721 1554 1788 ἀνὴρ
1613 1717 1785 1782 ἐξιοῦο-

1887 523 2238 575 matrimonio
2299 523 2654 590 cunjuncuuu
2725 540 2832 575 non
2905 523 3017 575 ﬁeri
3078 523 3453 590 sacerdotem;

1880 629 2042 684 quem
2072 613 2235 668 etiam
2265 630 2480 682 quaeras
2509 615 2562 667 in
2594 614 2626 666 4
2651 630 2772 683 cap.
2809 616 2889 668 lit.
2923 617 2983 669 Γ.

1955 794 2181 863 Magnus
2217 793 2451 848 Basilius
2485 795 2538 847 in
2577 794 2645 847 δι
2691 809 2837 857 eam,
2864 795 3147 849 Adulterio
3197 795 3456 864 pollutas,

1883 887 2087 955 inquit,
2118 897 2170 940 et
2202 888 2273 939 ob
2305 888 2558 954 pietatem
2589 899 2644 942 et
2671 888 2842 942 futuri
2864 890 3054 955 judicii
3091 901 3289 944 metum
3329 905 3456 957 pec:-

1881 991 2062 1033 catum
2092 983 2440 1044 conﬁtentes,
2492 982 2574 1033 vel
2606 982 3106 1048 quomodocunque
3150 982 3453 1042 convictas,

1887 1071 2051 1124 veluti
2084 1071 2153 1124 ab
2190 1071 2330 1125 uteri
2370 1082 2604 1134 tumore,
2657 1071 2738 1124 vel
2774 1072 2938 1124 etiam
2971 1072 3040 1126 ab
3069 1073 3216 1125 edito
3275 1081 3454 1140 partu,

1882 1163 2008 1216 dum
2047 1163 2226 1215 mariti
2276 1177 2466 1216 earum
2516 1163 2674 1231 longe
2703 1163 3139 1231 peregrinantur,
3177 1164 3456 1231 publicare

1885 1270 1990 1307 non
2025 1254 2272 1309 siverunt
2314 1255 2503 1310 l'atres
2553 1258 2750 1316 nostri,
2798 1269 3081 1321 [ruinarum
3134 1257 3283 1310 locos
3335 1256 3455 1308 illas

1883 1346 2094 1414 ingredi
2151 1347 2414 1416 cogendo,
2473 1346 2652 1402 ﬂentis
2713 1348 2985 1406 videlicet.
3047 1347 3344 1410 audientis,
3401 1359 3455 1400 rt

1884 1440 2144 1494 substrati
2167 1482 2181 1504 ,
2218 1455 2283 1494 ne
2314 1440 2580 1495 convictis
2617 1441 2808 1495 mortis
2841 1455 3062 1494 causam
3098 1439 3454 1508 praebeamus.

1885 1531 2034 1583 Illius
2065 1532 2208 1583 enim
2241 1532 2491 1595 maritus,
2517 1535 2686 1601 ipsam
2723 1543 2870 1586 extra
2902 1533 3149 1587 ecclesim
3191 1532 3455 1586 ambitum

1883 1638 2173 1679 exeuntem
2202 1627 2411 1691 videns,
2449 1643 2572 1681 cum
2605 1629 2670 1681 iis
2696 1630 2789 1695 qui
2839 1630 3017 1697 paruis
3058 1627 3452 1696 subjiciuntur,

1885 1727 1937 1770 et
1966 1716 2438 1771 manifestioribus
2466 1718 2806 1772 testimoniis
2827 1734 2934 1771 non
2960 1733 3149 1786 egens.
3173 1720 3315 1787 quod
3346 1734 3459 1772 ma-

228 1822 315 1855 εαν
363 1809 459 1874 τῆς
513 1807 809 1875 ἐκκλησίας
857 1809 1000 1874 ὁρῶν
1057 1808 1195 1876 μετά
1243 1809 1352 1862 τῶν
1386 1811 1444 1862 ἐν
1483 1809 1781 1877 ἐπιτιμίοις
1814 1797 1902 1860 Βι

1776 1797 1855 1866 ξΒ
1885 1809 2122 1861 trimonii
2185 1810 2330 1876 leges
2391 1810 2638 1872 violavit,
2679 1811 2868 1862 statim
2922 1810 3069 1863 illam
3116 1811 3402 1864 interﬁciet
3440 1827 3455 1864 :

229 1896 396 1958 ἱντων,
449 1899 542 1950 καὶ
580 1901 1053 1969 περιφανεστέρας
1103 1902 1163 1952 ού
1207 1900 1420 1970 δεηθεὶς
1474 1901 1782 1972 μαρτυρίας

227 1990 303 2042 τοῦ
331 1993 417 2043 τὸν
448 1993 627 2061 γάμον
674 1994 822 2062 αύτῷ
860 1995 1206 2064 διορυγῆναι,
1241 1995 1443 2048 αὐτίκα
1489 1994 1785 2062 διαχρήσε-

232 2098 304 2134 ιαι
350 2084 598 2154 ταύτην⁸
649 2085 864 2148 Μεστὺς
922 2085 1032 2156 γὰρ
1066 2085 1251 2152 ζήλου,
1310 2085 1453 2139 κατά
1502 2084 1594 2139 τδν
1621 2084 1782 2138 Σολο-

226 2175 419 2239 μῶντα,
457 2177 628 2245 θυμὸς
676 2179 865 2246 ἀνδρὸς
919 2181 1087 2248 αὐτῆς
1113 2195 1128 2209 ο
1163 2179 1340 2252 ταύτῃ
1391 2197 1473 2233 τοι
1508 2182 1600 2232 καὶ
1631 2178 1783 2230 συνί-

1890 1901 2083 1969 plenus
2117 1901 2263 1954 enim
2316 1902 2453 1962 zelo,
2496 1902 2649 1970 juxta
2685 1901 3056 1965 Sa!omonem,
3096 1905 3312 1957 animus
3356 1903 3455 1955 viri

1892 1993 2086 2061 ipsius.
2144 1993 2377 2060 Ideoque
2429 1994 2732 2048 consistere
2765 1996 2990 2063 quidem
3037 2011 3160 2050 cum
3209 1995 3457 2049 ﬁdelibus

1889 2086 2240 2146 ordinarunt,
2289 2093 2342 2137 et
2399 2100 2510 2142 una
2553 2088 2760 2154 precari
2797 2087 3006 2157 absque
3049 2091 3454 2151 communione,

1887 2175 2066 2229 donec
2095 2175 2368 2242 expletum
2403 2175 2568 2231 fuerit
2596 2179 2927 2245 poenitentiae
2964 2188 3197 2248 tempus.

227 2269 444 2323 στασθαι
498 2272 613 2332 τοῖς
659 2273 874 2332 πιστοῖς
929 2271 1226 2336 ἐπέταξαν,
1277 2271 1373 2324 καὶ
1423 2269 1784 2341 συνεύχεσθαι
1818 2268 1992 2340 χωρὶς
2029 2266 2332 2333 κοινωνίας,
2363 2267 2520 2338 ἄχρις
2556 2269 2623 2324 ἂν
2652 2270 2679 2323 ό
2731 2271 2832 2340 τῆς
2902 2272 3191 2342 μετανοίας
3267 2271 3456 2343 χρόνος

224 2367 551 2437 ἑκμετρηθῇ.

298 2458 383 2510 Ἐν
405 2459 462 2511 δέ
497 2458 574 2528 τῷ
594 2458 694 2522 λζ’,
733 2460 793 2512 Ὀ
822 2459 1081 2533 ἀλλοτρίᾳ
1108 2464 1345 2532 γαμετῇ,
1378 2463 1412 2531 ἢ
1444 2477 1788 2532 μεμνηστευ-

228 2549 356 2620 μένῃ
385 2551 563 2618 ἐτέρῳ
597 2550 1093 2620 συμφθειρόμενος,
1127 2551 1244 2618 καὶ,
1295 2553 1432 2621 μετά
1463 2552 1522 2605 τὸ
1552 2554 1785 2623 ἀφαιρε-

227 2641 372 2704 θῆναι
422 2642 655 2710 ταύτην,
707 2646 919 2712 γαμετῇ
991 2645 1343 2714 συνοικήσας.
1401 2644 1496 2698 ἀπὶ
1552 2643 1653 2712 l“tv
1716 2645 1782 2714 τῇ

224 2735 408 2802 πρώτῃ
464 2734 712 2803 μοιχείαν
742 2734 1144 2804 ἐγκληθήοεται
1169 2756 1186 2768 -
1226 2736 1319 2787 ἐπὶ
1343 2735 1399 2787 δέ
1424 2737 1492 2804 τῇ
1553 2735 1785 2805 δευτέρᾳ

223 2823 545 2890 ἀνέγκλητος
579 2827 750 2885 ἔσται,
787 2827 1051 2897 ἐλευθέρᾳ
1082 2827 1219 2899 οὔσῃ
1252 2828 1465 2896 ἀνδρός.

298 2913 382 2965 Ἐν
427 2915 486 2966 δὲ
531 2915 610 2984 τῷ
637 2916 735 2976 λθ’,
781 2916 839 2970 ἸΙ
883 2916 963 2985 τῷ
1019 2917 1193 2987 μοιχῷ
1257 2918 1475 2981 συζῶσα
1539 2917 1781 2986 μοιχαλίς

221 3004 348 3068 ἐστι,
375 3005 538 3074 φησὶ,
583 3007 863 3060 τουτέστιν
893 3008 925 3075 ἡ
963 3007 1313 3075 μοιχευθεῖσά
1360 3024 1487 3070 τινι,
1517 3008 1609 3060 καὶ
1644 3007 1782 3075 μετά

1958 2454 2014 2508 In
2039 2453 2107 2508 37
2143 2469 2272 2508 vero
2309 2452 2450 2518 :Qui
2479 2453 2722 2510 alienam
2758 2472 2979 2510 uxorem
3015 2459 3095 2511 vel
3135 2459 3297 2511 alicui
3361 2461 3457 2511 do-

1887 2557 2206 2616 sponsatam
2225 2550 2546 2618 corrumpit,
2567 2559 2620 2602 et
2651 2560 2939 2617 postquam
2965 2566 3027 2603 ea
3057 2552 3233 2605 ablata
3269 2551 3456 2614 fuerit,

1888 2652 2112 2691 uxorem
2145 2638 2319 2703 ducit,
2352 2641 2406 2693 in
2435 2642 2607 2709 prima
2639 2642 2854 2710 quidem
2887 2643 3136 2697 adulterii
3173 2646 3459 2698 accusabi-

1886 2737 2002 2796 tur;
2044 2730 2096 2784 in
2128 2735 2367 2786 secunda
2408 2743 2589 2787 autem
2650 2748 2774 2788 reus
2805 2749 2910 2789 non
2945 2746 3157 2805 agetur,
3198 2754 3368 2792 uxore
3424 2754 3454 2792 a

1891 2823 2008 2876 viro
2044 2822 2236 2876 libera.

1961 2913 2019 2966 ln
2051 2915 2118 2968 59
2149 2917 2336 2977 etiam,
2381 2913 2513 2979 Quae
2562 2917 2713 2977 vivit,
2760 2918 2955 2986 inquit,
3009 2935 3133 2974 cum
3183 2922 3452 2987 adultero,

1891 3005 2137 3058 adultera
2175 3016 2293 3070 est;
2348 3008 2396 3060 id
2429 3019 2536 3070 est,
2590 3025 2712 3077 quae
2767 3024 2890 3064 cum
2937 3013 3115 3080 aliquo
3151 3014 3453 3068 adulterata

218 3096 445 3148 Θάνατον
474 3096 570 3150 τοῦ
605 3100 834 3167 νομίμου
863 3099 1056 3168 ἀνδρος
1083 3097 1161 3164 τῷ
1199 3098 1372 3169 μοιχῷ
1398 3140 1412 3163 ,
1444 3103 1592 3167 νόμῳ
1624 3098 1787 3167 δῆθεν
1816 3075 1857 3130 C
1892 3118 1897 3144 ι

1773 3075 1857 3148 ιθ
1892 3107 1992 3158 est,
2040 3108 2094 3150 et
2138 3108 2260 3166 post
2291 3099 2515 3167 legitimi
2557 3102 2642 3154 sui
2679 3103 2858 3156 mariti
2903 3116 3133 3158 mortem
3180 3107 3452 3170 adultero,

215 3189 390 3254 γάμου
425 3192 651 3256 μιγεῖσα
675 3207 686 3217 ·
736 3189 796 3242 ού
832 3190 942 3260 γὰρ
989 3195 1354 3258 συγχωρεῖται
1394 3191 1571 3258 τούτῳ
1612 3205 1786 3242 συνοι-

217 3281 322 3330 κεῖν
367 3281 399 3349 ἠ
453 3279 708 3348 τοιαύτη,
741 3279 866 3333 οὗτε
919 3282 1072 3350 παρὰ
1126 3283 1232 3334 τῶν
1292 3283 1388 3351 τῆς
1435 3284 1782 3350 Ἐκκλησίας,

212 3371 328 3423 οὔτε
376 3373 534 3440 παρὰ
580 3373 687 3424 τῶν
728 3373 1025 3425 πολιτικῶν
1060 3373 1242 3443 νόμων
1266 3390 1282 3406 ο
1315 3376 1409 3426 καὶ
1457 3377 1506 3426 εί
1549 3377 1622 3444 μὴ
1654 3377 1786 3428 ἀπο-

214 3463 390 3529 σταίη,
424 3464 487 3514 ού
525 3463 708 3514 λύεται
739 3463 939 3532 ταύτης
963 3465 996 3532 ἡ
1030 3464 1301 3532 ἁμαρτία,
1335 3466 1427 3517 καὶ
1467 3467 1516 3516 εί
1543 3466 1633 3516 τὸν
1665 3467 1783 3535 χρό-

209 3568 293 3602 νον
317 3555 633 3605 ὲκτελέσειε
677 3553 786 3608 τῶν
813 3555 1127 3622 ἐπιτιμίων.
1159 3556 1322 3624 Ζὴτει
1350 3556 1444 3608 καὶ
1470 3556 1532 3608 τὺ
1565 3563 1604 3608 ε’
1650 3573 1778 3625 κερ.

209 3642 295 3694 τοῦ
327 3645 366 3695 Γ
397 3646 705 3715 στοιχείου,
729 3646 863 3698 ἀλλὰ
888 3648 952 3715 δὴ
980 3650 1070 3700 καὶ
1101 3648 1160 3701 τὸ
1191 3656 1285 3710 ις’.

879 3741 1080 3807 Νόμοι.

279 3829 337 3880 '0
369 3830 466 3880 ἐπὶ
491 3830 708 3899 μοιχείᾳ
745 3832 1000 3896 γυναικὸς
1031 3830 1430 3900 κατηγορηθεὶς
1465 3831 1526 3883 ού
1555 3831 1781 3886 δύναται

205 3935 230 3969 τ
243 3920 406 3988 αύτην
438 3923 696 3990 γαμετὴν
725 3921 1050 3988 ἀγαγέσθαι.

267 4015 488 4075 Πάντας
549 4015 666 4066 ὅσοι
715 4015 812 4076 τὰς
847 4017 1110 4080 γυναῖκας
1168 4013 1347 4065 αὐτῶν
1390 4016 1780 4084 μοιχευομένας

204 4106 553 4172 εὑρίσκοντες
587 4105 662 4174 μὴ
692 4105 1004 4169 ἀπολύουσι,
1041 4106 1398 4173 τιμωρεῖσθαι
1460 4105 1776 4171 κελεύομεν.

206 4194 579 4262 [lup-1060326;
645 4194 969 4263 ἐστινὸτὴν
1016 4195 1209 4247 ἐαυτοῦ
1267 4197 1512 4263 γαμετὴν
1567 4212 1782 4264 μοιχευ-

202 4286 379 4338 θεῖσαν
419 4286 499 4354 μὴ
540 4285 839 4348 ἀπολύσας,
871 4286 932 4336 ού
990 4287 1095 4354 μὴν
1125 4289 1151 4336 ὁ
1184 4284 1355 4353 ψιλῶς
1407 4285 1776 4348 ὑποπτεύσας.

259 4376 425 4427 Ἀλλὰ
447 4375 644 4438 τανῦν,
676 4377 769 4426 καὶ
797 4377 933 4442 μετὰ
967 4377 1064 4444 τὴν
1093 4377 1413 4443 καταδίκην,
1472 4376 1693 4428 δύναται
1749 4377 1776 4425 ὁ

1891 3188 2226 3242 matrimonii
2251 3189 2463 3243 scilicet
2497 3190 2631 3260 lege,
2666 3192 2955 3260 conjuncta
2985 3205 3088 3248 est.
3143 3194 3260 3250 Non
3305 3199 3449 3251 enim

1890 3277 1980 3330 illa
2007 3293 2110 3332 una
2140 3295 2260 3333 cum
2291 3295 2356 3332 eo
2377 3282 2560 3334 vivere
2583 3283 2942 3348 permittitur,
2971 3300 3146 3353 neque
3174 3289 3243 3340 ab
3275 3288 3451 3342 eccle-

1888 3368 2127 3423 siasticis
2151 3384 2327 3438 neque
2361 3385 2388 3422 a
2424 3371 2682 3428 civilibus
2714 3373 2949 3441 legibus,
2980 3385 3036 3429 et
3069 3378 3171 3430 nisi
3197 3379 3448 3443 desistat,

1885 3462 2004 3526 ejus
2033 3469 2316 3529 peccatum
2348 3477 2460 3516 non
2488 3463 2741 3526 solvitur,
2773 3465 2896 3520 licet
2929 3480 3211 3533 pinnarum
3238 3477 3452 3538 tempus

1884 3548 2196 3618 perfecerit.
2229 3550 2420 3617 Quaere
2453 3562 2507 3608 et
2537 3552 2571 3606 ὅ
2603 3568 2728 3624 cap.
2758 3554 2843 3610 lit.
2872 3554 2934 3622 Γ,
2965 3558 3100 3626 quin
3134 3568 3189 3613 et
3224 3559 3308 3613 l6.

2554 3728 2736 3797 Leges.

1957 3817 2060 3885 Qui
2094 3821 2345 3874 adulterii
2407 3837 2530 3876 cum
2562 3822 2791 3877 muliere
2831 3823 3108 3878 commissi
3136 3837 3446 3889 accusatur,

1884 3909 2029 3963 illam
2068 3927 2291 3966 uxorem
2325 3914 2525 3968 ducere
2554 3929 2661 3968 non
2694 3925 2894 3983 potest.

1951 4001 2273 4072 Quicunque
2299 4019 2496 4058 uxores
2527 4021 2656 4061 suas
2680 4007 2991 4060 adulterare
3015 4008 3446 4077 deprehendunt,

1882 4103 1934 4147 et
1954 4109 2058 4147 non
2088 4096 2389 4158 dimittunt,
2410 4097 2589 4164 puniri
2604 4098 2989 4166 eosjuhemus.
3014 4099 3161 4153 Leno
3179 4102 3323 4154 enim
3341 4110 3445 4164 est,

1881 4186 1972 4252 qui
2007 4185 2282 4255 propriam
2311 4203 2466 4240 suam
2499 4202 2724 4241 uxorem
2767 4188 3126 4242 adulteratam
3187 4206 3296 4243 non
3366 4193 3451 4244 di-

1883 4278 2084 4342 mittit;
2142 4293 2249 4330 non
2283 4294 2410 4332 vero
2461 4280 2556 4348 qui
2611 4289 2821 4334 tantum
2858 4293 3165 4350 suspectam
3201 4284 3381 4337 habet.

1949 4369 2105 4423 Nunc
2141 4381 2344 4435 autem,
2390 4381 2443 4424 et
2477 4383 2599 4438 post
2629 4373 3170 4435 condemnationem,
3199 4376 3280 4428 vir
3309 4390 3447 4427 uso.

196 4469 322 4537 ἀνὴρ
351 4467 657 4521 ἁναλαὸεῖν
690 4466 755 4517 ἐκ
784 4465 878 4517 τοῦ
907 4467 1270 4534 μοναστηρίου
1325 4468 1423 4535 τὴν
1473 4465 1775 4536 μοιχευθεῖο
1809 4481 1851 4535 ι)

1766 4499 1775 4511 .
1809 4481 1851 4535 ι)
1885 4476 1994 4514 rem
2018 4476 2174 4514 suam
2199 4460 2499 4514 adulteram
2528 4476 2595 4515 ex
2617 4463 2955 4517 monasterio
2974 4465 3224 4531 accipere
3246 4475 3445 4532 potest,

197 4577 284 4610 ταν
309 4561 480 4612 αὑτοῦ
541 4558 797 4624 γυναῖκα,
843 4557 982 4609 κατᾶ
1032 4557 1130 4626 τὴν
1196 4556 1296 4627 pii,"
1343 4555 1776 4609 Ἰουστινιάνειον
1875 4610 1876 4613 η

1770 4575 1776 4601 ι
1875 4551 2030 4618 juxta
2072 4553 2169 4605 H7
2195 4550 2489 4606 Iustiniani
2519 4554 2814 4615 novellam,
2837 4570 2960 4623 quae.
2985 4555 3155 4608 dicit:
3188 4555 3449 4610 Jubemus

196 4646 408 4714 νεαρὰν,
482 4643 823 4710 Κελεύομεν,
884 4643 1169 4710 λέγουσαν,
1242 4647 1340 4711 τὴν
1402 4645 1778 4713 μοιχευθεῖσαν

194 4741 446 4800 γυναῖκα,
485 4738 614 4798 ταῖς
640 4734 1048 4803 προσηκούσαις
1079 4735 1522 4805 ύποὸαλλομένην
1546 4739 1776 4801 ποιναῖς,

197 4829 549 4896 μοναστηρίῳ
581 4824 946 4894 ἐμϐάλλεσθαι
984 4843 997 4855 ·
1029 4825 1124 4877 καὶ
1152 4828 1198 4876 εἰ
1234 4826 1332 4893 μὲν
1357 4825 1486 4878 εῐσω
1513 4827 1714 4889 διετίας
1746 4827 1773 4878 ό

194 4920 318 4988 ἀνὴρ
351 4919 534 4986 αὐτὴν
573 4915 864 4968 ἀναλαϐεῖν
893 4916 1204 4985 βουληθείη.
1233 4915 1483 4981 ἐξουσίαν
1521 4917 1670 4986 αύτῷ
1704 4918 1781 4970 δί-

193 5009 341 5078 δομεν
362 5009 537 5062 τοῦτο
578 5008 772 5068 ποιεῖν,
805 5008 895 5058 καὶ
937 5007 1202 5059 συνοικεῖν
1224 5007 1384 5075 αὐτῇ,
1434 5007 1636 5074 μηδένα
1669 5009 1782 5059 κίν-

189 5101 334 5150 δυνον
366 5097 638 5152 ἐντεῦθεν
656 5097 1062 5166 εύλαδουμένῳο
1095 5097 1155 5149 ού
1179 5097 1288 5164 γὰρ
1342 5097 1778 5151 καταδλάπτεται

190 5192 412 5259 ὁγαμος
469 5191 564 5242 δια
619 5188 687 5240 τὰ
752 5189 810 5241 ἐν
871 5189 949 5256 τῷ
994 5189 1197 5256 μεταξὺ
1225 5189 1512 5255 γεγονότα.
1570 5189 1778 5241 Είδὲδ

190 5286 600 5354 προειρημένος
633 5283 827 5352 χρόνος
859 5281 1139 5348 παρέλθοι,
1174 5281 1206 5350 ἢ
1238 5283 1264 5333 ὁ
1291 5283 1450 5352 ἀνὴρ,
1487 5282 1616 5349 πρὶν
1644 5283 1777 5334 ἀνα-

188 5353 361 5425 λαϐεῖν
392 5373 604 5441 αὐτὴν,
633 5369 998 5440 τελευτήσειε,
1034 5369 1330 5436 κελεύομεν
1384 5370 1778 5436 ἀποκείρεσθαι

188 5466 275 5533 τῇ]
305 5463 576 5532 γυναῖκα,
616 5463 710 5514 καὶ
743 5460 803 5512 τὸ
837 5461 1124 5529 μοναχικὸν
1153 5461 1334 5529 σχῆμα
1364 5459 1681 5527 λαμϐάνειν.

257 5557 460 5625 Eia-rapi.
483 5553 743 5625 μοιχείας
772 5555 798 5604 ὁ
827 5551 962 5622 ἀνὴρ
993 5555 1376 5621 κατηγορήσας
1404 5553 1499 5619 τῆς
1522 5553 1781 5618 γυναικὸς

187 5650 523 5715 ἀπελέγξειε,
555 5643 887 5714 τηνικαῦτα,
940 5643 1222 5714 χωρισμοῦ
1279 5648 1597 5710 γενομένου,
1641 5646 1782 5712 ἔχειν

188 5745 265 5794 τὸν
307 5743 480 5813 ἄνδρα
517 5738 843 5807 κελεύομεν,
863 5740 997 5809 πρὸς
1021 5740 1084 5806 τῇ
1119 5737 1223 5807 πρὸ
1251 5738 1427 5817 γάμου
1455 5738 1653 5806 δωρεᾷ,
1688 5740 1780 5789 καὶ

1881 4640 2164 4693 mulierem
2230 4641 2533 4693 adulteram
2597 4643 2857 4710 congruis
2931 4644 3112 4711 poenis
3176 4644 3447 4698 subditam

1879 4733 1933 4786 in
1967 4733 2361 4787 monasterium
2389 4735 2586 4804 conjici
2618 4752 2632 4788 :
2666 4746 2721 4789 et
2754 4734 2800 4790 si
2840 4735 2981 4789 intra
3015 4737 3294 4792 biennium
3330 4754 3444 4792 mas

1885 4825 2022 4877 ritus
2049 4823 2177 4875 velit
2209 4838 2331 4876 eam
2367 4823 2652 4888 reducere,
2693 4823 2892 4878 damus
2910 4827 2958 4878 ei
2990 4834 3311 4894 potestatem
3343 4828 3447 4880 hoc

1884 4912 2143 4975 faciendi,
2202 4921 2256 4966 et
2293 4927 2396 4965 una
2431 4927 2554 4965 cum
2600 4928 2662 4965 ea
2710 4913 3012 4977 habitandi,
3054 4914 3205 4969 nullo
3252 4916 3450 4969 exinde

1883 5005 2201 5058 imminente
2231 5004 2307 5056 illi
2345 5003 2608 5074 periculo.
2644 5003 2858 5057 Nullum
2889 5005 3035 5059 enim
3071 5005 3449 5072 praeiudicium

1880 5096 2078 5162 accipit
2142 5096 2557 5148 matrimonium
2601 5110 2664 5148 ex
2710 5096 2797 5149 liis
2828 5113 2949 5165 qua:
2981 5096 3160 5150 modio
3203 5109 3450 5166 tempore

1881 5183 2022 5237 facta
2057 5194 2205 5238 sunt.
2243 5182 2336 5237 Sin
2390 5195 2569 5236 autem
2619 5185 2938 5251 praedictum
2975 5196 3192 5255 tempus
3221 5199 3448 5253 praeter-

1881 5276 2026 5336 ierit,
2089 5286 2180 5329 aut
2233 5277 2488 5338 maritus,
2556 5277 2873 5344 priusquam
2938 5276 3085 5329 illam
3154 5279 3445 5344 receperit,

1881 5368 2098 5424 obierit.
2133 5368 2391 5437 jubemus
2425 5380 2484 5420 Ill
2518 5367 2811 5422 tondeatur
2849 5370 3067 5432 mulier,
3115 5379 3168 5423 et
3201 5371 3446 5425 habitum

1882 5460 2240 5513 monastieum
2277 5459 2487 5512 induat.

1967 5549 2123 5620 185
2165 5550 2221 5602 Si
2270 5551 2517 5602 adulterii
2550 5551 2630 5602 vir
2694 5566 2916 5603 uxorem
2967 5567 3122 5605 suam
3177 5553 3448 5606 damnans

1883 5643 2220 5705 convicerit,
2281 5650 2393 5694 tum
2455 5641 2800 5709 separatione
2861 5641 2999 5695 facta
3050 5643 3304 5711 jubemus
3364 5643 3441 5694 vi-

1890 5750 2006 5788 rum
2030 5744 2226 5803 przcter
2251 5733 2601 5787 donationem
2639 5745 2764 5788 ante
2803 5736 3021 5803 nuptias
3054 5735 3250 5789 lactant
3281 5737 3446 5790 etiam
