4252 6424
698 284 767 349 19

688 398 986 452 ostendunt

687 490 928 554 mittere,
965 490 1012 545 si
1037 493 1366 562 castigatum
1402 492 1782 552 indill'erenter
1810 507 1867 553 et
1896 499 2132 553 remisse
2168 514 2268 568 per

684 586 1087 639 correctionem
1131 588 1459 657 dispositum
1480 606 1602 646 esse
1620 593 2069 648 animadverterit
2104 608 2266 648 :cum

685 678 832 730 enim
882 692 983 747 pro
1025 676 1203 733 forma
1256 681 1547 736 ecclesiam
1580 683 1906 753 ingreditur,
1954 684 2148 742 salutis
2176 700 2270 737 ex-

684 785 810 838 pers
874 780 1039 840 atque
1096 771 1170 826 ita
1200 771 1399 842 dignus
1445 783 1531 828 est
1569 775 1661 845 qui
1697 790 1727 829 a
1760 776 2013 831 ﬁdelibus
2045 776 2263 845 quidem

685 872 993 932 separetur,
1033 880 1157 919 cum
1186 866 1604 922 catechumenis
1635 883 1765 921 vero
1790 879 1843 923 et
1872 868 2191 934 stationem,
2214 878 2268 922 et

681 970 711 1009 e
739 956 940 1026 templo
979 957 1352 1027 egressionem
1388 974 1744 1019 communem
1774 960 1993 1015 habeat.

754 1136 956 1191 Eadem
1015 1136 1183 1190 etiam
1241 1136 1275 1191 2
1332 1136 1537 1207 Ancyr.
1575 1153 1700 1209 syn.
1755 1152 1934 1192 canon
1988 1136 2261 1204 decernit,

684 1237 1012 1297 potestatem
1045 1230 1324 1298 episcopis
1355 1231 1690 1295 concedens,
1714 1229 1866 1299 juxta
1886 1229 2262 1296 aliiictionem,

682 1329 738 1376 ct
795 1321 1184 1388 humilitatem,
1233 1329 1287 1377 et
1336 1323 1819 1377 mansuetudinem
1881 1322 2260 1391 paenitentiam

683 1414 918 1492 agentis,
970 1414 1054 1468 vel
1117 1414 1293 1483 pmnis
1328 1417 1530 1469 addere
1579 1416 1665 1470 vel
1702 1415 1940 1469 auferre.
1994 1415 2167 1470 Porro
2210 1425 2267 1469 et

683 1507 915 1576 quintus
949 1518 1006 1561 ut
1044 1516 1098 1561 et
1131 1509 1400 1576 septimus
1435 1510 1711 1578 episcopis
1762 1517 2090 1579 potestatem
2132 1523 2265 1563 con-

682 1595 852 1661 cedit,
892 1598 1309 1667 paenitentibus
1363 1598 1636 1668 supplicia
1688 1599 1771 1651 vel
1836 1598 2117 1653 remittere
2178 1598 2265 1653 vel

682 1691 1005 1750 extendere,
1044 1691 1414 1745 ardentiorem
1451 1690 1726 1757 videlicet,
1768 1691 1933 1762 178
1959 1690 2042 1745 vel
2077 1691 2261 1745 remis-

684 1782 889 1836 siorem
962 1784 1346 1852 ptenitentiam
1415 1783 1874 1848 ostendentibus;
1949 1761 2342 1837 anteactamB

683 1890 907 1943 quoque
947 1890 1164 1941 eorum,
1203 1887 1258 1930 et
1296 1893 1417 1944 quae
1453 1886 1644 1947 postea
1698 1886 1997 1933 consecuta
2030 1891 2137 1941 est,
2184 1878 2266 1929 vi-

680 1968 844 2022 vendi
879 1968 1148 2023 rationem
1183 1968 1491 2037 inspicere;
1546 1984 1676 2022 num
1708 1976 1881 2032 caste,
1914 1968 1998 2022 vel
2035 1967 2268 2027 remisse

682 2072 736 2116 et
768 2060 894 2115 laxe
924 2064 1091 2115 vitam
1123 2061 1360 2131 egerint,
1392 2071 1447 2117 et
1476 2061 1560 2117 sic
1588 2060 1934 2117 clementiam
1980 2075 2110 2131 erga
2143 2060 2266 2116 illos

684 2155 952 2210 adhibere
982 2154 1158 2223 jubet.

754 2248 1106 2303 Centesimus
1148 2249 1427 2305 secundus
1460 2258 1630 2307 sextae
1668 2266 1791 2322 syn.
1836 2266 2016 2307 canon
2049 2289 2065 2314 ,
2103 2249 2264 2314 Eum,

683 2342 886 2411 inquit,
937 2343 1031 2413 qui
1065 2344 1312 2398 solvendi
1365 2349 1421 2398 et
1453 2344 1658 2415 ligandi
1705 2353 2030 2413 potestatem
2075 2357 2105 2395 a
2152 2340 2265 2395 Deo

682 2436 915 2504 accepit.
942 2438 1154 2505 peccati
1188 2438 1509 2506 qualitatem
1544 2437 1902 2492 considerare
1930 2443 2172 2505 oportet,
2210 2442 2267 2487 et

680 2524 803 2595 ejus
842 2526 934 2596 qui
970 2529 1213 2596 peccavit
1268 2529 1336 2584 ad
1394 2529 1811 2583 conversionem
1848 2527 2119 2591 studium,
2150 2530 2265 2580 sive

681 2628 873 2685 vergat
904 2621 969 2674 ad
1001 2621 1318 2686 sanitatem,
1362 2621 1479 2675 sive
1509 2630 1700 2675 contra
1741 2620 1982 2690 pr0priis
2017 2618 2265 2672 moribus

681 2708 736 2761 in
763 2726 823 2763 se
851 2723 1115 2780 provocet
1160 2713 1439 2777 niorbum,
1485 2722 1542 2767 et
1574 2716 1655 2767 sic
1684 2711 2266 2767 vulneri'comenien-

679 2808 795 2859 tem
847 2804 1043 2859 allerre
1105 2807 1470 2871 medicinam;
1523 2822 1592 2859 ne
1651 2806 1698 2860 si
1761 2806 1816 2859 in
1877 2814 2109 2871 utroque
2159 2805 2265 2855 im-

682 2899 1063 2954 moderatiuue
1132 2909 1339 2960 utatur,
1376 2900 1446 2954 ab
1480 2898 1601 2968 ejus
1663 2898 1755 2967 qui
1810 2898 2027 2951 laborat
2088 2898 2285 2953 salute.

681 2990 905 3046 excidat
951 3006 963 3042 :
1018 2989 1202 3043 varius
1238 2989 1383 3042 enim
1430 2998 1486 3045 et
1532 2988 1891 3043 multiformis
1926 2997 2013 3042 est
2054 2985 2262 3057 peccati

683 3084 935 3137 morbus.
987 3081 1219 3149 Omnem
1249 3079 1393 3135 enim
1425 3080 1695 3134 rationem
1747 3080 1850 3132 init
1902 3079 2067 3140 Deus.
2108 3079 2264 3146 isque

682 3176 771 3229 cui
791 3173 1084 3243 pastoralis
1119 3171 1355 3226 traditus
1381 3182 1467 3227 est
1497 3171 1860 3240 principatus,
1894 3182 1951 3223 ιιι
1985 3180 2260 3224 errantem

680 3284 840 3320 ovem
877 3268 1124 3327 reducat,
1161 3276 1214 3318 et
1255 3264 1304 3319 ei
1337 3280 1460 3333 quae
1493 3273 1576 3318 est
1611 3279 1639 3315 a
1672 3271 1927 3332 serpente
1952 3262 2259 3326 vulnerata,

682 3358 989 3418 medeatur,
1036 3364 1091 3409 et
1127 3369 1305 3424 neque
1359 3370 1458 3422 per
1505 3354 1907 3423 desperationis
1961 3352 2264 3423 praecipitia

682 3447 951 3515 impellat.
988 3462 1087 3503 nec
1116 3446 1182 3500 ad
1212 3449 1336 3501 vita:
1359 3446 1781 3500 dissolutionem
1805 3454 1861 3500 et
1885 3453 2263 3516 contemptum

683 3539 835 3591 frena
880 3539 1106 3599 relaxet,
1165 3536 1256 3591 sed
1299 3551 1407 3591 uno
1442 3536 1629 3601 modo,
1662 3537 1778 3591 sive
1826 3551 1925 3606 per
1965 3532 2175 3590 acriora
2213 3545 2267 3590 et

682 3630 1064 3699 astringentia,
1116 3628 1232 3683 sive
1264 3643 1362 3697 per
1395 3628 1643 3683 molliora
1675 3637 1730 3682 et
1780 3629 1990 3683 leniora
2023 3627 2267 3681 medica-

688 3732 871 3775 menta
935 3720 1209 3777 aﬂ'ectioni
1246 3721 1491 3785 resiSIat,
1528 3731 1584 3774 et
1629 3721 1696 3775 ad
1734 3721 1936 3775 ulceris
1979 3720 2267 3775 obductio-

687 3830 810 3867 nem
846 3814 1149 3879 adnitatur,
1191 3812 1404 3868 fructus
1443 3814 1778 3882 paenitentia:
1832 3814 2180 3874 examinans,
2215 3820 2268 3864 et

687 3907 967 3977 sapienter
994 3904 1324 3974 dispensans
1368 3914 1425 3960 et
1470 3906 1788 3974 gubernans
1825 3907 2127 3970 hominem,
2173 3905 2269 3974 qui

688 4002 754 4057 ad
812 4001 1150 4069 superiorem
1200 3999 1659 4053 illuminationem
1704 4009 1957 4053 vocatur.
2023 3998 2271 4068 Utraque

689 4094 860 4162 igitur
925 4092 1069 4147 scire
1115 4102 1349 4162 Oportet,
1384 4102 1439 4147 et
1506 4108 1628 4161 qua!
1689 4103 1819 4147 sunt
1870 4092 2070 4147 summi
2103 4092 2267 4160 juris,

688 4195 744 4240 et
790 4202 911 4256 quae
962 4194 1093 4241 sunt
1134 4185 1555 4240 consuetudinis
1606 4186 1691 4239 vel
1730 4184 2061 4251 affectionis;
2114 4194 2171 4240 et
2214 4187 2271 4239 in

688 4278 778 4341 iis,
844 4295 964 4346 qua:
999 4288 1243 4333 extrema
1282 4294 1388 4331 non
1426 4278 1749 4344 admittunt,
1785 4278 2099 4333 aﬂ'ectionis
2154 4292 2273 4333 mo-

688 4370 761 4422 do
827 4369 927 4433 uti,
960 4370 1103 4423 sicut
1131 4379 1358 4424 sanctus
1405 4380 1460 4423 et
1504 4385 1740 4439 magnus
1784 4371 1945 4425 docet
2004 4370 2269 4424 Basilius.

1886 296 2252 357 MATTHEI
2300 299 2719 360 BLASTARIS

1033 415 1047 453 :
1086 400 1172 454 vel
1196 399 1264 454 de
1308 400 1491 468 rigore
1534 417 1729 458 rursus
1758 418 1873 460 non
1903 407 2133 461 omnino
2176 423 2265 462 re-
2296 420 2313 471 Α

2370 409 2713 481 ἐπιστροφὴν
2740 412 3212 479 ἐπιδεικνυμένοις
3238 428 3252 444 ο
3280 412 3310 482 ἢ
3348 410 3446 479 τῆς
3479 411 3764 482 ἀκριϐείας
3796 407 3954 475 αὖθις

2291 3108 2336 3167 C

3884 299 3953 363 90

2375 499 2621 570 μηδόλως
2656 501 2939 572 ὑφίεσθαι,
2981 503 3030 555 εί
3076 503 3390 572 ἀδιαφόρως
3420 504 3568 572 ὁρῴη
3602 502 3697 554 καὶ
3736 503 3957 572 ἀνειμέ-

2372 609 2481 656 νως
2508 594 2601 647 τὸν
2630 596 3036 668 ἐπιτιμηθέντα
3063 596 3202 666 πρὸς
3246 596 3347 666 τὴν
3378 596 3702 670 ἐπιτίμησιν
3745 595 3954 650 διακεί-

2374 702 2559 753 μενον,
2620 686 2717 739 καὶ
2770 688 2849 758 τῷ
2896 688 3138 758 σχήματι
3200 689 3346 758 μόνῳ
3386 689 3489 757 τῆς
3538 690 3619 752 είς
3671 686 3766 740 τδν
3814 687 3954 741 νεὼν

2374 776 2610 845 παρόδου
2636 778 3009 850 ἀρκούμενον,
3040 781 3134 833 καὶ
3161 780 3260 834 οὐκ
3286 778 3593 849 ἀνιώμενον
3626 781 3720 832 καὶ
3741 780 3957 845 ἀναξιο·

2371 866 2675 932 παοοῦντα,
2732 871 2813 923 ὅτι
2858 870 2972 924 τῶν
3025 872 3126 941 μὲν
3179 872 3391 924 πιστῶν
3443 872 3951 937 ἀποδιαστέλὶεται,

2369 960 2483 1019 τοῖς
2513 958 2571 1012 δὲ
2626 961 3083 1030 κατηχουμένοις,
3134 962 3233 1031 τῆς
3271 979 3331 1014 τε
3386 963 3629 1024 στάσεως
3685 964 3950 1028 κοινωνεῖ,

2371 1050 2466 1104 καὶ
2492 1050 2591 1118 τῆς
2616 1053 2681 1103 ἐκ
2714 1053 2808 1104 τοῦ
2844 1052 2949 1104 νεὼ
2984 1054 3426 1122 ἀποφοιτήσεως.

2441 1142 2630 1196 Ταῦτα
2676 1147 2772 1197 καὶ
2809 1146 2837 1197 ὁ
2872 1148 2972 1215 τῆς
3021 1147 3080 1198 ἐν
3120 1146 3367 1218 Ἀγκύρᾳ
3410 1144 3454 1216 β’
3506 1145 3824 1214 διορίζεται,
3855 1145 3953 1213 τὴν

2368 1233 2621 1298 ἐξουσίαν
2655 1239 2768 1300 τοῖς
2828 1239 3153 1301 ἐπισκόποις
3200 1239 3503 1304 ἀνατιθεὶς,
3553 1240 3698 1292 κατά
3753 1255 3817 1306 γε
3863 1238 3955 1289 τὸν

2370 1328 2641 1397 κάματον,
2698 1331 2797 1383 καὶ
2850 1331 2915 1382 τὸ
2953 1330 3214 1383 ταπεινὸν
3253 1329 3349 1383 τοῦ
3410 1329 3805 1401 μετανοοῦντος
3861 1329 3957 1381 καὶ

2369 1421 2633 1490 πρᾶον,ἢ
2687 1422 3067 1489 προστιθέναι,
3104 1423 3136 1491 ἢ
3190 1423 3449 1491 ἀφαιρεῖν
3492 1422 3604 1476 τῶν
3638 1421 3952 1489 ἐπιτιμίων.

2380 1512 2543 1565 Ἀλλά
2573 1515 2668 1566 καὶ
2694 1515 2722 1567 ὁ
2758 1512 2797 1565 s'
2834 1514 2917 1569 ἔτι
2962 1514 3056 1569 καὶ
3093 1517 3121 1567 ὁ
3148 1515 3192 1579 ζ’
3222 1517 3335 1578 τοῖς
3377 1515 3701 1577 ἐπισκόποις
3737 1513 3957 1584 ἐπιτρέ-

2368 1620 2463 1656 πει
2496 1604 2598 1676 τὴν
2641 1604 2919 1670 ἐξουσίαν,
2946 1607 2980 1677 ἢ
3014 1607 3224 1661 ἀνεῖναι
3255 1608 3288 1677 ἢ
3323 1609 3597 1661 ἐπιτεῖναι
3649 1609 3760 1668 τοῖς
3791 1622 3958 1675 μετα-

2367 1697 2550 1751 νοοῦσι
2600 1700 2666 1751 τὰ
2700 1699 2981 1768 ἐπιτίμια,
3034 1700 3370 1769 θερμότερον
3418 1699 3681 1769 δηλαδὴῆ
3719 1698 3960 1768 ῥαθυμό-

2367 1806 2529 1859 τερον
2558 1790 2659 1860 τὴν
2717 1791 3010 1867 μετάνοιαν
3068 1790 3574 1858 ἐπιδεικνυμένοιςο
3629 1789 3855 1841 σκοπεῖν
3900 1786 3958 1840 δὲ

2368 1883 2463 1934 καὶ
2490 1881 2581 1934 τὸν
2609 1881 2816 1951 προτοῦ
2845 1882 2958 1951 βίον
2998 1882 3227 1945 τούτων,
3260 1884 3356 1934 καὶ
3385 1881 3476 1934 τὸν
3507 1882 3815 1945 είσέπειτα,
3842 1878 3957 1931 εἴτε

2368 1973 2664 2041 σωφρόνως
2692 2013 2708 2038 ,
2739 1973 2849 2026 είτε
2886 1973 3190 2042 ἀνειμένως
3230 1972 3365 2036 ζῶσι
3406 1972 3501 2026 καὶ
3550 1971 3791 2042 χαὺνως,
3861 1972 3959 2024 καὶ

2368 2063 2511 2118 οὕτω
2545 2068 2647 2131 τὴν
2704 2065 3118 2137 φιλανθρωπίαν
3155 2067 3497 2136 ὲπιμετρείν.

2451 2249 2508 2301 Ὀ
2534 2248 2591 2300 δὲ
2628 2245 2709 2318 ρβ⁹
2766 2247 2865 2310 τῆς
2899 2245 2953 2312 ς’
3006 2246 3230 2299 συνόδου
3284 2244 3491 2307 κανὼν,
3524 2242 3630 2296 Τὸν
3683 2240 3958 2306 ἐξουσίαν,

2368 2340 2556 2409 φησὶν.
2608 2337 2870 2409 εἰληφότα
2917 2336 3071 2406 παρά
3108 2334 3247 2389 Θεοῦ
3277 2334 3429 2388 λύειν
3461 2351 3520 2386 τε
3574 2333 3666 2385 καὶ
3698 2332 3954 2400 δεσμεῖν,

2370 2435 2599 2486 σκοπεῖν
2631 2448 2691 2484 τε
2717 2432 2817 2496 τὴν
2848 2432 2947 2500 τῆς
2979 2429 3260 2500 ἁμαρτίας
3286 2428 3551 2495 ποιότητα
3575 2425 3705 2495 χρὴ,
3732 2426 3825 2476 καὶ
3856 2425 3958 2492 τὴν

2367 2525 2461 2580 τοῦ
2506 2524 2900 2594 ἡμαρτηκότος
2952 2524 3091 2595 πρὸς
3152 2521 3252 2592 τὴν
3305 2520 3641 2588 ἐπιστροφὴν
3691 2518 3957 2581 διάθεσιν,

2367 2617 2478 2670 είτε
2512 2616 2648 2685 πρὸς
2680 2616 2779 2685 τὴν
2813 2615 3027 2683 ὑγίειαν
3060 2614 3268 2677 νεύσει,
3301 2614 3334 2683 ἢ
3386 2611 3694 2665 τούναντίον
3733 2610 3818 2664 διὰ
3848 2610 3958 2661 τῶν

2366 2707 2588 2760 οίκείων
2620 2707 2842 2777 τρόπων
2876 2704 3275 2776 προσκαλεῖται
3304 2705 3426 2757 καθ’
3460 2702 3655 2756 ἑαυτοῦ
3683 2704 3739 2755 τὸ
3778 2700 3961 2771 513.536}-

2367 2817 2578 2869 στημα,
2612 2800 2707 2851 καὶ
2733 2797 2877 2851 οὕτω
2902 2797 3239 2866 κατάλληὶον
3269 2797 3499 2863 ἐπάγειν
3532 2798 3631 2864 τὴν
3656 2792 3958 2865 θεραπείαν

2366 2894 2443 2962 τῷ
2490 2895 2792 2962 τραύματι,
2850 2892 2935 2943 ἴνα
2973 2892 3072 2960 μὴ,
3110 2894 3174 2961 τῇ
3212 2892 3454 2961 ἀμετρίᾳ
3513 2888 3639 2943 καθ’
3693 2890 3960 2958 ἑκάτερον

2367 2985 2688 3056 χρώμενος,
2745 2983 3097 3053 ἀποσφαλείη
3153 2984 3291 3053 πρὸς
3354 2985 3454 3052 τὴν
3524 2983 3801 3051 σωτηρίαν
3863 2980 3959 3033 τοῦ

2368 3079 2704 3146 κάμνοντοςο
2741 3078 3032 3148 πολυειδὴς
3071 3079 3183 3147 γὰρ
3236 3078 3332 3130 καὶ
3373 3076 3594 3137 ποικίλη
3642 3076 3739 3144 τῆς
3772 3076 3957 3143 ἁμαρ-

2365 3172 2486 3234 τίας
2535 3172 2567 3240 ἠ
2617 3171 2793 3232 νόσος.
2843 3171 2958 3233 Πᾶς
2995 3170 3180 3239 μέντοι
3221 3170 3383 3235 ὶότος
3433 3168 3554 3237 Θεῷ
3599 3176 3693 3219 και
3749 3165 3826 3234 τῷ
3858 3167 3961 3233 τὴν

2369 3262 2737 3333 ποιμαντικὴν
2773 3263 3075 3331 ἡγεμονίαν
3110 3261 3535 3330 ὲγχειρισθὲντι,
3571 3260 3630 3312 τι
3668 3257 3960 3327 πλανώμε-

2366 3373 2458 3407 νον
2508 3355 2783 3425 πρόϐατον
2814 3357 3210 3421 ἐπαναγαγεῖν.
3240 3356 3334 3405 καὶ
3380 3355 3441 3405 τὶ
3471 3353 3677 3421 τρωθὲν
3726 3352 3829 3404 ὑπὸ
3863 3350 3957 3403 τοῦ

2367 3447 2547 3514 δφεως
2580 3446 2927 3509 ἐξιάσασθαι,
2966 3448 3059 3499 καὶ
3106 3447 3243 3515 μήτε
3282 3447 3426 3497 κατά
3462 3443 3712 3514 κρημνοῦ
3742 3444 3957 3512 ωθῆσαι

2368 3538 2469 3606 τῆς
2520 3538 2909 3606 ἀπογνώσεως,
2945 3542 3083 3607 μήτε
3130 3539 3199 3590 τά
3246 3537 3443 3606 χαλινὰ
3498 3537 3780 3589 ἐστιδοὶναι
3817 3539 3956 3605 πρὸς

2368 3632 2468 3699 τὴν
2496 3632 2589 3685 τοῦ
2626 3631 2744 3701 βίου
2777 3631 3001 3682 ἔκλυσιν
3029 3647 3090 3682 τε
3118 3631 3212 3682 καὶ
3246 3631 3661 3699 καταφρόνησιν
3684 3645 3697 3659 ·
3732 3631 3848 3683 ἀλλ’
3876 3631 3959 3684 et

2370 3741 2432 3791 γε
2460 3723 2539 3793 τῷ
2588 3724 2802 3791 τρόπῳ,
2837 3724 2948 3774 εἴτε
2983 3721 3071 3774 διὰ
3113 3722 3222 3774 τῶν
3253 3722 3678 3791 αὑστηροτέρων
3708 3722 3804 3773 καὶ
3837 3738 3963 3773 στυ-

2372 3818 2606 3885 φόντων,
2642 3817 2751 3869 εἴτε
2777 3815 2864 3869 διά
2888 3815 2997 3868 τῶν
3029 3814 3403 3885 ἀπαλωτέρων
3428 3831 3484 3866 τε
3514 3814 3609 3867 καὶ
3637 3815 3961 3884 πραοτέρων

2375 3910 2710 3983 φαρμάκων,
2745 3909 2888 3963 κατὰ
2919 3906 3013 3960 τοῦ
3061 3907 3269 3968 πάθους
3302 3908 3516 3974 στῆναι,
3555 3908 3652 3959 καὶ
3698 3906 3835 3975 πρὸς
3861 3906 3964 3975 τὴν

2376 4002 2713 4057 συνούλωσιν
2760 4000 2857 4053 τοῦ
2897 4000 3092 4063 ἕλκους
3145 3998 3649 4065 ἀνταγωνίσασθαι,
3699 4000 3825 4059 τοὺς
3863 4001 3964 4064 τῆς

2377 4097 2669 4168 μετανοίας
2707 4095 2959 4165 καρποὺς
3008 4090 3383 4162 δοκιμάζοντι,
3438 4091 3535 4145 καὶ
3585 4091 3965 4160 οἰκονομοῦντι

2377 4189 2559 4251 καλῶς
2594 4188 2689 4241 τὸν
2724 4186 2859 4257 πρὸς
2893 4186 2995 4254 τὴν
3048 4185 3164 4239 ἄνω
3208 4183 3578 4254 λαμπρότητα
3608 4182 3968 4253 ,καλούμενον

2376 4279 2688 4349 ἄνθρωπον.
2709 4278 3031 4348 Ἀμφότερα
3060 4276 3244 4331 τοίνυν
3266 4275 3468 4328 εἰδέναι
3497 4275 3625 4346 χρὴ,
3653 4277 3749 4328 καὶ
3774 4274 3844 4328 τά
3863 4275 3968 4344 τῆς

2377 4373 2692 4442 ἀκριϐείας,
2718 4374 2814 4425 καὶ
2842 4376 2910 4424 τά
2935 4373 3034 4441 τῆς
3064 4369 3376 4439 συνηθείας,
3403 4370 3437 4440 ἢ
3468 4368 3837 4439 συμπαθείας,
3870 4368 3968 4422 καὶ

685 4461 742 4515 In
799 4462 963 4516 tertio
1011 4462 1156 4515 enim
1213 4463 1331 4532 ejus
1390 4477 1634 4525 canone,
1670 4462 1724 4516 In
1772 4478 2012 4529 summa,
2070 4463 2313 4532 inquit,l

2351 4480 2352 4494 π
2386 4466 2478 4518 ἐπὶ
2507 4466 2617 4518 τῶν
2652 4464 2727 4535 μὴ
2757 4462 3215 4533 καταδεχομένων
3260 4461 3361 4531 τὴν
3410 4461 3712 4531 ἀκρότητα,
3743 4459 3820 4528 τῷ
3864 4458 3969 4527 τὴς

691 4555 874 4609 verior
904 4566 988 4608 εει
1016 4554 1205 4623 lapsus
1231 4553 1440 4607 medela
1475 4570 1507 4607 a
1542 4563 1763 4623 peccato
1790 4570 2062 4618 recessus,
2096 4562 2149 4608 et
2178 4569 2275 4622 per

688 4648 1110 4716 temperantiam
1143 4657 1197 4700 et
1233 4644 1580 4700 alllictionem
1612 4662 1834 4700 carnem
1866 4646 1918 4699 in
1952 4648 2271 4701 servitutem

691 4740 941 4807 redigere
979 4749 1035 4791 et
1070 4737 1291 4808 spiritui
1327 4736 1637 4805 subjicere;
1680 4738 1755 4791 ita
1787 4738 1934 4791 enim
1971 4738 2066 4808 qui
2098 4739 2277 4809 pteui-

688 4814 1088 4899 tentiam'agit,
1121 4831 1424 4900 perfectum
1458 4832 1764 4885 curationis
1815 4848 1930 4886 suae
1970 4830 2277 4885 documen-

690 4935 806 4977 tum
834 4924 995 4978 nobis
1036 4923 1340 4978 exhibebit.
1365 4923 1575 4978 Debent
1602 4939 1730 4978 vero
1758 4924 2073 4978 animarum
2109 4940 2273 4979 cura-

691 5029 839 5069 tores
877 5024 1113 5085 utraque
1144 5030 1331 5078 nosse,
1365 5024 1420 5068 ct
1450 5030 1572 5084 quae
1613 5024 1742 5070 sunt
1771 5017 1974 5069 summi
2004 5016 2170 5086 juris,
2218 5029 2275 5071 et

687 5124 811 5177 quae
843 5119 976 5163 sunt
1006 5107 1453 5164 consuetudinis.
1504 5107 1569 5162 Et
1601 5108 1645 5163 si
1694 5108 1943 5178 quidem,
1992 5125 2115 5179 quae
2144 5118 2276 5164 sunt

691 5203 894 5255 summi
949 5201 1116 5270 juris,
1148 5202 1444 5255 admittant
1472 5201 1551 5255 illi
1609 5201 1703 5272 qui
1734 5202 1976 5257 confessi
2020 5211 2171 5269 sunt,
2205 5220 2270 5257 ex

690 5297 809 5364 ejus
850 5296 1172 5365 praescripto
1207 5309 1334 5348 cum
1373 5295 1506 5362 ipsis
1538 5310 1700 5365 agere
1736 5314 1749 5350 :
1784 5297 1867 5350 sin
1907 5307 2089 5350 autem
2117 5299 2277 5352 oblu-

689 5399 926 5452 ctentur,
950 5389 1101 5459 sequi
1120 5388 1478 5442 demissionis
1501 5390 1957 5443 consuetudinem
1979 5391 2272 5445 debebunt.

688 5482 1195 5551 ἐξομολογούμενοι,
1235 5482 1356 5533 κατ’
1401 5482 1621 5553 ἐκείνην
1667 5484 1976 5553 οἰκονομεῖν
2025 5485 2223 5547 αὐτούς
2251 5503 2263 5518 ,

691 5577 1073 5640 καταϐάσεως.

762 5674 816 5725 ln
879 5671 945 5725 74
994 5687 1123 5726 vero
1155 5689 1281 5727 can.
1320 5675 1439 5745 ejus
1493 5693 1506 5728 :
1556 5674 1659 5740 Qui
1695 5675 1896 5746 ligandi
1930 5687 1983 5729 et
2013 5677 2266 5729 solvendi

2383 4555 2738 4624 συμπαθείας
2768 4555 2927 4623 τύπῳ
2962 4553 3301 4623 κεχρῆσθαι,
3329 4551 3406 4614 ὡς
3439 4554 3468 4605 ὁ
3496 4553 3639 4622 ἱερὸς
3671 4553 3766 4605 καὶ
3794 4553 3971 4622 μέγας

2377 4649 2621 4702 διδάσκει
2676 4647 2983 4706 Βασίλειος.
3033 4645 3122 4696 Ἐν
3174 4644 3284 4715 γὰρ
3329 4644 3408 4713 τῷ
3447 4649 3495 4711 γ’
3537 4640 3705 4696 αὑτοῦ
3758 4642 3969 4702 κανόνι,

2384 4742 2656 4804 Καθόλου,
2692 4742 2852 4810 φησὶ,
2888 4738 3263 4807 ἀληθέστερον
3299 4739 3440 4805 εαμα
3474 4735 3570 4788 τοῦ
3618 4735 3968 4804 σφάλματος,

2380 4839 2413 4905 ἡ
2452 4839 2551 4907 τῆς
2586 4834 2867 4905 ἁμαρτίας
2900 4833 3274 4904 ἀναχώρησις,
3306 4834 3402 4886 καὶ
3442 4832 3504 4885 τὸ
3534 4831 3601 4885 δι’
3637 4833 3972 4902 ἐγκρατείας

2381 4933 2476 4983 καὶ
2500 4928 2880 4991 κακοπαθείας
2906 4929 3004 4998 τὴν
3031 4929 3210 4996 σάρκα
3236 4924 3687 4994 δουλαγωγῆσαι,
3712 4927 3808 4979 καὶ
3838 4926 3973 4977 ὑπο-

2381 5024 2542 5090 τάξαι
2574 5023 2651 5092 τῷ
2681 5022 2958 5091 πνεύματι
2983 5037 2997 5052 ·
3031 5020 3177 5073 οὕτω
3215 5020 3326 5088 γὰρ
3368 5020 3583 5073 τελείαν
3613 5022 3750 5089 ἡμῖν
3801 5021 3829 5073 ό
3862 5037 3969 5089 με·

2381 5116 2597 5170 τανοῶν
2632 5116 2862 5186 παρέξει
2889 5114 2996 5183 τῆς
3043 5115 3381 5184 ίατρεύσεως
3411 5113 3581 5167 αὑτοῦ
3613 5114 3717 5184 τὴν
3743 5113 3969 5166 ἀπόδει-

2387 5210 2489 5275 ξιν.
2519 5211 2610 5261 Δεῖ
2639 5208 2694 5261 δὲ
2728 5208 2855 5270 τοὺς
2886 5206 2996 5257 τῶν
3051 5204 3244 5275 ψυχῶν
3285 5205 3610 5274 οἰκονόμους
3676 5206 3969 5273 ἀμφότερα

2384 5303 2610 5367 εἰδέναι,
2655 5303 2751 5354 καὶ
2801 5299 2873 5353 τὰ
2912 5300 3013 5367 τῆς
3048 5297 3366 5370 ἀκριϐείας,
3415 5297 3513 5350 καὶ
3543 5297 3613 5349 τὰ
3663 5298 3762 5365 τῆς
3802 5314 3971 5363 συντ,-

2386 5396 2567 5458 θείας·
2606 5395 2703 5447 καὶ
2749 5396 2798 5446 εί
2858 5395 2957 5464 μὲν
3009 5393 3402 5461 καταδέχονται
3450 5391 3549 5460 τὴν
3588 5389 3877 5461 ἀκρίϐειαν
3916 5391 3967 5441 οἱ

2310 5489 2357 5539 εί
2390 5489 2444 5540 δὲ
2486 5489 2901 5559 σκληρύνοιντο,
2931 5486 3166 5538 ἕπεσθαι
3214 5488 3280 5555 τῇ
3358 5484 3619 5554 συνηθείᾳ
3668 5482 3766 5552 τῆς
3836 5499 3972 5550 συγ-

2470 5676 2560 5727 Ἑν
2593 5674 2649 5727 δὲ
2671 5673 2750 5744 τῷ
2788 5673 2883 5736 οὸ’,
2919 5674 2981 5724 υἱ
3015 5672 3238 5741 δεσμεῖν
3286 5672 3381 5724 καὶ
3414 5670 3564 5723 λύειν
3604 5669 3857 5733 ἐξουσίαν
3894 5674 3970 5722 εἰ·

687 5773 1015 5842 putestatem
1044 5782 1073 5820 a
1109 5767 1215 5823 Deo
1243 5778 1601 5838 acceperunt,
1635 5768 1718 5825 eis
1750 5786 1857 5825 non
1888 5780 1970 5825 est
1994 5770 2122 5825 vitio
2157 5785 2275 5825 ver-

2386 5770 2621 5841 ληφότες
2654 5766 2807 5837 παρὰ
2842 5766 3001 5833 Θεοῦ,
3038 5765 3311 5838 μεμπτέοι
3358 5764 3459 5817 οὐκ
3492 5763 3559 5817 Ξιν
3596 5759 3729 5826 εἷεν,
3760 5764 3828 5830 εἰ,
3862 5763 3972 5816 τῶν
