  <div class='ocr_page' id='page_1' title='image "/cluster/home/n/w/nwhite01/storage/ocr_20150623/145/nnc1.0046980679/026.png"; bbox 0 0 4252 6424; ppageno 0'>
   <div class='ocr_carea' id='block_1_1' title="bbox 258 364 1937 435">
    <p class='ocr_par' dir='ltr' id='par_1_1' title="bbox 258 364 1937 430">
     <span class='ocr_line' id='line_1_1' title="bbox 258 364 1937 430; baseline 0.002 -3"><span class='ocrx_word' id='word_1_1' title='bbox 258 364 317 428; x_wconf 71' lang='grc'><strong>91</strong></span> <span class='ocrx_word' id='word_1_2' title='bbox 1214 368 1617 430; x_wconf 77' lang='lat' dir='ltr'><strong>SYN&#39;I‘AGMA</strong></span> <span class='ocrx_word' id='word_1_3' title='bbox 1663 368 1937 430; x_wconf 66' lang='lat' dir='ltr'><strong>ALPHAI</strong></span> 
     </span>
    </p>
   </div>
   <div class='ocr_carea' id='block_1_2' title="bbox 1823 364 3502 435">
    <p class='ocr_par' dir='ltr' id='par_1_2' title="bbox 1823 366 3502 435">
     <span class='ocr_line' id='line_1_2' title="bbox 1823 366 3502 435; baseline 0.002 -6"><span class='ocrx_word' id='word_1_4' title='bbox 1823 368 2281 432; x_wconf 67' lang='lat' dir='ltr'><strong>HABETICUM.</strong></span> <span class='ocrx_word' id='word_1_5' title='bbox 2326 393 2395 407; x_wconf 71' lang='grc' dir='ltr'><strong>-η</strong></span> <span class='ocrx_word' id='word_1_6' title='bbox 2434 366 2511 431; x_wconf 83' lang='grc' dir='ltr'>Μ.</span> <span class='ocrx_word' id='word_1_7' title='bbox 3422 368 3502 435; x_wconf 69' lang='lat'><strong>92</strong></span> 
     </span>
    </p>
   </div>
   <div class='ocr_carea' id='block_1_3' title="bbox 257 481 1936 561">
    <p class='ocr_par' dir='ltr' id='par_1_3' title="bbox 257 481 1936 561">
     <span class='ocr_line' id='line_1_3' title="bbox 257 481 1936 561; baseline 0.008 -29"><span class='ocrx_word' id='word_1_8' title='bbox 257 481 760 553; x_wconf 65' lang='grc' dir='ltr'><strong>ἐξομολογουμένων</strong></span> <span class='ocrx_word' id='word_1_9' title='bbox 818 486 1115 542; x_wconf 73' lang='grc' dir='ltr'><strong>σπουδαίαν</strong></span> <span class='ocrx_word' id='word_1_10' title='bbox 1170 490 1264 542; x_wconf 69' lang='grc' dir='ltr'>καὶ.</span> <span class='ocrx_word' id='word_1_11' title='bbox 1322 490 1668 561; x_wconf 86' lang='grc' dir='ltr'>θερμοτέραν</span> <span class='ocrx_word' id='word_1_12' title='bbox 1716 491 1816 561; x_wconf 82' lang='grc' dir='ltr'>τὴν</span> <span class='ocrx_word' id='word_1_13' title='bbox 1847 499 1936 554; x_wconf 76' lang='grc' dir='ltr'><strong>ΑΙ</strong></span> 
     </span>
    </p>
   </div>
   <div class='ocr_carea' id='block_1_4' title="bbox 1812 481 3491 561">
    <p class='ocr_par' dir='ltr' id='par_1_4' title="bbox 1812 485 3491 554">
     <span class='ocr_line' id='line_1_4' title="bbox 1812 485 3491 554; baseline -0.005 -9"><span class='ocrx_word' id='word_1_14' title='bbox 1812 511 1816 531; x_wconf 69' lang='grc' dir='ltr'><strong>ι</strong></span> <span class='ocrx_word' id='word_1_15' title='bbox 1847 500 1890 554; x_wconf 76' lang='grc' dir='ltr'><strong>Α</strong></span> <span class='ocrx_word' id='word_1_16' title='bbox 1922 495 2139 545; x_wconf 89' lang='lat' dir='ltr'><strong>tendum</strong></span> <span class='ocrx_word' id='word_1_17' title='bbox 2168 490 2213 543; x_wconf 90' lang='lat' dir='ltr'><strong>si</strong></span> <span class='ocrx_word' id='word_1_18' title='bbox 2243 486 2634 541; x_wconf 85' lang='lat' dir='ltr'><strong>confitentibus</strong></span> <span class='ocrx_word' id='word_1_19' title='bbox 2658 485 3308 541; x_wconf 67' lang='lat' dir='ltr'><strong>seriametardentiorem</strong></span> <span class='ocrx_word' id='word_1_20' title='bbox 3330 487 3491 554; x_wconf 69' lang='lat' dir='ltr'><strong>[imoi-</strong></span> 
     </span>
    </p>
   </div>
   <div class='ocr_carea' id='block_1_5' title="bbox 260 574 1820 652">
    <p class='ocr_par' dir='ltr' id='par_1_5' title="bbox 260 574 1820 652">
     <span class='ocr_line' id='line_1_5' title="bbox 260 574 1820 652; baseline 0.007 -28"><span class='ocrx_word' id='word_1_21' title='bbox 260 574 545 639; x_wconf 81' lang='grc' dir='ltr'>μετάνοιαν</span> <span class='ocrx_word' id='word_1_22' title='bbox 599 577 1093 648; x_wconf 71' lang='grc' dir='ltr'>ἐπιδεικνυμένων,</span> <span class='ocrx_word' id='word_1_23' title='bbox 1147 581 1335 643; x_wconf 80' lang='grc' dir='ltr'>αὑτοῖς</span> <span class='ocrx_word' id='word_1_24' title='bbox 1384 582 1636 652; x_wconf 76' lang='grc' dir='ltr'><strong>ἀρέσειεν</strong></span> <span class='ocrx_word' id='word_1_25' title='bbox 1665 586 1820 637; x_wconf 69' lang='lat' dir='ltr'><strong>ua:-</strong></span> 
     </span>
    </p>
   </div>
   <div class='ocr_carea' id='block_1_6' title="bbox 253 665 1821 746">
    <p class='ocr_par' dir='ltr' id='par_1_6' title="bbox 253 665 1821 746">
     <span class='ocr_line' id='line_1_6' title="bbox 253 665 1821 746; baseline 0.01 -31"><span class='ocrx_word' id='word_1_26' title='bbox 253 665 420 719; x_wconf 82' lang='grc' dir='ltr'>τῶσαι</span> <span class='ocrx_word' id='word_1_27' title='bbox 450 670 573 731; x_wconf 67' lang='grc' dir='ltr'>τοὺς</span> <span class='ocrx_word' id='word_1_28' title='bbox 623 671 940 738; x_wconf 81' lang='grc' dir='ltr'>όρισθέντας</span> <span class='ocrx_word' id='word_1_29' title='bbox 967 673 1075 726; x_wconf 83' lang='grc' dir='ltr'><strong>τῶν</strong></span> <span class='ocrx_word' id='word_1_30' title='bbox 1118 674 1411 744; x_wconf 77' lang='grc' dir='ltr'>έπιτιμίων</span> <span class='ocrx_word' id='word_1_31' title='bbox 1434 678 1688 745; x_wconf 89' lang='grc' dir='ltr'>χρόνους,</span> <span class='ocrx_word' id='word_1_32' title='bbox 1720 677 1821 746; x_wconf 76' lang='grc' dir='ltr'>τῆς</span> 
     </span>
    </p>
   </div>
   <div class='ocr_carea' id='block_1_7' title="bbox 253 748 1821 838">
    <p class='ocr_par' dir='ltr' id='par_1_7' title="bbox 253 748 1821 838">
     <span class='ocr_line' id='line_1_7' title="bbox 253 748 1821 838; baseline 0.009 -30"><span class='ocrx_word' id='word_1_33' title='bbox 253 760 307 809; x_wconf 70' lang='grc' dir='ltr'><strong>ιν</strong></span> <span class='ocrx_word' id='word_1_34' title='bbox 336 761 453 821; x_wconf 71' lang='grc' dir='ltr'>ταῖς</span> <span class='ocrx_word' id='word_1_35' title='bbox 507 762 753 831; x_wconf 82' lang='grc' dir='ltr'>Γραφαϊς</span> <span class='ocrx_word' id='word_1_36' title='bbox 786 748 1032 834; x_wconf 81' lang='grc' dir='ltr'>ίστορίας</span> <span class='ocrx_word' id='word_1_37' title='bbox 1076 767 1434 838; x_wconf 74' lang='grc' dir='ltr'>έγγυωμένης</span> <span class='ocrx_word' id='word_1_38' title='bbox 1486 769 1640 837; x_wconf 78' lang='grc' dir='ltr'>ἡμῖν,</span> <span class='ocrx_word' id='word_1_39' title='bbox 1692 770 1821 832; x_wconf 79' lang='grc' dir='ltr'>τοὺς</span> 
     </span>
    </p>
   </div>
   <div class='ocr_carea' id='block_1_8' title="bbox 256 846 1821 929">
    <p class='ocr_par' dir='ltr' id='par_1_8' title="bbox 256 846 1821 929">
     <span class='ocr_line' id='line_1_8' title="bbox 256 846 1821 929; baseline 0.011 -35"><span class='ocrx_word' id='word_1_40' title='bbox 256 846 391 910; x_wconf 74' lang='grc' dir='ltr'>μετὰ</span> <span class='ocrx_word' id='word_1_41' title='bbox 422 848 671 914; x_wconf 77' lang='grc' dir='ltr'><strong>μείζονος</strong></span> <span class='ocrx_word' id='word_1_42' title='bbox 706 851 1237 924; x_wconf 74' lang='grc' dir='ltr'>ἐξομολογουμένους</span> <span class='ocrx_word' id='word_1_43' title='bbox 1267 859 1452 920; x_wconf 84' lang='grc' dir='ltr'>πόνου,</span> <span class='ocrx_word' id='word_1_44' title='bbox 1484 856 1683 912; x_wconf 83' lang='grc' dir='ltr'>θᾶττον</span> <span class='ocrx_word' id='word_1_45' title='bbox 1719 857 1821 929; x_wconf 75' lang='grc' dir='ltr'>τὴν</span> 
     </span>
    </p>
   </div>
   <div class='ocr_carea' id='block_1_9' title="bbox 252 935 1465 1018">
    <p class='ocr_par' dir='ltr' id='par_1_9' title="bbox 252 935 1465 1018">
     <span class='ocr_line' id='line_1_9' title="bbox 252 935 1465 1018; baseline 0.016 -33"><span class='ocrx_word' id='word_1_46' title='bbox 252 935 342 987; x_wconf 77' lang='grc' dir='ltr'>τοῦ</span> <span class='ocrx_word' id='word_1_47' title='bbox 371 936 508 990; x_wconf 78' lang='grc' dir='ltr'>Θεοῦ</span> <span class='ocrx_word' id='word_1_48' title='bbox 541 941 954 1011; x_wconf 77' lang='grc' dir='ltr'><strong>φιλανθρωπίαν</strong></span> <span class='ocrx_word' id='word_1_49' title='bbox 992 949 1465 1018; x_wconf 73' lang='grc' dir='ltr'>καταλαμϐάνειν.</span> 
     </span>
    </p>
   </div>
   <div class='ocr_carea' id='block_1_10' title="bbox 333 1029 1823 1116">
    <p class='ocr_par' dir='ltr' id='par_1_10' title="bbox 333 1029 1823 1116">
     <span class='ocr_line' id='line_1_10' title="bbox 333 1029 1823 1116; baseline 0.013 -36"><span class='ocrx_word' id='word_1_50' title='bbox 333 1029 454 1081; x_wconf 75' lang='grc' dir='ltr'><strong>Ἐπὶ</strong></span> <span class='ocrx_word' id='word_1_51' title='bbox 481 1031 539 1084; x_wconf 79' lang='grc' dir='ltr'>δὲ</span> <span class='ocrx_word' id='word_1_52' title='bbox 572 1033 668 1085; x_wconf 73' lang='grc' dir='ltr'>τοῦ</span> <span class='ocrx_word' id='word_1_53' title='bbox 697 1036 1007 1102; x_wconf 79' lang='grc' dir='ltr'>ἀγιωτὰτου</span> <span class='ocrx_word' id='word_1_54' title='bbox 1036 1044 1382 1113; x_wconf 74' lang='grc' dir='ltr'><strong>πατριάρχου</strong></span> <span class='ocrx_word' id='word_1_55' title='bbox 1411 1045 1599 1099; x_wconf 83' lang='grc' dir='ltr'>Λουκᾶ</span> <span class='ocrx_word' id='word_1_56' title='bbox 1651 1063 1823 1116; x_wconf 86' lang='grc' dir='ltr'>στρα-</span> 
     </span>
    </p>
   </div>
   <div class='ocr_carea' id='block_1_11' title="bbox 251 1117 1825 1203">
    <p class='ocr_par' dir='ltr' id='par_1_11' title="bbox 251 1117 1825 1203">
     <span class='ocr_line' id='line_1_11' title="bbox 251 1117 1825 1203; baseline 0.015 -36"><span class='ocrx_word' id='word_1_57' title='bbox 251 1117 415 1190; x_wconf 75' lang='grc' dir='ltr'>τιώτῃ</span> <span class='ocrx_word' id='word_1_58' title='bbox 450 1123 558 1174; x_wconf 80' lang='grc' dir='ltr'>τινὶ</span> <span class='ocrx_word' id='word_1_59' title='bbox 603 1125 766 1193; x_wconf 81' lang='grc' dir='ltr'>φόνον</span> <span class='ocrx_word' id='word_1_60' title='bbox 808 1127 1059 1183; x_wconf 78' lang='grc' dir='ltr'>ἑκούσιον</span> <span class='ocrx_word' id='word_1_61' title='bbox 1087 1132 1369 1203; x_wconf 78' lang='grc' dir='ltr'>δράσαντι,</span> <span class='ocrx_word' id='word_1_62' title='bbox 1406 1134 1707 1200; x_wconf 73' lang='grc' dir='ltr'>ἑπίσκοπός</span> <span class='ocrx_word' id='word_1_63' title='bbox 1735 1155 1825 1201; x_wconf 85' lang='grc' dir='ltr'><strong>τις</strong></span> 
     </span>
    </p>
   </div>
   <div class='ocr_carea' id='block_1_12' title="bbox 254 1213 1825 1301">
    <p class='ocr_par' dir='ltr' id='par_1_12' title="bbox 254 1213 1825 1301">
     <span class='ocr_line' id='line_1_12' title="bbox 254 1213 1825 1301; baseline 0.015 -38"><span class='ocrx_word' id='word_1_64' title='bbox 254 1213 344 1264; x_wconf 77' lang='grc' dir='ltr'><strong>ἐπὶ</strong></span> <span class='ocrx_word' id='word_1_65' title='bbox 369 1217 574 1287; x_wconf 83' lang='grc' dir='ltr'>μετρίῳ</span> <span class='ocrx_word' id='word_1_66' title='bbox 594 1220 737 1273; x_wconf 86' lang='grc' dir='ltr'>πάνυ</span> <span class='ocrx_word' id='word_1_67' title='bbox 763 1222 938 1291; x_wconf 83' lang='grc' dir='ltr'>καιρῷ</span> <span class='ocrx_word' id='word_1_68' title='bbox 960 1226 1254 1295; x_wconf 64' lang='grc' dir='ltr'>ἐγγράφως</span> <span class='ocrx_word' id='word_1_69' title='bbox 1272 1230 1420 1299; x_wconf 85' lang='grc' dir='ltr'>αὑτῷ</span> <span class='ocrx_word' id='word_1_70' title='bbox 1450 1230 1548 1301; x_wconf 75' lang='grc' dir='ltr'><strong>τὴν</strong></span> <span class='ocrx_word' id='word_1_71' title='bbox 1571 1232 1825 1287; x_wconf 83' lang='grc' dir='ltr'>ἀθὼωσιν</span> 
     </span>
    </p>
   </div>
   <div class='ocr_carea' id='block_1_13' title="bbox 250 1302 1825 1388">
    <p class='ocr_par' dir='ltr' id='par_1_13' title="bbox 250 1302 1825 1388">
     <span class='ocr_line' id='line_1_13' title="bbox 250 1302 1825 1388; baseline 0.016 -35"><span class='ocrx_word' id='word_1_72' title='bbox 250 1302 469 1366; x_wconf 79' lang='grc' dir='ltr'>δέδωκε,</span> <span class='ocrx_word' id='word_1_73' title='bbox 526 1310 622 1361; x_wconf 75' lang='grc' dir='ltr'><strong>καὶ</strong></span> <span class='ocrx_word' id='word_1_74' title='bbox 660 1311 1067 1382; x_wconf 76' lang='grc' dir='ltr'><strong>ἐγκαλούμενος</strong></span> <span class='ocrx_word' id='word_1_75' title='bbox 1113 1318 1267 1387; x_wconf 71' lang='grc' dir='ltr'>παρὰ</span> <span class='ocrx_word' id='word_1_76' title='bbox 1302 1319 1402 1388; x_wconf 86' lang='grc' dir='ltr'>τῆς</span> <span class='ocrx_word' id='word_1_77' title='bbox 1449 1322 1693 1386; x_wconf 87' lang='grc' dir='ltr'>συνόδου,</span> <span class='ocrx_word' id='word_1_78' title='bbox 1735 1325 1825 1377; x_wconf 72' lang='grc' dir='ltr'>τὸν</span> 
     </span>
    </p>
   </div>
   <div class='ocr_carea' id='block_1_14' title="bbox 252 1395 1825 1480">
    <p class='ocr_par' dir='ltr' id='par_1_14' title="bbox 252 1395 1825 1480">
     <span class='ocr_line' id='line_1_14' title="bbox 252 1395 1825 1480; baseline 0.014 -35"><span class='ocrx_word' id='word_1_79' title='bbox 252 1395 493 1462; x_wconf 83' lang='grc' dir='ltr'>παρόντα</span> <span class='ocrx_word' id='word_1_80' title='bbox 526 1401 728 1454; x_wconf 85' lang='grc' dir='ltr'>κανόνα</span> <span class='ocrx_word' id='word_1_81' title='bbox 759 1405 1072 1471; x_wconf 80' lang='grc' dir='ltr'>προέτεινεν</span> <span class='ocrx_word' id='word_1_82' title='bbox 1097 1424 1112 1439; x_wconf 79' lang='grc' dir='ltr'><strong><em>ο</em></strong></span> <span class='ocrx_word' id='word_1_83' title='bbox 1155 1408 1272 1461; x_wconf 81' lang='grc' dir='ltr'>ἀλλ’</span> <span class='ocrx_word' id='word_1_84' title='bbox 1306 1411 1563 1478; x_wconf 84' lang='grc' dir='ltr'>ήκουσεν,</span> <span class='ocrx_word' id='word_1_85' title='bbox 1596 1415 1679 1467; x_wconf 85' lang='grc' dir='ltr'>ὅτι</span> <span class='ocrx_word' id='word_1_86' title='bbox 1712 1418 1825 1480; x_wconf 83' lang='grc' dir='ltr'>τοῖς</span> 
     </span>
    </p>
   </div>
   <div class='ocr_carea' id='block_1_15' title="bbox 251 1485 1825 1574">
    <p class='ocr_par' dir='ltr' id='par_1_15' title="bbox 251 1485 1825 1574">
     <span class='ocr_line' id='line_1_15' title="bbox 251 1485 1825 1574; baseline 0.015 -37"><span class='ocrx_word' id='word_1_87' title='bbox 251 1485 605 1557; x_wconf 72' lang='grc' dir='ltr'>ἀρχιερεῦσιν</span> <span class='ocrx_word' id='word_1_88' title='bbox 634 1494 788 1564; x_wconf 83' lang='grc' dir='ltr'>ἐδόθη</span> <span class='ocrx_word' id='word_1_89' title='bbox 841 1496 943 1563; x_wconf 73' lang='grc' dir='ltr'>μὲν</span> <span class='ocrx_word' id='word_1_90' title='bbox 986 1497 1172 1563; x_wconf 77' lang='grc' dir='ltr'>αὓξειν</span> <span class='ocrx_word' id='word_1_91' title='bbox 1204 1517 1262 1553; x_wconf 89' lang='grc' dir='ltr'><strong>τε</strong></span> <span class='ocrx_word' id='word_1_92' title='bbox 1302 1505 1393 1555; x_wconf 77' lang='grc' dir='ltr'>καὶ</span> <span class='ocrx_word' id='word_1_93' title='bbox 1441 1504 1629 1574; x_wconf 83' lang='grc' dir='ltr'>μειοῦν</span> <span class='ocrx_word' id='word_1_94' title='bbox 1664 1507 1731 1559; x_wconf 82' lang='grc' dir='ltr'>τὰ</span> <span class='ocrx_word' id='word_1_95' title='bbox 1762 1508 1825 1561; x_wconf 75' lang='grc' dir='ltr'>ἐκ</span> 
     </span>
    </p>
   </div>
   <div class='ocr_carea' id='block_1_16' title="bbox 250 1579 1828 1669">
    <p class='ocr_par' dir='ltr' id='par_1_16' title="bbox 250 1579 1828 1669">
     <span class='ocr_line' id='line_1_16' title="bbox 250 1579 1828 1669; baseline 0.015 -40"><span class='ocrx_word' id='word_1_96' title='bbox 250 1579 354 1629; x_wconf 84' lang='grc' dir='ltr'>τῶν</span> <span class='ocrx_word' id='word_1_97' title='bbox 374 1582 620 1635; x_wconf 82' lang='grc' dir='ltr'>κανόνων</span> <span class='ocrx_word' id='word_1_98' title='bbox 650 1587 925 1657; x_wconf 83' lang='grc' dir='ltr'>ἐπιτίμια,</span> <span class='ocrx_word' id='word_1_99' title='bbox 947 1590 1009 1642; x_wconf 82' lang='grc' dir='ltr'>οὐ</span> <span class='ocrx_word' id='word_1_100' title='bbox 1036 1592 1142 1661; x_wconf 75' lang='grc' dir='ltr'>μὴν</span> <span class='ocrx_word' id='word_1_101' title='bbox 1168 1592 1510 1665; x_wconf 78' lang='grc' dir='ltr'>ἁνεξετάστῳ</span> <span class='ocrx_word' id='word_1_102' title='bbox 1539 1598 1634 1649; x_wconf 81' lang='grc' dir='ltr'>καὶ</span> <span class='ocrx_word' id='word_1_103' title='bbox 1661 1598 1828 1669; x_wconf 81' lang='grc' dir='ltr'>ὑπερ-</span> 
     </span>
    </p>
   </div>
   <div class='ocr_carea' id='block_1_17' title="bbox 252 1670 1827 1759">
    <p class='ocr_par' dir='ltr' id='par_1_17' title="bbox 252 1670 1827 1759">
     <span class='ocr_line' id='line_1_17' title="bbox 252 1670 1827 1759; baseline 0.015 -39"><span class='ocrx_word' id='word_1_104' title='bbox 252 1670 521 1744; x_wconf 77' lang='grc' dir='ltr'>ϐαλλούσῃ</span> <span class='ocrx_word' id='word_1_105' title='bbox 579 1678 820 1745; x_wconf 73' lang='grc' dir='ltr'>χρῆσθαι</span> <span class='ocrx_word' id='word_1_106' title='bbox 883 1685 1313 1749; x_wconf 72' lang='grc' dir='ltr'>συγκαταεάσει.</span> <span class='ocrx_word' id='word_1_107' title='bbox 1360 1687 1521 1740; x_wconf 81' lang='grc' dir='ltr'>Ὅθεν</span> <span class='ocrx_word' id='word_1_108' title='bbox 1578 1691 1669 1743; x_wconf 78' lang='grc' dir='ltr'>τὸν</span> <span class='ocrx_word' id='word_1_109' title='bbox 1729 1690 1827 1759; x_wconf 65' lang='grc' dir='ltr'>μὲν</span> 
     </span>
    </p>
   </div>
   <div class='ocr_carea' id='block_1_18' title="bbox 252 1768 1824 1853">
    <p class='ocr_par' dir='ltr' id='par_1_18' title="bbox 252 1768 1824 1853">
     <span class='ocr_line' id='line_1_18' title="bbox 252 1768 1824 1853; baseline 0.015 -39"><span class='ocrx_word' id='word_1_110' title='bbox 252 1768 594 1837; x_wconf 73' lang='grc' dir='ltr'>στρατιώτην</span> <span class='ocrx_word' id='word_1_111' title='bbox 624 1774 735 1833; x_wconf 82' lang='grc' dir='ltr'>τοῖς</span> <span class='ocrx_word' id='word_1_112' title='bbox 773 1777 837 1824; x_wconf 77' lang='grc' dir='ltr'>ὲκ</span> <span class='ocrx_word' id='word_1_113' title='bbox 866 1774 977 1826; x_wconf 83' lang='grc' dir='ltr'>τῶν</span> <span class='ocrx_word' id='word_1_114' title='bbox 1011 1778 1256 1830; x_wconf 78' lang='grc' dir='ltr'>κανόνων</span> <span class='ocrx_word' id='word_1_115' title='bbox 1308 1779 1608 1850; x_wconf 67' lang='grc' dir='ltr'>ἱπιτιμίοις</span> <span class='ocrx_word' id='word_1_116' title='bbox 1637 1787 1668 1853; x_wconf 76' lang='grc' dir='ltr'>ἡ</span> <span class='ocrx_word' id='word_1_117' title='bbox 1700 1785 1824 1837; x_wconf 76' lang='grc' dir='ltr'>σύν-</span> 
     </span>
    </p>
   </div>
   <div class='ocr_carea' id='block_1_19' title="bbox 250 1856 1822 1947">
    <p class='ocr_par' dir='ltr' id='par_1_19' title="bbox 250 1856 1822 1947">
     <span class='ocr_line' id='line_1_19' title="bbox 250 1856 1822 1947; baseline 0.017 -41"><span class='ocrx_word' id='word_1_118' title='bbox 250 1856 359 1917; x_wconf 70' lang='grc' dir='ltr'>οδος</span> <span class='ocrx_word' id='word_1_119' title='bbox 390 1858 743 1916; x_wconf 77' lang='grc' dir='ltr'>καθυπέὗαλε</span> <span class='ocrx_word' id='word_1_120' title='bbox 765 1880 779 1895; x_wconf 79' lang='grc' dir='ltr'><strong><em>ο</em></strong></span> <span class='ocrx_word' id='word_1_121' title='bbox 811 1866 903 1918; x_wconf 80' lang='grc' dir='ltr'>τὸν</span> <span class='ocrx_word' id='word_1_122' title='bbox 927 1867 986 1919; x_wconf 78' lang='grc' dir='ltr'>δὲ</span> <span class='ocrx_word' id='word_1_123' title='bbox 1025 1871 1288 1939; x_wconf 74' lang='grc' dir='ltr'>ἀρχιερέα</span> <span class='ocrx_word' id='word_1_124' title='bbox 1345 1873 1504 1937; x_wconf 82' lang='grc' dir='ltr'>δίκας</span> <span class='ocrx_word' id='word_1_125' title='bbox 1547 1876 1822 1947; x_wconf 74' lang='grc' dir='ltr'>ἀπῄτησε,</span> 
     </span>
    </p>
   </div>
   <div class='ocr_carea' id='block_1_20' title="bbox 249 1950 1823 2041">
    <p class='ocr_par' dir='ltr' id='par_1_20' title="bbox 249 1950 1823 2041">
     <span class='ocr_line' id='line_1_20' title="bbox 249 1950 1823 2041; baseline 0.017 -42"><span class='ocrx_word' id='word_1_126' title='bbox 249 1950 345 2018; x_wconf 73' lang='grc' dir='ltr'>τὴν</span> <span class='ocrx_word' id='word_1_127' title='bbox 376 1954 438 2003; x_wconf 82' lang='grc' dir='ltr'>ἐν</span> <span class='ocrx_word' id='word_1_128' title='bbox 467 1952 762 2029; x_wconf 74' lang='grc' dir='ltr'>ὡρισμένῳ</span> <span class='ocrx_word' id='word_1_129' title='bbox 796 1960 973 2032; x_wconf 82' lang='grc' dir='ltr'>καιρῷ</span> <span class='ocrx_word' id='word_1_130' title='bbox 998 1964 1093 2032; x_wconf 83' lang='grc' dir='ltr'>τῆς</span> <span class='ocrx_word' id='word_1_131' title='bbox 1118 1964 1468 2038; x_wconf 82' lang='grc' dir='ltr'>λειτουργίας</span> <span class='ocrx_word' id='word_1_132' title='bbox 1513 1971 1823 2041; x_wconf 75' lang='grc' dir='ltr'>ἐπίσχεσιν.</span> 
     </span>
    </p>
   </div>
   <div class='ocr_carea' id='block_1_21' title="bbox 326 2132 1822 2221">
    <p class='ocr_par' dir='ltr' id='par_1_21' title="bbox 326 2132 1822 2221">
     <span class='ocr_line' id='line_1_21' title="bbox 326 2132 1822 2221; baseline 0.017 -37"><span class='ocrx_word' id='word_1_133' title='bbox 326 2132 386 2185; x_wconf 89' lang='grc' dir='ltr'><strong>Ὀ</strong></span> <span class='ocrx_word' id='word_1_134' title='bbox 412 2134 467 2186; x_wconf 82' lang='grc' dir='ltr'>δὲ</span> <span class='ocrx_word' id='word_1_135' title='bbox 500 2136 726 2206; x_wconf 63' lang='lat' dir='ltr'><strong>Nissen;</strong></span> <span class='ocrx_word' id='word_1_136' title='bbox 771 2142 945 2210; x_wconf 87' lang='grc' dir='ltr'>μέγας</span> <span class='ocrx_word' id='word_1_137' title='bbox 976 2145 1300 2216; x_wconf 77' lang='grc' dir='ltr'>Γρηγοριος,</span> <span class='ocrx_word' id='word_1_138' title='bbox 1334 2164 1392 2204; x_wconf 83' lang='grc' dir='ltr'><strong>εν</strong></span> <span class='ocrx_word' id='word_1_139' title='bbox 1424 2169 1503 2221; x_wconf 85' lang='grc' dir='ltr'>τῳ</span> <span class='ocrx_word' id='word_1_140' title='bbox 1528 2152 1579 2221; x_wconf 83' lang='grc' dir='ltr'>γ’</span> <span class='ocrx_word' id='word_1_141' title='bbox 1614 2155 1822 2218; x_wconf 85' lang='grc' dir='ltr'>κανόνι,</span> 
     </span>
    </p>
   </div>
   <div class='ocr_carea' id='block_1_22' title="bbox 261 2226 1821 2316">
    <p class='ocr_par' dir='ltr' id='par_1_22' title="bbox 261 2226 1821 2316">
     <span class='ocr_line' id='line_1_22' title="bbox 261 2226 1821 2316; baseline 0.017 -41"><span class='ocrx_word' id='word_1_142' title='bbox 261 2226 379 2277; x_wconf 75' lang='grc' dir='ltr'><strong>Ἐπὶ</strong></span> <span class='ocrx_word' id='word_1_143' title='bbox 409 2228 518 2279; x_wconf 82' lang='grc' dir='ltr'><strong>τῶν</strong></span> <span class='ocrx_word' id='word_1_144' title='bbox 551 2233 951 2307; x_wconf 76' lang='grc' dir='ltr'>σπουδαιοτέρα</span> <span class='ocrx_word' id='word_1_145' title='bbox 982 2242 1364 2311; x_wconf 71' lang='grc' dir='ltr'>κεχρημένων,</span> <span class='ocrx_word' id='word_1_146' title='bbox 1408 2247 1565 2315; x_wconf 77' lang='grc' dir='ltr'>φησι,</span> <span class='ocrx_word' id='word_1_147' title='bbox 1595 2250 1660 2316; x_wconf 73' lang='grc' dir='ltr'>τῇ</span> <span class='ocrx_word' id='word_1_148' title='bbox 1700 2248 1821 2301; x_wconf 65' lang='lat' dir='ltr'><strong>im-</strong></span> 
     </span>
    </p>
   </div>
   <div class='ocr_carea' id='block_1_23' title="bbox 252 2321 1828 2409">
    <p class='ocr_par' dir='ltr' id='par_1_23' title="bbox 252 2321 1828 2409">
     <span class='ocr_line' id='line_1_23' title="bbox 252 2321 1828 2409; baseline 0.018 -42"><span class='ocrx_word' id='word_1_149' title='bbox 252 2321 476 2388; x_wconf 75' lang='grc' dir='ltr'>στροφῇ,</span> <span class='ocrx_word' id='word_1_150' title='bbox 510 2325 607 2375; x_wconf 83' lang='grc' dir='ltr'>καὶ</span> <span class='ocrx_word' id='word_1_151' title='bbox 640 2324 718 2393; x_wconf 86' lang='grc' dir='ltr'>τῷ</span> <span class='ocrx_word' id='word_1_152' title='bbox 744 2326 844 2396; x_wconf 84' lang='grc' dir='ltr'>βίῳ</span> <span class='ocrx_word' id='word_1_153' title='bbox 869 2329 1201 2385; x_wconf 71' lang='grc' dir='ltr'>δεικνύντων</span> <span class='ocrx_word' id='word_1_154' title='bbox 1232 2334 1331 2406; x_wconf 82' lang='grc' dir='ltr'>τὴν</span> <span class='ocrx_word' id='word_1_155' title='bbox 1357 2337 1496 2407; x_wconf 74' lang='grc' dir='ltr'>πρὸς</span> <span class='ocrx_word' id='word_1_156' title='bbox 1535 2339 1594 2393; x_wconf 74' lang='grc' dir='ltr'>τὸ</span> <span class='ocrx_word' id='word_1_157' title='bbox 1618 2341 1828 2409; x_wconf 80' lang='grc' dir='ltr'>ἀγαθὸν</span> 
     </span>
    </p>
   </div>
   <div class='ocr_carea' id='block_1_24' title="bbox 249 2410 1827 2504">
    <p class='ocr_par' dir='ltr' id='par_1_24' title="bbox 249 2410 1827 2504">
     <span class='ocr_line' id='line_1_24' title="bbox 249 2410 1827 2504; baseline 0.017 -43"><span class='ocrx_word' id='word_1_158' title='bbox 249 2410 524 2479; x_wconf 63' lang='grc' dir='ltr'>ὲτάνοδον,</span> <span class='ocrx_word' id='word_1_159' title='bbox 556 2414 734 2480; x_wconf 79' lang='grc' dir='ltr'>ἔξεστι</span> <span class='ocrx_word' id='word_1_160' title='bbox 762 2419 839 2487; x_wconf 83' lang='grc' dir='ltr'>τῷ</span> <span class='ocrx_word' id='word_1_161' title='bbox 865 2423 1242 2493; x_wconf 84' lang='grc' dir='ltr'>οίκονομοῦντι</span> <span class='ocrx_word' id='word_1_162' title='bbox 1273 2428 1409 2496; x_wconf 80' lang='grc' dir='ltr'>πρὸς</span> <span class='ocrx_word' id='word_1_163' title='bbox 1450 2430 1511 2483; x_wconf 78' lang='grc' dir='ltr'>τὸ</span> <span class='ocrx_word' id='word_1_164' title='bbox 1540 2433 1827 2504; x_wconf 77' lang='grc' dir='ltr'>συμφέρον</span> 
     </span>
    </p>
   </div>
   <div class='ocr_carea' id='block_1_25' title="bbox 251 2504 1826 2589">
    <p class='ocr_par' dir='ltr' id='par_1_25' title="bbox 251 2504 1826 2589">
     <span class='ocr_line' id='line_1_25' title="bbox 251 2504 1826 2589; baseline 0.019 -40"><span class='ocrx_word' id='word_1_165' title='bbox 251 2506 534 2570; x_wconf 64' lang='lat' dir='ltr'><strong>cii-nep.er</strong></span> <span class='ocrx_word' id='word_1_166' title='bbox 560 2504 653 2557; x_wconf 77' lang='grc' dir='ltr'><strong>τὸν</strong></span> <span class='ocrx_word' id='word_1_167' title='bbox 682 2507 899 2577; x_wconf 77' lang='grc' dir='ltr'>χρόνον,</span> <span class='ocrx_word' id='word_1_168' title='bbox 933 2513 1030 2565; x_wconf 81' lang='grc' dir='ltr'>καὶ</span> <span class='ocrx_word' id='word_1_169' title='bbox 1057 2515 1246 2584; x_wconf 80' lang='grc' dir='ltr'>τάχιον</span> <span class='ocrx_word' id='word_1_170' title='bbox 1275 2518 1574 2574; x_wconf 76' lang='grc' dir='ltr'>ἀποδοῦναι</span> <span class='ocrx_word' id='word_1_171' title='bbox 1606 2524 1826 2589; x_wconf 81' lang='grc' dir='ltr'>τούτοις</span> 
     </span>
    </p>
   </div>
   <div class='ocr_carea' id='block_1_26' title="bbox 247 2595 1829 2683">
    <p class='ocr_par' dir='ltr' id='par_1_26' title="bbox 247 2595 1829 2683">
     <span class='ocr_line' id='line_1_26' title="bbox 247 2595 1829 2683; baseline 0.017 -38"><span class='ocrx_word' id='word_1_172' title='bbox 247 2595 345 2660; x_wconf 77' lang='grc' dir='ltr'>τὴν</span> <span class='ocrx_word' id='word_1_173' title='bbox 378 2600 690 2663; x_wconf 84' lang='grc' dir='ltr'>κοινωνίαν,</span> <span class='ocrx_word' id='word_1_174' title='bbox 717 2601 867 2665; x_wconf 86' lang='grc' dir='ltr'>ὅπως</span> <span class='ocrx_word' id='word_1_175' title='bbox 899 2605 967 2657; x_wconf 83' lang='grc' dir='ltr'>ἂν</span> <span class='ocrx_word' id='word_1_176' title='bbox 997 2606 1097 2676; x_wconf 85' lang='grc' dir='ltr'>τὴν</span> <span class='ocrx_word' id='word_1_177' title='bbox 1124 2608 1219 2661; x_wconf 78' lang='grc' dir='ltr'>τοῦ</span> <span class='ocrx_word' id='word_1_178' title='bbox 1260 2608 1704 2683; x_wconf 77' lang='grc' dir='ltr'>θεραπευομένου</span> <span class='ocrx_word' id='word_1_179' title='bbox 1728 2633 1829 2672; x_wconf 83' lang='grc' dir='ltr'>κα-</span> 
     </span>
    </p>
   </div>
   <div class='ocr_carea' id='block_1_27' title="bbox 248 2687 1828 2781">
    <p class='ocr_par' dir='ltr' id='par_1_27' title="bbox 248 2687 1828 2781">
     <span class='ocr_line' id='line_1_27' title="bbox 248 2687 1828 2781; baseline 0.019 -47"><span class='ocrx_word' id='word_1_180' title='bbox 248 2687 515 2741; x_wconf 62' lang='grc' dir='ltr'>τάστασιν</span> <span class='ocrx_word' id='word_1_181' title='bbox 566 2691 944 2763; x_wconf 81' lang='grc' dir='ltr'>δοκιμάσειεν.</span> <span class='ocrx_word' id='word_1_182' title='bbox 976 2698 1192 2770; x_wconf 82' lang='grc' dir='ltr'>Ὠσπερ</span> <span class='ocrx_word' id='word_1_183' title='bbox 1230 2703 1340 2773; x_wconf 78' lang='grc' dir='ltr'><strong>γάρ</strong></span> <span class='ocrx_word' id='word_1_184' title='bbox 1373 2704 1435 2757; x_wconf 81' lang='grc' dir='ltr'>τὸ</span> <span class='ocrx_word' id='word_1_185' title='bbox 1475 2709 1591 2770; x_wconf 79' lang='grc' dir='ltr'>τοῖς</span> <span class='ocrx_word' id='word_1_186' title='bbox 1622 2710 1828 2781; x_wconf 87' lang='grc' dir='ltr'>χοίροις</span> 
     </span>
    </p>
   </div>
   <div class='ocr_carea' id='block_1_28' title="bbox 252 2780 1830 2864">
    <p class='ocr_par' dir='ltr' id='par_1_28' title="bbox 252 2780 1830 2864">
     <span class='ocr_line' id='line_1_28' title="bbox 252 2780 1830 2864; baseline 0.018 -36"><span class='ocrx_word' id='word_1_187' title='bbox 252 2780 467 2845; x_wconf 72' lang='grc' dir='ltr'>ῥίπτειν</span> <span class='ocrx_word' id='word_1_188' title='bbox 509 2785 641 2847; x_wconf 75' lang='grc' dir='ltr'>τοὺς</span> <span class='ocrx_word' id='word_1_189' title='bbox 682 2788 1030 2859; x_wconf 82' lang='grc' dir='ltr'>μαργαρίτας</span> <span class='ocrx_word' id='word_1_190' title='bbox 1056 2791 1377 2864; x_wconf 81' lang='grc' dir='ltr'>ἀπείρηται,</span> <span class='ocrx_word' id='word_1_191' title='bbox 1423 2797 1567 2852; x_wconf 77' lang='grc' dir='ltr'>οὕτω</span> <span class='ocrx_word' id='word_1_192' title='bbox 1605 2801 1667 2853; x_wconf 78' lang='grc' dir='ltr'>τὸ</span> <span class='ocrx_word' id='word_1_193' title='bbox 1695 2780 1830 2857; x_wconf 69' lang='grc' dir='ltr'>απο-</span> 
     </span>
    </p>
   </div>
   <div class='ocr_carea' id='block_1_29' title="bbox 252 2872 1829 2962">
    <p class='ocr_par' dir='ltr' id='par_1_29' title="bbox 252 2872 1829 2962">
     <span class='ocr_line' id='line_1_29' title="bbox 252 2872 1829 2962; baseline 0.02 -46"><span class='ocrx_word' id='word_1_194' title='bbox 252 2872 463 2935; x_wconf 81' lang='grc' dir='ltr'>στερεῖν</span> <span class='ocrx_word' id='word_1_195' title='bbox 508 2872 603 2924; x_wconf 79' lang='grc' dir='ltr'><strong>τοῦ</strong></span> <span class='ocrx_word' id='word_1_196' title='bbox 633 2876 818 2943; x_wconf 80' lang='grc' dir='ltr'>τιμίου</span> <span class='ocrx_word' id='word_1_197' title='bbox 850 2884 1195 2949; x_wconf 78' lang='grc' dir='ltr'>μαργαρίτου</span> <span class='ocrx_word' id='word_1_198' title='bbox 1247 2884 1339 2937; x_wconf 78' lang='grc' dir='ltr'>τὸν</span> <span class='ocrx_word' id='word_1_199' title='bbox 1383 2887 1483 2958; x_wconf 72' lang='grc' dir='ltr'><strong>ἤδη</strong></span> <span class='ocrx_word' id='word_1_200' title='bbox 1537 2889 1829 2962; x_wconf 79' lang='grc' dir='ltr'>ἄνθρωπον</span> 
     </span>
    </p>
   </div>
   <div class='ocr_carea' id='block_1_30' title="bbox 249 2958 1828 3053">
    <p class='ocr_par' dir='ltr' id='par_1_30' title="bbox 249 2958 1828 3053">
     <span class='ocr_line' id='line_1_30' title="bbox 249 2958 1828 3053; baseline 0.02 -44"><span class='ocrx_word' id='word_1_201' title='bbox 249 2958 334 3010; x_wconf 63' lang='grc' dir='ltr'><strong>διὰ</strong></span> <span class='ocrx_word' id='word_1_202' title='bbox 365 2961 467 3029; x_wconf 77' lang='grc' dir='ltr'>τῆς</span> <span class='ocrx_word' id='word_1_203' title='bbox 510 2965 893 3037; x_wconf 78' lang='grc' dir='ltr'>καθαρότητός</span> <span class='ocrx_word' id='word_1_204' title='bbox 931 2987 991 3023; x_wconf 83' lang='grc' dir='ltr'><strong>τε</strong></span> <span class='ocrx_word' id='word_1_205' title='bbox 1026 2976 1121 3026; x_wconf 78' lang='grc' dir='ltr'>καὶ</span> <span class='ocrx_word' id='word_1_206' title='bbox 1155 2974 1257 3044; x_wconf 82' lang='grc' dir='ltr'>τῆς</span> <span class='ocrx_word' id='word_1_207' title='bbox 1298 2979 1565 3045; x_wconf 80' lang='grc' dir='ltr'>ἀπαθείας</span> <span class='ocrx_word' id='word_1_208' title='bbox 1602 2958 1828 3053; x_wconf 75' lang='grc' dir='ltr'>γενομε-</span> 
     </span>
    </p>
   </div>
   <div class='ocr_carea' id='block_1_31' title="bbox 250 3057 1829 3149">
    <p class='ocr_par' dir='ltr' id='par_1_31' title="bbox 250 3057 1829 3149">
     <span class='ocr_line' id='line_1_31' title="bbox 250 3057 1829 3149; baseline 0.019 -47"><span class='ocrx_word' id='word_1_209' title='bbox 250 3070 355 3117; x_wconf 75' lang='grc' dir='ltr'>νον,</span> <span class='ocrx_word' id='word_1_210' title='bbox 392 3057 503 3107; x_wconf 83' lang='grc' dir='ltr'>τῶν</span> <span class='ocrx_word' id='word_1_211' title='bbox 556 3059 777 3113; x_wconf 84' lang='grc' dir='ltr'>ἀτόπων</span> <span class='ocrx_word' id='word_1_212' title='bbox 817 3063 955 3118; x_wconf 69' lang='grc' dir='ltr'>ἐστί.</span> <span class='ocrx_word' id='word_1_213' title='bbox 1014 3066 1294 3139; x_wconf 85' lang='grc' dir='ltr'>Πανταχοῦ</span> <span class='ocrx_word' id='word_1_214' title='bbox 1322 3073 1433 3143; x_wconf 79' lang='grc' dir='ltr'>γὰρ</span> <span class='ocrx_word' id='word_1_215' title='bbox 1478 3077 1537 3127; x_wconf 80' lang='grc' dir='ltr'>ὲν</span> <span class='ocrx_word' id='word_1_216' title='bbox 1570 3077 1829 3149; x_wconf 80' lang='grc' dir='ltr'>πλημμεο</span> 
     </span>
    </p>
   </div>
   <div class='ocr_carea' id='block_1_32' title="bbox 251 3143 1829 3238">
    <p class='ocr_par' dir='ltr' id='par_1_32' title="bbox 251 3143 1829 3238">
     <span class='ocr_line' id='line_1_32' title="bbox 251 3143 1829 3238; baseline 0.019 -44"><span class='ocrx_word' id='word_1_217' title='bbox 251 3143 312 3211; x_wconf 69' lang='grc' dir='ltr'>ἳὴ</span> <span class='ocrx_word' id='word_1_218' title='bbox 322 3164 493 3214; x_wconf 84' lang='grc' dir='ltr'>ματος</span> <span class='ocrx_word' id='word_1_219' title='bbox 522 3150 653 3204; x_wconf 74' lang='grc' dir='ltr'>εῖδει</span> <span class='ocrx_word' id='word_1_220' title='bbox 690 3153 851 3208; x_wconf 77' lang='grc' dir='ltr'>τοῦτο</span> <span class='ocrx_word' id='word_1_221' title='bbox 881 3158 1122 3229; x_wconf 77' lang='grc' dir='ltr'>καθορᾷν</span> <span class='ocrx_word' id='word_1_222' title='bbox 1154 3166 1417 3233; x_wconf 73' lang='grc' dir='ltr'>προσήκει</span> <span class='ocrx_word' id='word_1_223' title='bbox 1456 3169 1563 3238; x_wconf 73' lang='grc' dir='ltr'>πρὸ</span> <span class='ocrx_word' id='word_1_224' title='bbox 1587 3143 1829 3233; x_wconf 75' lang='grc' dir='ltr'>πάντων,</span> 
     </span>
    </p>
   </div>
   <div class='ocr_carea' id='block_1_33' title="bbox 250 3238 1832 3336">
    <p class='ocr_par' dir='ltr' id='par_1_33' title="bbox 250 3238 1832 3336">
     <span class='ocr_line' id='line_1_33' title="bbox 250 3238 1832 3336; baseline 0.021 -49"><span class='ocrx_word' id='word_1_225' title='bbox 250 3238 336 3290; x_wconf 70' lang='grc' dir='ltr'>οἵα</span> <span class='ocrx_word' id='word_1_226' title='bbox 370 3241 522 3293; x_wconf 71' lang='grc' dir='ltr'>ἐστὶν</span> <span class='ocrx_word' id='word_1_227' title='bbox 571 3244 737 3314; x_wconf 77' lang='grc' dir='ltr'><strong>ἡτοῦ</strong></span> <span class='ocrx_word' id='word_1_228' title='bbox 792 3247 1247 3319; x_wconf 79' lang='grc' dir='ltr'>θεραπευομένου</span> <span class='ocrx_word' id='word_1_229' title='bbox 1300 3257 1568 3325; x_wconf 85' lang='grc' dir='ltr'>διάθεσις,</span> <span class='ocrx_word' id='word_1_230' title='bbox 1625 3265 1717 3317; x_wconf 65' lang='grc' dir='ltr'>καὶ</span> <span class='ocrx_word' id='word_1_231' title='bbox 1758 3266 1832 3336; x_wconf 79' lang='grc' dir='ltr'>μὴ</span> 
     </span>
    </p>
   </div>
   <div class='ocr_carea' id='block_1_34' title="bbox 250 3329 1833 3427">
    <p class='ocr_par' dir='ltr' id='par_1_34' title="bbox 250 3329 1833 3427">
     <span class='ocr_line' id='line_1_34' title="bbox 250 3329 1833 3427; baseline 0.021 -48"><span class='ocrx_word' id='word_1_232' title='bbox 250 3329 337 3380; x_wconf 72' lang='grc' dir='ltr'>τὸν</span> <span class='ocrx_word' id='word_1_233' title='bbox 371 3334 571 3402; x_wconf 80' lang='grc' dir='ltr'>χρόνον</span> <span class='ocrx_word' id='word_1_234' title='bbox 606 3338 817 3392; x_wconf 75' lang='grc' dir='ltr'>οἴεσθαι</span> <span class='ocrx_word' id='word_1_235' title='bbox 850 3341 988 3411; x_wconf 75' lang='grc' dir='ltr'>πρὸς</span> <span class='ocrx_word' id='word_1_236' title='bbox 1019 3344 1320 3415; x_wconf 72' lang='grc' dir='ltr'>θεραπείαν</span> <span class='ocrx_word' id='word_1_237' title='bbox 1343 3352 1558 3420; x_wconf 81' lang='grc' dir='ltr'>ἀρκεῖν,</span> <span class='ocrx_word' id='word_1_238' title='bbox 1587 3356 1690 3424; x_wconf 87' lang='grc' dir='ltr'>(τίς</span> <span class='ocrx_word' id='word_1_239' title='bbox 1726 3329 1833 3427; x_wconf 75' lang='grc' dir='ltr'><strong>γάρ</strong></span> 
     </span>
    </p>
   </div>
   <div class='ocr_carea' id='block_1_35' title="bbox 251 3420 1836 3515">
    <p class='ocr_par' dir='ltr' id='par_1_35' title="bbox 251 3420 1836 3515">
     <span class='ocr_line' id='line_1_35' title="bbox 251 3420 1836 3515; baseline 0.02 -44"><span class='ocrx_word' id='word_1_240' title='bbox 251 3420 314 3472; x_wconf 69' lang='grc' dir='ltr'>ἂν</span> <span class='ocrx_word' id='word_1_241' title='bbox 351 3425 415 3475; x_wconf 75' lang='grc' dir='ltr'>ἐκ</span> <span class='ocrx_word' id='word_1_242' title='bbox 454 3424 552 3478; x_wconf 84' lang='grc' dir='ltr'>τοῦ</span> <span class='ocrx_word' id='word_1_243' title='bbox 605 3428 799 3498; x_wconf 80' lang='grc' dir='ltr'>χρόνου</span> <span class='ocrx_word' id='word_1_244' title='bbox 835 3431 979 3495; x_wconf 77' lang='grc' dir='ltr'>ἴασις</span> <span class='ocrx_word' id='word_1_245' title='bbox 1004 3436 1273 3507; x_wconf 77' lang='grc' dir='ltr'>γένοιτος)</span> <span class='ocrx_word' id='word_1_246' title='bbox 1320 3442 1457 3494; x_wconf 72' lang='grc' dir='ltr'><strong>ά).λά</strong></span> <span class='ocrx_word' id='word_1_247' title='bbox 1503 3420 1602 3513; x_wconf 72' lang='grc' dir='ltr'>τὴν</span> <span class='ocrx_word' id='word_1_248' title='bbox 1644 3420 1836 3515; x_wconf 79' lang='grc' dir='ltr'>προαί-</span> 
     </span>
    </p>
   </div>
   <div class='ocr_carea' id='block_1_36' title="bbox 256 3517 1833 3602">
    <p class='ocr_par' dir='ltr' id='par_1_36' title="bbox 256 3517 1833 3602">
     <span class='ocr_line' id='line_1_36' title="bbox 256 3517 1833 3602; baseline 0.019 -39"><span class='ocrx_word' id='word_1_249' title='bbox 256 3529 399 3581; x_wconf 79' lang='grc' dir='ltr'>ρεσιν</span> <span class='ocrx_word' id='word_1_250' title='bbox 419 3517 520 3568; x_wconf 74' lang='grc' dir='ltr'>τοῦ</span> <span class='ocrx_word' id='word_1_251' title='bbox 553 3519 747 3573; x_wconf 76' lang='grc' dir='ltr'>ἑαυτὸν</span> <span class='ocrx_word' id='word_1_252' title='bbox 768 3522 835 3575; x_wconf 83' lang='grc' dir='ltr'>δι’</span> <span class='ocrx_word' id='word_1_253' title='bbox 867 3525 1211 3597; x_wconf 72' lang='grc' dir='ltr'>ἐπιστροφῆς</span> <span class='ocrx_word' id='word_1_254' title='bbox 1236 3530 1651 3602; x_wconf 72' lang='grc' dir='ltr'>θεραπεύοντος.</span> <span class='ocrx_word' id='word_1_255' title='bbox 1678 3540 1833 3593; x_wconf 62' lang='grc' dir='ltr'>Ἐστι</span> 
     </span>
    </p>
   </div>
   <div class='ocr_carea' id='block_1_37' title="bbox 251 3606 1837 3698">
    <p class='ocr_par' dir='ltr' id='par_1_37' title="bbox 251 3606 1837 3698">
     <span class='ocr_line' id='line_1_37' title="bbox 251 3606 1837 3698; baseline 0.019 -43"><span class='ocrx_word' id='word_1_256' title='bbox 251 3606 325 3663; x_wconf 67' lang='grc' dir='ltr'>δὲ,</span> <span class='ocrx_word' id='word_1_257' title='bbox 365 3611 524 3677; x_wconf 64' lang='grc' dir='ltr'>φησι,</span> <span class='ocrx_word' id='word_1_258' title='bbox 579 3612 815 3684; x_wconf 78' lang='grc' dir='ltr'>διαφορά</span> <span class='ocrx_word' id='word_1_259' title='bbox 847 3634 928 3681; x_wconf 84' lang='grc' dir='ltr'><strong>τις</strong></span> <span class='ocrx_word' id='word_1_260' title='bbox 982 3621 1040 3672; x_wconf 81' lang='grc' dir='ltr'>ὲν</span> <span class='ocrx_word' id='word_1_261' title='bbox 1087 3621 1166 3690; x_wconf 85' lang='grc' dir='ltr'><strong>τῷ</strong></span> <span class='ocrx_word' id='word_1_262' title='bbox 1200 3623 1342 3691; x_wconf 80' lang='grc' dir='ltr'>λόγῳ</span> <span class='ocrx_word' id='word_1_263' title='bbox 1395 3627 1496 3696; x_wconf 79' lang='grc' dir='ltr'>τῆς</span> <span class='ocrx_word' id='word_1_264' title='bbox 1546 3634 1837 3698; x_wconf 73' lang='grc' dir='ltr'>μετανοίας</span> 
     </span>
    </p>
   </div>
   <div class='ocr_carea' id='block_1_38' title="bbox 256 3701 1836 3789">
    <p class='ocr_par' dir='ltr' id='par_1_38' title="bbox 256 3701 1836 3789">
     <span class='ocr_line' id='line_1_38' title="bbox 256 3701 1836 3789; baseline 0.019 -41"><span class='ocrx_word' id='word_1_265' title='bbox 256 3701 475 3771; x_wconf 69' lang='grc' dir='ltr'>τοιαύτη</span> <span class='ocrx_word' id='word_1_266' title='bbox 505 3719 518 3730; x_wconf 92' lang='grc'><strong>·</strong></span> <span class='ocrx_word' id='word_1_267' title='bbox 553 3705 583 3756; x_wconf 74' lang='grc' dir='ltr'>ὁ</span> <span class='ocrx_word' id='word_1_268' title='bbox 617 3707 718 3772; x_wconf 83' lang='grc' dir='ltr'>μὲν</span> <span class='ocrx_word' id='word_1_269' title='bbox 772 3709 865 3777; x_wconf 78' lang='grc' dir='ltr'><strong>ἀφ’</strong></span> <span class='ocrx_word' id='word_1_270' title='bbox 902 3710 1099 3765; x_wconf 77' lang='grc' dir='ltr'>ἑαυτοῦ</span> <span class='ocrx_word' id='word_1_271' title='bbox 1155 3716 1291 3783; x_wconf 83' lang='grc' dir='ltr'>πρὸς</span> <span class='ocrx_word' id='word_1_272' title='bbox 1333 3717 1433 3789; x_wconf 77' lang='grc' dir='ltr'>τὴν</span> <span class='ocrx_word' id='word_1_273' title='bbox 1480 3721 1836 3789; x_wconf 77' lang='grc' dir='ltr'>ὲξαγόρευσιν</span> 
     </span>
    </p>
   </div>
   <div class='ocr_carea' id='block_1_39' title="bbox 252 3791 1835 3877">
    <p class='ocr_par' dir='ltr' id='par_1_39' title="bbox 252 3791 1835 3877">
     <span class='ocr_line' id='line_1_39' title="bbox 252 3791 1835 3877; baseline 0.019 -37"><span class='ocrx_word' id='word_1_274' title='bbox 252 3791 347 3858; x_wconf 66' lang='grc' dir='ltr'>τῆ,</span> <span class='ocrx_word' id='word_1_275' title='bbox 396 3796 679 3865; x_wconf 53' lang='grc' dir='ltr'>ἁμαρτίας</span> <span class='ocrx_word' id='word_1_276' title='bbox 734 3804 1011 3870; x_wconf 85' lang='grc' dir='ltr'>ὁρμήσας,</span> <span class='ocrx_word' id='word_1_277' title='bbox 1065 3805 1198 3859; x_wconf 79' lang='grc' dir='ltr'>αὐτὸ</span> <span class='ocrx_word' id='word_1_278' title='bbox 1228 3808 1288 3861; x_wconf 80' lang='grc' dir='ltr'>τὸ</span> <span class='ocrx_word' id='word_1_279' title='bbox 1335 3813 1739 3877; x_wconf 77' lang='grc' dir='ltr'>καταδέξασθαι</span> <span class='ocrx_word' id='word_1_280' title='bbox 1768 3817 1835 3870; x_wconf 82' lang='grc' dir='ltr'>δι’</span> 
     </span>
    </p>
   </div>
   <div class='ocr_carea' id='block_1_40' title="bbox 254 3887 1837 3977">
    <p class='ocr_par' dir='ltr' id='par_1_40' title="bbox 254 3887 1837 3977">
     <span class='ocr_line' id='line_1_40' title="bbox 254 3887 1837 3977; baseline 0.015 -40"><span class='ocrx_word' id='word_1_281' title='bbox 254 3887 461 3951; x_wconf 76' lang='grc' dir='ltr'>οἰκείας</span> <span class='ocrx_word' id='word_1_282' title='bbox 492 3891 674 3960; x_wconf 72' lang='grc' dir='ltr'>ὁρμῆς</span> <span class='ocrx_word' id='word_1_283' title='bbox 703 3895 960 3960; x_wconf 80' lang='grc' dir='ltr'>γενέσθαι</span> <span class='ocrx_word' id='word_1_284' title='bbox 991 3899 1098 3952; x_wconf 86' lang='grc' dir='ltr'><strong>τῶν</strong></span> <span class='ocrx_word' id='word_1_285' title='bbox 1126 3904 1375 3973; x_wconf 85' lang='grc' dir='ltr'>κρυφίων</span> <span class='ocrx_word' id='word_1_286' title='bbox 1399 3909 1727 3977; x_wconf 79' lang='grc' dir='ltr'>κατήγορος.</span> <span class='ocrx_word' id='word_1_287' title='bbox 1760 3913 1837 3974; x_wconf 82' lang='grc' dir='ltr'>ὡς</span> 
     </span>
    </p>
   </div>
   <div class='ocr_carea' id='block_1_41' title="bbox 257 3981 1838 4069">
    <p class='ocr_par' dir='ltr' id='par_1_41' title="bbox 257 3981 1838 4069">
     <span class='ocr_line' id='line_1_41' title="bbox 257 3981 1838 4069; baseline 0.016 -40"><span class='ocrx_word' id='word_1_288' title='bbox 257 3981 352 4048; x_wconf 63' lang='grc' dir='ltr'><strong>ἤδη</strong></span> <span class='ocrx_word' id='word_1_289' title='bbox 384 3983 481 4051; x_wconf 78' lang='grc' dir='ltr'>τῆς</span> <span class='ocrx_word' id='word_1_290' title='bbox 518 3984 818 4051; x_wconf 78' lang='grc' dir='ltr'>Θεραπείας</span> <span class='ocrx_word' id='word_1_291' title='bbox 852 3989 1185 4060; x_wconf 79' lang='grc' dir='ltr'>ἀρξάμενος,</span> <span class='ocrx_word' id='word_1_292' title='bbox 1220 3996 1838 4069; x_wconf 75' lang='grc' dir='ltr'>ὲνφιλανθρωποτέροις</span> 
     </span>
    </p>
   </div>
   <div class='ocr_carea' id='block_1_42' title="bbox 256 4075 1834 4164">
    <p class='ocr_par' dir='ltr' id='par_1_42' title="bbox 256 4075 1834 4164">
     <span class='ocr_line' id='line_1_42' title="bbox 256 4075 1834 4164; baseline 0.015 -41"><span class='ocrx_word' id='word_1_293' title='bbox 256 4075 465 4137; x_wconf 60' lang='grc' dir='ltr'>γίνεται</span> <span class='ocrx_word' id='word_1_294' title='bbox 482 4082 611 4140; x_wconf 74' lang='grc' dir='ltr'>’τοῖς</span> <span class='ocrx_word' id='word_1_295' title='bbox 640 4082 960 4149; x_wconf 75' lang='grc' dir='ltr'>ἐπιτιμίοις.</span> <span class='ocrx_word' id='word_1_296' title='bbox 980 4084 1041 4136; x_wconf 81' lang='grc'><strong>’0</strong></span> <span class='ocrx_word' id='word_1_297' title='bbox 1065 4086 1121 4138; x_wconf 76' lang='grc' dir='ltr'>δὲ</span> <span class='ocrx_word' id='word_1_298' title='bbox 1143 4089 1423 4158; x_wconf 76' lang='grc' dir='ltr'>φωραθεὶς</span> <span class='ocrx_word' id='word_1_299' title='bbox 1444 4092 1537 4143; x_wconf 69' lang='grc' dir='ltr'><strong>ἐπὶ</strong></span> <span class='ocrx_word' id='word_1_300' title='bbox 1556 4092 1633 4160; x_wconf 83' lang='grc' dir='ltr'><strong>τῷ</strong></span> <span class='ocrx_word' id='word_1_301' title='bbox 1659 4094 1834 4164; x_wconf 78' lang='grc' dir='ltr'>κακῷ,</span> 
     </span>
    </p>
   </div>
   <div class='ocr_carea' id='block_1_43' title="bbox 255 4166 1840 4255">
    <p class='ocr_par' dir='ltr' id='par_1_43' title="bbox 255 4166 1840 4255">
     <span class='ocr_line' id='line_1_43' title="bbox 255 4166 1840 4255; baseline 0.015 -38"><span class='ocrx_word' id='word_1_302' title='bbox 255 4168 285 4232; x_wconf 77' lang='grc' dir='ltr'>ἢ</span> <span class='ocrx_word' id='word_1_303' title='bbox 317 4166 403 4219; x_wconf 83' lang='grc' dir='ltr'><strong>διά</strong></span> <span class='ocrx_word' id='word_1_304' title='bbox 422 4185 575 4232; x_wconf 85' lang='grc' dir='ltr'>τινος</span> <span class='ocrx_word' id='word_1_305' title='bbox 602 4172 836 4242; x_wconf 68' lang='grc' dir='ltr'>ὑποψίας</span> <span class='ocrx_word' id='word_1_306' title='bbox 862 4175 894 4245; x_wconf 80' lang='grc' dir='ltr'>ἢ</span> <span class='ocrx_word' id='word_1_307' title='bbox 928 4182 1269 4249; x_wconf 80' lang='grc' dir='ltr'>κατηγορίας</span> <span class='ocrx_word' id='word_1_308' title='bbox 1292 4183 1650 4255; x_wconf 71' lang='grc' dir='ltr'>ἀπελεγχθεὶς</span> <span class='ocrx_word' id='word_1_309' title='bbox 1676 4189 1840 4240; x_wconf 84' lang='grc' dir='ltr'>ἀκου-</span> 
     </span>
    </p>
   </div>
   <div class='ocr_carea' id='block_1_44' title="bbox 259 4257 1837 4345">
    <p class='ocr_par' dir='ltr' id='par_1_44' title="bbox 259 4257 1837 4345">
     <span class='ocr_line' id='line_1_44' title="bbox 259 4257 1837 4345; baseline 0.015 -39"><span class='ocrx_word' id='word_1_310' title='bbox 259 4257 405 4323; x_wconf 80' lang='grc' dir='ltr'>σίως,</span> <span class='ocrx_word' id='word_1_311' title='bbox 442 4262 503 4313; x_wconf 76' lang='grc' dir='ltr'>ἐν</span> <span class='ocrx_word' id='word_1_312' title='bbox 536 4264 909 4336; x_wconf 77' lang='grc' dir='ltr'>ἑπιτεταμένῃ</span> <span class='ocrx_word' id='word_1_313' title='bbox 953 4268 1165 4334; x_wconf 86' lang='grc' dir='ltr'>γίνεται</span> <span class='ocrx_word' id='word_1_314' title='bbox 1210 4274 1275 4341; x_wconf 83' lang='grc' dir='ltr'>τῇ</span> <span class='ocrx_word' id='word_1_315' title='bbox 1318 4275 1651 4345; x_wconf 78' lang='grc' dir='ltr'>ἐπιστροφῇ,</span> <span class='ocrx_word' id='word_1_316' title='bbox 1693 4276 1837 4329; x_wconf 80' lang='grc' dir='ltr'>ὥστε</span> 
     </span>
    </p>
   </div>
   <div class='ocr_carea' id='block_1_45' title="bbox 257 4351 1838 4438">
    <p class='ocr_par' dir='ltr' id='par_1_45' title="bbox 257 4351 1838 4438">
     <span class='ocr_line' id='line_1_45' title="bbox 257 4351 1838 4438; baseline 0.014 -38"><span class='ocrx_word' id='word_1_317' title='bbox 257 4351 663 4418; x_wconf 77' lang='grc' dir='ltr'>καθαρισθέντα</span> <span class='ocrx_word' id='word_1_318' title='bbox 710 4355 780 4409; x_wconf 83' lang='grc' dir='ltr'><strong>δι’</strong></span> <span class='ocrx_word' id='word_1_319' title='bbox 839 4358 1130 4428; x_wconf 78' lang='grc' dir='ltr'>ἀκριϐείας</span> <span class='ocrx_word' id='word_1_320' title='bbox 1182 4364 1569 4430; x_wconf 79' lang='grc' dir='ltr'>αὑτὸν,οὖτως</span> <span class='ocrx_word' id='word_1_321' title='bbox 1601 4370 1691 4420; x_wconf 68' lang='grc' dir='ltr'><strong>ἐπὶ</strong></span> <span class='ocrx_word' id='word_1_322' title='bbox 1739 4369 1838 4438; x_wconf 84' lang='grc' dir='ltr'>τὴν</span> 
     </span>
    </p>
   </div>
   <div class='ocr_carea' id='block_1_46' title="bbox 256 4442 1838 4531">
    <p class='ocr_par' dir='ltr' id='par_1_46' title="bbox 256 4442 1838 4531">
     <span class='ocr_line' id='line_1_46' title="bbox 256 4442 1838 4531; baseline 0.015 -40"><span class='ocrx_word' id='word_1_323' title='bbox 256 4442 361 4493; x_wconf 80' lang='grc' dir='ltr'>τῶν</span> <span class='ocrx_word' id='word_1_324' title='bbox 396 4444 765 4514; x_wconf 79' lang='grc' dir='ltr'>ἁγιασμάτων</span> <span class='ocrx_word' id='word_1_325' title='bbox 794 4449 970 4503; x_wconf 79' lang='grc' dir='ltr'>ἐλθεῖν</span> <span class='ocrx_word' id='word_1_326' title='bbox 994 4456 1307 4508; x_wconf 83' lang='grc' dir='ltr'>κοινωνίαν.</span> <span class='ocrx_word' id='word_1_327' title='bbox 1343 4458 1507 4527; x_wconf 85' lang='grc' dir='ltr'>Ζήτει</span> <span class='ocrx_word' id='word_1_328' title='bbox 1543 4460 1638 4512; x_wconf 76' lang='grc' dir='ltr'>καὶ</span> <span class='ocrx_word' id='word_1_329' title='bbox 1670 4463 1727 4513; x_wconf 80' lang='grc' dir='ltr'>ὲν</span> <span class='ocrx_word' id='word_1_330' title='bbox 1760 4460 1838 4531; x_wconf 79' lang='grc' dir='ltr'>τῷ</span> 
     </span>
    </p>
   </div>
   <div class='ocr_carea' id='block_1_47' title="bbox 1922 578 3503 648">
    <p class='ocr_par' dir='ltr' id='par_1_47' title="bbox 1922 578 3503 648">
     <span class='ocr_line' id='line_1_47' title="bbox 1922 578 3503 648; baseline -0.003 -12"><span class='ocrx_word' id='word_1_331' title='bbox 1922 583 2145 637; x_wconf 82' lang='lat' dir='ltr'><strong>tentiam</strong></span> <span class='ocrx_word' id='word_1_332' title='bbox 2180 578 2622 643; x_wconf 86' lang='lat' dir='ltr'><strong>ostendentibus,</strong></span> <span class='ocrx_word' id='word_1_333' title='bbox 2659 579 2766 633; x_wconf 85' lang='lat' dir='ltr'><strong>illis</strong></span> <span class='ocrx_word' id='word_1_334' title='bbox 2802 579 2980 648; x_wconf 80' lang='lat' dir='ltr'><strong>placet</strong></span> <span class='ocrx_word' id='word_1_335' title='bbox 3019 578 3305 631; x_wconf 83' lang='lat' dir='ltr'><strong>dellnitum</strong></span> <span class='ocrx_word' id='word_1_336' title='bbox 3328 592 3503 647; x_wconf 57' lang='lat' dir='ltr'><strong>poena:</strong></span> 
     </span>
    </p>
   </div>
   <div class='ocr_carea' id='block_1_48' title="bbox 1923 668 3505 741">
    <p class='ocr_par' dir='ltr' id='par_1_48' title="bbox 1923 668 3505 741">
     <span class='ocr_line' id='line_1_48' title="bbox 1923 668 3505 741; baseline -0.004 -15"><span class='ocrx_word' id='word_1_337' title='bbox 1923 682 2138 741; x_wconf 84' lang='lat' dir='ltr'><strong>tempus</strong></span> <span class='ocrx_word' id='word_1_338' title='bbox 2197 672 2483 736; x_wconf 82' lang='lat' dir='ltr'><strong>minuere;</strong></span> <span class='ocrx_word' id='word_1_339' title='bbox 2565 668 2864 739; x_wconf 78' lang='lat' dir='ltr'><strong>Scriptura:</strong></span> <span class='ocrx_word' id='word_1_340' title='bbox 2926 670 3200 740; x_wconf 75' lang='lat' dir='ltr'><strong>siquidem</strong></span> <span class='ocrx_word' id='word_1_341' title='bbox 3275 668 3505 723; x_wconf 75' lang='lat' dir='ltr'><strong>historia</strong></span> 
     </span>
    </p>
   </div>
   <div class='ocr_carea' id='block_1_49' title="bbox 1922 761 3507 833">
    <p class='ocr_par' dir='ltr' id='par_1_49' title="bbox 1922 761 3507 833">
     <span class='ocr_line' id='line_1_49' title="bbox 1922 761 3507 833; baseline -0.001 -15"><span class='ocrx_word' id='word_1_342' title='bbox 1922 764 2085 819; x_wconf 88' lang='lat' dir='ltr'><strong>nobis</strong></span> <span class='ocrx_word' id='word_1_343' title='bbox 2111 763 2469 819; x_wconf 83' lang='lat' dir='ltr'><strong>manifestum</strong></span> <span class='ocrx_word' id='word_1_344' title='bbox 2506 761 2765 825; x_wconf 89' lang='lat' dir='ltr'><strong>faciente,</strong></span> <span class='ocrx_word' id='word_1_345' title='bbox 2792 764 2938 832; x_wconf 91' lang='lat' dir='ltr'><strong>quod</strong></span> <span class='ocrx_word' id='word_1_346' title='bbox 2972 764 3064 833; x_wconf 93' lang='lat' dir='ltr'><strong>qui</strong></span> <span class='ocrx_word' id='word_1_347' title='bbox 3096 762 3289 832; x_wconf 84' lang='lat' dir='ltr'><strong>majori</strong></span> <span class='ocrx_word' id='word_1_348' title='bbox 3320 762 3507 816; x_wconf 86' lang='lat' dir='ltr'><strong>labore</strong></span> 
     </span>
    </p>
   </div>
   <div class='ocr_carea' id='block_1_50' title="bbox 1922 856 3505 927">
    <p class='ocr_par' dir='ltr' id='par_1_50' title="bbox 1922 856 3505 927">
     <span class='ocr_line' id='line_1_50' title="bbox 1922 856 3505 927; baseline -0.002 -15"><span class='ocrx_word' id='word_1_349' title='bbox 1922 858 2277 924; x_wconf 71' lang='lat' dir='ltr'><strong>confiteantur,</strong></span> <span class='ocrx_word' id='word_1_350' title='bbox 2300 872 2396 913; x_wconf 85' lang='lat' dir='ltr'><strong>eos</strong></span> <span class='ocrx_word' id='word_1_351' title='bbox 2418 856 2513 912; x_wconf 86' lang='lat' dir='ltr'><strong>Dei</strong></span> <span class='ocrx_word' id='word_1_352' title='bbox 2545 857 2984 913; x_wconf 86' lang='lat' dir='ltr'><strong>misericordiam</strong></span> <span class='ocrx_word' id='word_1_353' title='bbox 3006 857 3172 912; x_wconf 86' lang='lat' dir='ltr'><strong>citius</strong></span> <span class='ocrx_word' id='word_1_354' title='bbox 3193 856 3505 927; x_wconf 80' lang='lat' dir='ltr'><strong>apprehen-</strong></span> 
     </span>
    </p>
   </div>
   <div class='ocr_carea' id='block_1_51' title="bbox 1924 949 2078 1006">
    <p class='ocr_par' dir='ltr' id='par_1_51' title="bbox 1924 949 2078 1006">
     <span class='ocr_line' id='line_1_51' title="bbox 1924 949 2078 1006; baseline -0.019 0"><span class='ocrx_word' id='word_1_355' title='bbox 1924 949 2078 1006; x_wconf 84' lang='lat' dir='ltr'><strong>dere.</strong></span> 
     </span>
    </p>
   </div>
   <div class='ocr_carea' id='block_1_52' title="bbox 1993 1040 3511 1113">
    <p class='ocr_par' dir='ltr' id='par_1_52' title="bbox 1993 1040 3511 1113">
     <span class='ocr_line' id='line_1_52' title="bbox 1993 1040 3511 1113; baseline -0.001 -17"><span class='ocrx_word' id='word_1_356' title='bbox 1993 1041 2267 1113; x_wconf 75' lang='lat' dir='ltr'><strong>Tempore</strong></span> <span class='ocrx_word' id='word_1_357' title='bbox 2318 1058 2483 1113; x_wconf 90' lang='lat' dir='ltr'><strong>porro</strong></span> <span class='ocrx_word' id='word_1_358' title='bbox 2536 1043 2873 1099; x_wconf 75' lang='lat' dir='ltr'><strong>sanctissimi</strong></span> <span class='ocrx_word' id='word_1_359' title='bbox 2923 1041 3251 1113; x_wconf 65' lang='lat' dir='ltr'><strong>patriarchae</strong></span> <span class='ocrx_word' id='word_1_360' title='bbox 3313 1040 3511 1109; x_wconf 57' lang='lat' dir='ltr'><strong>Lucas,</strong></span> 
     </span>
    </p>
   </div>
   <div class='ocr_carea' id='block_1_53' title="bbox 1925 1134 3513 1205">
    <p class='ocr_par' dir='ltr' id='par_1_53' title="bbox 1925 1134 3513 1205">
     <span class='ocr_line' id='line_1_53' title="bbox 1925 1134 3513 1205; baseline 0 -16"><span class='ocrx_word' id='word_1_361' title='bbox 1925 1134 2100 1190; x_wconf 83' lang='lat' dir='ltr'><strong>milite</strong></span> <span class='ocrx_word' id='word_1_362' title='bbox 2142 1136 2382 1205; x_wconf 89' lang='lat' dir='ltr'><strong>quodam</strong></span> <span class='ocrx_word' id='word_1_363' title='bbox 2430 1136 2636 1192; x_wconf 65' lang='lat' dir='ltr'><strong>cadem</strong></span> <span class='ocrx_word' id='word_1_364' title='bbox 2693 1136 3061 1191; x_wconf 83' lang='lat' dir='ltr'><strong>voluntariam</strong></span> <span class='ocrx_word' id='word_1_365' title='bbox 3109 1137 3513 1200; x_wconf 85' lang='lat' dir='ltr'><strong>committente,</strong></span> 
     </span>
    </p>
   </div>
   <div class='ocr_carea' id='block_1_54' title="bbox 1926 1227 3515 1299">
    <p class='ocr_par' dir='ltr' id='par_1_54' title="bbox 1926 1227 3515 1299">
     <span class='ocr_line' id='line_1_54' title="bbox 1926 1227 3515 1299; baseline 0.001 -18"><span class='ocrx_word' id='word_1_366' title='bbox 1926 1227 2225 1296; x_wconf 86' lang='lat' dir='ltr'><strong>episcopus</strong></span> <span class='ocrx_word' id='word_1_367' title='bbox 2252 1228 2473 1297; x_wconf 87' lang='lat' dir='ltr'><strong>quidam</strong></span> <span class='ocrx_word' id='word_1_368' title='bbox 2504 1236 2627 1298; x_wconf 91' lang='lat' dir='ltr'><strong>post</strong></span> <span class='ocrx_word' id='word_1_369' title='bbox 2649 1229 2807 1284; x_wconf 84' lang='lat' dir='ltr'><strong>valde</strong></span> <span class='ocrx_word' id='word_1_370' title='bbox 2831 1229 3107 1284; x_wconf 90' lang='lat' dir='ltr'><strong>modicum</strong></span> <span class='ocrx_word' id='word_1_371' title='bbox 3128 1238 3349 1299; x_wconf 85' lang='lat' dir='ltr'><strong>tempus</strong></span> <span class='ocrx_word' id='word_1_372' title='bbox 3370 1228 3515 1283; x_wconf 85' lang='lat' dir='ltr'><strong>datis</strong></span> 
     </span>
    </p>
   </div>
   <div class='ocr_carea' id='block_1_55' title="bbox 1926 1320 3517 1392">
    <p class='ocr_par' dir='ltr' id='par_1_55' title="bbox 1926 1320 3517 1392">
     <span class='ocr_line' id='line_1_55' title="bbox 1926 1320 3517 1392; baseline -0.002 -16"><span class='ocrx_word' id='word_1_373' title='bbox 1926 1320 2175 1389; x_wconf 81' lang='lat' dir='ltr'><strong>scriptis</strong></span> <span class='ocrx_word' id='word_1_374' title='bbox 2206 1321 2611 1375; x_wconf 83' lang='lat' dir='ltr'><strong>absolutionem</strong></span> <span class='ocrx_word' id='word_1_375' title='bbox 2663 1321 2739 1376; x_wconf 89' lang='lat' dir='ltr'><strong>illi</strong></span> <span class='ocrx_word' id='word_1_376' title='bbox 2792 1322 3089 1383; x_wconf 76' lang='lat' dir='ltr'><strong>concessit,</strong></span> <span class='ocrx_word' id='word_1_377' title='bbox 3134 1331 3189 1376; x_wconf 91' lang='lat' dir='ltr'><strong>et</strong></span> <span class='ocrx_word' id='word_1_378' title='bbox 3234 1338 3264 1376; x_wconf 89' lang='lat' dir='ltr'><strong>a</strong></span> <span class='ocrx_word' id='word_1_379' title='bbox 3308 1320 3517 1392; x_wconf 83' lang='lat' dir='ltr'><strong>synodo</strong></span> 
     </span>
    </p>
   </div>
   <div class='ocr_carea' id='block_1_56' title="bbox 1928 1412 3513 1481">
    <p class='ocr_par' dir='ltr' id='par_1_56' title="bbox 1928 1412 3513 1481">
     <span class='ocr_line' id='line_1_56' title="bbox 1928 1412 3513 1481; baseline -0.001 -16"><span class='ocrx_word' id='word_1_380' title='bbox 1928 1412 2354 1477; x_wconf 89' lang='lat' dir='ltr'><strong>condemnatus,</strong></span> <span class='ocrx_word' id='word_1_381' title='bbox 2419 1422 2745 1481; x_wconf 63' lang='lat' dir='ltr'><strong>prasentem</strong></span> <span class='ocrx_word' id='word_1_382' title='bbox 2810 1429 3082 1469; x_wconf 88' lang='lat' dir='ltr'><strong>canonem</strong></span> <span class='ocrx_word' id='word_1_383' title='bbox 3149 1413 3203 1467; x_wconf 93' lang='lat' dir='ltr'><strong>in</strong></span> <span class='ocrx_word' id='word_1_384' title='bbox 3270 1412 3513 1467; x_wconf 89' lang='lat' dir='ltr'><strong>medium</strong></span> 
     </span>
    </p>
   </div>
   <div class='ocr_carea' id='block_1_57' title="bbox 1926 1501 3517 1574">
    <p class='ocr_par' dir='ltr' id='par_1_57' title="bbox 1926 1501 3517 1574">
     <span class='ocr_line' id='line_1_57' title="bbox 1926 1501 3517 1574; baseline 0.001 -19"><span class='ocrx_word' id='word_1_385' title='bbox 1926 1501 2155 1555; x_wconf 89' lang='lat' dir='ltr'><strong>attulit:</strong></span> <span class='ocrx_word' id='word_1_386' title='bbox 2188 1501 2284 1555; x_wconf 88' lang='lat' dir='ltr'><strong>sed</strong></span> <span class='ocrx_word' id='word_1_387' title='bbox 2335 1516 2660 1571; x_wconf 89' lang='lat' dir='ltr'><strong>responsum</strong></span> <span class='ocrx_word' id='word_1_388' title='bbox 2709 1504 2944 1574; x_wconf 82' lang='lat' dir='ltr'><strong>accepit,</strong></span> <span class='ocrx_word' id='word_1_389' title='bbox 2994 1505 3141 1574; x_wconf 89' lang='lat' dir='ltr'><strong>quod</strong></span> <span class='ocrx_word' id='word_1_390' title='bbox 3175 1504 3517 1559; x_wconf 80' lang='lat' dir='ltr'><strong>antistitibus</strong></span> 
     </span>
    </p>
   </div>
   <div class='ocr_carea' id='block_1_58' title="bbox 1928 1593 3519 1666">
    <p class='ocr_par' dir='ltr' id='par_1_58' title="bbox 1928 1593 3519 1666">
     <span class='ocr_line' id='line_1_58' title="bbox 1928 1593 3519 1666; baseline 0.001 -18"><span class='ocrx_word' id='word_1_391' title='bbox 1928 1608 2261 1648; x_wconf 85' lang='lat' dir='ltr'><strong>concessum</strong></span> <span class='ocrx_word' id='word_1_392' title='bbox 2320 1593 2424 1648; x_wconf 85' lang='lat' dir='ltr'><strong>fuit</strong></span> <span class='ocrx_word' id='word_1_393' title='bbox 2470 1610 2743 1649; x_wconf 88' lang='lat' dir='ltr'><strong>canonum</strong></span> <span class='ocrx_word' id='word_1_394' title='bbox 2799 1612 2988 1665; x_wconf 71' lang='lat' dir='ltr'><strong>pmnas</strong></span> <span class='ocrx_word' id='word_1_395' title='bbox 3041 1598 3123 1652; x_wconf 88' lang='lat' dir='ltr'><strong>vel</strong></span> <span class='ocrx_word' id='word_1_396' title='bbox 3170 1612 3375 1666; x_wconf 84' lang='lat' dir='ltr'><strong>augere</strong></span> <span class='ocrx_word' id='word_1_397' title='bbox 3437 1596 3519 1649; x_wconf 76' lang='lat' dir='ltr'><strong>vel</strong></span> 
     </span>
    </p>
   </div>
   <div class='ocr_carea' id='block_1_59' title="bbox 1930 1684 3520 1760">
    <p class='ocr_par' dir='ltr' id='par_1_59' title="bbox 1930 1684 3520 1760">
     <span class='ocr_line' id='line_1_59' title="bbox 1930 1684 3520 1760; baseline 0.004 -21"><span class='ocrx_word' id='word_1_398' title='bbox 1930 1684 2224 1751; x_wconf 89' lang='lat' dir='ltr'><strong>minuere,</strong></span> <span class='ocrx_word' id='word_1_399' title='bbox 2290 1702 2397 1741; x_wconf 91' lang='lat' dir='ltr'><strong>non</strong></span> <span class='ocrx_word' id='word_1_400' title='bbox 2462 1698 2645 1742; x_wconf 86' lang='lat' dir='ltr'><strong>autem</strong></span> <span class='ocrx_word' id='word_1_401' title='bbox 2711 1690 3050 1758; x_wconf 76' lang='lat' dir='ltr'><strong>inexplorata</strong></span> <span class='ocrx_word' id='word_1_402' title='bbox 3110 1698 3165 1745; x_wconf 91' lang='lat' dir='ltr'><strong>et</strong></span> <span class='ocrx_word' id='word_1_403' title='bbox 3228 1698 3520 1760; x_wconf 83' lang='lat' dir='ltr'><strong>arrogante</strong></span> 
     </span>
    </p>
   </div>
   <div class='ocr_carea' id='block_1_60' title="bbox 1931 1774 3517 1850">
    <p class='ocr_par' dir='ltr' id='par_1_60' title="bbox 1931 1774 3517 1850">
     <span class='ocr_line' id='line_1_60' title="bbox 1931 1774 3517 1850; baseline 0.005 -23"><span class='ocrx_word' id='word_1_404' title='bbox 1931 1774 2270 1829; x_wconf 83' lang='lat' dir='ltr'><strong>demissione</strong></span> <span class='ocrx_word' id='word_1_405' title='bbox 2344 1777 2459 1840; x_wconf 88' lang='lat' dir='ltr'><strong>uti;</strong></span> <span class='ocrx_word' id='word_1_406' title='bbox 2530 1779 2676 1832; x_wconf 88' lang='lat' dir='ltr'><strong>unde</strong></span> <span class='ocrx_word' id='word_1_407' title='bbox 2731 1780 2963 1833; x_wconf 86' lang='lat' dir='ltr'><strong>militem</strong></span> <span class='ocrx_word' id='word_1_408' title='bbox 3024 1780 3244 1849; x_wconf 80' lang='lat' dir='ltr'><strong>quidem</strong></span> <span class='ocrx_word' id='word_1_409' title='bbox 3306 1783 3517 1850; x_wconf 68' lang='lat' dir='ltr'><strong>pinnis,</strong></span> 
     </span>
    </p>
   </div>
   <div class='ocr_carea' id='block_1_61' title="bbox 1933 1868 3519 1941">
    <p class='ocr_par' dir='ltr' id='par_1_61' title="bbox 1933 1868 3519 1941">
     <span class='ocr_line' id='line_1_61' title="bbox 1933 1868 3519 1941; baseline 0.006 -24"><span class='ocrx_word' id='word_1_410' title='bbox 1933 1880 2069 1933; x_wconf 85' lang='lat' dir='ltr'><strong>quas</strong></span> <span class='ocrx_word' id='word_1_411' title='bbox 2087 1881 2329 1921; x_wconf 83' lang='lat' dir='ltr'><strong>canones</strong></span> <span class='ocrx_word' id='word_1_412' title='bbox 2352 1868 2598 1937; x_wconf 71' lang='lat' dir='ltr'><strong>exigunt,</strong></span> <span class='ocrx_word' id='word_1_413' title='bbox 2622 1870 2867 1941; x_wconf 84' lang='lat' dir='ltr'><strong>synodus</strong></span> <span class='ocrx_word' id='word_1_414' title='bbox 2887 1872 3145 1940; x_wconf 85' lang='lat' dir='ltr'><strong>subjecit,</strong></span> <span class='ocrx_word' id='word_1_415' title='bbox 3180 1874 3249 1927; x_wconf 90' lang='lat' dir='ltr'><strong>ab</strong></span> <span class='ocrx_word' id='word_1_416' title='bbox 3274 1876 3519 1928; x_wconf 85' lang='lat' dir='ltr'><strong>antistite</strong></span> 
     </span>
    </p>
   </div>
   <div class='ocr_carea' id='block_1_62' title="bbox 1933 1962 3521 2036">
    <p class='ocr_par' dir='ltr' id='par_1_62' title="bbox 1933 1962 3521 2036">
     <span class='ocr_line' id='line_1_62' title="bbox 1933 1962 3521 2036; baseline 0.004 -23"><span class='ocrx_word' id='word_1_417' title='bbox 1933 1973 2116 2014; x_wconf 89' lang='lat' dir='ltr'><strong>autem</strong></span> <span class='ocrx_word' id='word_1_418' title='bbox 2140 1962 2231 2030; x_wconf 87' lang='lat' dir='ltr'><strong>jus</strong></span> <span class='ocrx_word' id='word_1_419' title='bbox 2266 1964 2552 2036; x_wconf 66' lang='lat' dir='ltr'><strong>exigi-bat,</strong></span> <span class='ocrx_word' id='word_1_420' title='bbox 2588 1981 2783 2033; x_wconf 86' lang='lat' dir='ltr'><strong>nempe</strong></span> <span class='ocrx_word' id='word_1_421' title='bbox 2802 1966 2867 2018; x_wconf 85' lang='lat' dir='ltr'><strong>ad</strong></span> <span class='ocrx_word' id='word_1_422' title='bbox 2907 1975 3173 2020; x_wconf 89' lang='lat' dir='ltr'><strong>statutum</strong></span> <span class='ocrx_word' id='word_1_423' title='bbox 3209 1975 3420 2035; x_wconf 88' lang='lat' dir='ltr'><strong>tempus</strong></span> <span class='ocrx_word' id='word_1_424' title='bbox 3453 1968 3521 2019; x_wconf 88' lang='lat' dir='ltr'><strong>ab</strong></span> 
     </span>
    </p>
   </div>
   <div class='ocr_carea' id='block_1_63' title="bbox 1932 2052 2894 2124">
    <p class='ocr_par' dir='ltr' id='par_1_63' title="bbox 1932 2052 2894 2124">
     <span class='ocr_line' id='line_1_63' title="bbox 1932 2052 2894 2124; baseline 0.005 -18"><span class='ocrx_word' id='word_1_425' title='bbox 1932 2052 2419 2110; x_wconf 83' lang='lat' dir='ltr'><strong>administratione</strong></span> <span class='ocrx_word' id='word_1_426' title='bbox 2450 2058 2894 2124; x_wconf 79' lang='lat' dir='ltr'><strong>snspensionem.</strong></span> 
     </span>
    </p>
   </div>
   <div class='ocr_carea' id='block_1_64' title="bbox 2011 2145 3518 2222">
    <p class='ocr_par' dir='ltr' id='par_1_64' title="bbox 2011 2145 3518 2222">
     <span class='ocr_line' id='line_1_64' title="bbox 2011 2145 3518 2222; baseline 0.005 -22"><span class='ocrx_word' id='word_1_427' title='bbox 2011 2145 2241 2216; x_wconf 75' lang='lat' dir='ltr'><strong>Magnus</strong></span> <span class='ocrx_word' id='word_1_428' title='bbox 2279 2147 2583 2219; x_wconf 76' lang='lat' dir='ltr'><strong>Gregorius</strong></span> <span class='ocrx_word' id='word_1_429' title='bbox 2645 2149 2928 2222; x_wconf 79' lang='lat' dir='ltr'><strong>Nyssenus</strong></span> <span class='ocrx_word' id='word_1_430' title='bbox 2975 2152 3028 2205; x_wconf 93' lang='lat' dir='ltr'><strong>in</strong></span> <span class='ocrx_word' id='word_1_431' title='bbox 3084 2152 3246 2206; x_wconf 91' lang='lat' dir='ltr'><strong>tertio</strong></span> <span class='ocrx_word' id='word_1_432' title='bbox 3284 2167 3518 2213; x_wconf 79' lang='lat' dir='ltr'><strong>canane.</strong></span> 
     </span>
    </p>
   </div>
   <div class='ocr_carea' id='block_1_65' title="bbox 1935 2237 3518 2316">
    <p class='ocr_par' dir='ltr' id='par_1_65' title="bbox 1935 2237 3518 2316">
     <span class='ocr_line' id='line_1_65' title="bbox 1935 2237 3518 2316; baseline 0.006 -24"><span class='ocrx_word' id='word_1_433' title='bbox 1935 2237 2030 2304; x_wconf 85' lang='lat' dir='ltr'><strong>iis,</strong></span> <span class='ocrx_word' id='word_1_434' title='bbox 2062 2240 2157 2309; x_wconf 89' lang='lat' dir='ltr'><strong>qui</strong></span> <span class='ocrx_word' id='word_1_435' title='bbox 2194 2240 2534 2311; x_wconf 85' lang='lat' dir='ltr'><strong>diligentiori</strong></span> <span class='ocrx_word' id='word_1_436' title='bbox 2560 2243 2923 2298; x_wconf 70' lang='lat' dir='ltr'><strong>conversione</strong></span> <span class='ocrx_word' id='word_1_437' title='bbox 2951 2245 3033 2297; x_wconf 89' lang='lat' dir='ltr'><strong>usi</strong></span> <span class='ocrx_word' id='word_1_438' title='bbox 3064 2244 3287 2309; x_wconf 82' lang='lat' dir='ltr'><strong>fuerint,</strong></span> <span class='ocrx_word' id='word_1_439' title='bbox 3319 2247 3518 2316; x_wconf 85' lang='lat' dir='ltr'><strong>inquit,</strong></span> 
     </span>
    </p>
   </div>
   <div class='ocr_carea' id='block_1_66' title="bbox 1934 2331 3519 2408">
    <p class='ocr_par' dir='ltr' id='par_1_66' title="bbox 1934 2331 3519 2408">
     <span class='ocr_line' id='line_1_66' title="bbox 1934 2331 3519 2408; baseline 0.005 -21"><span class='ocrx_word' id='word_1_440' title='bbox 1934 2342 1989 2387; x_wconf 89' lang='lat' dir='ltr'><strong>et</strong></span> <span class='ocrx_word' id='word_1_441' title='bbox 2020 2331 2131 2387; x_wconf 74' lang='lat' dir='ltr'><strong>vita</strong></span> <span class='ocrx_word' id='word_1_442' title='bbox 2160 2334 2230 2387; x_wconf 88' lang='lat' dir='ltr'><strong>ad</strong></span> <span class='ocrx_word' id='word_1_443' title='bbox 2266 2334 2319 2388; x_wconf 90' lang='lat' dir='ltr'><strong>id</strong></span> <span class='ocrx_word' id='word_1_444' title='bbox 2344 2337 2494 2404; x_wconf 89' lang='lat' dir='ltr'><strong>quod</strong></span> <span class='ocrx_word' id='word_1_445' title='bbox 2528 2336 2733 2389; x_wconf 86' lang='lat' dir='ltr'><strong>bonum</strong></span> <span class='ocrx_word' id='word_1_446' title='bbox 2766 2346 2853 2390; x_wconf 87' lang='lat' dir='ltr'><strong>est</strong></span> <span class='ocrx_word' id='word_1_447' title='bbox 2877 2338 3115 2392; x_wconf 88' lang='lat' dir='ltr'><strong>reditum</strong></span> <span class='ocrx_word' id='word_1_448' title='bbox 3150 2341 3519 2408; x_wconf 84' lang='lat' dir='ltr'><strong>ostenderint,</strong></span> 
     </span>
    </p>
   </div>
   <div class='ocr_carea' id='block_1_67' title="bbox 1935 2423 3521 2504">
    <p class='ocr_par' dir='ltr' id='par_1_67' title="bbox 1935 2423 3521 2504">
     <span class='ocr_line' id='line_1_67' title="bbox 1935 2423 3521 2504; baseline 0.008 -27"><span class='ocrx_word' id='word_1_449' title='bbox 1935 2423 2065 2480; x_wconf 88' lang='lat' dir='ltr'><strong>licet</strong></span> <span class='ocrx_word' id='word_1_450' title='bbox 2092 2424 2168 2491; x_wconf 87' lang='lat' dir='ltr'><strong>ci,</strong></span> <span class='ocrx_word' id='word_1_451' title='bbox 2196 2427 2290 2496; x_wconf 88' lang='lat' dir='ltr'><strong>qui</strong></span> <span class='ocrx_word' id='word_1_452' title='bbox 2322 2428 2625 2498; x_wconf 86' lang='lat' dir='ltr'><strong>dispensat,</strong></span> <span class='ocrx_word' id='word_1_453' title='bbox 2661 2445 2759 2499; x_wconf 90' lang='lat' dir='ltr'><strong>pro</strong></span> <span class='ocrx_word' id='word_1_454' title='bbox 2788 2432 3026 2488; x_wconf 76' lang='lat' dir='ltr'><strong>utilitate</strong></span> <span class='ocrx_word' id='word_1_455' title='bbox 3059 2445 3272 2504; x_wconf 86' lang='lat' dir='ltr'><strong>tempus</strong></span> <span class='ocrx_word' id='word_1_456' title='bbox 3302 2445 3521 2489; x_wconf 90' lang='lat' dir='ltr'><strong>contra-</strong></span> 
     </span>
    </p>
   </div>
   <div class='ocr_carea' id='block_1_68' title="bbox 1936 2517 3519 2599">
    <p class='ocr_par' dir='ltr' id='par_1_68' title="bbox 1936 2517 3519 2599">
     <span class='ocr_line' id='line_1_68' title="bbox 1936 2517 3519 2599; baseline 0.006 -28"><span class='ocrx_word' id='word_1_457' title='bbox 1936 2517 2088 2583; x_wconf 83' lang='lat' dir='ltr'><strong>here,</strong></span> <span class='ocrx_word' id='word_1_458' title='bbox 2118 2529 2175 2573; x_wconf 89' lang='lat' dir='ltr'><strong>et</strong></span> <span class='ocrx_word' id='word_1_459' title='bbox 2196 2520 2433 2575; x_wconf 85' lang='lat' dir='ltr'><strong>celerius</strong></span> <span class='ocrx_word' id='word_1_460' title='bbox 2456 2523 2564 2577; x_wconf 85' lang='lat' dir='ltr'><strong>illis</strong></span> <span class='ocrx_word' id='word_1_461' title='bbox 2586 2528 3039 2581; x_wconf 89' lang='lat' dir='ltr'><strong>communionem</strong></span> <span class='ocrx_word' id='word_1_462' title='bbox 3064 2527 3317 2595; x_wconf 82' lang='lat' dir='ltr'><strong>reddere,</strong></span> <span class='ocrx_word' id='word_1_463' title='bbox 3355 2536 3519 2599; x_wconf 86' lang='lat' dir='ltr'><strong>prout</strong></span> 
     </span>
    </p>
   </div>
   <div class='ocr_carea' id='block_1_69' title="bbox 1935 2609 3521 2693">
    <p class='ocr_par' dir='ltr' id='par_1_69' title="bbox 1935 2609 3521 2693">
     <span class='ocr_line' id='line_1_69' title="bbox 1935 2609 3521 2693; baseline 0.009 -29"><span class='ocrx_word' id='word_1_464' title='bbox 1935 2609 2075 2679; x_wconf 83' lang='lat' dir='ltr'><strong>ejus,</strong></span> <span class='ocrx_word' id='word_1_465' title='bbox 2107 2614 2195 2667; x_wconf 90' lang='lat' dir='ltr'><strong>cui</strong></span> <span class='ocrx_word' id='word_1_466' title='bbox 2225 2614 2432 2670; x_wconf 88' lang='lat' dir='ltr'><strong>medela</strong></span> <span class='ocrx_word' id='word_1_467' title='bbox 2466 2619 2788 2683; x_wconf 83' lang='lat' dir='ltr'><strong>adhibetur,</strong></span> <span class='ocrx_word' id='word_1_468' title='bbox 2821 2622 3276 2677; x_wconf 89' lang='lat' dir='ltr'><strong>constitutionem</strong></span> <span class='ocrx_word' id='word_1_469' title='bbox 3318 2639 3521 2693; x_wconf 87' lang='lat' dir='ltr'><strong>appro-</strong></span> 
     </span>
    </p>
   </div>
   <div class='ocr_carea' id='block_1_70' title="bbox 1938 2704 3521 2787">
    <p class='ocr_par' dir='ltr' id='par_1_70' title="bbox 1938 2704 3521 2787">
     <span class='ocr_line' id='line_1_70' title="bbox 1938 2704 3521 2787; baseline 0.01 -29"><span class='ocrx_word' id='word_1_470' title='bbox 1938 2704 2104 2761; x_wconf 89' lang='lat' dir='ltr'><strong>barit.</strong></span> <span class='ocrx_word' id='word_1_471' title='bbox 2135 2706 2609 2772; x_wconf 82' lang='lat' dir='ltr'><strong>Quemadmodum</strong></span> <span class='ocrx_word' id='word_1_472' title='bbox 2638 2713 2783 2767; x_wconf 90' lang='lat' dir='ltr'><strong>enim</strong></span> <span class='ocrx_word' id='word_1_473' title='bbox 2820 2716 2999 2782; x_wconf 89' lang='lat' dir='ltr'><strong>porcis</strong></span> <span class='ocrx_word' id='word_1_474' title='bbox 3034 2717 3358 2786; x_wconf 78' lang='lat' dir='ltr'><strong>margaritas</strong></span> <span class='ocrx_word' id='word_1_475' title='bbox 3394 2734 3521 2787; x_wconf 84' lang='lat' dir='ltr'><strong>pro-</strong></span> 
     </span>
    </p>
   </div>
   <div class='ocr_carea' id='block_1_71' title="bbox 1931 2796 3518 2880">
    <p class='ocr_par' dir='ltr' id='par_1_71' title="bbox 1931 2796 3518 2880">
     <span class='ocr_line' id='line_1_71' title="bbox 1931 2796 3518 2880; baseline 0.009 -29"><span class='ocrx_word' id='word_1_476' title='bbox 1931 2796 2106 2867; x_wconf 84' lang='lat' dir='ltr'><strong>jicere</strong></span> <span class='ocrx_word' id='word_1_477' title='bbox 2136 2801 2365 2855; x_wconf 87' lang='lat' dir='ltr'><strong>vetitum</strong></span> <span class='ocrx_word' id='word_1_478' title='bbox 2394 2811 2500 2866; x_wconf 89' lang='lat' dir='ltr'><strong>est,</strong></span> <span class='ocrx_word' id='word_1_479' title='bbox 2536 2804 2606 2857; x_wconf 90' lang='lat' dir='ltr'><strong>ita</strong></span> <span class='ocrx_word' id='word_1_480' title='bbox 2636 2815 2690 2859; x_wconf 88' lang='lat' dir='ltr'><strong>et</strong></span> <span class='ocrx_word' id='word_1_481' title='bbox 2714 2809 2951 2875; x_wconf 85' lang='lat' dir='ltr'><strong>pretiosa</strong></span> <span class='ocrx_word' id='word_1_482' title='bbox 2982 2808 3277 2880; x_wconf 60' lang='lat' dir='ltr'><strong>margarita</strong></span> <span class='ocrx_word' id='word_1_483' title='bbox 3300 2812 3518 2880; x_wconf 82' lang='lat' dir='ltr'><strong>privare</strong></span> 
     </span>
    </p>
   </div>
   <div class='ocr_carea' id='block_1_72' title="bbox 1937 2890 3516 2967">
    <p class='ocr_par' dir='ltr' id='par_1_72' title="bbox 1937 2890 3516 2967">
     <span class='ocr_line' id='line_1_72' title="bbox 1937 2890 3516 2967; baseline 0.01 -25"><span class='ocrx_word' id='word_1_484' title='bbox 1937 2903 2084 2952; x_wconf 85' lang='lat' dir='ltr'><strong>eum,</strong></span> <span class='ocrx_word' id='word_1_485' title='bbox 2112 2890 2205 2960; x_wconf 89' lang='lat' dir='ltr'><strong>qui</strong></span> <span class='ocrx_word' id='word_1_486' title='bbox 2258 2890 2370 2959; x_wconf 91' lang='lat' dir='ltr'><strong>jam</strong></span> <span class='ocrx_word' id='word_1_487' title='bbox 2426 2908 2523 2963; x_wconf 87' lang='lat' dir='ltr'><strong>per</strong></span> <span class='ocrx_word' id='word_1_488' title='bbox 2570 2898 2951 2967; x_wconf 77' lang='lat' dir='ltr'><strong>purgationem</strong></span> <span class='ocrx_word' id='word_1_489' title='bbox 3014 2909 3070 2956; x_wconf 87' lang='lat' dir='ltr'><strong>et</strong></span> <span class='ocrx_word' id='word_1_490' title='bbox 3127 2903 3516 2959; x_wconf 88' lang='lat' dir='ltr'><strong>alienationem</strong></span> 
     </span>
    </p>
   </div>
   <div class='ocr_carea' id='block_1_73' title="bbox 1937 2984 3519 3067">
    <p class='ocr_par' dir='ltr' id='par_1_73' title="bbox 1937 2984 3519 3067">
     <span class='ocr_line' id='line_1_73' title="bbox 1937 2984 3519 3067; baseline 0.01 -28"><span class='ocrx_word' id='word_1_491' title='bbox 1937 2999 1968 3039; x_wconf 84' lang='lat' dir='ltr'><strong>a</strong></span> <span class='ocrx_word' id='word_1_492' title='bbox 2024 2985 2156 3040; x_wconf 86' lang='lat' dir='ltr'><strong>vitio</strong></span> <span class='ocrx_word' id='word_1_493' title='bbox 2197 2984 2508 3064; x_wconf 41' lang='lat' dir='ltr'><strong>faetns\est</strong></span> <span class='ocrx_word' id='word_1_494' title='bbox 2554 2990 2743 3057; x_wconf 85' lang='lat' dir='ltr'><strong>homo,</strong></span> <span class='ocrx_word' id='word_1_495' title='bbox 2778 2994 3079 3047; x_wconf 88' lang='lat' dir='ltr'><strong>absurdum</strong></span> <span class='ocrx_word' id='word_1_496' title='bbox 3139 3007 3244 3051; x_wconf 85' lang='lat' dir='ltr'><strong>est.</strong></span> <span class='ocrx_word' id='word_1_497' title='bbox 3301 2998 3519 3067; x_wconf 89' lang='lat' dir='ltr'><strong>Ubique</strong></span> 
     </span>
    </p>
   </div>
   <div class='ocr_carea' id='block_1_74' title="bbox 1937 3075 3518 3157">
    <p class='ocr_par' dir='ltr' id='par_1_74' title="bbox 1937 3075 3518 3157">
     <span class='ocr_line' id='line_1_74' title="bbox 1937 3075 3518 3157; baseline 0.011 -28"><span class='ocrx_word' id='word_1_498' title='bbox 1937 3075 2083 3130; x_wconf 87' lang='lat' dir='ltr'><strong>enim</strong></span> <span class='ocrx_word' id='word_1_499' title='bbox 2120 3078 2174 3130; x_wconf 92' lang='lat' dir='ltr'><strong>in</strong></span> <span class='ocrx_word' id='word_1_500' title='bbox 2212 3080 2423 3148; x_wconf 86' lang='lat' dir='ltr'><strong>peccati</strong></span> <span class='ocrx_word' id='word_1_501' title='bbox 2467 3082 2653 3149; x_wconf 88' lang='lat' dir='ltr'><strong>specie</strong></span> <span class='ocrx_word' id='word_1_502' title='bbox 2685 3083 2789 3139; x_wconf 89' lang='lat' dir='ltr'><strong>hoc</strong></span> <span class='ocrx_word' id='word_1_503' title='bbox 2814 3088 3127 3157; x_wconf 88' lang='lat' dir='ltr'><strong>perspicere</strong></span> <span class='ocrx_word' id='word_1_504' title='bbox 3160 3100 3285 3143; x_wconf 84' lang='lat' dir='ltr'><strong>ante</strong></span> <span class='ocrx_word' id='word_1_505' title='bbox 3331 3093 3518 3147; x_wconf 89' lang='lat' dir='ltr'><strong>omnia</strong></span> 
     </span>
    </p>
   </div>
   <div class='ocr_carea' id='block_1_75' title="bbox 1858 3168 3517 3263">
    <p class='ocr_par' dir='ltr' id='par_1_75' title="bbox 1858 3168 3517 3263">
     <span class='ocr_line' id='line_1_75' title="bbox 1858 3168 3517 3263; baseline 0.011 -44"><span class='ocrx_word' id='word_1_506' title='bbox 1858 3200 1903 3263; x_wconf 70' lang='grc' dir='ltr'>Ο</span> <span class='ocrx_word' id='word_1_507' title='bbox 1939 3168 2215 3232; x_wconf 81' lang='lat' dir='ltr'><strong>convenit,</strong></span> <span class='ocrx_word' id='word_1_508' title='bbox 2254 3171 2435 3237; x_wconf 84' lang='lat' dir='ltr'><strong>qualis</strong></span> <span class='ocrx_word' id='word_1_509' title='bbox 2469 3180 2553 3227; x_wconf 87' lang='lat' dir='ltr'><strong>est</strong></span> <span class='ocrx_word' id='word_1_510' title='bbox 2596 3173 2763 3242; x_wconf 89' lang='lat' dir='ltr'><strong>illius,</strong></span> <span class='ocrx_word' id='word_1_511' title='bbox 2821 3179 2909 3231; x_wconf 90' lang='lat' dir='ltr'><strong>cui</strong></span> <span class='ocrx_word' id='word_1_512' title='bbox 2947 3179 3156 3235; x_wconf 88' lang='lat' dir='ltr'><strong>medela</strong></span> <span class='ocrx_word' id='word_1_513' title='bbox 3197 3181 3517 3251; x_wconf 86' lang='lat' dir='ltr'><strong>adhibetur,</strong></span> 
     </span>
    </p>
   </div>
   <div class='ocr_carea' id='block_1_76' title="bbox 1938 3256 3519 3349">
    <p class='ocr_par' dir='ltr' id='par_1_76' title="bbox 1938 3256 3519 3349">
     <span class='ocr_line' id='line_1_76' title="bbox 1938 3256 3519 3349; baseline 0.015 -39"><span class='ocrx_word' id='word_1_514' title='bbox 1938 3256 2252 3327; x_wconf 85' lang='lat' dir='ltr'><strong>dispositio,</strong></span> <span class='ocrx_word' id='word_1_515' title='bbox 2315 3272 2370 3316; x_wconf 83' lang='lat' dir='ltr'><strong>et</strong></span> <span class='ocrx_word' id='word_1_516' title='bbox 2429 3279 2538 3319; x_wconf 91' lang='lat' dir='ltr'><strong>non</strong></span> <span class='ocrx_word' id='word_1_517' title='bbox 2589 3266 2656 3320; x_wconf 91' lang='lat' dir='ltr'><strong>ad</strong></span> <span class='ocrx_word' id='word_1_518' title='bbox 2694 3268 2961 3325; x_wconf 82' lang='lat' dir='ltr'><strong>medelam</strong></span> <span class='ocrx_word' id='word_1_519' title='bbox 3012 3273 3259 3331; x_wconf 76' lang='lat' dir='ltr'><strong>suﬂicere</strong></span> <span class='ocrx_word' id='word_1_520' title='bbox 3303 3287 3519 3349; x_wconf 85' lang='lat' dir='ltr'><strong>tempus</strong></span> 
     </span>
    </p>
   </div>
   <div class='ocr_carea' id='block_1_77' title="bbox 1935 3349 3521 3439">
    <p class='ocr_par' dir='ltr' id='par_1_77' title="bbox 1935 3349 3521 3439">
     <span class='ocr_line' id='line_1_77' title="bbox 1935 3349 3521 3439; baseline 0.017 -40"><span class='ocrx_word' id='word_1_521' title='bbox 1935 3349 2272 3409; x_wconf 76' lang='lat' dir='ltr'><strong>existimare.</strong></span> <span class='ocrx_word' id='word_1_522' title='bbox 2297 3352 2445 3421; x_wconf 89' lang='lat' dir='ltr'><strong>(nam</strong></span> <span class='ocrx_word' id='word_1_523' title='bbox 2493 3371 2744 3425; x_wconf 73' lang='lat' dir='ltr'><strong>quamam</strong></span> <span class='ocrx_word' id='word_1_524' title='bbox 2776 3358 2983 3417; x_wconf 84' lang='lat' dir='ltr'><strong>medela</strong></span> <span class='ocrx_word' id='word_1_525' title='bbox 3019 3380 3048 3418; x_wconf 89' lang='lat' dir='ltr'><strong>a</strong></span> <span class='ocrx_word' id='word_1_526' title='bbox 3083 3366 3244 3438; x_wconf 76' lang='lat'><strong>179</strong></span> <span class='ocrx_word' id='word_1_527' title='bbox 3278 3376 3521 3439; x_wconf 85' lang='lat' dir='ltr'><strong>tempore</strong></span> 
     </span>
    </p>
   </div>
   <div class='ocr_carea' id='block_1_78' title="bbox 1939 3439 3516 3525">
    <p class='ocr_par' dir='ltr' id='par_1_78' title="bbox 1939 3439 3516 3525">
     <span class='ocr_line' id='line_1_78' title="bbox 1939 3439 3516 3525; baseline 0.015 -32"><span class='ocrx_word' id='word_1_528' title='bbox 1939 3439 2051 3509; x_wconf 85' lang='lat' dir='ltr'><strong>fit?)</strong></span> <span class='ocrx_word' id='word_1_529' title='bbox 2084 3443 2176 3498; x_wconf 86' lang='lat' dir='ltr'><strong>sed</strong></span> <span class='ocrx_word' id='word_1_530' title='bbox 2226 3445 2372 3501; x_wconf 91' lang='lat' dir='ltr'><strong>illius</strong></span> <span class='ocrx_word' id='word_1_531' title='bbox 2403 3448 2776 3516; x_wconf 68' lang='lat' dir='ltr'><strong>aﬂ‘ectioncm,</strong></span> <span class='ocrx_word' id='word_1_532' title='bbox 2811 3455 2905 3523; x_wconf 89' lang='lat' dir='ltr'><strong>qui</strong></span> <span class='ocrx_word' id='word_1_533' title='bbox 2950 3470 3047 3525; x_wconf 86' lang='lat' dir='ltr'><strong>per</strong></span> <span class='ocrx_word' id='word_1_534' title='bbox 3099 3460 3516 3516; x_wconf 77' lang='lat' dir='ltr'><strong>conversionem</strong></span> 
     </span>
    </p>
   </div>
   <div class='ocr_carea' id='block_1_79' title="bbox 1938 3532 3515 3615">
    <p class='ocr_par' dir='ltr' id='par_1_79' title="bbox 1938 3532 3515 3615">
     <span class='ocr_line' id='line_1_79' title="bbox 1938 3532 3515 3615; baseline 0.015 -30"><span class='ocrx_word' id='word_1_535' title='bbox 1938 3532 2040 3586; x_wconf 76' lang='lat' dir='ltr'><strong>sibi</strong></span> <span class='ocrx_word' id='word_1_536' title='bbox 2094 3537 2360 3592; x_wconf 83' lang='lat' dir='ltr'><strong>medetur.</strong></span> <span class='ocrx_word' id='word_1_537' title='bbox 2399 3539 2491 3594; x_wconf 83' lang='lat' dir='ltr'><strong>Est</strong></span> <span class='ocrx_word' id='word_1_538' title='bbox 2524 3557 2673 3603; x_wconf 82' lang='lat' dir='ltr'><strong>vero.</strong></span> <span class='ocrx_word' id='word_1_539' title='bbox 2700 3547 2896 3613; x_wconf 86' lang='lat' dir='ltr'><strong>inquit,</strong></span> <span class='ocrx_word' id='word_1_540' title='bbox 2930 3548 3179 3615; x_wconf 60' lang='lat' dir='ltr'><strong>quaedam</strong></span> <span class='ocrx_word' id='word_1_541' title='bbox 3208 3551 3515 3609; x_wconf 83' lang='lat' dir='ltr'><strong>dill&#39;erentia</strong></span> 
     </span>
    </p>
   </div>
   <div class='ocr_carea' id='block_1_80' title="bbox 1941 3623 3516 3708">
    <p class='ocr_par' dir='ltr' id='par_1_80' title="bbox 1941 3623 3516 3708">
     <span class='ocr_line' id='line_1_80' title="bbox 1941 3623 3516 3708; baseline 0.016 -34"><span class='ocrx_word' id='word_1_542' title='bbox 1941 3623 1991 3675; x_wconf 87' lang='lat' dir='ltr'><strong>in</strong></span> <span class='ocrx_word' id='word_1_543' title='bbox 2065 3629 2405 3694; x_wconf 61' lang='lat' dir='ltr'><strong>[territorium</strong></span> <span class='ocrx_word' id='word_1_544' title='bbox 2463 3635 2700 3698; x_wconf 87' lang='lat' dir='ltr'><strong>ratione,</strong></span> <span class='ocrx_word' id='word_1_545' title='bbox 2747 3638 3052 3705; x_wconf 86' lang='lat' dir='ltr'><strong>ejusmodi;</strong></span> <span class='ocrx_word' id='word_1_546' title='bbox 3106 3642 3198 3708; x_wconf 88' lang='lat' dir='ltr'><strong>qui</strong></span> <span class='ocrx_word' id='word_1_547' title='bbox 3253 3642 3396 3697; x_wconf 91' lang='lat' dir='ltr'><strong>enim</strong></span> <span class='ocrx_word' id='word_1_548' title='bbox 3453 3662 3516 3699; x_wconf 75' lang='lat' dir='ltr'><strong>ex</strong></span> 
     </span>
    </p>
   </div>
   <div class='ocr_carea' id='block_1_81' title="bbox 1940 3716 3523 3805">
    <p class='ocr_par' dir='ltr' id='par_1_81' title="bbox 1940 3716 3523 3805">
     <span class='ocr_line' id='line_1_81' title="bbox 1940 3716 3523 3805; baseline 0.013 -36"><span class='ocrx_word' id='word_1_549' title='bbox 1940 3716 2122 3783; x_wconf 78' lang='lat' dir='ltr'><strong>seipse</strong></span> <span class='ocrx_word' id='word_1_550' title='bbox 2150 3720 2216 3773; x_wconf 91' lang='lat' dir='ltr'><strong>ad</strong></span> <span class='ocrx_word' id='word_1_551' title='bbox 2240 3735 2469 3776; x_wconf 87' lang='lat' dir='ltr'><strong>suorum</strong></span> <span class='ocrx_word' id='word_1_552' title='bbox 2505 3735 2856 3793; x_wconf 86' lang='lat' dir='ltr'><strong>peccatorum</strong></span> <span class='ocrx_word' id='word_1_553' title='bbox 2880 3730 3285 3787; x_wconf 79' lang='lat' dir='ltr'><strong>confessionem</strong></span> <span class='ocrx_word' id='word_1_554' title='bbox 3322 3738 3523 3805; x_wconf 81' lang='lat' dir='ltr'><strong>impul-</strong></span> 
     </span>
    </p>
   </div>
   <div class='ocr_carea' id='block_1_82' title="bbox 1939 3819 3520 3891">
    <p class='ocr_par' dir='ltr' id='par_1_82' title="bbox 1939 3819 3520 3891">
     <span class='ocr_line' id='line_1_82' title="bbox 1939 3819 3520 3891; baseline 0.015 -29"><span class='ocrx_word' id='word_1_555' title='bbox 1939 3824 2036 3864; x_wconf 90' lang='lat' dir='ltr'><strong>sus</strong></span> <span class='ocrx_word' id='word_1_556' title='bbox 2066 3820 2171 3874; x_wconf 72' lang='lat' dir='ltr'><strong>est,</strong></span> <span class='ocrx_word' id='word_1_557' title='bbox 2199 3828 2266 3868; x_wconf 88' lang='lat' dir='ltr'><strong>eo</strong></span> <span class='ocrx_word' id='word_1_558' title='bbox 2310 3819 2453 3883; x_wconf 82' lang='lat' dir='ltr'><strong>quod</strong></span> <span class='ocrx_word' id='word_1_559' title='bbox 2484 3835 2582 3872; x_wconf 86' lang='lat' dir='ltr'><strong>sua</strong></span> <span class='ocrx_word' id='word_1_560' title='bbox 2632 3831 2826 3891; x_wconf 81' lang='lat' dir='ltr'><strong>sponte</strong></span> <span class='ocrx_word' id='word_1_561' title='bbox 2854 3825 3199 3881; x_wconf 89' lang='lat' dir='ltr'><strong>occultorum</strong></span> <span class='ocrx_word' id='word_1_562' title='bbox 3230 3841 3520 3885; x_wconf 86' lang='lat' dir='ltr'><strong>accusator</strong></span> 
     </span>
    </p>
   </div>
   <div class='ocr_carea' id='block_1_83' title="bbox 1938 3904 3522 3980">
    <p class='ocr_par' dir='ltr' id='par_1_83' title="bbox 1938 3904 3522 3980">
     <span class='ocr_line' id='line_1_83' title="bbox 1938 3904 3522 3980; baseline 0.015 -29"><span class='ocrx_word' id='word_1_563' title='bbox 1938 3914 2061 3952; x_wconf 87' lang='lat' dir='ltr'><strong>esse</strong></span> <span class='ocrx_word' id='word_1_564' title='bbox 2108 3904 2361 3965; x_wconf 66' lang='lat' dir='ltr'><strong>voluerit,</strong></span> <span class='ocrx_word' id='word_1_565' title='bbox 2435 3918 2491 3959; x_wconf 88' lang='lat' dir='ltr'><strong>ut</strong></span> <span class='ocrx_word' id='word_1_566' title='bbox 2553 3911 2644 3977; x_wconf 70' lang='lat' dir='ltr'><strong>qui</strong></span> <span class='ocrx_word' id='word_1_567' title='bbox 2702 3914 2813 3980; x_wconf 87' lang='lat' dir='ltr'><strong>jam</strong></span> <span class='ocrx_word' id='word_1_568' title='bbox 2871 3913 3199 3970; x_wconf 88' lang='lat' dir='ltr'><strong>medicinam</strong></span> <span class='ocrx_word' id='word_1_569' title='bbox 3259 3918 3522 3975; x_wconf 86' lang='lat' dir='ltr'><strong>adhibere</strong></span> 
     </span>
    </p>
   </div>
   <div class='ocr_carea' id='block_1_84' title="bbox 1940 3998 3521 4076">
    <p class='ocr_par' dir='ltr' id='par_1_84' title="bbox 1940 3998 3521 4076">
     <span class='ocr_line' id='line_1_84' title="bbox 1940 3998 3521 4076; baseline 0.012 -29"><span class='ocrx_word' id='word_1_570' title='bbox 1940 3998 2187 4061; x_wconf 70' lang='lat' dir='ltr'><strong>creperit,</strong></span> <span class='ocrx_word' id='word_1_571' title='bbox 2249 4001 2559 4054; x_wconf 82' lang='lat' dir='ltr'><strong>mitioribus</strong></span> <span class='ocrx_word' id='word_1_572' title='bbox 2610 4006 2784 4070; x_wconf 71' lang='lat' dir='ltr'><strong>pinnis</strong></span> <span class='ocrx_word' id='word_1_573' title='bbox 2831 4008 3147 4061; x_wconf 81' lang='lat' dir='ltr'><strong>mulctatur.</strong></span> <span class='ocrx_word' id='word_1_574' title='bbox 3190 4008 3293 4076; x_wconf 86' lang='lat' dir='ltr'><strong>Qui</strong></span> <span class='ocrx_word' id='word_1_575' title='bbox 3340 4024 3521 4068; x_wconf 86' lang='lat' dir='ltr'><strong>autem</strong></span> 
     </span>
    </p>
   </div>
   <div class='ocr_carea' id='block_1_85' title="bbox 1940 4085 3521 4173">
    <p class='ocr_par' dir='ltr' id='par_1_85' title="bbox 1940 4085 3521 4173">
     <span class='ocr_line' id='line_1_85' title="bbox 1940 4085 3521 4173; baseline 0.013 -35"><span class='ocrx_word' id='word_1_576' title='bbox 1940 4085 1996 4138; x_wconf 86' lang='lat' dir='ltr'><strong>in</strong></span> <span class='ocrx_word' id='word_1_577' title='bbox 2058 4092 2199 4140; x_wconf 89' lang='lat' dir='ltr'><strong>man</strong></span> <span class='ocrx_word' id='word_1_578' title='bbox 2252 4090 2630 4159; x_wconf 70' lang='lat' dir='ltr'><strong>deprehensus</strong></span> <span class='ocrx_word' id='word_1_579' title='bbox 2695 4106 2798 4161; x_wconf 85' lang='lat' dir='ltr'><strong>est,</strong></span> <span class='ocrx_word' id='word_1_580' title='bbox 2866 4100 2949 4151; x_wconf 85' lang='lat' dir='ltr'><strong>vel</strong></span> <span class='ocrx_word' id='word_1_581' title='bbox 3014 4111 3236 4169; x_wconf 79' lang='lat' dir='ltr'><strong>propter</strong></span> <span class='ocrx_word' id='word_1_582' title='bbox 3282 4104 3521 4173; x_wconf 82' lang='lat' dir='ltr'><strong>aliquam</strong></span> 
     </span>
    </p>
   </div>
   <div class='ocr_carea' id='block_1_86' title="bbox 1940 4180 3521 4265">
    <p class='ocr_par' dir='ltr' id='par_1_86' title="bbox 1940 4180 3521 4265">
     <span class='ocr_line' id='line_1_86' title="bbox 1940 4180 3521 4265; baseline 0.011 -33"><span class='ocrx_word' id='word_1_583' title='bbox 1940 4180 2305 4247; x_wconf 81' lang='lat' dir='ltr'><strong>suspicionem</strong></span> <span class='ocrx_word' id='word_1_584' title='bbox 2324 4185 2404 4237; x_wconf 78' lang='lat' dir='ltr'><strong>vel</strong></span> <span class='ocrx_word' id='word_1_585' title='bbox 2424 4189 2828 4243; x_wconf 78' lang='lat' dir='ltr'><strong>acrusationem</strong></span> <span class='ocrx_word' id='word_1_586' title='bbox 2856 4190 3102 4262; x_wconf 81' lang='lat' dir='ltr'><strong>ingratiis</strong></span> <span class='ocrx_word' id='word_1_587' title='bbox 3116 4197 3402 4252; x_wconf 82' lang='lat' dir='ltr'><strong>convictus</strong></span> <span class='ocrx_word' id='word_1_588' title='bbox 3418 4209 3521 4265; x_wconf 87' lang='lat' dir='ltr'><strong>est,</strong></span> 
     </span>
    </p>
   </div>
   <div class='ocr_carea' id='block_1_87' title="bbox 1942 4272 3522 4361">
    <p class='ocr_par' dir='ltr' id='par_1_87' title="bbox 1942 4272 3522 4361">
     <span class='ocr_line' id='line_1_87' title="bbox 1942 4272 3522 4361; baseline 0.013 -38"><span class='ocrx_word' id='word_1_589' title='bbox 1942 4272 2159 4341; x_wconf 87' lang='lat' dir='ltr'><strong>longius</strong></span> <span class='ocrx_word' id='word_1_590' title='bbox 2191 4275 2265 4327; x_wconf 92' lang='lat' dir='ltr'><strong>illi</strong></span> <span class='ocrx_word' id='word_1_591' title='bbox 2298 4279 2679 4334; x_wconf 71' lang='lat' dir='ltr'><strong>conversionis</strong></span> <span class='ocrx_word' id='word_1_592' title='bbox 2711 4292 2926 4353; x_wconf 85' lang='lat' dir='ltr'><strong>tempus</strong></span> <span class='ocrx_word' id='word_1_593' title='bbox 2956 4285 3140 4353; x_wconf 88' lang='lat' dir='ltr'><strong>datur,</strong></span> <span class='ocrx_word' id='word_1_594' title='bbox 3177 4298 3235 4342; x_wconf 90' lang='lat' dir='ltr'><strong>ut</strong></span> <span class='ocrx_word' id='word_1_595' title='bbox 3264 4290 3522 4361; x_wconf 78' lang='lat' dir='ltr'><strong>deinceps</strong></span> 
     </span>
    </p>
   </div>
   <div class='ocr_carea' id='block_1_88' title="bbox 1943 4364 3515 4438">
    <p class='ocr_par' dir='ltr' id='par_1_88' title="bbox 1943 4364 3515 4438">
     <span class='ocr_line' id='line_1_88' title="bbox 1943 4364 3515 4438; baseline 0.013 -21"><span class='ocrx_word' id='word_1_596' title='bbox 1943 4364 2185 4432; x_wconf 79' lang='lat' dir='ltr'><strong>perfecte</strong></span> <span class='ocrx_word' id='word_1_597' title='bbox 2217 4380 2506 4437; x_wconf 72' lang='lat' dir='ltr'><strong>purgatus,</strong></span> <span class='ocrx_word' id='word_1_598' title='bbox 2546 4374 2624 4426; x_wconf 91' lang='lat' dir='ltr'><strong>sic</strong></span> <span class='ocrx_word' id='word_1_599' title='bbox 2649 4376 2715 4429; x_wconf 90' lang='lat' dir='ltr'><strong>ad</strong></span> <span class='ocrx_word' id='word_1_600' title='bbox 2751 4388 3227 4434; x_wconf 86' lang='lat' dir='ltr'><strong>sacramentorum</strong></span> <span class='ocrx_word' id='word_1_601' title='bbox 3269 4398 3515 4438; x_wconf 86' lang='lat' dir='ltr'><strong>commn-</strong></span> 
     </span>
    </p>
   </div>
   <div class='ocr_carea' id='block_1_89' title="bbox 1945 4456 3524 4541">
    <p class='ocr_par' dir='ltr' id='par_1_89' title="bbox 1945 4456 3524 4541">
     <span class='ocr_line' id='line_1_89' title="bbox 1945 4456 3524 4541; baseline 0.013 -33"><span class='ocrx_word' id='word_1_602' title='bbox 1945 4456 2161 4512; x_wconf 86' lang='lat' dir='ltr'><strong>nionem</strong></span> <span class='ocrx_word' id='word_1_603' title='bbox 2214 4462 2561 4518; x_wconf 77' lang='lat' dir='ltr'><strong>admittatur.</strong></span> <span class='ocrx_word' id='word_1_604' title='bbox 2599 4467 2824 4531; x_wconf 64' lang='lat' dir='ltr'><strong>Qumras</strong></span> <span class='ocrx_word' id='word_1_605' title='bbox 2875 4470 2927 4523; x_wconf 94' lang='lat' dir='ltr'><strong>in</strong></span> <span class='ocrx_word' id='word_1_606' title='bbox 2979 4471 3047 4524; x_wconf 70' lang='lat'><strong>32</strong></span> <span class='ocrx_word' id='word_1_607' title='bbox 3077 4487 3198 4541; x_wconf 85' lang='lat' dir='ltr'><strong>cap.</strong></span> <span class='ocrx_word' id='word_1_608' title='bbox 3253 4474 3445 4528; x_wconf 73' lang='lat' dir='ltr'><strong>littora.-</strong></span> <span class='ocrx_word' id='word_1_609' title='bbox 3484 4477 3524 4528; x_wconf 67' lang='lat' dir='ltr'><strong>li</strong></span> 
     </span>
    </p>
   </div>
   <div class='ocr_carea' id='block_1_90' title="bbox 257 4532 1936 4635">
    <p class='ocr_par' dir='ltr' id='par_1_90' title="bbox 257 4532 1916 4620">
     <span class='ocr_line' id='line_1_90' title="bbox 257 4532 1916 4620; baseline 0.014 -35"><span class='ocrx_word' id='word_1_610' title='bbox 257 4532 331 4598; x_wconf 58' lang='grc' dir='ltr'>ἂρ’</span> <span class='ocrx_word' id='word_1_611' title='bbox 367 4554 495 4603; x_wconf 80' lang='grc' dir='ltr'>κεφ.</span> <span class='ocrx_word' id='word_1_612' title='bbox 532 4538 628 4591; x_wconf 70' lang='grc' dir='ltr'>τοῦ</span> <span class='ocrx_word' id='word_1_613' title='bbox 666 4540 706 4593; x_wconf 86' lang='lat' dir='ltr'><strong>E</strong></span> <span class='ocrx_word' id='word_1_614' title='bbox 759 4545 1029 4611; x_wconf 71' lang='grc' dir='ltr'>στοιχείου</span> <span class='ocrx_word' id='word_1_615' title='bbox 1081 4549 1281 4601; x_wconf 83' lang='grc' dir='ltr'>κανόνα</span> <span class='ocrx_word' id='word_1_616' title='bbox 1318 4553 1414 4603; x_wconf 84' lang='grc' dir='ltr'>τοῦ</span> <span class='ocrx_word' id='word_1_617' title='bbox 1461 4553 1700 4620; x_wconf 83' lang='grc' dir='ltr'>μεγάλου</span> <span class='ocrx_word' id='word_1_618' title='bbox 1740 4555 1843 4607; x_wconf 85' lang='grc' dir='ltr'><strong>Βα-</strong></span> <span class='ocrx_word' id='word_1_619' title='bbox 1873 4543 1916 4597; x_wconf 74' lang='grc' dir='ltr'><strong>ι)</strong></span> 
     </span>
    </p>
   </div>
   <div class='ocr_carea' id='block_1_91' title="bbox 1844 4532 3523 4635">
    <p class='ocr_par' dir='ltr' id='par_1_91' title="bbox 1873 4543 3523 4635">
     <span class='ocr_line' id='line_1_91' title="bbox 1873 4543 3523 4635; baseline 0.014 -37"><span class='ocrx_word' id='word_1_620' title='bbox 1873 4543 1916 4597; x_wconf 85' lang='lat' dir='ltr'><strong>D</strong></span> <span class='ocrx_word' id='word_1_621' title='bbox 1947 4563 2213 4605; x_wconf 87' lang='lat' dir='ltr'><strong>canonem</strong></span> <span class='ocrx_word' id='word_1_622' title='bbox 2241 4552 2310 4607; x_wconf 76' lang='lat'><strong>8‘2</strong></span> <span class='ocrx_word' id='word_1_623' title='bbox 2346 4558 2525 4625; x_wconf 77' lang='lat' dir='ltr'><strong>magni</strong></span> <span class='ocrx_word' id='word_1_624' title='bbox 2557 4558 2767 4625; x_wconf 84' lang='lat' dir='ltr'><strong>Basilii,</strong></span> <span class='ocrx_word' id='word_1_625' title='bbox 2798 4572 2849 4615; x_wconf 86' lang='lat' dir='ltr'><strong>ct</strong></span> <span class='ocrx_word' id='word_1_626' title='bbox 2878 4561 2929 4615; x_wconf 94' lang='lat' dir='ltr'><strong>in</strong></span> <span class='ocrx_word' id='word_1_627' title='bbox 2982 4562 3052 4617; x_wconf 76' lang='lat'><strong>23</strong></span> <span class='ocrx_word' id='word_1_628' title='bbox 3100 4580 3219 4635; x_wconf 80' lang='lat' dir='ltr'><strong>cap.</strong></span> <span class='ocrx_word' id='word_1_629' title='bbox 3256 4565 3450 4619; x_wconf 63' lang='lat' dir='ltr'><strong>littera?</strong></span> <span class='ocrx_word' id='word_1_630' title='bbox 3482 4569 3523 4621; x_wconf 80' lang='grc' dir='ltr'>Κ</span> 
     </span>
    </p>
   </div>
   <div class='ocr_carea' id='block_1_92' title="bbox 259 4629 1840 4716">
    <p class='ocr_par' dir='ltr' id='par_1_92' title="bbox 259 4629 1840 4716">
     <span class='ocr_line' id='line_1_92' title="bbox 259 4629 1840 4716; baseline 0.016 -39"><span class='ocrx_word' id='word_1_631' title='bbox 259 4629 455 4682; x_wconf 58' lang='lat' dir='ltr'><strong>caietae</strong></span> <span class='ocrx_word' id='word_1_632' title='bbox 496 4630 608 4699; x_wconf 67' lang='lat'><strong>1:,3&#39;,</strong></span> <span class='ocrx_word' id='word_1_633' title='bbox 641 4634 736 4685; x_wconf 78' lang='grc' dir='ltr'>καὶ</span> <span class='ocrx_word' id='word_1_634' title='bbox 766 4637 825 4688; x_wconf 76' lang='grc' dir='ltr'>ἐν</span> <span class='ocrx_word' id='word_1_635' title='bbox 853 4638 932 4706; x_wconf 84' lang='grc' dir='ltr'>τῷ</span> <span class='ocrx_word' id='word_1_636' title='bbox 966 4644 1052 4705; x_wconf 82' lang='grc' dir='ltr'>κγ’</span> <span class='ocrx_word' id='word_1_637' title='bbox 1082 4656 1207 4708; x_wconf 85' lang='grc' dir='ltr'>κεφ.</span> <span class='ocrx_word' id='word_1_638' title='bbox 1239 4642 1331 4694; x_wconf 81' lang='grc' dir='ltr'>τοῦ</span> <span class='ocrx_word' id='word_1_639' title='bbox 1356 4644 1401 4695; x_wconf 83' lang='grc' dir='ltr'>Κ</span> <span class='ocrx_word' id='word_1_640' title='bbox 1434 4647 1702 4716; x_wconf 84' lang='grc' dir='ltr'>στοιχείου</span> <span class='ocrx_word' id='word_1_641' title='bbox 1736 4666 1840 4702; x_wconf 88' lang='grc' dir='ltr'>κα-</span> 
     </span>
    </p>
   </div>
   <div class='ocr_carea' id='block_1_93' title="bbox 1945 4640 3524 4725">
    <p class='ocr_par' dir='ltr' id='par_1_93' title="bbox 1945 4640 3524 4725">
     <span class='ocr_line' id='line_1_93' title="bbox 1945 4640 3524 4725; baseline 0.011 -32"><span class='ocrx_word' id='word_1_642' title='bbox 1945 4640 2191 4710; x_wconf 88' lang='lat' dir='ltr'><strong>ejusdem</strong></span> <span class='ocrx_word' id='word_1_643' title='bbox 2224 4652 2399 4701; x_wconf 83' lang='lat' dir='ltr'><strong>sancti</strong></span> <span class='ocrx_word' id='word_1_644' title='bbox 2430 4666 2696 4703; x_wconf 79' lang='lat' dir='ltr'><strong>canonem</strong></span> <span class='ocrx_word' id='word_1_645' title='bbox 2722 4652 2783 4707; x_wconf 79' lang='lat'><strong>6|</strong></span> <span class='ocrx_word' id='word_1_646' title='bbox 2807 4693 2821 4719; x_wconf 93' lang='lat'><strong>,</strong></span> <span class='ocrx_word' id='word_1_647' title='bbox 2858 4662 2912 4708; x_wconf 88' lang='lat' dir='ltr'><strong>ct</strong></span> <span class='ocrx_word' id='word_1_648' title='bbox 2948 4655 3001 4708; x_wconf 93' lang='lat' dir='ltr'><strong>in</strong></span> <span class='ocrx_word' id='word_1_649' title='bbox 3032 4655 3064 4709; x_wconf 90' lang='lat'><strong>8</strong></span> <span class='ocrx_word' id='word_1_650' title='bbox 3100 4671 3223 4725; x_wconf 85' lang='lat' dir='ltr'><strong>cap.</strong></span> <span class='ocrx_word' id='word_1_651' title='bbox 3257 4657 3449 4711; x_wconf 61' lang='lat' dir='ltr'><strong>litterae</strong></span> <span class='ocrx_word' id='word_1_652' title='bbox 3486 4660 3524 4710; x_wconf 86' lang='grc' dir='ltr'>Σ</span> 
     </span>
    </p>
   </div>
   <div class='ocr_carea' id='block_1_94' title="bbox 258 4721 1937 4817">
    <p class='ocr_par' dir='ltr' id='par_1_94' title="bbox 258 4721 1844 4805">
     <span class='ocr_line' id='line_1_94' title="bbox 258 4721 1844 4805; baseline 0.016 -37"><span class='ocrx_word' id='word_1_653' title='bbox 258 4721 375 4771; x_wconf 79' lang='grc' dir='ltr'>νόνα</span> <span class='ocrx_word' id='word_1_654' title='bbox 422 4722 519 4775; x_wconf 79' lang='grc' dir='ltr'>τοῦ</span> <span class='ocrx_word' id='word_1_655' title='bbox 566 4726 732 4780; x_wconf 71' lang='grc' dir='ltr'>αὑτοῦ</span> <span class='ocrx_word' id='word_1_656' title='bbox 771 4728 869 4793; x_wconf 65' lang='lat'><strong>52’,</strong></span> <span class='ocrx_word' id='word_1_657' title='bbox 905 4732 999 4784; x_wconf 75' lang='grc' dir='ltr'>καὶ</span> <span class='ocrx_word' id='word_1_658' title='bbox 1028 4732 1087 4783; x_wconf 81' lang='grc' dir='ltr'><strong>έν</strong></span> <span class='ocrx_word' id='word_1_659' title='bbox 1118 4732 1192 4802; x_wconf 85' lang='grc' dir='ltr'>τῷ</span> <span class='ocrx_word' id='word_1_660' title='bbox 1224 4733 1273 4805; x_wconf 85' lang='grc' dir='ltr'><strong>η’</strong></span> <span class='ocrx_word' id='word_1_661' title='bbox 1304 4752 1431 4805; x_wconf 86' lang='grc' dir='ltr'>κεφ.</span> <span class='ocrx_word' id='word_1_662' title='bbox 1480 4738 1575 4789; x_wconf 83' lang='grc' dir='ltr'>τοῦ</span> <span class='ocrx_word' id='word_1_663' title='bbox 1619 4740 1657 4792; x_wconf 86' lang='grc' dir='ltr'><strong>Σ</strong></span> <span class='ocrx_word' id='word_1_664' title='bbox 1701 4759 1844 4794; x_wconf 81' lang='grc' dir='ltr'>στοι-</span> 
     </span>
    </p>
   </div>
   <div class='ocr_carea' id='block_1_95' title="bbox 1840 4721 3519 4817">
    <p class='ocr_par' dir='ltr' id='par_1_95' title="bbox 1840 4721 3519 4817">
     <span class='ocr_line' id='line_1_95' title="bbox 1840 4721 3519 4817; baseline 0.014 -35"><span class='ocrx_word' id='word_1_665' title='bbox 1840 4772 1844 4782; x_wconf 92' lang='grc'>.</span> <span class='ocrx_word' id='word_1_666' title='bbox 1941 4733 2189 4801; x_wconf 86' lang='lat' dir='ltr'><strong>ejusdem</strong></span> <span class='ocrx_word' id='word_1_667' title='bbox 2253 4753 2519 4794; x_wconf 74' lang='lat' dir='ltr'><strong>cauooem</strong></span> <span class='ocrx_word' id='word_1_668' title='bbox 2575 4741 2663 4805; x_wconf 85' lang='lat'><strong>70,</strong></span> <span class='ocrx_word' id='word_1_669' title='bbox 2698 4754 2752 4798; x_wconf 93' lang='lat' dir='ltr'><strong>et</strong></span> <span class='ocrx_word' id='word_1_670' title='bbox 2808 4746 2860 4798; x_wconf 91' lang='lat' dir='ltr'><strong>in</strong></span> <span class='ocrx_word' id='word_1_671' title='bbox 2932 4747 3003 4801; x_wconf 75' lang='grc'><strong>25</strong></span> <span class='ocrx_word' id='word_1_672' title='bbox 3046 4721 3183 4817; x_wconf 58' lang='grc' dir='ltr'>(ιαμ.</span> <span class='ocrx_word' id='word_1_673' title='bbox 3228 4749 3425 4804; x_wconf 74' lang='lat' dir='ltr'><strong>littera:</strong></span> <span class='ocrx_word' id='word_1_674' title='bbox 3478 4751 3519 4805; x_wconf 82' lang='grc' dir='ltr'>Κ</span> 
     </span>
    </p>
   </div>
   <div class='ocr_carea' id='block_1_96' title="bbox 256 4813 1838 4900">
    <p class='ocr_par' dir='ltr' id='par_1_96' title="bbox 256 4813 1838 4900">
     <span class='ocr_line' id='line_1_96' title="bbox 256 4813 1838 4900; baseline 0.016 -38"><span class='ocrx_word' id='word_1_675' title='bbox 256 4813 400 4879; x_wconf 71' lang='grc' dir='ltr'>χείον</span> <span class='ocrx_word' id='word_1_676' title='bbox 434 4818 643 4870; x_wconf 83' lang='grc' dir='ltr'>κανόνα</span> <span class='ocrx_word' id='word_1_677' title='bbox 668 4819 762 4871; x_wconf 81' lang='grc' dir='ltr'>τοῦ</span> <span class='ocrx_word' id='word_1_678' title='bbox 799 4822 967 4875; x_wconf 80' lang='grc' dir='ltr'>αὐτοῦ</span> <span class='ocrx_word' id='word_1_679' title='bbox 995 4827 1170 4886; x_wconf 78' lang='grc' dir='ltr'>ο’,καὶ</span> <span class='ocrx_word' id='word_1_680' title='bbox 1205 4829 1263 4879; x_wconf 79' lang='grc' dir='ltr'>ἐν</span> <span class='ocrx_word' id='word_1_681' title='bbox 1293 4829 1370 4897; x_wconf 81' lang='grc' dir='ltr'>τῷ</span> <span class='ocrx_word' id='word_1_682' title='bbox 1394 4829 1478 4898; x_wconf 89' lang='grc' dir='ltr'>κγ’</span> <span class='ocrx_word' id='word_1_683' title='bbox 1510 4849 1634 4900; x_wconf 62' lang='grc' dir='ltr'>χείρ.</span> <span class='ocrx_word' id='word_1_684' title='bbox 1670 4834 1763 4886; x_wconf 75' lang='grc' dir='ltr'>τοῦ</span> <span class='ocrx_word' id='word_1_685' title='bbox 1793 4836 1838 4886; x_wconf 83' lang='grc' dir='ltr'>Κ</span> 
     </span>
    </p>
   </div>
   <div class='ocr_carea' id='block_1_97' title="bbox 261 4908 1839 4995">
    <p class='ocr_par' dir='ltr' id='par_1_97' title="bbox 261 4908 1839 4995">
     <span class='ocr_line' id='line_1_97' title="bbox 261 4908 1839 4995; baseline 0.016 -40"><span class='ocrx_word' id='word_1_686' title='bbox 261 4908 528 4976; x_wconf 73' lang='grc' dir='ltr'>οῖοιχείου</span> <span class='ocrx_word' id='word_1_687' title='bbox 564 4913 771 4966; x_wconf 84' lang='grc' dir='ltr'>κανόνα</span> <span class='ocrx_word' id='word_1_688' title='bbox 811 4914 1119 4987; x_wconf 75' lang='grc' dir='ltr'>Γρηγορίτιυ</span> <span class='ocrx_word' id='word_1_689' title='bbox 1149 4920 1242 4972; x_wconf 82' lang='grc' dir='ltr'><strong>τοῦ</strong></span> <span class='ocrx_word' id='word_1_690' title='bbox 1274 4921 1711 4995; x_wconf 78' lang='grc' dir='ltr'>Θαυματουργοῦ</span> <span class='ocrx_word' id='word_1_691' title='bbox 1750 4933 1839 4982; x_wconf 87' lang='grc' dir='ltr'>ια’.</span> 
     </span>
    </p>
   </div>
   <div class='ocr_carea' id='block_1_98' title="bbox 337 5000 1843 5087">
    <p class='ocr_par' dir='ltr' id='par_1_98' title="bbox 337 5000 1843 5087">
     <span class='ocr_line' id='line_1_98' title="bbox 337 5000 1843 5087; baseline 0.014 -36"><span class='ocrx_word' id='word_1_692' title='bbox 337 5000 395 5051; x_wconf 86' lang='lat'><strong>&#39;0</strong></span> <span class='ocrx_word' id='word_1_693' title='bbox 426 5002 482 5053; x_wconf 76' lang='grc' dir='ltr'>δὲ</span> <span class='ocrx_word' id='word_1_694' title='bbox 520 5002 669 5066; x_wconf 81' lang='grc' dir='ltr'>θεῖος</span> <span class='ocrx_word' id='word_1_695' title='bbox 724 5006 1138 5078; x_wconf 78' lang='grc' dir='ltr'>Χρυσόστομος,</span> <span class='ocrx_word' id='word_1_696' title='bbox 1183 5013 1241 5065; x_wconf 81' lang='grc' dir='ltr'>ὲν</span> <span class='ocrx_word' id='word_1_697' title='bbox 1282 5015 1361 5083; x_wconf 81' lang='grc' dir='ltr'>τῷ</span> <span class='ocrx_word' id='word_1_698' title='bbox 1394 5015 1437 5084; x_wconf 75' lang='grc' dir='ltr'><strong><em>ῥ’</em></strong></span> <span class='ocrx_word' id='word_1_699' title='bbox 1469 5016 1575 5069; x_wconf 74' lang='grc' dir='ltr'>τῶν</span> <span class='ocrx_word' id='word_1_700' title='bbox 1610 5019 1739 5087; x_wconf 72' lang='grc' dir='ltr'>περὶ</span> <span class='ocrx_word' id='word_1_701' title='bbox 1769 5022 1843 5072; x_wconf 72' lang='grc' dir='ltr'><strong>Ξε-</strong></span> 
     </span>
    </p>
   </div>
   <div class='ocr_carea' id='block_1_99' title="bbox 264 5096 1841 5179">
    <p class='ocr_par' dir='ltr' id='par_1_99' title="bbox 264 5096 1841 5179">
     <span class='ocr_line' id='line_1_99' title="bbox 264 5096 1841 5179; baseline 0.013 -35"><span class='ocrx_word' id='word_1_702' title='bbox 264 5096 509 5163; x_wconf 68' lang='grc' dir='ltr'>ριιισύνης</span> <span class='ocrx_word' id='word_1_703' title='bbox 579 5097 744 5167; x_wconf 74' lang='grc' dir='ltr'>λόγῳ,</span> <span class='ocrx_word' id='word_1_704' title='bbox 800 5101 911 5171; x_wconf 74' lang='grc' dir='ltr'><strong>υὺχ</strong></span> <span class='ocrx_word' id='word_1_705' title='bbox 972 5104 1182 5169; x_wconf 82' lang='grc' dir='ltr'>ἁπλῶς,</span> <span class='ocrx_word' id='word_1_706' title='bbox 1244 5110 1402 5178; x_wconf 70' lang='grc' dir='ltr'>φησὶ,</span> <span class='ocrx_word' id='word_1_707' title='bbox 1458 5112 1591 5179; x_wconf 76' lang='grc' dir='ltr'>πρὸς</span> <span class='ocrx_word' id='word_1_708' title='bbox 1626 5114 1687 5164; x_wconf 75' lang='grc' dir='ltr'>τὸ</span> <span class='ocrx_word' id='word_1_709' title='bbox 1732 5113 1841 5165; x_wconf 83' lang='grc' dir='ltr'>τῶν</span> 
     </span>
    </p>
   </div>
   <div class='ocr_carea' id='block_1_100' title="bbox 262 5185 1840 5273">
    <p class='ocr_par' dir='ltr' id='par_1_100' title="bbox 262 5185 1840 5273">
     <span class='ocr_line' id='line_1_100' title="bbox 262 5185 1840 5273; baseline 0.014 -40"><span class='ocrx_word' id='word_1_710' title='bbox 262 5185 686 5254; x_wconf 68' lang='grc' dir='ltr'>ἁμαρτημάτων</span> <span class='ocrx_word' id='word_1_711' title='bbox 740 5191 942 5261; x_wconf 83' lang='grc' dir='ltr'>μέτρον</span> <span class='ocrx_word' id='word_1_712' title='bbox 992 5195 1076 5248; x_wconf 81' lang='grc' dir='ltr'>δεῖ</span> <span class='ocrx_word' id='word_1_713' title='bbox 1118 5198 1217 5267; x_wconf 84' lang='grc' dir='ltr'>τὴν</span> <span class='ocrx_word' id='word_1_714' title='bbox 1257 5201 1541 5270; x_wconf 77' lang='grc' dir='ltr'>ἐπιτιμίαν</span> <span class='ocrx_word' id='word_1_715' title='bbox 1586 5204 1840 5273; x_wconf 79' lang='grc' dir='ltr'>ἐπάγειν,</span> 
     </span>
    </p>
   </div>
   <div class='ocr_carea' id='block_1_101' title="bbox 262 5278 1842 5367">
    <p class='ocr_par' dir='ltr' id='par_1_101' title="bbox 262 5278 1842 5367">
     <span class='ocr_line' id='line_1_101' title="bbox 262 5278 1842 5367; baseline 0.015 -41"><span class='ocrx_word' id='word_1_716' title='bbox 262 5278 394 5331; x_wconf 56' lang='grc' dir='ltr'>ἀλλὰ</span> <span class='ocrx_word' id='word_1_717' title='bbox 426 5280 523 5331; x_wconf 82' lang='grc' dir='ltr'>καὶ</span> <span class='ocrx_word' id='word_1_718' title='bbox 563 5284 663 5351; x_wconf 80' lang='grc' dir='ltr'>τῆς</span> <span class='ocrx_word' id='word_1_719' title='bbox 697 5282 807 5335; x_wconf 80' lang='grc' dir='ltr'><strong>τῶν</strong></span> <span class='ocrx_word' id='word_1_720' title='bbox 843 5285 1278 5357; x_wconf 82' lang='grc' dir='ltr'>ἁμαρτανόντων</span> <span class='ocrx_word' id='word_1_721' title='bbox 1316 5294 1674 5363; x_wconf 77' lang='grc' dir='ltr'>στοχάζεσθαι</span> <span class='ocrx_word' id='word_1_722' title='bbox 1707 5313 1842 5367; x_wconf 82' lang='grc' dir='ltr'>προ-</span> 
     </span>
    </p>
   </div>
   <div class='ocr_carea' id='block_1_102' title="bbox 264 5369 1840 5456">
    <p class='ocr_par' dir='ltr' id='par_1_102' title="bbox 264 5369 1840 5456">
     <span class='ocr_line' id='line_1_102' title="bbox 264 5369 1840 5456; baseline 0.016 -39"><span class='ocrx_word' id='word_1_723' title='bbox 264 5369 547 5437; x_wconf 74' lang='grc' dir='ltr'>αιρέσεως,</span> <span class='ocrx_word' id='word_1_724' title='bbox 597 5375 671 5441; x_wconf 83' lang='grc' dir='ltr'>μή</span> <span class='ocrx_word' id='word_1_725' title='bbox 705 5392 831 5427; x_wconf 81' lang='grc' dir='ltr'>ποτε</span> <span class='ocrx_word' id='word_1_726' title='bbox 863 5377 1036 5446; x_wconf 72' lang='grc' dir='ltr'>ῥάψαι</span> <span class='ocrx_word' id='word_1_727' title='bbox 1066 5380 1126 5432; x_wconf 88' lang='grc' dir='ltr'>τὸ</span> <span class='ocrx_word' id='word_1_728' title='bbox 1153 5381 1453 5454; x_wconf 73' lang='grc' dir='ltr'>διερρωγὸς</span> <span class='ocrx_word' id='word_1_729' title='bbox 1493 5386 1840 5456; x_wconf 75' lang='grc' dir='ltr'>βουλόμενος,</span> 
     </span>
    </p>
   </div>
   <div class='ocr_carea' id='block_1_103' title="bbox 268 5464 1840 5542">
    <p class='ocr_par' dir='ltr' id='par_1_103' title="bbox 268 5464 1840 5542">
     <span class='ocr_line' id='line_1_103' title="bbox 268 5464 1840 5542; baseline 0.016 -33"><span class='ocrx_word' id='word_1_730' title='bbox 268 5464 440 5527; x_wconf 81' lang='grc' dir='ltr'>χεῖρον</span> <span class='ocrx_word' id='word_1_731' title='bbox 475 5464 535 5516; x_wconf 74' lang='grc' dir='ltr'>τὸ</span> <span class='ocrx_word' id='word_1_732' title='bbox 566 5464 778 5534; x_wconf 81' lang='grc' dir='ltr'>σχίσμα</span> <span class='ocrx_word' id='word_1_733' title='bbox 805 5471 1061 5541; x_wconf 80' lang='grc' dir='ltr'>ποιήσῃς,</span> <span class='ocrx_word' id='word_1_734' title='bbox 1094 5474 1190 5526; x_wconf 61' lang='grc' dir='ltr'><strong>καὶ⁵</strong></span> <span class='ocrx_word' id='word_1_735' title='bbox 1218 5475 1531 5542; x_wconf 78' lang='grc' dir='ltr'>ἁνορθῶσαι</span> <span class='ocrx_word' id='word_1_736' title='bbox 1574 5482 1634 5532; x_wconf 85' lang='grc' dir='ltr'>τὸ</span> <span class='ocrx_word' id='word_1_737' title='bbox 1666 5497 1840 5534; x_wconf 89' lang='grc' dir='ltr'>κατα-</span> 
     </span>
    </p>
   </div>
   <div class='ocr_carea' id='block_1_104' title="bbox 268 5556 1841 5642">
    <p class='ocr_par' dir='ltr' id='par_1_104' title="bbox 268 5556 1841 5642">
     <span class='ocr_line' id='line_1_104' title="bbox 268 5556 1841 5642; baseline 0.016 -40"><span class='ocrx_word' id='word_1_738' title='bbox 268 5556 550 5619; x_wconf 69' lang='grc' dir='ltr'>πεπτωκὸς</span> <span class='ocrx_word' id='word_1_739' title='bbox 589 5558 931 5627; x_wconf 73' lang='grc' dir='ltr'>σπουδάζων,</span> <span class='ocrx_word' id='word_1_740' title='bbox 974 5564 1200 5630; x_wconf 80' lang='grc' dir='ltr'>μείζονα</span> <span class='ocrx_word' id='word_1_741' title='bbox 1240 5569 1453 5642; x_wconf 72' lang='grc' dir='ltr'>ἐργάσῃ</span> <span class='ocrx_word' id='word_1_742' title='bbox 1482 5571 1579 5641; x_wconf 77' lang='grc' dir='ltr'>τὴν</span> <span class='ocrx_word' id='word_1_743' title='bbox 1610 5574 1841 5629; x_wconf 78' lang='grc' dir='ltr'>πτῶσιν.</span> 
     </span>
    </p>
   </div>
   <div class='ocr_carea' id='block_1_105' title="bbox 270 5649 1841 5737">
    <p class='ocr_par' dir='ltr' id='par_1_105' title="bbox 270 5649 1841 5737">
     <span class='ocr_line' id='line_1_105' title="bbox 270 5649 1841 5737; baseline 0.012 -38"><span class='ocrx_word' id='word_1_744' title='bbox 270 5649 327 5698; x_wconf 82' lang='lat' dir='ltr'><strong>Ui</strong></span> <span class='ocrx_word' id='word_1_745' title='bbox 362 5650 467 5720; x_wconf 68' lang='grc' dir='ltr'><strong>γάρ</strong></span> <span class='ocrx_word' id='word_1_746' title='bbox 496 5651 750 5714; x_wconf 78' lang='grc' dir='ltr'>άσθενείς</span> <span class='ocrx_word' id='word_1_747' title='bbox 792 5658 883 5707; x_wconf 73' lang='grc' dir='ltr'>καὶ</span> <span class='ocrx_word' id='word_1_748' title='bbox 915 5655 1319 5727; x_wconf 78' lang='grc' dir='ltr'>διακεχυμένοι,</span> <span class='ocrx_word' id='word_1_749' title='bbox 1359 5664 1451 5713; x_wconf 72' lang='grc' dir='ltr'><strong>καὶ</strong></span> <span class='ocrx_word' id='word_1_750' title='bbox 1483 5663 1543 5714; x_wconf 84' lang='grc' dir='ltr'>τὸ</span> <span class='ocrx_word' id='word_1_751' title='bbox 1574 5664 1736 5717; x_wconf 77' lang='grc' dir='ltr'>πλέον</span> <span class='ocrx_word' id='word_1_752' title='bbox 1778 5670 1841 5737; x_wconf 74' lang='grc' dir='ltr'>τῇ</span> 
     </span>
    </p>
   </div>
   <div class='ocr_carea' id='block_1_106' title="bbox 269 5741 1845 5823">
    <p class='ocr_par' dir='ltr' id='par_1_106' title="bbox 269 5741 1845 5823">
     <span class='ocr_line' id='line_1_106' title="bbox 269 5741 1845 5823; baseline 0.012 -32"><span class='ocrx_word' id='word_1_753' title='bbox 269 5741 358 5793; x_wconf 72' lang='grc' dir='ltr'>τοῦ</span> <span class='ocrx_word' id='word_1_754' title='bbox 395 5747 607 5814; x_wconf 64' lang='grc' dir='ltr'>κόσμου</span> <span class='ocrx_word' id='word_1_755' title='bbox 642 5744 917 5813; x_wconf 56' lang='grc' dir='ltr'>δεδεμένοι</span> <span class='ocrx_word' id='word_1_756' title='bbox 964 5752 1171 5819; x_wconf 77' lang='grc' dir='ltr'>τρυφῇ,</span> <span class='ocrx_word' id='word_1_757' title='bbox 1200 5750 1279 5803; x_wconf 76' lang='grc' dir='ltr'>ἔτι</span> <span class='ocrx_word' id='word_1_758' title='bbox 1316 5754 1407 5804; x_wconf 77' lang='grc' dir='ltr'>καὶ</span> <span class='ocrx_word' id='word_1_759' title='bbox 1439 5754 1532 5807; x_wconf 76' lang='grc' dir='ltr'><strong>ἐπὶ</strong></span> <span class='ocrx_word' id='word_1_760' title='bbox 1565 5756 1710 5823; x_wconf 81' lang='grc' dir='ltr'>γένει</span> <span class='ocrx_word' id='word_1_761' title='bbox 1751 5763 1845 5810; x_wconf 72' lang='grc' dir='ltr'>καὶ</span> 
     </span>
    </p>
   </div>
   <div class='ocr_carea' id='block_1_107' title="bbox 271 5833 1844 5919">
    <p class='ocr_par' dir='ltr' id='par_1_107' title="bbox 271 5833 1844 5919">
     <span class='ocr_line' id='line_1_107' title="bbox 271 5833 1844 5919; baseline 0.011 -32"><span class='ocrx_word' id='word_1_762' title='bbox 271 5833 553 5913; x_wconf 62' lang='grc' dir='ltr'>δυναστεία</span> <span class='ocrx_word' id='word_1_763' title='bbox 618 5838 762 5908; x_wconf 81' lang='grc' dir='ltr'>μέγα</span> <span class='ocrx_word' id='word_1_764' title='bbox 818 5844 1037 5911; x_wconf 74' lang='grc' dir='ltr'>φρονεῖν</span> <span class='ocrx_word' id='word_1_765' title='bbox 1087 5841 1322 5914; x_wconf 80' lang='grc' dir='ltr'>ἔχοντες,</span> <span class='ocrx_word' id='word_1_766' title='bbox 1377 5848 1560 5918; x_wconf 71' lang='grc' dir='ltr'>ἠρέμα</span> <span class='ocrx_word' id='word_1_767' title='bbox 1603 5849 1699 5919; x_wconf 77' lang='grc' dir='ltr'>μὲν</span> <span class='ocrx_word' id='word_1_768' title='bbox 1752 5855 1844 5905; x_wconf 68' lang='grc' dir='ltr'>καὶ</span> 
     </span>
    </p>
   </div>
   <div class='ocr_carea' id='block_1_108' title="bbox 1944 4825 2905 4904">
    <p class='ocr_par' dir='ltr' id='par_1_108' title="bbox 1944 4825 2905 4904">
     <span class='ocr_line' id='line_1_108' title="bbox 1944 4825 2905 4904; baseline 0.015 -26"><span class='ocrx_word' id='word_1_769' title='bbox 1944 4825 2193 4895; x_wconf 80' lang='lat' dir='ltr'><strong>Gregorii</strong></span> <span class='ocrx_word' id='word_1_770' title='bbox 2226 4830 2621 4904; x_wconf 82' lang='lat' dir='ltr'><strong>Thaumaturgi</strong></span> <span class='ocrx_word' id='word_1_771' title='bbox 2658 4852 2779 4890; x_wconf 88' lang='lat' dir='ltr'><strong>can.</strong></span> <span class='ocrx_word' id='word_1_772' title='bbox 2816 4837 2905 4892; x_wconf 78' lang='lat' dir='ltr'><strong>ll.</strong></span> 
     </span>
    </p>
   </div>
   <div class='ocr_carea' id='block_1_109' title="bbox 2016 5012 3523 5087">
    <p class='ocr_par' dir='ltr' id='par_1_109' title="bbox 2016 5012 3523 5087">
     <span class='ocr_line' id='line_1_109' title="bbox 2016 5012 3523 5087; baseline 0.011 -22"><span class='ocrx_word' id='word_1_773' title='bbox 2016 5012 2182 5069; x_wconf 77' lang='lat' dir='ltr'><strong>Divus</strong></span> <span class='ocrx_word' id='word_1_774' title='bbox 2233 5016 2397 5069; x_wconf 78' lang='lat' dir='ltr'><strong>etiam</strong></span> <span class='ocrx_word' id='word_1_775' title='bbox 2447 5018 2877 5087; x_wconf 67' lang='lat' dir='ltr'><strong>Clu-ysostomus</strong></span> <span class='ocrx_word' id='word_1_776' title='bbox 2923 5021 2975 5075; x_wconf 93' lang='lat' dir='ltr'><strong>in</strong></span> <span class='ocrx_word' id='word_1_777' title='bbox 3019 5022 3054 5075; x_wconf 78' lang='grc'>2</span> <span class='ocrx_word' id='word_1_778' title='bbox 3103 5024 3170 5079; x_wconf 88' lang='lat' dir='ltr'><strong>de</strong></span> <span class='ocrx_word' id='word_1_779' title='bbox 3211 5027 3523 5080; x_wconf 82' lang='lat' dir='ltr'><strong>sacerdOtio</strong></span> 
     </span>
    </p>
   </div>
   <div class='ocr_carea' id='block_1_110' title="bbox 1945 5104 3519 5180">
    <p class='ocr_par' dir='ltr' id='par_1_110' title="bbox 1945 5104 3519 5180">
     <span class='ocr_line' id='line_1_110' title="bbox 1945 5104 3519 5180; baseline 0.008 -22"><span class='ocrx_word' id='word_1_780' title='bbox 1945 5119 2199 5159; x_wconf 85' lang='lat' dir='ltr'><strong>sermone</strong></span> <span class='ocrx_word' id='word_1_781' title='bbox 2230 5144 2245 5169; x_wconf 86' lang='lat'><strong>,</strong></span> <span class='ocrx_word' id='word_1_782' title='bbox 2283 5104 2402 5160; x_wconf 85' lang='lat' dir='ltr'><strong>Non</strong></span> <span class='ocrx_word' id='word_1_783' title='bbox 2454 5109 2803 5178; x_wconf 84' lang='lat' dir='ltr'><strong>simpliciter,</strong></span> <span class='ocrx_word' id='word_1_784' title='bbox 2840 5113 3038 5180; x_wconf 88' lang='lat' dir='ltr'><strong>inquit,</strong></span> <span class='ocrx_word' id='word_1_785' title='bbox 3078 5113 3145 5169; x_wconf 87' lang='lat' dir='ltr'><strong>ad</strong></span> <span class='ocrx_word' id='word_1_786' title='bbox 3198 5115 3519 5172; x_wconf 83' lang='lat' dir='ltr'><strong>delictorum</strong></span> 
     </span>
    </p>
   </div>
   <div class='ocr_carea' id='block_1_111' title="bbox 1945 5197 3522 5278">
    <p class='ocr_par' dir='ltr' id='par_1_111' title="bbox 1945 5197 3522 5278">
     <span class='ocr_line' id='line_1_111' title="bbox 1945 5197 3522 5278; baseline 0.01 -29"><span class='ocrx_word' id='word_1_787' title='bbox 1945 5197 2173 5266; x_wconf 78' lang='lat' dir='ltr'><strong>gradum</strong></span> <span class='ocrx_word' id='word_1_788' title='bbox 2202 5200 2459 5254; x_wconf 90' lang='lat' dir='ltr'><strong>mnlctam</strong></span> <span class='ocrx_word' id='word_1_789' title='bbox 2494 5212 2713 5271; x_wconf 86' lang='lat' dir='ltr'><strong>oportet</strong></span> <span class='ocrx_word' id='word_1_790' title='bbox 2748 5215 3026 5270; x_wconf 71' lang='lat' dir='ltr'><strong>sxatucre;</strong></span> <span class='ocrx_word' id='word_1_791' title='bbox 3058 5207 3151 5260; x_wconf 82' lang='lat' dir='ltr'><strong>sed</strong></span> <span class='ocrx_word' id='word_1_792' title='bbox 3186 5210 3522 5278; x_wconf 78' lang='lat' dir='ltr'><strong>exploranda</strong></span> 
     </span>
    </p>
   </div>
   <div class='ocr_carea' id='block_1_112' title="bbox 1946 5293 3524 5363">
    <p class='ocr_par' dir='ltr' id='par_1_112' title="bbox 1946 5293 3524 5363">
     <span class='ocr_line' id='line_1_112' title="bbox 1946 5293 3524 5363; baseline 0.009 -19"><span class='ocrx_word' id='word_1_793' title='bbox 1946 5301 2033 5345; x_wconf 85' lang='lat' dir='ltr'><strong>est</strong></span> <span class='ocrx_word' id='word_1_794' title='bbox 2076 5293 2419 5359; x_wconf 78' lang='lat' dir='ltr'><strong>peccantium</strong></span> <span class='ocrx_word' id='word_1_795' title='bbox 2453 5295 2745 5363; x_wconf 78' lang='lat' dir='ltr'><strong>dispositio</strong></span> <span class='ocrx_word' id='word_1_796' title='bbox 2788 5314 2800 5350; x_wconf 88' lang='lat'><strong>:</strong></span> <span class='ocrx_word' id='word_1_797' title='bbox 2850 5314 2917 5350; x_wconf 86' lang='lat' dir='ltr'><strong>ne</strong></span> <span class='ocrx_word' id='word_1_798' title='bbox 2947 5298 3077 5351; x_wconf 83' lang='lat' dir='ltr'><strong>dum</strong></span> <span class='ocrx_word' id='word_1_799' title='bbox 3132 5314 3401 5356; x_wconf 83' lang='lat' dir='ltr'><strong>censuere</strong></span> <span class='ocrx_word' id='word_1_800' title='bbox 3441 5303 3524 5358; x_wconf 80' lang='lat' dir='ltr'><strong>vis</strong></span> 
     </span>
    </p>
   </div>
   <div class='ocr_carea' id='block_1_113' title="bbox 1945 5387 3525 5461">
    <p class='ocr_par' dir='ltr' id='par_1_113' title="bbox 1945 5387 3525 5461">
     <span class='ocr_line' id='line_1_113' title="bbox 1945 5387 3525 5461; baseline 0.009 -25"><span class='ocrx_word' id='word_1_801' title='bbox 1945 5387 2091 5454; x_wconf 88' lang='lat' dir='ltr'><strong>quod</strong></span> <span class='ocrx_word' id='word_1_802' title='bbox 2137 5398 2357 5456; x_wconf 78' lang='lat' dir='ltr'><strong>ruptum</strong></span> <span class='ocrx_word' id='word_1_803' title='bbox 2387 5400 2490 5453; x_wconf 81' lang='lat' dir='ltr'><strong>est,</strong></span> <span class='ocrx_word' id='word_1_804' title='bbox 2530 5391 2830 5444; x_wconf 85' lang='lat' dir='ltr'><strong>scissuram</strong></span> <span class='ocrx_word' id='word_1_805' title='bbox 2860 5392 3191 5448; x_wconf 80' lang='lat' dir='ltr'><strong>deteriorem</strong></span> <span class='ocrx_word' id='word_1_806' title='bbox 3226 5394 3434 5461; x_wconf 86' lang='lat' dir='ltr'><strong>facias;</strong></span> <span class='ocrx_word' id='word_1_807' title='bbox 3460 5409 3525 5449; x_wconf 83' lang='lat' dir='ltr'><strong>ac</strong></span> 
     </span>
    </p>
   </div>
   <div class='ocr_carea' id='block_1_114' title="bbox 1946 5478 3523 5552">
    <p class='ocr_par' dir='ltr' id='par_1_114' title="bbox 1946 5478 3523 5552">
     <span class='ocr_line' id='line_1_114' title="bbox 1946 5478 3523 5552; baseline 0.006 -21"><span class='ocrx_word' id='word_1_808' title='bbox 1946 5478 2099 5543; x_wconf 89' lang='lat' dir='ltr'><strong>dum,</strong></span> <span class='ocrx_word' id='word_1_809' title='bbox 2134 5479 2277 5548; x_wconf 86' lang='lat' dir='ltr'><strong>quod</strong></span> <span class='ocrx_word' id='word_1_810' title='bbox 2315 5479 2527 5547; x_wconf 83' lang='lat' dir='ltr'><strong>lapsum</strong></span> <span class='ocrx_word' id='word_1_811' title='bbox 2548 5490 2653 5544; x_wconf 87' lang='lat' dir='ltr'><strong>est,</strong></span> <span class='ocrx_word' id='word_1_812' title='bbox 2674 5484 2884 5551; x_wconf 77' lang='lat' dir='ltr'><strong>erigere</strong></span> <span class='ocrx_word' id='word_1_813' title='bbox 2902 5498 2966 5538; x_wconf 89' lang='lat' dir='ltr'><strong>ac</strong></span> <span class='ocrx_word' id='word_1_814' title='bbox 2988 5483 3283 5540; x_wconf 85' lang='lat' dir='ltr'><strong>emendare</strong></span> <span class='ocrx_word' id='word_1_815' title='bbox 3315 5487 3523 5552; x_wconf 84' lang='lat' dir='ltr'><strong>studes,</strong></span> 
     </span>
    </p>
   </div>
   <div class='ocr_carea' id='block_1_115' title="bbox 1948 5572 3526 5647">
    <p class='ocr_par' dir='ltr' id='par_1_115' title="bbox 1948 5572 3526 5647">
     <span class='ocr_line' id='line_1_115' title="bbox 1948 5572 3526 5647; baseline 0.006 -23"><span class='ocrx_word' id='word_1_816' title='bbox 1948 5587 2137 5625; x_wconf 77' lang='lat' dir='ltr'><strong>rasum</strong></span> <span class='ocrx_word' id='word_1_817' title='bbox 2194 5572 2370 5641; x_wconf 78' lang='lat' dir='ltr'><strong>ipsum</strong></span> <span class='ocrx_word' id='word_1_818' title='bbox 2432 5574 2699 5641; x_wconf 76' lang='lat' dir='ltr'><strong>majorem</strong></span> <span class='ocrx_word' id='word_1_819' title='bbox 2756 5575 2975 5630; x_wconf 81' lang='lat' dir='ltr'><strong>reddas.</strong></span> <span class='ocrx_word' id='word_1_820' title='bbox 3027 5575 3160 5630; x_wconf 76' lang='lat' dir='ltr'><strong>Nam</strong></span> <span class='ocrx_word' id='word_1_821' title='bbox 3193 5579 3286 5647; x_wconf 89' lang='lat' dir='ltr'><strong>qui</strong></span> <span class='ocrx_word' id='word_1_822' title='bbox 3320 5580 3526 5634; x_wconf 85' lang='lat' dir='ltr'><strong>inlirmi</strong></span> 
     </span>
    </p>
   </div>
   <div class='ocr_carea' id='block_1_116' title="bbox 1948 5664 3526 5735">
    <p class='ocr_par' dir='ltr' id='par_1_116' title="bbox 1948 5664 3526 5735">
     <span class='ocr_line' id='line_1_116' title="bbox 1948 5664 3526 5735; baseline 0.005 -19"><span class='ocrx_word' id='word_1_823' title='bbox 1948 5675 2075 5717; x_wconf 87' lang='lat' dir='ltr'><strong>sunt</strong></span> <span class='ocrx_word' id='word_1_824' title='bbox 2100 5680 2161 5717; x_wconf 88' lang='lat' dir='ltr'><strong>ac</strong></span> <span class='ocrx_word' id='word_1_825' title='bbox 2208 5664 2444 5725; x_wconf 81' lang='lat' dir='ltr'><strong>remissi,</strong></span> <span class='ocrx_word' id='word_1_826' title='bbox 2474 5675 2526 5719; x_wconf 79' lang='lat' dir='ltr'><strong>et</strong></span> <span class='ocrx_word' id='word_1_827' title='bbox 2558 5681 2755 5735; x_wconf 74' lang='lat' dir='ltr'><strong>magna</strong></span> <span class='ocrx_word' id='word_1_828' title='bbox 2788 5681 2855 5719; x_wconf 80' lang='lat' dir='ltr'><strong>ex</strong></span> <span class='ocrx_word' id='word_1_829' title='bbox 2903 5680 3055 5735; x_wconf 84' lang='lat' dir='ltr'><strong>parte</strong></span> <span class='ocrx_word' id='word_1_830' title='bbox 3091 5669 3279 5722; x_wconf 89' lang='lat' dir='ltr'><strong>mundi</strong></span> <span class='ocrx_word' id='word_1_831' title='bbox 3312 5669 3526 5724; x_wconf 80' lang='lat' dir='ltr'><strong>deliciis</strong></span> 
     </span>
    </p>
   </div>
   <div class='ocr_carea' id='block_1_117' title="bbox 1950 5757 3522 5831">
    <p class='ocr_par' dir='ltr' id='par_1_117' title="bbox 1950 5757 3522 5831">
     <span class='ocr_line' id='line_1_117' title="bbox 1950 5757 3522 5831; baseline 0.001 -21"><span class='ocrx_word' id='word_1_832' title='bbox 1950 5757 2249 5826; x_wconf 85' lang='lat' dir='ltr'><strong>illaqueati,</strong></span> <span class='ocrx_word' id='word_1_833' title='bbox 2293 5759 2497 5826; x_wconf 79' lang='lat' dir='ltr'><strong>quique</strong></span> <span class='ocrx_word' id='word_1_834' title='bbox 2528 5773 2556 5811; x_wconf 73' lang='grc' dir='ltr'><strong>ιι</strong></span> <span class='ocrx_word' id='word_1_835' title='bbox 2604 5760 2823 5826; x_wconf 70' lang='lat' dir='ltr'><strong>generis</strong></span> <span class='ocrx_word' id='word_1_836' title='bbox 2863 5760 3107 5813; x_wconf 75' lang='lat' dir='ltr'><strong>claritate</strong></span> <span class='ocrx_word' id='word_1_837' title='bbox 3146 5770 3198 5814; x_wconf 91' lang='lat' dir='ltr'><strong>et</strong></span> <span class='ocrx_word' id='word_1_838' title='bbox 3257 5764 3522 5831; x_wconf 81' lang='lat' dir='ltr'><strong>potentia,</strong></span> 
     </span>
    </p>
   </div>
   <div class='ocr_carea' id='block_1_118' title="bbox 1954 5850 3522 5922">
    <p class='ocr_par' dir='ltr' id='par_1_118' title="bbox 1954 5850 3522 5922">
     <span class='ocr_line' id='line_1_118' title="bbox 1954 5850 3522 5922; baseline 0.003 -19"><span class='ocrx_word' id='word_1_839' title='bbox 1954 5851 2095 5904; x_wconf 83' lang='lat' dir='ltr'><strong>unde</strong></span> <span class='ocrx_word' id='word_1_840' title='bbox 2127 5850 2340 5905; x_wconf 84' lang='lat' dir='ltr'><strong>animos</strong></span> <span class='ocrx_word' id='word_1_841' title='bbox 2388 5866 2717 5922; x_wconf 76' lang='lat' dir='ltr'><strong>magiiupcre</strong></span> <span class='ocrx_word' id='word_1_842' title='bbox 2753 5852 2966 5917; x_wconf 81' lang='lat' dir='ltr'><strong>tollant,</strong></span> <span class='ocrx_word' id='word_1_843' title='bbox 3017 5853 3218 5909; x_wconf 87' lang='lat' dir='ltr'><strong>habent</strong></span> <span class='ocrx_word' id='word_1_844' title='bbox 3259 5869 3271 5906; x_wconf 91' lang='lat'><strong>:</strong></span> <span class='ocrx_word' id='word_1_845' title='bbox 3315 5851 3522 5909; x_wconf 85' lang='lat' dir='ltr'><strong>sensim</strong></span> 
     </span>
    </p>
   </div>
  </div>
