4252 6424
263 317 318 379 29
1238 323 1648 383 SYNTAGMA
1702 323 2418 390 ALPHABETICUM.—
2456 327 2534 394 Μ.
3436 337 3506 396 30

262 437 464 506 ἥψαντο,
512 435 758 499 δουλείας
815 436 966 505 ζυγῷ
999 437 1353 507 πιεζόμενον
1392 442 1441 492 εί
1488 441 1548 494 δὲ
1598 443 1814 509 τρυφὴν
1844 445 1939 501 Αι

1844 443 2200 511 Atigerunt:
2272 446 2358 501 sin
2417 464 2544 503 vero
2595 451 2748 505 luxui
2806 453 3040 506 maxime
3093 453 3259 508 dediti
3311 454 3418 507 sint
3450 466 3503 508 et

263 530 364 597 περὶ
395 526 640 590 πλείονος
672 527 990 597 ποιούμενοι
1017 529 1112 583 καὶ
1160 531 1524 602 ἀδδηφαγίαν,
1555 533 1676 586 οὐδὲ
1709 533 1818 586 τῶν

265 620 670 688 μεμολυσμένων
695 622 1022 691 ἀπέσχοντο,
1049 623 1459 693 διαδίδληνται,
1501 625 1584 678 διὸ
1627 626 1691 695 δὴ
1723 627 1820 678 καὶ

264 702 593 782 σφοδρότερον
640 714 1162 784 ἐπιτιμηθήσονται.
1222 719 1389 787 Ζήτει
1436 719 1532 772 καὶ
1581 721 1637 772 ὲν
1667 718 1747 788 τῷ
1773 717 1820 771 α’

261 820 361 869 κεφ.
386 803 482 854 τοῦ
509 805 552 856 Α
588 807 856 875 στοιχείου
882 808 1083 862 κανόνα
1109 810 1152 873 ξ’
1177 809 1277 879 τῆς
1309 812 1366 862 ὲν
1404 809 1651 881 ’Λγκύρᾳ
1695 828 1820 863 συν-

261 899 374 948 άδου.

379 989 625 1043 ΚΕΦΑΛ.
665 990 770 1044 lA'.
807 993 942 1060 Περὶ
983 994 1182 1063 μᾲιων
1216 995 1315 1048 καί
1339 996 1677 1063 σκηνικὼν.

325 1084 378 1134 '0
412 1080 486 1148 ξγ⁹
515 1084 614 1152 τῆς
668 1087 724 1138 ὲν
785 1087 1126 1156 Καρθαγένῃ
1192 1089 1413 1141 συνόδου
1457 1090 1637 1144 κανὼν
1689 1093 1819 1157 τοὺς

261 1175 435 1244 μίμους
468 1177 562 1228 καὶ
618 1181 934 1247 σκηνικοὺς,
969 1181 1033 1232 ὲκ
1063 1181 1162 1248 τῆς
1203 1181 1494 1251 ἑλληνικῆς
1547 1182 1812 1252 ὡρμημέο

259 1286 361 1331 νους
392 1269 712 1338 θρησκείας,
757 1271 852 1323 κα)⁸
885 1272 1350 1341 βαπτισαμένους,
1387 1275 1462 1343 μὴ
1514 1276 1822 1342 ἀναγκάζε-

259 1360 365 1412 σθαι
389 1357 543 1423 αὖθις
580 1364 875 1432 παρεγγυᾷ
905 1363 1011 1416 ὑπὸ
1035 1364 1130 1416 τοῦ
1160 1366 1333 1434 δήμου
1362 1365 1433 1418 τὰ
1456 1366 1558 1434 τῆς
1581 1367 1819 1429 παλαιᾶς

261 1455 484 1516 μετιέναι
522 1456 747 1517 κακίας,
780 1457 829 1508 εί
868 1455 963 1507 καὶ
1001 1455 1195 1525 ὥσπερ
1221 1474 1275 1508 τι
1321 1457 1701 1527 λειτούργημα
1725 1460 1818 1511 καὶ

1927 537 2234 602 voracitati,
2291 554 2466 609 neque
2507 542 2577 596 ab
2613 545 2844 613 impuris
2876 545 3279 608 abstinuerunt,
3327 547 3504 612 pmnis

1918 626 2142 680 obnoxii
2170 638 2337 695 sunt;
2373 642 2711 702 quapropter
2741 644 2794 688 et
2825 636 3060 704 graviori
3108 636 3376 702 supplicio
3404 651 3504 703 pu-

1919 716 2160 772 nientur.
2191 717 2385 784 Quaere
2442 719 2606 776 etiam
2661 725 2714 777 in
2746 725 2767 779 1
2810 726 2990 795 capite
3027 725 3229 780 littera:
3262 727 3302 778 A
3335 741 3503 780 cano-

1921 823 2042 862 nem
2080 809 2110 861 7
2141 810 2444 882 Ancyrana:
2477 816 2694 885 synodi.

2233 988 2385 1042 CAP.
2422 989 2514 1045 XI.
2554 991 2626 1044 De
2655 993 2830 1046 mimis
2861 1002 2910 1047 et
2943 994 3185 1048 scenicis.

1990 1074 2442 1148 Cartliaginensis
2472 1097 2595 1152 syn.
2622 1083 2693 1136 65
2735 1097 2912 1138 canon
2991 1086 3189 1139 mimos
3236 1091 3290 1138 et
3323 1085 3506 1140 sceni-

1918 1181 2013 1221 cos
2056 1184 2121 1222 ex
2144 1171 2458 1226 Grzecorum
2487 1175 2881 1244 superstitione
2913 1193 3210 1232 conversos
3236 1187 3290 1232 et
3321 1178 3504 1247 bapti-

1920 1274 2071 1318 zatos
2102 1281 2130 1317 a
2161 1268 2361 1334 popqu
2389 1269 2669 1336 antiquam
2726 1270 2986 1323 malitiam
3023 1286 3213 1324 rursus
3237 1270 3497 1324 exhibere

1920 1356 2037 1427 cogi
2094 1357 2410 1424 interdicit;
2459 1359 2586 1414 licet
2643 1371 2903 1430 tanquam
2937 1359 3171 1415 ollicium
3209 1361 3423 1430 aliquod
3451 1369 3506 1414 et

1917 1447 2287 1505 inexcusabile
2342 1451 2590 1506 debitum
2638 1452 2803 1506 etiam
2863 1453 3018 1506 inviti
3065 1452 3132 1506 ad
3184 1467 3247 1506 ea
3313 1454 3502 1507 munia

257 1547 610 1616 ἀπαραίτητον
639 1550 805 1617 χρέος
845 1551 940 1602 καὶ
967 1549 1201 1612 ἄκοντες
1228 1551 1472 1605 εἴλκοντο
1505 1550 1679 1604 ταῦτα
1704 1554 1820 1605 ὲπι-

1914 1539 2071 1608 juxta
2121 1542 2409 1610 antiquam
2465 1543 2706 1612 aliquam
2733 1544 3188 1598 consuetudinem
3212 1545 3506 1598 traheban-

256 1640 572 1703 ἱείκνυσθαι,
605 1641 750 1692 κατά
775 1656 828 1693 τι
859 1641 1094 1693 παλαιὸν
1117 1642 1258 1704 ἔθος,
1291 1644 1349 1694 ἑν
1375 1645 1497 1706 ταῖς
1530 1643 1817 1710 μεγίσταις

258 1733 336 1782 καὶ
370 1733 604 1799 μάλιστα
654 1733 765 1785 τῶν
800 1733 1034 1795 πόλεων,
1065 1734 1195 1786 ἔνθα
1241 1734 1335 1786 καὶ
1366 1734 1435 1787 τὰ
1488 1735 1693 1804 θέατρα
1725 1732 1812 1807 ἦν.

1920 1641 2033 1697 tur,
2083 1634 2137 1686 in
2191 1636 2401 1704 magnis
2450 1637 2753 1705 prassertim
2790 1637 3128 1700 civitatibus,
3163 1638 3255 1692 ubi
3293 1639 3504 1691 theatra

1920 1721 2167 1777 fuerunt.
2233 1724 2523 1779 Mimorum
2572 1743 2733 1795 porro
2769 1736 2821 1780 et
2873 1728 3237 1790 scenicorum,
3279 1729 3372 1798 qui
3428 1729 3508 1780 lli-

257 1825 362 1876 TtLv
385 1825 444 1891 δὴ
474 1825 655 1893 μίμων
681 1828 772 1877 καὶ
809 1827 1113 1894 σκηνικῶν,
1147 1826 1256 1878 τῶν
1287 1826 1524 1896 διάφορα
1549 1803 1817 1895 πρόσωπα
1847 1803 1893 1862 Β
1925 1834 1936 1865 ‘

1847 1803 2108 1870 Bversas
2177 1818 2387 1871 scilicet
2459 1835 2728 1886 personas
2791 1818 3076 1872 imitantur
3131 1829 3184 1874 et
3247 1821 3507 1874 simulant

254 1917 433 1987 δηλαδὴ
499 1919 858 1987 μιμουμένων
907 1919 1002 1972 καὶ
1060 1920 1509 1989 ὑποκρινομένων
1567 1921 1818 1992 (σκηνὴν

255 2011 348 2080 γὰρ
379 2011 597 2078 λέγουσι
639 2013 740 2079 τὴν
773 2011 1114 2082 ὑπόκρισιν),
1151 2013 1279 2074 τοὺς
1319 2011 1418 2080 μὲν
1448 2011 1540 2064 ὑπ’
1570 2011 1695 2079 ὅφιν
1723 2011 1816 2065 τοῦ

251 2103 503 2172 βασιλέως
547 2104 719 2157 ταῦτα
778 2105 1282 2176 ὑποκρινομένους,
1331 2105 1589 2173 ἐντίμους
1634 2104 1817 2173 ἔχουσι

250 2198 336 2264 τῆς
364 2198 636 2261 πολιτείας
671 2200 722 2251 oi
749 2201 904 2268 νόμοι
930 2217 945 2232 ·
972 2199 1027 2252 οἶ
1046 2215 1110 2266 γε
1141 2198 1248 2268 μὴν
1276 2200 1334 2251 ιν
1357 2198 1701 2268 πανηγύρεσι
1727 2199 1818 2251 καὶ

250 2287 417 2356 δήμων
437 2289 628 2352 ἄλλαις
658 2291 912 2356 συνάξεσι
934 2291 1149 2358 γέλωτα
1182 2293 1291 2352 τοῖς
1321 2293 1488 2361 όρῶσι
1517 2292 1816 2357 κινοῦντες,

247 2387 345 2445 τοῖς
376 2385 467 2437 ἐπὶ
511 2386 718 2456 κόρρης
771 2388 1082 2456 ραπίσμασι
1136 2387 1232 2438 καὶ
1272 2385 1587 2455 ψοφήμασι,
1630 2386 1818 2455 ἄτιμοι

248 2479 343 2536 τοῖς
373 2477 555 2545 νόμοις
596 2477 927 2548 λογίζονται.

310 2568 464 2636 Ζήτει
511 2571 570 2620 ὲν
597 2569 674 2639 τῷ
703 2566 752 2639 η’
782 2587 907 2638 κεφ.
951 2569 1046 2622 τοῦ
1083 2572 1119 2622 Δ
1153 2571 1421 2639 στοιχείου
1463 2570 1663 2622 κανόνα
1693 2570 1816 2639 ρκθ¹

248 2656 335 2724 τῆς
365 2658 420 2707 ἐν
456 2659 793 2730 Καρθαγένῃ
819 2660 1065 2723 συνόδου,
1102 2660 1198 2712 καὶ
1223 2662 1280 2712 ἐν
1305 2659 1380 2728 τῷ
1412 2657 1463 2712 α’
1493 2677 1620 2729 κεφ.
1645 2660 1739 2714 τοῦ
1775 2659 1818 2712 Θ

250 2746 509 2812 στοιχείου
545 2750 748 2800 κανόνα
781 2750 860 2800 να¹
892 2748 992 2815 τῆς
1030 2756 1084 2813 ς’
1110 2750 1353 2802 συνόδου.

545 2838 796 2890 ΚΕΦΑΛ.
823 2839 922 2892 lB‘.
965 2839 1104 2906 Περὶ
1134 2837 1510 2908 μισθώσεως.

917 2932 1125 3000 Νόμοι.

317 3022 440 3075 Ἐὰν
468 3025 642 3094 χωρὶς
672 3023 856 3085 αἰτίας
887 3022 1199 3095 καταλείπῃ
1242 3021 1335 3076 τὸν
1361 3023 1531 3093 ἀγρὶν
1558 3024 1584 3076 ό
1615 3023 1820 3093 μισθω-

245 3115 488 3181 σὰμενος,
525 3114 634 3180 πρὸ
684 3114 1140 3182 συμπληρώσεως
1185 3114 1279 3166 τοῦ
1328 3115 1549 3185 χρόνον,
1598 3117 1818 3169 δίδωσιν

241 3207 354 3259 ὅλου
382 3207 475 3260 τοῦ
510 3207 708 3278 χρόνου
738 3208 832 3259 τὸν
866 3207 1080 3276 μισθόν.

314 3302 373 3354 '0
405 3301 825 3371 μισθωσάμενος
853 3301 1020 3353 ἵππον
1051 3303 1145 3354 ἐπὶ
1168 3302 1228 3354 τὺ
1255 3303 1528 3372 βαστάσαι
1551 3321 1602 3356 τι
1636 3303 1819 3379 δῆλον,

240 3395 326 3445 καὶ
357 3393 662 3463 βαρύτερον
717 3394 928 3455 ἐπιθεὶς
963 3395 1058 3447 καί¹
1110 3395 1345 3465 βλάψας,
1380 3397 1628 3465 ἐνέχεται
1679 3397 1822 3466 ὑπὲρ

239 3483 329 3554 τῆς
364 3484 598 3556 βλάϐης.

315 3577 439 3630 Ἐὰν
481 3577 759 3646 χρήσηταί
799 3594 884 3639 τις
917 3577 1071 3645 ῐππῳ
1115 3578 1220 3640 ἕως
1267 3577 1578 3648 ὡρισμένου
1609 3579 1818 3640 .τόπου,

238 3670 370 3737 ὑπὲρ
415 3671 472 3722 δὲ
510 3670 704 3722 τοῦτον
742 3671 1028 3742 ἀπενέγκῃ
1062 3673 1093 3739 ἦ
1134 3671 1349 3742 πέμψῃ,
1384 3673 1485 3738 τὴν
1533 3674 1820 3741 συμϐᾶσαν

238 3763 319 3814 ἐπ’
349 3765 500 3831 αὐτῷ
538 3762 746 3833 βλάϐην
776 3765 808 3831 ἢ
859 3764 1113 3825 θάνατον,
1145 3764 1237 3815 τὸν
1271 3764 1619 3833 χρησάμενον
1664 3766 1820 3833 όρᾷν,

238 3860 324 3908 καὶ
351 3857 409 3909 τὸ
437 3858 682 3926 ἀζήμιον
713 3856 992 3908 ποιεῖσθαι
1021 3855 1116 3908 τοῦ
1149 3858 1342 3927 κυρίου
1386 3857 1480 3910 τοῦ
1520 3858 1712 3912 ἵππου.

303 4036 374 4087 0'3
403 4038 641 4088 δύναται
667 4038 925 4090 ἐκϐαλεῖν
957 4041 1164 4093 ἄκοντα
1191 4041 1285 4092 τὸν
1336 4040 1760 4108 μισθωσάμενον
1795 4042 1822 4091 ὁ

241 4128 540 4194 μισθώσας,
574 4131 683 4200 πρὸ
710 4131 802 4183 τοῦ
830 4132 1140 4201 ὡρισμένου
1167 4135 1384 4203 χρόνου.
1414 4133 1518 4186 κᾶν
1543 4134 1700 4190 ἄλλος
1726 4135 1821 4186 αὖε

238 4217 322 4270 τοῦ
351 4219 582 4271 πλείονα
628 4222 904 4294 εἰσαγάγῃ
958 4224 1317 4293 μισθώματα,
1354 4226 1448 4276 καὶ
1499 4225 1566 4276 ἂν
1616 4226 1821 4292 εὐγνω-

241 4315 367 4380 μονῇ
401 4316 617 4376 ἐκεῖνος
648 4315 778 4382 περὶ
811 4313 837 4365 ὃ
866 4315 1190 4384 ὡμολόγησε
1227 4316 1410 4368 δοῦναι
1446 4316 1730 4386 μίσθωμα.

542 4490 797 4544 ΚΕΦΑΛ.
829 4491 929 4546 II".
969 4493 1104 4560 Περὶ
1138 4497 1495 4562 μνηστείας.

914 4583 1138 4652 Νόμος.

308 4675 366 4730 Ὀ
392 4675 496 4747 τὴν
535 4677 677 4729 ίδίαν
713 4678 964 4747 μνηστὴν
997 4682 1105 4749 πρὶν
1143 4680 1242 4748 τῆς
1276 4679 1438 4750 ἥϐης,
1479 4681 1597 4749 ἦτοι
1629 4680 1723 4732 τοῦ
1754 4689 1822 4749 ιγ’

235 4770 448 4836 χρόνου,
485 4771 748 4838 φθείρας,
784 4773 832 4823 εἰ
864 4774 966 4841 μὲν
997 4777 1044 4825 οἱ
1073 4774 1172 4843 τῆς
1205 4773 1376 4842 κόρης
1402 4776 1581 4841 γονεῖς
1612 4775 1672 4825 οὐ
1701 4773 1823 4842 βού-

233 4863 408 4915 λονται
431 4865 538 4931 τὴν
559 4864 823 4930 τοιαύτην
851 4865 1110 4921 διαλῦσαι
1139 4866 1464 4935 μνηστείαν,
1497 4868 1822 4933 άναμενέτω

233 4955 321 5005 τοῦ
356 4957 548 5024 γάμου
591 4957 687 5008 τὸν
733 4958 950 5025 χρόνον.
998 4958 1058 5009 Εἰ
1098 4959 1154 5011 δὲ
1190 4958 1276 5010 διὰ
1309 4957 1407 5027 τὴν
1459 4958 1664 5026 φθορὰν
1710 4958 1824 5010 δια-

233 5049 389 5102 λῦσαι
417 5050 738 5119 βούλονται,
767 5051 1330 5121 ἀπαρεμποδίστωςὴ
1362 5067 1588 5120 τοιαυτη
1612 5051 1821 5103 λυέσθω

239 5144 528 5210 μνηστεέα,
565 5145 667 5196 καὶ
696 5146 723 5195 ὁ
756 5143 995 5211 φθορεὺς
1050 5144 1150 5213 τῆς
1200 5143 1335 5206 ἰδίας
1377 5144 1544 5196 αὑτοῦ
1587 5143 1822 5195 ὑποστά-

239 5253 367 5297 σεως
417 5239 478 5288 τὸ
517 5238 713 5306 τρίτον
751 5238 914 5306 μέρος
951 5237 1028 5305 τῷ
1063 5239 1218 5306 μέρει
1266 5237 1456 5289 διδότω
1499 5238 1596 5302 τῆς
1628 5239 1818 5307 κόρης.

235 5331 387 5400 Ζήτει
429 5334 528 5384 καὶ
555 5331 622 5383 τὸ
661 5336 718 5381 ιε’
752 5347 879 5396 map.
908 5329 1000 5381 τοῦ
1035 5331 1072 5381 Γ
1113 5332 1403 5400 στοιχείου.

587 5423 845 5475 ΚΕΦΔΔ.
875 5424 970 5475 lA'.
1002 5423 1139 5489 Περὶ
1165 5424 1464 5491 μοιχείας.

313 5511 370 5563 '0
423 5511 663 5580 Νύσσης
719 5513 892 5581 μέγας
944 5512 1249 5581 Γρηγόριος
1286 5515 1345 5565 ὲν
1375 5513 1452 5584 τῷ
1496 5515 1566 5567 δι’
1613 5517 1821 5578 κανόνι,

240 5603 459 5670 Ἥρεσε,
497 5604 666 5672 φησὶ,
705 5605 823 5656 τισὶ
863 5602 970 5654 τῶν
1001 5603 1433 5673 ἀκριὸεστέρων,
1465 5605 1556 5657 καὶ
1595 5606 1655 5656 τὸ
1685 5604 1825 5658 κατὰ

240 5699 330 5756 τὴν
364 5699 641 5765 πορνείαν
684 5696 1068 5764 πλημμέλημα
1100 5696 1350 5765 μοιχείαν
1381 5693 1522 5749 εἶναι
1555 5698 1819 5766 νομίζειν,

239 5787 365 5842 δέτι
421 5790 522 5848 μία
564 5789 723 5845 ἐστὶν
774 5792 803 5852 ἡ
855 5788 1083 5858 νόμιμος
1144 5789 1375 5858 συζυγία
1438 5790 1533 5841 καὶ
1598 5789 1823 5856 γυναικὶ

1929 1907 1946 1967 (
1984 1923 2204 1961 scenam
2237 1911 2383 1962 enim
2431 1910 2837 1965 simulationem
2873 1922 3068 1966 vocant
3095 1913 3113 1980 )
3142 1927 3238 1966 eos
3261 1915 3506 1980 quidem,

1925 1999 2016 2066 qui
2041 2000 2095 2052 in
2120 1999 2472 2070 imperatoris
2501 2015 2796 2072 conspectu
2820 2004 2933 2058 lucc
2956 2004 3236 2068 simulant,
3268 2005 3507 2059 honora-

1925 2093 2062 2147 biles
2115 2092 2364 2162 judicant
2400 2096 2546 2165 leges
2600 2095 2826 2162 civiles;
2867 2095 2959 2165 qui
2995 2111 3123 2149 vero
3174 2098 3226 2150 in
3277 2112 3509 2167 congre-

1925 2184 2237 2253 gationibus
2267 2196 2319 2239 et
2356 2187 2478 2242 aliis
2533 2188 2856 2256 populorum
2895 2189 3258 2242 conventibus
3301 2191 3507 2244 nuituis

1925 2275 2244 2330 verberibus
2293 2275 2462 2329 risum
2499 2279 2905 2346 spectatoribus
2939 2287 3181 2343 movent,
3234 2294 3262 2332 a
3291 2279 3506 2349 legibus

1925 2367 2158 2422 infames
2184 2369 2524 2438 judicantur.

1999 2547 2194 2614 Quaere
2229 2549 2283 2603 in
2313 2551 2346 2604 8
2373 2551 2552 2622 capite
2578 2553 2773 2608 litteras
2805 2555 2842 2606 Δ
2871 2569 2995 2608 can.
3036 2554 3138 2608 1‘19
3188 2552 3505 2623 Cartbagin.

1927 2655 2076 2710 syn.,
2113 2649 2168 2694 et
2226 2641 2279 2696 in
2335 2645 2513 2712 primo
2546 2647 2722 2714 capite
2776 2647 2973 2700 litterae
3003 2644 3045 2700 Θ
3075 2662 3200 2702 can.
3238 2648 3302 2702 51
3362 2659 3504 2702 sext.

1926 2732 2142 2803 synodL

2337 2825 2493 2882 CAP.
2520 2827 2637 2884 Xll.
2672 2830 2746 2885 De
2778 2831 3089 2886 elocutione.

2621 2921 2804 2992 Leges.

2005 3013 2062 3067 Si
2098 3013 2401 3068 conductor
2425 3024 2550 3067 ante
2575 3023 2788 3084 tempus
2819 3018 3205 3073 conductionis
3231 3021 3505 3088 expletum

1927 3108 2045 3162 sine
2080 3122 2245 3160 causa
2279 3106 2509 3160 fundum
2554 3107 2887 3175 deseruerit,
2924 3111 3092 3165 totius
3121 3115 3384 3182 temporis
3424 3130 3510 3167 re-

1843 3173 1887 3234 C
1921 3200 2093 3253 ditum
2126 3200 2407 3268 persolvit.

1995 3292 2051 3347 Si
2088 3294 2209 3362 quis
2247 3309 2450 3363 equum
2479 3295 2818 3348 conduxerit
2861 3295 2928 3350 ad
2960 3307 3170 3351 certum
3209 3313 3352 3352 onus
3377 3314 3507 3367 por-

1926 3387 2436 3456 tandum,eumque
2465 3391 2706 3458 graviori
2752 3406 2918 3444 onere
2967 3390 3222 3460 imposito
3275 3392 3502 3453 Ηίθεοι-ιι,

1923 3495 1984 3532 ex
2017 3481 2219 3533 damno
2250 3491 2491 3535 tenetur.

1997 3573 2051 3626 Si
2082 3575 2207 3641 quis
2241 3577 2304 3628 ad
2341 3577 2518 3629 locum
2554 3594 2724 3646 usque
2757 3579 3100 3649 designatum
3152 3581 3504 3633 commodato

1924 3669 2195 3733 acet-prrit
2245 3685 2443 3736 equum
2475 3709 2490 3728 ,
2530 3672 2670 3723 ultra
2693 3681 2874 3725 autent
2908 3674 3058 3725 illuni
3098 3675 3176 3725 vrl
3214 3673 3385 3742 egerit
3424 3673 3504 3723 vel

1924 3761 2155 3821 miserit,
2186 3761 2250 3812 de
2286 3761 2486 3812 damno
2526 3763 2607 3814 vel
2659 3775 2854 3822 morte.
2879 3779 3000 3832 quae
3049 3765 3124 3816 illi
3186 3767 3504 3831 contingere

1924 3853 2148 3922 possint,
2201 3853 2395 3906 viderit
2446 3853 2583 3921 ipse,
2635 3855 2726 3922 qui
2786 3867 2978 3910 mutuo
3031 3859 3282 3924 accepit;
3317 3865 3391 3918 et,
3452 3869 3508 3908 ut

1922 3947 2046 4014 equi
2075 3947 2330 3999 dominus
2371 3947 2642 4000 indemnis
2683 3950 2774 4013 sit,
2809 3965 3001 4001 curare
3037 3959 3274 4003 tenetur.

1996 4037 2226 4090 Locator
2276 4050 2402 4092 ante
2427 4042 2782 4092 constitutum
2848 4051 3064 4108 tempus
3117 4041 3504 4093 conductorem

1925 4130 2152 4182 invitum
2211 4130 2410 4197 ejicere
2449 4147 2554 4184 non
2629 4141 2847 4200 potest,
2907 4133 3034 4185 licet
3081 4133 3223 4185 alius
3273 4132 3508 4199 majores

1924 4223 2016 4276 illo
2039 4224 2247 4276 dederit
2273 4226 2565 4292 pensiones
2588 4244 2602 4288 ;
2629 4227 2672 4279 si
2705 4227 2936 4280 libenter
2963 4227 3127 4279 etiam
3162 4227 3504 4295 pensionem,

1920 4315 1986 4369 de
2021 4329 2126 4382 qua
2170 4317 2310 4383 pacti
2366 4327 2514 4379 sunt,
2574 4318 2804 4371 dederit.

2207 4405 2365 4476 183
2400 4407 2552 4460 CAP.
2589 4406 2731 4462 ΧΙΙΙ.
2765 4407 2837 4461 De
2866 4408 3222 4477 sponsalibus.

2646 4499 2774 4554 Lex.

1997 4590 2099 4656 Qui
2155 4607 2310 4647 suam
2358 4607 2617 4662 sponsam
2683 4603 2808 4646 ante
2861 4602 3076 4645 astatem
3117 4634 3130 4654 ,
3171 4593 3381 4646 scilicet
3441 4592 3507 4645 l3

1925 4699 2221 4748 annorum,
2256 4685 2434 4748 vitiat,
2470 4685 2514 4739 si
2555 4684 2776 4752 quidem
2829 4685 3056 4750 virginis
3090 4696 3343 4753 parentes
3395 4684 3509 4736 bare

1925 4778 2205 4847 sponsalia
2260 4778 2570 4831 dissolvere
2635 4778 2850 4838 uolunt,
2902 4777 3232 4830 matrimonii
3293 4786 3509 4840 lelttptts

1926 4879 2233 4938 exspectet.
2271 4871 2372 4924 Sin
2424 4887 2475 4923 vt
2495 4886 2554 4923 ro
2591 4881 2811 4940 propter
2861 4871 3268 4937 corruptionem
3319 4869 3506 4922 volunt

1926 4963 2249 5026 dissolvere,
2293 4965 2411 5018 sine
2463 4964 2862 5033 impedimento
2910 4962 3178 5031 ejusmodi
3231 4963 3508 5030 Sptttlsalm

1926 5057 2323 5120 dissolvantur,
2383 5068 2436 5110 et
2494 5065 2788 5125 corruptor
2851 5055 3114 5124 suiipsius
3185 5054 3507 5109 substantia:

1930 5151 2143 5202 tertiam
2179 5159 2386 5218 partem
2419 5152 2644 5220 virginis
2678 5151 2816 5218 parti
2850 5150 2962 5204 det.
3007 5149 3201 5215 Quaere
3230 5161 3283 5202 et
3317 5148 3382 5201 15
3415 5164 3506 5201 ca-

1928 5249 2024 5309 put
2056 5241 2244 5295 littera:
2275 5242 2336 5294 Γ.

2335 5421 2485 5476 CAP.
2524 5419 2658 5474 XIV.
2693 5420 2766 5473 De
2797 5421 3084 5474 adulterio.

1997 5511 2224 5580 Magnus
2244 5513 2541 5582 Gregmius
2564 5513 2842 5584 ,Nysseuus
2866 5513 2918 5565 in
2939 5513 3096 5566 tertio
3117 5511 3234 5581 ejus
3258 5525 3466 5566 canone
3490 5549 3504 5572 ,

1930 5605 2164 5666 Placuit,
2205 5605 2407 5674 inquit,
2435 5605 2787 5658 subtiliorum
2820 5603 3098 5657 nonnullis
3134 5604 3296 5655 etiam
3337 5601 3508 5653 forni-

1928 5697 2469 5765 cationispeecatum
2501 5695 2831 5749 adulterium
2864 5711 2986 5750 esse
3015 5695 3507 5761 existimar.e,quo-

1931 5791 2076 5844 niam
2107 5807 2215 5848 una
2247 5800 2332 5846 est
2367 5790 2606 5860 legitima
2635 5790 2969 5858 conjunctio,
3001 5802 3054 5846 et
3085 5790 3330 5844 mulieris
3377 5803 3500 5842 cum
