4252 6424
231 309 287 380 33
1198 314 1603 377 SYNTAGMA
1641 313 2270 374 ALPHABETICUM.
2309 337 2373 350 -
2415 304 2490 361 M.

3365 315 3443 388 3-4

228 429 275 477 οὐ
300 425 514 486 δέδοται,
544 430 686 480 κατά
717 427 808 480 τὸν
847 430 1137 482 κελεύοντα
1171 426 1238 495 ιη’
1279 428 1640 481 ἀποστολικὸν
1667 444 1764 481 κα·
1791 435 1838 489 Δ
1867 443 1907 495 ει

1762 435 1838 489 χι
1867 429 2227 496 apostolicqu
2288 443 2410 480 can.
2453 426 2546 492 qui
2593 428 2769 495 jubet,
2825 442 2949 481 cum
2995 427 3165 495 ejecta
3216 428 3441 482 muliere

228 518 350 580 νόνα,
381 518 452 586 μὴ
485 519 735 586 ἱερᾶσθαι
769 522 859 573 τὸν
890 521 1285 590 διαϐεϐλημένῃ
1319 523 1538 587 γυναικὶ
1585 536 1765 572 συνοι-

1873 519 2224 571 matrimonio
2285 519 2640 586 c0ujuuctutu
2711 536 2817 572 non
2890 519 3002 571 ﬁeri
3063 519 3438 586 sacerdotem;

228 610 415 672 κοῦντα,
458 610 516 662 δν
549 615 643 664 καὶ
698 612 852 682 ζήτει
903 616 960 666 ἐν
995 613 1134 683 τῷδ’
1176 612 1370 681 κεφαλ.
1423 612 1514 664 τοῦ
1552 612 1590 664 Γ
1619 628 1765 663 στοιο
1866 627 1899 680 q

1288 612 1370 665 αλ.
1423 612 1514 664 τοῦ
1552 612 1590 664 Γ
1619 628 1765 663 στοιο
1866 626 2027 680 quem
2057 609 2220 664 etiam
2251 625 2466 677 quzeras
2494 611 2548 663 in
2580 610 2612 663 4
2637 626 2758 680 cap.
2795 613 2874 665 Iit.
2909 613 2967 665 Γ.

226 719 370 771 χειου.

291 795 342 845 '0
363 793 414 845 δὲ
453 793 624 860 μέγας
653 792 933 852 Βασίλειος
989 796 1047 846 μ.
1076 795 1152 863 τῷ
1174 794 1245 846 λδ⁹
1274 796 1481 859 κανόνι,
1510 796 1622 858 Τάς
1649 814 1767 865 μοιε

227 884 509 949 χευθείσας,
542 888 697 951 φησὶ,
725 887 820 937 καὶ
842 884 909 936 δι’
945 885 1231 939 εὐλάϐειαν
1259 887 1353 938 καὶ
1381 888 1473 939 τὸν
1503 887 1604 952 τῆς
1637 888 1765 954 μελ-

225 976 396 1043 λούσης
426 975 657 1043 κρίσεως
687 976 851 1043 φόϐον
887 978 982 1046 τὴν
1014 980 1290 1047 ἁμαρτίαν
1339 978 1768 1046 ἐξομολογουμέ-

224 1086 322 1128 νας,
350 1069 378 1136 ἦ
411 1069 505 1120 καὶ
552 1069 803 1122 ὁπωσοῦν
835 1070 1199 1139 ἐλεγχομένας
1239 1072 1342 1123 ὑπό
1379 1088 1436 1122 τε
1470 1071 1563 1123 τοῦ
1593 1071 1764 1136 δγκου

229 1160 360 1228 τυχὸν
423 1163 524 1230 τῆς
578 1162 836 1232 γαστρὸς,
891 1163 924 1230 ἢ
967 1164 1065 1216 καὶ
1113 1163 1222 1215 ἀπὸ
1283 1163 1379 1216 τοῦ
1433 1163 1494 1216 τδ
1570 1165 1765 1232 βρέφος

222 1253 508 1312 ἀποτεκεῖν,
567 1253 849 1322 ἀποδήμου
884 1252 977 1305 τοῦ
1031 1254 1162 1306 ίδίου
1197 1255 1347 1316 δντος
1401 1253 1618 1324 ἀνδρὸς,
1666 1253 1767 1305 οὐκ

222 1343 402 1408 ἔφασαν
431 1343 538 1394 δεῖν
573 1343 622 1395 ot
650 1344 897 1414 Πατόρες
925 1345 1130 1405 ταύτας
1170 1344 1544 1413 δημοσιεύειν,
1577 1347 1641 1397 ἐκ
1670 1343 1766 1397 τοῦ

221 1434 329 1494 τοὺς
349 1434 545 1496 τόπους
557 1435 668 1487 τῶν
691 1436 985 1504 ἐπιτιμίων
1006 1436 1338 1504 ἀναγκάζειν
1359 1438 1527 1502 αὑτὰς
1549 1423 1767 1502 διῖέναι,

221 1525 295 1576 τὸν
325 1524 413 1577 τοῦ
465 1527 887 1595 προοκλαίοντός
915 1546 1095 1598 -φημι,
1128 1529 1221 1583 τοῦ
1269 1531 1644 1600 ἀκροωμένου,
1671 1530 1769 1582 καὶ

219 1616 297 1670 τοῦ
323 1619 745 1683 ὺποπίπτοντος,
779 1621 868 1674 ἵνα
891 1623 966 1691 μὴ
998 1623 1231 1675 θανάτου
1256 1623 1439 1675 αἰτίαν
1475 1623 1770 1692 παράσχω-

221 1728 308 1774 μεν
333 1709 731 1780 ἐλεγχθείσαις.
774 1712 834 1766 '0
862 1714 971 1782 γὰρ
996 1714 1093 1782 τῆς
1119 1713 1374 1782 τοιαύτης
1398 1716 1539 1785 ἀνὴρ
1599 1713 1770 1778 ἐξιοῦ-

1940 790 2166 860 Magnus
2203 790 2436 844 Basilius
2470 791 2522 844 in
2563 791 2630 843 δι
2677 806 2822 854 can.,
2849 791 3132 846 Adulterio
3181 792 3440 860 pollutas,

1869 883 2072 951 inquit,
2103 893 2155 936 et
2187 884 2259 935 ob
2289 885 2542 951 pietatem
2575 894 2629 938 et
2657 884 2826 938 futuri
2849 885 3040 951 judicii
3077 897 3274 940 metum
3313 901 3440 954 pec—

1867 987 2048 1030 catum
2077 979 2426 1040 t-oulitentes,
2477 978 2560 1030 vel
2591 979 3090 1045 quomodocumque
3135 979 3438 1039 convictas,

1873 1067 2036 1120 veluti
2069 1067 2138 1120 ab
2175 1067 2314 1121 uteri
2355 1078 2590 1130 tumore,
2643 1068 2723 1120 vel
2759 1068 2923 1120 etiam
2955 1068 3025 1122 ab
3054 1069 3200 1122 edito
3260 1077 3439 1136 partu,

1868 1159 1993 1212 dum
2032 1160 2211 1211 mariti
2261 1175 2450 1212 earum
2501 1159 2659 1228 longe
2688 1159 3124 1227 peregrinantur.
3162 1160 3441 1227 publicare

1870 1266 1976 1303 non
2011 1251 2257 1304 siverunt
2300 1251 2488 1305 Patres
2538 1254 2735 1313 nostri,
2783 1266 3066 1317 pennarum
3119 1253 3268 1306 locos
3320 1252 3440 1304 illas

1868 1342 2079 1410 ingredi
2135 1342 2400 1412 cogendo,
2459 1342 2637 1397 ﬂentis
2698 1345 2970 1403 videlicet.
3032 1343 3328 1407 audientis,
3385 1356 3440 1396 ct

1869 1436 2129 1490 substrali
2152 1478 2166 1500 ,
2203 1451 2268 1490 ne
2299 1437 2565 1491 convictis
2602 1438 2793 1491 mortis
2826 1451 3046 1490 causam
3084 1436 3438 1504 praebeamus.

1870 1527 2018 1579 lllius
2050 1528 2194 1580 enim
2226 1528 2476 1591 maritus,
2502 1530 2671 1597 ipsam
2708 1540 2855 1582 extra
2887 1529 3133 1583 ecclesia:
3176 1528 3439 1582 ambitqu

1868 1634 2158 1675 exeuntem
2187 1623 2396 1687 videns,
2434 1640 2556 1677 cum
2590 1624 2655 1678 iis
2681 1627 2774 1692 qui
2824 1626 3002 1694 pinnis
3043 1623 3436 1693 subjiciuntur,

1870 1723 1923 1765 et
1951 1712 2423 1767 mzmilestiorilms
2451 1715 2791 1768 testimoniis
2811 1730 2919 1766 non
2945 1729 3133 1783 egens.
3158 1717 3300 1783 quod
3331 1731 3444 1768 ma-

217 1818 303 1851 σαν
351 1804 444 1870 τῆς
499 1803 795 1871 ἐκκλησίας
843 1805 986 1870 ὀρῶν
1041 1804 1180 1872 μετά
1227 1805 1336 1858 τῶν
1371 1807 1429 1857 ἐν
1468 1804 1766 1873 ἐπιτιμίοις
1799 1793 1888 1856 Βι

1761 1793 1840 1863 :3
1871 1805 2108 1857 trimonii
2171 1805 2315 1872 leges
2376 1806 2623 1868 violavit,
2664 1807 2853 1859 statim
2906 1806 3054 1859 illam
3101 1807 3386 1860 interliciet
3425 1823 3440 1860 :

217 1892 384 1954 ὅντων,
433 1896 528 1946 καὶ
565 1896 1038 1965 περιφανεστέρας
1089 1897 1148 1948 οὑ
1191 1897 1406 1966 δεηθεὶς
1460 1897 1768 1967 μαρτυρίας

216 1986 290 2038 τοῦ
318 1989 404 2038 τὸν
433 1990 612 2056 γάμον
660 1990 807 2058 αὐτῷ
846 1991 1191 2060 διορυγῆναι,
1226 1991 1428 2043 αὐτίκα
1474 1990 1770 2058 διαχρήσε-

220 2093 292 2130 ut
337 2080 582 2150 ταύτην·
634 2081 850 2143 Macte;
907 2081 1017 2152 γὰρ
1051 2081 1236 2149 ζήλου,
1295 2080 1438 2135 κατά
1487 2080 1579 2134 τὸν
1606 2080 1767 2134 Σολο-

214 2171 406 2235 μῶντα,
441 2173 613 2241 Θυμὺς
661 2175 851 2242 ἀνδρὸς
903 2176 1072 2244 αὐτῆς
1099 2191 1114 2205 ο
1148 2175 1325 2248 ταύτῃ
1376 2192 1458 2229 τοι
1493 2178 1586 2228 καὶ
1617 2174 1768 2226 συνί-

1875 1898 2068 1966 plenus
2102 1898 2248 1950 enim
2301 1898 2438 1959 zelo,
2481 1898 2634 1966 juxta
2670 1898 3041 1961 Salomonem.
3081 1901 3297 1953 animus
3341 1901 3440 1952 viri

1878 1989 2071 2057 ipsius.
2129 1989 2362 2056 Ideoque
2414 1991 2717 2044 consistere
2751 1992 2974 2060 quidem
3022 2007 3145 2046 cum
3194 1992 3442 2045 ﬁdelibus

1875 2081 2225 2141 ordinarunt,
2273 2088 2328 2134 et
2384 2097 2496 2138 una
2538 2085 2745 2150 precari
2782 2083 2991 2154 absque
3035 2085 3439 2148 communione,

1872 2170 2051 2224 donec
2081 2172 2354 2238 expletum
2388 2171 2553 2227 fuerit
2581 2175 2912 2242 poenitentia?
2949 2184 3182 2245 tempus.

215 2265 429 2318 στασθαι
482 2268 599 2329 τοῖς
645 2270 860 2328 πιστοῖς
914 2267 1211 2332 ἐπέταξαν,
1262 2267 1357 2321 καὶ
1407 2264 1768 2337 συνεύχεσθαι
1803 2263 1977 2336 χωρὶς
2013 2262 2316 2329 κοινωνίας,
2348 2263 2506 2335 ἄχρις
2541 2265 2608 2319 ἂν
2637 2266 2664 2319 ὀ
2715 2267 2818 2335 τῆς
2887 2268 3176 2338 μετανοίας
3251 2269 3440 2340 χρόνος

212 2363 536 2433 ἰκμετρηθῇ.

285 2454 369 2505 Ἐν
391 2454 447 2507 δὲ
480 2454 560 2524 τῷ
578 2453 680 2518 λζ’,
718 2455 778 2508 '0
807 2455 1066 2529 ἀλλοτρίᾳ.
1093 2461 1330 2528 γαμετῇ,
1363 2459 1396 2527 ἢ
1429 2473 1772 2528 μεμνηστευ-

214 2545 342 2615 μένῃ
369 2547 549 2614 ἑτέρῳ
581 2546 1078 2615 συμφθειρόμενος,
1113 2548 1229 2614 καὶ,
1280 2549 1418 2617 μετὰ
1447 2549 1507 2601 τὸ
1537 2550 1770 2618 ἀφαιρε-

214 2636 358 2701 θῆναι
407 2638 640 2706 ταύτην,
693 2642 905 2708 γαμετῇ
976 2641 1328 2710 συνοικήσας.
1387 2641 1481 2695 ίπῖ
1537 2639 1638 2708 μὲν
1701 2641 1767 2710 τῇ

212 2730 393 2798 πρώτῃ
448 2731 696 2799 μοιχείαν
726 2730 1130 2800 ἐγκληθήσεται
1155 2751 1171 2764 ·
1211 2732 1304 2783 ἐπὶ
1328 2731 1384 2784 δὲ
1409 2734 1478 2801 τῇ
1538 2731 1770 2801 δευτέρᾳ

211 2819 532 2886 ἀνέγκλητος
565 2823 735 2881 ἔσται,
772 2823 1038 2893 ἐλευθέρα
1068 2824 1204 2895 οὔσῃ
1237 2824 1451 2892 ἀνδρός.

284 2909 366 2960 Ἑν
410 2910 468 2962 δὲ
518 2911 720 2981 τῷλο’,
765 2912 824 2966 'll
868 2913 948 2980 τῷ
1004 2913 1178 2983 μοιχῷ
1243 2913 1460 2977 συζῶσα
1523 2913 1767 2982 μοιχαλίς

208 3000 333 3064 ἐστι,
361 3001 524 3070 φησι,
569 3003 848 3055 τουτέστιν
879 3004 911 3072 ἡ
949 3003 1298 3071 μοιχευθεῖσά
1345 3020 1472 3066 τινι,
1501 3004 1594 3056 καὶ
1629 3003 1767 3071 μετά

1943 2450 2000 2504 1η
2025 2450 2092 2504 57
2128 2465 2257 2504 vero
2295 2448 2436 2515 :Qui
2465 2449 2706 2505 alienam
2743 2468 2964 2507 uxorem
3001 2455 3080 2507 vel
3119 2455 3282 2507 alicui
3345 2457 3442 2507 de-

1872 2553 2191 2612 sponsatam
2211 2546 2531 2614 corrumpit,
2553 2555 2606 2598 et
2637 2556 2924 2614 postquam
2951 2562 3012 2599 ea
3042 2548 3217 2600 ablata
3254 2547 3440 2610 fuerit,

1873 2648 2098 2687 uxorem
2131 2633 2305 2698 ducit,
2337 2637 2391 2689 in
2420 2638 2592 2705 prima
2624 2639 2838 2706 quidem
2872 2639 3120 2693 adulterii
3158 2641 3443 2694 accusabi-

1872 2733 1987 2791 tur;
2030 2726 2080 2779 in
2113 2731 2352 2782 secunda
2393 2740 2574 2784 autem
2635 2744 2758 2784 rcus
2790 2745 2895 2785 non
2931 2742 3142 2801 agetur,
3183 2750 3353 2788 uxore
3409 2751 3438 2788 a

1875 2818 1994 2872 viro
2029 2819 2220 2872 libera.

1946 2909 2004 2962 ln
2037 2910 2103 2964 59
2134 2914 2320 2974 etiam,
2367 2909 2498 2976 Quae
2547 2912 2698 2973 vivit,
2745 2914 2940 2982 inquit,
2994 2931 3118 2970 cum
3167 2919 3438 2983 adultero,

1876 3002 2122 3054 adultera
2159 3012 2278 3067 est;
2333 3004 2381 3056 id
2414 3015 2520 3066 est,
2575 3021 2697 3072 quae
2752 3020 2874 3060 cum
2921 3009 3100 3076 aliquo
3136 3010 3438 3065 adulterata

205 3092 429 3145 θάνατον
457 3092 555 3146 τοῦ
590 3096 819 3163 νομίμου
849 3071 1040 3164 ἀνδρὸς
1068 3093 1146 3160 τῷ
1184 3094 1357 3164 μοιχῷ
1383 3136 1396 3159 ,
1429 3098 1578 3163 νόμῳ
1609 3093 1772 3163 δῆθεν
1801 3071 1843 3126 C
1877 3110 1884 3142 ι

1758 3071 1843 3144 ιθ
1877 3103 1978 3154 est,
2025 3104 2080 3146 et
2123 3104 2244 3162 post
2277 3095 2500 3163 legitimi
2542 3098 2627 3150 sui
2664 3099 2843 3152 mariti
2889 3112 3118 3154 mortem
3166 3103 3437 3166 adultero,

203 3185 375 3250 γάμου
409 3188 672 3251 μιγεῖσα·
722 3185 781 3238 οὐ
818 3186 927 3256 γὰρ
974 3191 1339 3254 συγχωρεῖται
1379 3186 1556 3253 τούτῳ
1597 3201 1771 3238 συνοι-

205 3276 308 3326 κεῖν
353 3277 384 3344 ἡ
438 3276 693 3345 τοιαύτη,
726 3274 851 3330 οὔτε
905 3279 1056 3346 παρὰ
1111 3279 1216 3330 τῶν
1276 3279 1373 3346 τῆς
1419 3280 1766 3346 Ἐκκλησίας,

201 3367 315 3419 οὔτε
362 3369 517 3436 παρᾶ
564 3369 672 3420 τῶν
713 3369 1011 3421 πολιτικῶν
1045 3370 1226 3438 νόμων
1251 3385 1267 3401 ⁸
1300 3372 1393 3422 καὶ
1441 3373 1490 3422 εί
1534 3372 1607 3440 μὴ
1638 3373 1770 3424 ἀπο-

202 3458 375 3525 σταίη,
409 3460 470 3510 of:
506 3459 693 3510 λύεται
724 3459 980 3528 ταύτηςὴ
1015 3461 1286 3528 ἁμαρτία,
1319 3462 1412 3513 καὶ
1452 3463 1500 3512 εί
1528 3462 1618 3512 τὸν
1649 3463 1768 3531 χρό-

198 3563 280 3598 νον
305 3551 618 3601 ὶκτελέσειε
664 3549 770 3604 τῶν
797 3551 1111 3619 ἐπιτιμίων.
1144 3552 1307 3619 Ζὴτει
1335 3552 1429 3604 καὶ
1454 3552 1516 3604 τὸ
1549 3559 1589 3604 ε’
1635 3569 1763 3622 κερ.

198 3638 282 3690 τοῦ
314 3640 352 3691 Γ
382 3641 690 3711 στοιχείου,
714 3642 849 3694 ἀλλὰ
873 3643 937 3711 δὴ
965 3646 1055 3696 καί
1085 3644 1145 3697 τὸ
1177 3652 1270 3706 ις’.

865 3737 1065 3804 Νόμοι.

267 3824 324 3875 '0
355 3826 449 3877 ἐπὶ
475 3826 692 3896 μοιχείᾳ
729 3829 984 3892 γυναικὸς
1017 3826 1414 3895 κατηγορηθεὶς
1450 3827 1511 3879 οὐ
1540 3828 1766 3882 δύναται

195 3931 219 3964 τ
231 3915 392 3984 πύτην
422 3919 680 3986 γαμετὴν
709 3917 1034 3984 ἀγαγέσθαι.

255 4010 471 4072 Πάντας
534 4011 650 4062 ὅσοι
699 4010 797 4072 τὰς
832 4013 1095 4076 γυναῖκας
1153 4009 1332 4061 αὐτῶν
1375 4012 1765 4080 μοιχευομένας

193 4101 537 4167 εὑρίσκοντες
571 4101 646 4169 μὴ
676 4101 990 4165 ἀπολύουσι,
1026 4102 1382 4169 τιμωρεῖσθαι
1445 4101 1761 4167 κελεύομεν.

195 4190 564 4259 Πορνοϐοσκός
629 4192 827 4242 ἐστινὸ
859 4190 954 4259 τὴν
1001 4190 1194 4243 ἐαυτοῦ
1252 4193 1496 4259 γαμετὴν
1551 4208 1767 4260 μοιχευ-

191 4283 365 4334 θεῖσαν
404 4282 481 4350 μὴ
520 4281 824 4344 ἀπολύσας,
856 4282 916 4332 ού
974 4282 1080 4349 μὴν
1110 4285 1136 4332 ὁ
1169 4281 1340 4349 ψιλῶς
1393 4281 1760 4344 ὑποπτεύσας.

249 4371 410 4423 Ἀλλά
431 4371 627 4434 τανῦν,
660 4373 754 4422 καὶ
781 4373 918 4438 μετὰ
952 4374 1050 4440 τὴν
1078 4373 1398 4439 καταδίκην,
1457 4372 1678 4424 δύναται
1734 4373 1761 4421 ό

1875 3185 2211 3238 matrimonii
2236 3185 2448 3240 scilicet
2481 3186 2616 3255 lege,
2651 3188 2940 3256 conjuncta
2970 3201 3073 3245 est.
3129 3191 3244 3247 Non
3290 3195 3434 3248 enim

1875 3272 1964 3327 illa
1993 3289 2096 3327 una
2125 3291 2246 3328 cum
2276 3291 2341 3328 eo
2361 3278 2545 3330 vivere
2568 3278 2926 3345 permittitur,
2955 3296 3131 3349 neque
3159 3284 3228 3336 ab
3259 3285 3436 3338 eccle-

1873 3364 2112 3419 siasticis
2137 3381 2312 3434 neque
2345 3381 2373 3418 a
2409 3367 2666 3424 civilibus
2699 3369 2934 3437 legibus,
2965 3381 3020 3425 et
3054 3374 3156 3426 nisi
3182 3375 3434 3439 desistat,

1870 3458 1990 3523 ejus
2018 3466 2301 3525 peccatum
2333 3473 2444 3512 non
2473 3459 2726 3522 solvitur,
2758 3461 2880 3516 licet
2914 3476 3196 3530 patum-um
3223 3474 3437 3535 tempus

1869 3544 2180 3615 perfecerit.
2214 3546 2405 3613 Quaere
2438 3558 2492 3604 et
2523 3548 2556 3603 5
2589 3564 2713 3620 cap.
2743 3550 2828 3605 lit.
2858 3550 2918 3618 Γ,
2949 3555 3085 3623 quin
3119 3565 3173 3609 et
3209 3555 3293 3610 16.

2539 3725 2721 3794 Leges.

1942 3813 2045 3881 Qut
2079 3816 2330 3870 adulterii
2391 3834 2515 3873 cum
2547 3818 2776 3874 muliere
2815 3819 3093 3874 commissi
3121 3834 3432 3884 accusatur,

1869 3905 2014 3959 illam
2053 3923 2276 3963 uxorem
2310 3910 2510 3964 ducere
2539 3925 2646 3964 non
2679 3921 2879 3980 potest.

1936 3997 2258 4067 Quicunque
2283 4015 2481 4055 uxores
2512 4017 2641 4057 suas
2665 4003 2976 4056 adulterare
3000 4004 3431 4073 deprehendunt,

1866 4099 1919 4143 et
1939 4105 2042 4143 non
2073 4092 2374 4154 dimittunt,
2395 4093 2574 4160 puniri
2589 4095 2974 4163 eosjuhemus.
2999 4094 3146 4149 Leno
3164 4098 3308 4150 enim
3325 4107 3431 4160 est,

1866 4182 1957 4248 qui
1992 4181 2266 4250 propriam
2296 4199 2451 4236 suam
2484 4198 2709 4236 uxorem
2752 4185 3111 4238 adulteratam
3172 4203 3281 4239 non
3351 4189 3436 4240 di-

1868 4274 2069 4338 mittit;
2127 4289 2234 4326 non
2269 4290 2395 4329 vero
2447 4276 2540 4344 qui
2595 4284 2806 4330 tantum
2842 4289 3150 4346 suspectam
3186 4281 3366 4333 habet.

1934 4365 2090 4420 Nunc
2126 4377 2329 4431 autem,
2375 4378 2428 4420 et
2461 4379 2584 4433 post
2614 4369 3155 4432 condemnationem,
3184 4372 3265 4424 vir
3295 4386 3432 4424 uxo-

185 4464 310 4532 ἁνὴρ
338 4463 642 4517 ἀναλαϐεῖν
675 4463 739 4513 ἐκ
769 4461 862 4513 τοῦ
891 4463 1256 4530 μοναστηρίου
1310 4464 1408 4530 τὴν
1458 4461 1760 4532 μοιχευθεῖο
1793 4477 1836 4530 ι)

1751 4495 1760 4507 .
1793 4477 1836 4530 ι)
1870 4471 1978 4510 rem
2003 4472 2158 4510 suam
2184 4456 2484 4511 adulteram
2513 4472 2580 4511 ex
2602 4459 2940 4512 monasterio
2959 4461 3208 4527 accipere
3231 4471 3430 4529 potest,

187 4572 272 4605 σιν
297 4557 463 4608 αὑτοῦ
522 4554 781 4620 γυναῖκα,
827 4553 968 4604 κατὰ
1017 4552 1115 4622 τὴν
1180 4552 1281 4623 ριξ⁹
1328 4551 1761 4605 Ἰουστινιάνειον
1860 4601 1866 4614 ,

1755 4572 1761 4597 ι
1860 4547 2014 4614 juxta
2057 4548 2153 4601 H7
2180 4546 2474 4602 Iustiniani
2504 4550 2799 4612 novellam,
2822 4566 2945 4619 qua!
2970 4551 3140 4604 dicit:
3172 4552 3434 4606 .lubemus

186 4641 394 4709 νεαρὰν,
465 4639 808 4706 Κελεύομεν,
869 4639 1153 4705 λέγουσαν,
1227 4643 1325 4706 τὴν
1387 4641 1763 4709 μοιχευθεῖσαν

1752 4659 1763 4692 ν
1865 4636 2148 4689 mulierem
2215 4637 2518 4690 adulteram
2582 4638 2842 4705 congruis
2915 4640 3098 4706 poenis
3160 4641 3431 4694 subditam

185 4737 430 4797 γυναῖκα,
467 4734 598 4794 ταῖς
624 4730 1033 4799 προσηκούσαις
1064 4731 1507 4800 ὑποϐαλλομένην
1531 4735 1760 4797 ποιναῖς,

187 4824 530 4892 μοναστηρίῳ
562 4820 931 4890 ἐμϐάλλεσθαι
969 4838 982 4852 ’
1015 4821 1110 4873 καὶ
1137 4823 1184 4872 εἰ
1219 4822 1317 4889 μὲν
1342 4821 1470 4874 εἴσω
1497 4822 1699 4885 διετίας
1730 4823 1758 4874 ό

183 4915 306 4983 ἀνὴρ
338 4915 516 4982 αὐτὴν
553 4911 849 4964 ἀναλαϐεῖν
878 4912 1190 4981 βουληθείη,
1219 4911 1468 4976 ἐξουσίαν
1506 4913 1655 4982 αύτῷ
1689 4914 1766 4966 δί-

182 5005 328 5074 δομεν
349 5004 518 5057 τοῦτο
558 5005 757 5065 ποιεῖν,
790 5004 880 5053 καὶ
921 5003 1186 5054 συνοικεῖν
1209 5003 1369 5071 αὐτῇ,
1419 5003 1622 5070 μηδένα
1653 5005 1766 5056 κίν-

179 5097 322 5146 δυνον
353 5093 621 5148 ἐντεῦθεν
639 5092 1047 5162 εὐλαϐουμένῳ
1079 5093 1140 5145 ού
1164 5093 1272 5160 γὰρ
1327 5093 1763 5147 καταϐλάπτεται

180 5187 397 5255 ὀγάμος
453 5187 546 5238 διὰ
601 5184 671 5237 τά
736 5185 794 5237 ἐν
855 5184 933 5253 τῷ
979 5185 1182 5252 μεταξὺ
1209 5185 1497 5251 γεγονότα.
1555 5185 1763 5236 Είδὲό

179 5282 580 5349 προειρημένος
616 5280 811 5348 χρόνος
843 5277 1124 5343 παρέλθοι,
1159 5277 1191 5346 ἢ
1223 5279 1249 5329 ό
1276 5279 1435 5348 ἀνὴρ,
1471 5278 1601 5345 πρὶν
1628 5279 1762 5330 ἀνα-

178 5349 348 5420 λαϐεῖν
379 5370 584 5437 αὐτὴν,
617 5365 982 5435 τελευτήσειε,
1019 5364 1314 5432 κελεύομεν
1369 5365 1762 5432 ἀποκείρεσθαι

178 5462 265 5528 τὴ.
294 5459 558 5527 γυναῖκα,
597 5459 694 5509 καὶ
727 5456 787 5508 τὸ
821 5457 1109 5524 μοναχικὸν
1139 5457 1319 5525 σχῆμα
1348 5455 1666 5523 λαμϐάνειν.

246 5552 445 5621 Εἱπερὶ
468 5550 727 5624 μοιχείας
756 5551 783 5600 ὸ
811 5547 947 5618 ἀνὴρ
977 5551 1360 5617 κατηγορήσας
1389 5549 1484 5615 τῆς
1507 5548 1765 5614 γυναικὸς

177 5645 507 5711 ἁπελὲγξειε,
538 5639 872 5712 τηνικαῦτα,
925 5638 1206 5710 χωρισμοῦ
1264 5644 1582 5706 γενομένου,
1625 5642 1767 5708 ἔχειν

177 5741 255 5789 τὸν
296 5738 465 5808 ἄνδρα
501 5734 828 5803 κελεύομεν,
848 5736 981 5805 πρὸς
1005 5736 1068 5802 τῇ
1103 5733 1208 5802 πρὸ
1235 5734 1411 5813 χάμου
1441 5734 1638 5803 δωρεᾷ,
1673 5736 1765 5785 καὶ

1864 4729 1917 4782 in
1952 4729 2346 4783 monasterium
2374 4731 2570 4800 conjici
2602 4748 2617 4784 :
2651 4742 2706 4786 et
2739 4731 2785 4786 si
2825 4731 2966 4786 intra
3001 4733 3279 4788 biennium
3315 4750 3426 4788 ma-

1869 4821 2007 4873 ritus
2034 4819 2162 4871 velit
2194 4834 2316 4872 eam
2351 4819 2637 4884 reducere,
2678 4819 2877 4874 damus
2895 4822 2944 4874 ei
2975 4831 3296 4890 potestatem
3328 4824 3432 4876 boc

1869 4908 2127 4971 faciendi,
2187 4917 2241 4962 et
2278 4924 2381 4961 una
2415 4923 2539 4961 cum
2584 4924 2647 4962 ea
2695 4909 2997 4973 habitandi,
3039 4911 3190 4965 nullo
3237 4912 3435 4965 exinde

1868 5001 2186 5054 imminente
2215 5000 2292 5053 illi
2329 4999 2593 5070 periculo.
2629 4999 2843 5053 Nullum
2873 5002 3020 5056 enim
3056 5001 3433 5069 praiudicium

1865 5092 2063 5158 accipit
2127 5092 2541 5144 matrimonium
2585 5106 2649 5144 ex
2695 5092 2782 5146 bis
2813 5109 2934 5160 qua:
2965 5093 3145 5146 modio
3187 5106 3434 5162 tempore

1865 5179 2007 5233 facta
2042 5190 2190 5234 sunt.
2227 5178 2321 5233 Sin
2374 5191 2554 5232 autem
2604 5181 2922 5248 praedictum
2961 5192 3177 5251 tempus
3205 5195 3433 5249 prater-

1866 5272 2011 5331 icrit,
2074 5283 2165 5324 aut
2218 5273 2473 5334 maritus,
2541 5272 2858 5340 priusquam
2923 5272 3069 5325 illam
3138 5275 3430 5340 receperit,

1865 5364 2083 5420 obierit.
2118 5363 2376 5433 jubemus
2411 5377 2468 5416 ut
2503 5363 2796 5418 tondeatur
2833 5366 3052 5428 mulier,
3099 5375 3153 5419 et
3186 5366 3432 5421 habitum

1867 5457 2225 5508 monasticum
2261 5455 2472 5508 induat.

1952 5545 2108 5616 185
2150 5546 2205 5598 Si
2255 5546 2502 5598 adulterii
2535 5547 2614 5598 vir
2679 5562 2901 5599 uxorem
2951 5563 3106 5601 suam
3162 5549 3432 5602 damnans

1868 5639 2205 5701 convicerit,
2265 5645 2378 5689 tum
2439 5638 2784 5705 separatione
2845 5637 2984 5691 facta
3035 5639 3289 5707 jubemus
3348 5639 3426 5690 vi-

1875 5746 1990 5784 rum
2015 5740 2211 5798 pneth
2236 5729 2585 5783 donationem
2623 5741 2748 5784 ante
2788 5732 3006 5799 nuptias
3038 5731 3235 5785 factam
3265 5734 3430 5786 etiam
