4252 6424
739 342 813 404 35
1936 338 2299 398 ΜᾹἸἽἮᾸίι
2334 337 2418 400 BI.

2334 337 2755 403 BLASTAttts
3931 348 3998 417 36

739 460 921 513 dotem
955 459 1192 515 habere:
1226 471 1279 516 et
1310 461 1374 515 ad
1407 462 1530 527 hoc,
1556 460 1600 514 si
1626 457 1765 514 ﬁlios
1793 471 1904 512 non
1939 456 2157 520 habeat,
2190 466 2309 510 tan-
2334 464 2385 519 Α
2414 474 2418 488 ι

2334 464 2385 519 Α
2414 456 2509 524 τὴν
2534 463 2733 528 προῖκα
2753 479 2770 496 ο
2797 467 2888 517 καὶ
2914 467 3048 537 πρδς
3070 468 3303 531 τούτοις.
3324 469 3371 520 εἰ
3401 463 3597 529 παῖδας
3620 467 3697 536 μὴ
3714 464 3849 535 ἔχοι,
3874 482 3996 517 τοσο

741 563 852 606 tmn
883 553 1130 620 accipere
1166 568 1229 606 ex
1295 553 1398 607 alia
1446 553 1632 606 uxoris
1672 549 1996 612 substantia,
2050 557 2314 617 quantum

738 643 879 695 dolis
945 644 1105 698 tertia
1161 660 1287 712 pars
1345 658 1469 698 esse
1528 643 1892 712 cognoscitur,
1935 649 1991 692 ut
2040 638 2157 707 eius
2194 654 2319 707 pro-

742 735 959 801 prietati
994 746 1042 786 et
1075 737 1175 787 dus
1208 746 1262 787 et
1294 749 1322 788 a
1357 736 1513 790 nobis
1538 734 1759 788 definita
1801 746 1959 803 poena
1990 731 2311 800 applicetur.

742 823 799 877 Si
834 825 974 877 enim
1014 826 1154 878 tilios
1183 825 1437 880 habuerit
1465 842 1528 879 ex
1559 827 1678 895 ejus
1710 822 2082 889 matrimonio,
2123 836 2175 875 et
2221 824 2316 877 do-

740 926 849 971 tem
892 918 1162 985 aliamque
1218 919 1460 972 mulieris
1514 917 1875 972 substantiam
1912 916 2039 970 filiis
2096 931 2319 969 conser-

744 1009 896 1071 vari,
950 1020 1006 1061 et
1076 1010 1148 1063 ita
1208 1010 1510 1061 adulterum
1576 1009 1818 1077 legitime
1857 1010 2160 1061 convictum
2210 1022 2314 1060 una

738 1115 862 1153 eum
898 1116 1069 1153 uxore
1120 1102 1322 1168 puniri.
1378 1100 1441 1153 Et
1483 1101 1533 1153 si
1578 1101 1796 1168 quidem
1842 1115 2061 1153 uxorem
2121 1099 2318 1153 haheat

738 1193 975 1258 adulter,
1004 1209 1124 1247 eam
1156 1206 1210 1248 et
1242 1196 1420 1248 dotem
1445 1202 1501 1247 et
1531 1202 1658 1247 ante
1711 1193 1927 1260 nuptias
1966 1191 2313 1246 donationem

738 1286 1020 1354 accipi-re:
1068 1287 1230 1338 aliam
1297 1302 1427 1339 vero
1460 1285 1641 1339 mariti
1696 1283 2081 1346 substantiam,
2124 1284 2167 1337 si
2210 1283 2318 1337 sint

739 1376 958 1446 quidem
1011 1379 1370 1430 ascendentes
1427 1378 1513 1430 vel
1584 1376 1977 1431 descendentes
2028 1389 2197 1443 usque
2249 1374 2316 1427 ad

739 1470 959 1522 tertium
995 1469 1245 1539 gradum.
1283 1470 1403 1522 illos
1427 1484 1545 1523 eam
1587 1470 1866 1538 accipere;
1899 1468 1980 1521 sin
2005 1479 2186 1521 autem
2213 1482 2316 1519 non

736 1561 867 1626 sint,
897 1577 1019 1615 cum
1053 1561 1186 1616 ﬁsco
1226 1561 1553 1629 adjudicari.

808 1741 1088 1796 Adulteris
1134 1739 1438 1793 verberatis
1474 1749 1526 1792 et
1561 1739 1737 1794 tonsis
1796 1754 1956 1792 nares
1989 1737 2320 1792 abSCiltdatt-

2424 546 2579 602 οὖτον
2601 546 2899 619 Xaquth
2927 559 2991 609 ἐκ
3018 557 3116 627 τῆς
3143 558 3310 628 ἄλλης
3354 558 3450 626 τῆς
3497 556 3751 624 γυναικὸς
3781 573 3998 623 περιου-

2422 642 2708 709 σίαςιίδσον
2726 646 2825 715 τῆς
2851 648 3075 717 προικὸς
3092 650 3152 701 τὸ
3172 649 3354 719 τρίτον
3387 648 3550 718 μέρος
3572 644 3713 700 εἶναι
3737 645 4003 714 γινώσκε-

2417 749 2536 788 ται·
2562 736 2699 789 ὥστε
2724 742 2788 807 τῇ
2806 739 2971 792 αὑτοῦ
2993 739 3281 810 δεσποτεία
3309 741 3403 793 καὶ
3420 741 3521 809 τὴν
3553 742 3759 807 προῖκα
3789 738 3883 791 καὶ
3906 739 4001 805 τὴν

2420 824 2550 894 παρ’
2567 826 2724 895 ἡμῶν
2745 827 3055 896 ὁρισθεῖσαν
3082 828 3272 898 ποινὴν
3294 825 3762 898 προσκυροῦσθαι.
3794 824 3856 875 Et
3892 825 3993 892 γάρ

2420 918 2614 979 παῖδας
2638 916 2751 984 ἔχοι
2783 921 2846 971 ὲκ
2867 918 2961 971 τοῦ
2992 921 3163 987 αὐτῆς
3182 920 3541 982 συνοικεσίου,
3567 919 3662 971 καὶ
3684 916 3782 985 τὴν
3798 918 3997 986 προῖκα

2419 1011 2514 1062 καὶ
2543 1011 2639 1081 τὴν
2663 1011 2832 1081 ἀλλην
2865 1012 2969 1081 τῆς
3002 1014 3259 1078 γυναικὸς
3306 1012 3626 1083 περιουσίαν
3674 1012 3788 1070 τοῖς
3840 1008 3998 1060 παισὶ

2420 1100 2805 1170 φυλάττεσθαι,
2856 1106 2951 1158 καὶ
2978 1105 3119 1157 οὓτω
3142 1105 3230 1157 τὸν
3270 1105 3458 1174 μοιχὸν
3487 1102 3734 1173 νομίμως
3783 1099 3998 1174 $53735-

2424 1213 2602 1266 μενον,
2627 1197 2744 1267 ἅμα
2762 1201 2828 1269 τῇ
2857 1199 3075 1267 γυναικὶ
3092 1198 3479 1267 τιμωρεῖσθαι.
3509 1196 3620 1249 Καὶ
3655 1195 3705 1246 εί
3764 1193 3861 1261 μὲν
3885 1190 3997 1259 ἔχει

2418 1292 2446 1341 ὁ
2474 1289 2660 1358 μοιχὸς
2684 1291 2954 1360 γαμετὴν,
2992 1290 3090 1361 τὴν
3120 1292 3323 1360 προῖκα
3371 1288 3467 1342 καὶ
3512 1287 3611 1357 τὴν
3668 1286 3774 1353 πρὸ
3814 1285 3995 1351 γάμου

2420 1382 2630 1451 δωρεὰν
2660 1383 2797 1452 αὐτῇ
2822 1400 2889 1436 πε
2900 1381 3247 1452 ρισὼζεσθαι,
3282 1381 3381 1451 τὴν
3404 1379 3463 1434 δὲ
3501 1379 3667 1447 ἄλλην
3686 1374 3780 1429 τοῦ
3804 1375 3994 1443 ἀνδρὸς

2419 1472 2590 1540 αὐτῆς
2618 1471 2954 1541 περιουσίαν,
2977 1473 3025 1523 εἰ
3056 1472 3156 1541 μέν
3189 1472 3327 1524 εἰσιν
3352 1468 3593 1529 ἀνιόντες
3624 1467 3657 1535 ἦ
3691 1467 3997 1523 κατιόντες,

2420 1562 2525 1624 ἕως
2563 1562 2745 1629 τρίτου
2775 1560 2985 1631 βαθμοῦ
3020 1559 3225 1629 ταύτην
3246 1558 3549 1628 λαμόἀνειν
3570 1553 3766 1615 αὐτούς
3793 1569 3807 1582 ·
3864 1552 3913 1603 εί
3941 1550 3998 1603 δὲ

2426 1653 2522 1722 μὴ,
2557 1650 3005 1723 προσκυροῦσθαι
3036 1651 3240 1719 ταύτην
3260 1649 3337 1717 τῷ
3365 1646 3633 1717 δημοσίῳ.

2492 1744 2557 1796 Ui
2593 1743 2789 1814 μοιχοὶ,
2815 1742 3142 1811 τυπτόμενοι
3192 1740 3287 1793 καὶ
3333 1738 3744 1808 κουρευόμενοι.
3785 1734 3997 1802 ρινοκο-

738 1844 848 1888 tur.
887 1832 1215 1886 lntet'ttuntii
1248 1846 1378 1885 vero
1410 1842 1464 1885 et
1520 1831 1669 1897 impii
1726 1831 2004 1899 huiusque
2048 1830 2315 1883 facinoris
2352 1820 2395 1880 Β

2352 1820 2395 1880 Β
2427 1834 2738 1888 πείσθωσαν
2769 1851 2787 1868 ο
2810 1835 2859 1887 οἱ
2890 1833 2946 1889 δὲ
2976 1832 3131 1903 μέσοι
3165 1833 3257 1884 καὶ
3291 1830 3559 1900 ὑπουργοὶ
3606 1828 3700 1879 τοῦ
3754 1821 3998 1877 τοιούτου

736 1925 1041 1980 administri
1076 1926 1346 1977 verberati
1376 1931 1429 1977 et
1454 1924 1596 1976 tonsi
1632 1924 1686 1974 in
1721 1930 2043 1990 perpetuum
2081 1919 2308 1972 mittan-

737 2028 827 2072 tur
868 2016 1143 2070 exsilium.

809 2108 951 2173 Quin
1001 2109 1166 2161 etiam
1202 2117 1257 2161 et
1306 2105 1379 2160 ’ὀὶ
1435 2105 1644 2159 novella
1698 2102 2053 2173 imperatoris
2112 2101 2315 2156 Leonis

738 2215 1013 2270 congruas
1071 2214 1261 2268 poenas
1317 2198 1587 2253 adulteris
1633 2197 1768 2251 viris
1820 2205 1877 2250 et
1917 2194 2184 2250 adulteris
2241 2193 2318 2249 fe-

739 2293 906 2349 minis
936 2294 1148 2347 statuit.

811 2384 1111 2438 Tricesinta
1134 2392 1326 2437 octava
1354 2397 1484 2437 vero
1508 2382 1720 2436 novella
1755 2382 2063 2435 adulterum
2086 2388 2140 2433 et
2163 2380 2316 2434 adul-

741 2490 917 2536 teram
949 2481 1161 2533 narium
1202 2480 1546 2534 abscissione
1587 2479 1764 2548 punit,
1790 2490 1844 2532 et
1878 2477 2143 2539 decernit,
2170 2475 2316 2545 quod

743 2573 977 2627 maritus
1026 2573 1285 2625 adulterae
1317 2572 1499 2626 dotem
1534 2572 1817 2635 lucretur;
1852 2572 1997 2624 illam
2051 2581 2232 2624 autem
2260 2570 2314 2622 iu

742 2666 1082 2720 monasterio
1119 2665 1349 2725 includi,
1411 2680 1511 2718 nec
1566 2674 1746 2717 tamen
1781 2664 2005 2717 invitam
2055 2662 2313 2726 tonderi;

743 2774 865 2828 qnze
892 2773 1021 2812 vero
1053 2757 1195 2811 ultra
1236 2757 1419 2811 dotem
1453 2767 1583 2810 sunt
1616 2756 1904 2810 facultates
1935 2755 2054 2821 ejus
2091 2755 2232 2807 tilios
2262 2761 2315 2806 et

742 2852 1143 2906 monasterium
1182 2850 1463 2913 dividere;
1498 2852 1580 2904 sin
1636 2860 1816 2903 autem
1884 2864 1992 2900 non
2035 2848 2197 2901 habet
2251 2846 2318 2899 Ii—

743 2945 932 3005 beros,
963 2943 1085 3012 ejus
1119 2953 1377 3013 parentes
1419 2942 1499 2996 vel
1550 2941 1689 2995 alios
1720 2956 1784 2994 ex
1817 2941 1939 3009 ejus
1968 2939 2313 3008 cognatione.

816 3122 976 3177 Actio
1027 3120 1281 3175 adulterii
1322 3119 1646 3184 intenditur,
1706 3135 1813 3173 non
1861 3120 2040 3173 solum
2075 3120 2145 3173 ob
2186 3119 2316 3187 legi—

746 3216 896 3271 tima:
926 3215 1113 3270 uxoris
1166 3224 1441 3282 stuprum,
1471 3214 1565 3268 sed
1611 3214 1773 3267 etiam
1816 3229 1977 3283 super
2021 3215 2317 3267 matrimo-

746 3309 924 3372 nium,
954 3307 1103 3375 quod
1136 3306 1439 3361 consistere
1484 3320 1592 3358 non
1629 3315 1825 3383 potest,
1856 3315 1909 3361 et
1949 3306 2314 3375 illegitimum,

745 3402 802 3447 et
832 3394 1133 3462 sponsalia,
1157 3403 1209 3446 et
1235 3392 1684 3447 concubinatum.

820 3483 923 3550 Qui
954 3483 1263 3537 adulterum
1305 3499 1430 3537 cum
1486 3483 1708 3553 propria
1749 3499 1920 3538 uxore
1952 3485 2006 3537 in
2046 3485 2165 3554 ipso
2194 3495 2316 3539 actu

746 3576 1134 3646 deprehendit,
1172 3575 1217 3629 si
1271 3575 1551 3643 contingat
1618 3590 1744 3629 eum
1814 3576 2089 3641 occidere,
2120 3584 2226 3632 non
2259 3587 2320 3633 ut

748 3668 1021 3722 homicida
1055 3670 1323 3736 punitur;
1379 3669 1434 3721 in
1486 3683 1581 3721 sua
1617 3669 1762 3722 enim
1818 3673 2037 3739 propria
2067 3670 2230 3725 domo
2264 3671 2317 3725 in

748 3759 866 3826 ipso
906 3770 1031 3811 actu
1070 3758 1299 3811 maritus
1333 3757 1648 3811 adulterum
1678 3758 1987 3813 interficere
2024 3770 2220 3828 potest,
2266 3769 2320 3814 et

747 3851 897 3903 illum
947 3851 1225 3903 scenicum
1280 3850 1363 3903 vel
1420 3849 1701 3902 infamem.
1735 3848 1946 3904 Maritis
1988 3863 2170 3906 autem
2209 3867 2317 3906 non

748 3942 1068 3997 conceditur
1100 3940 1378 3994 adulteras
1409 3954 1538 3994 suas
1584 3954 1783 3994 uxores
1818 3941 2148 3997 interﬁcere.

820 4117 1053 4170 Diversa:
1088 4114 1285 4169 deinde
1337 4114 1482 4181 leges
1512 4114 1729 4181 iubent,
1771 4113 2057 4167 mulierem
2091 4130 2197 4167 non
2224 4116 2320 4169 ali-

747 4218 831 4261 ter
878 4206 1231 4259 condemnari
1282 4215 1341 4259 ut
1384 4205 1712 4267 adulteram,
1760 4220 1919 4272 quam
1958 4220 2052 4274 per
2101 4217 2320 4274 apertas

746 4299 1118 4369 probationes.
1176 4297 1229 4350 id
1286 4306 1392 4359 est,
1424 4311 1518 4365 per
1566 4298 1810 4365 quinque
1869 4307 2040 4351 testes
2071 4298 2319 4366 jurantes

750 4406 809 4444 se
838 4391 1046 4444 vidisse
1098 4390 1151 4442 in
1189 4390 1307 4455 ipso
1362 4395 1488 4441 actu
1545 4388 1663 4441 fieri
1703 4388 2058 4442 adulterium.
2091 4388 2205 4444 Hac
2234 4407 2321 4444 ra.

2415 1927 2762 1995 ἀσεϐήματος
2801 1926 3113 1995 γεγονότες,
3140 1922 3471 1991 τυπτόμενοι
3508 1920 3605 1973 καὶ
3668 1916 4002 1985 κουρευόμε-

2416 2037 2521 2081 νοι,
2550 2020 2789 2088 διηνεκεῖ
2818 2016 3386 2089 παραπεμφθήτωσαν
3414 2012 3619 2083 ὲξορίᾳ.

2500 2110 2658 2163 Ἀλλά
2704 2109 2799 2163 καὶ
2835 2110 2880 2179 ,ὴ
2901 2106 2979 2178 >.β’
3011 2104 3181 2177 νεαρὰ
3208 2103 3300 2158 τοῦ
3335 2103 3597 2173 βασιλέως
3646 2104 3874 2167 Λέοντος
3906 2104 4006 2166 τὰς

2417 2201 2803 2272 προσηκούσας
2832 2201 3025 2264 ποινὰς
3045 2196 3342 2269 διορίζεται
3369 2198 3481 2258 τοῖς
3522 2198 3731 2264 μοιχοῖς
3761 2197 3855 2249 καί
3878 2198 4000 2257 ταῖς

2420 2297 2745 2368 μοιχαλίσιν.

2501 2389 2564 2441 Ἦ
2600 2389 2654 2440 δὲ
2679 2390 2759 2455 λη’
2795 2386 2957 2457 ῥινῶν
2984 2388 3191 2456 ἐκτομῇ
3222 2386 3314 2438 τον
3378 2386 3566 2456 μοιχὸν
3598 2385 3691 2438 καὶ
3719 2384 3820 2453 τὴν
3877 2400 4004 2453 μοι·

2418 2481 2609 2552 χαλίδα
2640 2479 2882 2543 κολάζει,
2922 2480 3016 2533 καὶ
3040 2478 3350 2550 διορίζεται,
3388 2477 3480 2530 τὸν
3538 2476 3637 2547 μὲν
3694 2476 3859 2545 ἄνδρα
3901 2477 4000 2541 τῆς

2424 2572 2806 2643 μοιχευθείσης
2845 2571 3151 2642 κερδαίνειν
3196 2572 3296 2641 τὴν
3347 2571 3574 2640 προῖκα,
3622 2569 3790 2637 αὐτὴν
3838 2570 3893 2621 δὲ
3942 2569 4001 2620 ἐν

2422 2664 2772 2734 μοναστηρίῳ
2803 2661 3233 2733 περιορίζεσθαι,
3267 2663 3361 2715 καὶ
3382 2663 3622 2716 ἄκουσαν
3665 2660 3739 2730 μὴ
3771 2661 4000 2713 ἀποκεί-

2425 2756 2615 2826 ρεσθαι
2643 2772 2658 2787 ο
2688 2756 2755 2808 τά
2775 2756 2830 2808 δὲ
2847 2756 2944 2824 τῆς
2965 2755 3193 2825 προικὸς
3220 2754 3474 2807 ἐπέκεινα
3521 2753 3821 2820 πράγματα
3872 2753 4000 2815 τοὶς

2421 2849 2615 2910 παῖδας
2638 2848 2804 2915 αὐτῆς
2839 2849 2933 2901 καὶ
2966 2848 3024 2899 τὸ
3082 2847 3445 2915 μοναστήριον
3496 2845 3848 2915 διανέμεσθαι
3875 2859 3889 2873 ’
3938 2843 4002 2913 ἢ.

2422 2940 2629 2993 παίδων
2659 2938 2734 3009 μὴ
2765 2937 2955 3000 ὅντων,
2979 2938 3105 3001 τοὺς
3129 2936 3321 3005 γονέας
3341 2936 3511 3005 αὐτῆς
3570 2936 3603 3004 ἢ
3657 2935 3798 2989 κατά
3843 2934 4002 3002 γένος

2422 3030 2602 3091 ἄλλως
2628 3028 3027 3097 προσήκοντας.

2503 3120 2568 3175 Ἤ
2601 3120 2813 3189 μοιχεία
2829 3119 2891 3171 οὐ
2926 3119 3084 3188 μόνον
3114 3118 3204 3172 ὲπί
3255 3118 3429 3190 φθορᾷ
3479 3120 3713 3189 νομίμου
3754 3120 4006 3188 γαμετῆς

2425 3213 2678 3274 κινεῖται,
2696 3212 2832 3263 ἀλλὰ
2852 3212 2943 3263 καὶ
2970 3211 3062 3263 ἐπὶ
3087 3211 3415 3273 ἀσυστάτου,
3440 3213 3534 3263 καὶ
3592 3212 3854 3279 ἀθεμίτου
3904 3213 4005 3278 γά-

2428 3322 2556 3374 μου,
2594 3306 2689 3357 καὶ
2721 3304 3040 3374 μνηστείας,
3072 3304 3165 3357 καὶ
3196 3302 3604 3373 παλλακισμοῦ.

2508 3484 2566 3536 ’0
2621 3482 2713 3535 τὸν
2772 3482 2958 3551 μοιχὸν
3003 3481 3143 3548 μετά
3190 3481 3289 3550 τῆς
3317 3482 3451 3543 ἰδίας
3497 3482 3755 3546 γυναικὸς
3782 3484 3839 3534 ἐν
3866 3499 4009 3551 συμ-

2427 3574 2601 3643 πλοκῇ
2628 3572 2973 3634 καταλαϐὼν,
3012 3570 3108 3624 ἐὰν
3152 3572 3332 3642 συμϐῇ
3396 3571 3561 3625 αὐτὸν
3606 3573 3838 3633 ἀνελεῖν,
3901 3575 4005 3624 οἰκ

2427 3668 2712 3720 εὐθύνεται
2752 3666 2827 3728 ὼς
2849 3663 3174 3735 ἀνδροφόνος
3209 3679 3224 3695 ’
3256 3665 3313 3716 ἐν
3351 3664 3497 3734 μόνῳ
3527 3664 3633 3733 γὰρ
3658 3664 3734 3733 τῲ
3762 3665 3877 3733 ἰδίῳ
3925 3668 4008 3715 οἱ-

2427 3778 2508 3830 κῳ
2572 3758 2659 3809 ἐπ’
2712 3755 3018 3825 αὐτοφώρῳ
3076 3755 3300 3808 δύναται
3358 3755 3604 3823 φονεύειν
3641 3757 3733 3808 τὸν
3765 3759 3948 3824 μοιχὸν
3980 3762 4009 3809 ὸ

2428 3849 2588 3917 ἀνὴρ,
2625 3848 2720 3898 καὶ
2746 3846 2935 3899 τοῦτον
2958 3845 3215 3915 σκηνικὸν
3247 3844 3279 3913 ἢ
3307 3845 3500 3915 ἄτιμον
3538 3847 3685 3898 ὅντα.
3753 3848 3826 3899 Οὐ
3858 3847 4011 3899 δέδος

2426 3957 2514 3993 ται
2541 3939 2595 3990 δὲ
2623 3940 2733 3996 τοῖς
2762 3938 2986 4006 ἀνδράσι
3018 3936 3265 4004 φονεύειν
3291 3936 3387 3999 τὰς
3450 3938 3834 4007 μοιχευθείσας
3897 3943 3967 3991 αὖ

2426 4035 2534 4086 τῶν
2562 4037 2847 4101 γυναῖκας.

2498 4127 2754 4195 Διάφοροι
2804 4126 2860 4178 δὲ
2908 4126 3066 4190 νόμοι
3135 4124 3496 4188 θεσπίζουσι,
3554 4128 3628 4196 μὴ
3676 4128 3848 4189 ἄλλως
3906 4130 4010 4192 τὴν

2427 4218 2660 4284 γυναῖκα
2698 4216 3079 4285 μοιχευθεῖσαν
3111 4218 3561 4287 κατακρίνεσθαι,
3597 4219 3646 4269 εί
3677 4220 3750 4287 μὴ
3788 4221 3874 4271 διὰ
3900 4238 4009 4287 φιν.-

2427 4315 2598 4383 νερῶν
2630 4311 2980 4376 ἀποδείξεων,
3027 4316 3296 4374 τουτέστι,
3343 4314 3431 4367 διὰ
3491 4314 3652 4367 πέντε
3714 4315 4012 4383 μαρτύρων

2427 4406 2738 4472 ὀμνυόντων
2778 4406 2905 4457 ίδεῖν
2937 4405 3026 4456 ἐπ’
3051 4406 3351 4471 αὐτοφώρῳ
3383 4406 3483 4472 τὴν
3536 4405 3779 4473 μοιχείαν
3824 4405 4011 4457 τεὶου-

748 4485 897 4537 tione
930 4497 1029 4536 nec
1055 4496 1249 4535 omnes
1281 4490 1515 4545 possunt
1548 4482 1803 4535 adulterii
1832 4484 2105 4538 actionem
2143 4485 2322 4539 inten-
2354 4511 2400 4568 ο

2354 4511 2400 4568 ι)
2433 4498 2619 4567 μένην.
2656 4496 2815 4548 Κατά
2839 4495 3000 4548 τοῦτο
3039 4497 3145 4564 γὰρ
3173 4497 3295 4547 οὐδὲ
3328 4496 3528 4557 πάντες
3549 4496 3804 4546 δύνανται
3836 4498 4015 4546 κινεῖ-ι

746 4576 918 4637 dere,
965 4575 1059 4628 sed
1109 4573 1356 4642 quinque
1416 4573 1593 4626 solum
1640 4587 1911 4640 personae,
1942 4575 2195 4637 maritus,
2226 4592 2319 4645 pa-

748 4677 830 4721 ter
862 4665 1005 4734 ejus,
1040 4664 1228 4727 frater,
1274 4673 1529 4733 patruus,
1553 4665 1900 4733 avunculus;
1932 4666 2003 4719 ita
2036 4668 2180 4721 enim
2209 4684 2322 4721 ma-

746 4761 829 4829 gis
875 4757 1152 4812 credibilis
1200 4758 1260 4809 fit
1306 4756 1631 4824 quaestionis
1714 4763 2033 4826 praetextus.
2084 4758 2141 4811 Si
2191 4774 2323 4814 vero

747 4850 861 4904 sint
900 4848 1173 4919 peregrini
1206 4849 1299 4915 qui
1329 4856 1617 4912 accusant,
1650 4849 1696 4902 si
1720 4848 1942 4912 quidem
1976 4850 2323 4905 demonstra-

749 4944 949 4996 tionem
1014 4940 1286 5002 adferant,
1340 4941 1559 4993 narium
1617 4940 1967 4995 abscissione
2018 4943 2322 5010 puniuntur

747 5034 981 5089 adulteri
1008 5050 1023 5097 ;
1056 5033 1140 5087 sin
1175 5041 1357 5085 autent
1419 5040 1641 5101 propter
1672 5033 1993 5088 inimicitias
2023 5036 2323 5091 accusatio-

748 5144 869 5182 nem
913 5127 1178 5180 detulisse
1204 5126 1627 5189 aonvincantur,
1661 5126 1762 5195 ipsi
1820 5128 2066 5181 eamdem
2102 5144 2319 5195 poenam

749 5221 1005 5272 subeunt.
1036 5216 1231 5271 Mulier
1271 5226 1474 5280 autem.
1501 5232 1618 5286 quae
1652 5232 1711 5271 se
1743 5220 2047 5272 adulteram
2103 5221 2215 5287 ipsa
2252 5221 2324 5275 fa-

751 5319 914 5373 tetur,
948 5326 1054 5362 non
1106 5308 1548 5373 condemnatur;
1580 5310 1725 5378 quod
1760 5311 1924 5364 etiam
1974 5327 2175 5365 novum
2216 5327 2319 5368 est.

818 5403 920 5467 Qui
953 5403 1089 5455 duas
1128 5417 1325 5455 uxores
1354 5402 1537 5466 habet,
1583 5404 1903 5457 verberetur
1937 5422 1950 5457 :
1997 5405 2218 5471 expulsa
2255 5407 2323 5458 ab

751 5496 870 5564 ipso
933 5509 1104 5548 uxore
1166 5495 1597 5563 superiuducta,
1643 5506 1697 5549 et
1756 5496 1941 5549 liberis
2000 5514 2064 5549 ex
2114 5514 2173 5550 ea
2231 5514 2325 5551 na-

750 5587 841 5638 tis.

819 5680 922 5742 Qui
971 5678 1107 5732 duas
1140 5678 1340 5733 habere
1387 5694 1587 5734 uxores
1623 5680 1996 5751 prmsumpsit,
2021 5696 2125 5735 non
2187 5681 2322 5749 lege,

747 5774 840 5828 sed
875 5772 1017 5826 fatu
1075 5772 1317 5839 consilii,
1373 5772 1629 5827 adulterii
1679 5774 1954 5844 supplicio
2002 5774 2319 5843 subjicitur.

2424 4589 2487 4641 τὸ
2523 4588 2623 4654 τῆς
2656 4588 2902 4656 μοιχείας
2930 4588 3204 4655 ἔγκλημα,
3270 4588 3407 4639 ἀλλά
3471 4589 3739 4654 πρόσωπα
3791 4588 3950 4638 πέντε
3996 4607 4010 4619 ·

2424 4679 2770 4748 ἀνὴρ,πατὴρ
2796 4679 2986 4745 αὐτῆς,
3012 4679 3260 4745 ἁδελφὸς,
3286 4677 3428 4740 θεῖος
3452 4679 3586 4748 πρὸς
3605 4678 3835 4747 πατρὸς,
3861 4678 4015 4742 θεῖος

2426 4770 2565 4839 πρὸς
2625 4767 2871 4838 μητρός,
2931 4768 3072 4820 οὕτω
3124 4768 3233 4837 γὰρ
3263 4768 3675 4839 εὐπιστοτὲραὴ
3736 4771 4013 4837 etp/4:132;

2416 4862 2524 4933 τῆς
2544 4860 3066 4932 ζητήσεωξγίνεται.
3085 4861 3147 4915 Εἰ
3169 4863 3223 4913 δὲ
3253 4861 3391 4926 ξένοι
3429 4860 3538 4913 εἶεν
3566 4863 3612 4913 οἱ
3646 4863 4014 4931 κατηγοροῦν-

2429 4970 2543 5016 τες,
2575 4955 2625 5005 εί
2654 4953 2751 5022 μὲν
2779 4952 3171 5016 ἀποδείξουσιν,
3199 4953 3403 5019 ἐκτομῇ
3436 4952 3541 5003 τῶν
3569 4953 3729 5021 ῥινῶν
3751 4955 3798 5003 οἱ
3830 4956 4012 5021 μοχοὶ

2423 5042 2831 5113 τιμωροῦνταν
2898 5044 2964 5096 ἂν
3019 5043 3075 5095 δὲ
3135 5042 3625 5110 ἀπελεγχθῶσι,δι’

2424 5135 2760 5204 κατηγορίαν
2794 5135 3178 5203 πεποιηκότες,
3210 5127 3356 5185 οὗτοι
3389 5132 3487 5202 τὴν
3513 5133 3768 5202 τοιαύτην
3818 5137 4015 5203 ποινὴ-ι

2424 5227 2787 5292 ὑπομένουσιν
2821 5241 2834 5255 ο
2885 5224 3002 5276 ἀλλ’
3051 5225 3171 5276 οὐδὲ
3225 5223 3362 5292 αὐτὴ
3410 5225 3443 5293 ἠ
3477 5226 3617 5292 γυνὴ
3672 5226 4012 5293 ὁμολογοῦσι

2430 5317 2781 5387 μοιχευθῆναι
2819 5316 3262 5378 καταδικάζεται,
3315 5318 3450 5383 ὅπερ
3501 5317 3594 5368 καὶ
3630 5316 3744 5369 ἔστι
3776 5320 3981 5372 καινὸν.

2510 5410 2570 5462 '0
2601 5411 2694 5461 δύο
2719 5410 2967 5476 γαμετὰς
3014 5409 3153 5477 ἔχων
3213 5408 3502 5460 τυπτέσθω
3539 5424 3554 5439 °

2428 5503 2558 5569 παρ’
2592 5503 2757 5554 αὐτοῦ
2784 5504 2879 5569 τῆς
2908 5502 3236 5553 ἐπεισάκτου
3276 5500 3556 5568 γυναικὸς,
3588 5502 3725 5570 μετά
3773 5502 3883 5554 τῶν
3922 5522 4013 5556 τε-

3678 5041 3877 5110 ἐχθραν
3910 5046 4015 5111 τὴν

3607 5409 4015 5479 ὲκδιωκο;).ἐ·.τ,ς

2428 5592 2667 5661 χθέντων
2701 5592 2949 5661 ἐξαυτῆς
2980 5591 3208 5644 παίδων.

2509 5684 2567 5733 "J
2623 5683 2718 5737 δύο
2774 5683 3022 5752 γαμετὰς
3064 5683 3210 5753 ἔχειν
3262 5684 3541 5754 πειραθεὶς
3583 5686 3644 5738 οὐ
3676 5686 3847 5758 νόμῳ,
3877 5690 4015 5743 am

2436 5776 2623 5845 φάκτῳ
2646 5776 3037 5847 προαιρέσεως,
3066 5774 3352 5828 ὑπόκειται
3386 5776 3464 5845 τῷ
3496 5776 3593 5846 τῆς
3624 5783 3867 5850 μοιχείας
3926 5785 4014 5851 ἐγ-
