4252 6424
211 385 264 447 31
1174 370 1579 434 SYN’I‘AGMA
1623 351 2235 426 ALPllABETlCUM.
2269 357 2445 422 —M.
3344 356 3414 415 38

211 506 440 572 κλήματι.
479 499 539 553 '0
567 500 665 570 μέν
689 500 796 567 γὰρ
851 497 986 567 μετά
1044 494 1332 564 ἐλευθέρας
1389 488 1750 559 συμπλακεὶς,
1785 501 1825 548 Α
1861 485 1890 550 ε

1737 527 1750 548 ,
1785 501 1825 548 Α
1861 485 1962 550 Qui
2004 485 2148 537 enim
2204 499 2330 537 cum
2373 483 2590 544 liberta,
2623 483 2837 534 viVi-nte
2872 479 3043 548 ipsius
3076 490 3272 537 uxore.
3303 491 3413 527 rem

205 596 356 663 ζώσης
376 593 471 659 τῆς
499 590 662 643 αὑτοῦ
686 590 965 658 γυναικὸς,
986 587 1058 648 ὡς
1085 586 1280 653 πόρνος
1309 582 1695 650 κατακρίνεται
1721 593 1735 606 ⁶

205 688 228 738 ὁ
255 687 304 738 δέ
329 683 460 736 κατά
484 685 663 750 γάμου
693 680 976 733 κοινωνίαν
1023 677 1284 746 δευτέραν
1320 675 1608 742 ἀγόμενος,
1666 671 1741 733 ὡς

209 776 367 845 μοιχὸς
387 775 730 841 τιμωρεῖται.

260 868 454 918 Είδέναι
488 865 541 916 δέ
571 865 670 925 δεῖ,
709 864 791 914 δτι
843 861 946 914 είσὶ
1012 861 1279 928 πρόσωπα
1328 856 1738 926 ἁμαρτάνοντα,

205 960 286 1010 καὶ
307 959 398 1010 οὐκ
426 955 734 1009 εὐθύνονται
767 971 780 983 ·
806 955 834 1005 ό
895 953 1162 1021 μοιχεύων
1225 949 1324 1019 τὴν
1372 950 1608 1015 γυναῖκα
1648 943 1741 996 τοῦ

203 1049 471 1102 ἀποδούλου
505 1045 692 1106 αὐτοῦ,
719 1046 812 1096 καὶ
840 1045 867 1094 ὁ
917 1043 1186 1110 μοιχεύων
1246 1039 1584 1108 πολύφθορον
1646 1035 1741 1088 καὶ

204 1141 496 1193 πολύκοιτον
533 1137 825 1205 ὓπανδρον,
879 1136 959 1204 τῷ
993 1134 1090 1201 τῆς
1138 1132 1380 1201 μοιχείας
1440 1129 1742 1195 ἐγκλήματι

201 1233 283 1299 οὺχ
312 1231 609 1285 ὑπόκειται.
641 1230 688 1280 εί
720 1229 794 1296 μὴ
815 1226 890 1296 τῷ
922 1226 1022 1293 τῆς
1069 1225 1363 1294 πορνείαςο
1430 1221 1522 1274 καὶ
1578 1219 1606 1268 ό
1647 1217 1744 1286 μέν

203 1324 320 1390 ἀνὴρ
344 1325 665 1390 τιμωρεῖται
687 1323 758 1374 ὡς
795 1319 1001 1387 μοιχὸς,
1033 1319 1065 1386 ή
1098 1317 1154 1369 δέ
1194 1318 1329 1384 γυνὴ
1369 1315 1469 1366 οὐκ
1527 1310 1746 1364 εὐθύνε-

201 1432 294 1478 ται,
321 1416 402 1465 ὅτε
435 1415 672 1465 ἄκουσαν
697 1413 792 1464 καὶ
825 1410 1186 1480 βεδιασμένην
1219 1409 1388 1476 αὐτὴν
1438 1405 1582 1475 χειρὶ
1611 1420 1747 1472 κρα-

201 1509 344 1578 τήσῃ,
398 1507 442 1556 εἰ
488 1507 580 1556 καὶ
639 1504 776 1572 αὐτὴ
830 1502 1161 1570 ἐρυθριῶσι,
1218 1501 1276 1551 τὸ
1327 1498 1546 1566 γεγονὸς
1587 1496 1747 1555 εὐθὺς

201 1601 286 1651 οὐκ
309 1597 589 1666 ἀνήγγειλε
619 1595 696 1664 τῴ
724 1595 877 1664 ἀνδρὶ
896 1595 1084 1661 α’ὑτῆς.

227 1776 463 1829 non.
499 1775 599 1828 ιε’.
647 1774 782 1840 Περὶ
810 1773 1233 1840 μοναστηρίων
1258 1772 1353 1824 καί
1408 1770 1713 1840 μοναχῶν.

268 1868 324 1924 Ὀ
349 1870 442 1938 τῆς
490 1868 786 1936 λεγομένης
824 1867 1044 1934 πρώτης
1084 1868 1177 1918 καὶ
1227 1866 1484 1934 δευτέρας
1527 1865 1744 1915 συνόδου

205 1960 364 2015 κανὼν
412 1959 628 2030 πρῶτος
657 1959 730 2026 μὴ
758 1959 952 2020 ἐξεῖναι
985 1957 1197 2008 κελεύει
1227 1956 1583 2025 μοναστήριον
1605 1957 1749 2006 οἱκο-

201 2055 361 2121 δομεῖν
389 2052 516 2104 ἄνευ
547 2050 773 2118 γνώμης
805 2049 898 2101 τοῦ
960 2049 1282 2110 ἐπισκόπου,
1346 2049 1444 2116 τὴν
1495 2046 1748 2099 εἰωθυῖαν

201 2144 439 2212 πρότερον
463 2142 832 2202 ἐπιτελοῦντος
863 2141 1047 2208 εὐχὴν,
1074 2142 1130 2191 ἐν
1155 2138 1355 2208 βρεόξῳ
1378 2139 1433 2190 δέ
1453 2140 1585 2190 αὑτό
1614 2155 1672 2191 τε
1690 2139 1750 2190 τὸ

205 2235 546 2302 μοναστήριον
581 2232 978 2302 ἐγγράφεσθαι,
1011 2234 1103 2283 καὶ
1132 2234 1232 2284 ὅσα
1269 2231 1399 2300 πρὸς
1424 2230 1515 2283 τοῦ
1568 2231 1752 2300 δειμα-

204 2327 348 2394 μένου
379 2324 529 2394 αύτῷ
566 2326 892 2394 ἀφιέρωται,
926 2325 1018 2377 καὶ
1050 2325 1111 2376 τὸ
1162 2323 1375 2391 βρέϐιον
1428 2321 1502 2391 τῷ
1533 2323 1752 2374 ἐπισκό-

203 2435 277 2484 πῳ
333 2416 868 2486 προσαποτίθεσθαι.
936 2415 1010 2478 ὡς
1080 2416 1278 2484 μηκέτι
1335 2414 1595 2467 δύνασθαι
1660 2415 1750 2467 τὸν

202 2508 564 2577 ἀριερώσαντα
593 2510 737 2562 ἐστιν
762 2509 796 2562 ἃ
816 2509 1021 2560 τούτων
1057 2507 1208 2570 αὖθις
1261 2507 1611 2572 ἐξιδιοῦσθαι.
1651 2500 1752 2560 Ὧν

204 2605 298 2670 γὰρ
327 2603 676 2665 ἁπεξένωσεν
718 2604 907 2654 ἐαυτὸν
932 2601 1018 2653 διὰ
1045 2601 1142 2669 τῆς
1180 2604 1346 2669 μονῆς
1398 2601 1615 2662 ἀναθεὶς
1676 2600 1754 2670 τῷ

202 2691 326 2761 Θεῷ,
351 2693 464 2754 πῶς
491 2685 602 2753 οἷός
623 2707 703 2757 τε,
728 2685 814 2743 οἷα
842 2691 1132 2758 δεσπότης,
1158 2689 1330 2742 ταῦτα
1375 2688 1599 2751 διέπειν,
1657 2688 1755 2756 οὐχ

201 2785 330 2844 ὅπως
349 2782 664 2850 καὶρλλοις
694 2782 1117 2851 διαπιπράσκειν
1157 2798 1171 2846 ;
1214 2783 1274 2832 οὐ
1309 2779 1414 2849 μὴν
1437 2779 1556 2831 οὐδὲ
1584 2777 1753 2847 ἡγού-

205 2892 346 2942 μενον
362 2874 555 2926 ἑαυτὸν
579 2873 782 2941 ταύτης
807 2875 872 2943 ἐᾷ
899 2873 1217 2925 καθιστάναι
1238 2877 1385 2940 παρὰ
1408 2871 1632 2939 γνώμην
1660 2869 1753 2922 τοῦ

203 2970 513 3032 ἐπισκόπου,
536 2968 644 3019 οὐδ’
678 2967 863 3034 ἕτερον
888 2966 1003 3018 ἀνθ’
1037 2965 1232 3018 ἑαυτοῦ
1281 2961 1754 3032 προχειρίζεσθαι.

201 3059 254 3110 Εἰ
270 3062 370 3128 γὰρ
387 3062 450 3110 τὰ
474 3058 781 3128 ἀνθρώποις
808 3057 1008 3126 δεδωρη
1019 3057 1154 3124 μένα
1165 3054 1351 3108 οὐκενι
1375 3055 1540 3123 χωρὶς
1558 3053 1757 3121 εὐπρο-

204 3153 369 3203 σώπου
403 3152 589 3212 αίτίας
637 3153 727 3202 τὸν
747 3149 1134 3217 δωρησάμενον
1164 3145 1474 3211 ἀναλαϐεῖν,
1506 3145 1665 3214 σχολῇ
1689 3159 1752 3210 γε

202 3245 295 3296 τῶν
317 3244 746 3312 ἀνατεθειμένων
772 3241 888 3311 Θεῷ
902 3242 999 3308 τὴν
1024 3241 1321 3308 κυριότητα
1349 3241 1374 3290 ὁ
1391 3240 1606 3298 ἀναθεὶς
1633 3237 1751 3290 ἰδιο-

203 3343 492 3407 ποιήσεται,
523 3339 597 3398 ὡς
626 3334 964 3405 προσηγορία
998 3335 1132 3403 μόνῃ
1191 3340 1288 3387 καὶ
1333 3333 1407 3404 μὴ
1468 3332 1754 3402 πράγματι

200 3431 288 3499 τὴν
318 3429 619 3496 ἀφοσίωσιν
651 3423 809 3480 εἶναι.

273 3521 329 3572 ’0
362 3521 417 3572 δὲ
436 3520 510 3572 κδ’
543 3520 641 3584 τῆς
675 3519 716 3570 δ’
746 3519 962 3572 συνόδου
987 3517 1189 3582 κανὼν,
1237 3517 1314 3570 ἔτι
1346 3517 1402 3570 δέ
1433 3518 1526 3570 καὶ
1551 3517 1648 3586 τῆς
1704 3522 1756 3581 ς’

201 3614 226 3664 ό
254 3615 356 3682 μθ’,
386 3614 456 3666 τὰ
490 3613 639 3676 ἅπαξ
660 3613 1062 3684 καθιερωθέντα
1094 3613 1452 3681 μοναστήρια,
1493 3610 1632 3662 κατὰ
1659 3610 1758 3679 τὴν

203 3705 411 3775 γνώμην
433 3707 530 3759 τοῦ
561 3706 884 3768 ἐπισκόπου,
919 3704 978 3756 δν
1007 3704 1128 3766 ἔθος
1153 3705 1318 3770 εὐχὴν
1375 3702 1756 3770 προκαταδάλ-

201 3797 371 3850 λεσθαι
398 3799 501 3865 τῆς
529 3797 865 3866 οἰκοδομίας,
898 3797 1087 3864 ὥσπερ
1115 3795 1238 3848 τινα
1277 3795 1523 3864 θεμέλιον
1588 3795 1759 3864 ἀρρα-

203 3891 284 3960 γῆ,
306 3892 655 3944 ἐπιτάττουσι
684 3890 862 3959 μένειν
887 3893 966 3952 είς
994 3889 1054 3941 τὸ
1095 3889 1338 3957 διηνεκὲς
1396 3889 1754 3956 μοναστήρια,

203 3985 285 4034 καὶ
306 3986 374 4034 τὰ
400 3984 749 4053 προσήκοντα
784 3983 996 4044 τούτοις
1039 3981 1342 4048 πράγματα
1393 3976 1757 4045 φυλάττεσθαι

202 4074 544 4143 ἁνεκποίητα,
608 4072 702 4124 καὶ
755 4073 950 4141 μηκέτι
1001 4071 1244 4139 γίνεσθαι
1305 4069 1478 4122 ταῦτα
1520 4069 1758 4134 κυσμικὰ

203 4165 538 4231 καταγώγια*
564 4162 689 4224 τοὺς
734 4163 790 4215 δέ
816 4161 974 4215 τοῦτο
1004 4163 1078 4232 μὴ
1108 4161 1408 4230 τηροῦντας
1459 4158 1758 4221 κανονικῶς

206 4255 555 4320 εὐθύνεσθαι,
597 4255 925 4323 ἱερωμένους
984 4254 1081 4322 μὲν
1150 4253 1350 4322 δηλαδὴ
1407 4251 1756 4321 καθαιρέσει,

204 4347 404 4408 λαῖκοὺς
430 4348 486 4399 δέ
527 4346 993 4414 ὑποϐαλλομένους
1015 4344 1327 4414 ἀφορισμῷ.
1385 4345 1546 4412 Ζήτει
1580 4343 1672 4393 καὶ
1702 4341 1760 4393 ἐν

203 4439 270 4507 τῷ
315 4438 378 4509 ιβ’
401 4456 528 4507 κεφ.
580 4437 672 4490 τοῦ
719 4439 759 4490 Ε
793 4437 1056 4507 στοιχείου
1096 4436 1295 4489 κανόνα
1331 4433 1393 4497 ιζ’
1417 4433 1514 4502 τῆς
1565 4434 1607 4496 ζ’
1638 4447 1760 4483 συν-

203 4529 329 4584 ὁδου.

273 4623 329 4674 '0
371 4624 428 4675 δὲ
462 4622 668 4689 ταύτης
715 4619 760 4673 κ’
786 4620 883 4674 οὐκ
916 4621 1085 4672 οῐεται
1128 4619 1237 4671 δεῖν
1276 4619 1385 4672 ἀπό
1418 4636 1481 4686 γε
1528 4618 1623 4671 τοῦ
1666 4620 1760 4671 νῦν

203 4713 352 4766 διπλᾶ
379 4712 632 4778 γίνεσθαι
668 4711 1023 4779 μοναστήρια,
1061 4709 1155 4761 καὶ
1176 4712 1289 4772 τοῖς
1334 4711 1585 4778 μοναχοῐς
1613 4710 1762 4776 ἐγγι-

206 4820 295 4857 στα
355 4808 454 4867 τὰς
511 4803 848 4873 μοναζούσας
891 4803 1059 4858 οίκεῖν
1093 4817 1107 4831 ·
1162 4802 1457 4853 σκανδάλου
1508 4802 1616 4871 γάρ
1668 4800 1763 4852 καὶ

206 4897 623 4964 πμσκόμματος
681 4897 792 4956 τοῖς
821 4893 1031 4954 πολλοῖς
1078 4891 1251 4944 αίτιον
1282 4891 1439 4944 τοῦτό
1473 4909 1560 4958 γε.
1615 4891 1760 4946 Ἀλλ’

204 4984 332 5045 ὅσοις
375 4987 543 5054 ἠρεσε
572 4986 711 5052 μετὰ
731 4984 836 5037 τῶν
867 4983 1012 5036 ἰδίων
1035 4985 1400 5046 ἀποτάξασθαι
1461 4985 1760 5050 συγγενῶν,

205 5076 246 5125 oi
273 5078 364 5144 μὲν
399 5078 593 5146 ἄνδρες
631 5078 710 5138 εἰς
740 5075 970 5145 ἀνδρῶν,
1014 5075 1070 5128 αἱ
1099 5074 1157 5127 δέ
1211 5076 1464 5140 γυναῖκες
1529 5077 1608 5136 είς
1662 5091 1760 5142 γυ-

205 5169 392 5220 ναικῶν
448 5171 762 5230 είσίτωσαν,
791 5171 943 5238 φησὶ,
995 5170 1358 5238 μοναστήρια,
1406 5169 1488 5220 Τὰ
1539 5169 1594 5220 δὲ
1634 5170 1763 5236 ἄχρι

206 5265 288 5311 καὶ
314 5265 556 5330 τήμερον
587 5261 950 5328 διαρκέσαντα
1009 5260 1174 5314 διπλᾶ
1221 5261 1579 5330 μοναστήρια,
1624 5262 1765 5314 αἰδοῖ

206 5353 286 5403 τοῦ
326 5355 474 5405 ταῦθ’
530 5353 705 5414 οὕτως
753 5353 895 5421 ἔχειν
943 5352 1293 5413 τυπώσαντος
1348 5354 1493 5405 θείου
1553 5355 1763 5422 Πατρὸς

207 5445 347 5510 ἡμῶν
383 5445 692 5506 suam,
724 5443 1236 5512 οΞκονομείσθωσαν,
1297 5445 1372 5497 ὼε
1442 5446 1646 5506 ἐκεῖνός
1699 5461 1762 5510 γε

207 5535 574 5590 διατάσσεται·
621 5537 1026 5589 συνδιαιτᾶσθαι
1066 5535 1123 5586 δέ
1184 5535 1278 5588 καὶ
1328 5539 1761 5603 συναναστρέφεο

212 5626 324 5680 σθαι
351 5631 624 5698 μοναχοὺς
661 5629 1008 5697 μοναστρίαις
1038 5630 1104 5681 οὑ
1131 5629 1229 5693 δεῖ,
1263 5628 1355 5681 ἅτε
1379 5629 1639 5696 βλαϐερὸν
1672 5630 1764 5680 καὶ

209 5719 444 5788 ἀθέμιτον
485 5736 500 5749 ·
537 5720 665 5772 οὔτε
688 5719 995 5790 παρρησίαν
1022 5718 1158 5789 πρὸς
1197 5719 1365 5781 αὑτὰς
1419 5721 1582 5788 ἔχειν,
1642 5720 1762 5772 οὔτε

214 5807 306 5864 lii;
357 5809 739 5879 προσομιλεῖν,
801 5812 876 5880 μὴ
927 5809 1008 5864 δτι
1035 5808 1178 5864 κατὰ
1215 5809 1382 5880 μόνας
1417 5811 1604 5874 αὑταῖς
1639 5829 1762 5863 συν⁶

1775 1832 1822 1891 Β

1841 577 2028 638 habet,
2063 585 2121 629 ut
2170 576 2473 628 fornicator
2526 575 2950 627 condemnatur.
2991 570 3092 634 Qui
3132 570 3185 620 in
3223 567 3414 620 matri'

1843 671 2029 724 monio
2051 669 2349 723 secundam
2372 667 2821 722 communionem
2853 663 3068 731 recipit,
3105 670 3163 713 ut
3196 660 3414 713 aJulter

1841 765 2086 833 punitur.

1913 855 2068 910 Scire
2115 863 2292 908 autem
2353 863 2591 922 oportet,
2631 854 2773 921 quod
2809 861 2937 905 sunt
2985 863 3253 917 personze,
3288 861 3409 913 quae

1843 964 2089 1024 peccant,
2126 952 2287 1021 186
2339 961 2392 1003 et
2452 965 2560 1002 non
2619 947 3018 1014 corriguntur:
3053 954 3266 1004 nempe,
3316 936 3414 1004 qui

1843 1047 1985 1102 servi
2016 1047 2099 1100 sui
2139 1059 2366 1098 uxorem
2397 1041 2668 1096 adulterio
2709 1038 2885 1100 vitiat,
2921 1044 2974 1087 et
3021 1036 3116 1101 qui
3149 1033 3410 1085 feminam

1847 1141 1962 1193 viro
1993 1139 2318 1207 subjectatn,
2354 1151 2474 1204 quae
2516 1149 2621 1187 non
2655 1145 2857 1202 paucos
2903 1130 2967 1181 ad
3012 1123 3408 1193 impudicitiam

1845 1233 2055 1296 allexit,
2079 1243 2130 1286 et
2161 1247 2285 1284 cum
2321 1229 2508 1282 multis
2540 1225 2854 1286 concubuit,
2897 1230 3130 1290 stuprat,
3161 1214 3412 1269 adulterii

1846 1326 2062 1381 crimini
2120 1339 2225 1377 non
2266 1321 2578 1391 subjicitur.
2632 1318 2724 1372 sed
2765 1311 3145 1368 fornicationis
3179 1316 3416 1362 tantum.

1849 1422 1912 1476 Et
1964 1420 2048 1472 vir
2101 1417 2323 1487 quidem
2373 1423 2630 1482 tanquam
2684 1410 2896 1463 adulter
2948 1406 3187 1474 punitur,
3219 1400 3416 1454 mulier

1848 1528 1977 1567 vero
2012 1528 2118 1564 non
2151 1509 2468 1577 corrigitur,
2501 1502 2720 1573 quando
2784 1502 3010 1554 invitam
3037 1509 3089 1552 et
3121 1495 3412 1563 impulsam

1849 1607 1994 1659 illam
2042 1606 2090 1654 vi
2131 1603 2341 1661 vicerit,
2382 1600 2505 1651 licet
2561 1596 2646 1649 illa
2697 1594 3052 1653 erubescens,
3089 1588 3285 1641 marito
3317 1599 3418 1638 suo

1849 1698 1994 1767 quod
2030 1694 2233 1747 factum
2267 1702 2372 1753 est,
2403 1691 2586 1745 statim
2622 1703 2726 1739 non
2756 1683 3183 1739 aununtiaverit.

2024 1788 2178 1841 CAP.
2214 1783 2326 1838 XV.
2366 1783 2438 1836 De
2487 1779 2825 1834 monasteriis
2861 1788 2909 1830 et
2946 1775 3237 1828 monachis.

1921 1880 2119 1934 Primae
2150 1886 2204 1931 et
2239 1877 2492 1931 secunda:
2540 1875 2698 1927 dictae
2741 1871 2934 1941 synodi
2969 1884 3145 1922 canon
3213 1866 3420 1934 primus

1851 1971 2128 2027 interdicit
2192 1967 2586 2022 monasterium
2652 1963 2923 2017 aediﬁcare
2998 1962 3206 2028 absque
3278 1958 3421 2028 epis-

1850 2065 1970 2134 copi
1995 2061 2286 2123 sententia.
2319 2059 2558 2113 debitam
2592 2058 2770 2127 primo
2800 2054 3232 2110 benedictionem
3266 2069 3422 2120 pera-

1851 2157 2063 2227 gentis;
2096 2157 2148 2208 in
2177 2153 2332 2208 brevi
2368 2163 2550 2206 autem
2586 2159 2642 2204 et
2673 2150 2848 2218 ipsum
2912 2146 3304 2200 monasterium
3335 2145 3421 2196 in-

1852 2247 2041 2311 scribi,
2073 2255 2127 2301 et
2159 2258 2496 2315 quaecunque
2543 2259 2570 2297 a
2632 2243 2916 2294 conditore
2964 2239 3040 2292 illi
3109 2238 3420 2297 donantur;

1851 2349 1906 2394 et
1938 2340 2099 2393 breve
2159 2339 2213 2393 in
2269 2338 2477 2392 aedibus
2510 2335 2911 2403 episcopalibus
2947 2331 3154 2401 reponi,
3207 2341 3262 2383 ut
3315 2341 3419 2381 non

1854 2433 2031 2502 possit
2060 2430 2148 2484 ille
2171 2430 2263 2499 qui
2297 2427 2589 2491 dedicavit,
2619 2428 2708 2480 illa
2735 2427 2789 2478 in
2825 2426 3103 2494 proprium
3137 2439 3294 2477 usum
3327 2423 3422 2474 ite-

1854 2540 1973 2578 rum
2005 2530 2345 2577 convertere.
2400 2519 2531 2584 Quae
2583 2521 2726 2572 enim
2782 2516 2885 2572 sibi
2935 2516 3060 2585 quis
3093 2513 3422 2581 abjudicavit

1856 2630 1951 2684 per
2002 2619 2396 2668 monasterium
2431 2613 2538 2665 Deo
2571 2611 2853 2670 addicens.
2886 2607 3163 2677 quomodo
3222 2617 3421 2674 poteSt,

1856 2721 1920 2759 ac
1945 2706 1990 2760 si
2040 2705 2221 2758 adhuc
2276 2714 2421 2759 esset
2481 2703 2754 2762 dominus.
2802 2701 2890 2754 illa
2955 2699 3340 2754 administrare
3370 2708 3424 2750 et

1856 2798 1980 2852 aliis
2010 2795 2304 2851 divendere
2329 2795 2351 2848 ?
2375 2793 2486 2848 Nec
2533 2796 2700 2848 etiam
2751 2793 3068 2847 monasterii
3109 2790 3421 2860 prazlectum

1858 2892 2069 2958 absque
2123 2889 2361 2958 episcopi
2421 2888 2689 2942 sententia
2728 2887 2876 2939 illum
2927 2886 3166 2953 seipsum
3215 2883 3424 2936 consti-

1859 2992 2032 3044 tuere,
2060 2997 2159 3034 nec
2191 2981 2356 3033 alium
2381 2979 2498 3048 ejus
2524 2980 2642 3031 loco
2665 2978 2900 3047 deligere
2930 2979 3154 3045 patitur.
3184 2973 3423 3038 Etenim,

1860 3073 1906 3127 si
1957 3086 2078 3141 qua:
2127 3072 2334 3124 homini
2401 3071 2668 3139 quispiam
2750 3069 2976 3136 largitus
3035 3076 3138 3130 est,
3192 3065 3426 3134 amplius

1861 3167 2079 3222 auferre
2133 3167 2249 3221 sine
2275 3181 2465 3228 causa,
2493 3167 2584 3233 qui
2621 3163 2862 3222 donavit.
2897 3160 3039 3214 haud
3071 3165 3284 3229 potest;
3316 3172 3426 3226 quo

1853 3262 1997 3329 jure,
2031 3275 2150 3327 qua:
2185 3259 2294 3311 Deo
2349 3258 2594 3310 dedicata
2631 3265 2781 3319 sunt,
2812 3255 2865 3307 in
2922 3268 3075 3306 suam
3109 3249 3426 3320 possessio-

1859 3368 2006 3415 nem,
2030 3353 2121 3421 qui
2152 3351 2396 3414 donavit,
2427 3350 2619 3417 rapiat,
2649 3357 2909 3415 tanquam
2940 3347 3162 3399 nomine
3188 3353 3424 3406 tantum,

1859 3459 1965 3498 non
2003 3458 2060 3497 re
2090 3442 2228 3496 facta
2266 3439 2461 3495 fuisset
2490 3439 2807 3493 dedicatio?

1929 3533 2232 3589 Vicesimus
2285 3542 2511 3600 quartus
2567 3546 2690 3600 syn.
2745 3544 2796 3582 tv
2851 3543 3048 3590 canon,
3095 3541 3260 3595 porro
3290 3539 3339 3580 et
3373 3541 3425 3580 vt

1858 3626 2050 3696 synoci
2082 3624 2174 3688 49,
2213 3639 2337 3693 quae
2388 3623 2554 3677 semel
2603 3622 2757 3690 juxta
2790 3620 3029 3689 episcopi
3088 3621 3423 3672 voluntatem

1860 3727 2178 3772 consecrata
2212 3725 2338 3772 sunt
2365 3715 2718 3776 monasteria,
2748 3727 2872 3766 cum
2905 3720 3049 3765 esset
3084 3711 3426 3764 consuetudo

1860 3812 2221 3880 precationem
2239 3808 2566 3878 premittere
2584 3805 2964 3864 exstructioni,
2985 3814 3239 3871 tanquam
3254 3805 3428 3871 quod-

1861 3902 1983 3955 dam
2014 3899 2434 3976 fundamentum
2483 3894 2853 3964 infrangibile,
2891 3903 3155 3964 perpetuo
3206 3908 3426 3948 manere

1861 3994 2189 4048 monasteria
2210 3990 2486 4051 ordinant,
2507 3995 2560 4041 et
2582 4002 2688 4052 res,
2708 4002 2827 4054 qua:
2840 3988 2904 4040 ad
2922 4001 2983 4038 ea
3008 3986 3298 4054 pertinent,
3315 4001 3423 4039 non

1861 4086 2176 4138 alienandas
2209 4081 2438 4144 servari,
2470 4095 2643 4148 eaque
2673 4095 2780 4132 non
2819 4080 3056 4147 amplius
3110 4077 3224 4132 fieri
3256 4095 3426 4133 saecu-

1862 4177 1996 4229 laria
2033 4173 2340 4228 habitacula
2372 4188 2386 4223 :
2418 4186 2513 4224 eos
2548 4180 2753 4232 autem,
2785 4171 2876 4238 qui
2911 4171 3013 4222 hoc
3069 4186 3174 4224 non
3235 4171 3423 4225 obser—

1862 4277 1993 4321 vant
2024 4264 2287 4319 canonice
2318 4263 2498 4332 puniri
2529 4302 2544 4325 ,
2576 4273 2818 4316 sacratos
2845 4262 3067 4329 quidem
3097 4263 3424 4332 depositioni

1865 4358 2234 4426 subjiciendus
2268 4371 2390 4409 esse
2417 4373 2429 4416 ;
2458 4354 2628 4408 laicos
2660 4369 2788 4406 vero
2819 4356 3202 4423 segregationi.
3231 4357 3427 4419 Quaere

1863 4448 2023 4501 etiam
2058 4447 2110 4499 in
2169 4444 2237 4498 i2
2269 4458 2390 4512 cap.
2444 4442 2528 4498 lit.
2580 4443 2620 4496 Ε
2671 4457 2934 4497 canonem
2973 4445 3033 4496 t7
3067 4445 3310 4512 septima:
3341 4460 3428 4516 sy-

1791 4539 1833 4594 D
1863 4538 2014 4593 nodi.

1939 4629 2111 4696 Hujus
2143 4642 2271 4680 vero
2303 4625 2373 4680 20
2395 4640 2601 4680 canone
2631 4626 2827 4680 dehinc
2856 4627 3197 4682 interdicitur
3227 4628 3426 4696 duplex

1866 4719 2264 4773 monasterium
2289 4718 2342 4772 in
2379 4719 2571 4773 iisdem
2601 4718 2837 4780 aedibus,
2858 4726 2909 4770 et
2935 4733 3101 4786 prope
3129 4721 3430 4775 monachos

1868 4811 2165 4864 monachas
2221 4807 2504 4863 habitare:
2539 4807 2670 4861 illud
2725 4811 2867 4861 enim
2906 4809 3143 4862 scandali
3174 4819 3225 4861 et
3257 4809 3428 4862 offen-

1869 4903 2041 4957 sionis
2090 4917 2310 4956 causam
2368 4901 2557 4956 multis
2610 4901 2830 4969 praebet.
2875 4900 2979 4954 Sed
3014 4901 3428 4970 quibuscunquc

1867 4995 2072 5065 placuit
2098 5011 2220 5047 cum
2257 4995 2495 5063 propriis
2546 4995 2793 5063 cognatis
2827 4994 3029 5048 mundo
3089 4996 3427 5059 renuntiare,

1870 5087 1968 5139 viri
2003 5087 2220 5154 quidem
2273 5086 2325 5138 in
2380 5086 2648 5148 virorum,
2684 5084 2896 5138 feminae
2934 5099 3064 5140 vero
3108 5086 3160 5138 in
3203 5085 3431 5140 femina-

1870 5193 2013 5241 rum,
2065 5178 2261 5245 inquit,
2291 5179 2621 5246 mouagteria
2656 5177 3052 5246 ingrediantur.
3083 5177 3215 5242 Qua:
3248 5187 3428 5232 autem

1868 5272 2153 5336 hucusque
2207 5278 2524 5335 permanent
2559 5267 2800 5335 duplicia
2854 5269 3211 5330 monasteria,
3259 5268 3429 5322 divini

1869 5359 2040 5413 nostri
2069 5357 2244 5411 Patris
2292 5357 2479 5410 Basilii
2531 5358 2646 5411 hazc
2678 5358 2754 5411 ita
2784 5371 2842 5410 se
2874 5357 3077 5411 habere
3125 5357 3431 5410 ordinantis

1869 5453 2192 5517 reverenda,
2246 5451 2723 5513 administrentur,
2789 5460 2948 5519 prout
3002 5452 3117 5518 ipse
3171 5451 3427 5504 instituit.

1872 5541 2046 5596 Simul
2066 5557 2195 5596 vero
2221 5543 2415 5610 degere
2438 5554 2490 5595 et
2513 5543 2716 5596 versari
2742 5545 3042 5597 monachos
3064 5555 3114 5596 et
3136 5547 3432 5596 monachus

1869 5649 1974 5685 non
2011 5643 2260 5700 oportet;
2293 5634 2491 5701 quippe
2523 5633 2888 5698 periculosum
2922 5645 2974 5686 et
3009 5635 3254 5687 Illicitnm
3301 5634 3430 5686 illud

1870 5738 1973 5780 est.
2003 5724 2189 5792 Neque
2218 5725 2324 5779 illis
2349 5726 2684 5779 concedatur
2712 5727 2954 5789 licentia,
2989 5738 3046 5778 ut
3075 5727 3235 5780 simul
3267 5728 3432 5778 collo-

1870 5817 1960 5885 qui
2009 5825 2233 5886 queant,
2279 5831 2453 5886 neque
2498 5832 2604 5870 una
2649 5831 2772 5871 cum
2823 5817 2928 5872 illis
2967 5818 3146 5871 cibum
3196 5832 3431 5878 capere;
