4252 6424
250 330 309 391 53
1200 337 1606 399 SYNTAGMA
1645 337 2265 405 ALPHABETICUM.
2304 363 2373 373 -
2415 331 2490 385 Μ·
3423 337 3496 402 οι

248 444 367 514 πρὸς
393 443 678 515 ἐλευθέραν
717 445 998 513 εἰσελθὼν,
1026 447 1102 518 μὴ
1132 452 1511 520 ποιησαμένην
1544 452 1712 522 πόρον
1736 452 1798 504 ἐκ
1832 461 1872 514 Α
1906 450 1918 503 i

1832 461 1872 514 Α
1906 450 1957 503 in
1993 449 2114 516 jure
2141 449 2287 503 civili
2322 449 2589 504 habetur:
2630 445 2729 514 Qui
2768 446 2831 500 ad
2871 447 3093 502 liberam
3159 447 3487 518 ingreditur,

247 538 327 589 τοῦ
358 537 481 589 [δίου
515 537 790 608 σώματος,
815 540 874 592 οὗ
900 540 1203 610 παλλακὴν,
1229 543 1362 596 ἀλλά
1382 545 1632 613 γαμετὴν
1657 544 1801 612 ἔχειν

246 629 398 681 δοκεῖ.
437 629 598 682 Ἀλλά
629 632 794 684 παντὶ
818 632 1004 703 τρὸπῳ
1034 633 1270 704 διασπᾷν
1305 636 1486 688 αὐτῶν
1516 635 1612 702 τὴν
1648 636 1804 688 συνά-

248 737 425 786 φειαν,
470 722 518 774 εί
572 723 666 775 καὶ
719 724 1002 794 αἱροῦνται
1065 726 1168 792 τῆς
1231 729 1421 795 tenvi;
1482 729 1801 789 ἀπολαύειν,

246 813 417 882 ἐπειδή
465 830 525 880 γε
570 815 672 883 τῆς
701 819 869 886 τιμῆς
899 821 1314 872 ἐκπεπτώκασι.
1355 823 1525 874 Τοῦτο
1575 824 1681 889 γὰρ
1712 825 1804 874 καὶ

245 908 303 974 τῇ
341 905 633 978 Ἐκκλησία
671 910 972 977 λυσιτελὲς,
1024 915 1487 983 ἀνακοπτομένων
1550 917 1642 967 καὶ
1698 917 1804 968 τῶν

243 998 429 1050 λοιπῶν
491 1000 563 1070 μὴ
603 1003 828 1055 τοιαῦτα
898 1004 1128 1077 τολμᾷν,
1195 1008 1286 1058 καὶ
1336 1010 1447 1070 τοῖς
1501 1010 1804 1077 αίρετικοῖς

245 1092 354 1144 καθ’
383 1094 537 1162 ἡμῶν
567 1096 626 1147 ού
655 1096 814 1149 δώσει
859 1098 1052 1169 λαϐὴν,
1107 1101 1181 1163 ὡς
1229 1101 1314 1153 διὰ
1355 1104 1456 1172 τὴν
1504 1103 1597 1156 τού
1626 1104 1806 1172 ἁμαρ-

244 1184 412 1236 τάνειν
471 1186 654 1238 ἄδειαν
709 1189 1112 1259 ἐπισπωμένων
1179 1196 1317 1261 πρὶς
1384 1197 1615 1257 ἑαυτοὺς
1676 1198 1804 1258 τοὺς

244 1275 294 1339 ἐξ
353 1279 541 1346 ἐτέρας
594 1278 918 1349 θρησκείας,
979 1283 1245 1350 ἐφιέντων
1298 1285 1486 1349 αὐτοῖς
1542 1287 1804 1358 ἐμμένειν

243 1371 299 1437 τῇ
352 1369 614 1442 ἁμαρτία,
677 1372 773 1426 καὶ
827 1375 954 1438 τοὺς
1003 1375 1279 1446 ἀθέσμους
1320 1381 1532 1449 γέμονς
1579 1381 1655 1452 μὴ
1695 1398 1805 1435 κω-

243 1460 466 1513 λυόντων
477 1503 490 1516 .

317 1550 402 1604 Ἐν
445 1551 504 1604 δὲ
553 1552 630 1622 τῷ
678 1561 766 1624 ιη’,
813 1556 875 1608 Ei
929 1557 1021 1612 καὶ
1061 1557 1109 1609 οι
1141 1559 1199 1610 ἐν
1242 1561 1490 1632 Ἀγκύρᾳ
1532 1563 1800 1634 Πατέρεςο

239 1644 381 1711 φησὶ,
427 1643 528 1703 τὰς
577 1645 1001 1706 ἐκπεπτωκυίας
1059 1647 1197 1715 μετὰ
1256 1649 1315 1700 τὸ
1375 1651 1802 1717 ἐπαγγείλασθαι

239 1732 597 1801 παρθενεύειν,
632 1736 768 1786 κατὰ
796 1737 920 1798 τοὺς
943 1736 1206 1806 διγάμους
1235 1740 1594 1808 ἐπιτιμᾶσθαι
1618 1743 1804 1814 κεκρί-

1908 559 2027 610 quae
2056 543 2306 612 corporis
2332 543 2415 596 sui
2447 549 2716 611 quaestum
2762 555 2868 594 non
2907 540 3050 600 fecit,
3085 541 3224 595 haud
3280 557 3490 596 concu-

1905 635 2087 689 hinam
2149 637 2272 695 iste.
2311 635 2402 688 sed
2469 649 2691 687 uxorem
2728 632 2930 686 habere
2990 633 3220 686 videtur.
3288 633 3489 686 Verum

1905 728 2221 780 omnimodo
2249 730 2428 795 potius
2460 727 2716 778 dirimere
2748 727 2990 793 ipsorum
3022 726 3487 793 coujuuctionem.

1907 818 2119 870 etiamsi
2175 819 2340 870 velint
2373 819 2644 885 voluptate
2671 816 2770 870 ista
2803 816 2926 874 frui.
2982 818 3236 885 quoniam
3290 817 3485 869 honori

1907 924 2008 962 suo
2040 910 2386 962 exciderunt.
2431 907 2542 960 Hoc
2591 909 2735 960 enim
2799 908 3052 962 Ecclesia:
3121 909 3248 961 utile
3306 907 3490 970 fuerit,

1909 1003 2038 1052 dum
2074 1001 2254 1052 czelcri
2288 1016 2352 1052 ne
2413 1000 2537 1053 talia
2582 999 2846 1061 audeant,
2905 1000 3006 1052 hoc
3059 1010 3217 1068 pacto
3281 999 3490 1052 inhibe-

1905 1103 2088 1151 antur,
2123 1106 2295 1159 neque
2341 1092 2558 1144 dabitur
2585 1092 2857 1144 haereticis
2887 1093 3176 1143 adversum
3210 1108 3304 1144 nos
3336 1107 3491 1148 ausa,

1905 1185 2060 1252 quasi
2096 1199 2190 1253 per
2221 1185 2495 1239 licentiam
2530 1186 2787 1253 peccandi
2817 1185 3042 1238 alterius
3101 1199 3264 1240 ευειαε
3315 1186 3492 1238 homi-

1905 1293 2003 1333 nes
2046 1279 2112 1332 ad
2149 1288 2361 1332 uosmet
2415 1277 2782 1339 traheremus,
2853 1278 3214 1345 permittendo
3268 1277 3490 1345 quidem

1904 1373 2055 1442 ipsos
2096 1373 2147 1426 in
2178 1372 2396 1427 delictis
2442 1387 2814 1442 perseverare,
2853 1382 2903 1425 et
2937 1371 3207 1441 legitimas
3275 1372 3492 1442 nuptias

1905 1466 2132 1518 minime
2169 1466 2533 1534 prohibendo.

1987 1555 2208 1624 Insuper
2270 1556 2321 1609 in
2373 1571 2581 1609 cauoue
2641 1556 2730 1618 {8,
2809 1555 3067 1620 Quamvis
3123 1553 3333 1617 Patres,
3397 1555 3491 1616 ait,

1903 1647 2176 1717 Ancyrani
2198 1648 2439 1714 virgines
2487 1658 2610 1718 post
2642 1660 2826 1703 votum
2861 1647 3129 1702 castitatis
3160 1648 3338 1708 lapsas
3370 1662 3492 1701 cum

1903 1739 2312 1809 digamisjuxta
2372 1739 2676 1806 puniendas
2715 1739 3093 1803 decreverint;
3126 1739 3252 1806 quia
3311 1746 3491 1790 tamen

238 1840 406 1887 κασιν,
439 1825 554 1876 ἀλλ’
595 1827 717 1877 ἐπεί
772 1827 854 1879 τοί
903 1845 965 1895 γε
1022 1830 1090 1880 τα
1138 1831 1237 1898 τῆς
1279 1832 1634 1902 Ἐκκλησίας,
1667 1836 1802 1890 Θεοῦ
1837 1813 1917 1886 l3|

1837 1813 1878 1868 Β
1910 1834 2002 1886 Dei
2040 1832 2214 1900 gratia
2239 1831 2347 1896 jam
2406 1832 2578 1886 crevit
2612 1829 2880 1893 Ecclesia,
2936 1831 3094 1882 hasce
3124 1831 3492 1883 adulterarum

238 1916 427 1986 χάρετι,
462 1916 805 1980 ἐπιδέδωκεν,
853 1913 938 1972 οἷα
991 1922 1305 1990 μοιχαλίὸας
1346 1924 1556 1978 δίκαιον
1601 1928 1804 1992 ταύτας

236 2009 415 2072 κολὰζε
429 2009 574 2072 σθαι,
611 2013 672 2062 ἐκ
705 2011 980 2082 διαφόρων
1008 2014 1457 2083 ἐπιχειρημάτων
1485 2016 1577 2070 τὸν
1606 2020 1806 2073 οἰκεῖον

235 2102 652 2157 κατασκευάζων
682 2103 858 2172 λόγον.
899 2104 1144 2168 Ἐκείνας
1179 2107 1235 2158 δέ
1262 2124 1460 2176 φαμεν,
1496 2107 1577 2172 αἴ,
1611 2110 1701 2163 τὸν
1731 2126 1806 2174 ιςο

235 2193 264 2262 ἦ
296 2193 359 2255 ιζ’
384 2197 574 2264 χρόνον
600 2196 945 2264 ἀμείὸουσαι,
979 2196 1074 2266 τὴν
1105 2199 1346 2268 ἀγαμίαν
1373 2200 1638 2266 ἑκουσίως
1663 2205 1806 2274 ὠμο-

234 2284 513 2354 λεγήκασι,
550 2287 719 2340 πολλὰ
781 2288 994 2357 χαίρειν
1058 2292 1312 2344 εἰποῦσαι
1376 2293 1452 2362 τῷ
1500 2295 1698 2365 γάμῳ·
1745 2297 1806 2350 οὺ

237 2381 334 2449 μὴν
365 2381 429 2443 ἃς
456 2384 827 2450 προσάγουσιν
861 2384 908 2435 οἱ
942 2385 1139 2450 γονεῖς,
1176 2383 1207 2454 ἢ
1237 2387 1327 2438 καὶ
1355 2387 1404 2439 oi
1429 2387 1602 2452 ἄλλως
1635 2407 1807 2461 προσ⁸

235 2472 476 2542 ήκοντες,
533 2475 788 2545 βιωτικὲν
823 2495 877 2528 τι
927 2477 1178 2530 ἐντεῦθεν
1228 2479 1415 2549 σφίσιν
1457 2482 1641 2546 αὐτοῖς
1675 2483 1807 2537 διοιο

236 2566 510 2634 κούμενοι,
546 2567 618 2636 μὴ
654 2569 1017 2637 εὐποροῦντες
1070 2572 1230 2642 τυχὸν
1275 2573 1376 2643 τὴν
1419 2573 1563 2646 ύπέρ
1629 2575 1810 2630 αὐτῶν

237 2659 485 2712 ἀποτίσαι
522 2663 744 2729 προῖκα.
809 2662 1026 2726 Ταύτας
1080 2663 1143 2732 δὴ
1190 2664 1290 2725 τὰς
1345 2664 1421 2735 μὴ
1469 2666 1808 2738 ὁρμηθείσας

236 2751 461 2815 οῐκοθεν,
504 2753 564 2804 ού
597 2753 676 2805 δεῖ
706 2753 902 2823 ῥᾳδίως
938 2756 1353 2825 προσδέχεσθαι,
1385 2759 1490 2821 ἓως
1537 2758 1603 2812 ἂν
1634 2778 1811 2827 φανεο

239 2842 338 2909 ρώις
365 2842 464 2910 τὴν
493 2844 628 2896 ἰδίαν
649 2844 829 2898 αὐτῶν
861 2847 1237 2918 ἐρευνήσωμεν
1269 2851 1513 2919 γνώμην.
1550 2849 1689 2904 Ἀλλ’
1721 2855 1814 2906 ἐπὶ

236 2937 335 2988 τῶν
367 2939 718 3007 μοναζουσῶν
766 2944 858 2994 καὶ
907 2944 1262 3012 ἀσκουμένων
1318 2945 1478 3000 τοῦτο
1513 2947 1612 3000 οὐκ
1651 2947 1812 3002 εἴωθε

238 3032 480 3096 γίνεσθαι
507 3049 520 3063 °
554 3033 656 3086 xiv
680 3036 786 3103 γὰρ
818 3036 873 3086 ἐν
895 3036 1080 3105 ἥττονι
1102 3039 1198 3106 τῆς
1226 3039 1538 3111 ὁρισθείσης
1565 3041 1643 3109 τῷ
1671 3041 1813 3111 ἁγίῳ

242 3125 330 3177 καὶ
360 3125 547 3195 ἁπαλῇ
587 3125 726 3178 πάνυ
757 3129 821 3196 τῇ
855 3127 1040 3198 ἡλικία
1071 3129 1168 3196 τὴν
1199 3130 1472 3201 κοσμικὴν
1504 3132 1812 3186 ἀπὸθωνται

235 3216 411 3284 τρίχα,
443 3215 638 3286 βεϐαία
667 3215 819 3268 ἔσται
868 3217 961 3270 καὶ
1011 3217 1091 3278 είς
1125 3217 1184 3269 τὸ
1218 3217 1343 3284 ἐξῆς
1376 3218 1558 3270 αὐτῶν
1599 3220 1630 3289 ἡ
1679 3221 1811 3290 ὁμο-

234 3306 404 3376 λογία.

312 3496 400 3548 Ἐν
436 3497 494 3549 δὲ
529 3496 607 3564 τῷ
650 3496 736 3554 ιϐ’.
778 3496 1019 3566 ’Δνδρῶν
1056 3497 1134 3562 δὲ,
1160 3499 1343 3568 φησίν,
1383 3498 1674 3566 ὁμολογίαν
1714 3498 1812 3552 οὐκ

235 3588 499 3657 ἔγνωμεν,
536 3589 675 3661 πλὴν
705 3591 752 3642 εί
791 3591 863 3659 μή
890 3607 1037 3653 τινες
1070 3591 1297 3652 ἑαυτοὺς
1329 3592 1406 3662 τῷ
1437 3593 1675 3662 τάγματι
1706 3592 1814 3645 τῶν

237 3682 584 3751 μοναζὸντων
628 3683 1138 3752 ἐγκατηρίθμησαν,
1171 3684 1367 3744 οἵτινες
1417 3687 1558 3738 κατα
1596 3684 1655 3736 τὸ
1687 3701 1814 3736 σιω-

235 3777 488 3844 πώμενον
523 3776 740 3828 δοκοῦσι
774 3778 870 3842 τὴν
905 3777 1148 3844 ἀγαμίαν
1176 3777 1604 3845 παραδέχεσθαι.
1655 3777 1816 3832 ⁹Αλλὰ

235 3871 323 3921 καὶ
367 3870 599 3928 τούτους
632 3869 944 3937 ἐρωτᾶσθαι
978 3869 1249 3937 προσῆκε,
1281 3872 1376 3922 καὶ
1418 3870 1668 3940 φανερῶς
1717 3871 1816 3941 τὴν

235 3961 480 4028 ἀγαμίαν
511 3960 815 4026 ὁμολογεῖν,
850 3960 960 4022 ἵνα,
1003 3961 1096 4012 ἐάν
1142 3959 1455 4028 ψεύσωνται
1487 3961 1584 4030 τὴν
1610 3962 1817 4030 ὁμολο-

235 4051 375 4118 γίαν,
412 4051 491 4113 ὡς
527 4051 882 4119 πορνεύοντες
914 4051 1336 4122 ἐπιτιμηθῶσιν.
1370 4053 1530 4106 Ἀλλά
1561 4070 1624 4122 γε
1658 4056 1750 4107 καὶ
1767 4054 1818 4106 οἱ

240 4143 308 4210 μὴ
337 4144 671 4211 ποιήσαντες
703 4145 926 4212 μοναχοὶ
963 4143 1220 4214 τοιαύτην
1248 4145 1565 4212 ὁμολογίαν,
1623 4149 1816 4218 ρακεν-

235 4233 386 4287 δύται
415 4237 585 4304 μόνον
607 4237 909 4302 γεγονότες,
943 4238 1433 4307 μεταμφιάσασθαι
1495 4242 1589 4292 καὶ
1619 4243 1698 4304 είς
1720 4241 1817 4308 γά-

240 4344 334 4396 μον
369 4328 552 4380 ἐλθεῖν
587 4329 646 4380 ού
675 4329 954 4381 δύνανται.

319 4422 407 4473 Ἐν
453 4423 514 4473 δὲ
559 4422 637 4490 τῷ
700 4421 740 4484 ξ’
777 4421 873 4490 τὴν
917 4422 1216 4492 παρθενίαν
1253 4424 1689 4494 ὁμολογήσασαν.
1723 4430 1817 4481 καὶ

1910 1925 2091 1994 ρωιιὶς
2152 1925 2350 1993 subjici
2384 1939 2606 1992 aequum
2691 1924 2874 1991 ibique
2933 1923 3096 1976 variis
3153 1922 3490 1990 argumentis

1911 2020 2050 2074 hanc
2087 2020 2414 2074 sententiam
2445 2034 2598 2073 suam
2630 2019 2936 2074 confirmat.
2965 2019 3066 2073 Eas
3098 2028 3278 2073 autem
3336 2018 3500 2072 intel-

1910 2107 2150 2178 ligimus,
2200 2124 2322 2179 qua:
2358 2125 2480 2164 cum
2510 2110 2779 2162 decimum
2815 2120 3027 2163 sextum
3074 2120 3168 2163 aut
3202 2108 3494 2178 septimum

1910 2199 2087 2254 aetatis
2147 2216 2351 2253 annum
2412 2209 2815 2269 transcgcruut.
2868 2201 3215 2255 matrimonio
3273 2216 3497 2270 prorsus

1910 2293 2286 2347 renuntiantes
2309 2302 2502 2361 sponte
2533 2309 2629 2346 sua
2690 2295 2994 2348 castitatem
3028 2294 3289 2363 professa“:
3318 2305 3447 2349 sunt
3480 2313 3494 2350 ;

1911 2402 2021 2441 non
2066 2401 2194 2440 vero
2251 2388 2407 2451 istas,
2467 2402 2604 2454 quas
2665 2397 2919 2455 parentes
2972 2388 3050 2441 vel
3121 2388 3308 2442 amnes
3364 2395 3496 2442 one-

1912 2488 2062 2541 runt,
2094 2478 2355 2532 szeculare
2388 2479 2665 2548 quidpiam
2708 2480 2904 2533 exinde
2937 2479 3154 2532 sibimet
3185 2495 3495 2549 procuran-

1911 2579 2016 2635 tes,
2051 2586 2172 2626 cum
2206 2572 2308 2641 ipsi
2344 2570 2483 2625 forte
2517 2589 2620 2625 non
2658 2573 2890 2627 habeant
2924 2573 3079 2644 193
3115 2574 3255 2629 unde
3305 2589 3402 2644 pro
3433 2574 3498 2628 iis

1913 2663 2191 2718 elocandis
2254 2662 2434 2717 dotem
2492 2663 2825 2734 persolvant.
2893 2663 3067 2719 Hasce
3133 2665 3317 2734 igitur,
3378 2681 3499 2734 qua:

1915 2766 2068 2810 motu
2108 2756 2330 2824 preprio
2386 2771 2491 2808 non
2529 2756 2797 2821 feruntur,
2838 2756 2991 2811 facile
3039 2758 3322 2810 admittere
3353 2757 3498 2811 haud

1916 2847 2094 2912 decet,
2124 2849 2296 2901 donec
2355 2859 2542 2916 aperte
2584 2851 2860 2918 propriam
2899 2851 3138 2918 ipsarum
3170 2850 3496 2905 sententiam

1915 2941 2240 3002 perscrutati
2277 2941 2566 2996 fuerimus.
2608 2942 2682 2995 De
2717 2942 3048 2997 moaialibus
3082 2953 3260 2997 tamen
3309 2952 3362 2998 et
3394 2944 3500 2996 vir-

1916 3031 2157 3102 ginibus,
2193 3049 2314 3098 qum
2369 3033 2659 3088 asceticam
2708 3034 2870 3087 vitam
2911 3036 3257 3102 profitentur,
3308 3034 3355 3087 id
3393 3047 3498 3086 non

1918 3125 2149 3178 obtinet.
2205 3125 2474 3191 Quamvis
2541 3126 2684 3179 enim
2716 3126 2769 3180 in
2838 3127 3030 3180 minori
3096 3127 3271 3180 adhuc
3333 3140 3496 3195 quam

1918 3227 2143 3271 sanctus
2177 3217 2264 3271 ille
2294 3218 2377 3270 vir
2407 3217 2682 3283 definivit,
2714 3227 2765 3272 et
2797 3217 3090 3272 admodum
3123 3217 3317 3270 tenella
3341 3226 3500 3270 aetate

1917 3311 2124 3363 crinem
2149 3310 2466 3364 saecularem
2490 3311 2864 3378 deposuerint,
2925 3311 2977 3363 iu
3012 3319 3290 3379 posterum
3328 3324 3498 3378 usque

1920 3403 2074 3456 firma
2127 3403 2231 3456 erit
2266 3404 2505 3470 ipsarum
2541 3403 2837 3473 professio.

1988 3494 2211 3547 Canone
2252 3505 2430 3547 autem
2466 3495 2554 3560 l9,
2629 3492 2908 3557 Virorum,
2961 3493 3157 3563 inquit,
3204 3490 3501 3561 professio-

1920 3599 2045 3639 nem
2120 3601 2227 3639 non
2272 3588 2541 3652 novimus,
2597 3588 2701 3641 uisi
2770 3597 3038 3656 quatenus
3106 3583 3497 3638 monachorum

1916 3677 2095 3731 ordini
2123 3686 2297 3731 seruet
2327 3689 2712 3742 annumerant,
2743 3681 2832 3749 qui
2867 3680 3084 3750 quidem
3123 3679 3279 3730 tacite
3311 3678 3500 3729 viden-

1918 3779 2008 3823 tur
2067 3771 2382 3825 ccelibatum
2454 3773 2754 3842 suscipere.
2830 3773 2934 3827 Sed
2997 3781 3176 3824 tamen
3220 3779 3272 3824 ct
3339 3770 3502 3822 hosce

1919 3864 2283 3934 interrogatos
2320 3875 2532 3934 oportet
2593 3873 2777 3933 aperte
2803 3865 3114 3918 cmlibatum
3135 3862 3395 3930 proﬁteri,
3419 3870 3499 3922 ut,

1917 3959 1962 4014 si
2000 3959 2216 4028 quando
2253 3957 2652 4026 professionem
2693 3957 2875 4012 datam
2909 3957 3117 4019 fallant,
3157 3967 3213 4008 ut
3263 3954 3500 4008 fornica-

1919 4049 2084 4104 tiouis
2124 4049 2202 4103 rei
2231 4051 2544 4117 puniantur.
2577 4049 2692 4103 lmo
2718 4064 2847 4102 vero
2868 4048 3273 4114 mouachi,qui,
3306 4047 3503 4116 pannis

1921 4152 2136 4198 tantum
2162 4144 2358 4210 induti,
2380 4144 2540 4197 talem
2564 4142 2959 4212 professionem
2988 4141 3228 4193 nomium
3254 4138 3504 4198 fecerint,

1920 4252 2097 4305 neque
2136 4248 2347 4290 mutare
2386 4236 2631 4289 habitum
2671 4244 2916 4304 possunt,
2957 4250 3133 4303 neque
3186 4234 3250 4287 ad
3284 4235 3505 4302 nuptias

1919 4327 2235 4397 procedere.

1989 4415 2048 4470 In
2077 4417 2144 4470 60
2164 4433 2290 4470 vero
2316 4432 2438 4471 can.
2462 4433 2716 4486 eamque
2753 4417 3114 4485 virginitatem
3134 4413 3373 4484 professa
3399 4426 3500 4479 est,

238 4513 587 4582 ἀθετήσασαν
640 4514 738 4581 τὴν
797 4515 1150 4581 ἐπαγγελίαν,
1203 4516 1292 4568 τὸν
1351 4520 1541 4587 χρόνον
1587 4519 1680 4571 τοῦ
1727 4521 1816 4572 ἐπὶ
1850 4520 1893 4575 D

1850 4520 1893 4575 ι)
1922 4518 1974 4562 et
2007 4525 2034 4560 a
2075 4509 2436 4576 promissione
2468 4509 2638 4577 lapsa,
2694 4509 2943 4562 adulterii
2996 4508 3246 4563 criminis
3292 4516 3504 4575 tempus

240 4605 333 4672 τῆς
395 4604 648 4674 μοιχείας
681 4607 1076 4676 ἁμαρτήματος
1139 4606 1447 4676 ἐκπληροῦν
1508 4609 1670 4675 ἀξιοῖ,
1722 4612 1817 4681 ἐτη

239 4696 438 4765 δηλαδὴ
476 4704 563 4749 ιε’.
599 4697 670 4749 Τὸ
702 4698 832 4750 αὐτὸ
874 4701 966 4752 καὶ
993 4699 1089 4751 ἐπὶ
1123 4700 1231 4750 τῶν
1257 4698 1622 4767 μοναζόντων,
1664 4704 1816 4772 φησὶ,

241 4789 502 4854 γινέσθω.

322 4880 489 4932 Ἀλλά
529 4880 623 4932 καὶ
666 4881 693 4931 ὁ
727 4881 866 4948 ἱερὸς
894 4881 1282 4950 Χρυσὸστομος
1316 4884 1372 4936 ἐν
1428 4885 1495 4953 τῇ
1530 4884 1664 4952 προς
1697 4883 1824 4935 Θεὸο

241 4972 410 5041 δωρον
462 4971 510 5042 β’
555 4972 837 5041 ἐπιστολῇ,
871 4974 972 5024 Τὸν
1009 4979 1114 5044 γὰρ
1161 4974 1238 5044 τῷ
1287 4976 1616 5045 ἐπουρανίῳ,
1669 4975 1822 5043 φησὶ,

246 5063 594 5131 συναφθέντα
632 5064 869 5131 νυμφίῳ,
903 5064 1092 5117 τοῦτον
1127 5065 1226 5131 μὲν
1252 5067 1492 5132 ἀφεῖναι,
1520 5067 1739 5132 γυναικὶ
1771 5067 1827 5118 δὲ

246 5156 431 5207 ἑαυτὸν
460 5155 724 5222 συνάψαι,
762 5157 1010 5224 μοιχείας
1045 5157 1162 5207 ἐστὶ
1195 5159 1452 5225 πρᾶγμα,
1489 5157 1589 5209 κᾶν
1627 5160 1826 5227 μυριά-

247 5264 328 5307 κις
359 5246 528 5298 αὑτὸν
561 5246 623 5297 σὺ
657 5245 836 5312 γάμον
875 5248 1047 5316 καλῇς
1069 5263 1082 5277 ·
1121 5247 1323 5314 μᾶλλον
1359 5248 1416 5300 δὲ
1446 5249 1540 5299 καὶ
1581 5249 1828 5316 μοιχείας

248 5337 398 5389 τοῦτο
429 5336 839 5405 χαλεπώτερον,
865 5338 972 5417 ὅσῳ
997 5337 1265 5407 κρείττων
1294 5338 1598 5408 ἀνθρώπων
1625 5340 1653 5391 ὁ
1677 5339 1829 5402 Θεός.

250 5411 307 5481 iii
355 5429 468 5499 γὰρ
528 5430 560 5496 ἡ
609 5429 746 5495 γυνὴ
791 5428 884 5481 τοῦ
918 5429 1046 5483 ιδίου
1078 5430 1328 5500 σώματος
1370 5431 1470 5483 οὐκ
1504 5431 1830 5496 ἐξουσιάζει,

251 5521 362 5573 ἀλλ’
386 5523 414 5574 ὁ
446 5521 616 5590 ἀνὴρ.
650 5520 828 5591 πολλῷ
866 5523 1063 5591 μᾶλλον
1092 5524 1140 5576 οἱ
1173 5525 1230 5574 ἐν
1255 5522 1476 5592 Χριστῷ
1507 5523 1706 5586 ζῶντες
1734 5525 1834 5576 οὐκ

253 5612 314 5665 ἂν
347 5609 460 5665 εἶεν
499 5613 656 5665 αὐτοὶ
680 5610 774 5664 τοῦ
807 5613 1058 5681 σώματος
1093 5613 1274 5665 αὐτῶν
1306 5613 1510 5680 κύριοι.

329 5705 390 5758 Ὀ
419 5705 476 5757 δέ
518 5701 601 5772 μδ⁹
633 5702 733 5768 τῆς
775 5710 826 5767 ς’
858 5704 1075 5756 συνόδου
1104 5705 1196 5756 τὸν
1243 5704 1439 5757 ἁλόντα
1473 5708 1700 5778 πορνείᾳ
1734 5725 1830 5777 μο-

257 5803 434 5866 ναχὸν,
474 5803 570 5850 καὶ
607 5799 941 5867 μεταμελείᾳ
989 5799 1125 5867 μετᾶ
1155 5799 1308 5853 τοῦτο
1361 5802 1704 5873 χρησάμενον
1743 5804 1830 5853 καὶ

1923 4602 2221 4670 adimplere
2277 4615 2493 4668 :rquum
2558 4615 2677 4654 esse
2709 4609 2914 4663 censet,
2969 4614 3144 4652 annos
3174 4598 3382 4651 scilicet
3421 4596 3507 4650 15.

1924 4695 2069 4749 Idem
2102 4694 2265 4747 etiam
2296 4693 2347 4744 iu
2384 4692 2450 4744 iis
2488 4691 2582 4760 qui
2648 4693 3003 4746 monasticam
3074 4691 3237 4743 vitam
3276 4688 3507 4758 professi

1924 4796 2076 4852 sunt,
2113 4801 2286 4839 canon
2324 4785 2478 4847 dicit,
2516 4784 2630 4838 fiat.

1997 4878 2168 4932 Porro
2202 4889 2255 4930 et
2293 4886 2517 4931 sanctus
2555 4879 2978 4947 Cbrysostomus
3039 4880 3092 4930 in
3128 4878 3370 4931 secumla
3439 4879 3507 4931 ad

1928 4970 2274 5025 Theodorum
2304 4970 2552 5037 cpistola,
2599 4970 2809 5024 caelesti
2843 4985 3044 5038 sponso
3070 5010 3084 5034 ,
3112 4972 3311 5039 inquit.
3341 4971 3505 5039 junc-

1933 5074 2068 5129 tum,
2100 5066 2250 5118 illum
2295 5065 2516 5134 quidem
2553 5065 2887 5133 relinquere,
2918 5064 3130 5116 mulieri
3165 5073 3347 5116 autem
3389 5079 3509 5117 sese

1932 5157 2267 5226 conjungere
2297 5157 2624 5210 adulterium
2649 5164 2749 5219 est,
2793 5156 2916 5210 licet
2974 5158 3171 5210 millies
3228 5158 3512 5210 matrimon

1936 5251 2081 5303 nium
2127 5260 2179 5303 tu
2230 5251 2343 5318 ipse
2378 5250 2480 5303 hoc
2539 5264 2723 5303 voces.
2785 5250 2915 5303 Illud
2982 5252 3124 5303 enim
3170 5259 3252 5303 cst
3301 5252 3510 5303 aalulteo

1937 5342 2020 5395 rio
2053 5351 2204 5395 tanto
2244 5341 2489 5410 gravius,
2554 5350 2762 5408 quanto
2826 5341 3139 5396 hominibus
3201 5343 3391 5395 melior
3427 5353 3510 5397 est

1939 5433 2082 5489 Deus
2149 5434 2202 5488 Si
2234 5434 2378 5487 enim
2418 5433 2616 5488 mulier
2648 5433 2852 5503 proprii
2920 5435 3166 5502 corporis
3201 5449 3308 5488 non
3348 5435 3511 5490 habet

1937 5526 2394 5596 potestatem,sed
2447 5528 2545 5586 vir,
2583 5525 2753 5579 multo
2821 5525 2995 5594 magis
3027 5524 3084 5588 ii,
3115 5527 3205 5593 qui
3265 5525 3318 5578 in
3351 5525 3510 5579 Chri-

1938 5628 2022 5674 sto
2054 5622 2261 5680 vivunt,
2298 5635 2403 5672 non
2445 5630 2574 5673 sunt
2608 5621 2813 5690 proprii
2858 5620 3105 5687 corporis
3137 5619 3364 5673 domini.

2010 5714 2185 5764 Sexte
2221 5729 2337 5781 syu.
2373 5713 2439 5765 44
2491 5715 2816 5766 monachum
2883 5712 3264 5766 fornicationis
3325 5714 3510 5766 convi-

1941 5815 2110 5871 cium,
2141 5813 2187 5857 et
2231 5804 2542 5870 pceuilcutia
2579 5815 2623 5857 et
2658 5803 3000 5858 confessione
3058 5820 3237 5868 usum,
3277 5806 3510 5860 clemen-
