4252 6424
732 392 803 457 55
1925 388 2296 453 MATTHIEI
2329 387 2753 450 BLASTARIS
3912 383 3981 445 56

733 506 841 560 tius
877 501 1083 575 aliquid
1117 518 1304 574 agens,
1335 517 1440 559 non
1460 503 1635 573 magis
1655 518 1818 573 quam
1840 502 2179 558 l’ornieantes
2206 515 2307 570 pu-
2334 503 2381 560 A
2409 502 2412 553 1

2303 530 2307 542 ι
2334 503 2381 560 Α
2409 500 2831 571 λέξομοογήσει,
2881 500 3389 571 φιλανθρωπότερόν
3437 518 3489 554 τι
3549 497 3749 562 ποιῶν,
3813 499 3982 569 μηδὲν

731 596 840 650 niri
877 596 1053 666 jubet.
1110 595 1291 664 Atque
1323 595 1473 651 hunc
1508 594 1731 664 quidem
1762 610 2051 661 canoncm,
2100 595 2304 664 quippe

731 699 848 759 post
886 689 1023 743 alios
1058 687 1288 751 editum,
1323 702 1385 741 ex
1408 687 1661 743 omnibus
1678 688 1913 741 arbitror
1931 687 2300 741 retinendum.

726 782 920 847 Qua-re
952 790 1006 835 et
1040 781 1098 837 li
1144 789 1307 850 caput
1344 781 1449 834 litt.
1479 781 1541 847 Γ,
1576 791 1629 836 et
1660 781 1713 835 in
1748 781 1816 835 12
1839 780 2014 850 capite
2041 780 2234 834 littera:
2263 781 2301 831 Δ

728 891 992 931 canonem
1021 876 1054 929 4
1085 877 1276 947 synodi
1304 885 1533 945 quartae,
1588 884 1641 931 et
1671 875 1721 931 in
1752 875 1821 930 12
1848 876 2023 933 eanite
2048 874 2304 944 littermE

729 983 992 1023 canonem
1028 968 1092 1023 l7
1131 970 1323 1041 synodi
1359 969 1414 1022 7.

1431 1231 1615 1300 Leges.

800 1326 1126 1381 Monasteria
1152 1342 1257 1380 non
1287 1327 1356 1379 ita
1382 1324 1706 1387 alienentur,
1730 1331 1790 1377 ut
1810 1330 2021 1378 sacrata
2043 1321 2216 1374 forma
2244 1319 2296 1373 in

728 1422 998 1487 privatum
1041 1429 1239 1474 statum
1310 1416 1764 1479 transformetur,
1792 1414 2030 1483 alioquin
2065 1420 2298 1480 potesta-

733 1521 838 1565 tem
874 1513 1070 1565 habent
1132 1512 1374 1581 episcopi
1409 1506 1721 1562 vindicandi
1787 1515 1843 1561 et
1884 1507 1939 1560 in
2005 1505 2290 1576 pristinam

726 1604 954 1658 formam
991 1602 1307 1656 reducendi.

792 1699 869 1750 Ex
900 1697 995 1749 l5l
1028 1696 1324 1750 Justiuiani
1368 1694 1581 1750 novella
1614 1694 1797 1750 discas
1850 1691 2091 1762 quidem,
2147 1687 2296 1758 quod

721 1790 940 1857 regulas
963 1804 1081 1857 quae
1145 1804 1173 1840 a
1205 1787 1589 1842 fundatoribus
1621 1787 1679 1841 in
1730 1783 2079 1841 monasteriis
2134 1782 2290 1846 ﬁunt,

720 1887 805 1955 pie
837 1886 1117 1954 suscipere
1144 1884 1364 1947 debent,
1395 1884 1498 1938 nisi
1523 1882 1822 1939 eanonibus
1850 1878 2290 1941 contrariantur;

722 1978 827 2031 illis
857 1978 1000 2031 enim
1030 1991 1137 2029 non
1172 1976 1299 2030 licet
1364 1975 1611 2030 locorum
1679 1974 1968 2043 episcopos
2024 1966 2293 2022 canonico

711 2074 835 2140 jure
867 2071 1080 2140 privare
1112 2070 1164 2123 in
1198 2068 1567 2133 monasteriis,
1594 2082 1714 2137 quze
1742 2066 1810 2119 ab
1841 2064 1908 2120 iis
1933 2062 2292 2118 aedificantur.

720 2164 908 2232 Neque
938 2162 1209 2217 antistites
1242 2161 1570 2215 monasteria
1631 2158 1960 2214 aediﬁcantes
1994 2153 2293 2210 succeden-

715 2266 797 2311 tes
830 2255 1101 2309 antistites
1128 2254 1230 2308 sub
1284 2267 1442 2323 ptena
1501 2249 1742 2316 obligare
1800 2254 2055 2315 possunt,
2111 2255 2291 2306 neque

716 2349 882 2403 ullum
912 2348 1058 2401 circa
1095 2360 1183 2401 res
1249 2342 1520 2413 ejusmodi
1554 2342 1643 2408 jus
1677 2340 1876 2394 habere
1910 2355 1924 2402 ;
1952 2336 2290 2391 convertitur

712 2440 856 2495 enim
899 2439 1084 2510 iniqua
1120 2435 1427 2507 segregatio
1457 2435 1510 2488 in
1537 2434 1750 2488 illorum
1781 2431 1957 2501 capita
1987 2470 2001 2484 .

788 2692 1095 2783 Episcopus
1151 2710 1399 2765 abbatem
1435 2708 1520 2763 vel
1578 2704 2060 2762 archimantlritam
2095 2704 2292 2757 unius-

709 2804 980 2876 cujusque
1020 2802 1337 2858 monasterii
1367 2814 1475 2855 non
1536 2799 1761 2853 omnino
1821 2796 2118 2851 secundum
2159 2809 2286 2865 gra~

707 2896 819 2952 dus'
836 2902 1187 2966 promoveat;
1223 2893 1315 2950 sed
1348 2907 1509 2961 quem
1545 2892 1629 2945 vel
1664 2904 1855 2944 omnes
1888 2888 2168 2953 monachi,
2204 2886 2285 2941 vel

705 2989 799 3059 qui
833 2987 1079 3043 melioris
1102 2984 1549 3049 existimationis,
1584 2981 1865 3049 elegerint,
1897 2996 2061 3050 super
2107 2978 2287 3034 Evan-

704 3082 849 3151 gelio
884 3079 1159 3149 jurantes,
1209 3078 1352 3148 quod
1391 3092 1496 3130 non
1531 3091 1626 3147 per
1685 3074 1979 3129 amicitiam
2041 3073 2127 3125 vel
2161 3088 2285 3141 gra-

2408 594 2569 649 π).έον
2621 594 2732 647 τῶν
2784 594 3159 664 πορνευόντιυν
3214 594 3574 661 ἐπιτιμᾶσθαι
3611 593 3848 646 κελεύει.
3882 590 3979 646 0i-

2411 703 2509 756 μαι
2559 686 2739 738 τοίνυν
2785 686 3000 739 τουτονὶ
3052 687 3144 739 τὸν
3204 687 3404 739 κανόνα
3453 684 3684 747 δεόντως
3737 689 3968 755 κρατεῖν

2406 770 2495 828 οία
2554 775 2665 827 τῶν
2731 776 2909 830 ἄλλων
2984 776 3465 848 μεταγενέστερον.
3534 778 3696 847 Ζήτει
3764 777 3860 829 καὶ
3919 776 3980 829 τί)

2410 873 2478 920 ια’
2530 884 2655 936 κεφ.
2702 867 2795 921 τοῦ
2843 868 2884 919 Γ
2931 867 3227 937 στοιχείου,
3293 870 3381 921 καὶ
3454 869 3510 919 ἐν
3573 867 3655 936 τῷ
3717 868 3784 936 ιβ’
3848 885 3977 934 κεφ.

2403 958 2496 1012 τοῦ
2546 961 2583 1011 Δ
2643 960 2911 1028 στοιχείου
2960 958 3171 1013 κανόνα
3224 959 3266 1012 δ’
3323 960 3423 1029 τῆς
3477 960 3519 1013 δ’
3563 961 3817 1024 συνόδου,
3883 959 3979 1012 καὶ

2404 1052 2462 1103 ἐν
2520 1052 2595 1118 τῷ
2647 1050 2716 1119 ιβ’
2745 1068 2867 1117 κεφ.
2904 1050 2999 1104 τοῦ
3048 1052 3088 1104 Ε
3142 1052 3409 1121 στοιχείου
3450 1054 3651 1106 κανόνα
3700 1051 3766 1117 ιζ’
3798 1053 3896 1122 τῆς
3930 1052 3977 1117 ζ’

2407 1144 2646 1197 συνόδου.

3070 1238 3274 1303 Νόμρι.

2486 1326 2805 1397 Ἐκποίησις
2844 1329 3207 1398 μοναστηρὶου
3274 1329 3350 1399 μὴ
3406 1330 3663 1397 γινέσθω,
3709 1330 3796 1397 ἐφ’
3825 1323 3869 1398 ᾦ
3914 1329 3975 1384 τὸ

2403 1418 2676 1489 ἱερατικὸν
2731 1420 2916 1490 σχῆμα
2958 1422 3038 1484 είς
3072 1422 3348 1490 ίδιωτικὴν
3391 1420 3973 1491 μετασχηματζεσθαι

2400 1513 2694 1584 διαγωγὴν,
2718 1515 2839 1564 ἐπεὶ
2869 1514 3049 1566 ἄδειαν
3075 1513 3290 1583 ἔχουσιν
3313 1514 3363 1564 οἱ
3396 1513 3687 1565 ἐπίσκοποι
3712 1514 3969 1571 ἐκδικεῖν.

2400 1605 2493 1661 καὶ
2518 1608 2597 1669 είς
2628 1605 2690 1668 τὸ
2719 1607 2985 1676 πρότερον
3012 1606 3312 1672 ἐπανάγειν
3346 1607 3552 1674 σχῆμα.

2484 1698 2616 1753 Ἀπὸ
2669 1698 2726 1753 δὲ
2781 1699 2882 1765 τῆς
2914 1696 3028 1768 ρλα⁹
3069 1698 3500 1752 ’Ῑουστινιανείου
3550 1699 3751 1766 νεαρᾶς
3784 1696 3971 1765 γνοίης

2396 1795 2482 1855 ἂν,
2516 1793 2597 1846 ὅτι
2629 1792 2696 1846 τὰ
2727 1792 2984 1860 γινόμενα
3017 1791 3162 1859 παρὰ
3192 1791 3300 1843 τῶν
3332 1789 3615 1861 κτητόρων
3642 1790 3700 1841 ἐν
3728 1791 3841 1852 τοῖς
3877 1806 3973 1857 μο-

2396 1885 2709 1957 ναστηρίοις
2760 1883 2968 1961 τυπικὰ
3006 1885 3255 1951 στέργειν
3301 1882 3629 1950 ὀφείλουσιν,
3692 1883 3741 1934 εί
3786 1882 3968 1951 μήπου

2393 1979 2508 2040 τοῖς
2553 1977 2777 2031 κανόσιν
2822 1975 3246 2029 ’ἐναντιοῦνταιο
3302 1976 3362 2027 οὐ
3401 1974 3510 2044 γὰρ
3544 1974 3753 2039 ἔξεστιν
3784 1972 3969 2036 αὐτοῖς

2392 2072 2681 2141 ἀπείργειν
2726 2071 2853 2133 τοὺς
2888 2070 3188 2139 ἐγχωρίους
3235 2068 3568 2129 ἐπισκόπους
3610 2068 3720 2119 τῶν
3754 2082 3971 2136 ,κανονι-

2393 2161 2505 2213 κῶν
2543 2160 2765 2213 δικαίων
2813 2160 2871 2212 ἐν
2910 2162 3026 2221 τοῖς
3049 2158 3179 2228 παρ’
3215 2158 3396 2210 αὐτῶν
3425 2158 3766 2225 κτιζομένοις
3799 2174 3967 2226 μονα-

2394 2252 2659 2322 στηρίοις.
2690 2252 2824 2305 Οὐδὲ
2883 2252 2932 2304 οί
2980 2251 3352 2320 ἀνεγείροντες
3379 2251 3655 2319 ἀρχιερεῖς
3701 2247 3968 2318 μιναστή-

2393 2364 2484 2417 ρια
2528 2345 2896 2415 ἐπισκήπτειν
2939 2344 3057 2415 μετ’
3114 2345 3393 2413 ἐπιτιμξου
3426 2344 3679 2396 δύνανται
3708 2342 3817 2404 τοῖς
3846 2341 3967 2410 μετ’

2391 2437 2587 2499 αὐτοὺς
2621 2436 2965 2506 ἀρχιερεῦσι,
3030 2436 3154 2506 μηδ’
3203 2435 3386 2489 ὁτιοῦν
3429 2437 3508 2497 είς
3543 2436 3714 2490 ταῦτα
3757 2435 3966 2488 δίκαιον

2389 2533 2566 2602 ἔχειν’
2596 2531 2886 2600 στρέφεται
2914 2530 3024 2601 γὰρ
3049 2532 3076 2583 ὁ
3098 2530 3404 2602 παράλογος
3426 2529 3731 2600 ἀφορισμδς
3758 2531 3836 2592 είς
3863 2529 3962 2589 τὰς

2389 2624 2617 2677 ἐκείνων
2653 2620 2917 2690 κεφαλάς.

2470 2716 2531 2769 Ὀ
2577 2714 2873 2775 ἐπίσκοπος
2922 2712 3012 2765 τὸν
3070 2711 3248 2765 ἀὸδᾶν
3302 2712 3334 2781 ἢ
3386 2711 3479 2765 τὸν
3532 2709 3962 2781 ἀρχιμανδρίτιιν

2388 2809 2618 2861 ἑκάστου
2646 2805 3011 2874 μοναστηρίου
3069 2806 3144 2874 μὴ
3178 2804 3399 2867 πάντως
3449 2804 3590 2856 κατὰ
3627 2802 3717 2856 τὸν
3755 2802 3962 2872 βαθμὸν

2389 2899 2795 2973 προϐαλλέσθω,
2830 2898 2943 2952 ἀλλ’
2970 2898 3028 2952 ὃν
3055 2898 3102 2949 οί
3132 2896 3352 2968 μοναχοὶ
3377 2896 3575 2960 πάντες
3623 2896 3655 2966 ἢ
3686 2896 3733 2949 οἱ
3762 2895 3961 2950 5-1-1526-

2388 2995 2583 3063 ληπτοι
2630 2992 3006 3055 ἐπιλέξωνται,
3044 2990 3133 3041 ἐπὶ
3161 2989 3269 3043 τῶν
3300 2988 3646 3056 Εὑαγγελέων
3688 2988 3957 3055 λέγοντες,

2385 3087 2461 3149 ὡς
2511 3087 2570 3140 οὐ
2620 3084 2708 3138 διὰ
2757 3084 3003 3154 φιλίανῆ
3044 3084 3203 3152 χάριν
3233 3082 3398 3135 αὑτὸν
3429 3081 3786 3146 ἐπελέξαντο,
3822 3080 3961 3132 ἀλλὰ

702 3175 835 3228 tiam
879 3172 1030 3226 illum
1065 3172 1369 3239 elegerunt,
1426 3169 1519 3224 sed
1544 3166 1686 3237 quod
1720 3176 1920 3221 norunt
1955 3166 2105 3220 illum
2159 3180 2279 3219 esse
2304 3190 2346 3244 ο

2278 3194 2279 3197 ‘
2304 3190 2346 3244 ο
2382 3178 2745 3248 γινώσκοντες
2774 3177 2934 3230 αὑτὸν
2963 3176 3265 3245 όρθόδοξον,
3295 3175 3389 3225 καὶ
3423 3173 3699 3242 σώφρονα.
3738 3171 3832 3224 καὶ
3859 3171 3957 3239 τῆς

704 3266 827 3320 ﬁdei
866 3272 1048 3328 rectm,
1087 3252 1141 3318 et
1170 3262 1292 3317 vitae
1330 3270 1516 3326 castae,
1577 3269 1632 3315 et
1670 3258 2142 3314 administratione
2194 3257 2274 3310 di-

703 3372 894 3426 gnum,
945 3365 997 3410 et
1045 3356 1139 3425 qui
1170 3356 1564 3408 monachorum
1592 3351 1936 3421 disciplinam
1968 3359 2022 3404 et
2055 3364 2271 3403 omnem

702 3449 1026 3504 monasterii
1049 3456 1251 3503 statum
1274 3445 1557 3500 custodire
1587 3445 1780 3511 possit.
1801 3444 2001 3498 Eadem
2027 3443 2188 3497 etiam
2211 3442 2275 3495 de

701 3541 996 3595 mulierum
1034 3538 1383 3593 monasteriis
1416 3546 1471 3592 et
1503 3536 1808 3591 aseeteriis.

776 3632 936 3703 194
953 3631 1263 3685 Centesima
1307 3628 1573 3683 vicesima
1611 3629 1768 3681 tentia
1803 3641 1955 3691 vero,
1992 3625 2047 3678 In
2093 3628 2276 3681 omni-

700 3727 825 3789 lius,
866 3725 1065 3794 inquit,
1100 3724 1467 3784 monasteriis,
1524 3737 1645 3792 qum
1673 3722 1921 3776 emnobia
1989 3731 2272 3782 vocantur,

695 3820 851 3888 juxta
883 3818 1098 3887 regulas
1135 3818 1469 3869 monasticas
1497 3814 1780 3883 jubemus.
1817 3823 1870 3864 ut
1907 3813 1958 3866 in
1984 3828 2087 3866 una
2118 3817 2277 3866 deum

698 3926 887 3966 munes
908 3910 1175 3972 habitent,
1205 3917 1258 3962 et
1288 3908 1653 3961 communiter
1684 3904 1976 3960 comedunt
2001 3916 2054 3958 et
2082 3906 2134 3959 in
2166 3921 2274 3958 una

697 4001 865 4055 domo
889 4014 1080 4054 omnes
1120 3999 1413 4069 separatim
1445 3997 1741 4060 dOrmiant,
1772 4005 1831 4050 ut
1858 3996 2103 4050 vicissim
2169 3995 2271 4048 sibi

698 4093 834 4163 ipsis
881 4101 1044 4147 castae
1076 4092 1199 4145 vitm
1246 4090 1554 4159 exemplum
1601 4088 1914 4143 exhibeant.
1947 4087 2069 4141 llaec
2092 4096 2271 4141 autem

694 4185 879 4240 omnia
929 4192 983 4239 et
1018 4186 1080 4238 de
1110 4182 1400 4237 mulierum
1434 4180 1784 4237 monasteriis
1813 4181 2198 4234 observentur.

766 4364 943 4434 Caput
967 4371 1146 4417 autem
1175 4363 1295 4431 ejus
1323 4361 1594 4416 decimum
1631 4362 1909 4430 quintum,
1943 4360 2059 4415 Non
2099 4362 2278 4430 ingre-

697 4458 901 4522 dietur,
957 4455 1153 4525 inquit,
1215 4455 1441 4510 omnino
1501 4468 1679 4523 neque
1713 4454 1909 4507 mulier
1941 4454 1994 4506 in
2031 4454 2274 4507 virorum

2374 3273 2697 3343 διοικήσεως
2732 3270 2902 3334 ἄξιον,
2938 3270 3033 3322 καὶ
3067 3268 3365 3335 δυνάμενον
3412 3268 3650 3334 φυλάξαι
3690 3265 3787 3335 τὴν
3832 3266 3855 3317 ἐ

2378 3367 2593 3434 στήμην
2642 3362 2751 3417 τῶν
2816 3361 3092 3430 μοναχῶν,
3146 3362 3242 3413 καὶ
3296 3360 3394 3427 τὴν
3447 3358 3539 3411 τοῦ
3588 3358 3955 3429 μοναστηρίου

2376 3455 2738 3511 κατάστασιν.
2772 3454 2851 3505 Τὰ
2881 3451 3019 3504 αὐτὰ
3059 3451 3153 3503 καὶ
3191 3449 3317 3518 περὶ
3351 3449 3460 3501 τῶν
3498 3447 3826 3515 γυναικείων
3861 3464 3957 3514 μου

3834 3266 3959 3316 ἐπι-

2381 3548 2685 3616 ναστηρίων
2716 3544 2811 3597 καὶ
2838 3541 3206 3612 ἀσκητηρίων.

2460 3640 2524 3692 Ἦ
2560 3639 2616 3691 δέ
2646 3644 2784 3708 ρκγ¹,
2832 3636 2919 3689 Ἐν
2951 3635 3128 3689 ἅπασι
3167 3634 3220 3685 δὲ
3252 3634 3365 3693 τοῖς
3404 3630 3806 3701 μοναστηρίοις.
3857 3648 3959 3697 φη-

2381 3734 2486 3795 σὶν,
2518 3731 2660 3801 ἅπερ
2688 3729 2982 3783 καλοῦνται
3026 3726 3293 3788 κοινόϐια,
3328 3725 3622 3792 κελεύομεν
3653 3724 3795 3775 κατᾶ
3824 3724 3957 3785 τοὺς

2382 3821 2712 3891 μοναχικοῦς
2743 3819 2999 3881 κανῦνας,
3034 3817 3089 3867 ἐν
3124 3817 3202 3869 ἐνὶ
3229 3815 3365 3883 οἴκῳ
3394 3815 3601 3876 πάντας
3639 3814 3829 3877 οίκεῖν,
3862 3813 3956 3864 καὶ

2377 3914 2573 3973 κοινῶς
2603 3911 2922 3982 τρέφεσθαι,
2954 3912 3048 3963 καὶ
3088 3910 3145 3961 ἐν
3176 3908 3255 3961 ἐνὶ
3287 3907 3423 3976 οἴκῳ
3464 3906 3671 3967 πάν-ας
3719 3923 3955 3973 κεχωρι-

2381 4008 2589 4076 σμένως
2622 4003 2924 4066 καθεύδειν,
2959 4000 3101 4054 ὥστε
3123 4000 3420 4068 ἀμοιϐαδὸν
3448 4000 3703 4067 ἀλλήλοις
3744 4015 3956 4067 μαρτυ-

2381 4096 2502 4165 ρίαν
2528 4095 2627 4163 τῆς
2656 4092 2932 4161 σώφρονος
2961 4090 3244 4159 διαγωγῆς
3278 4090 3537 4160 παρέχειν
3565 4091 3784 4151 αὐτούς.
3813 4091 3957 4143 Ταῦ-

2377 4204 2445 4239 τα
2476 4185 2532 4238 δὲ
2564 4186 2741 4237 πάντα
2762 4182 3009 4253 καὶπερὶ
3039 4181 3105 4234 τὰ
3138 4181 3247 4233 τῶν
3276 4181 3552 4247 γυναικῶν
3587 4180 3953 4246 φυλάττεσθαι

2384 4278 2745 4348 μοναστήρια.

2450 4370 2524 4421 Τὸ
2576 4368 2632 4421 δέ
2693 4365 2758 4420 ιε’
2790 4366 2997 4435 ταύτης
3038 4365 3355 4433 κεφάλαιον,
3401 4364 3514 4417 Οὐκ
3559 4364 3954 4423 είσελεύσεται.

2382 4460 2570 4529 ιίησὶν,
2599 4458 2724 4511 οὔτε
2760 4458 2898 4530 γυνὴ
2934 4460 3286 4512 παντάπασιν
3317 4459 3393 4520 εἰς
3431 4457 3646 4527 ἀνδρῶν
3681 4459 3952 4526 μοναστήο

696 4548 1121 4610 monasterium,
1177 4560 1354 4614 neque
1401 4546 1567 4599 vir.in
1600 4546 1920 4608 mulierum,
1979 4544 2065 4598 vel
2127 4558 2270 4613 prae-
2300 4535 2352 4595 D

2300 4535 2352 4595 Ῑ)
2384 4570 2519 4623 ριον,
2546 4546 2674 4605 ὀὕτε
2709 4552 2850 4621 ἀνὴρ
2876 4551 2958 4615 είς
2983 4552 3317 4616 γυναικεῖον,
3364 4550 3395 4618 ἦ
3427 4552 3697 4618 προφάσει
3734 4552 3954 4618 μνήμης

696 4651 848 4696 textu
885 4640 1161 4694 memoriae
1207 4640 1441 4708 alicujus
1475 4640 1697 4703 mortui,
1745 4639 1837 4707 qui
1897 4638 2007 4691 illic
2038 4638 2273 4705 .positus

695 4746 800 4798 est,
830 4734 916 4788 vel
953 4734 1114 4787 aliam
1147 4734 1218 4786 ob
1252 4747 1518 4796 causam;
1566 4747 1740 4801 neque
1792 4733 1837 4786 si
1874 4732 1999 4801 quis
2052 4732 2271 4786 fratrem

700 4829 864 4891 forte,
902 4827 986 4880 vel
1030 4842 1299 4887 sororem.
1333 4826 1417 4880 vel
1448 4824 1685 4894 aliquem
1743 4841 1805 4877 ex
1837 4840 1938 4879 suo
1971 4840 2168 4892 genere
2218 4824 2272 4878 in

700 4921 1029 4976 monasterio
1064 4935 1123 4975 se
1164 4920 1364 4974 habere
1419 4918 1639 4972 dixerit.
1687 4918 1803 4972 Non
1862 4926 1946 4972 est
2010 4919 2156 4972 enim
2216 4918 2269 4971 in

699 5013 863 5066 terris
893 5011 1151 5079 cognatio
1183 5009 1494 5070 monachis.
1530 5016 1718 5076 utpote
1757 5008 1847 5076 qui
1890 5006 2165 5061 cmlestem
2196 5007 2274 5059 vl-

697 5117 806 5159 tam
848 5102 1089 5157 annulati
1125 5111 1275 5156 sunt.
1313 5100 1516 5155 Deinde
1553 5114 1726 5169 neque
1758 5099 1855 5152 viri
1896 5099 1947 5151 in
1983 5099 2269 5152 mulierum

699 5194 1152 5248 monasteriorum
1186 5192 1457 5262 sepulcris
1482 5198 1830 5259 reponantur.
1870 5206 2045 5257 neque
2078 5190 2271 5243 mulie-

700 5302 789 5345 res
820 5286 872 5339 in
906 5286 1147 5339 virorum
1187 5284 1535 5339 monasteriis
1570 5282 1949 5345 inltumentur,
2001 5297 2065 5334 ne
2102 5297 2167 5334 ex
2201 5295 2268 5333 eo

703 5386 913 5431 natura:
950 5377 1019 5430 ad
1052 5376 1286 5445 seipsam
1324 5374 1481 5427 detur
1534 5388 1841 5441 regressus,
1908 5381 1965 5427 ut
1991 5387 2113 5441 qum
2161 5386 2267 5424 non

699 5468 783 5524 l'as
820 5477 905 5523 est
934 5477 1080 5538 agat,
1118 5477 1170 5521 et
1203 5467 1433 5520 delicate
1480 5480 1540 5520 se
1566 5473 1739 5533 gerat,
1773 5475 1827 5518 et
1875 5465 2053 5528 ludat,
2100 5475 2155 5519 et
2185 5480 2271 5518 res

698 5560 913 5615 divinas
943 5559 1145 5628 injuria
1196 5559 1413 5612 alliciat.

772 5654 828 5707 Si
873 5668 979 5722 qua
1042 5654 1239 5707 mulier
1283 5660 1465 5706 autem
1503 5651 1555 5704 in
1602 5650 1890 5704 mulierum
1940 5648 2270 5703 monasterio

700 5746 1009 5825 sepeliemla
1060 5746 1131 5799 sit
1165 5747 1183 5813 (
1215 5746 1387 5799 virum
1422 5745 1570 5798 enim
1608 5758 1716 5797 non
1751 5742 1832 5796 fa:
1888 5758 2009 5797 esse
2056 5742 2267 5811 judica-

706 5851 823 5894 πως
849 5836 889 5904 ),
924 5836 1044 5892 illos
1095 5834 1272 5891 solum
1321 5836 1411 5904 qui
1446 5836 1646 5891 lectum
1679 5834 1861 5890 ferunt
1903 5845 1957 5890 et
2007 5834 2266 5893 fossorcs,

2376 4643 2519 4705 τινὸς
2543 4642 2971 4711 τελευτήσαντος
3004 4641 3288 4694 κάνταῦθα
3331 4635 3611 4708 κειμένου,
3644 4642 3675 4709 ἢ
3706 4643 3795 4693 διὰ
3834 4660 3957 4694 τινα

2377 4733 2572 4803 ἑτέραν
2600 4734 2783 4786 αἰτίαν
2802 4733 2960 4799 -ξούδὲ
2996 4734 3048 4783 εί
3067 4750 3149 4794 τις
3178 4732 3406 4800 ἀδελφὸν
3434 4733 3599 4801 τυχὸν
3624 4733 3655 4802 ἢ
3695 4732 3954 4798 ἀδελςρὴν,

2376 4829 2410 4899 ἦ
2441 4843 2563 4879 τινα
2600 4825 2709 4878 τῶν
2743 4827 2805 4878 ἐκ
2837 4824 2931 4877 τοῦ
2959 4825 3148 4892 γένους
3186 4823 3331 4891 ἔχειν
3374 4826 3432 4877 ἐν
3475 4830 3554 4892 τῷ
3603 4826 3956 4895 μοναστηρίῳ

2376 4919 2596 4987 φήσειε.
2641 4915 2943 4982 Σαγγένεια
2992 4915 3101 4982 γὰρ
3143 4918 3254 4978 τοῖς
3284 4917 3535 4985 μοναχοῖς
3588 4917 3673 4968 ἐπ”
3708 4916 3809 4983 τῆς
3852 4917 3954 4968 οὐκ

2377 5013 2515 5072 ἔστι,
2550 5012 2664 5072 τοῖς
2700 5026 2763 5077 γε
2807 5007 2896 5060 τὸν
2940 5010 2995 5058 ἐν
3039 5008 3289 5075 οὐρανοῖς
3335 5006 3614 5074 ζηλώσασι
3670 5007 3807 5076 βίον.
3843 5008 3955 5061 Καὶ

2380 5108 2521 5177 μήτε
2546 5104 2827 5173 ἄνδρες,ἐν
2848 5100 3146 5169 γυναικεέῳ
3187 5102 3539 5169 μονοστηρῑῳ
3568 5101 3761 5167 τάφοις
3788 5118 3955 5153 κατα-

2374 5195 2733 5256 τιθέσϐιυσαν,
2787 5194 2923 5261 μήτε
2981 5194 3237 5259 γυναῖκες
3282 5193 3339 5243 ἐν
3375 5192 3646 5259 ἁνδρικοῖς
3686 5209 3954 5259 gevas-.1;-

2380 5288 2515 5357 ρίοις
2577 5284 3121 5355 κατορυττέσϐωσαν,
3173 5285 3259 5336 ἵνα
3310 5282 3385 5353 μὴ
3432 5284 3663 5352 πάροδος
3701 5283 3954 5336 ἐντεῦθεν

2376 5377 2590 5445 γένοιτο
2638 5378 2704 5444 τῇ
2743 5374 2902 5441 φύσει
2941 5376 3077 5444 πρὸς
3118 5373 3339 5441 ἑαυτὴν,
3395 5371 3432 5425 ἃ
3478 5372 3552 5441 μὴ
3591 5371 3747 5440 Θέμις
3795 5372 3949 5441 δρᾷν,

2373 5469 2587 5538 τρυφᾷ-ι
2626 5484 2685 5519 τε
2720 5467 2815 5520 καὶ
2841 5463 3082 5530 παίζειν,
3117 5464 3210 5517 καὶ
3240 5464 3309 5517 τὰ
3345 5464 3464 5516 Osi:
3494 5464 3792 5533 πράγματα
3822 5479 3951 5515 κατ-

2377 5559 2599 5627 αισχύνε
2611 5575 2680 5609 ιν.

2458 5650 2595 5702 Ἀλλ’
2627 5651 2676 5701 εἰ
2706 5650 2797 5701 καὶ
2819 5648 2955 5718 γυνή
2986 5666 3067 5711 τις
3091 5650 3149 5701 ὲν
3178 5645 3474 5715 γυναικείῳ
3498 5644 3799 5698 Οάπτεσθαι
3828 5646 3953 5713 μὲλ-

2373 5743 2453 5795 io:
2488 5742 2860 5811 μοναστηρίῳ,
2887 5741 3075 5810 (ἄνδρα
3110 5740 3219 5807 γὰρ
3250 5739 3349 5791 οὐκ
3372 5737 3567 5805 εὐαγὲς
3594 5733 3736 5790 εἶναι
3768 5740 3950 5808 κρίνο-

2375 5837 2519 5917 μεν),
2562 5835 2687 5897 τοὺς
2736 5834 2834 5904 τὴν
2891 5835 3076 5903 κλίνην
3129 5833 3391 5903 φέροντας
3440 5833 3655 5902 μόνους,
3698 5831 3949 5895 καὶτοὺς
