4252 6424
237 372 288 433 57
1194 365 1605 425 SYNTAGMA
1653 366 2376 432 ΑιιηιΑΒΕτιαῐηι-
2417 365 2493 420 Μ-

3413 362 3483 428 53

240 487 509 558 ὀρύξαντας
557 483 839 553 είσφοιτᾷν
887 482 973 535 ἐπ’
1000 484 1166 537 αὐτό·
1203 489 1299 539 καὶ
1350 485 1450 548 τὰς
1484 487 1583 555 μὲν
1624 504 1789 554 μονα-
1817 500 1861 552 Α
1908 505 1919 543 :

1817 500 1861 552 Α
1908 489 1974 543 ad
2009 489 2140 542 illud
2164 490 2466 552 accedere,
2517 496 2571 541 et
2610 485 2867 539 mulieres
2914 484 3134 551 quidem
3187 485 3489 538 nzminchas

239 581 322 652 χὶς
368 584 422 632 ἐν
468 578 543 648 τῷ
596 580 711 647 ἰδίῳ
767 579 948 647 μένειν
983 581 1356 650 καταγωγίῳ·
1387 583 1556 649 μόνην
1599 581 1654 634 δὲ
1686 582 1786 646 τὴν

238 672 455 744 θυρωρὸν
486 675 578 726 καὶ
606 673 704 740 τὴν
728 673 1058 740 ἡγουμένην,
1084 673 1136 724 εί
1158 689 1222 738 γε
1257 671 1568 741 βουληθείη,
1589 676 1783 743 παρεῖ-

240 786 310 820 ναι
344 769 445 828 τοῖς
471 767 938 836 γινομένοις··καὶ
973 766 1168 818 θᾶττον
1193 767 1433 827 ἐκείνους
1463 765 1787 828 τελέσαντας

242 860 298 912 τὰ
318 859 434 928 περὶ
456 856 554 928 τὴν
580 857 753 921 ὁσίαν,
781 857 942 918 εὐθὺς
971 857 1211 918 ἀπιέναι,
1249 856 1386 925 μήτε
1416 855 1788 925 θεασαμένους

239 951 368 1010 τινας
393 948 500 1001 τῶν
535 947 906 1018 μοναζουσῶν,
943 949 1081 1019 μήτε
1115 947 1208 1001 ὑπ’
1236 945 1420 1001 αὐτῶν
1471 941 1787 1010 θεαθέντας.

238 1044 391 1113 Τρίτα
439 1043 496 1094 δέ
557 1041 849 1104 ποιοῦντας
903 1043 998 1094 καὶ
1047 1042 1268 1106 ἐννατα,
1327 1040 1403 1102 ὦς
1433 1057 1496 1108 γε
1535 1039 1600 1111 δὴ
1629 1041 1790 1108 νόμος

238 1141 286 1191 ἐν
315 1136 590 1190 τεθνεῶσίν
621 1138 791 1200 ἐστιν,
831 1135 927 1188 καὶ
982 1135 1296 1197 ἀκολούθως
1345 1133 1788 1204 τεσσαρακοστὰ,

238 1228 318 1278 καὶ
362 1226 524 1278 λοιπὰ
567 1226 711 1279 κατὰ
753 1227 879 1288 τοὺς
907 1226 1272 1294 τεταγμένους
1319 1226 1545 1292 καιροὺς
1582 1223 1793 1294 μνημὸ-

242 1338 375 1377 cava,
406 1320 450 1370 εί
483 1319 579 1386 μὲν
607 1323 918 1384 γυναικεῖον
968 1319 1053 1385 εἴη
1098 1319 1158 1370 τὸ
1198 1321 1581 1388 μοναστήριον,
1610 1319 1794 1385 γυναῖ-

240 1430 326 1472 κας
348 1414 557 1464 ἅπαντα
591 1413 853 1479 πράττειν
881 1428 894 1441 ο
929 1414 974 1462 εἰ
1003 1412 1056 1464 δὲ
1089 1411 1350 1481 ἀνδρῷον,
1389 1411 1609 1479 ἄνδρας.

304 1596 386 1660 Μὴ
419 1595 620 1658 πολλὰς
665 1595 721 1647 δέ
772 1591 909 1646 εἶναι
943 1594 1050 1656 τὰς
1091 1595 1170 1655 είς
1210 1594 1269 1647 τὸ
1298 1594 1796 1663 μοναατήριονείσ-

243 1687 396 1750 ὁδους,
429 1687 564 1739 ἀλλὰ
594 1687 720 1755 μίαν
748 1687 780 1757 ἢ
818 1686 910 1738 δύο
938 1687 1117 1754 τυχδν,
1147 1688 1436 1753 ἐφεστάναι
1475 1704 1531 1736 τε
1561 1688 1626 1754 τῇ
1654 1685 1793 1755 eam

242 1781 424 1849 5,691;
456 1779 844 1847 γεγηρακότας
875 1779 971 1831 καὶ
1001 1779 1306 1848 σώφρονας,
1341 1778 1502 1846 οἵπερ
1535 1778 1657 1830 οὔτε
1685 1779 1795 1838 τοῖς

1900 583 1954 636 in
1988 582 2216 651 proprio
2233 596 2466 634 mnere
2489 579 2802 646 habitacula
2834 595 2847 642 ;
2880 576 3051 630 solam
3083 587 3263 628 autem
3316 576 3485 626 ostia-

1898 671 2038 725 riam
2069 679 2124 726 et
2155 671 2488 725 abbatissam
2521 671 2831 730 rretricem,
2864 667 2910 719 si
2936 667 3082 728 velit,
3110 666 3372 718 interi-ssc
3422 667 3487 717 iis

1893 777 2018 831 quae
2050 762 2188 816 llun:
2219 776 2235 815 :
2262 769 2316 814 et
2348 761 2488 823 illos,
2524 775 2648 814 cum
2684 761 2919 828 primum
2971 757 3265 825 exsequias
3316 769 3482 823 quam

1895 854 2185 908 celerrime
2235 852 2586 923 perfecerint,
2617 851 2798 904 statim
2852 851 3129 912 recedere,
3194 862 3292 900 nec
3361 847 3485 898 ullis

1897 961 2012 1000 ase
2070 945 2200 999 visis
2258 943 2602 1004 monialium,
2670 957 2848 1010 neque
2897 941 2964 994 iis
3015 941 3084 993 ab
3111 955 3295 992 carum
3359 937 3484 990 ullis

1897 1037 2225 1104 conspectis.
2257 1034 2446 1089 Tertio
2493 1049 2624 1086 vero
2651 1041 2703 1086 et
2739 1048 2878 1085 nono
2942 1032 3025 1084 die
3061 1031 3470 1088 convenientes,

1901 1141 2064 1199 prout
2095 1130 2148 1183 in
2183 1138 2520 1182 mortuorum
2543 1127 2824 1194 exsequiis
2855 1139 2972 1177 mos
3000 1123 3258 1184 obtinuit,
3311 1134 3473 1189 porro

1897 1235 1952 1278 ct
1982 1221 2476 1292 postquadraginta
2498 1220 2614 1272 dies
2673 1218 2966 1270 mutuarias
2989 1231 3176 1269 eorum
3214 1214 3279 1266 ad
3312 1222 3484 1266 statu—

1902 1327 2016 1370 tum
2051 1324 2264 1383 tempus
2334 1313 2638 1365 celebrant.
2675 1309 2731 1363 Si
2767 1309 3058 1361 mulierum
3100 1308 3172 1360 sit
3204 1314 3487 1358 monaste-

1899 1411 2064 1472 rium,
2091 1409 2273 1462 omnia
2295 1406 2534 1461 faciunto
2563 1405 2841 1468 mulieres,
2877 1403 2960 1456 sin
3004 1412 3184 1455 autem
3218 1402 3487 1464 virorum,

1905 1503 2032 1556 viri.

2007 1595 2125 1649 Non
2174 1593 2372 1648 multos
2426 1607 2548 1646 esse
2594 1592 2648 1645 in
2706 1588 3098 1644 monasterium
3142 1585 3348 1648 aditus,
3393 1585 3486 1639 sed

1903 1705 2072 1743 unum
2125 1697 2218 1740 aut
2266 1687 2496 1740 alterum
2533 1683 2743 1748 forsan,
2796 1691 2849 1735 et
2881 1679 3305 1746 adstarejanuae
3335 1677 3484 1731 viros

1904 1791 2064 1830 senes
2112 1785 2164 1829 et
2185 1785 2396 1838 cautos,
2429 1777 2522 1845 qui
2555 1773 2772 1844 quidem
2823 1785 3000 1840 neque
3029 1771 3330 1822 monachos
3363 1768 3495 1820 abs-

247 1871 484 1940 μοναχοῖς
529 1871 982 1940 συγχωρήσουσιν
1016 1872 1275 1940 ὲκφοιτᾷν
1302 1869 1395 1922 τοῦ
1431 1869 1796 1938 μοναστηρίου
1830 1865 1870 1918 Β
1902 1887 1926 1938 q

1830 1865 1870 1918 Β
1902 1887 2005 1938 que
2049 1868 2288 1936 priefecti
2337 1869 2615 1922 voluntate
2676 1862 2859 1934 egredi
2909 1864 3256 1932 permittant,
3309 1875 3490 1927 neque

242 1965 393 2033 χωρὶς
440 1963 669 2031 γνώμης
723 1961 815 2014 τοῦ
870 1963 1199 2030 ἡγουμένου,
1262 1961 1384 2014 οὔτε
1441 1965 1554 2023 τοῖς
1603 1961 1800 2025 ἔξωθεν

243 2058 397 2117 ἀδεῶς
425 2055 676 2121 γίνεσθαι
705 2055 849 2108 κατὰ
876 2057 938 2108 τὸ
963 2057 1327 2127 μοναστήριον
1364 2055 1579 2123 νύκτωρ
1616 2071 1673 2106 τε
1705 2055 1801 2108 καὶ

247 2150 358 2220 μεθ’
388 2152 638 2218 ἡμέραν.

317 2243 370 2292 ’0
411 2245 486 2304 εἰς
526 2243 615 2294 τὸν
651 2241 943 2310 μοναχικὶν
975 2241 1270 2309 ἐρχόμενος
1304 2239 1436 2307 βίον,
1465 2241 1510 2292 εἰ
1547 2239 1643 2310 μὲν
1664 2237 1803 2306 γνὼ-

244 2352 388 2405 ριμος
445 2335 556 2400 εἴη,
619 2336 699 2387 ὅτι
757 2335 984 2403 οὐδεμιᾷ
1043 2335 1327 2386 ὑπόκειται
1372 2333 1533 2403 τύχῃ,
1591 2332 1800 2394 τοῦτον,

243 2427 427 2479 ὁπόταν
454 2425 730 2495 δοκιμάσῃ
758 2426 786 2477 ὁ
821 2424 1142 2494 ἡγούμενος,
1185 2425 1244 2477 τὸ
1288 2425 1580 2494 μοναχικὸν
1617 2424 1804 2494 σχῆμα

244 2518 639 2588 περισαλλὲτω·
671 2518 719 2570 εί
766 2518 820 2570 δὲ
852 2519 1150 2583 ἄγνωστος,
1183 2521 1263 2580 είς
1293 2518 1536 2586 τριετίαν
1580 2517 1803 2587 δοκιμα-

243 2611 391 2674 ζέτω,
416 2615 512 2666 καὶ
539 2613 588 2664 εἰ
615 2611 761 2677 ἄξιος
791 2611 1027 2681 κριθείη,
1061 2611 1458 2677 ἀποκειρέσθω,
1495 2610 1662 2678 μηδὲν
1695 2611 1804 2663 δει⁴

242 2707 321 2757 νὺν
348 2707 540 2759 παθεῖν
571 2705 943 2774 ὑφορώμενος,
976 2708 1022 2758 εἰ
1048 2706 1268 2775 ὄχλησις
1301 2705 1438 2773 μετὰ
1466 2703 1640 2757 ταῦτα
1675 2722 1806 2773 συμ-

241 2796 358 2866 ϐαίη
417 2799 582 2868 Ζὴτει
637 2800 801 2866 νόμον
849 2797 945 2850 καὶ
985 2799 1042 2850 ἑν
1079 2797 1157 2866 τῷ
1202 2795 1268 2866 ιβ’
1307 2813 1428 2865 κεφ.
1473 2796 1566 2849 τοῦ
1595 2798 1632 2847 Δ
1665 2812 1806 2848 στοι-

242 2889 400 2959 χείου.

304 2983 534 3055 Προνοίᾳ
568 2981 664 3036 τοῦ
724 2983 1025 3037 ἐπισκόπου
1068 2983 1204 3051 μήτε
1253 2983 1479 3053 μοναχοὶ
1531 2982 1667 3053 μήτε
1714 2999 1808 3052 μο-

243 3079 485 3145 νάστριαι
516 3077 661 3129 κατὰ
691 3078 789 3138 τὰς
819 3077 1005 3139 πόλεις
1025 3077 1521 3146 περιερχέσθωσαν,
1554 3074 1690 3128 ἀλλὰ
1721 3075 1808 3128 διὰ

1911 1963 2166 2032 impunes
2217 1973 2373 2016 extra
2436 1958 2830 2015 monasterium
2902 1965 3230 2026 pernoctare
3278 1963 3332 2008 et
3365 1969 3493 2022 per-

1906 2066 2148 2105 manere.

1975 2254 2078 2320 Qui
2105 2253 2405 2308 monachus
2427 2267 2549 2308 esse
2577 2251 2724 2314 velit,
2753 2249 2798 2304 si
2819 2249 3037 2322 quidem
3064 2248 3128 2301 de
3158 2261 3222 2300 eo
3251 2251 3488 2310 constet,

1905 2349 2054 2417 quod
2085 2347 2215 2401 nulli
2266 2346 2498 2400 fortuna:
2529 2343 2828 2400 conditioni
2872 2340 3151 2410 subjectus
3185 2338 3277 2400 sit,
3313 2336 3494 2398 illum,

1906 2442 2124 2512 quando
2169 2438 2566 2494 examinaverit
2617 2434 2931 2506 praefecms,
2986 2431 3354 2486 monasticum
3393 2430 3491 2480 ha-

1908 2537 2082 2591 bitum
2121 2532 2347 2594 induat;
2420 2530 2502 2583 sin
2541 2538 2721 2581 autem
2770 2542 2876 2579 non
2911 2532 3146 2587 constet,
3193 2537 3288 2591 per
3323 2521 3496 2574 trien-

1908 2631 2059 2683 nium
2115 2625 2401 2696 probetur,
2453 2631 2506 2675 et
2551 2622 2595 2675 si
2650 2621 2851 2688 dignus
2900 2625 3208 2676 censeatur,
3270 2615 3499 2667 tondea-

1905 2732 2013 2786 tur,
2044 2719 2179 2775 nihil
2214 2733 2378 2788 grave
2409 2715 2519 2786 pati
2549 2721 2872 2784 suspectus,
2909 2711 2954 2765 si
2982 2719 3107 2781 post
3162 2709 3277 2762 hac
3327 2719 3498 2774 nego-

1910 2816 2044 2869 tium
2112 2807 2331 2880 aliquod
2365 2805 2649 2863 acciderit.
2691 2805 2890 2870 Quaere
2919 2802 3092 2873 legem
3129 2800 3183 2854 in
3225 2798 3292 2853 η
3319 2796 3500 2867 capite

1908 2910 2100 2965 litterae
2130 2909 2187 2964 Δ.

2015 3003 2266 3075 EpiscOpi
2297 3001 2667 3071 przecautione
2706 3014 2882 3069 neque
2902 2995 3157 3051 monachi
3181 3007 3360 3063 neque
3381 3005 3502 3046 mo-

1911 3098 2101 3151 nachae
2131 3113 2226 3165 per
2258 3095 2509 3150 civitates
2544 3095 2825 3157 oberrent,
2858 3088 2952 3144 scd
2989 3104 3083 3152 per
3113 3084 3500 3155 apocrisiarios

242 3171 343 3221 τῶν
386 3170 826 3238 ἀποκρισιαρίων
859 3169 955 3230 τὰς
983 3171 1305 3234 ἀποκρίσεις
1342 3169 1522 3221 αὐτῶν
1567 3167 1811 3220 ποιείτω·
1839 3208 1882 3269 C
1917 3207 1921 3242 τ

1839 3208 1882 3269 ρ
1917 3188 2307 3258 responsiones
2335 3203 2463 3242 suas
2493 3187 2645 3260 dent,
2680 3185 2733 3237 in
2763 3182 3112 3236 monasteriis
3145 3179 3261 3232 suis
3290 3192 3499 3247 perma-

246 3278 356 3325 σαν,
394 3264 450 3313 ἐν
485 3263 600 3322 τοῖς
633 3261 1016 3330 μοναστηρίοις
1044 3260 1320 3329 μένοντες.
1349 3261 1510 3328 Ζήτει
1542 3261 1636 3311 καὶ
1660 3260 1717 3310 ἐν
1738 3260 1814 3327 τῷ

246 3350 286 3414 ζ’
318 3369 438 3414 xw.
468 3351 565 3404 τοῦ
593 3353 640 3404 Κ
670 3352 961 3421 στοιχείου.

315 3445 378 3496 Εἴ
407 3463 492 3507 τις
530 3444 643 3496 τῶν
685 3443 936 3511 μοναχῶν
991 3442 1051 3496 τὸ
1091 3443 1456 3513 μοναστήριον
1502 3441 1818 3496 καταλιπὼν

245 3541 314 3593 εἰς
346 3537 620 3605 κοσμικὸν
662 3535 907 3603 μετέλθοι
931 3535 1066 3605 βίον,
1092 3530 1247 3598 οὗτος
1281 3536 1379 3604 τῆς
1412 3536 1700 3605 στρατείας
1725 3537 1820 3588 καὶ

242 3631 337 3697 τῆς
381 3632 576 3698 τιμῆς,
632 3631 684 3680 εῐ
731 3645 854 3681 τινα
911 3629 1202 3696 ἐκτήσατο,
1240 3628 1548 3696 γυμνωθεὶς
1599 3627 1818 3696 πρῶτον

244 3727 370 3792 πρΒς
397 3724 492 3775 τοῦ
527 3723 798 3790 ἐγχωρίου
826 3721 1128 3775 ἐπισκόπου
1160 3723 1255 3774 καὶ
1289 3718 1383 3772 τοῦ
1409 3721 1688 3788 ἄρχοντος,
1721 3715 1821 3770 αὗ-

245 3817 319 3874 θις
356 3814 475 3881 μεθ’
506 3807 584 3865 ὧν
617 3813 956 3881 ἐπεκτήσατο
983 3811 1324 3881 πραγμάτων
1355 3813 1415 3864 ἐν
1444 3810 1519 3879 τῷ
1548 3827 1821 3879 μοναστη-

247 3908 338 3977 ρίῳ
367 3913 463 3961 καὶ
495 3907 653 3959 ἄκων
679 3904 1054 3974 ὲμδαλλέσθω.

307 4003 370 4053 Οἱ
400 4003 492 4052 τὸν
534 3999 750 4070 μονήρη
784 3997 896 4066 βίον
929 3999 1339 4067 ἐπανῃρημένοι
1379 3995 1504 4050 οὔτε
1557 4015 1823 4066 κουρατο-

247 4093 513 4160 ρούουσιν,
545 4089 678 4142 οὔτε
731 4088 1208 4159 ἐπιτροπεύουσιν,
1242 4088 1367 4141 οὗτε
1409 4090 1565 4152 δίκας
1619 4091 1824 4155 ἐτέρων

243 4187 508 4253 λέγουσιν,
556 4185 670 4237 οὐδ’
700 4185 766 4238 ἂν
802 4185 1085 4252 συγγενεῖς
1119 4178 1254 4237 ὦσιν
1281 4185 1329 4236 οι
1364 4184 1462 4246 τὰς
1492 4185 1644 4248 δίκας
1671 4186 1822 4254 ἔχον-

243 4294 346 4342 τες,
379 4278 523 4347 πλὴν
550 4276 698 4344 ὑπὲρ
728 4276 825 4344 τῆς
861 4275 995 4338 ἰδίας
1020 4278 1114 4327 καὶ
1143 4275 1312 4347 μόνης
1341 4274 1536 4346 μονῆς,
1576 4280 1671 4331 καὶ
1703 4278 1822 4330 τότε

245 4371 552 4423 συναινέσει
578 4367 682 4420 τοῦ
715 4367 1048 4436 ἡγουμένου.

321 4465 444 4516 Ἐὰν
483 4461 730 4531 μοναχὸς
757 4459 1034 4531 καταλίπῃ
1062 4459 1124 4512 τὸ
1156 4459 1285 4513 ίδιον
1312 4461 1696 4530 μοναστήριον,
1730 4461 1823 4512 καὶ

1920 3289 2136 3336 nentes.
2172 3279 2365 3346 Quaere
2410 3278 2573 3332 etiam
2612 3277 2665 3330 in
2697 3275 2728 3328 Ἰ
2761 3273 2940 3343 capite
2973 3274 3167 3326 littera:
3196 3272 3267 3324 K.

2029 3462 2086 3517 Si
2122 3461 2246 3531 quis
2283 3459 2587 3514 monachus
2619 3454 3012 3511 monasterium
3044 3448 3349 3519 reliquerit,
3377 3458 3428 3501 et
3451 3447 3502 3500 in

1923 3557 2241 3614 saacularem
2291 3552 2460 3606 vitam
2498 3547 2800 3610 transierit,
2863 3548 2965 3600 iste
2985 3542 3177 3596 militia
3210 3550 3260 3594 et
3297 3541 3504 3593 honore

1925 3651 2008 3719 (si
2041 3663 2206 3718 quem
2244 3644 2529 3709 habuerit)
2562 3641 2829 3711 spoliatus
2857 3638 3035 3707 primo
3064 3653 3093 3689 a
3120 3635 3223 3688 loci
3247 3633 3506 3702 episcopo

1923 3751 1978 3798 et
2008 3740 2280 3812 praefecto,
2318 3736 2514 3791 deinde
2547 3749 2672 3788 cum
2719 3733 2786 3786 iis
2840 3745 2979 3799 quas
3008 3727 3254 3797 possidet
3319 3726 3507 3786 rebus,

1924 3837 1978 3890 in
2021 3831 2355 3888 monasterio
2387 3828 2470 3885 vel
2504 3827 2713 3881 invitus
2739 3823 3080 3878 detineatur.

1995 4014 2097 4082 Qui
2127 4011 2487 4066 monasticam
2525 4015 2886 4076 susceperunt
2921 4004 3112 4064 vitam,
3149 4014 3326 4070 neque
3354 4011 3510 4052 cura-

1929 4115 2073 4160 tores
2126 4105 2277 4164 tiant,
2335 4114 2510 4171 neque
2543 4109 2774 4159 tutores,
2815 4109 2992 4163 neque
3031 4092 3261 4146 alierum
3316 4104 3511 4143 causas

1927 4206 2112 4264 agant,
2136 4207 2315 4262 neque
2351 4192 2393 4246 si
2423 4189 2638 4259 cognati
2673 4189 2801 4248 sint,
2828 4186 2922 4256 qui
2970 4185 3118 4238 litem
3149 4183 3368 4242 habent,
3406 4182 3509 4232 nisi

1928 4298 2028 4354 pro
2054 4297 2156 4337 suo
2197 4281 2313 4335 solo
2350 4279 2708 4343 monasterio,
2750 4283 2798 4330 et
2862 4284 2991 4329 tunc
3023 4287 3240 4343 quoque
3272 4270 3510 4342 praefecti

1929 4389 2226 4430 ('ODSCIISU.

2040 4468 2098 4522 Si
2141 4466 2446 4520 monachus
2474 4461 2758 4533 praprium
2800 4459 3196 4514 monasterium
3232 4454 3514 4524 reliquerit

243 4559 316 4618 εἰς
349 4557 544 4624 ἕτερον
578 4552 738 4625 ἔλθῃ,
789 4553 844 4604 εῐ
888 4569 1010 4606 τινα
1045 4553 1350 4621 πράγματα
1404 4555 1461 4606 ἐν
1505 4554 1582 4622 τῷ
1621 4555 1820 4623 καιρῷ,
1857 4572 1900 4626 ι)

1857 4572 1900 4626 ι)
1930 4570 1985 4616 et
2015 4562 2067 4615 in
2099 4560 2243 4615 aliud
2275 4557 2575 4621 transierit,
2634 4567 2994 4624 quascunque
3042 4567 3132 4605 res
3172 4565 3267 4619 per
3295 4549 3352 4601 id
3380 4557 3513 4601 tem-

244 4647 357 4701 καθ’
385 4648 443 4699 ὃν
476 4649 538 4699 τὸ
576 4644 945 4712 μοναστήριον
978 4643 1396 4708 καταλέλοιπεν,
1431 4645 1574 4714 ἔχειν
1610 4647 1826 4714 φανείη,

244 4741 314 4809 τῷ
347 4737 556 4808 πρώτῳ
598 4736 977 4807 μοναστηρίῳ,
1005 4737 1084 4799 εἰς
1114 4735 1142 4788 ὃ
1169 4736 1411 4807 εἰσῆλθε,
1438 4736 1608 4790 ταῦτα
1641 4737 1829 4807 διαφέ-

250 4849 353 4899 ρειν
380 4830 714 4896 κελεύομεν.

319 4919 777 4988 Ἀπαγορεύομεν
808 4921 922 4981 τοῖς
946 4917 1162 4986 γονεῦσι
1225 4921 1351 4983 τοὺς
1379 4922 1576 4983 παῖδας
1612 4939 1831 4992 μοναχι-

248 5014 335 5068 κὺν
383 5013 819 5082 ἐπιλεγομένους
868 5011 981 5080 βίον
1047 5013 1109 5064 ἐκ
1152 5013 1259 5065 τῶν
1300 5013 1512 5082 εύαγῶν
1571 5015 1833 5084 ἀφέλκειν

252 5107 658 5178 μοναστηρίων,
691 5105 723 5174 ἢ
766 5105 866 5172 τῆς
895 5105 1031 5168 ἰδίας
1061 5106 1605 5168 αύτοὺςοάποκλείειν
1633 5108 1832 5178 κληρο-

252 5201 455 5270 νομίας,
488 5202 538 5252 εί
575 5200 680 5252 καὶ
698 5195 850 5249 αίτία
882 5215 965 5259 τις
995 5199 1101 5269 πρὸ
1119 5216 1215 5251 του
1249 5198 1544 5268 μοναχικοῦ
1585 5218 1833 5270 παρηκο-

253 5291 476 5361 λούθησε
507 5292 658 5360 βίου.

326 5384 386 5440 '0
425 5385 648 5454 μέλλων
672 5383 900 5437 είσιίναι
928 5385 1008 5447 είς
1035 5384 1396 5456 μοναστήριον
1419 5385 1741 5440 διατιθέσθω
1767 5386 1834 5439 τὰ

255 5477 368 5530 κατ’
393 5479 562 5532 αὐτὸν
593 5477 708 5545 πρὸ
738 5476 838 5544 τῆς
865 5476 1071 5529 εἰσόδου
1102 5476 1266 5528 αὑτοῦ
1294 5491 1307 5507 ·
1345 5479 1473 5532 ἐπεὶ
1495 5477 1837 5548 προσκυροῦ-

257 5586 338 5622 ται
368 5571 445 5641 τῷ
478 5568 842 5641 μοναστηρίῳ
874 5568 942 5620 τὰ
967 5567 1131 5621 αὑτοῦ
1163 5567 1363 5631 πάντα,
1406 5571 1454 5621 εἰ
1499 5572 1590 5621 καὶ
1624 5571 1698 5639 μὴ
1734 5573 1832 5639 ρη-

256 5664 355 5726 τῶς
384 5665 614 5733 φήσειεν
639 5662 960 5728 εἰσαγαγεῖν
987 5659 1147 5723 αὐτὰ,
1181 5659 1276 5712 καὶ
1303 5660 1490 5714 οὐκέτι
1529 5661 1682 5715 ἔσται
1712 5663 1834 5716 κατ’

263 5753 440 5809 οὐδένα
466 5756 681 5826 τρόπον
711 5753 902 5824 κύριος
932 5753 1131 5807 αὐτῶν.

333 5848 395 5900 ’0
427 5849 519 5902 ἐπὶ
549 5847 716 5902 παισὶ
757 5846 995 5916 μονάσας
1033 5846 1256 5902 δύναται
1292 5852 1384 5902 καὶ
1415 5849 1550 5917 μετὰ
1579 5848 1637 5901 τὶι
1673 5849 1832 5917 μονα-

1935 4671 2056 4725 pus,
2081 4667 2191 4723 quo
2217 4651 2610 4705 monasterium
2641 4648 2946 4716 reliquerit,
2985 4645 3188 4700 habere
3220 4643 3511 4704 videbitur,

1934 4749 2002 4803 ad
2034 4747 2448 4808 monasterium,
2491 4746 2545 4797 in
2579 4741 2723 4813 quod
2763 4741 2832 4795 ab
2865 4739 3026 4794 initio
3061 4739 3355 4808 ingressus
3401 4743 3508 4797 est,

1934 4855 2027 4895 cas
2059 4839 2334 4907 pertinere
2366 4837 2648 4905 jubemus.

2008 4931 2166 5002 195
2193 4930 2572 4983 lnterdicimus
2595 4927 2935 4994 parentibus,
2952 4940 3018 4978 ne
3040 4924 3179 4978 ﬁlios
3197 4938 3326 4976 suos
3347 4921 3511 4973 vitant

1936 5023 2300 5078 monasticam
2329 5020 2594 5090 eligentes
2626 5032 2653 5069 a
2684 5017 2890 5070 sanctis
2921 5013 3273 5067 monasteriis
3299 5013 3512 5064 abstra-

1938 5117 2090 5178 bant,
2122 5114 2208 5167 vel
2283 5113 2605 5168 haereditate
2645 5124 2744 5165 sua
2784 5109 2910 5161 illos
2940 5107 3328 5170 submoveant,
3385 5105 3513 5158 licet

1936 5217 2064 5263 ante
2097 5207 2261 5261 vitam
2299 5203 2658 5260 monasticam
2693 5215 2858 5255 causa
2881 5200 3060 5267 aliqua
3093 5196 3422 5251 accesserit.

2008 5389 2110 5456 Qui
2142 5387 2542 5442 monasterium
2577 5382 2932 5450 ingressurus
2957 5384 3058 5439 est,
3087 5389 3208 5441 quae
3251 5391 3349 5429 sua
3384 5384 3514 5430 sunt

1937 5491 2062 5536 ante
2099 5484 2407 5550 ingressum
2433 5479 2550 5547 ejus
2582 5481 2836 5532 testetur,
2872 5468 3135 5538 quoniam
3162 5483 3356 5520 omnes
3388 5469 3510 5537 ejus

1939 5574 2228 5629 facultates
2253 5572 2318 5626 ad
2349 5567 2741 5624 monasterium
2777 5563 2901 5630 adju
2924 5563 3188 5624 licantur,
3222 5561 3324 5613 etsi
3397 5578 3506 5615 non

1939 5681 2198 5735 expresse
2231 5662 2468 5717 afﬁrmet
2498 5675 2554 5714 se
2582 5661 2699 5712 illas
2729 5654 3122 5714 introduxisse,
3151 5669 3251 5708 nec
3276 5657 3519 5723 amplius

1942 5759 2052 5812 ullo
2077 5755 2239 5809 modo
2271 5756 2375 5807 erit
2411 5753 2626 5806 illarum
2662 5749 2944 5802 dominus.

2012 5848 2134 5914 Qui,
2186 5863 2307 5903 cum
2351 5845 2550 5900 habeat
2591 5841 3119 5905 liheros,monachus
3155 5840 3232 5903 lit,
3284 5838 3333 5892 ei
3362 5836 3506 5906 licet,
