4252 6424
233 399 305 461 73
1192 396 1605 460 SYNTAGMA
1678 390 2299 455 ALPIIABETICUM.
2343 414 2413 429 -
2453 385 2521 439 Π·
3403 376 3475 442 ’14

231 510 771 582 άπηλλοτριωμένοις
820 510 915 565 τοῦ
969 510 1070 579 τῆς
1120 510 1405 572 εὐσεϐείας
1454 509 1655 578 φωτὸς,
1686 508 1802 576 φῶς
1835 515 1875 568 Α

1798 515 1875 568 ςΑ
1910 506 2023 575 (qui
2082 521 2208 558 mox
2255 502 2451 574 subjici
2492 500 2729 566 debuit),
2781 499 2897 571 jam
2943 497 3185 567 primum,
3223 495 3477 566 stipantia

229 610 375 659 κατᾶ
392 605 549 672 λόγον
577 604 959 675 προσείρηται,
985 604 1017 674 ἢ
1048 604 1173 665 τοὺς
1196 606 1490 672 φωστῆρας
1516 601 1610 654 τοῦ
1639 617 1804 667 προσ-

227 697 461 763 ήκοντος
487 694 811 761 καθυφεῖναι
830 694 1060 761 κόσμου,
1085 692 1181 745 νῦν
1204 691 1419 760 πρῶτον
1446 688 1807 761 δορυφοροῦν-

225 804 329 849 τας
363 786 443 854 τῷ
468 784 772 855 βασιλεύειν
802 786 901 853 τῆς
934 782 1167 846 κτίσεως
1208 782 1484 851 μέλλοντν
1531 782 1707 843 άλλως
1743 793 1805 833 τε

228 879 325 929 καὶ
365 875 458 928 τοῦ
494 876 688 945 χρόνου
722 874 1011 942 μέλλοντος
1055 872 1535 943 δημιουργεῑσθαι,
1571 872 1677 925 ἔδει
1705 872 1806 941 τὴν

225 969 448 1036 ἡμέραν
475 968 647 1036 δήπου
699 967 794 1019 καὶ
828 966 926 1035 τὴν
959 964 1132 1018 νύκτα
1162 966 1287 1033 ἄρτι
1330 964 1805 1032 παραγενομένας,

227 1061 291 1110 ἐκ
328 1058 431 1124 τῆς
465 1058 709 1125 ἰσότητος
739 1055 1041 1126 ἄρξασθαιο
1106 1056 1228 1107 ἐπεὶ
1259 1056 1349 1107 καὶ
1389 1054 1630 1124 προτέρα
1664 1052 1804 1104 κατα

227 1150 398 1218 φύσιν
426 1148 564 1215 αῦτη
588 1150 685 1217 τῆς
717 1148 1050 1213 ἀνισότητος,
1088 1145 1163 1207 ὡς
1204 1146 1261 1198 αι
1295 1145 1438 1210 ἔξεις
1470 1143 1580 1195 τῶν
1612 1144 1804 1213 στερή-

228 1258 395 1301 σεων,
432 1240 525 1291 τοῦ
574 1238 707 1291 Θεοῦ
742 1240 886 1307 ημᾶς
917 1237 1167 1289 ἐντεῦθεν
1204 1237 1546 1297 διδάσκοντος
1576 1236 1669 1289 τὸν
1708 1236 1807 1303 τῆς

227 1334 485 1398 ἰσότητος
518 1330 700 1397 νόμον,
730 1332 786 1381 ἐν
814 1322 858 1396 ᾧ
884 1330 944 1381 τὸ
975 1328 1082 1381 τῶν
1128 1328 1340 1392 ἀρετῶν
1373 1327 1627 1394 ἕστηκεν.
1680 1328 1807 1381 ἐπί-

228 1425 473 1487 προσθεν
499 1422 705 1473 τιθέναι
740 1422 920 1489 πάσης
955 1419 1268 1483 πλεονεξίας
1300 1419 1402 1471 καὶ
1445 1419 1764 1486 ἀνισότητος
1786 1434 1801 1448 ·

226 1513 329 1568 εἶθ’
366 1514 511 1566 οὕτω
540 1514 646 1564 τῶν
674 1513 975 1581 φωστήρων
1006 1511 1143 1579 μετὰ
1174 1510 1269 1580 τὴν
1299 1510 1538 1580 ἑϐδόμην
1564 1508 1803 1578 ἡμέραν,

225 1609 300 1669 ὡς
336 1609 396 1671 ἐξ
420 1605 722 1674 ἀφετηρίας
752 1602 1411 1672 τρέχειν-ὑπαρξαμένων,
1459 1601 1553 1653 καὶ
1588 1601 1663 1670 μὴ
1691 1601 1803 1653 leo-

226 1703 369 1769 τηατ
386 1718 413 1763 ς
437 1698 760 1764 πεφυκότων
780 1697 1073 1759 κινεῖσθαι,
1093 1696 1187 1764 τὴν
1216 1694 1533 1764 ἀνωμαλίαν
1553 1695 1806 1747 ἐπεισελ-

227 1793 366 1844 θεῖν.
440 1790 598 1842 Ἐπεὶ
656 1787 787 1855 γοῦν
826 1787 925 1853 τὴν
959 1786 1016 1849 ἐξ
1062 1786 1337 1854 ἁμαρτίας
1390 1783 1483 1837 τοῦ
1516 1784 1804 1853 ἀνθρώπου

1910 598 2085 651 instar
2117 596 2409 651 satellitum
2469 594 2617 648 hunc
2663 592 2757 663 qni
2821 592 3007 647 statim
3047 590 3341 644 creationis
3381 590 3482 641 im‘

1910 691 2118 758 perium
2185 700 2542 759 suscepturus
2600 690 2704 743 fuit
2748 686 3217 758 (quandoquidem
3271 695 3324 737 et
3353 699 3482 739 mox

1910 791 2125 847 tempus
2153 779 2310 832 aliter
2355 777 2597 831 ordinari
2628 778 2916 846 oportuit).
2967 778 3106 829 diem
3140 789 3203 828 ac
3245 786 3482 835 noctem,

1912 885 2031 935 quae
2065 880 2174 922 tum
2207 870 2549 932 acciderunt,
2574 884 2639 922 ex
2684 868 2916 937 paritate
2958 868 3222 921 inchoare
3259 880 3484 919 necesse

1908 963 2011 1017 fuit
2049 966 2353 1030 :quoniam
2404 963 2521 1015 haec
2564 971 2758 1014 natura
2794 961 2944 1030 prior
2974 969 3057 1015 est
3097 961 3483 1027 iurequalitate.

1908 1054 2073 1108 sicuti
2130 1055 2352 1107 habitus
2402 1054 2824 1123 privationilsus,
2878 1054 2949 1105 ita
2994 1053 3138 1105 enim
3188 1052 3327 1104 Deus
3355 1066 3486 1102 nos—

1912 1157 2020 1199 met
2060 1146 2245 1199 docuit
2278 1145 2609 1215 aequalitatis
2652 1146 2845 1215 legem,
2876 1145 2928 1197 in
2958 1158 3066 1211 qua
3115 1144 3229 1212 ipsa
3272 1144 3487 1196 virtutis

1911 1240 2051 1291 ratio
2074 1240 2348 1303 consistit,
2375 1240 2526 1293 omni
2560 1238 2842 1291 nimietate
2876 1246 2929 1290 et
2948 1236 3319 1305 inaequalitate
3341 1234 3487 1287 anti-

1909 1328 2159 1397 quiorem
2182 1344 2323 1383 esse.
2374 1329 2508 1382 Dein
2562 1343 2691 1382 vero
2741 1337 2865 1395 post
2908 1327 3196 1394 septimum
3232 1320 3490 1379 diem'lu-

1913 1421 2213 1475 minaribus
2244 1424 2404 1491 quasi
2465 1436 2493 1474 a
2528 1421 2845 1474 carceribus
2879 1434 3174 1472 excurrere
3216 1417 3486 1485 incipien-

1910 1512 2083 1574 tibus,
2154 1529 2253 1566 nec
2313 1522 2493 1566 tamen
2549 1513 2620 1566 ita
2682 1528 2711 1565 a
2770 1524 2962 1565 natura
3011 1508 3376 1578 comparatis,
3430 1515 3488 1560 ut

1910 1603 2105 1670 aequali
2157 1604 2432 1657 celeritate
2488 1612 2861 1663 moverentur,
2928 1601 3199 1655 anomalia
3240 1600 3484 1665 quaedam

1911 1692 2157 1761 irrepsit.
2185 1694 2323 1758 Quia
2361 1704 2543 1747 tamen
2579 1694 2815 1747 hominis
2842 1693 3052 1761 lapsum
3077 1707 3174 1760 per
3206 1698 3486 1759 peccatum

1914 1784 2056 1837 Deus
2081 1800 2147 1838 ex
2187 1785 2360 1854 gratia
2405 1799 2501 1837 sua
2542 1792 2852 1853 reparatum
2898 1798 2964 1837 ac
3008 1783 3352 1835 emendatum
3390 1794 3487 1833 ro-

228 1884 447 1935 πτῶσιν
486 1881 779 1947 εὐδόκησεν
810 1882 834 1930 ό
865 1878 1067 1948 Κύριος
1094 1875 1598 1946 ἐπανορθώσασθαι,
1639 1892 1807 1941 προσ.-
1836 1864 1881 1921 Β

1802 1864 1881 1921 ιΒ
1912 1876 2033 1941 luit,
2074 1878 2307 1946 aequum
2364 1886 2482 1930 erat
2525 1878 2577 1929 in
2624 1874 2993 1942 aequinoctiali
3034 1874 3160 1926 anni
3196 1872 3481 1941 principio,

228 1974 365 2042 ἦχον
392 1969 459 2041 ἦν
492 1976 549 2024 ὲν
580 1975 646 2042 τῇ
683 1970 777 2024 τοῦ
832 1969 1029 2039 χρόνου
1067 1970 1359 2037 ἰσημερινῇ
1393 1968 1556 2037 ἀρχῇ,
1584 1966 1706 2019 καθ’
1738 1967 1807 2035 ἢν

228 2068 254 2117 ό
276 2064 570 2132 ἄνθρωπος
600 2062 697 2132 τὴν
726 2060 951 2129 πρώτην
982 2059 1108 2129 ἔσχε
1142 2059 1365 2124 πλάσιν,
1398 2059 1493 2111 καὶ
1515 2059 1615 2128 τὴν
1641 2058 1806 2111 αὑτοῦ

227 2156 659 2224 οἱκοηιομηθῆναι
712 2155 1035 2213 ἀνάπλασιν,
1096 2152 1189 2204 καὶ
1230 2151 1335 2211 ὅτι,
1386 2144 1572 2219 ἐπειδὴ
1599 2149 1662 2202 τὸ
1693 2150 1809 2217 φῶς

228 2248 465 2317 ἔμελλεν
522 2246 706 2308 αὔξειν
750 2244 849 2306 τῆς
881 2240 1189 2304 εὐσεϐείας,
1236 2243 1331 2293 καὶ
1382 2241 1442 2292 τὸ
1491 2241 1681 2303 σκότος
1708 2240 1809 2306 τῆς

230 2338 495 2398 ἀσεϐείας
552 2333 854 2403 μειοῦσθαι,
908 2331 1029 2401 μετ’
1083 2330 1378 2398 ἰσημερίαν
1429 2330 1490 2381 τὸ
1536 2330 1810 2398 σωτήριον

230 2431 431 2496 Πάσχα
473 2428 573 2480 οὐκ
618 2426 723 2488 ἔξω
770 2424 931 2489 λόγου
982 2423 1237 2484 τελεῖται,
1288 2421 1453 2488 ἡνίκα
1479 2421 1541 2472 τὸ
1576 2420 1677 2489 μὶν
1711 2421 1809 2489 τῆς

228 2521 450 2588 ἡμέρας
509 2516 623 2585 φῶς
682 2513 983 2578 ἐπιδίδωσι,
1033 2511 1134 2581 τῆς
1178 2512 1374 2574 νυκτὸς
1429 2510 1488 2564 δὶ
1515 2512 1575 2566 τὸ
1619 2512 1811 2574 σκότος

228 2609 577 2664 ἐλαττοῦται.

301 2705 423 2756 Οὐκ
448 2700 609 2754 ἀεὶδὲ
631 2692 822 2767 κύριον
847 2697 1054 2764 γίνεται
1081 2696 1295 2765 Πάσχα,
1325 2695 1461 2748 διότι
1496 2697 1588 2747 ἐπὶ
1618 2694 1809 2747 τούτου

227 2800 337 2865 χρὴ
368 2793 545 2844 πολλὰ
581 2790 932 2860 συνδραμεῖν.
971 2787 1050 2842 Οὐ
1092 2788 1252 2856 μόνον
1283 2790 1393 2856 γὰρ
1444 2786 1504 2838 τὸ
1539 2784 1661 2839 κατ’
1694 2784 1813 2847 ἔτος

230 2884 669 2954 ἐπιζητούμενον
724 2882 823 2950 τῆς
879 2882 1114 2948 σελήνης
1169 2878 1397 2947 πλῆρες,
1453 2878 1591 2946 ὅπερ
1622 2877 1656 2945 η
1702 2875 1813 2927 τῶν

230 2978 467 3047 ἡμερῶν
522 2972 1094 3042 τεσσαρεσκαιδεκάτη
1147 2972 1318 3041 ταύτῃ
1379 2968 1685 3038 χαρίζεται,
1742 2966 1811 3035 τῇ

234 3076 324 3143 ἰση
334 3087 402 3139 με
415 3071 506 3138 ρξᾳ
531 3068 612 3119 δεῖ
636 3066 931 3130 συνελθεῖν,
953 3065 1089 3117 ἀλλὰ
1111 3064 1204 3116 καὶ
1223 3063 1322 3125 τὴν
1347 3062 1518 3131 ἕκτην
1542 3061 1648 3114 τῶν
1673 3064 1814 3128 ήμε-

233 3164 370 3235 ρῶν,
394 3166 493 3215 καὶ
514 3162 613 3227 τὴν
643 3160 737 3212 τοῦ
758 3158 1005 3227 Μαρτίου
1032 3158 1224 3227 τρίτην
1252 3158 1346 3209 καὶ
1374 3157 1646 3223 είκοστὴν,
1666 3154 1813 3221 άπερ

231 3220 332 3309 καὶ
358 3220 460 3308 ’ὅτε
486 3255 515 3304 δ
545 3220 767 3323 πρῶτος
784 3220 956 3320 ’Δδάμ
975 3220 1293 3313 ὶπλάττετο,
1320 3250 1415 3302 καὶ
1439 3249 1528 3302 ὅτε
1720 3220 1814 3299 τοῦ
1844 3220 1889 3284 C

230 3348 493 3413 δευτέρου
543 3345 714 3413 Ἀδὰμ
748 3343 912 3406 αὐτὸς
942 3335 1099 3403 οὗτος
1147 3341 1516 3395 ἀνεπλάττετο
1542 3381 1556 3404 ,
1600 3355 1813 3409 συνημ-

236 3438 378 3505 μένα
410 3430 501 3503 ἦν.
540 3435 729 3486 Ταῦτα
753 3431 810 3483 δὲ
838 3431 1081 3490 σπανίως
1111 3429 1295 3481 εἰώθει
1323 3429 1657 3497 συμπίπτειν
1677 3442 1692 3457 ·
1733 3428 1816 3480 διὸ

235 3530 332 3580 καὶ
366 3530 421 3579 οι
454 3527 738 3594 λεγόμενοι
760 3524 1050 3593 ἐμϐόλιμοι
1085 3524 1256 3591 μῆνες
1294 3520 1664 3588 εἰσαγόμενοι,
1716 3519 1816 3587 τὴν

234 3623 368 3687 περὶ
430 3619 522 3671 τὸν
579 3617 767 3685 καιρὸν
794 3617 887 3669 τοῦ
935 3618 1128 3684 Πάσχα
1182 3615 1431 3668 ποιοῦσιν
1476 3612 1812 3681 ἀνωμαλίαν.

249 3706 659 3775 Ἐπιζητοῦμεν
676 3705 781 3772 γὰρ
820 3707 912 3756 ἐπὶ
939 3704 1016 3774 τῷ
1052 3705 1305 3773 σωτηρίῳ
1337 3703 1815 3772 πάθει,προηγου-

238 3800 420 3867 μένως
455 3798 575 3866 μὲν,
602 3797 675 3858 ὼς
702 3796 1019 3866 δεδήλωται,
1062 3798 1162 3863 τήν
1189 3800 1288 3864 τῆς
1323 3795 1554 3862 σελήνης
1599 3794 1660 3845 ιδ’
1695 3792 1814 3861 μετ’

236 3894 541 3960 ἰσημερίαν
564 3885 701 3941 εἶναι
721 3904 735 3917 '
760 3889 807 3940 εί
839 3889 947 3954 γὰρ
973 3889 1165 3957 μικρὸν
1190 3887 1319 3954 γοῦν
1347 3885 1569 3954 φθάσεις
1588 3884 1814 3952 ταύτην,

234 3986 401 4050 νόμος
442 3979 572 4049 παρ’
611 3983 744 4049 ἡμῖν
776 3980 938 4041 θεῖος,
965 3979 1057 4029 τὸν
1110 3979 1212 4046 μὲν
1266 3978 1582 4047 σεληνιακὸν
1610 3978 1816 4027 ἐκεῖνον

240 4080 389 4145 μῆνα
423 4076 776 4127 παντάπασιν
803 4074 1037 4139 ἀθετεῖν,
1079 4073 1215 4141 πρὸς
1239 4072 1296 4124 δὲ
1326 4072 1425 4141 τὴν
1458 4068 1519 4123 ιδ’
1558 4068 1651 4123 τοῦ
1686 4069 1815 4137 ἑξῆς

234 4169 485 4237 άπαντᾷν
504 4182 521 4195 '
550 4166 743 4218 ἔπειτα
770 4167 1023 4234 κυριακῇ
1053 4164 1112 4217 τὸ
1142 4164 1331 4233 Πάσχα
1355 4162 1550 4227 τελεῖν,
1578 4163 1673 4213 καλ⁵
1701 4163 1814 4223 τοῖς

248 4260 533 4321 Ἰουδαίοις
566 4259 640 4327 μὴ
676 4258 1074 4329 συνεορτάζειν.
1106 4248 1182 4309 Οὒ
1212 4257 1392 4326 χάριν,
1421 4258 1516 4309 καὶ
1539 4257 1591 4307 εῖ
1614 4270 1676 4321 γε
1706 4254 1817 4305 Κυ-

236 4355 405 4421 ριακῇ
436 4353 496 4403 τὸ
540 4349 831 4402 Ἰουδαϊκὸν
885 4348 1077 4414 Πάσχα
1116 4345 1382 4409 συνέλθοι,
1441 4348 1521 4407 εις
1559 4345 1659 4411 τὴν
1686 4342 1815 4412 ἑξῆς

232 4447 399 4512 ἡμεῖς
432 4438 844 4509 ύπερτιθὲμεθα
875 4440 935 4489 τὸ
965 4438 1260 4506 ἡμέτερον,
1296 4436 1418 4505 ἥτις
1464 4434 1684 4503 καθαρὰ
1721 4434 1817 4502 δή-

1916 1969 2060 2023 circa
2090 1972 2235 2038 quod
2282 1970 2519 2039 primum
2572 1969 2736 2022 homo
2769 1968 2956 2037 lapsus
2982 1975 3088 2030 est,
3132 1966 3295 2019 etiam
3326 1965 3489 2019 resti-

1918 2066 2179 2115 tutionem
2211 2062 2330 2131 ejus
2358 2060 2537 2130 parari
2570 2077 2584 2113 :
2624 2060 2734 2113 imo
2775 2075 2924 2123 vero,
2967 2058 3224 2127 quoniam
3255 2068 3368 2110 tum
3403 2058 3487 2111 lu-

1916 2170 2035 2209 cem
2071 2154 2292 2223 pietatis
2326 2167 2575 2208 crescere
2617 2152 2925 2222 oportebat,
2956 2150 3321 2219 tenebrasque
3352 2149 3489 2204 adeo

1920 2246 2213 2315 impietatis
2266 2245 2541 2307 imminui,
2578 2244 2819 2297 salutare
2855 2241 3064 2296 Pascha
3108 2256 3217 2295 non
3252 2242 3370 2296 sine
3402 2256 3490 2293 ru.

1920 2340 2065 2393 tione
2100 2349 2221 2392 ante
2267 2338 2653 2407 aequinoctium
2686 2334 3013 2400 celebratur,
3040 2334 3261 2405 quando
3292 2338 3490 2390 crescit

1918 2433 2010 2486 lux
2049 2431 2269 2495 diurna,
2302 2439 2355 2483 et
2385 2430 2568 2483 noctis
2600 2430 2923 2483 decrescunt
2949 2426 3204 2481 tenebra.
3354 2490 3383 2522 1

1990 2700 2107 2754 Non
2172 2700 2370 2755 accidit
2427 2709 2608 2753 autem
2671 2697 2968 2767 quotannis
3031 2697 3248 2767 proprie
3283 2695 3490 2750 dictum

1918 2791 2128 2845 Pascha
2177 2810 2191 2845 :
2227 2808 2349 2845 nam
2389 2800 2449 2845 ut
2490 2792 2593 2843 hoc
2623 2790 2737 2854 ﬁat,
2767 2793 2936 2843 tnttlta
3002 2804 3109 2843 una
3162 2804 3493 2843 concurrere

1921 2887 2139 2938 debent.
2204 2883 2321 2937 Non
2367 2884 2547 2939 solum
2610 2882 2756 2936 enim
2816 2882 3159 2951 requisitum
3197 2882 3493 2951 quotannis

1921 2976 2304 3044 plenilunium,
2339 2977 2486 3043 quod
2520 2975 2640 3028 dies
2685 2974 2933 3028 decimus
2988 2985 3219 3042 quartus
3262 2974 3489 3042 prabet,

1920 3081 2044 3118 cum
2092 3066 2424 3133 :equinocuo
2482 3079 2815 3118 concurrere
2873 3076 3035 3132 Opus,
3080 3064 3172 3119 sed
3201 3060 3257 3119 ἐι
3300 3066 3489 3119 feriam

1922 3168 2129 3211 sextam
2184 3165 2239 3210 et
2289 3158 2430 3210 diem
2482 3154 2660 3210 Martii
2715 3156 2935 3210 tertium
2980 3166 3107 3226 post
3166 3158 3488 3213 vicesimum

1920 3251 2266 3313 coincidere,
2318 3258 2377 3304 ut
2410 3250 2705 3319 conjuncta
2740 3251 2852 3305 sint
2895 3251 3031 3305 adeo
3063 3260 3314 3320 tempora
3366 3267 3490 3306 cum

1919 3344 2130 3414 primus
2177 3343 2346 3397 Adam
2391 3353 2609 3398 creatus
2659 3353 2821 3419 erat,
2859 3353 3022 3412 atque
3062 3344 3204 3397 idem
3260 3344 3351 3399 ille
3395 3362 3492 3415 per

1919 3436 2220 3491 secundum
2262 3437 2533 3489 Adamum
2575 3437 2881 3489 restitutus.
2904 3434 3029 3489 Haec
3051 3446 3233 3489 autem
3267 3451 3491 3503 perraro

1921 3543 2030 3581 uno
2062 3530 2363 3597 eodemque
2391 3540 2637 3597 tempore
2668 3528 2958 3595 obtingere
2987 3528 3191 3583 solent.
3222 3528 3405 3594 Quare
3435 3540 3488 3582 et

1919 3636 2136 3673 menses
2185 3620 2467 3689 adjectitii,
2529 3634 2672 3688 quos
2718 3620 3078 3674 introducunt
3150 3630 3487 3689 vocantquo,

1919 3712 2066 3763 circa
2115 3719 2329 3779 tempus
2386 3709 2674 3766 Paschalis
2724 3711 3056 3764 anomaliam
3110 3712 3350 3781 pariunt.
3403 3712 3493 3764 ln-

1920 3803 2108 3870 primis
2157 3802 2301 3855 enim
2366 3802 2704 3871 requirimus
2754 3805 2821 3856 ad
2856 3803 3097 3857 salutare
3152 3802 3388 3867 Pascha,
3432 3815 3492 3857 ut

1921 3896 2046 3948 luna
2090 3894 2297 3948 decima
2339 3902 2533 3962 quarta
2574 3903 2695 3962 post
2728 3895 3120 3963 aequinoctium
3183 3897 3485 3965 contingat.

1918 3985 2051 4039 Nam
2111 3990 2155 4040 si
2217 3986 2305 4041 vel
2354 3986 2642 4040 minimmn
2692 3988 3054 4056 praecesserit,
3104 3987 3295 4041 volunt
3341 3989 3490 4053 leges

1919 4092 2088 4132 sacrae
2117 4078 2259 4147 apud
2289 4092 2390 4132 nos
2447 4093 2691 4132 mensem
2742 4079 2895 4132 illum
2958 4079 3206 4133 lunarem
3267 4081 3487 4148 penitus

1919 4169 2093 4239 rejici,
2156 4179 2211 4225 et
2280 4171 2348 4223 ad
2425 4170 2569 4224 diem
2637 4168 2913 4223 decimum
2977 4179 3232 4239 quartum
3287 4173 3490 4224 mensis

1918 4264 2196 4330 sequentis
2268 4263 2599 4330 procedere.
2643 4270 2808 4329 atque
2883 4262 3104 4315 demum
3205 4263 3485 4315 Dominica

1919 4353 2163 4419 proxima
2209 4350 2414 4405 Pascha
2460 4351 2759 4417 celebrare,
2788 4360 2844 4405 at
2892 4366 3020 4405 vero
3078 4365 3186 4405 una
3234 4367 3361 4405 cum
3391 4351 3489 4405 Ju-

1916 4442 2047 4495 dais
2078 4441 2226 4493 nullo
2254 4441 2415 4494 modo
2440 4440 2638 4495 festum
2661 4455 2843 4508 agere.
2872 4439 3239 4505 Quamobrem
3264 4441 3487 4494 etiamsi

235 4554 341 4589 που
364 4534 465 4587 καὶ
499 4532 759 4601 ἐλευθέρα
787 4532 886 4598 τῆς
936 4530 1045 4582 τῶν
1084 4527 1355 4581 Ἰουδαίων
1382 4529 1535 4579 ἔσται
1562 4525 1809 4592 τελετῆς.
1844 4554 1886 4608 D

1805 4532 2203 4608 .DJudaicum
2249 4533 2457 4586 Pascha
2516 4534 2570 4585 in
2637 4533 2782 4586 diem
2854 4531 3192 4584 Duminicam
3262 4532 3484 4593 incidat,

246 4626 597 4695 ’Δνωμαλέας
631 4620 725 4676 οὖν
753 4622 842 4675 διὰ
877 4620 1052 4673 ταῦτα
1077 4621 1208 4688 περὶ
1239 4620 1340 4687 τὴν
1370 4618 1567 4686 ἑορτὴν
1594 4616 1814 4683 γινομέ-

236 4733 335 4786 νης
370 4714 469 4767 τοῦ
502 4716 716 4783 Πάσχα,
761 4715 861 4781 τῆς
905 4710 1098 4779 κυρίας
1131 4710 1223 4761 τοῦ
1258 4710 1424 4779 μηνὸς
1458 4710 1666 4777 ἡμέρας
1723 4708 1815 4758 ἐπὶ

234 4812 298 4861 τὸ
330 4810 588 4861 πλεῖστον
634 4805 1097 4874 διαμαρτάνομεν.
1154 4803 1214 4854 'U
1246 4804 1355 4870 γὰρ
1388 4803 1589 4870 Κύριος
1619 4800 1678 4851 τὸ
1705 4816 1812 4850 σω-

234 4904 433 4969 τήριον
458 4896 665 4966 ὑπῆλθε
688 4895 880 4960 πάθος,
913 4893 1076 4967 ,εφλθθ
1112 4892 1269 4957 ἔτους
1302 4892 1680 4961 ἐνισταμένου,
1700 4892 1817 4959 τρί..

234 5009 330 5042 τον
368 4990 471 5058 μὲν
506 4989 600 5040 καὶ
642 4986 887 5038 εἰκοστὸν
939 4985 1033 5037 τοῦ
1064 4984 1216 5054 ἡλίου
1256 4985 1453 5037 κύκλον
1480 4983 1813 5046 διανύοντος,

235 5080 470 5131 δέκατον
495 5077 554 5128 δὲ
582 5077 678 5143 τῆς
708 5075 934 5143 σελήνης
954 5087 968 5101 ⁸
1018 5077 1114 5127 καὶ
1141 5076 1190 5126 οἱ
1253 5076 1351 5141 μὲν
1408 5074 1652 5127 Ἰουδαῖοι
1686 5072 1815 5140 περὶ

236 5180 298 5222 το
341 5168 639 5221 Ἰουδαϊκόν
694 5162 839 5233 εἶχον
893 5165 1087 5234 Πάσχα
1137 5168 1205 5234 τῇ
1262 5165 1548 5234 τελευταίᾳ
1581 5166 1678 5233 μὲν
1715 5164 1816 5232 τῆς

240 5260 542 5330 ἑϐδομάδος
587 5258 795 5327 ἡμέρᾳ,
841 5256 917 5319 ὦς
943 5274 1106 5324 φασιν
1135 5260 1183 5309 οἱ
1205 5258 1616 5325 εύαγγελισταὶ,
1646 5256 1815 5324 μεγά-

238 5356 339 5421 λην
362 5350 770 5409 ἀποκαλοῦντες
791 5349 893 5418 τὴν
916 5348 1127 5417 ἡμέραν
1148 5349 1362 5418 ἐκείνην
1392 5351 1481 5399 τοῦ
1505 5347 1811 5413 Σαϐϐάτου,

240 5446 486 5513 τετάρτῃ
509 5432 575 5494 ’δὲ
603 5440 698 5492 τοῦ
728 5441 973 5509 Μαρτίου
1002 5442 1097 5493 καὶ
1117 5443 1361 5509 εἰκοστῇ.
1404 5441 1515 5507 Τῆς
1545 5439 1601 5491 δὲ
1631 5438 1817 5491 ἐπιού-

241 5553 341 5604 σης
372 5535 685 5601 Κυριακῆς,
721 5535 842 5603 ἧτις
863 5534 939 5599 τῷ
974 5534 1112 5602 ἡλίῳ
1137 5534 1445 5602 ἀφώρισται
1486 5532 1815 5599 κατεξαίρε-

662 5626 759 5693 τὴν
791 5626 1049 5692 πέμπτην
1079 5627 1172 5677 καὶ
1222 5625 1477 5693 εἰκοστὴν
1504 5626 1815 5684 ἀκολούθως

240 5720 335 5771 τοῦ
364 5718 616 5787 Μαρτίου
657 5718 847 5778 ἐτέλει,
889 5720 916 5768 ὁ
949 5717 1133 5785 νοητὸς
1163 5717 1260 5786 τῆς
1290 5715 1638 5786 δικαιοσύνης
1664 5717 1817 5786 ἣλιος

241 5812 483 5880 Χριστος
528 5811 593 5859 ἐκ
644 5809 738 5860 τοῦ
769 5810 941 5875 τάφου
995 5808 1288 5863 ἀνέτειλεν.
1359 5808 1511 5861 Ἐπεὶ
1542 5809 1729 5862 τοίνυν
1755 5810 1815 5861 τὸ

491 5912 753 5968 Parnm.
795 5904 910 5962 Gn.
941 5902 1040 5965 CX
1053 5903 1166 5965 LV.

238 5644 354 5694 τον,
407 5627 500 5677 καὶ
533 5629 611 5686 εἰς

1916 4638 2020 4677 nos
2064 4624 2116 4676 in
2178 4624 2425 4692 proxime
2480 4635 2795 4692 sequentem
2848 4635 3101 4677 nostrum
3158 4623 3485 4684 diﬂ'erimus.

1916 4725 2037 4779 quae
2095 4713 2314 4779 quidem
2368 4728 2501 4781 pura
2558 4716 2632 4768 sit
2682 4728 2747 4766 ac
2786 4711 3032 4767 Iudaicae
3088 4714 3490 4768 observationis

1917 4805 2111 4857 libera.
2146 4803 2311 4873 204
2337 4804 2609 4868 Quoniam
2648 4806 2812 4873 igitur
2845 4806 2929 4858 bis
2963 4806 3029 4858 de
3059 4805 3239 4858 causis
3264 4818 3489 4859 anoma-

1916 4893 1988 4946 lia
2021 4896 2192 4947 oritur
2218 4894 2365 4948 circa
2402 4894 2598 4949 festum
2636 4896 2922 4957 Paschale,
2965 4909 2992 4948 a
3024 4898 3243 4964 proprio
3279 4900 3488 4949 mensis

1917 4986 2005 5038 die
2046 4995 2104 5038 ut
2135 4986 2432 5055 plurimum
2483 4987 2829 5040 aberramus.
2863 4986 3141 5040 Sustinuit
3191 4988 3338 5040 enim
3377 4986 3487 5038 Do-

1918 5078 2100 5129 minus
2134 5077 2445 5145 passionem
2491 5076 2791 5130 salutarem
2838 5091 2985 5129 anno
3032 5077 3173 5131 5539
3204 5087 3486 5142 currente,

1918 5168 2034 5219 sole
2066 5178 2181 5219 tum
2227 5166 2298 5220 23
2350 5168 2564 5237 cyclum
2611 5177 2948 5231 transeunte,
3006 5169 3135 5220 luna
3185 5182 3313 5221 vero
3346 5169 3490 5221 deci-

1919 5274 2105 5324 mum;
2146 5268 2309 5327 atque
2341 5259 2512 5311 Judaei
2547 5260 2766 5328 quidem
2796 5258 3007 5314 Pascha
3046 5258 3332 5313 Judaicnm
3359 5274 3489 5328 age-

1919 5352 2049 5405 bant
2101 5353 2425 5421 septimana:
2470 5353 2557 5406 die
2588 5352 2802 5416 ultima,
2839 5360 2899 5404 ut
2947 5360 3220 5407 testantur
3254 5366 3491 5418 evange-

1919 5442 2079 5507 lista,
2148 5443 2240 5512 qui
2291 5458 2543 5511 magnam
2587 5453 2786 5497 vocant
2820 5443 2964 5496 diem
3029 5444 3177 5496 illam
3225 5441 3486 5503 Sabbati;

1918 5534 2005 5587 die
2040 5549 2166 5587 vero
2218 5534 2392 5588 Martii
2444 5536 2704 5589 vicesima
2758 5546 2976 5605 quarta.
3044 5535 3177 5588 Dein
3226 5535 3491 5604 postridie

1920 5629 2240 5681 succedente
2278 5626 2578 5690 Dominica,
2612 5641 2732 5695 qua:
2754 5627 2854 5681 soli
2887 5626 3084 5680 eximie
3121 5626 3487 5690 tribuebatur,

1919 5728 1971 5771 et
2030 5719 2083 5771 in
2146 5717 2468 5773 vicesimum
2531 5721 2783 5789 quintum
2851 5718 3029 5772 Martii
3090 5729 3491 5787 consequenter

1919 5808 2225 5877 desinebat,
2264 5809 2627 5879 intelligibilis
2659 5811 2749 5867 ille
2772 5810 3001 5882 justitiae
3028 5810 3108 5867 sol
3139 5811 3388 5868 Christus
3419 5808 3487 5863 de
