4252 6424
739 353 816 424 75
1935 368 2301 430 ΜΑΤΤΗᾸΞΙ
2345 373 2418 433 Β]

2295 373 2301 429 ἶ
2345 373 2767 438 BLASTARIS
3904 389 3974 454 76

739 473 992 544 sepulcro
1011 473 1389 533 exoriebatur.
1407 475 1676 542 Quoniam
1699 479 1867 548 igitur
1887 479 2098 537 Pascha
2115 483 2308 553 legale,
2337 489 2385 548 Α
2413 507 2418 523 ε

2337 489 2385 548 Α
2413 491 2656 558 νομικὸν,
2687 493 2766 555 ὡς
2820 494 3061 564 εἴρηται,
3101 497 3290 567 Πάσχα
3334 499 3394 552 ιδ’
3446 501 3542 569 τῆς
3600 502 3834 574 σελήνης
3873 507 3995 578 μετ’

737 563 910 631 quod,
946 572 1005 618 ut
1029 564 1233 619 dictum
1259 575 1364 632 est,
1390 566 1605 621 decima
1632 578 1828 637 quarta
1850 571 1975 625 luna
1996 583 2122 642 post
2141 575 2318 644 aequi-

738 654 980 708 noctium
1043 654 1369 718 celebratur.
1408 673 1435 710 a
1467 658 1556 712 die
1599 658 1663 712 2i
1701 660 1877 715 Martii
1911 679 2086 731 usque
2119 667 2188 718 ad
2252 665 2319 720 18

736 743 940 809 Aprilis
993 742 1234 811 divagari
1288 744 1426 798 solet
1495 765 1508 799 :
1562 759 1811 802 nostrum
1860 766 1990 805 vero
2029 751 2317 807 Dominira

735 836 984 901 proxime
1033 844 1296 904 sequente
1350 837 1583 904 obtinet,
1637 851 1803 906 atque
1851 843 2013 895 etiam
2071 844 2152 898 sol
2188 860 2312 898 cum

735 925 948 980 dierum
1002 937 1113 980 tum
1163 929 1596 996 septimauarum
1657 932 1865 987 arbiter
1894 935 1985 1001 sit,
2026 937 2315 1005 utriusque

735 1020 872 1070 adeo
935 1020 1221 1075 luminaris
1293 1025 1478 1092 cyclos
1539 1035 1904 1094 supputantes
1977 1028 2316 1095 propositum

735 1109 993 1165 facillime
1053 1112 1400 1182 indagamus.
1465 1115 1754 1184 ldpropter
1814 1119 1948 1186 cycli
2010 1120 2315 1172 constitue-

734 1201 933 1254 bantur
966 1203 1106 1255 lunze
1124 1203 1342 1270 quidem
1379 1205 1466 1267 l9,
1499 1206 1630 1259 solis
1662 1220 1790 1259 vero
1824 1207 1917 1260 ‘28.
1944 1205 2094 1278 Cyeli
2133 1217 2313 1262 autem

735 1294 877 1347 lume
904 1309 931 1347 a
967 1294 1249 1358 Januario,
1282 1300 1439 1363 quasi
1464 1297 1621 1365 juxta
1654 1307 1861 1353 natura:
1886 1301 2056 1367 legem
2094 1299 2312 1353 initium

735 1396 977 1451 sumunt.
1017 1387 1089 1439 ita
1119 1397 1172 1440 et
1217 1387 1630 1441 fundamentum
1663 1390 1820 1455 ejus;
1855 1390 1987 1442 solis
2014 1403 2143 1442 vero
2177 1390 2314 1458 cycli

737 1494 766 1529 a
799 1478 1070 1545 principio
1119 1475 1372 1533 Octobris
1431 1479 1727 1548 incipiunt.
1760 1479 1876 1534 Non
1915 1493 2095 1534 autem
2158 1483 2315 1551 inop-

736 1577 1030 1635 portunum
1075 1582 1199 1621 reor
1232 1570 1395 1623 etiam
1435 1569 1664 1624 istarum
1702 1586 1883 1624 rerum
1913 1587 2109 1626 causas
2148 1587 2310 1628 enar-

738 1675 793 1711 ra
802 1677 879 1713 I'C.

964 1797 1142 1859 Quare
1173 1796 1308 1866 rycli
1331 1798 1542 1851 lunares
1583 1812 1684 1853 amt
1729 1816 1947 1854 nunrero
1980 1801 2069 1855 19.

809 1934 891 1986 Ad
928 1934 993 1988 l9
1029 1935 1191 2002 igitur
1223 1936 1357 2005 cycli
1403 1938 1544 1989 lunae
1578 1953 1751 2007 usque
1792 1942 2114 2006 ascendunt,
2144 1953 2307 2012 atque

734 2025 836 2077 hac
868 2027 1083 2079 ratione
1134 2027 1337 2079 mensis
1371 2027 1578 2082 lunaris
1605 2031 1757 2096 juxta
1795 2032 2091 2086 rotundum
2121 2036 2307 2090 calcu-

733 2118 844 2169 lum
891 2126 972 2170 est
1026 2118 1234 2170 dierum
1293 2119 1361 2174 29
1409 2135 1532 2172 cum
1591 2123 1823 2175 semisse
1882 2140 1896 2177 :
1950 2126 2197 2194 adeoque
2250 2128 2303 2182 in

731 2209 910 2277 spatio
942 2225 1126 2262 annuo
1159 2210 1448 2263 duodecim
1489 2227 1704 2267 menses
1755 2216 1974 2270 lunares
2005 2218 2306 2273 conficiunt

731 2305 849 2357 dies
883 2303 1010 2366 551,
1041 2319 1163 2372 qua:
1189 2319 1218 2357 a
1264 2303 1370 2356 “565
1404 2303 1597 2357 diehus
1625 2319 1747 2359 cum
1794 2308 2124 2376 quadrante,
2165 2325 2304 2379 quos

732 2399 813 2454 sol
858 2409 1006 2452 motu
1045 2415 1144 2452 suo
1175 2414 1356 2452 annuo
1403 2401 1631 2469 peragit,
1667 2401 1859 2456 diebus
1895 2405 2144 2458 undecim
2175 2422 2300 2460 cum

730 2475 1032 2557 «tuadi-ante
1063 2490 1339 2544 differunt.
1366 2491 1748 2547 Novemdeciin
1779 2505 1956 2549 autem
2001 2498 2302 2552 revolutio-

732 2601 863 2637 lllllll
899 2585 1158 2640 solarium
1202 2593 1437 2653 tempus.
1478 2587 1622 2654 quod
1688 2586 1804 2641 dies
1852 2590 2078 2657 quidem
2135 2592 2298 2645 elIicit

732 2678 903 2737 6959.
943 2693 1047 2729 una
1107 2692 1229 2728 cum
1281 2678 1515 2731 semisse
1571 2687 1626 2730 et
1698 2681 2035 2747 quadrante,
2080 2699 2301 2738 menses

730 2769 1013 2822 duodecim
1046 2770 1265 2823 lunares
1295 2770 1347 2821 in
1375 2769 1498 2832 528,
1531 2771 1783 2838 explicat,
1822 2774 1937 2825 sive
1979 2774 2097 2826 dies
2133 2775 2298 2841 6726,

730 2868 895 2926 atque
924 2860 1147 2924 insuper
1168 2857 1284 2910 dies
1319 2871 1454 2925 quos
1483 2858 1722 2911 diximus
1745 2859 2053 2927 superﬂuos
2094 2864 2210 2918 sive
2237 2866 2292 2917 Η

727 2965 852 3003 cum
907 2949 1209 3015 quadrante
1253 2946 1308 3000 in
1353 2947 1492 3000 alios
1547 2962 1766 3002 menses
1812 2951 2030 3004 lunares
2068 2962 2296 3019 septem,

728 3040 844 3094 sive
883 3039 997 3093 dies
1035 3037 1177 3101 206,
1228 3053 1351 3092 cum
1415 3039 1664 3093 semisse.
1728 3040 1852 3096 Dies
1903 3057 2036 3096 vero
2091 3055 2297 3112 septem

2428 582 2723 652 ἰσημερίαν
2753 586 3014 645 τελεῖται.
3060 589 3168 641 ἀπὸ
3192 591 3290 658 τῆς
3319 592 3404 644 κα⁰
3436 592 3530 644 τοῦ
3553 593 3802 663 Μαρτίου
3834 601 3999 668 μέχρι

2423 671 2523 738 τῆς
2550 671 2620 742 ιη’
2640 673 2736 727 τοῦ
2782 676 3059 746 Ἀπριλίου
3093 680 3282 742 εἰωθὸς
3328 683 3648 750 ἐμπίπτειν,
3679 686 3740 737 τὸ
3764 687 3820 739 δὲ
3855 690 3998 758 ἡμέ-

2421 781 2580 834 τερον
2619 768 2682 834 τῇ
2721 767 2860 835 μετὰ
2890 767 3049 821 τοῦτο
3091 771 3379 842 κυριακῇ,
3430 774 3763 843 δημιουργὸς
3795 778 3850 831 δὲ
3888 781 3998 832 τῶν

2420 855 2644 923 ἡμερῶν
2675 873 2734 908 τε
2763 858 2856 908 καὶ
2887 858 3198 929 ἑϐδομάδων
3253 864 3282 915 6
3313 864 3483 932 ἥλιος,
3519 867 3849 936 ἀμφοτέρων
3887 869 4000 924 τῶν

2421 945 2615 1012 φώτων
2640 949 2765 1010 τοὺς
2791 948 3026 1013 κύκλους
3042 953 3528 1023 διαμετρούμενος,
3548 957 3607 1008 τὸ
3629 961 3996 1026 προκείμενον

2420 1037 2484 1089 ὲκ
2507 1036 2600 1089 τοῦ
2642 1039 2842 1108 ῥᾴστου
2869 1040 3148 1111 θηρῶμεν.
3191 1045 3396 1098 Κύκλοι
3421 1047 3601 1099 τοίνυν
3637 1051 3903 1116 ἐτέθησαν
3926 1056 3995 1121 τῇ

2421 1127 2520 1195 μὲν
2550 1128 2747 1202 σελήνῃ
2790 1130 2880 1195 ιϐ’,
2906 1135 3050 1186 όκτὼ
3075 1137 3132 1188 δὲ
3152 1142 3248 1190 καὶ
3277 1140 3450 1194 εἴκοσι
3485 1143 3563 1210 τῷ
3592 1145 3760 1216 ήλὶῳο
3803 1151 3999 1209 κακεῖ-

2419 1235 2497 1270 νοι
2524 1222 2625 1290 μὲν
2656 1222 2764 1275 ἀπὸ
2794 1225 2886 1276 τοῦ
2931 1226 3259 1301 Ἰανουαρίου
3285 1233 3436 1303 νόμῳ
3460 1236 3678 1302 φύσεως
3709 1239 3994 1308 ἄρχονται,

2417 1309 2605 1382 ὥσπερ
2625 1314 2688 1383 δὴ
2720 1317 2814 1368 καὶ
2842 1320 2870 1370 ό
2898 1319 3103 1389 ταύτης
3133 1322 3385 1392 θεμέλιος
3407 1343 3421 1358 ο
3447 1329 3496 1380 οι
3519 1329 3576 1380 δέ
3606 1347 3666 1396 γε
3693 1331 3786 1384 τοῦ
3838 1332 3994 1401 ἡλίου

2415 1402 2514 1472 τὴν
2548 1406 2726 1475 ἀρχὴν
2749 1409 2842 1460 τοῦ
2890 1410 3226 1484 ὐκτωὸρίου
3258 1418 3417 1487 ἔσχον
3462 1419 3669 1490 ἀρχήνο
3709 1423 3997 1493 οὐδέτερον

2414 1492 2623 1560 ἀλόγως
2644 1493 2886 1565 οἷμαι,εὶ
2918 1503 3012 1553 καὶ
3038 1503 3135 1566 τὰς
3162 1504 3344 1568 αἰτίας
3365 1507 3573 1562 τούτων
3599 1510 3759 1580 ἔργον
3790 1492 3996 1578 διεξελ-

2418 1583 2534 1636 θεῖν

2621 1813 2725 1866 Διὰ
2755 1817 2813 1867 τί
2837 1820 2906 1869 ιϐ’
2938 1817 3047 1883 τῆς
3082 1819 3360 1888 σελήνης
3383 1822 3500 1875 εισι
3527 1825 3758 1882 κύκλοι.

2480 1948 2660 2017 Μέχρι
2690 1946 2788 2019 μὲν
2815 1950 2909 2003 οὖν
2936 1952 3044 2004 τῶν
3076 1950 3139 2005 ιδ’
3161 1957 3207 2005 οἱ
3236 1956 3334 2024 τῆς
3366 1956 3598 2026 σελήνης
3628 1959 3993 2024 ἁναὸισαζςν-

2408 2056 2498 2092 ται
2533 2041 2757 2093 κύκλοι·
2783 2043 2870 2095 διὰ
2899 2044 3090 2096 τοῦτον
3122 2046 3215 2098 τὸν
3242 2048 3442 2116 τρόπον
3473 2052 3498 2102 6
3535 2049 3849 2122 σεληνιακδς
3880 2056 3992 2121 μὴν

2403 2135 2563 2196 τέως,
2606 2135 2748 2187 κατὰ
2800 2135 2862 2187 τὸ
2905 2138 3224 2207 πρόχειρον,
3281 2139 3350 2191 δι’
3396 2141 3619 2211 ἡμερῶν
3655 2143 3862 2208 γίνεται
3906 2144 3990 2197 κδ’

2410 2227 2504 2276 καὶ
2558 2226 2846 2294 ἡμισείας’
2886 2226 3062 2297 ταύτῃ
3117 2245 3198 2279 τοι
3237 2230 3332 2280 καὶ
3382 2232 3499 2282 κατ’
3535 2232 3778 2284 ἐνιαυτὸν
3808 2234 3855 2285 οἱ
3887 2236 3989 2302 τῆς

2410 2316 2639 2385 σελήνης
2670 2316 2735 2384 ιβ’
2774 2317 2967 2385 μῆνες,
3020 2322 3098 2379 εὶς
3147 2322 3362 2389 ἡμέρας
3407 2321 3701 2374 ποσοῦνται
3735 2324 3859 2387 τνδ’,
3904 2330 3990 2377 ὲν-

2406 2405 2642 2458 δεουσών
2676 2407 2814 2476 πρὸς
2845 2409 2945 2472 τὰς
2994 2409 3105 2472 τξε’
3154 2414 3248 2464 καὶ
3289 2413 3380 2465 τοῦ
3422 2417 3856 2486 τεταρτημορίου
3885 2418 3992 2486 τῆς

2407 2499 2745 2568 ἡμέρας,,ἃς
2770 2502 2798 2553 6
2827 2502 2979 2570 ἥλιος
3022 2503 3142 2556 κατ’
3189 2505 3437 2558 ἐνιαυτὸν
3469 2510 3726 2570 ποιεῖται,
3759 2512 3987 2580 ἡμερῶν

2408 2589 2476 2642 ια’
2523 2592 2619 2643 καὶ
2670 2594 2959 2665 τετάρτου.
3003 2596 3512 2662 Ἐννεακαιδεκάκις
3545 2601 3600 2654 δὲ
3659 2606 3721 2672 τῇ
3780 2607 3986 2674 ἡλιακῇ

2403 2682 2617 2745 κινήσει
2649 2683 2933 2753 γινόμενος
2987 2687 3014 2738 6
3072 2688 3339 2753 ἐνιαυτὸς,
3401 2692 3494 2743 καὶ
3538 2693 3706 2746 ποιῶν
3771 2696 3988 2765 ἡμέρας

2405 2773 2588 2837 pars
2637 2776 2773 2843 πρὸς
2823 2777 2901 2846 τῷ
2936 2779 3125 2846 ἡμίσει
3161 2783 3256 2833 καὶ
3302 2784 3564 2852 τετάρτῳ,
3605 2789 3732 2849 τοὺς
3783 2790 3881 2856 μὲν
3916 2788 3984 2858 ιβ’

2406 2861 2760 2931 σεληνιακοὺς
2794 2866 2969 2933 μῆνας
3001 2871 3079 2928 εἰς
3119 2877 3239 2941 uxr"
3280 2873 3628 2942 περιίστησιν
3660 2877 3718 2929 ἐν
3744 2880 3984 2948 ἡμέραις

2405 2957 2618 3028 ,ςψκςπ
2640 2958 2736 3020 τὰς
2763 2959 2820 3011 δὲ
2849 2962 3152 3031 εἰρημένας
3178 2969 3436 3034 περιττὰς
3461 2970 3700 3039 ἡμέρας.
3732 2973 3848 3040 ἦτοι
3878 2976 3978 3037 τας

2404 3049 2474 3101 ια’
2501 3051 2595 3101 καὶ
2633 3051 2694 3103 τὸ
2727 3052 2774 3103 δ’
2807 3054 2886 3116 εἰς
2919 3057 3142 3124 ἑτέρους
3181 3060 3543 3128 σεληνιακοίις
3584 3064 3758 3132 μῆνας
3811 3068 3974 3130 ἑπτὰ,

727 3149 851 3184 cum
912 3131 1237 3201 quadrante,
1267 3131 1368 3196 qui,
1399 3132 1579 3185 adhuc
1610 3133 1941 3197 redundant,
1980 3137 2035 3188 in
2086 3136 2298 3206 integro
2328 3184 2371 3241 ο
2404 3149 2406 3194 i

2328 3184 2371 3241 ο
2404 3145 2626 3214 ἔχοντας
2655 3149 2870 3218 ἡμέρας
2899 3149 2990 3216 σς¹
3020 3154 3115 3205 καὶ
3151 3155 3430 3222 ἡμίσειαν.
3457 3131 3656 3212 Ἔτιδέ
3695 3163 3979 3230 εὑρίσκον-

727 3226 884 3294 ryclo
916 3223 1532 3277 enueacaidecaeteridis
1562 3235 1945 3293 supputantur.
1973 3238 2028 3281 ut
2059 3246 2179 3282 mox
2212 3245 2302 3284 os-

728 3314 996 3366 tendetur.
1015 3312 1280 3376 Quoniam
1307 3312 1642 3378 cuiin,juxta
1682 3314 2056 3382 Ptolemaeum,
2092 3322 2298 3375 mensis

729 3407 935 3459 lunaris
970 3421 1074 3458 non
1127 3414 1336 3458 tantum
1390 3405 1582 3459 diebus
1625 3405 1694 3459 29
1739 3421 1978 3472 constat.
2016 3423 2180 3480 atque
2227 3414 2297 3468 30

727 3498 952 3552 minutis
982 3497 1196 3566 primis,
1226 3497 1340 3551 sive
1368 3498 1471 3551 diei
1510 3498 1762 3563 dimidio,
1793 3500 1890 3554 sed
1933 3503 2159 3572 insuper
2189 3508 2297 3558 mi-

731 3601 862 3642 nuto
915 3605 1021 3644 uno
1059 3605 1180 3643 cum
1227 3589 1459 3644 semisse
1492 3605 1556 3643 ac
1601 3601 1756 3658 parte
1805 3593 1960 3645 tertia
1999 3596 2160 3649 unius
2193 3598 2297 3650 mi-

729 3681 866 3743 nuti,
910 3682 1012 3734 hoc
1060 3692 1167 3745 est,
1213 3682 1424 3734 minuto
1465 3698 1590 3745 uno,
1632 3693 1686 3734 et
1737 3684 1993 3737 secundis
2023 3685 2110 3737 50.
2142 3685 2296 3751 Quod

729 3773 816 3824 ille
851 3773 1067 3839 quidem
1108 3771 1345 3824 ostendit
1397 3787 1494 3838 per
1535 3785 1752 3825 menses
1801 3772 1895 3839 qui
1951 3773 2145 3843 integri
2187 3776 2296 3829 de-

726 3875 959 3918 corrunt
1011 3865 1150 3916 inter
1197 3864 1353 3916 binas
1416 3862 1664 3932 cclipscs.
1705 3863 1896 3919 lsthaec
1932 3866 2066 3918 nim.
2106 3868 2293 3921 minu-

724 3971 835 4012 tum
880 3966 1150 4017 unmn.et
1200 3957 1448 4010 semissis
1502 3964 1555 4008 et
1605 3969 1759 4024 parte
1819 3959 1974 4011 tertia
2024 3961 2185 4012 unius
2237 3961 2289 4012 in

713 4051 826 4119 jam
861 4050 1019 4102 dictis
1059 4047 1164 4100 2'55
1204 4047 1645 4100 revolutionihus
1698 4046 1836 4100 luna:
1882 4052 2184 4103 ascendunt
2224 4052 2289 4105 ad

721 4145 927 4196 minuta
979 4142 1154 4209 prima
1183 4140 1310 4202 630,
1348 4149 1400 4193 et
1443 4138 1683 4192 secunda
1736 4139 1825 4202 50,
1859 4140 2060 4207 quibus
2101 4141 2292 4196 ordine

716 4235 910 4289 divisis
967 4233 1092 4297 4'20,
1147 4232 1378 4285 reddunt
1429 4230 1545 4283 dies
1590 4231 1641 4282 7.
1689 4230 1758 4282 At
1812 4231 2029 4285 residua
2084 4233 2288 4284 minuta

717 4327 894 4396 prima
929 4323 994 4376 l0
1020 4333 1073 4376 et
1103 4323 1341 4375 secunda
1369 4318 1440 4374 50
1486 4317 1698 4373 cﬂiccre
1729 4322 2129 4389 nequeuntdici
2155 4338 2291 4390 qua-

716 4422 1000 4479 drantem;
1030 4417 1226 4469 desunt
1277 4413 1424 4465 enim
1485 4414 1689 4466 uiinuta
1722 4411 1897 4480 prima
1947 4423 2200 4478 quatuor,
2235 4426 2288 4468 et

2404 3253 2494 3288 ται
2519 3241 2941 3307 περιττεύουσαι
2967 3245 3173 3312 ἡμέραι
3205 3246 3247 3310 ζ’
3277 3251 3369 3302 καὶ
3395 3251 3656 3320 τέταρτον
3675 3270 3686 3282 ·
3718 3255 3855 3307 ἀλλὰ
3882 3259 3979 3310 καὶ

2403 3325 2564 3384 αὗται
2597 3337 2662 3401 τῇ
2698 3333 2791 3386 τοῦ
2821 3335 3025 3388 κύκλου
3058 3341 3156 3403 τῆς
3193 3341 3829 3414 ἐννεακαιδεκαετηρίτῖος
3855 3349 3978 3401 ὀλό-

2400 3437 2525 3488 τητι
2586 3426 3033 3491 συνυπάγονται,
3087 3428 3161 3490 ὠς
3206 3429 3572 3500 δειχθήσεται.
3633 3436 3785 3490 Ἐπεὶ
3844 3441 3976 3509 γαρ,

2402 3516 2548 3568 κατὰ
2575 3517 2669 3569 τὸν
2693 3518 3046 3586 Πτολεμαῖον,
3088 3523 3209 3590 οὐχὶ
3259 3523 3338 3574 x6"
3365 3527 3589 3593 ἡμερῶν
3619 3533 3712 3584 καὶ
3750 3529 3791 3581 λ’
3828 3535 3979 3600 πρώ-

2401 3623 2512 3658 των
2542 3607 2756 3658 λεπτῶν
2806 3610 2985 3677 μόνον,
3035 3612 3155 3680 ἡτοι
3196 3614 3454 3680 ἡμισείας
3486 3619 3719 3686 ἡμέρας.
3753 3623 3778 3674 6
3814 3623 3976 3693 σελη-

2400 3699 2587 3760 νιακὸς
2643 3701 2853 3767 γίνεται
2909 3703 3035 3770 μὴν,
3071 3703 3204 3756 ἀλλὰ
3237 3710 3330 3760 καὶ
3361 3708 3548 3776 ἐτέρου
3601 3712 3803 3766 λεπτοῦ
3853 3717 3976 3778 ἑνὸς

2398 3791 2643 3859 ἡμίσεως
2664 3793 2980 3860 καὶτρίτου,
3011 3797 3178 3862 ἡγουν
3203 3797 3321 3860 ἑνὸς
3351 3799 3569 3868 πρώτου
3595 3804 3690 3855 καὶ
3719 3804 3759 3856 ν’
3785 3806 3973 3859 δευτέ-

2399 3897 2542 3949 ρων⁹
2595 3883 2888 3936 καὶτοῦτο
2936 3888 3288 3942 ἀποδείκνυσι
3344 3892 3434 3943 διὰ
3492 3894 3604 3946 τῶν
3671 3900 3975 3967 γινομένων

2394 3973 2532 4026 ὅλων
2560 3975 2745 4042 μηνῶν
2773 3977 2880 4028 ἀπὸ
2910 3978 3206 4048 ἐκλείψεως
3237 3984 3317 4044 εις
3348 3985 3596 4054 ἔκλειψιν
3618 4004 3635 4020 ο
3665 3992 3857 4057 ταῦτα,
3907 3993 3972 4045 τὸ

2393 4061 2475 4123 ἓν,
2514 4064 2678 4130 λέγω,
2701 4065 2920 4129 λεπτὸν,
2966 4072 3062 4121 καὶ
3102 4071 3162 4122 τὸ
3211 4074 3408 4141 ἣμισυ,
3433 4080 3527 4131 καὶ
3570 4078 3633 4131 τὸ
3666 4083 3872 4150 τρίτον,
3910 4085 3970 4137 ἐν

2395 4158 2515 4217 ταῖς
2548 4158 2866 4226 εἰρημέναις
2916 4161 3021 4212 σλε⁹
3057 4163 3157 4229 τῆς
3195 4167 3428 4237 σελήνης
3464 4171 3740 4238 περιόδοις
3779 4176 3972 4228 ἀναὸιο

2395 4245 2697 4311 ὕαζόμενα,
2732 4250 2950 4302 ποιοῦσι
2975 4253 3146 4305 λεπτὰ
3176 4257 3367 4323 πρῶτα
3397 4259 3495 4323 ul’,
3523 4265 3616 4314 καὶ
3643 4265 3870 4334 δεύτερα
3899 4263 3965 4331 ν’,

2394 4337 2538 4404 ἅπερ
2563 4339 2774 4392 ἅπαντα
2797 4341 2886 4392 ἐπὶ
2912 4343 2976 4394 τὰ
3000 4344 3262 4412 ἐξήκοντα
3285 4349 3637 4419 μεριζόμενα,
3669 4356 3737 4407 τα
3760 4358 3860 4424 μὲν
3885 4365 3967 4411 υκ⁹

2394 4429 2638 4481 ποιοῦσιν
2667 4433 2878 4500 ἡμέρας
2927 4435 3086 4488 ἑπτά.
3122 4437 3200 4488 Τὰ
3237 4440 3294 4491 δὲ
3342 4440 3741 4512 ὑπολειπόμενα
3775 4452 3966 4518 πρῶτα

716 4512 785 4564 10
817 4507 1100 4572 secunda;
1148 4504 1295 4574 quod
1332 4513 1386 4557 et
1434 4503 1574 4557 ratio
1624 4504 1810 4572 exigit,
1861 4513 2130 4571 quati-nus
2175 4507 2292 4559 cni-
2324 4515 2368 4568 ι)

2288 4537 2292 4546 ι
2324 4515 2368 4568 D
2397 4520 2552 4581 δέκα,
2585 4523 2679 4572 καὶ
2713 4526 3051 4592 πεντήκοντα
3087 4529 3336 4598 δεύτερα,
3378 4533 3437 4583 οὐ
3473 4533 3727 4589 δύνανται
3772 4543 3967 4609 τέταρ-

717 4606 850 4657 libet
919 4598 1513 4655 enneacaidecaeteridi
1571 4598 1807 4662 desunt,
1875 4602 2034 4655 sicuti
2103 4601 2285 4654 Ριοιε-

716 4707 884 4747 nimus
925 4692 1339 4750 demonstravit,
1377 4688 1584 4740 minuta
1642 4688 1816 4756 prima
1866 4689 1900 4742 5
1941 4699 1995 4742 et
2040 4690 2285 4743 secunda

714 4787 805 4841 57.
864 4783 1022 4849 Quod
1071 4795 1199 4835 vero
1262 4780 1441 4834 adhuc
1499 4779 1880 4834 desiderantur
1941 4797 2106 4834 unum
2171 4782 2284 4849 pri-

714 4894 862 4932 mum
912 4875 1181 4931 minutum
1228 4881 1280 4925 et
1317 4873 1558 4925 secunda
1598 4869 1690 4936 27,
1724 4887 1900 4939 neque
1935 4872 2039 4926 hoc
2075 4873 2284 4927 ratione

708 4978 876 5024 caret.
906 4965 1023 5020 Non
1070 4964 1215 5018 enim
1274 4971 1462 5015 exacte
1520 4961 1775 5030 congruit
1807 4977 1932 5015 cum
1983 4965 2138 5032 cyclo
2177 4979 2281 5017 au-

710 5075 821 5114 nuo
885 5056 1163 5126 quadrans
1215 5054 1317 5107 iste
1350 5053 1479 5113 diei,
1539 5055 1631 5105 sed
1693 5061 1850 5120 parte
1896 5058 2275 5109 trccentesima

708 5154 1003 5216 discrepat,
1041 5145 1118 5197 uti
1165 5143 1294 5196 alibi
1325 5143 1583 5195 diximus.
1611 5141 1820 5196 Idcirco
1863 5145 2047 5214 cyclus
2073 5147 2278 5201 lunaris

707 5256 770 5293 ex
801 5237 1106 5291 necessario
1135 5243 1342 5288 tantum
1373 5236 1425 5286 in
1462 5232 1528 5286 l9
1560 5234 1717 5286 anuis
1751 5247 1990 5302 quantus
2021 5239 2091 5290 sit
2123 5238 2277 5291 inno-

710 5331 859 5384 tescit
885 5345 898 5392 ;
929 5329 1129 5396 quippe
1173 5339 1437 5378 excessus
1468 5325 1559 5377 ille
1583 5325 1674 5391 qui
1709 5326 1762 5376 in
1803 5326 1964 5379 annis
1995 5327 2276 5381 lunaribus

705 5422 1002 5489 reperitur,
1028 5419 1208 5487 spatio
1245 5418 1310 5470 l9
1341 5432 1610 5471 annorum
1633 5417 1698 5471 ad
1728 5421 1944 5473 easdem
1979 5425 2275 5491 cmnpletas

703 5510 1071 5566 resolutiones
1118 5509 1277 5568 redit,
1307 5506 1584 5575 efﬁcitque
1632 5506 1810 5562 dietas
1855 5511 2108 5576 periodos
2145 5513 2271 5576 255,

709 5615 931 5668 prorsus
990 5598 1287 5666 c0mplelas
1343 5597 1586 5664 nihilque
1660 5598 1916 5665 superﬂui
1988 5600 2270 5666 habentes,

704 5699 864 5756 prout
919 5688 1103 5757 cyclus
1152 5687 1242 5740 ille
1295 5688 1548 5754 requirit.
1599 5687 1714 5740 Hoc
1779 5702 2042 5742 vocarunt
2088 5703 2269 5745 autem

704 5785 967 5853 tempatis
1005 5781 1306 5851 periodum,
1344 5793 1613 5850 quatenus
1662 5781 1727 5832 ad
1763 5799 1923 5836 unum
1964 5785 2267 5839 revolutio-

2393 4627 2482 4661 τον
2519 4613 2735 4680 ⁴ἡμέρας
2789 4616 3054 4682 ποιῆσαι·
3093 4619 3340 4674 λείπουσι
3395 4625 3504 4693 γὰρ
3549 4625 3721 4680 λεπτὰ
3769 4633 3964 4699 πρῶτα

2392 4707 2656 4771 τέσσαρα,
2692 4705 2787 4756 καὶ
2831 4707 3062 4776 δεύτερα
3107 4711 3236 4762 δέκα
3260 4728 3274 4743 ο
3325 4714 3418 4764 καὶ
3446 4715 3605 4768 τοῦτο
3635 4721 3776 4772 κατὰ
3807 4723 3965 4787 λόγον

2390 4794 2476 4848 διὰ
2505 4797 2564 4848 τὸ
2592 4798 2764 4850 ἐνδεῖν
2806 4801 3012 4870 ἑκάστῃ
3058 4803 3681 4876 ἐννεακαιδεκαετηρίδι,
3722 4813 3797 4874 ὡς
3822 4816 3962 4866 ἀπα-

2388 4885 2655 4940 δέδεικται
2688 4889 2764 4957 τῷ
2797 4891 3140 4960 Πτολεμαίῳ,
3175 4893 3388 4948 λεπτῶν
3419 4900 3652 4966 πρώτων
3679 4905 3848 4972 τριῶν
3868 4909 3963 4958 καὶ

2387 4977 2655 5039 δευτέρων
2692 4979 2790 5041 λζ’.
2823 4982 2886 5035 Εἰ
2920 4983 2975 5033 δὲ
2997 4987 3088 5035 καὶ
3127 4987 3206 5036 ἔτι
3243 4986 3484 5040 λείπουσι
3519 4991 3712 5045 λεπτὸν
3745 4998 3963 5065 πρῶτον

2387 5066 2467 5129 ἓν,
2503 5071 2594 5120 καὶ
2631 5067 2714 5130 κζ’
2753 5070 3003 5138 δεύτερα,
3042 5076 3140 5127 οὐκ
3169 5076 3273 5138 ἔξω
3304 5077 3460 5142 λόγου
3492 5084 3583 5132 καὶ
3610 5083 3788 5146 τοῦτο,
3821 5087 3957 5141 διότι

2386 5158 2506 5224 οὐχὶ
2540 5157 2800 5226 τέταρτον
2846 5162 3060 5229 ἡμέρας
3096 5165 3391 5234 ὁλόκληρον
3428 5175 3824 5242 συναπαρτίζει
3866 5177 3956 5228 τὸν

2386 5246 2660 5298 ἐνιαύσιον
2711 5249 2932 5312 κύκλον,
2987 5254 3123 5306 ἀλλὰ
3161 5257 3313 5322 παρὰ
3346 5263 3667 5324 τριακοστόν
3719 5267 3955 5335 ἡμέρας,

2383 5335 2456 5397 ὡς
2493 5339 2550 5389 ὲν
2582 5339 2764 5402 ἄλλοις
2799 5344 3124 5411 εἰρήκαμεν.
3165 5348 3271 5398 Καὶ
3310 5348 3453 5402 οὕτω
3505 5353 3601 5419 μὲν
3634 5357 3661 5404 6
3700 5358 3954 5424 σεληνιαο

2383 5427 2474 5488 κὶς
2499 5429 2694 5491 κύκλος
2723 5430 2781 5492 si
2813 5434 3060 5501 ἀνάγκης
3095 5438 3151 5484 ὲν
3179 5440 3362 5503 μόνοις
3391 5443 3718 5510 γνωρίζεται
3745 5447 3809 5498 ιϐ’
3842 5449 3952 5499 ἓτε-

2385 5534 2492 5581 σιν,
2522 5518 2598 5581 ὡς
2636 5523 2730 5572 καὶ
2775 5523 2870 5572 τοῦ
2919 5526 3332 5592 περιττεύοντος
3359 5531 3464 5582 τῶν
3497 5537 3616 5584 κατ’
3648 5538 3765 5596 ὲτος
3795 5538 3956 5600 σελη-

2381 5613 2582 5663 νιακῶν
2613 5614 2875 5682 περιόδων
2909 5616 2996 5667 δια
3051 5619 3345 5672 δεκαεννέα
3373 5624 3550 5689 μόνων
3579 5627 3713 5677 ἐτῶν
3745 5630 3822 5690 εἰς
3850 5633 3949 5691 τας

2379 5705 2636 5765 τοιαύτας
2685 5705 2920 5768 ἐντελεῖς
2970 5710 3251 5776 περιόδους
3303 5714 3791 5785 ἀναϐιϐαζομένου,
3855 5723 3953 5774 καὶ

2379 5794 2558 5856 πάσας
2583 5796 2680 5858 τὰς
2730 5799 3026 5866 εἰρημένας
3060 5801 3166 5852 σλε⁹
3217 5804 3502 5870 ποιοῦντος
3534 5811 3707 5879 πάντ-ι’⁴
3746 5811 3953 5866 ἀνεὶλι-
