4252 6424
742 363 816 424 79
1922 367 2290 428 ΜΑΤΤΙΙΛΞΙ
2331 369 2421 429 BL

2281 370 2290 427 ί
2331 369 2751 431 BLASTABIS
3884 376 3960 447 ω

745 492 856 530 sem
893 477 1008 530 dies
1040 481 1310 534 mensium
1339 496 1462 533 cum
1515 481 1709 534 diebus
1734 479 2048 545 septimana:
2077 494 2295 548 permu-
2327 482 2375 542 Α
2401 496 2424 532 τ

2289 507 2295 518 ~
2327 482 2375 542 Α
2401 480 2496 532 τοῦ
2538 482 2868 548 Ὀκτωϐρίου
2906 484 3093 552 μηνὸς,
3124 484 3542 553 ἐνηλλαγμένως
3569 485 3623 537 al
3649 487 3754 538 τῶν
3781 491 3968 553 μηνῶν

743 568 896 620 tatim
935 568 1236 624 decurrunt
1276 588 1289 623 :
1328 572 1414 623 die
1445 581 1623 624 autem
1666 573 1844 639 primo
1883 570 2156 635 Octobris,
2208 587 2299 624 re-
2402 577 2422 627 ~l

2287 598 2299 610 ·
2402 576 2609 645 ἡμέραι
2637 579 2773 646 πρὸς
2805 580 2902 641 τὰς
2935 580 3032 648 τῆς
3078 581 3368 646 ἑϐδομάδος
3410 581 3708 647 ἑφέροντοο
3736 582 3801 646 τῇ
3830 581 3885 632 δὲ
3917 579 3966 633 α’

738 666 888 726 pet-ta
919 660 1079 713 etiam
1145 662 1448 728 septimana
1488 662 1541 714 in
1575 663 1752 730 primo
1790 663 1950 715 istius
2007 661 2129 723 die,
2176 661 2299 714 inde
2402 683 2417 717 τ

2285 678 2299 714 3
2402 666 2879 738 toQ'OxImGplou
2931 671 3252 741 εὑρεθείσης
3299 672 3392 723 καὶ
3444 670 3546 737 τῆς
3585 670 3876 739 ἑϐδομάδος
3907 672 3964 723 ἑν

737 764 790 808 rt
819 755 1152 808 exordimur.
1198 754 1332 807 Nam
1396 763 1590 823 prater
1627 755 1914 808 Octobrem
1947 753 2127 806 nullus
2159 753 2296 806 alius
2401 774 2416 807 π

2281 768 2296 806 i
2401 759 2466 825 τῇ
2504 758 2552 810 α’
2581 760 2687 811 τῶν
2733 763 2902 830 αὐτῆς
2947 762 3194 831 ἡμερῶν,
3247 763 3459 815 ἑκεῖθεν
3519 766 3612 815 καὶ
3657 763 3960 833 ἀρχόμεθα.

737 848 942 902 mensis
987 850 1038 900 in
1079 847 1251 916 prima
1294 847 1426 902 solis
1477 848 1698 914 periodo
1752 847 1979 914 primam
2019 846 2102 898 sui
2149 845 2292 899 diem

735 953 860 989 cum
924 938 1098 1004 primo
1138 937 1226 991 die
1283 937 1598 1001 septimana:
1651 935 2043 988 cniueidentem
2112 936 2291 988 habet.

733 1030 814 1080 Alt
846 1030 952 1081 isto
975 1029 1141 1097 igitur
1173 1043 1356 1082 mense
1385 1028 1724 1094 incipientes,
1750 1027 2081 1094 reliquorum
2103 1026 2294 1079 ordine

733 1121 1004 1174 mensium
1032 1122 1147 1173 dies
1177 1119 1248 1171 28
1272 1119 1435 1188 206
1461 1119 1786 1178 omittimus.
1817 1127 2006 1184 utpote
2054 1117 2293 1185 integras

731 1211 1098 1263 hebdomadas
1121 1213 1543 1272 constituentes;
1571 1211 1686 1261 dies
1707 1224 1833 1261 vero
1857 1209 1949 1276 qui
1974 1217 2292 1275 supersunt,

731 1303 1053 1370 am-ipimus.
1086 1303 1257 1355 donec
1291 1306 1354 1355 ad
1387 1303 1558 1359 illum.
1594 1316 1752 1367 quem
1792 1302 2113 1368 quaerimus,
2175 1315 2292 1366 per-

734 1393 999 1446 t'cuiatttr.
1043 1392 1196 1457 Quod
1232 1403 1413 1445 autem
1467 1393 1570 1446 hoc
1594 1392 1874 1458 contingat
1905 1390 1956 1442 in
1989 1390 2162 1457 primo
2197 1404 2289 1458 cy-

731 1487 814 1536 ι-Ιυ
869 1484 1214 1535 ret'oltttionis
1255 1483 1472 1543 solaris,
1521 1481 1679 1535 facile
1728 1494 1888 1532 exeo
1948 1478 2288 1546 intelligitur,

729 1575 872 1632 quod
903 1591 929 1626 a
959 1574 1043 1626 die
1077 1575 1140 1624 lii
1171 1574 1366 1633 Martii.
1402 1590 1511 1642 quo
1543 1573 1624 1627 sul
1653 1573 1871 1640 quidem
1922 1581 2141 1624 creatus
2180 1579 2286 1634 est,

732 1683 904 1733 usque
940 1667 1006 1719 ad
1053 1665 1422 1733 Septembrem
1458 1677 1732 1728 exactum,
1777 1670 2134 1716 numerentur
2163 1676 2285 1714 cum

731 1760 903 1810 tt'iLUs
964 1759 1096 1820 illis,
1126 1760 1217 1827 qtti
1251 1760 1420 1812 solem
1479 1769 1661 1811 natum
1696 1764 2110 1824 praecesserant,
2168 1754 2286 1807 dies

728 1851 852 1904 203.
905 1850 997 1902 loli
1051 1852 1392 1903 Cuttstituuut
1438 1849 1825 1917 Septimanas9
1881 1851 2000 1914 pdst
2057 1845 2284 1912 viginti;
2321 1836 2359 1889 Β

729 1947 928 2012 quippe
965 1945 1164 2009 septies
1188 1945 1258 1995 20
1280 1942 1412 1995 dant
1449 1941 1572 2003 HO,
1609 1950 1660 1992 et
1700 1940 1901 2006 septies
1947 1936 2093 1999 963,
2126 1937 2289 1988 adeo-

728 2052 832 2100 que
875 2036 1083 2104 primus
1132 2035 1246 2087 dies
1287 2031 1540 2086 Octobris
1597 2031 1650 2083 in
1702 2030 1938 2098 primum
1967 2028 2288 2096 septimanae

727 2129 868 2178 dictu
917 2124 1130 2177 incidit.

1009 2391 1279 2455 Quomodo
1322 2391 1578 2457 reperitur
1611 2387 1786 2456 cyclus
1830 2386 1991 2438 (unm.

797 2487 1027 2550 Quando
1059 2493 1238 2536 tamen
1277 2483 1415 2534 luna:
1464 2481 1672 2550 cyelum
1723 2477 1967 2531 invenire
2023 2473 2282 2533 volueris,

728 2587 912 2632 dalttut
964 2592 1161 2630 annum
1207 2590 1465 2628 manuum
1515 2572 1702 2641 digitis
1737 2585 1894 2639 cape,
1925 2579 1981 2623 et
2026 2575 2281 2635 supputa.

728 2670 1008 2724 S:a:uatur
1048 2678 1250 2729 autem,
1280 2663 1509 2731 exempli
1542 2663 1739 2730 gratia,
1796 2675 2034 2728 praesens
2068 2659 2153 2711 ltic
2191 2673 2287 2710 an-

729 2777 831 2812 nus
879 2759 1038 2812 6845.
1070 2757 1336 2822 Quoniam
1389 2761 1635 2821 respectu
1701 2751 1767 2804 19
1801 2750 2075 2826 cyclorum
2145 2747 2284 2800 luna:

722 2855 927 2922 pariter
978 2867 1097 2904 sese
1133 2851 1333 2902 habent
1364 2846 1575 2904 numeri
1619 2844 1721 2898 190
1757 2854 1810 2896 et
1840 2832 1990 2904 I800,
2022 2840 2283 2894 subtrahe

723 2956 806 2996 ter
840 2942 942 2996 190
972 2959 1032 2993 ex
1075 2940 1232 2992 6815.
1284 2939 1416 2991 Dein
1462 2952 1529 2990 ex
1560 2935 1782 2988 residuo
1818 2931 1976 2992 1145.
2005 2931 2163 2983 deme
2191 2943 2281 2981 se-

721 3037 838 3091 xies
880 3032 1002 3097 190,
1048 3033 1424 3096 relinquentur
1475 3027 1508 3081 5
1540 3040 1637 3094 pro
1689 3024 1840 3093 cyclo
1903 3023 2065 3086 lunzn,
2106 3020 2187 3072 vel
2238 3021 2282 3073 si

723 3128 921 3197 placet,
983 3141 1138 3180 set-ra
1191 3122 1366 3174 solum
1405 3118 1533 3171 anni
1577 3117 1807 3168 minoris
1842 3131 1996 3166 num.
2029 3113 2119 3177 45,
2159 3112 2278 3181 qui-

2400 849 2586 910 Οὐδεὶς
2613 853 2722 918 γὰρ
2743 852 2850 903 τῶν
2873 852 3057 920 μηνῶν
3080 853 3286 922 ἕτερος.
3318 854 3397 905 ὅτι
3422 854 3496 923 μὴ
3526 853 3680 922 μόνος
3706 857 3734 905 ὀ
3761 853 3964 906 Ὀκτὼ-

2398 938 2574 1006 ϐριος,
2605 943 2746 993 κατὰ
2788 943 2888 1012 τὴν
2920 943 3150 1013 πρώτην
3203 944 3295 999 τοῦ
3349 945 3500 1013 ἡλίου
3561 946 3811 1013 περίοδον
3861 946 3961 1013 τήν

2398 1029 2620 1098 πρώτην
2659 1032 2766 1083 τῶν
2796 1035 2962 1086 αὺτοῦ
3000 1035 3224 1102 ἡμερῶν
3268 1038 3331 1103 τῇ
3375 1036 3568 1106 πρώτη
3601 1037 3698 1104 τῆς
3724 1035 3960 1102 ἑϐδομά-

2395 1122 2484 1184 δος
2508 1123 2624 1190 ἔχει
2653 1126 3093 1191 συμπίπτουσαν.
3139 1129 3232 1180 Ἐκ
3266 1127 3456 1180 τούτου
3498 1128 3677 1179 τοίνυν
3719 1127 3956 1196 ἀρχόμεο

2395 1231 2498 1276 νοι,
2532 1215 2764 1268 ἑκάστου
2797 1217 2904 1269 τῶν
2947 1217 3076 1284 ἑξῆς
3124 1219 3312 1288 μηνῶν
3340 1219 3438 1280 τὰς
3478 1218 3576 1287 μὲν
3625 1215 3708 1285 κη’
3741 1203 3954 1285 ἡμέρας

2393 1305 2601 1371 ἐῶμεν.
2660 1308 2735 1370 ὡς
2785 1307 3115 1378 ὁλοκλήρους
3175 1298 3477 1378 ἑϐδομάδας
3525 1309 3954 1378 ἀπαρτιζούσαις.

2392 1398 2490 1458 τὰς
2512 1397 2566 1450 δὲ
2595 1400 2851 1452 ἐπέκεινα
2890 1403 3095 1454 τούτων
3130 1402 3499 1472 λαμϐάνομεν,
3521 1403 3624 1462 ἕως
3657 1402 3720 1455 ἂν
3752 1404 3828 1461 εἰς
3859 1401 3956 1469 τὴν

2391 1491 2607 1556 ἡμέραν
2635 1490 2901 1560 ἔλθωμεν,
2943 1494 3073 1560 περὶ
3101 1488 3169 1564 ἦς
3198 1494 3295 1564 τὴν
3330 1494 3555 1562 ζήτησιν
3588 1496 3802 1563 ἔχομεν.
3833 1495 3956 1545 ’Ὁτι

2388 1581 2443 1632 δὲ
2473 1583 2613 1634 κατὰ
2640 1582 2734 1634 τὸν
2778 1584 2997 1653 πρῶτον
3024 1587 3123 1654 τῆς
3153 1586 3511 1654 δημιουργίας
3539 1586 3635 1639 τοῦ
3663 1584 3811 1655 ήλίου
3858 1585 3954 1638 κύο

2389 1673 2516 1725 κλον
2543 1673 2683 1725 οὕτω
2718 1676 3041 1744 συνήντησε,
3073 1677 3413 1745 καταμαθεῖν
3439 1678 3682 1738 εὐπετές.
3715 1677 3844 1729 Ἀπὸ
3859 1677 3957 1742 τῆς

2392 1757 2453 1811 ιε’
2480 1760 2574 1811 τοῦ
2597 1762 2867 1829 Μαρτίου,
2900 1764 2958 1815 ἐν
2986 1758 3141 1834 ᾖτὴν
3161 1766 3380 1830 γένεσιν
3407 1765 3562 1833 ἔσχεν
3592 1767 3618 1816 ὁ
3646 1764 3818 1832 ἥλιος,
3857 1765 3954 1833 μέν

2389 1867 2510 1919 χρις
2539 1850 2660 1902 ὅλου
2690 1851 2786 1903 τοῦ
2809 1853 3210 1922 Σεπτεμϐρίου,
3245 1856 3384 1922 μετὰ
3406 1857 3515 1908 τῶν
3539 1856 3643 1925 πρὸ
3687 1855 3770 1906 ,οὗ
3798 1855 3951 1920 ἡλίου

2388 1940 2553 2008 τριῶν
2584 1942 2806 2010 ἡμερῶν
2829 1943 3030 2012 ἡμέραι
3057 1946 3303 2011 γίνονται
3329 1953 3434 2013 στ’,
3471 1947 3672 2008 αἵτινες
3705 1947 3952 1999 ποιοῦσιν

2388 2031 2691 2100 ἑϐδομάδας
2737 2036 2895 2089 ἐννέα
2941 2038 3036 2088 καὶ
3081 2039 3314 2091 εἴκοσινο
3369 2040 3599 2101 ἑπτάκις
3633 2041 3742 2107 γὰρ
3773 2038 3839 2089 τὰ
3874 2037 3950 2090 εῖ-

2388 2139 2541 2175 κοσιν
2569 2125 2764 2178 ἑκατὸν
2797 2130 3232 2196 τεσσαράκοντα,
3290 2132 3387 2184 καὶ
3425 2131 3657 2193 ἑπτάκις
3681 2133 3748 2184 τὰ
3773 2132 3950 2194 ἐννέα,

2387 2214 2651 2283 ἑξήκοντα
2695 2219 2856 2287 τρία·
2911 2220 3098 2274 λοιπὸν
3145 2223 3178 2290 ἡ
3231 2222 3424 2292 πρώτη
3474 2221 3565 2274 τοῦ
3615 2221 3947 2291 Ὀκτωϐρίου

2385 2306 2602 2372 ἐγένετο
2632 2310 2726 2361 καὶ
2749 2312 2941 2381 πρώτη
2970 2312 3068 2378 τῆς
3093 2314 3412 2379 ἑϐδομάδος.

2527 2400 2656 2462 Πῶς
2687 2402 2719 2452 ὀ
2743 2399 2852 2467 τῆς
2875 2403 3151 2470 σελήνης
3177 2403 3519 2471 εὑρίσκεται
3547 2406 3794 2469 κύκλος.

2468 2489 2610 2540 Ἀλλ’
2643 2491 2808 2560 ἡνίκα
2837 2494 2930 2544 τὸν
2962 2496 3061 2562 τῆς
3093 2496 3324 2565 σελήνης
3368 2496 3567 2549 κύκλον
3597 2499 3780 2565 εὑρεῖν
3827 2497 3947 2548 ἑθε-

2384 2576 2636 2646 λήσειας,
2667 2583 2781 2646 τοῖς
2816 2584 3098 2648 δακτύλοις
3137 2586 3245 2638 τῶν
3273 2587 3470 2656 χειρῶν
3507 2588 3569 2639 τὸ
3600 2589 3948 2656 ἑνιστάμενον

2384 2667 2502 2728 ἔτος
2551 2668 2818 2739 λάμϐανε.
2845 2673 3064 2727 Κείσθω
3097 2676 3159 2744 δὴ
3199 2679 3260 2728 τὸ
3307 2678 3390 2744 ἐφ’
3417 2679 3576 2746 ήμῶν
3601 2684 3820 2746 ,ςωμγ¹,
3851 2678 3949 2730 καὶ

2382 2759 2506 2810 ἐπεὶ
2526 2760 2624 2826 τήν
2654 2760 2822 2830 αὐτὴν
2849 2764 3142 2830 ἀναλογίαν
3175 2768 3358 2834 ἔχουσι
3386 2769 3463 2837 τῷ
3498 2768 3560 2819 ιθ⁹
3593 2769 3812 2835 ἀριθμῷ
3840 2770 3948 2820 τῶν

2382 2850 2479 2918 τῆς
2537 2851 2766 2922 σελήνης
2825 2853 3038 2906 κύκλων
3098 2858 3125 2908 ὅ
3188 2875 3248 2910 τε
3295 2857 3377 2927 ριν]
3417 2859 3508 2911 καὶ
3549 2859 3575 2910 ό
3621 2859 3746 2926 ,αεῇζ
3782 2860 3949 2926 ἄφελε

2371 2941 2601 3008 πρῶτον
2645 2943 2708 2994 ἑκ
2756 2944 2943 3012 τρίτου
2987 2947 3077 3000 τὸν
3132 2951 3263 3018 oua.
3308 2946 3442 3002 Εἶτα
3480 2951 3586 3002 τῶν
3650 2952 3948 3018 μεινάντων

2382 3029 2567 3100 ,αρμγ’
2599 3034 2814 3102 ἀφελὼν
2845 3038 3029 3102 ἑξάκις
3074 3040 3166 3092 τὸν
3210 3045 3316 3112 pL],
3352 3041 3494 3106 ἔξεις
3540 3042 3608 3094 τὰ
3638 3042 3948 3111 περιλειπὸο

2385 3139 2522 3189 μενα
2555 3123 2702 3194 τρία,
2743 3130 2889 3198 ἆπερ
2921 3133 3063 3183 είσὶν
3093 3134 3120 3184 ὁ
3165 3133 3359 3195 κύκλος
3384 3133 3481 3203 τῆς
3514 3135 3763 3203 σελήνης.
3797 3136 3855 3186 Et
3889 3136 3945 3187 δὲ

721 3191 824 3275 lius
863 3217 1036 3286 adjice
1063 3215 1146 3274 t7,
1172 3229 1292 3280 qua:
1321 3210 1538 3278 quidem
1569 3215 1862 3275 supersunt
1892 3215 2012 3273 post
2037 3203 2281 3269 proxime
2309 3191 2353 3254 C
2384 3213 2400 3281 ε

2263 3217 2281 3255 Β
2309 3191 2353 3254 c
2384 3191 2602 3281 petitas,
2625 3191 2901 3287 κράτησον
2932 3222 2991 3274 τὸ
3023 3225 3219 3292 μικρὸν
3252 3191 3372 3286 ἔτος
3401 3191 3580 3294 μόνον,
3612 3191 3824 3295 tiret-:3:
3856 3227 3942 3293 μγ¹

723 3315 927 3378 lapsam
955 3302 1507 3361 ltecatuntaeteridetn
1542 3315 1557 3352 :
1591 3309 1647 3352 et
1676 3297 1817 3351 hanc
1842 3311 2134 3356 summam,
2158 3303 2283 3363 puta

722 3404 811 3466 60,
870 3399 1053 3452 divide
1092 3411 1186 3465 per
1224 3395 1312 3459 t9,
1347 3389 1566 3446 residua
1596 3388 1630 3442 3
1667 3389 1966 3442 ostendunt
2007 3387 2165 3454 plane
2194 3400 2286 3455 cy-

721 3494 865 3545 clum
902 3491 1067 3545 lunae.

861 3671 1133 3736 Quomodo
1182 3668 1443 3722 invenitur
1501 3663 1904 3732 fundamentum
1959 3659 2121 3712 Iunce.

789 3765 966 3833 llujus
998 3773 1177 3815 autem
1211 3759 1626 3813 fundamentum
1662 3762 1918 3808 accurate
1952 3750 2164 3805 tenebis
2185 3788 2200 3814 ,
2236 3749 2282 3803 si

720 3859 880 3910 modo
917 3851 1365 3921 uudecuplaveris
1396 3848 1509 3918 jam
1546 3849 1824 3901 inventum
1870 3846 2012 3898 luna:
2044 3842 2280 3914 cyclum,

717 3957 772 3998 et
830 3956 940 3998 ttun
975 3944 1090 3997 dies
1127 3952 1234 3996 tres
1293 3940 1558 4008 produCto
1612 3937 1709 3993 isti
1778 3935 2069 4004 adjicieus,
2133 3934 2280 3987 illam

715 4051 986 4091 summam
1039 4034 1292 4088 diviseris
1335 4047 1429 4100 per
1462 4031 1554 4084 50.
1593 4029 1912 4084 Servabitnr
1974 4027 2118 4080 enint
2181 4042 2285 4079 nu-

720 4142 905 4180 merus
935 4126 1188 4179 residuus
1221 4138 1318 4193 pro
1355 4123 1712 4176 tundamento
1746 4121 1910 4174 tuum.
1939 4119 2069 4173 Ideo
2096 4128 2279 4172 autem

717 4216 1048 4283 adjiciuntur
1110 4223 1220 4266 tres
1275 4212 1361 4264 isti
1391 4213 1526 4274 dies,
1584 4212 1839 4278 quoniam
1903 4211 1955 4262 in
2009 4208 2073 4262 t9
2123 4209 2282 4262 annis

717 4306 1021 4373 enmpletis,
1077 4317 1135 4357 ut
1170 4305 1374 4357 dictum
1412 4313 1514 4365 est,
1547 4317 1657 4354 non
1686 4315 1875 4353 revera
1918 4300 2282 4352 restituuntur

716 4406 899 4449 motus
929 4397 1070 4448 lunze
1103 4397 1153 4447 itt
1188 4395 1606 4462 longitudinem,
1631 4395 1723 4445 sed
1759 4392 1957 4444 desunt
1993 4392 2157 4444 unius
2173 4390 2276 4444 diei

2390 3307 2625 3372 πρόσθες
2655 3309 2748 3360 καὶ
2777 3311 2846 3364 τὰ
2883 3309 2946 3374 ιζ’
2977 3315 3043 3365 τὰ
3081 3316 3516 3381 περισσεύσαντα
3548 3317 3654 3370 ἀπὸ
3679 3317 3774 3384 τῆς
3795 3333 3942 3386 παρο

2384 3397 2643 3461 ελθούσης
2666 3401 3195 3472 ἑκατονταετηρίδος.
3244 3408 3336 3460 καὶ
3364 3406 3432 3459 τὰ
3460 3408 3594 3475 ὁμοῦ
3623 3409 3880 3476 γινόμενα
3902 3408 3945 3474 ξ’

2384 3487 2545 3554 ὕφελε
2569 3491 2661 3543 ἐπὶ
2688 3493 2795 3544 τῶν
2824 3492 2910 3554 ιϐ’,
2926 3497 3020 3545 καὶ
3041 3497 3108 3547 τὰ
3135 3497 3561 3565 καταλειφθέντα
3585 3498 3710 3567 τρία
3729 3499 3946 3566 δηλοῦσι

2379 3581 2598 3649 τρανῶς
2631 3582 2728 3650 τῆς
2763 3584 2994 3653 σελήνης
3017 3587 3109 3639 τὸν
3134 3589 3349 3641 κύκλον.

2486 3672 2618 3738 Πῶς
2649 3677 2681 3727 ό
2706 3674 2816 3741 τῆς
2846 3677 3118 3743 σελήνης
3148 3681 3491 3745 εὑρίσκεται
3526 3680 3816 3748 θεμέλιος.

2453 3767 2558 3818 Τὸν
2577 3766 2631 3819 δὲ
2659 3769 2860 3837 ταύτης
2896 3770 3152 3838 θεμέλιον
3181 3771 3424 3838 ἀκριϐῶς
3458 3774 3598 3844 εἴσῃ,
3633 3774 3729 3825 ἑάν
3758 3791 3863 3841 περ
3889 3773 3949 3824 ὃν

2383 3852 2541 3928 εὗρες
2606 3860 2776 3928 αὐτῆς
2830 3862 3029 3915 κύκλον
3084 3864 3618 3927 ἑνδεκαπλασιάσας,
3666 3865 3762 3918 καὶ
3796 3866 3947 3936 τρεῖς

2381 3952 2596 4021 ἡμέρας
2631 3955 2838 4016 τούτοις
2866 3960 3141 4023 προσθεὶς,
3173 3960 3372 4030 ύφέλῃς
3406 3962 3498 4014 ἑπὶ
3530 3962 3639 4012 τῶν
3667 3961 3708 4013 λ’
3736 3965 3828 4014 καὶ
3857 3965 3944 4014 τὸν

2383 4044 2814 4114 καταλειφθέντα
2855 4050 3109 4118 ἀριθμὸν,
3157 4052 3232 4113 ὡς
3267 4053 3516 4119 θεμέλιον
3566 4056 3669 4123 τῆς
3716 4058 3945 4126 σελήνης

2385 4137 2685 4208 κρατήσῃς.
2724 4140 2788 4190 Ai
2828 4141 2881 4191 δὲ
2923 4144 3074 4209 τρεῖς
3106 4137 3266 4197 αὗται
3308 4145 3510 4213 ἡμέραι
3539 4148 3944 4214 προστίθενται,

2381 4225 2469 4277 διὰ
2495 4227 2554 4278 τὸ
2605 4228 2678 4297 μὴ
2721 4229 3194 4288 ἀποκαθίστασθαι
3239 4236 3337 4297 τὰς
3392 4237 3488 4306 τῆς
3542 4238 3770 4308 σελήνης
3807 4242 3946 4293 κατὰ

2383 4315 2561 4383 μῆκος
2604 4320 2870 4386 παρόδους
2920 4323 2977 4375 ἑν
3029 4325 3170 4387 ὅλοις
3205 4326 3270 4377 ιθ¹
3309 4326 3506 4387 ἔτεσιν.
3561 4329 3636 4392 ὡς
3690 4331 3943 4398 εἴρηται·

2383 4405 2518 4458 ἀλλὰ
2552 4409 2704 4478 παρὰ
2741 4412 2869 4478 μιᾶς
2900 4414 3111 4482 ἡμέρας
3147 4417 3419 4486 ἑξηκοστὰ
3452 4421 3644 4487 πρῶτα
3672 4426 3817 4491 τρία,
3853 4425 3944 4475 καὶ

715 4488 923 4539 minuta
954 4487 1126 4555 prima
1172 4484 1240 4548 3',
1269 4496 1321 4538 et
1351 4484 1590 4537 secunda
1611 4483 1728 4542 57",
1757 4483 1892 4536 adeo
1932 4492 1991 4535 ut
2018 4482 2070 4534 in
2100 4482 2278 4548 spatio
2303 4497 2394 4577 D1

2262 4495 2278 4532 )
2303 4517 2358 4577 D
2382 4497 2609 4568 δεύτερα
2638 4501 2933 4569 τριάκοντα
2961 4505 3122 4569 ἑπτὰ,
3164 4507 3304 4559 ὥστε
3344 4511 3423 4570 είς
3454 4515 3800 4579 τριακοσίους
3822 4515 3941 4566 τέσ-

717 4592 981 4630 aunorum
1023 4576 1127 4628 506
1178 4576 1364 4645 cyclus
1412 4578 1551 4628 luna:
1589 4573 1705 4626 fere
1736 4575 1823 4624 die
1870 4587 1981 4624 uno
2033 4572 2271 4625 deliciat.

716 4667 864 4720 "anc
893 4669 962 4720 ob
987 4684 1205 4719 causam
1238 4682 1379 4719 anno
1413 4665 1598 4717 mundi
1637 4663 1772 4717 5929
1838 4663 2018 4715 nullus
2041 4663 2156 4716 dies
2189 4677 2279 4714 nc-

715 4762 880 4813 c.-.ssit
905 4759 1039 4828 cycli
1068 4759 1275 4811 lunaris
1325 4757 1780 4825 undecuplatione
1821 4775 1834 4810 :
1875 4758 1999 4811 inde
2030 4764 2178 4822 ivero
2211 4755 2276 4808 ad

713 4866 913 4902 annum
957 4850 1096 4903 6253
1126 4851 1242 4902 dies
1276 4866 1419 4903 unus
1453 4849 1838 4918 adjiciebatur,
1875 4860 1929 4903 et
1964 4851 2089 4902 hinc
2114 4865 2277 4919 porro

714 4957 858 4992 anno
932 4925 1069 4992 (5537
1103 4942 1225 5005 duo,
1283 4941 1520 5010 indeque
1559 4941 1624 4994 ad
1674 4957 1876 4994 annum
1935 4941 2066 4996 68M
2107 4951 2219 4995 tres
2259 4959 2273 4994 :

713 5043 874 5100 atque
906 5033 1183 5099 deinceps,
1205 5033 1359 5100 juxta
1392 5049 1613 5101 compar
1651 5035 1781 5087 dicti
1811 5035 2069 5102 temporis
2110 5034 2277 5086 inter-

714 5124 933 5183 tallunt,
970 5132 1205 5190 quatuor
1237 5124 1352 5176 dies
1387 5127 1662 5177 accedent.
1707 5125 2087 5177 Verumtamen
2137 5139 2276 5194 prte-

713 5223 864 5264 sente
908 5213 1010 5264 ltoe
1046 5222 1307 5280 tempore,
1347 5214 1389 5266 si
1414 5214 1624 5283 cyclum
1662 5215 1801 5267 luna
1837 5216 1902 5268 t7
1940 5224 1994 5268 et
2028 5215 2093 5267 18
2119 5225 2169 5266 et
2209 5217 2276 5270 19

713 5300 1160 5368 uudecuplaveris
1215 5311 1268 5351 et
1308 5313 1544 5367 quatuor
1600 5303 1716 5356 dies
1773 5303 2059 5372 adjeccris,
2112 5319 2273 5372 quem

710 5388 846 5442 velis
884 5391 1088 5444 mensis
1122 5390 1332 5443 lunaris
1370 5392 1514 5444 diem
1553 5392 1655 5446 hoc
1689 5405 1847 5462 pacto
1907 5398 2147 5464 reperire
2176 5415 2274 5467 po-

713 5481 863 5536 teris.

1092 5653 1164 5708 De
1197 5657 1342 5724 cyclo
1383 5659 1507 5712 soli:
1571 5661 1898 5718 inveniendo.

777 5741 1039 5799 Similiter
1094 5759 1146 5800 et
1177 5750 1242 5804 de
1277 5750 1424 5809 sole:
1461 5767 1664 5809 annum
1696 5756 1809 5824 jam
1848 5772 2158 5816 currentem
2189 5766 2271 5818 tli-

2383 4603 2554 4653 σαρας
2603 4590 2882 4654 ἐνιαυτοὺς
2919 4595 3046 4661 μίαν
3092 4597 3303 4666 ἡμέραν
3354 4599 3580 4666 ἔγγιστα
3615 4602 3707 4655 τὸν
3741 4603 3942 4655 κύκλον

2382 4675 2730 4732 ἐλαττοῦσθαι
2765 4680 2864 4748 τῆς
2907 4683 3158 4752 σελήνης.
3202 4689 3297 4738 Διὰ
3327 4688 3387 4757 δὴ
3413 4689 3570 4742 τοῦτο
3597 4692 3684 4744 ἐπὶ
3723 4694 3820 4762 μὲν
3849 4693 3940 4745 τοῦ

2383 4767 2551 4833 ,εῇκσ
2579 4770 2734 4835 ἔτους
2766 4773 2860 4826 τοῦ
2887 4777 3096 4842 κόσμου
3126 4779 3350 4847 οὐδεμία
3406 4783 3590 4850 ἡμέρα
3625 4785 3699 4852 τῷ
3729 4787 3942 4838 ἑνδεκα-

2383 4859 2713 4933 πλασιασμῷ
2737 4865 2828 4918 τοῦ
2854 4866 3056 4918 κύκλου
3087 4871 3184 4937 τῆς
3213 4871 3438 4940 σελήνης
3464 4876 3812 4940 προσετίθετο
3833 4893 3846 4907 ⁶
3881 4879 3941 4928 τι»

2381 4951 2478 5003 ἀπ’
2516 4953 2722 5006 ἑκείνου
2769 4956 2825 5008 δὲ
2872 4957 2997 5026 ἄχρι
3028 4961 3120 5010 τοῦ
3151 4961 3326 5027 ,ςσλῖ
3371 4963 3523 5025 ἔτους
3577 4965 3674 5031 μία
3743 4983 3942 5033 προσε-

2379 5042 2511 5110 τέθη
2530 5060 2544 5074 ³
2576 5046 2823 5098 ἐντεῦθεν
2847 5048 2903 5099 δὲ
2927 5050 3085 5118 μέχρι
3113 5051 3205 5104 τοῦ
3232 5053 3412 5120 ,ςφλξ
3442 5055 3616 5118 ἔτους,
3641 5056 3754 5109 δύο·
3786 5054 3939 5121 αὖθις

2381 5131 2436 5184 δὲ
2467 5134 2592 5202 ἄχρι
2618 5135 2709 5187 τοῦ
2735 5137 2930 5206 ,ςωμα’
2959 5144 3105 5207 τρεῖς
3126 5159 3138 5171 ·
3168 5145 3444 5198 εἰσέπειτα
3464 5146 3542 5211 δὲ,
3577 5149 3717 5200 κατὰ
3741 5151 3798 5201 τὸ
3829 5152 3938 5201 ἴσον

2381 5223 2476 5275 τοῦ
2515 5227 2807 5294 εἰρημένου
2843 5232 3035 5297 χρόνου
3078 5233 3374 5302 διάστημα,
3406 5236 3669 5303 τέσσαρες
3705 5256 3934 5307 προστε-

2379 5312 2658 5383 θήσονται.
2696 5318 2841 5387 Πλὴν
2881 5326 2973 5374 καὶ
3025 5325 3169 5376 κατὰ
3199 5325 3257 5377 τὸ
3295 5327 3489 5395 παρὸν.
3530 5329 3620 5380 τὸν
3647 5329 3709 5392 ιζ’
3749 5331 3835 5382 τὸν
3868 5339 3935 5402 ιη’

2378 5409 2471 5458 καὶ
2512 5408 2602 5460 τὸν
2649 5410 2710 5461 ιθ·
2760 5411 2959 5466 κύκλον
2990 5415 3090 5482 τῆς
3125 5418 3352 5487 σελήνης
3401 5421 3933 5488 ἑνδεκαπλασιάζων,

2379 5503 2652 5568 τέσσαρας
2687 5506 2895 5574 ἡμέρας
2927 5511 3277 5578 προσθήσεις,
3308 5519 3400 5564 καὶ
3435 5513 3576 5565 οὕτω
3606 5514 3701 5584 τὴν
3734 5519 3936 5587 ποατην

2379 5593 2473 5644 τοῦ
2503 5597 2826 5663 σεληνιακοῦ
2864 5599 3044 5668 εὑρεῖν
3079 5602 3142 5654 ἂν
3177 5602 3462 5672 δυνηθείης
3501 5608 3690 5673 μην-ἇς.

2535 5684 2663 5748 Πῶς
2700 5692 2752 5740 οἱ
2778 5690 2882 5741 τοῦ
2910 5692 3087 5756 ἡλίου
3121 5695 3334 5747 κύκλοι
3364 5697 3766 5761 εὑρίσκονται.

2463 5773 2732 5840 Ὡσαύτως
2768 5783 2856 5833 καὶ
2885 5783 2973 5834 ἐπὶ
2999 5783 3089 5835 τοῦ
3134 5785 3305 5853 ἡλίου,
3336 5789 3608 5858 κράτησον
3637 5791 3752 5851 ταῖί
3783 5792 3939 5858 ΧεΡ³ἱ
