4252 6424
281 372 347 437 81
1265 382 1672 448 SYNTAGMA
1705 388 2324 455 ALPHABETICUM.
2366 420 2432 434 —
2475 394 2542 448 [1ο
3454 405 3525 466 82

277 487 343 540 τδ
369 487 561 558 τρέχον
589 487 791 558 ἀρτίως
815 497 1013 559 ,ςωμγ’
1047 490 1167 555 ετος
1188 508 1204 526 ·
1251 496 1349 549 καὶ
1396 498 1519 551 istst
1547 499 1577 551 6
1609 500 1853 565 είκοστὺς
1883 504 1930 560 Α

1847 520 1853 563 :
1883 504 1930 560 Α
1958 502 2084 570 gitis
2113 514 2368 560 accurate
2398 517 2680 578 computa,
2721 508 2969 565 videlicet
2998 509 3157 573 6815,
3190 519 3244 564 et
3267 513 3526 580 quoniam

277 578 465 645 ὄγδοος
492 580 601 631 τῶν
627 580 840 633 κύκλων
859 581 954 634 τοῦ
989 582 1137 652 ἡλίου
1160 585 1394 657 ἀριθμὸς
1420 588 1675 657 ἀναλογεῖ
1690 590 1770 661 τῷ
1789 609 1848 644 τε

279 668 371 721 σῖτ’
402 672 493 722 καὶ
522 670 600 740 τῷ
630 670 757 739 ,βω’,
783 671 949 740 ἄφελε
981 677 1046 728 εκ
1071 676 1326 746 δευτέρου
1348 679 1440 731 τδν
1464 679 1592 749 ,βω’,
1620 681 1715 735 καὶ
1737 682 1849 735 τῶν

280 763 757 831 περιλειπομένων
806 770 986 833 ,ασμῇ
1032 765 1190 830 αὖθις
1232 768 1398 836 ἀφελε
1440 772 1699 842 τετράκις
1756 772 1850 826 τὸν

281 859 372 904 σπ⁹
399 871 415 886 ·
443 852 559 907 εἶτα
614 856 722 908 τῶν
754 842 1055 926 μεινάντων
1092 867 1210 927 ρκγ¹
1243 861 1506 931 τετράκις
1556 865 1850 933 ἀφελόντος

280 960 379 996 σου
404 945 496 998 τδν
522 953 629 1014 κη’,
654 947 1046 1020 ἀνεξάντλητος
1089 951 1239 1021 μένει
1264 954 1292 1007 6
1324 960 1414 1020 ια’,
1441 955 1499 1019 δς
1525 956 1672 1011 ἔστιν
1699 960 1729 1012 6
1750 957 1847 1012 τοῦ

278 1036 435 1107 ἡλίου
460 1038 681 1104 κύκλος.

931 1133 1192 1201 Ἄλλως.

356 1241 429 1293 Ἦ
454 1242 549 1294 καὶ
585 1242 759 1297 οὔτω’
797 1246 1074 1315 κράτησον
1125 1249 1195 1303 τὰ
1232 1251 1406 1319 μικρά
1438 1251 1533 1323 ετὴ
1568 1254 1667 1323 τῆς
1701 1274 1848 1329 παρ-

271 1328 443 1397 ούσης
494 1332 1028 1405 ἑκατονταετηρίδος,
1065 1339 1185 1408 ἡτοι
1219 1341 1288 1393 τὰ
1332 1347 1447 1411 μγ’,
1476 1344 1713 1413 πρόσθες
1750 1351 1847 1402 καὶ

270 1419 342 1470 τὰ
377 1422 806 1490 καταλειφθέντα
830 1427 931 1496 τῆς
956 1430 1335 1500 παρελθούσης
1364 1433 1461 1499 κδ’,
1486 1438 1581 1505 καὶ
1607 1439 1677 1491 τά
1705 1440 1844 1509 όμοῢ

272 1510 539 1577 γινόμενα
574 1511 648 1576 ξεν
682 1514 905 1583 μέρισον
930 1518 1023 1568 ἐπὶ
1071 1518 1140 1571 τὰ
1192 1525 1314 1589 an"
1370 1523 1466 1575 ml.
1517 1525 1587 1578 τὰ
1636 1529 1846 1583 τούτων

273 1598 537 1657 ἐλάττονα
568 1609 657 1669 ια’,
683 1605 711 1657 6
738 1604 934 1669 κύκλος
963 1608 1082 1675 ἐστὶ
1112 1608 1209 1663 τοῦ
1240 1611 1417 1683 ἡλίου.

939 1803 1209 1872 Ἑτέρως.

360 1914 527 1967 Ἀλλὰ
558 1915 667 1987 γὰρ
702 1918 837 1987 μηδὲ
863 1921 1067 1990 ταύτην
1104 1923 1427 1997 ἀπαξιώσῃς
1461 1928 1565 1999 τὴν
1597 1930 1844 1999 μέθοδον,

273 2006 375 2058 καὶ
401 2007 574 2075 ῥᾷστα
602 2009 693 2060 τὸν
724 2010 1153 2081 ἐπιζητούμενον
1175 2016 1376 2070 κύκλον
1398 2020 1489 2071 καὶ
1520 2021 1848 2091 ἀμφοτέρων

278 2097 537 2161 συνήσεις
586 2096 696 2149 τῶν
747 2100 962 2165 φώτων.
1006 2102 1065 2155 Ὀ
1107 2102 1172 2155 ιθ⁹
1204 2105 1404 2170 κύκλος
1442 2109 1543 2179 τῆς
1591 2112 1845 2182 σελήνης,

275 2188 376 2237 καὶ
414 2187 442 2238 6
475 2192 561 2256 κη’
592 2187 789 2251 κύκλος
819 2190 912 2243 τοῦ
945 2193 1098 2261 ἡλίου
1134 2196 1385 2266 ἀλλήλοις
1414 2200 1847 2269 πολυπλασιαζόο

275 2294 455 2343 μενοι,
475 2280 565 2331 τδν
595 2286 645 2346 φ’
676 2282 771 2333 καὶ
793 2281 870 2351 λβ¹
896 2287 1222 2353 συνάγουσιν
1249 2290 1504 2359 ἀριθμὸν,
1528 2292 1675 2363 ἄλφα
1699 2298 1846 2350 τισὶν

274 2368 703 2439 ὀνομαζόμενον,
729 2377 878 2445 παρά
902 2378 963 2429 τὸ
996 2380 1326 2447 συνάγεσθαι
1349 2384 1449 2450 τὴν
1478 2385 1650 2455 αὐτὴν
1684 2389 1846 2442 ποσό-

274 2476 422 2528 τητα
444 2464 559 2525 τοῖς
590 2465 647 2531 ἐξ
674 2459 749 2518 ὧν
768 2468 829 2519 τὸ
861 2467 1005 2537 ἄλφα
1039 2474 1299 2540 στοιχεῖον
1322 2472 1629 2540 σύγκειται.
1660 2476 1849 2550 Τούτῳ

274 2555 466 2608 τοίνυν
517 2561 610 2610 καὶ
663 2561 725 2613 τὸ
780 2562 1054 2633 πλήρωμα
1118 2567 1226 2618 τῶν
1275 2568 1493 2622 κύκλων
1543 2570 1851 2637 ἀκολούθως

280 2649 644 2715 συνέρχεται·
675 2652 703 2702 6
753 2652 853 2720 μὲν
898 2654 1005 2724 γὰρ
1055 2656 1219 2720 εὐθὺς
1270 2656 1335 2710 ιθ¹
1370 2662 1397 2713 6
1444 2662 1543 2729 τῆς
1595 2663 1848 2734 σελήνης,

275 2735 465 2802 δγδοος
490 2739 545 2792 δὲ
579 2742 670 2792 καὶ
710 2745 952 2808 εἰκοστὸς
996 2749 1024 2798 6
1070 2750 1162 2800 τοῦ
1197 2749 1347 2817 ἡλίου
1379 2753 1612 2819 γίνεται.
1644 2756 1852 2809 Οὐκοῦν

280 2828 510 2895 μέρισον
568 2832 634 2883 τὰ
691 2831 800 2886 ἀπὸ
846 2836 1077 2898 κτίσεως
1111 2839 1318 2908 κόσμου
1359 2842 1453 2912 ἔτη
1490 2845 1581 2896 ἐπὶ
1629 2847 1703 2899 τὰ.
1733 2828 1852 2915 (ρλϐ’

277 2917 462 2971 οὕτω·
505 2925 804 2987 δωδεκάκις
840 2928 905 2979 τὰ
942 2931 1293 2993 πεντακόσια,
1342 2933 1717 3003 ἑξακισχίλια·
1748 2939 1853 2993 6w-

279 3012 509 3075 δεκάκις
560 3017 629 3067 τὰ
681 3016 744 3081 λ’,
780 3020 1069 3085 τριακόσια
1105 3021 1404 3091 ἐξήκοντα·
1444 3026 1741 3093 δωδεκάκις
1784 3035 1852 3085 τὰ

280 3102 399 3163 δύο,
440 3103 550 3157 κδ’·
589 3108 725 3175 ὁμοῦ
758 3111 967 3178 ,ςτπδυ
1002 3110 1164 3165 λοιπά
1210 3112 1325 3179 υξα’
1361 3115 1498 3184 πρὸς
1523 3118 1585 3169 τὸ
1612 3121 1852 3188 σήμερον

277 3195 448 3260 τυχὸν
493 3197 681 3266 ,ςωμε’
716 3199 855 3262 ἔτος.
890 3202 999 3256 Καὶ
1036 3202 1101 3255 ἂν
1142 3203 1242 3271 μὲν
1270 3209 1359 3257 τὸν
1398 3207 1602 3261 κύκλον
1628 3212 1728 3278 τῆς
1766 3228 1852 3264 σε·

278 3284 451 3352 ἳήνης
475 3286 666 3356 ἐθέλῃς
697 3289 895 3359 εὑρεῖν,
932 3293 1158 3359 μέρισον
1187 3294 1255 3347 τὰ
1299 3296 1413 3359 υξα¹
1445 3298 1539 3350 ἐπὶ
1564 3300 1631 3352 τά
1678 3302 1741 3353 ιθ’
1764 3301 1853 3354 οὖ·-

278 3391 393 3437 τως
418 3394 431 3406 ·
467 3376 515 3428 κ’
541 3379 605 3430 τὰ
649 3380 801 3443 ἱέκα,
834 3388 911 3433 σ’-
945 3389 993 3434 κ¹
1022 3384 1090 3437 τὰ
1128 3384 1195 3448 θ’,
1227 3393 1349 3455 ρπ’·
1391 3388 1435 3441 δ’
1458 3391 1525 3441 τὰ
1559 3397 1610 3454 ι’,
1655 3398 1741 3460 μ”
1769 3411 1857 3447 τε-

278 3470 482 3532 τράκις
507 3473 573 3519 τὰ
610 3467 675 3531 θ’,
708 3470 829 3535 λς’·
862 3473 997 3542 όμοῦ
1036 3474 1179 3540 υνς’,
1225 3476 1388 3530 λοιπὰ
1431 3485 1493 3533 ε’.
1530 3478 1713 3533 Ταῦτα
1757 3483 1856 3535 πέ-

282 3578 459 3625 φυκεν
484 3564 511 3613 6
546 3562 643 3630 τῆς
663 3565 891 3633 σελήνης
921 3566 1141 3628 κύκλος.
1161 3570 1259 3621 "Av
1284 3569 1336 3622 δὲ
1360 3570 1454 3622 τοῦ
1478 3572 1630 3641 ἡλίου
1663 3572 1853 3645 ζητῇς,

282 3652 492 3713 οὕτως·
519 3654 738 3715 δεκάκις
761 3656 828 3709 τά
862 3654 931 3717 κ’,
972 3656 1015 3708 σ¹
1037 3672 1049 3686 ·
1082 3658 1302 3722 δεκάκις
1343 3663 1409 3714 τὰ
1438 3669 1510 3727 η’,
1543 3663 1600 3715 π’
1624 3682 1636 3694 ·
1670 3666 1856 3730 ἑξάκις

283 3748 353 3797 ti
384 3745 459 3812 η’,
493 3753 604 3816 μη’,
650 3747 787 3814 ὁμοῦ
835 3747 986 3819 υμη’,
1032 3749 1194 3804 λοιπά
1242 3758 1333 3821 ιγ’,
1380 3752 1417 3807 ἃ
1452 3755 1518 3826 δὴ
1551 3756 1797 3824 πέφυκεν
1826 3760 1855 3812 6

290 3838 491 3900 κύκλος
525 3838 619 3892 τοῦ
649 3840 821 3909 ἡλίου.

622 3976 756 4044 Πῶς
780 3979 1126 4047 εὑρίσκεται
1154 3983 1192 4051 ἠ
1223 3982 1511 4050 ῑνδικτος.

360 4086 524 4141 Οὕτω
552 4090 643 4143 καὶ
673 4092 765 4142 ἐπὶ
795 4092 893 4159 τῆς
924 4092 1159 4145 ίνδίκτου
1184 4095 1325 4148 ποίει
1346 4111 1360 4126 ⁶
1390 4096 1457 4149 τὰ
1481 4097 1581 4165 μὲν
1610 4099 1717 4153 ἀπὸ
1740 4101 1861 4155 κτί-

290 4192 433 4239 σεως
462 4178 666 4245 κόσμου
693 4180 785 4249 ἔτη
823 4180 1071 4233 ἀναλύων
1112 4184 1206 4236 ἐπὶ
1250 4184 1318 4237 τὰ
1349 4190 1429 4251 ιε’,
1474 4187 1543 4238 τὰ
1572 4187 1627 4240 δὲ
1669 4192 1861 4260 μικρὰ,

297 4268 440 4335 μετά
474 4272 793 4342 προσθήκης
825 4273 961 4325 ἑτῶν
990 4281 1030 4326 ε’
1073 4274 1310 4344 μερίζων
1351 4272 1506 4341 αὖθις
1554 4280 1646 4333 ἐπὶ
1674 4282 1740 4335 τὰ
1783 4288 1863 4338 ιε’.

295 4362 356 4413 l-Jl
390 4362 501 4429 γὰρ
545 4365 637 4417 καὶ
686 4367 799 4426 τοῖς
846 4366 915 4419 τὰ
955 4366 1225 4436 Ἐλλήνων
1256 4368 1514 4438 φρονοῦσι
1571 4369 1867 4442 Ῥωμαίοις

1955 608 2215 648 numerus
2248 594 2318 649 28
2349 598 2627 668 cyclornm
2669 600 2804 653 solis
2860 596 3149 666 respondet
3180 609 3231 654 et
3296 617 3529 655 numero

1954 682 2080 747 280.
2111 695 2163 740 et
2196 702 2425 741 numero
2452 688 2614 752 2800,
2643 690 2797 743 aufer
2831 692 2912 745 bis
2935 690 3079 744 2800
3094 707 3158 745 es
3194 691 3356 754 6863,
3379 704 3433 745 et
3461 709 3526 746 es

1955 776 2305 830 manentibus
2340 776 2479 830 1245
2516 792 2711 833 rursus
2751 780 2909 833 deme
2939 790 3135 847 quater
3172 780 3313 841 280;
3343 790 3454 833 tum
3500 796 3529 834 ο

1955 866 2190 923 residuis
2226 870 2629 934 numeris-123,
2666 872 2711 925 si
2754 872 2969 925 auriferas
2997 881 3194 941 quater
3224 873 3315 931 28,
3342 888 3531 924 mane-

1955 956 2034 1009 bit
2062 973 2322 1013 numerus
2356 960 2518 1029 207
2560 962 2918 1018 inexhaustus
2978 963 3067 1025 11,
3108 964 3201 1016 nui
3255 966 3389 1016 solis
3438 977 3531 1031 cyo

1955 1048 2077 1102 ctus
2105 1049 2229 1106 erit.

2642 1142 2831 1197 Aliter.

2024 1245 2305 1303 Veletiam
2346 1252 2449 1305 hoc
2493 1254 2653 1305 modo
2683 1270 2696 1306 :
2730 1267 2886 1306 serva
2940 1268 3225 1307 numerum
3260 1255 3529 1307 minorem

1954 1352 2223 1395 annorum
2257 1343 2528 1397 currentis
2578 1344 3129 1407 llecatontaeteiidos,
3188 1347 3301 1397 sive
3325 1348 3411 1403 45,
3480 1355 3535 1399 et

1953 1429 2127 1497 adjice
2150 1444 2343 1496 annos,
2403 1434 2493 1501 qui
2535 1443 2828 1502 supersunt
2859 1435 2925 1488 de
2952 1434 3220 1503 praeterita
3252 1434 3343 1499 25,
3380 1452 3532 1490 smn-

1954 1534 2207 1588 mamque
2238 1521 2363 1574 inde
2393 1524 2677 1577 collectam
2708 1524 2775 1579 67
2802 1526 3005 1593 partire
3043 1542 3137 1595 per
3182 1526 3253 1580 28
3279 1546 3289 1583 :
3334 1544 3529 1580 intime-

1954 1623 2048 1662 rus
2083 1618 2205 1677 post
2240 1610 2564 1667 divisionem
2597 1616 2874 1681 residuus,
2939 1631 3135 1686 nempe
3182 1618 3527 1681 undecimus.

1952 1699 2057 1753 erit
2094 1702 2279 1771 cyclus
2302 1703 2461 1759 solis.

2576 1820 2698 1873 Alio
2731 1822 2906 1878 modo.

2017 1920 2122 1977 Sed
2148 1940 2247 1979 nec
2273 1925 2378 1981 ista
2411 1928 2707 1984 mctliodus
2741 1936 3047 2000 respuenda
3093 1944 3200 1999 est.
3239 1950 3346 2003 qua
3381 1936 3534 1988 nullo

1950 2014 2167 2079 negotio
2199 2017 2484 2085 utriusque
2515 2020 2805 2075 luminaris
2825 2025 3036 2092 cyclum
3088 2034 3299 2093 captes.
3334 2027 3533 2095 Cyr-lus

1952 2104 2018 2157 19
2048 2104 2191 2157 lunae
2225 2120 2280 2159 et
2318 2110 2503 2177 cyclus
2531 2110 2601 2163 28
2624 2111 2760 2165 solis
2785 2113 2837 2166 in
2881 2128 2939 2168 se
2986 2115 3220 2169 invicem
3257 2119 3401 2169 ενοι·ιὶ
3431 2134 3533 2169 nu-

1953 2210 2161 2249 merum
2206 2196 2312 2252 532
2347 2201 2678 2267 producunt,
2719 2218 2879 2272 quem
2922 2207 3167 2261 nonnulli
3230 2208 3386 2274 alpha
3442 2225 3533 2277 ap-

1952 2286 2174 2355 pellant,
2214 2292 2342 2357 quia
2372 2291 2561 2343 eadem
2594 2308 2808 2346 summa
2830 2310 2892 2347 ex
2928 2296 3087 2349 istius
3114 2300 3264 2351 vocis
3295 2301 3534 2352 elemen-

1953 2379 2021 2431 tis
2046 2378 2336 2434 conﬂatur.
2369 2380 2504 2435 Cum
2539 2382 2628 2435 illo
2666 2385 2827 2454 igitur
2859 2398 2912 2440 et
2948 2390 3405 2457 complementum
3438 2407 3531 2459 cy-

1950 2470 2159 2523 cltn-um
2196 2483 2456 2540 perpetuo
2499 2476 2819 2541 concurrit;
2877 2492 3002 2530 nam
3040 2480 3103 2533 19
3168 2482 3418 2548 protinus
3450 2485 3535 2535 lu-

1951 2575 2034 2612 na:
2059 2561 2245 2630 cyclus
2289 2564 2369 2626 tit,
2413 2574 2467 2617 et
2494 2565 2564 2617 28
2616 2566 2803 2636 cyclus
2851 2570 3002 2623 solis.
3062 2569 3384 2627 Dividantur
3413 2577 3535 2630 ideo

1953 2652 2077 2704 anni
2120 2651 2190 2706 ab
2239 2654 2371 2708 orbe
2431 2657 2651 2709 condito
2686 2673 2780 2726 per
2831 2658 2935 2713 532
2992 2663 3043 2714 in
3080 2662 3225 2716 hunc
3262 2666 3482 2721 modum
3518 2685 3534 2722 :

1952 2740 2243 2796 duodecim
2293 2745 2457 2799 ducta
2502 2748 2554 2799 in
2610 2748 2712 2803 500
2772 2749 2980 2805 faiiunt
3031 2752 3192 2815 6000.
3256 2766 3309 2809 et
3357 2757 3408 2809 in
3465 2758 3537 2811 30

1954 2833 2081 2895 560.
2143 2846 2196 2890 et
2262 2837 2330 2890 12
2380 2838 2432 2890 in
2484 2838 2643 2893 221.
2709 2841 2782 2894 Ex
2833 2844 3032 2910 quibus
3096 2846 3259 2899 conﬁt
3320 2863 3533 2903 summa

1956 2926 2117 2980 6584.
2156 2926 2393 2982 Residua
2420 2941 2541 2997 post
2573 2932 2898 2985 divisionem
2960 2946 3090 2988 sunt
3143 2936 3266 2989 101.
3306 2936 3423 2991 Jam
3488 2940 3534 2994 si

1954 3021 2146 3088 cupias
2212 3037 2308 3089 pro
2362 3023 2615 3088 praesenti
2705 3039 2851 3077 anno
2908 3025 3049 3079 6745
3120 3029 3262 3082 lume
3315 3032 3530 3099 cyclum

1958 3110 2295 3176 adinvenire,
2336 3113 2515 3165 divide
2546 3113 2644 3168 461
2683 3131 2776 3181 per
2808 3116 2875 3167 1‘.)
2911 3119 2962 3169 in
2993 3118 3136 3172 hunc
3180 3122 3438 3189 modum;
3465 3124 3537 3178 ευ

1958 3204 2120 3256 ducta
2148 3206 2200 3257 in
2234 3205 2303 3258 10
2337 3208 2642 3273 producunt
2667 3208 2771 3262 200
2800 3219 2853 3261 et
2889 3210 2957 3263 30
2986 3213 3037 3263 in
3066 3212 3098 3266 9
3134 3212 3268 3277 18ος
3296 3214 3539 3283 itemque

1953 3292 1987 3346 4
2055 3295 2106 3348 in
2152 3294 2215 3348 10
2242 3295 2330 3359 40,
2376 3310 2429 3350 et
2479 3300 2513 3351 4
2554 3300 2606 3351 in
2651 3299 2683 3351 9
2737 3300 2827 3353 36.
2870 3299 2981 3352 lloc
3032 3312 3135 3365 est,
3203 3304 3368 3358 simul
3406 3306 3534 3359 656.

1954 3382 2189 3440 Residua
2243 3397 2364 3454 post
2412 3389 2754 3452 divisionem,
2813 3393 3069 3446 nimirum
3125 3394 3179 3459 5,
3212 3405 3343 3450 sunt
3396 3397 3539 3451 lunae

1957 3478 2396 3548 cyclus.Cyelum
2435 3490 2613 3533 autem
2652 3482 2785 3534 solis
2811 3474 2913 3534 hoc
2944 3484 3439 3549 modoindagabis:
3472 3487 3537 3541 10

1957 3567 2010 3621 in
2047 3568 2117 3621 20
2146 3569 2383 3624 efﬁciunt
2417 3571 2545 3633 200.
2590 3573 2641 3625 in
2670 3572 2702 3625 8
2728 3574 2817 3631 80.
2843 3586 3005 3641 atque
3035 3573 3068 3626 6
3116 3576 3167 3628 in
3199 3576 3231 3630 8
3265 3576 3355 3630 68.
3393 3577 3536 3641 Quo-

1958 3676 2078 3714 rum
2121 3676 2334 3717 sunnua
2394 3664 2518 3720 “8.
2566 3664 2805 3719 Residua
2868 3681 2994 3720 vero
3039 3668 3106 3721 15
3151 3670 3363 3739 cyclum
3401 3674 3535 3727 solis

1959 3760 2289 3806 monstrant.

2335 3974 2610 4042 Quomodo
2641 3978 2905 4032 invenitur
2920 3979 3164 4033 indictio.

2035 4082 2141 4140 Pro
2178 4086 2479 4142 indictione
2525 4089 2688 4142 etiam
2749 4091 3018 4158 captanda
3082 4092 3185 4147 hoc
3214 4091 3380 4148 modo
3407 4108 3537 4164 ope-

1966 4192 2110 4232 rare.
2140 4176 2331 4233 Annos
2364 4180 2433 4232 ab
2456 4179 2590 4233 orbe
2628 4179 2851 4234 condito
2902 4180 3083 4235 divide
3118 4196 3212 4251 per
3247 4183 3331 4249 15,
3357 4192 3413 4238 et
3441 4200 3540 4238 an-

1966 4281 2069 4321 nos
2094 4266 2337 4322 minores
2368 4268 2567 4322 additis
2593 4269 2840 4337 quinque
2870 4283 3061 4324 rursus
3097 4270 3298 4338 partire
3324 4287 3418 4342 per
3447 4273 3540 4328 15.

1968 4361 2081 4415 Etsi
2113 4361 2259 4416 enim
2309 4362 2450 4431 apud
2476 4362 2773 4429 Romanos,
2797 4363 2890 4433 qui
2914 4361 3172 4431 gentilem
3194 4366 3541 4430 superstitio-

292 4450 591 4519 ἐξεύρηται
629 4452 689 4505 τὸ
733 4454 834 4522 τῆς
869 4454 1102 4509 ἰνδίκτου
1156 4457 1251 4510 καὶ
1298 4459 1677 4530 ίπινεμὴσεως
1719 4462 1864 4528 ἔθος,
1895 4502 1941 4559 D

1933 4512 1941 4550 ⁵
1972 4467 2094 4506 nem
2130 4452 2440 4522 sapiebaut,
2472 4452 2711 4506 obtinuit
2742 4452 3060 4506 indictionis
3089 4461 3144 4507 et
3175 4455 3541 4523 ἑπινεμέσεως

294 4545 382 4597 διὰ
415 4546 479 4598 τὸ
508 4547 759 4614 φανερῶς
805 4547 900 4599 ὲπὶ
938 4549 1220 4609 τοσούτοις
1264 4550 1607 4606 ἐναλλάττειν
1650 4556 1866 4624 χρόνοις

296 4638 392 4698 τὰς
420 4636 533 4688 τῶν
560 4637 863 4705 ἀνθρώπων
895 4640 1132 4709 ἡλικίας,
1165 4640 1281 4694 ἀλλ’
1306 4642 1500 4696 ἔλαθον
1539 4645 1767 4708 ἑαυτοὺς
1797 4649 1864 4718 τῇ

294 4728 528 4797 ἀληθείᾳ
552 4731 647 4781 καὶ
665 4722 811 4782 οὗτοι
839 4731 1273 4799 συνενεχθέντες,
1298 4733 1518 4796 καὶτοῖς
1546 4733 1627 4804 τῷ
1647 4736 1869 4806 μεγάλῳ

297 4819 491 4870 Monet
533 4821 1044 4890 ἀναγεγραμμένοις
1076 4823 1185 4875 ἀπὸ
1215 4824 1447 4886 κτίσεως
1493 4828 1698 4883 κόσμου
1734 4844 1870 4899 συμ-

302 4913 672 4981 φθεγγόμενοι
709 4914 944 4983 χρόνοις.

514 5023 647 5091 Πῶς
671 5025 739 5079 τὸ
766 5028 1015 5093 νομικὸν
1038 5029 1380 5095 εὑρίσκεται
1409 5028 1648 5099 Πάσχα.

386 5141 556 5195 Ἀλλὰ
581 5142 675 5194 καὶ
698 5143 789 5194 ἐπὶ
809 5141 907 5210 τὴν
935 5140 1155 5210 εὕρεσιν
1184 5142 1285 5213 ἡδη
1316 5140 1410 5195 τοῦ
1449 5142 1676 5211 νομικοῦ
1702 5143 1873 5212 ίωμεν

303 5235 520 5303 Πάσχα.
607 5232 1135 5287 Ἑνδεκαπλασίασον
1199 5233 1291 5285 τὸν
1360 5232 1665 5302 τηνικαῦτα
1730 5234 1874 5286 διῖπυ

307 5329 544 5381 τεύοντα
594 5326 692 5395 τῆς
750 5325 984 5393 σελήνης
1037 5324 1277 5387 κύκλον,
1331 5324 1615 5393 προστίθει
1662 5326 1873 5388 τούτοις

310 5420 527 5487 ἡμέρας
556 5416 636 5483 ἐξ,
674 5418 773 5478 τὰς
808 5418 1207 5485 συνισταμένας
1238 5416 1303 5468 ὲκ
1326 5416 1419 5468 τοῦ
1453 5417 1750 5485 εἰρημένου
1786 5417 1875 5468 λε-

312 5509 447 5561 πτοῦ
476 5508 591 5571 ἑνὸς
624 5510 719 5561 καὶ
769 5508 1004 5576 ἡμίσεως
1039 5510 1130 5560 καὶ
1160 5508 1370 5577 τρίτου,
1420 5508 1563 5575 ἆπερ
1608 5508 1731 5560 κατ’
1780 5510 1874 5559 ἑπ-

314 5608 494 5653 ἑκεινα
520 5600 630 5652 τῶν
662 5598 741 5653 κθ¹
773 5604 865 5653 καὶ
896 5599 1152 5668 ἡμισείας
1183 5599 1407 5668 ἡμερῶν
1445 5600 1581 5667 ἔχων
1609 5599 1876 5650 δέδεικται

316 5697 341 5743 6
369 5693 467 5759 τῆς
494 5692 724 5759 σελήνης
757 5693 1003 5760 μηνιαῖος
1035 5689 1255 5752 κύκλος.
1276 5690 1408 5742 Ἀπὸ
1456 5689 1514 5743 δὲ
1541 5688 1634 5743 τοῦ
1683 5689 1747 5754 ιζ’
1777 5688 1879 5743 κύ-

316 5784 440 5834 κλιυ
477 5781 637 5852 μέχρι
665 5781 758 5834 τοῦ
789 5778 852 5833 ιθ¹
877 5779 1088 5851 ἡμέρας
1118 5779 1443 5850 προσθήσεις
1475 5781 1616 5833 ἐτττὰ
1637 5797 1649 5812 υ
1677 5778 1877 5833 πλείων

1970 4547 2130 4610 ritus,
2160 4546 2417 4614 quoniam
2435 4545 2595 4614 juxta
2627 4545 2680 4597 id
2710 4544 2978 4613 temporis
3027 4543 3372 4599 intervallum
3402 4548 3542 4601 insi.

1969 4636 2146 4706 gniter
2195 4637 2557 4690 immutantur
2613 4636 2895 4690 hominum
2955 4644 3165 4701 aetates,
3225 4639 3544 4691 nesciebant

1970 4738 2150 4782 tamen
2192 4727 2293 4795 ipsi
2327 4737 2499 4782 semet
2516 4726 2583 4781 ad
2611 4728 2894 4782 veritatem
2931 4724 3214 4790 accedere,
3246 4735 3303 4782 et
3352 4730 3539 4796 quoad

1969 4835 2145 4875 annos
2160 4820 2230 4875 ab
2249 4820 2383 4875 orbe
2404 4820 2627 4875 condito
2658 4833 2784 4874 cum
2844 4830 3043 4888 magno
3109 4816 3261 4874 Mose
3304 4835 3543 4876 consen-

1970 4912 2094 4966 tiro.

2252 5024 2530 5092 Quomodo
2557 5024 2815 5093 reperitur
2843 5024 3051 5078 Pascha
3082 5024 3270 5093 legale.

2044 5137 2346 5207 Pergamus
2373 5146 2553 5191 autem
2588 5136 2654 5191 ad
2694 5136 2899 5192 Pascha
2928 5136 3100 5206 legale
3127 5136 3543 5193 inveniendum.

1974 5232 2199 5301 Cyclum
2230 5228 2375 5284 luna:
2403 5229 2513 5298 jam
2548 5237 2860 5282 currentem
2895 5228 3260 5297 undecuplato
3295 5244 3308 5280 :
3344 5228 3544 5295 quibus

1976 5320 2244 5373 addantur
2276 5319 2527 5381 diesses,
2552 5318 2731 5386 quies
2786 5317 2935 5370 dicto
2989 5318 3200 5370 minuto
3251 5332 3361 5369 uno
3419 5333 3543 5369 eum

1978 5410 2204 5463 semisse
2238 5422 2301 5461 ac
2349 5419 2501 5476 parte
2530 5406 2683 5459 tertia
2740 5406 3006 5466 contiunt.
3063 5421 3201 5474 quas
3249 5406 3546 5474 particulas

1980 5511 2318 5555 menstruum
2352 5499 2491 5552 luna:
2525 5497 2754 5567 -cyclum
2803 5501 2943 5550 ultra
2988 5496 3057 5550 28
3111 5498 3228 5550 dies
3287 5512 3411 5550 cum
3462 5512 3548 5549 se-

1980 5593 2147 5647 misse
2190 5591 2390 5644 babere
2446 5590 2552 5658 iam
2600 5599 2882 5642 ostensum
2914 5598 3017 5641 est.
3054 5587 3204 5640 Alios
3242 5596 3422 5640 autem
3479 5589 3546 5639 ad

1981 5683 2359 5751 complendum
2390 5694 2674 5734 numerum
2713 5677 2781 5733 50
2815 5678 3060 5747 adjicies,
3104 5678 3212 5732 itno
3247 5694 3275 5730 a
3304 5679 3456 5747 cyclo
3486 5677 3544 5729 l7

1982 5776 2048 5832 ad
2085 5774 2173 5841 19.
2198 5783 2403 5844 septem
2428 5774 2543 5828 dies
2571 5790 2585 5828 :
2612 5785 2734 5827 nam
2756 5773 2810 5824 in
2843 5771 2948 5828 illis
2967 5770 3134 5839 cyclis
3160 5771 3342 5838 plures
3366 5768 3550 5837 requi-
