4252 6424
291 367 372 427 85
1283 377 1690 440 SYNTAGMA
1747 382 2367 450 ALPHABETICUM.
2418 416 2487 427 —
2529 389 2599 441 Πο
3479 400 3552 464 86

294 481 361 534 τὸ
389 483 578 553 Πάσχα
607 486 667 538 τὺ
699 487 945 554 νομικὸν,
976 488 1106 542 λάϐε
1148 488 1242 543 καὶ
1287 493 1385 556 τὰς
1428 494 1593 564 μέχρι
1626 498 1722 547 τοῦ
1757 495 1865 548 Πά·
1892 502 1944 561 Α

1864 502 1944 561 ηΑ
1974 501 2029 554 in
2068 502 2264 570 Aprili,
2319 505 2510 576 accipe
2557 516 2611 562 et
2659 521 2722 563 ex
2776 508 2972 565 Martio
3021 508 3199 566 solum
3245 519 3354 568 tres
3406 512 3543 570 dies.

290 589 398 640 σχα
431 576 622 627 τούτου
653 579 866 646 ἡμέρας
888 597 902 610 ο
934 583 981 633 εἰ
1013 581 1070 634 δὲ
1101 583 1158 634 ἐν
1189 580 1266 650 τῷ
1307 582 1588 654 Ἀπριλίῳ,
1616 585 1743 638 λάϐε
1766 586 1860 638 καὶ

287 665 400 716 ἀπὸ
438 666 528 718 τοῦ
559 668 807 736 Μαρτίου
862 669 1029 738 μόνας
1066 673 1241 741 τρεῖς,
1281 673 1375 725 καὶ
1410 674 1510 735 τὰς
1536 673 1630 727 τοῦ
1673 676 1862 742 Ἀπρι-

287 754 431 815 λίου.
467 757 588 810 ὅσαι
635 760 798 828 μέχρι
847 759 941 813 τοῦ
976 764 1166 831 Πάσχα
1205 763 1573 829 εὑρίσκονται,
1607 767 1700 820 καὶ
1732 765 1864 818 ἑνώ-

288 863 390 908 σας
421 848 657 911 ἁπάσας,
685 851 952 904 ἀνάλυσον
987 853 1083 906 ἐπὶ
1116 853 1186 904 τὰ
1207 852 1272 917 ζ’,
1298 855 1393 906 καὶ
1421 857 1469 907 ει
1499 857 1596 924 μὲν
1632 858 1729 925 μία
1767 875 1862 910 πε-

290 937 597 1009 ριλειφοεὶη
640 942 846 1011 ἡμέρα,
903 942 1144 1012 ὑπάρχει
1199 944 1490 1014 Κυριακὴ,
1551 948 1642 998 καὶ
1681 946 1764 998 δετ
1802 964 1862 1000 σι

285 1029 620 1094 προσμένειν
649 1031 746 1101 τὴν
777 1033 1113 1101 ἐρχομένην·
1168 1033 1218 1084 εἰ
1263 1033 1318 1085 δὲ
1365 1034 1478 1095 δύο,
1513 1034 1774 1104 δευτέρα·
1811 1036 1860 1087 ει

283 1117 341 1170 δὲ
379 1122 546 1187 τρεῖς,
582 1121 764 1189 τρίτη,
800 1124 893 1175 καὶ
928 1123 1056 1189 ἑξῆς
1089 1125 1254 1193 μέχρι
1283 1126 1390 1178 τῶν
1425 1127 1588 1180 ἑπτά.
1628 1128 1729 1179 Kal
1767 1128 1860 1195 ἀφ’

285 1207 550 1277 ἑκάστης,
585 1211 680 1263 ἐπὶ
708 1211 805 1282 τὴν
840 1214 1127 1283 Κυριακὴν
1159 1217 1429 1286 ἁπαντᾷν,
1458 1218 1552 1269 καὶ
1587 1218 1646 1268 ὲν
1675 1219 1864 1290 ἐκείνῃ

283 1302 353 1367 τῇ
393 1302 578 1370 ἡμέρᾳ
611 1303 704 1355 τοῦ
735 1305 922 1372 μηνὸς.
956 1305 1042 1373 ἔφ’
1072 1306 1195 1376 ἢνή
1232 1309 1489 1378 Κυριακὴ
1521 1309 1862 1380 εὑρίσκεται,

284 1392 415 1460 λέγε
449 1395 510 1447 τὸ
538 1397 923 1465 Χριστιανικὺν
957 1397 1101 1452 εἶναι
1135 1399 1347 1469 Πάσχα.

549 1509 752 1576 Ὅπως
791 1513 1134 1578 εὑρίσκεται
1164 1514 1203 1580 ἡ
1245 1514 1605 1581 Ἀπόκρεως.

359 1624 512 1677 Μετὰ
541 1624 598 1677 δὲ
629 1627 689 1677 τὸ
718 1628 900 1696 εὑρεῖν
923 1629 1021 1696 τὴν
1052 1628 1271 1696 ἡμέραν
1298 1629 1392 1682 τοῦ
1421 1630 1610 1699 μηνὸς,
1645 1629 1770 1684 καθ’
1793 1631 1863 1701 ἡν

284 1717 345 1768 τὸ
375 1718 482 1769 τῶν
509 1706 851 1787 Χρίστιανῶν
883 1721 1074 1788 Πάσχα
1106 1722 1338 1788 γίνεται,
1375 1723 1654 1792 προστίθει
1685 1725 1859 1794 ταύτῃ

283 1811 436 1876 τρεῖς
468 1810 688 1878 ἡμέρας
731 1811 947 1880 ἑτέρας,
987 1813 1261 1881 τέσσαρας
1289 1813 1367 1875 δὲ,
1401 1816 1447 1866 ει
1483 1817 1511 1867 ὁ
1540 1814 1732 1883 χρόνος
1774 1816 1859 1885 βε-

283 1914 480 1961 σεκτος
515 1901 620 1968 εἴη,
655 1902 748 1954 καὶ
778 1899 984 1964 ἑνώσας
1035 1903 1276 1967 ἁπάσας,
1323 1905 1370 1956 ει
1416 1905 1515 1974 μὲν
1555 1908 1581 1956 ὁ
1623 1905 1858 1974 ἀριθμὸς

281 1991 495 2041 τούτων
525 1993 604 2053 εις
635 1993 727 2045 τὸν
760 1994 1002 2061 Μάρτιον
1026 1995 1239 2059 πίπτει,
1266 1995 1418 2066 ζήτει
1447 1997 1548 2064 τὴν
1575 1995 1859 2066 Ἀπόκρεω

283 2084 343 2133 ἐν
381 2085 447 2152 τῇ
481 2083 754 2154 ξσαρίθμῳ
784 2085 878 2138 τοῦ
911 2086 1250 2155 Ἰανουαρίου
1285 2089 1507 2158 ἡμέρᾳο
1546 2089 1596 2140 ει
1626 2089 1684 2141 δὲ
1715 2091 1855 2141 ἐκεῖ·

280 2196 372 2239 νος
407 2182 463 2230 ἐν
495 2178 573 2248 τῷ
601 2181 866 2249 Ἀπριλίῳ
917 2183 1256 2252 εὑρίσκεται,
1303 2183 1495 2235 σκόπει
1537 2182 1746 2252 ταύτην
1798 2185 1856 2235 ὲν

279 2271 362 2339 τῷ
396 2271 768 2342 Φεϐρουαρίῳ.
800 2273 1002 2325 Σκόπει
1027 2273 1082 2325 δὲ
1109 2276 1203 2326 καὶ
1233 2272 1375 2326 οὕτω
1398 2292 1410 2306 ·
1442 2275 1532 2326 τὸν
1569 2276 1856 2342 ἐνιστάμεο

281 2382 375 2416 νον
409 2365 507 2433 τῆς
544 2366 776 2434 σελήνης
812 2366 1064 2435 θεμέλιον
1103 2367 1232 2436 ἄχρι
1293 2368 1384 2419 καὶ
1429 2367 1856 2435 πεντηκοντὰδος

281 2460 547 2520 ἐκτενεῖς,
582 2459 1033 2527 προσεπιϐάλλων
1066 2459 1213 2527 αὐτῷ
1243 2459 1342 2520 τὰς
1373 2459 1480 2512 ἀπὸ
1502 2459 1601 2528 τῆς
1633 2461 1856 2527 πρώτης

280 2548 376 2601 τοῦ
410 2550 738 2618 Ἰανουαρῖου
783 2552 876 2604 καὶ
927 2553 1112 2619 πρόσω
1149 2554 1385 2622 ἡμέρας,
1420 2552 1514 2602 καὶ
1551 2550 1645 2603 τοῦ
1693 2557 1733 2601 v’
1774 2567 1858 2602 τε-

279 2641 640 2710 λευτήσαντος
664 2642 898 2711 ἀριθμοῦ
925 2645 1005 2706 εἰς
1036 2645 1353 2713 οἱανδήποτε
1388 2644 1680 2710 ἑόδομάδος
1711 2642 1853 2711 ἠμέ-

283 2753 407 2804 ραν,
443 2737 506 2802 τῇ
537 2735 663 2801 ἑξῆς
690 2737 943 2805 Κυριακῇ
979 2736 1076 2806 τὴν
1109 2737 1394 2806 Ἀπόκρεω
1422 2737 1648 2804 βεϐαίως
1678 2736 1859 2787 ὲπιτέ-

279 2825 569 2879 λει.Ἀλ).ὰ
614 2828 713 2894 τῆς
755 2827 982 2897 σελήνης
1028 2829 1105 2888 εἰς
1150 2827 1242 2879 τὸν
1283 2833 1376 2890 σις’
1404 2828 1497 2879 καὶ
1546 2825 1858 2894 περαιτέρω

280 2918 530 2982 ϐεβήλων
556 2919 875 2988 προϊούσης,
921 2936 1052 2987 μιαν
1087 2918 1254 2986 μόνην
1300 2920 1363 2970 ἑκ
1398 2918 1489 2970 τοῦ
1519 2918 1854 2987 Ὶανουαρίου

277 3009 453 3081 λήιξῃ,
485 3011 582 3072 τὰς
621 3011 675 3064 δέ
709 3029 771 3077 γε
825 3011 1017 3071 λοιπὰς
1049 3010 1112 3061 ἐκ
1142 3009 1236 3061 τοῦ
1272 3011 1643 3078 Φεϐρουαρίου
1665 3025 1678 3038 ·
1715 3007 1859 3061 οὕτω

279 3103 334 3153 δὲ
379 3103 482 3169 τὴν
523 3103 828 3172 Ἀπόκρεω,
941 3104 1154 3166 πίπτει,
1187 3102 1497 3170 γνωρίσεις.
1538 3103 1598 3153 Ei
1649 3101 1747 3168 μὲν
1778 3103 1859 3163 εἰς

277 3195 371 3245 τδν
397 3194 745 3261 Ἰανουάριον,
772 3197 830 3245 τὸ
859 3197 1046 3262 Πάσχα
1075 3194 1290 3253 πάντως
1323 3192 1475 3244 ἔσται
1501 3191 1592 3244 τὸν
1615 3193 1860 3260 Μάρτιον

283 3284 363 3344 (τὸ
399 3283 504 3333 τῶν
536 3284 875 3350 Χριστιανῶν
915 3285 1080 3353 φημι)
1105 3299 1118 3312 ο
1168 3283 1217 3336 ει
1261 3280 1316 3334 δὲ
1348 3283 1428 3343 εἰς
1462 3281 1549 3333 τὸν
1577 3281 1855 3351 Φεϐρουά-

1964 602 2018 645 et
2037 607 2098 645 ex
2115 593 2288 662 Aprili
2310 606 2444 665 quot
2464 613 2707 668 eousque
2731 601 2918 656 haberi
2945 603 3224 671 contingat
3244 620 3261 662 :
3282 614 3335 658 et
3355 605 3547 672 collige

1967 684 2021 736 in
2045 699 2314 740 summam
2344 704 2560 754 omnes,
2619 707 2783 760 quam
2843 693 3024 748 divide
3085 709 3181 763 per
3237 697 3448 758 7;tum
3493 697 3538 748 si

1969 789 2073 828 una
2124 777 2240 832 dies
2301 783 2646 843 remanserit,
2698 782 2976 838 Dominica
3026 787 3150 851 erit,
3203 786 3542 840 Dominicam

1968 863 2271 932 proximam
2302 870 2678 938 exspectanti;
2717 871 2762 926 si
2806 873 2937 937 duo,
2994 873 3127 927 feria
3166 875 3435 937 secunda,
3492 877 3540 928 si

1970 962 2100 1018 tres,
2156 958 2338 1020 tertia,
2399 969 2454 1012 et
2493 961 2572 1015 sic
2611 962 2869 1032 deinceps
2909 980 3082 1030 usque
3141 966 3206 1018 ad
3263 976 3472 1032 septem
3524 984 3538 1019 :

1973 1054 2025 1099 et
2051 1059 2316 1114 Oporteta
2351 1050 2580 1118 singulis
2601 1053 2669 1108 ad
2711 1055 3049 1109 Dominicam
3088 1057 3401 1125 procedere.
3445 1057 3545 1110 Illo

1967 1145 2147 1189 autem
2189 1139 2276 1192 die
2309 1142 2534 1206 mensis,
2573 1145 2624 1198 in
2671 1162 2780 1214 quo
2825 1148 3106 1202 Dominica
3163 1148 3372 1211 incidit,
3420 1151 3544 1204 dico

1967 1226 2339 1285 Christianum
2365 1231 2575 1290 Pascha
2598 1240 2937 1308 contingere.

2128 1517 2376 1581 Quonam
2398 1530 2554 1590 pacto
2585 1522 2888 1588 reperiatur
2914 1523 3364 1593 Carnisprivium.

2037 1628 2339 1698 Postquam
2371 1631 2513 1685 diem
2550 1633 2757 1688 mensis
2779 1635 3150 1699 adinveneris,
3188 1651 3302 1703 quo
3333 1634 3542 1688 Pascha

1965 1720 2403 1775 Christianorum
2433 1724 2724 1792 contingit,
2767 1724 2942 1794 adjice
2974 1725 3049 1778 illi
3079 1725 3217 1780 alios
3263 1736 3370 1779 tres
3399 1725 3540 1793 dies,

1965 1812 2077 1866 imo
2106 1824 2364 1881 quatuor,
2390 1816 2434 1868 si
2464 1831 2640 1872 annus
2673 1816 2841 1870 fuerit
2871 1816 3171 1871 bissextilis
3199 1835 3212 1871 :
3264 1825 3317 1869 et
3347 1818 3391 1870 si
3419 1817 3541 1871 illo-

1965 1919 2083 1956 rum
2115 1905 2277 1957 simul
2311 1915 2656 1974 sumptorum
2682 1921 2945 1960 numerus
2979 1909 3032 1959 ln
3074 1904 3331 1959 Martium
3361 1909 3539 1966 cadat.

1965 1997 2189 2065 exquire
2224 1995 2659 2066 Carnisprivium
2703 1998 2770 2052 ad
2808 1999 3063 2052 eumdem
3121 2013 3351 2052 numero
3397 1997 3540 2049 diem

1960 2088 2206 2143 Januarii
2235 2106 2246 2139 :
2293 2091 2376 2140 sin
2408 2103 2539 2143 vero
2574 2088 2664 2142 ille
2695 2089 2748 2141 in
2780 2089 2951 2157 Aprili
2978 2103 3163 2143 mense
3212 2088 3539 2156 reperiatur,

1958 2193 2145 2248 quaere
2177 2179 2227 2228 in
2255 2177 2573 2232 Februario.
2611 2176 2768 2240 Quod
2799 2177 2967 2231 facies
3021 2179 3123 2230 hoc
3153 2176 3316 2230 modo
3357 2175 3542 2229 :Fun-

1958 2274 2276 2326 damentum
2307 2286 2549 2340 prasens
2598 2270 2741 2325 lunae
2769 2285 2943 2338 usque
2963 2270 3029 2323 ad
3087 2268 3539 2338 pentecontadem

1957 2366 2238 2429 extendes,
2263 2365 2421 2432 eique
2459 2363 2624 2417 addes
2641 2363 2757 2418 dies
2788 2362 2950 2431 209
2967 2378 2994 2414 a
3016 2363 3191 2431 primo
3212 2359 3456 2414 Januarii
3489 2372 3542 2412 et

1959 2472 2159 2528 porro,
2195 2467 2359 2526 atque
2383 2465 2512 2509 tunc
2543 2458 2597 2508 in
2625 2469 3008 2524 quamcunque
3042 2453 3361 2523 septimana:
3396 2453 3538 2506 diem

1958 2551 2177 2604 desinat
2230 2564 2491 2603 numerus
2523 2547 2612 2613 50,
2650 2546 2930 2602 Dominica
2989 2545 3236 2615 proxime
3282 2551 3543 2612 sequente

1957 2641 2391 2710 Carnisprivium
2436 2654 2629 2694 secure
2690 2639 2986 2693 celebrato.
3053 2636 3438 2691 Verumtamen
3491 2633 3538 2688 si

1960 2734 2086 2786 luna
2116 2734 2183 2787 ad
2239 2733 2654 2787 fniidamentum
2702 2730 2774 2785 ‘26
2815 2731 2899 2784 vel
2966 2729 3195 2783 ulterius
3257 2726 3538 2793 procedat.

1960 2842 2130 2880 unum
2159 2825 2337 2879 solum
2363 2825 2504 2877 diem
2529 2838 2592 2876 ex
2630 2821 2892 2876 Januario
2933 2819 3164 2881 eximes,
3199 2826 3538 2884 carterosque

1958 2917 2024 2969 de
2059 2913 2391 2977 Februario;
2422 2922 2584 2979 atque
2615 2909 2686 2964 ita
2723 2924 2958 2979 quonam
2996 2907 3084 2962 die
3104 2905 3541 2974 Carnisprivinm

1958 3007 2228 3076 obtingat,
2256 3005 2478 3059 nescius
2509 3003 2651 3058 haud
2683 3001 2875 3056 fueris.
2903 2999 2959 3054 Si
2992 2999 3212 3069 quidem
3240 2998 3292 3050 in
3340 2995 3543 3049 Janua-

1960 3101 2099 3154 riunt
2147 3099 2305 3152 cadat
2349 3095 2809 3164 Carnisprivium,
2867 3093 3077 3148 Pascha
3127 3089 3539 3158 (Christianum

1961 3191 2113 3261 puta)
2148 3192 2200 3244 in
2229 3205 2418 3244 mense
2457 3187 2652 3241 Martio
2687 3186 3073 3247 celebrabitur,
3102 3183 3146 3238 si
3179 3183 3236 3236 in
3295 3180 3540 3235 Februa-

1964 3282 2130 3344 rium,
2159 3279 2262 3333 hoc
2300 3292 2487 3332 mense
2533 3275 2704 3345 Aprili
2739 3292 2752 3328 :
2786 3274 2947 3328 modo
2999 3273 3086 3325 hic
3127 3278 3204 3325 tot
3254 3270 3371 3324 dies
3409 3268 3539 3320 sub-

285 3393 402 3444 ριον
431 3373 589 3443 αὕτη.
643 3375 816 3427 ἐκεῖνο
845 3374 936 3426 τὸν
984 3373 1258 3441 Ἀπρίλιον
1284 3389 1296 3402 ο
1347 3371 1644 3443 ἀφαίρεσιν
1696 3373 1855 3442 μόνον
1881 3382 1926 3445 C
1960 3389 1964 3422 ι

1881 3382 1926 3445 c
1960 3373 2217 3439 traxeris,
2253 3381 2389 3444 quot
2427 3371 2540 3426 illic
2565 3367 2848 3432 addidisti,
2884 3366 3098 3424 scilicet
3131 3375 3267 3431 tres,
3325 3361 3430 3426 vel,
3493 3363 3537 3415 si

278 3466 551 3518 τοσούτων
619 3466 802 3518 ἐνθάδε
867 3467 1036 3518 ποιῶν
1074 3466 1324 3536 ἡμερῶν,
1358 3467 1503 3519 ὅσων
1536 3468 1653 3518 ἐκεῖ
1685 3482 1854 3536 προσ-

279 3557 456 3624 θήκην
477 3595 493 3617 ,
545 3557 710 3626 τριῶν
733 3557 953 3628 δηλαδὴ,
984 3560 1032 3610 εὶ
1059 3558 1113 3609 δὲ
1145 3558 1391 3626 βίσεκτον
1422 3556 1530 3625 εἴη,
1552 3557 1854 3624 τεσσάρων.

293 3648 459 3698 Ἀ).λᾶ
496 3647 583 3697 καὶ
621 3647 680 3699 τὸ
713 3647 936 3716 νομικὸν
968 3648 1217 3700 ἐντεῦθεν
1261 3650 1449 3716 Πάσχα
1499 3643 1850 3713 γινώσκεται,

281 3742 346 3805 τῇ
381 3738 520 3804 αὐτῇ
554 3736 651 3802 μὲν
683 3739 772 3789 ἀεὶ
809 3738 910 3805 τῆς
957 3737 1250 3804 ἑϐδομάδος
1296 3737 1480 3806 ἡμέρᾳ
1520 3736 1854 3802 συμπίπτον,

282 3834 348 3898 ἢν
375 3833 405 3883 ὁ
461 3829 824 3899 πεντηκοστὺς
859 3829 1090 3899 ἀριθμὸς
1130 3830 1222 3881 ἐπὶ
1265 3828 1363 3896 τῆς
1419 3829 1702 3896 Ἀποκρέω
1748 3827 1856 3879 δεε-

283 3939 465 3984 κνδσι,
502 3921 617 3989 μετ’
647 3921 935 3989 ἁιραερεσιν
963 3920 1020 3972 δὲ
1069 3918 1348 3973 κάνταῦθα
1392 3917 1556 3988 τριῶν
1587 3917 1619 3987 ἢ
1657 3917 1854 3970 τεσσὰο

288 4030 396 4081 ρων
423 4012 517 4066 τοῦ
559 4016 729 4083 μηνὸς
754 4013 995 4084 ἡμερῶν.

1959 3470 2260 3525 bissextum
2318 3466 2505 3531 fuerit,
2537 3475 2792 3535 quatuor.
2845 3461 2952 3516 Sed
3004 3469 3057 3514 et
3116 3458 3287 3527 legale
3333 3457 3539 3510 Pascha

1959 3560 2157 3615 exinde
2189 3559 2507 3624 innotescit,
2544 3564 2818 3626 quatenus
2861 3565 3076 3621 semper
3124 3550 3316 3604 eodem
3367 3547 3538 3616 septi-

1961 3668 2136 3708 mana:
2160 3651 2250 3706 die
2281 3649 2494 3714 incidit,
2518 3662 2680 3717 quem
2711 3660 2973 3700 numerus
2999 3642 3070 3697 50
3100 3656 3128 3695 a
3160 3638 3539 3709 Carnisprivin

1959 3747 2173 3812 signat;
2225 3741 2424 3798 ablatis
2473 3748 2528 3796 et
2567 3739 2658 3794 hic
2701 3737 2878 3794 tribus
2932 3734 3016 3793 vel
3047 3741 3280 3804 quatuor
3335 3730 3544 3786 mensis

1962 3833 2180 3889 diebus.
