4252 6424
303 387 376 450 97
1290 390 1691 454 SYNTAGMA
1728 395 2325 460 ALPIIABETICUM
2383 427 2446 435 -—
2474 399 2538 451 11.
3465 425 3541 488 98

305 504 493 567 ἁπλῶς
525 505 642 572 μετ’
687 504 994 573 ἰσημερίαν,
1035 506 1170 558 ἀλλὰ
1211 508 1347 573 μετὰ
1377 507 1475 578 τὴν
1504 509 1725 579 πρώτην
1753 510 1870 578 μετ’
1899 513 1920 570 Α

1973 513 2064 578 qui
2093 510 2339 566 Iudaica:
2369 515 2740 573 observationi
2773 521 3081 579 destinatur
3107 547 3118 582 :
3171 533 3354 598 tertia,
3392 545 3537 606 quod

308 597 600 664 ἰσημερίαν
635 596 989 664 πανσέληνον·
1011 598 1102 649 καὶ
1125 599 1188 661 δ’,
1219 599 1300 650 ὅτι
1325 602 1417 652 καὶ
1451 602 1588 665 μετὰ
1619 603 1715 672 τὴν
1740 621 1874 656 παν-

308 688 554 756 σέληνον,
589 688 750 749 εὐθὺς
799 689 892 755 τῆς
927 689 1218 756 ἑϐδομάδος
1265 691 1477 763 πρώτῃ.
1523 694 1641 746 Ἴνα
1693 697 1871 750 τοίνυν

305 781 404 832 καὶ
433 781 481 832 οἰ
514 780 780 850 τέσσαρες
807 776 951 834 οὗτοι
978 783 1245 852 διορισμοὶ
1275 787 1443 836 πᾶσιν
1472 786 1667 854 ἐπίσης
1687 789 1870 858 διατη-

308 873 512 940 ρῶνται
544 874 724 939 σοφοῖς
751 889 811 924 τε
841 875 934 924 καὶ
970 873 1226 938 ἰδιώταις,
1249 877 1341 928 καὶ
1373 878 1421 929 οἰ
1448 879 1548 930 ἀνά
1573 881 1752 931 πᾶσαν
1772 882 1870 950 τὴν

300 967 630 1034 οἰκουμένην
657 966 971 1035 Χριστιανοὶ
1009 969 1101 1020 τὸν
1129 969 1292 1021 αὑτὸν
1321 970 1616 1041 ὲορτάζωσι
1655 975 1869 1043 χρόνον,

300 1058 396 1108 καὶ
435 1058 510 1126 μὴ
543 1058 893 1127 ἀστρονόμων
936 1061 1192 1113 ἑκάστοτε
1228 1062 1474 1128 δέωνται,
1511 1066 1573 1116 τὸ
1614 1067 1788 1135 παρὸν
1818 1069 1868 1119 οἰ

299 1151 544 1217 Πατέρες
573 1151 727 1219 ήμῶν
760 1152 1008 1204 κανόνιον
1061 1155 1442 1223 συντετάχασι,
1493 1158 1585 1208 καὶ
1633 1163 1699 1229 τῇ
1743 1160 1870 1212 Ἐκ-

299 1241 504 1309 κλησίᾳ
532 1241 1002 1310 παραδεδώκασιν,
1042 1245 1320 1312 οίηθέντες
1347 1246 1416 1298 δι’
1448 1248 1612 1300 αὑτοῦ
1658 1250 1867 1318 μηδένα

297 1331 409 1381 τῶν
443 1332 715 1400 ῥηθέντων
750 1334 1188 1403 προσδιορισμῶν
1238 1339 1621 1395 καταλύεσθαι.
1675 1344 1871 1412 Εἴργαο

302 1422 511 1472 amas
552 1423 732 1483 αὐτοῖς
791 1425 818 1476 ὁ
871 1423 1052 1475 κανὼν
1108 1424 1284 1478 οὕτω·
1342 1428 1590 1494 λαϐόντες
1641 1434 1704 1485 ιθ¹
1741 1436 1868 1503 ἑξῆς

298 1514 582 1575 ἐνιαυτοὺς
613 1516 735 1576 τοὺς
770 1515 878 1567 ἀπὸ
923 1518 1017 1568 τοῦ
1054 1518 1229 1588 ,ςσλγθ
1273 1522 1425 1586 ἔτους
1456 1524 1561 1576 ἀπὸ
1604 1528 1868 1593 γενέσεως

296 1607 534 1672 κόσμου,
575 1609 733 1674 μέχρι
763 1608 856 1660 τοῦ
878 1608 1073 1679 ,ςσναᾌ
1097 1609 1188 1662 καὶ¹
1217 1612 1653 1684 ὲπιλογισάμενοι
1683 1621 1782 1686 τὴν
1810 1625 1867 1672 ὲν

299 1699 517 1766 ἑκάστῳ
541 1700 723 1750 αὐτῶν
756 1702 894 1767 μετὰ
921 1703 1018 1770 τὴν
1062 1705 1280 1774 ἐαρινὴν
1322 1709 1611 1776 ἰσημερίαν
1641 1711 1864 1779 πρώτην

297 1791 634 1858 πανσέληνον
665 1791 945 1858 (ἐπέϐαινε
981 1794 1038 1844 δὲ
1071 1795 1164 1846 τοῦ
1194 1799 1291 1865 τῆς
1316 1799 1604 1867 ἰσημερίας
1638 1803 1860 1871 σημείου

294 1879 600 1945 τηνικαῦτα
637 1884 664 1935 ὁ
698 1882 867 1952 ἥλιος,
916 1885 1004 1937 ὅτε
1049 1889 1162 1948 τοῖς
1204 1889 1449 1957 Πατράσι
1500 1891 1671 1945 ταῦτα
1701 1896 1860 1947 ἑσκο-
1901 1870 1938 1922 Β

298 1976 475 2037 πείτο,
501 1976 599 2044 τὴν
630 1978 853 2046 πρώτην
881 1979 974 2030 καὶ
1005 1981 1255 2049 εἰκοστὴν
1280 1984 1372 2035 τοῦ
1402 1986 1643 2055 Μαρτίου
1671 1991 1858 2057 μηνὸς,

295 2066 374 2125 ὡς
398 2065 464 2117 τὰ
495 2067 636 2128 ἰδίως
662 2069 793 2136 ἡμῖν
820 2068 1107 2123 ἰκτεθέντα
1139 2073 1323 2139 σαφῶς
1346 2074 1564 2143 δηλοῦσι
1593 2081 1860 2148 κανόνια),

295 2159 710 2227 ἐσημειώσαντο
751 2164 842 2214 καὶ
875 2163 1034 2216 ποίαν
1063 2163 1158 2216 τοῦ
1199 2165 1450 2235 Μαρτίου
1486 2170 1517 2240 ἢ
1547 2171 1639 2223 τοῦ
1677 2174 1865 2243 Ἀπρι-

295 2249 414 2301 λίου
447 2252 729 2318 συμϐαίνει
767 2254 877 2306 τῶν
925 2259 1276 2329 πανσελήνων
1304 2262 1540 2333 ἑκάστην
1587 2265 1858 2331 γίνεσθαι.

295 2343 692 2410 ιιεριλαϐόντες
726 2347 821 2399 οὖν
863 2348 962 2416 τὴν
1009 2352 1458 2408 ὲννεακαιδεκάδα
1511 2357 1714 2427 ταύτην
1752 2361 1863 2413 τῶν

293 2437 437 2486 ἑτῶν
482 2456 542 2490 τε
592 2439 689 2490 καὶ
744 2443 1098 2512 πανσελήνων
1131 2446 1213 2499 ἐνὶ
1243 2449 1477 2519 κανονίῳ
1531 2452 1625 2504 δύο
1671 2456 1860 2523 περιέ-

296 2546 447 2595 χοντι
475 2532 699 2594 σελίδια,
732 2535 826 2586 καὶ
871 2535 1035 2605 μέχρι
1081 2542 1408 2609 τριακοσίων
1442 2546 1578 2598 ἐτῶν
1608 2548 1706 2610 τὰς
1741 2551 1859 2617 μετ’

299 2623 594 2690 ἰσημερίαν
645 2626 866 2696 ἐαρινὴν
900 2628 996 2681 τοῦ
1043 2632 1261 2705 πρώτου
1296 2635 1461 2706 μηνὸς
1488 2641 1861 2708 πανσελήνους

293 2716 415 2776 ταῖς
439 2717 628 2778 αὐταῖς
655 2719 761 2770 τῶν
797 2721 983 2788 μηνῶν
1023 2725 1358 2791 συμπίπτειν
1395 2728 1628 2799 ἡμέραις
1659 2739 1861 2804 σκοπής

295 2823 513 2871 σαντες,
555 2812 618 2878 τῇ
657 2811 853 2879 ἐφεξῆς
895 2814 1262 2885 ἀνακυκλήσει
1299 2819 1408 2870 τῶν
1455 2798 1868 2880 ἐννεακαιδεκα-ἲ

294 2902 582 2968 ετηρίδων,
611 2902 783 2971 τούτῳ
813 2906 941 2973 ἡμῖν
971 2907 1200 2976 χρῆσθαι
1223 2909 1298 2979 τῷ
1327 2914 1510 2965 κανόνι
1534 2917 1859 2985 παρέδοσαν,

297 2992 443 3044 κατά
475 3007 536 3057 γε
567 2994 638 3044 τὰ
669 2994 794 3060 ἑξῆς
841 2995 1054 3048 ἅπαντα
1105 2998 1220 3068 ἔτη,
1268 3000 1344 3062 ώς
1393 3004 1492 3055 οὐκ
1536 3007 1738 3059 ἄτοπον
1777 3008 1858 3074 δν,

292 3084 418 3136 οὐδὲ
449 3087 512 3152 τῇ
545 3086 796 3158 εὐσεϐείᾳ
826 3088 1243 3158 λυμαινόμενον.
1300 3095 1349 3146 εί
1407 3099 1556 3165 παρὰ
1590 3101 1688 3168 τὴν
1717 3103 1856 3154 ἀνώ-

299 3173 472 3242 μαλον
496 3179 596 3243 τῆς
630 3177 859 3245 σελήνης
895 3179 1128 3247 κίνησιν,
1175 3184 1311 3250 μετὰ
1357 3186 1457 3251 τὴν
1500 3187 1858 3258 ἐξαρίθμησιν
1885 3203 1928 3259 c

293 3263 406 3314 τῶν
440 3264 711 3332 ῥηθέντων
736 3265 780 3319 τ’
809 3269 965 3333 ἐτῶν,
996 3270 1024 3320 ὸ
1052 3270 1230 3324 κανὼν
1257 3273 1458 3337 οὑτοσὶ,
1487 3278 1560 3346 μή
1593 3281 1732 3332 κατὰ
1760 3282 1859 3348 τήν

295 3355 634 3422 πανσέληνον
672 3356 766 3409 τοῦ
805 3359 1022 3427 πρώτου
1058 3363 1261 3429 μηνὸς,
1319 3363 1452 3418 ἀλλὰ
1493 3369 1630 3434 μετὰ
1665 3371 1795 3439 μίαν
1825 3372 1895 3448 ἢ.

291 3447 390 3499 δύο
425 3449 632 3517 ἡμέρας
680 3450 742 3500 τὸ
792 3453 1016 3518 νομικὸν
1067 3455 1228 3518 δείξει
1287 3456 1499 3528 Πάσχα,
1559 3461 1652 3512 καὶ
1711 3465 1860 3533 παρὰ

291 3536 458 3588 τοῦτο
488 3540 824 3608 συμϐήσεται
870 3541 962 3593 τὸν
1012 3541 1054 3594 δ’
1082 3545 1252 3596 ἐνίοτε
1307 3546 1382 3617 μὴ
1434 3551 1717 3619 τηρεῖσθαι
1765 3555 1859 3608 τοῦ

292 3632 490 3699 Πάσχα
509 3633 808 3701 διορισμδν,
838 3635 932 3686 ἅτε
969 3635 1070 3704 τῆς
1100 3637 1416 3708 προσθήκης
1455 3644 1563 3693 τῶν
1602 3645 1694 3697 δύο
1726 3648 1858 3714 ἡμε-

291 3720 406 3786 ρῶν
439 3719 784 3788 ὑπερϐαίνειν
835 3724 948 3776 ἔσθ’
1001 3727 1090 3779 ὅτε
1143 3729 1401 3800 ποιούσης
1431 3736 1532 3805 τὴν
1585 3740 1721 3805 μετὰ
1758 3741 1858 3809 τὴν

291 3813 634 3882 πανσέληνον
665 3815 885 3885 πρώτην
914 3819 1218 3888 Κυριακὴν,
1248 3825 1510 3895 κάκείνην
1537 3828 1635 3896 μὲν
1660 3833 1726 3900 τῇ
1752 3832 1859 3884 τῶν

295 3907 475 3956 Βαῖων
503 3908 760 3972 άφοσιοῦν
785 3910 973 3980 ἑορτῇ,
1003 3915 1068 3982 τῇ
1101 3930 1163 3980 γε
1212 3915 1317 3987 μὴν
1349 3919 1474 3988 ἑξῆς
1500 3921 1560 3974 τὸ
1592 3926 1858 3995 σωτήριον

293 3998 489 4066 Πάσχα
513 3998 806 4052 ἐπιτελεῖν.
848 4001 1017 4053 Τοῦτο
1044 4002 1107 4073 δὴ
1132 4005 1194 4055 τὸ
1223 4006 1309 4072 ἐφ’
1337 4009 1469 4076 ἡμῖν
1497 4011 1697 4079 ἀρτίως
1723 4031 1860 4083 συμ-

291 4088 498 4149 ϐαῖνον,
535 4090 777 4150 καὶτοὺς
802 4089 1027 4153 πολλοὺς
1055 4094 1408 4162 ικταράττον,
1450 4098 1524 4160 ὡς
1557 4101 1857 4168 ἀναγκαίου

289 4177 436 4238 τινὸς
477 4178 880 4249 καταλυομένου
909 4181 1172 4249 δόγματος
1205 4187 1297 4236 καὶ
1326 4186 1475 4249 ἀξίου
1508 4191 1582 4258 μὴ
1612 4195 1859 4262 παρορᾶ-

292 4268 442 4322 σθαι.
471 4270 639 4322 Τοῦτο
666 4270 720 4323 δὲ
751 4270 938 4337 ὥσπερ
973 4273 1138 4325 πάλαι
1169 4277 1528 4346 ἐπιτυγχάνον
1559 4283 1657 4333 οὐκ
1681 4285 1857 4355 ἀχρη-

293 4378 442 4420 στον,
473 4361 614 4413 οὕτω
644 4362 738 4414 νῦν
768 4363 1136 4431 διαμαρτάνον
1168 4368 1446 4421 ἀκίνδυνον
1491 4372 1854 4443 δειχθήσεται.

294 4452 372 4501 0)
400 4452 509 4519 γὰρ
537 4451 727 4516 λέληθε
748 4452 905 4504 τοῦτο
938 4454 1063 4515 τοὺς
1091 4455 1297 4517 πάντας
1329 4457 1583 4525 ἀρίστους
1617 4461 1858 4525 ἐκείνους

1975 617 2083 655 non
2143 604 2473 673 simpliciter
2526 622 2649 677 post
2706 614 3121 682 equinoctium,
3155 625 3249 677 sed
3304 637 3360 681 et
3411 604 3543 699 post

1971 697 2208 763 primum
2253 701 2642 769 plenilunium,
2676 707 2821 774 quod
2851 711 3240 779 aequinoctium
3267 697 3538 792 sequitur.

1971 787 2103 840 Dein
2131 804 2329 856 quarta
2363 792 2620 846 limitatio
2639 806 2724 849 est
2749 798 2952 864 isthmc,
2979 808 3121 870 quod
3147 810 3324 876 primo
3347 787 3537 873 statim

1969 881 2290 947 septimana:
2325 885 2411 937 die
2455 895 2579 953 post
2621 890 3007 956 plenilunium.
3047 897 3257 955 Idcirco
3290 917 3344 960 ut
3394 925 3534 978 qna-

1973 980 2095 1024 tuor
2131 973 2250 1027 ista:
2284 976 2643 1034 limitationes
2672 982 2740 1034 ab
2771 985 3026 1042 omnibus
3057 993 3282 1060 pariter,
3318 973 3540 1067 sap-ien-

1970 1064 2120 1119 tibus
2167 1076 2221 1120 et
2277 1068 2486 1133 idiotis,
2529 1073 2984 1140 observarentur,
3027 1089 3081 1134 et
3109 1064 3406 1144 Christiani
3444 1109 3540 1160 per

1972 1165 2143 1208 totum
2186 1165 2458 1213 terrarum
2500 1165 2687 1217 orbem
2734 1169 2921 1222 eodem
2955 1181 3199 1242 tempore
3234 1195 3338 1232 una
3367 1182 3536 1238 feria-

1972 1255 2184 1308 rentur,
2222 1262 2398 1314 neque
2451 1253 2652 1317 passim
2693 1261 3028 1314 astronomis
3061 1278 3201 1330 opus
3243 1269 3532 1340 haberent,

1971 1336 2157 1392 Patres
2190 1342 2357 1393 nostri
2415 1346 2648 1396 tabulam
2673 1347 2830 1400 istam
2865 1350 3228 1420 fabricarum,
3255 1370 3306 1415 et
3342 1336 3536 1420 Eccle;

1971 1430 2066 1482 sia:
2114 1431 2479 1495 tradiderunt,
2529 1437 2911 1496 existimantes
2950 1458 3046 1510 per
3088 1447 3235 1501 illam
3294 1467 3416 1522 qua:
3467 1459 3536 1512 ad

1967 1521 2202 1573 debitam
2249 1523 2629 1580 limitationem
2672 1532 2874 1598 requiri
2908 1533 3016 1599 jam
3052 1521 3319 1605 diximus,
3350 1548 3533 1600 omnia

1953 1611 2230 1665 'iuviolata
2287 1619 2518 1671 servari.
2570 1620 2945 1678 Coodiderunt
2977 1637 3160 1682 autem
3195 1634 3431 1689 tabulam
3466 1639 3537 1692 il-
3574 1652 3577 1655 ·

1969 1701 2072 1753 lam
2107 1702 2209 1756 hoc
2244 1706 2403 1760 modo
2433 1727 2446 1760 :
2482 1711 2735 1780 Acceptis
2767 1714 2832 1768 l9
2864 1717 3059 1772 ordine
3101 1723 3260 1777 annis
3296 1726 3362 1779 ab
3391 1743 3538 1783 anno

1968 1792 2118 1846 orhis
2159 1796 2363 1849 conditi
2407 1799 2588 1854 series
2629 1804 2923 1858 millesimo
2954 1808 3336 1868 ducentesimo
3370 1819 3536 1871 trice-

1967 1883 2108 1936 simo
2161 1888 2343 1950 tertio,
2397 1905 2575 1959 usque
2606 1895 2671 1945 ad
2727 1910 2928 1950 annum
2972 1900 3132 1967 625i,
3166 1917 3536 1974 supputarunt

1968 1975 2200 2042 primum
2224 1978 2581 2046 plenilunium
2608 1986 2660 2037 in
2682 1988 2927 2055 quolibet
2949 1990 3190 2058 ipsorum
3219 2006 3340 2063 post
3363 2002 3534 2066 tequi-

1967 2068 2205 2122 noctium
2245 2086 2495 2126 vernum.
2530 2071 2815 2142 ingressus
2850 2091 3030 2135 autem
3066 2093 3149 2137 est
3179 2087 3281 2149 sol,
3314 2090 3532 2156 quando

1964 2157 2151 2215 Patres
2204 2163 2270 2217 dc
2312 2163 2413 2217 hac
2452 2181 2507 2218 re
2561 2168 2955 2235 deliberabant,
2991 2184 3249 2242 punctum
3291 2183 3532 2249 aequino-

1963 2256 2056 2307 ctii
2089 2256 2179 2309 die
2227 2258 2491 2313 vicesimo
2545 2262 2722 2328 primo
2765 2263 2938 2318 Martii
2992 2271 3216 2334 mensis,
3249 2274 3394 2327 sicut
3445 2283 3529 2329 ta-

1962 2345 2106 2400 bulae
2137 2363 2273 2414 quas
2307 2360 2524 2403 nosmet
2563 2353 2815 2418 privatim
2853 2360 3287 2422 construximus,
3322 2363 3529 2430 liquido

1965 2449 2292 2494 monstrant.
2349 2441 2702 2498 Adnotabant
2765 2455 2946 2500 autem
3004 2448 3079 2501 illi
3144 2466 3379 2519 quonam
3442 2457 3530 2512 die

1963 2527 2140 2583 Martii
2184 2534 2264 2585 vel
2327 2534 2528 2599 Aprilis
2566 2537 2926 2604 plenilunium
2977 2542 3261 2610 quodlibet
3319 2550 3534 2602 contin-

1963 2634 2147 2691 geret:
2187 2624 2435 2694 adeoque
2486 2628 2541 2680 in
2594 2644 2756 2681 unam
2799 2632 3042 2685 tabulam
3097 2635 3528 2693 bicolumnarem

1955 2713 2326 2783 'conjicientes
2349 2718 2873 2775 enneacaidecadent
2895 2722 3058 2793 215
3087 2725 3232 2779 illam
3260 2743 3528 2784 annorum

1961 2813 2015 2857 ct
2071 2807 2519 2874 pleniluniorum.
2584 2810 2766 2879 Atque
2825 2826 2989 2878 porro
3062 2814 3530 2884 deprehendentcs

1963 2902 2142 2966 spatio
2172 2915 2439 2954 annorum
2471 2902 2577 2958 500
2623 2901 2920 2971 plenilunia
2963 2907 3121 2973 primi
3162 2910 3370 2963 mensis
3402 2925 3533 2980 pro-

1962 2991 2105 3043 xime
2158 2992 2444 3060 sequentia
2492 2997 2877 3062 equinoctium
2933 3013 3162 3054 vernum
3213 3002 3266 3055 in
3307 3005 3526 3058 eosdem

1965 3083 2235 3137 mensium
2271 3085 2388 3138 dies
2421 3085 2684 3153 incidere,
2718 3101 2944 3158 propter
3000 3093 3395 3149 revolutionem
3430 3113 3530 3148 en-

1964 3175 2582 3241 neacaidecaeteridum,
2602 3179 2748 3233 hunc
2774 3195 3044 3235 canonem
3076 3183 3236 3238 nobis
3270 3188 3534 3241 utendum

1971 3267 2314 3320 tradiderunt
2365 3269 2530 3320 etiam
2595 3284 2694 3338 pro
2732 3270 2986 3326 omnibus
3046 3275 3207 3328 annis
3252 3279 3534 3344 sequenti-

1963 3359 2099 3423 bus;
2126 3365 2282 3428 quasi
2318 3360 2461 3413 haud
2517 3361 2818 3414 absurdum
2868 3362 3030 3425 foret.
3067 3381 3244 3435 neque
3278 3368 3528 3438 religioni

1964 3452 2206 3514 noxium,
2234 3454 2277 3506 si
2314 3461 2542 3521 propter
2572 3465 2755 3507 motus
2792 3455 3002 3508 lunaris
3031 3460 3383 3528 anornaliam,
3410 3473 3534 3530 post

1963 3546 2362 3599 revolutionem
2420 3546 2691 3600 dictorum
2727 3546 2833 3602 300
2866 3563 3162 3614 annorum,
3199 3568 3375 3606 canon
3427 3557 3530 3608 iste

1961 3651 2068 3689 non
2123 3637 2189 3688 ad
2236 3637 2598 3704 plenilunium
2640 3641 2798 3706 primi
2838 3643 3066 3708 mensis,
3099 3644 3194 3696 sed
3229 3655 3351 3710 post
3377 3645 3519 3697 diem

1962 3743 2129 3781 unum
2188 3736 2284 3782 aut
2335 3732 2564 3784 alterum
2613 3732 2783 3798 legale
2839 3734 3050 3786 Pascha
3087 3736 3439 3800 ostenderet;
3469 3746 3525 3788 et

1963 3818 2104 3872 hanc
2133 3819 2203 3872 ob
2239 3833 2463 3873 causam
2501 3835 2898 3888 nonnunquam
2937 3824 3228 3884 accideret.
3273 3839 3520 3893 quartam

1961 3908 2249 3964 Paschatis
2289 3911 2674 3965 limitationem
2717 3913 2945 3968 minime
2989 3917 3296 3977 observari,
3327 3935 3523 3987 nethpe

1959 4002 2110 4069 quod
2164 4003 2380 4057 dierum
2430 4004 2663 4057 duorum
2723 4008 2975 4061 accessio
3059 4018 3399 4075 promoveat,
3465 4021 3533 4082 ut

1964 4094 2043 4157 lit,
2075 4093 2415 4148 Dominicam
2457 4111 2577 4164 quae
2629 4096 2863 4164 primum
2926 4098 3285 4164 plenilunium
3347 4103 3528 4169 sequi-

1961 4193 2066 4247 tur,
2103 4183 2376 4253 faciatque
2437 4196 2495 4239 ut
2555 4187 2697 4240 hanc
2731 4186 2870 4241 festo
2908 4186 3219 4242 Palmarum
3252 4192 3521 4258 dicemus,

1960 4285 2123 4343 atque
2159 4275 2441 4330 Dominica
2467 4276 2718 4344 proxime
2747 4288 3009 4346 sequente
3041 4281 3284 4334 salutare
3312 4281 3524 4338 Pascha

1959 4366 2326 4421 celebremus.
2348 4366 2488 4420 Illud
2519 4378 2701 4421 autem
2738 4371 3051 4436 nuperrime
3082 4371 3224 4437 apud
3254 4388 3354 4425 nos
3383 4391 3521 4426 con-

1964 4461 2104 4525 tigit,
2163 4471 2217 4514 et
2257 4477 2363 4515 non
2407 4477 2609 4529 paucos
2665 4464 2928 4523 turbavit.
2984 4465 3139 4530 quasi
3189 4475 3518 4533 praeceptum

291 4543 565 4609 Ματέρας,
591 4542 711 4594 οὐδὲ
744 4545 890 4611 παρὰ
913 4543 969 4594 τὸ
1002 4545 1448 4613 ἀνεπιστημόνως
1480 4548 1623 4619 ἔχειν
1660 4553 1858 4613 αὐτοὺς
1892 4535 1920 4588 Ε

1964 4554 2185 4622 aliquod
2220 4556 2591 4608 necessarium
2625 4561 2680 4608 et
2728 4555 2954 4608 minime
2981 4555 3362 4623 negligendum
3409 4559 3523 4611 dis-

293 4632 426 4699 περὶ
453 4631 553 4697 τήν
588 4632 996 4701 ἀπροθεάμονα
1027 4635 1241 4702 τέχνην,
1285 4636 1441 4688 τοῦτο
1484 4640 1855 4709 συμϐέϐηκεν⁹

292 4723 430 4773 ἀλλὰ
458 4724 610 4790 παρὰ
638 4725 736 4790 τὴν
756 4723 864 4775 τῶν
895 4727 1218 4793 φωστήρων,
1251 4726 1322 4788 ώς
1353 4731 1587 4798 εἴρηται,
1623 4732 1856 4801 κίνησιν*

289 4817 353 4867 τὸ
378 4815 423 4866 δ’
447 4816 616 4880 ὅπως,
639 4817 834 4868 αὐτίκα
881 4818 1197 4888 ῥηθήσεται.
1237 4821 1307 4872 Τὸ
1335 4822 1603 4875 ἐνιαύσιον
1649 4825 1857 4893 κίνημα

287 4909 359 4960 δι’
388 4907 615 4976 ἡμερῶν
646 4909 1080 4961 ἀποκαθίσταται
1130 4915 1236 4976 τξε¹
1281 4913 1376 4963 καὶ
1419 4919 1856 4985 τεταρτημορίου

293 5005 510 5070 ήμέρας
559 5002 825 5066 ἔγγιστα·
867 5002 924 5052 αἰ
970 5001 1026 5053 δὲ
1082 5005 1242 5069 μέσαι
1294 5005 1392 5071 τῆς
1437 5005 1666 5076 σελήνης
1718 5010 1857 5060 κατὰ

294 5095 473 5161 μῆκος
508 5093 727 5161 πάροδοι
778 5094 878 5145 οὐκ
928 5094 1393 5146 ἀποκαθίσιανται
1430 5098 1486 5147 ὲν
1524 5096 1663 5159 ὅλοις
1709 5099 1856 5151 ἔτεσι

292 5185 356 5236 ιθ’
399 5186 509 5244 τοῖς
548 5185 687 5255 κατᾼὰ
737 5183 1054 5252 προσθήκην
1083 5183 1175 5235 τοῦ
1207 5187 1466 5251 τετάρτου
1514 5185 1857 5255 ἀριθμουμέ-

289 5292 433 5338 νοις⁶
468 5275 601 5328 ἀλλὰ
625 5249 1170 5344 παρᾶ-μιᾶς-ήμέρας
1199 5249 1467 5345 ἑξηκοστὰ
1490 5249 1680 5346 πρῶτα
1708 5249 1854 5346 τρία,

287 5371 386 5419 καὶ
420 5369 646 5436 δεύτερα
675 5368 773 5429 λζ’,
801 5370 894 5418 καὶ
921 5368 1006 5418 διὰ
1053 5367 1211 5418 τοῦτο
1246 5371 1304 5419 ὲν
1348 5369 1421 5420 τδ⁹
1468 5371 1734 5431 ἐνιαυτοῖς
1761 5370 1856 5438 οὺχ

288 5460 432 5516 ὅλοις
463 5456 642 5515 πάλιν,
675 5457 786 5507 ἀλλ’
817 5455 1228 5523 ἐλαττουμένοις
1254 5459 1464 5526 ἡμέρας
1485 5459 1658 5520 οὐδὲν,
1686 5460 1857 5510 λεπτὰ

293 5550 490 5618 πρώτα
521 5548 595 5611 vi,”
629 5550 722 5599 καὶ
767 5549 995 5617 δεύτερα
1023 5549 1120 5616 νβ’,
1152 5550 1269 5617 ήτοι
1304 5549 1434 5616 μίαν
1464 5549 1678 5617 ἡμέραν
1708 5549 1856 5615 ἔγγι-

288 5664 409 5707 στα,
443 5648 476 5713 η
515 5645 774 5712 εἰρημένη
811 5643 1016 5710 γίνεται
1063 5644 1524 5704 ἀποκατάστασις.
1588 5644 1857 5703 Λαϐόντες

290 5743 401 5805 γὰρ
439 5739 636 5806 ἀρτίως
668 5738 827 5805 ἡμεῖς
865 5737 962 5803 τὴν
999 5739 1130 5803 pati!
1167 5734 1237 5787 τδ¹
1271 5736 1361 5803 ἔτη
1394 5737 1501 5787 duo
1534 5738 1641 5787 τῶν
1682 5737 1856 5788 Πατέο

290 5848 401 5900 ρων
462 5829 932 5893 ἱννεακαιδεκάδσ,
976 5829 1213 5897 δεκάτην
1272 5829 1504 5897 ἑϐδόμην
1541 5826 1703 5881 οὖσαν
1756 5831 1854 5897 τῆς

1960 4647 2300 4701 solveretur:
2327 4662 2449 4698 cum
2489 4657 2666 4700 tamen
2693 4646 2835 4698 sicut
2863 4646 3006 4698 haud
3041 4647 3232 4699 inutile
3263 4657 3381 4699 erat
3417 4651 3519 4702 hoc

1960 4744 2249 4803 canonion,
2310 4739 2532 4807 quando
2563 4740 2692 4793 olim
2745 4743 2848 4795 rite
2903 4759 2963 4797 se
3006 4742 3216 4800 habuit,
3253 4741 3327 4794 ita
3363 4743 3522 4795 horlie

1960 4832 2079 4884 sine
2116 4832 2267 4900 gravi
2328 4833 2510 4900 aliquo
2573 4835 2814 4900 periculo
2863 4850 2889 4888 a
2935 4849 3064 4888 vero
3118 4833 3251 4896 abit,
3283 4843 3341 4886 ut
3400 4851 3518 4886 mox

1960 4921 2445 4978 demonstrabitut‘.
2502 4922 2686 4991 Neque
2724 4925 2866 4977 enim
2933 4927 3035 4979 hoc
3070 4925 3521 4992 praeclarissimos

1960 5012 2155 5068 Patres
2193 5016 2370 5078 latuit,
2412 5015 2495 5068 vel
2557 5017 2638 5069 sic
2698 5016 2817 5070 fieri
2869 5018 3098 5085 contigit
3127 5033 3235 5083 pra:
3275 5019 3520 5083 ipsorum

1962 5106 2013 5157 in
2052 5105 2387 5157 astronomia
2425 5105 2718 5172 imperitia,
2755 5106 2850 5159 sed
2893 5118 3108 5174 propter
3141 5106 3518 5166 lnminarium,

1963 5202 2018 5244 nt
2054 5191 2258 5244 dictum
2323 5203 2423 5256 est,
2480 5205 2715 5248 motum.
2774 5193 3010 5260 Tempus
3065 5210 3195 5247 vero
3253 5210 3520 5257 annuum,

1959 5287 2100 5351 quod
2173 5283 2358 5337 statim
2420 5284 2666 5352 pluribus
2717 5285 2952 5345 dicetur,
3008 5285 3201 5337 diebus
3250 5284 3355 5336 565
3391 5299 3513 5334 cum

1962 5377 2267 5440 quadrante
2296 5372 2464 5425 ferme
2490 5371 2594 5425 diei
2635 5375 2958 5426 restituitur.
2991 5371 3145 5425 Medii
3175 5381 3354 5424 autem
3407 5388 3525 5422 ιιιυ-

1961 5475 2051 5518 tus
2087 5465 2226 5518 luna:
2267 5464 2319 5517 in
2380 5465 2773 5533 longitudinem
2812 5481 2918 5516 non
2985 5466 3236 5524 redeunt,
3271 5463 3323 5514 in
3360 5463 3523 5516 annis

1960 5557 2187 5625 integris
2249 5556 2314 5610 19
2369 5557 2669 5610 secundum
2710 5556 3032 5623 quadrantis
3069 5556 3517 5608 additamentum

1959 5651 2331 5717 computatis:
2370 5651 2460 5703 sed
2503 5650 2884 5703 desiderantur
2922 5649 3081 5701 unius
3141 5649 3243 5702 diei
3296 5663 3520 5715 sexageo

1961 5742 2112 5795 sima:
2141 5743 2327 5809 primm
2363 5753 2494 5798 tres.
2527 5750 2580 5794 et
2620 5744 2870 5795 secundze
2921 5744 3009 5796 37.
3063 5745 3240 5810 Atque
3274 5745 3409 5794 hanc
3448 5742 3519 5794 ob

1959 5844 2179 5884 causam
2214 5831 2265 5884 in
2293 5832 2393 5884 ὅοέ
2421 5832 2578 5886 annis
2600 5847 2706 5884 non
2765 5831 2990 5900 integris
3023 5835 3263 5903 quidem,
3296 5833 3388 5886 scd
3420 5833 3520 5886 nti-
