4252 6424
779 382 880 448 103

1957 377 2011 436 Μ
2023 377 2162 436 ATT
2170 373 2320 434 115E!
2368 371 2701 432 ιιωετλιι
2718 373 2782 430 IS

3918 369 4020 434 1M

781 499 919 550 'ium
978 503 1260 552 sumentes
1293 491 1362 547 ab
1394 507 1539 546 anno
1571 491 1728 556 68M,
1763 491 1878 545 dies
1907 489 2042 543 adeo
2072 488 2210 542 duos
2241 487 2334 540 de-
2371 495 2414 546 Α
2443 501 2460 536 ι

2371 495 2414 546 Α
2443 485 2607 536 αὐτὸν
2655 483 2889 551 ἡμέραις
2924 480 3378 543 ὑποϐιϐάσαντες,
3431 481 3726 552 ἀρξάμενοι
3777 482 4019 550 δηλονότι

781 604 967 641 mere:
1006 597 1366 654 praeterquam
1398 583 1544 650 quod
1572 599 1638 636 ne
1675 584 1761 634 vix
1823 581 2085 650 possibile
2107 587 2188 631 est
2223 593 2344 630 om-

787 680 946 732 nibus
970 692 1065 745 per
1088 685 1260 728 totum
1289 683 1560 727 terrarum
1610 673 1794 727 orbein
1853 688 2030 725 rerum
2063 685 2343 723 sacrarum

782 765 1220 822 moderatoribus
1281 765 1612 833 persuadere
1672 773 1729 818 ut
1787 761 2102 816 methodum
2151 773 2342 812 novam

780 859 1087 920 addiscunt,
1113 858 1282 910 altera
1317 857 1544 924 rejecta,
1584 857 1749 910 etiam
1773 855 1859 907 hic
1881 862 2003 922 post
2022 865 2195 904 annos
2217 849 2343 908 504,

780 966 1087 1020 rursusque
1119 958 1244 1018 post
1268 951 1408 1003 alios
1441 949 1568 1011 504,
1599 958 1760 1014 atque
1795 961 1957 1014 porro
1988 944 2040 996 in
2072 942 2344 995 inﬁnitum

782 1043 925 1094 idem
950 1056 1106 1095 error
1135 1051 1424 1108 sequetur,
1458 1047 1622 1107 atque
1651 1053 1790 1106 opus
1848 1037 1952 1090 erit
1986 1032 2222 1086 tabulam
2247 1045 2347 1082 sa:-

785 1132 905 1199 pius
940 1131 1252 1184 immutare.
1306 1129 1651 1198 Quapropter
1703 1129 1873 1180 multo
1929 1127 2126 1179 tnelius
2158 1124 2343 1185 fuerit,

784 1223 1090 1276 nullatenus
1116 1223 1376 1275 innovare
1401 1239 1412 1274 :
1449 1236 1571 1273 nam
1601 1220 1910 1273 istiusmodi
1932 1218 2208 1271 inuovatio
2237 1231 2344 1268 non

780 1315 954 1368 solum
989 1329 1094 1367 nou
1127 1323 1305 1381 potest
1356 1313 1607 1366 eumdem
1655 1327 1896 1365 errorem
1954 1311 2216 1372 devitare,
2250 1309 2344 1361 sed

779 1415 832 1455 et
859 1405 1142 1456 turbarum
1196 1418 1306 1457 non
1359 1404 1711 1456 minimarum
1769 1403 1822 1454 in
1884 1403 2128 1454 Ecclesia
2179 1415 2344 1453 causa

777 1498 905 1548 erit.
945 1495 1010 1549 Ut
1051 1511 1183 1549 vero
1223 1511 1397 1548 canon
1443 1495 1532 1547 ille
1573 1510 1718 1548 nunc
1767 1510 1825 1547 se
1883 1491 2067 1554 habet,
2114 1507 2175 1543 ea
2225 1506 2346 1559 quze

783 1589 1054 1657 przecipue
1084 1589 1229 1641 circa
1259 1587 1468 1641 Pascha
1501 1587 1749 1640 oblinere
1779 1593 2016 1653 oportet,
2043 1585 2094 1637 in
2131 1583 2223 1636 illo
2257 1582 2348 1635 lir-

781 1684 938 1734 miter
997 1685 1384 1746 observantur,
1442 1681 1649 1734 scilicet
1703 1682 1847 1749 quod
1902 1687 2026 1746 post
2106 1683 2349 1748 aequino-

779 1775 984 1839 ctium,
1036 1776 1143 1827 imo
1210 1775 1369 1827 etiam
1427 1783 1549 1842 post
1605 1774 1786 1826 lunam
1822 1773 2208 1841 aequinoctium
2259 1789 2346 1825 se-

2449 577 2554 630 άπδ
2588 577 2680 628 τοῦ
2709 575 2903 646 ιςωμα¹
2929 575 3106 636 ἔτους,
3143 574 3277 643 πρὸς
3301 575 3378 640 τῷ
3407 577 3539 644 μηδὲ
3565 575 3769 630 πάντας
3795 576 4021 626 δυνατδν

2449 664 2586 720 εἷναι
2617 669 2740 728 τοὺς
2765 667 2869 718 ἀνὰ
2907 667 3090 718 πᾶσαν
3133 666 3233 735 τὴν
3279 667 3606 733 οἰκεομένην
3636 667 3702 716 τα
3756 667 4021 732 Χριστια-

2450 761 2556 812 νῶν
2607 759 3007 828 πρεσϐεύοντας
3054 760 3242 810 πεῖσαι
3300 756 3633 825 μεταμαθεῖν
3698 757 3882 815 αὐτὸν,
3939 757 4021 806 ἔτι

2449 853 2541 903 καὶ
2575 852 2710 918 μετὰ
2740 847 2812 901 τδ⁸
2868 849 3031 902 πάλιν
3059 849 3175 918 ἐτη,
3213 851 3308 900 καὶ
3363 846 3516 909 αὖθις
3582 849 3720 916 μετὰ
3757 847 4021 903 τοσαῦτα.

2450 943 2542 994 καὶ
2575 942 2665 994 ἀεὶ
2688 940 2862 1002 οὕτως
2892 943 2924 1008 ἡ
2956 940 3093 1008 αὑτὴ
3121 938 3597 1009 παρακολουθὴσει
3627 938 3895 1006 ἁμαρτία,
3931 938 4024 988 καὶ

2449 1035 2628 1101 δεήσει
2649 1033 2910 1093 πολλάκις
2935 1033 3127 1085 τοῦτον
3163 1033 3504 1100 μεταποιεῖν.
3537 1029 3678 1082 ὥστε
3705 1028 3918 1094 βέλτιον
3947 1029 4022 1094 μὴ

2449 1127 2810 1190 καινοτομεῖνσ
2841 1124 2907 1176 Ἥ
2939 1128 3046 1192 γὰρ
3104 1123 3328 1191 τοιαύτη
3381 1123 3705 1190 καινοτομία
3757 1119 4024 1197 θυμόνον

2448 1216 2507 1266 οὐ
2541 1215 2828 1283 δυνήσεται
2865 1215 2937 1282 μὴ
2995 1219 3062 1284 τῇ
3099 1216 3235 1284 αὐτῇ
3275 1215 3438 1268 πάλιν
3489 1215 3805 1282 περιπεσεῖν
3840 1213 4021 1278 ἁμαρ-

2448 1307 2558 1375 τίᾳ,
2593 1307 2727 1359 ἀλλὰ
2773 1308 2868 1359 καὶ
2909 1309 3154 1366 στάσεως
3201 1307 3261 1358 οὐ
3325 1307 3555 1374 μετρίας
3619 1308 3684 1373 τῇ
3720 1304 4022 1369 Ἐκκλησία

2448 1400 2738 1466 γενήσεται
2773 1399 3051 1468 πρόξενος.
3099 1397 3213 1450 Νῦν
3238 1399 3293 1450 δὲ
3326 1400 3422 1450 καὶ
3477 1396 3650 1459 οὕτως
3681 1397 3896 1464 ἔχοντος
3925 1394 4020 1446 τοῦ

2448 1489 2692 1551 κανόνος,
2727 1492 2794 1542 τὰ
2849 1490 3185 1557 καιριώτερα
3227 1487 3336 1540 τῶν
3384 1488 3751 1554 ὀφειλομένων
3801 1487 3929 1553 περὶ
3965 1490 4022 1537 τὸ

2448 1576 2638 1644 Πάσχα
2692 1577 2999 1644 τηρεῖσθαι,
3061 1577 3127 1629 δι’
3180 1577 3346 1629 αὑτοῦ
3418 1577 3650 1644 βεϐαίως
3701 1575 4018 1643 τηρούνται,

2447 1665 2507 1716 τὸ
2536 1667 2655 1736 μετ’
2691 1670 2986 1738 ἰσημερίαν
3020 1667 3286 1735 δηλονότι,
3320 1669 3412 1720 καὶ
3442 1670 3502 1719 τὸ
3529 1670 3665 1736 μετα
3696 1669 3792 1733 τὴν
3822 1668 4023 1717 πανσε-

2448 1756 2629 1826 ληνον,
2688 1759 2789 1827 τὴν
2831 1759 2948 1827 μετ’
3015 1759 3347 1828 ἰσημερίαν,
3397 1760 3463 1810 τα
3517 1757 3616 1825 τῆς
3672 1759 3863 1823 ἑορτῆς
3916 1759 4022 1808 in};

779 1875 1057 1931 quenletn,
1111 1864 1236 1919 festi
1277 1863 1436 1919 istius
1461 1865 1725 1917 solemnia
1759 1864 1828 1916 ab
1853 1863 2109 1915 omnibus
2154 1872 2208 1916 et
2252 1877 2347 1915 ρο·
2380 1863 2420 1917 Β
2450 1866 2458 1897 ⁷

2342 1893 2347 1903 ,
2380 1863 2420 1917 Β
2450 1848 2688 1910 πάντων,
2723 1853 2816 1901 καὶ
2857 1852 2916 1902 ἐν
2945 1851 3020 1919 τῷ
3048 1851 3199 1920 αὑτῷ
3227 1851 3420 1918 χρόνῳ,
3449 1851 3542 1902 καὶ
3576 1853 3641 1917 τῇ
3671 1852 3806 1917 αὐτῇ
3835 1853 4021 1918 ἡμέρᾳ,

783 1959 904 2008 dem
935 1965 1178 2022 tempore
1215 1957 1514 2023 eodemque
1550 1954 1638 2008 die
1671 1954 1790 2008 sine
1822 1954 2055 2006 dissidio
2083 1967 2349 2023 peragan-

782 2059 891 2098 ltll'.
926 2045 1215 2108 Prmlet'ca,
1251 2046 1295 2098 si
1331 2055 1476 2100 recte
1501 2045 1679 2113 quoad
1704 2046 1886 2098 omnia
1911 2061 1969 2099 se
2002 2046 2223 2098 haberet
2253 2059 2346 2112 pe-

782 2137 1020 2191 riodicus
1048 2139 1135 2190 ille
1159 2151 1360 2200 canon,
1402 2152 1775 2204 saepenumero
1801 2147 1979 2189 tamen
2008 2138 2350 2204 contingeret

780 2228 986 2280 l'ascba
1037 2243 1064 2276 a
1099 2228 1258 2280 nobis
1313 2227 1574 2292 postridie
1625 2226 1744 2280 festi
1791 2226 2100 2280 Judmorum
2163 2229 2351 2281 obser-

784 2320 919 2371 \ul‘l.
951 2317 1108 2371 Nunc
1167 2329 1349 2373 autem
1403 2330 1524 2387 post
1554 2330 1666 2372 tres
1697 2320 1811 2373 dies
1841 2320 1906 2373 ad
1944 2320 2229 2373 minimum
2279 2320 2348 2372 ab

782 2414 1023 2474 ipsorum
1074 2410 1212 2463 festo
1256 2419 1504 2462 nostrum
1573 2410 1906 2463 celebratur.
1976 2409 2132 2475 Quod
2180 2411 2346 2465 etiam

781 2505 949 2572 magis
981 2506 1233 2558 convenit
1268 2506 1466 2559 canoni
1503 2507 1828 2575 apostolico,
1861 2505 1954 2575 qui
1991 2508 2185 2560 statuit
2239 2507 2344 2560 Pa»

779 2597 910 2648 scha
934 2598 1128 2649 eodem
1164 2607 1409 2663 tempore
1435 2611 1556 2650 cum
1591 2596 1791 2650 Judzeis
1817 2597 2038 2649 minime
2063 2598 2346 2649 celebran-

775 2690 902 2738 dum
936 2703 1058 2741 esse
1086 2706 1099 2740 :
1125 2697 1178 2741 et
1211 2702 1346 2741 sane
1378 2703 1537 2741 error
1572 2690 1674 2743 iste
1713 2689 1862 2742 circa
1896 2689 2128 2750 Pascha,
2187 2688 2342 2756 qua~i

777 2798 841 2833 ex
867 2782 1142 2842 consulto,
1176 2782 1303 2834 facit
1337 2791 1392 2834 ut
1419 2792 1756 2850 praeceptum
1787 2782 1917 2834 illud
1955 2780 2129 2849 magis
2159 2780 2348 2833 obser-

779 2883 958 2924 \etut‘.
985 2871 1103 2923 Jam
1134 2886 1263 2923 vero
1292 2881 1666 2940 opportunum
1724 2886 1847 2924 esse
1879 2885 2004 2923 reor
2035 2869 2349 2924 sanctiones

777 2962 942 3015 etiam
977 2961 1315 3014 necessarias
1341 2975 1792 3013 commemorare.

851 3050 1069 3105 Primus
1118 3054 1304 3119 itaque
1352 3052 1570 3106 concilii
1623 3052 1944 3107 Antioolteni
1977 3065 2175 3118 canon,
2232 3053 2347 3106 lloc

777 3147 1013 3209 decreti,
1048 3145 1146 3209 ait,
1185 3144 1431 3212 synodus
1490 3142 1708 3197 Nicasna
1745 3145 1936 3208 edidit,
1983 3144 2346 3201 Constantino

2449 1938 2720 1990 τελεῖσθαι
2749 1939 3145 2003 ἀστασιάστως.
3169 1941 3290 1992 Ἔτι
3323 1939 3377 1992 δὲ
3409 1943 3458 1991 εἱ
3491 1939 3666 2009 ὀρθῶς
3699 1937 3842 2008 εἶχεν
3867 1945 3892 1991 ὸ
3919 1959 4018 1990 πε-

2454 2030 2684 2098 ριοδικὸς
2737 2025 2893 2094 οὗτος
2950 2033 3089 2085 κατὰ
3145 2035 3326 2086 πάντα
3375 2035 3577 2096 κανὼν,
3631 2033 3889 2094 πολλάκις
3957 2035 4022 2084 ἂν

2451 2124 2760 2188 συνέϐαινε,
2791 2126 2892 2195 τὴν
2921 2124 3048 2194 ἑξῆς
3074 2125 3232 2188 εὐθὺς
3275 2127 3488 2196 ἡμέραν
3517 2126 3616 2194 τῆς
3653 2126 3874 2178 ἐκείνων
3901 2127 4023 2196 ἑορ-

2449 2216 2550 2283 τῆς
2593 2218 2720 2284 ἡμῖν
2768 2217 2828 2268 τὸ
2863 2217 3052 2285 Πάσχα
3098 2217 3407 2270 τελεῖσθαιο
3457 2217 3551 2270 νῦν
3585 2218 3640 2270 δὲ
3677 2218 3815 2286 μετα
3871 2220 4021 2284 τρῑῖς

2449 2307 2798 2375 τούλάχιστον
2833 2309 3048 2378 ἡμέρας
3076 2308 3176 2377 τῆς
3216 2309 3442 2362 ἐκείνων
3486 2309 3679 2376 ἑορτῆς
3711 2310 3741 2376 ἠ
3775 2310 4020 2376 ἡμετέρα

2449 2399 2704 2451 τελεῖται.
2742 2398 2921 2468 Ὀπερ
2963 2400 3045 2451 ἔτι
3111 2401 3309 2468 μᾶλλον
3343 2401 3423 2469 τῷ
3461 2401 3802 2468 ἀποστολικῴ
3834 2403 4020 2451 κανόνι

2451 2489 2772 2558 συμϐαίνει,
2831 2491 2908 2558 τῷ
2966 2490 3321 2561 διοριζομένῳ
3374 2492 3447 2563 μὴ
3494 2493 3600 2544 δεῖν
3653 2494 3709 2544 ὲν
3749 2492 3822 2560 τῷ
3871 2493 4021 2560 αὐτῷ

2449 2580 2625 2650 χρόνῳ
2657 2585 2768 2644 τοῖς
2802 2581 3076 2642 Ἰουδαίοις
3100 2583 3160 2635 τὸ
3197 2585 3388 2652 Πασχα
3434 2583 3608 2636 τελεῖν
3633 2597 3646 2608 ·
3685 2587 3775 2634 καὶ
3806 2587 3834 2653 ἡ
3880 2602 4018 2652 συμο

2450 2673 2719 2741 ϐεϐηκυῖα
2758 2676 2887 2744 περὶ
2929 2675 2990 2726 τὸ
3023 2676 3214 2742 Πάσχα
3255 2675 3555 2745 διαμαρτία
3597 2675 3785 2742 ὥσπερ
3839 2677 4022 2738 ἐξεπί-

2447 2763 2602 2831 τηδες
2633 2767 2779 2816 ποιεῖ
2797 2766 2885 2817 τὸν
2903 2764 3143 2817 τοιοῦτον
3165 2764 3420 2817 ὲπιπλέον
3446 2764 3607 2832 νόμον
3636 2764 3865 2830 φυλαττε
3877 2765 4018 2814 σθαι.

2463 2856 2604 2906 Ἀλλ’
2637 2856 2738 2908 οὑκ
2800 2856 3033 2926 ἄκαιρον
3084 2852 3238 2926 οἶμαι
3285 2861 3379 2910 καὶ
3439 2858 3548 2909 τῶν
3582 2857 3881 2926 ἐπικαίρων
3917 2859 4020 2926 ἣ-Ξη

2452 2945 2757 3015 μνησθῆναι
2783 2948 3070 3018 χρησμῶν.

2529 3036 2590 3090 Ὀ
2621 3043 2668 3089 α’
2699 3039 2795 3107 τῆς
2859 3041 2916 3090 ἐν
2962 3039 3258 3110 Ἀντιοχείᾳ
3319 3040 3539 3092 συνόδςυ
3597 3042 3796 3102 κανὼν,
3833 3042 4018 3108 Ὅρον,

2451 3133 2639 3200 φησιν,
2664 3131 2976 3202 ἐξενήνοχεν
3005 3135 3038 3202 ἠ
3067 3135 3122 3184 ὲν
3154 3133 3357 3202 Νικαίᾳ
3400 3133 3594 3202 πρώτη
3644 3134 3883 3197 σύνοδος,
3923 3135 4020 3184 ὑπ’

781 3241 1026 3308 piissimo
1071 3239 1400 3304 imperatore
1453 3245 1743 3304 prasente,
1791 3251 1859 3289 ne
1888 3235 2188 3290 Christiani
2239 3253 2343 3290 una
2377 3206 2460 3272 cl

2342 3281 2343 3288 κ
2377 3206 2420 3263 c
2453 3223 2574 3292 δψιν
2618 3224 2713 3276 τοῦ
2740 3224 2999 3286 εὐσεϐοῦς
3034 3226 3298 3293 βασιλέως
3336 3227 3769 3287 Κωνσταντίνου,
3796 3227 3893 3293 τὴν
3926 3226 4021 3278 τοῦ

780 3345 901 3382 cum
938 3326 1140 3381 ludatis
1171 3340 1325 3379 sacra
1355 3325 1644 3380 Paschalis
1685 3328 1952 3381 solemnia
1983 3330 2344 3388 celebrarent,

779 3421 873 3472 sed
915 3421 1092 3487 potius
1120 3421 1196 3472 uti
1230 3419 1440 3488 legibus
1472 3434 1534 3472 ac
1592 3420 1884 3484 sententia,
1921 3419 1994 3473 ita
2037 3429 2090 3472 et
2135 3422 2346 3472 dierum

778 3513 1091 3565 discrimine
1132 3512 1199 3564 ab
1234 3514 1354 3564 istis
1399 3511 1896 3579 distinguerentur.
1946 3511 2190 3565 Clericos
2218 3526 2348 3566 veto

779 3605 866 3664 qui
905 3603 1274 3656 deﬁnitionem
1301 3603 1448 3655 illam
1499 3603 1712 3654 violare
1751 3604 1868 3656 ausi
1917 3601 2140 3664 fuerint,
2182 3611 2348 3668 atque

783 3695 852 3744 i.a
888 3694 1141 3762 populum
1166 3693 1361 3747 docere
1391 3699 1860 3762 praesutnpserint,
1915 3692 2218 3746 sacerdotis
2259 3689 2348 3758 ja-

780 3798 934 3837 ctura
969 3786 1163 3837 tnultat
1197 3803 1210 3837 :
1242 3793 1355 3837 tum
1388 3786 1552 3837 etiam
1583 3785 1674 3848 qui
1706 3799 1829 3835 cum
1868 3784 2016 3836 hisce
2043 3785 2349 3835 communi-

782 3877 1045 3935 laverint,
1075 3883 1195 3941 post
1230 3875 1630 3942 depositionem
1673 3876 1880 3928 honore
1925 3874 2017 3942 qui
2049 3886 2202 3926 extra
2259 3887 2348 3925 sa-

780 3982 933 4019 crum
980 3967 1218 4020 tribunal
1271 3967 1335 4019 ad
1391 3967 1537 4035 ipsos
1591 3967 1842 4035 pertinet,
1897 3967 2157 4020 cathedra
2217 3978 2346 4034 puta

783 4059 1012 4125 altisque
1033 4058 1350 4125 privilegiis,
1378 4059 1551 4112 exuit.
1583 4056 1715 4110 Nam
1748 4059 1840 4125 qui
1863 4059 1933 4111 ob
1954 4059 2213 4111 delictum
2243 4076 2346 4110 non

784 4164 1061 4218 pra‘grave
1094 4149 1404 4202 sacerdotio
1435 4164 1535 4202 suo
1564 4151 1845 4213 excidunt,
1873 4166 1979 4202 non
2005 4150 2188 4204 statim
2247 4151 2347 4204 lto-

783 4255 914 4292 nore
947 4239 1040 4292 illo
1076 4239 1219 4293 circa
1262 4249 1487 4292 externa
1515 4242 1815 4308 privantnr.

851 4421 1037 4474 Canon
1071 4435 1251 4472 au.em
1278 4418 1345 4471 66
1364 4422 1553 4488 synodi
1577 4430 1737 4473 sexta-
1755 4435 1783 4472 a
1803 4421 1891 4473 die
1913 4421 2350 4478 liesurrectionis

785 4530 952 4580 usque
982 4511 1045 4563 ad
1072 4512 1405 4564 Dominicam
1439 4519 1753 4578 sequentem
1802 4514 2026 4579 psalmis
2053 4523 2104 4566 et
2128 4515 2346 4582 hymnis
2380 4536 2422 4588 ι)

782 4615 836 4656 et
865 4605 1094 4656 canticis
1135 4601 1518 4671 spiritualibus
1559 4616 1752 4654 vacare
1782 4602 1965 4655 lideles
1991 4605 2269 4669 admonet,
2297 4615 2350 4658 et

785 4695 1182 4764 hippodroiniis
1239 4693 1676 4760 spectaculisque
1731 4693 1960 4760 publicis
2025 4689 2352 4762 praetermis-

785 4789 880 4847 sis,
917 4787 970 4838 itt
1004 4787 1178 4838 sacris
1208 4784 1550 4852 frequentius
1585 4785 1810 4847 versari,
1853 4799 1956 4851 qua
1985 4785 2051 4838 de
2101 4801 2264 4839 causa
2321 4803 2350 4839 a

785 4881 1042 4935 servitute
1069 4875 1264 4928 diaboli
1306 4875 1516 4928 liberati
1559 4891 1769 4927 smnus.
1825 4876 2018 4928 Verum
2049 4879 2194 4930 enim
2225 4893 2352 4931 vero

783 4970 1153 5020 Christianum
1200 4977 1410 5035 oportet
1470 4982 1744 5032 nunquam
1799 4982 1903 5018 non
1949 4978 2188 5034 paratum
2226 4984 2352 5022 esse

785 5063 848 5112 ad
883 5059 1231 5126 suscipienda
1256 5073 1410 5111 sacra
1446 5058 1699 5126 mysteria
1732 5073 1744 5107 :
1773 5058 1845 5109 ita
1894 5059 2114 5125 quidem
2150 5061 2260 5122 lict,
2294 5068 2351 5111 ut

787 5170 888 5202 unzt
926 5166 1046 5202 cum
1079 5151 1297 5202 Christo
1329 5163 1709 5216 resurgnmus,
1733 5156 1892 5214 atque
1929 5149 1996 5200 de
2028 5150 2138 5201 vita
2175 5149 2265 5201 vili
2300 5158 2352 5201 et

787 5255 854 5294 tm
876 5261 1000 5294 retia
1034 5243 1099 5295 ad
1134 5241 1614 5295 ultratnundanam
1650 5249 1703 5293 et
1748 5241 2088 5308 spiritualem
2121 5257 2349 5296 conver-

786 5339 1050 5388 sationem
1088 5335 1424 5387 attollamur.

860 5554 987 5606 Vide
1016 5555 1178 5607 etiam
1219 5556 1268 5607 in
1299 5569 1420 5624 cap.
1451 5557 1472 5609 l
1512 5557 1706 5610 litterae
1740 5556 1782 5608 8
1814 5571 2078 5608 canonem
2114 5557 2175 5609 Ol
2218 5576 2350 5610 con-

785 5664 812 5700 c
840 5651 890 5700 lii
925 5650 1390 5716 Lat-tlmgiuensis.

855 5785 1020 5853 318
1062 5784 1248 5839 Canon
1305 5798 1484 5840 autem
1533 5787 1601 5840 8‘.)
1659 5787 1844 5856 synodi
1893 5795 2056 5841 sextae
2101 5783 2350 5838 ﬁdelibul

2451 3317 2603 3383 ἁγίου
2641 3317 2832 3386 Πάσχα
2854 3317 3074 3386 τελετὴν
3103 3318 3176 3387 μὴ
3211 3317 3426 3384 σύναμα
3459 3322 3568 3379 τοῖς
3596 3317 3870 3372 Ἰουδαίοις
3896 3324 4023 3384 τόζς

2447 3409 2810 3479 Χριστιανοὺς
2857 3410 3032 3476 ἄγειν,
3073 3410 3188 3461 ἀλλ’
3223 3410 3412 3478 ὥσπερ
3454 3413 3564 3473 τοῖς
3611 3413 3795 3480 νόμοις
3827 3418 4023 3483 καὶτῷ

2451 3505 2786 3572 φρονήματι,
2821 3503 2966 3555 οὕτω
3005 3506 3100 3555 καὶ
3145 3505 3221 3572 τῷ
3256 3505 3621 3558 διαλλάττοντι
3662 3508 3770 3558 τῶν
3798 3511 4023 3578 ἡμερῶν

2447 3595 2651 3646 τούτων
2677 3595 3114 3647 ἀποδιίστασθαι.
3150 3597 3286 3658 Τοὺς
3317 3598 3371 3649 δὲ
3401 3599 3490 3650 τὸν
3529 3602 3652 3666 ὅρον
3681 3604 3886 3652 ἐκεῖνον
3915 3619 4023 3653 πα-

2451 3688 2667 3755 ραλύειν
2711 3689 3021 3756 τολμῶντας
3068 3690 3382 3757 κληρικοὺς,
3439 3696 3530 3745 καὶ
3577 3693 3722 3744 οὕτω
3753 3694 3841 3744 τὸν
3893 3713 4025 3746 λαόν

2451 3781 2822 3847 πειρωμένους
2861 3781 3152 3844 διδάσκειν,
3220 3785 3285 3848 τῇ
3334 3785 3617 3851 ἀφαιρέσει
3677 3785 3864 3852 ζημιοῖ
3921 3786 4024 3847 τῆς

2453 3869 2790 3939 ἱερωσύνης·
2840 3871 2975 3936 πρδς
3027 3871 3108 3932 δὲ,
3157 3877 3251 3927 καὶ
3297 3876 3421 3935 τοὺς
3465 3876 3776 3944 τολμῶντας
3808 3878 4024 3941 τούτεις

2456 3964 2594 4031 μετὰ
2649 3963 2748 4032 τὴν
2795 3964 3111 4033 καθαίρεσιν
3159 3969 3455 4026 κοινωνεῖν,
3499 3969 3557 4018 ού
3609 3969 3714 4035 μὴν
3759 3969 3891 4020 ἀλλὰ
3927 3976 4026 4024 καὶ

2449 4055 2547 4122 τῆς
2574 4055 2679 4120 ἔξω
2716 4055 2809 4108 τοῦ
2844 4057 3090 4124 βήματος
3133 4059 3546 4126 ἀλλοτριοῦσθαι
3584 4065 3772 4128 τιμῆς,
3815 4063 3909 4130 τῆς
3964 4069 4024 4114 ἐν

2450 4149 2514 4213 τῇ
2555 4147 2793 4215 καθέδρᾳ⁴
2824 4147 3046 4216 δηλαδὴ,
3080 4151 3176 4201 καὶ
3202 4149 3302 4216 τῆς
3342 4151 3530 4218 ἄλλης.
3575 4153 3636 4203 Oi
3666 4155 3771 4219 γαρ
3798 4154 3884 4205 δια
3929 4157 4024 4220 μέ-

2450 4254 2599 4306 τριον
2629 4241 2879 4307 πταῖσμα
2910 4240 3005 4309 τῆς
3030 4240 3332 4310 ἱερωσύνης
3383 4243 3726 4314 ἀφῃρημένοι
3761 4246 3856 4314 τῆς
3895 4251 4026 4299 περὶ

2450 4329 2520 4379 τὰ
2551 4328 2656 4390 ἔξω
2681 4331 2848 4397 τιμῆς
2881 4331 2980 4382 οὐκ
3012 4333 3309 4397 εἴργονται.

2535 4417 2597 4471 Ὀ
2623 4419 2706 4481 Et,“
2724 4421 2819 4486 τῆς
2846 4427 2896 4482 ς’
2921 4421 3140 4472 συνόδου
3163 4422 3270 4472 ἀπὸ
3289 4421 3387 4488 τῆς
3405 4421 3779 4490 άναστασίμου
3811 4424 4027 4490 ἡμέρας

2452 4508 2700 4577 ἄχρι-τῆς
2727 4511 2919 4577 καινῆς
2941 4513 3250 4580 Κυριακῆς,
3277 4515 3331 4563 ἐν
3353 4512 3586 4580 ψαλμοῖς
3613 4513 3907 4581 καὶῦμνοις
3933 4520 4028 4568 καὶ

2451 4601 2617 4668 ᾠδαῖς
2677 4606 3075 4672 πνευματικαῖς
3135 4603 3415 4673 ἑορτάζειν
3463 4605 3836 4656 διακελεύεται
3896 4607 4025 4668 τοὺς

2453 4690 2709 4751 πιστούς·
2760 4694 2852 4742 καὶ
2906 4693 3179 4762 ἐρρῶσθαι
3227 4698 3541 4763 φράσαντας
3597 4699 3713 4756 ταῖς
3767 4697 4028 4766 ἱπποδρο-

2456 4783 2629 4850 μίαις,
2661 4787 2755 4837 καὶ
2783 4787 2902 4846 ταῖς
2947 4786 3220 4854 δημώδεσι
3263 4789 3432 4850 θέαις,
3467 4789 3670 4857 θαμινά
3705 4793 3816 4851 τοῖς
3859 4793 4027 4858 ἱεροῖς

2453 4875 2860 4944 ἐπιχωριάζειν,
2905 4879 3020 4929 ἀνθ’
3078 4874 3153 4932 ῶν
3204 4881 3301 4947 τῆς
3351 4881 3444 4932 τοῦ
3495 4881 3741 4933 διαϐόλου
3783 4883 4028 4946 δουλείας

2452 4965 2899 5034 ἠλευθερώμεθα.
2955 4969 3058 5019 Τὸν
3089 4970 3199 5036 γὰρ
3245 4970 3421 5038 άληθῆ
3450 4972 3776 5037 Χριστιανὸν
3805 4974 4028 5040 ἕτοιμον

2455 5052 2594 5108 εἰναι
2623 5058 2702 5107 δεῖ
2737 5060 2922 5126 σχεδὸν
2950 5061 3212 5112 ἑκάστοτε
3251 5064 3387 5127 πρὸς
3439 5065 3538 5131 τὴν
3569 5064 3678 5115 τῶν
3727 5064 3886 5116 θείων
3923 5085 4028 5134 μυ-

2455 5152 2691 5217 στηρίων
2721 5150 3024 5219 ὑποδοχήν·
3056 5151 3197 5204 οὕτω
3238 5155 3342 5222 γάρ
3391 5155 3625 5221 ἐσόμεθα
3656 5164 4028 5209 συναναστάν-

2455 5260 2546 5304 τες
2600 5245 2842 5312 Χριστῷ,
2875 5246 2973 5311 τῆς
2998 5247 3338 5314 χαμαιζήλου
3369 5251 3461 5301 καὶ
3494 5251 3686 5318 γηῖνης
3721 5251 3884 5318 ζωῆς,
3934 5273 4029 5305 και

2457 5336 2861 5402 συνυψωθέντες
2917 5339 3053 5406 πρὸς
3105 5339 3471 5407 ὑπερκόσμιον
3514 5344 3608 5394 καὶ
3649 5349 4029 5413 πνευματικὴν

2455 5424 2534 5492 τῷ
2559 5425 2674 5477 ὄντι
2707 5427 2982 5496 διαγωγήν

2528 5559 2690 5625 Ζήτει
2720 5562 2812 5610 καὶ
2838 5562 2894 5612 ἐν
2922 5559 2998 5629 τῷ
3024 5559 3068 5612 α’
3094 5579 3217 5629 κεφ.
3249 5562 3340 5615 τοῦ
3363 5563 3403 5615 Θ
3429 5567 3694 5634 στοιχείου
3721 5569 3918 5622 κανόνα
3949 5572 4029 5634 ξα’

2454 5650 2549 5718 τῆς
2573 5652 2631 5700 ἐν
2655 5652 2982 5723 Καρθαγένῃ
3017 5656 3256 5708 συνόδου.

2542 5779 2601 5840 ’0
2631 5785 2685 5839 δὲ
2731 5787 2817 5841 πθ⁹
2849 5790 2940 5860 τῆς
2978 5798 3029 5854 ς’
3069 5793 3287 5845 συνόδου
3339 5793 3434 5856 τὰς
3477 5793 3570 5846 τοῦ
3609 5800 3878 5866 σωτηρίου
3924 5802 4024 5852 πα-
