4252 6424
288 409 393 477 £13

357 611 524 689 Ζὴτει
553 619 611 671 ὲν
642 618 720 687 τῷ
771 619 834 669 ιδ’
867 632 997 683 κεφ.
1029 614 1123 667 τοῦ
1163 614 1211 669 Μ
1249 614 1514 684 στοιχείου
1570 612 1776 668 κανόνα
1821 612 1862 665 δ’

281 710 382 763 τοῦ
412 710 652 780 μεγάλου
683 707 991 778 Γρηγορίου
1030 707 1276 774 Νύσσης,
1330 708 1479 769 ὅστις
1528 706 1623 758 καὶ
1680 707 1761 767 είς
1817 703 1862 756 θ’

282 804 514 874 χρόνους
553 804 678 865 τοὺς
712 802 942 872 πόρνους
968 800 1324 869 ἐπιτιμᾶσθαι
1348 797 1582 852 κελεύει.

368 897 432 950 '0
458 897 513 949 δὲ
547 896 719 964 μέγας
746 894 1048 957 Βασίλειος,
1076 895 1133 946 εν
1168 891 1248 961 τῷ
1272 892 1346 945 νθ¹
1385 891 1591 953 κανόνι,
1617 890 1709 941 τὸν
1732 888 1866 958 πόρ-

282 1001 376 1037 νον
411 988 604 1054 μέχρις
630 983 922 1045 ἑπταετίας
972 983 1069 1050 τῆς
1126 981 1409 1044 κοινωνίας
1462 980 1742 1048 ἀπείργει.
1800 978 1865 1032 Εί

284 1076 400 1144 γὰρ
432 1078 523 1127 καὶ
551 1076 609 1128 ἐν
636 1074 715 1143 τῷ
739 1073 822 1128 κῦ⁰
842 1073 1049 1138 κανόνι,
1073 1073 1131 1126 ὃν
1162 1073 1258 1126 καὶ
1288 1071 1439 1142 ζήτει
1467 1074 1526 1124 ἐν
1541 1071 1619 1141 τῷ
1646 1070 1713 1139 ιγ’
1736 1087 1863 1138 κεφ.

284 1167 386 1220 tuo
419 1169 464 1219 Δ
495 1169 786 1237 στοιχείου,
825 1167 965 1234 μετὰ
1005 1164 1328 1236 τετραετίαν
1367 1164 1513 1218 δοκεῖ
1556 1164 1704 1216 λύειν
1753 1166 1867 1227 τοῖς

285 1259 555 1322 τοιούτοις
584 1261 645 1312 τδ
678 1258 978 1328 ἐπιτίμιον,
1004 1258 1122 1312 ἀλλ’
1169 1258 1293 1328 οὐχ).
1339 1256 1569 1328 γνώμην
1632 1257 1866 1322 οἰκείαν,

286 1354 389 1422 τὴν
420 1352 479 1405 δὲ
520 1349 631 1403 τῶν
662 1351 769 1420 πρὸ
798 1350 967 1404 αὑτοῦ
1006 1350 1270 1419 Πατέρων
1302 1351 1592 1419 εἰσήνεγκε
1613 1362 1629 1379 ⁸
1652 1349 1751 1419 τήν
1804 1366 1868 1417 γε

292 1446 403 1514 μὴν
443 1443 740 1497 ἑπταετίαν
795 1446 862 1513 τῇ
895 1441 1003 1513 ἰδία
1067 1442 1248 1512 κρίσει
1305 1441 1529 1495 τούτων
1570 1441 1873 1512 κατεψηφί-

290 1551 453 1596 σατο,
479 1532 781 1602 βαρύτερον
802 1534 835 1601 ἢ
867 1534 919 1585 oi.
957 1533 1068 1603 πρὸ
1097 1533 1264 1587 αὐτοῦ
1315 1534 1415 1602 τὴν
1477 1533 1733 1604 πορνείαν
1781 1551 1871 1588 κο-

289 1625 516 1691 λάζων,
574 1624 765 1695 ὥσπερ
820 1624 933 1695 ἄρα
991 1626 1084 1681 καὶ
1121 1624 1285 1693 ἕτερα
1355 1625 1463 1678 τῶν
1524 1624 1713 1679 παθών
1770 1628 1869 1680 οὐκ

289 1718 478 1784 ὀλίγα.

365 1810 504 1880 Περὶ⁸
522 1809 580 1863 δὲ
602 1808 699 1862 τοῦ
725 1810 943 1876 γυναικὶ
976 1808 1352 1873 συνοικοῦντος
1384 1811 1600 1880 νομίμῳ
1629 1811 1870 1882 καὶπορ-

292 1898 545 1970 νεύοντος
577 1900 731 1968 ζήτει
784 1903 842 1954 ὲν
873 1900 951 1971 τῷ
989 1907 1066 1967 ις’
1099 1903 1382 1971 κεφαλαίῳ
1411 1902 1505 1954 τοῦ
1537 1902 1576 1954 Γ
1601 1902 1867 1973 στοιχείου

291 1991 504 2045 κανόνα
524 1990 620 2045 τοῦ
644 1992 879 2060 μεγάλου
906 1992 1187 2045 Βασιλείου
1217 1999 1319 2046 κα’.

368 2083 505 2152 Περὶ
549 2084 607 2135 δὲ
644 2082 739 2135 τοῦ
786 2085 1017 2151 γυναῖκα
1070 2084 1344 2153 παρθένον
1391 2085 1716 2156 φθείραντος
1782 2084 1873 2156 βίᾳ

296 2176 457 2245 ζήτει
488 2175 548 2227 τὸ
575 2174 620 2225 λ’
646 2193 774 2243 κεφ.
804 2174 899 2228 τοῦ
919 2176 958 2227 Γ
981 2177 1273 2245 στοιχείου.

379 2269 441 2321 '0
496 2268 554 2319 δὲ
607 2268 782 2337 μέγας
834 2269 1114 2331 Βασίλε.ος
1166 2272 1224 2323 ἐν
1284 2269 1364 2323 κε’
1416 2272 1621 2337 κανόνι,
1662 2272 1719 2323 ’0
1778 2272 1874 2341 τὴν

294 2358 677 2427 ἀμνήστευτον
710 2359 937 2428 φθείρας
966 2360 1257 2429 παρθένον,
1282 2364 1439 2430 φησι,
1479 2364 1573 2415 καὶ
1600 2363 1735 2432 μετὰ
1776 2362 1875 2432 τὴν

300 2451 513 2518 φθορὰν
544 2444 633 2503 οἷα
670 2451 891 2521 συζύγῳ
914 2450 1215 2521 χρώμενος.
1254 2455 1312 2505 τὸ
1351 2455 1448 2524 μὲν
1476 2456 1569 2507 ἐπὶ
1604 2458 1671 2525 τῇ
1702 2456 1878 2527 φθορᾷ

298 2540 583 2607 ἐπιτίμιον
628 2540 1020 2610 ὑποστήσεται.
1056 2541 1168 2609 Τὴν
1192 2541 1247 2593 δὲ
1293 2543 1548 2607 γυναῖκα,
1602 2542 1699 2612 τὴν
1763 2543 1877 2611 μετ’

301 2632 475 2683 αὐτοῦ
503 2630 811 2699 συμΰίωσιν
860 2632 1213 2701 αἱρουμένην,
1267 2632 1366 2683 οὐκ
1424 2632 1878 2702 ἀφαιρεθήσεται,

300 2724 446 2791 εἴγε
476 2726 569 2775 καὶ⁵
594 2724 641 2773 oi
674 2723 849 2788 γονεῖς
872 2724 967 2785 τῆς
1025 2723 1193 2789 κόρης
1242 2722 1443 2793 δηλαδὴ
1503 2724 1883 2793 καταδέχοιντο

301 2818 387 2868 ἑτι
423 2812 586 2883 οὔσης
604 2813 953 2877 ὐπεξουσίου.
995 2813 1255 2867 Ἐκείνων
1275 2816 1381 2883 γὰρ
1414 2815 1489 2886 μὴ
1517 2816 1881 2885 ἀνεχομένων,

303 2909 332 2957 ὁ
360 2904 589 2973 φθείρας
622 2904 761 2957 κατὰ
801 2905 924 2965 τοὺς
958 2906 1278 2966 πολιτικοὺς
1325 2907 1523 2976 νόμους
1569 2908 1889 2978 τιμωρηθή-

307 2997 605 3062 σεται,οὒ;
626 2998 719 3049 καὶ
747 2998 898 3068 ζήτει
932 3000 1075 3051 κατὰ
1130 3000 1191 3051 τὸ
1228 3000 1392 3070 ῥηθὲν
1433 3000 1474 3052 λ’
1508 3018 1631 3070 κεφ.
1695 3001 1791 3054 τοῦ
1847 3002 1887 3054 Γ

306 3110 601 3161 στοιχειου.

1264 408 1669 469 SYNTAGMA
1699 394 2316 467 ALi’llABETICUM.
2356 425 2422 435 -
2468 394 2533 447 "-

613 526 867 581 KEtltAA.
906 524 1007 579 ιε.
1039 523 1179 593 Περὶ
1210 526 1513 594 πορνείας.
1890 522 1945 581 Α

3440 388 3543 452 ιιι

2250 515 2412 584 222
2446 512 2599 568 CAP.
2629 508 2745 565 XV.
2780 508 2853 563 De
2878 508 3259 578 fornicatione.

2038 609 2231 675 Quaere
2260 609 2315 662 in
2344 606 2410 659 ιι
2441 620 2559 674 cap.
2595 604 2701 659 litt.
2740 603 2790 658 Μ
2837 616 3104 658 canonem
3130 602 3163 655 4
3195 599 3377 669 magni
3411 598 3549 654 Gre-

1966 703 2106 773 gorii
2139 699 2397 771 Nysseni,
2429 698 2525 767 qui
2577 696 2635 750 in
2665 695 2999 749 novennium
3030 692 3399 748 fornicatores
3455 705 3549 744 ca-

1967 791 2158 860 stigari
2190 792 2374 859 jubet.

2039 883 2265 953 Magnus
2298 890 2478 937 autem
2509 880 2776 945 Basilius,
2824 879 2879 933 in
2915 893 3123 933 canone
3180 891 3348 941 nono,
3382 874 3554 929 iorni-

1968 982 2211 1031 calorem
2237 990 2333 1045 per
2350 974 2701 1044 septennium
2726 972 3115 1027 communione
3138 970 3336 1040 privat.
3355 968 3556 1034 Quam—

1969 1068 2052 1121 vis
2081 1066 2225 1121 enim
2255 1081 2466 1120 canone
2488 1065 2559 1118 22.
2586 1064 2773 1133 (quem
2807 1063 3007 1117 videsis
3049 1062 3103 1115 in
3142 1062 3323 1131 capite
3354 1062 3419 1115 13
3447 1061 3550 1113 litt.

1969 1160 2062 1227 A)
2132 1158 2379 1213 videatur
2437 1165 2561 1227 post
2640 1154 3065 1224 quadriennium
3145 1152 3299 1206 hisce
3371 1166 3558 1204 corrc-

1969 1250 2203 1305 ctionem
2223 1248 2454 1311 solvere,
2478 1263 2584 1302 non
2605 1244 2789 1301 tanien
2809 1245 2881 1300 ibi
2901 1244 3179 1314 propriam
3203 1243 3554 1306 sententiam,

1970 1340 2065 1393 sed
2091 1338 2314 1393 Patrum
2356 1338 2781 1409 praecedentium
2816 1336 3019 1391 attulit.
3082 1334 3159 1388 Ex
3188 1334 3407 1403 propria
3459 1348 3558 1385 au-

1974 1442 2082 1484 tem
2119 1430 2390 1484 sententia
2419 1444 2513 1484 eos
2560 1430 2615 1483 in
2650 1429 3001 1497 septennium
3066 1424 3374 1491 damnavit,
3425 1442 3555 1494 grn-

1973 1524 2203 1592 viusquo
2233 1523 2366 1575 adeo
2389 1536 2552 1591 quam
2582 1521 2673 1589 qui
2705 1526 3109 1590 praecesserunt
3140 1518 3556 1573 fornicationem

1973 1616 2207 1685 punivit,
2240 1616 2398 1669 sicuti
2430 1625 2483 1668 et
2514 1614 2774 1683 pleraque
2804 1614 2907 1666 alia
2948 1612 3104 1666 vitia.

2042 1791 2162 1846 Jam
2197 1807 2326 1846 vero
2351 1791 2416 1845 de
2445 1805 2511 1845 eo
2548 1793 2643 1861 qui
2686 1791 2929 1861 legitima
2959 1806 3083 1847 cum
3133 1803 3306 1843 uxore
3334 1803 3434 1842 sua
3469 1804 3565 1841 co-

1974 1887 2206 1949 habitat,
2236 1885 2484 1955 quamvis
2514 1884 2836 1949 iornicetur,
2885 1884 3009 1937 vide
3050 1882 3103 1935 in
3136 1882 3313 1952 capite
3347 1880 3413 1935 16
3460 1881 3563 1933 litt.

1972 1982 2012 2034 Γ
2037 1995 2301 2035 canonem
2334 1979 2511 2047 magni
2537 1977 2723 2033 Basilii
2753 1992 2982 2031 numero
3007 1976 3097 2030 ‘21.

2044 2072 2117 2127 De
2142 2088 2207 2125 eo
2240 2070 2329 2138 qui
2378 2072 2639 2139 virginem
2673 2086 2767 2139 per
2822 2072 2929 2123 vim
2958 2070 3295 2138 stupraverit
3330 2067 3558 2122 consule

1975 2180 2097 2233 cap.
2127 2164 2197 2218 so
2239 2164 2343 2219 nu.
2375 2162 2431 2216 Γ.

2046 2257 2183 2310 Tum
2213 2271 2346 2310 vero
2378 2271 2608 2326 tuagnus
2658 2254 2892 2309 Basilius
2947 2256 3001 2308 in
3062 2268 3270 2308 canone
3324 2253 3416 2315 25,
3464 2252 3570 2317 Qui

1978 2348 2243 2419 virginem
2325 2348 2565 2402 nondum
2620 2348 3056 2417 desponsatam,
3099 2347 3303 2415 inquit,
3369 2360 3564 2398 corru-

1978 2442 2341 2513 perit,eaquc
2374 2451 2494 2510 post
2526 2450 2775 2508 stuprmu
2829 2449 3086 2509 tanquam
3144 2438 3379 2507 conjuge
3433 2453 3568 2491 usus

1981 2533 2146 2588 fuerit
2192 2573 2206 2597 ,
2269 2532 2732 2601 constuprationis
2796 2546 2987 2600 poenas
3056 2531 3226 2584 dabit.
3291 2513 3570 2582 Feminam

1983 2644 2135 2690 vero,
2173 2626 2219 2680 si
2256 2641 2377 2678 cum
2414 2625 2503 2677 illo
2536 2640 2639 2677 una
2689 2625 2866 2677 vivere
2904 2625 3053 2685 velit,
3085 2641 3191 2677 non
3221 2622 3572 2690 repudiabit,

1984 2718 2246 2773 nimirum
2283 2717 2579 2772 dummodo
2638 2727 2889 2786 parentes
2936 2717 3151 2786 pUeIM‘,
3211 2734 3332 2784 qua:
3391 2718 3574 2766 adhuc

1986 2810 2090 2863 sub
2127 2818 2394 2878 potestate
2423 2808 2642 2883 illorum
2676 2808 2769 2873 sit,
2804 2805 2855 2860 id
2887 2805 3001 2860 ﬁeri
3036 2806 3403 2876 permiserint.
3439 2802 3573 2856 Nam

1988 2902 2032 2955 si
2065 2900 2141 2954 illi
2172 2899 2566 2961 recusaverint,
2592 2908 2871 2967 stuprator
2891 2890 3195 2952 secundum
3217 2896 3366 2965 leges
3387 2897 3577 2951 civiles

1991 2992 2296 3061 punietur;
2352 2989 2497 3061 quod
2547 2991 2729 3045 disces
2780 2991 2946 3044 etiam
3014 3008 3079 3044 ex
3137 2990 3283 3043 dicto
3336 3004 3457 3060 cap.
3508 2989 3578 3043 50

1993 3086 2095 3139 litt.
2114 3084 2174 3138 Γ.

395 3186 523 3238 Ἐπὶ
558 3184 807 3256 τριετίαν
842 3186 898 3239 δὲ
917 3187 1014 3239 καὶ
1049 3187 1078 3239 ό
1102 3186 1329 3257 φθείρας
1364 3188 1707 3257 ἐπιτιμᾶται,
1737 3189 1829 3241 καὶ
1856 3190 1889 3259 η
1918 3210 1961 3267 c
2062 3176 2074 3229 Ῑ

1918 3210 1961 3267 c
2062 3176 2288 3231 Pwnam
2343 3185 2525 3230 autem
2595 3176 2921 3231 triennalem
2974 3176 3075 3228 luit
3136 3185 3244 3227 tam
3300 3183 3579 3243 stuprator

311 3283 607 3354 φθαρεῖσα,
646 3283 793 3335 κατὰ
824 3287 949 3346 τοὺς
992 3285 1281 3353 κειμένους
1336 3285 1433 3337 τοῦ
1494 3287 1649 3350 ἁγίου
1701 3289 1890 3339 τούτου

311 3377 552 3438 κανόνας
585 3378 641 3428 ἐν
676 3376 755 3445 τῷ
780 3382 829 3446 η’
862 3393 988 3442 κεφ.
1032 3377 1126 3428 τοῦ
1156 3377 1198 3428 Γ
1228 3377 1517 3447 στοιχείου.
1558 3378 1891 3441 Ἀκολούθω;

312 3470 376 3523 δὲ
407 3470 502 3522 καὶ
530 3462 686 3533 οὗτος
723 3469 801 3539 τῷ
826 3469 1169 3538 ἀποστολικῷ
1195 3470 1240 3532 ζ’
1267 3472 1476 3534 κανόνι,
1530 3470 1590 3523 ὃν
1614 3472 1707 3523 καὶ
1740 3472 1893 3540 ζήτει

314 3567 381 3617 ιν
410 3564 491 3635 τῷ
516 3563 665 3633 αὑτῷ
697 3563 743 3616 λ’
773 3582 901 3630 κεφ.
929 3563 1023 3616 τοῦ
1062 3565 1081 3615 ι
1112 3564 1400 3633 στοιχείου,
1424 3566 1515 3617 τὸν
1536 3566 1634 3635 τὴν
1684 3565 1896 3635 παρθέ-

312 3676 410 3710 νον
467 3658 769 3727 φθείραντα
801 3658 1050 3726 νομ⁷μως
1086 3656 1257 3727 ταύτῃ
1319 3658 1687 3712 συνάπτεσθαι
1728 3660 1898 3730 διορί-

316 3750 509 3813 (cur
546 3748 677 3809 ἴσως
708 3748 813 3817 γὰρ
865 3750 914 3801 εί
969 3748 1043 3818 μὴ
1102 3749 1276 3818 τούτῳ
1342 3750 1659 3821 συναφθείη,
1706 3750 1899 3818 ἄτιμος

317 3839 835 3911 περιλειφθήσεται,
867 3840 1081 3904 οὐδενὸς
1122 3841 1326 3910 ταύτην
1380 3843 1709 3913 αἱρουμένου
1765 3843 1901 3913 πρὸς

320 3937 504 4001 τάμον
536 3932 740 3984 λαϐεῖν.

407 4025 499 4076 Ἐν
523 4024 580 4077 δὲ
610 4024 687 4077 τῶ
715 4030 830 4087 κς’,
870 4025 936 4077 Ἢ
970 4025 1195 4094 πορνεία
1219 4027 1397 4095 γάμος
1419 4028 1517 4081 οὐκ
1547 4026 1683 4093 ἔστι,
1712 4028 1895 4097 φησὶν,

322 4116 444 4169 ἀλλ’
474 4116 596 4167 οὐδὲ
620 4118 801 4183 γάμου
838 4116 981 4185 ἀρχή
1007 4131 1020 4145 ·
1052 4118 1100 4167 εί
1125 4116 1223 4185 μὲν
1246 4115 1338 4169 οὖν
1364 4112 1476 4171 οἷόν
1508 4133 1567 4170 τε
1602 4119 1728 4180 τοὺς
1760 4116 1899 4171 κατὰ

322 4206 589 4277 πορνείαν
622 4209 1065 4277 συναπτομένους
1102 4208 1456 4277 χωρίζεσθαι,
1504 4209 1660 4263 τοῦτο
1709 4210 1901 4278 κράτιο

330 4318 459 4353 στον
484 4317 500 4330 ⁸
528 4300 725 4367 σαθρὸς
758 4302 868 4369 γὰρ
902 4300 977 4362 ὼς
1023 4300 1259 4367 ᾶθεσμος
1296 4304 1323 4355 ό
1360 4303 1457 4354 τοῦ
1506 4302 1752 4356 τοιούτου
1797 4303 1898 4370 γά-

328 4411 434 4460 μου
467 4392 734 4461 θεμέλιος.
762 4394 825 4447 Εἰ
854 4394 910 4445 δὲ
961 4394 1285 4464 στέργουσιν
1337 4397 1400 4448 ἑκ
1434 4395 1636 4457 παντὸς
1695 4395 1898 4464 τρόπου

326 4486 424 4535 καὶ
461 4483 629 4552 ἄμφω
662 4485 722 4535 τὸ
755 4485 1106 4561 συνοικὲσιον,
1138 4486 1197 4538 τὸ
1227 4486 1323 4555 μὲν
1371 4487 1470 4551 τῆς
1504 4485 1761 4555 πορνείας
1784 4486 1901 4537 ἐπι-

2001 3282 2167 3336 quam
2199 3275 2466 3335 stuprata,
2489 3264 2645 3334 juxta
2679 3280 2919 3319 canones
2956 3264 3123 3331 hujus
3184 3266 3359 3317 sancti
3405 3262 3582 3315 Patris

2004 3357 2056 3411 in
2088 3372 2211 3424 cap.
2242 3354 2274 3409 8
2298 3355 2401 3408 litt.
2437 3354 2497 3408 Γ.
2532 3353 2597 3407 Ει
2632 3355 2683 3407 in
2714 3368 2779 3408 eo
2816 3352 3034 3423 quidem
3062 3353 3318 3406 convenit
3348 3350 3583 3404 Basilius

2003 3464 2127 3503 cum
2158 3450 2189 3504 7
2212 3462 2420 3501 canone
2443 3445 2849 3515 apostolorum,
2868 3460 3027 3515 quem
3052 3444 3276 3499 consule
3307 3444 3359 3496 in
3391 3444 3582 3497 eodem

2004 3541 2074 3595 ὅθ
2130 3554 2249 3609 cap.
2306 3539 2408 3591 litt.
2474 3537 2529 3602 1,
2578 3537 2724 3607 quod
2787 3546 3153 3605 stupratorem
3210 3535 3438 3603 virginis
3512 3535 3587 3588 le~

2006 3632 2191 3700 gitimc
2219 3644 2342 3683 cum
2370 3644 2433 3683 ea
2470 3628 2738 3698 conjungi
2802 3629 3086 3699 (tanquam
3152 3625 3433 3695 maritum)
3492 3628 3590 3680 de-

2007 3731 2217 3777 cernat.
2246 3721 2361 3777 Nisi
2390 3722 2533 3776 enim
2574 3722 2647 3775 illi
2676 3722 2869 3789 juncta
2904 3721 3090 3786 fuerit,
3123 3712 3335 3774 fortean
3363 3719 3587 3773 infamis

2008 3816 2368 3885 relinqui-tur,
2398 3814 2522 3884 quia
2553 3828 2717 3867 nemo
2742 3814 2893 3867 illam
2921 3813 3121 3867 ducere
3151 3812 3298 3867 velit.

2076 3994 2295 4049 Canone
2322 4003 2501 4047 autem
2528 3992 2622 4058 26,
2648 3990 2990 4058 Fornicatio,
3027 3990 3105 4044 ait
3132 3989 3247 4056 ille,
3307 3987 3592 4042 matrimo-

2011 4089 2161 4141 nium
2193 4102 2303 4140 non
2324 4095 2427 4150 est,
2459 4087 2569 4139 imo
2599 4100 2700 4139 nec
2727 4084 2943 4138 initium
2978 4081 3336 4137 matrimonii.
3374 4078 3589 4134 Idcirco

2012 4183 2056 4235 si
2098 4182 2209 4233 licri
2248 4180 2442 4248 possit.
2478 4187 2536 4231 ut
2590 4178 2683 4247 qui
2714 4192 2807 4247 per
2843 4176 3264 4231 fornicationem
3307 4172 3591 4243 conjuncti

2013 4284 2141 4330 sunt
2197 4280 2542 4341 separentur,
2596 4270 2701 4325 hoc
2745 4268 2915 4324 multo
2951 4270 3168 4323 melius.
3224 4265 3391 4321 Putre
3442 4266 3592 4319 enim

2012 4379 2115 4425 est.
2151 4365 2226 4418 uti
2260 4372 2314 4416 ct
2344 4362 2687 4432 illegitimum
2716 4361 2842 4417 talis
2906 4359 3241 4414 matrimonii
3270 4358 3594 4411 fundamen-

2014 4466 2152 4509 tum.
2188 4454 2283 4507 Sin
2348 4469 2478 4507 vero
2508 4452 2672 4505 ambo
2692 4450 2844 4505 omni
2881 4449 3044 4505 modo
3092 4451 3317 4517 cupiant
3371 4445 3595 4499 cohabi-

328 4540 516 4643 τίμιον
546 4540 987 4643 γνωριςέτωσαν,
1015 4540 1365 4643 ὁιφιὲσθωσαν
1400 4540 1470 4628 δέ⁷
1496 4540 1788 4638 συνοικεῖν,
1822 4578 1907 4629 ἶνα
1935 4568 1987 4626 D

1935 4568 1987 4626 Β
2018 4549 2300 4610 tationem,
2352 4544 2732 4598 fornicationis
2778 4542 3002 4612 quidem
3051 4556 3270 4611 pcenam
3325 4540 3591 4602 sentiant,

330 4663 409 4730 μὴ
436 4664 623 4733 χεῖρόν
663 4679 715 4717 τι
740 4663 987 4732 γένηται.
1026 4667 1096 4719 Ἦ
1127 4666 1236 4735 γὰρ
1288 4668 1459 4737 ἑτέρῳ
1526 4667 1823 4734 συζυγεῖσα
1871 4670 1903 4738 ή

326 4752 491 4820 γυνὴ,
525 4753 606 4815 είς
628 4753 873 4822 μοιχείαν
901 4754 1375 4826 ἑκκυλισθήσεται,
1402 4756 1481 4825 τῷ
1500 4756 1703 4827 πρώτῳ
1728 4755 1903 4826 λάθρα

332 4845 822 4917 συμφθειρομένη⁶
880 4846 913 4917 ἢ
958 4847 1277 4917 στέργοντες
1321 4848 1586 4916 ἀλλήλους
1647 4848 1906 4910 διακαῶε,

330 4938 428 4989 καὶ
461 4939 702 4988 συνεῖναι
735 4936 1089 5007 κωλυόμενοι,
1114 4939 1343 5001 ἑαυτοὺς
1369 4939 1808 5008 διαχειρίοονται,
1830 4937 1909 5007 τῷ

330 5028 459 5082 κατ’
494 5028 667 5097 ἄκρας
723 5028 931 5082 ἁλῶναι
977 5028 1054 5099 τῷ
1118 5029 1305 5097 ἔρωτι,
1368 5030 1466 5099 τὴν
1517 5029 1608 5082 ἀπ’
1664 5029 1909 5098 ἀλλήλων

334 5121 416 5189 μὴ
469 5120 784 5186 ἐνεγκόντες
836 5119 1129 5184 διάζευξιν.
1187 5121 1348 5190 Ζήτει
1401 5120 1494 5172 καὶ
1548 5120 1640 5171 τὸν
1708 5118 1760 5169 π’
1793 5117 1914 5170 τού-

331 5230 431 5267 του
495 5214 697 5267 κανόνα
760 5213 819 5266 ἓν
890 5212 970 5283 τῷ
1026 5211 1068 5265 δ’
1145 5211 1428 5293 κεφαλαίυξ
1488 5212 1582 5265 τοῦ
1666 5212 1706 5263 Γ
1768 5228 1913 5264 στοιο

337 5304 516 5374 χείου.

1049 5401 1253 5470 Νόμοι.

422 5487 569 5541 Ἀλλ’
612 5490 640 5541 ό
687 5488 851 5559 νόμος
910 5488 1000 5544 τδν
1032 5492 1286 5559 παλλακῇ
1345 5490 1580 5561 σώφρονι
1636 5490 1919 5560 χρώμενον

340 5579 756 5646 ἀναγκάζεσθαι
784 5581 1003 5635 κελεύει
1029 5583 1235 5654 ταύτην
1269 5584 1364 5638 καὶ
1389 5585 1539 5653 νόμῳ
1595 5582 1778 5650 γάμου
1828 5580 1923 5632 λα-

350 5674 470 5723 εεῖν
492 5690 505 5702 ·
529 5674 630 5742 τὴν
660 5672 716 5726 δὲ
745 5677 841 5727 καὶ
874 5674 1084 5745 ἑτέροις
1115 5678 1475 5747 μιγνυμένην,
1508 5675 1604 5728 καὶ
1640 5674 1713 5745 μὴ
1738 5672 1815 5742 τῷ
1842 5672 1923 5724 ἑνὶ

347 5767 699 5835 ἀρκουμὲνην
734 5767 1031 5841 προσώπῳ,
1057 5772 1151 5825 καὶ
1181 5773 1280 5840 τῆς
1309 5770 1483 5833 οἰκίας
1509 5767 1602 5821 τοῦ
1630 5764 1921 5837 πορνεύον-

349 5875 440 5923 to;
465 5859 805 5923 ὲξωθείσθαι.

2010 4642 2395 4711 permittuntur
2427 4647 2606 4691 tamen
2628 4636 2747 4690 'una
2772 4635 3044 4698 habitare,
3087 4649 3153 4687 ne
3189 4633 3319 4702 quid
3348 4630 3595 4687 deterius

2010 4734 2315 4800 contingat.
2352 4730 2568 4798 Quippe
2595 4736 2691 4782 aut
2720 4726 2879 4781 alteri
2904 4725 3095 4794 juncta
3124 4725 3315 4778 mulier
3352 4724 3405 4778 in
3438 4722 3596 4777 adul«

2012 4826 2209 4880 terium
2261 4823 2618 4894 prolabatur,
2677 4836 2800 4874 cum
2865 4820 3039 4873 altero
3087 4818 3398 4872 clanculum
3458 4831 3595 4870 con—

2011 4934 2197 4988 gressa
2220 4957 2235 4978 ,
2266 4924 2382 4977 aut,
2409 4930 2534 4969 cum
2565 4913 2823 4968 ardenter
2849 4926 2906 4966 se
2927 4911 3226 4979 depereant
3257 4910 3513 4970 invicem,
3538 4918 3597 4963 et

2015 5022 2194 5063 tamen
2226 5024 2255 5062 a
2291 5009 2567 5062 connubio
2616 5006 3034 5076 prohibeantur,
3072 5004 3175 5058 sibi
3233 5018 3431 5055 manus
3478 5004 3597 5056 vio-

2017 5107 2194 5160 lentus
2233 5104 2490 5166 iniereut,
2522 5116 2631 5170 pra:
2664 5114 2883 5156 summo
2915 5113 3101 5151 amore
3140 5112 3248 5166 quo
3280 5096 3598 5163 capiuntur,

2018 5196 2417 5265 separationem
2448 5193 2517 5247 ab
2552 5192 2786 5247 invicem
2814 5188 3039 5243 minime
3064 5187 3380 5241 tolerantes.
3407 5186 3600 5252 Quaere

2018 5297 2070 5343 et
2089 5304 2214 5345 can.
2240 5287 2310 5341 80
2336 5285 2580 5354 ejusdem
2605 5282 2796 5338 Basilii
2834 5294 2957 5349 cap.
2994 5278 3028 5331 4
3065 5278 3167 5331 litt.
3204 5277 3265 5329 Γ.

2712 5374 2897 5444 Leges.

2096 5473 2223 5529 Vult
2254 5471 2546 5540 autemjus
2570 5468 2731 5524 civile
2786 5466 2966 5520 virum
3007 5466 3099 5533 qui
3135 5462 3448 5518 concubina
3501 5477 3603 5531 pu-

2026 5571 2151 5626 dica
2182 5568 2371 5632 utitur,
2404 5566 2522 5636 cogi
2554 5574 2612 5620 ut
2645 5564 2796 5619 illam
2823 5573 3081 5633 tanquam
3113 5574 3338 5613 uxorem
3372 5566 3599 5618 tractet;

2025 5679 2147 5719 eam
2189 5675 2319 5715 vero
2371 5674 2492 5728 qtue
2546 5673 2669 5713 cum
2737 5656 2857 5709 aliis
2899 5671 2957 5709 se
3008 5652 3365 5713 commiscet,
3424 5662 3604 5715 neque

2030 5771 2138 5809 uno
2170 5755 2287 5807 viro
2321 5760 2576 5807 contenta
2629 5760 2745 5813 ost,
2800 5749 2965 5803 etiam
2996 5762 3027 5801 e
3066 5747 3230 5801 domo
3278 5738 3602 5796 fornicantis

2036 5847 2181 5911 pelli.
2734 5847 2741 5852 ’
