4252 6424
737 389 838 456 115

1922 393 2288 454 ΜΑΤΤΗΙΕῙ
2329 393 2466 454 BLA
2479 396 2750 461 STARlS

3877 400 3976 464 116

809 509 964 576 Quod
993 517 1173 562 autem
1208 507 1464 562 mulieres
1493 507 1707 578 attinct,
1738 523 1860 576 quae
1906 523 2004 578 per
2035 510 2144 561 vim
2197 509 2307 562 l‘or-
2336 511 2378 562 Α
2485 512 2488 560 ἶ

2296 535 2307 546 ·
2336 511 2378 562 Α
2485 512 2620 578 Περὶ
2645 514 2699 566 δὲ
2727 514 2836 568 τῶν
2868 516 3282 584 πορνευομένων
3309 515 3365 581 ἐξ
3396 515 3642 585 ἀνάγκης
3700 519 3975 582 γυναικῶν

735 603 1013 664 nicantur,
1049 617 1277 671 magnus
1301 602 1539 656 Basilius
1571 602 1624 654 in
1656 617 1781 656 can.
1809 601 1900 666 49,
1956 601 2178 667 Stupra,
2207 603 2304 663 ait,

737 710 858 763 quae
886 710 983 764 per
1002 694 1453 758 viminferuntur,
1487 694 1642 762 culpa
1675 703 1893 748 vacant.
1931 694 2006 747 Ita
2034 695 2078 746 si
2110 695 2305 747 ancilla

733 803 762 838 a
795 786 1014 854 proprio
1053 786 1274 839 domino
1309 787 1413 837 vim
1453 801 1612 854 passa
1639 785 1825 850 fuerit,
1847 787 2310 854 constuprationis

732 883 950 945 quidem
982 882 1154 947 gratia
1183 922 1195 940 .
1252 882 1471 935 multari
1528 898 1648 935 eam
1707 881 1928 934 minimc
1975 891 2224 950 Oportet;
2261 881 2306 934 si

732 981 915 1024 tamcn
998 972 1159 1025 fuerit
1203 973 1507 1026 diaconissa
1543 1011 1558 1035 ,
1623 971 1918 1026 abstinebit
1994 986 2022 1024 a
2081 987 2306 1024 mum-re

734 1065 1183 1120 diaconico.lmo
1237 1080 1366 1118 vero
1415 1065 1616 1119 femina
1676 1081 1799 1134 quae
1850 1065 1932 1118 vel
1988 1079 2018 1117 a
2077 1064 2305 1118 domino

733 1174 833 1211 suo
885 1161 965 1211 vel
1024 1161 1128 1210 alio
1187 1158 1385 1226 quovis
1447 1166 1707 1226 corrupta
1770 1156 1974 1219 fuerit,
2044 1156 2163 1208 viro
2210 1155 2303 1224 qui

731 1265 916 1305 sacros
975 1249 1198 1302 ordines
1255 1259 1615 1316 suscepturus
1642 1257 1747 1310 est,
1809 1262 2152 1316 ncquaquam
2185 1263 2301 1301 ma-

741 1342 1001 1394 trimonio
1039 1342 1314 1410 iungetur.

806 1546 964 1614 223
1003 1546 1217 1598 Primus
1246 1555 1422 1597 autem
1449 1561 1620 1597 canon
1654 1542 1826 1599 sancti
1849 1543 2092 1610 Gregorii
2121 1543 2302 1594 Thau-

738 1641 971 1708 maturgi
995 1682 1008 1703 ,
1062 1640 1103 1691 si
1165 1640 1400 1697 letttinze.
1442 1639 1655 1706 ittquit,
1688 1653 1716 1690 a
1750 1637 2000 1690 barbaris
2033 1645 2301 1705 corrupta:

736 1731 843 1782 vita
875 1731 1026 1797 prior
1049 1731 1306 1783 damnata
1329 1730 1513 1788 fuerit.
1539 1745 1712 1797 neque
1744 1739 1917 1782 status
1947 1729 2296 1793 fornicarius,

732 1821 959 1889 captiva-
992 1822 1135 1883 licet,
1194 1821 1506 1888 suspicione
1539 1830 1730 1874 vacat:
1787 1834 1955 1888 quare
1993 1834 2116 1872 eum
2149 1821 2297 1886 ejus-
2335 1850 2373 1904 Β

734 1913 880 1966 modi
907 1913 1065 1964 facile
1098 1913 1443 1966 orationibus
1476 1912 1884 1966 communicare
1921 1928 2026 1964 non
2059 1921 2294 1979 oportet.

733 2007 828 2058 Sin
856 2021 985 2057 vero
1017 2005 1194 2072 aliqua
1227 2004 1278 2056 itt
1329 2019 1539 2055 summa
1600 2003 1936 2055 continentia
1984 2003 2203 2065 vixerit,
2246 2011 2299 2055 et

740 2099 977 2165 priorem
1016 2099 1179 2148 vitam
1218 2095 1733 2150 eonunonslraverit
1763 2097 1941 2148 omnis
1969 2095 2299 2163 suspicionis

735 2192 984 2244 liberam.
1021 2192 1130 2257 jam
1162 2205 1288 2241 vero
1336 2205 1398 2242 cx
1450 2187 1502 2240 vi
1564 2188 1722 2241 allata
1752 2203 1814 2240 ac
1874 2187 2196 2240 necessitate
2246 2188 2297 2239 in

737 2287 1129 2337 contumeliam
1163 2287 1311 2351 lapsa
1344 2283 1530 2344 fuerit,
1564 2283 1870 2334 miseranda
1913 2284 2084 2347 magis
2133 2296 2294 2344 quam

733 2376 1058 2438 incusanda,
1106 2375 1254 2439 juxta
1287 2374 1594 2440 exemplum
1626 2372 1754 2425 illud
1791 2373 1840 2424 in
1876 2372 2299 2425 Dcuteronomio

735 2468 802 2518 de
831 2465 1259 2522 adulescentula.
1297 2481 1458 2534 quam
1505 2465 1664 2517 homo
1697 2464 1750 2517 in
1786 2480 1914 2533 agro
1973 2464 2191 2531 reperit,
2244 2473 2299 2516 et

735 2575 828 2625 per
860 2562 966 2609 vim
1027 2560 1308 2625 corrupit:
1345 2575 1363 2606 ‹
1400 2558 1857 2618 Λιιοιεεςειιιιιιειξ,
1913 2557 2110 2624 inquit,
2164 2555 2298 2609 nilul

734 2641 991 2704 facietis:
1037 2671 1052 2698 ι
1090 2650 1505 2704 Adolesct-ntula
1553 2651 1733 2703 delicti
1789 2651 2035 2718 capitalis
2076 2665 2182 2701 non
2213 2663 2298 2702 (ιει

736 2759 861 2805 lca,
900 2743 1024 2811 quia
1055 2742 1511 2810 quemadmodum
1559 2741 1761 2810 siquis
1812 2743 1976 2794 homo
2031 2743 2297 2794 adversus

738 2837 1048 2903 proximum
1083 2851 1241 2888 suum
1281 2835 1666 2899 iusurrexerit,
1705 2842 1758 2886 et
1788 2834 1967 2902 ipsum
2001 2833 2294 2898 occiderit,

734 2927 814 2980 sic
848 2937 898 2980 et
935 2944 1020 2979 res
1059 2928 1160 2980 ista
1195 2943 1315 2980 sese
1360 2927 1545 2979 habet.
1605 2926 1938 2979 Exclamavit
1981 2926 2298 2980 adolescen-

731 3022 867 3085 tula,
897 3021 991 3074 sed
1029 3036 1136 3073 non
1166 3029 1284 3073 erat
1336 3019 1428 3088 qui
1469 3021 1516 3073 ei
1571 3035 1726 3088 Opem
1773 3020 1959 3072 l‘crret.
2013 3019 2298 3075 Verumta-

731 3127 855 3165 mcn
886 3121 942 3166 et
995 3113 1099 3165 illae
1155 3111 1506 3166 mediocriter
1563 3114 1874 3180 punientur,
1930 3113 2089 3165 sicuti
2133 3115 2165 3164 ii
2205 3114 2294 3180 qui

728 3203 883 3258 cibos
913 3203 1219 3273 prohibitos
1250 3196 1420 3257 invite
1453 3204 1582 3257 licet
1614 3205 1924 3272 degustant.

802 3295 875 3349 De
907 3297 1123 3349 clericis
1156 3307 1336 3349 autent
1365 3296 1458 3365 qui
1488 3297 1539 3348 in
1573 3295 1996 3350 fornicationem
2055 3297 2292 3366 prolapsi

726 3389 858 3450 sint,
881 3390 954 3442 ita
984 3390 1036 3442 in
1062 3389 1366 3442 canoni-bus
1388 3392 1745 3442 consntutum
1769 3399 1851 3443 est
1885 3409 1896 3442 :

801 3482 1018 3534 Primus
1069 3480 1291 3549 quidem
1352 3497 1522 3533 canon
1573 3483 1791 3535 concilii
1841 3481 2295 3538 Ncoctesaricnsis

726 3583 853 3623 eum
895 3572 985 3638 qui
1020 3583 1139 3639 post
1171 3580 1484 3639 susceptum
1525 3574 1888 3626 sacerdotium
1946 3574 2294 3627 matrimonio

728 3662 974 3728 legitimo
1001 3664 1127 3717 Leet
1155 3664 1367 3716 mulieri
1396 3664 1666 3733 jungitur,
1701 3681 1924 3718 munere
1951 3667 2042 3717 illo
2079 3666 2292 3734 privat,

727 3753 1088 3808 foruicantem
1115 3771 1245 3808 vero
1285 3764 1378 3808 aut
1402 3758 1454 3808 in
1482 3757 1750 3810 adulterio
1766 3758 2091 3825 prehensum
2114 3775 2176 3811 ex
2194 3757 2297 3811 Ec-

727 3846 892 3899 clesia
913 3861 1138 3914 prorsus
1163 3845 1338 3912 pellit,
1359 3856 1413 3900 et
1445 3848 1493 3898 in
1521 3847 1641 3900 loca
1673 3847 2056 3915 pmnitentium
2093 3848 2290 3914 rejicit,

727 3941 820 3992 scd
885 3939 1004 3992 istis
1062 3941 1239 4007 poenis
1270 3937 1453 4005 plecti,
1519 3939 1858 3992 sacerdotem
1910 3939 2291 4001 loruicautem.

728 4048 904 4100 neque
936 4035 1240 4085 canonibus
1300 4033 1669 4100 apostolorqu
1703 4049 1878 4100 neque
1911 4033 2130 4086 Patrum
2162 4049 2288 4087 sano

726 4124 894 4176 citum
923 4139 938 4186 ;
981 4138 1121 4191 quos
1155 4123 1354 4177 videsis
1387 4124 1438 4176 in
1468 4138 1588 4192 cap.
1617 4123 1683 4176 10
1712 4123 1904 4176 littera:
1926 4126 1986 4177 Δ.

797 4282 970 4335 Porro
1023 4283 1217 4335 tertius
1282 4298 1455 4335 canon
1513 4285 1691 4349 magni
1753 4282 1932 4335 Basilii
2000 4284 2290 4336 diaconum

729 4375 1096 4428 fornicantetn
1128 4375 1422 4427 diaconatu
1452 4376 1670 4441 quidcm
1714 4375 1920 4441 tlcjicit.
1949 4384 2000 4427 et
2034 4375 2087 4427 in
2123 4375 2293 4428 laico-

729 4484 848 4521 t'um
889 4469 1070 4520 locum
1103 4467 1291 4529 trudit,
1336 4469 1427 4520 sed
1481 4479 1657 4521 tamen
1684 4483 1710 4518 τι
1761 4470 2140 4521 communione
2209 4483 2291 4520 sa-

2412 601 2440 652 ὁ
2473 601 2646 669 μέγας
2677 604 2957 667 Βασίλειος
2981 608 3036 656 ἐν
3069 608 3154 674 μίν
3186 608 3392 670 κανόνι,
3427 609 3487 658 Αἱ
3521 606 3660 676 πρδς
3708 609 3972 676 ἀνάγκην.

2411 694 2564 760 φησὶ,
2593 697 2886 764 γενόμεναι
2921 697 3139 766 φθοραὶ,
3174 699 3458 750 άνεύθυνοι
3492 699 3736 751 ἔστωσαν
3759 717 3774 730 ο
3831 700 3972 752 ὥστε

2409 787 2505 836 καὶ
2530 788 2562 854 ὴ
2593 788 2777 856 δούλη.
2813 791 2862 840 εί
2892 792 3043 857 παρὰ
3078 791 3175 842 τοῦ
3210 791 3342 842 ἰδίου
3371 792 3632 843 δεσπότου
3661 792 3971 861 βεϐίασται,

2409 876 2744 948 ἀνέγκλητος
2768 880 2906 932 ἔστω
2931 897 2946 911 °
2981 882 3258 951 ὦσπερδὴ
3286 887 3384 938 καὶ
3405 887 3437 951 ἡ
3474 883 3532 946 ἐξ
3564 885 3822 950 ἁρπαγῆς
3858 885 3977 950 βεα-

2409 968 2617 1029 σθεῖσα,
2648 971 2679 1040 ἢ
2710 973 2879 1040 ἡτοίς
2911 973 3190 1042 πολεμίοις
3222 975 3509 1044 ληφθεῖσα,
3535 979 3631 1029 καὶ
3686 975 3778 1027 ὑπ’
3827 974 3975 1026 ἐκεί-

2406 1077 2513 1112 νων
2539 1061 2807 1128 φθαρεῖσα
2831 1079 2846 1094 °
2883 1065 3018 1117 ἀλλὰ
3055 1066 3152 1134 τῆς
3183 1067 3281 1128 μὲν
3310 1067 3514 1134 φθορᾶς
3565 1067 3750 1118 ἕνεκεν
3796 1067 3975 1118 itm.-

2409 1151 2617 1220 μᾶσθαι
2647 1154 2852 1223 ταύτην
2883 1157 2945 1208 οὐ
2975 1157 3111 1209 δέον.
3159 1156 3221 1209 Εἰ
3265 1157 3320 1209 δὲ
3377 1157 3626 1217 διάκονος
3673 1157 3974 1226 ἐτύγχανεν

2403 1240 2562 1305 οὖσα,
2595 1247 2689 1299 τοῦ
2717 1249 2986 1300 διακονεῖν
3021 1248 3288 1319 παύσεται
3317 1266 3330 1280 ·
3395 1249 3508 1301 ἀλλ’
3547 1250 3668 1302 οὐδὲ
3701 1250 3779 1317 τῷ
3813 1251 3976 1318 ἱερω-

2404 1335 2666 1403 θήσεσθαι
2701 1339 2950 1407 μέλλοντι
3000 1342 3034 1409 ἡ
3087 1340 3193 1393 ὑπὸ
3244 1344 3502 1395 τοιούτων
3539 1341 3881 1412 ἑφθαρμένη,
3938 1343 3973 1412 ἢ

2400 1430 2730 1497 οἱουδήτινος
2754 1431 2942 1493 ἄλλου,
2979 1433 3404 1501 συναφθήσεται.

2484 1520 2545 1573 '0
2573 1522 2631 1573 δὲ
2659 1529 2707 1573 α’
2737 1523 2919 1576 κανὼν
2943 1519 3036 1576 τοῦ
3074 1525 3230 1591 ἁγίου
3260 1524 3565 1594 Γρηγορίου
3616 1524 3710 1578 τοῦ
3747 1524 3976 1593 Θαυμα-

2402 1611 2658 1680 τουργοῦ,
2689 1612 2802 1680 Τῆς
2834 1615 2936 1666 ὑπὸ
2973 1614 3265 1685 βαρϐάρων
3325 1617 3650 1685 φθαρείσης.
3712 1621 3866 1685 φησὶ.
3925 1620 3975 1669 εἰ

2405 1703 2503 1770 μὲν
2536 1708 2636 1758 καὶ
2662 1707 2691 1756 ὁ
2716 1707 2982 1776 πρότερος
3017 1707 3130 1774 βίος
3188 1709 3554 1773 κατέγνωστο,
3607 1710 3730 1762 οὐδὲ
3778 1710 3976 1774 δορυα-

2404 1795 2573 1846 λώτου
2596 1798 2895 1864 γενομένης
2934 1801 2966 1869 ἠ
2998 1800 3232 1868 πορνικὴ
3267 1801 3380 1862 ἕξις
3440 1801 3770 1864 ἀνύποπτος,
3797 1801 3975 1870 ταύτῃ

2403 1903 2484 1937 τοι
2517 1887 2611 1938 καὶ
2641 1891 2950 1957 προχείρως
2982 1890 3042 1941 οὗ
3073 1891 3154 1941 δεῖ
3180 1893 3298 1951 ταῖς
3321 1893 3602 1954 τοιαύταις
3652 1891 3826 1959 εὐχῶν
3863 1909 3978 1943 κοι-

2401 1980 2612 2032 νωνεῖν.
2646 1980 2705 2031 El
2737 1963 2795 2031 δέ
2824 1998 2908 2041 τις
2946 1983 3006 2032 ἐν
3037 1982 3185 2051 ἄκρᾳ
3211 1983 3425 2048 ζήσασα
3471 1986 3820 2051 σωφροσύνῃ.
3880 1987 3977 2036 καὶ

2402 2069 2656 2129 ὑπονοίας
2689 2072 2868 2139 πάσης
2897 2073 3180 2142 ἐλεύθερον
3229 2076 3320 2125 τὸν
3367 2076 3632 2144 πρότερον
3681 2076 3976 2140 ἐπιδεδειγ-

2404 2161 2541 2231 μένη
2569 2160 2705 2230 βίον,
2730 2159 2824 2215 νῦν
2848 2165 2911 2215 ὲκ
2937 2162 3058 2231 βίας
3106 2167 3201 2218 καὶ
3243 2165 3487 2234 ἀνάγκης
3545 2149 3975 2233 περιπέπτωκεν

2402 2249 2578 2317 ὕϐρει,
2612 2253 2880 2306 ἐλεεῖσθαι
2913 2253 3132 2322 μᾶλλον,
3160 2256 3195 2325 ἦ
3223 2255 3569 2320 ἐγκαλεῖσθαι
3593 2257 3799 2317 δικαία,
3827 2259 3975 2308 κατὰ

2399 2343 2459 2395 τὸ
2482 2346 2537 2394 ὲν
2565 2344 2642 2413 τῷ
2677 2346 3026 2417 Δευτερομίῳ
3068 2348 3421 2417 παράδειγμα
3454 2349 3547 2399 ἐπὶ
3613 2350 3680 2416 τῇ
3745 2350 3970 2412 νεανιδι,

2399 2438 2467 2507 ἢν
2509 2441 2565 2490 ὲν
2605 2439 2681 2508 τῷ
2733 2441 2906 2510 πεδίῳ
2942 2441 3120 2510 εὑρὼν
3155 2441 3441 2511 ἄνθρωπος
3487 2441 3776 2494 ἐϐιάσατο·
3842 2460 3860 2491 ι
3887 2439 3969 2509 Τῇ

2400 2531 2602 2583 νεάνιδι
2623 2533 2754 2601 γὰρ,
2789 2551 2808 2583 ι
2839 2534 3023 2602 φησὶν,
3057 2552 3074 2582 t
3099 2535 3160 2586 οὗ
3180 2536 3462 2604 ποιήσεται
3485 2533 3690 2586 οὐδέν.»
3719 2535 3832 2586 Οὐκ
3855 2533 3972 2585 ἐστι

2399 2625 2464 2691 τῇ
2497 2623 2692 2676 νεάνιδι
2720 2625 3026 2693 ἁμάρτημα
3057 2624 3306 2685 θανάτου,
3336 2625 3416 2676 ὅτι
3443 2624 3516 2684 ὡς
3561 2624 3721 2684 εἴτις
3762 2627 3968 2693 ἀναστῇ

2401 2717 2492 2767 ἐπὶ
2513 2715 2615 2766 -τὸν
2643 2716 2871 2784 πλησίον
2894 2717 3079 2777 αὑτοῦ,
3109 2717 3202 2768 καὶ
3251 2715 3536 2784 θανατώσῃ
3594 2715 3754 2766 αὐτόν
3781 2730 3796 2748 ο
3824 2713 3969 2766 οὕτω

2400 2809 2495 2860 καλ⁵
2526 2807 2590 2859 τὸ
2619 2811 2853 2875 πρᾶγμα
2883 2809 3062 2860 τοῦτο·
3097 2808 3322 2874 ὲόόησεν
3351 2807 3383 2875 ἠ
3418 2808 3624 2867 νεᾶνις,
3654 2807 3748 2858 καὶ
3774 2806 3801 2856 δ
3843 2805 3971 2874 βοη-

2400 2899 2508 2951 θῶν
2534 2900 2630 2951 οὐκ
2660 2894 2728 2969 ἦν
2758 2901 2920 2969 αὐτῇ.
2955 2900 3102 2968 Πλὴν
3135 2899 3231 2951 καὶ
3280 2892 3441 2950 αὗται
3484 2899 3721 2967 μετρίως
3780 2899 3969 2947 ἐπιτι-

2403 2989 2758 3058 μηθήσονται,
2790 2991 2864 3051 ὦς
2883 3007 2944 3057 γε
2959 2991 3023 3060 δὴ
3054 2991 3148 3042 καὶ
3177 2992 3221 3041 οἱ
3255 2989 3558 3058 βρωμάτων
3579 2988 3969 3057 ἀπειρημένων

2399 3081 2520 3134 κατ’
2545 3083 2790 3150 ἀνάγκην
2830 3084 3290 3151 ἀπογευσάμενοι.

2468 3261 2604 3332 Περὶ
2656 3261 2712 3314 δὲ
2733 3262 2844 3313 τῶν
2867 3261 3097 3330 πορνείᾳ
3134 3259 3633 3330 περιπεπτωκὸτων
3693 3257 3969 3328 κληρικῶν

2395 3355 2565 3406 ταῦτα
2595 3356 2704 3416 τοῖς
2739 3355 2928 3408 κανόσι
2953 3356 3259 3422 διείληπται
3282 3369 3295 3382 ⁸

2477 3447 2536 3498 '0
2570 3447 2670 3516 μὲν
2693 3448 2799 3515 γὰρ
2823 3447 2870 3500 α’
2901 3447 3083 3501 κανὼν
3123 3448 3222 3514 τῆς
3253 3447 3309 3497 ὲν
3343 3443 3747 3512 Νεοκαισαρεία
3805 3443 3963 3495 συνό-

2394 3536 2487 3588 δου
2543 3539 2633 3588 τὸν
2659 3540 2800 3605 μετὰ
2822 3538 2918 3606 τὴν
2951 3536 3253 3606 ἱερωσύνην
3307 3535 3522 3602 νομίμῳ
3552 3534 3713 3599 δῆθεν
3743 3535 3965 3598 γυναικὶ

2398 3628 2736 3696 συναφθέντα
2765 3629 2862 3697 τῆς
2905 3629 3204 3696 ἱερωσύνης
3227 3628 3567 3693 άπογυμνοῖ·
3589 3623 3969 3693 πορνεύσαντα

2395 3722 2450 3773 δὲ
2483 3721 2515 3791 ἢ
2556 3720 2918 3790 μοιχεύσαντα
2951 3721 3147 3782 τελέως
3198 3721 3295 3788 τῆς
3347 3718 3673 3788 Ἐκκλησίας
3704 3717 3969 3784 ἑξοστρα-

2398 3812 2560 3875 κίζει,
2591 3813 2683 3863 καὶ
2715 3816 2772 3864 ὲν
2794 3816 2906 3874 τοῖς
2943 3813 3127 3872 τόποις
3163 3813 3343 3879 ίστησι
3366 3811 3471 3861 τῶν
3511 3810 3915 3878 μετανοούντων
3949 3822 3965 3836 ·

2396 3903 2531 3954 ἀλλὰ
2565 3904 2622 3955 τὸ
2655 3905 3010 3972 ἐπιτιμᾶσθαι
3050 3903 3222 3974 ταύτῃ
3255 3904 3345 3954 τὸν
3387 3902 3760 3970 πορνεύσαντα
3789 3901 3965 3969 ἱερέα,

2395 3994 2518 4046 οὔτε
2547 3996 2658 4055 τοῖς
2679 3993 3079 4056 ἀποστολικοῖς,
3121 3992 3248 4044 οὔτε
3279 3995 3390 4053 τοῖς
3443 3994 3732 4060 Πατρικοῖς
3777 3989 3970 4042 κανόσι

2394 4087 2563 4150 δοκεῖ,
2595 4084 2688 4146 οὓς
2717 4086 2812 4137 καὶ
2844 4087 2998 4154 ζήτει
3031 4086 3089 4136 ἐν
3115 4084 3191 4154 τῷ
3225 4091 3254 4136 ι’
3295 4083 3575 4152 κεφαλαίῳ
3613 4083 3707 4134 τοῦ
3741 4084 3780 4133 Δ
3817 4097 3970 4132 στοι-

2395 4175 2562 4244 χείου.

2468 4266 2680 4335 Ὥσπερ
2719 4265 2780 4334 δὴ
2815 4264 2908 4318 καὶ
2944 4267 2971 4318 ὁ
2994 4271 3041 4332 γ’
3061 4264 3158 4318 τοῦ
3195 4265 3432 4333 μεγάλου
3458 4263 3740 4317 Βασιλείου
3785 4262 3968 4316 κανὼν

2394 4359 2487 4408 τὴν
2521 4357 2894 4424 πορνεύσαντα
2918 4357 3162 4410 διάκονον
3222 4357 3317 4422 τῆς
3360 4358 3458 4424 μὲν
3479 4357 3748 4418 διακονίας
3771 4357 3972 4408 ὲκῦάλο

2397 4447 2502 4509 λει,
2528 4449 2620 4497 καὶ
2650 4449 2728 4507 είς
2759 4448 2851 4496 τὸν
2881 4446 2989 4497 τῶν
3027 4444 3227 4497 λαῐκῶν
3275 4445 3572 4496 ἀπωθεῖται
3623 4446 3806 4507 τόπον,
3867 4446 3971 4510 τῆς

729 4576 821 4612 cra
851 4559 994 4613 haud
1023 4559 1282 4612 excludit.
1315 4559 1448 4612 Illud
1506 4560 1723 4628 qu'dom
1778 4563 2001 4622 factum,
2037 4563 2130 4623 :tit,
2169 4575 2294 4628 pro-
2325 4516 2369 4566 Β
2402 4544 2408 4590 ί

2325 4516 2369 4566 D
2402 4542 2458 4594 δὲ
2480 4544 2763 4599 κοινωνίας
2792 4541 2892 4593 οὐκ
2939 4542 3191 4607 ἀπείργει
3226 4539 3334 4591 τῶν
3384 4540 3739 4604 ἁγιασμάτων
3766 4553 3780 4568 δ
3812 4537 3973 4589 τοῦτο

733 4661 854 4720 pter
880 4653 1047 4718 legem
1084 4661 1342 4713 veterem,
1375 4667 1497 4721 quae
1556 4653 1728 4705 dicit:
1765 4670 1782 4701 ‹
1821 4650 1939 4702 Non
1999 4651 2296 4711 vindicabis

729 4746 812 4798 bis
844 4744 898 4796 in
933 4744 1194 4813 idipsutn.
1234 4763 1249 4793 ι
1281 4742 1392 4798 Hoc
1415 4757 1616 4803 autem,
1648 4744 1771 4812 quia
1807 4760 1931 4809 spes
1954 4744 2131 4795 omnis
2162 4758 2298 4811 prae-

728 4837 933 4890 ciditur
959 4838 1025 4891 ad
1061 4837 1350 4906 pristinttm
1381 4837 1609 4906 gradum
1645 4837 1934 4888 redeundi.
1958 4835 2166 4902 Quippe
2200 4838 2298 4888 lai-

731 4945 852 4988 cus.
891 4930 1204 4998 qui'lapsus
1232 4927 1418 4989 fuerit,
1466 4941 1589 4996 post
1647 4933 1913 4996 temporis
1967 4943 2192 4980 cursum
2242 4929 2295 4980 in

730 5023 1066 5090 pmnitentiae
1112 5024 1288 5076 forma
1341 5038 1656 5091 expressum
1710 5022 1847 5074 redit
1904 5022 2046 5074 unde
2094 5022 2298 5074 disces-

733 5124 881 5166 serat
907 5131 921 5175 ;
947 5114 1180 5167 clericus
1214 5123 1392 5166 autem
1427 5114 1591 5166 semel
1640 5114 1739 5165 luit
1774 5127 2093 5181 permanens
2138 5113 2300 5180 depo-

733 5204 954 5257 sitionis
989 5204 1339 5273 supplicium.
1375 5205 1543 5258 Porro
1578 5213 1760 5257 autem
1796 5206 1847 5256 in
1879 5219 2075 5271 genere
2109 5220 2295 5257 verum

731 5297 1040 5348 remedium
1071 5307 1125 5350 et
1152 5297 1477 5364 praeparatio
1506 5297 1626 5364 ejus
1658 5298 1724 5349 ad
1761 5298 2140 5366 mysteriorum
2174 5312 2298 5365 par-

731 5389 1107 5456 ticipationem
1160 5399 1242 5442 est
1308 5389 1545 5442 recessio
1583 5403 1612 5442 a
1655 5400 1916 5457 peccato.
1971 5405 2065 5458 per
2114 5390 2296 5442 conis

727 5481 1112 5534 cootritionem
1142 5492 1192 5534 et
1230 5482 1414 5535 carnis
1435 5481 1855 5548 subiectionem.
1891 5482 2022 5535 Nam
2048 5485 2090 5536 si
2116 5485 2296 5539 adhuc

725 5573 992 5640 persistat
1016 5573 1068 5624 in
1098 5573 1438 5631 l'ornicando.
1459 5590 1565 5626 non
1599 5574 1773 5626 solum
1798 5589 1862 5627 ex
1889 5576 2297 5640 communione,

728 5660 825 5714 sed
858 5671 912 5714 et
942 5672 1219 5716 conventu
1262 5663 1502 5717 ﬁdelium
1541 5667 1817 5719 orantium
1857 5669 2198 5730 excludetur,
2242 5679 2298 5722 et

728 5755 1188 5819 corrcctionibus,
1222 5765 1279 5808 ut
1311 5756 1454 5819 laici,
1479 5757 1822 5825 sultjicietur.

2401 4633 2520 4701 μὲν,
2539 4634 2690 4700 φησι,
2716 4631 2802 4684 διὰ
2821 4632 2930 4695 τὸν,
2965 4651 2982 4681 ι
3010 4632 3122 4683 Οὐκ
3145 4631 3474 4699 ἑκδικήσεις,
3504 4648 3522 4679 ι
3560 4630 3803 4695 λέγοντα,
3837 4647 3855 4678 ι
3890 4629 3972 4688 δὶς

2400 4728 2492 4778 ἐπὶ
2515 4728 2576 4778 τὸ
2599 4727 2749 4792 αὐτὸ,
2783 4745 2803 4778 ι
2835 4726 3061 4779 παλαιὸν
3094 4727 3256 4796 νόμον
3276 4741 3292 4756 ο
3319 4725 3480 4777 τοῦτο
3525 4725 3600 4787 δὲ,
3633 4724 3727 4776 καὶ
3777 4724 3864 4775 διὰ
3908 4723 3977 4774 τὸ

2405 4820 2477 4887 μὴ
2506 4820 2649 4887 ἔχειν
2674 4820 2753 4870 ἔτι
2788 4820 2974 4871 ἐλπίδα
3026 4819 3162 4885 πρὸς
3227 4817 3318 4868 τὸν
3377 4819 3641 4884 πρότερον
3691 4815 3972 4868 ἐπανιέναι

2403 4911 2628 4979 βαθμὸν.
2669 4912 2729 4964 Ὀ
2781 4911 2878 4980 μὲν
2933 4911 3040 4978 γὰρ
3089 4910 3274 4972 λαῖκδς
3324 4910 3627 4968 ἐκπίπτων,
3675 4912 3810 4976 μετὰ
3873 4906 3976 4976 τὴν

2401 5003 2850 5070 ὲπετυπωμένην
2879 5004 2937 5054 ὲν
2969 5006 3034 5071 τῇ
3083 5002 3343 5071 μετανοίᾳ
3377 5001 3472 5053 τοῦ
3533 5001 3726 5069 χρόνον
3777 5001 3972 5068 περίοο

2399 5093 2506 5156 δον,
2571 5097 2849 5146 ἐπάνεισιν
2901 5095 3022 5147 ὅθεν
3078 5094 3399 5160 ἐξελήλυθεν
3431 5109 3444 5123 °
3486 5089 3639 5154 οὗτος
3703 5091 3759 5144 δὲ
3823 5092 3974 5156 απαξ

2402 5188 2528 5251 ἔσχε
2555 5186 2752 5255 διαρκῆ
2781 5188 2880 5254 τὴν
2911 5186 3212 5256 καταδίκην
3244 5186 3343 5252 τῆς
3374 5184 3746 5253 καθαιρέσεως
3770 5200 3783 5214 ’
3831 5184 3970 5234 καθ-

2400 5277 2522 5328 όλου
2550 5294 2611 5343 γε
2645 5279 2751 5345 μην
2783 5263 2979 5346 ἀληθὲς
3030 5277 3178 5344 αύτῴ
3210 5279 3346 5344 ίαμα
3413 5277 3547 5344 πρὸς
3605 5276 3703 5344 τὴν
3753 5273 3975 5344 μέθεξιν

2399 5370 2505 5419 τῶν
2527 5369 2950 5436 ἁγιασμάτων,ἡ
2973 5370 3069 5438 τῆς
3096 5369 3366 5436 ἁμαρτίας
3394 5367 3759 5435 ἀναχώρησις,
3790 5367 3878 5419 διά
3909 5382 3971 5417 τε

2401 5458 2740 5527 συντριμμοῦ
2774 5461 3021 5527 καρδίας.
3069 5460 3161 5511 καὶ
3189 5458 3560 5525 παιδαγωγίας
3609 5461 3710 5527 τῆς
3749 5459 3972 5526 σαρκός.

2402 5553 2464 5604 Εἰ
2487 5554 2594 5620 γὰρ
2624 5552 2704 5603 ἔτι
2731 5551 3007 5619 πορνεύων
3033 5553 3094 5604 ού
3128 5552 3423 5614 πέπαυται,
3468 5550 3541 5619 μὴ
3593 5551 3672 5602 ὅτι
3702 5553 3800 5618 τῆς
3857 5568 3976 5602 κοι-

2401 5646 2619 5703 νωνίαα,
2650 5645 2789 5695 ἀλλὰ
2814 5645 2908 5696 καὶ
2941 5645 3036 5711 τῆς
3074 5645 3213 5713 μετὰ
3257 5644 3365 5697 τῶν
3403 5642 3612 5694 πιστῶν
3637 5644 3716 5704 εἰς
3752 5643 3850 5702 τὰς
3878 5645 3974 5694 εὑ·

2399 5740 2500 5808 χὰς
2528 5737 2889 5797 συνελεύσεως
2908 5737 3322 5804 ἐκϐληθήσεται,
3348 5736 3443 5787 καὶ
3459 5735 3756 5804 ἐπιτιμίοις
3779 5733 3973 5806 ὥσπερ

2402 5832 2448 5882 οἱ
2474 5829 2565 5882 τοῦ
2599 5829 2725 5884 λαοῦ
2759 5828 3320 5896 καθυπηὸ).ηοησετα·..
