4252 6424
710 372 809 437 119

1858 384 2225 446 ΜΛΤΤΗἉΕΙ
2268 386 2693 446 BLAS’I‘ARIS

3862 386 3966 448 120

709 491 827 543 loco
874 507 1155 558 assensus,
1218 494 1468 552 indicans
1515 495 1690 565 ipsam
1728 499 1928 553 animae
1969 501 2280 557 inclinatio—
2311 509 2356 567 Α

2311 509 2356 567 Α
2388 505 2453 557 ἂν
2521 503 2860 573 ίσχυρίσαιτο
2903 503 2977 571 μὴ
3035 499 3243 570 ζημίαν
3291 493 3430 553 εἷναι
3472 498 3652 569 ψυχῆς
3718 500 3962 566 λογικῆς,

710 596 829 633 nem
884 582 951 635 ad
1008 583 1262 638 aﬂ‘ectum
1327 587 1739 657 voluptuosum,
1783 606 1945 660 quem
2014 602 2275 661 tauquam

709 677 1070 745 syngrapham
1126 679 1396 747 recipiens
1427 682 1760 749 prohibitum
1813 685 1927 739 sive
1992 687 2281 754 captivitas

710 783 895 833 presse.
932 776 1133 837 quarto
1162 770 1215 823 in
1248 771 1370 825 loco
1395 774 1667 841 sequitur,
1722 775 1921 830 bonam
1948 793 2069 845 quae
2097 780 2279 834 adhuc

709 868 825 910 erat
858 858 1023 912 animi
1064 861 1480 932 dispositionem
1531 866 1766 927 violans.
1830 870 2280 939 persuadensque

710 950 944 1016 experiri
979 951 1140 1006 fallax
1162 954 1571 1029 imaginationis
1604 959 1826 1014 malum.
1862 961 1956 1016 Sin
1984 977 2114 1015 vero
2146 973 2281 1016 tem—

710 1054 841 1106 pore
871 1044 1138 1099 orationis
1197 1046 1526 1115 obrepserit,
1581 1050 1811 1119 impedit
1846 1070 1917 1106 ne
1982 1055 2279 1110 utilitatem

711 1131 834 1183 inde
867 1131 1028 1185 ullam
1066 1140 1367 1206 capiamus,
1405 1148 1459 1192 et
1514 1140 1675 1194 malis
1729 1144 2159 1212 cogitationibus
2191 1146 2281 1214 in-

711 1222 927 1299 volutos
982 1225 1139 1280 ridet.
1170 1226 1304 1281 Cum
1349 1230 1515 1300 igitur
1548 1233 1941 1303 intelligamus,
1972 1252 2132 1306 quam
2157 1239 2282 1292 mali

710 1314 904 1377 simus,
961 1321 1275 1373 annitamur
1312 1322 1364 1376 id
1426 1325 1774 1381 colluctando
1835 1344 2095 1397 superare
2140 1331 2283 1401 quod

714 1414 928 1468 nosmet
964 1410 1318 1477 supplantare
1356 1423 1625 1481 conatur;
1666 1428 1719 1470 et
1754 1419 1986 1471 duorum
2024 1421 2283 1484 alterum,

712 1503 807 1547 aut
846 1497 1057 1552 scilicet
1089 1501 1467 1559 vehementius
1502 1509 1831 1565 anhelantes
1855 1513 2062 1566 auxilio
2097 1514 2286 1569 divino

715 1588 948 1643 victores
979 1595 1342 1659 evaserimus,
1397 1608 1492 1667 aut
1540 1602 1765 1655 emolliti
1800 1613 1851 1658 ct
1888 1615 2035 1674 terga
2094 1609 2288 1663 dantes

714 1696 938 1749 :tgt'llltll'
1023 1692 1077 1736 et
1142 1686 1383 1741 feremur
1451 1691 1528 1743 lta
1598 1695 1816 1761 quidem
1896 1696 2123 1762 spiritus
2187 1714 2287 1751 ne-

712 1772 899 1840 quitiae
968 1776 1228 1832 diuturno
1276 1789 1519 1850 temporc
1576 1788 1716 1853 apud
1776 1788 2011 1839 animam
2074 1804 2286 1857 perma-

714 1874 926 1935 nentes,
953 1880 1006 1922 et
1044 1871 1096 1922 in
1138 1888 1298 1926 suum
1342 1876 1583 1928 habitum
1641 1880 1813 1944 ipsam
1867 1880 2283 1944 transferentes,

713 1958 918 2013 dictum
951 1961 1168 2018 demum
1196 1966 1452 2037 aﬂ'ertum
1515 1978 1773 2037 tanquam
1811 1980 2074 2040 tr0paeutn
2112 1973 2286 2044 ﬁgunt

714 2060 769 2107 ct
791 2053 1097 2107 columnam
1131 2055 1181 2109 in
1212 2061 1377 2111 corde
1413 2062 1675 2114 memoria
1718 2071 2056 2118 crescentem
2088 2073 2141 2119 et
2183 2083 2286 2119 usu

714 2157 1134 2210 conservatam,
1186 2158 1239 2202 et
1296 2153 1534 2211 animam
1604 2166 2000 2223 prmparantem
2059 2158 2127 2211 ad
2167 2174 2291 2227 pcr-

715 2237 1032 2302 petrandam
1063 2239 1115 2292 in
1147 2242 1338 2309 quavis
1368 2258 1424 2295 re
1457 2245 1704 2311 quamvis
1738 2247 2161 2316 turpitudinem.

2384 597 2482 665 τῆς
2512 596 2605 647 τοῦ
2639 593 2776 648 Θεοῦ
2810 594 3020 656 ἐννοίας
3050 594 3181 663 περὶ
3210 592 3456 655 πλείονος
3516 591 3625 644 τῶν
3682 590 3965 660 λογισμῶν

2383 685 2556 752 αὐτῆς
2612 682 2954 754 ποιουμένων
3001 682 3103 751 τὴν
3153 681 3284 752 περὶ
3339 682 3409 734 τὰ
3454 680 3679 736 τοιαῦτα
3736 681 3969 751 σχολήν;

2396 776 2463 827 Ἠ
2498 775 2903 843 συγκατάθεσις
2935 776 3225 844 ἐφίσταται
3252 775 3435 843 τρίτη,
3473 772 3658 826 νεῦσιν
3719 773 3816 827 καὶ
3866 773 3973 841 τῆς

2383 865 2563 943 ψυχῆς
2590 871 2979 939 κατηγοροῦσα
3008 868 3146 935 πρὸς
3174 867 3236 921 τὸ
3277 865 3448 928 πάθος
3482 867 3750 934 ἐνήδονον,
3774 866 3842 935 ἣν
3873 866 3973 919 καὶ

2383 960 2460 1022 ὼς
2486 962 2869 1034 γραμματεῖον
2903 960 3005 1031 ήδη
3034 957 3306 1031 δεξαμένη
3334 956 3667 1029 ἀπόρρητον,
3706 959 3739 1026 ή
3775 956 3974 1026 αἰχμα-

2385 1051 2560 1117 λωσία
2608 1053 2749 1111 κατὰ
2793 1052 2961 1115 πόδας
3020 1050 3266 1120 τετάρτη
3341 1048 3823 1113 κατεξανίσταται,
3870 1050 3974 1115 τὴν

2383 1143 2622 1213 ἀρίστην
2651 1144 2810 1213 ἡμῶν
2840 1141 3139 1213 ἀχρειοῦσα
3196 1140 3554 1205 κατάστασιν,
3582 1139 3680 1209 τῆς
3742 1138 3976 1214 καρδίας

2384 1238 2488 1307 ἤδη
2545 1236 2967 1308 περιγενομένη,
3029 1237 3158 1291 acab
3188 1234 3489 1314 δρέπεσθαι
3554 1232 3823 1287 πείθουσα
3873 1230 3975 1301 τὴν

2386 1325 2678 1396 ἀπατηλήν
2723 1325 2963 1397 βλάστην
2983 1326 3081 1394 τῆς
3130 1323 3457 1394 φαντασίας.
3522 1324 3586 1387 El
3632 1322 3690 1375 δέ
3751 1323 3850 1375 καὶ
3895 1320 3976 1389 τῷ

2384 1416 2564 1493 καιρῷ
2588 1421 2685 1489 τῆς
2716 1422 3029 1489 προσευχῆς
3058 1417 3408 1487 είσφθαρείη,
3462 1415 3617 1469 οὐδὲν
3663 1414 3975 1469 ἀπόνασθαι

2386 1512 2591 1579 ταύτης
2633 1512 2719 1582 ἐᾷ,
2754 1513 2847 1565 καὶ
2902 1512 3141 1581 μάλιστα
3176 1512 3433 1579 πονηροῖς
3481 1509 3862 1583 ἐνθυμήμασιν
3889 1508 3978 1559 αί-

2391 1601 2687 1669 ρουμὲνους
2716 1600 3165 1668 ἐγκαλινδεῖσθαι.
3212 1600 3471 1662 Συνέντες
3495 1600 3552 1654 δὲ
3662 1597 3833 1654 κακοῦ
3873 1613 3971 1666 γε-

2389 1691 2650 1765 γόναμεν,
2680 1693 2767 1745 διὰ
2793 1693 2968 1761 πάλης
3000 1691 3384 1759 περιγενέσθαι
3411 1690 3507 1743 τοῦ
3534 1690 3820 1759 πτερνίσαι
3851 1708 3973 1742 πει-

2395 1785 2641 1855 ρωμένου
2669 1785 2992 1854 πειρώμεθα
3021 1803 3033 1816 ·
3067 1787 3160 1837 καὶ
3190 1785 3335 1837 δυοῖν
3362 1784 3613 1852 θάτερον,
3663 1781 3695 1852 ἦ
3744 1783 3981 1851 ’σφοδρό-

2391 1894 2550 1947 τερον
2610 1878 2945 1940 πνεύσαντες
2997 1879 3384 1947 ἐκρατήσαμεν
3428 1875 3681 1946 θειοτέρα
3730 1878 3893 1946 ῥοπῇ,
3943 1875 3977 1945 ἢ

2394 1961 2786 2040 χαύνωθέντες,
2834 1971 2963 2022 -καὶ
3029 1970 3095 2023 τὰ
3146 1968 3292 2022 νῶτα
3337 1969 3539 2033 δόντες,
3591 1967 3838 2037 ἀγόμεθα
3887 1968 3981 2019 καὶ

2396 2065 2698 2135 φερόμεθα.
2751 2064 2911 2139 Οὖτω
2981 2064 3037 2115 δὲ
3083 2063 3149 2117 τὰ
3200 2064 3297 2132 τῆς
3350 2061 3615 2131 πονηρίας
3688 2060 3982 2145 πνεύματα

2402 2156 2583 2225 συχνῷ
2603 2137 2789 2225 χρόνῳ,
2826 2158 2892 2225 τῆ
2918 2154 3065 2226 ψυχῇ
3117 2156 3559 2223 παραμείναντα,
3612 2152 3707 2206 καὶ
3756 2137 3835 2215 εἰς
3881 2150 3981 2221 τὴν

2402 2249 2553 2315 σφῶν
2602 2248 2784 2301 αὐτῶν
2824 2244 2937 2315 ἕξιν
2982 2248 3155 2315 αὐτὴν
3198 2245 3566 2316 μεταθέμενα,
3618 2244 3981 2308 τελευτῶντα,

715 2327 1093 2398 τολεγόμενον
1119 2332 1310 2399 πάθος,
1338 2335 1537 2388 ὡσανεὶ
1566 2338 1847 2406 τρόπαιον,
1893 2342 2159 2411 πήγνυσι,
2198 2341 2294 2395 καὶ
2334 2341 2540 2412 στήλην
2567 2342 2625 2394 ἐν
2670 2342 2735 2410 τῇ
2794 2339 2994 2413 καρδίᾳ
3069 2343 3136 2410 τῇ
3191 2341 3382 2409 μνήμῃ
3444 2341 3800 2407 τρεφόμενον,
3880 2352 3981 2406 και

717 2421 783 2495 τῇ
810 2421 1070 2493 συνηθείᾳ
1117 2417 1567 2495 διατηρούμενον,
1640 2430 1769 2481 καὶ·
1811 2432 1910 2501 τὴν
1983 2430 2163 2502 ψυχὴν
2212 2430 2634 2502 παρασκευάζον
2705 2433 2835 2502 περὶ
2883 2430 3085 2494 παντὸς
3144 2428 3416 2482 ποιεῖσθαι
3488 2428 3671 2481 πᾶσαν
3750 2428 3981 2497 αἰσχρό-

717 2531 874 2584 tata.

790 2611 1081 2679 Propterea
1135 2621 1189 2665 et
1224 2613 1254 2664 4
1288 2628 1406 2684 syn.
1444 2614 1901 2678 Neocaesariensis
1931 2632 2111 2672 canon
2167 2634 2291 2673 eum

718 2702 810 2770 qui
846 2696 1126 2756 mulierem
1160 2706 1504 2775 concupiscit
1548 2717 1603 2762 et
1634 2711 1686 2762 in
1744 2711 1930 2764 animo
1963 2711 2127 2765 habet
2165 2726 2291 2765 cum

721 2794 810 2865 illa
844 2810 947 2848 una
987 2797 1248 2863 dormire,
1297 2798 1343 2851 si
1401 2800 1564 2852 modo
1618 2803 1957 2870 pr0positum
2008 2804 2127 2873 ejus
2185 2820 2294 2859 non

723 2888 980 2962 procedat
1012 2890 1307 2959 adactum,
1337 2908 1434 2961 per
1482 2896 1711 2965 gratiam
1751 2896 1967 2950 liberari
2037 2896 2291 2963 alﬁrmat;

725 2989 963 3053 attamen
995 2983 1362 3046 eXpediteum
1399 2988 1751 3041 mediocriter
1802 2991 2080 3058 castigari,
2136 2989 2292 3059 juxta

720 3086 989 3125 cntionem
1027 3072 1092 3126 70
1121 3075 1301 3144 magni
1330 3075 1538 3143 Basilii.
1580 3080 1667 3156 Ait
1697 3080 1865 3139 enim.
1911 3080 2199 3140 diaconum
2238 3082 2290 3141 it]

733 3161 894 3215 labiis
950 3162 1216 3234 pollutum
1266 3175 1319 3218 et
1374 3170 1721 3237 conﬁtentem
1773 3184 1831 3223 se
1875 3171 2054 3239 quoad
2112 3170 2333 3224 oscula,

726 3268 1002 3329 peccasse,
1025 3257 1091 3332 ab
1112 3256 1287 3311 oﬂicio
1320 3260 1598 3313 abstinere
1625 3262 2023 3329 aliquantisper
2052 3272 2289 3331 oportet,

2466 2618 2563 2669 Διά
2584 2618 2648 2685 δὴ
2682 2615 2839 2668 τοῦτο
2863 2617 3004 2669 καὶό
3037 2614 3296 2683 τέταρτος
3328 2612 3426 2680 τῆς
3463 2614 3520 2665 ἐν
3574 2611 3980 2681 Νεοκαισαρεὲα

2397 2710 2615 2762 συνόδου
2675 2707 2855 2761 κανὼν
2926 2708 3020 2758 τὸν
3076 2707 3495 2775 ἐπιθυμήσαντα
3548 2705 3829 2772 γυναικὸς,
3883 2704 3980 2755 καὶ

2398 2800 2844 2868 συγκαθευδῆσαι
2871 2798 3045 2869 ταύτῃ
3074 2797 3434 2867 προθέμενον,
3463 2797 3540 2859 είς
3580 2788 3744 2866 ἔργον
3787 2793 3844 2846 δὲ
3899 2794 3978 2863 μὴ

2394 2891 2810 2962 προϐεϐηκυίας
2860 2890 2962 2958 τῆς
3015 2888 3391 2958 ἐνθυμήσεως,
3456 2887 3561 2939 ὑπὸ
3606 2888 3706 2955 τῆς
3758 2887 3981 2955 χάριτος

2398 2985 2665 3054 ρυσθῆναι
2710 2983 3130 3053 διῖσχυρίζεται,
3158 2981 3299 3050 πλὴν
3346 2980 3440 3033 καὶ
3486 2979 3674 3032 τοῦτον
3704 2978 3868 3031 καλὸν
3911 2977 3982 3031 ἂν

2394 3075 2480 3143 εἴη
2512 3075 2748 3145 μετρίως
2786 3073 3172 3139 ἐπιτιμᾶσθαι,
3228 3072 3369 3123 κατὰ
3408 3070 3500 3123 τὸν
3523 3069 3679 3122 σ’τοῦ
3734 3068 3977 3137 μεγάλου

2395 3143 2677 3218 Βασίλείου
2698 3143 2922 3217 κανόνα.
2978 3164 3118 3234 Φησὶ
3146 3162 3255 3233 γάρ
3278 3180 3293 3195 ο
3331 3162 3436 3214 Τὸν
3469 3164 3524 3212 ἐν
3554 3160 3760 3230 χείλεσι
3816 3176 3978 3228 μιαν-

2398 3255 2558 3307 θέντα
2582 3256 2851 3317 διάκονον,
2888 3256 2983 3306 καὶ
3022 3254 3183 3323 μέχρι
3236 3252 3545 3321 φιλήματος
3586 3251 3979 3320 ἡμαρτηκέναι

726 3344 821 3396 sed
863 3360 987 3399 eum
1023 3330 1270 3402 diaconis
1302 3350 1519 3402 interim
1558 3367 1713 3406 sacra
1742 3353 2177 3407 COmmunicare.
2214 3354 2293 3407 lta
2324 3330 2366 3388 (ἶ
2400 3371 2405 3396 ι

2324 3330 2366 3388 C
2400 3348 2839 3418 ὁμολογήσαντα,
2864 3347 2967 3416 τῆς
2994 3347 3094 3415 μὲν
3118 3344 3466 3415 λειτουργίας
3495 3344 3625 3431 ἄχρι
3674 3345 3819 3405 τινὸς
3854 3343 3976 3394 ἐπι-

728 3445 783 3489 et
817 3439 1220 3508 presbyterum.
1253 3439 1346 3495 Sin
1387 3457 1514 3496 vero
1552 3443 1992 3512 deprehendatur
2020 3447 2071 3500 in
2103 3448 2297 3501 eodem

727 3530 929 3605 delicto
983 3547 1363 3599 perseverans,
1418 3534 1796 3606 cujuscunque
1850 3539 2051 3606 gradus
2108 3539 2296 3606 fuerit,

728 3616 925 3685 deponi
958 3617 1175 3672 debere.

796 3800 966 3871 225
1010 3800 1355 3857 Conveniunt
1396 3818 1521 3857 cum
1572 3804 1693 3860 istis
1725 3821 1904 3862 nonus
1934 3808 2101 3863 etiam
2138 3819 2302 3878 atque

733 3893 982 3947 decimus
1010 3893 1251 3961 ejusdem
1289 3895 1507 3948 concilii
1541 3896 2004 3955 Neoraesarieusis
2035 3916 2300 3965 canones,

732 3985 1011 4050 dicentes,
1076 3984 1308 4040 Peccata
1361 4004 1480 4058 qua:
1512 3988 1931 4045 fornicationem
1981 3994 2303 4049 antecedere

734 4062 935 4143 solent,
968 4080 1227 4132 nimirum
1277 4096 1399 4148 qua.
1446 4092 1696 4149 spectant
1729 4083 1796 4135 ad
1834 4093 2047 4147 tactus,
2096 4094 2150 4140 et
2199 4087 2304 4140 alia

735 4172 1069 4242 hujusmodi.
1105 4189 1287 4227 sermo
1317 4174 1524 4229 obtinet
1557 4177 1697 4243 apud
1743 4178 2056 4245 complures
2082 4180 2305 4234 ordina-

734 4266 886 4320 tione
938 4266 1099 4320 solvi.
1144 4265 1199 4319 Si
1244 4274 1422 4320 tamen
1455 4278 1582 4321 ante
1629 4268 2033 4324 ordinationem
2065 4270 2307 4326 fornica-

736 4358 907 4413 tionis
963 4367 1216 4413 teneatur
1276 4359 1358 4413 vel
1412 4360 1721 4430 presbyter,
1774 4362 1856 4415 vel
1913 4362 2213 4427 diaconus,
2250 4375 2306 4420 et

734 4450 1074 4505 conscientia
1135 4452 1461 4519 compulsus
1515 4452 1773 4505 delictum
1817 4463 1946 4508 ante
2001 4456 2306 4510 ordinatio-

735 4560 857 4597 nem
895 4544 1250 4617 connnis‘sum
1276 4544 1568 4598 confessus
1602 4545 1790 4610 fuerit,
1824 4563 1852 4599 a
1882 4548 2306 4603 consecratione

2403 3442 2661 3511 σχεθῆναι
2684 3442 2789 3510 χρή
2809 3456 2823 3469 ⁸
2871 3438 2979 3493 τῶν
3008 3439 3063 3490 δὲ
3087 3438 3448 3506 ἁγιασμάτων
3469 3438 3565 3490 σὺν
3589 3438 3697 3497 τοῖς
3712 3436 3980 3498 διακόνοις

2405 3533 2847 3601 μεταλαμϐάνειν
2880 3548 2893 3561 ·
2945 3531 3213 3592 ὡσαύτως
3263 3531 3359 3582 καὶ
3415 3527 3813 3597 πρεσϐύτερον.
3873 3528 3981 3579 Τὸν

2400 3627 2455 3680 δέ
2482 3644 2533 3678 τι
2564 3628 2724 3680 πλέον
2759 3628 3085 3697 φωραθέντα
3111 3624 3517 3696 ἡμαρτηκέναι,
3554 3624 3611 3675 ἐν
3650 3623 3745 3690 οἵῳ
3772 3624 3836 3676 ἂν
3890 3623 3980 3692 εἴη

2404 3715 2620 3784 βαθμῷ,
2647 3715 3051 3783 καθαιρεῖσθαι.

2479 3807 2712 3861 "Exstat
2742 3806 2955 3869 τούτοις
2994 3806 3090 3858 καὶ
3114 3806 3142 3858 ὀ
3173 3806 3218 3858 θ’
3245 3804 3473 3873 προσέτι
3504 3806 3600 3859 καὶ
3622 3806 3649 3856 ό
3686 3802 3717 3856 ι’
3747 3803 3851 3873 τῆς
3885 3804 3986 3857 αύ-

2403 3900 2501 3969 τῆς
2542 3901 2600 3952 ἐν
2667 3898 3073 3969 Νεοκαισσρεία
3129 3897 3373 3961 συνόδου,
3432 3896 3502 3949 τὰ
3552 3897 3652 3965 μέν
3718 3897 3827 3966 πρὸ
3878 3896 3986 3964 τῆς

2406 3992 2667 4059 πορνείας
2707 3989 2960 4057 λέγοντες
2982 3990 3384 4059 ἁμαρτήματα,
3444 3986 3592 4057 ᾇπερ
3634 3988 3694 4039 ἐν
3739 3990 3986 4055 ἐπαφαῖς

2406 4083 2501 4135 καὶ
2575 4082 2869 4151 φιλήμασι,
2930 4082 3026 4133 καὶ
3092 4080 3298 4147 ἑτέροις
3348 4079 3412 4149 δή
3480 4095 3591 4132 τισι
3650 4078 3987 4147 θεωροῦνται

2406 4173 2694 4237 τοιούτοις,
2726 4173 2883 4240 λόγος
2924 4174 3071 4243 αίρεῖ
3094 4171 3254 4239 παρὰ
3277 4172 3385 4232 τοῖς
3418 4168 3633 4242 πολλοῖς
3669 4169 3986 4223 διαλύεσθαι

2408 4270 2473 4339 τῇ
2545 4262 2879 4336 χειροθεσία.
2934 4263 2999 4315 El
3068 4263 3251 4331 μέντοι
3322 4261 3427 4329 πρὸ
3481 4259 3582 4329 τῆς
3646 4261 3988 4332 χειροτθνίᾳς

2409 4358 2669 4428 πορνείας
2744 4357 2857 4426 ἥλω
2924 4354 3299 4425 πρεσϐύτερος
3349 4353 3382 4422 ἢ
3439 4352 3709 4417 διάκονος,
3762 4352 3856 4404 καὶ
3905 4350 3989 4421 τῷ

2411 4448 2677 4504 συνειδότι
2709 4449 3045 4517 κρουόμενος
3088 4445 3451 4514 ὁμολογήσειε
3480 4443 3542 4496 τὸ
3574 4442 3681 4512 πρὸ
3721 4441 3823 4511 τῆς
3869 4458 3989 4509 χει-

2411 4542 2661 4613 ροτονίας
2693 4540 3026 4611 ἁμάρτημα,
3049 4538 3145 4591 τοῦ
3174 4537 3277 4607 μὲν
3330 4536 3643 4606 ἱερουργεῖν
3698 4533 3991 4609 εὶρχθήσε-

734 4636 1096 4711 Eucharistiaa
1137 4636 1541 4707 prohibebitur,
1578 4638 1676 4693 sed
1708 4647 1889 4693 tamen
1927 4640 1995 4693 ad
2042 4641 2299 4726 virtutem
2328 4656 2413 4736 D‘

2328 4677 2383 4736 Β
2409 4652 2501 4687 ται
2527 4651 2540 4665 ·
2569 4634 2776 4705 ἀρετῆς
2825 4633 2881 4685 δέ
2946 4630 3435 4701 μεταποιούμενος,
3478 4629 3587 4681 τῶν
3632 4626 3839 4680 λοιπῶν
3885 4626 3988 4695 τῆς

2416 4728 2428 4736 .
2598 4726 2610 4736 ,
2914 4723 2940 4736 -
2981 4723 2993 4736 .
3164 4724 3175 4736 .
3281 4724 3295 4736 .
3348 4720 3395 4736 ρ.
3455 4719 3510 4736 η,
3808 4720 3820 4736 ,
3877 4735 3885 4736 ,
3934 4717 3977 4736 μ.

734 4744 1043 4806 conversus
1072 4745 1102 4782 a
1132 4728 1347 4784 caeteris
1372 4730 1669 4785 sacerdotii
1698 4731 2002 4801 privilegiis
2032 4748 2143 4787 non
2172 4734 2303 4802 reji-

734 4822 938 4877 cietur.
987 4820 1057 4875 At
1107 4836 1236 4875 vero
1294 4821 1338 4876 si
1380 4836 1482 4875 nec
1540 4822 1659 4897 ipse
1717 4823 2066 4891 conﬁteatur,
2127 4841 2305 4896 neque

737 4913 1027 4969 manifeste
1078 4914 1459 4982 convincatur,
1513 4925 1729 4986 oportet
1782 4933 1947 4987 penes
2012 4901 2305 4987 ipsummet

739 5015 1063 5076 potestatem
1130 5022 1253 5062 esse
1301 5009 1385 5062 vel
1435 5008 1688 5063 cessandi
1741 4992 1799 5062 si
1845 4992 2172 5078 peccaverit,
2220 5012 2305 5066 vel

740 5111 901 5153 sacra
957 5096 1219 5164 obeundi,
1264 5099 1310 5154 si
1350 5099 1487 5152 nihil
1523 5099 1624 5153 sibi
1668 5101 1926 5155 conscius
1957 5099 2304 5166 fuerit.Quin

739 5193 851 5245 imo
884 5192 931 5245 si
963 5206 992 5243 a
1029 5192 1269 5260 quinque
1307 5193 1572 5257 testibus,
1602 5192 1695 5261 qui
1725 5192 2040 5261 juramento
2075 5208 2306 5249 accusa-

738 5284 943 5336 tionem
1002 5283 1485 5347 contirmaveriut,
1523 5285 1815 5339 convictus
1868 5284 2059 5350 fuerit,
2112 5297 2309 5355 praeter

738 5376 1137 5444 depositionem
1184 5376 1352 5429 etiam
1387 5376 1688 5445 privilegiis
1722 5376 2019 5430 sacerdotii
2059 5378 2313 5433 multabi-

743 5474 855 5529 tur,
889 5474 943 5517 et
973 5465 1025 5516 iu
1055 5465 1321 5518 laieorum
1358 5466 1533 5518 locum
1572 5466 1905 5519 retrudetur.

814 5555 1152 5625 Theophilus
1201 5570 1383 5611 autem
1432 5556 1837 5611 Alexandrinus
1886 5558 1939 5610 in
2016 5572 2230 5612 canone
2282 5559 2316 5612 5

745 5647 841 5710 ait.
872 5647 1156 5701 Lectorem
1182 5647 1560 5703 fornicationis
1601 5664 1778 5714 reum,
1812 5648 1857 5702 si
1893 5659 2148 5702 accurata
2183 5665 2317 5703 exa-

749 5739 1049 5796 minatione
1109 5740 1248 5796 facta
1303 5751 1491 5811 aperte
1522 5741 1904 5807 convincatur,
1942 5758 1971 5795 a
2007 5743 2154 5796 clero
2191 5742 2315 5809 ejici

749 5838 999 5903 oportet;
1047 5840 1101 5888 ct
1137 5832 1191 5886 in
1238 5832 1388 5888 clero
1436 5832 1654 5904 quidem
1717 5847 2059 5903 permanere,
2094 5832 2137 5890 si
2204 5849 2317 5890 nou

2416 4726 2716 4797 ἱερωσύνης
2765 4723 3073 4793 πρεσϐείων
3124 4724 3226 4774 οὐκ
3276 4719 3715 4791 ἐκϐληθήσεται·
3755 4720 3893 4803 μήτε
3929 4717 3989 4771 δὲ

2414 4823 2576 4884 αὐτὸς
2601 4818 2907 4889 ὁμολογῶν,
2950 4818 3091 4887 μήτε
3134 4815 3241 4886 μὴν
3265 4813 3560 4883 προφανῶς
3598 4814 3987 4882 ἐλεγχόμενος,

2414 4913 2503 4966 ἐπ’
2531 4913 2724 4982 ἐκείνῳ
2745 4911 2862 4964 δέον
2898 4910 2997 4979 τὴν
3028 4906 3281 4972 ἐξουσίαν
3312 4905 3609 4965 ποιεῖσθαι,
3675 4906 3707 4973 ἢ
3767 4904 3989 4955 παύσα-

2417 5005 2539 5059 σθαι
2571 5007 2621 5058 εί
2647 5022 2709 5072 γε
2748 5006 3017 5075 ἥμαρτεν,
3070 5000 3101 5069 ἢ
3152 5001 3421 5067 ἐνεργεῖν,
3474 5000 3521 5050 εί
3585 4998 3751 5067 μηδὲν
3804 4998 3988 5067 ἐαυτῷ

2418 5096 3011 5165 σύνοιδεν.Ἐλεγχθεὶς
3053 5094 3110 5146 δὲ
3148 5092 3254 5145 ὑπὸ
3292 5091 3459 5143 πέντε
3486 5091 3803 5161 μαρτύρων,
3839 5092 3991 5162 ὅρκῳ

2417 5193 2513 5261 τὴν
2542 5190 2878 5259 κατηγορίαν
2892 5185 3383 5257 βεϐαιωσαμένων,
3417 5182 3552 5252 πρὸς
3575 5186 3642 5252 τῇ
3668 5184 3988 5268 καθαιρέσει

2420 5290 2513 5338 καὶ
2540 5285 2649 5337 τῶν
2680 5282 2857 5351 γερῶν
2888 5282 2986 5349 τῆς
3052 5278 3350 5349 ἱερωσύνης
3400 5274 3841 5345 ζημιωθήσεται,
3908 5278 3991 5339 είς

2415 5375 2602 5430 λαῖκοῦ
2628 5374 2990 5442 διωθούμενος
3025 5372 3208 5424 τόπον.

2495 5562 2555 5614 '0
2591 5562 2647 5614 δὲ
2678 5560 2942 5630 Θεόφιλος
2992 5559 3409 5631 Ἀλεξανδρείας
3450 5560 3513 5632 ἐν
3556 5559 3634 5629 τῷ
3689 5558 3731 5613 ι’
3773 5560 3991 5623 κανόνι,

2430 5652 2821 5720 ’Δναγνώστην
2858 5652 3120 5721 πορνείαν
3155 5652 3480 5720 φυγόντα,εί
3510 5651 3809 5720 γενομένης
3836 5652 3999 5720 ἀκρι-

2418 5742 2544 5804 ϐοῦς
2581 5741 2880 5807 ἐξετάσεως
2937 5742 3189 5810 φανερῶς
3239 5742 3548 5810 ἐλεγχθείη,
3601 5740 3698 5793 τοῦ
3756 5741 3988 5811 κλήρου,

2417 5835 2621 5906 φησιν,
2666 5833 3027 5893 ἐκϐάλλεσθαι
3070 5836 3211 5905 χρή·
3258 5836 3316 5887 ἐν
3352 5832 3429 5903 τῷ
3505 5831 3702 5905 κλήρῳ
3752 5833 3807 5887 δὲ
3837 5834 3980 5904 μένε
