4252 6424
737 429 833 493 127

741 639 848 706 pis,
880 651 1001 704 qua
1027 645 1315 698 vocantur,
1347 633 1726 688 conviviorum
1770 633 2043 700 portiones
2079 633 2312 685 clericos

741 731 954 791 tollere,
987 737 1042 781 et
1074 727 1294 780 domum
1327 725 1550 780 referre.
1580 724 1693 778 Hoc
1719 726 1864 778 enim
1895 724 2072 793 arguit
2105 722 2312 791 gulosi-

743 833 912 875 tutem
945 830 1002 874 et
1045 819 1454 888 improbitatem
1511 819 1753 880 illorum,
1790 819 1879 885 qui
1925 818 1996 870 ita
2044 817 2312 881 fecerint;

741 917 880 968 adeo
913 926 972 967 ut
998 913 1326 967 contumelia
1370 912 1567 968 exinde
1611 910 1894 980 inﬂigatur
1927 910 2108 965 ordini
2143 912 2319 966 eccle-

747 1008 994 1061 siastico.

814 1098 1007 1163 Quare
1032 1097 1197 1150 etiam
1227 1107 1390 1166 caput
1423 1097 1456 1150 '5
1488 1097 1595 1150 litt.
1624 1096 1689 1150 Α.

854 1212 1006 1266 CAP.
1048 1210 1140 1264 Vl.
1175 1211 1250 1264 De
1292 1213 1356 1264 iis
1407 1213 1496 1280 qui
1527 1226 1710 1264 sacras
1749 1225 1975 1279 ignaua
2023 1210 2211 1263 vitant.

820 1375 1056 1428 Consule
1095 1375 1147 1427 in
1174 1389 1294 1442 cap.
1327 1374 1360 1428 9
1389 1374 1495 1428 litt.
1524 1373 1565 1425 Β
1591 1389 1713 1427 can.
1743 1374 1992 1442 quintum
2018 1383 2072 1428 et
2100 1381 2314 1428 sextum

750 1467 946 1538 synodi
971 1465 1330 1537 Gaugrensis.

750 1578 904 1633 CAP.
947 1575 1061 1630 VII.
1087 1577 1163 1630 De
1189 1577 1393 1632 clericis
1436 1579 1527 1648 qui
1556 1589 1837 1633 extraneas
1870 1582 2114 1635 mulieres
2147 1582 2318 1635 alunt.

824 1732 1016 1798 Quare
1053 1743 1213 1802 caput
1244 1735 1276 1789 9
1305 1735 1412 1791 litt.
1451 1735 1513 1789 Γ.

753 1850 905 1904 CAP.
943 1848 1074 1901 Vill.
1115 1848 1187 1902 De
1242 1852 1307 1901 iis
1344 1851 1434 1919 qui
1471 1852 1594 1903 aliis
1625 1853 1824 1904 conscii
1854 1859 1998 1915 sunt,
2037 1868 2129 1904 nec
2153 1860 2328 1906 tamen

1000 1920 1193 1972 delicta
1224 1919 1438 1972 illorum
1469 1923 1674 1974 clericis
1710 1922 2051 1988 conﬁtentur.

827 2010 1015 2064 Canon
1044 2011 1101 2063 7t
1133 2012 1314 2080 magni
1342 2011 1528 2065 Basilii
1562 2031 1576 2066 :
1607 2012 1710 2078 Qui
1731 2013 1906 2067 delicti
1940 2013 2174 2082 alicujus
2200 2028 2324 2068 cum

759 2105 868 2159 alio
893 2107 1150 2161 conscius
1182 2122 1287 2159 non
1335 2114 1519 2160 tamen
1551 2109 1842 2164 confessus
1879 2110 2064 2172 fuerit,
2110 2109 2156 2162 is
2197 2123 2326 2162 Cun-

757 2199 936 2252 victus
972 2199 1158 2252 tandiu
1208 2215 1398 2268 parias
1431 2201 1597 2266 dabit,
1636 2217 1797 2270 quam
1842 2205 2021 2272 ipsum
2056 2203 2328 2257 malorum

762 2296 1090 2356 patratorein
1118 2290 1277 2357 plecti
1298 2292 1564 2358 oportuit.
1595 2293 1714 2347 Non
1736 2304 1854 2347 erat
1877 2295 2044 2364 igitur
2062 2311 2128 2349 ex
2150 2304 2330 2349 mente

760 2383 862 2438 viri
903 2383 1099 2446 sancti,
1133 2392 1190 2434 ut
1217 2383 1306 2436 ille
1336 2383 1644 2452 puniretur,
1671 2386 1764 2454 qui
1803 2385 2091 2440 scientiam
2121 2401 2326 2441 meram

762 2475 890 2528 facti
939 2475 1120 2538 habet,
1161 2474 1424 2541 impedire
1466 2491 1595 2530 vero
1629 2479 1849 2546 nequit,
1895 2479 1991 2533 sed
2040 2479 2134 2547 qui
2169 2493 2327 2547 opem

761 2583 823 2621 ac
849 2567 1135 2620 consilium
1167 2566 1290 2631 fert,
1321 2579 1375 2622 et
1410 2568 1658 2624 inhibere
1699 2573 1892 2638 possit,
1925 2573 1973 2625 si
2006 2573 2157 2626 velit.
2191 2573 2332 2626 Pro-

763 2660 922 2727 pheta
955 2659 1096 2712 enim
1140 2675 1248 2713 non
1291 2663 1407 2714 vult
1464 2662 1790 2730 simpliciter
1825 2679 1951 2717 eum
1997 2665 2206 2733 puniri,
2236 2665 2329 2734 qui

765 2755 939 2804 furem
972 2761 1066 2806 aut
1098 2753 1401 2807 adulterum
1433 2755 1602 2819 videt,
1639 2754 1732 2808 sed
1758 2758 1852 2823 qui
1894 2759 2178 2811 concurrit
2205 2773 2327 2812 cum

765 2844 906 2903 fure,
931 2845 980 2896 ei
1013 2845 1336 2913 Opitulatur,
1367 2854 1422 2899 et
1452 2845 1505 2898 in
1538 2847 1903 2916 delinquendo
1931 2865 2053 2902 cum
2083 2850 2332 2906 adultero

766 2938 1038 3005 particeps
1085 2946 1193 2992 est.
1256 2935 1569 2992 Universim
1615 2954 1745 2993 vero
1791 2941 2066 2996 confessio
2115 2956 2332 3012 pariam

767 3030 1000 3084 maxima
1020 3045 1081 3083 ex
1099 3039 1254 3100 parte
1277 3032 1498 3097 minuit,
1524 3034 1801 3089 convictio
1828 3042 2006 3089 autem
2026 3038 2333 3104 graviorem

769 3122 958 3174 trahit.

1917 419 2284 483 ΜΑΤΊἮιΕΙ
2332 417 2757 478 BLASTARIS

809 549 997 599 Canon
1033 553 1214 597 autem
1257 543 1325 596 2-7
1354 541 1598 611 ejusdem
1641 542 1833 612 synodi
1867 542 2038 595 vetuit
2076 544 2132 594 in
2182 554 2306 607 aga-
2340 545 2390 600 Α

3881 405 3984 469 123

2498 538 2557 590 '0
2611 539 2668 590 δέ
2710 537 2791 600 κζ’
2827 536 3033 604 ταύτης
3087 535 3144 588 ἐν
3194 536 3314 596 ταῖς
3383 526 3706 597 λεγομέναις
3748 526 3994 593 ἀγάπαις

2417 632 2526 683 τῶν
2564 630 2883 699 συμποσίων
2949 630 3090 698 μέρη
3144 628 3346 697 αἴρειν,
3388 625 3484 678 καὶ
3528 621 3711 674 οίκαδε
3743 619 3997 688 κομίζειν

2417 726 2545 786 τοὺς
2588 722 2681 775 τοῦ
2712 723 2922 792 κλήρου
2953 721 3226 790 ἀπείρηκε
3246 735 3260 750 ο
3295 717 3537 784 λιχνείαν
3570 714 3676 784 γάρ
3709 712 3872 764 τοῦτο
3901 714 3998 764 καὶ

2423 815 2732 886 μοχθηρίαν
2754 816 2862 866 τῶν
2881 812 3136 883 δρώντων
3168 811 3489 880 κατηγορεῖ,
3516 809 3590 871 ὡς
3612 807 3861 859 ἐντεῦθεν
3892 805 3996 873 τὴν

2418 912 2519 980 τῆς
2559 907 2888 978 Ἐκκλησίας
2922 907 3265 961 κατάστασιν
3299 902 3711 975 ἐξυϐρίζεοθαι.

2490 1094 2652 1162 Ζήτει
2683 1091 2780 1144 καὶ
2811 1090 2871 1142 τὸ
2898 1096 2946 1157 γ’
2977 1087 3270 1155 κεφάλαιον
3299 1083 3393 1135 τοῦ
3427 1084 3471 1135 Α
3501 1080 3789 1150 στοιχείου.

2420 1205 2676 1262 ΚΕΦΔΛ.
2729 1205 2821 1270 ς’.
2857 1200 2996 1268 Περί
3037 1199 3158 1252 τῶν
3185 1198 3295 1261 τὰς
3343 1194 3644 1270 συνάξεις
3688 1191 3796 1256 τὰς
3838 1187 4003 1255 ιερὰς

2930 1267 3502 1341 ἀποστρεφομένων.

2495 1372 2657 1439 Ζὴτει
2689 1370 2746 1420 ἐν
2789 1367 2866 1437 τῷ
2925 1367 2968 1418 θ’
3019 1381 3146 1431 κεφ.
3189 1363 3283 1414 τοῦ
3328 1362 3369 1412 Β
3401 1358 3670 1428 στοιχείου
3726 1354 3928 1408 κανόνα
3963 1359 4001 1404 ε’

2424 1465 2522 1517 καὶ⁵
2562 1461 2618 1523 ς’
2647 1460 2752 1528 τῆς
2792 1460 2851 1509 ἐν
2888 1458 3117 1524 Γάγγρᾳ
3157 1453 3400 1506 συνόδου.

2426 1576 2678 1631 ΚΕΦΑΛ.
2725 1570 2798 1627 Ζ’.
2847 1567 3146 1640 Περίίτῶν
3198 1563 3648 1640 συνεισρκτους
3711 1556 4006 1629 γυναῖκας

2903 1639 3170 1706 ἐχόντων
3202 1638 3532 1700 κληρικων.

2504 1740 2667 1807 Ζήτει
2701 1736 2763 1786 τὸ
2791 1735 2855 1785 ιθ¹
2903 1727 3200 1799 κεφάλαιον
3227 1725 3322 1778 τοῦ
3361 1725 3397 1776 Γ
3433 1723 3723 1791 στοιχείου.

2361 1883 2403 1938 B
2433 1852 2682 1931 Kmé-
2716 1851 2798 1938 ιν-
2853 1835 4010 1938 υἱρὶἷένμῗΡῗῖΞπᾷῗΞίζὲΞζξτῖζηῖίέημ’

2555 1921 2686 1986 κοῖς
2713 1907 3125 1987 ἁμαρτήματα,
3162 1914 3260 1965 καί
3285 1911 3368 1980 μὴ
3403 1907 3881 1977 ὁμολογούντων.

2515 2017 2576 2070 Ὀ
2605 2020 2684 2066 οα’
2719 1991 2820 2064 τοῖί
2868 2007 3110 2078 μεγάλου
3148 2005 3436 2057 Βασιλείου
3489 1997 3698 2059 κανὼν,
3733 1994 3795 2047 ὐ
3828 1996 4012 2062 ἁμαρ-

2435 2112 2638 2178 τήματι
2666 2101 3041 2171 συνεγνωκὼς,
3067 2099 3224 2168 φησὶ,
3254 2098 3381 2158 τινὶ,
3411 2094 3504 2146 καὶ
3537 2091 3611 2160 μὴ
3637 2089 4008 2170 ὁμολογήσας,

2439 2202 2550 2256 ἀλλ’
2582 2198 2884 2267 ἐλεγχθεὶς,
2932 2194 3024 2246 ἐπὶ
3068 2189 3322 2244 τοσοῦτον
3370 2189 3588 2257 χρόνον,
3621 2184 3680 2236 ὃν
3720 2184 3746 2234 6
3770 2179 4010 2249 ἐργάτης

2436 2293 2548 2345 τῶν
2587 2289 2776 2343 κακῶν
2816 2283 3233 2351 ἐπιτετίμηται,
3263 2279 3357 2330 καὶ
3389 2276 3552 2336 αὐτὸς
3584 2273 3738 2324 ἔσται
3783 2273 3840 2321 ἐν
3887 2270 4014 2320 ἐπι-

2432 2384 2619 2451 τιμίῳ.
2659 2380 2772 2432 Οὐκ
2805 2373 2873 2448 ἦν
2917 2377 2975 2428 δὲ
3018 2374 3128 2442 ἄρα
3161 2371 3236 2439 τῷ
3271 2369 3416 2437 άγίῳ
3467 2365 3605 2435 πρὸς
3661 2365 3868 2432 τρόπου

2441 2476 2610 2546 μόνην
2650 2473 2857 2541 εἴδησιν
2924 2467 3153 2536 ἔχοντα,
3209 2461 3306 2515 καὶ
3368 2459 3444 2529 μὴ
3496 2455 3774 2527 ἀρκοῦντα
3826 2451 4013 2503 κωλῦο

2439 2586 2549 2631 σαι,
2589 2560 2976 2632 τιμωρεῖσθαι,
3021 2558 3109 2610 τὸν
3142 2555 3197 2608 δέ
3231 2571 3294 2620 γε
3333 2551 3711 2621 συναράμενον
3744 2549 3839 2599 καὶ
3875 2561 4016 2611 συμ-

2439 2657 2835 2716 ϐουλεύσαντα,
2880 2653 2975 2706 καὶ
3023 2649 3320 2716 δυνάμενον
3350 2644 3616 2712 ἐπισχεῖν,
3664 2639 3823 2706 είπερ
3852 2637 4017 2690 ἐδού-

2439 2755 2582 2807 λετο.
2615 2750 2728 2805 Καὶ
2774 2749 2802 2800 6
2847 2745 3132 2816 προφήτης
3169 2739 3277 2808 γὰρ
3329 2738 3427 2807 οὐχ
3467 2734 3654 2796 ἁπλῶς
3690 2730 4019 2794 κολάζεσθαι

2437 2848 2579 2911 ἀξιοῖ
2610 2845 2700 2897 τὸν
2748 2837 3062 2909 θεωροῦντα
3096 2834 3336 2911 κλέπτην
3385 2831 3418 2903 ἢ
3473 2828 3660 2898 μοιχὸν
3691 2866 3706 2891 ,
3741 2824 3879 2877 ἀλλὰ
3927 2823 4023 2873 τὸν

2439 2898 2800 3004 συντρέχοντα
2959 2927 3169 2996 κλέπτῃ
3198 2898 3232 2990 ,.
3282 2898 3379 2975 καὶ
3407 2898 3418 2903 ⁷
3439 2919 3834 2988 συναιρόμενον
3858 2955 3874 2980 ,
3924 2916 4024 2968 καὶ

2441 3031 2534 3083 τὸν
2559 3024 3034 3098 συμμεριζόμενον
3063 3021 3130 3089 τῇ
3160 3014 3420 3086 κοινωνίᾳ
3449 3014 3526 3083 τῷ
3559 3011 3732 3083 μοιχῷ
3758 3011 3816 3062 τὸ
3842 3007 4027 3076 ἁμάρο

2448 3137 2623 3191 τημα.
2667 3112 2951 3183 Πανταχοῦ
2983 3112 3038 3163 δὲ
3069 3112 3103 3178 ἡ
3148 3110 3246 3177 μὲν
3287 3105 3677 3176 ἐξομολόγησις
3721 3103 3820 3171 τῆς
3850 3101 3939 3153 κο)
3957 3099 4024 3151 ά-

771 3235 910 3282 σεως
947 3221 1270 3289 ἀφαιρεῖται
1315 3222 1375 3274 τὸ
1417 3221 1674 3275 πλεῖστον
1719 3239 1732 3252 '
1762 3224 1790 3275 6
1831 3224 1888 3275 δὲ
1919 3223 2141 3294 ἔλεγχος
2169 3220 2562 3293 χαλεπωτέραν
2627 3211 2834 3281 ταύτην
2889 3205 3205 3279 ἐργάζεται.

839 3361 1032 3428 Quare
1053 3371 1106 3419 ct
1136 3367 1190 3420 in
1220 3366 1253 3422 9
1301 3384 1422 3434 cap.
1455 3370 1562 3425 litt.
1613 3371 1652 3423 Γ
1693 3387 1958 3428 canonem
2015 3373 2087 3428 25
2147 3372 2412 3446 synodiC
2515 3372 2518 3418 ἶ

2367 3372 2412 3434 C
2515 3366 2673 3435 Ζήτει
2703 3362 2799 3416 καὶ
2839 3355 2996 3424 ἐντῷ
3026 3352 3069 3406 θ’
3115 3368 3243 3419 κεφ.
3273 3347 3368 3402 τοῦ
3417 3347 3456 3400 Γ
3495 3345 3762 3416 στοιχείου
3814 3341 4022 3396 κανόνα

777 3453 1095 3525 ὲιιογτοοω.

1494 3572 1626 3629 Lex.

847 3657 952 3724 Qui
1022 3661 1269 3715 criminis
1336 3662 1574 3731 alicujus
1632 3680 1786 3720 reum
1846 3667 2028 3724 sciens
2093 3673 2343 3740 suscipit,

776 3751 1024 3804 eamdem
1076 3766 1293 3819 pinnam
1346 3755 1493 3808 subit
1519 3757 1662 3836 ;.qui
1697 3773 1827 3812 vero
1858 3760 2097 3816 latrones
2128 3767 2342 3834 recipit,

781 3857 956 3910 neque
1003 3843 1056 3895 in
1110 3843 1200 3911 jus
1233 3845 1480 3910 adducit,
1531 3849 1922 3918 proscribitur,
1981 3864 2078 3908 aut
2123 3857 2348 3923 punitur

782 3930 929 3997 juxta
988 3932 1353 3989 conditionem
1411 3951 1680 4004 persona,
1737 3950 1899 4009 prout
1945 3942 2114 4010 judici
2168 3945 2346 3999 visum

782 4024 971 4080 fuerit.

852 4156 1014 4226 230
1047 4156 1196 4212 CAP.
1229 4160 1320 4214 IX.
1351 4160 1426 4216 De
1457 4164 1671 4233 synodi:
1695 4167 1978 4236 quotannis
2005 4169 2278 4228 habendis.

859 4316 1186 4373 Sanctorum
1236 4321 1607 4388 apostolorum
1657 4337 1836 4379 canon
1877 4327 1946 4380 37
1999 4328 2246 4397 imperat,
2293 4336 2354 4382 ut

785 4410 980 4476 quovis
1034 4425 1178 4463 anno
1227 4410 1310 4464 bis
1364 4423 1701 4480 congregem
1755 4417 2046 4470 concilium
2107 4420 2355 4488 cujusvis

790 4500 1086 4566 provincia
1111 4502 1378 4570 episcopi,
1412 4503 1480 4556 ad
1511 4518 1673 4557 suum
1707 4507 2188 4574 metropolitanum
2223 4524 2356 4562 conc

790 4588 1046 4654 ﬂuentes,
1091 4594 1258 4646 semel
1301 4594 1522 4662 quidem
1559 4605 1756 4663 quarta
1803 4599 2108 4666 septimana
2164 4598 2359 4655 Pente-

791 4690 993 4740 costes,
1058 4683 1254 4735 iterum
1314 4698 1446 4737 vero
1497 4696 1771 4740 autumno
1830 4698 2082 4754 exeunte,
2120 4692 2359 4756 ,scilicct

791 4772 1117 4826 duodecimo
1161 4774 1247 4827 die
1301 4773 1700 4844 Hyperboretai
1758 4780 1873 4833 sive
1927 4780 2221 4847 Octobris,
2299 4791 2359 4836 ut

2446 3455 2523 3512 κε’
2556 3458 2652 3524 τῆς
2686 3457 2743 3508 ἐν
2791 3447 3041 3518 Ἀγκύρῃ.
3064 3443 3310 3497 συνόδου.

3099 3559 3319 3625 Νόμος.

2529 3664 2590 3718 '0
2629 3656 3032 3726 ὑποδεξάμενός
3068 3670 3192 3705 τινα
3231 3649 3556 3721 ἐνεχόμενον
3594 3643 3906 3712 ἐγκλήματι
3962 3641 4025 3692 ἐν

2447 3755 2651 3824 εἰδήσει
2696 3751 2798 3820 τὴν
2855 3747 3027 3816 αὐτὴν
3065 3743 3362 3811 ὑφίσταται
3405 3736 3684 3807 τιμωρίαν
3724 3749 3738 3763 ·
3781 3736 3809 3786 6
3837 3733 3895 3784 δὲ
3929 3732 4028 3802 λῃ-

2450 3846 2583 3908 στὰς
2622 3842 3026 3909 ὑποδεξάμενος
3060 3838 3156 3889 καὶ
3201 3835 3278 3904 μὴ
3310 3828 3686 3902 προσαγαγὼν
3717 3827 3914 3888 αὐτοὺς
3946 3825 4031 3893 τῷ

2447 3931 2781 4002 δικαστηρίῳ
2815 3927 3134 3998 δημεύεται,
3190 3924 3223 3993 ἢ
3293 3922 3662 3990 τιμωρεῖται,
3728 3915 3871 3970 κατὰ
3924 3915 4027 3983 τὴν

2450 4025 2716 4094 ποιότητα
2752 4020 2846 4073 τοῦ
2880 4020 3206 4088 προσώπου,
3237 4013 3314 4076 ὡς
3344 4012 3412 4065 ἂν
3445 4012 3474 4063 ὁ
3521 4009 3783 4077 δικαστὴς
3813 4005 4026 4076 συνίδῃ.

2451 4162 2704 4223 ΚΕΦΔΛ.
2738 4159 2817 4211 Θ¹.
2861 4155 3001 4224 Περὶ
3045 4150 3327 4292 angimur
3381 4145 3503 4201 τῶν
3551 4146 3810 4215 ὲτησίως
3864 4160 4030 4199 τινυ-

3234 4238 3338 4275 ων.

3234 4238 3338 4275 ων.

2536 4323 2594 4374 Ὀ
2619 4323 2697 4384 λς’
2731 4316 2839 4370 τῶν
2883 4314 3202 4368 ἀποστόλων
3253 4310 3438 4365 κανὼν
3474 4310 3558 4373 δὶς
3585 4307 3682 4361 τοῦ
3717 4306 3869 4368 ἔτους
3905 4304 4039 4357 σύνο

2454 4413 2575 4466 οδον
2601 4409 2819 4465 κελεύει
2849 4408 3029 4460 ποιεῖν
3066 4404 3195 4467 τοὺς
3223 4404 3468 4472 ἑκάστης
3495 4399 3772 4468 ἐπαρχίας
3801 4396 4040 4448 ἐπισκό-

2457 4521 2593 4564 πους
2622 4502 2700 4568 τῷ
2729 4500 2918 4568 οἰκείῳ
2952 4503 3236 4557 συνιόντας
3277 4491 3656 4564 μητροπολίτῃ
3680 4506 3694 4520 ⁸
3725 4488 3876 4551 ἅπαξ
3910 4488 4041 4557 μὲν,

2453 4596 2522 4664 τῇ
2572 4594 2810 4661 τετάρτῃ
2865 4591 2964 4658 τῆς
3001 4586 3388 4658 Πεντηκοστῆς
3435 4584 3731 4653 ἐδδομάδι,
3782 4582 4043 4650 δεύτερον

2457 4669 2535 4747 δέ,
2563 4666 2856 4752 φθινούσης
2880 4683 2981 4752 ἢδη
3014 4681 3112 4746 τῆς
3148 4679 3320 4746 ὥρας,
3349 4679 3415 4746 τῇ
3453 4677 3520 4744 ιβ’
3560 4673 3655 4728 τοῦ
3700 4674 4044 4744 Ὑπερϐερε-

2459 4777 2634 4837 ταίου,
2668 4775 2785 4844 ἦτοι
2817 4772 2912 4823 τοῦ
2957 4769 3311 4837 Ὀκτωόρίουσ
3363 4769 3447 4836 ἐφ’
3483 4761 3527 4837 ᾧ
3581 4768 3762 4819 πᾶσαν
3790 4769 4045 4836 ἀμφιδο-

793 4862 1121 4916 diriniautur
1143 4879 1333 4917 omnes
1357 4870 1772 4934 controversia,
1793 4886 1914 4938 qua
1933 4870 2079 4925 circa
2106 4872 2358 4942 dogmata
2392 4848 2433 4902 υ
2463 4872 2472 4923 1

2392 4848 2433 4902 υ
2463 4871 2582 4923 λίαν
2611 4868 2740 4937 περί
2777 4885 2836 4918 τε
2886 4865 3194 4933 δογμάτων,
3227 4863 3322 4913 καὶ
3362 4860 3652 4931 γραυικῶν
3683 4861 4043 4931 ζητημάτων,

792 4962 848 5005 et
882 4955 1215 5021 quaestiones
1255 4958 1516 5025 scriptas,
1549 4969 1603 5013 et
1633 4971 1953 5027 argumenta
1985 4964 2358 5020 ecclesiastica

792 5045 1073 5109 oriuntur,
1139 5048 1246 5098 imo
1302 5058 1356 5100 et
1409 5048 1807 5115 dissensiones,
1857 5068 1976 5121 qua
2027 5053 2169 5107 inter
2214 5055 2359 5123 ipsus

797 5137 1136 5206 contingant,
1167 5149 1219 5192 et
1244 5153 1462 5202 causas,
1486 5151 1647 5210 atque
1682 5143 1827 5198 lites.

869 5229 1135 5282 Convenit
1168 5247 1288 5282 cum
1333 5233 1438 5285 isto
1467 5213 1639 5289 ierme
1674 5237 1852 5304 quoad
1881 5240 2043 5291 verba
2077 5251 2132 5293 et
2163 5241 2365 5295 vicesi-

798 5337 921 5374 mus
952 5336 1128 5374 canon
1157 5323 1344 5391 synodi
1379 5325 1737 5380 Antiochena
1774 5344 1788 5380 :
1822 5329 2013 5398 adjicit
2042 5341 2223 5385 tamen
2257 5335 2359 5384 mi-

801 5412 950 5464 nime
1011 5412 1178 5465 licere
1222 5414 1441 5481 quosvis
1479 5430 1574 5482 per
1617 5419 1825 5484 seipsns
1874 5419 2114 5488 synodus
2162 5421 2362 5475 habere

802 5501 947 5554 haud
1015 5515 1281 5570 prasente
1336 5507 1754 5574 metropolitano
1817 5511 2107 5577 provincia
2162 5530 2176 5565 :
2235 5523 2365 5566 tunc

799 5596 943 5650 enim
1006 5597 1305 5663 perfectum
1366 5600 1662 5653 concilium
1723 5600 1977 5667 habetur,
2027 5620 2150 5657 cum
2214 5604 2367 5657 adest

802 5689 1007 5758 primas
1046 5706 1151 5743 una
1188 5705 1310 5742 cum
1343 5693 1580 5746 cateris.

876 5777 1014 5841 Quin
1042 5780 1150 5855 imo
1185 5795 1360 5835 canon
1397 5783 1620 5851 quintus
1656 5786 1847 5854 synodi
1880 5787 2087 5856 prima.
2111 5797 2372 5840 autumno

809 5864 963 5936 lapso
991 5868 1057 5922 ad
1089 5867 1378 5925 Octobrem
1411 5887 1650 5928 mensem
1673 5874 1904 5930 alterum
1930 5877 2218 5930 concilium
2242 5893 2376 5931 cuu~

2465 4959 2560 5013 καὶ
2606 4953 3086 5027 ἐκκλησιαστικῶν
3132 4953 3443 5005 ὑποθέσεων
3485 4951 3733 5012 λύεσθαι,
3785 4954 3880 5005 καὶ
3940 4954 4048 5020 μὲν

2463 5070 2545 5105 τοι
2584 5052 2676 5104 καὶ
2713 5047 2979 5116 διαφορὰς
3011 5046 3160 5098 ἐστιν
3213 5037 3286 5096 ὧν
3340 5044 3476 5111 πρὸς
3511 5041 3801 5111 ἀλλήλους,
3835 5045 3928 5094 καὶ
3961 5042 4048 5094 δί-

2465 5161 2590 5206 κας,
2613 5144 2706 5195 καὶ
2736 5141 2943 5209 ἐριδας.
3770 5211 3775 5216 ⁷

2537 5234 2727 5301 Τούτῳ
2759 5234 2853 5283 καὶ
2902 5233 2929 5282 6
2978 5236 3025 5281 κ’
3053 5235 3152 5296 τῆς
3211 5230 3270 5279 ἐν
3314 5227 3613 5297 Ἀντιοχείᾳ
3647 5226 3868 5278 συνόδου
3907 5226 4050 5294 πρὸς

2466 5326 2611 5391 λέξιν
2663 5323 2848 5391 σχεδον
2900 5322 3128 5373 ἕπεται·
3191 5320 3264 5387 μὴ
3325 5319 3526 5381 ἐξεῖναι
3575 5317 3631 5368 δὲ
3677 5315 4048 5384 προστίθησιν

2468 5421 2632 5478 ἐνίοις
2673 5415 2793 5468 καθ’
2849 5414 3075 5475 ἑαυτοὺς
3114 5411 3365 5471 συνόδους
3425 5412 3626 5466 ποιεῖν,
3669 5408 3743 5476 μὴ
3774 5407 4052 5475 παρόντος

2469 5510 2562 5562 τοῦ
2611 5510 2708 5575 τῆς
2769 5505 3038 5574 ἐπαρχίας
3104 5499 3539 5572 μητροπολίτου·
3567 5499 3688 5550 τότε
3731 5498 3840 5566 γὰρ
3866 5497 4054 5549 τελεία

2471 5602 2684 5668 γίνεται
2736 5597 2988 5657 σύνοδος.
3021 5597 3107 5647 ὅτε
3143 5595 3236 5647 καὶ
3291 5597 3318 5646 6
3368 5591 3776 5662 μητροπολίτης
3826 5589 4053 5642 σύνεστι

2473 5696 2583 5754 τοῖς
2613 5692 2843 5750 λοιποῖς.

2563 5782 2728 5836 Ἀλλὰ
2760 5782 2857 5833 καὶ⁵
2898 5783 2926 5832 6
2964 5778 3004 5830 ε’
3031 5779 3130 5846 τῆς
3175 5785 3224 5830 α’
3268 5776 3488 5829 συνόδου
3520 5774 3724 5837 κανὼν,
3751 5773 4057 5841 φθινούεης

2484 5879 2588 5960 μὲν
2625 5877 2772 5949 Cipe;
2823 5875 2961 5928 κατὰ
3004 5875 3097 5927 τὸν
3145 5870 3497 5940 Ὀκτώϐριο-ι,
3532 5867 3741 5921 κελεύει
3775 5868 3872 5934 τὴν
3920 5865 4055 5936 μίαν
