4252 6424
248 383 357 448 129

1236 386 1641 448 SYNTAGMA
1681 388 2267 453 ALPHABETICUM
2322 390 2457 451 -Σ-

3387 407 3496 470 130

246 501 359 549 τῶν
409 498 645 553 συνόδων
696 497 1077 569 ἀθροίζεσθαι*
1130 500 1229 569 τὴν
1268 499 1325 551 δὲ
1361 499 1575 567 ἑτέραν,
1629 499 1730 550 οὐκ
1760 502 1818 551 ἐν
1854 511 1891 564 Α

1811 518 1818 544 l
1854 511 1891 564 Α
1930 501 2109 552 vocari
2144 500 2319 568 jubet,
2344 504 2575 557 alterum
2615 520 2743 559 vero
2780 522 2888 560 non
2923 508 2975 562 in
3006 506 3352 578 Pentecoste,
3392 519 3490 570 scil

249 594 314 657 τῇ
357 591 728 660 ηεντηκοστῇ.
758 591 894 643 ἀλλά
926 591 1033 661 πρὸ
1077 591 1176 659 τῆς
1205 590 1665 659 ’τεσσαρακοστῆς
1698 606 1825 641 συν-

244 682 510 733 εστάναι·
561 680 637 742 ὡς
697 680 785 744 ἂν,
826 681 1009 747 πάσης
1066 681 1261 749 ἀηδίας
1315 680 1410 732 κα)⁸
1455 680 1826 749 μικροψυχίας

244 774 345 837 τῆς
397 773 535 842 πρὸς
590 773 881 841 ἀλλήλους
924 772 1396 841 περιαιρεθείσης,
1456 772 1693 843 καθαροὶ
1750 770 1828 840 τῷ

246 864 420 929 φύσει
456 864 685 935 καθαρῷ
734 866 793 917 τὸ
830 864 929 934 τῆς
970 864 1230 933 νηστείας
1261 864 1691 933 προσενέγκοιεν
1722 862 1820 915 δῶ-

245 972 367 1025 ρον.

333 1048 393 1099 '0
448 1048 503 1101 δέ
538 1048 602 1099 i0'
623 1049 721 1118 τῆς
751 1047 794 1101 δ’
840 1049 1056 1102 συνόδου
1118 1050 1175 1099 ἐν
1226 1046 1375 1117 καλῷ
1406 1048 1577 1099 οἴεται
1612 1044 1827 1098 κεῖσθαι

242 1141 380 1203 τοὺς
424 1141 761 1203 ἐπισκόπους
815 1139 897 1203 δὶς
955 1140 1052 1194 τοῦ
1100 1138 1254 1202 ἔτους
1319 1138 1573 1200 συνόδους
1625 1140 1825 1201 ποιεῖν,

244 1232 382 1286 ἔνθα
430 1232 495 1285 ἂν
550 1234 577 1284 6
627 1232 728 1301 τῆς
762 1233 1035 1303 ἐπαρχίας
1081 1231 1354 1301 δοκιμάσῃ
1393 1230 1824 1300 μητροπολίτης,

246 1324 338 1375 ἐπ’
372 1324 532 1376 ἐνίων
572 1323 1051 1392 ἐκκλησιαστικῶν
1097 1320 1389 1391 διορθώσει
1437 1320 1786 1389 πραγμάτων
1812 1336 1827 1349 ο

243 1418 374 1477 τοὺς
412 1415 470 1467 δέ
518 1414 592 1484 μὴ
638 1416 919 1473 συνιόντας
966 1414 1077 1466 τῶν
1123 1414 1475 1477 ἐπισκόπων,
1517 1410 1684 1478 ὑγιῶς
1731 1410 1825 1462 τοῦ

248 1507 508 1576 σώματος
540 1508 784 1577 ἔχοντας,
819 1509 911 1560 καὶ
973 1510 1095 1570 ταῖς
1138 1505 1320 1559 αὐτῶν
1352 1504 1827 1575 ἐπιχωριάζοντας

244 1602 468 1663 πόλεσι,
502 1600 635 1669 μηδέ
681 1616 830 1661 τινος
889 1600 1081 1669 ἐτέρου
1140 1597 1441 1665 ἀναγκαίου
1501 1596 1827 1665 πράγματος

246 1696 562 1761 εἴργοντος,
591 1692 901 1760 ἀδελφικῶς
924 1690 1374 1761 ἐπιπλήττεσθαι.

334 1787 395 1839 '0
446 1787 503 1840 δέ
540 1787 640 1853 τῆς
686 1791 741 1850 ς’
772 1785 990 1838 συνόδου
1031 1782 1084 1853 η’
1105 1786 1295 1837 τοῦτον
1335 1784 1435 1852 μὲν
1466 1782 1543 1844 ὡς
1593 1780 1705 1850 ἔχει
1734 1780 1824 1833 λέ-

1930 602 2055 643 ante
2098 590 2581 661 Quadragesimam
2642 596 2948 665 celebrari;
3002 610 3058 654 ut
3114 604 3290 671 posita
3344 618 3493 657 omni

1944 685 2172 735 ai-ritate
2206 699 2268 736 ac
2301 685 2663 740 illiberalitate
2688 691 2878 752 animi,
2912 695 3030 760 puri
3066 694 3163 764 ipsi
3210 702 3402 748 natura
3430 711 3495 750 es

1936 784 2129 843 suapte
2162 790 2295 844 puro
2322 775 2515 846 jejunii
2548 777 2752 833 donum
2781 781 3035 837 oﬂ‘erant.

1996 1039 2182 1093 Cauon
2218 1051 2396 1097 autem
2442 1044 2509 1098 t9
2538 1047 2728 1116 synodi
2765 1056 2972 1117 quartae
3001 1064 3213 1120 aequum
3270 1054 3499 1107 bonum-

1928 1146 2034 1199 que
2080 1132 2310 1201 judicat,
2365 1146 2423 1190 ut
2462 1138 2707 1207 episcopi
2765 1141 2870 1209 bis_
2901 1145 3198 1213 quotannis
3256 1144 3495 1198 concilia

1928 1226 2241 1289 celebrent,
2304 1229 2436 1291 ubi,
2493 1230 2537 1283 si
2587 1234 2882 1299 provinciae
2942 1236 3364 1304 metmpolitano
3422 1238 3499 1289 ita

1929 1318 2217 1386 placuerit,
2256 1319 2325 1372 de
2372 1323 2538 1377 rebus
2587 1325 2979 1380 ecclesiasticis
3009 1328 3373 1382 reformanilis
3404 1327 3501 1381 de-

1928 1419 2155 1462 cernant
2190 1412 2513 1481 :episeopos
2550 1426 2753 1481 autem,
2782 1418 2873 1487 qui
2900 1433 3041 1490 _cum
3090 1434 3324 1490 corpore
3362 1421 3499 1475 bene

1928 1505 2169 1569 valeant,
2218 1514 2269 1558 et
2311 1506 2363 1559 in
2416 1508 2645 1562 urbibus
2674 1511 2790 1563 suis
2838 1485 3145 1577 versentur,
3177 1526 3349 1580 neque
3389 1512 3501 1564 ulla

1928 1597 2031 1650 aiia
2080 1613 2250 1653 causa
2280 1600 2562 1670 impediat,
2607 1620 2717 1658 non
2759 1607 3098 1660 conveniunt
3147 1613 3349 1670 tamen,
3386 1603 3498 1658 fra-

1930 1697 2085 1741 terno
2114 1705 2263 1742 more
2296 1692 2512 1760 increpa
2522 1695 2588 1748 ri.

2002 1778 2135 1834 Dein
2165 1795 2338 1835 canon
2377 1792 2567 1839 sextus
2613 1784 2807 1855 synodi
2836 1793 3005 1841 sextae
3046 1786 3193 1841 hunc
3229 1787 3507 1842 verbatinr

249 1878 391 1941 εεως
447 1877 634 1941 δίεισι,
675 1877 960 1945 νομοθετεῖ
990 1876 1047 1929 δέ
1071 1917 1086 1941 ,
1132 1875 1281 1940 ἅπαξ
1309 1874 1404 1928 τοῦ
1434 1874 1589 1936 ἔτους
1620 1878 1715 1927 καὶ
1757 1874 1829 1943 μὴ
1862 1867 1906 1923 Β

1823 1892 1829 1943 ι
1862 1867 1906 1923 Β
1931 1877 2147 1942 repetit,
2178 1875 2355 1929 sancit
2402 1886 2585 1931 autent
2636 1878 2803 1932 semel
2836 1878 3054 1948 quidem
3090 1880 3144 1933 in
3175 1894 3344 1942 anno,
3392 1896 3502 1932 non

246 1970 338 2032 δὶς
369 1968 590 2023 σύνοδον
636 1966 908 2037 γίνεσθαι,
954 1969 1149 2039 καιρὸν
1205 1968 1399 2038 όρίσας
1452 1968 1545 2019 τὸν
1589 1967 1699 2019 ἀπὸ
1737 1965 1831 2018 τοῦ

247 2062 450 2131 Πάσχα
511 2061 707 2131 μέχρις
764 2061 886 2115 ὅλου
939 2061 1034 2114 τοῦ
1079 2060 1438 2129 Ὀκτωϐρίου,
1480 2059 1569 2110 διά
1622 2075 1680 2109 τε
1733 2059 1832 2119 τὰς

245 2151 360 2203 τῶν
406 2152 707 2222 βαρϐαρων
762 2152 1011 2220 ἐφόδους,
1070 2153 1164 2202 καὶ
1219 2152 1317 2212 τὰς
1372 2148 1832 2219 προσπιπτούσας

246 2243 453 2314 ἐτέρας
500 2244 702 2309 αἰτίας,
738 2245 795 2297 αἶ
851 2246 1136 2313 δυσχερεῖς
1195 2241 1410 2295 ποιοῦσι
1455 2243 1571 2303 τοῖς
1613 2240 1834 2294 ἐπισκό-

246 2347 379 2392 ποις
429 2332 525 2394 τὰς
551 2336 795 2404 συνεχεῖς
825 2333 1159 2403 ἀποδημίας.

323 2420 530 2475 Τοῦτον
558 2419 713 2487 αὖθις
746 2426 773 2476 6
806 2423 860 2489 ς’
902 2425 1187 2495 ἐπικυρῶν
1234 2426 1328 2477 καὶ
1367 2426 1463 2494 τῆς
1496 2423 1541 2488 ζ’
1574 2422 1827 2486 συνόδου,

248 2514 624 2585 ἀφορίζεσθαι
656 2515 821 2581 ἀξιοῖ,
874 2516 929 2569 ετ
972 2532 1057 2578 τις
1086 2516 1274 2586 ἄρχων
1324 2515 1575 2586 εὑρεθείη
1629 2515 1830 2582 εἴργων

246 2608 377 2660 τινὰ
426 2607 538 2659 τῶν
583 2608 663 2670 είς
717 2606 819 2676 τὴν
869 2607 1089 2661 σύνοδον
1136 2608 1409 2661 ἀπιόντων
1464 2608 1784 2659 ἐπισκόπων
1812 2620 1826 2634 ο

255 2699 511 2751 συνιοῦσι
539 2698 595 2752 δέ
617 2701 853 2766 τούτοις,
898 2699 1200 2772 προύργου,
1235 2701 1393 2769 φησὶ,
1432 2700 1662 2770 μελέτω,
1689 2698 1829 2751 ὥστε

248 2792 356 2855 τὰς
397 2792 494 2845 τοῦ
524 2793 867 2861 Εύαγγελίου
900 2793 1146 2857 ἐντολὰς,
1180 2797 1279 2847 καὶ
1311 2793 1413 2856 τὰς
1444 2793 1556 2844 τῶν
1588 2792 1832 2845 κανόνων

252 2889 511 2957 μετιέναι
540 2889 819 2943 διδάσκειν
849 2892 975 2951 τοὺς
1008 2890 1115 2941 ὑπὸ
1148 2891 1327 2959 χεῖρα.
1377 2888 1442 2939 Et
1477 2902 1599 2939 τινα
1630 2886 1683 2937 δὲ
1723 2885 1832 2936 τῶν

252 2979 698 3049 συνεληλυθότων
727 2981 1047 3033 ἐπισκόπων
1083 2981 1301 3047 κτῆνος,
1356 2978 1388 3047 ἦ
1438 2978 1627 3045 ἓτερον
1670 2970 1831 3037 εἶδος,

250 3074 280 3125 6
342 3072 756 3142 μητροπολίτης
786 3074 1103 3143 ἀπαιτήσας
1137 3070 1347 3126 ἄκοντα
1397 3066 1708 3138 ἐλεγχθείη,
1746 3082 1834 3119 τε·

249 3162 599 3229 τραπλάσιον
619 3163 960 3218 ἀππισάτω.

325 3343 441 3397 Καὶ
475 3344 504 3396 6
538 3339 591 3413 μ’
618 3342 716 3413 τῆς
753 3343 814 3395 ἐν
847 3341 1142 3414 Λαοδικείᾳ
1191 3339 1399 3410 πολλῆς
1429 3338 1572 3403 ἀξιοῖ
1620 3336 1837 3407 φροντί-

250 3438 343 3499 δος
375 3437 436 3488 τὸ
486 3436 610 3488 καθ’
637 3436 879 3505 ἑκάστην
914 3435 1185 3505 ἐπαρχίαν
1232 3433 1464 3503 ἐτησίως
1498 3431 1715 3484 σύνοδον
1748 3430 1835 3498 γί-

251 3531 469 3583 νεσθαι.
502 3530 595 3581 Διὸ
634 3531 732 3583 καὶ
784 3530 913 3590 τοὺς
964 3527 1303 3587 ἐπισκόπους
1356 3525 1434 3586 εἰς
1490 3522 1691 3591 ταύτην
1738 3538 1838 3573 κα-

250 3623 557 3691 λουμένους
597 3621 699 3673 ούκ
731 3618 1088 3683 ἀναδύεσθαι,
1150 3616 1269 3668 ἀλλ’
1320 3615 1559 3685 ἀμελητὶ
1614 3614 1836 3666 ἀπιέναι

253 3714 616 3782 προστάττει·
671 3712 770 3764 καὶ
825 3711 1017 3779 ἢτοὺς
1069 3709 1438 3777 σοφωτέρους,
1493 3707 1633 3759 ἄττα
1689 3706 1836 3757 ῑσασι

251 3806 556 3869 διδᾶσκειν,
577 3804 608 3874 ἥ
630 3804 755 3865 τοὺς
784 3802 1216 3871 ἁπλουστέρους,
1241 3799 1386 3868 ἀπερ
1416 3796 1669 3865 ἀγνοοῦσι
1705 3813 1837 3865 μαν-

254 3897 468 3951 θάνειν.
525 3894 685 3948 Οὕτω
741 3894 851 3963 γὰρ
905 3891 1310 3963 κατορθοῦσθαι
1360 3890 1460 3960 τὴν
1508 3887 1837 3956 Ἐκκλησίαν

255 3991 359 4043 καὶ
390 3988 688 4041 ἐπιδιδόναι
753 3985 1065 4055 συμϐαίνει,
1126 3984 1257 4051 περί
1319 3998 1379 4034 τε
1438 3981 1507 4033 τὰ
1567 3980 1703 4051 ὀρθὰ
1738 3981 1839 4047 τῆς

256 4083 503 4140 πὶστεως
553 4078 827 4145 δόγματα,
882 4074 979 4127 καὶ
1032 4074 1133 4135 τὰς
1188 4072 1279 4124 τὸν
1315 4071 1430 4141 βίον
1459 4067 1839 4141 ῥυθμιζούσας

258 4172 520 4233 ἐντολάς
580 4171 609 4221 6
661 4169 719 4222 δὲ
772 4166 1173 4237 καταφρονῶν,
1241 4163 1435 4217 ἑαυτὸν
1492 4159 1839 4230 ἐπιτιμηθεὶς

256 4264 554 4327 αἰτιάσθω,
611 4263 658 4314 εί
713 4262 788 4329 μή
820 4276 928 4313 τινι
961 4257 1319 4328 ἀνωμαλίᾳῆ
1372 4254 1467 4308 τοῦ
1522 4253 1837 4329 σώματοςῆ

254 4357 369 4407 τῶν
409 4354 756 4424 πραγμάτων
793 4350 1179 4420 ἐμποδισθείη.

334 4448 451 4501 Καὶ
498 4447 526 4498 6
588 4443 654 4498 iO'
692 4446 791 4513 τῆς
840 4446 898 4496 ἐν
938 4443 1277 4514 Καρθαγόνῃ
1328 4442 1546 4495 σύνοδον
1577 4444 1688 4500 τοῖς
1720 4443 1841 4494 ἐπι-

1936 1965 2018 2018 bis
2054 1968 2350 2019 concilium
2387 1968 2596 2031 baberi,
2656 1978 2819 2038 atque
2855 1981 3067 2041 tempus
3118 1971 3440 2041 praescribit,
3472 1990 3503 2024 ιι

1935 2056 2202 2111 Pascliate
2233 2067 2360 2127 puta
2389 2076 2558 2127 usque
2579 2059 2642 2113 ad
2669 2060 2958 2115 Octobrem
2986 2064 3342 2132 completum,
3373 2078 3500 2119 cum

1934 2157 2157 2214 propter
2208 2148 2568 2203 barbarorum
2606 2153 2886 2215 incursus,
2925 2160 3040 2205 tum
3088 2168 3291 2209 causas
3338 2156 3498 2220 alias,

1934 2252 2053 2305 qutt-
2082 2239 2371 2309 obtingunt
2414 2251 2466 2294 et
2528 2241 2845 2311 frequentes
2882 2246 3351 2314 peregrinationes
3388 2250 3473 2316 epi

1933 2330 2117 2396 scepis
2147 2333 2508 2398 pet-molestas
2538 2333 2792 2386 reddunt.

2004 2420 2158 2474 Hune
2206 2436 2473 2476 canonem
2526 2425 2816 2478 continuat
2860 2427 3026 2481 etiam
3078 2436 3267 2483 sextus
3304 2429 3507 2499 synodi

1930 2513 2201 2581 septimm,
2241 2522 2403 2581 atque
2444 2518 2821 2582 magistratum
2858 2521 3322 2575 excommunicari
3362 2520 3499 2580 vult,

1932 2605 2026 2674 qui
2051 2604 2435 2675 episcoporum
2470 2608 2535 2659 ad
2561 2608 2830 2677 synodum
2865 2612 3279 2677 properantium
3311 2628 3506 2682 quem-

1934 2698 2077 2766 piam
2127 2697 2431 2765 impedit-ns
2467 2700 2933 2768 deprehendatur.
2971 2700 3108 2755 Cum
3146 2711 3327 2756 autent
3369 2718 3504 2757 con-

1932 2790 2139 2858 gregati
2180 2790 2402 2853 fuerint,
2444 2791 2737 2860 prircipua,
2764 2792 2961 2862 inquit,
2996 2806 3129 2846 cura
3164 2805 3287 2847 csto
3316 2794 3505 2847 subdi-

1934 2888 2022 2934 tos
2074 2893 2206 2934 suos
2249 2894 2603 2949 summopere
2638 2881 2837 2937 docere
2884 2890 3157 2955 praecepta
3189 2886 3509 2955 evangelica

1933 2981 1991 3027 et
2025 2972 2314 3028 canonica.
2348 2971 2444 3025 Sin
2488 2987 2620 3028 vero
2654 2975 3001 3045 metropolita
3035 2975 3366 3045 jomentum,
3418 2978 3507 3031 vel

1936 3079 2051 3119 rem
2092 3065 2339 3132 quamvis
2377 3064 2562 3131 aliam,
2601 3079 2723 3134 quae
2754 3067 2818 3121 ad
2852 3068 3143 3137 episc0pos
3167 3069 3512 3125 conﬂuentes

1938 3158 2233 3225 pertineat,
2290 3156 2392 3211 sibi
2449 3157 2712 3224 vindicet,
2773 3165 2827 3213 et
2877 3162 3261 3227 convincatur,
3315 3161 3505 3216 reddet

1860 3220 1903 3279 (ἶ
1938 3220 2326 3318 quadruplum.

2012 3339 2126 3393 lmo
2178 3350 2232 3394 et
2282 3339 2352 3391 ιιι
2402 3354 2579 3393 canon
2643 3341 2863 3395 concilii
2928 3340 3220 3397 Laodiceni
3272 3343 3510 3398 sollicite

1939 3430 2233 3483 admodum
2268 3431 2442 3500 jubet,
2506 3441 2565 3486 ut
2597 3433 2650 3485 in
2679 3433 2918 3501 qualibet
2948 3437 3227 3504 provincia
3264 3434 3507 3506 synodus

1937 3524 2232 3592 quotannis
2260 3531 2614 3578 convocetur.
2665 3525 2925 3594 Adeoque
2950 3528 3259 3596 episcopos,
3304 3528 3395 3595 qui
3439 3528 3505 3579 ad

1938 3630 2059 3669 eam
2086 3617 2347 3678 citantur,
2388 3616 2532 3669 baud
2566 3618 2892 3681 detrectare,
2927 3620 3020 3673 sed
3058 3626 3313 3687 protinus
3356 3620 3508 3674 adire

1933 3709 2111 3778 jubet,
2137 3716 2299 3777 atque
2324 3709 2688 3777 sapientiores
2706 3709 2751 3763 si
2772 3710 2902 3775 sint,
2924 3710 3126 3766 docere
3139 3728 3259 3780 qua:
3283 3723 3507 3778 norunt,

1940 3800 2023 3855 vel
2056 3801 2422 3870 simpliciores
2472 3816 2534 3855 ea
2568 3801 2890 3864 addiscere,
2941 3819 3063 3874 qua:
3110 3806 3382 3859 nesciunt.
3434 3805 3508 3859 Ita

1939 3894 2085 3947 enim
2147 3894 2227 3959 ﬁt,
2282 3904 2342 3946 ut
2388 3893 2715 3948 reformetur
2757 3895 3027 3960 Ecclesia,
3069 3908 3123 3951 ct
3174 3900 3320 3951 circa
3358 3907 3507 3951 recta

1941 3984 2196 4053 dogmata
2251 3984 2395 4047 ﬁdei,
2440 3996 2494 4040 et
2545 3988 2799 4041 mandata
2836 3988 2963 4041 vitae
3019 3988 3155 4042 bene
3194 3988 3511 4043 ordinandas

1942 4078 2323 4143 inservientia,
2350 4079 2633 4149 profectus
2668 4080 2855 4134 faciat.
2881 4079 2988 4146 Qui
3013 4096 3143 4135 vero
3170 4091 3515 4150 contempse-

1943 4167 2037 4231 rit,
2063 4166 2208 4235 quod
2244 4169 2702 4236 reprehendatur,
2734 4171 2972 4238 seipsutn
3005 4170 3212 4239 culpet,
3246 4173 3349 4224 nisi
3378 4174 3513 4224 forte

1943 4256 2131 4326 aliquo
2174 4258 2519 4323 discrimine,
2559 4261 2706 4330 quod
2748 4262 2814 4314 ad
2852 4276 3050 4331 corpus
3090 4264 3169 4316 vel
3224 4262 3513 4317 facultates

1942 4360 2171 4417 spectet,
2204 4350 2553 4419 impediatur.

2008 4444 2169 4513 23],
2240 4444 2467 4513 Insuper
2527 4460 2700 4498 canon
2763 4446 2830 4501 19
2887 4462 3010 4518 syn.
3066 4448 3514 4517 Cartliagiuensis

260 4540 493 4601 σκόποις
540 4537 666 4590 κατ’
718 4536 973 4589 ἐνιαυτὸν
1006 4536 1341 4605 ἐπισκήπτει
1376 4537 1573 4588 ποιεῖν’
1604 4532 1742 4589 ἀλλά
1771 4533 1835 4604 δὴ
1870 4551 1910 4604 ι)

1870 4551 1910 4604 ι)
1940 4537 2228 4605 episcopos
2260 4543 2443 4589 monet
2474 4536 2763 4591 concilium
2825 4541 3121 4607 quotannis
3181 4539 3403 4595 habere.
3438 4542 3514 4598 Ita

258 4631 358 4682 καὶ
411 4631 438 4681 6
485 4626 589 4694 ογ’,
624 4627 684 4679 δν
723 4628 819 4681 καὶ
852 4628 1009 4696 ζήτει
1071 4628 1129 4680 ἐν
1161 4625 1238 4697 τῷ
1268 4624 1312 4691 ζ’
1342 4625 1627 4695 κεφαλαίῳ
1655 4625 1748 4677 τοῦ
1782 4626 1828 4677 Π

260 4719 555 4787 στοιχείου.

331 4813 558 4872 Ἱούτοις
612 4810 667 4861 δὲ
723 4809 820 4863 καὶ
862 4811 890 4862 ό
933 4808 1022 4873 ος⁹
1068 4808 1483 4879 ἐπιψηφίξεται,
1521 4807 1616 4871 τὰς
1666 4804 1833 4867 αὑτὰς

256 4906 375 4963 τοῖς
408 4902 627 4971 ῥηθεῖσι
683 4903 905 4953 κανόσιν
956 4903 1141 4961 αἰτίας
1198 4898 1451 4963 ἐπεξιών
1512 4900 1602 4952 τὸν
1638 4898 1696 4951 δὲ
1760 4896 1835 4965 μὴ

261 4995 599 5063 πειθόμενον
658 4997 759 5063 τῆς
788 4994 887 5062 μὲν
918 4994 1026 5045 τῶν
1054 4993 1230 5047 ἀλλων
1260 4991 1597 5060 ἀφίστασθαι
1639 5007 1834 5043 κοινω-

259 5091 381 5150 νίας
442 5085 681 5149 κελεύει,
735 5086 875 5158 μόνῃ
935 5084 990 5138 δὲ
1038 5088 1103 5154 τῄ
1157 5086 1256 5152 τῆς
1315 5083 1449 5143 ἰδίας
1503 5081 1834 5150 Ἐκκλησίας

253 5179 579 5247 ἀρκεῖσθαι.

342 5271 513 5322 Ἀ).λά
572 5270 649 5338 τῷ
701 5268 784 5335 ιζ’
819 5270 1007 5323 κανόνι
1050 5269 1112 5321 ού
1164 5268 1274 5321 τῶν
1327 5267 1642 5335 ἀναγκαίων
1695 5262 1833 5319 εἶναι

255 5366 429 5428 δοκεῖ,
465 5362 586 5414 κατ’
638 5364 889 5415 ἐνιαυτὸν
939 5362 1157 5414 σύνοδον
1189 5361 1439 5429 γίνεσθαι
1473 5361 1583 5411 τῶν
1610 5360 1835 5411 ἐπισκό⁴

257 5474 378 5508 πων
408 5458 491 5517 εἰς
531 5454 883 5524 Καρχηδόνα,
915 5455 1003 5507 ἵνα
1046 5456 1120 5524 μὴ
1155 5452 1553 5522 συν-τρίϐωνται
1591 5453 1641 5504 οἱ
1678 5452 1834 5505 ἀδελ·

258 5548 372 5614 φοί.
420 5547 567 5599 Ἀλλ’
615 5549 663 5598 εί
712 5547 811 5615 μὲν
865 5546 1039 5599 αἰτίαι
1085 5548 1268 5598 κοιναὶ
1315 5546 1656 5613 ἀνακύψαιεν
1705 5544 1835 5614 περὶ

256 5639 554 5707 δογμάτων
582 5638 768 5707 τυχὸν,
803 5638 1095 5706 γράμμασι
1127 5636 1410 5690 καλεῖσθαι
1447 5637 1572 5697 τοὺς
1609 5635 1835 5689 ἐπισκό-

259 5748 419 5793 πους,
479 5733 575 5783 καὶ
631 5732 815 5799 κοινῆς
875 5730 1170 5801 γινομένης
1210 5730 1469 5793 συνόδου,
1516 5729 1739 5781 λύεσθαι
1775 5727 1834 5779 τὸ

256 5822 587 5891 ἀμφίϐολον·
631 5825 679 5874 εί
734 5823 790 5874 δὲ
825 5823 990 5874 ίδικαὶ
1036 5819 1181 5885 εἶεν,
1225 5824 1283 5873 ἐν
1335 5822 1575 5891 ἐπαρχίᾳ
1624 5822 1831 5890 ἑκάστῃ

257 5916 360 5984 τὴν
392 5915 550 5968 λύσιν
579 5916 748 5979 αὑτὰς
784 5914 1105 5985 λαμϐάνειν.

1937 4641 1991 4684 et
2022 4644 2193 4682 canon
2224 4629 2313 4695 75,
2337 4644 2495 4697 quem
2522 4629 2647 4683 vide
2672 4629 2724 4682 in
2750 4644 2869 4699 cap.
2908 4632 2938 4687 7
2966 4633 3074 4687 litt.
3111 4634 3175 4687 Π.

2003 4802 2139 4858 Cum
2212 4802 2333 4857 istis
2387 4805 2669 4858 consentit
2722 4815 2777 4860 et
2841 4808 3117 4863 canou'iG
3177 4811 3517 4880 easdemque

1938 4897 2180 4951 rationes
2216 4896 2423 4964 pariter
2482 4894 2661 4951 aIIcrt.
2722 4896 2877 4953 Illum
2923 4910 3101 4955 tamen
3164 4909 3254 4971 qui
3297 4921 3518 4959 recusa-

1938 4990 2101 5054 verit,
2134 5000 2457 5043 ca'tcrorum
2486 4990 2865 5060 episcoporum
2900 4998 3289 5052 communione
3344 4998 3515 5052 absti-

1940 5098 2069 5136 nere
2102 5083 2278 5151 jubet,
2325 5082 2584 5139 Ecclesia:
2622 5100 2736 5138 suae
2786 5086 2900 5140 sola
2941 5096 3285 5143 contentum.

2014 5264 2083 5318 At
2114 5278 2241 5317 vero
2296 5264 2493 5318 canoni
2554 5264 2620 5319 97
2650 5264 2791 5317 baud
2847 5268 3215 5320 necessarium
3276 5269 3509 5336 videtur,

1938 5356 2235 5424 quotannis
2280 5356 2571 5409 coocilium
2603 5354 2935 5425 Carthagine
2966 5358 3252 5420 celebrari,
3285 5374 3349 5411 ne
3391 5357 3512 5410 fati-

1938 5458 2133 5518 gentur
2160 5448 2380 5503 fratres.
2425 5447 2531 5502 Sed
2567 5450 3003 5518 quotiescunque
3035 5465 3213 5503 Causa!
3265 5466 3511 5503 commu-

1937 5558 2032 5596 nes
2064 5541 2402 5609 contingant,
2438 5541 2507 5594 de
2550 5542 2818 5609 dogmatis
2849 5551 2995 5607 puta,
3058 5541 3255 5595 litteris
3310 5558 3511 5593 convon

1936 5639 2049 5690 cari
2085 5637 2392 5705 episcopos,
2421 5642 2474 5687 et
2509 5636 2715 5703 synodo
2739 5635 3011 5686 communi
3040 5635 3249 5698 habita,
3280 5635 3507 5687 dubium

1938 5728 2096 5783 solvi.
2133 5727 2228 5782 Sin
2270 5742 2399 5782 vero
2456 5727 2686 5796 privata:
2742 5740 2923 5779 causae.
2978 5726 3202 5792 fuerint,
3266 5729 3412 5799 ipsas
3455 5729 3508 5779 iu

1936 5822 2153 5890 propria
2201 5821 2485 5891 provincia
2525 5818 2905 5873 determinari.
