4252 6424
224 395 318 462 ιῗΊ

1200 395 1609 455 SYNTAGMA
1648 394 2266 458 ALPIIABETICUM.
2314 424 2378 436 --
2423 395 2485 447 Ίό

3368 403 3470 466 138

213 507 398 574 φέρει,
435 501 513 574 τῷ
537 502 841 574 ἀναθέματι
873 505 1264 576 παραπέμπει,
1296 503 1384 559 οἷα
1409 506 1505 577 τὴν
1529 506 1630 577 τῆς
1664 507 1786 560 Ἐκ-
1817 513 1861 568 Α

1817 506 2102 573 Αῐεσετίι,
2154 510 2500 565 anathemate
2559 508 2708 575 fet-it,
2769 519 3024 581 tanquam
3089 525 3467 584 corrttptorem

215 598 447 668 κλησίας
491 598 678 651 πίστιν
723 599 818 651 καὶ
853 599 1190 653 κατάστασιν
1235 600 1656 670 λυμαινόμενον,
1697 603 1792 654 καὶ

214 689 659 760 βλασφημείσθω
705 692 910 761 ταύτην
966 690 1463 759 παρασκευάζοντα
1504 693 1641 762 πρὸς
1683 694 1793 744 τῶν

209 780 314 848 τῆς
373 781 638 849 ἀληθείας
673 780 905 847 ὲιθρῶν.
944 781 1164 850 Πρῶτον
1216 781 1314 850 μὲν
1359 780 1467 851 γάρ
1510 797 1794 850 παραγγε-

209 872 353 935 λίαις
408 872 702 942 πειρᾶσθαι
735 873 818 925 δεί
872 873 999 934 τοὺς
1045 872 1120 924 τὰ
1171 873 1450 941 σχίσματα
1499 871 1793 934 ποιοῦντας

207 965 514 1030 ἐπανάγειν
547 963 684 1033 πρὸς
728 966 829 1032 τὴν
855 963 1115 1033 ὁμόνοιαν
1141 980 1154 993 ν
1190 964 1266 1034 μὴ
1317 963 1679 1032 πειθομένους
1711 963 1792 1028 at,

208 1057 502 1125 καθαιρεῖν
525 1057 558 1126 ἦ
584 1056 871 1126 ἀφορίζειν
897 1071 910 1084 ’
935 1055 988 1109 σί
1008 1055 1066 1108 δὲ
1090 1057 1184 1108 καὶ
1205 1054 1351 1108 οὕτω
1378 1056 1588 1125 μένοιεν
1616 1055 1792 1108 ἀπαυ-

206 1149 619 1219 θαδιαζόμενοι,
650 1151 743 1202 καὶ
771 1149 1177 1213 στασιάζοντες,
1214 1149 1532 1202 ὑποτιθέναι
1564 1148 1792 1211 τούτους

201 1240 288 1310 τῷ
323 1242 647 1308 ἀναθὲματι,
679 1242 772 1294 καὶ
801 1240 876 1303 ὠς
909 1242 1183 1312 σεσηπότα
1221 1241 1358 1311 μέλη
1389 1240 1485 1293 τοῦ
1516 1241 1792 1308 ὑγιαίνον-

205 1352 298 1395 τος
335 1335 590 1402 σώματος
622 1334 720 1403 τῆς
765 1333 1090 1403 Ἐκκλησίας
1130 1335 1442 1402 ἐκτέμνειν.

278 1428 361 1480 Τὰ
391 1427 536 1480 αὐτὰ
585 1430 678 1480 καὶ
723 1428 751 1478 ὁ
787 1433 852 1478 ια’
903 1428 1305 1494 ἀποφαίνεταιο
1353 1426 1457 1478 Τὸν
1509 1443 1791 1495 καταγνω-

205 1521 408 1572 σθέντα
439 1522 576 1591 πρὸς
624 1519 718 1573 τοῦ
757 1522 889 1574 ἰδίου
925 1523 1230 1574 ἐπισκόπου
1283 1521 1679 1591 πρεσὸίιτερον,
1712 1522 1787 1585 ὼς

206 1612 284 1681 μὴ
319 1613 502 1674 καλῶς
534 1613 778 1682 βιοῦντα,
810 1614 1208 1684 προσαγγεῖλαι
1237 1614 1318 1666 δεῖ
1355 1617 1465 1677 τοῖς
1511 1615 1787 1682 γειτνιῶσι

201 1706 315 1755 τῶν
343 1706 680 1769 ὲπισκόπων,
710 1704 786 1765 ὼς
820 1705 884 1757 ἂν
930 1705 1000 1757 δι’
1033 1704 1262 1757 ἐκείνων
1293 1705 1369 1774 τῷ
1413 1705 1530 1775 ἰδίῳ
1574 1705 1789 1758 διαλλα-

203 1799 360 1866 γείη·
400 1800 450 1848 εξ
481 1798 538 1850 (Σὲ
567 1797 886 1864 φυσιωθεὶς,
916 1798 1278 1867 ἀποσχισθείη
1312 1797 1414 1866 μὲν
1439 1798 1532 1851 τοῦ
1564 1797 1787 1851 ἐπισκό-

201 1909 330 1952 που,
361 1891 469 1962 ἰδία
494 1890 548 1941 δὲ
583 1893 886 1962 ἱερουργεῖν
920 1891 1232 1960 βουληθείη,
1259 1892 1321 1943 οὐ
1356 1892 1517 1961 μόνον
1543 1893 1633 1944 τὸν
1665 1893 1793 1945 ἴδιον

196 1984 463 2039 ἀπολέσει
493 1982 720 2052 βαθμὸν,
758 1983 898 2037 ἀλλὰ
927 1985 1024 2038 καὶ
1050 1983 1303 2050 ἀνάθεμα
1334 1984 1508 2038 ἔσται.
1549 1985 1670 2054 Χρὴ
1696 1985 1751 2037 δὲ
1773 2025 1788 2048 ,

201 2080 361 2142 φησι,
401 2079 646 2138 σκοπεῖν,
685 2076 759 2144 μὴ
793 2076 901 2147 ἀρα
932 2077 1158 2139 δικαίως
1187 2076 1279 2128 τὸν
1317 2076 1448 2129 ἴδιον
1492 2078 1794 2129 ἐπίσκοπον

200 2174 228 2221 ὁ
260 2171 525 2239 κληρικὶς
561 2170 868 2240 αἱτιῴτο,ῆ
916 2170 1209 2223 ἀδικοῦντα
1255 2170 1476 2240 βλέπων
1530 2173 1716 2236 αὑτὸν,
1758 2174 1790 2242 ἢ

199 2265 277 2331 τῷ
307 2264 458 2332 ὀρθῷ
500 2263 922 2331 ἐναντιούμενον
954 2264 1209 2332 δόγματι,
1248 2267 1341 2316 καὶ
1369 2265 1469 2316 οὐκ
1501 2263 1606 2330 ἔξω
1632 2265 1715 2333 λόγ
1731 2282 1793 2318 ου

201 2358 300 2427 τὴν
335 2357 504 2410 αὑτοῦ
532 2358 818 2409 κοινωνίαν
851 2354 1112 2408 ἐκκλίνοι.

279 2537 445 2607 Ζήτει
472 2535 531 2587 ἒν
564 2550 643 2604 τῳ
676 2534 721 2604 β’
766 2551 892 2602 κεφ.
938 2532 1034 2585 τοῦ
1085 2534 1129 2584 Δ
1167 2534 1432 2604 στοιχείου
1483 2535 1684 2590 κανόνα
1715 2537 1792 2603 λγσ

203 2633 304 2700 τῆς
336 2633 394 2682 ὲν
416 2626 711 2698 Λαοδικείᾳ.
746 2626 990 2689 συνόδου,
1017 2626 1114 2679 καὶ
1142 2627 1200 2678 τὸ
1225 2632 1273 2679 κ’
1301 2628 1598 2696 κεφάλαιον
1622 2630 1717 2683 τοῦ
1747 2631 1795 2684 Κ

207 2726 504 2796 στοιχείου.

288 2820 358 2871 Ἥ
413 2819 473 2872 δὲ
539 2815 880 2887 πολύστομος
928 2818 1028 2887 τῆς
1069 2815 1401 2887 Ἐκκλησίας
1460 2815 1720 2884 σάλπιγξ,
1767 2817 1797 2868 δ

210 2912 488 2978 μακάριος
519 2909 714 2979 τῳόντι
747 2909 1161 2979 Χρυσόστομος,
1189 2909 1298 2979 τὴν
1325 2907 1464 2980 πρὸς
1513 2907 1796 2976 Ἐφεσίους

210 3001 539 3073 ἑρμηνεύων
591 3000 933 3072 Ἐπιστολὴν,
980 3004 1080 3055 κάν
1117 3001 1194 3073 τῷ
1244 3007 1314 3055 ια’
1345 3001 1444 3070 τῆς
1499 3001 1796 3072 ἑρμηνείας

210 3094 381 3164 λόγῳ,
414 3093 683 3162 περὶτῶν
719 3095 788 3147 τὰ
825 3095 1102 3165 σχίσματα
1142 3093 1447 3148 ποιούντων
1477 3094 1795 3165 διαλεγόμε-

1896 599 2020 654 tidei
2052 609 2214 670 atque
2243 602 2649 659 constitutionis
2691 605 3098 669 ecclesiasticae.
3129 617 3183 662 et
3236 609 3466 665 studen-

1895 701 2002 746 tem
2034 693 2180 746 illam
2213 696 2544 763 contemptui
2572 712 2848 767 exponere
2907 699 3146 754 hostium
3201 703 3468 758 veritatis.

1895 781 2137 836 Primum
2176 785 2395 853 quidem
2440 787 2913 845 esbortationibus
2940 807 3078 861 opus
3123 802 3226 856 est,
3261 804 3319 848 ut
3373 810 3470 849 co-

1893 888 2087 927 nemur
2121 875 2288 931 hosce
2319 877 2410 946 qui
2468 877 2634 950 335
2680 881 2997 947 schismata,
3050 883 3258 939 faciunt
3313 888 3474 942 redu-

1895 980 2022 1020 cere
2074 967 2141 1029 ad
2193 969 2656 1038 conformitatem,
2715 974 3087 1032 inobedientcs
3145 987 3321 1033 tamen
3378 995 3472 1035 aut

1893 1057 2189 1127 deponere,
2240 1070 2335 1115 aut
2396 1066 2892 1120 excommunicare.
2931 1066 3027 1122 Sin
3099 1086 3224 1125 vero
3291 1073 3470 1127 adhuc

1895 1153 2291 1218 permanserint
2344 1155 2626 1220 obstinati,
2669 1173 2732 1212 ac
2791 1160 3110 1216 seditionem
3167 1177 3466 1227 moventes.

1893 1243 2222 1296 anathemati
2258 1243 2404 1312 ipsos
2456 1247 2750 1314 subjicere,
2808 1259 2862 1304 et
2917 1259 3176 1320 tanquam
3226 1256 3467 1310 membra

1891 1345 2148 1400 corrupta
2197 1350 2228 1389 e
2253 1351 2485 1406 corpore
2525 1339 2784 1395 Ecclesiae
2818 1343 3156 1398 rescindere.

1965 1423 2162 1478 Eadem
2210 1428 2371 1482 etiam
2424 1435 2620 1486 asse-rit
2649 1442 2702 1486 et
2757 1433 2810 1486 ll
2846 1448 3020 1489 canon
3049 1455 3063 1491 :
3090 1435 3470 1506 Presbyterum

1891 1531 1920 1566 a
1973 1531 2074 1570 suo
2121 1518 2382 1589 episcopo
2427 1521 2772 1587 damnatum,
2827 1535 3083 1595 tanquam
3110 1531 3252 1585 male
3283 1532 3474 1586 viven-

1896 1616 2027 1672 tt-m,
2095 1609 2418 1666 denuntiare
2481 1624 2698 1681 Oportet
2761 1617 3034 1688 episcopis
3107 1621 3342 1686 vicinis,
3414 1633 3474 1678 ut

1889 1714 2076 1752 torum
2155 1703 2328 1770 gratia
2384 1721 2485 1757 suo
2556 1707 2816 1778 episeopo
2887 1712 3293 1770 reconcilietur.
3375 1715 3471 1772 Sin

1898 1806 2025 1845 vero
2073 1795 2326 1858 superbia
2357 1797 2530 1851 elatus
2567 1813 2683 1851 sese
2714 1810 2931 1869 separet
2984 1802 3054 1857 ab
3111 1806 3385 1876 episcopo,
3411 1819 3466 1862 et

1901 1886 2154 1953 privatim
2196 1888 2475 1944 celebrare
2504 1892 2652 1955 velit,
2701 1909 2807 1946 non
2837 1895 3014 1949 solum
3047 1899 3274 1967 gradum
3305 1916 3464 1955 suum

1899 1977 2132 2043 amittet,
2171 1981 2264 2036 Sed
2298 1981 2461 2035 etiam
2493 1986 2781 2038 anathema
2818 1988 2943 2042 erit.
3002 1990 3229 2059 Oportet
3280 2003 3464 2048 autem

1897 2067 2190 2139 dispicere,
2268 2072 2366 2132 ait.
2427 2090 2557 2127 num
2642 2077 2837 2132 merito
2918 2079 3236 2150 episcopum
3313 2100 3475 2139 suum

1899 2161 2135 2216 clericus
2165 2174 2402 2229 accuset,
2436 2167 2684 2221 videlicet
2737 2179 2831 2222 aut
2885 2171 3088 2240 injuste
3153 2174 3474 2239 facientem,

1899 2266 1994 2309 aut
2032 2265 2222 2310 contra
2278 2267 2476 2312 rectam
2522 2260 2826 2316 doctrinam
2883 2276 3218 2334 pugnantem
3259 2270 3471 2336 viderit,

1898 2355 1951 2401 et
2007 2363 2115 2401 non
2147 2349 2264 2402 sine
2296 2351 2504 2404 ratione
2555 2355 3003 2408 communionem
3031 2355 3148 2425 ejus
3192 2356 3473 2413 declinan-

1906 2450 2035 2494 tem.

1969 2531 2161 2596 Quaere
2199 2531 2252 2585 in
2287 2546 2404 2601 cap.
2451 2531 2486 2585 ἓ
2521 2533 2600 2587 Iit.
2654 2535 2694 2587 A
2747 2550 2872 2590 can.
2903 2536 2974 2592 53
3024 2540 3215 2608 synodi
3281 2538 3477 2596 Laodi-

1899 2638 2072 2688 cenae,
2123 2633 2176 2677 ct
2229 2641 2349 2694 cap.
2397 2624 2579 2680 201it.
2617 2626 2679 2682 li.

1971 2808 2257 2864 Multisoua
2293 2820 2471 2873 autem
2513 2813 2770 2869 Ecclesia:
2816 2816 2944 2870 tuba
3013 2828 3068 2874 et
3115 2834 3242 2875 vere
3307 2821 3481 2891 Chry-

1900 2915 2196 2965 sostomus,
2251 2902 2546 2971 Epistolam
2602 2905 2668 2959 ad
2735 2908 3002 2976 Ephesios
3066 2914 3372 2980 explicans,
3421 2926 3478 2969 et

1903 2997 1954 3049 in
2031 2998 2082 3050 ll
2160 2997 2529 3064 Expositionis
2618 3017 2732 3054 suae
2817 3019 3068 3059 sermone
3120 3009 3187 3061 de
3240 3008 3305 3061 iis
3381 3010 3476 3076 qui

1900 3088 2190 3142 schismata
2253 3089 2458 3145 faciunt
2530 3093 2830 3159 disserens,
2914 3095 3003 3148 Vir
3052 3099 3273 3167 quidam
3354 3118 3479 3155 san—

210 3205 330 3251 νος,
375 3188 540 3258 Ἀνήρ
601 3203 686 3250 τις
749 3186 932 3254 ἅγιος,
992 3191 1184 3258 φησὶν,
1247 3188 1493 3259 εῐρηκεν,
1542 3188 1623 3242 ὅτι
1669 3185 1864 3242 οὑδὲῦ

1821 3185 1864 3242 C
1897 3190 2039 3246 ctus,
2080 3182 2278 3251 inquit.
2339 3199 2515 3253 neque
2594 3188 2833 3256 martyrii
2905 3193 3224 3259 sanguinem
3277 3208 3473 3259 pecca-

213 3280 525 3350 μαρτυρίου
578 3276 716 3348 αἷμα
745 3277 1054 3347 ἐξαλείφειν
1104 3278 1330 3331 δύναται
1370 3280 1470 3349 τὴν
1518 3279 1798 3348 ἁμαρτίαν

1901 3284 2016 3329 tum
2050 3273 2182 3327 illud
2229 3275 2437 3331 diluere
2493 3293 2652 3345 posse
2730 3282 2886 3336 dixit.
2943 3281 3004 3335 Et
3058 3284 3115 3338 in
3178 3286 3356 3354 capite
3409 3287 3478 3341 65

208 3373 445 3442 ταύτην.
489 3372 577 3424 Ἐν
605 3371 661 3422 δὲ
691 3369 768 3440 τῷ
801 3367 870 3435 ξε¹
903 3370 1004 3438 τῆς
1030 3370 1200 3438 αὐτῆς
1236 3370 1549 3439 κεφαλαίῳ,
1581 3371 1676 3422 τοῦ
1716 3371 1799 3432 είς

1900 3365 2146 3433 ejusdem
2216 3365 2601 3436 ExpOsitionis,
2671 3372 2966 3427 Ecclesiam
3031 3378 3283 3432 scindere
3340 3380 3478 3434 nihil

211 3467 432 3536 αἰρεσιν
474 3466 759 3533 ἐμπεσεῖν,
793 3465 854 3515 τὸ
882 3464 980 3531 τὴν
1029 3462 1362 3532 Ἐκκλησίαν
1395 3463 1601 3533 σχίσαι,
1642 3462 1796 3515 οὐδὲν

1901 3459 2083 3509 minus
2118 3457 2317 3511 malum
2353 3470 2575 3527 praestat
2607 3478 2767 3532 quam
2818 3464 2871 3517 in
2909 3466 3140 3521 ltzrresin
3169 3469 3300 3523 labi.
3331 3470 3479 3525 Nihil

208 3558 444 3610 ὶλαττον
477 3554 646 3608 κακὸν
677 3554 952 3608 δείκνυσιν
978 3571 993 3586 ο
1023 3554 1180 3607 οὐδὲν
1202 3555 1259 3606 δὲ
1286 3549 1399 3608 οἷον
1428 3556 1523 3610 καὶ
1550 3554 1649 3628 τὴν
1674 3556 1800 3607 ἑπι-

1897 3545 2062 3599 etiam
2123 3558 2269 3603 vetat
2317 3553 2613 3618 quominus
2667 3558 3102 3624 prmcedeutibus
3153 3561 3480 3629 adjiciamus

215 3649 416 3720 στολὴν
455 3647 752 3718 ἐνάριθμον
778 3647 950 3699 θεῖναι
979 3649 1090 3710 τοῖς
1117 3646 1380 3714 φθάσασι,
1411 3645 1508 3700 τοῦ
1535 3648 1593 3698 ιν
1617 3647 1795 3716 ἁγίοις

209 3739 497 3794 Διονυσίου
544 3738 951 3808 ’Δλεξανδρείας
983 3739 1077 3793 καὶ
1113 3739 1410 3808 μάρτυρος,
1434 3740 1501 3809 ἦν
1538 3740 1679 3810 πρὸς
1704 3740 1796 3794 τὸν

209 3836 472 3888 Ναυάτον
504 3833 784 3901 πέπομφε,
831 3831 1051 3902 Ῥώμης
1091 3831 1220 3884 ὄντα
1255 3831 1650 3902 πρεσϐύτερον.

223 3953 560 4015 Ἐπιστολὴ
615 3949 938 4003 Διονυσίου
987 3949 1139 4014 πρὸς
1189 3947 1500 4012 Ναυάτογ,
1568 3949 1797 4018 Ῥώμης

801 4023 1228 4087 πρεσϐύτερον.

284 4113 568 4174 Διονύσιος
601 4110 839 4180 Ναυάτῳ
886 4110 1101 4180 ἀδελφῴ
1149 4111 1381 4180 χαίρειν.
1416 4113 1476 4163 Ei
1521 4112 1691 4174 ἄκων,
1721 4111 1799 4172 ὼς

216 4205 347 4274 φὴς,
391 4204 589 4274 ἦχθης,
639 4203 856 4268 δείξεις,
915 4201 1012 4254 ἐὰν
1058 4203 1422 4274 ἀναχωρήσῃς
1459 4205 1645 4270 ,ὲκώνο
1689 4203 1802 4255 ἔδει

217 4302 319 4368 μὲν
350 4299 464 4365 γὰρ
497 4298 588 4347 καὶ
620 4298 728 4348 πᾶν
762 4293 944 4346 ὁτιοῦν
982 4295 1179 4346 παθεῖν
1205 4295 1349 4365 ὑπὲρ
1376 4294 1470 4346 τοῦ
1505 4296 1581 4364 μὴ
1609 4296 1796 4346 διακό-

208 4395 310 4461 ψαι
343 4392 446 4461 τὴν
481 4389 809 4458 Ἐκκλησίαν
830 4388 925 4439 τοῦ
957 4387 1093 4440 Θεοῦ
1121 4402 1134 4416 ’
1170 4389 1263 4439 καὶ
1285 4382 1353 4457 ἦν
1375 4388 1473 4438 οὐκ
1503 4385 1796 4454 ἀδοξοτὲρα

210 4487 310 4552 τῆς
370 4483 560 4534 ἕνεκεν
604 4480 700 4532 τοῦ
754 4480 828 4549 μὴ
881 4478 1345 4546 εἰδωλολατρῆσαι
1398 4478 1710 4547 γινομένηςι
1763 4478 1796 4544 ἡ

1901 3636 2199 3705 Epistulam
2233 3640 2373 3692 beati
2414 3639 2652 3711 Dionysii
2702 3647 2944 3717 eplscOpi
3011 3650 3364 3707 Alexandrini
3415 3669 3482 3709 ac

1908 3731 2188 3800 martyris,
2245 3746 2410 3800 quam
2464 3738 2529 3787 ad
2567 3735 2835 3795 Novatum
2869 3742 3054 3798 Romae
3096 3746 3479 3816 presbyterum

1903 3820 2074 3875 misit.

1975 3932 2219 4006 Epistola
2316 3942 2566 4022 Dionysii
2626 3944 2696 3996 ad
2784 3944 3048 4001 Novatum
3121 3950 3480 4022 presbyterum

2434 4014 2757 4068 Romanum.

1973 4111 2263 4182 Dionysius
2293 4109 2499 4165 Novato
2543 4110 2698 4164 fratri
2743 4111 2998 4166 salutem.
3032 4111 3088 4166 Si
3129 4113 3290 4168 modo
3331 4131 3476 4184 aegre

1901 4205 2094 4267 tulisti,
2120 4212 2178 4256 ut
2202 4203 2362 4268 dicis,
2394 4204 2820 4271 promutionem,
2856 4213 3048 4272 Sponte
3085 4208 3390 4260 recedendo
3424 4209 3477 4260 id

1901 4296 2080 4366 ipsum
2109 4293 2383 4348 ostendes.
2415 4293 2670 4361 Oportuit
2720 4295 2864 4345 enim
2910 4303 2963 4346 et
3015 4295 3248 4360 quodvis
3297 4309 3480 4364 potius

1904 4387 2132 4455 perpeti,
2173 4400 2336 4454 quam
2373 4385 2681 4438 discindere
2721 4383 3020 4438 Ecclesium
3075 4385 3165 4439 Dei
3215 4407 3228 4441 :
3300 4405 3477 4456 neque

1902 4479 2084 4530 minus
2119 4477 2415 4544 gloriosum
2451 4474 2550 4530 fuit
2576 4473 2898 4544 martyrium
2923 4484 3142 4544 propter
3161 4477 3476 4532 evitandum

208 4578 406 4628 ἕνεκεν
440 4573 538 4626 τοῦ
573 4573 649 4642 μὴ
710 4572 894 4641 σχίσαι
935 4571 1237 4640 μαρτυρία,
1280 4569 1400 4622 κατ’
1450 4570 1554 4638 ἐμὲ
1601 4570 1658 4622 δὲ
1702 4572 1796 4622 καὶ
1825 4562 1876 4620 D

1825 4562 2169 4631 Dscltisma,
2227 4583 2389 4637 quam
2427 4567 2632 4619 cultum
2671 4566 2965 4629 idolorum,
3031 4567 3139 4621 imo
3191 4584 3310 4623 meo
3359 4571 3479 4638 qui-

216 4668 462 4737 μείζων·
514 4667 630 4718 ἐκεί
683 4664 783 4731 μὲν
817 4662 926 4731 γὰρ
972 4661 1112 4731 ὑπὲρ
1166 4663 1296 4730 μιᾶς
1331 4676 1415 4720 τις
1444 4662 1542 4729 τῆς
1599 4657 1794 4710 ἑαυτοῦ

212 4759 428 4829 ψυχῆς,
459 4755 699 4811 ἐνταῦθα
738 4756 794 4807 δὲ
825 4755 964 4826 ὑπὲρ
988 4755 1116 4822 ὃλης
1151 4753 1252 4823 τῆς
1287 4751 1617 4822 Ἐκκλησίας
1652 4768 1796 4820 μαρ-

213 4855 374 4922 τυρεί
401 4868 414 4880 ’
450 4854 546 4904 καὶ
577 4849 674 4901 νῦν
695 4848 775 4913 δὲ,
813 4850 862 4901 εί
893 4848 1133 4910 πείσαιο,
1165 4848 1196 4917 ἦ
1241 4846 1464 4916 βιάσαιο
1493 4846 1620 4908 τοὺς
1648 4844 1800 4900 ἀδελ-

214 4927 358 5013 φοὺς
383 4944 461 5005 είς
487 4941 740 5010 ὁμόνοιαν
764 4941 961 5003 ὲλθεῖν,
995 4939 1195 5006 μείζων
1221 4939 1372 4991 ἐσται
1405 4953 1486 4989 σοι
1510 4936 1603 4989 τοῦ
1635 4934 1801 5002 σφάλ-

221 5052 393 5104 ματος
433 5034 494 5084 τὸ
530 5030 867 5102 κατόρθωμα
896 5047 910 5060 ·
948 5033 1044 5086 καὶ
1072 5030 1131 5081 τὸ
1163 5029 1264 5098 μὲν
1302 5029 1363 5080 ού
1393 5026 1798 5096 λογισθήσεται,

215 5127 280 5177 τὸ
310 5125 369 5178 δὲ
405 5121 836 5192 ἐπαινεθήσεται
863 5137 876 5151 ·
910 5123 958 5174 εί
983 5120 1038 5174 δὲ
1069 5118 1468 5180 ἀπειθούντων,
1494 5118 1798 5177 ἀδυνατεῖς,

220 5219 420 5279 σώζων
473 5215 617 5279 σῶζε
663 5215 766 5283 τὴν
822 5212 1054 5266 σεαυτοῦ
1107 5211 1310 5281 ψυχήν.
1377 5209 1685 5282 Ἐῥρῶσθαί
1740 5224 1801 5259 σε

218 5309 490 5376 ἐχόμενον
523 5307 622 5376 τῆς
657 5307 906 5377 εἰρήνης,
937 5306 998 5358 ἐν
1024 5305 1214 5374 Κυρίῳ
1247 5302 1501 5373 εὖχομαι.

581 5484 770 5537 ΑΡΧΗ
810 5486 947 5536 ΤΟΥ
974 5485 1016 5536 Τ
1054 5483 1447 5536 ΣΤΟΙΧΕΙΟΥ.

291 5582 545 5635 ΚΕΦΑΛ.
579 5585 658 5632 A'.
685 5580 823 5644 Περὶ
857 5578 964 5643 τῆς
1009 5577 1230 5642 τάξεως
1260 5575 1378 5628 τῶν
1409 5573 1730 5641 κληρικὼν.

297 5679 459 5744 Ζήτει
489 5675 551 5726 τὸ
581 5670 622 5723 δ’
653 5672 951 5738 κεφάλαιον
980 5670 1072 5722 τοῦ
1104 5675 1140 5721 Δ
1180 5668 1466 5737 στοιχείου.

306 5773 363 5823 '0
393 5771 448 5820 δὲ
483 5772 573 5829 νς⁸
602 5764 706 5833 τῆς
754 5769 811 5815 ὲν
856 5763 1147 5832 Λαοδικείᾳ
1205 5761 1423 5814 συνόδου
1475 5760 1653 5815 κανὼν
1708 5758 1803 5811 τοῦ

225 5866 533 5923 ἐπισκόπου
563 5865 665 5932 τὴν
693 5860 896 5913 εἴσοδον
924 5859 1017 5909 ἐπὶ
1048 5857 1106 5910 τὸ
1131 5857 1520 5927 θυσιαστήρςον
1551 5856 1807 5924 ποιουμέ-

506 5957 787 6017 Ps'rttCL.
817 5953 932 6012 Gn.
966 5952 1185 6014 CXLV.

1903 4660 2028 4714 dem
2067 4659 2269 4729 judicio
2321 4656 2515 4728 magis.
2558 4658 2674 4712 Illic
2723 4659 2868 4712 enim
2923 4667 3143 4728 propter
3189 4660 3272 4714 sui
3302 4660 3479 4727 ipsius

1902 4755 2139 4806 animam
2201 4753 2396 4814 solam,
2462 4752 2549 4805 hie
2605 4761 2827 4819 prOpter
2920 4760 3088 4805 totam
3173 4752 3477 4808 Ecclesiam

1903 4844 2227 4914 martyrium
2273 4843 2411 4897 obit.
2461 4841 2578 4896 Jam
2638 4856 2767 4897 vero
2851 4843 2894 4897 si
2971 4846 3312 4912 persuaseris
3389 4856 3482 4901 aut

1904 4936 2150 5006 coegeris
2196 4934 2392 4989 fratres
2439 4936 2492 4990 in
2545 4935 2891 4990 concordiam
2945 4936 3281 5006 conspirare,
3341 4937 3481 4992 insi.

1907 5025 2030 5094 gnis
2082 5026 2186 5080 erit
2212 5025 2397 5080 delicti
2454 5024 2812 5080 emendatio:
2852 5035 3012 5092 atque
3068 5027 3201 5081 illud
3255 5028 3476 5096 quidem

1908 5119 2134 5171 minime
2193 5119 2570 5187 imputabitur,
2635 5121 2737 5172 hoc
2787 5128 2970 5173 autem
3017 5119 3234 5173 laudem
3299 5136 3482 5175 mere-

1909 5210 2076 5263 bitur.
2130 5208 2186 5264 Si
2267 5223 2448 5263 tamen
2504 5211 2933 5278 inobsequentes
3009 5211 3277 5266 servando
3344 5212 3480 5267 nihil

1908 5301 2114 5359 valeas,
2162 5309 2311 5352 tuam
2369 5302 2602 5352 animum
2660 5316 2837 5353 serva.
2876 5300 3021 5354 Bene
3065 5311 3139 5366 te,
3179 5309 3235 5355 ut
3285 5316 3477 5370 pacem

1913 5391 2136 5453 retines,
2177 5391 2359 5444 Valere
2403 5399 2601 5455 empto
2647 5391 2701 5443 in
2738 5389 2976 5444 Christo.

2226 5481 2388 5550 235
2439 5481 2700 5535 IMTIUM
2752 5482 3074 5537 LITTERAS
3122 5482 3186 5536 T.

2218 5572 2370 5626 CAP.
2417 5572 2458 5627 1.
2501 5573 2576 5626 De
2609 5574 2790 5628 ordine
2827 5576 3164 5628 clericorum.

1980 5662 2175 5728 Quaere
2202 5679 2303 5733 cap
2333 5666 2364 5717 5
2398 5667 2500 5719 litt.
2535 5668 2595 5719 Δ.

1985 5759 2172 5812 Canon
2206 5772 2384 5812 autem
2412 5760 2478 5813 56
2506 5761 2694 5830 synodi
2726 5760 3067 5824 Laodicenae,
3119 5758 3337 5829 quando
3367 5761 3485 5824 epi»

1914 5867 2122 5923 scopus
2140 5851 2207 5905 ad
2243 5855 2412 5907 altare
2444 5855 2702 5908 accedere
2735 5855 2869 5916 vult,
2895 5856 3119 5909 minime
3153 5854 3317 5910 licere
3345 5851 3493 5921 judio

2965 5948 3003 6006 5
