4252 6424
797 367 895 431 139

1975 368 2339 429 ΜΑΤΤΗιΕΙ
2381 367 2801 428 BLASTARIS

3939 370 4044 436 ιιι

788 494 875 532 eat
904 481 1232 552 presbyteris
1265 496 1666 553 praeoccupare,
1699 491 1862 550 atque
1886 483 2238 537 introeuntes
2270 497 2360 536 se-
2388 497 2437 553 Α

2337 510 2360 522 -
2388 497 2437 553 Α
2467 498 2581 546 νου,
2619 482 2693 551 μὴ
2723 481 2923 546 ἐξεῖναι
2953 480 3165 534 κελεύει
3193 480 3306 543 τοῖς
3339 479 3743 552 πρεσϐυτέροις
3792 482 4015 554 προλαμ

789 570 885 625 des
931 586 1251 639 capessere,
1307 581 1359 626 et
1421 573 1734 641 epiSt-opum
1798 572 1975 625 solum
2033 573 2359 641 relinquere.

788 661 922 714 Illud
955 665 1099 715 enim
1136 679 1240 716 non
1275 673 1483 716 tantum
1517 663 1734 719 decoris
1766 664 1970 729 violati,
2027 664 2120 718 sed
2147 674 2199 716 et
2225 680 2360 719 con-

794 765 1032 824 teniptus
1062 756 1301 825 episcopi
1332 765 1709 823 argumentum
1742 767 1825 810 est
1857 774 1870 810 :
1902 756 1995 812 sed
2028 755 2210 824 patius
2256 772 2359 811 una

787 863 909 901 cum
945 850 1203 919 episcOpo
1255 849 1459 916 ingredi
1492 850 1627 913 vult,
1674 850 1779 904 nisi
1834 850 1960 920 quis
1986 864 2220 919 corpore
2260 850 2356 902 mi-

792 955 897 992 nus
955 941 1150 1006 valeat,
1185 949 1239 995 et
1283 940 1463 996 standi
1498 956 1705 996 moram
1743 941 1986 1010 perferre
2041 942 2356 1012 neutiquam

789 1031 980 1098 possit.

1211 1125 1365 1180 CAP.
1420 1126 1478 1179 ΙΙ.
1525 1127 1596 1180 De
1647 1127 1936 1195 sepultura.

1476 1217 1656 1288 Leges.

857 1309 1101 1378 Sepelire
1133 1309 1273 1363 haud
1304 1309 1383 1364 las
1419 1319 1522 1375 est,
1553 1311 1642 1364 ubi
1677 1319 1892 1365 constat
1920 1323 2121 1381 corpus
2150 1319 2352 1380 marty-

786 1401 862 1453 ris
899 1401 1102 1465 jacere.

857 1491 1024 1544 Nemo
1045 1493 1333 1561 quisquam
1355 1492 1421 1546 de
1447 1493 1713 1563 sepulcris
1738 1495 2016 1548 materiem
2042 1509 2348 1563 quamcun-

783 1600 888 1650 que
919 1585 982 1636 ad
1021 1585 1178 1636 aliam
1215 1584 1433 1637 domum
1469 1586 1854 1641 exstruendam
1891 1585 2122 1639 auferat.

854 1674 1098 1728 Cadaver
1126 1677 1362 1729 hominis
1410 1677 1542 1730 (ill‘a
1580 1679 1892 1732 mandatum
1939 1677 2072 1747 Imp.
2105 1691 2264 1732 nemo
2292 1678 2347 1733 in

783 1765 959 1818 lucum
996 1768 1162 1819 alium
1199 1768 1513 1824 transferat.

851 1857 1044 1922 Quaere
1075 1869 1126 1911 et
1165 1859 1215 1911 in
1259 1877 1381 1929 cap.
1419 1861 1482 1914 15
1521 1861 1626 1916 litt.
1656 1860 1728 1913 Μ.

782 1967 932 2020 (ΔΡ.
976 1969 1060 2022 ΙΙΙ·.
1103 1969 1250 2034 Quod
1305 1982 1538 2025 mortuos
1594 1974 1867 2040 baptizare
1918 1976 2132 2028 minime
2171 1973 2343 2038 liceat,

819 2055 978 2108 neque
1013 2057 1190 2092 eorum
1222 2041 1563 2096 cadaveribus
1595 2061 1748 2097 sacra
1781 2047 2031 2114 mysteria
2055 2044 2306 2116 pra'bere.

849 2197 1040 2260 Quaere
1078 2212 1200 2270 cap.
1231 2196 1302 2250 96
1335 2199 1436 2252 litt.
1474 2199 1539 2253 K.

1087 2309 1239 2364 CAP.
1279 2310 1366 2364 IV.
1409 2311 1481 2363 De
1531 2313 1844 2366 clericorum
1881 2314 2032 2382 ﬁliis.

848 2402 1033 2456 Canon
1082 2403 1150 2456 55
1186 2404 1402 2457 concilii
1442 2405 1890 2471 Cartliaginensis
1931 2407 2154 2461 minime
2179 2423 2344 2477 Opor-

782 2505 895 2548 lere
929 2494 1209 2546 existimat
1259 2495 1543 2562 episcopos
1599 2511 1662 2548 ac
1709 2495 1942 2550 clericos
1974 2496 2130 2551 facile
2165 2499 2346 2552 liberis

779 2593 894 2640 Stl‘s
925 2595 1242 2654 potestatem
1277 2585 1361 2639 sui
1402 2589 1732 2653 concedere,
1757 2588 1856 2640 nisi
1889 2603 1982 2656 per
2009 2596 2222 2641 aetatem
2253 2598 2345 2642 aut

781 2698 992 2732 morum
1019 2680 1339 2748 probitatem
1376 2679 1534 2732 ﬁdem
1567 2688 1772 2734 certam
1810 2679 2062 2745 fecerint,
2096 2696 2257 2750 posse
2286 2697 2346 2735 se

778 2772 1167 2824 convenienter
1223 2784 1285 2823 ae
1342 2771 1563 2839 provide
1619 2786 1708 2825 res
1760 2786 1887 2827 suas
1937 2772 2341 2826 administrare.

781 2868 956 2917 beeus
986 2863 1131 2916 enim
1184 2869 1239 2915 et
1293 2862 1391 2932 ipsi
1425 2862 1718 2918 liberorum
1757 2878 1980 2918 suorum
2016 2865 2341 2919 criminibus

777 2955 998 3008 obnoxii
1049 2963 1228 3007 erunt.

1469 3045 1626 3116 Leges
1638 3085 1650 3098 .

834 3138 1018 3205 .l.eges
1062 3146 1242 3190 autem
1297 3144 1554 3189 statuunt
1607 3136 1916 3190 libertatem
1969 3135 2093 3190 liliis
2151 3149 2258 3189 non
2308 3148 2336 3186 ο

2466 573 2671 637 ϐἁνειν,
2705 575 2800 626 καὶ
2833 574 3256 642 εἰσερχομένους
3304 574 3568 638 καθίζειν,
3607 578 3702 631 καὶ
3748 576 3914 646 μόνον
3946 579 4038 645 ἐᾷν

2461 663 2552 714 τὸν
2583 664 2885 715 ἐπίσκοπον
2948 665 3069 732 (οὐχ
3115 664 3265 726 ὅπως
3309 663 3418 734 γὰρ
3461 662 3714 730 ἀταξίας,
3764 665 3902 718 ἁλλὰ
3949 671 4038 719 καὶ

2460 752 2556 804 τοῦ
2590 754 2942 822 περιφρονεῖν
2969 752 3060 804 τὸν
3083 753 3386 806 ἐπίσκοπον
3407 753 3567 807 τοῦτο
3589 753 3870 826 σημεῖον),
3902 757 4038 809 ἁλλὰ

2459 841 2636 911 τούτῳ
2672 845 3022 908 συνεισιέναι,
3052 843 3100 896 εἰ
3138 846 3320 916 μῄπου
3363 862 3447 907 τις
3479 847 3786 916 ἀνωμάλως
3831 850 3948 917 ἔχει
3979 848 4036 899 τὲ

2463 935 2642 1003 σῶμα,
2675 937 2771 988 καὶ
2795 933 2894 1005 τὴν
2925 935 3115 988 στάσιν
3145 935 3347 1006 Optata
3380 935 3605 990 δύναται
3640 940 3855 1008 φέρειν.

2851 1114 3104 1169 ΚΕΦΔΛ.
3131 1115 3206 1168 B'.
3233 1116 3374 1184 Περὶ
3405 1117 3622 1186 ταφῆς.

3137 1210 3345 1280 Νόμοι.

2528 1299 2643 1351 Οὐκ
2675 1298 2850 1364 ἔξεστι
2901 1300 3135 1354 θάπτειν
3159 1301 3289 1355 ἔνθα
3314 1301 3475 1370 δῆλόν
3505 1303 3657 1357 ἐστιν
3702 1305 3787 1358 ὅτι
3819 1305 4038 1376 μάρτυ-

2457 1408 2551 1463 ρος
2582 1393 2741 1462 σῶμα
2775 1394 3090 1448 ἀπόκειται.

2524 1485 2713 1548 Οὐδεὶς
2741 1485 2848 1538 ἀπὸ
2895 1487 3005 1539 τῶν
3034 1488 3221 1557 τάφων
3265 1487 3397 1558 ὕλην
3425 1490 3549 1543 τινὰ
3590 1489 3623 1558 ἢ
3663 1490 3856 1563 ἕτερον
3891 1493 4039 1545 οἰκο-

2449 1569 2670 1642 δόμημα
2700 1576 3022 1644 μεταφέρει.

2519 1667 2731 1735 Μηδεὶς
2758 1669 2918 1737 σῶμα
2947 1669 3298 1741 ἀνθρώπινον
3319 1671 3493 1740 χωρὶς
3532 1671 3837 1735 κελεύσεως
3872 1671 4034 1741 βασι-

2450 1758 2612 1828 λικῆς
2653 1760 2734 1822 εἰς
2759 1759 2948 1830 ἕτερον
2973 1762 3138 1814 τόπον
3171 1763 3549 1833 μεταφερότω.

2378 1867 2421 1923 Β
2522 1850 2686 1919 Ζήτει
2725 1853 2817 1933 καὶ
2848 1853 2905 1905 ὲν
2934 1851 3011 1922 τῷ
3045 1861 3105 1905 ιε’
3134 1871 3260 1922 κεφ.
3283 1854 3378 1907 τοῦ
3408 1856 3462 1909 Μ
3497 1857 3788 1924 σωιχεξου.

2450 1961 2700 2034 ΚΕΦΑᾼ.
2739 1962 2812 2016 Γ¹.
2848 1964 2981 2016 ’Ὅτι
3014 1964 3151 2028 τοὺς
3202 1965 3692 2032 τελευτήσαντας
3730 1971 3874 2023 οὔτε
3912 1971 4030 2034 ,ϐα-

2520 2031 2742 2091 rte/(etv-
2773 2037 3030 2102 θεμιτὸν,
3059 2037 3200 2089 οὒτε
3224 2036 3348 2102 τοῖς
3369 2039 3650 2104 σώμασιν
3670 2031 3881 2093 αὐτῶν
3905 2031 4033 2095 κοι-

2517 2104 2739 2166 νωνιάς
2771 2105 3180 2171 μεταδιδόναι.
3779 2110 3784 2118 ’

2521 2196 2682 2264 Ζήτει
2714 2196 2773 2247 τὸ
2808 2195 2899 2261 κς¹
2934 2197 3230 2266 κεφάλαιον
3256 2200 3352 2254 τοῦ
3379 2202 3426 2255 Κ
3454 2203 3747 2272 στοιχείου.

2510 2311 2762 2363 ΚΕΦΑΛ.
2793 2312 2867 2364 Δ’.
2902 2311 3040 2378 Περὶ
3078 2312 3198 2366 τῶν
3227 2314 3456 2369 τέκνων
3487 2312 3606 2371 τῶν
3631 2316 3960 2385 κληρωτῶν.

2532 2401 2590 2454 Ὀ
2612 2401 2680 2454 λε’
2708 2407 2804 2471 τῆς
2833 2404 2890 2454 ἐν
2917 2405 3245 2478 Καρθαγένῃ
3272 2408 3489 2460 trav/soon
3517 2407 3697 2461 κανὼν
3720 2411 3821 2461 οὐκ
3847 2411 4025 2463 οἴεται

2447 2492 2559 2544 δεῖν
2584 2493 2915 2555 ἐπισκόπους
2949 2496 3043 2546 καὶ
3070 2494 3170 2562 κλη
3182 2497 3365 2563 ρικοὺς
3396 2494 3639 2565 εὐχερῶς
3664 2498 3779 2558 τοῖς
3807 2498 4027 2558 τέκνοις

2448 2583 2630 2637 αὐτῶν
2667 2583 2869 2635 διδόναι
2920 2584 2979 2635 τὸ
3011 2585 3378 2649 αὐτεξούσιον,
3407 2589 3456 2639 el
3495 2588 3571 2656 μὴ
3626 2587 3735 2640 ἀπὸ
3763 2588 3864 2657 τῆς
3904 2589 4027 2658 ἡλι-

2447 2674 2569 2734 κὲας
2607 2673 2699 2724 καὶ
2741 2675 2849 2724 τῶν
2884 2674 3102 2740 ἀγαθῶν
3151 2678 3371 2745 τρόπων
3421 2678 3564 2730 δοῖεν
3610 2680 4018 2748 πῖκηροφορίαν.

2445 2765 2526 2816 ὅτι
2552 2764 2876 2834 δυνήσονται
2904 2766 3133 2832 δεόντως
3161 2771 3256 2822 καὶ⁵
3282 2770 3522 2832 εὐλαϐῶς
3547 2772 3616 2824 τὰ
3641 2771 3764 2824 καθ’
3789 2773 4024 2834 ἑαυτοὺς

2446 2856 2753 2926 οἰκονομεῖν
2773 2873 2785 2888 ⁸
2830 2860 2876 2909 εἰ
2912 2859 2956 2910 δ’
2983 2858 3097 2923 οὖν,
3124 2860 3233 2914 τῶν
3261 2862 3680 2934 ἁμαρτημάτων
3711 2864 3892 2918 αὐτῶν
3923 2866 4025 2918 καὶ

2446 2946 2604 2998 αὐτοὶ
2638 2946 2852 3000 ἔσονται
2887 2950 3172 3019 κοινωνοῌ

3122 3042 3325 3109 Νόμοι.

2517 3128 2578 3179 οι
2605 3128 2663 3180 δὲ
2696 3129 2850 3195 νόμοι
2881 3130 3162 3184 κελεύουσι
3201 3132 3279 3202 μὴ
3311 3133 3468 3204 παρὰ
3494 3135 3660 3205 μόνου
3688 3138 3785 3190 τοῦ
3806 3139 4023 3208 τοατρδς

779 3241 927 3298 patre
985 3231 1126 3292 solo,
1166 3229 1279 3282 sive
1328 3230 1559 3282 clericus
1599 3228 1690 3292 sit,
1723 3227 1837 3282 sive
1878 3228 2087 3291 laicus,
2120 3226 2336 3292 donari,
2364 3198 2409 3254 θ
2439 3236 2458 3271 ε

2364 3198 2409 3254 c
2439 3219 2551 3272 εἴτε
2595 3221 2888 3291 κληρικοῦ,
2933 3224 3046 3275 εἴτε
3087 3223 3303 3290 λαῖκοῦ,
3354 3227 3453 3297 τὴν
3499 3228 3612 3281 τῶν
3640 3231 3845 3284 τέκνων
3887 3234 4026 3286 αὐτ-

777 3324 882 3373 msi
929 3321 1164 3385 cognitio
1193 3319 1576 3372 auctoritativa
1627 3321 1699 3371 ita
1730 3319 2006 3373 decernat.
2041 3315 2158 3371 Non
2194 3319 2338 3372 enim

777 3428 1078 3466 consensus
1135 3426 1316 3465 merus
1396 3411 1569 3480 patris
1625 3422 1810 3466 natum
1865 3411 2038 3480 patria
2077 3419 2341 3480 potestate

779 3508 970 3557 liberat
997 3502 1114 3568 ,sed
1171 3503 1409 3572 legitima
1446 3503 1608 3556 actio.

848 3676 1025 3730 Liberi
1083 3685 1262 3729 autem
1295 3675 1701 3743 episcoporum,
1736 3675 1832 3744 qui
1871 3674 2133 3744 dignitate
2159 3675 2339 3744 aliqua

778 3775 1228 3828 cohonestantur.
1266 3769 1347 3820 sui
1386 3767 1526 3835 juris
1557 3769 1712 3834 juxta
1766 3767 1913 3836 leges
1950 3769 2208 3830 evadunt,
2250 3785 2342 3821 ne-

775 3878 879 3926 que.
915 3876 1008 3928 pro
1059 3860 1164 3913 illis
1206 3870 1385 3927 patres
1419 3859 1680 3912 rationem
1717 3859 1971 3912 reddunt.
2010 3860 2148 3914 Dicit
2195 3861 2339 3914 enim

777 3955 993 4007 Now-lla
1023 3950 1312 4004 Justiniaui
1350 3951 1437 4003 8i:
1474 3950 1575 4014 Qui
1597 3951 1916 4020 dignitatem
1951 3952 2157 4021 indepti
2188 3961 2338 4018 sunt,

775 4062 839 4097 ae
887 4043 1061 4098 ollicia
1112 4043 1325 4110 publica
1361 4042 1660 4106 sustinent,
1710 4058 1823 4097 sua:
1874 4045 2156 4112 potestatis
2190 4052 2338 4108 sunt,

776 4137 1027 4205 quamvis
1075 4149 1172 4204 per
1204 4145 1415 4189 aetatem
1469 4152 1574 4189 non
1607 4144 1856 4204 oporteat
1889 4136 2036 4205 ipsos
2066 4135 2134 4190 de
2173 4150 2336 4189 manu

777 4231 948 4297 patria
985 4225 1225 4279 liberari.

843 4318 1008 4386 236
1041 4318 1242 4371 Delicta
1277 4318 1420 4370 circa
1459 4318 1716 4371 damnum
1753 4333 1873 4386 qua:
1904 4326 2219 4387 perpetrant
2247 4319 2339 4372 lilii

775 4416 877 4461 sub
939 4407 1108 4475 patria
1157 4415 1461 4474 potestate,
1514 4408 1614 4474 ipsi
1667 4419 1850 4472 patres
1904 4409 2098 4462 merito
2139 4410 2294 4462 luunt
2326 4449 2340 4470 .

2443 3311 2800 3383 εξουσιότητα
2827 3316 3097 3380 γίνεσθαι,
3126 3320 3177 3370 εἰ
3208 3319 3282 3387 μὴ
3305 3319 3401 3371 καὶ
3422 3319 3708 3392 δικαστικὴ
3726 3323 4025 3391 διάγνωσις

2441 3404 2600 3456 τοῦτο
2631 3407 2985 3474 ἐπιψηφίσειε
3013 3425 3028 3439 ⁸
3059 3413 3195 3476 φασὶ
3238 3410 3383 3478 γὰρ·
3426 3412 3502 3464 Οὐ
3539 3415 3718 3482 γυμνὴ
3761 3421 4016 3469 συναίνεο

2443 3511 2528 3557 σις
2579 3497 2674 3547 τοῦ
2708 3498 2916 3567 πατρὸς
2965 3500 3243 3570 ἐλευθεροῖ
3282 3503 3382 3575 τῆς
3422 3507 3879 3579 ὐπεξουσιότητος
3920 3513 4017 3564 τὸν

2445 3590 2632 3648 παῖδα.
2661 3590 2795 3642 ἀλλὰ
2825 3593 3056 3663 νόμιμος
3082 3596 3304 3665 πρᾶξις.

2516 3680 2577 3730 Οἱ
2607 3679 2662 3730 δὲ
2685 3669 2926 3752 ἐφὶρικίῳ
2957 3685 3287 3755 τιμηθέντες
3321 3690 3512 3754 παῖδες
3537 3693 3647 3745 τῶν
3669 3695 4014 3754 ἐπισκόπων.

2443 3768 2780 3834 οὐτεξούσιοι
2833 3774 2986 3839 παρὰ
3033 3774 3126 3826 τοῦ
3177 3775 3347 3842 νόμου
3391 3779 3663 3846 γίνονται,
3708 3784 3803 3835 καὶ
3855 3783 4018 3852 λόγον

2443 3861 2584 3931 ὑπὲρ
2621 3863 2801 3914 αὐτῶν
2829 3865 2876 3916 οἱ
2905 3866 3140 3935 πατέρες
3177 3869 3236 3922 οὐ
3264 3871 3505 3925 διδόασι·
3540 3877 3676 3945 φησὶ
3714 3877 3825 3948 γὰρ
3851 3880 3884 3948 ἡ
3925 3879 4019 3932 πι⁹

2453 3951 2880 4018 Ἰουστινιάνειος
2925 3957 3115 4026 νεαρὰ,
3151 3959 3234 4012 ὅτι
3277 3962 3483 4026 πάντες
3533 3966 3584 4017 οῖ
3621 3966 4018 4035 aurata-tusi,

2441 4044 2538 4097 καὶ
2574 4045 2623 4096 οἱ
2649 4045 2865 4114 ἔχοντες
2901 4049 3129 4116 όςρφίκια
3163 4051 3448 4120 ἄρχοντες,
3479 4056 3824 4122 αὐτεξούσια
3848 4059 4021 4111 εστωο

2443 4152 2563 4197 σαν,
2594 4138 2688 4189 καὶ
2723 4140 2771 4190 εὶ
2800 4139 2897 4208 τῆς
2931 4145 3208 4212 πατρικῆς
3242 4143 3432 4212 χειρὸς
3474 4147 3574 4200 οὐκ
3604 4148 3849 4218 ἔφθασαν
3877 4153 4018 4204 ἁπο-

2438 4225 2689 4296 λυθῆναι.

2512 4320 2632 4373 Τῶν
2665 4320 2913 4390 ψυχικῶν
2973 4323 3158 4393 μέντοι
3209 4329 3565 4398 σφαλμάτων,
3597 4333 3743 4402 ἇπερ
3768 4335 3813 4386 οἱ
3849 4335 4018 4399 ὑπεξ-

2444 4411 2615 4464 ούσιοι
2661 4411 3033 4482 ἁμαρτάνουσι
3067 4417 3280 4483 παῖδες,
3337 4421 3466 4482 ἴσως
3494 4424 3544 4474 οἱ
3579 4426 3818 4492 πατέρες
3853 4426 4016 4492 δίκην

777 4513 882 4550 non
927 4498 998 4548 ita
1029 4506 1084 4549 et
1113 4496 1362 4548 crimina.
1409 4495 1594 4564 Neque
1629 4498 1772 4551 enim
1811 4499 2113 4566 puniuntur
2158 4512 2336 4567 patres
2365 4539 2416 4597 Β
2445 4503 2456 4553 t‘

2365 4539 2416 4597 Β
2445 4501 2761 4572 ὑπέχουσιν,
2796 4506 2854 4558 οὐ
2898 4507 3004 4576 μὴν
3038 4512 3131 4563 καὶ
3174 4511 3281 4563 τῶν
3311 4513 3743 4584 ὲγκληματικῶν
3766 4535 3779 4548 °
3812 4521 3871 4572 οὐ
3903 4524 4016 4590 γὰρ

775 4598 997 4657 propter
1025 4588 1186 4653 lilios,
1224 4605 1345 4640 cum
1379 4589 1460 4641 lex
1494 4589 1696 4643 diserte
1723 4590 1907 4643 dicat:
1937 4589 2137 4645 Delicta
2172 4601 2336 4660 caput

773 4687 1099 4746 sequuntur.

772 4793 929 4846 CAP.
985 4791 1041 4844 V.
1079 4790 1153 4843 De
1187 4806 1343 4844 sacra
1375 4793 1815 4866 Quadrageaima,
1865 4806 1910 4848 et
1941 4795 2131 4848 ritibus
2167 4799 2256 4866 qui
2283 4801 2338 4851 in

1311 4879 1373 4914 ea
1400 4863 1759 4925 obseruantur.

842 4952 1035 5017 Quaere
1064 4967 1182 5021 cap.
1207 4953 1240 5006 4
1267 4954 1367 5006 litt.
1399 4951 1463 5007 N.
1552 4985 1554 4987 >

842 5045 1030 5099 Canon
1082 5054 1260 5100 autem
1294 5047 1364 5099 65
1393 5047 1589 5117 synodi
1622 5061 1788 5103 sexta:
1815 5065 1913 5105 eos
1969 5055 2063 5123 qui
2101 5066 2334 5118 veterem

774 5134 1002 5190 Romam
1061 5137 1331 5202 incolunt,
1387 5152 1576 5194 monet
1635 5157 1704 5196 ne
1757 5145 1810 5195 in
1859 5145 2113 5203 Sabbatis
2166 5165 2336 5206 sacra;

775 5228 1218 5296 Quadragesimaa
1263 5230 1535 5297 jejnnent,
1572 5243 1934 5302 przeterquam
1985 5238 2039 5291 in
2076 5255 2184 5292 uno
2219 5250 2339 5296 tan-

778 5331 918 5380 tum,
960 5334 1135 5388 eoque
1187 5337 1383 5387 magno
1426 5322 1688 5378 Snbbato.
1741 5324 1846 5380 Sed
1878 5341 2194 5398 arrogantes
2261 5334 2335 5386 illi

778 5411 1177 5477 incorrigibiles
1262 5425 1719 5479 perseverarunt,
1777 5431 1951 5486 neque
2031 5422 2338 5477 eanonibns

778 5501 1119 5569 apostolicis,
1153 5518 1326 5571 neque
1369 5505 1497 5557 huic
1548 5507 1934 5573 obsequentes,
1964 5511 2206 5579 adeoque
2239 5530 2340 5570 nec

779 5592 962 5645 clerici
995 5593 1388 5660 depositionem
1430 5607 1700 5661 metuunt,
1744 5614 1919 5667 neque
1960 5601 2081 5656 laici
2120 5619 2340 5658 excom-

774 5685 1217 5738 tnnnicationem.
1268 5684 1442 5740 Tanto
1470 5699 1648 5742 autem
1700 5694 1970 5759 turpiores
2024 5708 2334 5763 evaserunt,

779 5787 834 5828 nt
869 5791 972 5830 non
1029 5779 1202 5833 solum
1254 5781 1307 5833 in
1359 5782 1496 5846 istis,
1526 5782 1618 5836 ενα
1662 5791 1714 5836 et
1765 5785 1886 5836 aliis
1915 5788 2043 5840 anni
2081 5786 2333 5844 Sabbatis

2444 4595 2761 4658 κολάζονται
2791 4600 3027 4668 πατέρες
3057 4602 3197 4670 ὑπὲρ
3218 4605 3426 4658 τέκνων
3452 4624 3464 4637 ·
3487 4610 3622 4677 φησι
3643 4612 3752 4680 γὰρ
3773 4615 3800 4664 ὀ
3826 4614 4016 4680 νόμος·

2442 4689 2518 4739 Τὰ
2557 4689 2940 4759 ἁμαρτήματα
2971 4696 3036 4762 τῇ
3068 4695 3281 4764 κεφαλῇ
3309 4697 3559 4752 ἕπονται.

2441 4802 2689 4854 ΚΕΦΑΛ.
2839 4805 2978 4884 ῌερὶ
3008 4805 3118 4884 τῆς
3151 4808 3323 4884 ἁγίας
3353 4811 3882 4884 Τεσσαρακοστῆς,
3916 4821 4014 4870 καὶ

2709 4875 2826 4925 τῶν
2851 4875 2919 4926 ἐν
2966 4875 3118 4944 αὐτῇ
3149 4881 3529 4947 τελουμένων
3547 4875 3734 4939 ’ἑθῶη

2509 4964 2670 5031 Ζήτει
2693 4965 2752 5017 τὸ
2784 4967 2826 5016 δ’
2862 4968 3161 5034 κεφάλαιον
3197 4971 3294 5023 τοῦ
3325 4971 3373 5023 Ν
3411 4976 3702 5043 στοιχείου.

2522 5055 2578 5107 'tl
2608 5056 2661 5108 δὲ
2691 5056 2761 5109 νε’
2791 5060 2889 5128 τῆς
2924 5067 2977 5123 ς’
3011 5063 3234 5115 συνόδου
3263 5066 3448 5117 κανὼν
3499 5071 3618 5130 τοῖς
3648 5075 3745 5138 τὴν
3775 5072 4021 5126 παλαιὰν

2439 5144 2654 5198 οἰκοῦσι
2721 5146 2942 5215 Ῥώμην
2990 5154 3399 5220 παρεγγυᾶται,
3466 5158 3541 5225 μὴ
3602 5152 3888 5225 νηστεύειν
3948 5164 4020 5215 τὰ

2441 5235 2689 5287 σάϐϐατα
2721 5236 2818 5305 τῆς
2851 5238 3012 5304 ἁγίας
3039 5243 3514 5311 τεσσαρακοστῆς,
3543 5245 3700 5307 ἐκτὸς
3732 5247 3894 5313 μόνον
3919 5248 4021 5300 τοῦ

2443 5325 2561 5388 ἑνὸς
2594 5329 2686 5377 καὶ
2723 5328 2960 5395 μεγάλου
2989 5331 3262 5384 σαϐϐάτου
3284 5345 3297 5357 ·
3331 5333 3446 5385 ἁλλ’
3469 5316 3789 5405 ἀδιόρθωτοι
3832 5355 4019 5406 μεμε-

2441 5424 2674 5490 νήκασιν
2705 5425 2754 5474 οἱ
2787 5425 3067 5490 ἀλαζόνες,
3107 5430 3258 5496 ,μήτε
3290 5429 3398 5480 τῶν
3437 5433 3818 5483 ἁποστολικῶν
3851 5436 4020 5486 κανό-

2441 5532 2568 5574 νων,
2623 5521 2757 5585 μήτε
2804 5518 2997 5570 τούτου
3044 5521 3536 5591 ἐπιστρεφόμενον
3592 5527 3686 5579 καὶ
3737 5528 3874 5594 μήτε
3916 5530 4022 5598 τὴν

2441 5607 2765 5676 καθαίρεσιν
2828 5611 2876 5660 οἱ
2919 5612 3228 5680 ἱερωμένοι,
3290 5616 3416 5683 μήθ’
3467 5619 3514 5668 oi
3572 5619 3665 5669 τοῦ
3697 5618 3873 5687 δήμου
3923 5621 4021 5672 τὸν

2439 5699 2745 5780 ἀφορισμὸν
2796 5701 3222 5770 εὐλαϐούμενον
3261 5706 3461 5770 μᾶλλον
3512 5705 3568 5756 δὲ
3613 5708 3868 5757 τοσοῦτον
3898 5709 4020 5776 χεί-

2446 5805 2569 5858 ρους
2603 5793 2915 5858 γεγόνασιν,
2945 5793 3016 5856 ὡς
3069 5795 3143 5863 μὴ
3190 5797 3348 5866 μόνον
3380 5799 3434 5848 ἐν
3468 5798 3709 5861 τούτοις,
3752 5797 3886 5852 ἀλλὰ
3917 5803 4025 5852 κάν
