4244 6428
705 406 808 466 155

1883 402 2248 462 ΜΑΤΤΠᾸΠ
2293 399 2712 462 BLASTARIS

3858 390 3959 454 156

700 515 987 571 subinnuit
1021 523 1072 567 ct
1097 517 1355 584 paraliola
1386 513 1618 576 Domini,
1651 514 1742 582 qni
1783 515 1837 567 in
1877 513 2086 566 vineam
2116 527 2268 564 suam
2304 518 2345 571 Α

2304 518 2345 571 Α
2379 512 2528 580 παρα
2561 510 2656 563 τοῦ
2689 509 3105 580 μισθωσαμένου
3131 508 3257 570 τοῦς
3289 507 3526 576 ἐργάτας
3559 505 3637 568 είς
3670 503 3762 556 τὸν
3789 503 3960 556 αὐτοῦ

699 606 983 674 Operarios
1017 607 1302 671 conduxit,
1356 617 1523 676 atque
1572 607 1765 671 exivit,
1815 616 1868 659 et
1923 621 2081 659 mane
2123 605 2268 658 circa

704 701 893 750 horam
949 699 1188 761 tertiam,
1228 708 1281 752 et
1315 699 1480 752 etiam
1506 709 1679 762 sexta,
1716 705 1770 752 et
1799 714 1964 760 nona,
2005 707 2056 750 et
2102 697 2273 750 unde-

703 789 874 856 cima;
910 805 1015 858 qua
1038 790 1256 856 quidem
1283 791 1414 844 hora
1437 801 1488 843 et
1518 790 1772 844 Christus
1803 789 2064 844 canduxit
2084 799 2273 858 gentes

701 882 766 933 ad
811 895 974 950 opera
1031 880 1396 948 spiritualium
1453 881 1834 934 mandatorum
1894 891 2139 944 vocatas,
2195 879 2272 933 Ita

698 976 864 1028 etiam
940 975 1190 1028 laborum
1271 974 1609 1044 praemium,
1687 975 1924 1044 primum
2009 973 2277 1042 posterio-

703 1065 852 1117 ribus
894 1064 1070 1118 datur.
1103 1061 1239 1116 Nam
1286 1079 1386 1118 nos
1439 1063 1904 1132 regenerationem
1940 1065 2100 1130 primi
2133 1063 2277 1117 obti-

702 1167 921 1219 nemus,
953 1155 1094 1218 apud
1128 1170 1267 1225 quos
1287 1162 1564 1209 mactatus
1595 1163 1678 1208 est
1701 1153 2084 1222 Clirislus,qui
2109 1155 2274 1210 etiam

702 1263 994 1316 resurgens
1043 1263 1074 1302 a
1131 1249 1367 1303 mortuis
1399 1247 1665 1316 Spiiitum
1698 1256 1948 1299 sanetum
1995 1249 2048 1300 in
2102 1247 2275 1302 nostri

704 1336 1114 1389 renovationem
1183 1335 1502 1390 insuﬂlavit.
1572 1336 1845 1401 Quoniam
1917 1350 2051 1390 vero
2113 1345 2277 1390 aetate

705 1427 896 1480 mundi
929 1431 1116 1494 quinta
1152 1441 1377 1480 carnem
1423 1427 1724 1495 assumpsit
1778 1425 2062 1492 Servator,
2094 1441 2280 1481 resur-

706 1520 848 1572 rexit
878 1529 1057 1573 autem
1085 1519 1171 1571 die
1200 1528 1396 1572 octavo
1423 1519 1646 1590 (quippe
1666 1525 1790 1588 post
1816 1518 2131 1587 septimam,
2160 1520 2274 1572 sive

708 1613 1034 1676 Sabbatum,
1059 1612 1308 1681 sequitur
1328 1613 1445 1666 dies
1467 1619 1682 1675 octava,
1703 1627 1824 1680 qua:
1845 1621 1927 1665 est
1948 1612 2273 1680 Dominica):

707 1705 750 1757 si
765 1705 934 1757 ducas
950 1713 1074 1756 octo
1101 1703 1152 1755 in
1171 1684 1435 1772 quinque,
1460 1702 1685 1756 habebis
1706 1701 2097 1771 quadraginta,
2115 1716 2278 1768 quem

712 1810 1002 1848 numerum
1048 1794 1486 1862 delinquentium
1527 1794 1698 1863 plaga:
1745 1795 1886 1846 haud
1920 1803 2277 1862 exsuperant;

713 1898 835 1938 nam
877 1885 921 1938 si
955 1887 1313 1946 excvsserint,
1362 1884 1561 1952 inquit,
1605 1884 1867 1952 vapularis
1909 1881 2127 1936 infamis
2159 1882 2280 1936 red-

710 1977 860 2028 ditur
897 1991 912 2030 :
950 1975 1125 2043 turpis
1158 1977 1301 2028 enim
1332 1989 1524 2028 revera
1573 1983 1654 2028 est
1695 1983 1748 2027 et
1797 1973 2015 2028 infamis
2045 1973 2136 2043 qui
2167 1973 2277 2037 iam

709 2068 950 2136 amplius
1001 2067 1241 2136 vapulat,
1285 2065 1409 2119 dico
1444 2076 1624 2119 autem
1678 2075 1799 2134 post
1851 2067 2081 2133 gratiam
2121 2067 2280 2120 dicta!

711 2157 1074 2213 remissionis.
1099 2157 1232 2211 Nam
1261 2166 1355 2210 aut
1390 2168 1649 2224 tanquam
1691 2156 1926 2210 inlidelis
1953 2156 2278 2222 castigatur,

711 2265 1105 2323 aut-tanquam
1161 2259 1283 2324 post
1331 2253 1715 2308 remissionem
1764 2251 1818 2306 in
1869 2252 2052 2321 priora
2084 2249 2282 2305 delicta

712 2353 1020 2423 prolapsus

782 2450 922 2516 Quid
959 2457 1138 2503 autem
1167 2448 1374 2502 dixeris
1406 2446 1473 2500 de
1505 2448 1732 2501 muliere
1773 2465 1894 2517 quae
1925 2450 2028 2519 legi
2077 2459 2282 2502 natura:

711 2544 974 2612 indulget,
1014 2550 1178 2612 atque
1231 2549 1451 2610 propter
1508 2542 1786 2595 carnalem
1841 2544 2171 2611 volnp'aleni
2228 2543 2282 2594 in

714 2646 872 2689 utero
898 2642 1090 2702 gestat,
1127 2643 1180 2686 et
1210 2638 1558 2700 postmodum
1597 2633 1650 2685 in
1678 2633 1853 2686 lucem
1893 2634 2061 2686 fetum
2127 2650 2282 2687 suum

714 2725 848 2790 edit,
892 2740 959 2778 an
988 2725 1051 2777 ad
1089 2726 1271 2777 minus
1325 2739 1483 2791 quam
1512 2724 1580 2778 40
1622 2724 1738 2777 dies
1771 2739 1800 2777 a
1853 2725 2092 2778 ﬁdelium
2141 2742 2288 2778 com-

717 2817 974 2869 munione
1023 2825 1186 2884 atque
1227 2815 1400 2867 sacris
1447 2815 1725 2883 mysteriis
1786 2815 2135 2868 excluditur?
2190 2817 2290 2868 ΜΞ-

719 2909 862 2961 nime
911 2922 1079 2970 sane;
1133 2914 1210 2958 tot
1264 2905 1409 2958 enim
1459 2905 1652 2959 diebus
1683 2915 1737 2958 et
1791 2905 2046 2971 originali
2085 2907 2204 2959 labe
2235 2918 2289 2960 et

718 2999 900 3065 priore
943 2997 1220 3065 voluptate
1265 2995 1408 3047 illam
1451 2996 1670 3064 purgari
1719 2994 1874 3063 jubet
1909 2995 1991 3047 lex
2030 2993 2283 3060 Mosaiea_

716 3090 873 3142 Anne
903 3087 1065 3139 etiam
1101 3100 1332 3152 magnus
1363 3084 1452 3138 ille
1496 3085 1674 3138 Moses
1716 3085 1874 3138 istius
1905 3084 2115 3137 numeri
2153 3086 2289 3137 obli-

2377 603 2698 672 ἀμπελῶνα,
2730 601 2788 665 ὂς
2821 602 3046 670 ἐξῆλθεν
3078 601 3196 669 ἅμα
3222 598 3367 668 πρωῒ
3399 599 3528 668 περὶ
3562 600 3754 668 τρίτην
3784 597 3956 664 ῶραν,

2376 697 2470 748 καὶ
2513 694 2588 759 ς’,
2623 697 2716 749 καὶ
2744 695 2808 760 θ’,
2843 697 2934 746 καὶ
2965 695 3052 758 ια’,
3093 693 3213 746 καθ’
3247 693 3314 763 ἢν
3348 690 3702 760 ἐμισθώσατο
3729 691 3797 742 τά
3832 690 3963 757 εθνη

2376 788 2404 840 6
2433 787 2664 856 Χριστὸς
2693 775 3006 856 κεκλημένα
3037 786 3172 854 πρὸς
3209 785 3478 855 ἐργασίαν
3510 784 3624 836 τῶν
3653 800 3963 851 πνευματι-

2378 879 2490 933 κῶν
2518 879 2765 944 ἐντολῶν,
2796 880 2880 932 ὅτε
2914 880 3006 931 καὶ
3054 879 3164 933 τῶν
3213 877 3394 948 ἔργων
3443 877 3472 928 6
3506 875 3698 944 μισθὸς
3739 875 3963 943 πρῶτον

2375 975 2490 1035 τοῖς
2544 973 2787 1042 ὑστέροις
2838 972 3184 1025 άποδίδοταν
3234 971 3441 1040 πρῶτοι
3497 970 3608 1037 γάρ
3645 971 3808 1038 tusi;
3852 970 3960 1038 τὴν

2377 1061 2736 1127 ἀναγέννησιν
2785 1059 3146 1129 κομιεύμεθα,
3201 1055 3282 1122 οἷς
3335 1059 3498 1129 ἐτύθη
3553 1059 3811 1127 Χριστὸς.
3862 1059 3962 1110 καὶ

2379 1152 2616 1213 ἀναστάς
2661 1151 2720 1203 τὺ
2763 1151 2918 1218 ἅγιον
2957 1154 3037 1214 είς
3073 1153 3419 1206 ἀνακαίνισιν
3459 1151 3618 1220 ἡμῶν
3651 1152 3961 1218 ἐνεφύσησε

2378 1244 2620 1312 Πνεῦμα.
2659 1244 2816 1296 Ἐπεὶ
2844 1245 3023 1297 τοίνυν
3047 1243 3434 1315 ἑνηνθρώπησε
3465 1245 3564 1312 μὲν
3587 1244 3678 1295 τὸν
3705 1244 3964 1311 πέμπτον

2379 1338 2573 1406 καιρὸν
2615 1338 2643 1389 6
2693 1339 2909 1409 Σωτὴρ,
2948 1340 3154 1406 ἀνέστη
3182 1339 3240 1392 δὲ
3271 1342 3336 1408 τῇ
3382 1338 3542 1408 ὀγδόῃ
3586 1337 3769 1408 ἡμέρᾳ
3797 1339 3964 1405 (μετᾶ

2378 1428 2487 1498 γὰρ
2513 1429 2609 1498 τὴν
2636 1429 2894 1499 ἐὸδόμην,
2941 1432 3061 1500 ἦτοι
3108 1431 3170 1483 τὸ
3215 1431 3507 1496 σάδὸατον,
3544 1431 3704 1499 ὀγδόη
3745 1431 3964 1491 πάντως

2380 1523 2413 1592 ἡ
2449 1522 2569 1592 μετ’
2597 1523 2812 1594 ἐκείνην
2843 1524 3145 1595 Κυριακὴ),
3177 1528 3224 1577 εἱ
3259 1525 3520 1586 πεντάκις
3549 1525 3639 1578 τὸν
3673 1531 3725 1593 η’
3762 1526 3971 1592 μετρή-

2381 1633 2519 1676 σεις,
2553 1618 2807 1686 εὑρήσεις
2851 1619 2943 1669 τὸν
2991 1623 3067 1686 μ’,
3097 1616 3156 1669 ὃν
3179 1617 3279 1686 οὐχ
3305 1617 3731 1684 ὑπερσαίνουσιν
3766 1617 3822 1667 αί
3862 1616 3971 1682 μα·

2383 1725 2565 1775 στιγες
2593 1708 2704 1760 τῶν
2732 1710 3158 1778 ἁμαρτανόντων
3181 1727 3193 1739 ·
3224 1712 3271 1763 εί
3306 1711 3349 1763 δ’
3389 1710 3819 1780 ὑπερδὴσονται,
3856 1727 3932 1776 φη
3954 1739 3968 1748 -

2388 1803 2492 1863 σ’.ν,
2526 1801 2901 1870 ἁσχημονήσει
2941 1802 2969 1853 6
2999 1803 3418 1872 μαστιζόμενος,
3450 1803 3717 1871 ἀσχήμων
3745 1803 3854 1870 γὰρ
3884 1803 3972 1853 δι-

2384 1903 2491 1948 τως
2540 1889 2634 1939 καὶ
2667 1889 2859 1957 ἄτιμος
2903 1892 2930 1942 6
2965 1892 3360 1960 μαστιζόμενος
3401 1893 3505 1956 ἔτι,
3538 1893 3683 1960 λέγω
3720 1892 3783 1956 δὴ
3833 1893 3972 1959 μετα

2385 1978 2487 2049 τὴν
2522 1980 2684 2050 χάριν
2717 1960 3146 2052 τήςέἰρημένης
3193 1985 3441 2051 ἀφέσεως
3468 2001 3481 2015 ·
3537 1984 3569 2054 ἢ
3619 1987 3729 2052 γαρ
3766 1983 3842 2044 ὡς
3894 1984 3971 2051 μὴ

2386 2071 2687 2134 πιστεύσας
2740 2073 3085 2140 μαστίζεται,
3133 2074 3165 2144 ἢ
3210 2075 3284 2136 ὡς
3317 2074 3456 2142 μετα
3491 2073 3592 2144 τὴν
3621 2075 3815 2144 ἄφεσιν
3857 2075 3971 2135 τοῖς

2389 2161 2685 2233 προτέροις
2716 2165 3028 2232 περιπεσὼν
3054 2166 3470 2237 ἁμαρτήμασιν.

2459 2444 2526 2495 Τί
2557 2442 2602 2494 δ’
2632 2441 2700 2494 ἄν
2741 2442 2917 2504 είποις
2965 2439 3222 2510 περὶτῆς
3270 2439 3632 2507 δουλευούσης
3671 2441 3824 2512 νό;.·ῳ
3875 2441 3979 2508 φύ-

2393 2550 2531 2594 σεως
2581 2530 2863 2599 γυναικὸς,
2905 2533 2998 2584 καὶ
3027 2531 3150 2583 καθ’
3182 2532 3377 2602 ἡδονὴν
3418 2531 3713 2601 ἐπιθυμίας
3769 2537 3979 2602 σαρκὸς

2392 2624 2656 2692 κυούσης,
2694 2625 2788 2675 καὶ
2826 2625 2906 2685 είς
2934 2624 3048 2690 φῶς
3091 2624 3442 2692 προαγούσης
3490 2622 3551 2675 τὸ
3581 2623 3770 2692 κύημα
3799 2643 3812 2687 ;
3846 2620 3980 2689 Ἆρ’

2394 2713 2471 2771 είς
2505 2710 2760 2772 ἐλάττους
2806 2711 2916 2763 τῶν
2951 2717 3004 2779 μ’
3033 2712 3281 2782 ἡμερῶν,
3334 2713 3428 2764 καὶ
3474 2711 3573 2779 τῆς
3622 2713 3731 2764 τῶν
3769 2717 3981 2766 πιστῶν

2397 2804 2684 2866 κοινωνίας
2751 2804 2844 2856 καὶ
2906 2804 3016 2856 τῶν
3079 2805 3444 2871 ἀγιασμάτων
3497 2804 3860 2871 ἑκϐάλλεταις
3897 2809 3976 2859 Οὐ

2394 2895 2530 2962 δῆνα
2552 2912 2565 2925 ο
2601 2895 2687 2946 διὰ
2719 2894 2992 2946 τοσούτων
3019 2895 3127 2962 γάρ
3150 2895 3376 2964 ἡμερῶν
3402 2895 3495 2947 καὶ
3523 2895 3616 2947 τοῦ
3648 2899 3980 2966 προγονικοῦ

2399 2987 2729 3054 μιάσματος,
2764 2986 2860 3038 καὶ
2902 2988 2999 3054 τῆς
3036 2986 3164 3055 πρὶν
3199 2986 3390 3054 ἡδονῆς
3419 2985 3624 3055 ταύτην
3656 2990 3982 3059 ἐκκαθαίρε-

2399 3078 2525 3130 σοαι
2570 3079 2598 3128 6
2640 3077 2732 3130 τοῦ
2775 3079 3016 3139 Μωσέως
3048 3078 3209 3145 νόμος
3236 3079 3632 3136 διακελεύεται.
3676 3081 3835 3134 Ἀλλὰ
3885 3081 3982 3133 τοῦ

719 3192 806 3233 tus
844 3189 961 3231 erat
1011 3193 1134 3231 cum
1184 3178 1404 3231 Occasio
1455 3175 1695 3229 ferebat?
1745 3175 1963 3229 Minime
2031 3177 2283 3244 quidem;
2317 3164 2395 3221 CI

2317 3164 2358 3221 Ο
2393 3169 2629 3239 ἀριθμοῦ
2659 3170 2850 3222 τούτου
2883 3172 2939 3221 ἐν
2973 3169 3048 3239 τῷ
3090 3169 3343 3223 καλοῦντι
3376 3171 3468 3224 τοῦ
3505 3173 3701 3243 καιροῦ
3732 3176 3758 3227 ὀ
3791 3175 3986 3242 μέγας,

722 3286 844 3324 nam
897 3285 991 3337 per
1020 3268 1380 3337 quadraginta
1436 3268 1557 3321 dies
1589 3282 1810 3320 carnem
1864 3283 2173 3329 maceratis,
2232 3277 2286 3322 et

720 3361 883 3414 nubis
907 3361 1082 3414 instar
1115 3369 1428 3421 attenuans,
1466 3358 1698 3411 liberum
1725 3359 1969 3412 animum
2012 3359 2194 3412 attulit
2221 3360 2286 3410 ad

725 3451 1136 3519 suscipiendum
1196 3448 1666 3503 manifestationes
1719 3447 1960 3514 divinas,
2015 3460 2069 3502 et
2119 3450 2288 3503 multo

722 3542 943 3610 quidem
989 3540 1212 3594 meliora
1249 3539 1477 3606 lapideis
1517 3539 1623 3594 illis
1675 3539 1895 3600 tabulis,
1939 3555 2076 3608 quas
2107 3556 2135 3593 a
2184 3541 2290 3594 Deo

725 3635 1017 3702 accipiens.
1065 3650 1170 3686 non
1235 3633 1404 3685 multo
1447 3642 1567 3700 post
1606 3648 1716 3701 pra:
1754 3632 1965 3686 fervido
1999 3633 2115 3686 zelo
2159 3647 2290 3686 con-

728 3726 906 3794 [ι-υεῑι,
935 3723 1165 3789 Ideoque
1186 3724 1454 3776 secundas
1481 3723 1626 3789 leges
1659 3737 1879 3790 rogans,
1917 3723 2161 3792 iramque
2196 3723 2285 3777 Dei

728 3836 753 3868 a
785 3818 982 3885 populo
1003 3817 1334 3882 deprecans,
1361 3813 1587 3867 totidem
1615 3815 1732 3868 dies
1753 3830 1812 3867 ac
1835 3815 2290 3885 priusjejunabat.

730 3909 1046 3976 Pariterque
1088 3922 1186 3960 nos
1214 3906 1426 3958 tabulas
1457 3908 1667 3974 peccati
1718 3905 1907 3960 fraude.
1950 3907 2001 3960 iu
2035 3909 2293 3962 cordibus

731 4001 930 4055 llOalriS
985 4008 1294 4061 concretas,
1336 3998 1464 4051 dum
1517 3999 1651 4066 legis
1703 4011 1961 4067 prtecepta
1993 3999 2292 4066 rejicimtls,

729 4107 920 4145 rursus
944 4082 1109 4158 puras
1153 4090 1325 4149 reddi,
1354 4099 1406 4140 et
1437 4090 1606 4155 legem
1645 4087 1736 4141 Dei
1781 4091 1910 4158 ipsis
1932 4090 2162 4159 insculpi
2189 4092 2296 4144 dis-

728 4184 985 4251 eiplinam
1025 4196 1121 4251 per
1170 4178 1704 4246 Quallragesimalem
1767 4195 2051 4234 curamus.
2111 4181 2296 4249 Neque

731 4275 909 4328 istlioc
933 4274 1163 4324 multum
1190 4284 1218 4320 a
1256 4271 1355 4321 viri
1384 4268 1661 4337 proposito
1683 4269 1940 4324 abludere
1982 4287 2124 4325 reor.
2161 4271 2296 4325 ham

730 4366 911 4420 Moses
942 4366 1047 4418 iste
1086 4363 1170 4415 vir
1209 4376 1459 4415 summus
1491 4361 1556 4412 ad
1609 4372 1717 4412 tres
1767 4375 2035 4415 annorum
2071 4372 2298 4416 tessara-

730 4457 992 4510 eontades
1016 4456 1178 4506 vitam
1236 4452 1423 4509 traxit,
1471 4460 1633 4518 atque
1662 4465 1849 4503 earum
1902 4454 2132 4520 primam
2167 4455 2300 4507 tole-

2393 3258 2544 3323 οὗτος
2596 3261 2800 3328 Μωσῆς
2846 3260 3232 3329 ἐπιλέλησται;
3268 3263 3471 3316 Πολλοῦ
3517 3282 3580 3331 γε
3626 3266 3721 3317 καὶ
3756 3265 3872 3317 δεῖ·
3911 3265 3964 3317 δι

2395 3352 2619 3421 ἡμερῶν
2643 3354 2750 3420 γὰρ
2796 3357 2847 3420 μ’
2876 3352 3100 3422 νηστεία
3123 3353 3220 3422 τὴν
3256 3355 3436 3422 σάρκα
3461 3355 3717 3425 ἐκτήξας,
3744 3358 3838 3410 καὶ
3864 3357 3982 3408 ῶσο

2396 3462 2501 3510 περ
2543 3461 2592 3495 τι
2620 3444 2784 3510 νέφος
2817 3443 3109 3509 λεπτύνας,
3142 3446 3466 3516 ἐλευθερίως
3510 3448 3588 3517 τῷ
3620 3449 3697 3517 νῷ
3734 3454 3984 3520 παρέσχε

2394 3539 2492 3597 τὰς
2532 3535 2686 3598 θείας
2717 3536 2988 3603 ἐμφάσεις
3016 3538 3361 3602 εἰσδέξασθαι
3388 3554 3402 3569 ⁶
3434 3543 3528 3593 καὶ
3555 3541 3736 3611 πολλῷ
3772 3560 3834 3609 γε
3862 3545 3985 3608 βε)-

2397 3645 2511 3680 ’τιον
2537 3628 2644 3680 τῶν
2685 3627 2904 3682 λιθίνων
2937 3629 3184 3690 πλακῶν,
3215 3629 3280 3692 ἃς
3314 3631 3499 3683 θεόθεν
3530 3633 3730 3698 λαϐὼν,
3769 3636 3887 3704 μετ’
3917 3639 3979 3687 οῦ

2399 3720 2534 3771 πολὺ
2561 3719 2718 3788 θυμῷ
2743 3719 2937 3788 δικαίῳ
2965 3720 3255 3788 συνέτριψε
3282 3737 3298 3754 ο
3332 3721 3412 3773 διὸ
3442 3722 3539 3774 καὶ
3570 3723 3832 3792 δευτέρας
3861 3727 3988 3794 δεη-

2402 3812 2514 3873 θεὶς
2559 3811 2903 3880 νομοθεσίας,
2935 3813 3030 3864 καὶ
3073 3813 3167 3864 τὸν
3213 3813 3340 3866 λαὸν
3367 3815 3466 3883 τῆς
3500 3816 3674 3884 ὀργῆς
3715 3817 3814 3870 τοῦ
3843 3819 3982 3872 Θεοῦ

2403 3902 2865 3972 παραιτούμενος,
2903 3904 3001 3956 οῦκ
3027 3906 3284 3968 ἐλάττους
3309 3907 3418 3958 τῶν
3450 3910 3735 3978 προτέρων
3767 3913 3988 3979 ἡμέρας

2402 3999 2787 4065 νενήστευκεν.
2842 3997 2931 4058 Ὠς
2965 3997 3021 4049 δὲ
3063 4000 3156 4048 καὶ
3182 3999 3344 4066 ἡμεῖς
3369 3999 3468 4060 τὰς
3505 4003 3885 4070 πεπονηκυίας
3919 4006 3987 4072 τῇ

2401 4090 2499 4156 τῆς
2528 4090 2805 4158 ἁμαρτίας
2847 4089 3107 4158 ἐπιϐουλῇ
3153 4093 3252 4158 τῆς
3283 4091 3513 4159 καρδίας
3555 4092 3712 4160 ἡμῶν
3741 4093 3986 4156 πλάκας,

2403 4183 2501 4243 τὰς
2537 4180 2754 4241 ἐντολὰς
2780 4181 3162 4250 άπωσαμὲνων
3187 4180 3278 4232 τοῦ
3307 4184 3497 4250 νόμου,
3534 4185 3994 4254 ἀπειλικρινημέ-

2407 4291 2500 4334 νας
2545 4271 2698 4335 αὖθις
2753 4272 3045 4340 κτισθῆναι
3089 4276 3183 4324 καὶ
3223 4273 3311 4324 τὸν
3351 4273 3446 4325 τοῦ
3475 4275 3612 4328 Θεοῦ
3664 4278 3828 4343 νόμον
3888 4279 3990 4329 αῦ-

2405 4367 2522 4427 ταῖς
2555 4364 2967 4433 ἐγχαραχθῆναι
3007 4364 3382 4433 σπουδάζομεν
3427 4366 3514 4417 διὰ
3565 4367 3663 4434 τῆς
3716 4385 3993 4436 τεσσαρα-

2410 4453 2750 4522 κονθημέρου
2785 4454 3176 4517 κακοπαθείας.
3215 4456 3349 4507 Οὐδὲ
3383 4457 3541 4509 τοῦτο
3579 4454 3733 4526 οἶμαι
3773 4459 3861 4511 τοῦ
3896 4463 3990 4511 ἁν-

729 4551 873 4602 Πιιὶι
933 4548 984 4599 in
1061 4545 1295 4613 )Egypto
1356 4542 1598 4598 scientia:
1665 4519 2012 4611 acquirendie
2075 4546 2296 4615 gratia:
2337 4519 2378 4572 θ

2337 4519 2378 4572 D
2406 4546 2530 4616 δρὸς
2570 4519 2760 4615 τιάρρω
2806 4543 3023 4612 βάλλειν
3054 4546 3159 4614 τῆς
3193 4547 3501 4610 ὑποθέσεως
3529 4565 3542 4578 ·
3580 4519 3660 4609 είς
3689 4553 3838 4620 τρεῖς
3876 4556 3987 4620 γαρ

733 4643 902 4694 altera
941 4639 1121 4707 ipsum
1169 4637 1324 4700 vidit,
1359 4637 1424 4690 de
1477 4651 1657 4690 rerum
1715 4637 1926 4690 naturis
1983 4638 2084 4690 snb
2124 4638 2298 4691 forma

735 4735 990 4799 pastoris,
1073 4731 1242 4782 multo
1311 4742 1436 4780 cum
1520 4727 1720 4780 Sudore
1805 4713 2297 4794 pliilo;opliantem,

733 4823 922 4874 ultima
950 4832 1130 4872 autem
1153 4819 1406 4888 populum
1440 4817 1670 4871 inﬁnitis
1686 4833 1806 4870 cum
1837 4819 2115 4873 laboribus
2138 4822 2298 4873 rexit.

733 4933 825 4965 τον
856 4911 966 4982 εἶχε
994 4913 1121 4981 περὶ
1147 4915 1244 4980 τὴν
1274 4910 1510 4979 θεωρίαν
1549 4910 1657 4961 τῶν
1697 4910 1888 4971 ὄντων.
1925 4912 1981 4962 ἐν
2010 4915 2250 4983 σχήματι
2286 4917 2564 4986 ποιμένος.
2595 4911 2810 4976 πολλοῖς
2837 4913 3022 4982 ἱδρῶσι
3055 4914 3449 4983 φιλοσοφοῦντα
3488 4933 3500 4944 ·

733 5006 828 5059 τοῦ
853 5004 1090 5073 πλήθους
1116 5005 1412 5071 ἡγεμονίαν
1444 5001 1657 5071 μυρίοις
1677 5000 1961 5071 διεχείριζε
1983 5004 2183 5069 πόνοις,

809 5102 945 5167 Quid
977 5117 1100 5154 vero
1123 5100 1478 5151 admiratione
1513 5097 1728 5167 dignius
1757 5113 1916 5164 quam
1978 5099 2108 5152 illud
2171 5119 2290 5172 pro-

737 5197 915 5265 pheta:
949 5193 1211 5246 Tliisliita:
1245 5209 1271 5242 a
1303 5189 1522 5244 Jezabel
1557 5191 1886 5260 aufugieutis
1914 5193 1935 5244 ‘.’
1973 5195 2100 5261 quid
2155 5197 2297 5247 enim

739 5291 795 5341 in
835 5288 934 5340 hoc
963 5301 1089 5338 casu
1118 5285 1382 5353 optimum
1411 5293 1464 5336 et
1507 5284 1784 5351 propheta:
1817 5285 2050 5337 maxime
2112 5301 2305 5339 COIIVC'

741 5378 900 5428 iniens
929 5379 1098 5428 visum
1146 5376 1243 5426 luit
1284 5374 1306 5426 ?
1369 5389 1547 5426 annon
1586 5375 2064 5440 prmsenlissiuium
2113 5378 2303 5446 jejunii

743 5467 1087 5521 remedium?
1114 5466 1220 5519 Sed
1251 5481 1345 5517 nee.
1381 5480 1592 5532 aequum
1634 5465 1979 5518 existimabat
2017 5485 2302 5523 numerum

745 5561 897 5612 illum
927 5560 1224 5626 pra-terii‘c,
1263 5571 1371 5624 quo
1401 5557 1451 5608 iu
1492 5557 1641 5624 gravi
1697 5558 1799 5610 ista
1851 5559 2307 5625 contemplatione

747 5659 984 5701 ususest
1011 5667 1022 5700 ι
1049 5648 1175 5714 quia
1195 5659 1241 5700 el
1267 5661 1500 5714 nosiipoi
1520 5655 1595 5698 tet
1621 5647 1906 5708 ainbobus,
1927 5651 2067 5716 quod
2087 5650 2160 5699 dii
2179 5649 2308 5710 itur,

749 5740 980 5806 pedibus
1010 5755 1034 5790 a
1062 5737 1280 5790 Jvzaln-l
1313 5737 1592 5805 aufugere.
1624 5734 1755 5788 Nam
1779 5739 1886 5796 illa,
1913 5753 2030 5806 qua:
2054 5739 2286 5806 intezpie

750 5831 918 5885 tando
954 5831 1032 5884 vis
1069 5833 1361 5886 luctnsest.
1385 5841 1663 5896 peccatum
1693 5829 2313 5906 .~.isiiilicat,quodnobis

2407 4638 2545 4690 ἐτῶν
2575 4637 3082 4706 τεσσαρακοντάδας
3136 4640 3341 4707 Μωσῆς
3374 4637 3526 4703 οὗτος
3558 4644 3584 4691 ὀ
3617 4643 3756 4694 πάνυ
3789 4643 3988 4711 βεδιωο

2412 4729 2545 4792 κὼς,
2585 4728 2685 4788 τὴν
2722 4729 2821 4796 μὲν
2882 4729 3011 4798 περὶ
3038 4730 3138 4797 τὴν
3167 4732 3438 4800 ἀνάληψιν
3479 4733 3588 4785 τῶν
3637 4736 3696 4785 ἐν
3727 4737 3990 4804 Αἰγύπτῳ

2411 4821 2750 4890 παθημάτων
2811 4822 3148 4873 κακοπαθῶν
3217 4823 3517 4876 διετέλεσεν
3569 4843 3582 4857 ·
3655 4829 3686 4895 ἡ
3756 4827 3813 4878 δὲ
3867 4829 3992 4880 τοί-

3545 4920 3610 4988 τῇ
3646 4919 3700 4970 δὲ
3729 4919 3856 4986 ἐξῆς
3891 4922 3990 4990 τὴν

2479 5100 2567 5170 Τῷ
2593 5101 2647 5154 δὲ
2673 5101 2734 5153 ὲκ
2762 5101 2974 5168 Θέσὸης
3005 5102 3279 5171 προφήτῃ,
3307 5094 3366 5152 οῦ
3394 5102 3445 5153 τί
3475 5103 3541 5174 ἂυν
3568 5104 3744 5167 εἴποις
3776 5107 3992 5174 θαυμα-

2411 5196 2690 5262 σιώτερον,
2717 5195 2817 5261 τήν
2854 5194 3092 5255 Ἰεζάϐελ
3120 5194 3588 5264 ἀποδιδράσκοντι,
3618 5201 3668 5249 τί
3695 5200 3819 5251 ἄλλο
3847 5218 3989 5270 κρα·

2409 5301 2589 5334 τιστον
2633 5284 2688 5334 ἐν
2738 5284 2848 5343 τοῖς
2880 5283 3162 5344 τοιούτοις,
3218 5285 3307 5335 καὶ
3351 5288 3610 5359 προφήτῃ
3653 5289 3799 5355 μάλα
3848 5296 3988 5357 προς

2412 5375 2580 5442 τρόπο
2597 5396 2612 5424 λ
2645 5373 2987 5442 νενόμισταις
3014 5375 3072 5426 οὐ
3095 5375 3154 5426 τὸ
3173 5376 3584 5444 ἀνυσιμώτατον
3607 5380 3706 5447 τῆς
3732 5385 3985 5449 νηστείας

2415 5466 2739 5532 φάρμακονς
2788 5465 2946 5516 ’Λλλὰ
2976 5467 3063 5517 τον
3093 5467 3328 5536 ἀριθμὸν
3363 5470 3463 5520 οὐκ
3497 5470 3738 5523 ἐδικαίου
3776 5480 3989 5526 τουτονὶ

2415 5560 2696 5624 παριέναι,
2744 5557 2864 5624 μεθ’
2888 5558 2946 5609 ὃν
2976 5559 3069 5610 καὶ
3104 5559 3198 5626 τῆς
3237 5560 3479 5628 μεγάλης
3511 5563 3726 5630 ἐκείνης
3754 5565 3989 5632 Θεωρίας

2419 5646 2644 5708 ίξίωτοο
2675 5647 2792 5699 ἀνθ’
2822 5643 2896 5700 ὧν
2929 5649 3022 5700 καὶ
3052 5649 3182 5716 ἡμῖν
3213 5649 3310 5719 τὴν
3354 5649 3590 5712 Ἰεζάϐελ
3620 5654 3684 5703 ἐκ
3716 5653 3862 5705 δυοῖν
3892 5672 3990 5705 πο-

2418 5737 2547 5795 δλῐν,
2582 5738 2654 5800 ὡς
2685 5741 2879 5804 εἰπεῖν,
2917 5741 3335 5809 ἀποδιδράσκειν
3367 5744 3680 5812 προσῆκεν
3709 5745 3848 5814 αῦτη
3881 5751 3988 5824 γαρ

2427 5827 2654 5890 πένθους
2693 5831 2843 5898 ἰσχὺς
2899 5831 3330 5919 ἑρμηνευομὲντ),
3365 5834 3460 5903 τὴν
3497 5835 3554 5886 τὸ
3595 5837 3810 5907 ἰσχυρὸν
3855 5839 3990 5920 ἡμῖν
