4244 6428
282 341 382 404 157

1272 362 1677 427 ΞΥΝΤΛΟΜΑ
1720 370 2340 438 ΑιΡιιΑιιΕΤιςυΜ.
2384 404 2448 414 -
2487 377 2550 429 Τ-

3408 392 3514 457 158

278 462 482 568 πένθος
529 465 895 535 προξενοῦσαν
950 472 1245 525 αἰνίττεται
1288 475 1585 546 ἁμαρτίαν.
1636 481 1730 532 καὶ
1770 481 1849 550 τῷ
1879 494 1954 543 At

1837 484 1849 533 ὸ
1879 494 1923 543 Α
1951 498 2115 540 causa
2150 495 2233 542 est
2257 490 2417 545 validi
2437 491 2724 560 gravisque
2746 494 3513 568 mteroris,minaturqneani-

275 551 501 624 ψυχικῷ
544 559 875 613 ἀπειλοῦσιν
920 561 1264 630 παραδώσειν
1294 564 1539 637 θανάτῳ·
1570 568 1714 623 οὕτω
1756 573 1850 625 καὶ

274 645 389 695 τῶν
437 648 687 717 ἱστοριῶν
727 650 872 702 ἔστιν
910 652 974 715 ἃς
1014 654 1042 704 ὁ
1075 655 1460 722 πνευματικῶς
1490 658 1851 713 ἀναπτύσσων

272 739 375 791 οὐκ
425 741 717 812 ἀμοιρήσει
742 747 1007 816 παιδείας,
1043 742 1171 814 ἦθος
1209 747 1536 817 ἀποχρώσης
1568 751 1849 820 ρυθμίσαι.

274 833 460 886 Πολλά
507 837 598 887 καὶ
644 836 720 905 τῷ
758 838 971 907 Σωτῆρι
1002 838 1095 891 τοῦ
1122 840 1360 909 ἀριθμοῦ
1392 843 1545 895 τοῦδε
1580 844 1846 914 ἐμέλησε*

276 925 380 994 τὴν
421 927 531 994 γὰρ
567 930 790 996 τριττὴν
818 929 974 997 ἡμῶν
1003 931 1278 1002 γέννησιν,
1320 932 1419 1003 τὴν
1457 934 1521 986 ικ
1555 937 1847 1005 σωμάτων,

277 1017 451 1085 φημὶ,
487 1019 584 1087 τὴν
614 1020 675 1069 ὲκ
705 1018 1102 1086 βαπτίσματος,
1136 1025 1237 1089 τὴν
1270 1023 1327 1088 ἐξ
1353 1024 1722 1090 ἀναστάσεως,
1754 1028 1850 1078 καὶ

272 1110 445 1171 αὐτὸς
476 1110 757 1179 οίκονομίᾳ
787 1110 992 1177 μείζονι
1026 1112 1246 1180 μετιὼν,
1272 1114 1341 1167 δι’
1366 1117 1590 1185 ἡμερῶν
1610 1118 1851 1187 ἑκάστην

270 1200 686 1270 τεσσαράκοντα
744 1200 900 1271 ὤφθη
966 1203 1289 1267 τετελεκώς.
1354 1205 1507 1260 Μετά
1568 1208 1700 1275 γοῦν
1758 1211 1849 1264 τὸν

270 1293 589 1365 ἀπόρρητον
647 1295 705 1346 ἐν
754 1297 915 1364 σαρκῖ
963 1296 1145 1359 τόκον,
1193 1298 1381 1368 ἡμέρᾳ
1429 1304 1846 1374 τεσσαρακοστῇ

270 1385 352 1453 τῷ
422 1385 554 1455 ἱερῷ
606 1388 1057 1456 προσενήνεκται,
1108 1387 1205 1459 τὴν
1266 1390 1406 1459 ἐμὴν
1454 1392 1850 1462 ἀφοσιούμενος

269 1477 576 1547 κάθαρσιν·
611 1478 732 1531 οὐδὲ
779 1482 887 1549 γὰρ
920 1480 1081 1543 αύτδς
1124 1478 1327 1549 ταύτης
1380 1482 1574 1549 ἐδεῖτο,
1614 1486 1642 1537 δ
1679 1485 1851 1555 αῐρων

268 1572 371 1637 τὴν
400 1570 681 1639 ἁμαρτίαν
724 1573 820 1623 τοῦ
859 1571 1066 1643 κόσμου
1088 1589 1102 1602 ·
1139 1574 1280 1642 μετά
1311 1574 1442 1641 γοῦν
1473 1576 1531 1627 τὸ
1568 1576 1850 1645 βάπτισμα

273 1669 331 1727 μ’
364 1661 585 1730 ἡμέρας
621 1663 846 1733 νηστείᾳ
894 1662 1385 1731 καθοπλισάμενος,
1436 1664 1532 1717 τοῦ
1589 1668 1847 1737 πολεμίου

269 1755 796 1824 κατεστρατήγησεν
815 1772 829 1785 ·
858 1755 917 1807 οὐ
941 1756 1047 1823 γὰρ
1077 1756 1229 1824 ἠξίου
1267 1756 1546 1826 νηστεύων
1574 1760 1847 1828 ὑπερϐάλ-

268 1848 394 1900 λειν
425 1847 494 1898 τά
518 1847 861 1916 ἐσκαμμένα,
896 1848 989 1899 καὶ
1022 1850 1136 1911 τοῖς
1171 1848 1336 1909 θείοις
1369 1850 1602 1916 ἐκείνοις
1628 1853 1854 1923 ἀνδράσι

272 1942 451 1993 πάλαι
483 1940 839 2010 διηνυσμένα,
873 1940 956 1994 ἵνα
993 1942 1066 2013 μὴ
1106 1941 1196 1994 τὸν
1230 1943 1522 2012 ἄνθρωπον
1554 1946 1853 2015 ὑποκρίνα-

272 2034 402 2085 σθαι
436 2032 743 2101 νομισθείη.
782 2031 881 2085 Διά
901 2034 1170 2086 τοσούτων
1201 2033 1257 2086 δὲ
1288 2034 1427 2103 μετά
1456 2038 1555 2107 τὴν
1596 2038 1853 2091 ’Δνάστα-

270 2144 383 2187 σιν,
430 2128 511 2187 εἰς
538 2125 597 2176 τὸ
620 2108 1012 2195 ὑπὲρουράνιον
1051 2127 1257 2180 ἄνεισιν
1284 2127 1449 2194 ἱερὸν,
1478 2129 1724 2198 καθαρὰν
1755 2130 1853 2200 τὴν

267 2218 437 2286 ἡμῶν
464 2217 626 2285 φύσιν
656 2219 714 2268 ὲν
746 2218 930 2285 ἐαυτῷ
962 2220 1234 2286 παριστὰς
1261 2220 1337 2289 τῷ
1369 2221 1490 2291 Θεῷ
1520 2222 1616 2274 καὶ
1654 2224 1848 2293 Πατρί.

278 2312 452 2365 Ἀλλά
484 2310 582 2365 καὶ
611 2310 711 2381 τὴν
736 2312 817 2375 είς
840 2312 1117 2378 Αἴγυπτον
1148 2312 1471 2380 φυγαδείαν,
1501 2314 1599 2385 τὴν
1632 2316 1848 2386 νοητὴν,

270 2400 448 2470 φημὶ,
471 2401 873 2463 κακοπάθειαν,
908 2400 982 2463 ὡς
1009 2400 1273 2454 κάλλιστα
1294 2402 1631 2471 διαθέμενος,
1660 2421 1850 2476 τετραο

269 2492 401 2561 ετὴς
429 2492 641 2544 ἐκεῖθεν
668 2490 730 2544 τὸ
755 2492 895 2544 κατά
927 2492 1103 2561 σάρκα
1138 2493 1434 2547 ἐπάνεισιν.
1480 2494 1566 2557 Ὠς
1588 2498 1645 2547 ἐν
1681 2513 1850 2562 κεφα-

270 2587 412 2655 λαίῳ
456 2586 513 2639 δὲ
565 2586 766 2649 είπείν,
798 2585 1147 2655 συμϐολικῶς
1196 2588 1408 2649 τούτοις
1447 2590 1614 2641 πᾶσιν
1668 2589 1733 2642 ἄν
1766 2606 1850 2653 τις

267 2678 648 2750 ἀποχρώντως
668 2679 1027 2748 τεκμήραιτο,
1073 2680 1148 2742 ὠς
1179 2679 1472 2748 συμπάσης
1505 2683 1600 2751 τῆς
1634 2681 1727 2734 ὑπ’
1758 2681 1846 2735 οὐ-

272 2771 468 2841 ρανὸν,
502 2773 598 2824 καὶ
627 2772 738 2824 τῶν
761 2771 819 2823 εν
851 2772 987 2841 αὐτῇ
1019 2770 1173 2835 ζώων
1195 2772 1273 2841 τῷ
1296 2772 1569 2843 ἀνθρώπῳ
1596 2775 1693 2842 τὴν
1720 2775 1849 2842 ἠγε-

274 2864 475 2933 μονίαν
519 2867 547 2917 δ
593 2863 726 2926 Θεὸς
754 2864 1090 2933 ἐγχειρίσας,
1115 2864 1217 2916 οὐκ
1249 2863 1401 2932 ⁴ἠξίου
1442 2863 1541 2935 τὴν
1574 2866 1682 2926 τοῖς
1726 2864 1830 2916 ἀλέ-

271 2975 396 3020 γοις
425 2958 661 3028 βάσιμον
691 2956 897 3028 ταύτην
925 2958 1093 3027 μόνην
1144 2957 1360 3028 οἴκησιν
1417 2958 1564 3028 ἔχειν
1610 2958 1706 3011 καὶ
1756 2958 1847 3011 τὸν

272 3052 399 3105 κατ’
441 3052 629 3104 εἰκόνα
674 3050 885 3103 ἐκείνου
915 3050 1245 3118 γενόμενον·
1278 3050 1423 3119 παρὸ
1469 3050 1561 3104 καὶ
1608 3051 1715 3123 ἰδίᾳ
1744 3052 1848 3121 πή..

270 3163 469 3213 γνυσιν
514 3144 663 3213 αὐτῷ
701 3144 921 3197 πάντων
956 3142 1186 3197 ὕστατον
1213 3140 1427 3197 ώσανεὶ
1461 3142 1710 3211 βασίλεια
1755 3145 1846 3197 τὸν

1954 592 2094 630 matn
2115 580 2274 631 morti
2308 583 2537 635 tradere.
2560 582 2865 638 Occurrunt
2895 586 3059 655 igitur
3075 586 3235 658 253
3262 589 3507 644 historiae

1950 684 2090 737 quas
2121 670 2164 723 si
2195 672 2318 741 quis
2347 673 2705 739 spiritualiter
2732 677 2986 745 explicet,
3018 694 3125 731 non
3179 680 3510 735 destituetur

1952 758 2039 811 do;
2063 760 2200 813 trina
2226 778 2347 830 qua:
2374 764 2440 817 ad
2471 764 2639 818 vitam
2666 766 2803 820 bene
2833 768 3193 823 ordinandam
3246 769 3508 825 sufﬁciat.

1953 851 2181 906 Multum
2210 856 2373 908 ctiam
2407 856 2613 924 placuit
2651 857 2918 912 Salvatori
2948 860 3037 913 hic
3074 876 3355 916 numerus.
3383 861 3514 914 Nam

1952 940 2225 1008 triplicem
2261 950 2503 996 nostram
2565 944 3002 1013 generationem,
3055 949 3416 1016 corporalem,
3464 958 3520 1001 et

1953 1029 2358 1095 baptismalem,
2390 1043 2445 1085 et
2489 1033 2642 1086 illam
2693 1036 3131 1101 resurrectionis,
3186 1036 3301 1105 ipse
3351 1040 3517 1091 etiam

1954 1124 2324 1190 praestantiori
2369 1126 2775 1195 dispensatione
2813 1128 3121 1193 sustinens,
3191 1130 3517 1197 quamlibet,

1953 1213 2197 1282 inquam,
2252 1216 2615 1287 quadraginta
2645 1218 2841 1271 diebus
2869 1217 3168 1285 perfecisse
3200 1219 3354 1274 visus
3403 1229 3516 1274 est.

1955 1304 2048 1361 Die
2074 1307 2220 1361 enim
2260 1316 2379 1376 post
2429 1307 2765 1362 ineffabilem
2794 1324 2947 1362 suam
3013 1310 3067 1362 in
3104 1324 3269 1364 carne
3309 1310 3515 1363 nativi—

1951 1405 2115 1452 tatem
2161 1399 2569 1469 quadragesima
2614 1400 2668 1453 in
2725 1400 2928 1468 templo
2981 1400 3229 1465 offertur,
3275 1412 3518 1453 nostram

1952 1490 2383 1558 puriﬁcationem
2431 1506 2785 1545 consecratis.
2850 1490 3038 1561 Neque
3090 1492 3236 1545 enim
3289 1494 3406 1561 ipse
3458 1507 3521 1546 ea

1950 1598 2090 1651 opus
2121 1582 2329 1647 habuit,
2361 1583 2452 1651 qui
2483 1585 2623 1638 tollit
2647 1594 2930 1653 peccatum
2962 1583 3172 1638 mundi.
3207 1583 3336 1638 Post
3392 1584 3524 1650 bap-

1950 1675 2172 1729 tismum
2202 1675 2564 1744 quadraginta
2602 1676 2816 1729 dierum
2841 1675 3054 1744 jejunio
3106 1686 3362 1729 armatus
3424 1675 3523 1728 ho-

1953 1774 2091 1819 stem
2179 1766 2487 1820 debellavit.
2549 1766 2733 1821 Noluit
2784 1769 2929 1823 enim
3008 1766 3309 1837 jejunando
3368 1766 3520 1821 limi-

1957 1866 2040 1911 tes
2063 1857 2344 1921 excedere,
2382 1873 2515 1913 eave
2546 1874 2665 1928 qua:
2700 1860 2877 1913 sancti
2923 1859 2997 1913 illi
3032 1860 3131 1913 viri
3188 1860 3319 1913 olim
3357 1875 3511 1929 pcre-

1955 1960 2172 2019 gerunt,
2210 1964 2280 2003 ne
2314 1950 2717 2005 humanitatem
2758 1958 2967 2004 tantum
3009 1950 3273 2005 simulare
3304 1950 3520 2005 videro-

1958 2052 2064 2093 tur.
2109 2039 2235 2095 Post
2268 2040 2494 2095 totidem
2544 2043 2707 2097 etiam
2767 2041 2939 2097 diesa
2992 2042 3399 2097 resurrectione
3455 2043 3521 2097 ad

1954 2132 2180 2186 cwleste
2212 2132 2471 2202 templum
2529 2134 2799 2200 ascendit,
2840 2142 3095 2188 naturam
3151 2143 3399 2189 nostram
3465 2136 3518 2187 in

1951 2226 2139 2294 seipso
2183 2240 2368 2279 coram
2430 2226 2537 2281 Deo
2592 2225 2756 2282 Patre
2822 2243 3015 2298 puram
3073 2228 3298 2283 sistens.
3352 2227 3525 2282 Cauc-

1953 2338 2073 2377 rum
2108 2331 2161 2376 et
2193 2322 2373 2392 fugam
2405 2340 2559 2379 suam
2598 2326 2650 2378 in
2701 2323 3020 2397 Egyptum,
3088 2325 3517 2379 intellectualem

1950 2432 2144 2486 nempe
2172 2416 2541 2482 aﬂlictiouem,
2574 2432 2739 2484 quam
2790 2418 2996 2487 optime
3020 2416 3341 2486 disponens,
3398 2423 3522 2485 post

1942 2522 2185 2581 quatuor
2214 2526 2392 2565 annos
2424 2510 2547 2564 indt-
2591 2509 2770 2579 quoad
2816 2525 3039 2563 carnem
3097 2524 3353 2563 reversus
3412 2518 3518 2561 est.

1948 2602 2129 2670 Atque
2163 2608 2219 2654 ut
2243 2602 2558 2654 summatim
2604 2594 2812 2655 dicam.
2866 2599 3012 2670 typis
3043 2601 3192 2652 hisce
3258 2599 3518 2655 omnibus

1946 2693 2291 2748 sufﬁcienter
2316 2692 2579 2755 ostendit,
2616 2691 2760 2761 quod
2797 2691 2959 2753 Deus,
2992 2691 3212 2760 quando
3242 2691 3293 2742 iu
3321 2706 3516 2746 manus

1948 2790 2173 2844 tradidit
2204 2790 2413 2844 homini
2446 2789 2619 2843 totius
2674 2788 2777 2843 sub
2836 2789 2977 2842 cmlo
3025 2788 3287 2855 r:-giuuis.
3316 2796 3369 2844 ct
3404 2802 3520 2837 nm-

1948 2880 2099 2934 nium
2129 2880 2181 2933 in
2236 2878 2327 2933 illa
2387 2877 2756 2932 animantium
2816 2876 3083 2947 regimen,
3137 2877 3312 2931 uoluit
3362 2878 3513 2936 illum

1948 2972 2040 3041 qui
2079 2971 2259 3025 factus
2303 2980 2389 3025 est
2449 2971 2607 3039 quIa
2662 2969 2955 3039 imaginem
3012 2984 3193 3031 suam,
3251 2968 3519 3022 duntax-t

1945 3063 2056 3117 hac
2088 3064 2425 3118 habitatione
2456 3062 2588 3130 frui,
2618 3078 2738 3133 qua!
2773 3072 2827 3118 et
2851 3063 3028 3118 brutis
3088 3070 3236 3132 patet
3271 3079 3285 3116 :
3350 3076 3521 3131 quarc

1944 3165 1999 3210 et
2034 3157 2290 3226 privatim
2335 3156 2434 3225 ipsi
2468 3158 2693 3221 struxit,
2724 3142 3023 3211 novissime
3055 3148 3337 3218 omnium,
3402 3165 3519 3207 tan-

269 3238 422 3291 θεῖον
448 3238 797 3308 παράδεισον,
826 3236 1036 3307 τρυφῆς
1066 3237 1237 3300 ὅντως
1271 3237 1490 3307 χωρίον,
1524 3238 1613 3291 καὶ
1649 3237 1845 3306 ψυχαῖς
1874 3229 1917 3287 C

1843 3255 1845 3291 τ
1874 3229 1917 3287 c
1948 3264 2113 3318 quam
2150 3250 2435 3316 palatium,
2467 3249 2745 3304 caelestem
2770 3249 3109 3319 paradisum,
3173 3248 3355 3302 locum
3382 3248 3519 3301 deli-

270 3328 548 3397 φιλοθέοις
600 3327 936 3395 κατάλληλον
987 3327 1311 3397 ἐνδιαίτημα
1338 3343 1352 3357 ·
1404 3328 1472 3382 ἶν’
1507 3332 1535 3382 ὀ
1561 3330 1849 3397 ἄνθρωπος

268 3424 335 3474 ἐν
380 3419 559 3487 τούτῳ
612 3418 987 3487 διαιτώμενος,
1017 3420 1248 3484 ἐκεῖθεν,
1294 3416 1385 3473 οἵά
1436 3438 1519 3483 τις
1560 3419 1704 3484 θεὸς,
1735 3420 1848 3480 τοῖς

270 3514 383 3567 ὑπὸ
438 3514 597 3581 χεῖρα
646 3513 715 3563 τά
764 3512 1107 3581 προσήκοντα
1156 3512 1472 3585 χρηματίζῃ
1510 3526 1526 3542 ’
1592 3511 1680 3564 διὰ
1740 3511 1849 3584 γὰρ

268 3605 440 3659 τοῦτο
487 3606 578 3655 καὶ
605 3604 671 3654 ὲκ
704 3602 796 3655 δύο
824 3603 957 3655 πολὺ
998 3607 1061 3672 τῇ
1110 3603 1271 3671 φύσει
1300 3604 1686 3674 διεστηκοτων,
1719 3606 1848 3660 ἀλό-

268 3716 377 3766 του
408 3698 502 3749 καὶ
528 3696 750 3764 λογι›.ῆς
783 3696 969 3759 οὐσίας
992 3697 1348 3761 συντέθειται,
1382 3699 1465 3751 ἵνα
1506 3699 1651 3767 λόγῳ
1682 3717 1844 3751 κατα-

271 3788 556 3857 κωμῆται
592 3787 660 3839 τά
688 3787 926 3853 ἐπίγεια,
953 3787 1027 3848 ὥς
1057 3804 1120 3857 γε
1149 3787 1211 3856 δὴ
1244 3790 1362 3849 ταῖς
1394 3788 1714 3857 ἑγγελικαίς
1761 3788 1852 3841 δυο

273 3880 483 3949 νάμεσι
514 3879 584 3930 τά
608 3879 869 3948 οὐράνιασ
912 3878 1047 3931 ἀλλά
1080 3879 1177 3947 τῆς
1208 3880 1305 3946 μὲν
1342 3878 1591 3950 δοθείσης
1631 3876 1850 3952 ἐντολῆς

275 3972 420 4041 πρὸς
455 3971 519 4023 τὸ
562 3969 989 4040 παρεωραμένον
1035 3968 1185 4038 αύτῷ
1223 3970 1425 4039 μᾶλλον
1472 3972 1595 4023 ἀντὶ
1629 3970 1722 4024 τοῦ
1756 3988 1853 4024 πο-

275 4062 497 4116 θεῖσθαι
546 4061 970 4130 κατασυρείσης,
998 4060 1100 4129 τῆς
1149 4061 1205 4114 δὲ
1251 4063 1453 4124 κακίας
1497 4064 1849 4133 ἐπιφυείσης,

276 4156 378 4209 καὶ
419 4152 598 4223 ταύτῃ
623 4152 721 4205 τὴν
762 4153 924 4219 φύσιν
952 4151 1285 4215 ἀλλοιωθεὶς,
1319 4154 1399 4215 είς
1436 4154 1644 4223 φθοράν
1672 4170 1731 4205 τε
1758 4154 1851 4207 καὶ

272 4247 371 4297 τὸν
396 4241 648 4313 ντηνώδη
683 4242 795 4311 βίον
823 4242 1019 4304 ἀθλίως
1055 4242 1403 4312 μεταπεσὼν,
1445 4244 1506 4296 τὸ
1556 4244 1733 4297 κοινὸν
1758 4244 1853 4297 καλ⁵

270 4340 391 4401 τοῖς
450 4337 670 4403 ἀλόγοις
717 4335 988 4405 ἠλλάξατο
1034 4335 1411 4402 καταγώγιον·
1460 4335 1750 4406 ὑπερόριος
1794 4334 1851 4389 δὲ

268 4432 380 4499 τῆς
419 4430 572 4498 αύτῷ
601 4428 849 4496 δοθείσης
868 4426 1047 4497 ἀόρᾶς
1074 4428 1261 4490 ἑστίας
1292 4428 1582 4496 γενόμενος
1604 4468 1621 4494 ,
1653 4429 1713 4480 ού
1741 4427 1851 4496 γὰρ

271 4519 345 4595 ἦν
381 4521 540 4589 θέμις
571 4520 632 4573 τὸ
660 4520 761 4589 τὴν
793 4519 999 4588 φθορὰν
1030 4520 1105 4589 μὴ
1132 4520 1494 4589 προσιέμενον
1529 4520 1731 4591 χωρίον
1772 4521 1851 4573 οἰ-

270 4621 397 4669 κεῖν
423 4616 518 4669 τὸν
547 4614 878 4683 μιτικδύντα
899 4616 959 4667 τὸ
982 4614 1207 4684 φαιδρὸν
1233 4615 1333 4681 τῆς
1370 4616 1678 4685 ἀφθαρσίας
1723 4616 1856 4685 1μά-

274 4728 419 4773 τιον,
459 4710 597 4778 πρὸς
629 4711 721 4761 τῗιν
754 4708 1008 4761 σύνθετον
1042 4710 1254 4761 τουτονὶ
1282 4710 1380 4762 καὶ
1407 4711 1625 4777 ὁμοφυᾶ
1652 4709 1857 4776 κόσμον

274 4805 510 4863 εἰκότως
540 4788 863 4864 ἀπεωθεῖτο,
892 4800 1013 4853 ὅθεν
1041 4800 1103 4869 δὴ
1138 4800 1232 4853 καὶ
1263 4801 1634 4870 προσιίληπτο
1655 4818 1667 4832 ·
1697 4795 1741 4869 ᾧ
1766 4797 1856 4853 οἷα

279 4892 541 4959 συγγενεῖ
579 4894 676 4961 τῆς
723 4892 929 4952 οἰκείας
962 4891 1279 4959 σκαιότητος
1308 4892 1591 4960 μεταδοὺς.
1634 4894 1858 4961 ματαιό-

273 5002 442 5053 τητος
480 4984 815 5052 ὑποχείριον,
860 4985 954 5035 καὶ
986 4984 1189 5053 φθορᾶς
1230 4985 1327 5037 καὶ
1364 4983 1856 5046 κακώσεωςτόπον

274 5077 578 5145 εἰργάσατο
598 5091 611 5103 ο
645 5074 884 5137 τοιοῦτος
911 5074 967 5126 δὲ
999 5074 1163 5127 πάλιν
1202 5074 1298 5127 καὶ
1337 5076 1522 5126 ούτοσὶ
1555 5078 1853 5140 καταστὰς,

274 5170 438 5237 δίκην
470 5168 698 5229 ἐνδίκως
728 5166 920 5235 ὥσπερ
950 5167 1207 5237 λαγχάνει
1253 5165 1455 5235 πρώτῳ
1481 5165 1558 5235 τῷ
1586 5167 1686 5237 τὴν
1719 5168 1855 5235 φθο-

278 5263 384 5326 ραν
414 5256 567 5321 αὐτῷ
600 5256 1018 5325 προξενήσαντι,
1064 5256 1335 5326 φροντίσι,
1365 5257 1458 5309 καὶ
1497 5257 1719 5320 λύπαις,
1760 5259 1855 5310 καὶ

280 5349 580 5418 μερίμναις
633 5347 937 5415 βιωτικαῖς,
968 5342 1080 5400 οἷόν
1128 5364 1236 5400 τισι
1284 5347 1575 5417 τρισόλοις,
1624 5348 1854 5410 σκύτους

284 5439 614 5506 πικρότερον
662 5435 825 5487 αὑτὸν
884 5436 1267 5504 αἰκιξύμενοςο
1317 5437 1392 5498 ώς
1434 5439 1542 5507 γαρ
1592 5437 1723 5505 πῦρ,
1757 5436 1854 5489 καὶ

278 5528 522 5597 σκώληξ,
550 5530 641 5580 καὶ
676 5528 773 5591 ἰὸς,
806 5529 884 5589 εἰς
916 5527 1030 5594 φῶς
1057 5528 1338 5597 πφῖόντα,
1374 5530 1487 5590 τοῖς
1513 5529 1854 5595 γεννησαμέ·

278 5639 394 5682 νῆις
425 5620 668 5689 πρώτοις
692 5619 1053 5683 ἐπιϐουλεύει,
1088 5621 1231 5675 οὕτω
1270 5622 1363 5672 καὶ
1401 5620 1433 5688 ή
1462 5619 1627 5672 κακία
1654 5620 1731 5689 τῷ
1763 5619 1852 5671 κό-

281 5731 405 5782 σμῳ
446 5711 861 5775 ἐπεισελθοῦσα,
895 5710 1165 5779 ἀνθρώπῳ
1194 5712 1397 5780 πρώτῳ
1421 5711 1506 5764 διὰ
1530 5713 1716 5764 τούτου
1745 5712 1851 5765 λω-

280 5807 470 5870 Εἱται,
523 5804 601 5875 τῷ
635 5804 835 5874 ταύτης
878 5804 1214 5874 δημιουργῷ.
1260 5805 1357 5857 Διά
1412 5806 1625 5858 πάντων
1670 5804 1849 5857 τοίνυν

1949 3341 2051 3396 ciis
2084 3340 2417 3404 aﬂluentem,
2453 3348 2509 3394 et
2536 3340 2738 3393 animis
2794 3339 2960 3394 Deum
3010 3340 3328 3393 amantibus
3389 3353 3521 3393 con-

1951 3431 2176 3485 veniens
2214 3430 2535 3497 hospitium,
2572 3438 2631 3482 ut
2668 3429 2850 3493 homo,
2918 3430 3009 3498 qui
3088 3428 3161 3483 ibi
3226 3440 3518 3490 versatur,

1955 3531 2214 3592 tanquam
2237 3522 2375 3577 deus
2401 3520 2625 3589 aliquis,
2658 3521 2896 3575 subditis
2923 3520 3041 3575 suis
3069 3519 3269 3574 idonea
3297 3519 3519 3586 dispen-

1950 3624 2116 3671 saret.
2155 3613 2287 3667 Nam
2319 3614 2460 3668 hanc
2491 3615 2561 3668 ob
2583 3630 2804 3669 causam
2837 3629 2902 3667 ex
2930 3613 3145 3667 duabus
3179 3613 3343 3665 rebus
3370 3611 3522 3662 valde

1952 3707 2097 3762 inter
2137 3720 2196 3760 se
2223 3705 2695 3776 discrepantibus,
2736 3704 3039 3759 irrationali
3070 3717 3233 3772 atque
3267 3703 3519 3758 rationali

1952 3808 2148 3853 natura
2178 3797 2472 3863 conﬂatur,
2531 3806 2586 3852 ut
2623 3798 2841 3850 ratione
2896 3795 3005 3850 rite
3062 3794 3523 3848 administrentur

1952 3890 2262 3954 terrestria,
2319 3890 2484 3944 sicuti
2520 3889 2781 3957 potentiis
2816 3886 3081 3956 angelicis
3135 3885 3404 3940 caelestia.
3453 3884 3525 3938 At

1954 3996 2084 4035 vero
2115 3996 2240 4034 cum
2276 3980 2613 4039 mandatum,
2646 3979 2789 4048 quod
2814 3978 2888 4031 illi
2919 3979 3104 4031 datum
3149 3988 3251 4039 est,
3285 3978 3336 4030 in
3376 3992 3512 4029 con-

1954 4079 2220 4141 temptum
2254 4071 2439 4140 potius
2469 4086 2634 4140 quam
2666 4069 3001 4124 desiderium
3035 4077 3299 4127 traxerat,
3357 4076 3523 4130 atque

1953 4161 2096 4214 malo
2123 4161 2437 4221 accedente,
2472 4158 2575 4211 hoc
2600 4159 2722 4226 ipso
2755 4165 2997 4210 mutatus
3028 4164 3147 4210 erat
3170 4153 3348 4223 quoad
3423 4170 3519 4205 ua-

1956 4263 2154 4315 turatn,
2188 4260 2353 4321 atque
2384 4251 2438 4305 in
2469 4248 2875 4313 corruptionem
2926 4248 3202 4316 vitamque
3237 4244 3520 4299 bestialem

1954 4348 2263 4415 prolapsus,
2284 4357 2576 4397 commune
2607 4342 2772 4395 etiam
2804 4339 2981 4392 hrntis
3019 4339 3252 4392 sortitus
3301 4352 3386 4387 esi
3427 4336 3523 4386 ho-

1954 4436 2203 4504 spitium.
2240 4435 2511 4487 Exsulans
2558 4432 2779 4499 quidem
2814 4428 2957 4482 felici
3005 4430 3118 4481 lare
3153 4426 3257 4495 ipsi
3316 4424 3522 4477 dudum

1884 4560 1931 4619 υ
1955 4539 2244 4585 concesso.
2276 4524 2477 4593 (neque
2508 4521 2656 4575 enim
2709 4519 2791 4572 fas
2816 4528 2933 4571 erat
2959 4532 3081 4571 eum
3109 4516 3199 4583 qui
3228 4515 3335 4578 jam
3376 4512 3527 4579 ahjc-

1958 4624 2112 4671 cerat
2138 4614 2474 4685 splendidam
2504 4609 2861 4666 mortalitatis
2883 4616 3111 4667 vestem,
3139 4609 3316 4659 locum
3354 4606 3519 4657 istum

1960 4709 2229 4772 habitare,
2250 4706 2341 4776 qui
2370 4705 2772 4772 corruptionem
2806 4716 2869 4754 ac
2896 4700 3278 4753 mortalitatem
3314 4696 3525 4759 noviti,

1959 4802 2013 4853 in
2042 4800 2332 4854 confusum
2368 4797 2515 4851 hunc
2569 4805 2621 4849 et
2672 4803 2966 4864 cognatum
3020 4791 3283 4844 mundum
3329 4789 3527 4841 merito

1959 4888 2303 4951 trudebatur,
2362 4886 2504 4939 unde
2532 4884 2700 4939 etiam
2760 4890 3073 4948 assumptus
3139 4883 3355 4939 fuerat;
3412 4879 3524 4938 tui,

1958 4989 2217 5047 tanquam
2278 4975 2595 5044 comparilis
2657 4983 2867 5028 naturae
2932 4972 2999 5025 de
3049 4986 3148 5025 sua
3204 4969 3526 5023 infelicitate

1956 5072 2299 5141 impertiens,
2334 5068 2559 5120 vanitati
2592 5081 2714 5119 eum
2742 5063 2997 5131 subjecit,
3028 5070 3190 5129 atque
3220 5060 3525 5112 mortalita-

1955 5164 2027 5217 tis
2057 5171 2111 5215 et
2144 5160 2377 5214 miseria:
2406 5159 2582 5211 locum
2630 5154 2885 5210 reddidit.
2946 5153 3043 5207 llic
3092 5161 3281 5205 autem
3328 5149 3523 5202 istius-

1956 5252 2100 5306 modi
2130 5251 2306 5306 factus
2344 5249 2535 5302 merito
2566 5248 2716 5315 paria
2753 5244 3001 5313 rependit
3029 5244 3099 5304 ei,
3133 5242 3223 5309 qui
3282 5239 3517 5308 primum

1955 5344 2062 5409 ipsi
2114 5350 2526 5410 corruptionem
2581 5336 2785 5400 intulit,
2836 5335 2988 5389 curis
3032 5342 3083 5388 et
3151 5336 3433 5391 arumnis,
3468 5337 3528 5381 et

1954 5435 2346 5498 sollicitudine,
2380 5442 2640 5499 tanquam
2666 5429 2937 5491 sentibus,
2975 5426 3197 5496 gravius
3236 5437 3398 5492 quam
3427 5420 3527 5472 ﬂa-

1954 5528 2094 5597 gello
2124 5540 2299 5594 ipsum
2325 5523 2595 5589 afﬂigens.
2627 5521 2760 5574 Nam
2797 5528 2854 5572 ut
2914 5517 3079 5587 ignis,
3107 5524 3161 5569 et
3188 5514 3408 5575 verutis,
3464 5520 3520 5562 et

1958 5620 2113 5672 virus
2148 5617 2201 5670 iu
2267 5615 2446 5668 lucem
2492 5613 2693 5667 emissa
2754 5608 3070 5679 parentibus
3116 5606 3231 5661 suis
3285 5604 3523 5672 primum

1954 5709 2303 5771 insidiantur,
2335 5706 2407 5758 ita
2426 5712 2477 5757 et
2508 5702 2708 5756 malum
2734 5702 2940 5754 intrans
2971 5700 3023 5751 in
3047 5698 3308 5750 mundqu
3347 5695 3521 5747 honti.

1950 5816 2071 5858 nem
2096 5802 2327 5869 primum
2344 5807 2617 5853 auctorem
2651 5810 2743 5864 per
2765 5795 2942 5863 ipsum
2973 5791 3133 5847 laedit.
3170 5788 3323 5843 Hunc
3354 5788 3520 5858 igitur
