4244 6428
723 386 821 451 14⁸1

1904 387 2270 445 MATTH/Ef
2320 388 2740 448 BLASTARIS

3877 385 3979 451 148

718 499 1014 569 pertinrut,
1062 508 1211 555 recta
1265 502 1474 555 scilicet
1524 500 1668 553 circa
1705 500 1975 555 Deitatem
2009 501 2185 563 notio,
2240 510 2298 555 et
2330 507 2370 563 Α

2330 507 2370 563 Α
2403 503 2573 567 ἑστὼς
2616 504 2675 557 τὸ
2730 504 2917 573 σχῆμα
2962 503 3055 557 τοῦ
3092 503 3457 574 τετραγώνου,
3511 503 3631 563 ταῖς
3671 501 3982 570 ίσομέτροις

711 595 1096 646 mandatorum
1151 591 1482 653 observatio,
1538 598 1725 642 monet
1778 599 1829 644 te
1879 605 2140 644 numerus
2192 589 2285 643 ille

709 684 872 735 etiam
908 685 959 735 in
996 684 1099 736 fide
1137 690 1343 737 sanetae
1371 680 1659 736 Trinitatis
1695 682 1907 735 ftrnmm
1949 693 2001 735 et
2030 682 2282 735 stabilem

709 788 851 838 esse,
903 783 962 827 et
1002 773 1265 825 virtutum
1314 773 1582 826 circulum
1623 773 1766 826 haud
1814 772 1994 826 obiter
2040 787 2282 849 ponere:

709 877 897 915 verum
956 864 1118 917 etiam
1181 874 1409 933 utraque
1472 875 1729 933 tanquam
1793 864 2064 933 primitias
2115 866 2285 919 totius

711 958 842 1010 anui
882 959 989 1012 Deo
1022 957 1237 1019 offerre,
1271 960 1572 1028 praesertim
1616 970 1863 1028 tempore
1910 959 2126 1027 jejunii.
2180 957 2289 1013 Ho-

708 1047 813 1101 stis
845 1048 1009 1116 igitur
1045 1056 1099 1101 et
1131 1050 1481 1103 adversarius
1511 1051 1605 1119 qui
1634 1051 1867 1105 salutem
1903 1050 2123 1105 coalitus
2154 1066 2290 1105 con-

709 1155 923 1195 cessam
973 1140 1133 1195 nobis
1165 1142 1389 1205 invidet,
1436 1142 1625 1196 videns
1659 1158 1760 1197 nos
1801 1144 1974 1211 pluris
2018 1142 2290 1197 facientes

712 1234 990 1296 virtutem,
1030 1248 1192 1300 quam
1232 1233 1389 1286 valde
1438 1236 1623 1287 varias
1665 1234 1780 1287 vitii
1824 1234 2036 1303 species
2065 1275 2079 1296 ,
2122 1248 2174 1289 et
2207 1236 2289 1288 in-

711 1331 1019 1376 strumenta
1085 1324 1257 1392 ipsius
1314 1341 1435 1390 quae
1504 1326 1558 1378 in
1598 1326 1761 1380 nobis
1811 1335 1971 1391 sunt,
2031 1337 2287 1397 tanquam

711 1414 906 1466 animae
959 1422 1162 1481 pestem
1214 1416 1418 1482 ejicere
1471 1427 1760 1483 conantes,
1794 1433 1944 1472 arma
1996 1418 2284 1472 adversum

715 1517 813 1557 uos
836 1504 1004 1557 sumit
1038 1520 1160 1557 cum
1198 1506 1451 1560 insolenti
1484 1508 1880 1577 prmparatione
1904 1550 1917 1572 ,
1944 1520 1998 1563 et
2033 1519 2287 1580 tanquam

714 1593 1022 1650 defectores
1062 1597 1323 1652 reducere
1349 1606 1546 1663 tentat,
1591 1610 1645 1653 et
1684 1604 1839 1670 quasi
1875 1601 2137 1673 fugitivos
2162 1619 2287 1673 per-

714 1689 947 1743 suadere
972 1690 1122 1757 cupit
1146 1700 1201 1742 ut
1228 1693 1324 1759 ipsi
1352 1707 1454 1747 nos
1478 1694 1642 1764 239
1666 1696 2076 1755 submittamus.
2123 1704 2288 1764 atque

716 1780 871 1833 frena
904 1796 1009 1833 non
1042 1782 1413 1843 excutiamus,
1445 1799 1618 1853 neque
1642 1788 1824 1854 pravis
1865 1786 2109 1841 moribus
2134 1788 2288 1843 abre-

2396 595 2624 662 γωνίαις
2667 594 2775 648 τῶν
2805 594 3057 662 πλευρῶν
3088 594 3431 663 ἐρειδόμενον
3457 610 3470 622 ·
3502 594 3530 645 ὁ
3559 592 3613 644 δὲ
3644 591 3846 650 κύκλος
3870 591 3984 642 τῶν

2395 687 2609 757 ἀρετῶν
2642 688 2902 758 ἐμφαίνει
2943 687 3040 756 τὴν
3074 687 3210 756 πρὸς
3246 686 3447 745 ἑαυτὰς
3494 683 3764 743 κυκλικὴν
3797 683 3986 751 περίο⁴

2396 783 2505 836 δον.
2550 782 2768 852 Ἐπειδὴ
2803 782 2911 852 γὰρ
2955 780 3132 835 ταῦτα
3168 780 3506 851 προσοικειοῖ
3533 777 3616 846 τῷ
3657 776 3798 845 Θεῷ,
3846 777 3881 846 ἦ
3922 792 3981 827 τε

2394 872 2529 942 ὀρθὴ
2562 873 2690 943 περὶ
2719 872 2779 926 τδ
2802 872 2957 927 Θεῖον
2983 872 3272 943 ὑπόληψις,
3306 872 3399 925 καὶ
3428 873 3459 939 ὴ
3490 870 3598 924 τῶν
3630 869 3860 921 ἐντολῶν
3885 869 3985 935 τή-

2400 977 2578 1030 ρησις,
2612 961 2856 1016 διδάσκει
2898 978 2956 1015 σε
3001 963 3029 1015 ό
3068 962 3303 1030 ἀριθμὸς
3333 962 3426 1014 καὶ
3456 961 3514 1013 ἐν
3550 962 3614 1029 τῇ
3658 960 3841 1012 πίστει
3874 960 3975 1021 τῆς

2398 1054 2561 1121 ἁγίας
2590 1054 2820 1123 Τριὰδος
2846 1054 3057 1125 ἑδραῖον
3081 1049 3223 1106 εἶναι
3248 1052 3343 1107 καὶ
3369 1052 3731 1120 ἀμετάθετον,
3768 1050 3859 1101 καὶ
3894 1047 3985 1099 τὸν

2398 1150 2601 1204 κύκλον
2648 1151 2756 1201 τῶν
2804 1148 3016 1217 ἀρετῶν
3066 1147 3140 1217 μὴ
3177 1149 3233 1199 ἐν
3267 1146 3534 1216 παρέργῳ
3580 1146 3811 1221 τιθέναι,
3844 1142 3983 1196 ἀλλὰ

2399 1244 2492 1297 καὶ
2529 1243 2819 1312 ἀμφότερα
2849 1241 2923 1303 ὡς
2958 1239 3212 1311 ἀπαρχὴν
3242 1239 3335 1292 τοῦ
3369 1239 3491 1291 ὅλου
3524 1234 3774 1290 ἐνιαυτοῦ
3811 1250 3986 1304 προσ-

2398 1336 2648 1404 κομίζειν
2676 1333 2816 1404 Θεῷ,
2847 1335 2902 1385 ἓν
2942 1332 3019 1401 τῷ
3067 1332 3168 1401 τῆς
3204 1314 3469 1401 νηστείας
3507 1329 3743 1399 μάλιστα
3778 1325 3980 1396 καιρῷ.

2395 1424 2468 1476 Ὀ
2519 1425 2699 1477 τοίνυν
2747 1427 2846 1493 τῆς
2896 1422 3167 1491 σωτηρίας
3216 1421 3376 1491 ἡμῶν
3420 1420 3628 1474 ἄνωθεν
3673 1418 3984 1488 βασκαίνων

2400 1518 2594 1589 ἐχθρὸς
2628 1516 2721 1569 καὶ
2753 1516 3036 1584 πολέμιος.
3066 1516 3210 1585 ὁρῶν
3246 1515 3389 1583 ἡμᾶς
3435 1513 3562 1583 περὶ
3603 1510 3851 1571 πλείονος
3881 1507 3987 1576 τὴν

2397 1613 2602 1681 ἀρετὴν
2657 1612 3039 1681 ποιουμένους,
3084 1625 3193 1660 των
3239 1610 3339 1677 τῆς
3376 1606 3575 1667 κακίας
3619 1603 3775 1656 εἰδῶν
3809 1602 3985 1653 ὄντων

2398 1700 2686 1761 πλειόνων,
2741 1701 2837 1751 καὶ
2885 1698 2956 1750 τὰ
3006 1698 3065 1750 ἐν
3115 1698 3249 1767 ἡμῖν
3284 1693 3450 1749 αὑτοῦ
3484 1693 3657 1763 σκεύη
3689 1693 3764 1755 ὡς
3803 1692 3986 1760 λύμην

2397 1794 2575 1860 ψυχῆς
2624 1793 2888 1861 ἄντικρυς
2940 1776 3226 1843 ἐκϐάλλειν
3279 1787 3681 1855 διεγερθέντας,
3728 1785 3795 1837 τὰ
3841 1784 3988 1837 ὅπλα

718 1871 1058 1935 unutiemus,
1116 1872 1213 1925 sed
1270 1874 1505 1929 assuetis
1557 1877 1847 1932 affectibus
1891 1879 2295 1950 indulgeamus.
2334 1874 2371 1926 Β

2334 1874 2371 1926 Β
2404 1884 2524 1936 καθ’
2557 1883 2715 1954 ἡμῶν
2742 1882 2887 1953 αἴρει
2924 1882 3044 1951 μεθ’
3077 1879 3434 1951 ὑπερηυάνου
3465 1875 3849 1948 παρασκευῆς,
3891 1875 3987 1926 καὶ

716 1961 868 2017 Solet
889 1962 1032 2017 enim
1055 1972 1112 2017 ut
1133 1964 1428 2033 plurimum
1450 1968 1672 2038 iniquus
1694 1970 1783 2023 ille
1802 1986 1898 2026 eos
1920 1973 2011 2042 qui
2038 1989 2065 2023 a
2088 1973 2298 2040 passio-

718 2051 883 2106 uibtts
900 2052 1121 2107 liberari
1142 2069 1501 2125 summopere
1522 2061 1765 2119 student.
1792 2061 2030 2117 ferocius
2052 2064 2295 2132 aggredi,

716 2152 770 2195 et
803 2146 1273 2200 vehementiorem
1308 2146 1601 2203 affectuum
1657 2150 1930 2205 ﬂatntuam
1978 2154 2298 2216 accendere,

718 2236 962 2305 seipsum
1015 2250 1209 2293 contra
1264 2254 1362 2295 eos
1417 2241 1548 2295 totis
1603 2242 1815 2297 viribus
1869 2257 2182 2313 opponens,
2243 2255 2297 2296 ut

719 2331 915 2384 anima:
953 2330 1328 2387 fortitudian
1363 2335 1727 2389 tentatiouum
1768 2338 2024 2391 violentia
2075 2338 2299 2401 vincat;

718 2422 862 2489 quod
912 2432 966 2475 et
1001 2422 1143 2477 Deus
1183 2428 1296 2480 fieri
1330 2428 1622 2495 permittit,
1657 2438 1711 2480 ut
1763 2430 1918 2498 probi
1959 2428 2093 2482 fiant
2125 2429 2302 2482 Inani-

719 2513 869 2574 festi,
942 2525 996 2567 et
1051 2516 1387 2573 for:issimos
1452 2520 1567 2587 ipsa
1628 2522 1951 2574 colluctatio
2014 2520 2299 2583 ostendat,

718 2616 884 2675 atque
919 2610 1082 2661 etiam
1118 2610 1355 2663 Immites
1390 2625 1488 2664 nos
1523 2625 1713 2681 gerere
1767 2612 2076 2676 discamus,
2124 2627 2303 2681 neque

721 2698 775 2750 in
832 2700 1101 2755 nobismet
1142 2701 1395 2754 fiduciam
1457 2719 1680 2771 pone-re,
1720 2704 2036 2772 maioraque
2088 2704 2304 2772 penitus

719 2806 1062 2858 aversemur,
1119 2797 1339 2864 quando
1399 2797 1561 2865 plane.
1599 2807 1937 2865 compertam
1969 2798 2303 2864 habeamus

724 2895 976 2938 naturam
1010 2889 1131 2956 ejus
1170 2888 1532 2957 perniciosam
1581 2898 1634 2943 ct
1670 2889 1920 2943 fallacem
1951 2898 2003 2942 et
2032 2892 2306 2958 impetuo-

725 2994 863 3033 sam.
903 2976 994 3032 Est
1027 2990 1207 3033 autem
1236 2982 1451 3052 insigne
1494 2983 1854 3052 malignitatis
1901 2982 2075 3051 iniqui
2112 2997 2303 3035 exem-

726 3073 873 3139 plum
900 3072 1064 3125 etiam
1095 3073 1303 3126 l’harao
1330 3075 1441 3135 ille.
1466 3076 1556 3144 qui
1580 3075 1709 3127 olim
1732 3072 1984 3127 Isratlem
2017 3073 2298 3127 subditum

726 3164 942 3227 tenuit;
1018 3166 1123 3219 iste
1197 3167 1343 3219 enim
1384 3224 1391 3229 ,
1429 3165 1687 3220 lsraelem
1753 3180 1911 3219 suam
1979 3165 2299 3218 diuturnam

728 3259 1048 3314 servitu:etn
1076 3274 1219 3327 :egre
1248 3260 1599 3323 tolerantem,
1634 3270 1685 3313 et
1720 3259 1938 3313 liberari
1967 3261 2300 3326 cupientem,

724 3366 790 3404 co
866 3351 1210 3419 gravioribus
1286 3351 1566 3405 laboribus
1638 3349 1849 3413 alllixit,
1920 3359 1973 3402 et
2039 3350 2302 3403 lateribus

728 3444 987 3511 parandis
1021 3444 1303 3495 incurvum
1349 3442 1478 3495 fecit
1508 3443 1799 3511 imaginem
1835 3442 2094 3510 pra-ferre
2126 3443 2305 3496 servi-

730 3534 863 3586 tutis
917 3533 1210 3587 Samnii-te.
1266 3533 1329 3585 Et
1374 3534 1481 3587 iste
1544 3533 1752 3602 pariter
1789 3549 1887 3588 nos
1918 3534 1969 3586 in
2015 3542 2211 3588 terram
2253 3541 2308 3583 ct

733 3641 947 3681 terrena
1016 3628 1229 3679 inhiare
1289 3626 1458 3696 cogi',
1526 3636 1578 3679 et
1647 3632 1822 3679 totum
1879 3626 2125 3679 animum
2186 3625 2307 3678 istis

729 3720 1049 3790 adjungere,
1090 3736 1214 3772 cuin
1251 3721 1504 3774 omnibus
1548 3722 1656 3774 una
1686 3718 1948 3774 sensibus
1983 3730 2089 3772 tam
2127 3726 2311 3772 exter-

731 3814 817 3867 nis
848 3828 1014 3884 quam
1055 3812 1307 3878 internis,
1345 3824 1398 3866 et
1438 3813 1507 3866 ad
1551 3828 1639 3868 res
1683 3812 2039 3867 insensibiles
2085 3811 2310 3865 minime

729 3920 854 3956 eum
892 3905 1124 3973 erigere.
1165 3901 1382 3957 Pharao
1432 3904 1653 3973 quidem
1708 3904 2057 3958 tributariam
2113 3902 2216 3955 sibi
2248 3918 2311 3955 ac

731 3994 1037 4061 subjectam
1076 3996 1265 4047 habuit
1298 3994 1625 4067 Aigyptum,
1656 4012 1779 4064 qua:
1811 3996 2197 4064 interpretanti
2228 4002 2311 4046 est

733 4088 1007 4151 tenebrae;
1036 4087 1109 4140 ita
1147 4095 1200 4141 et
1230 4088 1318 4140 hic
1347 4089 1803 4143 intellertualium
1831 4090 2083 4158 princeps
2117 4086 2310 4157 appel-

733 4180 874 4231 latur
914 4180 1290 4234 tenebrarum.
1348 4181 1424 4234 Illi
1473 4196 1621 4235 curae
1672 4190 1790 4235 erat
1840 4181 1986 4234 filios
2036 4182 2313 4233 masculos

732 4271 982 4338 perdere,
1047 4281 1101 4325 et
1173 4272 1300 4326 huic
1355 4274 1521 4327 etiam
1586 4276 1825 4342 potiores
1895 4272 2308 4341 cogitationes:

730 4376 902 4428 quare
952 4372 1006 4417 et
1053 4361 1170 4417 Rex
1226 4372 1408 4417 uoster
1457 4365 1738 4426 Christus,
1775 4365 1863 4417 ubi
1905 4380 2003 4417 nos
2033 4364 2214 4416 erudit
2245 4361 2311 4414 ad

733 4454 934 4508 bellum
965 4472 1089 4510 cum
1121 4471 1185 4509 eo
1209 4459 1536 4525 gerendum,
1561 4468 1614 4511 et
1654 4457 2009 4512 concertaudi
2045 4457 2310 4509 rationem

2403 1972 2490 2030 οἷα
2540 1970 2787 2045 φυγάδας
2836 1970 3136 2041 ἐπανάγειν
3182 1973 3462 2042 πειρᾶται,
3507 1969 3604 2023 καὶ
3652 1969 3728 2031 ὡς
3780 1968 3989 2036 δραπε-

2400 2071 2667 2123 τευόντων
2724 2067 3209 2137 ἀντιλαμὸἁνεται,
3258 2064 3513 2118 ὑπείκειν
3559 2060 3712 2131 αύτῷ
3747 2060 3988 2115 κελεύων

2404 2164 2496 2217 καὶ
2541 2163 2615 2232 μὴ
2648 2162 2907 2231 ἀφηνιᾷν,
2955 2159 3089 2230 μηδὲ
3130 2161 3246 2219 ταῖς
3277 2158 3542 2227 πνιηραῖς
3577 2143 3986 2208 ἀποτάττεσθαι

2405 2255 2740 2323 συνηθείαις,
2766 2253 2899 2307 ἀλλὰ
2923 2255 3034 2313 τοῖς
3066 2251 3313 2304 εἰωθόσιν
3334 2246 3783 2316 ὲγκαλινδοῦσθαι
3816 2244 3991 2298 παθε-

2406 2368 2513 2403 σιν.
2555 2348 2707 2400 ψιλεί
2750 2348 2859 2416 γὰρ
2903 2345 2977 2409 ὼς
3012 2346 3216 2398 ἐπίπαν
3245 2344 3274 2396 δ
3303 2341 3563 2412 πονηρὸς,
3595 2342 3709 2402 τοῖς
3763 2341 3985 2407 ὲπειγο-

2408 2444 2587 2509 μένοις
2618 2440 2728 2492 τῶν
2766 2438 2951 2493 παθῶν
2980 2436 3436 2507 ὲλευθερωθῆναι,
3468 2433 3843 2505 μανικώτερον
3870 2435 3986 2485 ὲπι-

2405 2533 2672 2597 τιθεσθαι,
2711 2533 2804 2587 καὶ
2848 2532 3215 2602 σφοδροτέραν
3261 2530 3371 2582 τῶν
3408 2526 3601 2581 παθῶν
3644 2526 3990 2579 ὐπανάπτειν

2405 2628 2504 2695 τὴν
2539 2626 2735 2695 φλόγα,
2769 2626 2963 2678 ἑαυτὸν
3004 2627 3117 2687 τοῖς
3147 2623 3288 2685 ὅλοις
3326 2621 3641 2685 ἀντιτιθεὶς,
3677 2620 3762 2673 ἶνα
3806 2619 3986 2688 ψυχῆς

2405 2720 2628 2787 ἀνδρίαν
2688 2716 3015 2788 πειρασμῶν
3062 2717 3314 2787 κρατήσῃ
3364 2716 3675 2784 περιουσίᾳ,
3713 2711 3808 2764 τοῦ
3848 2710 3989 2761 θεοῦ

2405 2814 2564 2865 τοῦτο
2590 2810 3019 2881 συγχωροῦντος,
3052 2809 3201 2870 ὅπως
3224 2810 3273 2859 οἱ
3303 2808 3517 2876 δόκιμοι
3540 2806 3763 2876 φανεροὶ
3794 2806 3991 2871 γένων-

2406 2923 2516 2971 ται,
2549 2906 2641 2958 xxi.
2671 2904 2822 2975 δείξῃ
2851 2903 2979 2964 τοὺς
3017 2901 3273 2970 ἀρίστους
3310 2901 3342 2969 ἡ
3385 2899 3551 2968 πάλη,
3604 2900 3697 2951 καὶ
3731 2913 3990 2960 τατςινοο

2410 3000 2627 3069 φρονεῖν
2686 2995 3049 3064 διδαχοῶμεν,
3104 2993 3197 3045 καὶ
3243 2993 3378 3061 ἡμῖν
3415 2992 3599 3052 αύτοῖς
3743 2990 3988 3060 θαρρεῖν,

2408 3094 2502 3143 καὶ
2544 3089 2642 3157 τὴν
2692 3090 2893 3140 κακίαν
2950 3086 3151 3147 τελέως
3201 3084 3552 3153 μισήσωμεν,
3591 3082 3992 3151 ἑναργέστερτν

2410 3182 2772 3249 καταγνόντες
2803 3179 2971 3247 αὐτῆς
3021 3178 3083 3230 τὸ
3127 3175 3349 3244 φονικὸν
3401 3175 3540 3242 ὁμοῦ
3578 3179 3670 3227 καὶ
3710 3174 3990 3238 ἀπατηλὸν

2408 3277 2501 3330 καὶ
2538 3275 2845 3343 ἐξάγιστον.
2884 3268 3155 3341 Ἐναργὴς
3185 3268 3242 3321 δὲ
3270 3268 3370 3337 τῆς
3400 3265 3496 3319 τοῦ
3528 3264 3771 3335 πονηροῦ
3798 3262 3990 3316 σκαιό-

2404 3386 2567 3439 τητος
2613 3366 2800 3428 εἰκὼν,
2838 3365 2932 3419 καλ⁸
2964 3366 2991 3417 ό
3021 3362 3191 3416 πάλαι
3251 3360 3342 3413 τὸν
3405 3358 3628 3429 Ἰσραὴλ
3672 3356 3991 3426 ὑποχείριον

2408 3458 2659 3530 ἐσχηκὼς
2686 3458 2886 3527 Φαραὼ
2912 3472 2924 3485 °
2957 3455 3147 3508 τοῦτον
3172 3453 3280 3520 γὰρ
3313 3454 3569 3514 κάκεῖνος
3594 3449 3994 3518 παραπλησίως

2407 3555 2471 3621 τῇ
2501 3550 2700 3620 χρονίῳ
2724 3547 3127 3617 δυσχεράναντα
3153 3544 3391 3613 δουλεία.
3429 3544 3525 3595 καὶ
3548 3542 3645 3611 τὴν
3677 3539 3995 3607 ἐλευθερῖαν

2409 3643 2699 3699 ποθοῦντα,
2734 3643 2847 3702 τοῖς
2881 3638 3284 3708 χαλεπωτέροις
3328 3639 3438 3687 τῶν
3474 3635 3651 3704 ἔργων
3687 3631 3994 3702 τηνικαῦτα

2413 3737 2614 3808 μᾶλλον
2645 3734 2907 3799 ἐξέθλιϐε,
2937 3731 3033 3785 καὶ
3067 3733 3133 3800 τῇ
3173 3729 3534 3799 πλινθουργία
3582 3728 3993 3793 συγκεκυιρότα,

2409 3830 2470 3880 τὸ
2497 3828 2595 3896 τῆς
2619 3824 2864 3886 δουλείας
2894 3822 3131 3875 είσάπαν
3158 3818 3543 3891 παρεσκεύαζε
3571 3818 3756 3887 σχῆμα
3785 3817 3999 3870 δεικνύ-

2412 3939 2517 3972 ναι.
2549 3918 2641 3979 Ὠς
2673 3917 2731 3969 δὲ
2756 3917 2848 3968 καὶ
2877 3907 3032 3978 οὗτος
3062 3914 3196 3982 πρὸς
3220 3914 3318 3981 τὴν
3347 3913 3449 3979 γῆν
3483 3913 3632 3981 ἡμᾶς
3664 3911 3761 3963 καὶ
3788 3912 3851 3961 τὰ
3871 3910 4000 3976 71'}?-

2412 4029 2476 4064 να
2513 4009 2742 4062 συνωθεῖ
2776 4008 3085 4076 κεχηνέναι,
3125 4006 3218 4058 καὶ
3268 4004 3484 4065 τούτοις
3533 4005 3655 4057 ὅλον
3703 4004 3999 4072 πρῖσέχτιν

2413 4104 2502 4157 τὶν
2529 4102 2676 4165 νοῦν,
2706 4102 2804 4154 σὺν
2840 4101 3042 4162 πάσαις
3073 4098 3211 4167 ὁμοῦ
3238 4102 3357 4161 ταῖς
3384 4100 3693 4167 ὁρωμέναις
3726 4099 3822 4148 καὶ
3848 4112 4001 4147 νοου-

2417 4195 2606 4264 μέναις
2642 4192 2952 4263 αἰσθήσεσι,
2983 4196 3075 4243 καὶ
3104 4192 3241 4259 πρδς
3286 4190 3350 4241 τὰ
3384 4190 3524 4259 ὑπὲρ
3560 4188 3818 4257 αἴσθησιν
3861 4188 4000 4249 ὅλως

2418 4288 2494 4357 μὴ
2529 4283 2832 4346 ἀνανεύειν,
2868 4283 3138 4350 ὑπόψορον
3173 4283 3381 4343 ἐκεῖνος
3408 4276 3521 4349 εἶχε
3565 4282 3665 4348 τὴν
3696 4281 3998 4344 Αἴγυπτον,

2414 4379 2536 4448 ἣτις
2568 4377 2930 4445 ἑρμηνεύεται
2968 4376 3156 4436 σκότος
3178 4390 3191 4401 '
3229 4373 3413 4441 ἅρχων
3440 4377 3533 4424 καὶ
3556 4366 3713 4431 οὗτος
3745 4369 3840 4421 τοῦ
3876 4387 4002 4435 von,-

2414 4467 2509 4519 τοῦ
2542 4466 2979 4535 προσηγόρευται
3016 4464 3260 4527 σκότους,
3294 4461 3488 4530 tadum
3539 4460 3625 4512 δια
3671 4460 3905 4526 σπουίἦς
3934 4453 4003 4526 ἦν

732 4548 869 4601 bene
909 4549 1169 4618 disponit,
1215 4550 1429 4619 jejunio
1470 4568 1569 4605 nos
1620 4560 1819 4613 armat,
1867 4561 1919 4603 et
1953 4553 2223 4612 oratione,
2262 4560 2313 4601 et
2346 4571 2394 4630 θ

2346 4571 2394 4630 D
2424 4559 2531 4608 τῶν
2555 4558 2756 4609 παῖδων
2796 4556 3040 4626 φθείρειν
3064 4556 3131 4605 τὰ
3156 4555 3387 4625 ἄρρενα,
3419 4552 3511 4604 καὶ
3537 4551 3713 4621 τούτῳ
3745 4552 3872 4612 τοὺς
3906 4552 4002 4620 ἐρ-

732 4641 919 4694 eordis
975 4645 1428 4711 compunctione.
1510 4644 1645 4696 Nam
1720 4646 1950 4698 istorum
2029 4644 2315 4697 contraria

733 4733 1035 4789 accendere
1093 4736 1276 4789 solent
1329 4736 1641 4790 daemonum
1700 4736 1907 4790 rabiem
1971 4752 2079 4789 non
2134 4736 2317 4788 minus

733 4842 898 4894 quam
928 4827 1114 4881 oleosa
1150 4828 1367 4896 ignem;
1399 4838 1451 4880 et
1484 4829 1565 4881 sic
1598 4828 1688 4883 ille
1721 4841 1823 4882 nos
1850 4828 2009 4896 jubet
2049 4827 2318 4883 adversus

735 4918 923 4974 hostes
953 4919 1308 4984 contendere,
1363 4921 1455 4989 qui
1510 4921 1625 4990 ipse
1670 4929 1754 4974 est
1781 4919 1914 4984 dux,
1962 4928 2018 4973 et
2059 4920 2319 4975 defensor

738 5018 1049 5080 protegens,
1107 5019 1160 5062 et
1208 5025 1333 5063 cum
1370 5012 1707 5067 lurtautibus
1757 5027 1865 5066 una
1900 5028 2171 5082 pugnans,
2202 5013 2319 5081 ipse

735 5103 981 5168 vincens,
1019 5111 1071 5157 et
1103 5104 1384 5172 praemium
1418 5113 1601 5159 tamen
1636 5106 1794 5160 nobis
1824 5105 2059 5161 donans.
2099 5104 2317 5170 Quanta

737 5197 1187 5265 estjudiciorum
1244 5208 1463 5252 tuorum
1515 5200 1749 5270 abyssus
1801 5215 2020 5254 omnem
2074 5200 2311 5252 admira-

739 5294 942 5344 tionem
981 5302 1224 5343 nostram
1260 5305 1558 5359 superans,
1609 5292 1835 5346 Domine
1860 5293 2127 5345 Creator!
2168 5291 2321 5344 Sicut

740 5383 907 5450 igitur
954 5383 1160 5438 milites
1211 5383 1355 5437 diem
1403 5385 1705 5455 praeliando
1770 5386 2135 5448 insumentes,
2173 5386 2320 5438 circa

742 5486 1024 5542 vesperam
1087 5475 1321 5545 dispersi
1353 5479 1535 5532 cibum
1604 5489 1878 5547 qtneruut,
1936 5488 2195 5548 parantes
2256 5493 2319 5529 ex

742 5566 934 5633 spoliis
988 5568 1410 5622 tumultuariam
1468 5585 1739 5634 nzensam,
1805 5589 1872 5626 ne
1930 5575 2077 5625 vires
2127 5586 2320 5625 eorum

744 5662 967 5726 penitus
1035 5661 1338 5727 deficiant,
1407 5665 1670 5733 quoniam
1744 5668 2033 5735 postmodo
2084 5667 2318 5719 alterum

748 5759 1009 5817 impetum
1063 5752 1115 5803 iu
1156 5750 1428 5805 Barbaros
1468 5753 1652 5808 facere
1687 5758 1917 5823 cupiunt
1949 5776 1962 5807 :
1996 5773 2119 5809 nam
2155 5757 2323 5811 boves

744 5838 905 5908 genio
935 5840 1271 5906 sacrificare,
1307 5851 1360 5895 et
1393 5858 1450 5897 sc
1473 5844 1729 5914 saginare
1761 5846 1969 5902 mittes
2003 5862 2111 5900 non
2142 5849 2324 5911 decet,

2416 4652 2691 4721 ρωμένους
2723 4650 2832 4702 τῶν
2871 4650 3170 4719 λογισμῶν.
3204 4647 3392 4717 Ίάύτῃ
3423 4663 3507 4697 τοι
3542 4645 3636 4697 καὶ
3681 4647 3709 4697 ό
3746 4644 4003 4712 βασιλεὺς

2415 4741 2845 4813 ἠμῶνΧριο-τὸτ,
2876 4744 2967 4792 τὸν
2998 4740 3133 4802 πρὸς
3165 4739 3328 4791 αὐτὸν
3357 4737 3593 4806 πόλεμον
3622 4737 3769 4804 ἡμᾶς
3802 4738 4001 4786 ἐκπαι-

2418 4836 2610 4899 δεύων,
2642 4835 2736 4886 καὶ
2778 4834 2877 4903 τὴν
2923 4832 3166 4899 ἀγωνίαν
3202 4827 3261 4884 εὖ
3302 4830 3449 4900 μάλα
3478 4829 3877 4897 διατιθέμενος,
3908 4844 4005 4895 νη-

2421 4927 2574 4997 στείᾳ
2614 4925 2934 4989 καθοπλίζει
2963 4925 3054 4977 καὶ
3086 4925 3389 4993 προσευχῇ,
3424 4922 3518 4974 καὶ
3548 4920 3840 4984 κατανύξει
3865 4936 4003 4985 κίρ-

2422 5020 2538 5082 δίας
2564 5019 2654 5079 (τὰ
2680 5019 2789 5085 γὰρ
2813 5019 3033 5070 ἐναντία
3064 5015 3272 5068 τούτων
3297 5015 3552 5079 ἐξάπτειν
3577 5011 3701 5063 καθ’
3725 5011 3882 5079 ἡμῶν
3903 5027 4005 5077 τῖεν

2425 5112 2535 5164 τῶν
2564 5111 2831 5179 δαιμόνων
2857 5112 3066 5176 πέφυκε
3095 5110 3315 5168 λύτταν,
3344 5106 3443 5175 ούχ
3466 5099 3630 5175 ἦττον
3660 5105 3691 5173 ἢ
3719 5104 3785 5156 τὰ
3814 5103 4007 5154 ἐλαιώ-

2422 5207 2485 5274 δη
2520 5205 2576 5256 τὸ
2615 5205 2769 5271 πῦρ),
2812 5206 2906 5255 καὶ
2946 5202 3089 5254 οὕτω
3132 5202 3245 5262 τοῖς
3280 5199 3560 5265 πολεμίοις
3605 5197 3769 5265 ὁμόσε
3804 5199 4004 5265 χωρεῖν

2422 5298 2732 5365 ἐπιτρέπει,
2778 5292 2942 5356 αὐτὸς
2998 5290 3343 5362 στρατηγῶν,
3414 5289 3573 5351 αὐτὸς
3640 5287 4003 5356 ὑπερμαχῶν,

2426 5390 2799 5458 προασπίζων.
2852 5385 3240 5456 προπολεμῶν,
3292 5382 3415 5443 τοὺς
3455 5380 3786 5442 ἀντιπάλους
3840 5382 4005 5439 αύτὶς

2427 5481 2615 5545 νικῶν,
2662 5479 2838 5531 καίτὸ
2885 5478 3138 5548 βραϐεῖον
3172 5480 3303 5546 ἡμῖν
3346 5474 3732 5544 χαριζόμενος.
3772 5474 3873 5525 Οἴα
3908 5490 4005 5525 σου

2426 5574 2533 5625 τῶν
2586 5572 2869 5642 κριμάτων
2921 5573 2953 5641 ἡ
3003 5570 3272 5632 ἄδυσσοςῑ
3342 5568 3609 5636 μειζόνων
3650 5566 4006 5636 ἢκαθ“ἡῖι5ς

2428 5664 2712 5733 θαυμάσαι
2744 5664 3100 5733 πραγμάτων,
3144 5661 3448 5730 δημιουργὲ
3500 5658 3693 5724 Κύριε.
3741 5658 4006 5731 Καθαπερ

2427 5752 2520 5807 οὖν
2550 5758 2598 5807 οἱ
2629 5754 2986 5825 στρατιῶται,
3028 5752 3447 5822 διημερεύοντες
3480 5752 3537 5802 ἐν
3564 5752 3630 5819 τῇ
3659 5751 3829 5820 μάχῃ,
3854 5750 4006 5816 μόλις

2427 5850 2562 5919 πρὸς
2597 5849 2655 5901 ὲσ
2674 5848 2837 5917 πέραν
2859 5845 3229 5919 διακριθέντες
3282 5842 3484 5914 τροφῆς
3522 5843 3848 5912 μέμνηνται,
3884 5846 4010 5909 exs"-
