4244 6428
711 395 814 455 155

1889 394 2042 452 ΜΑΤ
2047 395 2091 452 Τ
2102 392 2253 451 HA“
2298 390 2718 452 BLASTARIS

3859 383 3958 448 156

705 503 993 560 subinnuit
1027 512 1077 557 et
1102 506 1360 573 parabola
1391 504 1624 566 Domini,
1657 504 1747 572 qui
1788 505 1842 558 in
1882 503 2091 556 vineam
2121 518 2273 555 suam
2308 508 2350 562 Α

2308 508 2350 562 Α
2384 503 2532 571 παρὰ
2567 501 2661 555 τοῦ
2695 500 3111 570 μισθωσαμένου
3137 499 3263 562 τοὺς
3295 499 3531 568 ἐργάτας
3565 497 3642 560 είς
3674 496 3765 549 τον
3791 497 3959 549 αὑτοῦ

704 595 988 663 Operarios
1022 596 1308 661 conduxit,
1361 606 1528 666 atque
1577 597 1770 661 exivit,
1821 606 1874 649 et
1926 612 2086 650 mane
2129 597 2273 648 circa

709 689 898 740 horam
954 688 1192 750 tertiam.
1233 697 1286 741 et
1320 689 1484 742 etiam
1511 699 1684 752 sexta,
1721 695 1775 742 et
1804 704 1968 750 nona,
2010 697 2061 740 et
2106 687 2277 741 unde-

708 778 879 844 cima;
915 794 1020 848 qua
1043 780 1260 845 quidem
1287 780 1419 834 hora
1442 791 1493 833 et
1523 780 1776 834 Christus
1808 779 2069 834 conduxit
2088 791 2277 849 gentes

705 870 771 922 ad
815 884 979 939 opera
1035 870 1402 938 spiritualium
1457 871 1839 924 mandatorum
1898 882 2142 936 vocatas,
2200 870 2276 924 lta

703 965 869 1017 etiam
945 965 1194 1017 laborum
1275 964 1613 1034 praemium,
1692 965 1928 1035 primum
2012 964 2281 1033 posterio-

708 1053 857 1106 ribus
899 1054 1075 1107 datur.
1108 1051 1243 1106 Nam
1290 1069 1390 1109 nos
1443 1053 1907 1123 regenerationem
1943 1055 2104 1122 primi
2136 1055 2281 1108 obti-

707 1156 926 1209 nemus,
957 1145 1098 1208 apud
1133 1160 1271 1214 quos
1291 1153 1568 1199 mactatus
1599 1153 1682 1199 est
1705 1143 2087 1214 Christus,qui
2113 1147 2277 1201 etiam

707 1252 998 1305 resurgens
1047 1253 1078 1292 a
1136 1240 1371 1293 mortuis
1403 1237 1668 1307 Spiritum
1703 1247 1952 1291 sanctum
1998 1241 2051 1291 in
2105 1240 2278 1294 nostri

708 1325 1118 1379 renovationem
1187 1326 1506 1381 insnﬂlavit.
1576 1327 1848 1392 Quoniam
1920 1341 2053 1382 vero
2117 1336 2280 1382 aetate

709 1417 900 1470 mundi
933 1420 1120 1484 quinta
1156 1431 1381 1470 carnem
1427 1418 1728 1486 assumpsit
1781 1417 2064 1484 Servator,
2097 1433 2283 1473 resur-

710 1509 852 1561 rexit
882 1518 1061 1563 autem
1089 1508 1175 1561 die
1204 1518 1399 1562 octavo
1427 1510 1649 1581 (quippe
1669 1517 1792 1580 post
1819 1510 2133 1578 septimam,
2163 1512 2277 1564 sive

712 1602 1037 1665 Sabbatum,
1062 1602 1311 1670 sequitur
1331 1604 1448 1657 dies
1470 1610 1685 1667 octava,
1706 1618 1827 1672 quae
1847 1613 1929 1657 est
1950 1604 2276 1673 Dominica):

711 1693 937 1746 siducas
954 1703 1078 1746 octo
1105 1693 1155 1746 in
1175 1674 1439 1762 quinque,
1463 1693 1688 1747 habebis
1709 1693 2099 1762 quadraginta,
2118 1708 2280 1761 quem

716 1799 1005 1837 numerum
1051 1784 1489 1853 delinquentium
1531 1785 1702 1854 plaga:
1747 1786 1888 1838 haud
1922 1794 2280 1854 exsuperant;

979 1834 1002 1835 η
1057 1834 1489 1853 τν--τντ-κη-ν--ηη
1532 1834 1699 1854 τ--ήυη
1927 1834 2034 1838 ----
2063 1834 2280 1854 τν---ην

716 1886 839 1926 nam
881 1874 925 1928 si
959 1877 1316 1936 excesserint,
1365 1874 1564 1942 inquit,
1607 1875 1868 1943 vapulans
1910 1873 2129 1928 infamis
2161 1874 2282 1929 red-
2315 1834 2358 1893 Β

714 1965 863 2018 ditur
899 1981 916 2019 :
953 1965 1128 2033 turpis
1161 1967 1304 2018 enim
1334 1981 1526 2019 revera
1575 1974 1657 2018 est
1697 1974 1750 2018 et
1799 1964 2017 2019 infamis
2047 1966 2139 2035 qui
2169 1965 2279 2029 jam

713 2057 954 2125 amplius
1004 2057 1244 2125 vapulat,
1288 2055 1412 2111 dico
1447 2067 1626 2110 autem
1680 2066 1800 2125 post
1853 2058 2083 2124 gratiam
2123 2059 2282 2112 dicta:

715 2147 1076 2202 remissionis.
1101 2147 1235 2201 Nam
1263 2157 1357 2201 aut
1393 2159 1650 2215 tanquam
1693 2147 1928 2201 infidelis
1955 2148 2280 2215 castigatur,

715 2254 1107 2312 ant-tanquam
1163 2250 1285 2313 post
1332 2243 1717 2299 remissionem
1766 2243 1820 2297 in
1870 2244 2055 2313 priora
2085 2241 2283 2297 delicta

715 2342 1023 2411 prolapsus,

785 2438 924 2504 Quid
962 2446 1140 2492 autem
1169 2438 1376 2493 dixeris
1407 2437 1475 2491 de
1507 2439 1734 2493 muliere
1775 2457 1895 2509 quae
1927 2443 2030 2512 legi
2078 2453 2284 2496 natura:

714 2533 976 2601 indulget,
1016 2539 1180 2601 atque
1232 2539 1452 2599 propter
1509 2533 1788 2587 carnalem
1843 2537 2172 2604 volup'atetn
2230 2536 2284 2588 in

717 2634 874 2677 utero
901 2632 1092 2691 gestat,
1129 2633 1181 2676 et
1211 2628 1560 2690 postmodum
1599 2624 1652 2676 in
1679 2625 1855 2678 lucem
1895 2627 2062 2680 fetum
2127 2644 2284 2681 suum

717 2714 851 2779 edit,
893 2729 961 2766 an
990 2714 1053 2767 ad
1090 2716 1272 2767 minus
1326 2729 1484 2782 qnam
1513 2715 1582 2769 40
1624 2715 1740 2769 dies
1773 2731 1801 2770 a
1855 2718 2094 2771 ﬁdelium
2142 2736 2290 2771 com—

719 2805 977 2858 munione
1025 2815 1188 2874 atque
1228 2806 1401 2859 sacris
1448 2807 1727 2874 mysteriis
1788 2808 2136 2862 excluditur?
2190 2811 2291 2862 Mi-

721 2898 864 2951 nime
913 2911 1080 2961 sanc;
1134 2904 1211 2949 tot
1265 2897 1410 2950 enim
1460 2897 1653 2952 diebus
1684 2909 1738 2951 et
1793 2897 2048 2964 originali
2086 2900 2205 2953 labe
2235 2912 2289 2955 et

720 2988 902 3054 priore
945 2987 1222 3055 voluptate
1266 2986 1410 3039 illaut
1453 2988 1670 3056 purgari
1720 2987 1874 3056 jubet
1909 2988 1992 3040 lex
2031 2987 2284 3055 Mosaica_

717 3079 874 3130 Anne
904 3077 1066 3130 etiam
1103 3091 1333 3144 magnus
1365 3077 1453 3131 ille
1498 3077 1676 3131 Moses
1716 3077 1874 3131 istius
1904 3078 2116 3130 numeri
2153 3080 2289 3131 obli-

2382 594 2704 663 ἀμπελῶνα,
2735 593 2794 656 ὃς
2827 593 3052 661 ἐξῆλθεν
3085 593 3202 661 ἅμα
3228 590 3373 661 πριυῖ
3405 592 3533 661 περὶ
3567 592 3758 661 τρίτην
3787 589 3956 657 ὤραν,

2380 688 2475 739 καὶ
2517 685 2593 750 ς’,
2628 688 2722 740 καὶ
2750 686 2813 750 θ’,
2849 688 2940 738 καὶ
2970 686 3058 751 ια’,
3099 685 3219 739 καθ’
3252 685 3320 756 ἣν
3354 683 3706 752 ἐμισθώσατο
3734 684 3801 734 τὰ
3834 682 3962 750 εθνη

2380 779 2408 830 ὁ
2437 779 2669 847 Χριστὸς
2698 766 3012 848 κεκλημένα
3043 778 3177 846 πρὸς
3214 777 3483 847 ἐργασίαν
3516 777 3628 830 τῶν
3657 793 3962 843 πνευματι-

2382 871 2494 924 κῶν
2522 870 2770 937 ἐντολῶν,
2801 871 2886 923 ὅτε
2920 871 3011 923 καὶ
3059 871 3182 925 τῶν
3219 869 3400 940 ἔργων
3448 869 3477 920 6
3511 867 3702 936 μισθὸς
3743 869 3961 936 πρῶτον

2379 966 2494 1026 τοῖς
2548 965 2793 1034 ὑστέροις
2843 965 3189 1017 ἀποδίδοται)
3239 963 3446 1032 πρῶτοι
3501 963 3612 1029 γὰρ
3649 964 3812 1031 ἡμεῖς
3853 963 3958 1031 τὴν

2381 1052 2741 1119 ἀναγέννησιν
2790 1052 3151 1121 κομιεύμεθα,
3206 1047 3288 1115 οἷς
3341 1052 3503 1122 ἐτύθη
3556 1052 3813 1120 Χριστὸς.
3862 1052 3960 1104 καὶ

2382 1144 2620 1206 ἀναστὰς
2665 1143 2725 1196 τὸ
2768 1143 2923 1211 ἆγιον
2962 1147 3042 1207 είς
3078 1145 3423 1199 ἀνακαίνισιν
3463 1144 3622 1213 ἡμῶν
3655 1145 3960 1212 ἐνεφύσησε

2381 1236 2624 1305 Πνεῦμα.
2663 1237 2820 1288 Ἐπεὶ
2848 1238 3027 1290 τοίνυν
3051 1236 3438 1308 ἐνηνθρὼπησε
3469 1238 3568 1306 μὲν
3591 1237 3681 1288 τὸν
3708 1237 3961 1304 πέμπτον

2382 1330 2577 1399 καιρὸν
2619 1330 2646 1382 ὁ
2696 1331 2913 1402 Σωτὴρ,
2953 1332 3158 1400 ἀνέστη
3187 1332 3244 1384 δέ
3274 1335 3340 1401 τῇ
3386 1331 3546 1401 ὀγδόῃ
3591 1331 3772 1401 ἡμέρᾳ
3798 1331 3962 1399 (μετα

2381 1421 2490 1491 γὰρ
2516 1421 2613 1491 τὴν
2640 1422 2898 1492 ἑϐδόμην,
2945 1425 3065 1493 ἦτοι
3112 1424 3174 1476 τὸ
3218 1424 3511 1491 σάδδατον,
3548 1424 3707 1492 ὀγδόη
3747 1425 3963 1485 πάντως

2383 1516 2416 1584 ἡ
2453 1515 2572 1584 μετ’
2599 1516 2816 1588 ἐκείνην
2847 1517 3149 1588 Κυριακὴ),
3180 1522 3228 1570 εἰ
3263 1518 3524 1580 πεντάκις
3552 1518 3642 1571 τὸν
3676 1525 3727 1587 η’
3764 1519 3970 1587 μετρή-

2384 1625 2522 1670 σεις,
2555 1610 2810 1679 εὑρήσεις
2855 1611 2946 1662 τὸν
2995 1616 3071 1679 μ’,
3101 1609 3160 1662 ὃν
3183 1611 3283 1680 οὐχ
3309 1610 3733 1678 ὑπερϐαίνουσιν
3768 1610 3823 1661 αἱ
3863 1610 3968 1676 μα-

2386 1717 2568 1768 στιγες
2597 1701 2707 1753 τῶν
2735 1703 3161 1771 ἁμαρτανόντων
3184 1721 3197 1733 ο
3227 1706 3274 1757 εἰ
3310 1705 3353 1757 δ’
3393 1704 3821 1774 ὑπερδήσονται,
3857 1720 3932 1769 φη
3952 1732 3966 1742 ο

2390 1795 2494 1856 σ“.ν,
2529 1794 2904 1862 ἀσχημονήσει
2944 1796 2972 1847 ὀ
3003 1796 3421 1866 μαστιζόμενος,
3453 1797 3718 1865 ἀσχήμων
3747 1796 3854 1864 γὰρ
3883 1796 3970 1846 δι-

2386 1896 2494 1941 τως
2542 1883 2637 1932 καὶ
2669 1883 2862 1950 ἄτιμος
2906 1885 2933 1937 ὁ
2967 1885 3363 1954 μαστιζόμενος
3405 1887 3508 1951 ἔτι,
3541 1887 3685 1954 λέγω
3722 1886 3784 1950 δὴ
3833 1886 3969 1953 μετὰ

2387 1970 2489 2042 τὴν
2524 1973 2686 2043 χάριν
2720 1954 3150 2046 τῆς-εἰρημένης
3197 1979 3444 2045 ἀφέσεως
3471 1995 3484 2010 ’
3539 1979 3572 2048 ἢ
3621 1981 3730 2046 γὰρ
3767 1978 3842 2038 ὼς
3893 1979 3968 2045 μὴ

2388 2063 2690 2128 πιστεύσας
2743 2067 3088 2134 μαστίζεται,
3137 2069 3169 2138 ἢ
3213 2069 3287 2131 ὡς
3320 2068 3458 2137 μετὰ
3494 2068 3594 2139 τὴν
3623 2069 3816 2138 ἄφεσιν
3858 2069 3968 2128 τοῖς

2391 2153 2688 2227 προτέροις
2719 2159 3030 2226 περιπεσὼν
3057 2160 3473 2232 ἁμαρτήμασιν.

2461 2438 2528 2490 Τί
2559 2436 2604 2488 δ’
2635 2435 2702 2489 ἂν
2743 2437 2919 2498 εῖποις
2968 2434 3225 2504 περὶτῆς
3272 2434 3633 2502 δουλευούσης
3672 2435 3824 2506 νόμῳ
3873 2435 3975 2502 φύε

2395 2544 2533 2590 σεως
2583 2525 2865 2594 γυναικὸς,
2907 2527 3000 2578 καὶ
3030 2526 3153 2578 καθ’
3185 2527 3379 2597 ἡδονὴν
3420 2526 3714 2596 ἐπιθυμίας
3769 2531 3976 2596 σαρκὸς

2393 2618 2658 2687 κυούσης,
2697 2619 2790 2669 καὶ
2828 2620 2908 2680 είς
2936 2618 3050 2684 φῶς
3093 2618 3444 2687 προαγούσης
3492 2617 3552 2670 τὸ
3583 2618 3769 2686 κύημα
3798 2637 3811 2680 ;
3845 2614 3976 2683 'Ap‘

2396 2707 2473 2766 εἰς
2507 2705 2761 2767 ἐλάττους
2807 2706 2918 2758 τῶν
2952 2711 3006 2773 μ’
3035 2707 3283 2776 ἡμερῶν,
3335 2707 3430 2758 καὶ
3476 2706 3575 2775 τῆς
3623 2707 3731 2760 τῶν
3768 2711 3977 2760 πιστῶν

2398 2799 2685 2860 κοινωνίας
2753 2799 2846 2850 καὶ
2907 2799 3018 2850 τῶν
3081 2800 3445 2866 ἀγιασμάτων
3499 2799 3858 2866 ἐκδάλλεταις
3893 2804 3973 2854 Οὐ

2395 2890 2531 2956 δῆθα
2553 2907 2566 2920 ⁸
2603 2889 2689 2941 διὰ
2721 2889 2994 2942 τοσούτων
3021 2890 3129 2958 γὰρ
3152 2890 3377 2959 ἡμερῶν
3403 2890 3497 2942 καὶ
3524 2891 3618 2942 τοῦ
3649 2894 3976 2961 προγονικοῦ

2401 2981 2730 3050 μιάσματος,
2765 2981 2860 3034 καὶ
2903 2983 3001 3050 τῆς
3037 2981 3166 3050 πρὶν
3200 2981 3392 3050 ἡδονῆς
3420 2980 3625 3050 ταύτην
3657 2985 3978 3054 ἐκκαθαίρε.

2399 3072 2526 3125 σθαι
2572 3073 2600 3123 ὁ
2641 3072 2734 3124 τοῦ
2775 3075 3017 3136 Μωσέως
3049 3074 3210 3142 νόμος
3238 3076 3633 3132 διακελεύεται.
3677 3077 3835 3129 Ἀλλὰ
3883 3076 3979 3128 τοῦ

721 3181 807 3222 tos
845 3179 963 3221 erat
1013 3183 1135 3221 cum
1185 3170 1405 3222 oceasio
1456 3167 1695 3222 ferebat?
1745 3169 1964 3223 Minime
2032 3171 2283 3237 quidem;
2317 3159 2397 3215 Cl

2317 3159 2358 3215 Β
2393 3165 2630 3234 ἀριθμοῦ
2660 3165 2851 3218 τούτου
2885 3168 2940 3217 ἐν
2973 3166 3050 3235 τῷ
3091 3165 3344 3219 καλοῦντι
3377 3168 3469 3220 τοῦ
3507 3169 3701 3239 καιροῦ
3732 3172 3758 3222 ὁ
3790 3170 3983 3237 μέγας,

723 3275 846 3313 nam
899 3276 992 3327 per
1021 3259 1382 3329 quadraginta
1437 3261 1558 3314 dies
1589 3275 1811 3313 carnem
1863 3276 2174 3323 maceratis,
2232 3270 2286 3315 et

722 3351 884 3403 nubis
908 3351 1084 3404 instar
1116 3360 1428 3414 attenuans,
1467 3351 1698 3404 liberum
1725 3352 1968 3405 animum
2013 3353 2194 3405 attulit
2221 3354 2286 3405 ad

727 3441 1137 3509 suscipiendum
1197 3441 1666 3496 manifestationes
1719 3441 1959 3506 divinas,
2014 3454 2069 3495 et
2119 3444 2290 3498 multo

723 3532 945 3600 quidem
990 3531 1212 3585 meliora
1249 3531 1477 3599 lapideis
1517 3532 1623 3587 illis
1675 3532 1895 3594 tabulis,
1939 3549 2076 3601 quas
2107 3550 2136 3587 a
2184 3535 2290 3589 l)eo

726 3625 1018 3692 :lCt'iplCltS,
1066 3641 1172 3678 non
1236 3625 1405 3677 multo
1447 3635 1567 3693 post
1606 3640 1716 3694 pra:
1753 3625 1964 3679 fervido
1999 3627 2115 3680 zelo
2160 3641 2290 3679 cou-

729 3716 907 3784 frrgit.
937 3714 1166 3780 Ideoque
1187 3716 1453 3768 secundas
1481 3717 1624 3781 leges
1659 3729 1878 3784 rogans,
1917 3717 2161 3786 iramque
2196 3717 2286 3771 Dei

729 3825 754 3857 a
787 3809 983 3875 populo
1004 3807 1334 3873 deprecans,
1360 3805 1597 3872 totidem
1615 3807 1730 3861 dies
1752 3823 1812 3860 ac
1835 3809 2290 3879 priusjejunabal.

731 3899 1046 3968 Pariterque
1088 3913 1186 3951 nos
1213 3898 1425 3951 tabulas
1456 3900 1666 3966 peccati
1718 3898 1906 3954 fraude
1949 3901 2001 3954 in
2035 3903 2293 3956 cordibus

732 3991 930 4045 ttOslriS
984 4000 1294 4053 concretas,
1335 3990 1462 4044 dum
1516 3991 1650 4059 legis
1703 4005 1961 4061 praerepta
1993 3994 2292 4060 rejicinms,

730 4097 921 4136 rursus
945 4074 1108 4149 puras
1151 4081 1324 4142 reddi,
1353 4091 1404 4132 et
1436 4082 1605 4148 legem
1645 4080 1737 4135 Dei
1781 4084 1910 4151 ipsis
1931 4084 2160 4153 insculpi
2189 4086 2296 4138 dis-

728 4175 984 4241 (-iplinam
1024 4187 1120 4242 per
1169 4171 1704 4239 Quadragestmalem
1767 4188 2050 4228 curamus.
2111 4175 2296 4242 Neque

730 4265 908 4317 istboc
933 4265 1162 4315 utultum
1188 4276 1216 4313 a
1255 4263 1353 4314 viri
1382 4261 1660 4330 proposito
1682 4263 1939 4317 abludere
1981 4280 2123 4319 reor.
2159 4265 2295 4319 Nam

730 4356 910 4410 Moses
941 4357 1046 4409 iste
1085 4354 1168 4408 vir
1206 4369 1458 4409 summus
1490 4355 1555 4406 ad
1608 4365 1716 4407 tres
1766 4369 2034 4408 annorum
2069 4365 2298 4411 tessara-

729 4449 990 4500 coutadus
1016 4448 1177 4498 vitam
1235 4445 1421 4503 traxit,
1469 4454 1632 4512 atque
1661 4459 1848 4497 earum
1902 4447 2130 4514 primam
2166 4449 2299 4501 tole-

728 4541 872 4592 rarit
932 4540 982 4591 in
1059 4538 1293 4607 Egypto
1354 4535 1597 4591 scientia:
1663 4538 2010 4604 acquirendae
2074 4541 2295 4609 gratia:

732 4634 900 4685 altera
940 4631 1119 4699 ipsum
1167 4629 1322 4693 vidit,
1357 4629 1422 4683 de
1475 4644 1656 4682 rerum
1715 4630 1924 4683 naturis
1981 4632 2082 4685 sub
2123 4632 2296 4686 forma

734 4727 989 4790 pastoris,
1071 4723 1240 4776 tnulto
1309 4735 1435 4773 cum
1519 4719 1719 4773 sudore
1803 4707 2296 4789 philo-aopliantem,

731 4814 921 4866 ultima
948 4825 1127 4865 autem
1150 4813 1404 4881 populum
1438 4810 1668 4865 inﬁnitis
1685 4827 1804 4864 cum
1836 4813 2114 4867 laboribus
2136 4816 2296 4868 rexit.

731 4924 823 4957 τον
854 4903 964 4975 εἶχε
992 4905 1118 4974 περὶ
1144 4907 1242 4974 τὴν
1271 4903 1509 4972 θεωρίαν
1548 4903 1656 4955 τῶν
1696 4903 1886 4965 ὄντων,
1923 4905 1979 4956 ἐν
2008 4909 2249 4977 σχήματι
2283 4913 2562 4981 ποιμένος,
2594 4907 2809 4971 πολλοῖς
2836 4908 3021 4978 ἱδρῶσι
3054 4910 3447 4978 φιλοσοφοῦντα
3487 4928 3498 4940 ·

732 4998 826 5050 τοῦ
851 4997 1087 5066 πλήθους
1113 4998 1410 5065 ἡγεμονίαν
1442 4995 1656 5065 μυρίοις
1676 4995 1959 5064 διεχείριζε
1982 4998 2182 5062 πόνοις.

807 5095 942 5159 Quid
975 5109 1098 5146 vero
1120 5094 1476 5144 azltttlraliunc
1512 5091 1726 5160 dignius
1755 5106 1914 5158 quam
1976 5093 2106 5146 illud
2170 5113 2288 5167 pro-

735 5188 911 5256 phet.e
945 5185 1210 5238 Thisbita:
1243 5201 1270 5236 a
1302 5182 1520 5237 Jrzabel
1555 5184 1883 5253 aufugientis
1911 5187 1933 5238 τ’
1970 5189 2098 5255 quid
2153 5191 2296 5241 enim

737 5281 792 5332 in
832 5279 931 5331 hoc
959 5293 1086 5330 casu
1116 5277 1382 5345 optimum
1410 5285 1463 5329 et
1505 5277 1781 5345 propheta:
1815 5279 2048 5332 titaxime
2109 5296 2303 5334 com-c-

739 5369 896 5420 nieus
926 5369 1096 5419 risum
1144 5367 1242 5418 luit
1282 5366 1305 5417 ?
1368 5382 1545 5418 annon
1584 5368 2061 5434 puescnlissimutn
2109 5373 2301 5440 jejunii

740 5458 1218 5512 remedium?$ed
1249 5473 1345 5509 nec
1381 5473 1590 5524 acquum
1631 5457 1977 5512 existimabat
2013 5479 2300 5516 numerum

741 5552 894 5603 illum
923 5552 1223 5617 pra-terim,
1262 5549 1450 5617 quoin
1490 5550 1639 5616 gravi
1693 5551 1796 5603 ista
1849 5553 2304 5619 contemplatione

744 5649 980 5692 ususest
1009 5659 1020 5692 :
1047 5639 1173 5705 quia
1194 5651 1240 5692 et
1266 5653 1499 5705 ιιοευρυι
1518 5647 1592 5690 tet
1617 5639 1904 5700 atnlmbus,
1923 5643 2064 5709 quod
2084 5642 2304 5704 dit-itur,

745 5731 978 5798 pedibus
1008 5746 1032 5781 a
1061 5729 1280 5782 .lt-aabcl
1312 5727 1590 5796 aulugrre.
1622 5725 1753 5780 Nam
1777 5730 1884 5788 illa,
1911 5746 2026 5798 qua:
2050 5732 2283 5799 inte:prc

746 5822 915 5876 tando
951 5823 1030 5875 vis
1068 5824 1360 5877 luctusest.
1384 5832 1660 5886 peccatum
1689 5821 2310 5897 alglﬂﬁtaLQUOdHtlblS

2394 3253 2546 3318 οὗτος
2598 3257 2801 3324 Μωσῆς
2847 3256 3232 3326 ἑπιλέλησταις
3268 3259 3472 3311 Πολλοῦ
3517 3278 3580 3328 γε
3627 3261 3720 3312 καὶ
3755 3261 3870 3312 δεῖ·
3909 3261 3960 3311 δι

2395 3347 2620 3416 ἡμερῶν
2644 3348 2751 3414 γὰρ
2797 3353 2848 3415 μ’
2878 3347 3102 3417 νηστεία
3123 3348 3221 3417 τὴν
3257 3350 3437 3418 σάρκα
3461 3350 3716 3420 ἐκτήξας,
3743 3353 3838 3405 καὶ
3863 3352 3978 3403 ῶσο

2397 3457 2502 3505 περ
2544 3456 2594 3490 τι
2621 3439 2785 3505 νέφος
2818 3438 3109 3504 λεπτύνας,
3142 3441 3466 3511 ἐλευθερίως
3511 3443 3588 3512 τῷ
3620 3444 3697 3512 νῷ
3734 3448 3980 3514 παρέσχε

2395 3533 2494 3592 τὰς
2532 3531 2687 3593 θείας
2718 3531 2988 3598 ἐμφάσεις
3017 3533 3362 3597 εἰσδέξασθαι
3388 3549 3404 3564 ·
3435 3539 3529 3587 καὶ
3555 3536 3735 3605 πολλῷ
3771 3555 3833 3603 γε
3861 3539 3981 3603 βέλ-

2398 3640 2512 3675 τιον
2538 3623 2644 3675 τῶν
2685 3622 2905 3676 λιθίνων
2938 3624 3184 3685 πλακῶν,
3215 3624 3281 3686 ἃς
3314 3626 3499 3678 θεόθεν
3530 3627 3729 3694 λαϐὼν,
3768 3631 3886 3698 μετ’
3916 3633 3976 3681 ο)

2400 3714 2535 3766 πολὺ
2561 3713 2718 3782 θυμῷ
2743 3714 2937 3782 δικαίῳ
2966 3715 3255 3783 συνέτριψε
3282 3731 3298 3748 ·
3332 3715 3413 3768 διὸ
3443 3717 3539 3769 καὶ
3570 3717 3831 3787 δευτέρας
3860 3721 3985 3788 an,

2403 3807 2514 3868 θεὶς
2559 3806 2904 3875 νομοθεσίας,
2936 3808 3031 3859 καὶ
3073 3808 3166 3859 τὸν
3213 3808 3339 3861 λαὸν
3367 3810 3467 3879 τῆς
3501 3811 3674 3880 ὀργῆς
3715 3812 3813 3865 τοῦ
3841 3813 3980 3866 Θεοῦ

2404 3897 2865 3966 παραιτούμενος,
2903 3899 3000 3950 οῦκ
3028 3900 3284 3963 ἐλάττους
3309 3902 3418 3954 τῶν
3449 3905 3734 3973 προτέρων
3765 3907 3985 3974 ἡμέρας

2403 3992 2787 4058 νενήστευκεν.
2842 3992 2931 4053 Ὠς
2965 3991 3021 4043 δέ
3063 3995 3156 4043 καὶ
3182 3994 3344 4060 ἡμεῖς
3369 3993 3469 4056 τὰς
3505 3997 3884 4065 πεπονηκυίας
3917 4001 3983 4066 τῇ

2401 4084 2498 4150 τῆς
2527 4084 2804 4152 ἁμαρτίας
2847 4084 3106 4153 ἐπιϐουλῇ
3153 4087 3251 4154 τῆς
3283 4085 3512 4154 καρδίας
3554 4087 3711 4155 ἡμῶν
3740 4087 3983 4149 πλάκας,

2402 4177 2500 4236 τὰς
2536 4174 2753 4236 ἐντολὰς
2780 4175 3162 4245 ἀπωσαμένων
3186 4175 3278 4227 τοῦ
3307 4179 3497 4246 νόμου,
3534 4179 3990 4249 ἁπειλικρινημέ-

2406 4285 2499 4328 νας
2544 4265 2698 4329 αὖθις
2752 4267 3044 4336 κτισθῆναι
3088 4272 3183 4320 καὶ
3222 4269 3311 4320 τὸν
3351 4269 3445 4320 τοῦ
3475 4269 3611 4323 Θεοῦ
3663 4272 3826 4338 νόμον
3885 4273 3986 4323 :15-

2405 4361 2522 4422 ταῖς
2554 4359 2966 4428 ἐγχαραχθῆναι
3006 4360 3382 4429 σπουδάζομεν
3427 4361 3513 4412 διὰ
3565 4361 3662 4429 τῆς
3715 4379 3989 4430 τέσσαρα.

2409 4449 2748 4517 κονθημέρου
2784 4450 3176 4513 κακοπαθειας.
3215 4452 3348 4503 Οὑδέ
3382 4451 3540 4505 τοῦτο
3577 4449 3731 4521 οἶμαι
3770 4454 3859 4506 τοῦ
3894 4457 3986 4506 ἁλι-

2404 4541 2529 4610 δρὸς
2569 4541 2759 4610 πόρρω
2805 4538 3022 4608 βάλλειν
3053 4541 3159 4610 τῆς
3192 4542 3500 4605 ὑποθέσεως
3528 4561 3540 4574 ·
3579 4547 3659 4605 εἰς
3687 4549 3837 4615 τρεῖς
3873 4550 3983 4614 γὰρ

2405 4632 2543 4684 ἐτῶν
2573 4633 3082 4701 τεσσαρακονταδας
3135 4636 3339 4703 Μωσῆς
3372 4632 3525 4699 οὗτος
3557 4640 3583 4688 ὀ
3617 4639 3755 4690 πάνυ
3787 4638 3984 4706 βεῦιω-

2411 4723 2544 4787 κὼς,
2585 4723 2684 4783 τὴν
2721 4725 2820 4792 μέν
2882 4725 3010 4794 περὶ
3037 4726 3137 4793 τὴν
3166 4729 3436 4796 ἀνάληψιν
3478 4729 3587 4780 τῶν
3636 4732 3694 4780 ἐν
3725 4732 3986 4799 Αἰγύπτῳ

2409 4816 2748 4886 παθημάτων
2810 4817 3146 4869 κακοπαθῶν
3216 4819 3516 4872 διετέλεσεν
3568 4839 3582 4852 ν
3653 4823 3685 4890 ὴ
3754 4823 3811 4873 δέ
3865 4823 3988 4874 τοῖς

3544 4915 3608 4983 τῇ
3644 4914 3698 4965 δὲ
3727 4913 3853 4982 ἑξῆς

2477 5095 2565 5166 Τῷ
2590 5096 2646 5150 δέ
2672 5097 2732 5149 ἐκ
2760 5097 2973 5164 Θέσϐης
3004 5097 3277 5166 προφήτῃ,
3305 5089 3364 5146 οῦ
3392 5097 3442 5149 τί
3475 5097 3539 5170 ἂν
3566 5099 3741 5162 εἴποις
3773 5101 3986 5169 θαυμα-

2409 5191 2688 5258 σιώτερον,
2715 5191 2816 5257 τήν
2852 5189 3090 5250 Ἰεζάϐελ
3117 5188 3586 5259 ἁποδιδρὰσκοντι,
3616 5196 3666 5244 τί
3692 5194 3816 5245 ἄλλο
3845 5213 3984 5263 κρα-

2407 5296 2587 5330 τιστον
2631 5280 2686 5329 ἐν
2735 5280 2847 5339 τοῖς
2879 5279 3159 5339 τοιούτοις,
3216 5280 3306 5330 καὶ
3348 5283 3608 5354 προφήτῃ
3650 5284 3795 5349 μάλα
3846 5289 3983 5350 πρδς

2410 5370 2577 5437 ιτρᾶπο
2595 5391 2610 5418 λ
2643 5368 2985 5436 νενόμισται;
3012 5371 3070 5421 οῦ
3092 5370 3151 5420 τὸ
3169 5371 3582 5439 ἀνυσιμώτατον
3605 5375 3704 5442 τῆς
3729 5378 3980 5443 νηστείας

2413 5461 2736 5526 φάρμακονς
2786 5460 2944 5511 Ἀλλὰ
2974 5461 3060 5512 τὸν
3090 5462 3326 5531 ἀριθμὸν
3361 5465 3460 5516 οὐκ
3495 5465 3734 5517 ἐδικαίου
3772 5473 3984 5520 τουτονὶ

2412 5554 2693 5618 παριέναι,
2741 5552 2862 5618 μεθ’
2885 5553 2944 5603 ὃν
2974 5553 3066 5605 καὶ
3101 5554 3195 5620 τῆς
3234 5555 3476 5623 μεγάλης
3508 5557 3722 5624 ἐκείνης
3750 5558 3983 5626 Θεωρίας

2415 5640 2641 5702 ἱξίωτοο
2673 5642 2790 5693 ἀνθ’
2820 5638 2894 5695 ὧν
2927 5643 3019 5694 καὶ
3049 5644 3179 5710 ἡμῖν
3210 5644 3308 5714 τὴν
3351 5644 3586 5707 Ἰεζάϐελ
3617 5648 3680 5698 ἐκ
3712 5647 3858 5698 δυοῖν
3887 5665 3983 5699 πο-

2415 5730 2544 5789 δλῖν,
2579 5731 2651 5794 ὡς
2682 5735 2876 5799 εἰπεῖν,
2915 5735 3332 5804 ἀποδιδράσκειν
3365 5739 3676 5807 προσῆκενσ
3705 5739 3843 5808 αῦτη
3875 5743 3982 5818 γὰρ

2424 5821 2651 5885 πένθους
2691 5825 2841 5892 ἰσχὺς
2896 5825 3328 5913 ἑρμηνευομένη,
3362 5828 3457 5897 τὴν
3494 5829 3551 5880 τὸ
3591 5830 3805 5901 ἰσχυρὸν
3849 5832 3984 5914 ἡμῖν
