4244 6428
286 341 384 405 157

1273 363 1678 427 ΞΥΝΤΛΟΜΑ
1723 371 2341 438 ALPIIABETICUM.
2386 405 2449 414 -
2489 378 2550 429 Τ-

3411 393 3515 456 158

282 463 482 527 πένθος
530 467 896 536 προξενοῦσαν
951 473 1246 526 αἰνίττεται
1289 476 1586 546 ἁμαρτίαν,
1638 481 1731 532 καὶ
1771 482 1850 550 τῷ
1881 494 1958 544 At

1838 485 1850 534 i
1881 494 1924 544 Α
1953 499 2115 540 causa
2152 496 2234 542 est
2259 490 2418 544 validi
2439 492 2726 560 gravisque
2748 495 3514 566 memoris,minaturqueani-

280 552 503 624 ψυχικῷ
545 559 876 612 ἀπειλοῦσαν
922 562 1264 630 παραδώσειν
1295 566 1539 637 θανάτῳ·
1571 569 1714 623 οὕτω
1758 575 1851 625 καὶ

279 646 393 695 τῶν
439 649 689 717 ἱστοριῶν
728 651 872 702 ἔστιν
912 653 975 715 ἃς
1015 655 1042 704 ό
1077 656 1462 722 πνευματικῶς
1491 659 1852 712 ἀναπτύσσων

278 741 381 791 οὐκ
427 743 718 812 ἀμοιρήσει
744 747 1008 816 παιδείας,
1044 743 1172 814 ἦθος
1211 749 1538 818 ἀποχρώσης
1570 752 1849 820 ρυθμίσαι.

281 834 462 886 Πολλά
510 838 598 887 καὶ
646 837 721 906 τῷ
760 839 972 906 Σωτῆρι
1004 839 1096 891 τοῦ
1124 841 1361 910 ἀριθμοῦ
1394 845 1546 896 τοῦδε
1582 846 1847 914 ὲμέλησε’

281 927 384 994 τὴν
424 928 531 994 γὰρ
569 931 790 996 τριττὴν
819 931 974 997 ἡμῶν
1005 933 1279 1002 γέννησιν,
1322 933 1420 1004 τὴν
1459 936 1521 986 ix
1557 938 1848 1006 σωμάτων,

282 1019 453 1086 φημὶ,
490 1020 585 1087 τὴν
616 1021 677 1070 ὲκ
707 1020 1102 1086 βαπτίσματος,
1140 1026 1238 1090 τὴν
1272 1024 1328 1088 ἐξ
1355 1025 1724 1089 ἀναστάσεως,
1757 1029 1851 1078 καὶ

277 1111 446 1171 αὐτὸς
479 1111 758 1180 οίκονομὲα
788 1111 992 1177 μείζονι
1027 1113 1247 1181 μετιὼν,
1274 1115 1341 1167 δι’
1368 1117 1591 1184 ἡμερῶν
1612 1119 1852 1187 ἑκάστην

275 1201 687 1271 τεσσαράκοντα
746 1201 900 1272 ὤφθη
968 1204 1290 1267 τετελεκώς.
1356 1207 1509 1260 Μετά
1570 1210 1701 1275 γοῦν
1760 1213 1850 1264 τὸν

275 1295 590 1365 ἀπόρρητον
649 1297 706 1347 ἐν
756 1299 916 1364 σαρκῖ
966 1297 1146 1359 τόκον.
1195 1300 1382 1368 ἡμέρᾳ
1431 1305 1847 1374 τεσσαρακοστῇ

273 1386 354 1454 τῷ
426 1386 556 1456 ίερῷ
609 1390 1058 1457 προσενήνεκται.
1109 1388 1206 1459 τὴν
1268 1391 1407 1460 ἐμὴν
1456 1393 1852 1462 ἀφοσιούμενος

274 1479 578 1547 κάθαρσιν·
614 1480 732 1531 οὐδὲ
780 1483 888 1550 γὰρ
921 1482 1081 1542 αὖτδς
1126 1480 1328 1549 ταύτης
1382 1483 1574 1548 ἐδεῖτο,
1616 1487 1643 1537 ό
1681 1486 1852 1556 αἴρων

273 1573 372 1638 τὴν
405 1571 682 1640 ἁμαρτίαν
725 1573 820 1624 τοῦ
862 1573 1103 1643 κόσμου·
1140 1575 1280 1642 μετά
1313 1575 1444 1641 γοῦν
1474 1577 1532 1628 τὸ
1570 1577 1851 1645 βάπτισμα

277 1669 331 1728 μ’
367 1663 585 1730 ἡμέρας
623 1664 846 1733 νηστεία
895 1663 1386 1732 καθοπλισάμενος,
1438 1665 1533 1718 τοῦ
1591 1669 1849 1736 πολεμίου

273 1757 796 1824 κατεστρατήγησεν
816 1773 829 1785 ·
859 1755 918 1806 οὐ
942 1757 1048 1823 γὰρ
1078 1757 1230 1825 ἠξίου
1270 1757 1547 1826 νηστεύων
1576 1761 1849 1828 ὑπερϐάλ-

273 1850 396 1900 λειν
429 1848 496 1899 τά
521 1848 862 1916 ἐσκαμμένα,
898 1849 989 1900 καὶ
1025 1851 1138 1911 τοῖς
1172 1849 1337 1909 θείοις
1371 1851 1603 1916 ἐκείνοις
1631 1854 1855 1922 ἀνδράσι

276 1943 452 1993 πάὶαι
484 1941 840 2010 διηνυσμένα,
874 1942 957 1994 ἶνα
995 1943 1066 2012 μὴ
1108 1943 1197 1994 τὸν
1231 1943 1523 2012 ἄνθρωπον
1556 1947 1855 2016 ὑποκρίνα-

275 2036 405 2086 σοαι
439 2034 744 2102 νομισθείη.
783 2033 881 2085 Διά
902 2035 1171 2087 τοσούτων
1203 2034 1258 2086 δὲ
1290 2035 1428 2103 μετά
1458 2039 1556 2106 τὴν
1598 2039 1854 2091 ’Δνάστα-

434 2129 513 2188 εἰς
540 2126 597 2177 τὸ
621 2126 1013 2195 ὑπερουράνιον
1052 2128 1258 2180 ἄνεισιν
1286 2129 1450 2194 ἱερὸν,
1479 2130 1726 2198 καθαρὰν
1757 2131 1854 2200 τὴν

271 2219 440 2286 ἡμῶν
466 2218 627 2285 φύσιν
658 2221 715 2268 ἐν
748 2219 930 2284 ἑαυτῷ
963 2221 1235 2287 παριστὰς
1263 2221 1337 2290 τῷ
1371 2222 1490 2292 Θεῷ
1522 2223 1617 2275 καὶ
1655 2225 1850 2293 Πατρί.

283 2313 452 2366 Ἀλλὰ
486 2312 583 2365 καὶ
612 2311 711 2381 τὴν
738 2313 818 2375 είς
840 2314 1118 2378 Αἴγυπτον
1150 2313 1471 2381 φυγαδείαν,
1503 2315 1600 2385 τὴν
1634 2317 1849 2386 νοητὴν,

272 2402 449 2471 φημὶ,
472 2402 873 2463 κακοπάθειαν,
909 2401 982 2463 ὡς
1010 2401 1274 2454 κάλλιστα
1296 2403 1632 2472 διαθέμενος,
1662 2422 1851 2476 τετραο

272 2494 403 2562 ετὴς
432 2493 641 2545 ἐκεῖθεν
670 2491 730 2544 τὸ
757 2493 895 2544 κατὰ
928 2493 1104 2561 σοὶρκα
1140 2495 1436 2547 ἐπάνεισιν.
1481 2495 1567 2557 Ὠς
1590 2498 1647 2547 ἐν
1683 2514 1852 2563 κεφα-

274 2145 385 2187 σιν,

273 2588 414 2656 λαίῳ
457 2587 513 2639 δὲ
566 2587 766 2649 εἰπεῖν,
800 2586 1148 2655 συμϐολικῶς
1197 2589 1409 2650 τούτοις
1449 2591 1615 2642 πᾶσιν
1670 2591 1734 2642 ἀν
1768 2607 1850 2652 τις

271 2679 649 2751 ἀποχρώντως
669 2680 1027 2748 τεκμήραιτο,
1074 2681 1149 2742 ώς
1180 2680 1472 2748 cupiti-an;
1506 2685 1601 2751 τῆς
1637 2683 1728 2734 ὑπ’
1760 2682 1847 2735 οὖν

276 2772 468 2841 ρανὺν,
503 2775 598 2824 καὶ
629 2774 738 2824 τῶν
762 2773 820 2823 ὲν
853 2773 987 2841 αὐτῇ
1020 2771 1174 2835 ζώων
1196 2773 1274 2841 τῷ
1298 2773 1571 2844 ἀνθρώπῳ
1599 2776 1694 2842 τὴν
1723 2775 1850 2842 ἡγε-

277 2865 474 2933 μονίαν
520 2868 548 2917 ὁ
594 2864 727 2926 Θεὸς
755 2865 1091 2933 ἐγχειρίσας,
1117 2865 1218 2917 οὐκ
1251 2864 1403 2932 ἠξίου
1444 2864 1542 2934 τὴν
1576 2867 1683 2926 τοῖς
1728 2865 1832 2917 ἀλόι

275 2977 398 3021 γοις
428 2959 661 3029 βάσιμον
692 2958 898 3028 ταύτην
927 2959 1094 3028 μόνην
1145 2958 1360 3028 οἴκησιν
1418 2959 1565 3028 ἔχειν
1612 2959 1707 3012 καὶ
1758 2959 1849 3011 τὸν

275 3053 401 3105 κατ’
443 3053 629 3104 είκόνα
674 3051 885 3104 ἐκείνου
917 3051 1246 3118 γενόμενονο
1281 3051 1424 3119 παρὸ
1470 3051 1563 3104 καὶ
1610 3051 1716 3122 ίδίᾳ
1747 3053 1849 3121 πή-

273 3164 468 3213 γνυσιν
513 3145 663 3213 σὺτῷ
702 3146 922 3198 πάντων
957 3144 1187 3198 ὕστατον
1226 3144 1428 3197 ὡσανεὶ⁸
1463 3143 1711 3212 βασίλεια
1757 3145 1847 3197 τὸν

1885 1824 1927 1876 Β

1956 593 2096 630 mam
2118 581 2275 631 morti
2310 583 2538 634 tradere.
2563 583 2866 638 Occurrunt
2898 586 3060 655 igitur
3077 587 3236 658 243
3265 589 3509 643 historiae

1952 685 2091 736 quas
2123 671 2165 723 si
2197 673 2319 740 quis
2349 675 2706 739 spiritualiter
2733 678 2987 744 explicet,
3021 695 3126 731 non
3181 681 3511 735 destituetur

1954 759 2040 811 do;
2064 762 2201 813 trina
2228 779 2348 830 quae
2377 765 2441 816 ad
2473 765 2640 818 vitam
2669 766 2804 820 bene
2835 769 3194 822 ordinandam
3249 770 3508 824 sufﬁciat.

1957 852 2182 906 Multum
2213 857 2373 908 etiam
2409 858 2614 924 placuit
2653 857 2919 911 Salvatori
2951 860 3038 914 hic
3076 877 3355 915 numerus.
3386 861 3515 914 Nam

1954 941 2226 1008 triplicem
2263 951 2504 996 nostram
2567 945 3003 1013 generationem,
3057 950 3417 1016 corporalem,
3465 959 3521 1001 et

1955 1030 2360 1096 baptismalem.
2393 1044 2446 1086 et
2491 1034 2644 1086 illam
2695 1036 3132 1100 resurrectionis,
3187 1037 3303 1105 ipse
3353 1040 3518 1090 etiam

1957 1125 2325 1190 praestantiori
2371 1127 2776 1194 dispensatione
2815 1128 3123 1192 sustinens,
3194 1130 3518 1197 quamlibet,

1955 1214 2198 1282 inquam,
2254 1217 2616 1287 quadraginta
2647 1219 2842 1271 diebus
2871 1218 3169 1286 perfecisse
3202 1219 3356 1273 visus
3405 1229 3517 1274 est.

1957 1305 2050 1361 Die
2077 1308 2221 1361 enim
2261 1318 2380 1376 post
2431 1308 2766 1362 ineffabilem
2796 1325 2948 1362 suam
3015 1311 3068 1362 in
3106 1325 3270 1364 carne
3311 1311 3517 1362 nativi-

1953 1406 2116 1453 tatem
2163 1400 2570 1469 qnadragesima
2616 1401 2669 1453 in
2727 1402 2929 1468 templo
2983 1400 3230 1465 oﬂ'ertur,
3277 1412 3520 1453 nostram

1954 1491 2384 1558 purificationem
2433 1507 2785 1546 consecratis.
2852 1491 3039 1561 Neque
3091 1492 3237 1545 enim
3291 1494 3408 1561 ipse
3461 1507 3523 1546 ea

1953 1599 2091 1652 opus
2124 1583 2330 1648 habuit,
2363 1584 2453 1651 qui
2485 1586 2624 1638 tollit
2649 1595 2931 1653 peccatum
2964 1584 3174 1638 mundi.
3209 1583 3337 1638 Post
3395 1585 3525 1649 bap-

1953 1677 2174 1728 tismum
2204 1676 2566 1744 quadraginta
2604 1677 2817 1729 dierum
2843 1676 3055 1744 jejunio
3108 1686 3363 1729 armatus
3426 1676 3524 1728 ho-

1955 1775 2092 1819 stem
2181 1767 2488 1820 debellavit.
2552 1767 2734 1821 Noluit
2786 1769 2930 1823 enim
3010 1767 3310 1837 jejunando
3371 1767 3521 1820 limi-

1959 1867 2041 1911 tes
2065 1858 2345 1920 exredere,
2385 1873 2515 1912 eave
2547 1874 2667 1927 qua:
2702 1861 2878 1913 sancti
2925 1860 2998 1912 illi
3033 1860 3133 1912 viri
3190 1860 3320 1912 olim
3359 1875 3512 1929 pere-

1956 1961 2173 2019 gerunt,
2212 1965 2281 2004 ne
2316 1951 2717 2004 humanitatem
2761 1959 2969 2004 tantum
3011 1951 3274 2004 simulare
3307 1951 3521 2005 videre-

1960 2053 2065 2093 tur.
2111 2039 2236 2095 Post
2270 2041 2496 2094 totidem
2546 2044 2708 2096 etiam
2769 2041 2940 2097 diesa
2995 2043 3400 2096 resurrectione
3458 2044 3522 2096 ad

1955 2133 2181 2186 cazleste
2215 2133 2472 2202 templum
2531 2135 2800 2199 ascendit,
2843 2143 3096 2188 naturam
3153 2144 3400 2188 nostram
3467 2136 3520 2187 in

1953 2227 2140 2294 seipso
2186 2241 2369 2280 coram
2433 2227 2538 2281 Deo
2594 2226 2758 2282 Patre
2824 2243 3016 2297 puram
3075 2229 3299 2283 sistens.
3355 2228 3526 2282 Carte-

1955 2339 2074 2378 rum
2109 2333 2162 2376 et
2196 2323 2374 2392 fugam
2407 2341 2560 2378 suam
2599 2327 2652 2378 in
2703 2324 3021 2396 Egyptum,
3090 2325 3518 2378 intellectualem

1953 2433 2146 2486 nempe
2174 2417 2542 2482 aﬂlictionem,
2576 2433 2740 2484 quam
2793 2418 2997 2486 optime
3021 2416 3343 2486 disponens,
3400 2424 3524 2484 post

1951 2523 2187 2581 quatuor
2217 2527 2393 2565 annos
2426 2511 2548 2564 inde
2593 2510 2771 2579 quoad
2818 2526 3040 2563 carnem
3099 2525 3354 2563 reversus
3415 2519 3519 2561 est.

1950 2603 2130 2670 Atque
2165 2609 2221 2654 ttt
2245 2603 2559 2654 summatim
2606 2594 2813 2655 dicant.
2869 2601 3013 2670 typis
3046 2602 3194 2652 hisce
3261 2599 3520 2655 omnibus

1949 2694 2292 2748 sufficienter
2318 2693 2580 2756 ostendit,
2618 2692 2762 2761 quod
2799 2693 2961 2753 Deus,
2993 2692 3213 2760 quando
3245 2692 3294 2742 in
3323 2707 3517 2746 manus

1951 2791 2174 2844 tradidit
2207 2791 2415 2844 homini
2449 2790 2620 2843 totius
2676 2789 2778 2842 sub
2838 2789 2978 2842 cado
3027 2789 3289 2855 rz°ginttis.
3318 2797 3371 2844 et
3406 2802 3522 2836 0m-

1949 2881 2100 2933 nium
2131 2881 2182 2933 in
2237 2879 2329 2933 illa
2390 2878 2758 2932 animantium
2818 2878 3084 2946 regimen,
3139 2878 3314 2930 noluit
3364 2878 3515 2935 illum

1949 2972 2042 3041 qui
2081 2971 2260 3025 factus
2305 2981 2390 3026 est
2451 2971 2609 3039 juxta
2664 2969 2956 3039 imaginem
3015 2985 3194 3031 suam,
3253 2969 3520 3022 duntaxtt

1947 3064 2057 3117 hac
2090 3065 2426 3118 habitatione
2458 3063 2589 3130 frui,
2620 3079 2740 3132 quae
2775 3073 2828 3117 et
2854 3063 3030 3118 brutis
3091 3071 3237 3132 patet
3273 3079 3286 3115 :
3352 3077 3522 3130 quare

1947 3166 2000 3210 et
2037 3158 2291 3225 privatim
2337 3157 2436 3224 ipsi
2471 3158 2694 3221 struxit,
2726 3143 3025 3210 novissime
3058 3150 3339 3218 omnium,
3403 3166 3520 3207 tan-

273 3239 422 3292 θεῖον
451 3239 796 3308 παράδεισον,
827 3238 1037 3308 τρυφῆς
1067 3239 1238 3300 ὅντως
1272 3239 1491 3308 χωρίον,
1526 3239 1614 3290 καὶ
1651 3238 1847 3306 ψυχαῖς
1877 3231 1918 3286 C

1844 3256 1847 3292 ῖ
1877 3231 1918 3286 C
1950 3265 2115 3318 quem
2151 3250 2436 3316 palatium,
2469 3249 2746 3303 caelestem
2772 3249 3110 3319 paradisum,
3175 3249 3356 3301 locum
3384 3248 3520 3301 deli-

273 3330 547 3397 φιλοθέοις
600 3329 937 3395 κατάλληλον
989 3329 1312 3398 ἐνδιαίτημα
1340 3344 1353 3358 ⁸
1407 3330 1473 3382 ἶν’
1509 3333 1537 3383 ό
1563 3330 1851 3397 ἄνθρωπος

272 3425 336 3474 ἐν
381 3421 560 3486 τούτῳ
613 3419 988 3488 διαιτώμενος,
1019 3421 1250 3484 ἐκεῖθεν,
1296 3417 1386 3473 οἷά
1439 3439 1521 3483 τις
1563 3420 1705 3484 θεὸς,
1738 3422 1850 3480 τοῖς

274 3515 383 3567 ὑπὸ
440 3515 597 3581 χεῖρα
647 3514 714 3564 τὰ
764 3513 1108 3580 προσήκοντα
1158 3513 1474 3584 χρηματίζῃ
1512 3528 1527 3542 ο
1595 3512 1682 3565 διὰ
1743 3513 1849 3584 γὰρ

271 3607 440 3659 τοῦτο
487 3606 578 3656 καὶ
606 3605 672 3654 ὲκ
705 3603 796 3655 δύο
825 3604 958 3655 πολὺ
1000 3609 1063 3672 τῇ
1112 3605 1272 3671 φύσει
1302 3605 1687 3675 διεστηκότων,
1721 3607 1850 3660 ἀλὸο

273 3716 376 3765 του
409 3700 503 3750 καὶ
529 3697 750 3764 λογιλῆς
784 3697 970 3759 οὐσίας
994 3698 1349 3760 συντέθειται,
1384 3700 1466 3751 ἶνα
1509 3700 1653 3768 λόγῳ
1685 3718 1846 3751 κατα-

275 3789 556 3858 κοσμῆται
593 3788 660 3840 τὰ
689 3789 927 3853 ἐπίγεια,
955 3787 1029 3848 ὥς
1059 3806 1121 3857 γε
1150 3789 1213 3856 δὴ
1247 3792 1364 3850 ταῖς
1396 3789 1716 3856 ἑγγελικαῖς
1763 3789 1853 3841 δυ·

277 3881 482 3950 νάμεσι
515 3880 583 3931 τὰ
610 3880 870 3948 οὐρανιαο
914 3879 1048 3931 ἀλλὰ
1081 3881 1178 3947 τῆς
1210 3880 1306 3946 μὲν
1344 3879 1592 3950 δοθείσης
1633 3877 1852 3952 ἐντολῆς

279 3973 421 4042 πρὸς
456 3973 518 4023 τὸ
563 3970 990 4040 παρεωραμένον
1037 3969 1186 4038 αὑτῷ
1225 3971 1427 4038 μᾶλλον
1474 3973 1597 4023 ἀντί
1631 3971 1724 4023 τοῦ
1758 3990 1854 4025 πο-

278 4063 497 4116 θεῖσθαι
548 4062 971 4130 κατασυρείσης,
999 4061 1102 4130 τῆς
1150 4062 1207 4114 δὲ
1253 4064 1454 4124 κακίας
1499 4065 1850 4132 ὲπιφυείσης,

279 4157 377 4209 καὶ
420 4153 598 4223 ταύτῃ
624 4153 722 4205 τὴν
764 4154 925 4218 φύσιν
954 4152 1286 4214 ἀλλοιωθεὶς,
1321 4155 1400 4214 είς
1440 4155 1646 4223 φθοράν
1675 4170 1733 4205 τε
1761 4155 1852 4207 καὶ

277 4248 370 4297 τὸν
398 4243 648 4313 ατη-ιώδη
685 4243 796 4311 βίον
824 4243 1021 4305 ἀθλίως
1057 4243 1404 4312 μεταπεσὼν,
1448 4245 1508 4296 τὸ
1559 4244 1734 4297 κοινὸν
1760 4245 1854 4296 καὶ

274 4342 389 4401 τοῖς
452 4339 670 4403 ἀλόγοις
719 4336 990 4405 ἠλλάξατο
1036 4335 1413 4403 καταγώγιονο
1463 4336 1751 4406 ὑπερόριος
1797 4335 1853 4388 δὲ

273 4433 380 4500 τῆς
421 4431 573 4498 αὐτῷ
602 4429 850 4497 δοθείσης
869 4427 1048 4496 ἁϐρᾶς
1076 4430 1262 4490 ἑστίας
1294 4429 1584 4496 γενόμενος
1607 4469 1623 4493 ,
1655 4429 1714 4480 οὐ
1743 4428 1852 4496 γὰρ

275 4520 345 4595 ἦν
382 4523 540 4589 θέμις
572 4521 633 4573 τὸ
663 4521 763 4590 τὴν
794 4520 1000 4589 φθορὰν
1032 4521 1106 4589 μὴ
1135 4521 1496 4590 προσιέμενον
1531 4520 1732 4591 χωρίον
1775 4522 1854 4573 οἱ·

274 4623 396 4669 κεῖν
424 4618 517 4669 τὸν
548 4616 879 4684 μιτεκδύντα
902 4617 961 4668 τὸ
984 4615 1208 4684 φαιδρὸν
1235 4616 1334 4681 τῆς
1373 4616 1680 4686 ἀφθαρσίας
1725 4617 1857 4685 ίμά-

279 4729 420 4774 τιον,
461 4711 596 4778 πρὶς
630 4711 722 4760 τὸν
756 4709 1009 4762 σύνθετον
1044 4712 1256 4761 τουτονὶ
1284 4710 1382 4763 καὶ
1410 4712 1626 4778 ὁμοφυᾶ
1655 4710 1859 4776 κόσμον

278 4805 510 4865 εἰκότως
540 4790 864 4864 ἀπεωθεῖτο,
893 4801 1014 4853 ὅθεν
1044 4801 1105 4869 δὴ
1140 4801 1234 4853 καὶ
1265 4802 1636 4871 προσείληπτο
1657 4819 1669 4832 ο
1769 4797 1858 4853 οἷα

283 4894 541 4959 συγγενεῖ
580 4896 676 4962 τῆς
724 4894 930 4952 οἰκείας
964 4892 1281 4960 σκαιότητος
1310 4893 1593 4960 μεταδοὺς,
1637 4895 1859 4960 ματαιό-

277 5003 442 5054 τητος
483 4985 816 5053 ὑποχείριον,
862 4987 954 5035 καί
988 4985 1191 5053 φθορᾶς
1234 4986 1328 5036 καὶ
1366 4983 1661 5046 κακώσεως
1689 4987 1857 5037 τόπον

278 5078 578 5146 εἰργάσατο
599 5093 611 5104 ο
647 5075 884 5138 τοιοῦτος
913 5075 967 5127 δὲ
1001 5075 1164 5128 πάλιν
1204 5077 1299 5127 καὶ
1339 5076 1524 5126 οὑτοσὶ
1557 5079 1854 5140 καταστὰς,

276 5172 438 5238 δίκην
471 5170 698 5230 ἐνδίκως
729 5167 922 5236 ὥσπερ
951 5169 1208 5238 λαγχάνει
1257 5166 1456 5235 πρώτῳ
1484 5166 1560 5236 τῷ
1589 5168 1688 5237 τὴν
1722 5168 1857 5236 φθος

282 5263 384 5327 Pr,
415 5258 568 5321 σε,ςῷ
602 5257 1018 5326 προξενήσαντι,
1066 5258 1337 5326 φροντίσι,
1367 5259 1460 5309 καὶ
1499 5258 1720 5320 λύπαις.
1763 5259 1856 5311 καὶ

283 5351 580 5419 μτρέμναις
634 5348 937 5416 βιωτικαῖς,
971 5343 1081 5401 οἷόν
1129 5365 1238 5400 τισι
1286 5348 1577 5417 τρισόλοις,
1627 5348 1856 5410 σκύτους

286 5439 614 5507 πικρότερον
663 5437 824 5488 αὐτὸν
886 5437 1268 5504 αἰκιζόμενος·
1319 5438 1393 5498 ώς
1436 5440 1544 5507 γὰρ
1595 5437 1726 5505 πῦρ,
1760 5437 1856 5489 καὶ

281 5529 521 5598 σκώληξ,
552 5531 642 5581 καὶ
678 5530 773 5592 ίὺς,
807 5530 884 5590 εἰς
917 5528 1030 5595 φῶς
1058 5530 1339 5596 προϊόντα,
1376 5531 1488 5591 τοίς
1516 5530 1855 5595 γεννησαμέ·

279 5641 394 5683 ν-.ις
428 5622 668 5690 πρώτοις
694 5621 1054 5683 ἐπιϐουλεύει,
1091 5623 1232 5676 οὕτω
1271 5623 1364 5673 καὶ
1403 5622 1434 5689 ἡ
1463 5621 1628 5672 κακία
1657 5621 1733 5689 τῷ
1765 5621 1854 5671 κό-

283 5732 406 5782 σμῳ
448 5712 861 5776 ἐπεισελθοῦσα,
896 5712 1166 5780 ἀνθρώπῳ
1196 5713 1398 5781 πρώτῳ
1423 5713 1508 5764 διὰ
1532 5714 1717 5764 τούτου
1747 5713 1852 5765 λω-

281 5808 470 5871 Εἱται,
525 5806 602 5876 τῷ
637 5805 836 5875 ταύτης
879 5806 1216 5875 δημιουργῷ.
1261 5807 1358 5858 Διά
1414 5807 1626 5859 πάντων
1673 5805 1850 5858 τοίνυν

1886 4560 1934 4619 D

1951 3342 2053 3396 ciis
2086 3341 2419 3404 aﬂluentem,
2455 3349 2510 3394 et
2539 3341 2739 3393 animis
2796 3339 2961 3394 Deum
3013 3341 3329 3392 amantibus
3391 3354 3523 3392 con-

1953 3433 2177 3486 veniens
2217 3431 2536 3497 hospitium,
2574 3439 2632 3482 ut
2670 3430 2851 3493 homo,
2920 3431 3010 3498 qui
3090 3429 3162 3482 ibi
3228 3441 3519 3490 versitur,

1957 3532 2215 3592 tanquam
2239 3522 2376 3576 deus
2403 3522 2626 3589 aliquis,
2660 3521 2897 3575 subditis
2925 3521 3043 3575 suis
3072 3520 3271 3573 idonea
3300 3520 3521 3586 dispen~

1952 3624 2118 3670 saret.
2157 3614 2288 3668 Nam
2321 3615 2461 3668 hanc
2493 3616 2562 3668 ob
2585 3630 2805 3669 causam
2839 3629 2904 3666 ex
2933 3613 3147 3666 duabus
3182 3614 3344 3664 rebus
3372 3611 3523 3662 valde

1955 3707 2098 3762 inter
2139 3721 2198 3760 se
2225 3706 2696 3776 discrepantibus,
2738 3704 3040 3759 irrationali
3073 3717 3234 3771 atque
3270 3704 3521 3757 rationali

1955 3809 2149 3854 natura
2181 3798 2473 3862 conﬂatur,
2533 3807 2587 3851 ut
2625 3799 2842 3850 ratione
2899 3797 3007 3850 rite
3064 3795 3525 3848 administrentur

1955 3892 2264 3953 terrestria,
2321 3891 2486 3944 sicuti
2522 3889 2782 3957 potentiis
2818 3887 3083 3956 angelicis
3138 3886 3406 3939 cmlestia.
3456 3884 3526 3938 At

1956 3997 2086 4035 vero
2117 3997 2242 4034 euut
2279 3981 2615 4038 mandatum,
2648 3979 2790 4048 quod
2816 3978 2890 4030 illi
2921 3979 3105 4031 datum
3152 3989 3254 4038 est,
3287 3978 3338 4030 in
3379 3992 3514 4029 con-

1957 4080 2222 4140 temptum
2256 4072 2440 4139 potius
2471 4086 2636 4140 quam
2669 4070 3003 4124 desiderium
3038 4077 3301 4127 traxerat,
3359 4077 3525 4130 atque

1955 4161 2098 4213 malo
2125 4161 2438 4220 accedente,
2475 4160 2575 4211 hoc
2603 4159 2724 4226 ipso
2757 4165 2998 4210 mutatus
3031 4165 3149 4210 erat
3172 4153 3350 4223 quoad
3426 4170 3521 4205 na-

1959 4264 2156 4315 turain,
2190 4261 2354 4321 atque
2386 4252 2440 4304 in
2472 4250 2876 4313 corruptionem
2928 4249 3204 4316 vitamque
3240 4244 3522 4298 bestialem

1956 4348 2264 4415 prolapsus,
2287 4358 2577 4396 commune
2609 4343 2773 4395 etiam
2806 4339 2982 4392 brutis
3023 4339 3254 4392 sortitus
3304 4352 3388 4386 ρει
3429 4336 3525 4385 bo-

1957 4437 2205 4504 spitium.
2243 4436 2512 4488 Exsulans
2561 4433 2780 4499 quidem
2815 4429 2958 4482 felici
3007 4431 3120 4480 lare
3156 4427 3258 4495 ipsi
3319 4425 3524 4476 dudum

1957 4540 2245 4585 concesso,
2278 4525 2478 4593 (neque
2510 4523 2658 4574 enim
2711 4519 2792 4572 fas
2818 4529 2935 4570 erat
2962 4533 3083 4571 eum
3112 4516 3201 4583 qui
3231 4515 3338 4578 jam
3379 4513 3529 4579 alrjc-

1962 4624 2114 4671 cerat
2141 4614 2476 4684 splendidam
2506 4610 2862 4666 mortalitatis
2886 4617 3112 4667 vestem,
3142 4610 3317 4659 locum
3357 4607 3520 4656 istum

1962 4709 2230 4772 habitare,
2252 4707 2342 4775 qui
2372 4706 2774 4772 corruptionem
2808 4717 2870 4754 ac
2898 4701 3280 4753 mortalitatem
3317 4697 3526 4759 novit",

1961 4802 2014 4853 in
2045 4800 2334 4853 confusum
2371 4798 2516 4851 hunc
2571 4806 2622 4848 et
2675 4804 2968 4864 cognatum
3023 4792 3285 4844 mundum
3332 4790 3529 4841 merito

1961 4889 2305 4950 trudebatur,
2364 4887 2505 4939 unde
2535 4886 2702 4940 etiam
2763 4891 3076 4948 assumptus
3141 4883 3358 4938 fuerat;
3415 4879 3526 4938 tui,

1960 4990 2219 5046 tanquam
2281 4976 2597 5044 comparilis
2660 4983 2869 5027 naturae
2934 4973 3001 5024 de.
3052 4987 3149 5024 sua
3207 4970 3527 5023 infelicitate

1959 5073 2301 5141 impertiens,
2337 5068 2560 5120 vanitati
2594 5081 2716 5118 eum
2745 5064 3000 5131 subjecit,
3031 5071 3192 5129 atque
3223 5060 3527 5111 mortalita-

1957 5164 2028 5217 tis
2059 5171 2112 5215 et
2146 5161 2379 5214 miseriae
2409 5160 2584 5210 laeum
2633 5155 2886 5210 reddidit.
2949 5155 3045 5207 llic
3095 5161 3282 5205 autem
3331 5150 3525 5202 istius-

1959 5253 2102 5306 modi
2132 5251 2307 5304 faetus
2347 5250 2537 5302 merito
2569 5248 2718 5315 paria
2755 5245 3004 5313 rependit
3032 5244 3102 5304 ei,
3136 5242 3225 5308 qui
3285 5240 3519 5307 primum

1959 5345 2064 5410 ipsi
2117 5350 2528 5410 corruptionem
2583 5338 2786 5400 intulit,
2839 5336 2989 5389 curis
3035 5343 3084 5388 et
3153 5346 3435 5390 momnis,
3471 5337 3529 5380 et

1957 5436 2348 5498 sollicitudine,
2383 5442 2642 5499 tanquam
2668 5430 2938 5490 sentibus,
2978 5427 3198 5495 gravius
3238 5438 3400 5492 quam
3429 5421 3529 5471 lla-

1957 5529 2096 5597 gella
2126 5541 2301 5593 Ipsum
2327 5523 2596 5589 afﬂigens.
2629 5521 2762 5574 Nam
2799 5529 2856 5571 ut
2917 5519 3081 5586 ignis,
3110 5525 3163 5569 et
3190 5515 3410 5574 vermis,
3467 5521 3521 5561 et

1962 5621 2114 5672 virus
2151 5619 2202 5670 iu
2271 5616 2448 5668 lucem
2495 5614 2694 5666 emissa
2756 5609 3072 5678 parentibus
3118 5607 3233 5661 suis
3287 5605 3524 5672 primum

1957 5709 2305 5770 insidiantur,
2337 5707 2409 5757 ita
2429 5713 2479 5756 et
2511 5703 2710 5755 malum
2736 5702 2942 5754 intrans
2973 5700 3026 5750 in
3050 5698 3310 5750 mundum
3350 5695 3523 5746 hom}.

1953 5817 2072 5857 nem
2100 5803 2619 5868 primtunauctorctn
2654 5811 2744 5864 per
2768 5795 2944 5863 ipsum
2975 5792 3135 5846 Redit.
3173 5788 3324 5843 llune
3357 5788 3521 5858 igitur
