4244 6428
233 380 325 440 ΓΠ

1227 373 1630 431 SYN'l‘AGMA
1678 364 2303 427 ALPlIAlSE'I‘lCUM.
2349 386 2417 397 —
2453 362 2518 420 9;

3392 357 3493 417 178

226 488 383 541 ἐννέα
406 488 539 541 ἐτῶν
577 486 803 560 όκτὼ,ἧ
832 486 1050 556 ἐπτά,ἦ
1088 486 1166 552 ἓξ,
1204 488 1235 553 i‘,
1271 488 1434 539 πέντε
1471 487 1607 555 μόνα
1642 484 1792 553 γενέ-
1826 492 1843 544 Λ

1923 481 1984 535 'el
2018 481 2195 533 solum
2231 478 2264 532 5
2295 492 2471 531 annos
2523 483 2671 547 agat,
2696 475 2851 546 juxta
2896 473 3220 528 sententiam
3250 473 3371 539 ejus
3403 466 3494 539 qui

229 580 352 631 σθαι
377 581 520 633 κατά
564 581 666 651 τὴν
711 581 891 651 κρίσιν
948 578 1041 632 τοῦ
1076 579 1170 650 τὴν
1209 578 1537 646 Ἐκκλησίαν
1596 581 1805 630 οἰκονοο

228 691 481 741 μουντος.

308 766 368 818 Ὀ
383 768 439 819 δέ
453 767 706 830 ἀκούσιος
741 768 901 837 φόνος
922 765 1277 835 συγγνωστὸς
1300 767 1419 836 μὲν,
1447 765 1506 818 ού
1531 764 1637 835 μὴν
1654 764 1810 817 ἐπαι-

227 862 377 921 νετὸς
414 863 631 930 ἐκρίθη.
683 863 790 913 Τὸν
821 865 929 931 γὰρ
963 862 1158 914 ἁλόντα
1178 859 1256 929 τῷ
1310 860 1580 927 μιάσματι
1613 856 1809 924 τούτῳ,

226 953 301 1013 ὠς
341 952 626 1019 ἐξάγιστον
667 953 768 1022 ἤδη
792 954 1107 1021 γενόμενον,
1160 950 1469 1019 ἀπόϐλητον
1523 946 1811 1017 ἱερατικῆς

226 1046 449 1114 χάριτος
479 1048 505 1098 ὁ
528 1046 704 1098 κανὼν
723 1046 1060 1116 ἀπεφήνατο’
1083 1046 1207 1107 ὅσος
1223 1044 1281 1098 δέ
1312 1046 1461 1097 ἐστιν
1477 1043 1569 1094 ἐπὶ
1592 1043 1657 1111 τῇ
1679 1040 1812 1110 ψιλῇ

228 1138 459 1205 πορνεία
480 1136 571 1189 τοῦ
600 1138 904 1205 καθαρσίου
931 1137 958 1189 ό
994 1136 1186 1206 χρόνος
1226 1134 1334 1187 τῶν
1359 1134 1516 1187 ἐννέα
1546 1132 1702 1194 ἐτῶν,
1729 1148 1817 1182 το-

229 1227 422 1289 σοῦτος
469 1229 559 1279 καὶ
608 1230 696 1280 ἐπὶ
721 1228 830 1281 τῶν
861 1226 1135 1281 ἀκουσίως
1180 1222 1599 1293 πεφονευκότων
1634 1220 1817 1283 καλῶς

227 1318 375 1387 ἔχειν
398 1320 765 1389 ἐδοκιμάσθηθ
801 1319 1003 1389 δηλαδὴ
1046 1320 1141 1372 καὶ
1162 1320 1222 1371 ἐν
1273 1317 1449 1385 τούτῳ
1485 1316 1584 1383 τῆς
1626 1331 1820 1384 προαι-

231 1413 471 1481 ραῖσεως
495 1413 587 1465 τοῦ
608 1413 995 1482 μετανοοῦντος
1027 1413 1142 1465 δοκι
1152 1410 1490 1482 μαζομένης,
1506 1412 1554 1461 εί
1570 1396 1706 1460 ’δέον
1727 1407 1818 1460 τὸν

230 1506 520 1575 ὁρισθέντα
544 1507 735 1576 χρόνον
765 1506 912 1577 αὑτῷ
940 1506 1161 1574 ἐξήκειν
1192 1505 1223 1575 ἦ
1259 1505 1471 1559 ἐλάττω
1502 1503 1779 1571 γενέσθαι.

303 1691 464 1743 Οὕτω
492 1693 589 1745 καὶ
632 1694 659 1745 ὁ
692 1692 867 1763 μέγας
921 1691 1202 1752 Βασίλειος
1233 1691 1290 1742 ἐν
1326 1689 1405 1758 τῷ
1442 1686 1493 1758 η’
1515 1687 1701 1741 κανόνι
1733 1687 1823 1739 τὸν

231 1783 481 1836 ἑκούσιον
504 1784 598 1836 καὶ
632 1783 890 1835 ἀκούσιον
939 1784 1263 1852 ὁριζόμενος
1310 1782 1495 1848 φόνον,
1536 1780 1817 1841 Ἀκούσιος

1912 573 2211 629 Ecclesiam
2244 572 2403 640 regit.

1983 749 2170 803 Caedes
2213 760 2392 800 autem
2444 744 2838 806 involuntaria,
2894 741 3052 796 venia
3112 740 3356 809 quidem,
3399 753 3503 789 t'mt

1914 850 2094 893 tamen
2126 838 2289 893 laude
2316 838 2478 906 digna
2507 838 2774 890 aestimata
2800 842 2905 888 est.
2954 832 3084 885 Nam
3121 834 3214 901 qul
3244 845 3307 885 ea
3342 830 3501 898 culpa

1915 941 2154 992 tenetur.
2190 941 2448 998 tanquam
2484 930 2553 982 im
2574 943 2770 997 purum
2809 937 2871 979 ac
2931 924 3231 994 piaculum.
3265 937 3293 975 ο
3331 922 3505 991 gratia

1917 1023 2242 1077 sacerdotali
2288 1018 2648 1089 rejiciendum
2698 1020 2945 1070 decernit
2991 1031 3188 1070 canon.
3224 1013 3501 1079 Quantum

1919 1124 2102 1170 autem
2152 1114 2412 1183 temporis
2466 1110 2703 1179 simplici
2741 1108 3094 1163 fornicationi
3133 1104 3505 1172 expurganda:

1918 1208 2215 1271 statuitur,
2286 1215 2497 1260 tantum
2548 1204 2714 1258 etiam
2782 1202 3081 1255 convenire
3128 1200 3501 1254 existimatum

1920 1310 2025 1362 est,
2056 1299 2266 1352 scilicet
2293 1297 2535 1367 spatium
2570 1309 2764 1348 novem
2794 1308 3088 1355 annorum,
3144 1291 3508 1346 reconcilian-

1920 1389 2003 1443 dis
2074 1388 2368 1442 homicidis
2428 1385 2854 1448 involuntariis,
2915 1384 3001 1437 hic
3062 1385 3227 1437 etiam
3295 1381 3508 1434 ratione

1922 1480 2237 1549 pmnitentis
2289 1480 2494 1543 habita,
2543 1494 2611 1532 an
2666 1492 2808 1547 opus
2852 1478 2923 1531 sit
2959 1486 3175 1546 tempus
3221 1475 3507 1529 detinitum

1922 1575 2023 1642 ipsi
2062 1575 2330 1642 integrum
2364 1572 2637 1642 protrahi,
2689 1586 2755 1623 an
2785 1584 2916 1624 vero
2955 1568 3231 1623 contrahi.

2000 1667 2091 1721 Sic
2121 1667 2285 1719 etiam
2332 1680 2563 1734 magnus
2625 1663 2859 1733 Basilius
2904 1663 2958 1715 in
2994 1663 3026 1714 8
3058 1673 3271 1713 canone
3305 1656 3509 1711 ca-dem

1926 1759 2292 1814 voluntariam
2336 1766 2390 1811 et
2422 1755 2847 1811 involuntariam
2893 1752 3162 1807 deﬁniens
3192 1752 3323 1805 dicit
3356 1766 3370 1803 :
3428 1748 3514 1800 ln-

236 1875 336 1943 μέν
365 1876 501 1939 ἐστι,
532 1878 718 1943 φησιν,
749 1876 876 1927 ὅταν
902 1837 987 1938 τις
1010 1837 1303 1934 ἀκοντίσας
1324 1837 1494 1937 .1590";
1539 1871 1624 1937 ἐφ’
1652 1863 1695 1937 ᾧ
1724 1837 1817 1939 θηξ

1924 1851 2233 1906 voluntaria
2266 1848 2487 1917 quidem
2518 1857 2625 1910 est,
2656 1847 2878 1916 quando
2905 1847 3028 1915 quis
3063 1845 3296 1914 lapidem
3344 1841 3512 1911 proji-

162 2022 165 2029 λ
233 1966 352 2037 ρίαν
380 1965 711 2034 ἀμύνασθαι,
763 1967 1143 2032 ἢκατασεῖσαι
1181 1965 1401 2033 δένδρου
1454 1961 1690 2033 καρπὸν,
1722 1961 1819 2015 ἀν-

232 2060 455 2129 θρωπον
485 2060 749 2129 παριόντα
780 2063 853 2130 μὴ
904 2060 1161 2128 προϊδὼν,
1194 2059 1274 2121 είς
1327 2057 1557 2112 θάνατον
1603 2055 1815 2125 πλήξτγ

230 2156 292 2205 οὐ
315 2155 425 2220 μὴν
470 2154 603 2205 ἀλλὰ
626 2154 721 2206 καὶ
747 2154 799 2205 εἴ
837 2170 919 2216 τις
960 2152 1431 2225 ἐπιστρέψαιτινά
1471 2149 1817 2219 βουλόμενος,

235 2246 423 2312 ἱμάντι
478 2245 511 2313 ἦ
542 2244 739 2315 ῥάὗδῳ,
769 2244 843 2316 μὴ
865 2245 1003 2298 πάνυ
1018 2244 1244 2314 τραχείᾳ
1268 2242 1450 2311 τύψοι,
1471 2239 1737 2293 ἀποθάνοι
1762 2237 1819 2290 δὲ

233 2338 613 2406 ὁτυπτόμενος
637 2355 651 2369 ·
685 2340 716 2407 ὴ
746 2339 855 2406 γὰρ
901 2337 1157 2407 πρόθεσις
1222 2335 1456 2389 ἐνταῦθα
1509 2336 1817 2397 σκοπείται,

234 2430 317 2481 ὅτι
348 2428 636 2497 βελτιῶσαι
677 2428 928 2481 ἐϐούλετο
954 2433 1045 2481 τὸν
1091 2428 1502 2497 ἁμαρτάνοντα,
1569 2424 1669 2477 οὐκ
1700 2424 1820 2477 ἀνε-

236 2520 373 2572 λεῖν.
396 2521 483 2571 Ἐν
509 2522 619 2582 τοῖς
634 2520 909 2581 ἀκουσίοις
934 2522 1051 2572 ἐστὶ
1072 2520 1320 2583 κάκεῖνο,
1348 2521 1478 2572 ὅταν
1504 2533 1589 2579 τις
1618 2515 1821 2585 ἀμυνό-

245 2630 407 2683 μενος
436 2616 496 2665 ὲν
525 2616 671 2686 μάχῃ
693 2614 833 2675 τινὰ,
889 2613 1091 2682 ξύλῳῆ
1143 2616 1291 2682 χειρὶ
1337 2610 1573 2679 ἀφειδῶς
1611 2611 1704 2661 ἐπὶ
1754 2608 1823 2662 τὰ

238 2708 435 2775 καίρια
463 2707 559 2775 τὴν
588 2707 802 2776 πληγὴν
863 2707 1087 2776 ἐνέγκῃ,
1115 2708 1201 2774 ἐφ’
1254 2698 1299 2771 ᾧ
1336 2704 1587 2757 κακῶσαι
1606 2702 1820 2764 τοῦτον,

237 2798 339 2866 οὐχ
367 2797 509 2849 ὥστε
532 2798 808 2859 παντελῶς
841 2798 1081 2851 ἀνελεῖν·
1108 2797 1246 2850 ἀλλά
1274 2796 1434 2849 τοῦτο
1456 2796 1559 2864 ἥδη
1586 2810 1825 2863 προσεγ-

238 2890 390 2957 γίζει
410 2890 485 2956 τῷ
518 2890 770 2959 ἑκουσίῳ,
813 2890 871 2942 '0
890 2892 998 2959 γάρ
1015 2890 1247 2959 τοιούτῳ
1274 2888 1627 2959 χρησάμενος
1656 2889 1825 2958 όργάο

240 2999 318 3049 νῳ
334 2981 469 3051 πρὸς
485 2982 712 3049 ἄμυναν,
737 2983 829 3035 καὶ
848 2982 922 3052 μὴ
938 2982 1323 3051 πεφεισμένως
1340 2982 1440 3049 τὴν
1460 2980 1679 3051 πληγὴν
1694 2980 1823 3032 ἐπα-

240 3075 629 3143 γαγὼν,δῆλός
652 3078 768 3128 ἐστι
807 3076 882 3145 τῷ
907 3076 1281 3146 κεκρατῆσθαι
1339 3076 1443 3129 ὑπὸ
1468 3075 1563 3127 τοῦ
1623 3073 1831 3137 πάθους

244 3170 351 3248 se;
364 3168 488 3219 ιδῶν
516 3167 609 3220 τοῦ
642 3168 951 3236 ἀνθρώπου.

242 3258 279 3325 ἢ
309 3258 445 3327 λίθῳ
488 3258 693 3327 μείζονι
719 3259 818 3327 τῆς
868 3261 1154 3329 δυνάμεως
1186 3262 1281 3329 τῆς
1329 3260 1682 3330 ἀνθρωπίνης
1708 3274 1837 3329 χρη-

247 3352 506 3418 sigea-1;,
540 3354 649 3412 τοῖς
682 3351 955 3414 ἀκοντίοις
988 3352 1209 3420 φονεῦσι
1241 3354 1668 3421 συναριθμεῖται
1694 3368 1707 3383 ·
1743 3353 1837 3405 ἀλ-

244 3442 308 3493 λο
335 3442 440 3504 μέν
467 3458 520 3493 τι
548 3443 929 3510 προελόμενος,
959 3443 1087 3496 ἀλλο
1118 3444 1173 3496 δέ
1203 3460 1255 3495 τι
1291 3442 1701 3512 ποιήσας.’Υπὺ
1732 3443 1840 3511 γὰρ

246 3534 343 3585 τοῦ
378 3534 556 3603 Θυμοῦ
582 3538 841 3606 τοιαύτην
873 3537 1073 3607 ήνεγκε
1109 3537 1206 3605 τὴν
1250 3538 1490 3604 πληγὴν,
1523 3536 1662 3588 ὥστε
1711 3536 1840 3588 ἀνε-

248 3625 363 3676 λεῖν
396 3631 488 3677 τ’,ν
538 3626 849 3693 πληγέντα’
888 3628 981 3679 καί
1015 3645 1098 3680 τοι
1128 3630 1160 3697 ἡ
1192 3628 1400 3697 σπουδὴ
1430 3624 1498 3695 ἦν
1526 3626 1675 3696 αὐτῷ
1720 3643 1845 3679 συν⁹

247 3716 443 3786 τρῖψαι
466 3718 649 3787 τυχὸν,
688 3718 808 3785 οὐχὶ
828 3720 919 3770 καὶ
949 3719 1226 3781 παντελῶς
1263 3718 1598 3771 θανατῶσαι.
1642 3719 1701 3771 '0
1724 3719 1847 3787 μέν·

248 3826 333 3861 τοι
363 3810 511 3877 ξίφει
550 3808 891 3878 χρησάμενος
942 3811 1235 3879 οἱῖςεδήτινι,
1264 3808 1522 3877 οὐδεμίαν
1560 3808 1675 3875 ἔχει
1708 3824 1850 3876 παρ-

252 3900 496 3966 αίτησιν.
538 3899 631 3949 καὶ
682 3898 914 3967 μάλιστα
949 3902 976 3953 ό
1005 3901 1101 3969 τὴν
1158 3898 1350 3968 ἀξίνην
1402 3897 1730 3958 ἀκοντίσας’
1754 3897 1847 3948 καὶ

250 3990 502 4059 γάρούδέ
552 3990 657 4042 ἀπὸ
683 3992 864 4059 χειρὸς
892 3992 1141 4059 φαίνεται
1192 3991 1425 4059 πλήξας,
1483 3988 1624 4041 ὥστε
1656 3988 1715 4041 τὸ
1762 3990 1849 4057 μὲ-

252 4098 387 4150 τρον
414 4081 510 4149 τῆς
534 4079 752 4151 πληγῆς
774 4080 861 4135 ἐπ’
885 4082 1034 4151 αύτῷ
1057 4078 1218 4135 εἶναι·
1243 4083 1357 4135 ἀλλ’
1380 4082 1690 4151 ὴκόντισεν,
1707 4080 1849 4133 ὥστε

253 4174 335 4240 τῷ
370 4172 532 4242 βάρει
560 4172 654 4225 τοῦ
690 4174 929 4243 σιδήρου,
959 4175 1055 4227 καὶ
1099 4177 1160 4245 τῇ
1180 4175 1354 4245 ἀκμῇ,
1385 4176 1478 4227 καὶ
1495 4176 1559 4243 τῇ
1578 4173 1669 4226 διὰ
1700 4172 1853 4224 πλεί-

256 4283 389 4317 στου
423 4266 847 4336 φορᾷ,όλεθρῖαν
876 4268 975 4334 τὴν
995 4266 1206 4337 πληγὴν
1234 4256 1548 4334 ἀναγκαίως
1572 4265 1851 4334 γενέσθαι.

1921 1945 2099 2005 cit.eo
2120 1943 2224 1996 line
2246 1951 2304 1994 ut
2328 1941 2553 1994 bestiam
2580 1939 2880 2009 propulset,
2906 1944 2998 1990 aut
3027 1936 3242 1989 arboris
3266 1933 3508 1988 fructum

1920 2036 2182 2096 excutiat,
2216 2045 2375 2104 atque
2423 2034 2648 2087 minime
2702 2034 2752 2085 id
2812 2031 3003 2085 volens
3060 2029 3336 2083 hominem
3372 2042 3510 2095 pne.

1923 2136 2227 2183 tcreuntem
2264 2126 2535 2180 lcthalitcr
2585 2127 2823 2194 percutit
2854 2143 2869 2191 ;
2906 2125 3017 2179 imo
3056 2133 3107 2177 et
3161 2124 3205 2177 si
3253 2121 3376 2190 quis
3413 2135 3510 2172 cu-

1924 2222 2080 2291 piens
2107 2222 2345 2290 aliquem
2380 2228 2698 2274 convertere
2730 2218 2785 2271 in
2821 2217 3040 2278 melius,
3080 2217 3199 2270 loro
3235 2214 3331 2269 vel"
3364 2214 3512 2284 virga

1923 2328 2032 2368 non
2064 2312 2369 2366 admodum
2404 2314 2541 2363 dura
2582 2325 2705 2363 eum
2753 2314 3002 2363 verberet
3050 2308 3187 2362 adeo
3244 2315 3306 2361 ut.
3348 2307 3518 2360 inter-

1923 2407 2191 2461 moriatur
2224 2406 2267 2459 is
2301 2403 2394 2472 qui
2420 2404 2659 2471 vapulat.
2693 2402 3038 2470 Propositum
3064 2401 3350 2472 Jeninttum
3385 2414 3517 2465 eou-

1924 2501 2219 2561 siileratur,
2250 2496 2396 2566 quod
2431 2497 2705 2564 corrigere
2732 2464 3142 2562 delinquentiem
3186 2492 3380 2557 voluit,
3409 2506 3517 2544 non

1926 2592 2261 2647 interimere.
2288 2589 2420 2643 Illud
2446 2588 2612 2641 etiam
2647 2596 2729 2640 est
2768 2587 2821 2640 in
2855 2574 3170 2640 homicidiis
3201 2583 3515 2638 involunta-

1940 2688 2059 2749 riis,
2095 2683 2187 2738 ubi
2220 2684 2343 2751 quis
2382 2680 2437 2734 in
2484 2695 2662 2749 pugna
2687 2680 2891 2732 acriter
2921 2677 3159 2745 aliquem
3187 2675 3519 2744 propulsans

1928 2777 2075 2845 ligno
2105 2785 2199 2828 aut
2236 2789 2400 2827 manu
2435 2772 2569 2825 satis
2622 2784 2843 2840 gravem
2876 2769 3088 2837 plagam
3120 2768 3359 2829 incutit,
3411 2781 3519 2834 qua

1929 2885 2053 2924 eum
2091 2867 2289 2921 laedere
2319 2865 2513 2934 possit,
2562 2879 2667 2917 non
2731 2878 2858 2915 vero
2890 2865 3109 2929 penitus
3167 2860 3520 2913 interﬁcere:

1932 2960 2033 3017 sed
2071 2960 2175 3013 hoc
2206 2959 2427 3028 quidem
2475 2958 2723 3024 proxime
2776 2955 2842 3008 ad
2882 2954 3250 3006 voluntarium
3284 2952 3518 3005 accedit.

1932 3053 2035 3119 Qui
2067 3053 2212 3106 enim
2250 3052 2339 3105 tali
2374 3051 2741 3104 instrumento
2777 3063 2909 3101 usus
2940 3046 3099 3099 fuerit
3137 3046 3201 3096 ad
3231 3061 3290 3099 se
3326 3042 3519 3098 defen-

1019 3137 1254 3237 Ὅμοίως
1306 3169 1401 3222 καὶ
1427 3172 1453 3222 ὁ
1481 3168 1623 3235 ξύλῳ
1674 3167 1831 3236 βαρεῖ

1933 3145 2193 3206 dentium,
2246 3150 2300 3196 et
2336 3141 2409 3194 ita
2459 3140 2656 3193 vulnus
2695 3137 2951 3191 inllixerit
2980 3137 3320 3192 dirissintnnt
3346 3177 3360 3202 ,
3412 3150 3523 3204 przu

1940 3237 2105 3291 animi
2165 3234 2482 3303 impotentia
2544 3232 2596 3284 in
2665 3232 2940 3284 heminem
2988 3229 3232 3283 saeviisse
3279 3227 3521 3282 videtur.

1944 3329 2207 3382 Similiter
2268 3335 2321 3378 et
2372 3325 2461 3393 qui
2531 3324 2677 3393 ligno
2728 3323 2878 3391 gravi
2937 3333 3032 3374 aut
3090 3320 3266 3390 lapide
3314 3320 3526 3388 majore

1944 3438 2106 3491 quam
2150 3434 2247 3488 pro
2283 3418 2489 3470 viribus
2520 3416 2794 3469 lnnnanis'
2817 3430 2949 3468 usus
2972 3422 3078 3476 est,
3134 3414 3523 3468 inroluntariis

1946 3513 2236 3567 lionilcidis
2267 3510 2679 3572 adnumeratur,
2718 3517 2981 3576 tauquam
3016 3507 3111 3571 qui
3160 3506 3305 3560 aliud
3341 3508 3529 3561 volue-

1946 3608 2036 3670 rit,
2086 3606 2231 3659 aliud
2262 3620 2392 3657 vero
2422 3603 2630 3657 fecerit.
2667 3600 2804 3653 Illud
2846 3602 2994 3654 enim
3034 3601 3235 3653 vulnus
3269 3600 3347 3652 ira
3372 3614 3535 3655 com-

1947 3709 2130 3752 motus
2181 3696 2387 3759 intulit,
2430 3709 2539 3763 quo
2592 3708 2919 3762 percussuro
2975 3690 3288 3745 interfecit:
3347 3706 3531 3760 quan-

1954 3807 2119 3859 quam
2156 3790 2204 3842 ei
2254 3788 2396 3841 forte
2455 3789 2509 3840 in
2552 3786 2736 3838 animo
2766 3793 2886 3839 erat
2940 3801 3063 3838 eum
3127 3786 3341 3846 lanlere,
3414 3798 3526 3837 non

1950 3896 2130 3938 tamen
2186 3882 2406 3951 penitus
2457 3893 2713 3932 enecare.
2755 3878 2873 3942 Qui
2920 3887 3102 3931 autem
3151 3893 3285 3932 euse
3341 3878 3530 3946 aliquo

1952 3990 2088 4030 usus
2123 3984 2225 4036 est,
2256 3972 2476 4037 fnullam
2518 3971 2679 4025 habet
2735 3971 3169 4035 excusationem,
3227 3973 3527 4039 praesertim

1952 4066 2043 4135 qui
2077 4065 2317 4118 securim
2350 4064 2668 4133 iaculatur:
2730 4077 2837 4117 non
2897 4063 3042 4117 enim
3076 4078 3238 4116 manu
3300 4077 3530 4132 percus-

1954 4157 2096 4210 sisse
2136 4155 2373 4219 videtur,
2408 4162 2472 4207 ut
2500 4154 2573 4208 sit
2604 4153 2785 4222 aliqua
2836 4154 3139 4207 moderatio
3193 4152 3333 4206 ictus
3363 4168 3530 4221 partes

1956 4250 2107 4301 illum
2137 4247 2276 4305 :_sed
2310 4246 2560 4316 proiecit,
2592 4255 2650 4299 ut
2680 4256 2734 4300 et
2759 4246 3026 4313 gravitate
3066 4245 3218 4307 ferri,
3251 4252 3305 4297 et
3337 4245 3453 4297 acie
3476 4252 3531 4297 et

1958 4350 2104 4394 motu
2138 4356 2234 4409 per
2264 4340 2402 4394 bene
2422 4353 2677 4408 magnum
2706 4338 2962 4406 spatium,
2990 4338 3185 4390 vulnus
3209 4336 3527 4389 nrcessario

1958 4433 2029 4487 sit
2060 4432 2450 4501 perniciosum.

344 4532 626 4584 Ἐκούσιον
689 4532 747 4583 δέ
816 4532 978 4586 πάλιν
1042 4531 1365 4594 παντελῶς,
1428 4532 1524 4583 καὶ
1580 4528 1843 4599 οὐδεμίαν

1923 4554 1929 4587 ι
2030 4522 2196 4593 254
2262 4523 2436 4576 Porro
2490 4520 2867 4576 voluntarium
2925 4519 3257 4590 simpliciter
3308 4520 3530 4583 dicitur,

257 4627 383 4696 ἔχον
442 4624 794 4692 ἀμφιϐολίαν,
861 4620 971 4676 οἷόν
996 4625 1112 4675 ἐστι
1143 4625 1203 4675 τὸ
1244 4622 1353 4675 τῶν
1377 4621 1615 4693 λῃστῶν,
1657 4621 1749 4672 καὶ
1788 4620 1850 4671 τὸ

255 4736 366 4769 την
406 4713 724 4783 πολεμικῶν
752 4713 976 4782 ἐφόδων.
1006 4714 1071 4765 Οἱ
1093 4714 1192 4781 μὲν
1214 4714 1324 4781 γὰρ
1345 4711 1644 4782 χρημάτων
1664 4709 1850 4762 ἕνεκεν

258 4807 573 4877 ἀναιροῦσι,
607 4809 699 4860 τὶν
740 4807 963 4875 ἔλεγχον
996 4804 1422 4872 ἀποφεύγοντες·
1458 4804 1505 4855 οἱ
1549 4802 1605 4855 δὲ
1646 4803 1704 4854 ἐν
1734 4803 1847 4863 τοῖς

261 4902 532 4967 πολέμοις
565 4901 659 4952 ἐπὶ
695 4900 886 4969 φόνους
918 4900 1191 4969 ἔρχονται,
1250 4895 1374 4950 οὔτε
1424 4896 1683 4965 φοϐῆσαι,
1727 4892 1849 4945 οὔτε

263 4996 628 5064 σωφρονίσαι,
677 4993 790 5046 ἀλλ’
847 4993 1051 5045 ἀνελεῖν
1097 4994 1223 5054 τοὺς
1281 4990 1733 5059 ἐναντιουμένους
1785 4990 1848 5040 ἐκ

261 5086 357 5139 τοῦ
385 5084 625 5154 φανεροῦ
658 5085 1104 5156 προαιρούμενοι.
1133 5087 1240 5138 Καὶ
1260 5086 1444 5156 μέντοι
1472 5082 1574 5135 κᾶν
1589 5082 1655 5135 δι’
1683 5082 1850 5149 ἄλλην

261 5180 387 5230 τινὰ
418 5178 600 5229 αἰτίαν
622 5178 915 5248 περίεργον
938 5178 1231 5247 φάρμακόν
1247 5196 1328 5241 τις
1357 5176 1655 5246 ἐγκεράσῃ,
1685 5174 1850 5245 ἀνέλῃ

264 5270 345 5331 δὲ,
378 5270 631 5323 ἑκούσιον
675 5270 936 5339 τιθέμεθα
967 5271 1028 5322 τὸ
1056 5270 1318 5322 τοιοῦτον·
1353 5263 1440 5321 οἷα
1492 5266 1737 5319 ποιοῦσιν
1794 5267 1847 5316 αἱ

266 5366 532 5428 γυναῖκες
562 5362 850 5425 πολλάκις,
875 5363 1175 5424 ἐπαοιδίαις
1214 5363 1325 5413 τισὶ
1361 5361 1453 5413 καὶ
1486 5357 1849 5425 καταδέσμοις

270 5455 414 5521 πρὸς
472 5454 532 5503 τὸ
573 5454 784 5505 ἑαυτῶν
835 5453 1056 5521 φίλτρον
1111 5451 1416 5517 ἐπάγεσθαι
1472 5452 1597 5511 τοὺς
1650 5448 1849 5516 ἄνδρας

270 5544 646 5612 πειρώμεναι,
700 5544 794 5595 καὶ
824 5542 1206 5613 προσδιδοῦσαι
1248 5544 1537 5611 φάρμακα,
1584 5540 1850 5591 οκὸτωσιν

274 5634 614 5702 ἐμποιοῦντα
640 5637 759 5694 ταῖς
780 5634 957 5686 αὐτῶν
979 5634 1341 5695 diuvo-latret
1362 5632 1606 5685 τοιαῦται
1632 5629 1845 5682 ἀνελοῦ-

278 5740 394 5783 σαι,
427 5724 477 5774 εί
512 5726 606 5775 καὶ
636 5723 765 5775 ἄλλο
795 5725 1173 5793 προελόμεναι,
1222 5724 1349 5777 ἄλλο
1388 5722 1670 5788 ἐποίησαν,
1700 5723 1848 5788 ὅμως

273 5812 364 5867 διὰ
402 5815 459 5866 τὸ
494 5815 789 5885 περίεργον
823 5817 913 5869 καὶ
946 5817 1393 5883 ἀπηγορευμένον
1418 5814 1512 5876 τῆς
1557 5810 1843 5865 ἐπιτηδεύ-

1954 4626 2008 4671 et
2046 4616 2249 4670 nullam
2284 4614 2510 4668 omnino
2545 4613 2945 4667 dubitationem
2992 4613 3219 4680 patitur,
3242 4612 3294 4665 id
3326 4612 3472 4681 quod
3501 4628 3531 4665 a

1956 4710 2257 4764 latronibus
2288 4707 2345 4759 lit
2368 4716 2421 4760 et
2440 4703 2819 4760 hostibus.lsti
2837 4705 2981 4758 enim
2998 4714 3220 4773 propter
3244 4706 3531 4773 pecuniam

1955 4800 2298 4861 interimunt,
2334 4796 2569 4850 tribunal
2606 4796 2917 4865 fugientes;
2950 4803 3003 4849 et
3028 4795 3121 4864 qui
3154 4795 3290 4847 bella
3336 4806 3534 4861 gerunt

1953 4893 2019 4946 ad
2054 4892 2228 4945 caedes
2259 4889 2553 4960 patrandas
2591 4890 2881 4953 accedunt,
2912 4902 3086 4955 neque
3110 4893 3322 4941 terrere
3353 4901 3531 4953 neque

1954 4982 2241 5049 castigare,
2275 4981 2367 5035 sed
2396 4996 2469 5051 es
2507 4979 2757 5048 professo
2819 4975 3166 5031 adversarios
3216 4977 3529 5031 interﬁcere

1954 5072 2195 5127 student.
2217 5071 2331 5125 lmo
2353 5070 2517 5123 etiam
2551 5070 2597 5123 si
2623 5077 2844 5137 prepter
2858 5068 3098 5134 aliquam
3116 5065 3278 5121 aliam
3306 5081 3525 5121 causam

1952 5165 2115 5218 fatale
2176 5163 2631 5216 medicamentum
2692 5161 2890 5229 aliquis
2930 5158 3180 5223 misceat,
3236 5167 3397 5227 strnue
3454 5158 3528 5211 ita

1956 5255 2268 5318 interﬁciat,
2297 5254 2662 5307 voluntariam
2699 5268 2821 5307 esse
2858 5252 3016 5305 istam
3068 5251 3269 5304 caedem
3318 5248 3531 5318 judica-

1956 5362 2096 5398 inns.
2132 5344 2279 5397 Istud
2308 5359 2451 5412 sape
2482 5341 2690 5396 faciunt
2719 5342 2998 5401 mulieres,
3036 5354 3165 5409 quae
3199 5337 3525 5408 quibusdam

1958 5434 2429 5490 incantationibus
2460 5449 2524 5487 ac
2580 5432 2831 5486 amuletis
2891 5432 2958 5484 ad
3010 5430 3106 5484 sui
3148 5444 3405 5487 amorem
3452 5430 3530 5481 ri-

1956 5544 2045 5582 ros
2101 5528 2379 5580 attrahere
2410 5534 2702 5587 conantur,
2768 5532 2821 5575 et
2847 5522 2980 5575 dant
3035 5521 3103 5575 iis
3131 5520 3531 5573 medicamenta

1952 5634 2075 5689 qua:
2139 5617 2414 5670 mentibus
2476 5613 2729 5667 tenebras
2784 5608 3217 5665 oll'unduntJlas
3278 5625 3430 5678 ergo,
3481 5609 3526 5665 sl

1955 5718 2204 5774 enecant,
2258 5708 2527 5777 quamvis.
2555 5704 2702 5759 aliud
2737 5705 3029 5767 voluerint,
3065 5701 3212 5756 aliud
3277 5702 3530 5764 fecerint.

1954 5816 2175 5875 propter
2216 5802 2527 5857 lcthil'erum
2577 5808 2736 5867 atque
2784 5797 3117 5867 prohibitum
3175 5795 3535 5863 medicamen.
