4244 6428
258 410 366 474 185

1246 417 1649 478 8ΥΝΤΑ6ΜᾹ
1693 420 2307 482 ALPiIABEi‘iCUM.
2353 447 2419 455 -
2458 421 2519 483 Φ.

3389 421 3500 490 186

254 521 400 617 εἶναι
428 525 576 576 δοκεῖ
601 526 689 579 διὰ
729 527 826 598 τὴν
850 529 1111 584 ἀνωτάτω
1139 533 1462 600 συγγένειαν
1493 537 1585 588 καὶ
1613 536 1816 604 κοινὴν,
1860 547 1898 600 Α
1929 567 1930 575 ι

1860 547 1898 600 Α
1929 541 2210 604 exemplar
2263 549 2388 591 ante
2431 539 2624 592 oculoa
2671 553 3007 607 proponens.
3057 537 3503 617 quiaquin.“

251 609 317 665 οὗ
351 617 510 686 χάριν
547 621 870 689 καθάρσεως
913 624 1098 693 ἐδέησε
1147 627 1253 688 τοῖς
1291 628 1532 680 κτείνασι
1573 630 1664 680 καὶ
1703 631 1825 691 τοὺς

253 708 452 775 πόῤῥω
482 709 735 771 ἀσεεεέας
787 713 1138 780 ἐληλακότας,
1193 716 1331 781 πρὸς
1370 717 1690 785 ἀπαλλαγὴν
1731 716 1825 768 τοῦ

256 799 606 864 ⁵;ομισθ’έντος
630 803 690 868 ﬁ}
704 821 817 864 ους.
847 807 988 873 Πρὸς
1017 807 1194 858 τοίνυν
1219 808 1309 859 τὸν
1346 809 1507 874 νόμον
1531 808 1622 860 τοῦ
1657 809 1826 860 lived-

253 907 430 952 ματος
462 893 550 943 τὶν
577 893 700 944 νοῦν
734 895 856 947 ὅλον
878 897 1068 949 τείνων
1097 900 1122 950 ό
1156 899 1329 965 ἆγιος,
1357 901 1448 952 καὶ
1476 902 1614 968 πρὶς
1645 901 1824 959 παρὰ·

250 979 461 1048 δειγμα
490 984 695 1036 Μωσέα
730 986 962 1054 βλέπων,
1007 988 1268 1041 ὠδίνοντα
1304 991 1400 1058 μὲν
1447 990 1541 1042 τοῦ
1575 1008 1823 1059 πνευμα-

244 1073 413 1124 τικοῦ
439 1074 601 1143 νόμου
630 1075 688 1126 τὸ
718 1078 944 1141 δίκαιον,
985 1081 1156 1148 μήπω
1183 1080 1240 1132 δὲ
1269 1082 1467 1144 τελέως
1519 1083 1824 1151 θαρῥοῠντι

250 1163 440 1214 δοῦναι
477 1164 652 1232 τούτῳ
700 1167 802 1236 τὴν
840 1171 1179 1239 παρρησίαν,
1224 1171 1320 1224 τοῦ
1358 1173 1552 1240 καιροῦ
1595 1175 1686 1224 καὶ
1718 1174 1825 1224 τῶν

1935 630 2066 698 legis
2095 629 2384 697 expressit,
2431 645 2606 697 neque
2656 641 2838 684 tamen
2884 646 3053 685 ausus
3092 639 3175 684 est
3207 633 3366 697 plene
3402 630 3506 700 ipsi

1933 723 2234 775 concedi-re
2259 724 2522 789 temporis
2555 735 2607 776 et
2641 740 2820 778 rerum
2846 723 3160 794 arbitrium)
3189 723 3364 778 caedes
3388 740 3508 792 qua:

1935 814 1988 864 in
2027 815 2169 865 bello
2216 814 2372 877 ﬁunt,
2410 832 2515 868 non
2546 825 2700 868 extra
2753 831 2974 884 pinnam
3018 833 3139 870 esse
3176 817 3369 879 voluit,
3411 833 3508 886 pro

1941 905 2276 958 discretione
2334 907 2454 974 ejus
2510 908 2598 976 qni
2668 908 2859 961 miscet
2911 909 3396 971 medicamentum,
3455 917 3508 960 et

1907 1045 1910 1047 Α
1936 994 2300 1062 dispositione
2329 998 2668 1064 recipientis,
2693 1001 2946 1066 quamvis
2974 1001 3040 1053 ad
3066 1011 3272 1053 certum
3295 1012 3508 1068 tempus

1931 1085 2144 1137 videtur
2180 1087 2351 1153 culpa:
2400 1088 2782 1140 remissionem
2822 1089 3084 1152 iimitare,
3133 1091 3298 1144 sicuti
3343 1095 3507 1144 etiam

1934 1176 1988 1228 in
2019 1177 2140 1230 aliis
2177 1178 2396 1232 delictis
2427 1181 2723 1248 praecipere
2753 1182 2916 1234 solet.

247 1256 604 1324 πραγμάτων
631 1257 838 1328 ταύτην
872 1259 946 1328 μὴ
978 1264 1381 1331 προσιεμένων,
1429 1264 1550 1315 οὐδὲ
1602 1265 1729 1325 τοὺς
1779 1265 1836 1315 tv
1877 1266 2135 1335 πολέμοις
2173 1271 2367 1338 φόνους
2411 1271 2515 1334 ἔξω
2565 1272 2720 1341 δίκης
2771 1274 2996 1326 ἑστάναι
3057 1273 3292 1334 κελεύει,
3354 1273 3429 1337 ὠς
3473 1275 3506 1343 ἡ

250 1354 536 1421 ἐπίκρισις
569 1355 684 1425 ἔχει
718 1355 814 1408 τοῦ
839 1359 1196 1426 κεραννύντος
1247 1362 1317 1413 τὰ
1359 1363 1626 1430 φάρμακα
1661 1363 1753 1414 καὶ
1797 1363 1828 1432 ἡ
1868 1362 2105 1425 διάθεσις
2138 1366 2232 1418 τοῦ
2289 1367 2462 1420 ταῦτα
2489 1370 2880 1436 προσιεμένου,
2915 1373 2963 1421 εί
2995 1371 3089 1422 καὶ
3119 1372 3302 1440 ῥητοῖς
3360 1370 3511 1422 δοκεῖ

249 1445 471 1514 χρόνοις
521 1447 620 1515 τὴν
671 1446 768 1498 τοῦ
826 1447 1164 1518 πταίσματος
1218 1453 1542 1521 ἐπιμετρείν
1591 1452 1808 1520 ἄφεσιν,
1875 1454 1950 1518 ὡς
1983 1458 2076 1508 καὶ
2121 1457 2176 1508 tv
2206 1460 2317 1520 τοίς
2348 1458 2529 1534 ἄλλοις
2564 1460 2962 1527 ἁμαρτήμασιν
3023 1461 3224 1529 ὁρᾶται
3286 1460 3509 1512 διατατ-

250 1542 502 1606 τόμενος.

326 1634 435 1685 Καὶ
489 1636 581 1686 ἐπὶ
619 1636 712 1687 τοῦ
762 1636 1020 1705 βασιλέως
1055 1639 1112 1691 δὲ
1141 1640 1456 1708 Νικηφόρου
1484 1639 1579 1691 τοῦ
1621 1641 1785 1692 Φωκᾶ
1807 1680 1824 1704 ,

253 1722 311 1772 ἐν
339 1723 523 1792 καιρῷ
547 1726 611 1792 τῇ
654 1725 950 1796 Ἐκκλησία
978 1730 1046 1780 τὰ
1065 1727 1159 1780 τοῦ
1184 1731 1408 1792 κανόνος
1435 1730 1625 1796 γέγονε
1648 1729 1824 1782 τοῦδε.

265 1815 509 1867 Ἐκείνου
556 1818 664 1885 γὰρ
703 1819 1104 1886 ἀναγκάζοντος
1145 1821 1311 1890 νόμον
1352 1820 1538 1874 θέσθαι
1564 1823 1662 1890 τὴν
1707 1822 1829 1874 Ἐκ-

251 1907 513 1976 κλησίαν,
545 1912 672 1972 τοὺς
722 1911 1022 1972 πίπτοντας
1069 1914 1127 1964 tv
1177 1912 1432 1982 πολέμοις
1465 1913 1525 1977 ὲξ
1558 1913 1681 1982 ῐσης
1715 1915 1826 1976 τοῖς

251 1998 432 2063 ἁγίοις
475 1998 805 2068 πρεσϐεύειν
863 2001 1135 2070 μάρτυσι,
1192 2006 1286 2055 καὶ
1345 2003 1534 2072 ῶσπερ
1584 2003 1826 2064 ἐκείνους

1999 1639 2270 1694 Ρτειετεο
2307 1641 2410 1694 sub
2435 1640 2764 1708 imperatore
2800 1637 3108 1706 Nicephoro
3162 1637 3274 1690 lilio
3315 1634 3536 1690 Phorm.

1931 1730 2078 1785 utilis
2111 1739 2226 1784 erat
2246 1728 2502 1784 Ecclesia:
2541 1731 2771 1796 hujusce
2811 1729 3044 1783 canonis
3070 1727 3374 1780 institutio.
3409 1726 3510 1779 Illo

1930 1824 2078 1878 enim
2109 1832 2341 1890 urgente
2384 1821 2711 1882 Ecclesiam,
2745 1831 2802 1873 ut
2830 1821 3194 1874 decernerent
3228 1819 3298 1871 iis
3327 1818 3418 1885 qui
3454 1817 3507 1868 in

1931 1911 2073 1965 bello
2133 1909 2296 1980 257
2357 1911 2622 1979 perierint
2655 1926 2812 1978 pares
2869 1912 3104 1963 honores
3137 1920 3261 1963 cum
3303 1909 3509 1962 sanctis

1933 2005 2288 2074 martyribus,
2308 2005 2570 2073 ipsosque
2591 2013 2849 2069 tanquam
2875 2003 3168 2057 memorias
3189 2014 3509 2073 martyrum,

252 2091 451 2160 ὕμνοις
477 2096 759 2163 γεραίρειν
789 2100 881 2150 καὶ
900 2098 1306 2168 πανηγύρεσιν,
1343 2101 1391 2151 oi
1412 2100 1534 2150 τότε
1565 2101 1665 2167 τῆς
1707 2100 1829 2150 Ἐκ·
1864 2083 1904 2136 Β

1864 2083 1904 2136 Β
1937 2097 2154 2165 hymnis
2207 2107 2262 2149 et
2303 2096 2749 2150 solemnitatibus
2779 2095 3158 2160 celebrarent;
3188 2095 3267 2148 illi
3299 2095 3392 2162 qui
3444 2109 3510 2147 eo

252 2185 486 2252 κλησίας
529 2185 986 2256 προὸεόλημένοι,
1044 2191 1165 2241 ἐπεὶ
1218 2189 1392 2242 πολλὰ
1438 2190 1689 2257 λέγοντες
1738 2190 1830 2240 τὸν

252 2275 491 2344 βασιλέα
539 2277 638 2328 οὐκ
669 2277 888 2329 ἔπειθον
923 2278 998 2347 μὴ
1037 2279 1184 2330 ὅσιον
1245 2274 1387 2331 εἶναι
1452 2279 1827 2345 τ’)ὑπίταγμα,

247 2370 618 2431 τελευτῶντες
647 2369 726 2437 τῷ
756 2374 932 2423 κανόνι
978 2372 1155 2440 τούτῳ
1191 2372 1516 2440 ἐχρήσαντο,
1555 2371 1677 2431 [Ιὼς
1721 2363 1829 2420 οἷόν

248 2478 334 2520 τε,
365 2460 622 2529 φάμενοι,
645 2464 769 2521 τοὺς
801 2463 858 2512 ὲν
889 2462 1146 2530 πολέμοις
1175 2464 1437 2523 πεσόντας
1475 2460 1828 2529 συναριθμεῖν

249 2553 368 2611 τοῖς
403 2554 692 2622 μάρτυσιν,
723 2550 813 2614 οὓς
840 2555 866 2605 ὀ
899 2555 1072 2622 μέγας
1114 2555 1417 2616 Βασίλειος,
1450 2552 1522 2613 ὡς
1577 2553 1675 2612 τὰς
1721 2553 1832 2619 χεῖ-

256 2660 360 2712 ρας
414 2643 492 2711 μὴ
523 2643 820 2713 καθαροὺς,
865 2646 972 2695 τῶν
1030 2645 1392 2713 ἁγιασμάτων
1446 2648 1536 2696 ἐπὶ
1590 2646 1830 2708 τριετίαν

253 2736 488 2804 ἀπεῖρξε
511 2754 525 2768 ·
556 2740 648 2789 καὶ
672 2737 815 2789 οὕτω
839 2738 937 2808 τὴν
967 2740 1056 2791 τοῦ
1085 2740 1350 2809 βασιλέως
1378 2742 1495 2808 βίαν
1526 2741 1831 2793 ἀπεσκευά-

255 2847 447 2882 σαντο.
477 2830 762 2898 Διαφόρων
792 2832 848 2883 δὲ
894 2833 1083 2900 ἱερέων
1122 2835 1218 2884 καὶ
1245 2833 1560 2884 ἐπισκόπων
1605 2834 1698 2883 ἐπὶ
1729 2833 1824 2899 τῆς

254 2924 484 2976 συνόδου
512 2923 1091 2992 ἑξομολογησαμένων,
1115 2925 1394 2994 πολεμίοις
1418 2926 1824 2994 συμπλακῆναι,

254 3015 354 3067 καὶ
389 3014 621 3076 πολλοὺς
665 3016 726 3080 ἐξ
783 3016 968 3067 αὐτῶν
1013 3018 1245 3078 ἀνελεῖν,
1299 3019 1331 3085 ἡ
1390 3016 1508 3082 ἱερὰ
1561 3017 1658 3066 καὶ
1707 3015 1826 3067 Θεία

257 3103 480 3164 σύνοδος
504 3104 582 3173 τῷ
617 3104 710 3157 τοῦ
751 3107 910 3172 ἁγίου
940 3106 1133 3159 τούτου
1168 3109 1349 3158 κανόνι
1376 3109 1468 3158 καὶ
1496 3106 1573 3173 τῷ
1604 3113 1675 3158 vs'
1707 3107 1830 3157 ἑπό·

257 3213 439 3264 μενοι,
465 3195 524 3246 ὃν
556 3197 652 3249 καὶ
691 3198 842 3267 ζήτει
885 3199 942 3250 ἐν
981 3197 1058 3267 τῷ
1087 3206 1128 3252 ε’
1155 3216 1281 3266 κεφ.
1313 3198 1408 3250 τοῦ
1454 3201 1496 3251 Λ
1540 3199 1825 3266 στοιχείου,

253 3289 651 3358 ἀναλεγόμενοι
697 3293 793 3343 καὶ
845 3293 942 3344 ὅσα
990 3294 1054 3361 τῇ
1091 3292 1212 3362 θείᾳ
1271 3293 1461 3361 Γραφῇ
1494 3292 1824 3360 διείληπται,

1935 2199 2176 2255 tempore
2203 2184 2462 2240 Ecclesiae
2491 2184 2851 2253 praefuerunt.
2889 2201 3012 2239 cum
3047 2186 3222 2238 multo
3257 2197 3512 2236 sermone

1936 2281 2266 2346 imperatori
2315 2282 2540 2332 minime
2593 2279 2925 2347 persuadere
2991 2286 3242 2347 poterant
3289 2278 3508 2346 jussum

1936 2375 2108 2442 ipsius
2151 2373 2292 2425 hmd
2338 2373 2486 2439 pium
2528 2371 2716 2432 fuisse,
2772 2372 2988 2423 tandem
3029 2371 3132 2424 hoc
3172 2384 3387 2425 canone
3426 2369 3509 2424 usi

1932 2474 2084 2528 sunt,
2119 2462 2436 2528 Equumne
2469 2477 2592 2515 esse
2643 2463 2843 2530 possit,
2888 2461 3160 2523 dicentes,
3200 2476 3296 2514 eos
3328 2461 3418 2530 qui
3457 2461 3511 2520 in

1935 2557 2080 2609 bello
2113 2555 2435 2616 ceciderint,
2479 2568 2601 2606 cum
2646 2553 2980 2622 martyribus
3040 2566 3149 2606 una
3198 2567 3511 2615 recensere,

1931 2663 2072 2717 quos
2110 2661 2340 2716 magnus
2378 2645 2634 2706 Basilius.
2663 2653 2928 2712 tanquam
2966 2646 3220 2697 manibus
3243 2645 3510 2711 impuros,

1933 2756 1962 2793 a
1993 2740 2174 2793 sacris
2213 2739 2490 2808 mysteriis
2536 2753 2632 2807 per
2679 2738 2982 2791 triennium
3029 2735 3306 2790 exclusit?
3340 2747 3507 2805 atque

1934 2832 2038 2886 hoc
2067 2833 2228 2884 modo
2259 2831 2604 2898 imperatoris
2656 2831 2916 2884 ferociam
2949 2830 3159 2882 amoliti
3189 2839 3338 2882 sunt.
3369 2829 3506 2884 Cum

1937 2933 2124 2978 autem
2168 2923 2325 2978 multi
2369 2923 2688 2978 sacerdotes
2723 2930 2777 2977 et
2805 2922 3050 2990 episcopi
3107 2923 3512 2976 conﬁterentur

1933 3021 2074 3086 apud
2102 3019 2372 3090 synodum
2411 3034 2471 3073 se
2503 3034 2628 3072 cum
2669 3020 2825 3071 home
2858 3032 3188 3088 cengressos
3225 3017 3418 3078 fuisse,
3455 3025 3514 3070 et

1935 3115 2138 3167 multos
2175 3128 2246 3167 ex
2297 3112 2406 3166 illis
2449 3111 2825 3174 interfecisse,
2879 3124 3067 3165 sancta
3100 3120 3156 3165 et
3192 3110 3505 3166 veneranda

1935 3205 2186 3271 synodus
2235 3203 2539 3270 procedens
2577 3203 2735 3271 juxta
2769 3203 3000 3270 hujusce
3044 3202 3145 3256 viri
3179 3203 3507 3258 sanetican.

1936 3297 2127 3359 istum,
2179 3305 2344 3363 atque
2379 3296 2544 3349 etiam
2589 3296 2680 3359 55,
2717 3311 2877 3363 quem
2919 3296 3042 3350 vide
3083 3296 3136 3348 in
3179 3310 3304 3363 cap.
3336 3295 3370 3348 5
3403 3296 3507 3348 litt.

251 3382 355 3449 τῆς
377 3381 724 3450 λειτουργίας
756 3382 951 3444 αὐτοὺς
992 3382 1252 3435 ἐκέλευσε
1281 3383 1616 3444 παύσασθαι,
1648 3385 1694 3433 εί
1732 3385 1827 3434 καὶ
1855 3414 1897 3473 c

1855 3414 1897 3473 ο
1933 3390 2000 3451 Λ,
2045 3397 2099 3441 et
2145 3389 2442 3441 recitantes
2501 3402 2845 3470 quaecunque
2897 3389 2948 3440 in
3007 3403 3163 3441 sacra
3220 3387 3507 3456 Scriptura

252 3472 412 3536 tvzm,
465 3473 572 3524 τῶν
624 3473 717 3524 τοῦ
761 3474 1153 3543 στρατιωτικοῦ
1193 3475 1499 3542 καταλόγου
1553 3475 1817 3544 μάλιστα.

250 3565 466 3624 τούτοις
511 3567 612 3617 οὐκ
669 3565 928 3619 ἐτίθεντο.
980 3565 1143 3635 Ζήτει
1189 3569 1280 3619 καὶ
1328 3568 1387 3619 τι
1419 3566 1462 3630 ζ’
1493 3585 1613 3637 κεφ.
1651 3567 1744 3619 τοῦ
1777 3567 1819 3619 Δ

251 3661 553 3728 στοιχείου.

321 3771 590 3823 ΚΕΦΔΛ.
641 3769 724 3842 Η’.
753 3771 895 3839 Περὶ
933 3772 1052 3824 τῶν
1086 3773 1480 3840 φονευουσῶν
1523 3773 1825 3842 γυναικῶν

635 3841 733 3894 διὰ
757 3843 1082 3910 φαρμάκων
1107 3842 1178 3894 τὰ
1208 3844 1454 3910 ἔμϐρυα.

320 3932 488 4000 Ζήτει
525 3931 586 3982 τὸ
607 3929 696 4000 ιη’
740 3933 836 3984 καὶ
862 3933 922 3985 τὸ
951 3933 1031 3984 κθ’
1057 3951 1181 4000 κεφ.
1220 3933 1312 3986 τοῦ
1342 3935 1380 3985 Γ
1410 3935 1701 4003 στοιχείου,
1729 3934 1824 3986 καὶ

250 4027 306 4077 ἐν
335 4023 418 4094 τῷ
451 4020 494 4074 θ’
518 4038 641 4086 κεφ.
677 4020 770 4074 τοῦ
808 4020 972 4074 αὑτοῦ
1004 4025 1267 4092 στοιχείου
1299 4024 1499 4077 κανόνα
1529 4023 1602 4076 κε’
1626 4029 1721 4094 τῆς
1769 4027 1825 4078 tv

262 4113 514 4182 ’Δγκύρᾳ
541 4113 778 4165 συνόδου.
817 4114 937 4165 Ἔτι
985 4116 1113 4184 περὶ
1159 4115 1333 4182 φόνων
1383 4118 1676 4179 ἀκουσίων,
1731 4117 1824 4168 καὶ

247 4205 512 4274 περὶτῶν
546 4203 952 4285 ἀποπνιγέντων
994 4206 1203 4274 νηπίων
1253 4209 1667 4277 πορακειμένων
1715 4209 1826 4270 τοῖς

249 4297 502 4364 γονεῦσιν
527 4296 726 4350 αὐτῶν.

317 4385 413 4436 Ἑν
449 4387 560 4444 τοῖς
581 4383 856 4446 ἀκουσίοις
876 4383 931 4436 δὲ
954 4385 1132 4451 φόνοις
1159 4386 1333 4437 ἐκεῖνο
1367 4390 1629 4456 κρίνεται,
1666 4388 1827 4456 ἡνίκα

248 4476 356 4527 τῶν
376 4474 599 4543 βρεφῶν
633 4475 772 4537 ἔνια,
799 4476 962 4544 μέσον
993 4476 1221 4544 κείμενα
1245 4478 1440 4538 νυκτὸς
1471 4479 1579 4530 τῶν
1601 4480 1824 4546 γονέων,

245 4567 313 4617 ὲκ
341 4566 617 4636 ῥᾳθυμίας
643 4566 844 4629 αὐτῶν,
876 4567 908 4634 ἦ
944 4566 1102 4635 μέθῃ,
1137 4567 1169 4635 ἢ
1203 4570 1437 4636 γαστρὸς
1481 4571 1626 4637 κάρῳ
1659 4570 1828 4640 βαρυ-

251 4659 515 4725 νομένων,
554 4657 654 4707 καὶ
685 4656 1034 4722 ἐμπεσόντων
1068 4658 1269 4720 αὐτοῖς,
1300 4659 1577 4728 ἀποπνιγῇ
1611 4676 1622 4688 ·
1651 4661 1700 4712 οἳ
1734 4661 1828 4712 καὶ

1934 3477 2034 3528 hac
2088 3477 2155 3530 de
2201 3491 2258 3530 re
2303 3477 2683 3538 continentur,
2743 3493 2840 3532 eos
2906 3479 2972 3530 ab
3015 3478 3192 3532 oﬂicio
3239 3477 3511 3532 desistere

1921 3569 2118 3636 jussit,
2161 3570 2470 3637 prmsertitn
2509 3569 2554 3620 si
2585 3569 2758 3636 aliqui
2800 3585 2864 3622 ex
2901 3570 3096 3622 ordine
3142 3569 3365 3622 militari
3397 3568 3506 3622 hoc

1925 3662 2059 3728 ipsis
2095 3662 2236 3712 haud
2262 3667 2579 3726 posuerant.
2616 3659 2750 3713 Vide
2774 3670 2827 3713 et
2859 3675 2980 3727 cap.
3013 3659 3063 3712 7.
3097 3660 3205 3712 litt.
3236 3660 3300 3711 Λ.

1923 3774 2074 3831 CAP.
2109 3773 2337 3827 νηιοε
2385 3772 2697 3825 mulieribus
2746 3790 2865 3840 qua
2909 3775 3313 3826 medicamentis
3368 3776 3507 3839 Ictus

2528 3859 2650 3895 ειιοε
2672 3856 2912 3896 enecant.

1997 3935 2132 3991 Vide
2149 3939 2326 4006 capita
2350 3937 2421 3991 28
2449 3947 2502 3990 et
2541 3937 2610 3991 29
2643 3937 2752 3989 iitt.
2789 3937 2920 4000 I‘,et
2961 3937 3018 3989 in
3046 3951 3169 4004 cap.
3196 3935 3230 3990 9
3257 3935 3504 3998 eiusdem

1927 4027 2180 4080 elementi
2224 4041 2490 4080 canonem
2528 4025 2598 4079 25
2636 4025 2836 4095 synodi
2871 4023 3072 4094 Ancyr.
3111 4041 3126 4089 ;
3159 4024 3383 4090 insuper
3436 4025 3505 4077 de

1927 4117 2165 4170 caedibus
2200 4116 2604 4178 involuntariis,
2637 4125 2692 4169 et
2721 4116 2788 4169 de
2843 4114 3166 4175 infantibus,
3195 4115 3288 4182 qui
3343 4113 3502 4179 juxta

1932 4218 2191 4275 parentes
2223 4221 2355 4260 suos
2395 4206 2665 4260 cubantes
2692 4203 3054 4259 suﬂ‘ocantur.

1999 4380 2386 4436 lnvoluntariis
2413 4380 2571 4433 etiam
2631 4378 2939 4432 homicidiis
2967 4377 3097 4431 illud
3155 4384 3502 4437 accensctnr,

1930 4490 2050 4528 eum
2077 4474 2313 4526 infantes
2339 4472 2506 4538 aliqui
2543 4479 2706 4523 noctu
2761 4472 2901 4522 inter
2937 4480 3191 4539 parentes
3230 4485 3360 4523 suos
3415 4469 3502 4536 ja-

1931 4576 2137 4628 centes,
2162 4578 2276 4632 pra:
2334 4563 2662 4630 negligentia
2725 4562 2938 4615 illorum
2987 4571 3083 4614 aut
3132 4562 3356 4628 crapula
3406 4569 3503 4612 aut

1932 4656 2152 4722 impleto
2179 4661 2371 4706 ventre
2393 4665 2765 4720 gravalormn,
2789 4662 2842 4704 et
2866 4655 2920 4704 in
2953 4651 3104 4720 ipsos
3135 4650 3493 4705 incidentiqu

249 4753 345 4820 τὴν
376 4750 674 4802 ἑπταετίαν
709 4750 1024 4816 φυλάξουσι,
1048 4748 1359 4822 ξηροφαγία
1388 4753 1443 4803 δὲ
1473 4753 1567 4804 καὶ
1587 4754 1827 4819 γονάτων
1864 4759 1906 4811 1)

1825 4774 1827 4789 ›
1864 4759 1906 4811 ι)
1934 4747 2294 4799 suifocantur.
2333 4743 2395 4796 Hi
2431 4744 2650 4812 quidem
2713 4745 3060 4810 septenninm
3103 4744 3501 4804 observabunt,

253 4845 464 4896 κλίσεσι
494 4842 555 4893 τὸ
577 4842 732 4893 Θείον
761 4842 1142 4910 ὲξιλεούμενοι,
1171 4843 1434 4912 κλαυθμῷ
1469 4846 1559 4898 καὶ
1589 4849 1654 4915 τῇ
1688 4849 1827 4898 κατὰ

250 4936 483 5001 δύναμιν
510 4933 844 5003 ἐλεημοσύνη
878 4935 1236 5000 ὑποτέμνουσι
1294 4936 1387 4988 καὶ
1419 4938 1540 4997 τοὺς
1589 4937 1830 5004 ὁρισθέν-

250 5043 346 5087 τας
374 5028 622 5092 χρόνους,
663 5024 989 5094 συγγνώμην
1033 5024 1244 5092 ἔχοντες
1290 5027 1384 5078 καὶ
1434 5029 1500 5096 τῇ
1549 5029 1831 5096 ἀνηκέστῳ

251 5118 528 5185 ληφθῆναι
555 5118 832 5186 συμφορᾷ.

319 5207 450 5259 Εἰδ’
475 5207 535 5271 ἐξ
570 5206 860 5270 ἐπιϐουλῆς
890 5207 981 5260 τοῦ
1019 5209 1392 5277 ἀντικειμένου
1445 5211 1627 5277 σαφῶς
1675 5211 1833 5263 τοῦτο

255 5297 481 5363 συνέϐη,
534 5296 700 5365 μηδὲν
720 5297 826 5349 τῶν
847 5298 1050 5364 γονέων
1075 5300 1436 5362 ἐπταικότων,
1472 5301 1519 5350 εἰ
1570 5302 1664 5351 καὶ
1706 5317 1834 5366 συγ-

252 5389 481 5454 γνώμης
509 5387 575 5438 τὸ
607 5386 822 5453 συμϐὰν
850 5387 1020 5452 ἄξιον,
1051 5390 1166 5440 ἀλλ’
1188 5386 1279 5442 οὖν
1332 5394 1426 5443 καὶ
1479 5394 1716 5460 μετρίων
1754 5394 1834 5445 δεῖ

251 5480 361 5529 τῶν
388 5478 706 5545 ἐπιτιμίων.
737 5480 920 5531 Ἕοικε
943 5482 1050 5546 γὰρ
1079 5481 1143 5532 δι’
1169 5482 1327 5549 ἕτερά
1351 5500 1469 5533 τινα
1493 5484 1832 5551 ἁμετανόητα

249 5572 572 5638 πταίσματα
642 5570 742 5636 τὴν
812 5572 1194 5639 ὲγκατὰλειῲιν
1266 5574 1490 5638 ταυτηνὶ
1545 5576 1823 5639 γεγονέναι

250 5664 401 5730 παρὰ
431 5660 526 5711 τοῦ
556 5659 920 5726 φυλάσσοντος
956 5662 1160 5729 Κυρίου
1193 5662 1260 5713 τὰ
1288 5665 1474 5729 νήπια.
1530 5682 1547 5712 ι
1574 5664 1663 5732 Μὴ
1694 5663 1832 5733 δῴης

250 5757 383 5821 γὰρ,
407 5755 595 5820 φησὶν,
626 5755 706 5813 είς
750 5753 908 5804 σάλον
935 5753 1026 5803 τὸν
1054 5753 1196 5806 πόδα
1229 5771 1346 5816 σου,
1371 5757 1463 5806 καὶ
1489 5755 1548 5806 οὺ
1582 5755 1828 5816 νυσταξει

251 5847 279 5896 ὁ
316 5842 410 5900 τυ)
427 5842 607 5894 ἀσσων
635 5858 690 5892 σε
716 5842 965 5903 ἅγγελος.
1004 5863 1022 5893 ι

1931 4839 2071 4891 cibis
2094 4838 2259 4888 aridis
2281 4845 2334 4888 et
2367 4835 2744 4903 genuflexionc
2783 4837 2947 4887 Deum
2984 4835 3285 4901 placantes,
3309 4832 3405 4887 sed
3448 4842 3502 4886 et

1934 4931 2080 4982 luctu
2111 4936 2157 4980 et
2209 4942 2305 4993 pro
2363 4925 2713 4978 facultatibus
2786 4925 3130 4993 eleemosyna
3202 4923 3508 4991 pracidnnt

1931 5020 2266 5101 praestitutus
2290 5032 2465 5069 annos
2495 5017 2708 5069 veniam
2747 5024 3170 5084 consequentes,
3210 5016 3340 5083 quia
3371 5017 3511 5068 ine-

1933 5110 2206 5164 mediabili
2233 5110 2372 5162 malo
2390 5117 2670 5161 tenentur.

2009 5202 2104 5255 Sin
2147 5217 2276 5256 vero
2314 5217 2379 5254 ex
2415 5199 2626 5253 insidiis
2693 5197 2993 5251 adversarii
3055 5197 3157 5251 hoc
3207 5197 3507 5266 contigisse

1939 5303 2170 5357 coiistet,
2208 5293 2526 5362 parentibus
2550 5292 2686 5344 nihil
2716 5293 3091 5360 peccantibus,
3126 5297 3380 5362 quamvis
3414 5306 3508 5350 ea-

1940 5402 2033 5440 sus
2065 5387 2167 5440 iste
2200 5385 2412 5438 veniam
2446 5392 2742 5440 mereatur.
2776 5383 3069 5436 mediocris
3128 5394 3308 5437 tamen
3337 5400 3500 5453 pcena

1941 5479 2277 5532 intercedere
2307 5479 2488 5529 debet.
2521 5476 2654 5530 Nam
2700 5477 2981 5543 probabile
3014 5485 3098 5530 est
3130 5485 3348 5545 propter
3377 5478 3503 5540 alia,

1945 5583 2175 5636 quorum
2205 5566 2443 5618 nondum
2483 5573 2710 5631 egerunt
2746 5566 3142 5632 ptenttentiam,
3177 5567 3310 5618 hanc
3344 5568 3499 5618 dere-

1939 5659 2222 5710 lictionem
2257 5673 2287 5709 a
2319 5656 2551 5710 Domino
2581 5657 2672 5722 qui
2701 5657 2944 5710 custodit
2985 5657 3223 5711 infantes
3284 5659 3497 5712 innuis-

1934 5767 2073 5802 sam.
2112 5749 2250 5802 Dicit
2283 5752 2427 5803 enim
2465 5765 2478 5800 :
2517 5747 2665 5801 «Non
2698 5749 2793 5802 des
2844 5751 2898 5800 in
2929 5749 3344 5802 commotionem
3403 5765 3496 5818 pe-

1934 5844 2054 5895 dem
2080 5853 2252 5906 tuum.
2280 5858 2451 5910 neque
2469 5843 2724 5896 dormitet
2748 5841 2972 5909 angelus
2994 5842 3086 5905 qui
3117 5853 3168 5895 te
3192 5843 3486 5896 custodit.»
