4244 6428
666 468 667 471 η
731 412 823 473 191

1905 413 2274 474 ΜΑΤΤΗΑἘΙ
2318 412 2743 473 BLASTARIS

3879 409 3983 473 192

719 529 775 572 ut
808 518 1068 579 diximus,
1093 532 1182 573 res
1206 528 1523 591 peragatur,
1560 529 1614 576 et
1638 521 1889 577 nonnulli
1911 525 2300 595 episcoporum

2410 521 2549 575 οὕτω
2586 524 2833 591 γένηται,
2870 493 3161 590 ἀνίσχυρον
3200 511 3340 571 εἶναι
3376 520 3473 589 τὴν
3507 518 3863 588 χειροτονίαν.
3923 521 3986 573 Ei

718 595 860 664 forte
879 626 942 662 ex
964 611 1334 666 contentionis
1350 613 1535 668 studio
1554 616 1962 680 contradicant,
1977 631 2047 672 ne
2064 615 2310 670 inhibea-

721 714 809 756 tur
822 703 1038 770 electio,
1066 719 1254 759 verum
1270 706 1530 778 suﬂ‘ragia
1549 710 1957 782 majorispartis
1992 713 2226 768 valeant.

791 969 1057 1023 (la-terum
1097 987 1277 1027 canon
1333 974 1402 1027 49
1455 975 1671 1029 concilii
1722 974 2194 1047 Carthagiuensis,
2247 979 2305 1033 Si

723 1063 792 1119 de
822 1066 1080 1133 episcopo
1114 1068 1281 1119 etiam
1319 1082 1347 1118 a
1376 1069 1580 1121 tribus
1613 1069 1891 1139 episcopis
1932 1071 2132 1131 electo.
2169 1087 2307 1125 con-

724 1157 998 1209 troversia
1036 1156 1218 1219 aliqua
1251 1159 1571 1221 oboriatur,
1602 1177 1632 1212 a
1679 1162 2013 1230 quibusdam
2051 1178 2119 1216 ex
2146 1164 2306 1231 plebe

722 1265 924 1303 causas
956 1264 1062 1303 non
1094 1251 1233 1305 satis
1266 1250 1592 1307 manifestas
1614 1253 1975 1309 aﬂerentibus
2004 1264 2301 1321 commota,

723 1358 957 1397 numero
1016 1344 1184 1397 trium
1242 1344 1628 1415 episc0porum
1686 1347 1826 1401 alios
1876 1348 2017 1401 duos
2066 1348 2306 1415 adjicere

722 1444 963 1502 oportet,
985 1445 1043 1488 ut
1063 1451 1255 1490 omnes
1277 1436 1439 1491 simul
1461 1438 1781 1493 examinent
1807 1454 1869 1493 ea
1894 1454 2017 1509 qua
2036 1439 2304 1495 adversus

724 1530 956 1581 eiectum
987 1528 1349 1597 objiciuntur,
1382 1542 1434 1583 et
1468 1532 1641 1597 ipsum
1678 1541 1934 1601 purgent.

795 1621 958 1691 260
1007 1621 1202 1686 Quaere
1255 1627 1420 1676 etiam
1459 1626 1512 1677 in
1562 1638 1684 1693 enp.
1742 1625 1804 1679 ll
1866 1625 1975 1679 i-ilt.
2026 1624 2065 1678 E
2101 1639 2300 1680 canon.

726 1713 917 1779 prima:
951 1729 1074 1783 syn.
1115 1724 1353 1776 sextum,
1384 1728 1441 1769 et
1476 1715 1545 1769 28
1577 1717 1769 1786 synodi
1805 1725 2036 1785 (μηδι-ιιι).

797 1801 1017 1855 Novella
1069 1812 1250 1857 autem
1282 1804 1581 1859 Justiniani
1628 1807 1728 1860 137
1777 1823 1805 1860 a
1842 1808 2019 1862 tribus
2050 1807 2305 1877 personis

727 1896 1049 1951 eleetionem
1109 1898 1492 1967 episcoporum
1560 1898 1672 1953 ﬁeri
1726 1898 1905 1968 jubet,
1964 1900 2218 1954 videlicet
2275 1915 2306 1953 a

732 1989 970 2053 clericis,
1018 1997 1077 2043 et
1113 2004 1140 2041 a
1176 1990 1519 2059 primoribus
1568 1990 1835 2054 civitatis,
1879 1991 1969 2047 cui
2024 1992 2309 2061 eligendus

732 2085 816 2130 est
851 2080 1166 2147 episcOpus,
1198 2077 1442 2145 quolibet
1477 2078 1672 2133 horum
1720 2095 1885 2148 super
1924 2092 2310 2137 sacro-sancta

734 2170 1027 2238 Evangelia
1061 2170 1165 2224 hoc
1190 2170 1487 2232 juramenti
1524 2179 1839 2239 praestante,
1884 2188 2061 2241 neque
2093 2188 2190 2242 per
2217 2172 2315 2227 da-

734 2269 844 2312 tam
881 2269 978 2312 aut
1027 2262 1356 2329 promissam
1402 2264 1717 2331 pecuniam,
1772 2281 1950 2335 neque
1989 2267 2310 2332 amicitiam,

735 2368 912 2422 neque
946 2354 1201 2422 gratiam,
1228 2363 1324 2407 aut
1360 2356 1522 2409 aliam
1548 2372 1938 2426 quamcunque
1965 2358 2312 2416 affectionem

734 2446 903 2499 istum
933 2446 1157 2514 eligere,
1184 2448 1276 2501 sed
1300 2449 1539 2502 scientes
1566 2449 1745 2518 ipsum
1774 2465 1897 2505 esse
1926 2453 2314 2519 orthodoxum,

734 2548 791 2596 et
847 2541 1089 2597 honestae
1141 2542 1287 2605 vitae,
1334 2554 1386 2598 et
1438 2545 1641 2598 habere
1689 2561 1937 2608 uxorem.
1991 2557 2045 2603 et
2093 2549 2312 2618 quidem

739 2634 986 2699 unicam,
1036 2650 1216 2703 neque
1246 2636 1468 2690 viduam
1521 2638 1601 2690 vel
1651 2638 2017 2706 repudiatam,
2069 2639 2164 2694 sed
2213 2654 2315 2693 nec

741 2724 1104 2778 concubinam
1139 2725 1323 2786 alere;
1368 2734 1422 2780 et
1465 2742 1530 2780 ex
1581 2729 1756 2784 tribus
1783 2730 1977 2784 electis
2006 2730 2313 2798 digniorem

737 2816 985 2872 ordinari
1030 2818 1183 2887 juxta
1239 2818 1561 2874 electionem
1637 2830 1692 2876 et
1747 2823 2074 2879 sententiam
2160 2825 2311 2878 ordi-

740 2911 944 2963 nantis.
1002 2907 1080 2963 lla
1143 2911 1307 2963 vitam
1360 2913 1651 2968 instituere
1698 2914 1855 2982 jubet
1906 2917 2070 2971 etiam
2125 2932 2316 2973 omnes

741 3001 995 3065 clericos,
1030 3002 1125 3070 qui
1160 3003 1512 3059 ordinantur.
1546 3004 1653 3060 Sed
1687 3014 1870 3061 tamen
1919 3010 2158 3062 maxima
2189 3025 2317 3079 pars

742 3093 943 3147 horum
983 3095 1185 3146 rituum
1231 3104 1361 3147 sunt
1417 3105 1613 3164 praeter
1664 3112 1856 3152 sacros
1908 3114 2171 3164 canones,
2219 3102 2314 3171 qui

2409 612 2468 666 δέ
2502 612 2825 673 κανονικῶς,
2855 610 2933 675 ὼς
2963 612 3290 681 εἰρήκαμεν,
3324 610 3392 663 τὰ
3422 609 3514 663 τοῦ
3549 610 3875 679 πράγματος
3902 627 3974 664 τευ

2408 700 2644 771 λεσθείη,
2677 700 2884 753 ἔνιοιδὲ
2951 701 3061 752 τῶν
3117 702 3433 753 ἐπισκόπων
3485 699 3614 762 ίσως
3655 701 3987 767 ἀντιλέγοιεν

2409 794 2754 864 φιλονείκως,
2793 792 2868 864 μὴ
2900 793 2970 847 τὰ
2999 794 3099 859 τῆς
3127 792 3310 863 ψήφου
3349 792 3752 863 ἐμποδιζέσθω,
3801 794 3917 847 ἀλλ’
3953 796 3989 863 ἡ

2406 886 2514 938 τῶν
2544 886 2806 938 πλειόνων
2831 885 3012 953 ψῆφος
3052 884 3346 953 κρατείτω.

2493 979 2554 1030 '0
2586 979 2640 1030 δὲ
2673 978 2758 1047 μθ¹
2780 977 2879 1046 τῆς
2906 978 2963 1031 ἐν
2997 976 3350 1047 Καρθαγένῃ.
3384 976 3493 1029 Τοῦ
3526 977 3857 1041 ἐπισκόπου,
3888 995 3981 1048 φη·

2410 1063 2513 1126 σἰν,
2547 1063 2905 1133 ἐκλεγομένου
2925 1065 3076 1134 παρὰ
3095 1064 3267 1135 τριῶν
3292 1067 3624 1129 ἐπισκόπων,
3653 1067 3748 1119 ἐὰν
3772 1068 3988 1137 ἀναζυοῇ

2407 1172 2492 1218 τις
2524 1157 2586 1207 ἐκ
2616 1156 2723 1207 τῶν
2749 1155 2844 1208 τοῦ
2884 1155 3057 1225 δήμου
3092 1156 3391 1224 ἀντιλογία,
3421 1159 3520 1210 οὐκ
3575 1159 3793 1226 εὐαγεῖς
3839 1164 3993 1213 εἰσα·

2406 1247 2613 1316 γόντων
2642 1249 2806 1299 τινῶν
2836 1248 3039 1311 αἰτίας,
3096 1248 3178 1301 δεί
3216 1249 3583 1318 προστεθῆναι
3639 1249 3716 1318 τῷ
3767 1233 3989 1320 ἀριθρῷ

2405 1339 2513 1391 τῶν
2544 1341 2714 1410 τριῶν
2739 1341 2834 1393 καὶ
2866 1340 3086 1411 ἐτέρους
3114 1332 3227 1405 δύο,
3249 1339 3389 1392 ὣστε
3411 1340 3545 1410 ὁμοῦ
3571 1342 3778 1403 πάντας
3810 1343 3995 1407 ἐξετα-

2408 1449 2497 1483 σαι
2533 1433 2598 1483 τα
2630 1432 2770 1484 κατὰ
2788 1430 2881 1483 τοῦ
2911 1431 3283 1501 ψηφιζομένου
3320 1432 3609 1501 λεγόμενα,
3661 1434 3755 1485 καὶ
3810 1435 3993 1487 καθα-

2408 1522 2501 1592 ρὸν
2534 1523 2695 1575 αὑτὸν
2725 1524 3025 1591 ἀποφῆναι.

2478 1615 2639 1683 Ζήτει
2665 1616 2760 1666 καὶ
2795 1616 2853 1666 ἐν
2881 1615 2960 1685 τῷ
2986 1622 3054 1667 ια’
3083 1632 3208 1683 κεφ.
3237 1615 3333 1669 τοῦ
3382 1616 3420 1668 Ε
3473 1632 3645 1688 στοιχ,
3704 1618 3906 1672 κανόνα
3941 1609 3995 1681 ς’

2405 1707 2503 1776 τῆς
2537 1712 2585 1758 α’
2612 1705 2853 1765 συνόδου,
2885 1706 2977 1759 καὶ
3006 1705 3093 1776 κη’
3121 1707 3220 1776 τῆς
3251 1708 3519 1777 τετάρτης
3562 1709 3805 1763 συνόδου.

2491 1799 2548 1851 'H
2581 1799 2637 1850 δὲ
2668 1797 2781 1868 ρλζ¹
2817 1795 3236 1863 Ἰουστινιὰνειος
3266 1801 3437 1871 νεαρὰ
3488 1804 3577 1854 ἐπὶ
3599 1803 3745 1869 τρισὶ
3777 1800 3997 1870 προσώ-

2410 1909 2530 1954 ποις
2577 1891 2639 1943 τδ
2664 1892 2923 1961 ψήφισμα
2959 1892 3205 1958 γίνεσθαι
3257 1894 3363 1945 τῶν
3415 1894 3730 1947 ἐπισκόπων
3784 1894 4019 1959 κελεὺει,

2410 1986 2561 2053 παρά
2606 2000 2665 2035 τε
2720 1982 2852 2036 τῶν.
2885 1983 3161 2053 κληρικῶν
3219 1986 3314 2037 καὶ
3366 1985 3475 2036 τῶν
3531 1988 3631 2054 τῆς
3674 1986 3882 2047 πόλεως
3930 1987 4001 2037 τὰ

2411 2075 2603 2145 πρῶτα
2669 2074 2965 2144 φερόντων,
3022 2070 3175 2148 ἐφ’ᾖ
3232 2075 3534 2145 ψηφίζεται
3596 2079 3622 2129 ὁ
3674 2076 3998 2136 ἐπίσκοπος,

2410 2168 2642 2221 ἑκάστου
2669 2166 2873 2219 τούτων
2899 2169 3044 2220 κατὰ
3078 2168 3186 2219 τῶν
3235 2168 3397 2222 θείων
3450 2162 3846 2236 ἐπομνυμένων
3894 2166 3999 2217 Εὖ·-

2411 2260 2702 2329 αγγελίων,
2744 2261 2882 2328 μήτε
2906 2259 3049 2312 δόσει
3077 2260 3324 2329 χρυσίου,
3350 2260 3381 2330 ἢ
3411 2262 3727 2329 ὑποσχέσει,
3758 2260 3790 2329 ἦ
3821 2259 3997 2328 φιλία.

2412 2352 2444 2424 ἢ
2478 2352 2684 2422 χάριτι,
2710 2351 2743 2421 ἦ
2775 2350 2908 2421 ἄλλῃ
2941 2353 3044 2403 τινὶ
3068 2350 3416 2423 προσπαθεία
3440 2351 3629 2404 τοῦτον
3654 2351 3999 2416 ἐκλέγεσθαι,

2412 2445 2529 2499 ἀλλ’
2566 2444 2765 2507 εἰδότες
2787 2446 2853 2515 τῇ
2877 2462 2934 2496 τε
2971 2444 3155 2495 πίστει
3193 2443 3351 2513 ὀρθὸν
3381 2447 3473 2497 καὶ
3501 2446 3576 2513 τῷ
3627 2444 3726 2515 βίῳ
3759 2445 3958 2513 σεμνόν
3980 2458 3996 2472 ο

2412 2540 2507 2591 καὶ
2532 2538 2579 2589 εί
2604 2536 2729 2605 ἔσχε
2764 2536 3036 2605 γαμετὴν,
3069 2537 3163 2588 καὶ
3194 2536 3363 2605 αὐτὴν
3399 2536 3550 2606 μίαν,
3600 2539 3693 2587 καὶ
3724 2535 3847 2587 οὒτε
3897 2536 3999 2603 χή.

2418 2643 2515 2697 ραν
2548 2624 2581 2696 ἦ
2618 2626 3054 2696 ἐκϐεϐλημένην,
3083 2626 3198 2677 ἀλλ’
3231 2625 3353 2677 οὐδὲ
3384 2625 3671 2695 παλλακὴν
3706 2627 4002 2692 ἐκτήσατο,

2414 2720 2509 2773 καὶ
2542 2721 2606 2772 ἐκ
2638 2718 2746 2772 τῶν
2771 2717 3164 2787 ψηφιζομένων
3205 2716 3374 2787 τριῶν
3423 2718 3514 2770 τὸν
3575 2717 3821 2786 βελτίονα
3886 2735 4005 2786 χει·

2417 2811 2749 2881 ροτονείσθαι
2777 2812 2843 2880 τῇ
2890 2810 3116 2880 ἐπιλογῇ
3143 2811 3238 2861 καὶ
3286 2812 3353 2879 τῇ
3393 2812 3569 2879 κρίσει
3615 2809 3707 2861 τοῦ
3759 2827 4003 2879 χειροτο-

2414 2902 2631 2965 νοῦντος
2665 2917 2679 2933 ·
2704 2900 2945 2953 τοιοῦτον
2974 2899 3119 2969 ἔχειν
3150 2899 3265 2969 βίον
3299 2900 3521 2952 ἀπαιτεῖ
3551 2900 3649 2952 καὶ
3706 2902 3832 2961 τοὺς
3884 2917 4001 2969 χει-

2422 2992 2842 3065 ροτονουμένους
2892 2991 3210 3062 κληρικούς.
3248 2991 3410 3044 Ἀλλὰ
3459 2992 3526 3044 τὰ
3576 2991 3746 3044 πλείω
3791 2991 4001 3045 τούτων

2415 3089 2528 3147 τοῖς
2560 3086 2723 3151 ἱεροῖς
2752 3085 3006 3153 παρεῖται
3034 3082 3246 3145 κανόσι,
3289 3082 3429 3151 μήτε
3480 3083 3621 3135 κατα
3666 3081 3775 3133 τῶν
3837 3080 4001 3134 θείων

742 3198 922 3252 neque
978 3185 1353 3239 necessarium
1391 3238 1397 3244 _
1437 3187 1693 3255 judirant
1743 3205 1906 3258 super
1963 3204 2310 3248 sacrosancta

2426 3174 2772 3244 Εὺαγγελίων
2802 3173 3031 3244 ὀμνύναι
3062 3172 3187 3237 τοὺς
3212 3173 3620 3242 ψηφιζομένους
3672 3173 3782 3226 δεῖν
3815 3174 4005 3243 οίομέ-

742 3278 1028 3350 Evangelia
1067 3279 1275 3346 jurare,
1305 3293 1481 3348 neque
1511 3281 1815 3337 electiones
1856 3283 1970 3337 fieri
2010 3299 2039 3337 a
2098 3287 2320 3344 clericis

742 3371 828 3424 vel
882 3371 1217 3440 primoribus
1268 3371 1531 3436 civitatis,
1590 3373 1685 3426 sed
1739 3374 1807 3427 ab
1839 3357 2115 3445 episcopis
2163 3376 2318 3445 solis,

743 3464 839 3533 qui
874 3472 929 3517 et
960 3463 1222 3517 rationem
1270 3480 1368 3533 pro
1419 3464 1529 3519 illis
1600 3479 1784 3519 coram
1836 3468 2025 3539 judice
2074 3472 2319 3525 onmium

747 3555 1008 3609 reddituri
1045 3566 1195 3610 sunt.

1471 3713 1603 3769 Lex.

821 3824 889 3878 At
921 3823 965 3879 si
998 3824 1436 3889 accusationem,
1466 3827 1663 3896 inquit,
1697 3827 1896 3896 aliquis
1928 3829 2162 3882 moverit
2194 3844 2326 3883 con-

753 3930 837 3974 tra
869 3920 1184 3990 episcopum
1221 3921 1304 3975 vel
1340 3922 1623 3988 clericum,
1676 3925 1767 3991 qui
1824 3925 2167 3979 ordinandus
2218 3935 2324 3989 est,

754 4029 923 4083 super
974 4014 1171 4083 quavis
1217 4030 1405 4078 causa,
1463 4014 1750 4069 diiieratur
1799 4015 2072 4071 ordinatio
2110 4017 2224 4081 illa,
2274 4025 2329 4073 et

757 4116 1015 4161 accurata
1050 4108 1388 4160 examinatio
1439 4108 1707 4161 habeatur
1755 4109 1898 4162 intra
1946 4119 2057 4164 tres
2090 4124 2327 4175 menses,

757 4205 812 4248 et
863 4197 908 4249 si
963 4195 1261 4250 obnoxium
1308 4196 1615 4250 invenerint
1664 4212 1789 4251 eum
1843 4197 1938 4265 qui
1990 4197 2330 4252 ordinandus

758 4298 868 4349 est,
895 4290 1061 4341 etiam
1091 4287 1450 4357 prohibeatur
1482 4288 1758 4343 ordinatio
1787 4306 1800 4343 :
1832 4288 1916 4343 sin
1951 4303 2079 4341 vero
2120 4288 2329 4352 insons,

761 4379 1071 4439 ordinetur.
1101 4379 1169 4431 At
1208 4380 1255 4433 si
1303 4388 1595 4433 accusator
1624 4395 1734 4434 non
1782 4380 1949 4449 possit
1994 4380 2247 4447 probare,
2286 4380 2331 4435 si

761 4472 998 4526 clericus
1047 4473 1142 4536 sit,
1188 4486 1291 4526 suo
1320 4475 1488 4542 gradu
1541 4472 1799 4538 excidat;
1844 4472 1929 4527 sin
1958 4487 2088 4526 vero
2134 4472 2330 4539 laicus,

2422 3286 2555 3332 νοις,
2590 3268 2728 3337 μήτε
2764 3267 2915 3337 παρὰ
2943 3265 3051 3318 τῶν
3071 3264 3347 3334 κληρικῶν
3377 3265 3409 3334 ἢ
3434 3265 3543 3317 τῶν
3597 3265 3831 3336 πρώτων
3900 3267 4004 3334 τῆς

2422 3361 2630 3424 πόλεως
2663 3360 2761 3421 τὰς
2784 3358 2997 3427 ψήφους
3027 3357 3296 3425 γίνεσθαι,
3328 3358 3467 3410 ἀλλὰ
3500 3357 3676 3426 μόνων
3729 3356 3838 3409 τῶν
3878 3358 4000 3409 ἐπι-

2425 3456 2663 3520 σκόπων,
2716 3454 2766 3506 οἳ
2829 3451 2924 3504 καὶ
2983 3452 3073 3503 τὸν
3099 3451 3240 3519 ὑπὲρ
3286 3451 3492 3504 τούτων
3541 3450 3701 3519 λόγον
3729 3450 3865 3521 πρὸς
3906 3448 4003 3503 τοῦ

2425 3542 2605 3596 κοινοῦ
2629 3541 2818 3613 κριτοῦ
2846 3540 3364 3610 εἰσπραχθήσονται.

3114 3678 3333 3745 Νόμος.

2498 3796 2846 3867 Κατηγορίας
2878 3796 2956 3861 δὲ,
2995 3794 3146 3865 φησι,
3187 3794 3319 3865 πρός
3351 3812 3495 3857 τινος
3514 3796 3833 3867 κινηθείσης
3860 3798 4008 3852 κατὰ

2427 3891 2520 3945 τοῦ
2564 3891 2851 3959 μέλλοντος
2894 3888 3321 3957 χειροτονεῖσθαι
3376 3889 3677 3942 ἐπισκόπου
3732 3891 3765 3959 ἢ
3812 3891 4010 3961 κληριο

2430 3984 2528 4037 κοῦ
2580 3984 2665 4051 ἐφ’
2707 3981 2999 4051 οίαδήποτε
3050 3980 3220 4050 αἰτίᾳ,
3278 3981 3668 4034 ἀναϐαλλέσθω
3782 3984 4010 4053 τοιαύτη

2430 4073 2760 4147 χειροτονία,
2797 4073 2889 4124 καὶ
2921 4072 3145 4140 (ﬁtquc;
3178 4072 3551 4141 ἀκριϐεστάτη
3586 4073 3815 4140 γινέσθω
3844 4076 4013 4143 τριῶν

2432 4169 2561 4222 είσω
2595 4167 2779 4238 μηνῶν
2805 4182 2818 4196 ·
2846 4167 2940 4216 καὶ
2971 4167 3019 4216 εί
3043 4165 3142 4232 μέν
3162 4162 3466 4226 ὑπεύθυνος
3518 4166 3771 4235 εὑρεθείη
3827 4168 3855 4218 ὁ
3881 4168 4014 4236 μέλ-

2431 4262 2539 4315 λων
2561 4257 3126 4330 χειροτονηθήσεσθαι,
3161 4257 3453 4309 κωλυέσθω
3490 4260 3521 4325 ή
3554 4258 3860 4328 χειροτονία
3889 4276 3901 4288 ⁸
3960 4262 4009 4313 εί

2432 4355 2489 4408 δὲ
2519 4353 2828 4416 ἀνεύθυνος,
2854 4340 3266 4421 χειροτονείσθω
3303 4364 3315 4377 ·
3350 4352 3377 4402 ὀ
3410 4351 3464 4403 δὲ
3504 4351 3579 4420 μὴ
3616 4353 3839 4423 ἰσχύσας
3870 4355 4010 4405 ἀπο.

2433 4448 2602 4513 δεῖξαι
2632 4448 2959 4515 κατήγορος,
2992 4444 3041 4497 εί
3077 4444 3179 4514 μὲν
3212 4443 3474 4513 κληρικὸς
3502 4445 3609 4515 εἴη,
3662 4447 3752 4499 τοῦ
3808 4449 4013 4501 οἰκείου

761 4572 1161 4633 competentem
1191 4564 1586 4619 coercitionem
1615 4565 1905 4618 sustineat.
1932 4561 1986 4617 Si
2008 4573 2185 4618 autem
2217 4563 2307 4632 qui

2410 4562 2415 4592 ι
2442 4538 2746 4605 ἐξωθείσθω
2777 4535 3011 4606 βαθμοῦ,
3045 4536 3092 4587 εί
3136 4536 3192 4588 δὲ
3225 4536 3433 4599 λαῖκὸς,
3466 4538 3869 4607 ’,προσηκόντως
3910 4557 4018 4593 σω-

765 4663 891 4707 ante
908 4654 1371 4709 examinationem
1394 4670 1575 4710 causa!
1601 4656 1752 4709 illum
1772 4655 2133 4720 ordinaverit,
2158 4670 2339 4710 sacer-

765 4745 917 4800 dotio
944 4756 1174 4799 exuatur
1208 4762 1311 4801 una
1345 4763 1465 4801 cum
1496 4749 1774 4803 ordinato.

839 4837 941 4903 Qui
1004 4839 1168 4892 etiam
1218 4848 1407 4894 contra
1458 4855 1612 4895 suam
1658 4840 1797 4894 infra
1850 4840 1989 4896 latas
2040 4839 2338 4896 sententias

767 4930 1228 5000 subscriptionem
1282 4932 1464 4998 iverit,
1495 4934 1683 4987 dicens
1735 4943 1924 5003 postea
1980 4934 2189 5002 aliquid
2228 4934 2331 4990 sibi

774 5020 1104 5086 iunotuisse,
1159 5023 1458 5091 quominus
1507 5023 1716 5079 electus
1750 5023 2057 5089 ordinetur,
2098 5040 2208 5079 non
2242 5026 2340 5079 dc-

772 5122 1031 5182 ponetur,
1058 5112 1166 5168 nisi
1199 5112 1251 5167 in
1270 5116 1611 5184 argumentis
1639 5116 1879 5171 vacillet.

771 5309 925 5365 CAP.
995 5309 1063 5363 11.
1128 5309 1284 5375 Quod
1345 5311 1560 5364 minime
1622 5319 1859 5378 oporteat
1922 5310 2343 5364 ordinandorum

864 5380 1145 5435 electiones
1174 5381 1253 5434 υιί
1278 5398 1310 5434 a
1344 5382 1682 5452 magistratu,
1720 5382 1800 5435 vel
1830 5398 1862 5434 ιι
1892 5380 2081 5450 papula
2110 5382 2244 5449 ﬁeri.

842 5560 1033 5626 Quaere
1061 5574 1161 5629 cap
1192 5556 1258 5613 19
1296 5558 1401 5613 litt.
1434 5557 1497 5611 E.

847 5654 1101 5705 (lationes
1152 5651 1373 5717 quidem
1438 5650 1504 5703 l2
1551 5660 1605 5703 et
1661 5647 1729 5703 l3
1774 5647 1999 5704 concilii
2049 5645 2347 5702 Laodiccni

778 5741 1057 5817 plebt‘non
1083 5748 1402 5811 pertnittunt
1436 5755 1528 5797 aut
1558 5745 1848 5814 episcopos
1879 5753 1972 5796 aut
2001 5742 2350 5813 presbyteros

774 5838 1001 5906 eligere,
1041 5836 1133 5892 scd
1182 5836 1283 5891 hoc
1326 5837 1445 5892 fieri
1495 5838 1683 5893 volunt
1730 5835 2030 5892 secundum
2086 5834 2347 5889 iudicium

2441 4630 2799 4699 φρονιζέσθω.
2833 4628 2893 4680 Εἰ
2927 4628 2983 4681 δέ
3013 4645 3096 4690 τις
3138 4628 3243 4697 πρὸ
3287 4626 3587 4691 ἐξετάσεως
3617 4630 3809 4683 τοῦτον
3832 4648 4021 4701 χειρο-

2440 4724 2710 4793 τονήσειε,
2760 4719 3134 4790 καθαιρείσθω
3171 4719 3394 4787 σύναμα
3439 4720 3516 4788 τῷ
3561 4723 4021 4791 χειροτονηθέντι.

2521 4816 2583 4867 '0
2611 4815 2666 4866 δὲ
2694 4817 2762 4883 τῇ
2798 4813 2975 4880 οἰκεία
3014 4810 3424 4879 ἐναντιούμενος
3475 4813 3604 4881 περὶ
3655 4813 3750 4874 τας
3803 4815 4022 4882 ψήφους

2443 4909 2757 4975 ὑπογραφῇ,
2785 4905 2956 4972 λέγων
2986 4904 3124 4973 μετὰ
3151 4902 3324 4955 ταῦτα
3375 4904 3753 4973 μεμαθηκέναι
3803 4907 3918 4958 τόδε
3966 4925 4023 4961 τι

2444 5002 2501 5052 τὸ
2534 4998 2739 5051 κωλῦον
2764 4998 2853 5049 τὶν
2875 4992 3219 5063 ψηφισθέντα
3248 4995 3710 5063 χειροτονηθῆναι,
3745 4995 3918 5059 ἄλλως
3958 5000 4023 5051 οὐ

2444 5087 2925 5159 καθαιρεθήσεται,
2964 5086 3011 5137 εί
3036 5082 3111 5153 μὴ
3157 5086 3283 5152 περι
3332 5084 3429 5146 τὰς
3471 5084 3772 5149 ἀποδείξεις
3821 5087 4025 5157 ἀτονή-

2447 5199 2609 5235 σειεν.

2447 5297 2699 5352 ΚΕΦᾹΛ.
2733 5293 2807 5345 Β’.
2840 5293 2961 5344 Ὅτι
2992 5291 3105 5362 τὰς
3146 5289 3265 5362 τῶν⁸
3314 5291 3859 5361 χειροτονουμένων
3900 5296 4028 5362 ψή.

2516 5384 2670 5436 φους
2708 5360 3406 5436 οὐτενπαρὰηὰρχὸντων,
3437 5362 3575 5413 οὗτε
3600 5360 3755 5431 πιφὰ
3783 5363 3887 5417 τοῦ
3912 5360 4015 5429 δύο

2516 5430 2632 5507 ξιον
2667 5435 2935 5506 γίνεσθαι
2961 5430 3098 5499 χρή.

2520 5548 2758 5621 Ζήτειτδ
2799 5546 2861 5598 ιθ¹
2892 5561 3017 5611 κεφ.
3048 5540 3142 5594 τοῦ
3184 5541 3222 5593 Ε
3251 5542 3541 5611 στοιχείου.

2520 5644 2589 5693 .νο
2624 5658 2686 5708 γε
2722 5637 2827 5707 μὴν
2862 5635 2928 5705 ιβ’
2956 5634 3049 5687 καὶ
3080 5632 3106 5684 ὁ
3137 5629 3201 5699 ιγ’
3231 5632 3329 5699 τῆς
3362 5634 3419 5683 ἐν
3462 5633 3752 5703 Λαοδικείᾳ
3805 5636 4027 5689 συνόδου

2453 5732 2633 5788 κανὼν
2692 5730 2751 5781 οὐ
2781 5729 2889 5789 τοῖς
2921 5724 3098 5794 ὄχλοις
3128 5722 3517 5791 ἐπιτρέπουσιν
3546 5725 3577 5793 ἢ
3621 5726 3959 5789 ἐπισκόπους
3992 5728 4026 5798 ἦ

2456 5843 2557 5885 πρε
2570 5822 2853 5890 σϐυτέρονς
2880 5812 3211 5885 ἐκλέγεσθαι,
3243 5812 3380 5866 ἀλλὰ
3404 5815 3467 5883 τῇ
3490 5816 3668 5882 κρίσει
3695 5815 3785 5869 τοῦ
3824 5834 4005 5881 ing-:09
