4244 6428
755 431 857 497 199

1949 411 2316 475 MATTHEI
2362 408 2784 469 BLASTARIS

3891 398 4006 465 200

754 539 980 593 tcntiam
1037 543 1092 592 et
1131 536 1248 606 ipso
1275 535 1603 604 deponatur,
1635 539 1690 586 et
1737 528 1811 582 illi
1846 543 1986 598 quos
2027 523 2326 582 ordinavit.
2357 527 2400 578 Α

2431 519 2625 581 αὐτὸς,
2672 518 2767 571 καὶ
2811 515 2904 578 οὓς
2951 514 3377 587 ἐχειροτόνησεν.
3416 512 3555 565 Ἀλλ’
3581 512 3702 566 οὐδὲ
3743 512 3893 580 αὐτῷ
3931 512 4012 579 τῷ

753 631 857 685 Sed
891 645 993 685 nec
1029 629 1453 698 metropolitano
1487 627 1614 679 licet
1658 624 1725 677 ad
1770 621 2005 689 alicujus
2036 620 2330 685 episcopo-

750 740 894 785 rum,
956 723 1048 792 qui
1096 722 1199 775 sub
1238 720 1357 788 ipso
1405 726 1573 780 sunt,
1625 712 1892 768 dimcesin
1929 707 2223 777 proﬁcisci,
2276 715 2330 758 et

755 829 954 868 munus
1023 811 1243 880 aliquod
1299 807 1701 864 hierarcbicum
1779 815 2058 873 peragere,
2119 798 2330 866 absque

754 919 1032 957 consensu
1063 901 1330 971 episcopi.

829 995 964 1049 Vide
992 996 1043 1048 in
1071 1012 1190 1063 cap.
1237 997 1268 1050 9
1303 995 1405 1046 litt.
1443 991 1488 1044 Α
1511 989 1703 1061 synodi
1762 985 2115 1041 Antiocliena:
2167 994 2333 1035 cano-

755 1101 878 1139 nem
913 1083 979 1137 15
1007 1097 1060 1138 et
1087 1085 1181 1147 2‘2,
1211 1092 1262 1137 et
1305 1081 1498 1152 synodi
1548 1077 1803 1133 secundae
1833 1074 2159 1130 secundum.

757 1281 907 1336 CAP.
948 1278 1112 1333 XVII.
1149 1278 1302 1343 Quod
1325 1294 1428 1330 non
1457 1277 1781 1346 permittitur
1812 1276 2054 1343 episcopo
2083 1271 2335 1325 clericum

1162 1352 1300 1401 alius
1333 1349 1612 1416 provincia:
1661 1347 1932 1399 ordinare.

827 1444 1012 1496 Canon
1046 1440 1115 1496 54
1160 1440 1353 1510 synodi
1389 1436 1836 1507 Carthaginiensis
1896 1433 2188 1504 episcopos
2242 1431 2337 1500 qui

759 1536 995 1588 alienum
1077 1534 1337 1587 clericum
1397 1531 1763 1599 suscipientes
1804 1530 1857 1580 in
1913 1527 2031 1580 suis
2086 1522 2338 1579 ecclesiis

759 1629 1034 1693 ordinant,
1070 1626 1461 1680 communione
1491 1625 1825 1693 reliquarum
1861 1621 2065 1692 privat.

831 1801 1172 1854 Constitutio
1227 1807 1410 1853 autem
1443 1798 1729 1870 synodica,
1762 1811 1884 1866 quae
1919 1796 2061 1849 facta
2107 1801 2189 1848 est
2236 1793 2338 1847 sub

762 1894 1071 1962 patriarcha
1097 1893 1376 1955 Michaele,
1394 1892 1485 1960 qui
1506 1891 1921 1959 cognominatur
1939 1886 2190 1956 princeps
2213 1886 2335 1954 phi-
2371 1876 2412 1935 Β

766 1985 1147 2053 I050pliorum,
1185 1983 1520 2037 Concessum
1577 1990 1682 2041 est.
1721 1981 1938 2050 inquit,
1970 1978 2334 2033 Pontiﬁcibns

765 2092 978 2141 omnes,
1025 2079 1116 2144 qui
1155 2075 1394 2128 nondum
1426 2076 1600 2129 sacris
1632 2074 1827 2127 initiati
1861 2083 2010 2136 sunt,
2043 2070 2168 2125 ﬁdei
2203 2085 2327 2124 ver-

765 2172 893 2227 bum
930 2173 1149 2233 docere,
1183 2178 1237 2224 et
1276 2169 1497 2223 erudire
1543 2176 1598 2221 et
1639 2167 1913 2234 baptizare
1972 2165 2337 2232 undecunque

763 2265 898 2324 sint,
936 2273 988 2316 et
1023 2277 1179 2317 sacra
1209 2261 1469 2331 mysteria
1527 2260 1792 2328 impertiri
1844 2259 2094 2313 ﬁdelibus
2146 2257 2338 2326 cujus-

763 2372 980 2425 cunque
1028 2356 1359 2419 diteceseos,
1436 2353 1578 2407 haud
1620 2361 1803 2406 tamen
1835 2351 1900 2406 iis
1935 2352 2032 2421 qui
2060 2350 2343 2419 undequa-

768 2464 877 2517 que
924 2448 1246 2511 adveniunt,
1278 2461 1467 2500 sacros
1501 2445 1726 2500 ordines
1783 2442 2037 2499 conferre
2075 2461 2089 2496 :
2125 2443 2220 2498 sed
2257 2443 2342 2497 his

769 2551 981 2593 tantum
1026 2540 1119 2609 qui
1148 2539 1213 2592 ad
1247 2553 1400 2592 suam
1431 2537 1692 2591 ditionem
1730 2537 2026 2606 pertinent,
2068 2534 2147 2587 uti
2195 2534 2339 2588 sacri

769 2649 1012 2687 canones
1047 2633 1373 2686 decernunt.
1409 2630 1613 2684 Durum
1638 2629 1784 2682 enim
1823 2635 2137 2698 reputatum
2171 2633 2255 2682 est
2288 2634 2343 2681 et

767 2724 1128 2778 inhumanum
1160 2737 1254 2776 eos
1293 2723 1386 2791 qui
1428 2722 1530 2777 hoc
1568 2720 1748 2774 facere
1787 2729 2083 2782 attentarit,
2115 2718 2335 2789 episco-

774 2830 872 2883 pos
909 2815 1155 2880 scilicet’,
1197 2814 1696 2875 excommunicare,
1749 2813 2034 2868 ordinatos
2090 2827 2220 2868 vero
2257 2827 2344 2866 sa-

771 2907 1020 2961 cerdotio
1053 2909 1293 2976 privare,
1357 2906 1462 2960 nisi
1501 2906 1640 2958 forte
1666 2913 1789 2974 post
1823 2919 1984 2958 unam
2028 2913 2084 2958 et
2111 2903 2343 2957 alteram

773 2999 1208 3054 admonitionem
1261 3000 1647 3067 obtemperare
1691 2999 2103 3062 recusaverint;
2159 3012 2344 3051 verum

2435 610 2810 680 μητροπολίτῃ
2851 609 3062 672 ἔξεστιν
3096 609 3175 670 εἰς
3215 607 3432 675 ἐνορίαν
3465 605 3610 667 τινὸς
3643 605 3753 657 τῶν
3788 601 3884 656 ὑπ’
3906 606 4011 657 αὐο

2432 707 2523 755 τὶν
2571 704 2885 755 ἐπισκόπων
2932 702 3186 760 ἀπιέναι,
3234 701 3328 752 καὶ
3378 699 3694 768 ίεραρχικόν
3739 715 3794 750 τι
3835 697 4014 750 τελεῖν

2434 792 2658 863 γνώμης
2691 792 2818 845 ἄνευ
2851 792 2944 843 τοῦ
2978 791 3305 843 ἐπισκόπου.

2505 971 2664 1035 Ζήτει
2699 971 2754 1020 ἐν
2787 967 2864 1036 τῷ
2898 965 2964 1019 θ’.
3016 983 3142 1033 κεφ.
3175 965 3269 1019 τοῦ
3298 971 3344 1020 Α
3378 966 3640 1034 στοιχείου
3671 965 3771 1029 τῆς
3801 966 3859 1014 ἐν
3893 963 4020 1014 ’Δν-

2433 1064 2644 1132 τιοχεῖα
2675 1061 2898 1114 συνόδου
2928 1061 3129 1112 κανόνα
3162 1057 3230 1125 ιγ’
3285 1059 3378 1112 καὶΙ
3435 1056 3542 1122 κδ’,
3573 1059 3665 1110 καὶ
3690 1057 3789 1124 τῆς
3818 1053 3862 1124 β’
3891 1072 4021 1108 συν-

2437 1157 2556 1209 όδου
2590 1157 2792 1208 κανόνα
2826 1151 2890 1223 β’.

2438 1275 2687 1329 ΚΕΦΑΛ.
2720 1274 2818 1326 lZ'.
2842 1273 2970 1324 Ὀτι
3004 1268 3364 1339 χειροτονεῖν
3386 1267 3700 1339 ἐπισκόπῳ
3725 1264 3836 1318 οὐκ
3861 1263 4025 1332 ἐφεῖ-

2747 1360 2841 1396 ται
2875 1338 3165 1408 κληρικὸν
3195 1339 3314 1406 ἐτέί
3331 1356 3404 1403 ας
3438 1338 3700 1404 ἐνοριας.

2519 1441 2578 1492 '0
2611 1437 2682 1491 νδ¹
2705 1439 2801 1504 τῆς
2832 1440 2889 1489 ἐν
2919 1434 3249 1504 Καρθαγένῃ
3285 1433 3505 1484 συνόδου
3535 1429 3716 1484 κανὼν
3767 1429 3896 1490 τοὺς
3927 1427 4025 1480 ἀλ-

2437 1534 2649 1604 λότριον
2675 1530 2998 1600 δεχομένους
3030 1528 3289 1597 κληρικδν
3315 1520 3684 1586 ἐπισκόπους,
3715 1523 3810 1576 καὶ
3844 1538 4025 1591 χειρο-

2437 1625 2725 1685 τονοῦντας
2764 1626 2822 1674 ἐν
2851 1625 2967 1684 ταῖς
3004 1621 3096 1672 ὑπ’
3154 1620 3351 1681 αὐτοὺς
3414 1617 3735 1686 ἐκκλησίαις
3781 1617 3880 1684 τῆς
3911 1614 4026 1665 τῶν

2440 1717 2644 1772 λοιπῶν
2674 1716 2962 1778 κοινωνίας
2994 1713 3266 1782 ἀφορίζει.

2515 1811 2588 1863 Τὸ
2635 1810 2735 1877 μέν
2777 1825 2859 1861 τοι
2905 1806 3184 1859 συνοδικὺν
3229 1803 3547 1875 σημείωμα,
3591 1800 3620 1853 ὃ
3663 1801 3887 1868 γέγονεν
3929 1799 4028 1850 ἐπὶ

2440 1903 2534 1956 τοῦ
2587 1899 2932 1970 πατριάρχου
2988 1897 3240 1966 Μιχαὴλ,
3288 1893 3384 1946 τοῦ
3432 1894 3523 1945 καὶ
3576 1891 4024 1961 χρηματίσαντος

2443 1995 2652 2048 ὑπάτου
2686 1975 2796 2044 τῶν
2831 1989 3139 2057 φιλοσόφων
3161 2027 3176 2049 ,
3214 1984 3635 2055 Συγκεχὼρηται
3675 1985 3772 2051 μὲν
3797 2023 3810 2043 ,
3850 1982 4025 2050 φησὶ,

2440 2089 2555 2150 τοῖς
2597 2084 2919 2156 ἀρχιερεῦσι
2961 2080 3087 2143 τοὺς
3133 2083 3418 2150 ἀμυήτους
3464 2081 3711 2138 ἃπαντας
3756 2077 3846 2151 τὸν
3895 2077 4032 2143 περὶ

2443 2179 2678 2240 πίστεως
2718 2175 2873 2243 λόγον
2906 2174 3198 2236 διδάσκειν,
3235 2172 3328 2224 καὶ
3373 2170 3656 2240 κατηχεῖν,
3694 2169 3786 2218 καὶ
3829 2165 4032 2234 βαπτί-

2443 2269 2557 2333 ζειν
2601 2267 2927 2337 όθενδήποτε
2980 2266 3177 2328 ὄντας,
3225 2262 3334 2315 τῶν
3381 2261 3544 2314 θείων
3592 2277 3650 2312 τε
3706 2260 4032 2328 μυστηρίων

2448 2359 2786 2431 μεταδιδόναι
2822 2360 2933 2418 τοῖς
2969 2355 3027 2420 ἐξ
3059 2354 3279 2408 οἱασοῦν
3314 2355 3528 2423 ἐνορίας
3563 2355 3813 2412 πιστοίςο
3852 2368 4034 2418 χειρο-

2444 2455 2623 2516 τονίας
2659 2453 2715 2504 δέ
2751 2451 2936 2517 ἀξιοῦν
2965 2453 3091 2511 τοὺς
3126 2448 3507 2518 ἁπανταχόθεν
3558 2445 3890 2514 ἐρχομένους
3941 2445 4034 2494 οι-

2446 2546 2635 2617 δαμῶς
2661 2586 2672 2605 .
2704 2545 2817 2596 ἀλλ’
2845 2543 2877 2613 ἢ
2919 2541 3110 2612 μόνους
3141 2542 3270 2602 τοὺς
3304 2543 3366 2593 ἐκ
3398 2540 3496 2608 τῆς
3531 2540 3737 2599 οἰκείας
3775 2539 3993 2607 ἐνορίας
4017 2577 4032 2596 ,

2447 2639 2522 2700 ὼς
2549 2639 2598 2689 οἱ
2627 2635 2762 2688 θεῖοι
2792 2635 3014 2696 κανόνες
3041 2633 3389 2703 διορίζονται.
3421 2629 3664 2699 Σκληρὶν
3695 2629 3794 2697 μέν
3821 2645 3903 2679 τοι
3932 2629 4034 2678 καὶ

2447 2731 2656 2799 ἀπηνὲς
2703 2727 3012 2795 ἐλογίσαντο
3085 2727 3210 2786 τοὺς
3255 2723 3398 2776 οὕτω
3444 2723 3755 2791 φθάσαντας
3803 2720 4034 2788 πρᾶξαι,

2449 2822 2575 2884 τοὺς
2624 2819 2724 2888 μὲν
2759 2819 3092 2880 ἐπισκόπους
3134 2816 3419 2885 ἀφορίσαι,
3457 2815 3583 2876 τοὺς
3627 2813 3683 2865 δὲ
3724 2827 4036 2882 χειροτονη-

2450 2913 2642 2976 θέντας
2688 2911 2979 2981 γυμνῶσαι
3023 2910 3126 2978 τῆς
3179 2907 3512 2978 ἱερωσύνης,

2451 3006 2678 3076 πρώτην
2734 3005 2828 3058 καὶ
2881 3004 3140 3074 δευτέραν
3197 3003 3524 3074 παραίνεσιν
3583 3003 3872 3069 πεισθῆναι
3931 3000 4037 3050 οὐκ

3566 2910 3612 2958 εἰ
3661 2909 3842 2975 μήπου
3891 2909 4036 2972 μετα

777 3102 831 3144 et
859 3102 988 3144 tunc
1020 3091 1242 3160 quidem
1267 3089 1505 3160 episc0pi
1537 3088 1847 3144 socordiam
1891 3088 2136 3152 damnat,
2165 3087 2349 3142 addito

2454 3100 2825 3169 ἐϐουλήθησαν
2849 3118 2862 3131 ·
2895 3099 3030 3151 ἀλλά
3065 3100 3160 3150 καὶ
3189 3099 3309 3150 τότε
3345 3098 3435 3150 τοῦ
3470 3099 3569 3164 μὲν
3601 3099 3904 3148 ἐπισκόπου
3939 3097 4036 3163 ἀς.-

775 3193 929 3237 certo
982 3195 1226 3252 tempore
1261 3203 1272 3236 :
1307 3183 1594 3237 ordinatos
1637 3191 1820 3237 autem
1871 3182 1925 3235 in
1971 3182 2059 3235 illa
2118 3182 2412 3289 dimceaiC

2411 3228 2419 3289 ζ
2454 3192 2578 3260 γίαν
2613 3193 2703 3244 ἐπὶ
2749 3191 2899 3262 ρητῷ
2940 3192 3356 3261 κατεψηφίσατο
3396 3191 3593 3259 χρόνῳ,
3630 3192 3723 3242 τὸν
3760 3190 3814 3241 δέ
3857 3206 4024 3258 χειρνι

777 3275 1120 3327 Sacerdolale
1153 3291 1313 3327 suum
1353 3289 1551 3327 munus
1585 3287 1842 3327 exercere
1872 3273 1986 3326 vult
2020 3272 2074 3326 in
2127 3288 2235 3342 qua
2261 3287 2353 3324 oro

775 3368 944 3419 dinati
993 3374 1142 3419 sunt.
1201 3365 1340 3420 Dare
1391 3367 1558 3419 etiam
1582 3365 1737 3434 jubet
1768 3364 2038 3418 ministris
2069 3366 2354 3432 episcopa-

777 3467 866 3511 tus
895 3467 948 3510 et
1005 3457 1418 3527 cliartopliylaci
1448 3460 1561 3525 [seu
1623 3457 1946 3526 registrario
1995 3471 2116 3524 quae
2149 3469 2215 3508 ex
2265 3469 2354 3508 ve-

781 3551 885 3603 teri
967 3549 1374 3604 consuetudine
1428 3549 1753 3604 ordinandis
1827 3556 1957 3602 sunt
2010 3549 2350 3617 praescripta.

777 3644 886 3698 Ista
939 3655 1120 3700 autem
1167 3645 1367 3711 ;disces
1419 3658 1485 3697 ex
1544 3643 1724 3713 capite
1773 3641 1846 3697 28
1896 3640 2180 3712 praesentis
2229 3639 2344 3694 ele-

782 3749 979 3791 menti.

779 3851 937 3905 CAP.
989 3851 1180 3906 XVIII.
1215 3852 1367 3916 Quod
1400 3852 1712 3922 quibusdam
1739 3849 1997 3918 episcopis
2047 3862 2352 3922 concessum

851 3925 1177 4045 estlalienos
1209 3918 1426 3977 clericos
1459 3926 1706 3992 recipere,
1755 3933 1804 3975 et
1845 3921 2097 3974 ordinare
2139 3920 2193 3970 in
2243 3918 2352 3970 suis

853 4010 940 4045 erc
967 4011 1112 4045 esm.

853 4010 1112 4048 et'Ctesm.

861 4104 991 4158 Vide
1024 4106 1076 4159 in
1107 4121 1227 4176 cap.
1260 4108 1292 4161 9
1341 4105 1445 4160 litt.
1509 4105 1553 4157 A
1590 4118 1858 4158 canonem
1889 4101 1958 4156 55
2005 4099 2194 4172 synodi
2224 4097 2359 4154 Car-

785 4197 1153 4265 tliagiuensis.

2451 3281 2767 3352 τονηθέντα,
2816 3282 2873 3333 ἐν
2925 3282 3108 3350 ἐκείνῃ
3155 3283 3226 3350 τῇ
3256 3281 3464 3350 ἐνορίᾳ
3517 3280 3842 3350 ἱερατεύειν,
3894 3282 3951 3332 ἐν

2454 3375 2885 3444 κεχειροτόνητο.
2921 3373 3171 3425 Δίδοσθαι
3203 3373 3259 3424 δέ
3293 3371 3504 3424 κελεύει
3533 3376 3647 3434 τοῖς
3676 3373 3776 3441 τῆς
3809 3375 4030 3424 ἐπισκο·

2458 3469 2566 3535 πῆς
2593 3465 2896 3536 ὑπηρέταις
2925 3465 3020 3517 καὶ
3044 3463 3122 3533 τῷ
3148 3465 3522 3534 χαρτοφὺλακι
3551 3466 3698 3533 παρά
3723 3464 3830 3516 τῶν
3860 3481 4021 3532 χειρο

2453 3558 2817 3627 τονουμένων,
2849 3557 2919 3610 τά
2953 3557 3012 3621 ἐξ
3044 3557 3202 3618 ἔθους
3235 3558 3466 3628 ἀρχαίου
3499 3559 3888 3628 τετυπωμένα.
3927 3559 4043 3610 Καὶ

2459 3651 2611 3720 ζήτει
2641 3650 2814 3705 ταῦτα
2846 3652 2903 3704 ἓν
2931 3653 3010 3722 τῷ
3041 3650 3272 3722 κη’κεφ.
3305 3652 3402 3704 τοῦ
3436 3653 3709 3723 παρόντος
3743 3653 4040 3720 στοιχείν...

2459 3849 2713 3905 ΚΕΦΑΛ.
2749 3849 2854 3904 IH'.
2897 3850 3024 3904 Τισὶ
3055 3849 3172 3904 τῶν
3201 3851 3554 3906 ἐπισκόπων
3585 3850 3822 3904 δέδοται
3855 3851 4046 3904 ἀλλο-

2528 3925 2732 3992 τριόυς
2774 3921 3104 3992 λαμϐάνειν
3142 3921 3490 3988 κληρικοὺς,
3533 3921 3631 3974 καὶ
3672 3921 4047 3992 χειροτονεῖν

2529 3992 2599 4044 ἐν
2625 3991 2755 4057 ταῖς
2788 3992 2888 4046 ὑπ’
2914 3990 3136 4056 αὐτοὺς
3158 3992 3538 4058 ἐκκλησίαις.

2532 4107 2695 4178 Ζήτει
2727 4109 2784 4159 ἐν
2809 4106 2888 4178 τῷ
2915 4109 2958 4159 θ’
2979 4123 3105 4174 κιφ.
3131 4106 3222 4160 τοῦ
3248 4108 3291 4158 Α
3319 4107 3584 4176 στοιχείου
3615 4109 3816 4160 κανόνα
3844 4113 3917 4160 νε¹
3941 4107 4044 4176 τῆς

2461 4202 2520 4253 ἐν
2553 4199 2884 4271 Καρθαγένῃ
2917 4200 3158 4254 συνόδου.

783 4312 936 4366 CAP.
975 4313 1116 4368 XIX.
1151 4313 1304 4378 Quod
1351 4312 1632 4366 ordinatur
1669 4310 1912 4373 clericus,
1955 4310 2114 4382 etiam
2151 4309 2240 4361 ille
2269 4308 2359 4376 qui

2463 4314 2714 4367 ΚΕΦΑΛ.
2747 4314 2849 4367 ιΘι.
2879 4313 3006 4366 Ὀτι
3045 4314 3472 4382 χειροτονεῖται
3514 4317 3832 4382 κληρικὸς,
3870 4318 3969 4370 καὶ
4011 4321 4049 4371 ό

1093 4401 1198 4437 non
1229 4393 1303 4436 est
1334 4399 1400 4436 ea:
1454 4397 1638 4452 genere
1694 4381 2043 4435 sacerdotali.

856 4477 1051 4542 Quare
1087 4478 1151 4531 I3
1182 4491 1303 4544 cap.
1337 4475 1445 4530 litt.
1472 4475 1536 4529 Κ.

864 4592 1026 4662 265
1075 4591 1228 4647 CAP.
1262 4588 1379 4644 XX.
1416 4589 1642 4654 Quando
1678 4591 1999 4642 ordinantur
2029 4597 2082 4642 et
2125 4589 2278 4643 servi.

857 4685 1094 4740 Consule
1123 4698 1246 4751 cap.
1281 4681 1348 4734 12
1377 4681 1546 4734 litt.A.

999 4799 1152 4854 CAP.
1197 4795 1341 4851 XXI.
1380 4796 1456 4850 De
1489 4796 1822 4851 ordinatione
1858 4793 2145 4850 lectorum.

857 4913 1055 4978 Quare
1084 4926 1208 4980 cap.
1247 4909 1279 4963 6
1311 4910 1414 4962 litt.
1452 4909 1520 4962 Α.

1497 4999 1621 5056 Lex.

859 5100 1056 5154 Lector
1079 5097 1365 5151 ordinatur
1390 5096 1794 5164 quamprimum
1828 5094 2057 5163 legendo
2085 5109 2182 5164 par
2217 5096 2322 5149 erit
2347 5111 2363 5161 ς

795 5206 848 5246 at
886 5193 927 5245 si
961 5191 1257 5244 secundam
1293 5204 1516 5240 uxorem
1545 5189 1782 5245 duxerit.
1815 5187 1896 5240 vel
1923 5188 2150 5253 primam
2187 5202 2253 5242 ex
2283 5189 2366 5241 vi-

793 5287 940 5348 duis,
977 5292 1074 5335 aut
1104 5280 1427 5348 repudiatis,
1459 5289 1554 5333 aut
1585 5279 1891 5332 interdictis
1923 5280 2004 5332 vel
2043 5295 2138 5349 per
2160 5281 2254 5348 jus
2291 5281 2369 5333 ci-

795 5378 902 5430 vile
934 5377 1015 5428 vel
1055 5389 1245 5428 sacros
1275 5388 1539 5436 canones,
1569 5373 1888 5440 neutiquam
1923 5373 1989 5428 ad
2039 5372 2202 5427 alium
2237 5389 2366 5442 gra-

794 5470 922 5522 dum
957 5468 1395 5522 ecclesiasticum
1449 5475 1857 5534 promoveatur.

795 5672 948 5729 CAP.
999 5672 1162 5726 XXII.
1214 5671 1363 5736 Quod
1393 5671 1573 5725 clerici
1611 5687 1714 5724 non
1747 5672 2133 5726 ordinabuntur
2161 5671 2367 5740 simpli-

1515 5745 1666 5800 citer.

871 5859 1002 5916 Vide
1030 5871 1149 5921 cap.
1185 5856 1250 5911 19
1285 5855 1389 5910 litt.
1424 5851 1492 5909 Κ.

2629 4384 2715 4453 μὴ
2750 4385 2821 4436 ἐκ
2858 4384 3072 4450 γένους
3107 4385 3405 4451 ιερατικοῦ
3440 4393 3869 4454 καταγόμενος.

2535 4480 2698 4546 Ζήτει
2726 4483 2787 4530 τὸ
2822 4486 2889 4544 ιγ’
2926 4476 3225 4546 κεφάλαιον
3252 4476 3347 4529 τοῦ
3378 4478 3425 4530 Κ
3463 4479 3754 4548 στοιχείου.

2383 4598 2430 4652 ι)
2507 4578 2756 4644 ΚΕΦΑΛ.
2793 4592 2878 4644 ις’.
2915 4589 3063 4642 Πότε
3099 4590 3584 4657 χειροτονοῦνται
3622 4592 3721 4643 καὶ
3758 4590 3992 4645 δοῦλοι.

2534 4684 2699 4752 Ζήτει
2724 4682 2784 4735 τὸ
2821 4682 2889 4734 ιϐ’
2918 4682 3214 4749 κεφάλαιον
3241 4681 3335 4734 τοῦ
3367 4685 3405 4733 Δ
3435 4683 3732 4751 στοιχείου.

2522 4796 2779 4850 ΚΕΦΔΛ.
2813 4797 2945 4848 KA'.
2977 4795 3120 4864 Περὶ
3150 4798 3524 4866 χειροτονίας
3553 4797 3981 4866 ἀναγνωτῶν.

2541 4912 2704 4981 Ζήτει
2735 4912 2793 4963 τὸ
2823 4911 2880 4976 ς’
2908 4912 3205 4981 κεφάλαιον
3232 4912 3327 4965 τοῦ
3359 4915 3400 4965 Α
3433 4915 3722 4984 στοιχείου.

3144 5006 3364 5072 Νόμος.

2552 5093 2928 5160 ’Δναγνὼστης
2981 5097 3392 5164 χειφτονείσθω
3446 5099 3540 5166 ἀφ’
3577 5100 3794 5153 ὁτουοῦν
3847 5103 4049 5170 χρόνου

2467 5186 2694 5240 δύναται
2721 5188 2811 5238 καὶ
2837 5186 3126 5240 ἐπίσταται
3153 5190 3550 5257 ἀναγινώσκειν
3573 5207 3586 5221 ·
3617 5195 3682 5246 ἂν
3707 5193 3761 5247 δὲ
3788 5196 4050 5264 δευτέραν

2473 5280 2719 5348 γαμετὴν
2747 5279 3044 5349 ἀγάγηται,
3075 5281 3108 5350 ἢ
3144 5282 3366 5352 πρώτην
3398 5284 3518 5352 μὲν,
3551 5288 3726 5354 χήραν
3755 5289 3832 5350 δὲ,
3865 5291 3898 5359 ἢ
3931 5291 4051 5341 διας

2472 5369 2792 5438 ζευχθεῖσαν
2821 5371 3046 5441 ἀνδρὸς,
3083 5373 3114 5442 ἢ
3149 5377 3277 5437 τοῖς.
3301 5377 3485 5445 νόμοις
3522 5380 3555 5448 ἢ
3594 5382 3704 5442 τοίς
3744 5383 3908 5450 ἱεροῖς
3952 5402 4055 5436 κα-

2471 5465 2618 5516 νόσιν
2659 5464 3138 5534 ἀπηγορευμένην,
3185 5469 3384 5536 μηκέτι
3430 5471 3512 5532 είς
3551 5471 3711 5524 ἄλλον
3755 5477 4055 5543 ἐκκλησια-

2474 5557 2657 5609 στικὸν
2687 5557 3026 5625 προδαινέτω
3058 5559 3285 5628 βαθμόν.

2472 5671 2722 5723 ΚΕΦΔΛ.
2758 5668 2886 5725 ΚΒ’.
2913 5672 3043 5723 Ὀτι
3077 5674 3188 5725 οὐκ
3222 5674 3712 5742 ἐχειροτονοῦντο
3746 5683 4054 5739 ἀπολελυ-

2947 5742 3142 5810 μένως
3175 5747 3228 5797 οι
3262 5753 3406 5816 χλιιι
3423 5751 3562 5805 ικοί.

2547 5858 2708 5924 Ζήτει
2743 5858 2799 5909 τὺ
2835 5858 2899 5910 ιῦ’
2927 5862 3220 5926 κευάὶαιον
3252 5863 3344 5916 τοῦ
3380 5867 3423 5918 Κ
3460 5871 3746 5937 στοιχείου.
