4244 6428
291 406 400 474 217

1238 404 1622 467 LAUDATIO
1648 406 1707 466 S.
1732 404 2117 465 GREGORII
2144 404 2559 466 THEOLOGI.

3405 401 3523 467 .2l8

290 528 381 581 ὅτε
410 526 469 579 δὲ
511 524 647 596 πρὸς
683 525 779 594 μὶν
806 522 905 594 τὴν
930 522 1175 591 ἀνάγκην
1218 522 1278 587 ἑξ
1311 523 1556 592 ἀνάγκης
1605 522 1845 588 εῖκομεν,
1881 526 1925 581 Α
1954 535 1966 574 t

1881 526 2194 586 Aservare,
2257 522 2303 577 si
2364 532 2654 590 utrumque
2715 519 2929 590 assequi
2996 519 3207 582 liceret,
3269 514 3373 573 [th
3422 520 3521 573 tibi

292 621 391 671 καὶ
419 619 596 685 λέγειν
620 616 920 686 βουλόμεθα
949 617 1173 678 πάντες,
1215 615 1274 668 τὸ
1312 614 1369 667 δὲ
1404 615 1501 681 τῆς
1532 612 1686 678 ἀξίας
1728 611 1855 682 βου-

287 708 499 777 λόμεθα
529 708 649 777 μὲν,
674 709 735 761 οὐ
767 706 1043 775 δυνάμεθα
1068 705 1146 767 δὲ.
1180 705 1373 772 ἀλογία
1401 706 1595 775 τῳόντι
1628 721 1863 773 περιφα-

288 799 411 866 νής·
444 799 565 850 ἐπεὶ
594 797 753 851 τοῦτο
775 797 875 850 οὐκ
918 797 1093 861 ἔξεστι
1128 796 1250 867 μηδ’
1274 798 1449 849 ἐκεῖνο
1483 796 1745 865 πράσσειν
1768 798 1857 850 αἱ-

289 886 526 955 ρεῖσθαι,
545 886 656 939 ἀλλ’
675 885 1011 957 ἑκατέρωθεν
1032 886 1393 955 ἁμαρτάνειν,
1413 884 1476 937 ἔκ
1499 902 1555 938 τε
1583 878 1657 937 ὧν
1678 884 1859 951 λέγειν

289 977 542 1045 ἀνάγκην
578 977 794 1045 ἔχοντες
829 978 1265 1046 παραλείπομεν,
1297 975 1360 1028 ἐκ
1385 993 1441 1027 τε
1470 968 1544 1031 ὧν
1574 976 1672 1046 τῆς
1707 976 1863 1041 ἀξίας

290 1068 621 1137 λειπόμεθα,
654 1071 770 1123 δέον
798 1070 925 1132 τοὺς
974 1071 1049 1140 μὴ
1090 1069 1265 1141 ταύτῃ
1318 1086 1381 1137 γε
1413 1069 1863 1141 παρεσκευασμέ-

292 1178 445 1222 νους,
473 1160 691 1223 ἐκείνως
720 1160 849 1228 γοῦν
881 1162 1211 1227 ἑκτιννύναις
1249 1164 1373 1215 ἐπεὶ
1412 1165 1506 1215 καὶ
1554 1162 1649 1216 τοῦ
1682 1163 1863 1230 λέγειν

294 1250 506 1313 ἁπλῶς,
566 1250 625 1303 οὐ
675 1250 769 1303 τοῦ
830 1251 1130 1321 προσαξὶαν
1188 1250 1367 1319 λέγειν
1421 1253 1569 1307 ἐστὶν
1625 1252 1860 1322 ἀνάγκη·

290 1345 427 1395 ἄνευ
471 1343 579 1411 γάρ
614 1340 703 1393 τοῦ
745 1342 818 1411 μὴ
850 1341 893 1393 δ’
925 1340 1173 1408 ἡντινοῦν
1209 1342 1308 1410 μὲν
1336 1341 1600 1410 αἰσχύνην
1634 1343 1745 1405 τοῖς
1773 1342 1861 1394 λέ-

293 1449 489 1495 γουσιν
517 1428 657 1484 εἶναι
687 1432 840 1500 παρά
866 1432 965 1501 τὴν
999 1426 1191 1503 ἧτταν,
1221 1431 1398 1485 κοινὸν
1425 1433 1532 1501 γὰρ
1570 1432 1726 1484 τοῦτο
1753 1433 1862 1485 τῶν

292 1522 517 1585 ζώντων
548 1524 605 1574 ὲν
662 1522 863 1587 λόγοις,
920 1522 1185 1590 μεγίστην
1234 1523 1277 1574 δ’
1307 1522 1723 1592 ἀγνωμοσύνην,
1767 1524 1863 1577 ἐὰν

288 1614 442 1665 τοῦτ’
468 1615 597 1667 αὐτὸ
621 1615 856 1677 δεδιότες
881 1616 1037 1683 σιγᾷν
1066 1616 1329 1682 ἀξιῶμεν,
1362 1615 1395 1669 ἀ
1417 1616 1594 1681 λέγειν
1626 1618 1861 1686 ἀνάγκη,

292 1710 391 1760 καὶ
424 1709 564 1776 ὑπὲρ
596 1701 670 1762 ὧν
699 1710 829 1777 ἡμῖν
858 1710 952 1759 καὶ
979 1708 1086 1760 τῶν
1114 1708 1353 1777 Ὀμήρου
1374 1709 1677 1778 στομάτων,
1706 1709 1863 1779 εἴπερ

292 1798 407 1852 οἷόν
435 1801 481 1851 τ’
514 1796 602 1868 ἦν,
632 1800 786 1868 παρά
816 1798 973 1851 πάντ’
1009 1800 1112 1852 ἔδει
1144 1800 1237 1852 τὸν
1265 1800 1475 1868 χρόνον,
1504 1800 1587 1864 τίς
1610 1802 1708 1853 οὐκ
1724 1797 1864 1854 οἶδεν

289 1893 371 1953 ὠς
417 1886 499 1954 οἷς
540 1892 703 1950 αὐτὸς
760 1891 955 1959 λόγων,
1006 1893 1101 1944 καὶ
1147 1892 1365 1961 ἀρετῆς.
1409 1893 1502 1946 καὶ
1547 1893 1856 1962 δογμάτων,

291 1985 388 2035 καὶ
420 1982 748 2051 ξυμπάντων
777 1982 850 2044 ὡς
876 1983 1050 2035 εἰπεῖν
1079 1982 1186 2035 τῶν
1215 1982 1519 2035 καλλίστων
1563 1985 1858 2052 κεφάλαιον

290 2077 571 2146 ἀνεφάνης
610 2074 685 2144 τῷ
713 2075 835 2146 βίῳ,
865 2079 959 2131 καὶ
1006 2076 1163 2143 μόνος
1190 2074 1346 2144 ἔσχες
1376 2078 1525 2147 παρᾶ
1554 2079 1772 2131 πάντων
1804 2082 1860 2130 ὲν

290 2169 509 2230 τούτοις
531 2168 591 2221 τὸ
621 2166 1065 2238 συγκεχωρηκὸς,
1099 2166 1195 2220 τοῦ
1234 2167 1332 2235 μὲν
1356 2168 1444 2221 διὰ
1477 2171 1655 2222 πάντα
1684 2169 1854 2223 ταῦτα

292 2259 670 2328 θαυμάζεσθαι
690 2260 844 2329 παρά
863 2260 1087 2322 πάντας,
1101 2259 1380 2328 ὀφειλέτας
1403 2262 1646 2323 ἅπαντας
1664 2262 1854 2331 ἴσχεις·

290 2351 391 2405 τοῦ
415 2353 471 2405 δὲ
509 2352 831 2418 προσαξίαν,
858 2351 1066 2404 οὐδένα·
1098 2353 1264 2422 μόνης
1293 2354 1400 2422 γὰρ
1420 2353 1517 2421 τῆς
1552 2355 1648 2424 σῆς
1686 2354 1859 2422 γλώτ-

289 2462 393 2512 της
420 2444 579 2514 εἴπερ
608 2439 720 2496 οἷόν
750 2461 809 2496 τε
846 2443 1167 2511 σπούδασμα
1215 2443 1358 2496 τοῦτ’
1397 2443 1462 2497 ἀν
1492 2440 1581 2514 ἧν.
1626 2446 1736 2498 Καὶ
1763 2447 1861 2514 μό-

291 2554 384 2597 νος
420 2536 561 2604 ὑπὲρ
597 2535 754 2598 αὐτὺς
792 2535 994 2589 σαυτοῦ
1029 2534 1216 2588 τοῦτον
1244 2534 1307 2589 ἂν
1338 2536 1548 2599 εῖσέδυς
1578 2537 1860 2607 ἀποχρών-

291 2647 405 2687 τως
438 2631 528 2680 τὸν
566 2625 749 2681 ἆθλον·
801 2629 863 2680 οὺ
915 2628 1022 2699 μὴν
1068 2628 1153 2681 διὰ
1203 2629 1360 2681 τοῦτο
1411 2629 1631 2681 κάκεῖνο
1679 2632 1861 2683 λιπεῖν

293 2721 445 2787 ἡμᾶς
475 2720 576 2783 δεῖ,
612 2720 730 2772 οὐδὲ
765 2720 859 2771 τοῦ
891 2720 1090 2782 παντὸς
1129 2720 1428 2789 ὑστερῆσαι
1458 2720 1518 2772 τὸ
1551 2720 1715 2789 μέρος
1759 2722 1860 2774 οὐκ

292 2812 543 2879 ἔχοντας’
576 2810 711 2864 ἀλλὰ
743 2812 975 2879 μάλιστα
1026 2812 1126 2879 μὲν
1172 2811 1447 2878 εἰσφέρειν
1479 2813 1541 2864 ὲκ
1570 2812 1677 2864 τῶν
1714 2813 1861 2867 ὲνόν-

293 2923 404 2957 των
442 2906 533 2956 καὶ
559 2906 656 2973 τὴν
689 2904 1048 2976 νομιζομένην
1093 2904 1398 2957 ἀποδιδόναι
1445 2904 1617 2973 δήπου
1670 2908 1862 2961 συντέ-

295 2997 470 3049 λειαν·
506 3000 552 3049 εἰ
593 2997 648 3049 δὲ
676 2997 774 3066 τὴν
803 2999 1137 3066 γιγνομένην
1164 2997 1260 3049 οὐκ
1292 2997 1521 3063 ἔνεστιν,
1551 2997 1702 3051 οὐδὲν
1726 3000 1865 3069 πρδς

294 3090 472 3157 ἡμᾶς·
511 3089 646 3141 ἀλλὰ
677 3091 738 3141 σύ
761 3090 810 3155 γ’
836 3090 997 3151 αὐτὸς
1021 3089 1209 3143 τούτου
1244 3091 1649 3157 σαυτὲνναίτιῶ,
1683 3094 1863 3145 πᾶσαν

1961 613 2191 682 quisque
2218 612 2447 667 ofﬁcium
2478 615 2618 668 haud
2650 614 2810 668 dubie
2839 612 3155 669 redditurus
3186 623 3327 675 erat,
3362 610 3526 665 nihil-

1962 718 2069 772 que
2120 713 2305 759 nostro
2340 720 2483 758 nunc
2523 703 2703 759 labore
2743 719 2882 774 Opus
2928 704 3125 759 fuerat.
3166 704 3431 758 (laterem
3465 711 3524 755 ut

1964 793 2271 847 necessitati
2307 808 2369 847 ex
2403 794 2726 848 necessitate
2752 793 3015 855 cedimus,
3046 800 3099 846 et
3131 792 3196 843 de
3228 799 3280 843 te
3304 790 3520 858 quidem

1963 880 2144 935 dicere
2172 896 2358 934 omnes
2388 896 2644 947 avemus;
2682 882 2776 936 sed
2804 882 2962 952 digne
2997 883 3129 935 satis
3160 881 3364 943 dicere,
3397 893 3523 931 ave-

1963 987 2117 1039 mus,
2173 988 2279 1025 non
2335 973 2461 1025 item
2516 988 2803 1041 possumus
2845 991 2858 1027 :
2899 974 3019 1026 lteic
3048 986 3181 1025 sane
3237 969 3522 1023 manifeste

1965 1061 2258 1116 absurdunt
2305 1062 2488 1125 fuerit,
2528 1063 2571 1115 si
2602 1063 2857 1133 quoniam
2904 1062 3005 1117 hoc
3037 1076 3144 1116 non
3195 1062 3374 1123 datur,
3405 1062 3525 1114 ideo

1966 1169 2032 1209 ne
2065 1153 2280 1223 quidem
2314 1152 2441 1206 illud
2474 1153 2626 1206 nubis
2661 1155 2928 1222 agendum
2966 1162 3291 1215 statuamus,
3337 1164 3526 1202 verum

1966 1247 2214 1315 utrinque
2245 1246 2424 1314 potius
2454 1249 2520 1299 ab
2572 1245 2746 1300 oﬂicio
2777 1247 3057 1301 discedere
3109 1245 3271 1299 maliu
3295 1260 3379 1309 us,
3414 1251 3527 1297 tmn

1966 1351 2051 1401 eo,
2084 1337 2228 1406 quod
2256 1337 2379 1391 licet
2404 1337 2615 1391 dicendi
2651 1337 2899 1405 imposita
2932 1338 3090 1391 nobis
3116 1337 3408 1389 necessitas
3438 1336 3527 1397 sit,

1966 1444 2071 1483 non
2105 1430 2347 1483 dicamus
2383 1441 2590 1492 tamen,
2642 1439 2752 1483 tum
2794 1430 2935 1500 quod
2976 1445 3004 1483 a
3050 1430 3313 1497 dignitate
3348 1428 3531 1496 operis

1965 1522 2178 1589 longius
2208 1520 2476 1587 absimus,
2529 1538 2649 1577 cum
2685 1532 2872 1575 contra
2920 1530 3222 1591 oporteret,
3256 1520 3302 1575 si
3350 1520 3417 1572 ad
3452 1520 3533 1571 di-

1967 1614 2229 1685 gnilatem
2268 1614 2424 1668 istam
2455 1616 2630 1669 minus
2662 1616 2910 1669 instructi
2961 1629 3231 1678 essemus,
3264 1613 3406 1683 quod
3436 1613 3531 1667 de-

1967 1704 2248 1769 bebamus,
2278 1716 2550 1774 utcunque
2601 1707 2827 1760 dicendo
2874 1705 3185 1776 persolvere
3220 1725 3232 1760 :
3262 1704 3525 1774 siquidem

1968 1797 2149 1852 dicere
2179 1799 2459 1861 duntaxat,
2495 1812 2604 1850 non
2634 1810 2811 1851 autem
2846 1812 2911 1850 ex
2961 1797 3153 1850 merito
3198 1796 3399 1860 dicere,
3434 1810 3529 1850 ne-

1970 1904 2120 1942 cesse
2149 1896 2250 1943 est.
2278 1887 2478 1952 Praeter
2500 1889 2551 1942 id
2582 1890 2747 1953 enim,
2778 1888 2921 1957 quod
2964 1888 3105 1941 nulla
3130 1887 3453 1949 dicentibus,
3483 1886 3529 1941 si

1970 1979 2260 2034 inferiores
2306 1980 2669 2043 discedimus,
2726 1979 3002 2035 subeunda
3059 1978 3350 2049 ignominia
3409 1989 3524 2040 est,

1968 2074 2186 2141 quando
2222 2072 2539 2125 tralatitium
2590 2072 2691 2127 hoc
2742 2072 2806 2125 iis
2840 2086 2903 2125 ac
2954 2085 3263 2134 commune,
3295 2070 3384 2139 qui
3446 2070 3530 2123 his

1971 2166 2023 2219 in
2060 2165 2257 2221 litteris
2287 2174 2500 2219 aetatem
2536 2173 2725 2235 agunt,
2773 2165 2870 2221 sed
2923 2165 3164 2219 maxima
3195 2166 3371 2231 potius
3428 2164 3533 2217 ini-

1970 2257 2193 2326 quitatis
2220 2256 2427 2324 opinio,
2466 2255 2511 2310 si
2546 2268 2691 2310 metu
2722 2256 3029 2325 ignominia:
3080 2256 3239 2324 hujus
3280 2254 3441 2309 silere
3468 2268 3531 2309 ea

1969 2348 2245 2413 malimus,
2283 2362 2400 2416 qua:
2431 2348 2611 2402 dicere
2646 2339 2868 2403 necesse
2901 2355 3021 2414 est;
3073 2347 3380 2418 quibusque
3432 2360 3530 2399 ex-

1972 2438 2272 2516 primeqtlis
2302 2439 2439 2493 dena
2500 2437 2585 2492 illa
2634 2436 2853 2493 Homeri
2888 2452 2983 2492 ora
3036 2437 3136 2509 (l),
3178 2438 3222 2492 si
3252 2454 3357 2505 qua
3414 2439 3529 2494 fieri

1976 2537 2175 2596 posset,
2206 2527 2361 2581 nobis
2397 2537 2659 2597 perpetuo
2709 2541 2845 2594 opus
2877 2536 3058 2583 essent
3092 2543 3109 2583 :
3144 2528 3287 2598 quis,
3319 2542 3525 2595 quaeso,

1965 2629 2052 2674 est
2081 2619 2170 2689 qui
2226 2620 2454 2684 nesciat,
2485 2621 2624 2689 quod
2656 2621 2756 2675 hoc
2789 2621 2906 2688 ipso
2937 2635 3042 2690 quo
3097 2629 3152 2674 tu
3190 2630 3245 2674 et
3271 2621 3531 2689 eloquen-

1972 2715 2082 2778 tim,
2119 2723 2172 2767 et
2199 2715 2439 2778 virtutis,
2476 2723 2528 2767 et
2564 2715 2874 2782 dogmatum
2911 2715 3209 2784 religionis,
3261 2725 3313 2769 et
3348 2725 3406 2768 ut
3450 2730 3535 2771 sc-

1970 2806 2073 2860 mel
2102 2806 2300 2868 dicam,
2327 2805 2811 2874 pulcherrimarum
2840 2819 3019 2858 rerum
3058 2804 3324 2871 omnium,
3370 2812 3533 2871 caput

1969 2910 2031 2949 ac
2078 2895 2352 2964 fastigium
2389 2894 2570 2963 generi
2607 2895 2845 2948 humano
2876 2895 3199 2962 apparuisti,
3246 2907 3299 2948 et
3350 2896 3434 2948 his
3471 2896 3523 2948 in

1972 2987 2131 3040 rebus
2163 3000 2369 3040 summa
2400 2986 2641 3038 omnium
2668 2986 3047 3050 consensione,
3073 2985 3277 3053 primas
3308 2984 3405 3039 tibi
3441 2986 3530 3039 uni

1971 3092 2261 3133 concessas
2330 3087 2521 3141 tenes;
2593 3076 2754 3130 simul
2793 3076 2864 3130 ob
2900 3077 3011 3129 haec
3045 3077 3227 3129 omnia
3277 3087 3335 3129 ut
3369 3091 3533 3144 super

292 3181 458 3249 λόγου
486 3180 716 3249 δύναμιν
746 3181 1112 3248 ὑπερϐαίνων,
1144 3183 1233 3234 καὶ
1267 3183 1425 3251 μόνος
1469 3186 1581 3245 τοῖς
1614 3188 1861 3238 ἐπαινεῖν
1889 3206 1933 3269 C

1854 3202 1933 3269 .C
1968 3170 2102 3223 alios
2162 3169 2341 3222 omnis
2395 3167 2709 3233 celebreris,
2767 3168 3052 3222 universos
3108 3168 3402 3222 obstrictos
3436 3168 3530 3221 tibi

293 3274 651 3341 αἱρουμένοις
709 3276 1000 3340 ἀνέφικτος
1057 3272 1154 3334 ὢν,
1209 3272 1283 3335 ὥς
1332 3291 1431 3325 που
1480 3275 1575 3325 καί
1610 3274 1770 3338 αὐτὸς
1809 3279 1867 3329 έν

292 3366 546 3426 πεύσεως
580 3367 733 3431 εῖδει,
757 3365 901 3418 τοῦτ’
932 3367 1358 3434 ἀποφηνάμενος
1386 3364 1578 3433 ἔφθης,
1602 3366 1697 3430 Τίς
1720 3370 1868 3437 ἡμᾶς

294 3460 486 3513 ἐπαινέ
498 3476 668 3524 σ;ται;
690 3460 870 3527 φήσας
884 3476 895 3489 ·
910 3457 1098 3526 ὥσπερ
1118 3458 1559 3527 προῦπογράφων
1574 3458 1633 3509 τὸ
1652 3459 1868 3528 μέλλον,

292 3552 390 3602 καὶ
426 3549 733 3601 συστέλλων
763 3550 969 3609 πάντας
998 3549 1132 3617 πρὸς
1163 3548 1261 3614 τὴν
1289 3547 1600 3616 ἐγχείρησιν
1622 3563 1635 3577 ο
1674 3551 1771 3602 καὶ
1802 3550 1862 3600 ού

292 3642 440 3708 λέγω
491 3642 573 3692 ὅτι
632 3643 726 3694 καὶ
762 3639 911 3691 τοῦθ’
939 3640 1079 3709 ὑπὲρ
1129 3639 1222 3691 σοῦ
1281 3640 1499 3708 μᾶλλον,
1552 3638 1583 3708 ἢ
1638 3638 1865 3708 θάτερον

294 3735 573 3800 γίγνεταυ
617 3733 674 3783 οὐ
713 3733 821 3799 γὰρ
854 3731 1118 3801 τοσαύτην
1146 3730 1409 3800 ἔκπληξιν
1440 3729 1549 3793 ἕξει
1579 3730 1646 3782 τὰ
1689 3732 1757 3781 ait
1784 3731 1871 3783 διὰ

298 3824 537 3894 μέγεθος
567 3821 925 3891 σιωπώμενα,
961 3823 1092 3890 ὅσην
1146 3822 1230 3883 ἂν,
1283 3823 1330 3871 εἰ
1385 3823 1583 3883 πάντες
1627 3822 1870 3874 ἐπαινεῖν

298 3916 687 3986 προελόμενοι,
715 3916 917 3977 πάντες
949 3914 1398 3983 ἀποτυγχάνοιεν·
1453 3914 1546 3964 καί¹
1592 3913 1700 3981 μὴν
1732 3916 1779 3965 εί
1811 3914 1871 3965 τὸ

297 4009 574 4072 καταξίαν
609 4008 896 4075 ζητήσαις,
929 4008 987 4058 οὐ
1024 4010 1182 4075 μόνον
1211 4006 1318 4056 οὐδ’
1346 4005 1584 4057 ὁντινοῦν
1618 4022 1745 4056 ποτε
1783 4006 1870 4057 τὸν

299 4103 631 4170 εἰσφέροντα
664 4100 810 4164 ἕξεις
840 4099 1061 4168 (πάντες
1083 4098 1193 4164 γὰρ
1233 4096 1412 4148 ἴσασιν
1440 4096 1691 4155 ἐλάττους
1722 4095 1871 4158 ὄντες

297 4195 411 4245 τῶν
438 4192 548 4245 σῶν
575 4191 889 4259 ἐγκωμίων,
922 4192 1015 4242 καὶ
1042 4191 1238 4251 πάντες
1266 4188 1614 4240 παντάπασιν
1634 4190 1871 4259 ἀποστή-

301 4286 537 4351 σονται),
589 4284 723 4335 ἀλλὰ
776 4281 871 4333 καὶ
919 4280 1119 4349 τρόπον
1177 4280 1242 4332 ἂν
1282 4279 1489 4349 ἕτερον,
1546 4278 1735 4349 ὥσπερ
1791 4283 1871 4339 εἰς

304 4378 541 4442 αἴνιγμα
573 4374 765 4445 πέσῃς,
798 4373 893 4423 καὶ
947 4370 1103 4439 δόξῃς
1160 4368 1189 4420 ὁ
1248 4368 1409 4429 αὐτὸς
1452 4367 1761 4436 θαυμαστός
1814 4386 1871 4420 τε

302 4463 446 4521 εἶναι
482 4468 574 4517 καὶ
612 4466 709 4533 μή·
736 4464 798 4515 τὸ
839 4464 956 4532 μὲν,
979 4457 1057 4524 οἷς
1086 4460 1259 4523 οὕτως
1291 4461 1459 4529 ἔχεις⁹
1502 4461 1561 4513 τὸ
1584 4461 1660 4527 δὲ,
1698 4456 1775 4521 οἷς
1810 4462 1869 4513 οὑ

1972 3261 2243 3315 debitores
2289 3262 2510 3325 habeas,
2574 3260 2845 3314 neminem
2910 3273 3059 3324 vero,
3113 3269 3170 3311 ut
3211 3274 3306 3328 pro
3341 3260 3533 3313 merito

1972 3351 2280 3405 celeltreris.
2308 3352 2462 3417 Quod
2513 3351 2555 3403 si
2607 3350 2721 3404 ﬁeri
2776 3359 3008 3423 poterat,
3070 3351 3229 3404 unius
3288 3351 3362 3405 tui
3424 3353 3534 3405 oris

1970 3459 2105 3513 opus
2136 3453 2273 3497 erat.
2300 3443 2458 3496 Solus
2490 3443 2634 3497 enim
2680 3452 2734 3496 tu
2771 3452 2859 3495 tua
2892 3458 3058 3496 causa
3091 3443 3315 3497 idoneus
3348 3444 3398 3497 in
3431 3443 3535 3497 hoc

1972 3546 2243 3588 certamen
2274 3534 2471 3587 athleta
2507 3536 2867 3588 descensurus
2899 3550 3041 3589 eras.
3075 3532 3393 3603 Quanquam
3438 3546 3537 3589 nec

1974 3625 2075 3677 hac
2105 3638 2233 3675 sane
2257 3624 2319 3674 de
2349 3638 2512 3677 causa
2556 3624 2685 3677 illud
2719 3624 2793 3677 tui
2838 3623 3144 3677 celebrandi
3179 3624 3533 3677 deserendum

1972 3715 2134 3770 fuerit
2171 3713 2429 3781 ollicium,
2487 3730 2585 3769 nec
2636 3725 2745 3769 toto
2777 3715 3164 3777 desistendum,
3196 3715 3338 3783 quod
3385 3726 3537 3785 parte

1976 3805 2119 3858 illius
2151 3804 2327 3873 aliqua
2362 3805 2664 3860 deficimur.
2696 3805 2896 3858 Contra
2946 3804 3102 3858 vero'
3126 3807 3302 3871 potius
3330 3822 3439 3875 quo
3466 3808 3533 3861 ad

1975 3898 2204 3954 facultas
2242 3899 2381 3953 feret
2406 3898 2552 3967 large
2583 3914 2647 3951 ac
2679 3898 2978 3953 liberaliter
3014 3898 3282 3963 conferre,
3330 3911 3532 3953 ratam-

1977 4006 2083 4060 que
2115 3992 2421 4045 communis
2449 3991 2724 4059 pensiOnis
2764 4002 2971 4060 partem
3016 4007 3405 4060 repraesentare
3440 3996 3537 4049 de-

1975 4086 2205 4139 bemus:
2246 4083 2390 4155 quod
2442 4086 2485 4137 si
2519 4090 2746 4145 tantam,
2780 4094 3036 4152 quautam
3084 4101 3183 4151 par
3210 4096 3350 4152 erat,
3392 4088 3534 4141 haud

1975 4181 2237 4244 valemus,
2288 4179 2416 4232 nihil
2450 4180 2578 4232 illttd
2609 4177 2851 4247 profecto
2879 4190 3060 4233 nostra
3096 4181 3281 4243 refert,
3302 4182 3394 4236 sed
3423 4160 3536 4235 tute

1977 4273 2071 4325 tibi
2111 4274 2341 4340 imputes
2376 4269 2519 4324 licet.
2556 4270 2646 4339 qui
2684 4270 2994 4324 facultatem
3033 4271 3293 4326 orationis
3317 4288 3532 4327 omnem

1942 4374 2348 4433 'supcrvectus,
2395 4377 2639 4430 unusque
2683 4361 3055 4416 laudatoribus
3086 4365 3193 4417 tuis
3226 4366 3540 4420 inaccessns

1975 4472 2055 4511 es.
2088 4455 2238 4521 Quod
2294 4464 2347 4508 et
2397 4453 2511 4521 ipse
2546 4452 2777 4521 quodam
2831 4452 2952 4506 loco
2982 4452 3082 4522 (2),
3121 4452 3543 4523 interrogatiun-

303 4561 434 4621 τοὺς
476 4556 853 4625 θαυμάζοντας
884 4555 1045 4623 ἔχεις·
1075 4553 1214 4623 ὑπὲρ
1242 4546 1303 4606 οὗ
1332 4570 1421 4622 μοι
1450 4552 1596 4606 δοκεῖ
1628 4552 1719 4605 καί⁵
1747 4554 1868 4614 τοὺς
1904 4539 1945 4592 D
1976 4574 1979 4595 ι

1860 4570 1868 4613 ;
1904 4539 1945 4592 υ
1976 4549 2095 4603 cula
2156 4547 2332 4614 aliqua
2391 4545 2501 4612 jam
2553 4543 2837 4597 declarasli
2873 4559 2889 4597 :
2922 4562 2940 4594 ι
3000 4544 3220 4612 Ecquis,
3264 4546 3536 4614 inquiens,

305 4651 564 4710 ἐπαίνους
596 4649 815 4707 αὐτοὺς,
857 4648 907 4699 εί
959 4645 1034 4713 μὴ
1092 4648 1212 4698 κατ’
1258 4644 1573 4714 ἀνθρώπους
1606 4644 1869 4714 πρότερον
1936 4661 1981 4695 -ι

1859 4662 1869 4692 ι
1936 4657 2077 4695 -nos
2133 4639 2444 4692 laudaturus
2489 4636 2610 4689 est?
2657 4654 2675 4685 ι
2711 4637 2864 4705 quasi
2916 4635 3340 4704 prasiguiticans
3393 4640 3535 4706 quod

304 4738 469 4811 ἦσαν,
505 4741 722 4799 πάντως
772 4738 858 4802 ἂν,
904 4736 1021 4787 νυνὶ
1058 4733 1387 4803 νενομίσθαι,
1442 4736 1536 4788 καὶ
1566 4734 1663 4803 τὴν
1697 4732 1870 4803 ἀρχὴν

1860 4751 1870 4782 ν
1981 4734 2214 4785 futurum
2244 4738 2379 4792 erat,
2414 4741 2707 4788 omnesque
2760 4728 2827 4779 ab
2861 4727 2961 4780 hoc
3005 4726 3218 4795 incepto
3247 4727 3536 4781 deducens.

304 4833 558 4889 ἐντεῦθεν
588 4830 793 4882 λαϐεῖν.

1980 4823 2359 4877 Verumtamen
2409 4820 2551 4873 haud
2602 4819 2759 4873 facile
2805 4819 3036 4872 dixerim
3090 4819 3533 4874 honorificentius

305 4935 412 4988 hoc
456 4930 553 4984 tibi
589 4927 830 4982 futurum
889 4924 1160 4978 silentium
1215 4921 1307 4975 illo
1377 4920 1630 4973 laudandi
1682 4930 1904 4973 conatu.
1951 4918 2070 4972 Non
2103 4918 2248 4971 enim
2311 4917 2533 4987 perinde
2567 4912 3001 4983 obstupefactura
3062 4912 3305 4967 homines
3338 4914 3532 4967 decora

306 5039 397 5079 tua
427 5034 586 5079 erunt
621 5022 837 5075 silentio
869 5019 1203 5080 transmissa,
1236 5026 1395 5083 atque
1450 5017 1493 5069 si
1544 5026 1598 5067 et
1644 5016 1868 5068 laudare
1906 5025 1956 5068 te
1978 5028 2165 5067 omnes
2191 5014 2463 5077 insistant,
2488 5022 2538 5065 et
2570 5011 2764 5063 frustra
2799 5020 2973 5061 tamen
3002 5010 3253 5062 omnibus
3320 5010 3371 5061 hi
3451 5026 3536 5060 co-

305 5131 464 5172 natus
513 5118 641 5169 sittt.
675 5113 827 5179 Quod
860 5114 988 5166 site
1051 5127 1179 5164 vero
1238 5110 1456 5177 dignum
1523 5108 1748 5160 omnino
1798 5110 2127 5177 pra‘eonium
2182 5106 2397 5171 qttattis,
2450 5118 2569 5156 cum
2626 5102 2830 5154 nullum
2891 5101 3102 5168 inquam
3164 5100 3253 5168 qui
3316 5115 3532 5166 operam

302 5232 457 5268 suam
508 5215 615 5266 huc
668 5210 913 5264 conferat
963 5209 1199 5276 reperies
1260 5208 1440 5275 (nemo
1494 5206 1635 5255 enim
1696 5203 1870 5257 nescit
1908 5210 2113 5271 quanto
2162 5201 2407 5253 laudibus
2458 5199 2564 5251 tuis
2611 5199 2789 5249 ntinor
2835 5196 2934 5259 sit;
2968 5194 3106 5247 unde
3171 5204 3225 5246 et
3299 5194 3535 5246 universi

304 5313 370 5365 iis
407 5310 623 5381 penitus
659 5304 966 5375 absisteut),
998 5316 1105 5357 tum
1132 5314 1181 5355 et
1212 5302 1314 5355 alia
1344 5316 1446 5369 qua
1490 5300 1695 5352 ratione
1730 5300 1873 5353 velut
1916 5300 1967 5352 in
1997 5299 2225 5365 aenigma
2260 5295 2527 5365 quoddam
2561 5294 2782 5355 incides,
2810 5291 3183 5358 videberisque
3247 5290 3327 5342 vir
3398 5292 3534 5343 idem

302 5406 647 5461 admirabilis
695 5403 895 5473 pariter
946 5416 1086 5464 esse,
1136 5408 1191 5453 et
1246 5414 1348 5450 non
1406 5412 1571 5450 es.~e:
1646 5398 1902 5460 alterum,
1980 5395 2121 5464 quod
2160 5394 2283 5446 talis
2344 5406 2527 5459 reapse
2571 5404 2651 5451 es,
2700 5389 2951 5449 alterum,
2982 5387 3123 5453 quod
3182 5385 3539 5439 admiratores

303 5504 729 5568 laudatoresque
758 5498 929 5550 nullos
961 5497 1145 5548 habes.
1176 5493 1341 5561 Cujus
1374 5494 1625 5561 equidem
1670 5507 1858 5555 causa,
1900 5491 2175 5566 si_minns
2219 5500 2381 5541 antea
2461 5499 2727 5554 usurpatae
2801 5484 3107 5536 hominibus
3164 5479 3532 5549 hujuscemodi

302 5599 644 5651 laudationes
674 5595 923 5658 fuissent,
954 5593 1139 5661 utique
1171 5604 1311 5643 nunc
1344 5589 1579 5659 primum
1621 5588 1998 5652 instituendas,
2034 5587 2180 5641 etab
2219 5587 2320 5639 huc
2344 5583 2590 5651 exmnplo
2654 5579 2915 5648 originem
2983 5586 3287 5647 sumpturas
3355 5574 3544 5640 fuisse,

302 5691 655 5745 crediderim.

375 5862 453 5923 ll)
490 5858 636 5913 Iliad
662 5858 718 5911 Β.
752 5869 891 5910 vers.
919 5852 1043 5907 489.
2062 5840 2137 5910 (ΕΞ)
2170 5838 2298 5893 Fine
2338 5837 2601 5913 liuitaphii
2635 5836 2683 5885 in
2718 5830 2995 5885 Basiliam.
