4244 6428
715 395 820 458 935

1936 375 2316 437 TIIEODULI
2365 371 2706 433 MONACHI

3833 363 3939 428 236

717 507 984 560 Musarum
1003 516 1130 566 ones
1148 494 1663 565 compiccwbantur,
1688 504 1740 547 et
1766 500 1840 546 tot
1859 504 2079 544 numero
2096 498 2269 552 crant,
2303 495 2346 549 Α
2378 506 2393 538 >

2267 531 2269 544 ,
2303 495 2346 549 Α
2378 487 2469 538 καὶ
2510 485 2605 553 τὴν
2641 483 2792 538 πόλιν
2831 482 3134 552 ἐπέραστον
3187 480 3389 551 μᾶλλον
3421 479 3594 533 ἐποίει
3639 480 3750 539 τοῖς
3790 481 3943 546 φιλο-

717 604 847 665 quot
867 594 949 644 vix
973 592 1021 643 in
1045 597 1237 643 cuncta
1257 585 1621 654 reperirentur
1653 580 1876 634 Graecia.
1898 577 2047 644 Quod
2093 575 2277 628 urbem

719 696 872 742 tanto
900 681 1266 736 amabilioretn
1301 675 1562 730 studiosis
1593 683 1644 726 et
1667 670 1946 725 industriis
1973 666 2281 720 hominibus

717 777 990 834 reddebat.
1009 773 1140 826 Cum
1163 769 1322 839 igitur
1348 783 1451 822 non
1473 766 1627 832 longo
1645 773 1879 829 tempore
1898 772 2144 828 magnam
2170 756 2274 808 illic

722 863 1136 919 lectissimarnm
1161 855 1530 911 doctrinarum
1555 853 1660 904 vim
1684 849 2010 917 collegisset,
2045 845 2283 912 nihilque

718 957 1024 1016 admodum,
1053 965 1190 1022 pene
1225 949 1396 1002 dicam
1439 953 1588 998 extra
1635 957 1693 996 se
1741 955 1999 1008 suamque
2043 935 2281 993 discendi

715 1050 1022 1104 aviditatem
1038 1041 1361 1109 reliquisset,
1379 1036 1634 1106 quoniam
1655 1043 1924 1104 parentem
1938 1046 2001 1084 ac
2015 1030 2276 1083 nutricem

715 1142 890 1194 omnis
910 1135 1189 1207 sapientia:
1204 1131 1463 1191 Athenas,
1483 1127 1614 1182 solis
1635 1127 1795 1180 animi
1826 1122 2072 1179 sensibus
2099 1136 2128 1176 e
2161 1121 2277 1173 lon-

719 1233 918 1304 gluquo
949 1225 1280 1286 intuebatur,
1316 1234 1538 1289 quarmu
1562 1232 1746 1273 amore
1771 1214 1976 1285 jamdiu
1999 1212 2278 1282 ﬂagrabat,

719 1342 825 1382 t-nn
886 1337 943 1380 ut
1003 1325 1154 1393 queis
1205 1317 1612 1378 dcslituebatur,
1645 1330 1705 1367 ea
1752 1314 1860 1366 illic
1903 1319 2288 1379 compararet;

2383 580 2566 632 πονεῖν
2596 578 2962 646 αἱρουμένοις.
2999 577 3080 629 Τὰ
3106 575 3371 645 κράτιστα
3397 575 3576 625 τοίνυν
3598 572 3847 625 ἐντεῦθεν
3888 575 3945 625 ἐν

2380 673 2440 725 οὐ
2494 671 2674 740 πολλῷ
2726 671 2803 739 τῷ
2831 673 3007 740 χρόνῳ
3039 668 3380 738 ξυνειλοχὼς,
3420 668 3516 720 καὶ
3552 666 3721 736 μηδὲν
3754 667 3829 727 ὼς
3871 668 3945 717 εἰ·

2385 766 2507 817 πεῖν
2540 763 2645 826 ἔξω
2699 762 3021 816 καταλιπὼν
3071 761 3268 815 ἑαυτοῦ
3319 763 3413 813 καὶ
3455 759 3550 813 τοῦ
3603 758 3724 811 καθ’
3777 757 3947 809 αὐτὸν

2384 852 2731 922 βουλομένου,
2779 853 2904 905 ἐπεὶ
2953 853 3054 924 τὴν
3099 853 3312 928 μητέρα
3365 851 3460 904 καὶ
3492 851 3696 920 τροφὸν
3721 850 3945 917 ἀπάσης

2385 945 2574 1013 σοφίας
2599 945 2699 1007 τὰς
2738 945 2988 1014 Ἀθήνας,
3017 944 3300 1014 πόρρωθεν
3328 944 3476 1012 ἐώρα
3501 945 3612 1005 τοῖς
3642 943 3896 1011 λογισμοί
3913 962 3947 1000 ·,

2389 1037 2484 1088 καὶ
2522 1034 2728 1087 τούτων
2765 1034 3080 1096 ἐκπλείονος
3113 1034 3244 1104 ἦρα,
3277 1033 3415 1102 ὁμοῦ
3461 1034 3563 1101 μὲν
3598 1027 3674 1084 ὧν
3698 1034 3798 1084 οὐκ
3832 1027 3946 1098 εἶχε

2386 1123 2727 1192 τευξόμενος,
2759 1121 2896 1192 ὁμοῦ
2923 1123 2980 1175 δέ
3019 1125 3113 1176 καὶ
3151 1123 3356 1185 ταύτας
3389 1117 3471 1184 οἷς
3495 1122 3660 1183 αὐτὸς
3697 1117 3806 1189 εἶχε
3858 1137 3940 1172 κο

2394 1213 2658 1281 σμήσων,
2711 1212 2850 1282 ἄρας
2889 1213 3099 1266 ἐκεῖθεν
3158 1213 3233 1274 ὡς
3282 1214 3541 1280 τάχιστα,
3574 1214 3671 1280 τῆς
3711 1193 3948 1264 ἐνταῦθα

2400 1308 2670 1378 φερούσης
2698 1309 3055 1363 ἀντεποιεῖτο.
3196 1300 3208 1307 ’

722 1437 832 1478 ιιιιιι
864 1431 916 1473 ut
942 1423 1124 1474 urbem
1150 1419 1214 1470 iis
1254 1430 1369 1483 qua:
1390 1412 1949 1466 babebatexomaret.
1981 1405 2302 1459 Alexandria
2329 1406 2723 1472 quamprimum
2757 1408 2972 1460 solvens
2999 1408 3049 1458 in
3079 1407 3217 1458 viam
3249 1406 3374 1460 illuc
3399 1405 3654 1459 ferentem
3683 1421 3741 1458 se
3765 1407 3951 1458 dabat.

790 1513 932 1568 XIX.
960 1512 1264 1564 Conscensa
1290 1510 1472 1575 itaque
1503 1504 1799 1574 (Eginetica
1848 1502 1992 1562 navi,
2020 1509 2144 1552 sunt
2181 1513 2274 1550 au-

721 1619 822 1660 tem
856 1603 1119 1674 [Egiuetae
1153 1601 1228 1654 rei
1264 1599 1490 1652 nautica:
1529 1593 1894 1657 scientissimi,
1954 1593 2104 1644 belus
2149 1607 2268 1643 cum

722 1700 851 1754 netis
876 1698 929 1750 in
962 1695 1124 1748 altum
1172 1691 1503 1761 provehitur;
1557 1703 1653 1741 nec
1689 1686 1842 1741 initio
1875 1685 2083 1738 adversi
2120 1681 2277 1751 quid-

724 1803 875 1857 quam
903 1784 1258 1844 sentit-batur,
1305 1795 1403 1834 nec
1430 1789 1546 1832 erat
1584 1779 1801 1829 omnino
1830 1775 1896 1827 de
1926 1788 2030 1842 quo
2081 1786 2276 1840 quere-

2464 1493 2563 1550 IG'.
2603 1497 2715 1548 Καὶ
2743 1499 2875 1566 δῆτα
2914 1497 3051 1560 νεὼς
3094 1498 3290 1560 ἐπιϐὰς
3340 1501 3649 1565 Αἰγιναίας,
3697 1500 3860 1552 δεινοὶ
3907 1500 3952 1551 δ’

2385 1581 2532 1640 οῦτοι
2590 1590 2660 1640 τὰ
2697 1590 2951 1655 ναυτικὰ,
3013 1590 3221 1661 χαίρων
3272 1592 3555 1661 χαίρουσιν
3596 1592 3781 1653 αὐτοῖς
3831 1608 3943 1643 συν»

2383 1680 2590 1750 ανήχθη
2622 1697 2638 1714 ’
2666 1683 2758 1735 καὶ
2783 1682 2919 1745 τέως
2941 1682 3038 1752 μὲν
3065 1683 3353 1753 δυσχεροῦς
3385 1685 3598 1748 οὐδενὸς
3623 1687 3948 1755 ἐπειρῶντο,

2381 1775 2492 1828 οὐδ’
2539 1773 2686 1846 εἶχον
2741 1777 2897 1830 οὐδὲν
2937 1777 3211 1831 ούδοτιοῦν
3276 1778 3590 1841 αἰτιᾶσθαι,
3622 1780 3757 1831 ἀλλά
3793 1782 3954 1832 πάντ’

724 1890 928 1940 rentur,
948 1887 1134 1930 contra
1165 1888 1291 1926 vero
1316 1870 1520 1939 placida
1547 1869 1651 1922 illis
1678 1882 1740 1921 ac
1766 1865 2048 1934 tranquilla
2072 1865 2273 1922 omnia.
2316 1913 2355 1967 Β
2383 1862 2400 1920 ἶ

2316 1913 2355 1967 Β
2383 1862 2451 1937 ἦν
2497 1868 2682 1931 αὐτοῖς
2721 1870 2781 1921 ἐν
2811 1869 3063 1940 ῥᾳστώνη
3089 1911 3104 1935 ,
3147 1872 3242 1924 καὶ
3271 1871 3496 1940 οὐρανὸς
3538 1871 3632 1922 καὶ
3682 1873 3813 1938 νέφη
3860 1873 3953 1923 καὶ

725 1971 952 2034 coelum,
1010 1967 1199 2029 nubes,
1260 1977 1453 2023 mare,
1528 1976 1639 2025 aer,
1701 1959 1862 2012 verbo
1921 1972 2064 2010 mera
2124 1954 2284 2009 undi-

724 2076 824 2129 que
908 2057 1212 2113 securitas.
1294 2051 1530 2106 Subinde
1607 2064 1734 2105 vero
1805 2061 2061 2106 conversa
2142 2047 2285 2100 velut

723 2151 915 2207 testula
1004 2148 1058 2202 in
1129 2144 1458 2201 contrarium
1534 2155 1620 2196 res
1691 2141 1946 2204 mutari;
2049 2153 2286 2193 commo-

722 2247 848 2299 dum
908 2241 1049 2296 enim
1112 2235 1490 2292 Partltenicum
1560 2247 1707 2287 mare
1777 2230 2286 2296 transmittentibus,

725 2339 956 2390 decurso
987 2331 1096 2400 jam
1129 2328 1241 2382 fere
1292 2325 1468 2380 medio
1518 2323 1897 2390 navigationis,
1940 2333 2102 2392 atque
2156 2323 2289 2376 adeo

725 2428 916 2480 salutis
981 2425 1107 2476 itetu
1159 2416 1457 2480 curriculo,
1517 2416 1604 2471 hic
1657 2415 1816 2469 turbo
1901 2416 2289 2477 intolerandus,

730 2516 987 2584 omnique
1018 2510 1297 2574 memoria,
1334 2509 1374 2562 si
1409 2507 1587 2561 nautis
1617 2509 1905 2569 credimus,
1941 2507 2290 2571 saevissimus,

729 2611 908 2663 subito
965 2607 1184 2676 ingruit.
1240 2604 1362 2656 Mox
1421 2601 1582 2669 igitur
1615 2615 1763 2654 mare
1800 2599 1943 2652 cinni
1977 2601 2027 2652 in
2077 2601 2291 2652 modum

729 2700 978 2760 misceri,
1014 2711 1226 2748 sursum
1259 2694 1623 2762 deorsumque
1651 2710 1839 2757 magna
1873 2692 2291 2761 viexagitatum,

733 2809 828 2846 nec
861 2804 1088 2858 usquam
1121 2786 1416 2840 consistere
1447 2785 1633 2848 situm;
1664 2787 1756 2838 sed
1782 2795 1833 2837 et
1860 2783 2126 2848 navigium
2157 2797 2297 2836 nunc

731 2884 958 2935 sublime
991 2889 1234 2934 evectum
1255 2917 1272 2942 ,
1301 2892 1441 2930 nunc
1473 2877 1626 2942 aquis
1658 2860 1985 2940 demersum,
2043 2888 2150 2942 prae
2196 2872 2297 2926 ﬂuo

737 2975 928 3038 :tibus,
970 2986 1187 3041 prmque
1214 2971 1422 3044 crebra.
1460 2979 1506 3021 ct
1540 2969 1812 3030 continua,
1845 2974 1897 3020 et
1942 2966 2300 3019 vehementis-

736 3070 870 3121 sima
897 3067 1158 3119 undarum
1188 3062 1446 3132 jactione,
1487 3075 1589 3113 non
1616 3060 1864 3128 exiguum
1891 3059 2060 3112 ultimi
2090 3060 2301 3127 pericu-

737 3161 770 3212 li
811 3167 1008 3211 metum
1058 3153 1433 3222 navigantibus
1497 3151 1706 3220 injecit.
1760 3149 1878 3206 Jam
1932 3149 2143 3204 caeteris
2193 3166 2297 3204 non

2385 1959 2645 2024 θάλαττα,
2713 1961 2844 2013 καλ.
2885 1962 3014 2029 ἀὴρ,
3076 1962 3170 2014 καὶ
3228 1963 3288 2014 τὸ
3333 1961 3591 2025 καθάπαξ
3631 1965 3804 2014 εἰπεῖν
3872 1966 3953 2023 εἰς

2386 2052 2529 2104 ἅπαν
2558 2053 2799 2122 θάρῤεῖν.
2827 2053 3036 2105 Ἔπειθ’
3073 2052 3261 2123 ὥσπερ
3305 2056 3573 2124 ὀστράκου
3625 2058 3954 2130 μεταπεσόν-

2385 2159 2497 2205 τος,
2536 2147 2613 2206 είς
2645 2146 2956 2199 τούναντίον
2989 2147 3054 2201 τά
3106 2148 3407 2216 πράγματα
3436 2149 3721 2217 περιέστη·
3754 2151 3814 2199 τὸ
3843 2151 3958 2217 γάρ

2387 2236 2716 2305 παρθενικδν
2745 2238 3090 2290 διαϐάλλουσι
3131 2240 3368 2306 πέλαγος
3391 2279 3404 2302 ,
3439 2239 3532 2292 καὶ
3571 2241 3759 2308 σχεδὸν
3800 2237 3957 2292 οὖσιν

2389 2329 2446 2378 ἐν
2479 2328 2797 2398 μεσημϐρίᾳ
2847 2329 2940 2381 τοῦ
2981 2331 3140 2396 πλοῦ,
3174 2332 3231 2383 ἐν
3281 2330 3379 2399 ἴσῳ
3411 2331 3468 2384 δὲ
3498 2330 3563 2402 [Γ.
3595 2333 3722 2384 add.
3756 2332 3855 2404 ὡς]
3883 2337 3961 2384 εἰ·

2393 2422 2514 2471 πεῖν
2569 2421 2663 2473 καὶ
2705 2420 2802 2472 τοῦ
2835 2421 3129 2485 σώζεσθαι,
3163 2424 3412 2488 τυφῶνός
3442 2440 3584 2485 τινος
3617 2427 3951 2491 ἐμπεσόντος

2393 2510 2626 2578 ἀθρόως,
2657 2509 2770 2563 οὗθ’
2807 2511 2922 2564 οἵου
2956 2513 3054 2564 καὶ
3105 2514 3314 2584 φέρειν,
3358 2514 3450 2566 καὶ
3482 2515 3589 2565 τῶν
3621 2516 3698 2568 είς
3731 2519 3959 2584 μνήμην

2392 2605 2636 2674 ἡκόντων
2675 2605 3064 2674 χαλεπωτάτου
3104 2606 3178 2668 ὼς
3226 2607 3334 2658 τῶν
3367 2608 3577 2658 ναυτῶν
3609 2607 3669 2679 [L
3706 2610 3832 2664 add.
3864 2607 3958 2680 ἦνι

2396 2694 2636 2757 ἀκούειν,
2673 2695 2707 2763 ἧ
2738 2712 2794 2745 τε
2845 2696 3082 2747 θάλαττα
3116 2697 3329 2748 κυκεὼν
3380 2699 3645 2764 ἐγεγόνει,
3693 2699 3805 2752 ἄνω
3863 2704 3963 2753 καὶ

2398 2786 2548 2838 κάτω
2589 2787 2864 2854 φερομένη
2906 2789 2969 2854 τῇ
3004 2787 3119 2858 βίᾳ,
3159 2787 3255 2840 καὶ
3300 2789 3492 2857 στῆναι
3530 2790 3782 2860 μηδαμοῦ
3801 2792 3963 2842 δυνα-

2400 2881 2556 2948 μένη·
2591 2879 2650 2929 τό
2673 2895 2732 2929 τε
2763 2879 2992 2946 σκάφος,
3021 2877 3116 2930 νῦν
3148 2881 3244 2947 μὲν
3283 2881 3578 2948 μετέωρον,
3616 2880 3710 2934 νῦν
3741 2882 3786 2932 δ’
3821 2882 3931 2948 ῦφα
3952 2910 3964 2924 ο

2398 2968 2488 3019 λον
2517 2969 2833 3037 γιγνόμενον
2869 2969 2975 3022 ὑπὸ
3006 2969 3116 3022 τῶν
3145 2971 3430 3039 κυμάτων,
3471 2973 3567 3024 καὶ
3600 2975 3695 3038 τῆς
3728 2973 3960 3033 tuant-

2400 3059 2492 3112 λου
2525 3063 2616 3112 καὶ
2663 3062 2920 3130 συνεχοῦς
2979 3064 3072 3114 καὶ
3107 3062 3480 3133 σφοδροτάτης
3535 3065 3628 3129 τοῦ
3665 3065 3965 3118 κλυδωνίου

2351 3206 2354 3210 ,
2402 3155 2592 3222 φορᾶς,
2629 3154 2689 3206 οὐ
2749 3155 2946 3223 μικρὸν
3000 3155 3180 3215 αὐτοῖς
3223 3171 3316 3207 τον
3369 3155 3501 3223 περὶ
3552 3157 3662 3208 τῶν
3712 3157 3965 3225 ἐσχάτων

738 3252 897 3304 modo
942 3264 1085 3303 mors
1124 3247 1236 3316 ipsa
1279 3245 1588 3302 imminens.
1624 3244 1714 3297 sed
1757 3253 1812 3296 et
1852 3256 2000 3296 mors
2045 3242 2099 3296 in
2142 3243 2414 3306 undisC-t

2286 3244 2569 3313 sC-cp66ov
2608 3245 2803 3314 ἐπῆγε.
2841 3245 2965 3308 Τοῖς
3000 3245 3096 3312 μέν
3128 3241 3219 3297 οὖν
3264 3246 3466 3309 ἀλλοις,
3505 3247 3565 3298 ού
3601 3246 3662 3298 τὸ
3716 3247 3962 3314 τεθνήξε-

736 3342 1063 3404 suﬂ‘rrenda,
1135 3353 1394 3409 perquam
1462 3337 1738 3391 horribilis
1801 3337 1909 3390 visa
1974 3347 2078 3402 est,
2152 3337 2299 3406 quod

736 3446 1023 3502 utrumque
1078 3429 1555 3492 abOtninal‘tantur;
1588 3445 1894 3497 quanquam
1931 3431 2072 3483 enim
2105 3445 2295 3483 ncces-

742 3527 886 3580 snrio
937 3525 1167 3576 alterum
1210 3521 1532 3588 quandoque
1589 3519 1688 3572 sibi
1725 3528 2040 3573 eventurum
2085 3532 2296 3585 norant,

740 3620 851 3671 sive
875 3629 1017 3668 nunc
1037 3615 1140 3667 ltoc
1167 3620 1348 3681 pacto,
1377 3612 1489 3663 sive
1517 3610 1621 3662 alio
1644 3610 1794 3664 alias:
1823 3611 1888 3664 de
1918 3611 2089 3664 salute
2123 3621 2297 3665 tamen

741 3723 803 3759 ac
839 3707 968 3772 vita,
1028 3713 1082 3757 ut
1111 3717 1206 3771 par
1230 3711 1368 3764 erat,
1409 3700 1648 3762 solliciti,
1709 3716 2032 3770 suarumque
2065 3705 2300 3757 necessi-

741 3799 986 3853 tudinum
1021 3796 1252 3866 quisque
1304 3793 1597 3858 recordati,
1646 3808 1780 3861 quas
1817 3794 2143 3848 calamitatis
2194 3811 2304 3848 suae

742 3887 1070 3959 appendices
1121 3883 1412 3946 habebant,
1451 3883 1701 3951 lacrymis
1733 3883 1910 3935 omnia
1948 3898 2010 3936 ac
2062 3884 2304 3937 lamentis

737 3979 1124 4048 complebant,
1181 3990 1280 4028 nec
1336 3988 1443 4042 quo
1505 3987 1561 4025 se
1619 3981 1934 4037 verterent,
1975 3973 2168 4041 quidve
2193 3988 2306 4027 coe-

743 4080 978 4142 ptarent,
1033 4067 1272 4138 reperire
1330 4073 1599 4135 poterant.
1660 4064 1916 4133 Gregorio
1965 4081 2071 4119 non
2135 4064 2307 4117 minus

742 4165 924 4232 gravia
986 4170 1039 4216 ct
1095 4162 1204 4213 lucc
1264 4159 1377 4226 ipsa
1456 4156 1809 4222 accidebant;
1871 4156 2034 4208 multo
2093 4157 2309 4225 gravius

746 4269 970 4318 tamen,
1033 4252 1143 4305 imo
1214 4249 1475 4300 malorum
1554 4247 1793 4300 omnium
1873 4248 2115 4301 ultimum
2195 4258 2313 4303 erat.

751 4357 1070 4412 omnemque
1127 4341 1553 4394 consolationem
1609 4338 1930 4406 superabat,
1981 4340 2120 4406 quod
2184 4357 2314 4407 quo-

753 4438 894 4489 niam
965 4430 1324 4486 sanctissimis
1398 4428 1672 4496 religionis
1750 4429 2016 4497 mysteriis
2077 4431 2310 4483 nondum

751 4527 989 4578 initiatus
1044 4531 1159 4574 erat
1195 4560 1210 4584 ,
1264 4534 1361 4572 nec
1424 4518 1716 4586 legitimum
1783 4519 1975 4572 divina:
2035 4518 2313 4572 familiari—

753 4617 873 4670 tatis
924 4615 1259 4682 signaculum
1312 4617 1610 4677 acceperat.
1666 4610 1715 4660 in
1766 4609 2076 4661 discrimine
2131 4625 2312 4663 versa-

753 4721 918 4771 retur,
971 4722 1038 4760 ne
1074 4707 1237 4759 Deum
1286 4705 1460 4771 ipsum
1511 4703 1674 4754 miser
1723 4701 2011 4764 amitteret,
2065 4702 2315 4771 illiusque

752 4802 916 4868 gloria
951 4812 1171 4866 prorsus
1198 4795 1491 4848 excideret.

825 4889 938 4941 XX.
992 4887 1202 4953 Quippe
1257 4893 1314 4936 ut
1366 4883 1572 4935 lustrali
1631 4882 1846 4936 lavacro
1894 4883 1998 4937 rite
2045 4885 2314 4952 expiatum

753 4998 893 5043 esse,
955 4981 1181 5031 ducente
1231 4975 1403 5029 Paulo
1464 4975 1529 5037 ’°,
1589 4975 1862 5028 Christum
1920 4977 2156 5031 induisse
2212 4989 2316 5042 cst,

761 5087 1003 5140 novoque
1033 5055 1264 5139 quodam
1296 5071 1453 5122 modo
1478 5069 1755 5123 Christum
1783 5079 1982 5123 tactum
2015 5086 2155 5134 esse,
2183 5089 2317 5140 aqua

758 5166 1009 5218 nimirum
1045 5161 1346 5231 spirituque
1371 5170 1684 5228 perunctum
1709 5177 1722 5225 ;
1753 5163 1831 5214 sic
1855 5176 2073 5215 necesse
2102 5164 2322 5216 omnino

757 5267 859 5316 est,
915 5270 943 5306 a
997 5253 1212 5306 Christo
1271 5252 1433 5306 etiam
1497 5250 1826 5318 disjunctum
1883 5266 2022 5315 esse,
2081 5255 2323 5321 quisquis

763 5344 1141 5399 lustrationem
1177 5343 1319 5396 illam
1372 5353 1690 5397 consecutus
1738 5359 1844 5396 non
1889 5356 2010 5398 est:
2052 5360 2158 5412 quo
2194 5346 2320 5412 quid

759 5440 928 5492 dirius
961 5453 1196 5505 unquam
1232 5436 1482 5490 accidere
1527 5447 1721 5504 potest,
1766 5452 1869 5490 non
1905 5438 1974 5490 illi
2003 5439 2197 5500 solum,
2229 5437 2320 5504 qui

757 5541 811 5584 et
845 5531 994 5600 prius
1027 5530 1134 5584 Deo
1175 5539 1524 5583 consecratus
1570 5544 1732 5597 quam
1769 5538 2061 5598 conceptus
2100 5540 2235 5594 erat,
2274 5539 2328 5583 et

762 5633 943 5693 postea
976 5634 1028 5678 et
1061 5633 1312 5687 mentem,
1344 5631 1397 5676 et.
1437 5624 1621 5689 vitam,
1659 5633 1710 5676 et
1741 5624 2054 5690 dictionem,
2085 5635 2133 5679 et
2162 5624 2325 5679 aetio-

836 5807 874 5837 "
920 5805 1098 5863 Galat.
1174 5821 1244 5870 tt,
1277 5805 1366 5859 9.7.

2408 3336 2533 3389 σθαι
2576 3336 2757 3404 μόνον,
2789 3337 2926 3388 ἀλλά
2955 3337 3046 3388 καὶ
3071 3337 3128 3387 τὸ
3149 3339 3260 3398 τοῖς
3289 3330 3444 3389 ῦδασι
3471 3337 3626 3389 τοῦτο
3657 3339 3969 3402 πείσεσθαι,

2397 3426 2569 3478 δεινὸν
2608 3426 2784 3479 ἐδόκει
2823 3429 2916 3479 καὶ
2971 3427 3092 3479 κατ’
3135 3429 3303 3497 ἄμφω
3334 3429 3776 3499 δυσχεραίνοντες
3805 3426 3967 3500 ἦσαν·

2399 3519 2446 3570 εί
2481 3521 2587 3586 γάρ
2621 3519 2716 3572 καὶ
2751 3519 2976 3590 θάτερον
3037 3521 3218 3586 σφίσιν
3258 3522 3441 3582 αὐτοῖς
3472 3522 3529 3585 ἐξ
3561 3523 3808 3591 ἀνάγκης
3857 3524 3951 3574 ὲσό

2404 3629 2563 3680 μενον
2597 3612 2818 3681 ⁴ᾔδεσαν,
2841 3615 2934 3666 ὲάν
2962 3631 3018 3665 τε
3053 3615 3145 3666 νῦν
3177 3613 3370 3677 οὓτως,
3408 3614 3502 3666 ἐάν
3541 3614 3589 3665 τ’
3615 3613 3788 3676 ἄλλως
3818 3614 3970 3687 [adt].

2401 3703 2587 3756 ἄλλοτε
2626 3715 2717 3757 aut
2750 3703 2873 3756 ῦστε
2887 3703 3001 3776 ρον]
3037 3705 3215 3775 ξυμϐῇ
3241 3744 3256 3764 ,
3292 3706 3406 3757 ἀλλ’
3433 3705 3541 3772 ἄρα
3570 3705 3661 3756 τοῦ
3698 3708 3971 3774 περιεῖναι

2405 3797 2498 3846 καὶ
2546 3797 2644 3865 ζῇν
2685 3795 2759 3858 ὡς
2804 3797 2951 3858 εικδς
3000 3798 3317 3864 ποιούμενοι
3368 3795 3545 3862 λόγον,
3579 3799 3674 3847 καὶ
3721 3796 3839 3865 ἅμα
3864 3797 3972 3848 τῶν

2405 3886 2626 3938 οἰκείων
2675 3887 2752 3947 είς
2813 3888 3035 3956 μνήμην
3070 3889 3240 3948 ἰόντες
3290 3889 3385 3940 καὶ
3423 3886 3646 3949 τούτους
3679 3888 3972 3957 ἐπιθήκην,

2406 3976 2503 4043 τῆς
2537 3976 2820 4044 συμφορᾶς
2871 3977 3233 4045 κεκτημένοι,
3270 3975 3520 4045 δακρύων
3574 3976 3766 4028 ἅπαντ’
3802 3978 3973 4046 ἐπλή-

2413 4083 2537 4135 ρουν
2570 4069 2663 4119 καὶ
2696 4067 2978 4135 οἰμωγῶν,
3016 4069 3110 4119 καὶ
3139 4068 3235 4118 οὐκ
3259 4062 3404 4136 εἶχον
3434 4068 3460 4119 ὃ
3488 4084 3538 4118 τι
3577 4068 3669 4118 καὶ
3709 4068 3972 4132 γένοιντο.

2411 4157 2500 4226 Τῷ
2532 4157 2606 4220 δὲ,
2645 4159 2739 4210 καὶ
2769 4158 2939 4209 ταῦτα
2975 4158 3073 4227 μέν
3099 4158 3247 4210 οὐδὲν
3266 4155 3426 4230 ἦττον
3450 4175 3464 4188 ·
3502 4157 3682 4227 πολλῷ
3710 4159 3764 4212 δέ
3793 4159 3972 4225 πλέον,

2417 4251 2615 4318 μᾶλλον
2657 4250 2713 4302 δέ
2771 4250 2957 4302 κακῶν
3011 4253 3240 4320 ἔσχατον
3303 4247 3395 4321 ἦν,
3462 4251 3558 4303 καὶ
3622 4252 3978 4322 παραμυθίαν

2416 4346 2597 4394 πᾶσαν
2631 4343 2731 4394 ύπε
2744 4343 2982 4409 ρϐαῖνον,
3007 4343 3068 4393 τὸ
3100 4343 3432 4394 κινδυνεύειν
3457 4339 3537 4404 οἷς
3562 4344 3671 4394 τῶν
3705 4345 3978 4408 μεγίστων

2416 4435 2491 4486 ἐτ’
2527 4435 2813 4493 ἀτέλεστος
2852 4429 2919 4502 ἦν
2947 4474 2960 4496 ,
3003 4435 3094 4485 καὶ
3128 4435 3225 4501 τῆς
3270 4436 3403 4501 πρὸς
3452 4434 3585 4485 Θεὸν
3647 4435 3979 4502 οἰκειότητος

2418 4524 2570 4576 οῦπω
2617 4525 2724 4593 -τὴν
2777 4526 3103 4593 γιγνομένην
3155 4525 3470 4593 δεδεγμένος
3531 4525 3980 4594 σφραγῖδα,Θεὺν

2416 4616 2574 4667 αὑτὸν
2613 4615 2873 4667 ἀπολέσαι
2925 4617 3140 4684 καὶτῆς
3171 4617 3378 4667 ἐκείνου
3424 4617 3582 4684 δόξης
3625 4621 3979 4670 παντάπασιν

2415 4709 2690 4763 ἐκπεσεῖν.

2491 4886 2571 4938 K'.
2616 4886 2702 4946 Ὠς
2746 4887 2853 4954 γάρ
2903 4886 2962 4936 τὸ
2996 4884 3373 4954 βαπτίσματος
3409 4886 3700 4954 ἠξιῶσθαι,
3743 4889 3980 4954 Χριστόν

2421 4982 2538 5033 ἐστι
2601 4981 2743 5032 κατά
2797 4979 3011 5034 Παῦλον
3064 4979 3298 5047 ἐνῆφθαι
3329 4997 3344 5012 ’
3387 4984 3482 5032 καὶ
3533 4981 3706 5041 ἄλλως
3755 4982 3986 5049 Χριστὸν

2423 5074 2706 5140 γεγονέναι
2760 5071 2913 5122 ῦδατι
2959 5069 3250 5139 χρισθέντα
3307 5075 3402 5123 καὶ
3455 5070 3765 5137 πνεύματι,
3813 5070 3988 5134 οὕτως

2428 5165 2645 5230 ἀνάγκη
2683 5167 2833 5214 πᾶσα
2868 5161 2961 5214 τὸν
3011 5164 3088 5230 μὴ
3127 5163 3317 5213 τούτου
3345 5162 3595 5228 τυχόντα,
3631 5165 3723 5212 καὶ
3748 5161 3989 5228 Χριστοῦ

2426 5256 2784 5325 κεχωρίσθαι’
2823 5271 2882 5306 ου
2924 5254 2977 5305 τί
3021 5253 3128 5304 τῶν
3183 5253 3444 5304 ἁπάντων
3476 5252 3862 5319 ἐλεεινότερον,
3891 5253 3992 5319 οὐχ

2427 5347 2572 5408 ὅπως
2617 5347 2809 5412 ἐκείνῳ
2849 5344 2927 5410 τῷ
2979 5345 3073 5396 καὶ
3110 5344 3215 5410 πρὸ
3251 5343 3571 5411 συλλήψεως
3606 5343 3994 5410 ἁφωσωμένῳ

2427 5438 2546 5506 Θεῷ
2573 5477 2588 5500 ,
2631 5440 2725 5490 καὶ
2760 5437 2988 5502 ὕστερον
3029 5437 3122 5489 καὶ
3155 5434 3276 5487 νοῦν
3307 5437 3397 5488 καὶ
3430 5435 3542 5503 βίον
3585 5434 3678 5485 καὶ
3708 5435 3865 5499 λόγον
3899 5434 3996 5485 καὶ

2431 5529 2671 5601 πρᾶξιν,
2727 5531 2820 5582 καὶ
2871 5529 3027 5583 πάνθ’
3082 5529 3278 5580 ἑαυτὸν
3319 5529 3415 5595 τῆς
3475 5525 3679 5580 ἄνωθεν
3734 5525 3998 5590 ἐξάᾲαντι

2432 5620 2634 5687 δεξιᾶς,
2686 5620 2821 5674 ἁλλά
2876 5622 2970 5673 καὶ
3017 5621 3153 5683 ὅλως
3189 5619 3459 5689 ἀνθρώπῳ
3491 5619 3614 5670 νοῦν
3656 5619 3854 5686 ἔχοντι,
3902 5622 4000 5670 καὶ
