4244 6428
677 346 783 408 243

1895 347 2288 406 TllEODULI
2334 343 2685 405 MONACHI

3800 337 3911 401 2M

678 461 894 529 Stigium
927 473 1218 531 egressam,
1247 468 1300 513 et
1322 458 1559 512 novitate
1586 472 1681 513 sua
1733 458 2063 514 rarissimam
2100 475 2234 523 rem,
2266 465 2308 521 Α
2341 459 2354 510 ι

2266 465 2308 521 Α
2341 458 2459 511 toﬁ
2491 456 2600 509 τῶν
2625 451 2950 514 καλλίστων,
2983 451 3011 504 ὃ
3047 451 3124 522 μὴ
3154 452 3291 524 πρὸς
3320 442 3546 504 ἔπαινον
3576 449 3668 501 τὸν
3698 448 3789 501 σὺν
3822 467 3915 518 χο·

678 553 989 618 bouumque
1042 548 1311 618 quoddam
1342 550 1646 603 universale
1674 565 1687 613 ;
1722 557 1775 602 ct
1823 552 2095 616 postremo
2127 549 2245 600 uni-

679 657 798 692 cam
835 640 1053 693 omnino
1085 647 1246 706 atque
1276 638 1613 706 peregrinam
1671 638 1975 706 quampiam
2032 638 2241 704 pulchri

672 732 990 792 essentiam,
1016 745 1079 783 ex
1114 730 1378 783 universis
1409 729 1622 785 virtutis
1653 731 1892 799 partibus
1921 729 2242 784 cooﬂatam:

673 839 902 890 eamque
936 821 1006 875 de
1043 822 1188 876 nullo
1238 822 1530 888 exemplari
1578 837 1913 889 expressam,
1967 836 2063 875 nec
2124 822 2245 874 imi-

674 916 835 967 tahile
865 914 988 969 aliis
1020 913 1298 982 exemplar
1326 914 1581 977 futuram,
1613 915 1706 967 sed
1740 916 1965 984 primam
1997 914 2241 968 eamdem

673 1021 734 1059 ac
782 1006 948 1059 solam
1004 1004 1319 1059 mortalibus
1375 1016 1645 1059 oatensam
1673 1044 1686 1066 ,
1724 1021 1870 1057 more
1904 1021 2072 1060 sacra:
2104 1005 2240 1070 avis,

673 1112 830 1164 quam
859 1097 1076 1162 dicunt,
1106 1113 1278 1165 usque
1316 1099 1451 1152 adeo
1496 1096 1728 1161 undique
1779 1097 1873 1153 tibi
1905 1112 2120 1152 coronae
2151 1097 2245 1151 de-

673 1195 898 1243 bentur:
933 1189 1172 1258 nihilque
1213 1190 1695 1258 pulcherrimarum
1726 1205 1904 1244 rerum
1945 1199 2048 1254 est,
2103 1188 2243 1259 quod

674 1294 776 1332 non
815 1284 920 1335 tuis
947 1281 1192 1337 laudibus
1229 1282 1507 1334 materiam
1540 1290 1865 1352 suppeditet.
1896 1292 2103 1351 tuaeque
2136 1282 2249 1349 glo-

2348 551 2512 621 ρηγεῖ
2533 565 2547 580 ο
2579 548 2677 602 καὶ
2700 547 2769 601 τὰ
2801 545 3014 616 μεγάλα
3039 542 3175 614 πρὸς
3204 542 3486 612 εὐφημίαν
3507 538 3877 610 ξυμϐάλλεται
3901 556 3915 569 ·

2346 642 2462 695 ἀλλ’
2497 642 2580 694 ὅτι
2618 640 2717 710 μὲν
2748 639 2857 691 τῶν
2888 641 2966 699 εις
3006 634 3210 708 ἀρετὴν
3240 635 3517 705 φερόντων
3553 632 3672 696 ἑνὸς
3705 633 3917 691 οὐδενδς

2344 732 2672 802 τοπαράπαν
2733 728 2972 799 ἀπέσχου
3003 768 3021 796 ,
3077 727 3216 782 ἀλλὰ
3270 726 3367 780 καὶ
3422 725 3639 779 πάντων
3713 722 3919 776 τούτω,

2344 824 2531 884 ἁπλῶς
2565 822 2764 877 οὑτωσὶ
2798 813 3112 889 περιέσχου,
3148 819 3224 883 ὡς
3255 818 3467 880 οὐδενός
3504 833 3649 878 τινος
3682 816 3793 866 τῶν
3824 815 3917 867 ά).-

2346 914 2454 969 λων
2475 913 2671 977 οὐδεὶς,
2689 912 2995 982 τεκμήριον
3015 912 3272 982 ἐναργὲς,
3297 912 3331 981 ἡ
3358 910 3647 980 θαυμαστή
3676 927 3759 961 σοι
3787 906 3925 977 πρὸς

2352 1008 2484 1061 Θεὸν
2514 1006 2804 1075 οἰκειότης,
2833 1006 2924 1058 καὶ
2946 1004 3005 1057 τὸ
3044 1003 3179 1059 Θεὸν
3208 1004 3403 1074 ἀμέλει
3423 1003 3678 1070 γενέσθαι
3696 1007 3765 1075 τῇ
3792 1004 3926 1071 πρὶς

2352 1098 2518 1152 αὑτὸν
2563 1101 2818 1171 κοινωνίᾳ
2844 1116 2858 1130 ·
2902 1094 2972 1173 ἧς
3018 1099 3069 1151 εἰ
3102 1097 3199 1151 καὶ
3247 1094 3553 1165 παράδοξον
3590 1096 3762 1166 φάναι
3784 1136 3798 1157 ,
3831 1097 3924 1146 καί

2353 1194 2485 1263 πρὶν
2512 1189 2684 1265 ἧφθαι
2715 1192 2808 1247 τοῦ
2834 1190 2995 1256 εἶναι,
3030 1194 3125 1245 καὶ
3157 1191 3290 1260 πρὶν
3320 1191 3399 1254 εἰς
3428 1189 3748 1260 ἀνθρώπους
3780 1173 3922 1241 τελέ-

2358 1301 2470 1351 σαι,
2502 1286 2690 1341 τοῦτον
2715 1286 2807 1340 τὸν
2840 1286 3040 1356 τρόπον
3077 1280 3336 1346 διετέλεις
3372 1283 3644 1353 μετέχων.

675 1374 766 1425 rite
826 1372 1054 1427 mirifice
1147 1372 1466 1427 velifiectur.
1521 1372 2002 1428 Vernmenimvero
2086 1375 2226 1442 quod
2266 1375 2410 1430 nulla
2447 1380 2658 1447 penitus
2690 1394 2769 1446 re,
2835 1380 2901 1432 ad
2987 1392 3213 1431 censum
3278 1376 3535 1428 virtutum
3600 1370 3931 1440 pertinente.

676 1468 1019 1535 ahstiuueris,
1047 1471 1139 1522 sed
1177 1468 1289 1522 hac
1314 1469 1491 1524 omnia
1528 1472 1598 1523 ita
1647 1470 1965 1540 simpliciter
1994 1471 2304 1539 complexus
2339 1472 2532 1535 fueris,
2604 1484 2662 1529 ut
2724 1490 2885 1529 nemo
2960 1474 3100 1527 alius
3188 1472 3351 1525 ullam
3408 1470 3662 1524 virtutem
3737 1482 3926 1529 unam,

677 1560 819 1615 illius
864 1562 939 1616 rei
969 1563 1328 1617 clarissimum
1362 1573 1736 1633 argumentum
1774 1577 1853 1620 est
1906 1566 2236 1621 incredibilis
2278 1577 2368 1622 tua
2400 1570 2466 1623 ad
2505 1570 2671 1625 Deum
2715 1571 3076 1633 fmniliaritas,
3148 1581 3202 1624 et
3270 1569 3412 1634 Quod
3463 1581 3526 1620 ex
3585 1565 3769 1620 divino
3832 1563 3929 1617 hoc

675 1658 949 1711 consortio
990 1658 1130 1713 Deus
1162 1667 1384 1719 tutemet
1438 1661 1554 1728 ipse
1609 1676 1744 1729 pene
1796 1663 2056 1717 evasisti:
2117 1662 2271 1731 cujus
2340 1667 2621 1730 consortii,
2666 1666 2887 1720 tametsi
2937 1666 3082 1719 dictu
3134 1664 3365 1719 fortasse
3416 1660 3709 1716 absurdum
3750 1659 3925 1710 videa-

680 1763 787 1813 tur,
841 1754 983 1807 hunc
1012 1754 1063 1807 in
1113 1756 1330 1809 modum
1390 1756 1658 1826 particeps
1708 1757 1819 1826 jam
1869 1774 2014 1821 eras,
2064 1760 2374 1830 priusquam
2408 1776 2530 1815 esse
2572 1776 2841 1832 coeperas.
2887 1763 3240 1830 hmniuesque
3290 1761 3432 1813 inter
3487 1758 3717 1812 censeri.

748 1841 938 1898 XXVI.
982 1844 1189 1913 Quippe
1223 1848 1267 1901 si
1318 1864 1452 1914 quos
1491 1849 1706 1918 egregie
1744 1850 1915 1904 honos
1966 1866 2138 1921 seque
2160 1853 2239 1906 di-
2273 1863 2313 1917 Β
2414 1856 2424 1907 l

2217 1882 2239 1891 '
2273 1863 2313 1917 Β
2414 1856 2555 1921 Kq'.
2576 1854 2638 1907 El
2665 1856 2773 1924 γὰρ
2806 1853 2899 1917 οὓς
2930 1854 3028 1924 μὲν
3064 1853 3263 1916 καλοὺς
3294 1849 3569 1917 κάγαθοὺς
3601 1847 3893 1916 ἐσομένους

680 1951 812 2004 gnos
867 1937 1079 1993 futuros
1117 1941 1489 2009 praecognovit
1534 1941 1692 2005 Deus,
1724 1957 1817 1996 eos
1853 1943 2082 1997 necdum
2119 1960 2241 1998 sus-
2348 1965 2356 2000 τ

2348 1947 2445 2000 καὶ
2494 1946 2617 2016 μάλ’
2657 1939 2955 2017 ἀξιόχρεως
2986 1946 3182 2000 ἑαυτοῦ
3227 1944 3453 2015 προῄδει
3482 1942 3651 2003 Θεὸς,
3683 1937 3932 1992 taetrius"

681 2036 870 2097 ceptos
908 2040 1173 2099 natosque
1218 2031 1596 2101 praedestinat,
1629 2044 1685 2087 et
1720 2043 1776 2086 ut
1809 2034 2002 2102 ingens
2026 2036 2243 2104 aliquod
2351 2058 2357 2074 ι

2224 2036 2243 2089 1
2351 2041 2635 2111 προορίζει
2685 2040 2778 2093 καὶ
2814 2042 2981 2109 μήπω
3018 2037 3347 2107 γεγονόταςο
3389 2036 3463 2091 ὡς
3498 2034 3767 2108 μέγιστον,
3792 2034 3900 2092 ἀγα

682 2123 1133 2187 emolumentum,
1198 2124 1483 2192 omnisque
1535 2125 1751 2179 decoris
1788 2128 1986 2195 publici
2046 2130 2247 2183 sarculo

682 2222 938 2264 auctores
974 2212 1206 2277 futuros,
1244 2215 1580 2281 destiundet;
1620 2228 1671 2270 tu
1707 2230 1833 2269 vero
1865 2217 1929 2270 de
1961 2217 2067 2271 illis
2097 2235 2245 2282 eras,

682 2318 820 2369 quos
854 2302 1013 2372 longe
1069 2305 1299 2372 optimos
1344 2304 1485 2360 idem
1530 2310 1917 2376 praecognovit,
1967 2324 2139 2381 eaque
2192 2326 2249 2366 re

684 2397 1136 2463 prmdestinavit;
1199 2398 1269 2451 ita
1336 2398 1615 2466 probabile
1672 2387 1839 2465 sane,
1893 2402 2005 2456 sive
2070 2405 2250 2458 verius

686 2487 907 2541 omnino
941 2503 1160 2544 necesse
1194 2498 1295 2555 est,
1322 2506 1429 2545 non
1468 2508 1531 2546 eo
1550 2492 1811 2547 duntaxat
1849 2504 2087 2564 tempore
2113 2497 2252 2565 quod

685 2578 822 2643 dixi,
849 2579 1071 2631 charum
1109 2588 1159 2633 te
1189 2581 1298 2636 Deo
1332 2583 1771 2653 familiaremque
1825 2586 2013 2651 fuisse,
2064 2588 2156 2642 sed
2199 2598 2256 2643 et

688 2666 867 2725 omnis
905 2672 1143 2737 virtutis,
1192 2683 1250 2726 ut
1297 2675 1462 2729 verbo
1499 2676 1697 2744 dicam,
1730 2678 2248 2734 excellentissimum

687 2765 962 2833 opiﬁcem,
1017 2767 1272 2820 nimirum
1324 2769 1544 2823 virtutis
1590 2784 1754 2826 causa
1810 2772 2250 2843 prtedestinatus,

690 2856 845 2911 valde
880 2856 1008 2911 item
1051 2856 1407 2923 admirabilis,
1439 2859 1671 2927 aliisque
1709 2863 1960 2915 omnibus
1983 2862 2252 2915 excelsior

694 2950 868 3003 factus
890 2962 989 3013 es,
1044 2949 1231 3018 virque
1281 2950 1529 3023 profecto
1574 2951 1893 3015 illiusmodi,
1943 2968 1998 3008 ut
2038 2956 2251 3009 tametsi

691 3041 1108 3110 prmdestinatus
1165 3058 1270 3096 non
1335 3042 1554 3108 fuisses,
1623 3045 1815 3098 merito
1875 3046 2251 3114 praedestinari

2354 2130 2447 2183 θὸν
2482 2131 2582 2184 καὶ
2614 2130 2775 2187 πάντ’
2812 2133 3105 2201 ἐσομένους
3132 2127 3211 2198 τῷ
3252 2127 3353 2199 βίῳ
3381 2127 3696 2194 προμνᾶται
3720 2139 3734 2153 ο
3772 2123 3838 2175 σὺ
3877 2121 3931 2173 δὲ

2357 2222 2467 2275 τῶν
2504 2223 2722 2291 μάλιστ’
2762 2223 2912 2294 αὐτῷ
2948 2220 3419 2292 προεγνωσμένων
3466 2217 3761 2287 βελτίστων
3788 2255 3801 2278 ,
3835 2216 3930 2267 κστ

2356 2314 2608 2368 διατοῦτο
2640 2315 3073 2387 προωρισμένων
3102 2312 3374 2383 ὑπῆρξας.
3404 2310 3612 2373 ἔοικας,
3646 2308 3849 2378 μᾶλλον
3878 2307 3932 2358 δὲ

2362 2408 2517 2461 πᾶσα
2548 2409 2785 2479 ἀνάγκη,
2823 2410 2883 2461 ού
2919 2408 3082 2475 μόνον
3115 2405 3239 2459 καθ’
3269 2404 3327 2457 ὃν
3352 2405 3489 2473 ἔφην
3521 2403 3714 2473 χρόνον
3746 2399 3936 2466 θεοφι-

2361 2498 2459 2568 λής
2501 2514 2586 2560 τις
2639 2494 2798 2559 εἶναι,
2838 2500 2934 2550 καὶ
2983 2500 3186 2559 οἰκεῖος
3221 2494 3391 2566 αὐτῷ,
3434 2494 3570 2547 ἀλλὰ
3613 2492 3706 2544 καὶ
3752 2490 3937 2557 πάσης

2361 2593 2564 2661 ἀρετῆς
2604 2592 2679 2654 ὡς
2715 2594 2889 2644 εἰπεῖν
2920 2592 3087 2659 ἄκρος
3121 2592 3383 2661 ἐργάτης.
3415 2590 3493 2641 Δι’
3525 2588 3592 2657 ἣν
3623 2586 3716 2637 καὶ
3754 2601 3910 2653 προω

2363 2685 2622 2754 ρισμένος
2676 2684 2991 2753 Θαυμαστὸς
3042 2700 3125 2745 τις
3179 2683 3322 2749 ἄγαν
3372 2682 3469 2735 καὶ
3520 2679 3665 2749 ὑπὲρ
3722 2678 3941 2736 πάντας

2359 2777 2632 2845 quem:
2659 2777 2783 2838 τοὺς
2805 2778 3017 2839 ἄλλους,
3042 2777 3137 2829 καὶ
3164 2770 3300 2839 οἷος,
3327 2779 3378 2827 εἰ
3408 2775 3501 2827 καὶ
3531 2774 3606 2841 μῆ
3634 2769 3944 2841 προώρισον

2366 2870 2595 2932 εἰκότως
2629 2869 2694 2923 ἂν
2726 2869 3071 2941 προωρίσθαι
3094 2885 3106 2898 ·
3137 2869 3211 2931 ὡς
3240 2869 3417 2921 πάντα
3446 2867 3516 2919 τὰ
3546 2868 3680 2919 πᾶσι
3710 2866 3821 2926 τοῖς
3854 2862 3943 2916 ἆλ-

2358 2960 2475 3021 λοις
2516 2960 2681 3013 καΘὲυ
2711 2961 3079 3030 εἰργασμένα,
3116 2959 3277 3027 μόνος
3309 2959 3469 3020 αὐτὸς
3503 2957 3844 3024 συνειληφ·ῖ›ς
3876 2970 3935 3003 τε

2364 3054 2457 3104 καὶ
2493 3054 2874 3122 καταπράξας.

693 3139 991 3205 debueris;
1043 3140 1240 3211 quippe
1305 3141 1395 3212 qui
1449 3156 1592 3194 unus
1638 3141 1815 3195 omnia
1847 3143 1967 3197 aliis
2003 3146 2256 3200 omnibus
2318 3146 2594 3219 sigillatim
2634 3150 2874 3219 praestita
2931 3148 3164 3218 junctim
3218 3145 3695 3218 conprehenderis
3752 3141 3940 3198 confe-

695 3236 963 3304 ecrisqne.

766 3328 976 3386 XXVII.
1020 3330 1188 3385 l‘orro
1220 3332 1284 3384 de
1336 3332 1643 3400 eloquentia
1696 3344 1782 3387 tua
1826 3318 2006 3388 dicere
2058 3353 2247 3406 aggre-
2432 3342 2442 3392 l

2283 3321 2328 3401 ς
2432 3341 2558 3392 xz.
2592 3338 2779 3404 Λόγων
2807 3337 2862 3389 δὲ
2890 3337 3015 3403 πέρι
3036 3336 3216 3403 λέγειν
3236 3334 3433 3388 ἐθέλων
3459 3333 3569 3387 τῶν
3595 3332 3724 3396 σῶν,
3750 3331 3942 3397 λόγους

695 3427 846 3477 diens
880 3433 1025 3498 tuam
1051 3424 1177 3479 mihi
1215 3424 1580 3493 eloquentiam
1630 3441 1838 3493 tuazque
1866 3428 2133 3483 orationis
2174 3446 2257 3482 ru-

695 3516 799 3569 bur
834 3517 1154 3585 contingere
1198 3517 1380 3580 velim,
1427 3533 1534 3585 quo
1586 3534 1651 3572 ex
1709 3519 1917 3572 merito
1967 3520 2110 3573 illam
2164 3537 2263 3575 suo

696 3607 1082 3661 commendare
1132 3622 1360 3677 queam;
1414 3608 1458 3660 is
1482 3609 1680 3662 etenim
1732 3620 1787 3664 tu
1818 3626 1900 3679 es,
1942 3612 1986 3666 si
2028 3628 2266 3667 summa-

702 3701 796 3752 tim
826 3714 911 3753 res
940 3700 1280 3769 exponenda,
1313 3702 1403 3776 qui
1442 3715 1546 3753 non
1581 3702 1741 3756 aliter
1766 3704 1816 3756 in
1858 3707 2111 3760 omnibus
2143 3722 2264 3759 om-

699 3790 865 3845 tionis
918 3790 1131 3857 formis,
1168 3807 1329 3862 quam
1362 3791 1414 3845 in
1454 3808 1559 3846 una
1582 3794 1833 3861 quapiam
1876 3795 2261 3850 elahoraveris.

701 3882 914 3937 Rursus
969 3898 1409 3953 unamquamque
1464 3885 1537 3945 ita
1602 3884 1841 3953 perfecte
1900 3898 2263 3956 accurateque

705 3976 1151 4044 pertractaveris,
1199 3985 1258 4027 ut
1316 3974 1457 4029 haud
1513 3986 1819 4044 promptqu
1860 3978 2041 4032 videre
2073 3979 2166 4040 sit,
2207 3980 2259 4031 in

704 4083 940 4135 quanam
1000 4066 1337 4135 potissimum
1382 4081 1617 4136 regnes,
1673 4079 1727 4121 et
1766 4069 1853 4123 cui
1883 4071 2071 4138 prima:
2104 4086 2268 4139 penes

708 4168 762 4213 te
796 4158 1097 4212 debeantur
1143 4167 1346 4226 partes.
1405 4156 1686 4211 Nonenim
1748 4160 1817 4213 ad
1865 4160 2266 4229 philosophiam

707 4251 878 4308 solam
907 4290 922 4314 ,
966 4251 1169 4305 omissa
1219 4251 1456 4303 oratoria
1488 4290 1503 4313 ,
1565 4251 1805 4305 animum
1895 4253 2268 4322 appellendum

2363 3436 2430 3487 ἂν
2465 3433 2591 3494 τοὺς
2643 3432 2769 3492 σοὺς
2798 3431 3100 3500 ἐϐουλόμην
3125 3472 3139 3494 ,
3180 3431 3275 3483 καὶ
3318 3431 3418 3497 τὴν
3463 3428 3572 3480 τῶν
3617 3426 3725 3478 σῶν
3767 3424 3942 3491 λόγων

2371 3525 2564 3595 ῥώμην
2610 3522 2952 3589 κεκτῆσθαι,
2998 3522 3071 3583 ὡς
3113 3521 3179 3573 τὰ
3227 3520 3530 3587 γιγνόμενα
3583 3519 3712 3585 περὶ
3762 3516 3943 3567 αὐτῶν

2365 3613 2559 3670 διὶέναι
2584 3631 2597 3644 ⁸
2628 3614 2692 3667 σὺ
2723 3614 2829 3682 γὰρ
2863 3610 2973 3675 οὖν,
2994 3613 3042 3664 εἰ
3073 3611 3155 3664 δεῖ
3180 3611 3459 3679 συντόμως
3487 3610 3685 3669 εἰπεῖν,
3719 3611 3744 3660 ὁ
3771 3608 3947 3672 λόγων

2374 3707 2475 3775 μὲν
2514 3709 2695 3759 πᾶσαν
2728 3704 2871 3757 ἰδέαν
2908 3704 2983 3765 ὡς
3007 3704 3070 3773 δή
3103 3721 3224 3756 τινα
3254 3702 3384 3770 μίαν
3415 3699 3739 3769 ὲξησκηκώς
3762 3716 3775 3729 ’
3804 3698 3949 3751 οὕτω

2373 3796 2417 3848 δ’
2464 3798 2539 3857 εἰς
2576 3796 2746 3864 ἄκρον
2786 3796 2878 3845 καὶ
2914 3794 3034 3863 μετ’
3075 3793 3367 3863 ἀκριϐείας
3398 3794 3667 3859 ἑκάστην,
3708 3788 3782 3850 ὡς
3817 3788 3946 3853 ξυν-

2382 3889 2507 3940 ιδεῖν
2540 3888 2746 3958 ἄπορον
2784 3885 2925 3939 εἶναι
2962 3886 3167 3956 ποτέρᾳ
3194 3887 3402 3936 τούτων
3438 3882 3782 3941 πλεονεκτεῖς
3806 3919 3820 3943 ,
3853 3883 3948 3931 καὶ

2377 3981 2481 4033 τίνι
2513 3979 2699 4032 δοῦναι
2724 3977 2806 4029 δεῖ
2836 3978 2904 4029 τὰ
2934 3977 3224 4046 πρεσϐεῖα.
3257 3976 3331 4029 Ού
3358 3974 3465 4044 γὰρ
3494 3973 3627 4025 αὐτὸ
3655 3970 3816 4024 τοῦτο
3847 3970 3947 4038 μὸ-

2378 4089 2466 4124 νον
2499 4071 2810 4139 φιλοσοφεῖν
2848 4069 2957 4138 ᾧου
2987 4070 3117 4131 δεῖν,
3156 4067 3473 4137 ῥητορεύειν
3496 4065 3540 4116 δ’
3572 4064 3760 4117 οὐκέτι
3789 4079 3804 4095 ο
3836 4062 3945 4113 οὐδ’

2377 4158 2443 4218 αὖ
2502 4161 2819 4234 ῥητορεύειν
2878 4161 2977 4231 μὲν
3032 4158 3321 4223 καθάπαξ,
3380 4155 3475 4209 τοῦ
3528 4155 3584 4207 δὲ
3635 4152 3953 4225 φιλοσοφεῖν

2380 4253 2614 4323 ἀλογείν.

709 4347 933 4411 duxisti,
966 4345 1507 4416 nequeeeoutrario
1567 4346 1626 4400 in
1699 4357 1818 4403 arte
1903 4350 2142 4404 oratoria
2224 4365 2448 4417 operam
2539 4365 2776 4412 omnem,
2836 4360 3019 4416 spreta
3072 4345 3431 4415 philosophia,
3487 4344 3584 4398 tibi
3652 4342 3952 4410 ponendam

709 4439 1090 4495 existimabas.

778 4531 1018 4587 XXVIII.
1060 4531 1267 4587 Rursus
1312 4547 1488 4602 neque
1510 4532 1797 4601 utriusque
1836 4543 1889 4587 tu
1926 4535 2144 4603 quidem
2187 4552 2272 4587 ra-

710 4628 914 4679 tionem
947 4623 1204 4686 habebas,
1231 4624 1325 4679 sed
1350 4638 1414 4678 ex
1444 4632 1594 4691 parte
1623 4625 1852 4693 quadam
1889 4625 2151 4679 duntaxat
2185 4626 2283 4678 ha-

2454 4529 2693 4586 ΚΗ’.Ὀὺ
2736 4529 2916 4582 τοίνυν
2950 4527 3070 4580 οὐδέ
3110 4544 3193 4579 σοι
3231 4526 3342 4578 τῶν
3381 4526 3662 4591 ἑκατέρων
3718 4526 3955 4594 ἐμέλησε

2389 4624 2486 4693 μὲν
2506 4664 2521 4685 ,
2549 4622 2785 4691 ἐμέλησε
2816 4619 2873 4671 δὲ
2904 4619 3012 4671 ἀπὸ
3045 4622 3277 4687 μέρους,
3305 4617 3378 4680 ὡς
3416 4617 3612 4679 ἐνδεῶς
3645 4619 3739 4669 καὶ
3778 4618 3957 4684 τούτῳ

712 4720 899 4778 hebas,
937 4717 1007 4769 ita
1044 4724 1101 4769 ut
1138 4719 1382 4769 neutrius
1438 4716 1741 4786 disciplina:
1796 4715 1987 4784 plenus
2042 4699 2279 4784 iuleger—
2305 4732 2388 4810 Di

2276 4746 2279 4754 -
2305 4751 2359 4810 Ι)
2386 4711 2623 4780 κάκείνῳ
2660 4708 2966 4779 κεχρῆσθαι
2991 4725 3006 4741 ο
3042 4712 3135 4760 καὶ
3178 4708 3367 4776 μηδενὶ
3392 4706 3654 4775 διαρκῶς,
3694 4705 3809 4758 ἀλλ’
3837 4707 3952 4765 tuo,

713 4822 819 4877 que
848 4808 943 4863 tibi
968 4823 1097 4862 usus
1129 4808 1181 4861 in
1201 4808 1428 4862 solidum
1450 4816 1761 4875 constaret;
1789 4823 1973 4861 verum
2007 4808 2163 4860 unius
2190 4822 2278 4860 ra-

721 4900 885 4954 tionis
915 4900 1101 4951 ambas
1148 4900 1312 4952 hasce
1340 4907 1525 4969 partes
1557 4915 1679 4954 esse
1705 4910 1873 4963 ratus,
1908 4915 2031 4955 cum
2072 4912 2275 4968 praete-

717 5005 808 5044 rea
840 4989 1012 5044 scires
1049 4973 1286 5059 perfecte
1314 4991 1632 5058 sapientem
1683 5006 1779 5058 per
1812 4991 1995 5044 omnia
2039 5005 2285 5057 permea-
2326 4974 2329 4975 ⁷

721 5093 927 5150 turum,
959 5084 1033 5137 ita
1071 5082 1221 5139 hisce
1255 5092 1307 5137 te
1334 5083 1528 5137 studiis
1565 5084 1835 5144 dedidisti,
1858 5082 2284 5137 utnihilosecius

719 5184 773 5229 ct
823 5175 1251 5244 philosophando
1280 5175 1607 5239 eloquentiae
1638 5191 1855 5243 operam
1906 5176 2089 5238 dares,
2123 5187 2173 5227 et
2201 5178 2285 5229 in—

720 5267 893 5320 vicem
946 5282 1138 5321 causas
1180 5267 1393 5320 orando
1444 5266 1842 5334 phil050phiam
1892 5269 2186 5329 excideres,
2230 5276 2280 5318 et

722 5361 774 5410 in
824 5369 1053 5427 utroque
1086 5371 1285 5425 genere
1345 5355 1681 5411 admirabilis
1724 5371 1895 5420 esses,
1961 5366 2013 5409 et
2087 5358 2185 5408 hac
2229 5356 2280 5407 in

724 5460 875 5515 parte
928 5448 1074 5500 velut
1111 5447 1207 5500 tibi
1238 5447 1335 5517 ipsi
1397 5447 1556 5512 longe
1601 5458 1924 5514 praestares,
1962 5446 2105 5513 quod
2186 5461 2283 5499 nec

723 5539 899 5592 studia
929 5537 1279 5607 philosOphia:
1306 5537 1544 5592 oratoria
1576 5537 1831 5592 facultate
1879 5538 2164 5605 spoliat-es,
2191 5550 2285 5590 ne-

2388 4808 2557 4877 ἇμφω
2582 4805 2755 4857 ταῦτα
2783 4804 2944 4870 λόγου
2978 4803 3118 4871 μέρη
3144 4801 3395 4870 νομίσας,
3423 4803 3518 4851 καὶ
3543 4802 3634 4851 τὸν
3654 4802 3846 4869 τῳὸντι
3871 4817 3956 4850 σο-

2391 4899 2487 4967 φὸν
2524 4898 2677 4960 εἰδὼς
2707 4896 2794 4948 διὰ
2824 4896 3042 4950 πάντων
3063 4895 3268 4964 ἥκοντα
3290 4931 3305 4955 ,
3338 4890 3483 4943 οὕτω
3515 4890 3725 4951 τούτοις
3756 4890 3960 4941 σαυτὸν

2390 4989 2760 5059 ὲμπαρέσχες,
2790 4987 2865 5048 ὼς
2898 4985 3063 5054 μηδὲν
3094 4980 3259 5056 ἦττον
3293 4986 3386 5036 καὶ
3410 4978 3492 5045 οἷς
3522 4983 3833 5051 φιλοσοφεῖς
3859 4985 3962 5050 ῥη-

2391 5081 2635 5148 τορεύειν
2660 5120 2672 5140 ,
2709 5080 2803 5130 καὶ
2833 5072 2915 5139 οἷς
2955 5076 3274 5146 ῥητορεύεις
3309 5077 3622 5142 φιλοσοφεῖν
3642 5113 3657 5137 ,
3690 5076 3787 5151 καὶ
3819 5066 3959 5123 εἶναι

2393 5170 2702 5238 Θαυμαστὸς
2751 5172 2807 5221 ἐν
2856 5170 3098 5237 ἀμφοῖν,
3158 5168 3254 5221 καὶ
3303 5163 3417 5220 οἷον
3466 5168 3742 5237 βέλτιστος
3792 5166 3959 5225 αὐτὸς

2394 5262 2620 5316 σεαυτοῦ
2654 5260 2830 5330 τούτῳ
2866 5260 2946 5330 τῷ
2973 5264 3169 5331 μέρει,
3209 5260 3333 5312 οὔτε
3359 5262 3420 5310 τὺ
3450 5259 3761 5327 φιλοσοφεῖν
3792 5260 3961 5323 ῥητο-

2396 5353 2546 5423 ρείας
2575 5352 2919 5420 ἀποστερῶν,
2941 5350 3054 5404 οὔτ’
3081 5352 3252 5420 αὐτὴν
3278 5350 3483 5420 ταύτην
3507 5350 3776 5418 ἀμέτοχον
3803 5347 3961 5414 φιλο-

2395 5444 2583 5511 σοφίας
2611 5443 2825 5505 δεικνύς
2843 5457 2858 5473 ·
2882 5444 2998 5496 ἀλλ’
3023 5444 3285 5510 ἑκάτερον
3336 5441 3583 5510 ἑκατέρῳ
3608 5438 3799 5505 δεξιῶς
3818 5438 3966 5504 ἄγαν

2399 5534 2709 5598 συνάπτων,
2744 5535 2837 5588 καὶ
2872 5533 2939 5586 δι’
2968 5534 3243 5600 ἑκατέρου
3277 5531 3498 5601 κοσμῶν
3533 5532 3814 5600 ἑκάτερον.

725 5642 830 5694 que
885 5628 1026 5681 hanc
1078 5628 1249 5695 ipsam
1282 5626 1636 5696 philosophia:
1676 5627 1940 5694 praesidiis
1963 5627 2278 5683 destitutam
2317 5627 2585 5687 exiberes.
2649 5626 2745 5680 scd
2775 5625 2998 5679 alteram
3061 5624 3218 5679 alteri
3253 5637 3448 5690 magna
3480 5622 3808 5677 dexteritate
3872 5635 3971 5674 co-

731 5725 966 5785 pulares,
997 5724 1305 5793 mutuisque
1340 5734 1628 5793 utramque
1653 5738 1949 5783 exornans
1988 5724 2346 5779 ornamentis.

805 5815 989 5869 XXIX.
1033 5816 1347 5887 Quanquam
1391 5819 1520 5889 quid
1566 5830 1649 5873 est
1692 5821 1834 5889 quod
1877 5821 2030 5876 dico?
2060 5836 2135 5875 διε
2163 5820 2277 5874 lucc

2455 5816 2585 5873 ΚΘ.
2608 5818 2800 5871 Καίτοι
2820 5816 2870 5869 τί
2890 5814 3032 5882 ’λέγω
3057 5832 3070 5880 ;
3100 5813 3240 5867 οὕτω
3258 5814 3366 5885 γάρ
3393 5812 3598 5885 Ἐρμῆς
3629 5810 3747 5865 κατ’
3768 5809 3972 5879 Αἰσχύ-
