4244 6428
272 419 374 486 981

1154 429 1541 489 LAUDATIU
1581 431 1636 488 S.
1669 429 2045 486 GREGURH
2094 431 2508 493 TllEOl.OCI.

3417 436 3518 498 εει

277 540 609 602 προσέσχεν·
652 539 706 598 ἧς
739 539 909 598 οὕτως
948 539 1067 589 ἀντὶ
1102 540 1316 590 πάντων
1353 557 1412 590 τε
1457 543 1552 592 καὶ
1583 543 1683 610 πρξ
1719 542 1850 592 πάν-

1883 547 1924 601 Α
1957 541 2228 608 I'rincipio
2276 547 2436 612 igitur
2473 547 2830 598 humilitatem
2883 547 3072 608 animi,
3113 549 3372 601 bonorum
3410 567 3522 601 otii-

271 643 384 679 των
419 627 482 677 τὸ
523 629 644 678 κατ’
689 627 858 697 αὐτὴν
887 628 1144 688 ἐποιεῖτο,
1175 631 1262 680 καὶ
1302 631 1392 681 τοῦ
1451 631 1646 692 παντὸς
1679 633 1844 698 τιμώ-

275 736 440 784 μενος
467 721 560 772 καὶ
593 720 876 788 χρώμενος
915 716 1004 790 ἦν,
1029 722 1103 780 ὡς
1135 723 1209 789 μὴ
1250 724 1410 788 μόνον
1435 723 1539 791 γῆν
1577 725 1669 776 καὶ
1720 742 1847 776 σπο-

273 813 364 864 δὸν
398 813 591 863 ἑαυτὸν
631 815 724 864 καὶ
755 816 822 865 τὰ
855 812 1078 864 τοιαῦτα
1113 813 1319 875 καλεῖν,
1360 817 1450 864 καὶ
1487 815 1696 874 πάντας
1723 815 1845 866 ἑαυ-

272 905 369 954 τοῦ
403 904 740 974 προῦχοντας
773 905 937 972 ἔχειν,
964 897 1038 955 ὧν
1087 907 1220 956 πᾶσι
1271 905 1485 965 παντως
1513 907 1624 966 τοῖς
1663 906 1843 965 ἄλλοις

273 1002 436 1061 αὐτος
473 1001 787 1069 ὑπερεῖχεν,
819 1002 953 1052 ἀλλα
993 1002 1080 1052 καὶ
1127 1003 1238 1061 τοῖς
1285 999 1466 1068 ἔργοις
1494 1002 1617 1060 τοὺς
1653 1001 1843 1064 λόγους

277 1093 425 1158 μάλα
463 1091 783 1144 πιστοῦσθαι
805 1108 818 1121 ·
849 1092 908 1142 τὸ
940 1093 1046 1160 γὰρ
1080 1092 1180 1158 τῆς
1231 1091 1444 1160 μάλιστ’
1473 1092 1846 1160 ἀπολουμένης

273 1180 655 1249 ὑπερηφανίας
710 1179 962 1232 τοσοῦτον
1011 1181 1259 1247 ἀπέχειν,
1291 1180 1414 1230 ὅσον
1472 1179 1712 1246 καὶτῆς
1767 1179 1846 1240 είς

273 1269 409 1320 Θ-ὸν
442 1271 809 1338 βλασφημίας,
841 1272 1105 1338 μεγίστης
1127 1270 1325 1338 δηλαδὴ
1345 1267 1846 1338 ταπεινοφροσύνης

273 1363 426 1411 ἐστὶν
457 1361 786 1430 ἐπειλῆφθαι
813 1375 826 1387 ·
862 1362 937 1422 ὡς
975 1362 1110 1429 μήτε
1139 1360 1250 1411 τῶν
1279 1362 1576 1426 ἐλαχίστων
1615 1356 1843 1427 μηδενὸς

272 1453 602 1518 τοπαράπαν
632 1454 994 1519 καταφρονεῖν
1027 1452 1232 1515 ἀξιοῦν,
1272 1452 1362 1503 καὶ
1391 1452 1607 1502 πάντων
1637 1449 1843 1500 ἐθέλειν

273 1544 509 1611 ἔσχατον
545 1545 607 1614 [ί.
643 1543 890 1615 ἔσχατος]
929 1541 1068 1596 εῖναι
1107 1545 1189 1599 ἵνα
1224 1544 1448 1612 γένηται
1478 1543 1714 1611 πρῶτος.

272 1635 442 1686 divini
505 1638 738 1688 nominis

1954 633 2100 684 nium
2148 650 2392 698 causam,
2440 651 2543 702 qua
2585 638 2701 688 sine
2753 636 2893 689 nulla
2952 652 3185 704 unquam
3225 641 3522 692 consistere

1951 722 2121 777 virtus
2173 734 2366 786 pote~t,
2414 725 2556 778 haud
2606 727 2716 778 seio
2770 742 2835 777 an
2872 728 3160 794 quisquam
3212 729 3518 779 mortalium

1951 818 2192 870 Omnium
2225 818 2342 881 plus
2378 833 2538 886 quam
2578 829 2762 872 noster
2793 829 2880 870 aut
2931 821 3258 885 suspexerit,
3295 830 3387 872 aut
3423 820 3516 872 ad-

1945 911 2204 961 amaverit
2229 910 2580 977 colueritque,
2604 913 2691 979 qui
2724 912 2794 962 ita
2823 911 2964 962 illam
2993 923 3043 962 et
3066 913 3232 964 instar
3259 913 3518 968 omnium.

1951 1011 2005 1054 et
2039 1011 2164 1053 ante
2194 1003 2370 1052 omnia
2399 1004 2724 1064 :estimabat,
2757 1002 3002 1070 ade0qne
3030 1017 3242 1054 summo
3268 1003 3317 1054 in
3352 1005 3524 1070 pretio

1955 1093 2142 1145 habuit
2193 1103 2247 1144 et
2288 1094 2604 1155 usurpavit,
2658 1101 2715 1143 ut
2766 1108 2872 1144 non
2930 1093 3090 1145 modo
3147 1111 3165 1143 ι
3223 1101 3418 1144 terrain
3466 1102 3518 1143 et

1950 1185 2187 1238 cinerem
2219 1185 2301 1249 η’,
2337 1202 2354 1234 ι
2395 1183 2608 1250 aliaque
2653 1185 2702 1236 id
2740 1198 2908 1249 genus
2948 1184 3295 1250 semetipsum
3336 1183 3515 1248 appel-

1950 1277 2106 1338 laret,
2141 1288 2436 1342 oumesque
2473 1273 2715 1326 homines
2748 1276 2848 1326 sibi
2885 1283 3237 1341 przeponeret,
3264 1274 3365 1325 etsi
3399 1273 3514 1323 illos

1949 1363 2160 1415 caeteris
2193 1365 2354 1416 rebus
2403 1363 2654 1416 omnibus
2693 1363 2851 1432 longo
2906 1362 3183 1416 intervallo
3219 1371 3517 1428 superaret,

1951 1453 2042 1505 sed
2091 1464 2140 1505 et
2171 1453 2313 1506 dicta
2347 1469 2440 1507 sua
2476 1455 2730 1520 operibus
2762 1455 2894 1522 ipsis
2927 1455 3185 1507 ﬁrmaret.
3221 1450 3352 1504 Nam
3385 1453 3524 1518 quod

1954 1561 2056 1597 non
2094 1549 2272 1600 minus
2297 1563 2325 1600 a
2357 1547 2811 1615 pestilentissimae
2834 1547 3099 1612 superbiae
3129 1545 3269 1602 labe.
3303 1559 3463 1611 quam
3498 1558 3524 1594 a

827 1636 1232 1700 inaledietione,
1282 1640 1535 1699 abesset;
1596 1635 1648 1687 id
1702 1635 1888 1702 utique
1961 1651 2228 1692 summam
2290 1640 2452 1692 animi
2511 1639 2867 1692 humilitatem
2929 1652 3114 1691 revera
3173 1646 3522 1690 consecutum

275 1729 444 1780 fuisse
475 1731 732 1794 declarat,
771 1741 826 1782 ut
858 1745 1030 1798 neque
1063 1729 1231 1782 ullum
1261 1731 1483 1786 omnino
1509 1732 1575 1785 de
1607 1730 1845 1785 minimis
1885 1731 2187 1801 despicatui
2217 1735 2460 1798 duceret,
2491 1744 2542 1786 et
2580 1736 2693 1802 ipse
2729 1734 2968 1788 omnium
3034 1742 3338 1801 postremus
3407 1745 3527 1784 esse

271 1827 524 1886 cuperet,
555 1831 612 1870 ut
647 1835 829 1871 coram
863 1821 966 1872 Deo
999 1822 1207 1886 primus
1239 1822 1393 1875 [ieret
1421 1823 1488 1875 ".

342 1919 463 1969 EA'.
511 1917 665 1968 υῦτω
689 1915 732 1966 δ’
783 1915 921 1982 ἔχων
975 1917 1072 1968 καὶ
1128 1918 1246 1985 ἅμα
1284 1917 1376 1969 τὸν
1409 1917 1558 1969 ταῦτ’
1593 1916 1851 1986 ειρηκότα

1883 1917 1929 1977 Β
2029 1913 2215 1968 LXIV.
2257 1912 2375 1966 Jain
2411 1913 2501 1981 qui
2539 1913 2607 1964 ita
2649 1912 2916 1965 animatus
2950 1922 3116 1972 esset.
3174 1920 3228 1966 et
3260 1911 3417 1963 simul
3451 1910 3525 1980 (‘2)

271 2009 558 2077 δεσπότην
589 2009 758 2070 εἰδὼς,
794 2008 889 2077 τὴν
919 2010 997 2062 ὅτι
1032 2010 1202 2080 πρᾷός
1231 2012 1348 2063 ἐστι
1383 2012 1475 2063 καὶ
1505 2011 1755 2073 ταπεινὸς
1783 2014 1847 2080 τῇ

274 2102 482 2169 καρδία
514 2101 870 2169 συναίσθησίν
910 2118 970 2152 τε
1005 2104 1098 2153 καὶ
1129 2102 1350 2166 γνῶσιν,
1398 2103 1720 2155 ἀνάπαυλαν
1748 2102 1851 2166 ψυ-

273 2193 388 2259 χοέιν
438 2193 754 2261 ὁριζόμενον
779 2232 792 2254 ,
845 2193 939 2244 καὶ
971 2195 1196 2261 προσέτι
1229 2193 1417 2246 τοῦτον
1468 2195 1628 2247 αὐτὸν
1662 2193 1849 2245 δούλου

277 2286 500 2352 μορφὴν
536 2285 794 2352 εἰληφότα
822 2325 837 2346 ,
888 2285 972 2336 ἵνα
1005 2286 1101 2352 τὴν
1153 2286 1467 2353 ἐλευθερίαν
1519 2287 1678 2346 αὐτὸς
1715 2289 1850 2338 ἀπο-

273 2376 450 2437 λάϐω,
512 2380 600 2428 καὶ
653 2378 787 2444 πρὸς
841 2380 934 2444 τὴν
987 2381 1257 2444 προτέραν
1293 2379 1554 2446 ὲπανὴκω
1585 2379 1850 2445 μακαριό-

272 2487 440 2538 τητα·
467 2470 738 2519 τοσούτων
797 2469 974 2520 τοίνυν
1009 2473 1086 2530 είς
1121 2472 1628 2540 ταπεινοφροσύνην
1671 2489 1850 2538 παρα-

276 2561 613 2621 καλούντων,
652 2560 765 2618 πῶς
801 2560 899 2610 οὐκ
934 2560 1067 2613 αὐτὸ
1107 2561 1266 2612 τοῦτο
1312 2564 1406 2613 καὶ
1435 2563 1593 2622 αὐτὸς
1627 2563 1853 2629 ἔμελλεν

277 2646 447 2711 εἶναι,
482 2651 577 2700 καὶ
605 2651 770 2700 πᾶσιν
806 2651 862 2699 ἐν
895 2650 1156 2720 συντριϐῇ
1188 2651 1413 2718 καρδίας
1457 2653 1549 2704 καὶ
1579 2652 1852 2719 πνεύματι

273 2740 665 2801 ταπεινώσεως
683 2741 939 2809 χρῆσθαι,
966 2743 1218 2794 καὶκατὰ
1237 2745 1335 2811 τὴν
1354 2746 1446 2795 τοῦ
1466 2743 1600 2795 Θεοῦ
1626 2746 1854 2812 καρδίαν

274 2831 351 2894 ὡς
379 2835 558 2883 εἰπεῖν
587 2832 1002 2896 πολιτεύεσθαις
1047 2834 1186 2886 ’Δνθ’
1208 2829 1285 2885 ὧν
1314 2835 1473 2894 αὑτός
1523 2853 1583 2887 τε
1634 2838 1724 2888 τοῦ
1757 2837 1854 2904 τῆς

275 2925 781 2993 ταπεινοφροσύνης
805 2927 878 2986 ὼς
904 2927 1003 2978 οὐκ
1028 2923 1122 2980 οἶδ’
1141 2930 1192 2980 εῖ
1211 2944 1291 2990 τις
1316 2929 1510 2998 ὲπέὅη,
1535 2931 1628 2982 καὶ
1651 2929 1856 2996 ταύτην

279 3016 615 3082 ἐκὸσμησεν,
649 3016 721 3078 ὡς
776 3018 863 3069 διὰ
897 3018 1084 3070 τοῦτον
1123 3021 1324 3087 μᾶλλον
1371 3021 1562 3088 αὸτὴν,
1595 3022 1626 3090 ἢ
1661 3021 1728 3072 δι’
1761 3023 1852 3073 αὐ·

277 3106 377 3174 τὴν
396 3106 588 3158 τοῦτον
613 3108 993 3176 θαυμάζεσθαι
1021 3126 1033 3138 ·
1069 3112 1163 3162 καὶ
1191 3111 1265 3174 ὡς
1296 3111 1471 3180 άληθῆ
1502 3113 1668 3180 λέγω,
1698 3111 1853 3181 δῆλον

281 3195 519 3249 ἐκεῖθεν.

351 3464 474 3516 ΞΕ.
519 3465 580 3514 ΕΞ
621 3468 727 3531 γὰρ
775 3465 834 3515 τὸ
881 3465 1048 3533 priqu
1095 3466 1594 3536 ταπεινοφροσύνην
1628 3468 1845 3532 ἀσκεῖν,

281 3556 554 3622 ἑτέρωθεν
579 3556 633 3607 δὲ
667 3556 974 3624 μηδαμόθεν
988 3557 1130 3625 ἔχειν
1153 3558 1686 3624 ἐγκαλλωπίζεσθαι,
1715 3561 1850 3629 πρὸς

284 3651 507 3699 ἑπαινον
543 3647 717 3714 φέρει,
747 3648 874 3698 ὅταν
904 3664 984 3708 τις
1019 3648 1093 3707 ὡς
1137 3643 1289 3700 οὗτος
1332 3651 1678 3720 παντοδαπὴν
1711 3653 1849 3718 άγα·

283 3740 394 3788 θῶν
427 3741 563 3805 ἔχων
597 3738 788 3805 φοράν,
827 3739 1149 3807 θαυμαστῆς
1183 3757 1328 3802 τινος
1370 3742 1713 3809 ἐκπλήξεως,
1759 3744 1856 3796 καὶ

287 3833 535 3881 παιάνων
561 3830 712 3900 παρὰ
740 3833 874 3882 πᾶσι
900 3834 1203 3900 τυγχάνων,
1237 3831 1429 3885 ἔπειτα
1461 3833 1632 3901 δήπου
1657 3851 1852 3886 ταπει-

285 3925 572 3987 νοσοονεῖν
603 3923 782 3987 οἴηται
819 3923 950 3984 δεῖν,
986 3925 1079 3974 καὶ
1112 3924 1316 3993 ταύτης
1364 3925 1501 3992 ὑπὲρ
1531 3927 1656 3986 τοὺς
1687 3925 1854 3995 μηδέν

283 4031 338 4065 τι
375 4014 621 4065 τοιοῦτον
650 4016 863 4075 ἑαυτοῖς
890 4017 1197 4077 συνειδότας
1227 4017 1591 4086 ἀντιποιῆται,
1616 4019 1712 4086 οὐχ
1732 4019 1857 4069 ἑαυ-

289 4105 384 4155 τὸν
424 4106 627 4172 μᾶλλον
665 4146 680 4168 ,
715 4107 748 4174 ἦ
781 4108 988 4171 ταύτην
1031 4107 1286 4175 σεμνύνει
1321 4109 1416 4159 καὶ
1460 4109 1856 4176 περιφανεστέ-

285 4215 388 4262 ραν
421 4199 514 4248 καὶ
547 4197 752 4248 καλλίω
779 4201 888 4260 τοῖς
913 4199 1054 4259 ὅλοις
1088 4202 1250 4253 ποιεῖ.
1286 4201 1394 4268 Τῆς
1422 4201 1465 4253 δ’
1495 4197 1563 4253 αὖ
1601 4201 1736 4270 πρὸς
1766 4202 1858 4252 τὸν

283 4289 515 4354 πλησίον
567 4290 789 4356 ἀγάπης
842 4290 936 4341 καὶ
999 4290 1091 4341 τοῦ
1141 4293 1309 4343 πᾶσιν
1365 4292 1528 4344 αὐτὸν
1577 4294 1860 4361 σπλάγχνα

286 4381 658 4449 χρηστότητος
714 4383 809 4434 καὶ
864 4378 1004 4433 εἶναι
1056 4384 1148 4434 καὶ
1195 4385 1501 4450 γίγνεσθαι,
1562 4388 1862 4456 τεκμήριον

285 4474 555 4540 ἐναργές·
602 4474 834 4539 μάλιστα
879 4475 977 4542 μὲν
1032 4476 1091 4527 τὸ
1140 4477 1236 4528 τοῦ
1284 4477 1418 4530 Θεοῦ
1463 4479 1720 4542 καθάπαξ
1773 4479 1859 4542 ἐξ·

1960 2005 2241 2058 Dominum
2276 2019 2431 2057 suum
2454 2017 2574 2056 esse
2607 2004 2788 2068 sciret,
2831 2022 2847 2053 ι
2886 2006 2973 2072 qui
3007 2004 3186 2055 mitem
3215 2017 3333 2054 sese
3360 2011 3410 2053 et
3435 2005 3529 2053 hn-

1958 2101 2134 2152 milem
2167 2100 2328 2152 corde
2372 2115 2387 2146 ι
2429 2095 2831 2164 appellavisset,
2877 2093 3152 2156 morbique
3184 2094 3430 2146 notitiam
3467 2109 3529 2146 ac

1957 2188 2345 2244 conscientiam
2375 2189 2705 2239 «animarum
2731 2186 2998 2252 requiem»
3025 2199 3143 2239 esse
3170 2184 3528 2246 statuisset",

1957 2283 2044 2349 qui
2079 2293 2330 2350 preterea
2358 2280 2502 2332 servi
2525 2277 2752 2332 fortnam
2781 2278 3139 2347 assumpissa
3164 2279 3231 2340 ",
3257 2288 3312 2328 ut
3340 2293 3436 2344 ego
3469 2278 3531 2330 li-

1959 2376 2218 2426 bertatem
2259 2388 2658 2440 recuperarent,
2698 2383 2856 2438 atque
2897 2374 2960 2422 ad
2986 2373 3267 2440 pristinam
3297 2372 3525 2422 redirem

1959 2466 2382 2520 beatitudinem:
2422 2467 2511 2532 qui
2569 2475 2673 2517 tam
2711 2465 2873 2515 multa
2930 2479 2993 2516 ac
3043 2479 3255 2531 magna,
3293 2463 3524 2529 inquam,

1958 2558 2300 2611 deiiiissionis
2336 2557 2505 2608 animi
2561 2555 2908 2608 invitanienta
2961 2554 3199 2615 haberet,
3238 2554 3422 2620 quidni
3476 2561 3530 2605 et

1960 2647 2074 2713 ipse
2110 2662 2229 2698 vere
2283 2645 2501 2698 humilis
2524 2644 2796 2703 evaderet,
2823 2651 3018 2694 etcum
3047 2643 3294 2694 omnibus
3322 2642 3370 2693 in
3395 2657 3527 2694 con-

1960 2740 2174 2792 tritione
2203 2739 2382 2792 cordis
2424 2747 2479 2792 et
2505 2738 2695 2806 spiritu
2726 2735 3062 2788 demissionis
3089 2745 3290 2801 ageret,
3331 2741 3383 2784 et
3429 2748 3515 2785 se-

1958 2833 2192 2882 cundum
2241 2844 2334 2882 cor
2369 2831 2481 2893 Dei,
2523 2839 2580 2880 ut
2622 2829 2722 2881 hoc
2749 2827 2909 2880 verbo
2940 2826 3235 2888 utamur",
3269 2825 3387 2877 vita:
3409 2840 3519 2877 suae

1959 2924 2194 2974 rationes
2223 2937 2408 2974 omnes
2429 2922 2755 2975 institueret?
2773 2920 2888 2985 Qua
2921 2918 2987 2971 de
3015 2932 3177 2970 causa
3205 2918 3281 2970 sic
3316 2917 3405 2969 ille
3433 2917 3530 2968 liti-

1959 3015 2202 3066 inilitatis
2235 3015 2515 3067 insistebat
2543 3013 2800 3082 vestigiis,
2830 3022 2883 3064 ut
2920 3011 3154 3064 nesciam
3187 3025 3253 3062 an
3289 3009 3533 3061 habuerit

1959 3122 2140 3174 parem
2179 3107 2472 3158 neminem.
2519 3104 2608 3156 Sic
2645 3105 2782 3156 hanc
2829 3104 2955 3156 item
2992 3103 3246 3154 virtutem
3282 3103 3530 3162 ornabat,

1961 3209 2021 3251 ut
2067 3199 2188 3265 plus
2234 3199 2346 3265 ipsa
2391 3197 2573 3266 gloriae
2623 3206 2782 3264 atque
2833 3195 3204 3248 admirationis
3250 3210 3276 3245 a
3325 3205 3527 3253 nostra,

1883 3259 1924 3315 ε
1961 3306 2120 3359 quam
2159 3300 2341 3340 noster
2371 3289 2438 3339 ab
2474 3287 2584 3348 illa,
2618 3294 3072 3352 consequeretur,
3108 3284 3253 3351 quod
3291 3299 3416 3336 vere
3449 3300 3533 3335 me

1951 3385 2238 3445 aﬂirmare,
2267 3383 2390 3434 hinc
2420 3382 2756 3448 perspicuum
2793 3378 2918 3449 erit.

2002 3472 2164 3528 LXV.
2183 3473 2386 3539 Quippe
2403 3473 2446 3523 si
2469 3472 2580 3524 sola
2597 3469 2815 3522 demissi
2836 3476 2996 3534 atque
3019 3464 3233 3519 humilis
3247 3464 3410 3516 animi
3431 3468 3535 3518 vir-

1956 3573 2038 3619 tus
2059 3564 2297 3617 studiose
2321 3563 2486 3624 culta,
2517 3560 2989 3630 quanquamjnulla
3012 3559 3227 3610 aliunde
3246 3559 3534 3611 accedente

1954 3658 2136 3726 gloria:
2191 3655 2456 3718 materie,
2509 3654 2722 3707 laudent
2786 3652 2983 3705 aﬂert:
3039 3650 3253 3717 quando
3297 3651 3418 3718 quis
3468 3652 3533 3701 ad

1954 3747 2258 3812 exemplum
2303 3746 2476 3800 nostri
2509 3745 2832 3812 olitimaruin
2882 3758 3060 3794 rerum
3092 3742 3330 3795 omnium
3359 3743 3535 3809 copiis

1957 3837 2353 3899 circumﬂuens,
2403 3844 2456 3890 et
2515 3835 2814 3889 incredibili
2877 3834 3106 3899 quadam
3150 3833 3531 3893 admiratione,

1959 3947 2021 3986 ac
2045 3931 2239 3984 divinis
2291 3944 2425 3999 pene
2464 3929 2712 3982 laudibus
2762 3927 2962 3994 ubique
3013 3926 3258 3988 affectus,
3295 3925 3535 3976 modeste

1957 4031 2136 4075 tamen
2188 4031 2240 4074 et
2289 4020 2554 4073 submisse
2599 4019 2747 4072 dese
2797 4016 2898 4069 sibi
2948 4016 3369 4069 existimandum
3421 4025 3534 4065 sia-

1960 4116 2084 4176 tuit,
2109 4124 2162 4166 et
2189 4112 2407 4167 virtutis
2461 4111 2604 4163 illius
2653 4110 2792 4162 haud
2852 4109 3012 4175 paulo
3063 4107 3362 4162 studiosior
3391 4107 3532 4174 aliis,

1962 4206 2156 4258 nullius
2198 4202 2530 4271 ejuseemodi
2583 4202 2910 4267 praestantia:
2971 4200 3071 4254 sibi
3115 4200 3371 4261 consciis,
3409 4209 3530 4250 est:

1963 4299 2052 4351 ille
2085 4298 2330 4363 profecto
2364 4311 2466 4348 non
2519 4311 2574 4350 se
2619 4295 2814 4363 magis,
2862 4309 3023 4360 quam
3074 4294 3327 4345 virtutem
3362 4292 3531 4355 ipsam

1965 4389 2232 4449 honestat,
2266 4387 2525 4452 omnique
2558 4384 2771 4436 ratione
2806 4383 3095 4435 clariorem
3124 4397 3242 4433 eain
3267 4380 3535 4448 pulchrio-

1964 4492 2185 4543 remque
2235 4475 2430 4526 reddit.
2487 4475 2654 4527 Porro
2689 4482 2744 4524 ut
2778 4472 3051 4539 sigillatim
3101 4484 3535 4536 umnnquemqne

281 4562 458 4631 ἧφθαι
493 4566 588 4615 καὶ
619 4565 811 4617 τοῦτον
845 4568 906 4629 ἐξ
943 4569 1069 4635 ὅλης
1096 4569 1267 4636 δήπου
1296 4571 1469 4638 ψυχῆς
1498 4573 1590 4623 καὶ
1628 4571 1861 4634 διανοίας

1895 4570 2239 4644 Ddilexerit,
2293 4579 2458 4634 utque
2512 4565 2720 4617 viscera
2779 4563 2892 4630 ipsa
2956 4559 3234 4613 charitatis
3288 4560 3533 4627 benigni-

283 4657 466 4720 φιλεῖν
489 4655 675 4706 “c1516
704 4674 759 4708 τε
793 4658 903 4727 γάρ
931 4661 1088 4711 τοῦτο
1121 4661 1218 4713 καὶ
1275 4660 1337 4713 τδ
1377 4663 1471 4713 τοῦ
1507 4664 1728 4731 πλησίον
1763 4666 1857 4716 ἀν-

279 4746 640 4808 τιποιεῖσθαι,
675 4748 921 4814 ἀλλήλων
944 4766 1002 4801 τε
1033 4751 1341 4819 ὲξανάγκης
1372 4752 1578 4820 ἔχεται⁹
1616 4753 1710 4804 καί
1740 4771 1856 4814 πως

285 4841 556 4906 ἑκάτερον
594 4841 840 4907 ἑκατέρῳ
889 4844 1272 4912 συμπράττει·
1323 4845 1416 4895 καὶ
1461 4843 1582 4896 οὔτε
1615 4845 1745 4896 Θεὸν
1784 4847 1860 4907 ὡς

282 4932 424 4996 ἔφην
449 4930 530 4979 ἔνι
560 4930 735 4995 φιλεῖν
756 4933 830 4999 μὴ
855 4931 933 5000 τῷ
957 4933 1184 5001 πλησίον
1215 4935 1290 4996 ὡς
1317 4934 1465 4995 εἰκὸς
1497 4935 1856 5001 κεχρημένον,

281 5019 396 5070 οὔτ’
438 5018 508 5071 αὖ
543 5018 735 5072 τούτου
769 5023 1075 5089 φροντίζειν
1119 5012 1194 5086 ὡς
1234 5025 1317 5074 δεῖ
1347 5024 1439 5074 τὸν
1485 5025 1858 5093 ὲρῤᾳστωνευ-

286 5113 464 5175 μένοις
501 5113 639 5178 προς
670 5115 879 5165 ἐκεῖνον
908 5115 1098 5183 ἔχοντα
1119 5129 1133 5142 ⁸
1187 5116 1324 5166 ἀλλὰ
1357 5117 1438 5166 δεῖ
1477 5115 1637 5181 λόγον
1669 5117 1858 5168 ἑκατέ-

285 5222 383 5270 pou
416 5205 510 5253 τὸν
562 5206 882 5272 γιγνόμενον
934 5210 1143 5275 ῖσχειν,
1192 5211 1288 5261 καὶ
1328 5210 1515 5280 ὥσπερ
1558 5214 1733 5263 ἐκεῖνο
1766 5215 1860 5264 καὶ

283 5295 446 5345 τοῦτο
483 5297 827 5358 σπουδάζειν·
861 5300 908 5350 εί
939 5300 994 5351 δὲ
1024 5300 1098 5369 μη
1130 5302 1306 5364 τοῦτο,
1336 5301 1449 5364 πῶς
1481 5305 1673 5366 ἐκεῖνο,
1739 5321 1862 5355 συν-

358 5479 421 5506 ¹’⁶
457 5478 594 5530 Gen.
631 5495 781 5539 xviii,
816 5479 906 5530 27.

288 5564 413 5610 xui,
451 5548 540 5600 H.
623 5549 666 5578 "
699 5548 857 5603 Deut.
896 5565 967 5614 ιἰ,
1001 5551 1066 5614 5;
1095 5550 1229 5604 Luc.
1267 5567 1319 5614 ιι,
1348 5551 1442 5617 27,
1477 5563 1586 5607 etc.

359 5689 437 5756 (Ξ)
475 5689 675 5746 Scribe.
694 5700 745 5741 et
777 5692 933 5744 simul
956 5695 1224 5757 eumdem,
1250 5695 1339 5762 qui
1365 5696 1476 5747 lucc
1503 5697 1612 5759 ipsa
1639 5694 1868 5746 dixisset

286 5759 598 5835 Duemuinn,
656 5763 1001 5835 illumauimi
1053 5759 1279 5817 sensum
1306 5767 1684 5831 notitiamque,
1731 5763 1869 5828 quod

276 5846 388 5893 ιρις
423 5833 561 5880 mitis
613 5840 660 5881 et
693 5834 843 5883 corde
899 5833 1113 5886 humilis
1159 5836 1246 5898 sit,
1312 5839 1532 5893 rt'miicau
1569 5837 1870 5888 animatum

987 5479 1032 5508 ‘°
1060 5479 1244 5532 Ma'tb.
1279 5499 1385 5536 XIX.
1412 5481 1511 5545 30;
1545 5501 1632 5547 xx,
1672 5484 1757 5548 16,
1792 5496 1899 5540 etc.

1968 4661 2220 4729 latisque,
2271 4668 2382 4709 tum
2430 4667 2624 4725 suopte
2669 4664 2852 4706 noster
2897 4652 3137 4719 ingenio,
3170 4659 3282 4702 tum
3320 4651 3536 4703 institu-

1972 4752 2138 4813 tione,
2189 4763 2317 4815 erga
2371 4762 2560 4800 omnes
2625 4746 2806 4807 fuerit,
2844 4743 3209 4796 certissimum
3245 4755 3532 4804 argumen-

1967 4850 2082 4892 tum
2124 4851 2206 4891 est
2234 4838 2501 4890 :maxime
2554 4835 2768 4903 quidem
2814 4832 3036 4900 quodex
3091 4831 3196 4883 Deo
3223 4841 3536 4896 totusaptns

1963 4943 2129 4994 esset,
2175 4945 2405 4998 eumque
2436 4944 2499 4981 ex
2536 4939 2641 4980 tota
2692 4941 2872 4979 annua
2903 4939 2966 4976 ac
2996 4931 3174 4976 mente
3197 4923 3439 4988 diligeret
3468 4923 3535 4972 ".

1964 5023 2164 5092 Nempe
2221 5024 2308 5076 hic
2351 5025 2464 5089 ipse
2521 5021 2612 5073 Dei
2648 5034 2823 5082 amor,
2874 5027 2928 5070 et
2981 5031 3245 5085 pr0peusa
3274 5029 3399 5081 erga
3440 5016 3536 5066 ho-

1968 5121 2140 5171 mines
2199 5117 2364 5168 animi
2399 5117 2689 5176 voluntas,
2723 5111 3048 5166 necessitate
3111 5110 3344 5176 quadam
3396 5109 3538 5160 inter

1967 5227 2023 5264 se
2053 5212 2350 5271 cohaerent,
2400 5219 2453 5260 et
2503 5215 2684 5260 mutua
2716 5206 2827 5258 fere
2881 5204 3110 5256 invicem
3148 5201 3347 5254 auxilia
3396 5215 3535 5267 prae—

1969 5315 2148 5368 stant;
2185 5314 2296 5355 tum
2318 5317 2490 5370 neque
2517 5302 2677 5354 Deum
2708 5299 2779 5350 ita
2812 5310 2868 5350 ut
2889 5297 3140 5362 diximus,
3165 5309 3291 5346 vere
3319 5291 3542 5360 diligere

3242 5478 3286 5508 "
3313 5475 3331 5528 l
3386 5473 3521 5538 Reg.

2016 5489 2057 5518 ²¹
2097 5487 2284 5539 Μ.ιιιΙι.
2341 5501 2415 5548 χι,
2465 5485 2554 5538 29.
2680 5484 2725 5514 "
2755 5481 2945 5548 Philip.
2980 5494 3036 5542 ιι,
3073 5479 3124 5530 7.

1978 5711 2110 5757 esse,
2167 5705 2403 5748 statuere
2458 5700 2799 5760 perspectum
2863 5688 3107 5746 haberet.
3172 5696 3332 5754 atque
3393 5687 3535 5741 hunc

1981 5768 2150 5833 ipsum
2181 5773 2439 5836 pragterea
2462 5759 2602 5816 sem
2630 5761 2978 5823 assumpsisse
3008 5759 3256 5825 formam,
3286 5769 3390 5812 etc.
