4244 6428
750 409 860 473 283

1929 404 2323 467 'I‘HEODULI
2363 407 2710 466 MONACIII

3869 403 3980 466 284

747 527 951 591 potest,
999 521 1092 589 qui
1149 521 1384 574 debitam
1433 522 1676 586 proximo
1726 536 1823 573 suo
1886 520 2315 571 benevolentiam
2348 533 2423 585 Αι

2348 533 2387 585 Α
2422 519 2551 569 ιδεῖν
2580 522 2679 570 οὐκ
2706 517 2814 587 ἔχω
2834 531 2845 543 '
2887 518 2951 570 '0
2970 516 3075 586 γὰρ
3097 516 3188 569 τὸν
3206 516 3456 583 ἀδελφὸν,
3477 516 3663 585 φησὶν,
3696 517 3755 569 ὃν
3788 518 4002 587 ἑώρακε

750 627 856 665 non
893 614 1086 675 reddit,
1142 627 1317 681 neque
1367 612 1523 680 hujus
1574 629 1765 667 rursus
1812 629 1907 680 pro
1937 627 2002 665 eo
2053 627 2116 664 ac
2165 610 2321 663 debet

748 716 937 752 curam
978 702 1221 767 πωπω,
1259 706 1349 773 qui
1402 704 1545 755 circa
1601 702 1766 755 Deum
1818 702 2172 768 negligentior
2217 710 2321 752 est.

750 790 846 845 Est
894 794 1037 846 enim
1080 797 1224 860 justa
1279 796 1499 848 omnino
1553 809 1618 847 ac
1667 794 1995 847 conveniens
2047 792 2327 858 utriusque

752 883 995 935 habenda
1038 885 1198 947 ratio,
1229 897 1284 938 et
1316 895 1373 938 ut
1405 884 1495 937 ille
1545 883 1634 936 Dei
1668 897 1840 943 amor,
1895 882 1962 934 ita
2008 882 2123 933 haze
2162 879 2324 932 etiam

751 974 982 1041 proximi
1017 990 1145 1027 cura
1178 990 1389 1028 smnmo
1415 976 1596 1031 studio
1639 974 2047 1042 complectenda
2073 982 2177 1033 est,
2206 985 2326 1040 qum

749 1064 795 1117 si
857 1067 1161 1134 negligitur,
1216 1083 1324 1135 quo
1377 1083 1508 1123 sane
1560 1076 1717 1134 pacto
1766 1067 1913 1134 ptiur
1968 1066 2055 1119 ide
2104 1065 2325 1119 retineri

749 1170 932 1220 queat,
962 1160 1142 1212 videre
1170 1175 1272 1213 non
1307 1174 1519 1226 possum
1546 1176 1558 1213 :
1603 1157 1731 1211 Nam
1776 1161 1864 1225 qui
1902 1157 2120 1210 fratrem
2146 1171 2325 1220 suum,

2434 609 2510 677 μὴ
2546 608 2740 676 φιλῶν,
2792 608 2852 661 ἐν
2902 610 2999 677 οὐχ
3043 606 3256 679 ἑώρακε
3300 606 3460 670 Θεὸν,
3511 605 3632 669 πῶς
3685 607 4004 677 ἀγαπήσει;

2434 701 2664 752 Ἔπειτα
2714 701 2746 769 ή
2803 699 3093 767 θαυμαστὴ
3155 699 3249 751 καὶ
3275 698 3477 759 ἄτοπος
3513 696 3653 766 ὑπὲρ
3686 698 3786 763 τῆς
3819 701 4007 765 κοινῆς

2434 792 2713 861 σωτηρίας
2748 791 2824 852 ὡς
2875 790 3013 857 ἔφην
3050 790 3245 843 τούτου
3300 788 3507 858 σπουδὴ
3558 791 3655 841 καὶ
3690 790 3751 841 τὸ
3801 789 4007 841 διδὸναι

2438 885 2571 934 πᾶσι
2613 880 2815 950 μᾶλλον
2840 880 3073 933 ἐνταῦθα
3110 882 3169 934 τὺ
3194 879 3649 951 συγκεχωρηκὸς,

2432 968 2499 1042 ἧς
2532 973 2641 1025 οὐδ’
2681 974 2748 1026 ἂν
2797 966 2878 1035 εἷς
2914 966 3069 1040 οἶμαι
3292 974 3510 1024 πάντων
3563 970 3783 1023 κάλλιον
3852 969 4006 1038 εὖροι

2439 1068 2795 1136 γνησιότητος
2822 1066 3021 1136 δεῖγμα
3051 1065 3161 1119 οὐδ’
3192 1065 3277 1135 ἐφ’
3306 1059 3350 1133 ᾧ
3383 1064 3582 1134 μᾶλλον
3608 1064 3675 1116 ἂν
3704 1080 3786 1125 τις
3813 1061 4005 1131 ἡσθείη

2434 1158 2778 1226 φιλούμενος.

3782 878 3961 946 ἑαυτῷ
3988 893 4002 908 ⁸

750 1247 925 1314 inquit
962 1251 1028 1314 ",
1059 1264 1216 1318 quem
1276 1251 1440 1316 vidit,
1486 1266 1588 1304 non
1628 1250 1842 1320 diligit,
1903 1248 2068 1301 Deum
2136 1264 2293 1315 quem
2346 1262 2449 1303 non
2494 1250 2647 1313 vidit,
2680 1249 2948 1319 quomodo
3010 1248 3240 1319 diliget?
3276 1249 3421 1302 Idem
3492 1248 3685 1302 deinde
3716 1247 4010 1305 conﬁrmat

754 1344 1042 1398 miriﬁcum
1098 1346 1267 1399 nostri
1303 1354 1357 1398 et
1407 1360 1437 1399 a
1488 1346 1696 1399 ratione
1733 1344 1993 1407 alienum,
2057 1340 2360 1396 communis
2438 1343 2715 1396 hominum
2784 1342 2971 1397 salutis
3011 1380 3027 1405 ,
3095 1343 3236 1410 quod
3301 1340 3724 1395 memoravimus
3786 1339 4009 1394 deside-

754 1449 918 1488 1·ιιιηι.

822 1523 1002 1578 LXVI.
1061 1524 1123 1579 Et
1172 1526 1311 1593 quod
1364 1527 1415 1580 in
1466 1542 1528 1579 ea
1577 1526 1922 1595 adipiscenda
1974 1526 2092 1581 aliis
2157 1526 2331 1593 potius

752 1618 1004 1669 omnibus
1035 1634 1194 1684 quam
1236 1620 1335 1672 sibi
1378 1619 1610 1685 prioretn
1640 1620 1815 1672 Ineunt
1856 1620 2037 1683 dabat,
2073 1634 2179 1685 quo
2206 1631 2334 1686 pro-

752 1705 891 1763 feeto
947 1726 1103 1764 nemo
1157 1712 1415 1773 omnium,
1469 1723 1524 1763 ut
1578 1712 1829 1773 arbitror,
1877 1712 2173 1779 speciosius
2240 1711 2337 1765 ali—

2512 1523 2645 1589 εςν.
2679 1523 2740 1575 Ei
2767 1521 2874 1590 γὰρ
2904 1520 3106 1583 παντὸς
3139 1521 3237 1589 μὲν
3268 1518 3474 1586 ἀγαθοῦ
3506 1520 3803 1588 κεφάλαιον
3832 1519 3891 1571 τὸ
3922 1536 4011 1572 σε·

2446 1616 2653 1669 σῶσοαι
2678 1632 2691 1645 υ
2734 1615 2849 1677 πῶς
2883 1613 2991 1683 γὰρ
3012 1612 3109 1677 οῦς
3143 1613 3302 1665 τοῦτο
3332 1612 3386 1664 δὲ
3418 1612 3517 1665 οὐκ
3556 1610 3623 1664 ἂν
3656 1609 3834 1674 ἄλλως
3859 1629 4007 1680 παρ-

2446 1711 2551 1779 είη,
2589 1709 2662 1778 μὴ
2689 1707 3077 1778 συναιρομᾶνού
3109 1705 3266 1771 Θεοῦ,
3299 1707 3403 1758 κᾶν
3426 1707 3607 1759 πᾶσαν
3627 1698 3775 1774 ὦμεν
3803 1704 4011 1775 ἀρετὴν

753 1803 895 1867 quod
923 1818 1192 1867 germanae
1233 1804 1510 1857 charitatis
1541 1805 1810 1871 specimen
1856 1804 2097 1871 proferre
2147 1814 2331 1871 queat,
2368 1848 2408 1903 Β

2368 1848 2408 1903 Β
2444 1802 2780 1868 ἠσκηκότεε,
2838 1801 2944 1853 κᾶν
2985 1801 3265 1869 ποταμοὺς
3324 1799 3567 1867 ἱδρώτων
3608 1797 3704 1850 καὶ
3753 1796 4008 1864 δακρύων

755 1902 809 1946 et
874 1909 981 1962 quo
1044 1896 1215 1963 magis
1280 1897 1329 1947 in
1402 1897 1519 1949 sinu
1600 1898 1827 1965 gaudeat
1898 1896 1991 1964 qui
2072 1896 2342 1964 diligitur:

756 1986 965 2054 Quippe
1028 1987 1073 2040 si
1144 1986 1282 2054 boni;
1342 1988 1520 2041 omnis
1597 2003 1805 2041 summa
1879 1999 2094 2040 aeterna:
2147 1988 2336 2043 salutis

753 2080 972 2145 adeptio
1031 2090 1133 2145 est,
1200 2087 1256 2132 ut
1307 2081 1426 2134 sine
1479 2080 1584 2134 ulla
1637 2081 2006 2133 controversia
2058 2094 2190 2134 sane
2224 2088 2329 2145 est,

755 2172 901 2224 salus
954 2182 1129 2225 autem
1208 2173 1366 2225 aliter
1423 2188 1581 2243 quam
1637 2173 1744 2227 Deo
1800 2173 2045 2241 adiutore
2099 2171 2329 2226 obtineri

756 2265 987 2332 nt-quit,
1052 2266 1401 2333 quantumvis
1463 2281 1653 2320 omnes
1726 2267 1913 2319 sedqu
1978 2280 2330 2321 exerceamus

757 2354 985 2416 virtutes
1013 2398 1026 2421 ,
1063 2359 1410 2423 quantumvis
1449 2356 1665 2411 ﬂumina
1712 2358 1824 2425 ipsa
1854 2357 2113 2411 sudorum
2146 2357 2327 2427 Iacry-

762 2464 1091 2518 tuarumque
1130 2448 1542 2517 profundamus,
1589 2452 1676 2519 qui
1714 2452 1877 2504 Deum
1929 2451 2179 2517 precibus
2219 2450 2331 2504 suis

763 2541 883 2592 aliis
920 2542 1093 2606 magis
1141 2557 1298 2609 quam
1336 2544 1437 2597 sibi
1495 2543 1842 2611 propitiabat,
1876 2558 1981 2609 quo
2024 2550 2182 2609 pacto
2223 2557 2330 2596 non

764 2644 982 2681 omnem
1019 2630 1109 2683 ille
1144 2631 1534 2687 benevolentia:
1582 2633 1858 2700 egreditur
1906 2634 2145 2693 modum,
2174 2642 2225 2685 et
2264 2633 2333 2686 ob

767 2721 908 2774 hanc
957 2737 1110 2774 suam
1161 2723 1591 2778 obsecrationem
1655 2725 1706 2778 in
1770 2725 2001 2776 maxima
2061 2723 2331 2777 hominem

759 2810 1115 2864 admiratione
1152 2812 1372 2876 habere,
1411 2813 1596 2881 illique
1626 2813 1989 2881 congratulari
2023 2814 2281 2866 debemus
2312 2812 2334 2865 ?

762 2900 931 2954 Porro
976 2904 1017 2956 si
1071 2904 1221 2958 hisce
1275 2906 1529 2975 adjicias,‘
1581 2906 1722 2975 quod
1785 2920 1849 2959 eo
1908 2921 2031 2974 erga
2076 2904 2326 2958 inimiros

765 3008 896 3047 suos
944 2995 1125 3050 animo
1173 3006 1340 3059 esset,
1373 3006 1431 3051 ut
1479 2998 1599 3052 illos
1639 3013 1741 3052 nou
1792 3001 1950 3051 modo
1994 3013 2100 3051 non
2154 2997 2333 3050 minus

759 3087 826 3139 th
850 3101 957 3137 στος
978 3102 1135 3155 quam
1165 3103 1319 3141 suum
1349 3089 1462 3157 ipse
1487 3100 1649 3158 caput
1671 3090 1963 3159 vitamque,
1983 3089 2125 3158 quod
2156 3088 2325 3152 aiunt,

2438 1898 2737 1966 ὲκχέωμεν,
2763 1898 2790 1948 δ
2820 1896 3013 1948 τοῦτον
3042 1895 3156 1958 τοῖς
3188 1894 3371 1956 ἄλλοις
3406 1893 3607 1963 μᾶλλον
3650 1893 3680 1962 ἦ
3725 1892 3905 1953 ἑαυατῴ
3939 1891 4010 1942 δι’

2435 1983 2510 2041 ὧν
2543 1990 2714 2043 δεῖται
2744 1978 2915 2048 τίθεὶς
2952 1987 3180 2057 εὐμενῆ,
3228 1987 3346 2049 πῶς
3399 1987 3461 2039 οὐ
3517 1987 3724 2048 πάντας
3772 1987 4009 2053 τρόπους

2437 2083 2652 2145 εὐνοίας
2678 2082 2862 2135 οὐτοσὶ
2918 2080 3269 2151 παρελαύνει.
3312 2079 3420 2132 Καὶ
3451 2079 3534 2131 δεῖ
3561 2079 3749 2130 τοῦτον
3795 2078 4013 2144 θαυμά-

2436 2172 2552 2237 ζειν
2579 2189 2638 2223 τε
2680 2172 2775 2224 καὶ
2816 2171 3131 2241 ξυγχαίρειν
3184 2171 3417 2238 ταυτησὶ
3465 2169 3565 2237 τῆς
3619 2161 4004 2237 προκλήσεως·

2437 2266 2572 2319 εἰδὲ
2610 2266 2703 2318 καὶ
2753 2265 2822 2317 τὰ
2869 2266 3000 2333 περὶ
3029 2265 3157 2327 τοὺς
3196 2263 3421 2333 ἐχθροὺς
3463 2260 3623 2313 αὐτὸν
3651 2261 3854 2313 οὑτωσὶ
3884 2261 4005 2312 6.0.-

2437 2357 2651 2411 κείσθαι
2682 2356 2995 2426 προσδείης.
3040 2356 3115 2409 ὼς
3165 2356 3255 2408 καὶ
3294 2353 3397 2421 τῆς
3446 2350 3613 2405 αὐτοῦ
3644 2350 3889 2420 κειραλῆς
3932 2352 4009 2413 ὡς

2436 2450 2613 2501 εἰπεῖν
2642 2448 2793 2501 οὐδὲν
2834 2446 3033 2507 αὐτοὺς
3066 2445 3287 2497 ἔλαττον
3322 2446 3501 2510 ἄγειν,
3541 2443 3678 2495 ἀλλὰ
3710 2444 3802 2494 καὶ
3832 2443 4010 2510 φιλεῖν

2435 2542 2527 2594 καὶ
2561 2542 2808 2606 στέργειν
2833 2580 2847 2603 ,
2901 2540 2995 2592 καὶ
3027 2539 3239 2599 τούτοις
3268 2538 3334 2590 τὰ
3369 2537 3564 2605 βελτίω
3603 2536 3961 2604 συνεύχεσθαι
3989 2579 4004 2599 ,

2436 2635 2528 2686 καὶ
2558 2633 2693 2697 ὅλως
2722 2634 2800 2695 εἰς
2847 2630 3274 2701 εὐεργετοῦντας
3315 2631 3521 2683 τιθέναι
3544 2648 3556 2661 ι
3592 2630 3747 2681 τοῦτο
3798 2631 3892 2697 μὲν
3923 2625 4004 2688 οἴ;

2436 2723 2585 2792 αὐτῷ
2637 2725 2899 2792 μεγίστης
2947 2724 3262 2790 otioso-{iu
3320 2722 3453 2787 ὓλην
3501 2722 3801 2789 παρείχον,
3844 2718 4010 2771 τοῦτο

2437 2815 2494 2867 δὲ
2528 2809 2608 2877 οἷς
2640 2815 3031 2884 εὐμενέστερον
3059 2815 3203 2883 αὐτῷ
3231 2815 3323 2867 καὶ
3355 2814 3554 2883 μᾶλλον
3584 2813 3742 2866 ἵλεων
3763 2812 3820 2864 τὸ
3845 2811 4008 2864 Θείον

2438 2908 2688 2960 ἐποίουνο
2727 2908 2808 2960 ὅτι
2850 2925 2953 2976 περ
2986 2903 3059 2960 ὧν
3102 2907 3338 2976 ἔδρασαν
3372 2906 3680 2974 ὀφείλοντες
3719 2905 3900 2973 δίκην,
3954 2908 4005 2957 οἱ

2439 2998 2517 3063 δὲ,
2562 2999 2832 3068 τοσαύτης
2869 2999 3168 3067 ἐτύγχανον
3218 2998 3349 3064 παρ’
3395 2996 3561 3049 αὐτοῦ
3616 2998 3713 3065 τῆς
3747 2996 4007 3058 εὐνοίας*

2442 3088 2537 3140 ἐὰν
2568 3088 2748 3140 τοίνυν
2789 3088 3059 3141 καὶτοῦτο
3095 3089 3359 3157 προσθῇς,
3398 3087 3539 3139 ἔστω
3574 3088 3666 3140 καὶ
3706 3085 3861 3139 τοῦτο
3889 3087 4010 3150 τρί-

764 3177 1028 3241 haberet,
1093 3181 1185 3232 sed
1242 3180 1490 3249 diligeret
1540 3180 1670 3234 item
1736 3191 2088 3251 amaretque,
2143 3190 2198 3233 et
2245 3181 2440 3247 elSC‘l

2354 3189 2395 3247 α
2426 3195 2548 3243 τον,
2578 3177 2728 3231 οὐδέν
2749 3195 2810 3245 γε
2835 3179 3157 3247 ἀτιμότερον
3183 3176 3407 3230 ἐκείνων
3436 3176 3508 3238 ὣς
3548 3193 3609 3243 γε
3638 3174 3748 3242 ἐγὼ
3777 3175 4006 3243 νοςςίζίι),

760 3264 934 3319 fatista
958 3268 1135 3322 omnia
1164 3279 1399 3339 optaret,
1425 3270 1534 3326 imo
1571 3272 1625 3324 in
1658 3272 1792 3325 bene
1819 3271 1886 3326 de
1915 3286 1976 3325 se
2004 3270 2321 3326 meritorum

762 3374 985 3414 numero
1024 3361 1181 3429 plane
1216 3372 1517 3431 reponeret,
1551 3366 1758 3420 scilicet
1788 3368 1985 3435 partim
2024 3366 2143 3419 ideo
2176 3366 2319 3434 quod
2356 3365 2579 3420 maximi
2630 3380 2694 3418 ac
2749 3362 3045 3417 diﬂieillimi
3127 3364 3179 3417 in
3252 3360 3560 3416 Christiana

2432 3267 2569 3322 ἀλλὰ
2601 3269 2696 3322 καὶ
2729 3267 2873 3337 μάλα
2911 3268 3203 3337 ξυμὸαἰνον
3223 3303 3238 3318 .

3659 3361 3996 3430 philosrphia

761 3451 941 3517 Operis
985 3456 1266 3508 materiem
1319 3454 1418 3524 ipsi
1442 3456 1811 3525 praebuissent,
1855 3459 2049 3527 partim
2084 3458 2224 3527 quod
2265 3474 2325 3512 ea
2369 3473 2427 3512 re
2473 3458 2643 3527 magis
2688 3457 2761 3510 illi
2807 3457 3092 3525 pr0pitium
3144 3470 3207 3510 ac
3246 3456 3535 3525 benignum
3583 3454 3745 3508 Deum
3782 3452 3999 3508 en'ecis-

766 3551 908 3607 scul,
957 3546 1386 3613 quandoquidem
1464 3549 1553 3615 qui
1597 3550 1863 3603 scelerum
1915 3564 2136 3605 suorum
2222 3546 2662 3618 ﬂagitiorumque
2742 3546 3076 3617 gravissimis
3138 3555 3450 3600 tenerentur
3523 3547 3716 3613 pinnis,

3794 3555 4006 3599 tantum

768 3638 912 3692 illius
958 3647 1136 3693 tamen
1224 3640 1642 3706 experiebantur
1699 3643 1972 3698 leuitatem
2030 3660 2094 3698 ac
2141 3644 2599 3706 benevolentiam,
2634 3645 2775 3713 quod
2810 3644 2982 3713 ipsum
3029 3643 3072 3695 si
3121 3644 3492 3711 superioribus
3572 3644 3832 3713 exemplis
3902 3647 4007 3698 ad-

763 3732 978 3802 iunges,
1017 3734 1232 3787 tertium
1275 3734 1559 3790 charitatis
1589 3737 1969 3791 documentum
2000 3739 2127 3804 erit,
2159 3738 2329 3794 nihilo
2372 3738 2503 3793 illud
2535 3737 2768 3802 caeteris,
2817 3751 2929 3790 utea
2966 3738 3253 3801 sententia,
3302 3736 3548 3803 inferius,
3618 3738 3724 3792 imo
3788 3754 4009 3809 germa-

763 3839 888 3875 num
930 3825 1162 3893 undique
1188 3834 1241 3878 et
1269 3825 1624 3883 simillimum.

834 3911 1036 3967 LXVII.
1066 3912 1170 3970 Sed
1211 3928 1261 3967 et
1292 3917 1697 3972 beneficentiam
1740 3920 2000 3976 adversus
2039 3935 2325 3991 pauperes.

762 4005 922 4070 cujus
940 4005 1085 4057 velut
1102 4007 1351 4061 columna
1373 4008 1565 4061 cadum
1587 4006 1873 4063 altitudine
1892 4025 2136 4080 aequans,
2158 4012 2329 4065 nostri

771 4109 790 4142 ι
825 4094 889 4145 de
920 4092 1163 4146 ornandis
1189 4097 1511 4165 pauperibus
1542 4116 1557 4148 ι
1594 4109 1769 4152 exstat
1794 4100 1989 4163 oratio,
2037 4101 2334 4170 eademque

766 4182 1049 4236 charitatis
1079 4200 1203 4254 erga
1241 4185 1559 4253 indigentes,
1595 4189 1830 4243 maxime
1878 4190 2063 4243 marho
2106 4204 2327 4258 oppreso

768 4290 881 4341 sos,
926 4278 1170 4344 qua‘dum
1233 4280 1383 4346 quasi
1440 4278 1763 4347 Iegislutorta
1816 4282 2022 4335 sanctio
2049 4322 2063 4346 ,
2104 4281 2154 4335 id
2197 4283 2330 4335 satis

765 4370 1099 4438 comprobat,
1152 4370 1293 4439 quod
1349 4370 1483 4422 nihil
1542 4370 1759 4425 omnino
1810 4388 2065 4441 unquam,
2123 4373 2323 4427 nullum

765 4462 881 4513 auri
928 4463 1245 4529 argentique
1296 4463 1614 4529 scriptulum
1651 4463 1722 4517 illi
1775 4463 1959 4528 fuerit,
2010 4464 2167 4517 nulla:
2200 4466 2323 4518 item

765 4564 990 4618 prorsus
1024 4566 1108 4603 res
1135 4552 1613 4620 possessionesque
1660 4552 1805 4616 alia»,
1845 4569 2027 4607 verum
2062 4554 2324 4623 quidquid

2505 3918 2621 3970 ΞΖ’.
2674 3915 2784 3984 Τὴν
2815 3916 2869 3967 δὲ
2923 3915 3055 3983 πρὸς
3105 3916 3230 3975 τοὺς
3283 3916 3523 3985 πένητας
3556 3916 3825 3979 εὐποιίαν,
3864 3914 3935 3988 ἧς
3978 3921 4007 3971 ὁ

2435 4011 2566 4079 περὶ
2597 4008 2962 4077 φιλοπτωχίας
2993 4008 3146 4074 λόγος
3170 4008 3555 4078 οὐρανομήκης
3580 4009 3779 4077 ἔστηκε
3805 4012 4002 4080 στήλη,

2437 4102 2534 4156 καὶ
2567 4096 2678 4152 οἷον
2703 4117 2787 4163 τις
2827 4098 3118 4168 νομοθεσία
3146 4098 3240 4151 τοῦ
3288 4099 3423 4168 πρὸς
3458 4102 3584 4162 τοὺς
3617 4100 3814 4164 ἐνδεεῖς
3844 4103 4011 4170 εὐμε-

2439 4193 2587 4258 νοῦς,
2641 4193 2733 4245 καὶ
2775 4192 3013 4261 μάλιστα
3045 4191 3173 4253 τούς
3210 4191 3351 4259 νόσῳ
3402 4191 3781 4260 πιεζομένους,
3838 4195 3896 4244 τό
3946 4211 4009 4245 τε

2444 4286 2610 4355 μηδὲν
2640 4284 2859 4336 πώποτε
2900 4284 3029 4351 μήτ’
3066 4280 3309 4351 ἄργυρον
3358 4283 3495 4350 μήτε
3541 4282 3740 4349 χρυσὶν
3778 4285 4009 4351 ἐσχηκέ-

2440 4392 2550 4438 ναι,
2613 4374 2738 4442 μήτ⁹
2798 4372 2969 4440 ἄλλην
3016 4373 3266 4440 ἡντινοῦν
3314 4373 3639 4440 τοπαράπαν
3699 4375 4007 4441 κτήσαςῡαι

2433 4467 2648 4533 κτῆσιν,
2691 4465 2827 4518 ἀλλὰ
2857 4466 2965 4517 τῶν
2998 4465 3101 4532 μὲν
3151 4466 3410 4533 ἐκστῆναι
3474 4466 3585 4525 τοῖς
3635 4464 4004 4533 βουλομένοις,

2433 4558 2501 4609 τὰ
2528 4558 2581 4609 δὲ
2618 4558 2881 4625 προέσθαι
2930 4560 3039 4617 τοῖς
3067 4555 3297 4623 πένησι·
3334 4554 3470 4620 πλὴν
3500 4548 3574 4607 ὧν
3609 4555 4003 4623 περιεεέελτμο

768 4644 1103 4706 obvenisset,
1136 4642 1186 4694 id
1219 4642 1411 4709 partim
1442 4643 1583 4696 ultro
1609 4643 1660 4696 in
1695 4643 1988 4697 I'ortunulas
2024 4660 2152 4699 suas
2184 4646 2328 4698 invo-
2356 4614 2444 4683 Ῑί

2325 4614 2409 4683 ιι
2434 4649 2688 4717 τριχίνων
2716 4649 2943 4717 ῥακίων,
2978 4649 3071 4700 καὶ
3111 4646 3319 4698 τούτων
3358 4646 3614 4700 εὐτελῶν.
3654 4649 3745 4698 καὶ
3781 4646 4001 4712 φιλοσο-

764 4734 1004 4788 l.mtibus
1062 4732 1330 4797 cesserit,
1386 4734 1582 4802 partim
1644 4735 1695 4787 in
1749 4750 1949 4803 egenos
2007 4727 2325 4805 profuderit.

769 4824 999 4892 receptis
1036 4823 1140 4878 sibi
1186 4826 1344 4879 modo
1392 4827 1743 4895 retentisque,
1774 4826 1930 4880 nirtis
1975 4827 2326 4896 quibusdam,

766 4916 922 4984 queis
947 4919 1251 4984 regebatur,
1283 4917 1639 4981 centunculis,
1684 4928 1739 4971 et
1770 4919 1852 4972 his
1872 4933 2001 4974 sane
2029 4919 2326 4983 vilissimis,

768 5009 1000 5078 vitaeque
1050 5007 1309 5078 religiosa:
1362 5010 1597 5076 apprime
1646 5011 2091 5078 congruentibus,
2120 5024 2327 5078 paucu-

772 5105 942 5170 lisuue
975 5103 1177 5170 aliquot
1216 5101 1389 5155 libris.
1428 5099 1544 5156 Huc
1587 5103 1850 5156 accedunt
1892 5110 1946 5155 et
1989 5102 2219 5170 jejuuia,
2272 5112 2329 5155 et

770 5194 1257 5261 humicubationes,
1299 5204 1355 5249 et
1388 5203 1663 5249 nocturna:
1708 5194 1968 5262 pertinaci
2015 5204 2158 5248 statu
2208 5208 2330 5262 per-

2436 4740 2532 4808 φίξι
2561 4739 2898 4807 πρεπόντων,
2942 4740 3034 4790 καὶ
3061 4735 3283 4804 βισλίων
3303 4736 3522 4801 ὀλίγων,
3563 4736 3643 4786 ἔτι
3667 4750 3722 4786 τε
3748 4736 4003 4803 νηστείας

2434 4832 2532 4882 καὶ
2566 4830 2893 4899 χαμευνίας,
2948 4830 3043 4882 καὶ
3076 4830 3294 4890 στάσεις
3328 4827 3657 4895 παννύχους,
3689 4831 3781 4878 καὶ
3816 4828 4005 4878 συντό-

2434 4936 2558 4981 νους
2601 4919 2835 4985 δεήσεις,
2897 4919 2989 4971 καὶ
3046 4919 3383 4984 στεναγμοὺς
3468 4916 3562 4968 καὶ
3612 4916 3847 4984 δάκρυα,
3903 4920 4004 4969 καὶ

2437 5011 2690 5080 ἱδρῶτας,
2718 5010 2813 5062 καὶ
2840 5010 2976 5071 ὅλως
3006 5004 3087 5071 οἷς
3114 5010 3141 5061 δ
3171 5008 3312 5061 κατὰ
3334 5009 3469 5060 Θεὸν
3503 5007 4006 5076 χαρακτηρίςεσθαι

2431 5105 2673 5170 πέφυκεν
2702 5102 2986 5171 ἄνθρωπος
3005 5117 3019 5131 σ
3044 5094 3120 5155 ὧν
3145 5092 3301 5161 οὗτος
3332 5098 3693 5169 παράδειγμα
3717 5101 3807 5151 καὶ
3833 5099 4005 5161 τύπος

2434 5197 2547 5257 τοῖς
2577 5195 2757 5257 ἄλλοις
2798 5189 2887 5262 ἦν.

770 5287 1136 5354 vigilationes.
1194 5297 1247 5339 et
1309 5286 1539 5341 assidua:
1588 5288 1949 5356 ardentesque
2010 5303 2220 5355 preces,
2301 5296 2355 5341 et
2394 5290 2645 5355 gemitus,
2694 5296 2749 5340 et
2802 5287 3086 5354 Iacrymae,
3146 5295 3201 5339 et
3254 5285 3501 5349 sudores,
3550 5293 3604 5337 et
3692 5282 4003 5335 summatim

769 5380 1025 5449 quidquid
1060 5380 1295 5449 religiosi
1332 5381 1617 5451 sanctique
1657 5379 1893 5435 hominis
1921 5382 2289 5436 characterem
2325 5380 2456 5436 facit
2492 5396 2555 5435 ac
2608 5381 2858 5443 absolvit,
2932 5381 3089 5449 cujus
3156 5390 3344 5433 noster
3392 5378 3511 5431 aliis
3582 5378 3855 5446 exeuoplur
3943 5392 4005 5433 ac

767 5483 927 5542 typus
960 5471 1116 5540 plane
1139 5483 1278 5527 erat.

840 5560 1070 5617 LXVIII.
1119 5562 1227 5630 Ego
1282 5579 1407 5619 vero
1460 5567 1564 5629 his,
1622 5574 1679 5620 ut
1727 5582 1845 5636 qute
1889 5582 2077 5621 omnes
2125 5567 2330 5633 pridem

773 5654 1205 5721 compertiSsima
1258 5656 1477 5723 habent,
1527 5659 1812 5728 sepositis.
1873 5659 1937 5713 ad
1992 5673 2242 5728 maguum
2280 5668 2334 5713 et

847 5836 889 5866 “
925 5833 941 5887 I
973 5833 1127 5889 Jonn.
1170 5848 1220 5887 tv
1276 5835 1364 5888 ΞΟ.

2511 5567 2637 5621 EH'.
2670 5564 2856 5617 Ταῦτα
2889 5565 2987 5634 μὲν
3015 5562 3108 5616 οῦν
3140 5563 3215 5625 ὡς
3242 5562 3441 5632 ἔκδηλα
3476 5563 3589 5625 τοῖς
3626 5561 3797 5614 ἅπασι
3826 5576 4008 5626 παρει-

2438 5660 2600 5712 λίπω.
2667 5654 2808 5724 Ἐγὼ
2846 5655 2891 5710 δ’
2930 5656 3021 5710 ἐπὶ
3047 5654 3108 5708 τὸ
3152 5654 3299 5723 μέγα
3349 5655 3441 5706 καὶ
3482 5654 3680 5721 σεμνὸν
3716 5653 3813 5721 τῆς
3860 5669 4005 5722 παρ-
