4244 6428
197 399 306 467 289
1079 410 1469 471 LAUDATIO
1506 411 1562 470 S.
1611 408 1998 483 GREGORII
2031 413 2444 475 THEOLOGI.
3338 425 3446 491 290

198 523 671 588 commovebatur,
698 535 751 579 et
781 525 918 579 bauc
976 531 1256 582 sententiae
1287 529 1771 584 commutationem
1813 530 2134 598 permoleste
2171 530 2393 592 ferebat,
2429 539 2481 583 et
2506 529 2676 584 vicem
2735 530 2880 587 illius
2920 531 3070 602 juxta
3141 547 3261 590 cum
3331 537 3448 604 ipso

197 611 458 678 dolebat;
515 631 580 670 eo
633 617 892 670 nimirum
924 619 1097 686 ipsum
1151 621 1251 675 hac
1288 623 1338 674 in
1370 637 1427 675 re
1457 632 1768 691 provectum
1812 620 2000 687 fuisse,
2053 631 2110 675 ut
2186 639 2289 676 non
2349 623 2506 676 modo
2570 624 2826 678 eximiam
2885 625 2938 679 in
2983 627 3260 694 praeclaris
3291 631 3450 685 rebus

197 705 458 760 omnibus
491 720 698 762 natura:
730 726 839 763 sua:
886 712 1239 777 nobilitatem,
1277 725 1330 769 et
1361 715 1544 770 felices
1619 718 1666 768 in
1734 717 1929 769 virtute
1983 731 2322 786 prOgressus,
2376 732 2561 770 verum
2615 720 2777 771 etiam

199 797 262 848 de
310 798 432 861 ipso
467 801 918 856 existimationem
957 808 1270 860 retunderet
1314 823 1376 860 ac
1423 808 1760 862 obscuraret.

267 887 395 943 01".
440 891 615 959 ὐρῶν
639 895 694 946 δὲ
721 895 888 946 αὐτὸν
918 899 1028 958 τοῖς
1057 901 1154 965 τῆς
1189 903 1554 969 μεταμελείας
1582 903 1767 970 βαλλόο
1807 916 1850 970 Α

201 998 369 1047 μενον
401 983 650 1052 κέντροις
699 988 795 1038 καὶ
841 989 959 1040 ὅλον
991 993 1255 1056 γεγονότα
1304 993 1401 1060 τῆς
1457 993 1635 1061 λύπης
1679 995 1772 1045 καὶ

199 1074 433 1140 προσέτι
457 1075 553 1142 τὴν
586 1077 801 1146 ἀπάτην
833 1080 1060 1147 νομίσας
1093 1082 1182 1149 ὑφ’
1211 1083 1512 1151 ἁπλότητος
1547 1086 1775 1152 γεγενῆ-

200 1165 348 1227 σθαι,
386 1167 576 1235 ἐπειδὴ
611 1169 671 1219 τὸ
699 1171 986 1238 γενόμενον
1017 1175 1116 1224 οὐκ
1145 1175 1208 1225 ἄν
1251 1177 1367 1226 ποτ’
1399 1175 1484 1242 εἴη
1514 1175 1587 1244 μὴ
1619 1193 1774 1242 γεγοο

198 1255 309 1314 νος,
345 1257 725 1324 ἀναλαμϐάνει
764 1275 823 1310 τε
857 1260 1045 1313 τοῦτον
1085 1263 1245 1324 εὐθὺς
1292 1265 1618 1334 σπλάγχνοις
1647 1282 1776 1333 χρη-

200 1347 491 1412 στότητος,
544 1353 637 1399 καὶ
674 1352 1098 1419 παραμυθεῖται,
1154 1356 1245 1406 καὶ
1295 1356 1392 1424 τῆς
1437 1358 1534 1426 μὲν
1568 1358 1775 1425 πλάνης

196 1435 444 1499 ἀπάγει,
489 1438 624 1504 πρὸς
655 1438 710 1490 δὲ
743 1439 841 1509 τὴν
872 1441 1134 1508 ἀλήθειαν
1169 1444 1473 1510 ἐπανάγει,
1510 1445 1604 1496 καὶ
1640 1446 1775 1512 μᾶλ-

197 1526 285 1575 ὶον
314 1525 346 1592 ἦ
379 1527 620 1593 πρόσθεν
647 1530 827 1583 δίδωσι
865 1535 927 1597 τῇ
961 1533 1174 1601 Τριάδι’
1208 1535 1540 1604 νουθετήσας
1574 1535 1774 1596 ίκανῶς

197 1621 290 1670 καὶ
317 1619 544 1682 διδάξας
601 1622 745 1683 ὅπως
767 1623 845 1674 δεῖ
872 1624 1074 1689 ταύτης
1094 1627 1332 1694 γνησίως
1354 1628 1774 1688 ἀντιποιεῖσθαι,

196 1711 287 1758 καὶ
315 1707 438 1771 τοῖς
470 1716 755 1779 πατρικοῖς
783 1717 928 1783 ὅροις
959 1718 1236 1784 ἐμμένειν,
1273 1720 1366 1771 καὶ
1394 1720 1560 1787 μηδὲν
1585 1736 1776 1787 περαι-

195 1802 343 1866 τέρω
377 1805 646 1869 πρεάγειν
668 1821 681 1832 ·
718 1805 810 1863 οὓς
845 1808 939 1859 καὶ
969 1809 1176 1869 πάντας
1204 1811 1304 1878 μὲν
1330 1812 1453 1873 τοὺς
1494 1811 1588 1878 τῆς
1615 1812 1774 1862 εὐσε-

195 1891 345 1950 6ῑίας
394 1897 716 1961 τροιέὶμους,
753 1899 930 1965 πολλῷ
965 1901 1018 1951 δὲ
1059 1902 1216 1952 πλέον
1251 1904 1374 1962 τοὺς
1395 1903 1504 1953 τῶν
1550 1903 1777 1972 Ἐκκλη-

199 1983 326 2030 τιὼν
391 1985 846 2049 προσαιτοῦντας,
902 1993 994 2043 καὶ
1064 1992 1374 2058 ποιμαίνειν
1441 1991 1777 2059 ἠξιωμένους

197 2070 536 2124 ἐπίστασθαι
563 2075 690 2142 χρὴ,
713 2076 952 2139 καὶτοὺς
977 2079 1166 2141 ἄλλους
1197 2081 1468 2134 διδάσκειν
1493 2081 1773 2147 δύνασθαι,

196 2161 315 2209 iam
350 2163 554 2213 ἐκεῖνοι
588 2165 684 2231 μὲν
711 2166 850 2233 ὑπὲρ
893 2173 1042 2235 σφῶν
1086 2171 1288 2235 αὐτῶν,
1340 2165 1486 2224 οὗτοι
1515 2173 1592 2235 δὲ,
1638 2173 1777 2242 ὑπὲρ

2865 722 3146 789 egregiam
3208 723 3448 775 omnium

1951 899 2185 955 LXXIII.
2239 899 2334 952 Ubi
2371 900 2698 965 ptenitentia:
2749 910 2930 953 autem
2965 901 3204 955 stimulis
3238 912 3446 968 patrem

1882 994 2128 1054 fodicari,
2176 993 2514 1059 tristitiaeque
2565 1009 2622 1045 se
2681 1000 2850 1046 totum
2905 995 3032 1046 dare
3087 995 3443 1063 intelligebat,

1878 1096 2026 1136 ratus
2058 1084 2218 1137 simul
2275 1099 2419 1136 mera
2458 1085 2625 1136 animi
2671 1084 3020 1151 simplicitate
3063 1086 3115 1136 iu
3146 1085 3284 1136 hanc
3316 1086 3449 1136 inci-

1878 1176 2018 1228 disse
2075 1174 2343 1236 fraudem,
2403 1175 2619 1241 quando
2651 1175 2792 1243 quod
2845 1175 3010 1228 semel
3061 1175 3260 1229 factum
3309 1187 3446 1239 erat,

1875 1268 2130 1321 infectum
2171 1267 2283 1319 ﬁeri
2325 1267 2599 1333 nequibat,
2621 1267 2923 1320 visceribus
2959 1268 3245 1320 charilatis
3272 1270 3444 1334 ipsum

1877 1377 1905 1414 c
1942 1359 2164 1428 vestigio
2188 1360 2432 1427 suscipit,
2469 1369 2520 1412 et
2547 1363 2878 1420 consolatur,
2908 1370 2959 1414 et
2987 1361 3056 1414 ab
3075 1375 3260 1414 errore
3286 1377 3446 1414 aver-

1876 1467 1994 1504 som
2033 1453 2098 1504 ad
2127 1453 2405 1503 veritatem
2454 1431 2683 1512 reducit,
2743 1450 3021 1517 magisque
3071 1451 3232 1502 etiam
3282 1466 3444 1513 quam

1878 1552 2032 1595 antea
2057 1543 2414 1595 sanctissimae
2445 1541 2703 1594 Trinitati
2741 1542 2922 1602 tradit,
2955 1541 3109 1608 plene
3156 1542 3332 1606 ipsum
3369 1544 3448 1590 vi;

1876 1632 2071 1684 delicet
2100 1630 2476 1697 cumulateque
2508 1630 3024 1693 comntonelaciens,
3057 1641 3111 1682 et
3147 1631 3444 1688 instruens,

1876 1739 1982 1791 quo
2010 1723 2234 1774 omnino
2270 1732 2426 1790 pacto
2455 1722 2743 1786 genuinum
2773 1722 2821 1773 in
2856 1724 3074 1774 modum
3103 1721 3443 1788 amplecten-

1878 1815 1943 1867 da
1989 1812 2230 1866 Trinitas
2274 1813 2378 1877 sit;
2437 1812 2869 1879 manendumque
2903 1813 3044 1865 intra
3081 1811 3298 1864 Patrum
3335 1822 3446 1864 ter-

1877 1908 2054 1960 minos
2079 1921 2221 1969 esse,
2261 1921 2359 1957 nec
2393 1907 2474 1957 vel
2502 1905 2764 1956 tantulum
2797 1905 3025 1957 ulterius
3052 1905 3238 1972 pedem
3261 1903 3443 1971 profe-

1877 1999 2125 2053 rendum.
2160 1997 2306 2062 Quos
2341 1999 2585 2066 cognitos
2623 1999 2824 2049 habere
2880 1996 3034 2057 lines,
3073 2010 3261 2048 omnes
3288 1994 3445 2064 equi-

1877 2090 1994 2144 dem
2031 2089 2247 2156 pietatis
2303 2089 2551 2140 alumnos
2583 2095 2815 2155 oportet,
2853 2087 2945 2140 sed
2981 2085 3212 2138 maxime
3241 2093 3444 2145 tamen,

1878 2179 1969 2245 qui
2020 2177 2288 2230 antistites
2317 2174 2708 2235 Ecclesiarum,
2736 2189 2799 2226 ac
2839 2185 3083 2240 pastores
3113 2187 3213 2226 suo
3251 2170 3447 2224 merito

195 2269 253 2302 τε
291 2254 533 2317 ἑαυτῶν,
573 2259 668 2310 καὶ
696 2251 771 2308 ὧν
794 2275 855 2324 γε
883 2261 1238 2326 προΐστανται
1268 2262 1482 2325 πάντως
1515 2262 1769 2328 ὑφέξουσι
1806 2284 1843 2334 Β

1768 2305 1769 2311 η
1806 2284 1843 2334 Β
1876 2267 2153 2322 constituti
2198 2279 2345 2327 sunt,
2373 2277 2424 2318 et
2451 2268 2672 2319 eosdem
2703 2266 2866 2318 etiam
2894 2265 3032 2316 alios
3053 2278 3206 2329 posse
3228 2264 3444 2321 docere.

197 2343 385 2410 λόγον’
425 2345 544 2398 οὐδὲ
579 2349 686 2417 γὰρ
720 2347 857 2400 εἶναι
900 2353 1007 2402 τῶν
1043 2355 1288 2417 εἰκότων,
1329 2355 1426 2406 οὐκ
1466 2353 1630 2419 εἶναι,
1659 2359 1758 2422 τὴν

197 2434 229 2485 ἃ.
263 2436 372 2503 χρὴ
403 2441 623 2504 φρονεῖν
670 2443 763 2492 καὶ
802 2444 1064 2510 πράττειν
1095 2447 1220 2507 τοὺς
1252 2445 1450 2507 ἀλλους
1490 2448 1766 2500 διδάσκειν

200 2526 394 2592 ἔχοντα
429 2527 606 2591 τάξιν,
643 2532 725 2593 είς
754 2532 1230 2603 μαθητευομένους
1257 2538 1450 2592 τελεῖν.

1874 2358 2052 2410 caeteri
2104 2357 2248 2410 enim
2285 2371 2383 2424 pro
2418 2370 2476 2408 se
2501 2356 2731 2422 quisque
2759 2357 3046 2415 duntaxat,
3078 2353 3129 2404 lii
3166 2361 3343 2403 autem
3391 2361 3446 2401 et

1879 2465 1976 2517 pro
2009 2450 2340 2516 semetipsis,
2373 2459 2427 2500 et
2458 2463 2555 2513 pro
2592 2448 2656 2499 iis
2679 2448 2874 2514 quibus
2912 2453 3155 2514 praesunt
3179 2445 3463 2495 rationem.

1880 2541 2099 2593 Omnino
2179 2539 2446 2592 reddituri
2523 2549 2703 2591 erunt.
2757 2539 2966 2605 Quippe
3023 2534 3442 2600 haudquaquam

203 2622 399 2672 rationi
453 2635 876 2677 consentaneum
925 2642 1068 2686 esse,
1115 2644 1220 2680 non
1252 2645 1372 2683 esse
1396 2631 1753 2698 profecto,.ut
1792 2634 1902 2698 qui,
1966 2647 2085 2699 qua:
2116 2634 2319 2686 sentire
2365 2643 2527 2699 atque
2582 2648 2742 2700 agere
2810 2631 3118 2691 conveniat,
3173 2629 3305 2682 alios
3347 2630 3444 2681 (10-

202 2729 322 2766 cere
342 2715 569 2778 debeat,
592 2732 776 2770 eorum
806 2718 918 2786 ipse
951 2721 1225 2788 imperitus
1243 2725 1335 2785 sit,
1378 2737 1430 2778 et
1453 2742 1759 2794 quanquam
1797 2727 2035 2779 doctoris
2060 2727 2232 2778 locum
2256 2735 2457 2787 teneat,
2491 2725 2630 2777 inter
2667 2723 2962 2791 discipulos
3025 2722 3201 2774 adhuc
3258 2723 3446 2786 reapse

203 2808 488 2858 consistat.

269 2895 392 2947 ΟΧ.
435 2897 544 2948 Τοῦ
581 2901 677 2966 μὲν
726 2897 819 2953 οὖν
871 2906 1093 2975 πατρὸς,
1141 2908 1312 2968 οὓτως
1371 2911 1769 2979 ἐπικαιρότατα

201 2989 475 3057 προῦστη,
524 2994 620 3041 καὶ
676 2992 732 3042 ὃν
781 2995 878 3062 τῆς
927 2997 1004 3057 είς
1050 2998 1163 3064 φῶς
1219 3003 1549 3069 προαγωγῆς
1597 3006 1771 3056 αἴτιον

204 3083 350 3145 ἔσχε,
413 3081 606 3133 τοῦτον
661 3084 856 3152 ἀμέλει
903 3088 996 3139 τοῦ
1050 3090 1304 3158 ἀληθινοῦ
1347 3095 1519 3160 φωτὸς
1575 3098 1768 3164 μικρὸν

197 3173 692 3241 ἀποπλανηθέντα,
747 3179 884 3247 πρὸς
942 3179 1092 3231 τοῦτ’
1138 3179 1297 3244 αὖθις
1353 3183 1419 3237 αὖ
1467 3187 1766 3254 ἐπανῆγεν,

201 3264 544 3331 εὐγνεώμονος
594 3267 790 3329 παιδὸς
841 3269 1004 3336 ἔργον
1051 3273 1240 3333 ποιῶν,
1299 3278 1392 3328 καὶ
1430 3271 1503 3327 ὧν
1578 3277 1767 3346 εἴληςε

202 3354 328 3419 παρ’
391 3355 631 3418 ἐκείνου,
664 3358 835 3410 πλείω
905 3361 998 3412 καὶ
1045 3362 1214 3428 μείζω
1275 3364 1475 3427 διδοὺς,
1515 3367 1672 3435 εἰπερ
1708 3368 1767 3418 τὸ

200 3444 574 3510 πλανηθεῖσαν
603 3448 780 3516 ψυχήν
831 3452 1157 3520 ἐπιστρέψαι
1203 3459 1298 3509 καὶ
1347 3457 1537 3515 σῶσαι.
1582 3459 1764 3525 μεῖζον

198 3536 318 3586 ὅτου
365 3554 453 3598 τις
500 3539 570 3590 ἂν
627 3541 772 3592 εἴποι
807 3544 1042 3604 παντός’
1079 3546 1204 3606 τοὺς
1244 3547 1287 3597 δ’
1321 3544 1388 3599 αὗ
1442 3549 1766 3614 διαστάντας

197 3630 290 3680 καὶ
315 3628 481 3695 ζῆλον
525 3630 670 3683 θεῖον
699 3635 1101 3705 ἀνηρῃμὲνους,
1148 3637 1288 3689 οὕτω
1335 3640 1563 3708 δυνάμει
1604 3644 1761 3709 λόγον)

1948 2907 2180 2962 LXXIV.
2224 2905 2439 2960 Patrem
2504 2906 2683 2970 itaque
2735 2917 2867 2957 sane
2927 2916 3086 2969 quam
3141 2912 3440 2969 opportune

1878 3005 1979 3058 Itoc
2012 3011 2169 3070 pacto
2195 3001 2304 3055 suis
2335 3000 2577 3054 consiliis
2608 2999 2963 3064 gubernabat,
2999 3006 3052 3049 et
3079 3010 3238 3062 quem
3276 2998 3353 3047 sui
3387 2996 3438 3046 iu

1876 3094 2050 3147 lucem
2099 3105 2256 3146 ortus
2309 3101 2590 3143 auctorem
2646 3089 2894 3152 habebat,
2924 3088 3069 3140 illum
3101 3088 3284 3153 utique
3311 3103 3443 3138 non-

1875 3187 2008 3239 nihil
2041 3201 2067 3234 a
2102 3200 2224 3238 vera
2254 3185 2371 3238 luce
2398 3183 2762 3241 deerrantem,
2795 3196 2985 3233 rursus
3010 3181 3075 3231 ad
3103 3180 3241 3231 hanc
3265 3178 3436 3245 ipsam

1877 3277 2110 3340 reduxit,
2166 3277 2287 3328 boni
2337 3275 2665 3340 candidiqne
2696 3272 2786 3324 ﬁlii
2824 3271 3046 3323 litttctns
3069 3269 3271 3332 ofﬁcio,
3293 3283 3442 3334 qna:-

1872 3383 1978 3437 que
2015 3385 2041 3418 a
2073 3379 2223 3434 patre
2255 3375 2542 3432 acceperat
2591 3362 2874 3422 beneﬁcia,
2910 3361 3158 3428 pluribus
3185 3375 3248 3412 ac
3273 3359 3440 3424 majo-

1873 3462 2023 3515 ribus
2049 3461 2334 3514 exsolvens
2359 3476 2371 3520 ;
2404 3472 2636 3524 namque
2661 3438 2896 3507 animam
2930 3454 2980 3504 in
3005 3466 3192 3504 errore
3217 3465 3440 3504 versan-

1873 3563 1977 3608 tem
2025 3555 2073 3605 in
2113 3554 2250 3604 viam
2291 3564 2544 3601 revocare
2585 3563 2647 3599 ac
2691 3560 2908 3598 servare
2949 3543 3088 3612 (Jac.
3121 3558 3170 3594 ν,
3212 3543 3356 3603 ull.l,
3387 3542 3439 3592 id

1871 3642 2011 3697 haud
2039 3641 2194 3710 paulo
2225 3643 2394 3708 majus
2420 3641 2526 3690 alio
2548 3637 2761 3705 quot-is,
2794 3635 3171 3700 cujuscunque
3203 3631 3439 3684 nominis

200 3726 290 3770 καὶ
329 3721 653 3787 πνεύματος
683 3727 1000 3795 ἐπανήγαγε
1038 3732 1131 3780 καὶ
1172 3730 1344 3798 τούτῳ
1386 3733 1633 3802 διήλλαξε
1672 3739 1764 3788 καὶ
1793 3725 1834 3784 C
1870 3752 1876 3785 l

1751 3743 1764 3786 t
1793 3725 1834 3784 C
1870 3735 2138 3802 modique,
2166 3732 2426 3785 benelicio
2457 3739 2559 3780 est.
2595 3728 2732 3780 Tum
2781 3727 2902 3778 illos
2947 3725 3112 3776 etiam
3143 3724 3232 3790 qni
3273 3737 3300 3774 a
3332 3737 3427 3788 pa-

201 3814 464 3882 Lvééqcs
490 3815 585 3866 τοῦ
619 3817 832 3880 λοιποῦ,
882 3822 974 3872 καὶ
1004 3824 1082 3884 εἰς
1114 3821 1172 3874 ἓν
1198 3824 1365 3891 ἄμφω
1387 3826 1454 3878 τά
1479 3829 1619 3896 μέρη
1644 3846 1767 3880 συν-

198 3903 357 3970 ῆᾴεν,
411 3907 487 3967 ώς
523 3910 620 3958 καὶ
652 3909 730 3978 τῷ
782 3910 879 3977 τῆς
916 3913 1164 3976 ἐνώσεως
1201 3918 1419 3984 μεγέθει
1457 3919 1549 3972 καὶ
1584 3922 1760 3990 τάχει,

193 3998 290 4064 τήν
321 3998 616 4065 διάστασιν
646 4001 1000 4056 ἀπιστεῖσθαι
1025 4019 1037 4031 ·
1072 4000 1152 4066 οἷς
1187 4009 1297 4076 γὰρ
1319 4010 1479 4071 αὐτὸς
1510 4011 1602 4063 τοῦ
1634 4029 1762 4064 παι-

197 4088 277 4148 δὸς
301 4090 550 4153 ἀκούσας
575 4092 774 4144 αὐτίκα
803 4095 945 4162 μάλα
976 4097 1226 4149 συνέθετο
1255 4102 1347 4152 καὶ
1366 4102 1464 4153 οὐκ
1488 4104 1762 4168 ἀντεῖπεν,

192 4180 330 4232 ἀλλὰ
358 4183 459 4233 καὶ
489 4182 598 4233 τῶν
655 4188 1060 4252 πεπραγμένων
1104 4188 1245 4242 οὕτω
1280 4193 1542 4258 κατέγνω,
1576 4195 1649 4255 ώς
1675 4196 1763 4246 καὶ

193 4272 430 4340 δάκρυσι
465 4273 745 4337 πλείστοις
779 4275 1121 4339 ἐξι>.εοῦσθαι
1152 4281 1212 4332 τὸ
1248 4281 1421 4346 Θεῖον,
1462 4280 1538 4342 οἷς
1572 4284 1763 4353 ἐξέττή

195 4366 292 4432 τῆς
338 4367 400 4430 ἐξ
433 4367 610 4434 ἀρχῆς
642 4367 973 4430 ὑποθέσεως,
1023 4374 1078 4422 ἐν
1106 4370 1316 4434 τούτοις
1346 4372 1590 4439 ἔγνωσαν
1638 4377 1763 4425 ἀτε-

196 4460 359 4526 χνῶς,
420 4461 500 4519 ὡς
535 4461 595 4510 οὑ
633 4463 956 4528 κακουργῶν
1000 4462 1121 4514 οὐδὲ
1161 4467 1617 4533 πονηρευόμενος,
1648 4468 1763 4518 ἀλλ’

195 4538 560 4618 ακεραιότήτι
600 4549 822 4618 γνώμης
853 4551 1074 4603 κάλλιον
1123 4551 1266 4620 ἔχειν
1296 4555 1469 4604 ἐκεῖνο
1513 4557 1760 4622 νομίσας,

196 4641 502 4708 προσέθετο
525 4657 540 4670 ι
572 4640 644 4701 ὠς
683 4641 756 4710 μὴ
781 4642 878 4709 τῆς
909 4643 1132 4711 γνώμης
1157 4643 1292 4695 ἀλλὰ
1319 4644 1416 4712 τῆς
1439 4645 1760 4716 ἀπὶότητοτ,

194 4734 285 4783 n‘t
316 4733 431 4783 τών
463 4735 841 4801 ἠπατηκὸτων
887 4731 1025 4786 εἶναι
1074 4738 1133 4786 τὸ
1181 4736 1459 4803 ἔγκλημα.
1497 4735 1669 4786 Τοῦτο
1699 4737 1757 4787 τὸ

193 4825 353 4890 ἔργον
384 4824 490 4874 οὐκ
520 4824 843 4891 ἀτιμότερον
891 4822 1084 4892 οἶμαι,
1127 4825 1249 4878 εὖτε
1299 4827 1395 4895 τῆς
1439 4828 1763 4895 θαυμαστῆς

193 4916 451 4984 ἡσυχίας,
484 4914 610 4966 οὔτε
642 4915 750 4967 τῶν
779 4916 994 4968 πολλῶν
1040 4918 1278 4985 ἱδρώτων
1313 4921 1405 4969 καὶ
1438 4920 1635 4978 πόνων,
1670 4920 1762 4970 καὶ

192 5007 287 5070 τῆς
329 5004 582 5072 μεγάλης
605 5008 660 5057 ὲν
687 5006 930 5075 εὐτελείᾳ
960 5007 1276 5074 φιλοσοφίας
1299 5021 1322 5040 ··
1349 5009 1550 5076 μᾶλλον
1579 5009 1634 5060 δὲ
1666 5011 1756 5061 οὐ·

192 5097 279 5147 ὁὲν
319 5098 556 5148 ἐκείνων
585 5099 665 5160 είς
711 5099 1020 5167 φιλοτιμίαν
1067 5101 1342 5163 τοσοῦτον,
1385 5103 1509 5153 ὅσον
1542 5104 1601 5152 τὸ
1636 5105 1759 5163 τοὺς

190 5189 274 5238 διὰ
335 5189 478 5240 Θεὸν
525 5189 916 5252 στασιάζοντας
962 5195 1053 5244 καὶ
1100 5193 1260 5260 ίερῶς
1306 5192 1757 5261 διαφερομένους,

190 5280 440 5343 ὁμονοίας
477 5279 693 5346 ἔχεσθαι
735 5283 947 5344 πεῖσαι,
995 5287 1084 5335 καὶ
1113 5286 1337 5354 εἰρήνην
1384 5286 1756 5353 ἀσπάσασθαι,

188 5369 494 5419 κάντεῦθεν
526 5367 660 5418 Θεοῦ
695 5371 858 5421 παῖδα
891 5372 1210 5440 κεκλῆσθαι.

1867 3835 2018 3878 rente
2044 3838 2161 3876 sese
2186 3822 2642 3878 abalienaverant,
2676 3818 2958 3883 zelnmque
2989 3817 3223 3866 divinum
3246 3813 3434 3865 indue-

1869 3928 2009 3978 rant,
2047 3927 2117 3967 t'a
2177 3913 2440 3966 sermonis
2487 3911 2816 3976 Spiritnsque
2850 3908 2929 3960 sui
2975 3906 3211 3959 ellicacia
3244 3921 3434 3958 rursus

1869 4009 1919 4060 in
1947 4006 2297 4060 concordiam
2336 4018 2456 4055 cum
2511 4003 2600 4053 illo
2637 4001 2876 4060 reduxit,
2927 4013 2990 4050 ac
3036 3996 3432 4061 reconciliavit,

1864 4109 1916 4151 et
1948 4100 1996 4149 in
2031 4107 2306 4164 posterum
2356 4094 2662 4161 conjunxit,
2711 4102 2764 4144 et
2812 4102 3098 4156 utramque
3126 4097 3330 4155 partem
3358 4091 3433 4139 ita

1865 4188 2208 4250 coadunavit,
2253 4196 2309 4238 ut
2357 4185 2759 4252 conjttuctiouis
2813 4183 2955 4235 illius
3013 4183 3344 4247 magnitudo,
3381 4191 3432 4233 et

1864 4277 2138 4338 celeritas,
2188 4276 2558 4328 incredibilem
2623 4289 2761 4342 pene
2829 4272 3164 4338 superiorem
3229 4269 3432 4342 faceret

1865 4369 2293 4422 distractionem.
2349 4365 2553 4432 Quippe
2589 4341 2844 4430 quoniam
2892 4373 2947 4414 ut
2983 4363 3302 4414 sententiam
3337 4341 3432 4410 lilii

1864 4473 2018 4529 pater
2048 4461 2293 4512 audierat
2319 4458 2588 4523 extemplo
2625 4459 2743 4509 sine
2792 4455 2898 4506 ulla
2952 4455 3311 4522 refragatioue
3358 4452 3434 4504 illi

1865 4555 2164 4611 accederet,
2205 4551 2312 4602 imo
2345 4553 2508 4602 etiam
2553 4564 2672 4614 quae
2709 4553 2911 4614 egisset
2944 4548 3023 4598 sic
3067 4548 3180 4612 ipse
3217 4547 3432 4597 damna-

1863 4654 1972 4705 ret,
1999 4652 2056 4694 ut
2088 4641 2374 4694 uberrimis
2406 4639 2666 4707 Iacrymis
2701 4639 2859 4705 hujus
2891 4654 3001 4689 sua:
3031 4653 3056 4688 a
3093 4637 3323 4703 pristino
3357 4638 3433 4686 in-

1863 4737 2050 4786 stituto
2087 4731 2404 4784 defeetionis
2452 4731 2668 4783 veniam
2703 4747 2730 4780 a
2763 4729 2871 4781 Deo
2899 4737 3222 4795 exposceret
3263 4743 3279 4782 :
3311 4729 3434 4777 inde

1863 4825 2019 4894 plane
2077 4823 2468 4890 intelligebant,
2530 4823 2752 4873 minime
2794 4820 2944 4872 illtttn
3005 4821 3133 4872 dolo
3195 4821 3334 4870 malo
3373 4833 3436 4868 ac

1864 4918 2185 4970 veteratoria
2210 4916 2438 4982 quadam
2473 4914 2755 4979 pratitate,
2777 4914 2868 4965 sed
2894 4912 3314 4980 ingenua'animi
3349 4910 3434 4961 itt-

1865 5006 2113 5076 tegritate
2137 5019 2238 5072 qua
2271 5004 2501 5056 rectiora
2528 5005 2613 5055 illa
2637 5018 2758 5056 esse
2786 5004 2885 5055 sibi
2922 5009 3268 5069 persuaserat
3292 5040 3307 5064 ,
3341 5013 3434 5051 ea-

1867 5101 1986 5151 dem
2021 5098 2327 5166 atnplexum
2363 5099 2550 5148 luisse.
2583 5094 2654 5146 Ita
2690 5104 2750 5147 ttt
2798 5096 3002 5148 erroris
3061 5093 3206 5145 illius
3252 5091 3430 5158 culpa,

1867 5201 2096 5245 nontam
2117 5190 2317 5252 animo,
2335 5203 2491 5256 quam
2514 5187 2742 5240 incauta:
2763 5185 3118 5254 simplicitati,
3135 5183 3435 5249 astutiaque

1866 5281 2259 5348 deceptoribus,
2296 5280 2607 5346 imputanda
2637 5279 2865 5331 veniret.
2898 5277 3049 5341 Quod
3078 5280 3243 5328 nostri
3277 5288 3432 5340 Opus,

1863 5387 1982 5424 meo
2010 5371 2245 5440 judicio,
2283 5371 2696 5436 haudquaquam
2750 5367 2973 5421 minoris
3014 5365 3432 5419 existimandum

191 5472 290 5523 est,
340 5477 506 5527 quam
561 5472 654 5514 aut
719 5463 1036 5516 admirabile
1079 5465 1208 5516 illud
1255 5464 1448 5524 otium,
1495 5475 1589 5516 aut
1628 5463 1774 5514 tnttlti
1815 5461 2204 5530 jugeslahores
2233 5461 2586 5525 sudoresque,
2621 5475 2680 5510 ac
2711 5459 2865 5524 plane
2893 5457 3199 5510 cmlestisin
3224 5470 3432 5508 summa

194 5547 508 5617 Irugalitate
553 5553 680 5616 vita,
723 5552 838 5604 sive
905 5557 1104 5620 potius,
1187 5554 1318 5612 nilnl
1381 5553 1593 5604 illorum
1662 5564 1768 5605 tam
1833 5566 1952 5605 esse
2003 5551 2300 5618 gloriosum
2357 5565 2422 5600 ac
2471 5548 2852 5611 honoriﬁcum,
2905 5563 3064 5614 quam
3127 5547 3216 5599 Dei
3269 5561 3430 5598 causa

193 5638 542 5701 dissidentes,
590 5654 888 5709 sancteque
923 5644 1063 5695 inter
1128 5657 1248 5698 sese
1317 5655 1813 5707 controversantes,
1868 5642 1934 5695 ad
1973 5653 2166 5697 tnutute
2237 5644 2545 5698 concordia-
2575 5644 2832 5709 studium,
2884 5646 3134 5712 pacisque
3172 5659 3432 5706 amorem,

191 5735 488 5798 adducere,
551 5750 721 5802 eaque
783 5753 840 5791 re
913 5739 1007 5792 lilii
1072 5739 1163 5793 Dci
1215 5738 1626 5808 appellationem
1660 5741 1704 5773 ’⁸
1749 5742 2068 5808 promereri.

257 5853 302 5882 "
337 5851 382 5902 3i
409 5850 532 5901 ilth.
569 5865 624 5914 τ’,
655 5850 707 5904 9.
