4244 6428
222 394 318 456 233
1076 399 1462 459 [ΑΠΒᾹΤΙΟ
1502 401 1564 462 S.
1597 400 1898 461 GBEGOB

1076 399 1462 459 LAUDATIO
1502 401 1564 462 S.
1597 400 1972 462 GBEGORII
2001 403 2405 463 TIIEOI.OGI.

277 503 400 554 OH'.
438 501 715 554 Βασιλείου
756 502 812 555 δὲ
836 502 929 555 τοῦ
963 504 1102 556 πάνυ
1156 505 1254 572 τῆς
1287 507 1394 558 τῶν
1445 509 1766 576 Καισαρέων
1801 529 1838 577 Α
1940 509 1953 562 1

541 501 715 554 τιλείου
756 502 812 555 δὲ
836 502 929 555 τοῦ
963 504 1102 556 πάνυ
1156 505 1254 572 τῆς
1287 507 1394 558 τῶν
1445 509 1766 576 Καισαρέων
1801 529 1838 577 Α
1940 509 2217 562 LXXVIII.

218 594 538 662 Ἐκκλησίας
571 595 989 664 ἑπειλημμένου,
1024 597 1307 664 συμϐαίνει
1325 599 1421 650 καὶ
1440 601 1650 652 τουτονὶ
1671 601 1758 650 τὸν

207 686 409 751 μέγανι,
434 689 713 756 πάρεργον
742 687 813 747 ὡς
845 687 911 739 ἂν
947 689 1090 739 εἴποι
1123 705 1204 749 τις
1232 690 1332 758 τῆς
1361 690 1568 741 ἐκείνου
1601 667 1756 754 γενέ-

203 776 320 829 σθαι
354 779 535 846 χειρός
563 795 620 830 τε
647 780 739 830 καὶ
769 779 1014 847 γνώμης.
1043 782 1138 831 καὶ
1171 780 1569 850 προδεδλῆσθαι
1602 782 1758 832 Σισί-

202 854 311 937 μων
343 873 530 938 τρόπῳ
565 870 750 937 τοιῷδε
778 887 793 901 ο
825 872 922 939 τῆς
955 871 1063 939 γὰρ
1099 872 1490 931 Καππαδοκίας
1516 873 1751 940 ἁπάσης,

200 959 323 1024 μιᾶς
373 959 473 1026 μὲν
512 958 676 1025 οὔσης
717 962 1012 1030 ἡγεμονίας
1050 964 1389 1032 τοπρόσθεν,
1430 968 1523 1018 καὶ
1554 965 1642 1032 ὑφ’
1674 967 1755 1017 ὲιὶ

197 1054 431 1118 μάλιστα
451 1054 864 1123 γνωριζομένης
886 1073 944 1108 τε
968 1057 1060 1108 καὶ
1080 1058 1486 1127 καθισταμένης
1511 1061 1751 1126 ποιμένι,

193 1147 268 1204 εἰς
303 1144 396 1195 δύο
429 1147 486 1197 δὲ
521 1147 720 1213 τῳτότε
745 1147 806 1198 ού
846 1149 1006 1216 μόνον
1035 1152 1329 1218 ἡγεμονίας
1364 1149 1500 1202 ἀλλά
1532 1152 1624 1202 καὶ
1652 1167 1751 1219 μηο

192 1237 475 1301 τροπόλεις
502 1238 530 1288 δ
554 1239 864 1308 αιρεθείσης
886 1281 898 1301 ,
939 1242 1040 1309 τήν
1073 1259 1131 1293 τε
1184 1242 1517 1308 Καισάρειαν
1546 1242 1639 1294 καὶ
1685 1243 1752 1292 τὰ

191 1327 396 1390 Τύανα,
431 1329 680 1395 γίγνεταί
708 1347 760 1382 τι
791 1331 1027 1385 τοιοῦτον
1053 1374 1067 1398 ,
1095 1332 1123 1384 ὃ
1153 1335 1246 1386 καὶ
1288 1334 1454 1402 μηδὲν
1483 1335 1630 1398 ὑγιὲς
1661 1334 1753 1384 καὶ

187 1415 252 1470 αὖ
299 1419 553 1486 θεοφιλὲς
597 1421 771 1484 ἔξεστι
819 1427 1134 1493 προσειπεῖν
1163 1442 1175 1456 ·
1225 1425 1285 1477 τὸ
1331 1427 1448 1492 μὲν,
1491 1420 1570 1486 οἷς
1616 1426 1748 1477 θειυσ⁸

187 1509 391 1576 μαστοῦ
426 1511 695 1580 τετύχηκε
730 1514 915 1576 τέλους
939 1531 950 1545 ·
986 1516 1047 1567 τὸ
1075 1516 1155 1579 δὲ,
1194 1517 1267 1578 ὠς
1301 1516 1404 1581 ἔξω
1434 1516 1526 1567 τοῦ
1565 1533 1747 1583 γιγνοο

187 1600 344 1665 μένου
381 1604 476 1652 καὶ
506 1599 790 1669 βουλευθὲν
819 1606 916 1675 τὴν
941 1607 1117 1674 ἀρχὴν
1148 1605 1242 1657 καὶ
1273 1607 1536 1674 πραχθέν.

3328 401 3435 468 294

2304 508 2494 576 Magno
2563 517 2743 562 autem
2818 508 3019 566 Basilio
3085 510 3433 576 eriensi:

1869 601 2122 656 Ecclesia:
2183 602 2551 668 pontiﬁcatum
2611 601 2806 670 adepto
2867 643 2885 668 ,
2921 605 3148 672 contigit
3180 606 3430 673 equidem

1866 705 1918 747 et
1965 708 2158 760 magno
2213 704 2397 744 nostro
2436 691 2699 759 Gregorio
2733 730 2750 756 ,
2784 702 2842 747 ut
2890 696 3255 763 perfunctoria
3282 714 3433 766 qua:-

1861 785 1983 838 dam
2006 800 2192 836 manus
2219 785 2517 851 mentisque
2551 782 2730 836 Basilii
2765 786 3430 859 opella,quemadmodum

1863 875 2004 927 haud
2034 874 2266 926 absurde
2295 873 2522 934 dixeris.
2567 873 2739 937 ﬁeret,
2769 871 3210 946 Sasimorumque
3234 881 3430 947 prasul

1862 961 2165 1027 liujusmodi
2187 962 2417 1028 quadam
2455 962 2665 1014 ratione
2687 970 3004 1027 crearetur;
3034 973 3137 1015 tota
3172 967 3427 1019 nimirum

1863 1051 2223 1118 Cappadocia,
2257 1065 2490 1117 quaauua
2512 1053 2687 1104 adlmc
2707 1053 3056 1118 provincialis
3087 1054 3432 1121 praefectura,

1860 1149 2156 1214 eademque
2195 1146 2295 1199 sub
2349 1162 2452 1198 nuo
2481 1147 2604 1198 item
2634 1147 2970 1214 potissimum
2998 1147 3241 1202 antistite
3265 1165 3428 1203 censa

1859 1251 1924 1291 ac
1986 1241 2278 1292 constituta
2332 1237 2524 1304 fuerat,
2569 1242 2619 1291 iu
2648 1242 2780 1293 duas
2811 1248 2922 1292 tum
2961 1240 3194 1309 primum
3234 1242 3429 1308 praefe-

1859 1341 2043 1383 cturas
2083 1332 2302 1398 pariter,
2335 1333 2579 1395 duasque
2619 1332 2943 1398 metrvpoles
3003 1334 3427 1401 eccle-iaSticas,

1857 1426 2149 1479 Cmsariam
2173 1434 2221 1476 et
2262 1423 2466 1492 Tyana,
2498 1425 2777 1487 distraeta,
2814 1425 2956 1478 illius
2988 1427 3128 1478 modi
3167 1427 3421 1493 quiddam

1856 1519 1994 1572 eain
2027 1532 2085 1570 re
2119 1519 2274 1570 licbat
2299 1517 2439 1584 quod
2458 1528 2511 1570 et
2547 1533 2766 1585 prorsus
2801 1519 3188 1581 inconsultum,
3223 1530 3276 1576 et
3310 1536 3429 1570 rm-

1854 1624 1946 1662 sus
1978 1609 2084 1661 Deo
2107 1618 2412 1675 acceptum,
2441 1610 2576 1660 haud
2609 1608 2878 1661 immerito
2911 1609 3293 1676 appellaveris,
3326 1611 3429 1666 hoc

183 1695 398 1756 quidem
447 1707 597 1749 certe
641 1707 886 1762 eatenus,
944 1700 1085 1767 quod
1143 1710 1391 1752 eventum
1450 1701 1739 1754 sortiretur
1779 1704 2094 1770 praeclarum

2153 1721 2167 1756 :
2227 1703 2559 1757 malesanum
2626 1715 2807 1757 autem
2877 1705 3018 1770 ideo,
3079 1709 3218 1773 quod
3289 1724 3428 1777 pur-

184 1801 259 1839 ter
323 1788 414 1855 jus
440 1798 494 1838 et
532 1785 748 1842 fastum
791 1802 1106 1856 conceptum
1137 1790 1316 1843 animo
1344 1793 1409 1841 ab
1441 1791 1594 1842 initio
1643 1802 1750 1844 tum
1795 1810 1956 1863 opere
1979 1796 2095 1862 ipso
2125 1803 2397 1863 peractum
2439 1804 2602 1848 esset.

246 1882 372 1934 08'.
420 1882 510 1950 Τῷ
539 1883 636 1950 μὲν
678 1885 786 1952 γὰρ
821 1884 1043 1937 Τυάνων
1068 1885 1334 1953 προέδρῳ,
1364 1884 1570 1938 δίκαιον
1616 1884 1754 1942 εἶξαι
1789 1901 1830 1954 Β

1747 1901 1830 1954 tn
1928 1890 2167 1945 LXXIX.
2229 1891 2494 1960 Tyanensi
2579 1893 2829 1944 nimirum
2901 1895 3134 1960 pontiﬁci
3198 1894 3276 1963 (I)
3334 1895 3423 1961 ju-

180 1976 353 2027 ἐδέκει
393 1976 486 2027 καὶ
519 1976 674 2042 λόγον
708 1976 866 2043 ἔλον,
900 1978 995 2029 καὶ
1024 1978 1088 2028 τὰ
1117 1980 1468 2046 πνευματικά
1509 1982 1615 2040 τοῖς
1655 1981 1750 2048 δη-

184 2069 398 2136 μοσίοις
446 2069 915 2137 συνδιαιρεῖσθαι,
962 2071 1031 2120 κά
1067 2069 1254 2122 τεῦθεν
1302 2071 1450 2122 εστιν
1495 2064 1568 2121 ὧν
1607 2072 1752 2123 ἀντι-

179 2164 458 2214 ποιεῖσθαι
497 2163 712 2230 χωρίων
747 2163 821 2224 ὡς
858 2164 1005 2232 αὐτῷ
1046 2181 1105 2229 γε
1137 2165 1309 2234 ταύτῃ
1346 2165 1709 2234 διαφερόντων
1733 2183 1748 2198 ’

177 2254 453 2322 Βασιλείῳ
497 2254 556 2305 δὲ
599 2255 782 2306 οὐκέτι
808 2270 822 2284 ⁸
855 2255 970 2306 ἀλλ’
1013 2251 1152 2306 εἶναι
1194 2256 1292 2324 μὲν
1341 2256 1461 2308 καθ’
1509 2259 1648 2308 αύτά
1687 2258 1754 2310 τὰ

177 2347 362 2398 Τύανα
411 2349 786 2416 συγχωρῆσαι,
836 2349 1025 2416 ἑτέρου
1069 2349 1125 2400 δὲ
1164 2349 1388 2417 μηδενὸς
1429 2352 1752 2418 τοπαράπαν

176 2441 599 2506 προσάπτεσθαι
617 2457 628 2470 ·
652 2440 725 2502 ὡς
767 2441 984 2492 πάντων
1006 2441 1111 2491 τῶν
1135 2441 1309 2494 ἀλλων
1337 2444 1402 2510 τῇ
1433 2443 1752 2509 Καισαρέων

187 2530 496 2601 Ἐκκλησία
511 2535 652 2584 κατά
666 2535 789 2595 τοὺς
802 2533 1006 2587 ἄνωθεν
1027 2534 1221 2601 νόμους
1246 2533 1642 2601 ἀνακειμένων,
1657 2535 1754 2586 αύ-

175 2626 262 2674 τὶν
287 2623 343 2674 δὲ
369 2625 471 2689 τὴν
495 2623 605 2674 τῶν
625 2623 1009 2675 Καππαδοκῶν
1031 2626 1250 2677 ἃπασαν
1273 2627 1454 2692 χώραν
1481 2624 1752 2686 πλείστοις

175 2719 316 2777 ὅσοις
365 2719 696 2778 ἐπισκόποις
736 2718 1006 2768 διαλαϐεῖν
1031 2734 1044 2745 ·
1083 2717 1173 2768 καὶ
1223 2717 1346 2786 μηδ’
1379 2715 1624 2786 ἡντινοῦν
1652 2718 1751 2768 αύ-

175 2814 280 2871 τοίς
317 2811 479 2860 πόλιν
511 2809 543 2876 ἢ
570 2811 762 2878 κώμην
789 2810 906 2862 οἵαν
935 2811 1213 2878 ἱεραρχὶαν
1247 2810 1516 2878 δεδέχθαι,
1549 2809 1752 2877 ταύτης

176 2903 277 2964 ἐξω
329 2902 697 2953 καταλιπεῖνο
747 2902 862 2970 ὲφῷ
914 2902 1147 2969 μάλιστα
1183 2906 1282 2968 μὲν
1333 2903 1503 2953 πλείω
1556 2917 1612 2953 τε
1659 2903 1752 2953 καὶ

178 2995 386 3044 καλλίω
411 2993 508 3061 τὴν
529 2993 637 3044 τῶν
658 2993 843 3062 ψυχῶν
863 2994 1181 3062 ιπιμέλειαν
1206 2992 1451 3044 ἐντεῦθεν
1475 2993 1750 3060 γενέσθαι,

176 3089 366 3137 ἔπειτα
414 3085 506 3137 διὰ
550 3085 641 3137 τοῦ
685 3088 792 3137 τῶν
843 3085 1156 3138 ἐπισκόπων
1204 3087 1432 3138 ἕκαστον
1463 3088 1530 3136 τὰ
1573 3085 1750 3137 οἰκεῖα

174 3178 500 3246 κεκτῆσθαι,
536 3180 627 3230 καὶ
650 3179 854 3232 τούτων
883 3178 1163 3249 κατάκρας
1193 3181 1623 3233 ἀντιποιεῖσθαι·
1648 3185 1749 3252 τήν

1855 1991 1997 2036 stum
2053 1993 2215 2050 atque
2251 1998 2465 2050 mquum
2508 1997 2631 2036 esse
2689 1984 2989 2045 videbatur,
3026 1995 3080 2036 ut
3135 2001 3237 2037 una
3303 2002 3424 2040 cum

1855 2074 2102 2128 civilibus
2133 2073 2468 2142 publicisque
2492 2074 2793 2140 spiritualia
2829 2077 3228 2138 dividerentur;
3261 2087 3424 2146 atque

1857 2175 1912 2218 ut
1943 2164 2057 2217 loca
2086 2166 2355 2232 quaedam,
2417 2173 2672 2232 tanquam
2725 2166 2825 2219 hac
2878 2168 3086 2219 ratione
3134 2168 3336 2230 debita,
3371 2186 3423 2222 in

1855 2272 2002 2311 suam
2036 2257 2291 2310 ditioaem
2327 2266 2752 2325 potestatemque
2787 2259 2911 2310 inde
2955 2270 3242 2323 assereret,
3279 2265 3423 2326 quod

1857 2351 2052 2403 Basilio
2115 2351 2526 2418 haudquaquam
2592 2351 2937 2416 probabatur,
2983 2354 3088 2423 ⁸(ιιιί
3150 2351 3421 2423 Tyanensi

1855 2443 2069 2511 quidem
2121 2441 2377 2496 Ecclesiae
2411 2442 2635 2494 liberam
2680 2457 2944 2511 suamque
2987 2445 3419 2512 jurisdictioneui

1857 2535 2220 2603 permittebat,
2247 2538 2404 2588 modo
2436 2550 2503 2588 ne
2527 2534 2670 2588 aliud
2701 2545 2961 2603 praeterea
2995 2538 3290 2606 quidquam
3321 2542 3422 2592 sibi

1857 2637 2164 2694 usurparet,
2196 2628 2415 2695 quando
2446 2627 2649 2695 reliqua
2679 2628 2862 2679 omnia
2890 2629 3110 2696 antiquo
3131 2631 3252 2697 jure
3287 2646 3422 2697 pnn-

1855 2720 2020 2774 tilicio
2051 2720 2367 2772 Caesariensi
2405 2717 2659 2772 Ecclesiae
2684 2721 2938 2772 attributa
2965 2731 3147 2777 essent
3174 2738 3187 2772 :
3224 2739 3282 2774 ea
3328 2721 3427 2790 igi-

1855 2821 1943 2865 tur
1973 2826 2031 2865 re
2060 2810 2454 2882 Cappadociam
2498 2825 2711 2863 attinent
2760 2813 3008 2878 plurimis
3039 2813 3127 2866 ille
3157 2829 3426 2880 occupare

1853 2903 2120 2972 episcopis
2148 2903 2460 2968 nullumque
2490 2903 2744 2971 Oppidum
2790 2912 2879 2955 aut
2910 2919 3104 2972 pagum
3124 2905 3423 2972 pontiﬁcali

1855 2994 2194 3063 suscipiendo
2249 2994 2474 3062 imperio
2523 2995 2796 3055 Idoneum,
2851 3009 2915 3046 eo
2975 3008 3196 3045 vacuum
3263 2997 3427 3048 relin-

1853 3103 2050 3156 quere;
2089 3087 2189 3140 hoc
2237 3087 2572 3154 potissimum
2609 3087 2855 3148 consilio,
2913 3096 2965 3138 ut
3025 3087 3254 3153 ampl‘:or
3303 3089 3423 3141 inde

1854 3180 2270 3246 acmiratiorque
2299 3180 2602 3229 animarum
2635 3180 2924 3230 exsisteret
2969 3178 3200 3240 curatio,
3230 3180 3425 3233 deinde

175 3288 230 3322 τε
275 3271 470 3323 στάσιν
514 3271 574 3334 ἐξ
605 3273 849 3340 ἀνάγκης
882 3247 1153 3331 λελύσθαι.
1191 3274 1291 3340 τήν
1334 3289 1391 3326 τε
1425 3247 1748 3343 Καισαρέων
1776 3247 1816 3303 c

1776 3247 1816 3303 θ
1853 3273 2037 3334 etiam,
2071 3281 2128 3322 ut
2157 3271 2426 3338 episcopis
2455 3284 2582 3324 suas
2613 3270 2839 3333 singulis
2870 3272 3197 3333 tenentdius,
3234 3288 3296 3324 ac
3329 3289 3426 3340 pro

178 3366 317 3433 πλήν
349 3382 414 3431 γε
451 3366 696 3440 Τυάνων,
724 3366 790 3417 τά
819 3365 988 3433 αὐτῆς
1015 3363 1080 3416 αῦ
1115 3365 1457 3433 κεκομίσθαι,
1495 3368 1570 3436 μὴ
1589 3368 1747 3420 δυνα-

177 3458 339 3522 μένου
367 3454 466 3506 τοῦ
491 3456 744 3508 Τυανίων
771 3455 904 3524 πρὸς
935 3457 1218 3518 τοσούτους
1235 3457 1531 3527 ἀνταίρειν.

1854 3362 1992 3416 virili
2020 3371 2173 3431 parte
2206 3362 2468 3416 acerrime
2502 3361 2794 3430 tuentibus,
2858 3363 3036 3428 sedes,
3077 3376 3132 3418 et
3168 3366 3424 3419 seditioni

1851 3455 2162 3510 necessario
2191 3454 2313 3509 linis
2355 3456 2745 3524 imponeretur,
2777 3465 2832 3508 et
2877 3470 2972 3507 sua
3006 3456 3231 3518 iterum,
3261 3471 3425 3511 circe-

172 3551 278 3615 ptis
346 3551 573 3621 Tyauis,
642 3551 992 3606 Caesariensis
1036 3566 1380 3621 recuperaret
1453 3553 1714 3620 Ecclesia,
1778 3553 1970 3623 impari
2021 3553 2270 3608 videlicet
2328 3553 2570 3623 pluribus
2624 3553 2807 3606 l‘uturo
2853 3551 3216 3623 Tyaneusium
3285 3556 3431 3613 anti.

172 3650 321 3699 stite.

246 3742 330 3794 D'.
361 3741 549 3794 Ταῦτα
591 3741 636 3794 δ’
665 3741 902 3795 ἐπαῖνων
932 3743 1094 3808 ἀξίως
1117 3743 1415 3813 διανοηθείς
1445 3762 1501 3796 τε
1527 3747 1620 3796 καὶ
1649 3762 1746 3797 κα-

170 3837 488 3906 ταπράξας,
547 3839 642 3888 καὶ
685 3835 889 3896 πάντας
936 3835 1210 3902 ἐκπλήξας
1253 3832 1334 3897 οἷς
1379 3837 1568 3900 δεξιιὲς
1609 3838 1748 3902 ἄγαν

171 3930 390 3997 ἐξεῦρε,
423 3926 522 3996 τὴν
556 3929 650 3994 μὲν
669 3927 767 3978 οὐκ
795 3927 1030 3991 εὐλόγως
1051 3925 1414 3995 διαιρεθεῖσαν
1435 3928 1640 3997 χώραν,
1669 3932 1746 3990 εἰς

168 4023 228 4071 ἑν
255 4019 415 4080 αὖθις
448 4019 681 4084 εὐλόγως
708 4019 1026 4083 συναγαγ;ῐν
1051 4020 1140 4069 καὶ
1169 4017 1420 4085 συνάψαι,
1446 4021 1570 4081 τοὺς
1602 4020 1657 4072 δὲ
1683 4024 1743 4087 τί]

171 4119 311 4182 πρὸς
350 4113 517 4164 αὐτὸν
551 4111 818 4180 βασκανίᾳ
857 4111 1001 4163 τοῦτ’
1034 4111 1431 4180 εἰργασμένους
1458 4112 1743 4180 αἰσχῦναι,

170 4207 296 4258 καθ’
347 4206 406 4257 ἓν
463 4204 622 4264 τοῦτο
668 4204 827 4270 μόνον
874 4205 973 4254 οὐκ
1023 4202 1164 4266 εδοξε
1213 4203 1391 4263 καλῶς
1431 4203 1541 4254 οὐδ’
1582 4204 1745 4267 ἀξως

168 4298 373 4354 ἑαυτοῦ
419 4295 830 4367 βεϐουλεῦσθαι,
858 4294 935 4363 τῷ
960 4295 1056 4346 καὶ
1083 4295 1174 4346 τὸν
1199 4296 1498 4364 Γρηγόριον
1527 4297 1622 4348 ἕνα
1653 4297 1747 4348 τοῦ

162 4393 424 4444 τοιούτου
487 4390 789 4449 καταλόγου
845 4393 937 4440 καὶ
994 4389 1224 4457 ταυτησὶ
1272 4389 1371 4455 τῆς
1426 4391 1598 4458 φορᾶς
1652 4407 1748 4441 πε-

165 4485 463 4552 ποιῆσθαι,
535 4484 628 4533 καὶ
659 4483 757 4549 τὴν
807 4481 1049 4548 μεγάλην
1088 4479 1180 4531 τοῦ
1228 4480 1385 4546 λόγου
1425 4482 1608 4549 φωνὴν
1653 4483 1746 4533 καὶ

1924 3739 2138 3796 LXXX.
2180 3738 2446 3793 Cancrum
2489 3748 2546 3792 ut
2575 3737 2920 3792 laudabiliter
2950 3739 3051 3793 ista
3099 3741 3426 3809 excogitavt

1852 3833 2057 3904 pariter
2086 3847 2149 3886 ac
2181 3831 2442 3901 perfecit,
2476 3831 2825 3898 omniumque
2870 3832 2976 3884 sibi
3008 3831 3423 3886 admirationem

1854 3928 2062 3997 peperit
2093 3927 2344 3989 Basilius,
2372 3940 2436 3978 eo
2467 3924 2606 3990 quod
2649 3923 3000 3978 solertissime
3029 3922 3170 3975 viam
3209 3939 3428 3989 repere-

1852 4030 1956 4083 rat,
2022 4018 2325 4072 inconsulto
2381 4016 2611 4070 consilio
2665 4016 2892 4069 divisam
2946 4017 3299 4083 provinciam,
3334 4033 3421 4071 sa-

1852 4114 2064 4182 pienter
2113 4126 2299 4163 rursus
2350 4110 2402 4161 in
2436 4124 2599 4161 unum
2650 4108 2986 4160 conducendi
3038 4107 3426 4177 coniungendi-

1851 4219 1954 4272 que
1975 4245 1990 4270 ,
2017 4203 2328 4269 jnstumque
2348 4198 2479 4262 illis,
2511 4199 2599 4265 qui
2638 4199 2751 4250 banc
2777 4212 2922 4250 mera
2953 4198 3209 4251 adversus
3244 4200 3422 4266 ipsum

1854 4292 2225 4348 malevolentia
2275 4305 2338 4343 ac
2370 4289 2568 4341 invidia
2614 4288 2874 4342 stimulati
2915 4297 3214 4356 patrarant,
3264 4291 3418 4342 iucu-

1855 4386 2023 4440 tiendi
2061 4386 2341 4452 pudorem.
2383 4381 2459 4434 Ita
2495 4382 2546 4433 in
2602 4382 2703 4433 hoc
2751 4394 2858 4432 uno
2909 4380 3193 4443 duntaxat,
3247 4395 3427 4448 neque

1852 4479 2074 4541 bonum,
2122 4489 2298 4542 neque
2337 4490 2394 4525 sc
2426 4473 2664 4541 dignum,
2700 4471 2887 4525 iniisse
2935 4476 3080 4524 visus
3125 4479 3208 4525 est
3239 4473 3420 4525 consi-

162 4580 347 4628 πάντα
369 4592 438 4625 πε
452 4574 743 4645 ριηχοῦσαν
766 4578 830 4624 τὰ
853 4573 1085 4638 πέρατα,
1105 4573 1360 4642 Σασίμοις
1382 4577 1566 4641 φέρων
1588 4575 1750 4639 ἑγκα-
1774 4560 1818 4621 C

1749 4560 1818 4621 lC
1853 4570 2006 4633 lium,
2051 4568 2192 4636 quod
2228 4565 2554 4634 pontiﬁcalis
2592 4563 2751 4630 hujus
2779 4563 3004 4632 cataloigi
3037 4578 3099 4616 ac
3131 4579 3425 4630 proventus

161 4667 472 4734 ταστῆσαι,
506 4662 907 4732 παραπλήσιον,
938 4661 1123 4731 ὥσπερ
1151 4663 1237 4727 ἂν,
1276 4665 1324 4715 εἰ
1356 4667 1449 4715 καὶ
1481 4664 1570 4714 τὸν
1594 4664 1746 4731 ἥλιον

159 4763 404 4825 ἡξῗωσεν
458 4757 706 4810 ὁστισοῦν
751 4757 808 4806 ὲν
859 4755 1046 4823 φαύλῳ
1096 4756 1192 4824 τῆς
1241 4756 1344 4824 γῆς
1397 4755 1554 4823 μέρει
1612 4771 1743 4821 συγ-

159 4852 394 4903 κλείειν.

231 5125 346 5175 [lA'
383 5122 581 5172 Καίτοι
596 5120 642 5170 εἰ
657 5117 715 5170 τὸ
727 5117 848 5178 τοὺς
867 5115 1050 5175 ἁπλῶς
1065 5116 1446 5185 ἑταίρους,κᾶν
1460 5116 1532 5184 μὴ
1553 5116 1745 5168 πολλοῦ

156 5233 303 5278 τινος
349 5214 534 5272 ἄλλως
565 5211 707 5274 ἄξιοι
736 5209 972 5277 τύχωσιν
1002 5209 1171 5273 ὄντες,
1215 5212 1318 5260 τῶν
1348 5213 1571 5261 εἰκότων
1603 5210 1740 5260 ἀπο·
1780 5259 1783 5264 _

163 5312 390 5378 στερείν
419 5307 526 5357 οὐκ
564 5303 871 5364 ἐπαινετὸν,
906 5302 1020 5365 πῶς
1048 5303 1145 5354 οὐκ
1176 5303 1239 5355 ἂν
1275 5306 1359 5371 εἴη
1389 5303 1497 5354 τῶν
1528 5303 1744 5353 ἀτόπων

159 5400 257 5450 καὶ
296 5399 494 5465 πάσης
523 5394 917 5464 ἀγνωμοσύνης
947 5395 1143 5462 μεστὸν
1163 5433 1179 5458 ,
1210 5394 1338 5446 ὅταν
1368 5411 1449 5455 τις
1482 5395 1618 5461 μετὰ
1649 5395 1743 5444 τοῦ

157 5491 304 5541 πάνυ
339 5504 430 5538 τοι
478 5487 706 5554 μανικὸς
748 5487 983 5554 ἐραστής
1027 5501 1085 5535 τι
1125 5488 1217 5538 καὶ
1256 5483 1527 5553 ἐρώμενος
1569 5480 1744 5546 εἶναι,

157 5583 450 5651 βέλτιστος
479 5578 570 5630 διά
601 5579 820 5630 πάντων
853 5579 947 5629 καὶ
985 5577 1314 5645 πολλαχόθεν
1345 5578 1484 5645 ἔχων
1530 5575 1741 5643 θαυμά-

154 5677 384 5738 ζεσθαι.
419 5675 616 5725 ἔπειτα
679 5677 754 5740 μὴ
795 5671 892 5739 τῆς
930 5671 1251 5738 γιγνομένης
1286 5672 1435 5738 πσρὰ
1462 5672 1571 5730 τοῖς
1594 5668 1744 5720 ταῦτ’

230 5850 310 5921 (I)
345 5849 636 5904 Antlximo.

1853 4676 2013 4714 unum
2060 4660 2219 4712 etiam
2270 4656 2587 4724 Gregorium
2627 4655 2865 4716 fecisset,
2893 4665 2947 4706 et
2993 4669 3239 4722 magnam
3274 4655 3422 4706 illam

1849 4750 2010 4802 divini
2057 4748 2204 4800 Verbi
2239 4761 2443 4809 vocem,
2477 4759 2771 4811 omnesque
2813 4753 3076 4795 terrarum
3120 4744 3423 4810 pervaden-

1851 4852 1954 4895 tem
2015 4841 2168 4898 lines,
2198 4836 2423 4890 Sasiinis
2455 4835 2822 4901 imposuisset,
2869 4834 3008 4884 haud
3056 4832 3306 4884 dissimili
3341 4847 3426 4884 ra-

1853 4937 2018 4995 tione,
2038 4942 2198 5000 atque
2228 4930 2270 4982 si
2298 4929 2466 4981 solem
2500 4927 2767 4995 quispiam
2793 4924 3011 4993 ignobili
3041 4923 3224 4991 aliquo
3260 4932 3421 4976 terra:

1853 5026 1970 5078 loco
1995 5023 2305 5077 conclusum
2341 5020 2536 5073 abdere
2571 5018 2719 5070 velit.

1923 5115 2162 5170 LXXXI.
2202 5112 2322 5167 Jam
2376 5112 2419 5165 si
2475 5112 2682 5164 amicos
2723 5121 3096 5178 quoscunque,
3142 5111 3236 5176 qui
3266 5116 3424 5159 cate-

1856 5208 2011 5278 roqui
2041 5208 2180 5261 baud
2214 5220 2404 5272 magno
2434 5205 2720 5258 admodum
2749 5216 2973 5255 numero
3007 5200 3233 5267 locoque
3273 5211 3419 5259 sunt,

1856 5304 1921 5356 iis
1946 5317 2064 5370 qua:
2103 5315 2252 5368 requa
2299 5307 2352 5350 et
2386 5296 2760 5349 convenientia
2789 5303 2911 5346 sunt
2944 5290 3216 5354 Iraudare,
3247 5290 3422 5342 haud-

1855 5408 2123 5462 quaquam
2156 5392 2438 5442 honestum
2468 5401 2530 5439 ac
2556 5384 2819 5438 laudabile
2853 5385 3115 5444 habetur;
3150 5381 3424 5448 quomodo

1856 5499 1960 5536 non
1990 5485 2246 5533 absonum
2278 5479 2453 5548 plane,
2489 5486 2540 5530 et
2583 5477 2865 5543 iniquitate
2896 5473 3265 5543 plenissimum
3302 5471 3424 5523 fue-

1860 5577 1949 5638 rit,
1980 5576 2195 5641 quaudo
2241 5573 2332 5640 qui
2370 5585 2500 5637 pene
2558 5570 2748 5621 insano
2776 5566 3004 5633 alicujus
3036 5579 3222 5618 amore
3251 5568 3416 5631 depe-

1859 5669 1944 5728 iit,
1982 5681 2074 5718 nec
2104 5666 2282 5718 minus
2317 5662 2544 5715 invicem
2579 5659 2752 5712 eidem
2792 5659 3134 5720 rcdamatur;
3161 5655 3251 5723 qui
3284 5668 3423 5723 pre-
