4244 6428
716 430 830 496 2'99

1952 425 2352 486 THEODULI
2381 423 2732 486 MONACIII

3873 424 3984 486 300

718 542 991 600 universis
1031 543 1241 613 pariter
1271 541 1478 597 civibus
1507 537 1847 610 singulisque
1891 538 2071 593 luctus
2101 549 2218 592 erat
2247 547 2300 592 ct
2334 543 2370 597 Α

2334 543 2370 597 Α
2405 539 2532 591 ὄντα
2563 539 2827 592 κάλλιστα
2857 535 3079 589 πάντων
3109 523 3503 606 φιλοσοφήσας,
3539 533 3635 589 καὶ
3671 533 3868 596 πείσας
3906 537 3985 604 μὴ

715 647 975 706 pra-terra
1015 636 1080 690 de
1112 634 1313 697 anin'a,
1361 649 1423 686 ac
1459 642 1658 696 mente,
1699 647 1762 687 ac
1801 631 1931 696 vita,
1974 646 2035 685 ac
2069 632 2290 692 mundo,

718 731 986 796 rebusque
1019 741 1183 795 supra
1217 724 1530 786 mundanis,
1559 723 1858 792 quantique
1889 723 2014 775 item
2062 735 2297 789 praesen-

720 824 816 895 lin,
854 837 973 890 qua:
996 821 1135 874 nihil
1175 820 1466 874 admodum
1507 827 1657 880 sunt,
1693 826 1747 869 et
1775 815 1963 886 quanti
1996 829 2186 869 rursus
2215 814 2294 867 fu-

716 922 863 974 tura,
893 928 1014 982 qua:
1049 926 1238 965 revera
1282 918 1426 974 sunt,
1475 907 1656 962 facere
1707 907 2015 969 conveniat,
2051 905 2292 958 omnium

717 1005 1036 1071 gravissime
1074 1001 1377 1056 disserebat
1408 1019 1422 1054 :
1455 1002 1642 1055 adhazc
1687 1009 1878 1053 auctor
1910 999 2018 1051 illis
2056 1006 2195 1060 erat,
2229 1012 2296 1053 ne

717 1093 860 1147 beati
899 1093 998 1146 viri
1047 1094 1112 1146 de
1166 1095 1265 1146 hac
1298 1093 1404 1146 vita
1441 1092 1737 1146 discessum
1793 1088 2294 1143 l'crrentdolentins

716 1184 1159 1253 plangcrenlqtte,
1209 1197 1393 1234 verum
1443 1182 1739 1235 discessum
1788 1181 1936 1233 illum
1986 1181 2052 1232 ad
2101 1181 2291 1243 Deum,

717 1275 832 1328 sive
865 1290 1168 1336 accessum,
1207 1277 1321 1330 sive
1373 1273 1634 1337 reditum,
1665 1289 1757 1328 seu
1784 1276 2147 1341 quodcunque
2179 1275 2295 1329 cui-

715 1381 883 1434 quam
920 1364 1182 1434 placuerit
1220 1364 1565 1429 vocabulum,
1604 1379 1725 1418 esse
1752 1364 2062 1430 credentes,
2087 1365 2291 1420 laetanti

713 1458 892 1526 potius
940 1458 1124 1510 animo
1172 1467 1375 1521 essent,
1409 1457 1616 1526 illique,
1648 1466 1706 1511 ut
1739 1457 1832 1525 qui
1860 1473 2001 1512 unus
2049 1459 2292 1512 omnium

714 1551 871 1618 longe
910 1550 1017 1603 Deo
1070 1548 1449 1614 charissimus,
1479 1549 1706 1618 ejusque
1751 1548 1960 1603 ordinis
2011 1548 2288 1603 hominum

714 1640 871 1693 facile
931 1642 1185 1710 princeps
1252 1650 1431 1705 esset,
1501 1655 1716 1696 summo
1779 1642 2292 1712 congratularentur

713 1749 898 1803 opere.
939 1734 1126 1804 Neque
1178 1750 1306 1789 vero
1339 1734 1427 1789 hic
1475 1736 1724 1803 protinus
1770 1736 1839 1789 ab
1873 1734 2048 1790 oﬂicio
2096 1751 2294 1790 conso—

715 1829 855 1882 landi
895 1828 1268 1883 desistendum
1309 1828 1434 1894 sibi,
1463 1842 1644 1896 neque
1675 1844 1835 1882 unam
1869 1829 2028 1884 istam
2053 1829 2137 1882 sui
2171 1844 2291 1882 mu-

2401 633 2539 701 πρδς
2590 633 2690 701 τὴν
2737 629 2949 682 ἐνθένδε
2977 629 3072 682 τοῦ
3125 629 3319 698 ἀνδρὸς
3371 628 3644 699 ἐκδημίαν
3703 627 3992 696 δυσχερῶς

2397 723 2546 792 ἔχειν
2577 723 2670 775 καὶ
2706 722 3028 787 κόπτεσθαι,
3069 720 3210 773 ἀλλὰ
3257 722 3395 790 πρδς
3424 721 3516 774 τὸν
3548 719 3682 772 Θεὸν
3717 719 3990 788 ἐκδημίαν

2398 816 2495 868 εἴτ’
2533 816 2825 886 ἐνδημίαν,
2860 815 2957 868 εἰτ’
3012 816 3293 880 ἐπάνοδον,
3324 814 3426 867 εἴθ’
3447 817 3476 867 ὅ
3537 831 3591 866 τι
3619 814 3708 876 τὶς
3739 812 3992 882 βούλεται

2396 907 2602 977 ταύτην
2630 908 2989 976 νομίσαντας,
3021 905 3234 976 χαίρειν
3264 923 3326 958 τε
3363 908 3459 959 καὶ
3491 905 3670 974 τούτῳ
3697 901 3990 972 διαφερόν-

2396 1019 2503 1064 τως
2546 1001 2896 1071 συγχαίρειν,
2926 1004 3003 1062 ὼς
3032 1000 3193 1070 ὑπὲρ
3215 999 3429 1061 πάντας
3470 997 3714 1064 θεοφιλεί
3760 997 3856 1048 καὶ
3887 996 3994 1064 τῆς

2396 1095 2505 1148 τῶν
2533 1092 2797 1144 τοιούτων
2824 1090 3060 1162 φατρίας
3090 1089 3381 1160 φερομένῳ
3395 1088 3694 1158 ταπρῶτα.
3711 1088 3828 1140 Οὐκ
3849 1085 3994 1156 ᾣετο

2397 1185 2505 1238 δεῖν
2533 1182 2769 1236 ἐνταῦθα
2799 1182 3284 1254 τῆς-παραμυθίας
3314 1179 3564 1244 ἑστάναι,
3591 1178 3704 1232 οὐδ’
3731 1177 3990 1252 ἀποχρῆν

2396 1277 2586 1330 τοῦτον
2618 1277 2778 1343 μόνον
2803 1275 2903 1344 τὴν
2934 1274 3151 1343 ἔρανον,
3183 1273 3297 1355 ἀμ’
3325 1272 3455 1343 ἄχρι
3477 1271 3688 1333 παντὸς
3717 1273 3773 1333 ἐς
3799 1271 3989 1322 τελευ-

2395 1370 2494 1440 τὴν
2517 1369 2685 1440 αὐτὴν
2706 1371 2771 1438 τῇ
2800 1369 2969 1441 μητρὶ
2991 1366 3338 1437 παραμένειν
3373 1363 3438 1437 [ί.
3463 1359 3802 1433 παραμένει]
3830 1361 3995 1428 x1366-

2399 1475 2587 1528 μενος,
2617 1459 2970 1528 θεραπεύων·
2999 1457 3432 1527 ἐπιμελούμενος
3473 1455 3544 1508 τὰ
3571 1455 3781 1515 εἰκότα,
3806 1453 3997 1505 πᾶσαν

2394 1553 2469 1615 ὡς
2499 1554 2677 1604 εἰπεῖν
2704 1551 2976 1623 ’χορηγίαν
3010 1548 3274 1621 προνοίας
3335 1549 3644 1617 εἰσφέρων·
3678 1544 3904 1598 ἐπειδάν
3934 1543 3996 1595 δὲ

2395 1647 2428 1716 ἡ
2463 1646 2822 1714 προσήκουσα
2854 1646 3020 1714 μοῖρα
3050 1645 3145 1696 τοῦ
3180 1642 3295 1712 βίου
3359 1641 3620 1708 ἀπήγαγε
3658 1637 3758 1706 μὲν
3784 1637 3998 1704 ταύτην

2395 1739 2632 1803 ἐνθένδε,
2652 1739 2787 1805 πρὸς
2819 1737 2877 1790 δὲ
2907 1738 2997 1788 τὸν
3026 1735 3086 1788 ὃν
3114 1735 3171 1801 ἐξ
3204 1734 3380 1803 ἀρχῆς
3419 1732 3605 1784 ἐπόθει
3658 1730 3794 1783 Θεὸν
3826 1731 3996 1780 ἐπαν-

2397 1829 2601 1897 ήγαγε,
2640 1829 2725 1890 τίς
2759 1827 2863 1879 οὐκ
2895 1822 3037 1877 οἶδεν
3070 1824 3145 1883 ὡς
3175 1817 3256 1884 οἷς
3293 1822 3466 1890 αὐτὴν
3496 1821 3816 1888 τετιμήκει,
3847 1816 3998 1869 πάν·

714 1922 859 1975 ncris
890 1919 1243 1974 suffecturam
1275 1931 1508 1988 partem,
1538 1930 1711 1986 ratus,
1745 1930 2006 1991 perpetuo
2039 1921 2294 1988 deinceps
2327 1897 2368 1951 Β

2327 1897 2368 1951 Β
2398 1937 2497 1980 τας
2528 1918 2865 1988 ἐξέπληξενς
2898 1918 2996 1986 οὐχ
3026 1917 3101 1980 ὠς
3133 1915 3200 1969 ἄν
3230 1915 3377 1966 εἴποι
3409 1929 3500 1975 τις
3535 1911 3750 1981 μητέρα
3780 1909 3995 1977 τιμῶν·

713 2015 853 2081 apud
886 2023 1136 2076 matrem,
1177 2012 1356 2082 quoad
1397 2012 1510 2082 ipsa
1540 2013 1770 2077 viveret,
1816 2012 2116 2068 remansit:
2145 2027 2296 2067 como

717 2106 890 2160 modis
937 2104 1082 2157 illius
1129 2105 1395 2166 serviens,
1449 2104 1772 2172 obsequium
1820 2103 2142 2174 cultumque
2193 2105 2295 2158 tri-

2400 2011 2517 2066 άλλ*
2543 2009 2618 2074 ὡς
2646 2009 2768 2080 μάλ’
2791 2005 3074 2078 ἐρωμένην
3095 2007 3258 2070 Θεοῦ,
3277 2005 3371 2059 καὶ
3389 2001 3790 2074 νυμφευθεῖσαν
3817 1999 4001 2068 τούτῳ

2404 2107 2500 2159 καὶ
2529 2104 2639 2173 πρὸ
2666 2103 2766 2172 τῆς
2794 2102 3064 2172 κλήσεως.

716 2199 922 2260 Ιιυυιις,
986 2197 1508 2266 convenientemque
1556 2211 1751 2267 gerens
1802 2211 1991 2252 curam
2020 2237 2033 2262 ,
2083 2212 2300 2268 unoque
2337 2202 2530 2264 verbo,
2563 2201 2667 2268 piae
2698 2195 3043 2267 providazque
3069 2192 3453 2249 sollicitudinis
3505 2190 3715 2261 copiam
3775 2201 3998 2243 onmem

714 2301 957 2358 prompta
983 2290 1055 2342 illi
1082 2305 1242 2342 manu
1269 2292 1540 2359 praebens,
1573 2306 1734 2362 quam
1761 2291 1855 2346 ubi
1909 2291 2150 2346 debitum
2216 2294 2339 2348 vitae
2381 2292 2549 2346 fatum
2583 2306 2613 2345 e
2646 2291 2806 2344 terris
2829 2291 3174 2353 subductam,
3233 2289 3299 2341 ad
3330 2287 3520 2350 Deum,
3556 2300 3718 2354 quem
3743 2284 3810 2337 ab
3838 2285 3997 2335 incu-

714 2383 926 2437 nahnlis
957 2383 1069 2436 suis
1111 2397 1321 2436 summe
1361 2383 1722 2447 desideraret,
1770 2385 2009 2448 reduxit,
2058 2386 2181 2452 quis
2210 2395 2296 2441 est
2332 2387 2423 2456 qni
2461 2385 2692 2450 nesciat,
2716 2384 2939 2453 qttaipsi
2975 2384 3176 2449 pietate
3197 2380 3539 2450 parentaliat,
3622 2381 3674 2434 in
3738 2392 3994 2448 magnam

715 2488 904 2528 Omnes
965 2475 1269 2529 traduxisse
1336 2475 1796 2530 admirationem?
1856 2475 1972 2530 Non
2038 2477 2183 2531 enim
2243 2487 2302 2532 ut
2339 2478 2500 2532 matri
2543 2475 2693 2531 illum
2734 2490 2866 2542 suae,
2907 2475 3003 2531 sed
3045 2484 3103 2529 ut
3150 2474 3311 2529 unice
3383 2472 3492 2528 Deo
3532 2472 3763 2538 dilectae,
3832 2473 3998 2541 eique

716 2574 877 2627 etiam
920 2573 1234 2638 priusquam
1286 2583 1472 2626 vocata
1521 2571 1714 2626 fuisset
1749 2576 2052 2643 desponsae,
2100 2584 2418 2644 parentasse
2452 2575 2683 2628 dixeris.

786 2663 1042 2720 LXXXV.
1089 2663 1248 2732 Atqui
1286 2675 1540 2732 parentes
1565 2681 1692 2721 suos
1717 2667 1934 2722 maximi
1969 2670 2170 2735 facere,
2204 2671 2286 2724 di-

715 2757 942 2826 gnisqtte
985 2755 1160 2809 colere
1207 2757 1527 2821 honoribus,
1583 2756 1831 2826 nihilque
1877 2759 2016 2813 adeo
2061 2771 2290 2827 prater-

713 2848 931 2901 mittere
959 2863 1147 2901 eorum
1197 2862 1316 2916 qua:
1352 2848 1488 2917 ipsis
1533 2858 1790 2917 praestare
1818 2848 1908 2916 jus
1940 2865 2002 2904 ac
2043 2849 2125 2904 fas
2179 2861 2286 2918 est,

714 2941 842 2995 illud
890 2957 994 2993 non
1041 2941 1292 2995 maximae
1337 2956 1470 2995 sane
1514 2940 1658 2995 laudi
1690 2941 1927 3008 ducitur,
1958 2944 2158 3012 quippe
2200 2945 2290 3012 ju-

715 3051 858 3088 stum
900 3034 1055 3101 plane
1089 3033 1458 3102 debitumque.
1497 3033 1717 3088 Scilicet
1749 3044 1808 3088 ut
1848 3035 2153 3104 neglectum
2188 3035 2292 3090 hoc

722 3127 940 3193 pietatis
973 3125 1205 3178 oﬂieium
1261 3124 1640 3191 gravissimam
1689 3124 2161 3192 reprehensionem
2192 3125 2292 3178 ba-

720 3220 826 3278 hcl,
856 3228 909 3269 et
943 3217 1110 3269 divini
1141 3220 1303 3270 etiam
1357 3217 1609 3285 praecepti
1659 3216 1822 3284 impia
1860 3217 2145 3285 abrogatio
2187 3225 2292 3279 est,

720 3314 792 3364 ita
846 3317 1128 3364 serVatum
1189 3309 1554 3376 obitumque,
1605 3309 1812 3363 nullam
1873 3311 2068 3376 recipit
2128 3311 2301 3363 admi-

721 3405 1004 3466 rationem,
1049 3405 1267 3470 quaudo
1309 3401 1450 3467 quod
1485 3416 1697 3468 acquum
1737 3411 1823 3455 est
1864 3403 2128 3457 duntaxat
2176 3418 2304 3471 per-

722 3497 971 3558 sulritur,
1018 3492 1276 3563 quidquid
1320 3505 1502 3546 autem
1552 3508 1763 3560 aequum
1801 3507 1898 3561 per
1929 3507 1990 3548 se
2033 3505 2138 3557 est,
2167 3495 2298 3548 illud

720 3587 878 3640 uilicii
920 3588 1242 3640 necessitate
1268 3584 1480 3648 nititur,
1515 3593 1570 3638 at
1597 3584 1893 3641 necessitas
1928 3599 2120 3638 rursus
2159 3586 2304 3638 nulla

719 3663 955 3735 donatur
983 3692 1206 3731 corona.
1260 3676 1490 3739 Quando
1523 3677 1622 3728 hoc
1660 3676 1832 3741 ipsum
1865 3676 2124 3741 oﬂicium,
2158 3685 2304 3732 tanta

720 3789 842 3825 cum
884 3770 1210 3824 excellentia
1259 3772 1375 3821 viro
1421 3768 1726 3834 justissimo
1775 3767 2076 3836 perfectum
2109 3780 2214 3832 est,
2243 3783 2300 3824 nt

722 3865 788 3913 ad
851 3863 1056 3913 nullum
1119 3874 1437 3925 expressum
1494 3861 1794 3928 exemplar,
1843 3875 2032 3913 verum
2082 3864 2297 3917 unicum

719 3954 843 4006 aliis
888 3952 1130 4006 futurum
1166 3951 1592 4019 silexetnplum,
1647 3955 1782 4004 adeo
1811 3967 1944 4006 sane
1993 3968 2192 4023 magno
2240 3955 2302 4008 il-

723 4047 816 4098 lud
846 4047 896 4094 in
933 4043 1105 4111 pretio
1157 4041 1462 4095 habendum
1510 4052 1616 4101 est,
1647 4050 1703 4093 ut
1732 4042 1776 4094 si
1809 4041 1861 4094 id
1898 4056 2006 4095 non
2036 4044 2298 4111 singulari

2463 2669 2590 2725 ΠΒ.
2612 2670 2686 2722 Τὸ
2707 2669 2887 2739 μὶνζδὴ
2905 2669 3036 2731 τοὺς
3074 2667 3516 2738 γεννησαμένους
3554 2667 3681 2734 περὶ
3737 2662 3929 2716 πλεεστ
3963 2675 3996 2710 υ

2392 2761 2684 2824 ποιεῖσθαι,
2704 2761 2804 2814 καὶ
2831 2763 3000 2832 τιμᾷν
3023 2763 3096 2814 τά
3113 2761 3431 2832 γιγνόμενα,
3456 2759 3550 2811 καὶ
3583 2757 3749 2827 μηδὲν
3775 2757 3995 2808 ἀνιέναι

2395 2852 2505 2904 τῶν
2531 2854 2633 2905 ὅσα
2655 2869 2719 2920 γε
2748 2853 2826 2915 είς
2869 2853 3069 2915 αὐτοὺς
3130 2853 3394 2921 πράττειν
3458 2850 3636 2913 εἰκὲς,
3675 2847 3998 2917 θαυμαστδι

2393 2943 2567 3008 οὐδὲν,
2605 2945 2659 2997 εί
2685 2947 2784 2997 καὶ
2845 2944 2959 2997 τῶν
2991 2944 3132 2998 πάνυ
3186 2945 3448 2998 δικαίων·
3501 2942 3772 3010 ὀφείλεται
3836 2942 3946 3008 γάρ
3975 2954 3992 2971 ·

2396 3036 2533 3090 ἀλλὰ
2565 3035 2639 3106 μὴ
2659 3036 2953 3106 γενόμενον
2974 3037 3093 3107 μὲν,
3127 3036 3387 3106 μέμψεως
3423 3036 3485 3088 οὐ
3533 3036 3737 3104 μ.κράς
3769 3033 3838 3086 ἂν
3869 3035 3986 3099 εἴη,

2401 3132 2497 3185 καὶ
2527 3133 2754 3203 προσέτ’
2773 3131 3036 3202 ἀθέτησις
3062 3131 3302 3200 ἐντολῆς·
3352 3131 3644 3198 γενόμενον
3676 3129 3754 3192 δὲ,
3783 3129 3884 3182 οὐκ
3914 3127 3994 3181 ἔτ’

2358 3247 2367 3289 ,
2404 3222 2471 3274 ἂν
2495 3222 2799 3290 ἐπιδέχοιτο
2822 3221 3030 3292 θαῦμα·
3061 3221 3120 3274 τὸ
3151 3223 3259 3290 γάρ
3284 3221 3429 3282 εἰκός
3468 3221 3617 3272 ἐστιν
3645 3219 3986 3272 ἐκτιννύναι·

2404 3315 2513 3366 πᾶν
2537 3313 2594 3367 δὲ
2614 3314 2677 3367 ab
2701 3314 2875 3379 εικδς,
2894 3313 3154 3382 ἀνάγκης
3173 3313 3448 3380 δήπουθεν
3467 3313 3725 3382 ἢρτηται·
3766 3312 3994 3381 ἀνάγκη

2404 3406 2462 3459 δὲ
2491 3408 2907 3474 ἀστεφάνωτον·
2944 3405 3038 3459 νῦν
3090 3405 3146 3458 δὲ
3176 3399 3258 3467 οἷς
3317 3404 3454 3457 αὐτὸ
3511 3403 3653 3473 μετὰ
3717 3402 3994 3469 τοσαύτης

2409 3495 2714 3566 ὑπερϐολῆς
2747 3497 3112 3568 κατώρθωται
3139 3496 3216 3566 τῷ
3246 3497 3470 3567 δικαίῳ,
3497 3494 3571 3558 ὡς
3604 3496 3732 3565 μήδ’
3767 3498 3853 3557 εἰς
3887 3512 3994 3547 πα·

2411 3587 2682 3659 ράδειγμα
2726 3589 2935 3658 φέρειν·
2971 3587 3089 3641 ἀλλ’
3118 3588 3252 3640 αὐτὸ
3278 3587 3441 3640 τοῦτο
3473 3587 3634 3656 μόνον
3660 3581 3810 3639 εἶναι
3869 3587 3988 3648 τοῖς

2411 3680 2589 3742 ἄλλοις
2609 3681 2996 3750 παράδειγμα,
3026 3677 3170 3731 οὕτω
3198 3677 3396 3731 πολλοῦ
3424 3680 3568 3740 τινός
3598 3680 3747 3730 ἐστιν
3807 3677 3984 3742 ἀξιον,

2407 3771 2483 3834 ὡς
2511 3772 2559 3823 εί
2596 3771 2670 3840 μὴ
2700 3771 2904 3840 σφόδρά
2931 3787 3015 3831 τις
3036 3771 3311 3839 ἐπαινοίη,
3338 3768 3448 3820 οὔτ’
3483 3767 3553 3821 ἂν
3582 3770 3697 3830 τοῖς
3722 3769 3990 3836 ’πράγμα-

2410 3876 2493 3914 σιν
2526 3861 2701 3931 ὀρθῶς
2723 3861 2937 3930 διαιτᾷν
2962 3860 3165 3924 δόξειεν
3190 3860 3277 3923 ἂν,
3315 3863 3407 3913 καὶ
3440 3859 3736 3928 βασκανίας
3768 3861 3989 3910 ἁλίσκε-

2409 3955 2554 4007 σθαι·
2595 3955 2830 4024 πρᾶγμα
2883 3953 3140 4006 τοσοῦτον
3201 3952 3386 4016 ἁπλῶς
3440 3952 3708 4014 ὲπαινῶν,
3765 3957 3860 4004 καί
3906 3951 3988 4021 μὴ

2403 4047 2688 4116 κατάκρας
2728 4045 3045 4114 θαυμάζων.

722 4140 988 4209 quispiam
1023 4137 1174 4189 laude
1206 4135 1428 4199 aﬂiciat,
1462 4136 1552 4189 ille
1581 4150 1757 4203 neque
1790 4151 1978 4206 mquus
2010 4152 2190 4191 rerum
2222 4140 2427 4196 arbiter
2459 4157 2579 4197 esse
2607 4143 2877 4206 videatur,
2906 4151 2961 4196 et
2987 4142 3301 4196 invidentia:
3331 4156 3390 4196 se
3425 4141 3592 4196 simul
3624 4142 3823 4211 alliget.
3847 4141 3987 4194 Ihm

726 4238 928 4285 tantam
968 4227 1219 4278 videlicet
1247 4225 1478 4292 simplici
1515 4225 1670 4278 modo
1715 4226 1897 4291 laude,

793 4316 1076 4372 LXXXVI.
1131 4317 1274 4370 ldent
1325 4328 1585 4384 pra-terea
1621 4320 1710 4372 uhi
1757 4317 2155 4376 Nazianzenam
2193 4323 2295 4376 Ec-

723 4416 942 4466 clestatn
975 4429 1096 4465 eum
1123 4415 1225 4465 hoc
1259 4423 1476 4482 pastme
1502 4414 1554 4464 in
1587 4413 1805 4467 modum
1837 4425 2045 4482 pastum
2079 4417 2292 4482 viderit,

727 4514 782 4557 ul
818 4519 980 4570 supra
1010 4503 1144 4556 alias
1168 4519 1359 4555 tntines
1389 4507 1452 4555 ad
1482 4505 1734 4556 virtutum
1773 4508 2041 4574 iidetnque
2092 4509 2299 4575 optime

1970 4244 2076 4282 non
2124 4245 2336 4284 summa
2406 4232 2765 4285 admiratione
2807 4234 3125 4287 honestatis.

2472 4326 2514 4376 ll
2524 4323 2663 4389 (7.1(
2674 4327 2726 4376 αὶ
2747 4327 2854 4395 μὴν
2866 4327 2992 4379 ὅταν
3002 4327 3138 4396 πρὸς
3147 4327 3430 4396 τούτῳκαὶ
3447 4326 3546 4396 τὴν
3558 4326 3666 4380 τῶν
3679 4326 3990 4398 Ναζωνξη·

2406 4415 2513 4466 νῶν
2532 4417 2861 4487 Ἐκκλησίαν
2891 4417 3064 4482 οὕτως
3094 4418 3189 4470 ὑπ’
3210 4419 3376 4471 αὑτοῦ
3409 4422 3848 4490 ποιμαινομένην
3881 4439 3987 4474 κα-

2403 4509 2544 4577 τίδῃ,
2580 4509 2652 4570 ὡς
2687 4509 2822 4578 πρὸς
2852 4511 3052 4580 άρετήν
3083 4527 3139 4562 τε
3175 4512 3268 4562 καὶ
3295 4512 3480 4562 πίστιν
3513 4513 3653 4581 ὑπὲρ
3679 4513 3862 4574 πάσας
3884 4513 3989 4578 τὰς

725 4605 1039 4661 comparata
1093 4607 1158 4646 ac
1205 4595 1539 4646 consolidat-tt
1589 4605 1778 4657 esset,
1829 4597 1896 4649 ab
1944 4612 2118 4664 eoque
2163 4598 2296 4665 justi
2333 4632 2377 4684 Β

2333 4632 2377 4684 D
2406 4600 2573 4660 ἄλλας
2613 4600 2979 4668 κατηρτίσθαι
3012 4602 3104 4653 καὶ
3151 4601 3426 4668 ήδράσθαι
3457 4604 3553 4654 καὶ
3590 4602 3756 4654 καλοῦ
3786 4605 3882 4655 καὶ
3909 4604 3992 4656 δι-

726 4696 902 4744 omnis
934 4699 989 4742 et
1043 4690 1255 4742 honesti
1303 4690 1534 4742 maxima
1573 4692 1878 4758 accepisset
1923 4693 2297 4770 incitamenta,

722 4796 832 4850 quo
863 4781 1036 4848 ipsum
1071 4791 1228 4847 pacto
1261 4795 1362 4832 non
1397 4781 1726 4849 impensiore
1767 4782 1948 4835 studio
1977 4784 2298 4850 admiretur,

724 4872 813 4939 qui
865 4883 971 4922 tam
1017 4870 1198 4922 inultis
1260 4872 1706 4939 admirandisque
1771 4874 1975 4938 pariter
2030 4874 2302 4928 enituerat

731 4962 1061 5026 Vtt'tuttbns;
1092 4962 1183 5028 qui
1224 4965 1588 5031 omnibusque
1629 4965 1681 5015 ιιι
1717 4964 1880 5018 rebus
1917 4965 1992 5017 ita
2018 4966 2302 5034 magniﬁce

733 5054 1163 5122 cxi-clienterque
1191 5067 1436 5108 versatus
1468 5055 1665 5117 fuerat,
1697 5056 1844 5108 velut
1877 5057 1931 5110 in
1960 5071 2020 5112 re
2067 5058 2299 5124 quadam

727 5163 833 5201 una
881 5147 1156 5212 sigillatim
1188 5147 1211 5200 ?
1243 5147 1398 5216 c’njus
1441 5148 1564 5202 ideo
1597 5160 1704 5202 tam
1746 5151 1949 5204 eximio
1976 5151 2160 5205 omnis
2199 5150 2305 5203 Na-

740 5241 1110 5290 zianzenorum
1156 5239 1349 5292 civitas
1397 5248 1554 5307 capta
1601 5254 1787 5293 amore
1819 5251 1961 5306 erat,
2011 5242 2090 5294 sic
2121 5242 2298 5310 ipsum

730 5341 980 5398 tanquam
1025 5333 1362 5384 conditorem
1417 5347 1572 5385 suum
1617 5343 2193 5402 conservatoremque,
2247 5346 2302 5390 et

725 5421 1022 5488 spiritualis
1071 5423 1383 5474 animarum
1435 5423 1788 5476 beatitudinis
1842 5433 2116 5476 auctorem
2167 5441 2300 5492 prai-

727 5516 1038 5582 stitumquc,
1091 5528 1257 5580 penes
1287 5530 1348 5568 se
1383 5501 1950 5580 retinerestudebat,
1992 5529 2052 5570 ut
2082 5519 2300 5586 quidvis

727 5606 930 5670 perpeti
966 5601 1167 5665 mallet,
1200 5617 1360 5669 quam
1393 5597 1505 5655 uiio'
1534 5604 1714 5672 ipsum
1753 5605 1916 5658 modo
1955 5606 2178 5660 missum
2212 5607 2297 5662 fa-

726 5711 868 5747 cere.
907 5696 972 5746 At
1000 5693 1313 5763 Gregorius.
1367 5707 1424 5749 ut
1456 5708 1768 5766 perpetuam
1807 5702 1945 5766 apud
1991 5703 2108 5754 illos
2144 5719 2298 5753 inan-

726 5802 954 5852 smnem,
1001 5789 1267 5857 siquidem
1312 5788 1430 5844 ﬁeri
1475 5791 1526 5843 id
1579 5807 1684 5845 non
1737 5803 1940 5857 posset,
1977 5797 2292 5848 abnuebat:

726 5880 800 5932 sic
851 5889 1075 5933 eatenus
1123 5882 1376 5948 precibus
1419 5882 1629 5937 illorum
1673 5884 1853 5936 locum
1895 5888 2076 5951 dabat,
2124 5887 2297 5942 donec

2406 4690 2562 4744 καίου
2593 4693 2794 4754 παντὸς
2816 4692 3000 4744 λαῦεἰν
3037 4693 3288 4745 ἐντεῦθεν
3347 4694 3552 4763 μᾶλλον
3599 4694 3979 4764 τούνδὸσιμον,

2405 4784 2522 4847 πῶς
2553 4786 2653 4836 οὐκ
2680 4785 2745 4837 ἂν
2772 4785 2933 4837 αὐτὸν
2993 4785 3322 4854 ἐκπλαγείη,
3359 4785 3676 4854 θαυμαστὸν
3699 4788 3760 4839 ἐν
3797 4791 3988 4857 ταυτῷ

2403 4876 2489 4929 διὰ
2513 4877 2742 4930 πάντων
2773 4879 3033 4944 φανέντα,
3070 4879 3166 4930 καὶ
3190 4879 3362 4930 πᾶσιν
3417 4877 3716 4947 ὑπερφυῶς
3773 4879 3850 4939 ὡς
3899 4882 3987 4933 ἐνί

2403 4972 2465 5036 γέ
2485 4985 2563 5038 τῳ
2601 4973 2980 5038 χρησάμενονς
3010 4963 3070 5023 οὗ
3108 4969 3501 5040 Ναζιανζηνῶν
3535 4973 3634 5040 μὲν
3665 4973 3855 5033 ἄπα.ςό
3882 4973 3990 5041 δῆ-

2407 5077 2506 5128 μος
2532 5057 2676 5111 οὓτω
2696 5059 3064 5130 διαφερόντως
3097 5060 3340 5122 ἁλόντες,
3368 5059 3541 5121 οὕτως
3561 5061 3724 5113 αὑτὸν
3753 5060 3828 5123 ὡς
3845 5064 3990 5114 οἰκ.-

2404 5152 2539 5221 στήν
2554 5168 2684 5204 τινα
2711 5153 2811 5204 καὶ
2842 5153 3093 5222 σωτῆρα,
3121 5155 3221 5204 καὶ
3243 5153 3355 5222 τῆς
3381 5151 3531 5204 κατὰ
3555 5151 3735 5222 ψυχὴν
3760 5217 3766 5223 ,
3807 5154 3991 5206 εὐδαι-

2409 5246 2597 5313 μονίας
2627 5245 2862 5313 χορηγὸν
2877 5246 2971 5296 καὶ
2995 5246 3312 5313 προστάτην
3337 5245 3469 5313 παρ’
3493 5245 3709 5305 ἑαυτοῖς
3732 5245 3991 5313 κατέχειν

2403 5336 2710 5397 ἐϐούλοντο,
2740 5335 2816 5399 ὡς
2852 5336 3012 5389 πάντ’
3036 5337 3101 5388 ἂν
3129 5335 3344 5389 ἑλέσθαι
3397 5337 3624 5398 παθεῖν,
3689 5337 3721 5404 ἦ
3789 5337 3988 5390 τούτου

2400 5428 2495 5478 καὶ
2523 5428 2729 5498 ὁπῃοῦν
2755 5426 3112 5494 ἀποσχέσθαι.
3156 5427 3218 5478 '0
3237 5426 3293 5480 δέ
3323 5427 3384 5478 τὸ
3421 5429 3520 5495 μὲν
3547 5429 3626 5489 εἰς
3654 5427 3802 5480 ἅπαν
3827 5430 3989 5480 άπεί-

2402 5532 2528 5580 πεν,
2559 5517 2678 5568 ούδέ
2712 5517 2822 5586 γὰρ
2846 5511 2961 5568 οἷόν
2990 5516 3430 5588 τε·,ὲπιτοσοῦτο
3483 5518 3538 5569 δὲ
3579 5519 3646 5586 τῇ
3696 5517 3850 5585 σφῶν
3874 5513 3988 5583 εἶξε

2403 5611 2724 5680 προκλήσει,
2749 5610 2852 5672 ἕως
2865 5612 3060 5678 ’ἑτέρου
3091 5610 3154 5678 δή
3184 5627 3328 5672 τινος
3361 5610 3672 5679 φροντιοῦσι
3697 5611 3990 5679 ποιμένος·

2403 5699 2462 5757 οὗ
2499 5707 2811 5770 γεγονότος,
2842 5705 3001 5763 αὐτὸς
3031 5709 3246 5758 ἐκεῖῠεν
3274 5709 3524 5774 ἀπάρας,
3560 5705 3854 5772 καταλαμδ
3869 5705 3988 5757 άνει

2407 5799 2747 5852 Σελεύκειαν·
2777 5804 2870 5853 καὶ
2901 5801 3088 5870 χρόνον
3117 5801 3237 5870 οὐχὶ
3273 5799 3466 5866 συχνὸν
3499 5798 3743 5851 ἐνταυθοῖ
3772 5798 3991 5868 auspi-

2403 5892 2530 5957 ψας,
2565 5896 2589 5944 ὁ
2615 5895 2711 5963 μὲν
2743 5894 2936 5950 Πόντον
2968 5896 3186 5954 ἐνενόει,
3223 5895 3313 5945 καὶ
3364 5892 3458 5967 τὴν
3513 5891 3778 5948 Ποντικὴν
3838 5891 3989 5943 3w—
