4232 6432
182 445 281 510 329

1048 448 1434 509 ιΑυῡΑΤΙΟ
1473 452 1528 507 S.
1561 446 1939 507 GREGORII
1984 447 2396 507 THEOLOGI.

3308 424 3423 495 330

182 558 346 608 θωται
367 572 380 585 ο
413 556 540 623 ὅσγε
567 555 658 608 καὶ
684 555 806 618 τοὺς
832 556 927 624 τῆς
949 555 1229 618 εὐσεϐείας
1260 557 1626 618 ὑπασπιστὰς,
1653 553 1743 606 καὶ
1777 558 1820 609 Α
1849 570 1853 606 ι

1739 593 1743 602 .
1777 558 1820 609 Α
1849 554 2126 608 niensibus
2160 556 2225 608 de
2253 551 2438 607 Persis
2464 559 2671 605 statura
2724 548 2908 611 fuere;
2970 548 3085 603 haec
3130 556 3317 601 nostro
3346 549 3410 602 de

185 650 375 717 μέχρις
426 649 677 716 αἱμάτων
740 646 1165 716 ἠγωνισμένους,
1227 643 1307 710 οἷς
1368 647 1744 718 προσειρήκει,

182 738 285 787 τῶν
334 738 563 799 εἰκότων
590 738 788 800 αὐτοὺς
835 735 1093 802 ἀξιώσας,
1124 732 1205 800 οἷς
1256 739 1461 790 τούτων
1488 737 1744 806 ἠξίωσεν,

182 829 269 878 ἐπὶ
293 828 361 879 τὰ
393 829 483 879 ἴσα
511 829 603 880 καὶ
630 828 753 887 τοὺς
801 822 992 890 ἄλλους
1038 828 1439 897 προτρέπεται·
1472 827 1647 880 ταῦτα
1678 828 1742 898 δὴ

179 914 348 966 ταῦτα
387 915 525 966 κάπὶ
555 914 662 966 τῶν
690 914 779 966 τοῦ
813 912 1049 982 Χριστοῦ
1076 915 1388 983 μυστηρίων
1415 914 1559 966 ἔστιν
1580 914 1712 985 όρᾷν
1731 930 1744 945 ·

180 1004 387 1067 τούτοις
412 1023 473 1057 τε
523 1006 633 1075 γὰρ
670 1006 766 1076 τὴν
813 1007 1139 1076 γιγνομένην
1200 995 1526 1060 ἀποδεδώκει
1569 1006 1751 1071 ξυντέ-

181 1096 347 1157 λειαν,
376 1098 551 1166 αἴρων
655 1096 812 1164 θέμις
851 1097 928 1166 τῷ
956 1097 1100 1167 λόγῳ
1132 1100 1227 1150 καὶ
1256 1098 1390 1167 πρὸς
1420 1097 1517 1168 τὴν
1542 1098 1749 1151 τούτων

182 1188 421 1257 κατοχὴν
484 1189 577 1240 καὶ
623 1188 885 1257 βακχείαν
910 1188 1000 1240 τὸν
1060 1188 1333 1259 ἀκροατὴν
1386 1188 1748 1258 ξυνεπαίρων,

181 1282 273 1333 καὶ
305 1281 476 1332 πᾶσιν
512 1279 785 1343 ὲξεκείνου
812 1278 976 1349 μέχρι
1002 1278 1095 1331 τοῦ
1125 1278 1284 1348 δεῦρο
1311 1282 1619 1350 παρεγγυᾷ,
1642 1296 1754 1333 τοι·

181 1370 370 1432 οὖτους
394 1370 457 1438 δή
478 1386 629 1431 τινας
667 1365 807 1421 εἶναι
860 1371 987 1433 τοὺς
1028 1374 1153 1437 περὶ
1178 1369 1309 1421 Θεοῦ
1343 1372 1437 1423 καὶ
1460 1370 1569 1422 τῶν
1595 1370 1753 1423 θείων

180 1463 359 1526 λέγειν
404 1460 717 1529 τολμῶντας
738 1475 753 1489 ·
787 1460 883 1513 καὶ
917 1459 1103 1512 σιωπῶ
1127 1459 1225 1531 τὴν
1254 1461 1454 1531 ἀκριϐῆ
1479 1462 1589 1514 τῶν
1611 1463 1753 1529 Γρα-

184 1553 297 1620 φὼν
321 1551 577 1619 ἔρευναν,
617 1551 710 1602 καὶ
735 1549 836 1618 τὴν
860 1551 923 1602 ὲκ
949 1549 1142 1619 βάθους
1195 1553 1288 1615 καὶ
1320 1552 1563 1618 σκότους,
1591 1553 1666 1615 ὼς
1691 1554 1756 1607 ἄν

180 1661 259 1703 τις
288 1644 460 1704 εἴποι,
504 1640 638 1702 πρὸς
692 1640 807 1709 φῶς
841 1640 1066 1710 τρισσὴν
1108 1639 1401 1705 ἀνάπτυξιν
1432 1643 1632 1695 τούτων
1661 1644 1757 1697 καὶ

182 1736 439 1805 Θεωρίαν,
459 1734 533 1795 ὡς
561 1732 898 1802 πανταχόθεν
924 1733 1090 1796 αὐτὰς
1117 1732 1339 1795 ξυνετὰς
1365 1734 1567 1789 ἅπασιν
1591 1731 1755 1792 εἶναι.

182 1829 259 1879 Τὰ
308 1828 411 1894 μὲν
456 1824 519 1889 δὴ
568 1824 709 1875 κατὰ
730 1823 858 1885 τοὺς
887 1822 1077 1890 λόγους
1112 1822 1285 1893 τούτῳ
1323 1825 1535 1879 τοιάδευ
1571 1829 1666 1879 καὶ
1687 1830 1753 1880 τι

1850 645 2052 701 Christi
2086 646 2151 701 de
2185 644 2552 716 perduellibus
2599 642 2831 697 feliciter
2866 651 3067 695 erecta.
3113 638 3215 705 Qui
3245 638 3411 693 etiam

1850 737 1975 790 dum
1998 737 2212 805 pietatis
2232 735 2552 803 armigeros,
2576 751 2594 784 ι
2617 740 2673 787 et
2694 731 2785 801 qui
2817 732 2881 784 ad
2905 730 3219 799 sanguinem
3246 745 3414 797 usque

1850 827 2193 881 decertarunt
2213 828 2280 891 ",
2309 845 2327 878 ι
2355 826 2467 880 suis
2500 824 2898 879 laudationibus
2929 838 2994 876 ex
3029 823 3221 877 merito
3247 822 3417 875 hono-

1850 918 2022 984 rabat,
2052 919 2153 972 hoc
2181 918 2298 986 ipso
2327 916 2469 984 quod
2500 914 2619 969 illos
2635 914 2715 968 sic
2741 914 3074 978 honestaret,
3093 912 3322 967 aliorum
3346 911 3412 965 ad

1853 1010 2001 1078 paria
2025 1009 2320 1062 certamina
2341 1008 2550 1061 animos
2569 1007 2813 1060 acuebat.
2835 1003 2958 1057 Haec
2971 1005 3157 1057 eadem
3175 1005 3230 1058 in
3245 1006 3418 1058 sacris

1853 1101 2015 1154 etiam
2067 1098 2267 1153 Christi
2303 1098 2582 1168 mysteriis
2619 1098 2803 1151 videre
2844 1095 3009 1160 licet;
3053 1109 3173 1147 nam
3205 1107 3261 1148 et
3307 1096 3412 1156 bis,

1853 1204 2014 1259 quam
2072 1190 2324 1244 conferre
2360 1188 2586 1243 decebat
2637 1195 2844 1257 partem
2889 1186 3143 1248 reddidit,
3193 1199 3299 1252 qua
3335 1186 3418 1238 l'as

1854 1282 2224 1352 pinmqueest,
2251 1280 2432 1351 verbis
2458 1278 2741 1341 extollens,
2775 1286 2831 1333 et
2858 1278 2923 1331 ad
2937 1292 3124 1332 eorum
3154 1275 3417 1340 amatum,

1856 1372 2205 1439 divinumque
2235 1369 2499 1431 furorem,
2528 1382 2633 1422 una
2673 1369 2977 1422 auditorem
3002 1369 3272 1422 excitans.
3302 1366 3421 1431 Quo

1858 1463 1998 1517 idem
2042 1463 2312 1526 omnibus,
2366 1475 2432 1515 ex
2477 1460 2569 1514 illo
2620 1469 2862 1528 tempore
2905 1460 2972 1511 ad
3024 1459 3127 1513 hoc
3155 1472 3419 1526 pmsens,

1856 1555 2163 1618 denuntiat,
2197 1552 2436 1621 ejusdem
2473 1552 2616 1605 modi
2666 1564 2789 1605 esse
2820 1550 3038 1615 debere,
3065 1551 3157 1618 qui
3195 1552 3262 1603 de
3311 1549 3420 1603 Deo

1858 1646 2130 1714 rebusque
2163 1644 2364 1699 divinis
2396 1644 2560 1696 verba
2607 1641 2791 1695 iacere
2818 1642 3069 1694 audeant.
3103 1639 3282 1693 Taceo
3324 1654 3423 1691 an-

1860 1747 1966 1791 tem
1994 1752 2141 1791 nunc
2159 1736 2624 1789 accnratissimam
2668 1742 2981 1787 sanctarum
3015 1730 3419 1799 Scripturarum

1859 1827 2389 1897 pervestigationent,
2431 1834 2487 1878 et
2535 1825 2602 1878 de
2662 1822 2950 1875 altitudine
2997 1830 3161 1889 atque
3191 1820 3423 1889 caligine

185 1891 355 1972 πλείω
410 1920 659 1987 παρῆκεν
690 1917 716 1968 6
758 1914 937 1982 λόγος,
987 1891 1377 1968 ἑκκλίνωνήτὺν
1419 1917 1613 1987 κόρον,
1662 1920 1757 1971 καὶ
1792 1891 1837 1949 Β

1749 1939 1757 1971 ι
1792 1891 1837 1949 Β
1862 1891 1980 1979 sua,
2026 1891 2211 1970 utvsic
2248 1916 2555 1982 loquamur,
2605 1912 2671 1965 ad
2715 1911 2914 1977 lucem,
2946 1910 3208 1980 triplicem
3237 1924 3420 1962 earum

183 2010 299 2078 ἃμα
336 2007 518 2061 πάντα
584 2006 800 2059 πάντων
868 2005 1104 2068 εἰδότων,
1133 2003 1235 2057 κᾶν
1273 2007 1431 2075 ἡμεῖς
1460 2009 1535 2079 μὴ
1586 2010 1755 2078 λέγω-

186 2118 303 2170 μεν.

1862 2010 2277 2081 inplicationem
2351 2003 2998 2072 contemplationemque,
3058 2012 3119 2057 ut
3167 2003 3421 2057 nimirum

1863 2102 2011 2155 omni
2066 2115 2132 2155 ex
2200 2105 2355 2167 parte
2411 2097 2651 2151 omnium
2708 2104 2967 2164 parerent
3034 2095 3420 2163 intelligentiae.

186 2200 361 2265 Atque
395 2197 511 2250 haec
538 2195 665 2249 talia
697 2195 914 2264 quidem
944 2198 1009 2250 de
1038 2196 1376 2252 orationibus
1408 2200 1581 2253 nostri
1602 2199 1746 2256 dicta
1786 2210 1971 2257 sunto.
2000 2198 2269 2266 Pleraque
2299 2196 2443 2250 enim
2471 2196 2525 2250 in
2548 2211 2785 2264 praesens
2804 2211 2986 2251 sermo
3049 2204 3257 2256 noster,
3316 2207 3425 2263 quo

187 2297 495 2348 satietatem
529 2294 741 2357 vitaret,
771 2293 975 2358 omisit,
1016 2295 1314 2361 praesertim
1345 2294 1605 2362 quoniam
1632 2300 1839 2362 omnia,
1872 2297 1955 2352 vel
1988 2294 2140 2350 nobis
2175 2294 2505 2357 tacentibus,
2539 2302 2662 2346 nota
2690 2292 2939 2346 omnibus
2960 2300 3102 2346 sunt.

256 2384 358 2442 Pl’.
386 2386 524 2455 Περὶ
551 2383 733 2453 μέντοι
758 2384 851 2437 τοῦ
883 2385 998 2453 βὶου
1029 2386 1203 2438 ἐκεῖνο
1228 2387 1392 2453 λέγω.
1410 2389 1535 2440 Ἐάν
1561 2406 1619 2441 τε
1651 2393 1759 2459 γὰρ

192 2477 302 2547 βεεν
336 2477 583 2548 ζητήσῃς
640 2476 903 2529 πάντοθεν
957 2479 1490 2547 συγκεκροτημένον,
1522 2480 1622 2538 οὐκ
1656 2483 1761 2533 ἀπὸ

194 2570 417 2638 μέρους,
455 2568 571 2619 ἀλλ’
636 2567 695 2630 te
747 2568 1041 2637 ὁλοκλήρου
1094 2571 1190 2623 καὶ
1248 2570 1341 2622 τοῦ
1395 2572 1615 2635 παντὸς,
1669 2576 1762 2627 καί¹

190 2658 576 2726 θαυμασθέντα
605 2658 706 2727 μὲν
734 2658 822 2725 ὑφ’
865 2658 1143 2725 ἁπάντων,
1197 2660 1573 2730 θαυμασθέντα
1604 2661 1648 2713 δ’
1674 2663 1764 2713 οὑ-

193 2753 278 2804 ξὲν
314 2751 542 2820 μᾶλλον,
568 2749 706 2804 ἀλλὰ
738 2753 899 2819 μόνον
925 2751 1033 2803 τῶν
1062 2752 1279 2805 πάντων
1309 2756 1437 2825 περὶ
1461 2754 1585 2817 τοὺς
1612 2754 1764 2806 ἐπαί-

190 2862 309 2905 νους
366 2846 703 2911 ἠτυχηκότα,
747 2843 844 2895 ἐὰν
902 2860 960 2896 τε
1012 2844 1189 2913 ἄκραν
1220 2848 1497 2913 εὐγένειαν
1538 2848 1763 2916 γνώμης

195 2939 311 3004 μετ’
360 2936 685 2997 ἐπιεικείας,
739 2935 832 2988 καὶ
888 2935 1091 3005 φρένας
1136 2936 1459 3006 ὑπερφυεῖς,
1492 2941 1587 2992 καὶ
1614 2938 1765 3008 λῆμα

195 3028 399 3096 eam»
442 3028 533 3079 καὶ
592 3026 853 3087 καθεστὸς
897 3026 991 3077 καὶ
1039 3030 1306 3094 γενναῖον,
1369 3031 1464 3081 καὶ
1511 3029 1632 3081 ὅλον
1670 3030 1764 3083 τοῦ

194 3119 538 3186 Πνεῦματος,
596 3116 675 3169 ἔτι
706 3133 764 3169 τε
812 3116 1051 3185 τρόπους
1088 3118 1227 3171 πάνυ
1263 3134 1343 3170 τοι
1382 3119 1637 3181 πιθανοὺς
1673 3122 1767 3173 καὶ

194 3214 303 3272 τάς
343 3211 952 3278 πᾶσικεχαρισμένους,
1006 3212 1101 3264 καὶ
1151 3210 1400 3277 ἀγωγοὺς
1440 3209 1649 3278 μάλιστ’
1681 3212 1765 3261 ὲν-

1932 2387 2049 2445 CX.
2077 2386 2153 2442 De
2183 2385 2291 2440 vita
2321 2384 2491 2440 nostri
2523 2398 2654 2439 vero
2708 2384 2835 2437 illud
2866 2384 3042 2437 habeo
3075 2383 3275 2440 dicere.
3301 2382 3427 2437 Sive

1864 2483 2007 2539 enim
2038 2480 2226 2541 vitam,
2257 2479 2514 2547 undique,
2549 2494 2654 2533 non
2685 2492 2749 2532 ex
2782 2487 2954 2545 parte,
2986 2478 3081 2531 sed
3112 2492 3177 2531 ex
3207 2485 3340 2540 toto,
3373 2490 3428 2530 et

1864 2577 1920 2630 in
1959 2574 2219 2636 solidum,
2268 2572 2588 2624 instructam
2649 2585 2713 2624 ac
2743 2569 3151 2634 consolidatam,
3206 2572 3425 2638 quaris,

1865 2677 2101 2733 eamque
2133 2674 2459 2731 magnopere
2512 2659 2729 2729 quidem
2781 2659 3214 2714 concelebratam
3249 2662 3427 2714 omni-

1866 2753 1987 2817 bus,
2017 2767 2190 2821 neque
2216 2766 2284 2806 eo
2313 2752 2487 2821 magis
2520 2761 2697 2805 tamen
2724 2752 3077 2818 celebratam,
3110 2768 3299 2808 verum
3331 2754 3429 2806 hac

1862 2860 1967 2898 una
2021 2847 2283 2898 duntaxat
2335 2843 2547 2906 inre,
2600 2857 2793 2912 nempe
2847 2844 3196 2909 laudatione,
3251 2846 3430 2899 minus

1862 2936 2224 2991 fortunatam.
2269 2935 2397 2988 Sive
2446 2936 2492 2989 sl
2540 2950 2809 2989 summam
2849 2935 3016 2989 animi
3067 2932 3427 2997 nobilitatem,

1862 3028 2262 3096 aequanimitate
2305 3025 2675 3094 coniunctam,
2710 3036 2765 3080 et
2794 3026 3019 3094 spiritus
3064 3028 3336 3091 heroicos,
3371 3039 3427 3081 et

1864 3121 2029 3174 robur
2063 3119 2231 3172 animi
2263 3117 2561 3179 excelsum,
2590 3124 2641 3170 et
2676 3126 2955 3181 constans,
2987 3128 3042 3171 et
3082 3132 3425 3184 generosum,

1867 3218 1925 3263 et
1953 3217 2123 3262 totum
2155 3208 2326 3261 sancti
2364 3205 2620 3274 Spiritus,
2656 3208 2891 3272 quaeris;
2921 3208 3108 3262 adhzec
3136 3210 3263 3263 item
3316 3227 3432 3263 lltO-

193 3301 429 3364 τευξεις,
490 3300 584 3350 καὶ
638 3299 981 3368 ἀναχώρησιν
1011 3299 1220 3351 ἐκεῖθεν
1272 3300 1331 3352 οὐ
1365 3301 1608 3369 φορητὴν
1629 3317 1644 3331 ⁶
1672 3301 1766 3353 καὶ
1794 3300 1840 3361 C

1760 3300 1840 3361 ,ϐ
1875 3315 1961 3353 res
2004 3302 2070 3353 ad
2129 3298 2561 3368 persuadendum
2612 3300 3223 3363 accommodatissimos,
3252 3303 3431 3355 omni.

191 3394 327 3453 ὅλως
358 3393 420 3443 τὸ
450 3392 655 3452 πάντας
685 3392 1033 3460 ἀνθρώπους,
1058 3392 1107 3444 εί
1144 3392 1225 3443 δεῖ
1256 3394 1532 3461 συντόμως
1560 3393 1756 3455 εἰπεῖν,

193 3490 249 3536 ἐν
279 3484 357 3551 τῷ
414 3484 757 3553 παραχρῆμα
803 3483 902 3551 τῆς
949 3484 1099 3547 θέας,
1140 3484 1219 3546 εἰς
1265 3484 1523 3551 ἔκπληξιν
1549 3484 1765 3553 θαυμα-

196 3580 327 3644 στὴν
356 3576 415 3639 ἐξ
454 3577 691 3644 ἀνάγκης
723 3577 854 3640 ἄγον
886 3575 975 3626 καὶ
1012 3575 1250 3644 φίλτρον,
1294 3575 1421 3645 παρ’
1451 3575 1625 3627 οὐδενὶ
1659 3574 1766 3626 τῶν

195 3669 418 3721 πάντων
453 3666 511 3718 ἓν
549 3682 609 3732 γε
669 3668 761 3718 καὶ
802 3663 978 3718 ὁτιοῦν
1020 3664 1225 3718 τούτων
1255 3666 1334 3728 εἰς
1386 3667 1584 3736 ἄκρονο
1619 3666 1767 3735 παρὰ

194 3760 238 3810 δ’
290 3758 445 3826 αὑτῷ
485 3757 658 3825 τούτῳ
716 3759 809 3808 καὶ
848 3756 1135 3825 ξύμπαντα
1174 3755 1367 3818 ταῦτα,
1428 3758 1522 3809 καὶ
1579 3758 1766 3827 μεῖζον

196 3849 290 3919 [πη
332 3847 567 3917 μείζωη
608 3847 911 3917 ὑπερϐολῆς
948 3848 1164 3917 ἁπάσης
1204 3848 1452 3911 κατεῖδες
1481 3847 1547 3901 ἂν
1602 3850 1756 3899 ὲντυ-

197 3941 331 4008 χὼν.

1870 3394 2073 3460 busque
2093 3389 2516 3458 acceptissimos,
2539 3399 2588 3443 et
2623 3405 2943 3459 congressus
2969 3394 3209 3459 apprime
3238 3408 3431 3447 suaves

1871 3494 1924 3539 et
1956 3482 2394 3552 aspectabiles,et
2418 3496 2688 3534 recessum
2723 3481 2791 3534 ab
2828 3482 3041 3535 homine
3070 3484 3430 3551 mgerritnuui,

1873 3585 2035 3645 atque
2079 3576 2143 3628 ad
2175 3589 2465 3635 summam,
2502 3574 2631 3627 illud
2667 3574 2850 3628 nescio
2895 3578 3043 3643 quid,
3076 3580 3216 3645 quod
3246 3592 3433 3632 omnes

1875 3668 2144 3732 homines,
2186 3674 2243 3719 nt
2277 3680 2383 3719 uno
2417 3679 2528 3718 rem
2576 3666 2738 3718 verbo
2790 3666 3139 3736 complectar,
3175 3666 3434 3735 Gregorio

1873 3759 2119 3828 protinus
2152 3768 2465 3827 conspecto,
2510 3757 2591 3809 in"
2618 3756 2905 3810 niiriticum
2953 3768 3234 3826 stuporem
3281 3774 3433 3811 amo-

1876 3864 2118 3919 remque,
2154 3848 2460 3904 necessario
2486 3848 2784 3903 deducebat
2813 3867 2827 3902 :
2864 3850 3052 3904 borum
3091 3866 3254 3906 unum
3306 3867 3436 3907 sane

1876 3940 2171 4009 quoddam,
2219 3949 2274 3995 et
2300 3940 2350 3992 id
2380 3940 2761 4008 quodcunque,
2791 3956 2957 4009 penes
2986 3943 3254 3997 neminem
3288 3958 3435 3997 mor-

198 4035 408 4095 talium,
467 4029 728 4083 altissimo
778 4031 832 4083 in
922 4032 1110 4099 gradu,
1174 4043 1339 4098 penes
1398 4030 1543 4085 hunc
1603 4030 1778 4100 ipsum
1845 4047 1993 4097 vero,
2039 4040 2096 4087 et
2122 4032 2398 4103 _universa
2450 4034 2587 4099 haec,
2654 4040 2710 4087 et
2766 4046 2930 4103 supra
2986 4049 3200 4090 omnem
3258 4038 3433 4105 posita

196 4140 506 4185 evcessnni,
540 4139 659 4175 nios
693 4139 811 4175 cuin
861 4121 954 4176 illo
982 4136 1331 4190 congressus,
1366 4123 1759 4191 perspexisses.

266 4215 423 4269 PIA'.
460 4215 557 4275 Τίς
588 4215 683 4282 μὲν
711 4210 804 4266 οὖν
837 4212 979 4266 οὕτω
1012 4214 1147 4283 μετὰ
1173 4216 1271 4282 τῆς
1304 4214 1458 4281 ὕλης,
1482 4216 1556 4277 ὡς
1588 4215 1652 4267 ἄν
1686 4232 1771 4278 τις

198 4311 476 4376 ἀνώτερος
530 4305 681 4371 ὕλης,
714 4305 957 4374 ὑπερῆρε
1008 4306 1107 4373 τῆς
1155 4303 1310 4375 ὕλης,
1338 4305 1443 4373 ὅλῳ
1474 4306 1567 4357 καὶ
1610 4310 1772 4359 παντὶ

196 4400 274 4467 τῷ
308 4398 387 4465 νῷ
414 4398 529 4457 τοῖς
580 4398 784 4462 νοητοί;
814 4394 891 4456 ὡς
936 4395 1215 4464 αἰσθητοῖς
1247 4395 1563 4463 ὲντρυφῶνς
1596 4393 1691 4456 Τίς
1715 4394 1771 4446 δὲ

198 4494 308 4551 τοῖς
341 4486 585 4555 παροῦσι
614 4488 708 4537 καὶ
748 4486 938 4555 μηκέτ’
970 4486 1249 4553 ἐσομένοις
1273 4489 1484 4556 χαίρειν
1521 4487 1773 4551 καθάπαξ

197 4578 392 4639 εἰπὼν,
418 4577 610 4628 ἔπειτα
644 4578 752 4637 τοῖς
780 4575 1034 4641 ἀποῦσιν,
1088 4578 1164 4639 ὠς
1198 4576 1296 4645 ήδη
1338 4576 1571 4646 παροῦσι
1604 4593 1772 4645 προσ-

1942 4212 2079 4267 CXI.
2115 4211 2244 4277 Quis
2296 4222 2381 4266 est
2442 4213 2625 4281 igitur,
2659 4213 2752 4283 qui
2808 4215 3035 4282 pariter,
3080 4217 3204 4269 dum
3260 4218 3438 4274 adhuc

1873 4320 1994 4359 cum
2025 4304 2249 4358 materie
2277 4314 2483 4372 ageret,
2519 4319 2682 4372 supra
2726 4307 3008 4360 materiem
3051 4318 3271 4363 evectus
3299 4320 3438 4373 erat,

1871 4395 2019 4449 velut
2043 4396 2314 4465 quispiam
2343 4397 2590 4449 materiei
2624 4397 2902 4450 consortio
2931 4398 3196 4452 excelsior
3227 4416 3241 4452 :
3278 4399 3439 4452 nimi-

1874 4501 1992 4539 rum
2026 4494 2138 4539 toto
2165 4495 2222 4540 et
2273 4487 2420 4539 omni
2463 4487 2645 4541 animo
2676 4488 3067 4557 spiritualibus,
3099 4489 3239 4543 baud
3283 4491 3439 4544 aliter

1875 4592 2031 4643 quam
2057 4578 2125 4632 iis
2149 4593 2269 4647 quae
2290 4579 2390 4633 sub
2417 4594 2609 4634 sensus
2631 4580 2851 4644 cadunt,
2867 4581 3105 4636 suaviter
3128 4581 3437 4649 perfruens?

199 4667 311 4738 εἶχε
340 4687 357 4735 ;
390 4669 490 4729 Τίς
529 4667 559 4719 6
596 4667 819 4719 τοσοῦτο
866 4668 964 4736 μὲν
990 4668 1257 4735 ὁμιλήσας
1293 4670 1407 4729 τοῖς
1446 4668 1618 4731 κάτω,
1651 4670 1773 4719 ὅσον
1805 4658 1850 4713 ι)

1767 4684 1773 4710 υ
1805 4658 1850 4713 ι)
1878 4668 2010 4732 Quis
2043 4682 2172 4722 vero
2220 4668 2350 4723 item
2403 4672 2786 4737 pra-sentibus,
2822 4686 2921 4725 nec
2948 4673 3110 4737 paulo
3146 4682 3270 4742 post
3326 4688 3438 4725 am-

198 4761 331 4813 αὖτο
378 4758 528 4811 τοῦτ’
577 4758 904 4825 ἐνδεδεῖχθαι
957 4760 1339 4826 περικείμενος
1385 4760 1566 4828 σῶμα,
1614 4763 1671 4810 ἐν
1712 4759 1770 4812 δὲ

198 4854 262 4918 τῇ
299 4852 449 4902 κατᾶ
474 4847 599 4900 νοῦν
630 4847 897 4917 ἐνεργείᾳ,
928 4852 986 4901 τὸ
1012 4849 1117 4900 πᾶν
1146 4850 1446 4917 ἀπονείμας
1476 4852 1589 4912 τοῖς
1620 4850 1769 4911 ἅνως

200 4941 298 5001 Τις
336 4943 361 4990 ο
388 4939 480 4991 τον
516 4937 620 5000 ἔξω
648 4938 833 5000 τέλους
876 4940 1211 5008 θησαυρίσας
1239 4940 1429 5006 αἰῶνα,
1475 4940 1771 5010 ἐπειδήπερ

200 5034 293 5082 καὶ
311 5030 425 5098 προ
450 5028 548 5080 τοῦ
576 5029 785 5092 τέλους,
810 5029 1131 5082 ὶκλείποντα
1146 5032 1235 5081 τον
1252 5029 1351 5081 νῦν
1378 5031 1564 5083 τοῦτον
1590 5029 1766 5100 ἐώρα;

204 5122 322 5171 Τίνι
358 5119 563 5187 μᾶλλον
602 5118 832 5178 πλοῦτος
873 5118 1189 5183 παρῶπται,
1219 5119 1277 5171 ὃν
1316 5120 1343 5170 6
1375 5123 1551 5172 τεκὼν
1584 5122 1770 5189 χρόνος

202 5212 406 5271 ανείὶε,
449 5210 611 5278 μόνος
640 5210 683 5261 δ’
724 5211 933 5273 ἐκεῖνος
960 5210 1107 5279 αὺτῷ
1150 5211 1243 5262 τοῦ
1294 5211 1495 5274 παντὸς
1527 5213 1775 5280 ἐτιμᾶτο,

201 5299 260 5355 οὗ
286 5320 305 5352 r
340 5305 419 5370 μή
442 5318 573 5353 ποτε
599 5301 660 5352 τὸ
688 5302 840 5364 κλέος
866 5303 1068 5354 ὀλεῖται
1095 5318 1108 5366 ;
1145 5322 1162 5353 ι
1186 5301 1281 5365 Τίς
1310 5303 1538 5356 ἀϐίωτον
1564 5306 1778 5371 ἐνόμισε

206 5395 319 5462 βὶον
350 5395 411 5445 τὸ
448 5394 600 5461 βιοῦν
636 5396 775 5445 κατὰ
824 5396 1053 5462 σάρκας,
1085 5396 1178 5445 καὶ
1215 5396 1288 5463 μὴ
1318 5394 1465 5463 βιοῦν
1495 5394 1569 5456 ὼς
1605 5397 1781 5445 εἰπεῖν

203 5486 309 5550 ἐξω
360 5487 520 5553 βίων
578 5485 711 5552 μηδὲ
762 5484 874 5553 βίον
918 5487 1107 5551 τῳὸντι
1143 5484 1329 5535 τοῦτον
1395 5484 1613 5555 ἄριστον
1663 5487 1781 5562 κρῖ-

205 5593 341 5639 νει-λ,
399 5575 463 5626 τι
514 5574 769 5644 θνήσκειν
810 5574 865 5626 δὲ
915 5576 1009 5629 καὶ
1066 5577 1318 5628 saevi-aa:
1372 5577 1597 5645 μελετᾷ-ι
1657 5577 1778 5630 ὅσαι

203 5660 386 5739 (fat;

279 5849 326 5881 ⁵³
353 5847 520 5901 Hebr.
550 5859 653 5904 XII,
691 5843 743 5895 ri.

553 5944 820 6002 ΡΑτιιοι..
857 5942 970 6002 Gtt.
1008 5942 1229 6003 CXLV.

1879 4760 2020 4829 ptius
2055 4758 2276 4823 futuris,
2313 4773 2399 4813 res
2433 4761 2533 4814 sibi
2566 4775 2698 4816 suas
2725 4761 2861 4815 bona
2892 4761 2997 4816 lide
3020 4763 3224 4817 habere
3250 4763 3437 4831 jussis:

1879 4858 2064 4919 postea
2095 4850 2434 4913 absentibus,
2468 4850 2612 4905 velut
2638 4854 2748 4919 jam
2788 4854 3166 4917 praesentibus,
3198 4856 3437 4907 animum

1879 4956 2035 4993 suum
2053 4941 2344 5010 applicuit?
2374 4940 2503 5007 Quis
2526 4942 2633 5006 ille,
2665 4943 2753 5010 qui
2783 4944 3048 4997 hactenus
3080 4946 3342 5000 duntaxat
3365 4948 3442 4999 in-

1878 5030 2167 5087 ferioribus
2190 5035 2339 5087 hisce
2358 5049 2479 5089 sese
2511 5037 2681 5099 daret,
2699 5046 2966 5104 quatenus
2996 5037 3047 5089 id
3077 5038 3251 5104 ipsum
3283 5041 3439 5093 modo

1879 5124 2209 5189 adstrueret,
2238 5125 2381 5194 quod
2414 5139 2639 5194 corpore
2670 5128 2898 5180 vestitus
2918 5138 3064 5182 esset
3090 5146 3104 5182 :
3138 5143 3322 5183 verum
3350 5144 3438 5183 se-

1878 5226 2025 5269 creta
2060 5216 2255 5270 mentis
2283 5212 2581 5285 agitatioiie
2610 5219 2791 5272 omnia
2840 5220 3055 5287 superis
3090 5234 3153 5273 ac
3202 5220 3439 5275 caeli-sti-

1881 5306 1979 5358 bus
2021 5306 2371 5362 attribueret?
2406 5308 2538 5374 Quis
2572 5309 2981 5362 interminatum
3030 5310 3160 5363 illud
3208 5326 3237 5362 a
3272 5323 3441 5364 morte

1883 5412 2081 5459 aevum,
2124 5398 2367 5452 thesauri
2404 5400 2455 5452 in
2486 5402 2701 5453 modum
2750 5400 2851 5455 sibi
2901 5401 3241 5465 recondebat,
3275 5402 3443 5470 siqui-

1884 5488 2004 5539 dein
2031 5502 2266 5555 praesens
2293 5490 2604 5552 hoc‘azvum,
2637 5490 2801 5543 etiam
2833 5502 3118 5560 antequam
3151 5493 3440 5549 terminum

1889 5593 2044 5631 suum
2085 5580 2331 5649 attingat,
2360 5580 2589 5635 deficere
2618 5582 2901 5636 cerneret?
2921 5582 3018 5636 Cui
3043 5592 3236 5651 spreta:
3274 5598 3443 5645 mang

1890 5686 2016 5742 opes
2054 5671 2222 5740 fuere,
2254 5690 2389 5744 quas
2420 5676 2558 5733 idem
2590 5677 2732 5747 quod
2781 5678 2987 5747 peperit
3019 5687 3227 5748 tempus
3252 5692 3446 5732 consu-

2942 5945 3011 6004 11
