4232 6432
259 419 366 484 337

1136 417 1523 475 LAUDATIO
1562 420 1627 479 ὃ.
1658 414 2034 477 ΟὶὶΕϐΟΒῐί
2061 418 2468 480 THEOLOGI.

3396 418 3500 481 338

260 536 477 602 αἵρεσιν
530 531 942 599 στηλιτεᾶουσα,
1002 522 1075 583 ὧν
1130 529 1260 581 ἄνευ
1310 529 1410 579 οὐκ
1461 527 1538 580 ἔνι
1572 527 1718 597 βιοῦν
1748 527 1839 580 τδν
1870 535 1910 589 Α

1830 548 1839 576 ν
1870 535 1910 589 Α
1945 528 2073 592 Deo,
2097 529 2399 583 clariSsima
2432 527 2684 583 omnibus
2714 528 2765 583 in
2794 528 2913 583 luce
2932 543 3157 597 ponens,
3180 543 3501 597 omnemque

258 623 338 685 ὡς
398 621 615 688 ἀληθῶς
671 620 817 687 βιοῦν
900 620 1199 690 ᾑρημένον,
1278 617 1535 671 τοσοῦτον
1607 617 1838 670 ἐκείνων

257 713 437 765 ταῦτα
478 712 775 782 περίεστιν,
809 714 931 764 ὅσον
950 713 1008 763 τὸ
1038 714 1189 781 κοινῇ
1219 710 1555 769 λυσιτελοῦν.
1597 708 1688 761 τοῦ
1729 726 1837 777 μη-

260 806 351 854 δὲν
386 824 436 857 τι
465 792 807 873 κεκτημένου
837 804 1090 857 τοσοῦτον
1115 820 1130 835 ·
1162 804 1278 873 ἅμα
1305 803 1362 856 δὲ
1408 800 1503 855 καὶ
1532 796 1599 871 ἦς
1631 802 1839 863 ἐκεῖνος

262 896 519 949 τεθέαται
552 898 840 965 κλίμακος,
866 898 966 950 οὐκ
1000 895 1169 964 ἐπέϐη
1198 912 1214 927 ·
1249 897 1277 948 ό
1304 895 1348 947 δ’
1380 896 1457 955 είς
1491 893 1659 962 ἄκρον
1688 891 1836 958 φιλο-

266 989 459 1055 σοφίας
490 988 650 1049 αὐτός
681 1006 739 1041 τε
764 983 891 1059 ἧκε,
930 988 1021 1040 καὶ
1054 989 1165 1049 τοῖς
1193 986 1373 1047 ἄλλοις
1402 987 1535 1038 πᾶσι
1570 983 1837 1054 θαῤῥούν-

263 1100 375 1144 τως
410 1083 711 1137 ἐπιϐαίνειν
766 1082 1038 1153 παρέσχεν
1065 1099 1078 1112 ·
1114 1075 1189 1135 ὧν
1226 1080 1444 1133 εἰδότων
1487 1080 1545 1131 τὸ
1574 1079 1710 1143 δέον,
1744 1077 1837 1129 καὶ

265 1174 400 1240 περὶ
434 1176 543 1226 τῶν
579 1176 882 1244 μελλόντων
914 1174 1125 1242 ἀγαθὰς
1177 1172 1427 1226 ἐντεῦθεν
1485 1169 1837 1239 κεκτημένων

263 1267 515 1329 ὲλπέδας.
546 1268 744 1333 μᾶλλον
771 1269 836 1322 ἄν
856 1285 936 1330 τις
968 1264 1247 1335 Γρηγορίῳ
1274 1261 1558 1333 συγχαίρω
1590 1262 1622 1330 ἢ
1649 1261 1726 1330 τῷ
1743 1259 1836 1314 τοῦ

277 1356 468 1408 Ἰσαὰκ
498 1359 592 1410 καὶ
632 1358 827 1413 Ἰακὼϐ
858 1359 965 1411 τῶν
988 1359 1248 1425 ὲγγόνων,
1276 1349 1354 1419 οἷς
1375 1356 1582 1416 ἐκεῖνος
1606 1352 1674 1404 τά
1711 1350 1836 1420 μέλ-

261 1446 423 1500 λοντα
457 1448 748 1518 προῦλεγε.

1940 620 2165 674 hmresin
2203 620 2413 689 publica
2453 620 2845 689 proscriptione
2877 621 3175 690 contigens,
3223 621 3339 675 sine
3371 623 3498 691 qni-

1936 710 2033 763 bus
2064 710 2245 764 vivere
2301 712 2509 779 nequit,
2558 711 2808 779 quisquis
2863 726 3043 766 veram
3095 713 3279 767 vivere
3333 713 3499 767 vitam

1932 803 2240 866 constituit,
2274 813 2417 869 patet
2463 817 2594 856 sane
2644 811 2850 856 tantum
2898 803 3010 857 ha‘c
3068 804 3186 858 istis
3218 814 3500 872 prastat-9,

1934 902 2134 963 quanto
2158 895 2298 963 quod
2329 895 2542 963 egregio
2570 894 2788 963 publico
2818 894 3066 960 inservit,
3092 906 3218 949 ante
3255 896 3385 950 illud
3419 907 3501 951 est

1934 988 2076 1055 quod
2112 985 2230 1054 ejus
2258 987 2471 1055 generis
2495 986 2653 1041 habet
2684 985 2833 1039 nihil.
2859 986 3057 1039 Adhasc
3106 1000 3206 1041 nec
3239 1004 3372 1057 quas
3398 991 3494 1041 vi-

1934 1074 2095 1128 debat
2157 1074 2333 1128 scalas
2380 1075 2697 1128 conscendit
2757 1072 3006 1129 Jacobus.
3044 1074 3236 1130 Noster
3293 1087 3495 1139 autem,

1932 1180 2055 1220 cum
2112 1164 2225 1229 ipse
2294 1179 2564 1218 summum
2619 1165 2910 1219 sanctioris
2958 1166 3311 1235 philosophiae
3371 1183 3498 1236 gra-

1932 1256 2056 1310 dum
2084 1263 2368 1310 assecutus
2411 1266 2494 1311 est
2523 1296 2539 1321 ,
2580 1263 2689 1310 tum
2725 1256 2848 1310 aliis
2888 1258 3141 1312 omnibus
3176 1258 3316 1313 haud
3345 1259 3500 1312 dubi-

1936 1357 2116 1401 tanter
2164 1348 2488 1402 ascendendi
2538 1348 2847 1403 facultatem
2894 1350 3062 1413 dedit,
3092 1365 3227 1419 quos
3257 1358 3310 1404 et
3339 1349 3499 1405 ollicii

1938 1439 2021 1493 sui
2046 1438 2154 1507 jam
2190 1438 2574 1505 intelligentes,
2606 1449 2658 1493 et
2687 1454 2749 1492 ea
2787 1455 2845 1493 re
2875 1442 3107 1510 optimas
3142 1439 3332 1494 futurae
3354 1442 3500 1494 salu-

263 1542 330 1594 tis
387 1558 511 1608 spes
570 1544 814 1614 adeptos,
854 1545 1055 1615 justius
1081 1541 1278 1609 aliquis
1306 1536 1569 1608 Gregorio
1591 1534 1887 1606 gratuletur
1919 1549 1931 1586 :
1965 1545 2126 1600 quam
2166 1530 2417 1601 quiquam
2449 1533 2517 1587 de
2581 1532 2747 1587 lsaaci
2810 1542 2863 1587 et
2925 1532 3111 1588 Jacobi
3190 1535 3497 1604 nepotibus,

259 1652 384 1704 qua?
416 1637 543 1704 ipsis
574 1636 682 1691 fata
712 1638 945 1693 Iacobus
967 1638 1263 1692 cecinerat.

333 1738 491 1790 PIII'.
513 1737 621 1788 Kal.
661 1735 766 1806 μὴν
795 1736 843 1788 εί
870 1736 963 1788 κοιλ⁸
997 1733 1317 1804 θαυμαστὴν
1357 1732 1471 1802 ἔχει
1516 1727 1826 1798 φιλοτιμίαν
1858 1730 1899 1786 Β
2002 1738 2004 1758 λ

1858 1730 1899 1786 Β
2002 1717 2233 1774 CXVIII.
2281 1718 2401 1774 .Iam
2454 1729 2513 1776 ut
2563 1720 2934 1775 incredibilem
2974 1720 3083 1775 filio
3112 1722 3232 1790 ejus
3264 1721 3497 1791 Josepho

277 1827 477 1893 Ἰωσὴφ
525 1828 601 1898 τῷ
638 1829 847 1880 ἐκείνου
885 1828 1055 1890 παιδὶ,
1108 1827 1168 1879 τό
1223 1825 1282 1877 τέ
1328 1826 1377 1878 οἱ
1402 1825 1499 1893 τῆς
1548 1820 1831 1887 δεσποίνης

265 1920 655 1989 ἐπιμανείσης,
698 1918 973 1990 ἀνώτερον
1019 1918 1206 1973 τοῦτον
1235 1910 1438 1983 ὦφθαι,
1470 1916 1562 1967 καὶ
1599 1912 1832 1982 κρείττω

260 2013 374 2063 τῶν
422 2013 632 2066 ἐκεῖθεν
676 2013 878 2082 βελῶν*
941 2011 1000 2065 τό
1048 2012 1095 2063 τ’
1128 2010 1193 2064 αὖ
1227 2012 1312 2064 διὰ
1349 2012 1440 2063 τὸν
1472 2010 1578 2061 τῶν
1608 2006 1832 2075 ὀνείρων

262 2107 590 2174 ἑρμηνείαν,
617 2106 834 2177 ἁπάσης
866 2105 1149 2173 Αἰγύπτου
1176 2102 1381 2175 τροφέα
1409 2102 1504 2155 καὶ
1532 2098 1830 2171 μελεδωνὸν

266 2197 634 2266 καταετῆναι.
660 2199 755 2251 καὶ
776 2197 1057 2265 γεγονέναι
1077 2198 1188 2258 τοῖς
1210 2196 1530 2264 πράγμασιν
1552 2195 1610 2245 ἐν
1632 2192 1828 2262 καιρῷ,

257 2283 407 2355 ἦπου
441 2290 639 2357 κομιδῇ
690 2291 873 2343 πᾶσαν
908 2288 1145 2342 ἐπαίνων
1178 2287 1482 2358 ὑπερϐολὴν
1513 2284 1832 2352 ὑπερϐαίνει

258 2379 330 2429 τά
358 2379 545 2432 τοῦδε*
571 2380 715 2433 οὕτω
744 2380 845 2449 μὲν
872 2379 1173 2448 παρθενίαν
1192 2380 1279 2433 διὰ
1305 2380 1418 2449 βίου
1446 2378 1643 2439 παντὸς
1673 2379 1833 2446 ἐσχη-

260 2474 424 2530 κότος
457 2473 525 2543 [Ῑ.
566 2472 922 2544 ὴσκηκότος],
946 2474 1020 2535 ὠς
1054 2473 1117 2527 ἄν
1150 2490 1294 2535 τινος
1330 2473 1452 2541 ἤτοι
1484 2471 1832 2523 παντάπασιν

261 2562 713 2633 ὑπερϐεϐηκότος
726 2564 786 2617 τὸ
803 2564 980 2633 σῶμα,
1012 2564 1045 2635 ἢ
1069 2565 1222 2633 σῶμα
1242 2581 1303 2633 γε
1322 2563 1507 2627 ἆῡλον,
1537 2564 1611 2625 ὡς
1637 2563 1829 2626 εἰπεῖν,

258 2654 640 2723 κτησαμένου,
689 2655 1040 2709 ἑπιτοσοῦτον
1093 2656 1149 2708 δὲ
1187 2655 1381 2723 σοφίας
1422 2655 1611 2716 ἰόντος.
1645 2654 1719 2716 ὡς
1756 2652 1832 2723 μὴ

260 2750 345 2798 ὅτι
404 2764 466 2813 γε
511 2747 609 2809 τὰς
654 2746 764 2798 τῶν
809 2747 1191 2814 αἱρετιζόντων
1227 2746 1435 2809 πλοκὰς
1468 2748 1561 2799 καὶ
1593 2746 1833 2813 στροφὰς

261 2840 543 2902 δςαλῦσαι,
575 2838 673 2891 καὶ
722 2840 830 2892 πᾶν
878 2840 930 2891 εῖ
956 2856 1009 2891 τι
1037 2838 1281 2891 τοιοῦτον
1331 2838 1537 2889 σκῶλον
1572 2840 1636 2890 ἐκ
1668 2838 1831 2905 μέσου

263 2933 357 2982 καὶ
402 2931 590 2995 πάλαι,
632 2932 727 2982 καὶ
775 2930 871 2983 νῦν
921 2931 1278 2997 πεποιῆσθαι,
1307 2930 1443 2983 ἀλλὰ
1486 2930 1581 2981 καὶ
1609 2928 1715 2981 τῶν
1744 2931 1834 2981 ἀν-

260 3021 503 3086 Ορτζιπων
537 3022 801 3084 ἑκάστους
828 3021 1211 3091 πνευματικῶς
1239 3020 1548 3092 διατρέφειν
1574 3020 1829 3074 ἑκάστοτε

263 3112 555 3167 δύνασθαι.

338 3355 485 3409 PIFI'.
534 3358 688 3411 Ἐπεὶ
731 3357 825 3410 καὶ
863 3358 953 3409 τὸν
1002 3356 1147 3409 κατᾶ
1197 3358 1352 3424 γένος
1400 3356 1591 3422 ἐκείνῳ
1626 3355 1830 3424 προσή-

260 3469 436 3503 κοντα
485 3451 601 3503 ’1ὡῦ
633 3467 774 3517 φημι
804 3450 896 3501 τὸν
924 3448 1181 3517 Αὐσίτην,
1226 3449 1367 3500 πάνυ
1403 3447 1696 3515 θαυμάζων
1734 3447 1831 3515 τῆς

263 3542 590 3611 καρτερίας,
622 3541 733 3608 ἐγὼ
782 3541 841 3594 δὲ
891 3542 986 3593 καὶ
1016 3541 1205 3594 τοῦτον
1242 3540 1375 3592 πολὺ
1420 3540 1618 3609 μᾶλλον
1646 3542 1702 3592 ἐν
1735 3542 1831 3591 αὑ-

266 3639 385 3698 τοῖς
443 3635 654 3696 τούτοις
695 3632 729 3702 ἢ
771 3634 979 3686 ἐκεῖνον
1031 3632 1141 3703 εχω
1202 3632 1523 3701 θαυμάζειν.
1572 3628 1672 3686 Ὧν
1726 3635 1831 3703 γὰρ

265 3734 485 3791 ἐκεῖνος
528 3730 677 3782 ἄκων
719 3729 1024 3798 ἐστέρητο,
1084 3725 1318 3779 πλούτου
1369 3729 1465 3780 καὶ
1520 3727 1680 3796 δόξης
1738 3728 1832 3780 καὶ

270 3825 496 3874 πάντων
540 3817 620 3882 οἷς
651 3820 934 3890 ἄνθρωποι
986 3820 1237 3891 χαίρουσι
1260 3862 1274 3884 ,
1312 3819 1466 3873 ταῦθ’
1506 3820 1661 3882 οὗτος
1692 3820 1833 3874 ἑκὼν

268 3913 362 3965 δά
393 3912 631 3979 Χριστὸν
681 3912 999 3981 ἀπηξίωσεν
1048 3913 1221 3982 ἴσχειν
1250 3928 1265 3943 ⁸
1321 3914 1571 3976 κάκεῖνος
1614 3914 1709 3981 μὲν
1753 3908 1833 3976 οἷς

274 4005 411 4071 πρὸς
461 4004 560 4064 τὰς
609 4002 758 4065 θείας
813 4003 1024 4070 ψήφους
1070 4005 1345 4056 ἀντειπεῖν
1385 4002 1520 4066 ὅλως
1576 4006 1671 4073 οὐχ
1725 4002 1834 4070 οἷός

270 4114 328 4148 τε
382 4094 483 4158 ὣν,
522 4096 655 4163 πρὶς
707 4094 1115 4163 μεγαλοψυχίαν
1148 4095 1206 4159 ἐξ
1249 4094 1495 4165 ἀνάγκης
1535 4097 1831 4165 ἐχώρησεν,

271 4188 478 4252 Ξὶειξεν
504 4188 580 4248 ὡς
613 4187 673 4239 τὸ
698 4186 771 4256 μὴ
804 4187 977 4239 ταῦτα
1000 4186 1214 4249 παθεῖν,
1236 4189 1363 4257 περὶ
1400 4188 1646 4252 πλείονος
1679 4186 1832 4259 ἦγεν.

285 4279 348 4330 ’0
396 4279 477 4340 δὲ,
522 4278 758 4346 μάλιστα
798 4278 1015 4330 πάντων
1060 4277 1197 4347 ἔχων
1231 4280 1325 4330 καὶ
1368 4279 1611 4347 χρήμασι
1641 4284 1837 4350 περιῤ-

275 4368 496 4437 ῥξῖςθαι
528 4368 622 4419 καὶ
649 4368 937 4439 δυναστεία
969 4369 1221 4437 προέχειν
1252 4370 1343 4422 καὶ
1378 4370 1641 4423 πάντοθεν
1681 4389 1835 4440 περι-

270 4458 599 4520 ϐλέπεσθαι,
640 4459 848 4512 τούτων
877 4460 1028 4512 οὐδὲν
1059 4461 1165 4512 οὐδ’
1197 4461 1352 4529 τιναρ,
1386 4461 1459 4521 ὡς
1500 4462 1682 4529 λόγος,
1714 4463 1837 4531 ὴνέ-

274 4568 465 4620 σχετο,
494 4552 635 4604 ἀλλὰ
668 4552 766 4620 τὴν
794 4552 893 4619 τῆς
925 4552 1243 4620 φιλοσοφίας
1279 4553 1453 4621 μάζαν
1491 4556 1585 4606 καί
1623 4555 1683 4606 τὸ
1712 4556 1840 4608 λαν-

270 4643 461 4696 θάνειν
493 4646 587 4695 καὶ
622 4643 785 4712 μηδὲν
819 4644 967 4712 ἔχειν
998 4643 1089 4697 τοῦ
1119 4646 1319 4706 παντὸς
1346 4647 1592 4714 ἐτιμᾶτο.

345 5178 483 5227 I‘K'.
518 5174 707 5226 Μωσεί
762 5173 859 5241 μὲν
911 5167 1005 5224 οὖν
1046 5172 1120 5236 τῷ
1182 5170 1471 5240 νομοθέτῃ,
1532 5172 1623 5223 καὶ
1677 5172 1838 5224 Δαθὶδ

268 5268 350 5335 τῷ
390 5263 489 5317 τοῦ
535 5263 759 5327 Ἰεσσαὶ,
794 5263 887 5314 καὶ
919 5262 1053 5316 ἄλλα
1105 5262 1203 5329 μὲν
1259 5262 1431 5329 δήπου
1486 5278 1838 5330 προσμαρτυ-

269 5358 450 5426 ρεῖται
501 5352 610 5405 τῶν
658 5351 902 5419 ἀγαθῶν.
953 5353 1017 5403 Ὃ
1067 5351 1123 5402 δὲ
1178 5352 1393 5403 πάντων
1433 5350 1707 5420 ἐξαίρετον
1746 5352 1837 5402 καὶ

262 5448 433 5500 οἱονεὶ
502 5445 784 5513 κολοφὼν,
840 5444 1113 5497 ἐπιείκεια
1164 5444 1261 5497 καὶ
1316 5446 1590 5513 πραότης·
1638 5444 1731 5495 καὶ
1778 5445 1838 5495 τὸ

268 5540 419 5592 κατὰ
450 5538 551 5604 μὲν
579 5536 677 5606 τὴν
705 5536 796 5589 τοῦ
841 5535 978 5589 Θεοῦ
1017 5535 1243 5605 καρδίαν
1272 5536 1653 5598 πολιτεύοντας
1678 5533 1835 5599 εἶναι,

264 5633 411 5698 ίλπέρ
450 5631 508 5681 δὲ
562 5630 670 5679 τῶν
720 5628 1010 5697 ὁμοφύλων
1054 5628 1152 5697 τὴν
1199 5628 1375 5697 ψυχὴν
1422 5628 1651 5697 ἑτοίμως
1696 5628 1837 5696 ἔχειν

262 5720 556 5790 προέσθαι.
604 5719 663 5770 ’0
691 5719 745 5771 δὲ
773 5759 787 5783 ,
831 5720 986 5770 τοῦτο
1022 5719 1185 5787 μηδὲν
1225 5715 1387 5787 ἦττον
1434 5719 1608 5771 αὐτῶν
1641 5736 1835 5785 κεκτη-

332 5842 376 5872 ⁶³
412 5840 428 5893 ι
466 5838 598 5908 ιιι-ς.
643 5855 765 5903 xm,
802 5839 895 5901 li;
934 5841 1031 5892 Act
1066 5854 1181 5901 xm,
1216 5839 1305 5892 23.

1938 1811 2123 1880 gloria:
2163 1813 2441 1867 materiem
2475 1815 2733 1880 praebeat,
2761 1821 2871 1865 tum
2901 1813 3044 1883 quod
3079 1813 3278 1867 furiose
3320 1817 3494 1882 ipsum

1934 1902 2267 1968 depereunte
2296 1902 2447 1967 hera,
2474 1902 2724 1973 superior
2754 1901 3052 1973 fortiorque
3070 1904 3326 1969 conjectis
3349 1904 3493 1957 indi-

1934 1995 2054 2046 dem
2091 1993 2207 2047 telis
2254 1995 2526 2061 apparuit,
2593 2004 2702 2047 tum
2729 1995 2871 2063 quod
2898 2009 2992 2062 per
3039 1996 3372 2050 somniorum
3411 1997 3498 2050 in-

1934 2086 2379 2153 terpretationem
2439 2088 2613 2141 omnis
2675 2086 2893 2157 Egypti
2956 2087 3096 2141 altor
3168 2098 3500 2157 curatorque

1934 2178 2261 2230 constitutus
2300 2176 2423 2241 fuit,
2475 2178 2701 2247 ipsoque
2735 2195 2913 2232 rerum
2953 2180 3178 2234 cardine
3206 2181 3498 2249 sospitator

1935 2263 2135 2317 affulsit
2170 2285 2181 2319 :
2214 2276 2589 2320 verumtamen
2638 2266 2795 2336 longe
2843 2283 3058 2323 omnem
3095 2269 3311 2324 laudum
3342 2287 3500 2326 exsu-

1934 2357 2239 2424 perantiam
2281 2372 2367 2411 res
2405 2358 2576 2412 nostri
2604 2359 2902 2425 excedunt,
2953 2361 3045 2429 qui
3107 2362 3179 2414 ita
3236 2362 3497 2417 illibatam

1931 2446 2261 2512 virginitatis
2302 2447 2572 2500 aureolam
2627 2456 2739 2502 toto
2783 2450 2906 2503 vita:
2934 2442 3205 2511 curriculo
3240 2454 3498 2523 servavit,

1939 2542 1996 2587 ut
2029 2536 2300 2604 quispiam
2328 2544 2419 2590 aut
2452 2551 2679 2607 corpore
2714 2541 2936 2594 omnino
2966 2542 3241 2610 superior,
3271 2554 3365 2598 aut
3392 2546 3497 2598 im-

1935 2627 2223 2691 materiali,
2271 2638 2326 2680 ut
2356 2628 2434 2682 sic
2475 2628 2781 2697 loquamur,
2828 2646 3054 2701 corpore
3089 2635 3374 2701 prazditus;
3409 2637 3501 2703 qui

1935 2724 2145 2769 tantum
2198 2716 2365 2770 etiam
2416 2717 2467 2769 in
2511 2730 2634 2771 vera
2682 2719 2947 2788 sapientia
2984 2720 3229 2788 profecit,
3282 2731 3339 2775 ut
3391 2739 3498 2777 non

1892 2805 2105 2875 solum
2176 2808 2556 2875 perplexabilis
2613 2808 2991 2864 haereticorum
3045 2814 3421 2880 captiunculas
3444 2827 3499 2871 et

1932 2897 2186 2964 strophas
2223 2900 2355 2952 scite
2385 2898 2725 2963 dissolverit,
2780 2910 2833 2956 et
2872 2916 3033 2955 omne
3085 2902 3495 2970 oﬂ'endiculum,

1934 2988 1979 3042 si
2013 2991 2154 3056 quod
2194 3005 2420 3058 usquam
2452 3002 2787 3055 occurreret,
2829 2993 2895 3046 de
2930 2992 3128 3058 medio,
3158 3004 3212 3047 et
3252 2995 3403 3057 olim,
3440 3006 3498 3050 ct

1858 3073 1898 3128 C
1934 3079 2037 3133 hoc
2069 3082 2230 3133 etiam
2257 3092 2519 3151 tempore,
2547 3083 2846 3145 sustulerit,
2881 3084 2972 3138 sed
2999 3097 3050 3137 et
3076 3086 3317 3156 singulos
3344 3104 3502 3141 rnor—

1938 3172 2149 3235 talium,
2216 3174 2362 3226 omni
2427 3184 2692 3242 tempore,
2756 3175 3023 3245 spirituali
3068 3178 3264 3245 pabqu
3298 3178 3499 3234 allatim

1938 3279 2160 3331 pascere
2189 3266 2442 3331 potuerit.

2009 3350 2194 3407 CXIX.
2232 3356 2406 3410 Porro
2467 3356 2717 3427 quamvis
2774 3359 3131 3430 propinquum
3193 3359 3383 3417 Jacobi
3448 3374 3503 3419 et

1939 3453 2245 3511 cognatum,
2294 3444 2491 3500 Jobum
2545 3447 2694 3502 illum
2757 3449 3009 3515 A‘usiten,
3059 3453 3129 3506 ob
3184 3454 3500 3522 patientiam

1939 3550 2259 3603 magnopere
2320 3537 2576 3603 admirer,
2630 3540 2774 3594 hunc
2842 3551 3086 3597 nostrum
3146 3554 3344 3610 tamen,
3400 3546 3502 3602 hoc

1938 3624 2131 3677 eodem
2169 3626 2407 3690 nomine,
2429 3627 2569 3681 haud
2598 3632 2757 3698 paulo
2792 3632 2915 3701 plus
2946 3648 3106 3701 quam
3143 3635 3291 3689 illum
3323 3636 3502 3690 admi-

1943 3718 2051 3771 rari
2099 3717 2312 3774 habeo:
2349 3734 2467 3787 quae
2505 3720 2673 3777 Jobus
2722 3724 2865 3777 enim
2911 3726 3024 3780 suis
3061 3726 3217 3794 plane
3253 3728 3502 3797 ingratiis

1941 3810 2145 3873 amisit,
2192 3807 2502 3874 facultates,
2547 3811 2800 3877 honores,
2846 3816 3054 3885 reliqua
3092 3819 3295 3881 omnia,
3347 3822 3502 3888 queis

1940 3900 2079 3954 allici
2110 3902 2389 3955 hominum
2418 3902 2584 3958 animi
2609 3904 2802 3969 solent,
2829 3920 2895 3961 ea
2926 3918 3109 3962 noster
3138 3910 3303 3976 ultra,
3346 3913 3505 3966 Chri-

1951 3992 2019 4046 sti
2057 4007 2246 4057 causa,
2298 4008 2400 4047 nec
2445 3994 2643 4049 habere
2682 4012 2913 4067 unquam
2960 3998 3149 4055 voluit.
3204 4001 3335 4055 Tum
3371 4020 3503 4060 vero

1944 4094 2203 4154 praeterea
2231 4085 2339 4150 ille,
2373 4086 2651 4155 quoniam,
2686 4103 2805 4142 cum
2842 4090 2973 4143 nihil
2998 4092 3289 4160 quidquam
3318 4094 3499 4148 divino

1941 4190 2215 4245 opponere
2267 4188 2447 4246 posset
2488 4179 2715 4248 judicio,
2753 4182 3151 4237 necessitudine
3209 4196 3383 4245 actus,
3430 4189 3499 4240 ad

1946 4266 2447 4336 magnanimitatem
2506 4269 2716 4324 tandem
2779 4272 3031 4327 veniebat
3086 4290 3100 4327 :
3148 4289 3211 4329 co
3266 4279 3503 4331 ostendit

1943 4360 2098 4422 satis,
2126 4359 2294 4427 pluris
2327 4374 2383 4415 se
2406 4362 2624 4416 omnino
2654 4362 2855 4428 facere,
2891 4367 2936 4420 si
2968 4366 3021 4419 in
3050 4366 3186 4422 istas
3221 4384 3494 4437 nunquam

1943 4450 2226 4503 incidisset
2286 4466 2574 4506 erumnas.
2648 4455 2713 4507 At
2790 4464 3008 4521 noster,
3086 4460 3299 4513 tametsi
3364 4476 3503 4514 unus

1943 4541 2182 4593 omnium
2216 4542 2468 4606 maxime,
2500 4551 2553 4596 et
2587 4542 2969 4601 circumﬂuere
2993 4548 3211 4615 opibus,
3244 4559 3296 4602 et
3327 4552 3505 4604 excel-

1944 4630 2056 4685 lere
2092 4633 2353 4699 potentia,
2390 4642 2442 4685 et
2474 4632 2815 4688 omnifariam
2860 4640 3048 4691 beatus
3090 4639 3379 4708 clarusque
3409 4641 3504 4694 ha-

1944 4717 2058 4769 beri
2110 4725 2339 4785 poterat,
2402 4717 2625 4772 istorum
2678 4733 2853 4776 tamen
2895 4725 3045 4789 nihil,
3077 4744 3141 4781 ne
3178 4729 3228 4782 in
3274 4730 3502 4784 somniis

1951 4808 2191 4877 quidem,
2248 4809 2387 4877 quod
2442 4812 2493 4864 in
2540 4814 2829 4881 proverbio
2874 4825 2976 4881 est,
3008 4816 3149 4871 ferre
3180 4820 3375 4887 potuit,
3407 4823 3500 4875 sed

1951 4915 2102 4951 maza
2134 4898 2530 4967 philosophica,
2589 4905 2681 4958 sed
2741 4904 2975 4960 solitudo
3021 4919 3075 4961 et
3109 4924 3375 4977 recessus,
3406 4910 3500 4965 sed

1943 4990 2019 5041 rei
2082 4988 2284 5044 nullius
2336 4994 2549 5061 propria
2594 4997 2885 5064 possessio,
2941 4998 3014 5052 illi
3076 5000 3329 5055 omnibus
3361 5002 3500 5055 anti-

1942 5080 2131 5146 quiora
2167 5080 2335 5134 fuere.

2010 5166 2172 5223 CXX.
2221 5168 2350 5223 Mosi
2375 5185 2499 5225 vero
2532 5172 2855 5243 legislatori,
2899 5185 2951 5231 et
2979 5176 3187 5244 Davidi,
3218 5178 3405 5234 δεεεωὶ
3434 5180 3498 5233 fi-

1944 5258 2036 5322 lio,
2072 5274 2194 5313 cum
2228 5261 2347 5315 alite
2378 5263 2605 5319 virtutes
2632 5266 2933 5335 (sacrarum
2968 5266 3322 5340 Litterarum)
3350 5272 3500 5325 testi-

1944 5350 2128 5404 monio
2163 5353 2493 5421 tribuuntur,
2545 5366 2655 5410 tum
2699 5361 2842 5429 quod
2871 5361 3201 5428 przecipuum
3228 5363 3495 5427 omnium,

1939 5450 1992 5495 et
2024 5444 2176 5520 velut.
2197 5445 2461 5515 coIOphun
2508 5457 2590 5503 est
2623 5451 2920 5505 moderatio
2951 5459 3003 5505 et
3035 5451 3253 5516 lenitas,
3278 5453 3496 5521 etquod

1946 5551 1964 5583 ι
2004 5536 2296 5589 secundum
2329 5552 2424 5591 cor
2448 5540 2539 5593 Dei
2566 5541 2630 5605 ⁸³,
2675 5559 2692 5592 ι
2728 5542 2868 5596 diota
2914 5556 3010 5596 sua
3042 5541 3289 5613 factaque
3316 5544 3495 5597 omnia

1938 5637 2340 5693 componerent,
2383 5641 2436 5683 et
2466 5629 2635 5697 ipsam
2678 5633 2838 5686 etiam
2870 5634 3104 5688 animam
3141 5635 3340 5689 civium
3371 5650 3498 5690 suo-

1944 5731 2057 5771 rum
2125 5732 2288 5775 causa
2324 5721 2649 5788 profnmlere
2692 5726 2861 5794 parati
2893 5735 3096 5794 essent,
3124 5726 3234 5797 jam
3270 5738 3327 5782 ut
3358 5728 3495 5781 hanc
