4232 6432
739 362 848 426 3ῐὲ

1982 383 2083 442 ΤΗ
2098 383 2380 444 EODULI
2417 383 2767 447 MONACHI

3896 401 4009 465 340

739 492 848 530 non
882 480 1058 535 minus
1095 498 1254 552 quam
1294 487 1369 541 illi
1414 499 1607 545 noster
1654 492 1912 549 virtutem
1947 496 2204 562 habebat,
2242 499 2312 553 ita

2425 502 2612 569 μένος,
2652 505 2801 557 δυοῖν
2837 507 2952 560 τοῖν
3006 511 3288 579 μεγίστοιν
3343 514 3402 566 τὸ
3461 517 3664 584 κράτος
3709 517 4002 586 λαμϐάνει,

738 573 989 625 maximis
1020 575 1230 631 duabus
1269 579 1441 633 victor
1468 593 1550 637 est
1580 584 1930 655 :virginitate
1976 591 2210 656 scilicet,
2262 601 2317 645 et

733 665 878 732 quod
927 667 1190 722 adversus
1234 672 1588 730 ambitionem
1636 677 1879 750 invictus
1931 683 2103 748 stetit,
2145 683 2314 737 animi

734 767 913 810 autem
971 760 1255 820 aﬂectibus
1348 767 1638 839 brutisque
1687 775 1962 839 motibus,
2020 777 2311 846 plusquam

732 850 870 903 alius
908 854 1176 920 quispiam
1230 861 1586 929 impcritavit,
1622 879 1828 932 suaque
1861 867 2098 936 quadam
2139 873 2312 938 impe-

740 947 944 1000 ’δῖοι-ξπ
1001 949 1306 1005 calliditate
1342 953 1682 1020 spiritualem
1747 958 1897 1011 illum
1951 958 2314 1027 Pharaonem,

733 1051 1034 1107 omnesque
1067 1042 1207 1094 illius
1241 1045 1428 1113 copias
1481 1045 1792 1116 debellavit,
1823 1065 1981 1119 quem
2015 1068 2114 1122 ego
2145 1070 2312 1107 unum

732 1128 1077 1183 verissimum
1118 1132 1460 1190 fortilttdinis
1501 1139 1866 1210 PrinCiPM'm'
1893 1145 2090 1199 merito
2124 1148 2305 1216 app“.

732 1221 983 1276 Iaverhn.

803 1312 991 1370 CXXI.
1033 1317 1151 1382 Quo
1200 1328 1376 1373 autem
1431 1322 1550 1378 loco
1581 1323 1834 1395 Gregorii
1873 1331 2048 1384 nostri
2101 1331 2313 1385 theolo-

731 1401 873 1467 giam
918 1405 1255 1462 eollocahis?
1307 1425 1420 1463 rem
1469 1427 1602 1468 sane
1638 1425 1868 1478 tantam.
1895 1428 1952 1472 et
1980 1428 2130 1472 [antu
2167 1436 2316 1475 com-

733 1495 1038 1551 mendatam
1071 1515 1235 1567 opere
1278 1513 1334 1556 ut
1386 1505 1451 1557 ad
1487 1507 1626 1561 hanc
1666 1509 1802 1563 nihil
1851 1512 2315 1569 decantatissitnze

731 1585 899 1643 Mosis
953 1591 1147 1644 tabula:
1197 1595 1327 1649 sint.
1375 1597 1506 1663 Quae
1535 1602 1839 1668 quamlibet
1899 1607 2137 1660 maximo
2170 1622 2316 1661 exse

731 1683 783 1733 in
817 1684 994 1748 pretio
1055 1685 1322 1753 habenula,
1375 1692 1577 1762 quippe
1627 1694 1888 1752 divinitus
1953 1707 2008 1751 et
2059 1698 2311 1754 imﬂ’ahili

729 1777 964 1843 quo-lam
997 1791 1233 1833 cxaratm
1276 1784 1454 1844 modo.
1510 1787 1883 1854 corporalium
1933 1797 2113 1844 tamen
2179 1807 2316 1859 prm-

730 1878 1012 1931 ceptorum
1048 1873 1356 1929 sanctiones
1381 1889 1574 1942 erant;
1604 1887 1658 1931 at
1692 1880 1860 1933 nostri
1887 1881 2179 1952 theologia,
2202 1899 2307 1937 non

730 1959 991 2014 divinitus
1030 1963 1188 2017 modo
1224 1968 1461 2034 aspirala
1498 1980 1640 2034 erat,
1671 1971 1767 2024 sed
1802 1981 1855 2025 et
1895 1971 2058 2026 Deum
2112 1975 2310 2044 ipsum,

731 2059 791 2102 ut
819 2052 982 2104 verbo
1005 2054 1208 2118 dicam,
1237 2059 1492 2112 omnibus
1525 2063 1874 2116 commendat
1914 2074 1968 2118 et
2001 2067 2312 2132 conﬁrmat,

729 2149 782 2192 et
827 2158 946 2210 quze
979 2145 1044 2196 de
1082 2146 1191 2198 Deo
1230 2149 1435 2202 sentire
1474 2154 1790 2215 conveniat,
1831 2159 2134 2212 comnumis
2169 2174 2316 2228 quac-

731 2235 854 2287 .‘am
909 2236 1178 2302 legislatio
1249 2249 1302 2293 ct
1370 2243 1492 2298 finis
1540 2255 1645 2311 est,
1700 2249 1907 2302 scilicet
1962 2251 2314 2306 exactissima

731 2323 880 2375 «Huni
915 2322 1194 2378 elaborata
1224 2341 1377 2391 cura,
1411 2343 1600 2396 quaeve
1634 2332 1838 2386 nullam
1888 2335 2170 2402 cuiquam,
2208 2337 2314 2391 ulla

729 2431 793 2467 ex
845 2425 1021 2482 parte,
1081 2419 1529 2486 reprehensionis
1586 2438 1772 2477 ausam
1835 2428 2092 2494 prmheat,
2126 2443 2315 2482 verum

737 2516 848 2557 iuta
910 2507 1150 2577 undique
1199 2517 1255 2562 et
1288 2509 1719 2580 impenetrabilis
1754 2515 1846 2577 sit,
1876 2517 2105 2582 perinde
2148 2533 2211 2572 ac
2241 2518 2321 2573 di-

729 2601 914 2652 vinum
957 2602 1230 2668 quoddam
1277 2604 1582 2671 oraculum,
1623 2617 1714 2660 aut
1741 2608 1918 2661 delata
1943 2612 2082 2665 cmlo
2103 2623 2322 2668 senten-

733 2693 826 2755 tia,
860 2702 910 2744 et
945 2695 1053 2747 vim
1088 2694 1214 2748 inde
1241 2698 1737 2769 auctoritatemque
1771 2717 1924 2754 suam
1958 2705 2184 2771 adepta.

800 2783 1010 2839 CXXII.
1064 2786 1360 2852 Gregorius
1411 2804 1594 2857 porro,
1648 2791 1791 2860 quod
1837 2808 2010 2864 usque
2057 2798 2194 2849 adeo
2227 2798 2324 2849 Iut-

731 2896 922 2931 manus
964 2890 1019 2933 et
1053 2880 1372 2946 benevolus,
1401 2893 1454 2935 et
1481 2884 1794 2940 misericors
1812 2901 1938 2954 erga
1967 2903 2159 2943 omnes
2182 2897 2319 2953 erat,

729 2981 784 3022 ut
814 2987 875 3025 ea
938 2988 994 3026 re
1029 2992 1046 3024 ι
1077 2973 1285 3028 viscera
1329 2975 1610 3031 charitatis
1636 3020 1652 3044 ,
1690 2996 1707 3027 ι
1763 2980 2094 3034 vocitaretur
2137 2998 2150 3034 :
2181 2983 2323 3050 quod

726 3068 853 3117 item
877 3066 927 3118 in
981 3067 1190 3122 deliciis
1224 3069 1385 3121 vitam
1414 3085 1577 3139 agere
1597 3087 1719 3125 cum
1762 3083 1962 3140 posset,
1995 3075 2324 3139 nullet,con-

2422 594 2722 663 παρθενεία
2769 615 2828 651 τε
2859 601 2953 653 καὶ
2988 603 3067 673 τῷ
3115 606 3190 676 μὴ
3217 606 3378 676 δόξης
3409 611 3699 681 ἡττᾶσθαι,
3742 612 3879 665 ἀλλὰ
3913 614 4006 682 βα-

2427 685 2662 738 σιλεύειν
2699 689 2799 755 μὲν
2826 691 2934 743 τῶν
2962 693 3154 746 παθῶν
3185 699 3280 749 καὶ
3306 698 3416 750 τῶν
3447 701 3660 767 ἀλόγων
3694 701 3796 769 τῆς
3819 701 4005 768 ψυχῆς

2422 781 2746 847 κινημάτων
2782 783 2985 847 παντὸς
3025 787 3250 853 μᾶλλον,
3283 795 3767 861 καταστρατηγεῖν
3810 794 3866 846 δὲ
3907 792 4002 846 τοῦ

2421 875 2617 944 νοητοῦ
2672 877 2908 948 ⁴Ιναραὼ,
2944 880 3038 932 καὶ
3085 883 3190 949 τῆς
3235 883 3400 936 αὐτοῦ
3433 888 3714 952 στρατιᾶς,
3741 889 3808 958 ἦν
3832 889 4004 957 μόνην

2417 965 2586 1034 ἔγωγ’
2612 971 2680 1022 ἄν
2715 970 2883 1039 φαίην
2905 969 2980 1034 ὡς
3010 971 3230 1041 άληθῶς
3258 975 3570 1043 ἀριστείαν.

2489 1330 2670 1383 PKA'.
2725 1329 2834 1382 Ποῦ
2893 1331 2951 1383 δέ
3004 1332 3193 1402 θήσεις
3241 1335 3342 1403 τήν
3377 1335 3570 1388 τούτου
3603 1334 3886 1404 θεολογίαν
3914 1354 4008 1390 το-

2421 1423 2610 1475 σοῦτον
2655 1419 2824 1477 οὖσαν
2868 1426 2966 1477 καὶ
2995 1424 3140 1478 οὕτω
3175 1426 3628 1498 θαυμαζομένην,
3660 1429 3735 1492 ὡς
3769 1435 3864 1483 καὶ
3903 1432 4006 1492 τᾶς

2418 1514 2766 1584 ὑμνουμένας
2803 1516 3012 1569 ἐκείνου
3069 1517 3279 1582 πλάκας
3343 1521 3406 1572 τδ
3454 1521 3622 1590 μηδὲν
3669 1518 3809 1575 εἶναι
3865 1525 4005 1590 πρὸς

2418 1607 2660 1674 ταύτην;
2692 1609 2850 1678 εἴπερ
2886 1609 2944 1660 ai
2997 1610 3120 1679 μὲν,
3173 1612 3222 1664 εί
3259 1613 3352 1665 καὶ
3384 1613 3585 1666 πολλοῦ
3627 1631 3772 1676 τινος
3823 1615 4004 1680 ἄξιαι,

2417 1697 2496 1766 τῷ
2519 1696 2681 1760 θείως
2704 1700 2798 1750 καὶ
2823 1700 3081 1770 ἀρρήτως
3120 1702 3554 1771 ἐγκεχαράχθαι,
3600 1703 3715 1756 ἀλλ’
3753 1704 3861 1770 ἄρα
3895 1723 4006 1756 σω-

2424 1792 2671 1859 ματικῶν
2719 1789 2861 1863 ἦσαν
2907 1794 3298 1862 ἐπιταγμάτων
3331 1794 3563 1864 θεσμοί⁹
3597 1796 3678 1866 ἧδ’
3705 1797 3801 1864 οὐχ
3849 1799 4003 1859 ὅπως

2420 1884 2608 1937 θεόθεν
2647 1887 2748 1955 τὴν
2794 1886 3088 1938 ἐπίπνοιαν
3126 1887 3319 1956 ἔσχεν,
3357 1887 3495 1940 ἀλλὰ
3533 1890 3631 1940 καὶ
3661 1887 3800 1940 Θεὶν
3837 1889 4006 1940 αὑτὸν

2415 1976 2492 2040 ὡς
2527 1981 2702 2031 εἰπεῖν
2750 1976 3065 2048 συνίστησιν
3110 1979 3284 2033 ἅπασι
3322 1985 3419 2036 καὶ
3470 1982 3754 2050 κρατύνει,
3779 1981 4006 2036 καὶτοῦ

2419 2074 2640 2138 φρονεῖν
2669 2072 2705 2126 ἃ.
2751 2072 2951 2124 τούτου
2977 2073 3108 2140 πέρι
3144 2073 3393 2144 προσῆκε
3416 2113 3432 2137 ,
3464 2077 3620 2143 κοινή
3655 2075 3740 2137 τίς
3767 2077 3888 2127 ἐστι
3916 2093 4004 2127 νο-

2424 2163 2654 2230 μοθεσία
2685 2165 2784 2216 καὶ
2817 2163 2942 2233 ὄρος
2985 2164 3063 2232 τῷ
3095 2163 3184 2216 διά
3223 2165 3408 2231 πάσης
3437 2165 3729 2232 ἀκρισείας
3750 2157 4005 2235 ἇςῖχθαι,

2419 2255 2514 2308 καὶ
2553 2254 2744 2322 μηδενὶ
2795 2254 2918 2324 μηδ’
2960 2255 3214 2323 ἡντινοῦν
3269 2255 3332 2309 τδ
3362 2257 3627 2326 παράπαν
3666 2259 3763 2310 ἐπὶ
3802 2258 4004 2329 μηδενὶ

2418 2347 2618 2400 διδᾶναι
2635 2345 2834 2416 λαϐὴν,
2862 2346 2981 2399 ἀλλ’
3004 2347 3429 2417 ἀνεπιχείρητον
3458 2348 3813 2402 παντάπασιν
3835 2346 4006 2416 εἶναι,

2423 2440 2678 2507 καθάπερ
2735 2440 2859 2493 τινὰ
2895 2438 3042 2492 θεῖον
3091 2441 3347 2510 χρησμὸν
3401 2440 3432 2505 ἦ
3475 2441 3663 2511 ψῆφον
3707 2442 4009 2510 οὐρανόθεν

2423 2531 2871 2601 κατενεχθεῖσαν,
2906 2532 3002 2585 καὶ
3033 2531 3208 2606 ταύτῃ
3241 2533 3305 2586 ea
3335 2534 3536 2602 κράτος
3566 2534 3822 2604 ἔχουσαν.

2495 2780 2670 2835 ΡΚΒ’.
2710 2783 2806 2843 Ὃς
2836 2777 2915 2843 οἷς
2953 2781 3055 2848 μὲν
3093 2781 3240 2835 οὕτω
3277 2780 3683 2852 φιλανθρώπως
3715 2781 3827 2853 εἶχε
3872 2783 4014 2856 προς

2426 2873 2638 2934 πάντας
2683 2875 2777 2926 καὶ
2836 2873 3160 2941 συμπαθῶς,
3202 2893 3219 2924 t
3255 2873 3330 2937 ὡς
3365 2873 3654 2943 σπλάγχνα
3702 2880 4015 2945 χρηστότη·

2427 2984 2515 3030 τος
2562 2987 2580 3018 ι
2608 2967 2978 3036 ὀνομάζεσθαι
3002 2982 3016 2998 ο
3044 2961 3124 3029 οἷς
3154 2967 3208 3019 δὲ
3240 2969 3455 3037 τρυφᾷν
3481 2967 3706 3020 ἐδύνατο
3748 2968 3870 3036 μὲν,
3907 2969 4014 3020 οὐκ

2430 3059 2684 3112 ἐϐούλετο
2723 3059 2799 3121 δὲ,
2833 3057 2970 3110 ἀλλὰ
3013 3059 3256 3128 διηνεκεῖ
3289 3061 3381 3111 καὶ
3424 3059 3845 3129 ὑπερϐαλλούσῃ
3880 3061 4013 3123 τοὺς

729 3170 808 3210 Ira
852 3160 1114 3228 verojugi
1165 3171 1446 3230 metasque
1483 3179 1671 3218 omnes
1720 3179 1952 3233 egressa:
1982 3167 2180 3222 inedia:
2205 3184 2326 3222 sese

2431 3152 2589 3222 ὄρους
2639 3151 2871 3221 νηστείᾳ
2919 3154 3238 3220 προσεῖχεν,
3295 3153 3548 3222 ἑκατέρω
3595 3152 3672 3204 τὼ
3707 3155 4011 3222 πμδρόμω

729 3252 969 3314 dederet,
1006 3254 1088 3306 his
1133 3254 1220 3307 ille
1257 3256 1416 3308 rebus
1471 3267 1761 3325 utrumque
1804 3275 2223 3328 pra’cursorem,
2264 3273 2319 3316 et

727 3344 987 3399 Joannem
1014 3346 1290 3401 Zachariae
1324 3349 1564 3404 ﬁliumet
1600 3350 1770 3405 Eliam
1811 3354 2128 3421 Thesbiten,
2165 3367 2318 3410 ante-

727 3438 860 3490 ibat.
915 3437 1112 3501 Eliam,
1164 3440 1334 3493 nimio
1384 3442 1619 3511 quodam
1641 3444 1757 3498 zelo
1796 3461 1860 3499 eo
1908 3447 2212 3515 abreptum,
2253 3457 2312 3500 ut

727 3530 1195 3583 rommiseralioui
1247 3533 1465 3587 clausus
1509 3536 2024 3604 essel;Baptistam,
2089 3539 2313 3606 penuria

727 3621 868 3674 alius
899 3622 1078 3675 idonei
1103 3625 1340 3676 alimenti
1367 3627 1430 3678 ad
1452 3625 1691 3680 Iocustas
1716 3639 1768 3682 et
1812 3630 1912 3683 me!
1943 3631 2198 3686 silvestre
2224 3631 2322 3683 ad-

730 3719 1286 3781 actquuodautem
1309 3737 1328 3770 t
1353 3720 1608 3790 majorem
1638 3722 1750 3789 ipso
1775 3735 2021 3778 exortum
2049 3724 2213 3779 fuisse
2229 3725 2274 3756 “
2298 3744 2315 3776 ι

735 3819 918 3876 negat,
967 3811 1016 3864 id
1041 3812 1171 3865 nihil
1202 3813 1265 3864 ad
1294 3812 1431 3867 hanc
1482 3829 1595 3867 rem
1656 3815 1782 3868 facit
1807 3833 1821 3869 :
1851 3831 1955 3869 non
1998 3818 2142 3871 enim
2180 3817 2323 3870 futu-

736 3917 854 3954 rum
916 3903 1174 3957 exclusit.
1231 3902 1442 3958 Rursus
1486 3906 1633 3974 quod
1667 3905 1925 3960 illiambo
1955 3923 2052 3977 pro
2104 3907 2169 3961 iis
2200 3924 2322 3977 qua“:

735 3993 975 4060 legitima
1035 3997 1248 4065 etjusta
1312 4011 1530 4061 essent,
1588 4000 1804 4054 heroiea
1859 4003 2095 4069 quadam
2154 4001 2319 4056 liber-

735 4093 846 4138 tate
869 4085 980 4138 oris
1021 4088 1085 4139 ad
1116 4089 1386 4155 principes
1407 4104 1535 4142 suos
1586 4091 1667 4142 usi
1707 4090 1895 4156 fuere;
1924 4101 2111 4144 noster
2138 4101 2315 4144 autem

732 4191 834 4244 pro
878 4175 1162 4233 divinitate
1217 4180 1357 4247 ipsa,
1416 4183 1678 4236 adversus
1709 4192 1992 4252 protervos
2015 4183 2320 4237 divinitatis

733 4269 1174 4335 calumniatores,
1239 4274 1424 4327 eadem
1447 4289 1575 4328 usus
1601 4284 1726 4340 est;
1759 4285 1872 4328 tum
1898 4276 2041 4344 quod
2068 4276 2141 4330 illi
2185 4276 2318 4330 nihil

733 4362 1025 4432 quidquam
1057 4378 1242 4418 eorum
1271 4380 1388 4431 qua:
1417 4365 2161 4436 destinaverant.perfecere,
2221 4381 2319 4419 no-

2430 3243 2666 3314 παρῄει·
2697 3245 2790 3296 τόν
2819 3260 2878 3295 τε
2910 3242 3005 3297 τοῦ
3065 3244 3362 3314 Ζαχαρίου,
3431 3247 3526 3298 καὶ
3577 3245 3669 3298 τὸν
3700 3246 3970 3311 Θεσεέτην
3996 3261 4011 3276 ο

2426 3338 2521 3390 τὸν
2557 3337 2678 3406 μὲν,
2720 3337 2962 3408 ἀμετρίᾳ
2984 3337 3081 3390 τοῦ
3124 3337 3314 3407 ζήλου.
3353 3339 3492 3407 πρὸς
3525 3339 3587 3392 τὸ
3616 3340 3691 3408 μὴ
3724 3340 4015 3408 συμπαθὲς

2427 3431 2724 3502 ἐξαχθέντα
2748 3446 2762 3460 ⁸
2800 3429 2892 3483 τὸν
2930 3431 3008 3492 δὲ,
3044 3431 3112 3483 δι’
3146 3432 3388 3500 ἀπορίαν
3435 3432 3745 3503 βρωμάτων
3779 3433 4011 3500 ἐτέρων,

2425 3526 2561 3592 πρὸς
2591 3526 2821 3596 ἀκρίδας
2856 3526 3316 3593 καταπεφευγότα
3334 3527 3427 3578 καὶ
3455 3527 3600 3596 μέλι.
3627 3527 3689 3579 El
3721 3526 3800 3592 δὲ,
3835 3547 3853 3579 ‹
3888 3528 4013 3581 Ούκ

2424 3621 2746 3688 ἐγήγερται,
2773 3619 2927 3686 φησὶ,
2965 3617 3192 3687 μείζων,
3218 3637 3236 3669 ι
3265 3619 3416 3671 οὐδὲν
3433 3619 3571 3688 πρὸς
3589 3620 3766 3686 λόγον.
3793 3620 3867 3672 Οὐ
3889 3620 4007 3690 γὰρ

2422 3712 2679 3781 ἀπεῖρξαι
2708 3708 2979 3782 [ἀπεῖρξε]
3004 3711 3062 3762 τὸ
3087 3709 3284 3780 μέλλον
3305 3728 3321 3744 ·
3351 3712 3448 3764 καὶ
3481 3711 3611 3780 μὴν,
3638 3712 3698 3765 τὸ
3721 3714 3846 3773 τοὺς
3877 3713 4005 3781 μὲν,

2424 3807 2564 3874 ὑπὲρ
2611 3805 2703 3858 τοῦ
2738 3805 2972 3873 νομίμου
3001 3819 3060 3856 τε
3117 3805 3208 3857 καί
3254 3804 3493 3868 δικαίου,
3548 3807 3842 3875 θαυμαστῇ
3890 3823 4006 3858 τινι

2422 3900 2712 3970 ’παρρησία
2754 3897 3142 3968 χρησαμένους
3173 3899 3311 3969 πρὸς
3345 3899 3476 3960 τοὺς
3525 3901 3887 3968 κρατοῦντας,
3911 3900 4012 3954 τὸν

2421 3993 2466 4045 δ’
2504 3994 2645 4061 ὑπὲρ
2673 3993 2772 4061 τῆς
2819 3991 3075 4060 θεότητος
3101 3992 3296 4059 αὐτῆς,
3350 3993 3490 4061 πρὸς
3522 3995 3650 4056 τοὺς
3693 3997 3793 4061 τῆς
3820 3995 4016 4065 θεότη-

2422 4103 2512 4148 τος
2549 4085 2840 4154 ὑὸριστὰς,
2869 4087 2999 4146 τοὺς
3028 4083 3149 4153 μὲν,
3175 4077 3251 4136 ὧν
3274 4086 3562 4138 ἐϐούλοντο
3598 4087 3889 4155 μηδοτιοῦν
3918 4104 4016 4140 τοο

2424 4180 2690 4249 παράπαν
2721 4178 3036 4248 εἰργάσθαι,
3073 4177 3166 4229 τὸν
3207 4177 3284 4241 δὲ,
3329 4178 3542 4246 μεγάλα
3578 4183 3673 4231 καὶ
3709 4178 4012 4250 θαυμαστὰ

2423 4273 2729 4342 στήσασθαι
2768 4273 3027 4341 τρόπαια,
3060 4271 3113 4324 τί
3143 4289 3226 4333 τις
3257 4273 3322 4324 ἄν
3369 4272 3515 4325 εἴποι
3540 4289 3556 4338 ;
3582 4268 3659 4325 ἾΙ
3686 4274 3868 4343 δῆλον,
3895 4276 4010 4347 ὅπη

2423 4364 2486 4416 τὸ
2521 4364 2746 4429 κράτος,
2780 4362 2882 4416 κᾶν
2919 4366 3079 4433 ἡμεῖς
3122 4363 3196 4432 μὴ
3226 4365 3498 4433 λέγωμεν.

733 4464 845 4510 ster
888 4469 1073 4511 eontra
1119 4462 1352 4512 maxima
1389 4467 1442 4512 et
1473 4458 1864 4528 gloriosissima
1888 4459 2434 4528 statuebattruphaaa,
2490 4459 2618 4527 quid
2697 4456 2899 4510 dixerit
2981 4456 3290 4526 quispiam?
3348 4472 3414 4510 an
3472 4473 3598 4513 vero
3659 4467 3803 4529 patet
3875 4461 4013 4514 satis

735 4566 837 4622 qua
884 4563 1035 4618 parte
1071 4552 1292 4605 victoria
1329 4554 1535 4614 sedeat,
1577 4552 1792 4606 tametsi
1845 4567 1943 4606 nos
1981 4552 2110 4606 nulli
2140 4552 2431 4608 dicamus?

807 4643 1042 4698 CXXIII.
1097 4643 1377 4698 Postremo
1407 4644 1472 4697 de
1496 4645 1656 4698 Petro
1691 4655 1743 4697 et
1778 4645 1945 4699 Paulo
1975 4685 1989 4706 ,
2022 4652 2077 4698 et
2111 4645 2202 4697 illo
2233 4653 2315 4697 to-

2505 4643 2678 4698 PKI".
2711 4643 2922 4711 Πέτρου
2969 4642 3026 4695 δὲ
3057 4642 3188 4710 πέρι
3226 4645 3318 4694 καὶ
3365 4641 3578 4720 [Ιαύλου
3621 4648 3714 4694 καὶ
3759 4643 3854 4695 τοῦ
3889 4642 4013 4698 υἷοῦ

735 4737 902 4790 nitrui
971 4737 1081 4790 lilio
1113 4774 1128 4799 ,
1170 4736 1222 4788 id
1275 4743 1485 4789 tantum
1549 4737 1778 4789 dixerim
1830 4737 1974 4807 quod
2004 4727 2320 4791 laudaturus

735 4829 858 4882 illos
893 4828 1158 4896 quispiam
1193 4829 1374 4893 dicat;
1411 4829 1544 4881 adeo
1567 4829 1852 4897 magnailli
1885 4828 2127 4895 profecto
2156 4832 2328 4881 virtu-

737 4923 805 4974 tis
839 4921 1233 4989 probitatisque
1266 4919 1545 4974 coniecere
1610 4921 1806 4990 spatia,
1866 4933 1920 4974 et
1947 4937 2041 4991 per
2105 4922 2327 4990 pulchra

734 5014 917 5066 numia
985 5014 1221 5081 pert-ceti
1279 5012 1452 5066 fuere.
1511 5012 1831 5081 Gregorium
1896 5023 2100 5079 tamen,
2136 5015 2328 5082 ingens

738 5107 870 5160 illud
923 5117 1126 5161 natura:
1182 5108 1432 5161 humana:
1482 5107 1676 5170 instar,
1710 5116 1766 5162 et
1796 5117 2122 5175 postremam
2153 5109 2324 5161 virtu-

736 5209 851 5252 tum
909 5199 1165 5264 feturam,
1223 5216 1325 5254 uou
1387 5202 1544 5253 modo
1604 5201 1656 5252 in
1706 5201 1856 5268 ipsis,
1902 5216 2092 5255 verum
2154 5201 2316 5253 etiam

736 5306 898 5359 supra
965 5293 1134 5361 ipsos,
1193 5292 1538 5346 meritissime
1587 5291 1962 5345 collocandum
2045 5305 2314 5353 censeam,

736 5385 936 5453 quippe
985 5385 1076 5453 qui
1132 5383 1276 5438 Petri
1309 5386 1509 5450 zelum,
1550 5394 1603 5438 et
1633 5384 2135 5438 constantissimum
2164 5383 2317 5436 Pauli

738 5479 906 5528 robur
935 5477 1069 5546 (18),
1101 5487 1154 5529 et
1189 5477 1472 5530 sublimem
1501 5476 1725 5530 Joannis
1768 5475 2116 5544 theologiam,
2169 5490 2318 5543 quze-

739 5585 844 5636 que
875 5571 980 5624 illis
1030 5572 1147 5624 alia:
1194 5574 1504 5640 complures
1570 5569 1797 5624 aderant
1835 5571 2013 5635 dotes,
2063 5568 2136 5621 ita
2169 5568 2324 5636 plene

739 5670 794 5714 et
875 5661 1111 5728 perfecte
1187 5665 1455 5734 expressit
1511 5705 1526 5729 ,
1568 5673 1623 5714 ut
1670 5661 1754 5715 his
1833 5661 1884 5713 iu
1945 5661 2105 5715 rebus
2158 5660 2324 5713 nihilo

817 5777 862 5808 εδ
903 5777 1094 5832 Matth.
1132 5795 1203 5844 χι,
1239 5779 1323 5834 II.

821 5890 932 5960 {l8}
966 5891 1122 5962 ϐίους.
1170 5891 1298 5946 Nu.
1337 5894 1386 5946 in
1420 5892 1703 5959 Basilium,
1739 5905 1859 5963 pag.
1908 5889 2010 5943 287
2036 5887 2157 5944 Διά.
2185 5889 2315 5944 edit.

2427 4741 2525 4808 τῆς
2549 4737 2800 4807 βροντῆς.
2833 4734 3089 4787 τοσοῦτον
3118 4734 3185 4787 ἂν
3211 4736 3443 4802 εἴποιμι,
3479 4738 3504 4787 ὃ
3525 4753 3578 4787 τι
3602 4737 3827 4800 τούτους
3852 4742 4015 4792 ἐσται..

2426 4831 2543 4881 νεῖν
2575 4845 2664 4890 τις
2699 4826 2923 4886 ἐθέλων,
2954 4824 3305 4878 ὲπποσοῦτον
3335 4825 3529 4895 ἤκουσε
3567 4828 4013 4894 καλοκάγαθίας,

2426 4923 2517 4974 καὶ
2551 4921 2646 4972 τοῦ
2677 4921 2768 4973 διὰ
2808 4922 3026 4972 πάντων
3055 4918 3269 4970 ἐλάσαι.
3308 4919 3469 4971 Ἀλλὰ
3513 4927 3606 4971 καὶ
3637 4921 3942 4991 Γρηγὸριος
3976 4929 4009 4992 ἡ

2428 5011 2639 5079 μεγάλη
2691 5013 2791 5078 τῆς
2822 5008 3036 5076 φύσεως
3089 5009 3352 5071 ἔνδειξις,
3387 5010 3484 5061 καὶ
3535 5012 3566 5079 ἡ
3615 5011 3724 5060 τῶν
3781 5014 4012 5078 ἀγαθῶν

2425 5105 2716 5157 τελευταία
2758 5106 2925 5173 φορά.
2965 5106 3063 5172 οὐχ
3093 5104 3242 5166 ὅπως
3287 5104 3424 5168 μετὰ
3459 5104 3687 5168 τούτων,
3735 5105 3875 5158 ἀλλὰ
3909 5109 4010 5159 καὶ

2426 5200 2567 5268 ὑπὲρ
2597 5200 2820 5260 τούτους
2842 5198 3050 5261 δίκαιος
3085 5199 3149 5251 ἂν
3189 5202 3274 5268 εῖη
3306 5201 3584 5268 τετύχθαι.
3645 5200 3858 5267 Πέτρου
3892 5204 4009 5271 γὰρ

2425 5292 2519 5344 τὸν
2552 5291 2734 5358 ζῆλον,
2769 5293 2863 5344 καὶ
2901 5293 3113 5344 Παύλου
3143 5293 3234 5343 τὸν
3268 5292 3441 5351 τόνον,
3486 5293 3580 5342 καὶ
3606 5291 3703 5361 τὴν
3749 5293 4007 5345 Ίιιιάννου

2427 5381 2732 5449 θεολογίαν,
2762 5384 2857 5436 καὶ
2891 5381 2928 5435 ἃ.
2952 5383 3102 5434 πόλλ’
3122 5382 3288 5451 ἐτερα
3306 5381 3524 5445 τούτοις
3555 5382 3787 5451 προσῆν,
3823 5383 4008 5446 οὖτως

2425 5477 2504 5536 εἰς
2545 5477 2714 5543 ἄκρον
2769 5475 3175 5544 κατωρθωκὼς,
3219 5475 3293 5538 ὡς
3325 5476 3491 5545 μηδὲν
3539 5476 3714 5527 ἐνδεῖν
3769 5479 4008 5529 τουτωιὶ

2424 5567 2551 5634 περὶ
2600 5566 2810 5619 ταῦτα·
2862 5567 2936 5619 ὅδ’
2975 5569 3127 5620 ἐστιν
3185 5562 3265 5629 οἷς
3298 5568 3495 5630 αὐτοὺς
3545 5569 3638 5620 καὶ
3682 5569 4006 5637 παρήλασε,

2424 5660 2626 5729 Πέτρον
2660 5661 2781 5731 μὲν,
2814 5654 2893 5724 οἷς
2924 5661 3020 5731 οὐχ
3054 5661 3297 5731 ὡμίλησε
3332 5662 3517 5731 γάμῳ,
3552 5660 3688 5714 ἀλλὰ
3727 5659 4012 5732 παρθενίᾳ
