4232 6432
260 405 356 469 341

1224 403 1617 464 LAUDATIO
1659 406 1719 464 S.
1757 404 2143 464 GREGORH
2188 407 2602 468 TllEOI.OGi.

3415 414 3530 476 343.

258 521 461 591 συνέζη
483 539 499 556 ο
526 523 738 577 Παῦλον
771 524 852 587 δὲ,
886 522 965 593 τῷ
1005 522 1105 593 τὴν
1135 521 1421 575 εὐσέϐειαν
1453 524 1518 575 ὲκ
1552 522 1836 593 προγόνων

1945 524 2076 591 ipsis
2132 526 2355 579 inferior
2384 537 2549 580 esset.
2613 526 2733 583 lmo
2775 542 2901 587 vero
2920 538 2971 583 et
3000 528 3102 585 hos
3121 532 3362 600 partibus
3400 538 3519 603 qui-

255 612 505 682 ἀκριϐὦς
538 613 883 682 μεμυῆσθαι,
907 612 1005 666 καὶ
1038 611 1114 681 μὴ
1142 610 1243 682 τὴν
1272 609 1373 681 μιν
1398 611 1576 683 ἀρχὴν
1598 612 1679 675 είς
1709 611 1838 664 διώ-

258 724 391 769 κτας
444 706 643 771 τελεῖν,
695 706 890 759 ἔπειτα
941 706 1013 758 δι’
1065 706 1372 775 ἐμφανείας
1426 705 1736 774 φρικώδους
1763 705 1841 775 τῷ

257 800 484 871 Χριστῷ
538 799 864 871 προσελθεῖν
884 817 906 853 ,ο
957 800 1093 854 ἀλλὰ
1147 798 1253 871 μὴν
1312 801 1408 854 καὶ
1460 801 1715 871 Ἰωάννην
1750 802 1841 854 τὸν

256 891 571 955 Ζεϐεδαίου,
625 891 705 962 τῷ
741 890 817 962 μὴ
852 892 939 945 διὰ
976 893 1228 963 βραχέων
1261 892 1387 962 μηδ’
1441 893 1632 955 ἁπλῶς
1675 893 1842 946 οὕτω·

258 986 369 1042 σὶν,
399 984 539 1037 ἀλλὰ
577 985 971 1055 δαψιλέστερον
1000 986 1096 1038 καὶ
1136 984 1583 1051 σπουδαιότερον,
1610 985 1702 1037 καὶ
1730 979 1842 1037 οἷον

257 1075 800 1145 ἀγωνιστικώτερον,
837 1078 932 1129 καὶ
981 1078 1120 1147 πρὸς
1160 1076 1395 1145 ἆμιλλαν
1434 1072 1609 1146 ἧφθαι
1658 1076 1841 1130 θεολο-

255 1167 415 1232 γίας·
452 1170 550 1221 καὶ
598 1170 681 1223 ὅτι
712 1170 811 1238 οὐχ
843 1168 1014 1233 ἅπαξ,
1068 1168 1205 1221 ἀλλὰ
1252 1168 1516 1232 πολλάκις
1551 1168 1689 1222 Θεοῦ
1717 1172 1843 1240 πέρι

256 1261 403 1329 πρὸς
446 1262 573 1324 τοὺς
606 1262 925 1328 αίρετικοῦς
972 1260 1326 1315 ἀπεδύσατο·
1382 1261 1477 1315 acati.
1524 1263 1715 1316 σιωπῶ
1742 1264 1843 1326 τὰς

253 1354 578 1422 ἐξαιρέτους
625 1354 820 1407 τούτου
853 1354 1018 1423 γονὰς
1044 1396 1058 1418 ,
1105 1356 1199 1407 καὶ
1228 1355 1325 1416 τὰς
1368 1356 1639 1423 ἑκατέρας
1668 1358 1842 1424 ἐπαγ-

253 1445 475 1510 γελίας,
510 1445 609 1514 τῆς
634 1462 693 1496 τε
730 1446 937 1515 μητρὸς
966 1446 1105 1514 ὑπὲρ
1148 1445 1313 1499 αὐτοῦ
1346 1447 1483 1520 πρὸς
1520 1448 1677 1510 Θεὸν,
1708 1451 1841 1518 πρός

251 1536 300 1586 τ’
326 1536 505 1606 αὐτὴν
523 1537 616 1588 τοῦ
642 1536 805 1601 Θεοῦ,
833 1531 908 1590 ὧν
928 1537 1082 1589 οὐδὲν
1113 1538 1344 1601 ἐκείνοις
1409 1540 1627 1611 προσῆν
1656 1558 1669 1573 ο
1702 1541 1843 1595 οὕτω

251 1629 386 1692 τοὺς
420 1627 766 1699 προῦχοντας
800 1632 891 1684 καὶ
925 1631 1005 1683 τὰ.
1026 1630 1241 1700 μεγάλα
1276 1632 1427 1702 παρὰ
1461 1633 1579 1704 Θεῷ
1608 1634 1845 1700 δυναμέ-

250 1738 382 1783 vota;
414 1717 497 1784 οἷς
529 1720 667 1792 ἔφην
699 1721 1055 1791 παρενεγκών
1078 1740 1089 1751 ·
1126 1726 1153 1776 ὁ
1182 1724 1261 1787 δὲ,
1299 1725 1394 1777 καὶ
1433 1724 1570 1794 προς
1607 1724 1699 1777 τὸν
1751 1729 1846 1778 Δε-

252 1812 471 1881 σπότην
510 1814 586 1876 ὼς
618 1813 808 1876 εὔνους
856 1817 921 1885 τῇ
973 1814 1096 1868 καθ’
1128 1814 1317 1885 ἕτερον
1356 1816 1567 1887 τρόπον
1609 1820 1842 1887 μιμήσει

252 1906 739 1978 παρρησιάζεται·
780 1910 940 1978 εἴπερ
980 1910 1193 1963 ἐκείνου
1257 1910 1398 1980 μήτε
1436 1910 1537 1979 τῆς
1584 1911 1839 1981 θεότητος

252 2002 561 2065 ἐκστάντος
598 2004 691 2055 καὶ
718 2003 788 2056 δι’
819 2006 968 2073 ἡμᾶς
992 2002 1119 2056 καθ’
1150 2005 1298 2073 ἡμᾶς
1323 2004 1646 2073 γενομένου,
1683 2007 1843 2068 αὐτὸς

255 2093 355 2147 διὰ
385 2094 449 2146 τὸ
485 2095 625 2164 πρὸς
660 2095 874 2147 ἐκεῖνον
898 2096 1205 2149 ἐσπούδακε
1239 2097 1485 2166 φίλτρον,
1528 2096 1842 2166 τοῦμπαλιν

253 2187 312 2251 ἑξ
344 2185 645 2258 ἀνθρώπου
670 2187 803 2252 Θεὸς
828 2188 1189 2259 γεγενῆσθαι,
1216 2192 1310 2242 καὶ
1344 2189 1445 2260 τῆς
1479 2191 1844 2261 προσρήσεως

253 2278 409 2349 αὖτῷ
442 2282 794 2351 κοινωνῆσαι,
832 2280 1085 2352 καθάπερ
1120 2276 1203 2343 οἷς
1233 2276 1347 2355 [ἧς]
1378 2281 1578 2352 ἔχομεν
1631 2282 1843 2345 ἐκεῖνος

254 2374 287 2441 ἡ
299 2377 413 2441 μῖν.

1943 615 2167 671 busdam
2223 620 2605 687 praecucurrit,
2664 620 2909 681 Petrum,
2983 623 3126 689 quod
3180 625 3395 693 nuptias
3420 642 3525 680 non

1944 708 2146 777 attigit,
2192 724 2379 764 verum
2431 710 2484 765 in
2545 724 2797 781 perpetua
2838 714 3149 783 virg'nitate
3178 716 3350 781 vixit;
3386 717 3523 775 Pau-

1944 798 2279 870 lum,qnod
2352 800 2403 854 in
2499 818 2627 855 vera
2696 804 2900 873 pieta!e
2948 822 2976 858 a
3043 806 3344 875 majoribus
3411 812 3524 864 suis

1944 892 2361 946 accuratissime
2449 893 2727 948 institutus
2796 897 3144 966 initiatusque
3216 910 3374 964 erat;
3425 914 3526 954 nec

1944 984 2198 1055 primitus
2260 987 2401 1039 inter
2427 996 2667 1041 sectores
2701 987 2843 1041 illius
2884 1000 3279 1061 vexatoresque
3329 1006 3525 1047 nomen

1945 1092 2106 1133 suum
2158 1078 2456 1147 professus,
2509 1083 2852 1148 postmodum
2918 1084 3149 1137 terribili
3184 1085 3526 1153 apparitione

1944 1169 2229 1237 perculsus
2281 1169 2349 1223 ad
2398 1167 2674 1223 Christum
2736 1173 3001 1237 accessit;
3072 1174 3303 1242 denique
3360 1175 3525 1228 etiam

1945 1260 2229 1327 Joannem,
2270 1262 2515 1318 Zebeda'i
2574 1264 2767 1329 tilium,
2823 1267 2963 1334 quod
3026 1282 3132 1321 non
3181 1268 3251 1321 ita
3293 1269 3527 1322 breviter

1947 1361 2002 1408 et
2020 1354 2357 1422 simpliciter,
2388 1355 2481 1409 sed
2510 1355 2729 1410 uberius
2784 1365 2839 1410 et
2869 1358 3204 1427 diligentius.
3231 1368 3282 1412 et
3312 1374 3521 1413 actom-

1949 1447 2248 1501 modatiore
2307 1452 2539 1517 quadam
2607 1450 2817 1504 ratione
2844 1450 2909 1503 ad
2963 1450 3229 1505 forensem
3260 1452 3528 1522 disi-epla-

1949 1541 2149 1594 tionem
2200 1549 2253 1594 et
2294 1541 2592 1611 legitimum
2638 1552 2934 1605 certamen,
2966 1544 3293 1606 theologiam
3332 1555 3530 1597 tracta-

1948 1635 2043 1686 vit:
2076 1642 2187 1686 tum
2241 1633 2402 1686 etiam
2448 1633 2595 1701 quod
2658 1648 2762 1687 non
2809 1632 2976 1687 semel
3001 1633 3312 1700 aliquando,
3344 1649 3529 1688 verum

1949 1724 2273 1793 smpiuscule
2326 1726 2376 1777 in
2414 1723 2506 1778 Dei
2569 1740 2732 1780 causa
2787 1741 2908 1780 cum
2944 1726 3211 1779 litereticis
3278 1736 3532 1795 prompte

1948 1817 2307 1884 expediteque
2373 1832 2694 1888 congressus
2747 1817 2867 1871 fuit.
2921 1816 3107 1886 Neque
3138 1833 3267 1873 vero
3292 1818 3531 1887 singula-

1948 1919 2062 1959 rem
2121 1906 2296 1961 nostri
2347 1906 2604 1961 nascendi
2640 1908 2884 1975 modum,
2924 1917 2972 1962 et
3034 1916 3245 1961 mutuas
3276 1910 3532 1976 utrinque

1947 2000 2359 2067 promissiones,
2421 2009 2532 2054 tum
2614 2003 2805 2054 matris
2871 2017 2969 2071 pro
3022 2002 3138 2069 ipso
3196 2002 3261 2054 ad
3338 2000 3531 2060 Deum.

1947 2104 2057 2147 ttttn
2111 2100 2175 2147 ad
2205 2102 2432 2146 matrem
2489 2093 2607 2157 Dei,
2674 2109 2817 2148 nunc
2871 2102 3113 2163 tangam,
3158 2109 3386 2164 quorum
3425 2093 3536 2146 illis

1948 2189 2131 2241 aderat
2190 2186 2413 2239 omnino
2457 2185 2612 2240 nihil.
2674 2184 2793 2241 Jam
2833 2197 2890 2241 ut
2928 2187 3228 2256 prmcipuos
3288 2202 3534 2255 quosque

1948 2289 2001 2334 et
2028 2279 2358 2347 potentiores
2411 2278 2800 2348 propioresque
2862 2278 2960 2333 Dei
2993 2279 3218 2345 amicos,
3280 2280 3364 2333 liis
3415 2295 3535 2348 qua:

1950 2372 2186 2426 diximus
2274 2370 2583 2424 nominibus
2662 2380 2945 2438 tantopere
3035 2370 3374 2435 antecelluit,
3458 2370 3533 2424 ita

254 2471 400 2525 idem
427 2473 712 2528 Dominum
746 2476 946 2546 ipsum,
1000 2486 1059 2531 ut
1086 2476 1515 2539 amantissimus,
1547 2474 1839 2531 aliusmodi
1882 2473 2117 2545 quadam
2147 2468 2470 2532 imitatione,
2532 2468 2922 2538 propemodum
2992 2469 3259 2539 aequabat.
3306 2467 3534 2534 Quando

255 2564 346 2619 ille
376 2566 568 2634 enim,
601 2584 758 2623 neca
814 2568 1098 2623 divinitate
1150 2584 1244 2623 sua
1291 2570 1537 2634 recessit,
1587 2578 1641 2623 ct
1708 2579 1887 2623 nostra
1928 2572 2109 2620 tamen
2180 2575 2365 2625 causa,
2422 2562 2593 2615 nostri
2665 2560 2860 2615 similis
2934 2560 3105 2615 factus
3147 2568 3279 2615 est:
3343 2572 3531 2617 contra

251 2656 577 2729 Gregorius.
644 2676 831 2716 amore
898 2661 1106 2715 Domini
1181 2662 1435 2733 ﬂagrans,
1494 2678 1559 2719 ex
1630 2662 1847 2717 homine
1888 2660 2030 2714 Deus
2077 2654 2238 2721 lleri,
2298 2665 2351 2708 et
2400 2654 2473 2708 ita
2517 2654 2569 2708 in
2596 2655 2830 2709 nominis
2901 2654 3069 2707 divini
3128 2656 3531 2711 consortionem

257 2772 365 2812 una
414 2770 541 2810 cum
568 2755 784 2811 Christo
814 2755 999 2811 venire
1040 2756 1315 2819 studebat,
1343 2755 1796 2824 quemadmodum
1844 2752 1930 2807 ille
1962 2752 2131 2804 nostri
2164 2749 2442 2804 nobiseum
2476 2748 2746 2817 particeps
2778 2756 2882 2803 est.

330 2849 506 2904 PKA'.
540 2846 783 2901 Τοσοῦτο
811 2848 868 2902 δὲ
911 2848 972 2902 τὸ
997 2850 1151 2919 παρὰ
1183 2850 1400 2903 πάντων
1439 2849 1753 2920 ἀφεστηκδς
1788 2851 1845 2902 ὲν

261 2944 474 2995 ἅπασιν
524 2941 723 3011 ἔχοντι,
779 2943 873 2996 καὶ
924 2942 1263 3012 τηλικούτων
1296 2944 1609 3014 πρεσϐείων
1660 2942 1844 3008 ὰξιου·

262 3033 441 3102 μὲνῳ,
476 3033 573 3086 καὶ
601 3032 751 3085 τοῦτ’
782 3033 1008 3097 εἰκότως
1049 3035 1110 3099 ἐξ
1145 3035 1395 3105 ἀνάγκης
1426 3036 1644 3107 ἀπήντα
1667 3053 1681 3066 ·
1714 3036 1846 3089 θαυ-

261 3126 543 3196 μάζεσθαι
596 3128 700 3197 μὲν
754 3128 845 3198 ὑφ’
890 3130 1173 3193 ἁπάντων,
1235 3128 1623 3200 θαυμάζεσθαι
1670 3130 1727 3183 δὲ
1783 3129 1843 3182 ού

257 3223 406 3275 κατὰ
433 3222 561 3284 τοὺς
598 3222 827 3285 ἄλλους·
865 3220 977 3275 οὐδ’
1008 3221 1148 3275 ὥστε
1185 3223 1299 3285 τοῖς
1344 3222 1590 3285 ἐπαίνοις
1615 3221 1841 3293 ὁρίζειν,

256 3315 400 3367 ἀλλὰ
437 3315 533 3366 καὶ
578 3313 806 3375 τούτους
853 3303 1188 3383 αὐτοὺς’[αη
1215 3312 1379 3365 αὐτὸν
1398 3311 1442 3383 τ]
1468 3312 1845 3383 ὑπερϐαίνειν,

256 3408 358 3460 καὶ
396 3405 568 3475 μηδὲν
614 3405 753 3467 ὅλως
781 3406 883 3474 τῆς
917 3404 1171 3456 ἐντεῦθεν
1218 3404 1538 3473 συμμαχίας
1588 3404 1842 3473 προσδεῖ-

2024 2842 2258 2899 CXXIV.
2317 2842 2417 2908 Qui
2476 2850 2624 2897 tanto
2690 2843 2874 2911 itaque
2938 2842 3197 2900 omnibus
3257 2844 3310 2899 in
3365 2846 3535 2904 rebus

1954 2947 2181 2993 ceteros
2239 2949 2430 2989 omnes
2491 2934 2843 2989 antecedebat
2897 2935 3203 3003 intervallo,
3265 2940 3534 3009 tantisque

1957 3030 2148 3083 merito
2206 3030 2463 3081 virtutum
2529 3028 2917 3097 praeminebat
2988 3028 3239 3098 fastigiis.
3294 3032 3367 3086 illi
3431 3035 3533 3088 hoe

1955 3120 2085 3175 item
2161 3122 2512 3185 necessario,
2543 3130 2602 3173 ut
2672 3134 2884 3189 aequum
2937 3133 3073 3186 erat,
3116 3124 3533 3196 obtingebat,ut

1953 3217 2023 3272 ab
2069 3216 2335 3269 universis
2411 3216 2723 3270 laudaretur
2761 3231 2776 3281 ;
2810 3214 3121 3272 laudaretur
3192 3229 3369 3274 autem
3427 3236 3532 3275 nou

1953 3308 2615 3377 morealiorum,neque
2686 3310 2759 3365 ita
2860 3318 2915 3364 ut
2941 3310 3157 3365 laudum
3231 3310 3392 3366 modo
3480 3321 3535 3367 t-t

1954 3403 2199 3457 terminis
2268 3404 2860 3472 circntnscriberetur,
2897 3407 2991 3461 sed
3024 3414 3083 3460 ut
3153 3405 3341 3460 laudes
3390 3407 3535 3475 ipsas

259 3497 411 3561 σθαι,
456 3497 546 3550 διὰ
603 3496 668 3549 τὸ
724 3497 909 3565 πάσης
969 3494 1282 3563 ὑπερϐολῆς
1335 3495 1695 3565 ἐπειλῆφθαι,
1755 3499 1847 3549 καὶ

1953 3497 2392 3563 transcenderet,
2456 3500 2707 3570 nihilque
2760 3516 2945 3555 earum
2983 3500 3253 3570 indigeret
3295 3501 3531 3562 auxiliis,

256 3592 400 3659 πρὸς
447 3589 620 3657 αὐτὴν
658 3590 818 3660 ἥκειν
855 3589 956 3658 τὴν
979 3588 1275 3657 τελευτήν·
1315 3587 1469 3653 ὥσθ’,
1512 3590 1653 3659 ὅπερ
1676 3590 1848 3661 ἔφθην

256 3682 461 3747 εἰπὼν,
498 3683 605 3735 κᾶν
638 3681 843 3759 πάντες
875 3683 1055 3734 πάντα
1102 3681 1300 3733 ποιῶσι
1343 3681 1436 3733 καὶ
1474 3680 1700 3748 λέγωσι,
1741 3699 1848 3753 μη·

258 3775 349 3827 δὲν
381 3773 548 3834 αὐτὸς
573 3770 637 3843 [Ῑ.
675 3770 850 3843 αὐτῷ]
883 3766 1024 3823 εἶναι
1052 3768 1241 3832 πλέον,
1276 3767 1370 3821 σοῦ
1404 3769 1593 3838 μόνου,
1631 3770 1845 3837 μέγιστ’

256 3864 567 3934 ἀνθρώπων
587 3903 601 3926 ,
639 3864 733 3916 καὶ
755 3863 857 3931 τῆς
881 3861 1083 3924 ἱκανῶς
1105 3860 1199 3912 ἐπὶ
1226 3861 1407 3912 πάντα
1437 3861 1847 3931 ἀφικνουμένης

260 3957 515 4025 γλώττης
545 3957 647 4026 τῆς
674 3955 775 4025 σῆς
803 3954 1115 4024 δυναμένης
1146 3951 1303 4006 ταῦτ’
1336 3952 1505 4017 ἀξίως
1537 3955 1841 4023 περαίνειν.

1953 3603 2018 3643 eo
2046 3592 2187 3660 quod
2246 3605 2512 3645 summam
2570 3608 2783 3647 omnem
2842 3594 3096 3664 attigerat
3130 3592 3531 3655 excellentiam,

1953 3692 2006 3737 et
2035 3684 2100 3735 ad
2153 3684 2312 3738 linem
2378 3685 2551 3750 ipsum
2602 3686 3005 3755 terminumque
3027 3695 3365 3755 pervenerat,
3400 3687 3536 3739 adeo

1955 3785 2013 3829 ιιι
2052 3778 2192 3844 quod
2231 3776 2339 3843 jam
2391 3777 2649 3846 occupavi
2681 3778 2880 3832 ‘dicere
2916 3776 3053 3848 (l9),
3087 3779 3302 3831 tametsi
3346 3789 3539 3832 omne!

1953 3868 2133 3919 omnia
2175 3874 2227 3920 et
2258 3863 2487 3919 fecerint
2538 3877 2592 3919 et
2647 3868 2905 3931 dixerint,
2978 3867 3147 3921 nihilo
3196 3866 3318 3919 inde
3352 3876 3533 3920 tamen

1957 3954 2075 4021 plus
2136 3958 2201 4008 ad
2226 3957 2451 4023 gloriam
2509 3955 2676 4025 ipsius
2741 3971 3090 4010 accessurum
3142 3958 3235 4012 sit.
3278 3955 3441 4011 Solus
3475 3966 3533 4008 tu

260 4054 406 4109 enim
436 4094 454 4119 ,
496 4050 807 4107 mortalium
856 4050 1091 4103 maxime
1117 4089 1132 4115 ,
1161 4058 1358 4116 tuaque
1403 4049 1502 4101 ista
1536 4050 1637 4113 ,ad
1662 4051 1842 4103 omnia
1880 4051 2096 4105 abunde
2150 4052 2429 4119 pertinens
2478 4053 2903 4121 etsuppeditans
2938 4051 3142 4121 lingua,
3203 4053 3363 4121 digno
3422 4054 3539 4107 haec

260 4145 549 4201 absolvere
573 4143 735 4198 modo
775 4148 979 4211 posset.

333 4233 515 4291 PKE'.
562 4233 727 4287 Ἀλλὰ
756 4232 877 4303 γὰρ
896 4230 1020 4283 οὔτε
1053 4230 1233 4284 πάντα
1266 4225 1334 4281 τὰ
1364 4227 1516 4281 τοῦδε
1550 4227 1850 4294 διεξελθεῖν

259 4324 373 4392 οἷός
400 4346 463 4381 τε
491 4327 590 4391 ὣν,
618 4325 734 4379 οὗθ’
763 4324 909 4393 ἆπερ
934 4322 1115 4387 ἔξεστι
1138 4322 1291 4375 ταῦτ’
1321 4322 1486 4386 ἀξίως
1518 4323 1848 4392 μνησθῆναι,

261 4423 402 4476 ἀλλὰ
437 4422 536 4474 καὶ
568 4421 632 4472 τὸ
674 4417 819 4470 κατὰ
867 4416 1065 4486 μικρὸν
1103 4414 1311 4468 τούτων
1347 4414 1590 4484 έφῖχθαι,
1640 4422 1736 4467 καὶ
1778 4417 1853 4485 μὴ

260 4514 362 4568 τοῦ
396 4513 602 4573 παντὸς
646 4512 907 4563 ἐκπεσεῖν
953 4506 1213 4561 πλείστου
1260 4506 1509 4575 νομίζειν
1541 4504 1853 4577 [νομίζωνὶ.

261 4607 446 4658 ἐκεῖνο
496 4603 644 4669 λέγω
672 4617 686 4631 ’
727 4602 813 4653 ὃτι
865 4599 958 4651 τὸν
996 4595 1348 4650 επιτοσοῦτον
1400 4596 1575 4660 ίόντα,
1634 4599 1731 4649 καὶ
1761 4596 1851 4648 οῦ-

260 4714 373 4760 τως
402 4697 598 4749 ἑαυτὸν
630 4690 1113 4762 παρεσκευακότα,
1159 4688 1235 4751 ὡς
1283 4688 1387 4761 οὐχ
1412 4688 1563 4751 ὅπως
1593 4687 1755 4741 θείων
1790 4706 1848 4741 τε

262 4792 363 4843 καὶ
394 4786 756 4855 ἀνθρωπίνων
795 4782 1166 4853 πραγμάτων,
1208 4781 1257 4833 εί
1306 4780 1390 4832 δεῖ
1424 4781 1709 4848 συντόμως
1745 4780 1843 4848 φάο

261 4900 380 4945 ναι,
411 4879 692 4948 τεχνίτην,
723 4876 837 4929 ἀλλ’
872 4877 981 4944 ἄρα
1020 4874 1118 4927 καὶ
1164 4872 1298 4927 Θεὸν
1337 4874 1645 4941 γεγονέναι,
1687 4872 1765 4941 τῷ
1806 4871 1853 4924 τ’

2022 4232 2234 4288 CXXV.
2296 4234 2782 4289 Veruutenimvero
2840 4232 3057 4301 quando
3116 4247 3287 4300 neque
3341 4233 3536 4285 omnia

1942 4325 2052 4377 ’viri
2094 4326 2285 4379 decora
2339 4338 2684 4393 percensere,
2743 4332 2944 4377 nostra:
2982 4323 3099 4390 opis
3148 4330 3255 4384 est,
3284 4338 3385 4376 nec
3416 4338 3537 4390 qua:

1957 4428 2048 4473 est
2083 4418 2344 4484 fortasse,
2373 4431 2433 4471 ea
2466 4417 2623 4485 digna
2661 4416 2790 4469 satis
2818 4416 3328 4469 commemoratione
3351 4429 3536 4484 prose-

1954 4508 2044 4575 qui
2087 4521 2396 4575 possumus,
2424 4520 2660 4574 quorum
2690 4507 2770 4558 vel
2798 4507 3045 4573 exiguam
3078 4515 3385 4558 assecutum
3414 4518 3536 4558 esse

1958 4609 2186 4667 partem,
2221 4613 2319 4653 nec
2351 4599 2628 4667 proposito
2664 4598 2876 4665 penitus
2902 4597 3189 4657 excidisse,
3241 4596 3533 4649 ntaxinnnn

1963 4691 2090 4743 mihi
2150 4705 2329 4759 opera:
2386 4691 2613 4743 habetur
2657 4690 2915 4757 pretiu-n;
2952 4689 3078 4741 illud
3110 4688 3251 4752 dico,
3279 4688 3420 4757 quod
3452 4688 3537 4755 ip—

1962 4799 2103 4848 sunt,
2156 4784 2245 4851 qui
2302 4776 2479 4836 tantos
2516 4782 2717 4836 fecerat
2765 4798 3104 4851 progressus,
3136 4790 3189 4833 et
3223 4782 3292 4833 ita
3334 4791 3536 4834 semet-

1968 4877 2144 4944 ipsum
2200 4887 2633 4942 comparaverat,
2666 4886 2722 4927 ut
2757 4891 2859 4927 non
2900 4876 3059 4927 modo
3100 4875 3403 4927 divinarum
3441 4876 3538 4925 litt-

262 4978 322 5026 ἑν
357 4972 658 5039 ἀσωμάτου
699 4968 853 5033 τάξει
893 4965 1344 5028 πεπολιτεῦσθαι,
1378 4963 1456 5033 τῷ
1496 4980 1556 5015 τε
1587 4965 1719 5017 πᾶσι
1748 4980 1847 5015 σω-

1964 4981 2354 5035 manarumque
2405 4982 2607 5029 rermn,
2646 4967 2686 5018 si
2717 4967 3039 5034 cmnpeudio
3092 4980 3175 5018 res
3212 4967 3319 5034 ipsa
3355 4966 3538 5031 expri-

260 5067 464 5134 τηρίας
485 5066 663 5120 αἴτιον
681 5059 1025 5130 καταστῆναί
1047 5076 1106 5112 τε
1138 5057 1235 5110 καὶ
1261 5056 1649 5111 καθίστασθαι.
1678 5057 1848 5125 Προσ-

263 5158 473 5211 κείσθω
490 5156 548 5208 δὲ
578 5155 673 5207 καὶ
689 5155 880 5222 χρόνος
900 5152 1079 5221 τρίτος
1097 5149 1167 5203 δι’
1185 5143 1260 5203 ὧν
1278 5149 1638 5202 καταλέλοιπε
1654 5149 1849 5215 λόγων.

262 5249 473 5303 Τοῦτον
491 5248 670 5300 τοίνυν
696 5249 787 5320 τξν
803 5244 1066 5306 τοιοῦτον,
1084 5242 1179 5294 τὸν
1207 5241 1371 5305 πάνυ,
1392 5241 1485 5292 τὸν
1508 5242 1607 5293 οὐκ
1630 5236 1727 5292 οἷδ’
1744 5240 1850 5303 ὅτι,

264 5345 363 5395 καὶ
381 5343 566 5411 φήσω,
590 5338 760 5409 ἐχρῆν
780 5338 909 5408 μὴν,
924 5336 1089 5406 ἐχρῆν
1112 5337 1206 5388 καὶ
1230 5335 1454 5405 πρὸτῶν
1476 5333 1652 5385 ἄλλων
1674 5332 1855 5386 ἁπάν-

262 5452 377 5487 των
407 5433 674 5502 ὁμιλῆσαι
700 5429 775 5500 τῷ
817 5431 938 5499 βίῳ,
971 5431 1068 5481 καὶ
1102 5429 1176 5497 μὴ
1214 5427 1355 5479 κατὰ
1378 5427 1507 5480 τοὺς
1537 5426 1730 5486 ἄλλους
1761 5426 1850 5476 ἐν-

262 5525 461 5579 τεῦθεν
514 5525 749 5594 ἀπᾶραι,
792 5522 932 5575 ἀλλὰ
975 5520 1509 5591 συμπαραμείναντα
1556 5517 1633 5586 τῷ
1692 5516 1855 5568 παντὶ

266 5624 463 5674 ἒπειτα
494 5621 563 5687 τῇ
598 5618 752 5670 τοῦδε
777 5616 951 5683 λήξει,
981 5617 1076 5667 καὶ
1113 5615 1276 5666 αὐτὸν
1304 5613 1400 5665 τοῦ
1450 5615 1723 5680 περιεῖναι
1753 5626 1852 5661 πε-

267 5708 554 5769 παῦσθαι,
586 5709 659 5769 ὡς
708 5708 839 5757 ὂντα
878 5704 1061 5774 ψυχὴν
1101 5704 1211 5756 τῶν
1244 5702 1610 5773 πραγμάτων,
1647 5701 1741 5751 καὶ⁹
1780 5693 1860 5761 οἷς

270 5808 452 5861 ἐποίει
478 5808 578 5859 καὶ
608 5801 692 5867 οἷς
735 5805 946 5868 ἔλεγεν.
987 5803 1140 5855 Ἐπεὶ
1183 5802 1230 5855 δ’
1264 5800 1408 5855 οὕτω
1433 5799 1555 5853 δέον
1584 5796 1862 5867 γενέσθαι,

345 5944 460 6015 με)
494 5944 576 6000 Ci.
625 5961 788 6016 supra
826 5956 944 6012 cap.
974 5942 1063 5996 0i.

1962 5060 2152 5111 tuenda
2182 5072 2284 5121 est,
2331 5074 2574 5112 summus
2608 5059 2826 5121 artifex,
2861 5061 2955 5111 sed
2986 5068 3038 5111 et
3072 5056 3211 5111 Deus
3245 5058 3358 5126 jattt
3400 5072 3535 5125 pene

1960 5148 2138 5203 faetus
2183 5160 2347 5213 esset,
2389 5160 2500 5203 tum
2527 5152 2666 5218 quod
2706 5151 2879 5204 instar
2911 5150 3214 5216 incorporei
3249 5150 3531 5217 cujusdam

1962 5242 2103 5312 genii
2159 5244 2324 5294 vitam
2363 5244 2592 5309 agebat;
2630 5251 2739 5294 tum
2788 5242 2931 5309 quod
2968 5243 3220 5295 omnibus
3251 5256 3409 5294 causa
3448 5256 3535 5294 sa-

1966 5333 2091 5388 lutis
2121 5345 2171 5389 et
2204 5332 2325 5395 fuit,
2374 5346 2426 5387 et
2454 5346 2576 5400 est;
2611 5336 2703 5386 sed
2736 5345 2788 5385 et
2822 5336 3036 5387 tertium
3070 5336 3291 5387 act-edat
3325 5345 3535 5402 tempus

1965 5428 2163 5499 (erit).
2200 5443 2294 5497 per
2339 5441 2401 5479 ea
2450 5443 2570 5497 qua:
2634 5427 2849 5498 reliquit
2894 5429 3115 5497 scripta.
3151 5426 3303 5480 llune
3374 5428 3538 5495 igitur

1966 5520 2126 5574 talem
2163 5558 2177 5580 .
2214 5520 2357 5573 hunc
2414 5519 2708 5573 maximum
2764 5520 2962 5585 virum,
3016 5518 3182 5583 hunc,
3236 5519 3328 5569 sed
3390 5521 3533 5585 quo]

1964 5610 2247 5663 adhibeam
2306 5610 2625 5663 vocabulum
2674 5608 2878 5673 nescio,
2924 5612 3336 5677 oportuitsane,
3372 5621 3537 5674 opur~

1963 5706 2084 5768 tuit,
2148 5702 2390 5771 inquam,
2449 5714 2505 5757 et
2538 5713 2661 5758 ante
2717 5713 2942 5755 caeteros
2975 5702 3225 5753 mortales
3255 5700 3537 5752 universos

1963 5804 2138 5850 ortum
2168 5797 2221 5850 itt
2287 5797 2387 5849 hac
2456 5795 2657 5850 versari
2719 5795 2836 5850 luce
2891 5808 2955 5848 ac
3000 5795 3127 5859 vita,
3158 5802 3207 5846 ct
3246 5806 3349 5845 non
3378 5789 3534 5859 juxta
