4232 6432
753 390 857 450 343

1977 382 2378 444 THEODULI
2412 379 2763 441 MONACHI

3897 373 4003 438 344

753 519 872 556 cum
935 501 1059 557 aliis
1108 501 1396 571 emigrare,
1427 512 1618 556 verum
1643 505 1848 572 pariter
1877 517 1998 556 cum
2020 517 2136 557 avo
2171 501 2322 556 omni
2359 512 2398 565 Α
2432 499 2492 552 τὸ
2522 498 2624 569 μὲν
2645 499 2748 551 οὐκ
2775 498 2810 550 ἐκ

2432 499 2492 552 τὸ
2522 498 2624 569 μὲν
2645 499 2748 551 οὐκ
2775 494 3000 564 ἐγένετο
3025 511 3038 529 ο
3057 495 3119 550 ού
3143 495 3252 566 γὰρ
3272 484 3426 557 οὗτος
3454 492 3760 564 ἀνθρώπιον
3793 490 3957 562 νόμος
3986 507 4001 520 ο

751 595 1067 662 perdurare,
1109 607 1280 661 eoque
1312 594 1526 649 demum
1553 594 1641 648 lini
1672 611 1770 650 suo
1802 595 2046 658 admoto,
2072 602 2126 647 et
2151 594 2324 663 ipsum

753 702 858 740 non
912 686 1142 754 amplius
1195 700 1483 756 superesse
1505 725 1520 750 ,
1577 689 1772 758 quippe
1805 690 1894 755 qui
1927 702 2107 741 rerum
2138 687 2330 741 huma-

755 795 944 832 narum
980 820 996 842 ,
1031 793 1127 847 per
1168 794 1230 831 ea
1290 795 1409 847 qua}
1459 779 1692 833 faciebat
1746 780 2069 847 dicebatque
2098 819 2116 845 ,
2147 779 2326 831 anima

755 871 912 938 plane
947 877 1115 924 esset.
1153 870 1432 939 Siquidem
1461 886 1609 933 vero,
1639 871 1746 927 etsi
1781 873 1883 925 hoc
1919 873 1993 924 ita
2018 871 2133 925 ﬁeri
2163 884 2326 937 opor-

754 961 920 1024 iebat,
977 975 1080 1014 non
1123 959 1320 1014 factum
1353 971 1536 1016 tamen
1577 972 1683 1027 est,
1713 977 1814 1015 nec
1838 963 1985 1015 enim
2022 960 2138 1014 haec
2164 975 2329 1014 mor-

753 1054 938 1107 talium
993 1063 1076 1108 est
1123 1053 1232 1106 lex.
1291 1052 1490 1109 Contra
1524 1069 1679 1120 vero,
1710 1055 2009 1108 secundum
2039 1054 2327 1107 maximam

754 1147 844 1200 Dei
905 1149 1047 1202 circa
1078 1162 1178 1202 nos
1209 1163 1395 1201 curam
1437 1157 1489 1200 et
1531 1148 1947 1215 providentiam,
1984 1146 2326 1215 Gregorium,

754 1255 856 1292 non
909 1242 1082 1294 solum
1143 1250 1200 1293 ut
1259 1256 1548 1295 commune
1611 1239 1882 1309 quoddam
1933 1240 2155 1301 bonum,
2191 1239 2331 1292 inter

758 1333 1003 1384 homines
1045 1332 1254 1385 censeri
1286 1331 1550 1400 Oportuit.
1592 1332 1686 1384 sed
1719 1339 1774 1384 et
1825 1329 2101 1383 communi
2150 1328 2327 1383 homi-

755 1436 880 1473 num
926 1436 1074 1474 more
1131 1421 1289 1475 ﬁnem
1351 1435 1506 1474 suum
1567 1420 1826 1489 experiri.
1863 1439 1880 1471 ι
1927 1420 2040 1474 Non
2068 1420 2211 1474 enim
2245 1429 2329 1474 est

751 1514 841 1578 qui
897 1515 1057 1577 vivet,
1119 1522 1175 1567 et
1227 1523 1455 1568 mortem
1511 1527 1616 1567 non
1656 1513 1858 1566 videbit
1891 1511 1959 1566 “.
2004 1530 2022 1562 ι
2089 1511 2244 1578 Quod
2276 1522 2330 1565 et

753 1616 1042 1674 utrumque
1104 1605 1309 1658 factum
1357 1616 1463 1660 est.
1496 1607 1672 1673 Atque
1703 1603 1834 1658 illud
1870 1604 1996 1658 item
2033 1604 2139 1657 huc
2169 1617 2326 1658 acce-

751 1697 932 1760 debat,
980 1707 1120 1750 utet
1175 1706 1452 1765 superstes
1516 1696 1658 1750 idem
1715 1706 1917 1766 ageret,
1972 1704 2026 1750 et
2057 1710 2161 1749 non
2189 1705 2330 1749 esset

752 1791 1002 1859 amplius,
1046 1791 1347 1845 secundum
1400 1791 1590 1845 solitas
1613 1798 1818 1843 natura:
1847 1789 2026 1857 leges;
2079 1788 2235 1841 ﬁebat
2274 1790 2324 1840 id

2429 593 2536 645 ἔδει
2575 592 2629 644 δὲ
2687 590 2878 643 τοῦτον
2907 589 3050 642 κατὰ
3099 588 3199 660 τὴν
3261 587 3507 657 μεγάλην
3554 585 3650 638 τοῦ
3685 583 3821 637 Θεοῦ
3870 583 4004 652 περὶ

2429 687 2578 755 ἡμᾶς
2611 683 2945 752 κηδεμονίαν
2971 682 3070 736 καὶ
3102 681 3388 751 πρόνοιαν,
3417 681 3477 733 ού
3514 679 3674 748 μόνον
3701 677 3777 730 ὠς
3811 693 4006 728 κοινω-

2428 775 2586 844 φελές
2613 775 2819 842 ἀγαθὸν
2855 776 2937 837 είς
2963 773 3287 843 ἀνθρώπους
3312 772 3556 834 τελέσαι,
3593 769 3730 822 ἀλλὰ
3756 769 3852 820 καὶ
3879 767 4004 818 κατ’

2427 867 2626 928 αὐτοὺς
2651 865 2874 928 τούτους
2917 865 3177 934 τελευτῆς
3206 862 3609 943 ,ἐπεπειρᾶσθαι
3635 877 3648 891 ·
3685 877 3706 912 s
3753 861 3828 912 Οὔ
3887 858 4000 926 γάρ

2426 959 2574 1011 ἐστιν
2604 957 2660 1020 ὃς
2700 956 2927 1026 ζήσεται
2958 959 3052 1009 καὶ
3089 957 3409 1026 ούιῴψεται
3436 955 3690 1008 θάνατον·
3737 971 3756 1005 ι
3787 952 4004 1018 γίνεται

2432 1051 2532 1120 μὲν
2562 1052 2656 1104 καὶ
2688 1051 2857 1119 ἄμφω
2901 1050 3063 1103 ταυτί
3089 1065 3104 1080 ο
3138 1052 3233 1102 καὶ⁵
3270 1054 3330 1102 τό
3378 1066 3444 1116 γε
3493 1048 3557 1114 δὴ
3597 1049 3868 1116 περιεῖναι
3902 1042 4003 1096 καὶ

2426 1144 2487 1194 τὸ
2524 1142 2716 1212 μηκέτ’
2759 1138 2901 1195 εἶναι
2924 1143 3074 1196 κατὰ
3107 1144 3236 1203 τοὺς
3269 1145 3372 1212 τῆς
3409 1142 3626 1210 φύσεως
3666 1143 4004 1212 προπίγνε-

2427 1251 2517 1285 ται
2549 1233 2778 1302 νόμους·
2822 1232 3072 1302 γίγνεται
3115 1235 3170 1288 δέ
3206 1236 3305 1310 ούχ
3347 1234 3556 1296 ἁπλῶς,
3587 1232 3695 1284 οὐδ’
3725 1231 3800 1293 ὡς
3830 1230 3897 1282 άν
3919 1245 4007 1292 τις

2430 1329 2526 1395 φῇ,
2562 1327 2704 1378 κατὰ
2723 1326 2910 1395 δήτινα
2944 1325 3256 1396 ξυντυχίαν,
3287 1328 3383 1380 καὶ
3408 1327 3482 1388 ὼς
3515 1324 3637 1388 ἐθος
3661 1325 3776 1386 τοῖς
3799 1322 4007 1382 ἄλλοις,

2430 1412 2548 1465 ἀλλ’
2578 1411 2722 1466 οὕτω
2766 1413 2884 1483 μετ’
2918 1415 3143 1482 ἀγαθῶν
3172 1432 3232 1468 τε
3262 1415 3359 1469 καὶ
3399 1414 3592 1480 δεξιῶν
3623 1415 3868 1483 ἑκάτερα
3896 1412 4008 1463 τῶν

2431 1505 2739 1576 ξυμϐόλων,
2778 1507 2852 1570 ὡς
2885 1510 2945 1560 τὸ
2983 1508 3106 1578 μὲν,
3130 1509 3292 1579 ἡνίκα
3340 1507 3559 1578 μάλιστ’
3589 1509 3784 1576 ἐχρῆν,
3825 1507 3888 1558 τδ
3935 1503 4006 1566 δ’,

2429 1600 2504 1664 ὠς
2531 1601 2773 1654 κάλλιστ’
2796 1601 2984 1670 ἐχρῆν,
3011 1601 3369 1672 γεγενῆσθαι.
3394 1602 3522 1652 Ὅτε
3548 1601 3656 1668 γὰρ
3675 1599 3866 1667 ἀνδρὸς
3894 1598 4010 1650 ἔδει

2430 1694 2541 1754 τοῖς
2571 1693 2892 1761 πράγμασιν
2925 1694 3040 1746 οἴου
3077 1695 3175 1763 μὲν
3223 1693 3582 1760 ἐπικειμένας
3611 1692 3855 1758 αἱρέσεις
3885 1692 4009 1742 δια-

2430 1783 2588 1838 λῦσαι
2622 1783 2876 1848 καθάπαξ
2911 1788 3008 1840 καὶ
3057 1785 3583 1855 καταστρέψασθαι,
3631 1787 3728 1837 καὶ
3775 1799 4012 1853 προστο-

753 1898 901 1949 ιειό,
938 1899 1041 1937 non
1103 1883 1331 1951 simplici
1388 1881 1620 1952 quodam
1673 1882 1853 1947 modo,
1890 1895 2012 1947 nec,
2042 1888 2101 1934 ut
2139 1880 2336 1934 dixerit
2367 1898 2407 1949 Β
2441 1875 2608 1946 μηδὲν
2669 1894 2810 1930 κατα

2441 1875 2608 1946 μηδὲν
2669 1878 3033 1947 καταστῆσαι,
3069 1879 3168 1948 τὴν
3217 1878 3276 1931 δὲ
3318 1879 3430 1931 τῶν
3476 1878 3848 1931 εὐσεϐούντων
3903 1894 4012 1944 9::-

753 1975 1042 2042 quiSpiam,
1078 1989 1206 2029 casu
1237 1985 1292 2029 et
1328 1984 1482 2028 sueto
1528 1975 1649 2028 aliis
1679 1988 1851 2038 more,
1885 1989 2073 2027 verum
2113 1983 2328 2025 utrum-

751 2081 857 2134 que
911 2069 1044 2121 adeo
1099 2065 1256 2120 bonis
1316 2067 1633 2135 dextrisque
1687 2066 1951 2136 auguriis,
1983 2073 2044 2119 ut
2075 2066 2326 2127 alterum,

756 2172 877 2209 cum
937 2159 1175 2211 maxime
1232 2157 1494 2225 oportuit,
1534 2160 1787 2219 alterum,
1850 2164 1908 2209 ut
1965 2153 2330 2222 pulcherrime

754 2250 1018 2318 oportuit,
1071 2250 1242 2303 ﬁeret.
1296 2249 1522 2314 Quando
1547 2251 1689 2302 enim
1719 2249 1880 2302 rebus
1921 2249 2178 2302 Ecclesiae
2216 2248 2331 2301 viro

754 2356 888 2411 opus
922 2349 1060 2405 erat,
1126 2341 1356 2410 quitum
1413 2340 2046 2394 ineumbenteslitcreses
2068 2339 2332 2408 dissipare

756 2435 968 2501 penitus
1009 2443 1062 2487 et
1087 2443 1352 2496 evertere,
1377 2441 1430 2488 et
1469 2433 1519 2486 in
1569 2432 1794 2486 nihilum
1829 2432 2076 2498 redigere
2103 2430 2328 2496 valeret,

758 2539 867 2578 tum
908 2525 1308 2594 piorumcmtus
1348 2523 1671 2577 conﬁrmare
1700 2531 1754 2576 et
1795 2524 2170 2586 corroborare,
2203 2521 2331 2574 etin

757 2627 1025 2686 posterum
1062 2618 1218 2687 plane
1240 2618 1614 2672 inconcussum
1652 2615 1886 2678 efﬁcere,
1910 2615 2010 2668 hoc
2034 2625 2333 2684 temporum

758 2721 930 2765 tractu
963 2722 1166 2774 noster,
1223 2710 1367 2764 velut
1401 2709 1704 2764 communis
1734 2709 1953 2778 quidam
2011 2718 2335 2778 procurator

758 2805 946 2857 salutis
1004 2803 1127 2856 vita:
1177 2804 1426 2858 humana:
1475 2801 1739 2854 divinitus
1783 2814 2097 2863 concessus,
2134 2811 2188 2854 et
2220 2815 2337 2853 om-

757 2911 853 2948 nes
882 2896 933 2948 in
993 2895 1236 2964 ipsorum
1299 2893 1692 2948 beatitudinem
1732 2893 2062 2962 gubernans,
2093 2901 2148 2945 et
2183 2893 2256 2944 ita
2278 2900 2336 2946 ut

758 2988 993 3042 nesciam
1053 3002 1119 3040 an
1149 2987 1286 3040 alius
1316 2999 1470 3055 aque
1515 2985 1653 3038 ullus
1697 2999 1765 3039 ex
1821 2985 1887 3038 iis
1938 2985 2029 3053 qui
2093 2999 2333 3052 unquam

767 3087 941 3141 tuere,
984 3078 1344 3133 admiratione
1370 3076 1618 3142 allectus,
1657 3076 1726 3130 ita
1754 3086 1812 3130 ut
1837 3091 2009 3147 genus
2035 3076 2330 3131 humanum

760 3189 780 3220 ι
822 3171 1207 3242 exsuperantia
1236 3171 1455 3225 virtutis
1479 3185 1588 3225 sua
1619 3169 1922 3239 obtegeret,
1952 3183 2159 3239 suaque
2180 3171 2365 3239 plane-

2432 1968 2590 2036 τρίαν
2646 1955 2960 2040 ὲπιρῤὦσαί
3007 1988 3068 2023 τε
3127 1971 3225 2025 καὶ
3272 1968 3584 2042 κρατῦναι,
3637 1971 3733 2024 καὶ
3774 1968 3914 2038 πρὸς
3946 1968 4013 2020 τὸ

2435 2060 2630 2130 μέλλον
2689 2064 2990 2133 ἁκλόνητον
3024 2061 3166 2118 εἶναι
3222 2066 3479 2131 καθάπαξ
3539 2065 4012 2133 παρασκευάσαι,

2431 2153 2543 2206 τόθ’
2578 2145 2734 2218 οὗτος
2769 2154 2961 2226 ὥσπερ
3018 2152 3102 2220 τις
3156 2157 3335 2222 κοινὸς
3374 2157 3676 2227 μελεδωνός
3726 2155 4010 2225 σωτηρίας

2433 2245 2621 2298 θεόθεν
2656 2246 2732 2315 τῷ
2765 2247 2863 2315 βίῳ
2898 2247 3072 2311 δοθείς
3104 2265 3118 2279 ο
3156 2249 3255 2302 καὶ
3293 2251 3515 2302 πάντων
3556 2250 3645 2301 ἐπ’
3681 2248 4011 2318 εὐδαιμονίᾳ

2434 2338 2701 2406 προστὰς,
2739 2339 2835 2390 καὶ⁵
2859 2339 2932 2401 ὡς
2965 2340 3065 2391 οὑκ
3086 2335 3184 2392 οἷδ’
3215 2341 3269 2393 εί
3290 2358 3372 2402 τις
3404 2341 3515 2395 τῶν
3550 2339 3770 2392 πώποτε
3799 2339 4017 2407 θαυμα-

2436 2427 2607 2494 σθεὶς,
2637 2429 2710 2491 ὡς
2751 2431 2881 2493 ’τοὺς
2917 2432 3016 2499 μὲν
3048 2430 3375 2500 ἀνθρώπους
3426 2450 3443 2483 ι
3478 2431 3556 2501 τῷ
3598 2433 3846 2501 περιόντι
3902 2449 4012 2484 κα-

2434 2519 2602 2590 λύψαι
2636 2521 2736 2591 τῆς
2770 2523 2999 2591 ἀρετῆς,
3050 2524 3220 2578 αὑτοῦ
3244 2542 3304 2594 γε
3341 2525 3449 2596 μὴν
3483 2528 3583 2595 τῆς
3618 2526 3877 2587 αἰνέσεως
3909 2525 4017 2578 πεῖ-

2436 2631 2534 2666 σαν
2565 2615 2990 2686 πεπληρωκέναι
3013 2616 3115 2687 τὴν
3141 2618 3268 2687 γῆν,
3311 2637 3328 2669 ι
3369 2619 3493 2671 ἐπεὶ
3527 2619 3622 2670 καὶ
3654 2618 3819 2671 αὐτὸν
3861 2619 4017 2681 εἰκὸς

2419 2701 2503 2778 ,ἦν
2542 2703 2683 2770 εἶξαι
2713 2711 2777 2778 τῇ
2814 2710 2976 2778 φύσει
3004 2713 3097 2763 καὶ
3121 2711 3292 2776 δεῖξαι
3336 2712 3428 2764 τὸν
3459 2713 3767 2782 ἄνθρωπον,
3806 2712 3903 2764 καὶ
3936 2711 4016 2781 μὴ

2435 2801 2511 2870 τῷ
2547 2803 2646 2864 τῆς
2678 2804 2957 2865 πολιτείας
2985 2805 3276 2874 ὑπερφυεῖ,
3309 2806 3404 2857 καὶ⁵
3445 2805 3544 2868 τῆς
3574 2806 3834 2858 ἁπάντων
3873 2803 4016 2875 ὁμοῦ

2437 2893 2545 2945 τῶν
2587 2893 2882 2963 βελτίστων
2934 2896 3246 2965 ἐπιτυχίας,
3303 2896 3460 2950 θείαν
3507 2897 3630 2950 τινὰ
3678 2896 4014 2965 νομισθῆναι

2436 2985 2630 3039 τοῦτον
2655 2985 2845 3040 οὐσίαν
2866 2987 2962 3041 ἐπὶ
2993 2987 3075 3057 τῷ
3101 2989 3168 3041 τὰ
3193 2989 3316 3059 τῇδε
3364 2987 3646 3058 κοσμῆσαι
3679 2987 4019 3056 σωματικῶς

2440 3079 2942 3148 φαντασθείσαν,ἐν
2958 3080 3250 3151 βαθυτάτῳ
3279 3099 3297 3133 ι
3327 3082 3425 3134 καὶ
3459 3081 3605 3152 μάλα
3621 3081 3772 3136 πίονι
3795 3082 3965 3151 γήρᾳ,
3993 3097 4014 3131 ι

2442 3169 2698 3225 καταλύει
2724 3171 2815 3224 τὸν
2849 3171 2988 3242 βίον.

756 3267 911 3318 laude
968 3274 1139 3318 terras
1201 3277 1393 3318 omnes
1426 3262 1676 3330 impleret
1707 3261 1797 3316 “'.
1841 3279 1860 3312 ι
1906 3260 2186 3329 Siquidem
2222 3261 2473 3331 etipsum
2513 3278 2723 3329 :equum
2753 3274 2869 3317 erat
2898 3276 3104 3318 naturas
3166 3266 3457 3335 aliquando
3493 3267 3814 3326 concedere.
3848 3266 4024 3318 honi‘.

756 3373 986 3428 nemque
1024 3371 1083 3412 se
1139 3373 1265 3412 esse
1321 3352 1721 3420 demonstrare,
1757 3368 1858 3408 nec
1885 3356 2031 3418 vitae,
2095 3364 2150 3407 et
2220 3353 2395 3409 [elicis
2438 3367 2758 3409 cunctarum
2841 3356 3004 3411 simul
3070 3358 3399 3426 optimarum
3444 3373 3628 3414 rerum
3684 3357 4019 3427 adeptii-nis,

757 3459 1020 3507 immenso
1089 3450 1393 3518 splendore,
1457 3448 1698 3503 divinam
1761 3445 1988 3501 forsitan
2043 3449 2334 3518 quamdam
2375 3447 2524 3501 illum
2587 3449 2886 3504 existimari
2945 3453 3272 3519 essentiam,
3313 3455 3571 3508 ornandis
3632 3455 3781 3509 orbis
3844 3461 4020 3511 uestri

761 3550 940 3612 rebus,
1001 3546 1318 3616 aspectabili
1389 3546 1633 3613 corporis
1684 3543 1870 3612 specie
1949 3554 2322 3612 apparentem:
2401 3548 2615 3602 tandem
2698 3549 2753 3603 in
2807 3548 3253 3618 profundissima,
3307 3561 3362 3605 et
3399 3569 3418 3603 ι
3452 3551 3610 3608 valde
3643 3553 3828 3622 pingui
3859 3569 4025 3609 sene-

757 3640 926 3704 cla“,
966 3657 984 3690 ι
1027 3641 1189 3692 vitam
1219 3635 1475 3691 demittit.

827 3730 1064 3788 CXXVI.
1102 3729 1444 3785 Perlibenter
1484 3729 1574 3782 ille
1633 3729 1855 3797 quidem
1898 3738 2047 3783 certe
2105 3744 2222 3799 qua:
2251 3731 2337 3785 hic
2365 3740 2408 3800 ο
2514 3731 2704 3798 PKG'.
2737 3733 2810 3786 Me

2514 3731 2704 3798 PKG'.
2737 3731 2940 3796 Μεθεὶς
2973 3733 3073 3802 μὲν
3115 3734 3293 3803 ἡδέως
3340 3736 3409 3788 τά
3437 3734 3590 3804 τῇδε,
3625 3735 3718 3789 καὶ
3754 3737 3855 3789 ὃσα
3907 3738 4025 3791 τῶν

761 3837 1148 3894 sunt,qua2que
1178 3824 1263 3877 hic
1291 3823 1586 3876 viventium
1621 3831 1767 3886 sunt,
1790 3824 1972 3876 omnia
2006 3823 2341 3892 relinquens,

761 3920 959 3988 quippe
993 3932 1020 3969 ο
1054 3916 1249 3984 quibus
1280 3927 1337 3968 ut
1364 3915 1735 3984 digrederetur
1768 3917 1992 3968 omnino
2025 3916 2227 3968 conniti
2264 3915 2345 3966 vi-

762 4001 853 4065 sus
899 4019 1003 4072 est,
1052 4023 1116 4062 ex
1159 4009 1242 4060 liis
1310 4017 1594 4077 postquam
1649 4006 1898 4072 emersit,
1963 4006 2014 4060 id
2060 4006 2115 4059 in
2177 4006 2347 4061 maxi-

769 4105 871 4157 mis
903 4101 1139 4170 poncbat
1180 4100 1353 4164 bonis,
1404 4110 1513 4152 tum
1549 4113 1674 4152 vero
1706 4099 1833 4152 item
1866 4098 2106 4153 ctelestia
2145 4098 2254 4163 illa,
2287 4109 2346 4152 et

768 4195 871 4249 sibi
900 4192 1298 4255 convenientia,
1362 4204 1688 4260 capessens;
1735 4205 1963 4258 quorum
2014 4189 2147 4244 civis
2174 4191 2348 4258 prius-

767 4303 926 4357 quam
961 4302 1024 4340 eo
1057 4285 1294 4339 venisset
1321 4283 1518 4346 fuerat,
1555 4292 1608 4336 et
1641 4284 1693 4335 in
1723 4283 1919 4351 quibus
1947 4297 2176 4351 corpore
2212 4298 2346 4338 con-

771 4389 947 4430 tectus
990 4377 1315 4445 praecipuam
1344 4375 1608 4428 habuerat
1644 4373 2079 4437 delectationem,
2111 4383 2165 4427 et
2198 4375 2342 4443 quod

771 4470 1064 4522 niaximum
1094 4479 1232 4529 erat,
1258 4467 1370 4519 sive
1392 4477 1635 4534 respectu
1665 4466 1974 4535 voluptatis,
2013 4467 2126 4520 sive
2147 4467 2348 4521 intima:

771 4561 913 4627 apud
951 4559 1117 4612 Deum
1162 4560 1370 4625 gratim,
1393 4557 1508 4610 sive
1536 4557 1930 4611 exantlatorum
1971 4557 2346 4626 multiplicium

773 4651 1039 4710 laborum,
1087 4649 1202 4701 sive
1250 4649 1608 4701 sanctissima:
1678 4649 1733 4701 in
1790 4649 1900 4701 vita
1963 4649 2344 4717 phil050pliiaa,

770 4744 967 4813 quippe
1013 4762 1032 4793 ι
1069 4742 1318 4810 migrare,
1348 4750 1400 4794 et
1433 4756 1552 4793 cum
1583 4739 1801 4794 Christo
1820 4755 1938 4795 esse
1967 4742 2059 4805 “°,
2086 4760 2104 4793 ι
2144 4741 2346 4796 dudum

775 4835 1101 4890 ineﬂabilem
1129 4835 1178 4887 in
1212 4834 1427 4887 modum
1457 4833 1810 4894 desiderans;
1840 4833 1890 4887 id
1915 4834 2086 4902 ipsum
2115 4849 2235 4888 eum
2263 4834 2349 4888 in-

777 4926 913 4995 signi
947 4935 1001 4979 et
1032 4922 1375 4992 amplissimo
1405 4922 1694 4976 corollario
1724 4921 2100 4990 consequitur,
2127 4929 2350 4990 accepto

775 5017 1037 5070 divinitus
1064 5028 1322 5068 excessus
1353 5012 1436 5067 sui
1466 5012 1677 5066 nuntio.
1706 5009 1971 5064 Nimirum
1997 5019 2058 5065 ut
2085 5014 2349 5079 quemad-

2443 3825 2612 3894 dies;
2647 3817 2724 3878 ὧν
2751 3825 2860 3894 γὰρ
2899 3826 3048 3889 ὅπως
3097 3827 3326 3896 ἐκσταίη
3352 3827 3540 3879 πάντα
3575 3829 3748 3881 ποιῶν
3781 3830 4023 3899 ἑωρᾶτο,

2443 3917 2651 3970 τούτων
2681 3917 2984 3987 ἐπειδήπερ
3006 3917 3226 3985 ἐξέστη,
3262 3918 3462 3972 πολλοῦ
3511 3937 3657 3982 τινος
3685 3916 3824 3992 ἦγεν
3845 3937 3862 3951 ο
3891 3923 4021 3974 ἐπι-

2447 4008 2747 4078 λαϐόμενος
2782 4008 2838 4061 δὲ
2877 4008 2988 4061 τῶν
3015 4009 3128 4062 ἄνω
3169 4010 3265 4062 καὶ
3301 4010 3450 4078 αύτῷ
3503 4011 3917 4080 προσηκόντων,
3947 4007 4026 4066 ὧν

2447 4103 2669 4171 πολίτης
2695 4103 2912 4170 ὑπῆρχε
2939 4105 3032 4154 καὶ
3057 4104 3187 4170 πρὶν
3211 4102 3492 4172 ἐπιϐῆναι,
3515 4103 3610 4156 καὶ
3634 4099 3719 4166 οἷς
3747 4106 4026 4172 ἐνετρύφα

2452 4193 2589 4262 μετά
2619 4194 2722 4262 τῆς
2757 4192 2912 4262 ὕλης,
2944 4195 3040 4246 καὶ
3067 4193 3126 4245 τὸ
3165 4192 3447 4263 μέγιστον,
3503 4194 3585 4257 είς
3615 4195 3811 4264 ἡδονῆς
3838 4195 4024 4262 λόγον,

2447 4287 2541 4336 καὶ
2567 4283 2830 4354 πλείστης
2857 4283 2960 4351 τῆς
2995 4283 3134 4353 πρὸς
3173 4284 3309 4336 Θεὸν
3343 4283 3588 4354 χάριτος,
3633 4286 3729 4338 καὶ
3761 4287 3869 4338 τῶν
3897 4288 4030 4340 πολ-

2448 4375 2553 4427 λων
2581 4376 2744 4427 πόνον
2770 4391 2784 4405 ⁸
2815 4377 2911 4428 καὶ
2936 4376 3038 4445 τῆς
3071 4377 3321 4447 μεγάλης
3356 4381 3414 4430 ἐν
3439 4378 3518 4447 τῷ
3546 4378 3646 4447 βίῳ
3674 4379 4024 4446 φιλοσοέίας,

2457 4487 2475 4518 ι
2511 4469 2775 4520 ἀναλύσαι
2821 4488 2840 4521 ι
2877 4469 2986 4537 γὰρ
3012 4471 3076 4540 δή
3107 4487 3209 4522 που
3252 4489 3270 4521 ι
3311 4471 3407 4524 καὶ
3439 4471 3538 4522 σὺν
3569 4473 3795 4542 Χριστῷ
3824 4469 3968 4525 εἶναι
4004 4493 4024 4524 ι

2451 4556 2618 4614 πάλαι
2655 4579 2794 4626 πως,
2819 4563 2885 4615 ἂν
2910 4565 3110 4627 είποις,
3139 4564 3343 4629 ποθῶν,
3378 4565 3639 4634 τυγχάνει
3672 4566 3865 4619 τούτου
3903 4567 4029 4636 μετ’

2449 4649 2715 4719 ἀξιόχρεω
2753 4652 2855 4718 τῆς
2903 4652 3266 4722 προσθήκης,
3314 4653 3500 4706 θεόθεν
3547 4655 3710 4708 τοῦτο
3745 4674 4028 4726 χρηματι-

2451 4742 2620 4806 σοείς.
2660 4743 2757 4795 ’1ν’
2789 4743 2979 4813 ὥσπερ
3011 4747 3043 4815 ἡ
3089 4748 3328 4813 γένεσις,
3365 4746 3506 4800 οὕτω
3545 4750 3640 4800 καὶ
3672 4751 3741 4802 τὰ
3784 4750 3884 4818 τῆς
3931 4767 4028 4802 τε·

2447 4835 2640 4902 λευτῆς
2674 4834 2827 4898 θείας
2860 4837 3157 4901 ἐπιπνοίας
3203 4840 3443 4910 μετέχῃ,
3483 4840 3638 4914 καὶῂ
3681 4843 3769 4896 διὰ
3803 4845 4027 4896 πάντων

2447 4919 2600 4988 οὗτος
2621 4928 2818 4990 οἰκεῖος
2846 4929 2942 4982 καὶ
2958 4932 3140 5000 μέλων
3168 4933 3290 5000 Θεῷ
3309 4936 3572 5001 μεγίστας
3600 4936 3892 5004 δεχόμενος
3918 4938 4028 4999 τὰς

2449 5021 2719 5088 ἐμφάσεις
2748 5021 2857 5073 τῶν
2884 5023 3162 5090 ἐσομένων
3192 5025 3517 5093 ἐλλάμψεων
3536 5044 3552 5060 ο
3589 5029 3616 5078 ό
3651 5029 3751 5098 μὲν
3787 5028 3903 5094 οὖν,
3936 5031 4028 5083 ἵνα

776 5109 993 5163 inodum
1023 5107 1301 5170 nativitas,
1325 5107 1397 5159 ita
1424 5105 1588 5158 etiam
1614 5103 1794 5158 obitus
1811 5105 2004 5157 divina:
2033 5105 2349 5173 inspiratio-
2378 5092 2424 5147 ι)
2455 5111 2548 5161 καὶ
2593 5109 2751 5173 αὖθις
2803 5114 2810 5162 l

2419 5107 2424 5135 ⁵
2455 5111 2548 5161 καὶ
2593 5109 2751 5173 αὖθις
2803 5113 3132 5168 ἐπαναλάὸω
3175 5115 3269 5168 τὸν
3297 5092 3476 5186 λόγον,
3508 5092 3664 5172 οὔτε-
3689 5121 3811 5189 μεθ’
3861 5092 4028 5191 ἡμῶν

777 5203 859 5254 nis
890 5201 1165 5270 particeps
1204 5199 1363 5262 foret,
1397 5208 1452 5251 et
1487 5198 1600 5265 ipse
1628 5211 1724 5264 per
1758 5197 1941 5250 omnia
1974 5197 2083 5250 Deo
2116 5198 2350 5250 latiiilia-

777 5297 875 5356 ris,
909 5292 1094 5359 illique
1135 5305 1279 5344 cura:
1323 5299 1487 5352 esset,
1520 5301 1577 5340 ut
1606 5289 1696 5356 qui
1734 5289 2000 5342 maximas
2044 5287 2349 5342 futurarum

779 5383 1236 5437 illuminationum
1291 5381 1834 5449 praesignilicationes
1877 5381 2168 5448 acciperet.
2242 5378 2352 5434 No-

779 5488 889 5530 ster
920 5476 1101 5545 igitur,
1141 5486 1199 5527 ut
1238 5475 1412 5527 denuo
1443 5489 1554 5525 rein
1589 5482 1852 5540 repetam,
1883 5487 2058 5539 neque
2093 5475 2216 5526 dum
2249 5489 2347 5526 no-

783 5570 986 5621 biscum
1024 5567 1283 5636 agitabat,
1318 5583 1344 5616 a
1379 5566 1486 5618 Deo
1516 5565 1723 5629 aberat,
1758 5564 1930 5620 nihilo
1961 5566 2202 5630 profecto
2229 5567 2347 5634 plus

777 5677 940 5732 quam
975 5677 1003 5714 a
1041 5661 1241 5729 scipso,
1300 5673 1482 5714 verum
1555 5657 1717 5711 tixuin
1751 5673 1812 5713 ac
1865 5658 2056 5713 stabile
2122 5661 2345 5713 domici-

849 5849 895 5882 "
926 5847 1072 5906 Psal.
1101 5867 1326 5924 Lxxxix,
1362 5855 1449 5913 ιθ.

2449 5201 2544 5267 ὢν,
2578 5204 2723 5273 ἀπῆν
2749 5205 2845 5256 τοῦ
2871 5204 3030 5272 Θεοῦ,
3064 5208 3125 5259 ού
3158 5209 3361 5275 μᾶλλόν
3385 5212 3506 5280 γεῆ
3543 5213 3639 5264 καὶ
3667 5213 3859 5277 αὐτοῦ,
3903 5216 4028 5268 ἀλλ’

2451 5295 2634 5347 ἑστίαν
2667 5295 2926 5366 ἀκίνητον
2967 5299 3234 5370 ἐκέκτητο
3265 5304 3400 5371 παρ’
3424 5305 3643 5374 ἐκείνῳ,
3676 5307 3790 5359 οὔτ’
3834 5304 3902 5361 αὖ
3931 5309 4031 5362 νῦν

2448 5383 2549 5453 τῆς
2611 5386 2822 5438 ἐκεῖθεν
2853 5387 3074 5456 ipim);
3126 5392 3547 5462 ἐμφορούμενος
3595 5398 3811 5467 αίγλης,
3877 5401 4032 5467 ἡμᾶς

2453 5477 2774 5530 καταλείπει
2797 5492 2810 5506 °
2843 5479 2961 5531 ἀλλ’
2992 5481 3223 5548 ἄνωθεν,
3264 5485 3341 5547 ὡς
3365 5486 3580 5554 παρὼν,
3627 5487 3697 5540 τὰ
3724 5491 3845 5542 καθ’
3876 5493 4032 5559 ἡμᾶς

2456 5569 2747 5622 ἐποπτεύει
2781 5572 2876 5623 καὶ
2909 5575 3170 5642 περιέπει
3197 5593 3210 5604 '
3247 5583 3340 5628 καὶ
3365 5581 3521 5648 χεῖρα
3549 5581 3830 5643 σώζουσαν
3863 5583 4036 5653 ὑπερ-

2461 5661 2635 5729 ίσχει’
2703 5661 2798 5713 νῦν
2859 5666 2957 5732 μὲν
3004 5666 3113 5718 τῶν
3155 5665 3583 5737 ξυμπιπτόντων
3635 5672 4032 5744 ἐξαιρούμενος

1531 5857 1573 5890 ⁸⁵
1607 5857 1859 5914 Habacuc
1893 5873 1972 5925 ut,
2011 5857 2062 5911 5.
2141 5859 2195 5892 ⁶⁶
2218 5856 2355 5914 Psal.
2394 5874 2520 5924 xcn,
2567 5860 2646 5914 l5.
2724 5862 2786 5895 “'
2828 5860 3060 5931 Philipp.
3097 5877 3133 5924 I,
3165 5862 3255 5915 25.
