4232 6432
240 380 349 445 345

1173 396 1566 460 LAUDATIO
1605 400 1663 460 S.
1693 399 2078 466 GREGORII
2118 405 2546 472 THEOLOGI.

3396 424 3503 490 346

237 493 545 564 δυσχερῶν,
580 497 676 552 καὶ
703 499 813 554 πᾶν
839 500 1089 568 ἀντίξουν
1122 506 1187 560 ἐκ
1220 509 1389 578 μέσου
1422 509 1616 578 τιθεὶς,
1649 511 1789 565 νῦνε

1885 512 2048 572 ,Ιὶυω
2084 516 2186 572 sibi
2231 521 2372 589 apud
2439 521 2591 577 illum
2644 536 3077 595 comparaverat,
3133 546 3308 604 neque
3355 551 3503 596 nunc

237 585 423 651 ἀγαθὰ
451 589 585 658 πρὸς
609 591 840 658 ἀγαθοῖς
870 597 1232 666 ἐπιπέμπων,
1262 603 1356 656 καὶ
1386 607 1498 667 τοῖς
1529 604 1821 676 ὑπηργμέ-

237 695 362 740 ναις
417 680 768 752 εὐεργεσίαις
819 688 1014 757 ἑτέρας
1061 692 1125 762 δή
1174 710 1328 758 τινας
1367 695 1590 765 μείζους
1625 715 1685 751 τε
1725 699 1820 753 καὶ

235 771 500 835 καλλίους
527 777 786 844 ἐπάγων·
838 782 933 836 καὶ
972 784 1071 852 μὲν
1102 785 1166 856 δὴ
1215 787 1318 840 κάν
1344 791 1459 852 τοῖς
1506 791 1818 857 καλλίστοις

230 878 288 912 τε
323 865 422 916 καὶ
454 868 694 934 ἡδίστοις
723 871 819 923 καὶ
848 872 1010 941 ζῆλον
1053 878 1155 930 οὐκ
1193 878 1378 948 ἔχουσι
1412 882 1588 952 λόγοις
1621 885 1812 952 αὑτοῦ,

231 954 307 1020 μὴ
348 955 516 1018 μόνον
553 959 690 1026 πρὸς
723 959 872 1014 ἅπαν
902 966 1054 1034 ἡμᾶς
1102 967 1307 1038 ἀρετῆς
1363 966 1504 1035 εἶδος
1557 989 1817 1044 παρακα-

228 1041 337 1092 ὶῶν
369 1046 466 1097 καὶ
515 1051 870 1120 προτρέπων,
904 1055 1042 1106 ἀλλὰ
1087 1057 1185 1109 καὶ
1227 1060 1378 1124 ὅπως
1411 1062 1565 1114 ταῦθ’
1589 1041 1701 1127 ἔξει
1734 1065 1812 1134 (1)

228 1136 434 1204 ῥαδίως
472 1139 822 1209 ὑποδεικνὺς,
861 1145 1111 1215 βελτίους
1155 1151 1367 1205 ἑαυτῶν
1407 1155 1476 1207 τὰ
1516 1155 1654 1224 πρὸς
1677 1155 1812 1210 Θεὸν

221 1230 649 1303 τοκαθεκάστην
702 1237 824 1308 ἔχον
869 1245 1052 1294 ποιεῖ’
1106 1246 1361 1311 μετάγων
1393 1247 1500 1299 άπὸ
1533 1249 1632 1318 τῆς
1677 1249 1812 1322 ὕλης

221 1324 314 1375 ἐπὶ
345 1325 416 1376 τὸ
448 1327 690 1397 πνεῦμα,
728 1332 822 1384 καὶ
863 1332 1188 1402 θαυμαστάς
1220 1355 1374 1400 τινας
1409 1339 1630 1403 ἐλπίδας
1661 1341 1809 1410 ἔχειν

220 1417 668 1483 παρασκευάζων
700 1425 796 1473 καὶ
815 1423 953 1487 ὅλως
977 1426 1076 1477 οὐκ
1103 1425 1253 1479 ἔστιν
1281 1429 1307 1481 ὃ
1332 1428 1376 1480 τ’
1406 1430 1465 1480 οὐ
1500 1429 1681 1499 λόγοις
1710 1433 1808 1487 καὶ

221 1507 411 1574 ἔργοις
452 1508 518 1562 εὖ
569 1512 743 1564 ποιῶν
793 1514 943 1568 ἐστιν
993 1518 1174 1587 ἡμᾶς·
1230 1523 1324 1572 καὶ
1359 1520 1550 1584 ὥσπερ
1588 1525 1690 1578 οὐκ
1742 1526 1808 1580 ἄν

1922 605 2118 664 divina:
2155 610 2290 666 lucis
2319 612 2545 684 fulgore,
2616 617 2767 672 nullo
2807 621 3129 690 interposito
3189 627 3499 701 obstaculo,

1922 710 2221 770 saturatus,
2273 721 2373 759 nos
2417 709 2726 779 dereliquit,
2770 716 2862 768 sed
2892 717 3145 788 desuper,
3193 722 3339 777 velut
3364 740 3499 793 pra:-

1920 807 2086 860 sens,
2160 811 2246 851 res
2312 808 2530 857 nostras
2605 814 2894 862 contuetur
2966 820 3020 865 et
3095 815 3394 884 gubernat,
3447 828 3502 874 et

1919 886 2231 954 sospitalem
2284 890 2442 946 nobis
2524 899 2822 964 prazpandit
2879 915 3117 967 manum,
3157 905 3284 962 dum
3355 926 3500 966 nunc

1917 977 2297 1047 ingruentibus
2343 985 2500 1040 malis
2555 990 2740 1058 eripit,
2794 1000 2852 1046 et
2887 994 3115 1051 adversa
3164 1013 3228 1053 ac
3281 1012 3497 1056 contra-

1918 1069 1998 1122 ria
2029 1072 2210 1124 omnia
2244 1086 2275 1127 e
2310 1075 2489 1132 medio
2518 1079 2829 1148 submovet,
2889 1099 3031 1140 nunc
3080 1087 3218 1142 bona
3248 1091 3350 1144 alia
3405 1107 3498 1146 su-

1915 1175 2012 1232 per
2039 1163 2145 1218 alia
2191 1165 2450 1235 demittit,
2499 1179 2552 1225 et
2581 1176 2861 1241 superiora
2897 1178 3158 1234 beneficia
3215 1183 3340 1237 aliis
3369 1187 3496 1252 qui-

1915 1252 2141 1309 busdam
2173 1258 2469 1328 majoribus
2497 1274 2550 1319 et
2577 1266 2981 1333 pulclirioribus
3011 1275 3490 1331 accumulat.Tum

1914 1362 2043 1402 vero
2079 1362 2338 1419 prasterea
2389 1355 2442 1409 in
2479 1357 2921 1428 elegantissimis,
2967 1375 3023 1418 et
3050 1368 3410 1431 suavissimis,
3441 1379 3498 1424 et

1911 1453 2072 1508 supra
2099 1441 2500 1501 aemulationem
2551 1451 2761 1517 positis,
2809 1455 3026 1522 scriptis
3062 1458 3200 1523 suis,
3253 1475 3353 1514 nos
3389 1477 3493 1516 uou

1912 1530 2073 1584 modo
2130 1535 2196 1585 ad
2256 1549 2470 1592 omnem
2520 1541 2739 1597 virtutis
2797 1546 3037 1612 speciem
3094 1551 3390 1606 adhortans
3442 1563 3497 1608 et

219 1599 343 1651 ποθ’
376 1603 406 1653 6
440 1601 594 1672 ἥλιος
624 1606 726 1675 τῆς
756 1609 1018 1678 συνήθους
1065 1613 1293 1683 ἐκσταίη
1334 1617 1529 1684 φορᾶς,
1575 1617 1668 1669 καὶ
1708 1618 1803 1671 τοῦ

213 1688 312 1755 τὴν
345 1691 442 1741 ὑπ’
476 1693 707 1763 οὐρανὸν
735 1697 918 1749 πᾶσαν
939 1699 1171 1768 περιῖὼν
1189 1703 1601 1773 καταλάμπειν,
1630 1706 1789 1770 οὕτως

1912 1721 2032 1767 tura
2073 1715 2184 1770 sint
2212 1732 2670 1788 commonstrans,
2700 1740 2802 1781 nos
2854 1729 3014 1782 nubis
3042 1731 3173 1796 ipsis
3207 1733 3258 1786 in
3294 1735 3494 1800 pietate

213 1783 336 1834 οὐδὲ
380 1785 474 1836 τοῦ
511 1790 640 1854 περὶ
685 1791 832 1858 ἡμᾶς
884 1791 943 1855 ἐξ
997 1794 1176 1862 ἀρχῆς
1226 1795 1412 1848 οὑτοσὶ
1450 1798 1789 1868 διακειμένοι

1909 1818 2033 1872 erga
2067 1807 2236 1864 Deum
2291 1813 2540 1870 meliores
2590 1819 2834 1886 quotidie
2883 1835 3019 1876 sane
3067 1822 3260 1891 eflicit,
3315 1836 3492 1880 retra-

211 1877 308 1926 καὶ
368 1877 523 1943 ἵλεω,
565 1885 658 1932 καὶ
683 1881 784 1951 τῆς
831 1883 1098 1953 εὐμενοῦς
1137 1886 1367 1958 ταύτης,
1389 1889 1463 1953 ὡς
1497 1891 1563 1944 ἄν
1586 1910 1670 1957 τις
1701 1896 1789 1966 φῇ,

1909 1895 2046 1951 hens
2081 1913 2176 1953 nos
2202 1902 2456 1958 videlicet
2506 1920 2536 1960 a
2581 1910 2808 1963 materia
2856 1910 2922 1964 ad
2981 1912 3262 1981 spiritum,
3322 1922 3377 1969 et
3431 1927 3492 1970 ut

211 1964 497 2028 ξυντελεία
507 1988 554 2031 ς.

1911 1989 2142 2046 miriﬁca
2184 1994 2346 2063 plane
2375 1998 2426 2049 in
2464 2013 2559 2068 spe
2587 2001 2781 2065 simus,
2837 2001 3062 2070 faciens,
3087 2014 3142 2059 et
3188 2007 3240 2059 in
3272 2008 3490 2062 univer-

208 2075 330 2114 sum
375 2065 529 2117 nullo
561 2083 667 2121 non
707 2071 963 2138 temporis
991 2084 1288 2138 momento,
1316 2076 1500 2131 verbis
1567 2078 1834 2151 factisque
1910 2084 2046 2144 bene
2097 2091 2162 2142 de
2221 2091 2380 2146 nobis
2437 2065 2672 2150 merens.
2728 2096 2933 2168 Nempe
2983 2065 3058 2155 ut‘
3091 2118 3365 2173 nunquam
3423 2108 3493 2162 de

205 2168 477 2212 consueto
541 2175 705 2216 cursu
771 2177 872 2217 suo
918 2165 998 2216 sol
1065 2165 1288 2227 decidit.
1322 2180 1386 2219 eo
1433 2179 1644 2234 tenore,
1690 2179 1749 2224 ut
1832 2187 2072 2240 omnem,
2124 2196 2245 2249 quae
2313 2180 2415 2235 sub
2476 2184 2615 2240 malo
2675 2196 2778 2251 est,
2847 2165 3174 2247 circumiens
3223 2193 3494 2251 illuminet

207 2260 455 2316 terram;
521 2253 594 2306 ita
665 2270 840 2322 neque
898 2255 1216 2325 Gregorius,
1303 2261 1372 2314 de
1415 2262 1646 2330 pristino
1703 2279 1805 2320 suo
1841 2281 1966 2338 erga
2003 2286 2104 2326 nos
2154 2272 2349 2329 affectu
2382 2285 2432 2330 et
2466 2275 2674 2346 favore,
2715 2289 2772 2337 et
2836 2284 2939 2340 hac
3023 2294 3131 2341 tam
3206 2290 3489 2351 benevola.

1911 1619 2220 1690 impellens,
2262 1628 2357 1682 sed
2389 1639 2443 1684 et
2468 1646 2704 1700 quonam
2737 1633 2851 1690 hac
2903 1649 3063 1705 pacto
3093 1639 3246 1694 facile
3290 1643 3496 1697 obven-

205 2359 263 2398 ut
306 2347 582 2413 quispiam
625 2349 916 2413 vocaverit,
951 2352 1134 2404 auxilii
1173 2352 1488 2411 collatione.

271 2433 452 2490 PKZ'.
496 2435 675 2506 Ἱιμᾶς
711 2440 767 2492 δὲ
809 2440 890 2492 δεῖ
936 2443 1108 2512 μικρά
1148 2444 1290 2498 ἄττα
1334 2449 1429 2498 καὶ
1475 2448 1575 2502 ὅσα
1605 2449 1788 2516 ἔξεστι

202 2533 424 2582 τουτονὶ
456 2533 883 2599 προσειπόντας,
921 2535 1092 2588 ἔπειθ’
1123 2536 1268 2590 οὕτω
1300 2541 1660 2595 κατακλεῖσαι
1695 2545 1789 2598 τὸν

204 2624 390 2692 λόγον.
433 2627 665 2697 Χαίροις
722 2628 749 2680 6
800 2630 1011 2699 χαίρειν
1059 2633 1198 2703 ὑπὲρ
1234 2635 1446 2695 πάντας
1492 2637 1792 2710 ἀξιόχρεως

203 2715 301 2779 ὢν,
335 2717 426 2769 ἅθ’
453 2719 595 2789 ὑπὲρ
623 2719 833 2784 πάντας
866 2725 1274 2793 κεχαρισμένος
1308 2725 1447 2798 Θεῷ.
1484 2728 1718 2799 Χαίροις
1762 2731 1790 2783 6

203 2810 404 2864 τούτου
439 2812 600 2880 χάριν
651 2813 834 2866 πάντα
889 2817 1052 2868 πόνον
1108 2817 1410 2887 ὑπομείνας
1443 2821 1788 2897 τοπρόσθενο

197 2906 297 2957 καὶ
345 2905 565 2974 χαίρων
622 2905 699 2968 ὠς
735 2906 956 2977 άληθῶς
1010 2911 1129 2972 ταῖς
1165 2911 1400 2976 ἐλπίσιν,
1459 2915 1533 2977 ὡς
1573 2915 1789 2986 χαίρειν

199 2997 357 3050 ἐσαεί
391 3013 480 3050 σοι
538 3001 837 3063 παρέσται.
883 2999 1122 3069 Χαίροις
1157 3005 1185 3055 6
1237 3003 1304 3056 6t'
1337 2997 1414 3057 ὧν
1461 3005 1565 3073 μὲν
1611 3008 1789 3061 πάντα

197 3090 429 3143 πάντων
456 3092 680 3159 ἄριστος
723 3087 795 3157 εί,
831 3093 1048 3157 πάντας
1076 3097 1481 3168 συγχαίροντας
1527 3098 1687 3168 ἔχων,
1717 3101 1792 3154 δι’

197 3175 274 3235 ὧν
325 3182 384 3234 δὲ
415 3182 631 3245 πάντας
665 3186 1068 3256 συγχαίροντας
1117 3187 1287 3256 ἔχεις,
1327 3193 1512 3244 πάντα
1562 3192 1782 3247 πάντων

197 3275 432 3344 ἄριστος
461 3272 538 3326 ὢν
561 3291 577 3306 ο
617 3277 716 3329 καὶ
743 3277 854 3346 μὴν
884 3278 960 3340 ὡς
992 3279 1142 3348 αὐτῷ
1168 3297 1250 3332 σοι
1283 3283 1500 3350 χαίρειν
1529 3285 1782 3353 περίεστι
1808 3316 1855 3377 C

193 3368 294 3437 τῆς
327 3367 563 3438 Τριάδος
599 3369 986 3440 ὑπερασπιστῇ
1016 3377 1290 3440 γεγονότι,
1327 3376 1472 3430 οὕτω
1508 3395 1592 3430 σοι
1617 3378 1784 3432 πάλιν

196 3461 495 3529 συγχαίρει
537 3465 635 3529 μὲν
674 3463 708 3531 ἡ
744 3463 940 3532 Τριὰς,
976 3466 1338 3536 συγχαίρουσι
1368 3467 1422 3519 δὲ
1453 3470 1557 3531 πᾶς
1586 3470 1614 3522 6
1654 3471 1784 3542 περὶ

192 3553 368 3620 αὐτὴν
416 3552 529 3602 τῶν
567 3553 821 3620 ἀγγέλων
869 3553 1187 3624 διάκοσμος.
1236 3556 1304 3608 Ἦ
1355 3557 1478 3626 μὲν,
1529 3558 1653 3611 ἀνθ’
1706 3555 1784 3614 ὧν

189 3646 378 3705 τείσας
413 3645 513 3706 τὰς
547 3645 654 3696 τῶν
686 3645 1080 3715 αίρετιζόντων
1132 3647 1397 3718 τερθρίας
1443 3652 1632 3714 κακῶς
1685 3653 1785 3705 αὐ-

189 3738 294 3804 τὴν
330 3737 682 3805 διαιροάσας,
728 3737 943 3808 χαίρειν
972 3736 1236 3803 καθάπαξ
1279 3741 1471 3804 ἐάσας,
1506 3741 1581 3802 ὡς
1615 3743 1784 3814 μηδὲν

192 3829 374 3894 ὑγιὲς,
432 3829 603 3881 πᾶσιν
650 3829 788 3896 ἡμῖν
832 3829 1050 3898 χαίρειν
1101 3831 1427 3900 παρέσχες,
1477 3830 1622 3885 ἃδεῖ
1655 3834 1784 3904 περὶ

189 3921 360 3990 αὐτῆς
385 3919 571 3985 λέγειν
599 3920 694 3972 καὶ
715 3923 935 3990 φρονεῖν
955 3921 1310 3992 δογματίσας*
1338 3921 1565 3991 ἄγγελοι
1582 3924 1660 3989 δὲ,
1686 3926 1783 3976 καὶ

190 4016 402 4065 τούτων
437 4014 534 4080 μὲν
565 4013 785 4077 εῖνεκα,
819 4013 1005 4083 πολλῴ
1039 4015 1095 4066 δὲ
1145 4015 1308 4068 πλέον
1361 4017 1444 4068 ὃτι
1497 4017 1774 4069 τάκείνων

192 4107 337 4174 μετὰ
384 4107 487 4173 τῆς
544 4105 675 4176 ὕλης
728 4107 967 4176 πρόσθεν
1015 4108 1303 4179 εἰργάζου,
1338 4111 1439 4163 καὶ
1491 4109 1590 4162 νῦν
1641 4112 1781 4180 μετὰ

186 4201 403 4253 τούτων
433 4219 491 4253 τε
524 4201 622 4253 καὶ
675 4200 773 4252 σὺν
807 4201 1020 4264 τούτοις
1051 4203 1365 4266 παιανίζειν
1409 4203 1479 4256 τὰ
1519 4204 1638 4257 θεία
1683 4205 1780 4257 καὶ

187 4295 255 4361 ἣν
300 4293 490 4355 ἔπνεις
527 4293 734 4361 Τριάδα
775 4294 956 4363 πάσης
983 4295 1203 4364 ἀμέσως
1240 4297 1496 4365 μετέχεις
1522 4313 1537 4327 ο
1574 4297 1636 4349 οὐ
1672 4297 1780 4366 μὴν

185 4388 332 4441 ἀλλὰ
365 4387 465 4440 καὶ
496 4387 574 4455 τῷ
603 4389 713 4438 τῶν
762 4387 937 4455 ἁγίων
973 4387 1250 4455 ξύμπαντι
1296 4387 1484 4458 κύκλῳ
1515 4388 1776 4441 τοσούτου

183 4481 248 4550 δή
291 4496 445 4541 τινος
475 4479 711 4548 τιμᾶται
742 4480 812 4532 τὰ
863 4479 932 4532 σά
988 4480 1084 4532 καὶ
1116 4478 1292 4542 οὕτως
1333 4480 1584 4544 ἀξιοῦται
1624 4483 1780 4551 μεγί-

185 4590 357 4636 στων,
409 4571 486 4633 ὡς
521 4572 601 4640 μὴ
661 4571 834 4640 μόνον
888 4587 972 4622 σοι
1011 4571 1120 4622 τῶν
1153 4571 1445 4640 πρωτείων
1475 4572 1647 4640 ἡδέως
1682 4575 1778 4626 αὐ-

1970 2453 2232 2510 CXXVII.
2297 2457 2782 2520 Verumeuimvero
2859 2469 3017 2524 nobis
3084 2474 3323 2540 tandem,
3397 2479 3486 2533 ubi

1894 2550 2105 2618 paucis,
2141 2559 2195 2604 et
2233 2563 2495 2621 quantum
2561 2556 2615 2610 in
2674 2560 2830 2615 nobis
2900 2572 3004 2626 est,
3053 2576 3298 2621 nostrum
3352 2570 3488 2624 allo-

1893 2640 2002 2693 cuti
2064 2643 2609 2711 consalutaverimus,
2685 2651 3058 2708 concludenda
3133 2657 3312 2711 oratio
3371 2669 3479 2716 est.

1897 2727 2082 2795 Salve,
2130 2733 2222 2802 qui
2249 2733 2462 2790 salvere
2516 2753 2678 2807 super
2747 2741 2884 2796 alios
2943 2759 3133 2800 omnes
3221 2748 3484 2819 dignissi-

1899 2836 2018 2875 mus
2074 2836 2153 2888 es,
2182 2832 2240 2878 ut
2296 2825 2407 2880 Deo
2436 2843 2599 2898 super
2645 2846 2836 2887 omnes
2884 2836 3262 2895 charissimus.
3297 2839 3478 2910 Salve,

1893 2912 1982 2980 qui
2029 2913 2151 2984 ejus
2205 2919 2284 2972 rei
2321 2935 2483 2974 causa
2520 2937 2738 2977 omnem
2794 2927 2930 2980 olim
2989 2928 3227 2985 laborem
3288 2948 3479 3002 pertu-

1892 3003 2024 3071 listi,
2054 3009 2215 3074 quive
2247 3018 2357 3063 tum
2390 3026 2486 3080 spe
2525 3014 2805 3070 verissime
2837 3018 3135 3087 Itetabaris,
3166 3024 3307 3089 quod
3347 3041 3479 3095 per-

1881 3103 2050 3163 petuo
2080 3099 2333 3169 deinceps
2367 3104 2459 3157 tibi
2491 3104 2786 3162 affuturum
2824 3110 2895 3164 sit
2927 3111 3114 3166 laetari.
3167 3113 3350 3182 Salve,
3382 3121 3477 3187 qui

1887 3187 2031 3248 quo'l
2060 3189 2259 3260 ubique
2296 3192 2538 3247 omnium
2598 3197 2835 3265 optimus
2860 3213 2944 3264 es,
2978 3215 3169 3258 omnes
3221 3205 3320 3259 tibi
3347 3223 3478 3263 con-

1887 3279 2226 3346 gratulantes
2256 3283 2425 3338 liabes
2447 3300 2467 3338 :
2499 3287 2643 3355 quod
2673 3299 2861 3343 autem
2908 3279 3352 3364 congratulantes
3376 3298 3475 3354 tibi

1888 3384 2081 3425 omnes
2109 3373 2298 3437 habes,
2335 3391 2400 3429 eo
2449 3378 2696 3432 omnium
2737 3381 2942 3451 ubique
2978 3387 3219 3454 Optimus
3249 3404 3328 3446 es.
3354 3389 3476 3445 Cae-

1891 3471 2061 3515 terum
2096 3475 2155 3516 ut
2188 3466 2281 3520 tibi
2310 3467 2409 3535 ipsi
2441 3470 2733 3537 plurimum
2763 3466 2933 3529 lauari
2961 3475 3108 3544 licet,
3140 3481 3230 3548 qui
3271 3493 3475 3538 sancta

1890 3552 2168 3609 Trinitatis
2216 3557 2414 3612 vindex
2477 3571 2823 3632 assertorque
2883 3566 3072 3622 fuisti:
3111 3571 3183 3625 ita
3242 3574 3469 3630 invicem

1890 3647 1986 3700 tibi
2036 3659 2222 3702 sancta
2266 3649 2505 3706 Trinitas
2575 3656 3029 3725 congratulatur;
3085 3663 3472 3730 congratulan-

1889 3748 1975 3792 tur
2005 3755 2134 3794 νει-ο
2170 3742 2333 3795 etiam
2396 3758 2613 3810 omnes,
2648 3747 2740 3814 qui
2797 3747 2871 3802 illi
2933 3762 3198 3819 apparent
3248 3756 3472 3824 angelo-

1885 3847 2006 3886 rum
2059 3833 2304 3889 ordines.
2364 3833 2604 3910 Trinitas
2648 3838 2794 3906 ideo,
2854 3845 2999 3911 quod
3048 3859 3238 3901 Omnes
3298 3849 3472 3902 haere-

1888 3926 2119 3978 ticorum
2169 3927 2494 3995 prastigias,
2551 3930 2691 3985 male
2750 3933 2923 4001 ipsam
2997 3936 3340 4003 divellentes,
3408 3950 3470 3995 ut

1886 4031 2032 4070 mera
2115 4018 2513 4088 deliramenta,
2561 4024 2730 4077 semel
2795 4025 2975 4082 valere
3023 4028 3246 4097 jubens,
3307 4033 3466 4087 nobis

1884 4109 2136 4163 omnibus
2219 4110 2436 4164 laetandi
2518 4114 2798 4168 materiem
2864 4117 3085 4183 dedisti,
3136 4121 3262 4174 dum
3337 4124 3469 4193 quid

1883 4199 1952 4256 de
2006 4217 2067 4256 ea
2100 4203 2428 4272 loquendum
2489 4207 2942 4278 sentiendumque
2986 4219 3153 4278 esset,
3209 4224 3467 4270 accurate

1884 4293 2204 4361 exposuisti.
2257 4295 2446 4364 Angeli
2500 4307 2552 4349 et
2601 4297 2670 4351 ob
2722 4298 2823 4352 ista
2873 4299 3151 4367 laetantur,
3209 4315 3264 4359 et
3314 4305 3462 4360 haud

1883 4386 2042 4453 paulo
2083 4388 2221 4454 plus,
2265 4390 2410 4455 quod
2441 4387 2567 4441 olim
2601 4403 2723 4443 cum
2760 4405 2991 4460 corpore
3023 4393 3225 4464 degens
3272 4411 3460 4452 eorum

1883 4477 2073 4534 obibas
2117 4479 2383 4543 actiones,
2436 4488 2489 4533 et
2535 4483 2679 4550 quod
2740 4499 2886 4536 nunc
2916 4485 3056 4538 inter
3104 4485 3250 4554 ipsos
3299 4497 3463 4557 atque

1883 4585 1989 4623 una
2039 4585 2159 4623 cum
2203 4570 2332 4639 ipsis
2380 4570 2624 4625 divinum
2683 4588 2879 4628 numen
2907 4575 3173 4640 concinis,
3215 4587 3271 4632 et
3297 4594 3460 4647 quam

180 4665 310 4724 τοὺς
344 4661 748 4727 ὑπεξίστασθαι
787 4661 888 4713 καὶ
937 4664 1320 4731 παραχωρείν,
1350 4661 1493 4714 ἀλλὰ
1536 4665 1632 4716 καὶ
1675 4665 1772 4732 χά-

1885 4660 2124 4728 spirabas
2181 4659 2529 4726 Trinitatem,
2581 4663 2780 4716 eadem
2853 4678 2998 4718 nunc
3031 4671 3142 4718 tota
3195 4666 3384 4720 intime
3408 4677 3464 4721 et

184 4773 272 4823 ριν
325 4754 409 4806 ὅτι
466 4754 733 4824 πλείστην
769 4757 828 4821 εξ
873 4756 1122 4826 ἀνάγκης
1172 4756 1398 4822 ειδέναι,
1431 4757 1505 4821 ὡς
1549 4758 1772 4822 τούτους

181 4848 563 4916 κοσμήσαντι’
595 4847 623 4900 6
656 4847 763 4917 γάρ
790 4849 932 4899 εἰσιν
965 4849 1209 4909 ἅπαντες
1234 4841 1407 4910 οὗτοι,
1430 4849 1576 4901 τοῦτ’
1607 4850 1769 4912 αὐτὸς

183 4943 347 5006 μόνος
384 4939 681 5007 τυγχάνεις
715 4937 790 4991 ὢν
812 4978 828 5002 ,
863 4939 939 5007 τῷ
977 4939 1097 5008 μεθ’
1131 4941 1443 5012 ὑπερϐολῆς
1474 4943 1655 4994 πάντα
1696 4943 1767 4993 τὰ

182 5045 414 5086 παντων
444 5031 778 5102 κεκτῆσθαι·
815 5032 912 5084 καὶ
943 5027 1082 5084 εἶναι
1117 5033 1458 5096 παντοδαπός
1492 5051 1576 5095 τις
1609 5032 1766 5101 ἅγιος

174 5124 253 5185 ὼς
285 5127 474 5178 είπεῖν
505 5129 619 5188 τοῖς
657 5125 1039 5189 παντοδαπαῖς
1083 5126 1186 5180 τοῦ
1226 5128 1542 5198 Πνεῦμα-ξος
1577 5131 1766 5197 χάρισι

178 5215 635 5281 καταγλαισθείς.

1883 4751 2331 4820 conjunctissime
2363 4752 2686 4820 perfrueris.
2737 4751 2980 4822 Denique
3039 4754 3295 4809 universo
3327 4757 3455 4810 item

1880 4853 2194 4898 sanctorum
2228 4844 2434 4898 circulo
2478 4845 2610 4898 tanti
2676 4855 2762 4898 tua
2807 4844 3050 4914 profecto
3095 4849 3461 4914 aestimantur,

1877 4940 2124 5007 adeoque
2158 4941 2397 4992 maximo
2433 4938 2702 4992 liabentur
2740 4939 2792 4991 in
2827 4940 3021 5006 pretio,
3055 4948 3113 4992 ut
3143 4955 3263 4993 cum
3297 4942 3464 5008 perli.

1875 5031 2070 5084 benter
2129 5030 2304 5083 locum
2340 5028 2638 5098 principem
2687 5030 2781 5083 tibi
2839 5031 3240 5086 concedant‘ac
3289 5035 3459 5086 relin-

1875 5132 2064 5191 quant,
2121 5132 2229 5173 tum
2264 5121 2430 5172 etiam
2481 5122 2791 5173 necessario
2822 5123 3050 5175 summis
3102 5132 3152 5176 te
3209 5124 3460 5180 laudibus

1870 5217 2247 5284 gratibusque,
2282 5214 2372 5282 qui
2402 5213 2544 5281 ipsos
2567 5216 2874 5280 ornaveris,
2902 5215 3102 5271 ferant.
3135 5217 3287 5284 Quod
3308 5221 3455 5275 enim

182 5311 283 5379 ipsi
319 5312 560 5366 universi
582 5312 744 5366 simul
773 5321 925 5378 sunt,
952 5312 1004 5366 id
1037 5323 1151 5369 tute
1181 5315 1330 5368 solus
1350 5330 1428 5379 es,
1456 5316 1670 5385 quando
1695 5314 1879 5370 omnia
1905 5312 2147 5366 omnium
2177 5309 2394 5373 decora,
2439 5322 2613 5377 eaque
2645 5307 3059 5377 perfectissima,
3095 5327 3232 5366 unus
3258 5313 3450 5379 habes,

179 5415 320 5457 eius
369 5405 539 5457 verbo
569 5405 765 5471 dicam,
814 5409 1139 5464 universalis
1209 5411 1484 5480 quispiam
1514 5421 1739 5466 sanctus
1781 5424 1863 5474 es,
1919 5402 2318 5461 universalibus
2365 5402 2604 5472 Spiritus
2655 5404 2830 5458 sancti
2874 5403 3191 5460 muneribus
3223 5406 3460 5462 miriﬁce

179 5494 507 5549 illustratus.

247 5588 438 5640 PKH'.
475 5606 491 5638 ι
520 5586 591 5640 Ὦ
610 5590 923 5659 προφητικὲ
954 5593 1042 5655 σὺ,
1080 5593 1175 5645 καὶ
1207 5591 1420 5661 βλέπων
1457 5593 1524 5644 τὰ
1549 5592 1758 5662 ἐμπρο-

183 5679 333 5745 σθεν,
385 5699 405 5730 ι
442 5680 537 5732 καὶ
581 5685 647 5753 τῇ
696 5682 791 5735 τοῦ
846 5683 938 5735 νοῦ
1001 5683 1362 5756 καθαρότητι,
1425 5685 1757 5755 παμπόλλας

249 5866 329 5934 (ί)
364 5866 642 5924 Fortasse.
675 5866 815 5936 ἣξει.
844 5869 922 5924 An
955 5867 1064 5936 ἕξει
1097 5885 1200 5933 τις.

1940 5586 2217 5643 CXXVIII.
2260 5605 2277 5636 ε
2313 5586 2619 5654 Ofatidice,
2652 5599 2705 5644 et
2749 5589 2904 5659 longe
2944 5590 2995 5645 in
3026 5599 3298 5658 posterum
3330 5605 3460 5656 pro-

1867 5684 2106 5753 Spiciens
2140 5684 2240 5745 vir,
2279 5700 2295 5731 ι
2327 5681 2438 5752 (20)
2468 5684 2777 5754 mentisque
2811 5695 2916 5739 tua:
2973 5685 3239 5741 munditia
3278 5683 3458 5754 pluri-

1953 5864 2065 5935 (ΞΟ)
2098 5862 2259 5932 Greg.
2292 5861 2334 5930 I,
2366 5863 2489 5920 5H.
