4232 6432
753 402 858 468 34Ἲ

1950 406 2346 466 'IHEODULI
2393 405 2736 465 MONACHI

3916 397 4024 457 3&8

754 537 869 574 mas
910 520 1075 575 divini
1127 522 1364 591 Spiritus
1429 521 1816 589 inspirationes
1864 526 2078 594 adepte,
2112 543 2129 576 ι
2164 525 2359 594 ειιξιιελ

2457 524 2518 586 ὰς
2551 522 2646 576 τοῦ
2676 520 2990 591 Πνεῦματος
3007 519 3293 591 δεχόμενος
3322 517 3630 582 ἐπιπνοίας,
3662 534 3681 568 ι
3719 507 3894 583 οὗπερ
3942 516 4023 567 ei:

756 614 807 666 in
853 629 1069 668 omnem
1114 625 1311 669 terram
1352 616 1481 669 exiit
1524 617 1640 669 fons
1671 617 1736 684 ⁸⁷,
1769 636 1788 669 ι
1827 633 1973 672 more
2007 620 2328 685 apostolico,

757 714 812 760 ct
844 721 1004 775 quem
1032 718 1287 776 perpetua
1325 730 1342 760 ι
1383 709 1746 764 Ecclesiarum
1784 711 2119 775 sollicitudo,
2164 732 2182 763 ι
2224 730 2330 767 non

759 799 940 854 minus
971 814 1033 854 ac
1078 799 1302 855 Paulum
1337 802 1486 865 olim,
1531 805 1760 870 urgebat
1787 804 1854 870 ⁸⁸,
1896 804 2003 859 imo
2053 821 2180 860 vero
2218 808 2334 876 plus

756 891 917 943 etiam
973 894 1173 947 rectius
1206 895 1524 951 dixerimus.
1594 898 1824 963 Quando
1865 899 1951 951 ille
2021 900 2336 954 constitutis

756 999 929 1052 nuper
960 984 1237 1051 Ecclesiis,
1279 974 1429 1042 curis
1495 998 1550 1042 et
1603 990 2055 1043 sollicittulinilnts
2101 996 2337 1059 angeba-

762 1086 889 1129 tur:
923 1079 1009 1130 cui
1049 1094 1235 1132 recens
1273 1095 1458 1135 earum
1511 1084 1914 1151 coagmentatio
1974 1084 2114 1137 haud
2179 1083 2246 1138 ab
2280 1100 2336 1138 re

756 1165 1165 1225 formidolosior
1204 1183 1361 1241 erat;
1398 1183 1448 1227 tu
1484 1191 1612 1230 vero
1678 1178 1877 1245 pietate
1914 1177 2051 1246 ipsa,
2091 1193 2186 1245 per
2226 1194 2336 1231 ma-

759 1260 987 1314 ledicam
1026 1264 1398 1321 haereticorum
1452 1268 1851 1336 garrulitatem,
1897 1271 1949 1322 in
2010 1269 2126 1323 aeie
2162 1284 2337 1323 nova-

757 1353 894 1406 culze
945 1354 1055 1422 jam
1088 1356 1211 1422 sita,
1246 1368 1300 1411 et
1361 1359 1411 1411 in
1456 1360 1505 1412 id
1547 1371 1733 1414 vocata
1794 1361 2116 1429 perieulum,
2179 1378 2248 1416 nc
2284 1362 2337 1415 in

757 1444 1093 1512 impietatem
1135 1449 1290 1516 plane
1331 1451 1619 1514 recideret,
1646 1452 1898 1505 omnibus
1949 1454 2150 1507 viribus
2217 1470 2342 1521 prn-

758 1539 1052 1606 puguahas,
1109 1551 1160 1593 et
1194 1557 1412 1595 manum
1473 1544 1883 1598 lltilt'llSSllllam
1932 1547 2336 1601 comiuodabas.

759 1630 802 1683 0
843 1633 933 1698 qui
984 1632 1178 1699 smpius
1209 1636 1524 1701 sanguinem
1596 1654 1692 1706 pro
1738 1638 1954 1693 Christo
2011 1639 2343 1706 profundere

758 1719 977 1783 avebas,
1036 1724 1136 1777 nisi
1187 1725 1300 1791 ipse
1336 1726 1493 1791 plane
1559 1730 1915 1792 cohibuisset,
1951 1747 2014 1783 ne
2067 1733 2224 1785 talem
2262 1734 2342 1785 vi-

760 1815 955 1870 delicet
987 1819 1137 1869 orbis
1187 1828 1457 1873 terrarum
1499 1823 1774 1876 amitteret
1832 1824 2031 1890 virum,
2074 1828 2235 1894 quive
2267 1829 2342 1881 ci-

763 1915 844 1960 tra
883 1924 1129 1961 t-rtinretn
1186 1911 1391 1965 athleta
1470 1914 1714 1976 cv:isisti,
1766 1914 2017 1967 nimirum
2079 1918 2219 1982 quod
2256 1929 2340 1968 tua

760 2001 1125 2055 destinatione
1177 2004 1411 2057 nominis
1488 2003 1649 2073 hujus
1721 2007 2041 2075 uulneriun
2084 2009 2341 2061 candida-

762 2102 847 2142 tus
903 2095 1121 2145 omnino
1152 2109 1298 2149 eras.

833 2181 1071 2236 CXXIX.
1114 2186 1156 2241 0
1185 2188 1273 2255 qui
1313 2192 1599 2256 pastoralis
1628 2192 1791 2247 oﬂicii
1831 2208 2097 2249 summam
2126 2195 2349 2261 lineam,

763 2283 815 2325 et
849 2277 1197 2345 temetipsum
1242 2291 1295 2333 et
1330 2297 1450 2349 quae
1479 2285 1545 2337 de
1571 2299 1635 2337 eo
1703 2287 1920 2354 negotio
1962 2288 2161 2356 scripta
2195 2304 2345 2341 com—

770 2382 1053 2435 posueras,
1094 2372 1423 2427 exhibuistil
1466 2377 1508 2430 0
1535 2377 1625 2445 qui
1698 2377 1997 2431 solitariam
2027 2390 2080 2433 et
2112 2380 2349 2447 quietam

766 2459 982 2513 vivendi
1036 2463 1299 2518 rationem
1347 2476 1401 2520 et
1449 2467 1513 2520 ad
1571 2470 1855 2523 materiam
1894 2471 2041 2524 nullo
2074 2472 2233 2525 modo
2265 2472 2356 2526 lle-

765 2551 1009 2616 xibilem,
1042 2556 1134 2607 sed
1171 2558 1236 2607 ad
1289 2556 1458 2611 Deum
1496 2572 1758 2630 perpetuo
1796 2563 2081 2629 intentam,
2118 2565 2189 2617 ita
2229 2581 2355 2635 pru-

767 2644 910 2697 tinus
943 2645 1010 2697 ab
1060 2649 1283 2702 ineunte
1322 2659 1483 2704 aetate
1527 2653 1819 2717 adamasti,
1866 2664 1919 2706 et
1977 2654 2261 2724 expetisti,
2301 2667 2354 2711 et

768 2752 938 2805 super
973 2749 1199 2795 caeteros
1235 2744 1536 2800 rectissime
1583 2746 1879 2814 perfecisti,
1908 2748 2052 2803 velut
2082 2749 2351 2817 quispiam

767 2837 921 2882 extra
954 2845 1174 2886 carnem
1228 2836 1600 2905 mundumque
1631 2840 1839 2908 positus
1864 2850 1914 2892 et
1949 2838 2061 2893 sola
2099 2843 2356 2897 victitans

768 2920 985 2976 anima!
1038 2922 1082 2977 0
1150 2925 1241 2994 qui
1274 2934 1426 2981 tanto
1477 2928 1731 2982 virtutem
1783 2930 1996 2983 coluisti
2038 2945 2228 3000 opere,
2299 2942 2359 2985 ut

768 3028 870 3067 nec
900 3015 1218 3070 adolescens
1275 3018 1343 3071 ab
1389 3031 1550 3073 aetate
1604 3021 1892 3089 provectis,
1943 3032 1998 3075 et
2032 3022 2123 3091 qui
2155 3022 2208 3076 in
2240 3021 2344 3076 vir-

772 3107 902 3159 tutis
950 3109 1354 3164 meditamentis
1399 3113 1687 3179 plurimum
1750 3114 2152 3169 desudaverant
2203 3126 2360 3169 ante-

2438 617 2620 670 πᾶσαν
2655 615 2753 683 τὴν
2779 615 2883 683 γῆν
2914 633 2931 665 ι
2958 612 3335 672 ἀποστυλικῶς
3362 629 3380 662 ι
3420 611 3448 663 ό
3477 608 3716 677 φθόγγος
3749 606 3969 675 ἐξῆλθε,
4003 624 4021 657 ι

2441 709 2536 761 καὶ
2566 708 2624 759 ὃν
2651 708 2751 777 ἥγε
2775 705 3032 777 διηνεκὴς
3068 725 3086 756 ι
3132 704 3375 772 μέριμνα
3422 700 3533 753 τῶν
3589 698 3956 784 Ἐκκλησιῶν,
4005 715 4022 747 ι

2439 803 2536 871 οὐχ
2575 796 2739 873 ἦττον
2773 801 2804 866 ἢ
2840 800 3007 853 πάλαι
3056 797 3266 851 Παῦλον
3326 797 3580 864 κατεῖχεο
3618 792 3821 863 μᾶλλον
3850 791 3908 843 δὲ
3937 789 4031 842 καὶ

2441 894 2603 946 πλέον
2638 896 2815 946 εἰπεῖν
2846 893 2929 945 Eva
2941 909 3076 943 στιν.
3105 888 3277 957 Εἴπερ
3302 890 3509 947 ἐκεῖνος
3546 886 3644 955 μὲν
3672 885 3797 955 ἄρτι
3821 883 4030 936 τούτων

2443 982 2885 1051 καθισταμένων,
2922 979 3235 1053 φροντίζων
3262 973 3331 1046 ἦν
3363 975 3460 1030 καὶ
3509 974 3760 1041 ὁγωνιῶν
3790 974 3850 1026 τδ
3877 970 4031 1039 σφῶν

2441 1075 2750 1145 ἀρτιπαγὲς
2785 1070 3143 1142 ὑφορώμενος
3164 1087 3179 1101 ·
3226 1072 3289 1124 σὺ
3315 1071 3371 1123 δὲ
3401 1068 3505 1137 τῆς
3541 1066 3827 1121 εὐσεϐείας
3860 1062 4034 1129 αὐτῆς

2442 1167 2547 1220 ὑπὸ
2601 1169 2700 1236 τῆς
2756 1165 2865 1219 τῶν
2902 1163 3195 1235 αἱρετικῶν
3248 1160 3659 1228 γλωσσαλγίας,
3727 1156 3822 1210 ἐπὶ
3862 1151 4035 1233 ξυροῦ

2441 1262 2630 1330 ἀκμῆς
2698 1260 2999 1329 ἑστηκυίας
3050 1260 3147 1311 καὶ
3198 1255 3626 1333 κιγδυνευούσης
3693 1251 4035 1321 μεταπεσεῖν

2443 1357 2522 1417 εἰς
2555 1352 3099 1415 δυσσέϐειαν,π.ἰσιν
3162 1344 3243 1412 οἷς
3301 1343 3453 1417 εἶχες
3507 1343 3882 1415 προὺμὰχεις,
3943 1340 4039 1391 καὶ

2444 1444 2764 1513 θαυμαστὴν
2821 1444 2980 1511 χεῖρα
3011 1442 3276 1511 παρεῖχες
3313 1457 3327 1471 ι
3360 1441 3387 1492 ό
3426 1436 3717 1508 βουληθεὶς
3754 1435 3853 1503 μὲν
3906 1432 4040 1483 πολ-

2442 1535 2604 1597 λάκις
2638 1535 2775 1604 ὑπὲρ
2822 1531 3064 1603 Χριστοῦ
3094 1531 3157 1585 τὸ
3189 1525 3330 1600 αἷμα
3365 1531 3576 1598 ἐκχέαι,
3640 1526 3909 1585 xuii-46:";
3979 1524 4037 1575 δὲ

2445 1626 2536 1694 ὑφ’
2562 1624 2728 1678 αὑτοῦ
2758 1624 2972 1687 τούτου,
3013 1623 3133 1693 ὲφῷ
3173 1623 3247 1693 μὴ
3304 1625 3405 1678 τὴν
3441 1617 3771 1687 οἰκουμένην
3832 1614 4031 1683 ἀνδρός

2446 1715 2784 1785 ἐστερῆσθαι
2846 1716 3127 1767 τοιούτου·
3218 1715 3313 1766 καὶ

2446 1808 2708 1875 ἀθλητὴς,
2740 1809 2818 1870 εἰς
2877 1808 3102 1871 τοᾶτους
3152 1806 3235 1859 ὅτι
3287 1805 3525 1876 μάλιστα
3573 1806 3639 1873 τῇ
3697 1798 4027 1871 προαιρέσει

3389 1711 3631 1781 γεγονὼς
3696 1709 4037 1776 ἀναίμακτος

2454 1901 2646 1955 τελῶν.

2523 2188 2695 2243 ΡΚΘ’.
2723 2183 2794 2240 Ὦ
2834 2186 3203 2258 ποιμαντικῆς
3240 2186 3365 2258 ὅρον
3396 2185 3591 2239 σαυτόν
3624 2202 3683 2237 τε
3718 2183 3922 2248 δείξας,
3952 2180 4047 2234 καὶ

2452 2283 2547 2345 οὓς
2578 2282 2718 2352 ὑπὲρ
2758 2284 2951 2335 τούτου
3012 2280 3205 2347 λόγους
3248 2279 3513 2343 ξυνίθουί
3578 2273 3649 2329 Ὦ
3702 2278 3763 2331 τὸ
3801 2276 4048 2346 ptavi-.92;

2452 2376 2549 2428 τοῦ
2584 2373 2701 2444 βίου
2735 2375 2828 2427 καὶ
2853 2377 3082 2446 ἥσυχον,
3120 2374 3214 2425 καὶ
3250 2372 3388 2440 πρός
3435 2371 3534 2440 μὲν
3577 2370 3678 2440 τὴν
3720 2369 3855 2437 ὓλην
3904 2386 4047 2420 παν-

2454 2467 2691 2520 τάπασιν
2727 2467 2968 2531 ἀκλινὲς,
2993 2466 3131 2538 πρὸς
3162 2465 3387 2519 δὲιθεδν
3421 2464 3543 2534 ἔχον
3584 2464 3717 2525 αἰεὶ,
3760 2460 3935 2523 οὕτως
3988 2461 4046 2523 ἐξ

2457 2562 2631 2632 ἀρχῆς
2690 2561 2987 2630 ἀγαπήσας
3011 2575 3068 2613 τε
3102 2558 3197 2611 καὶ
3242 2556 3509 2626 ποθήσας,
3543 2555 3638 2607 καλ⁵
3667 2555 3807 2622 ὑπὲρ
3831 2554 4047 2615 πάντας

2458 2652 2870 2723 κατωρθωκὼς,
2911 2653 2987 2716 ὡς
3015 2653 3080 2707 ἄν
3109 2669 3195 2715 τις
3224 2650 3328 2716 ἔξω
3356 2648 3563 2720 σαρκὸς
3592 2650 3687 2701 καὶ
3710 2648 3918 2715 κόσμου
3949 2662 4014 2713 γε
4034 2674 4049 2685 -

2459 2762 2594 2814 γενη
2607 2744 2767 2814 μένος
2788 2745 2880 2797 καὶ
2909 2745 3046 2816 μόνῃ
3071 2742 3179 2808 ζῶν
3195 2744 3260 2812 τῇ
3288 2743 3436 2811 ψυχῇ
3470 2742 3483 2794 ί
3520 2737 3591 2794 Ὢ
3618 2740 3877 2792 τοσοῦτον
3901 2738 4047 2808 πρὸς

2458 2838 2663 2909 ἀρετὴν
2695 2835 2969 2908 ἐσχηκὼς,
3008 2835 3083 2899 ὡς
3121 2835 3250 2906 μήτ’
3285 2835 3345 2886 ὲν
3374 2833 3588 2903 νεότητι
3644 2832 3753 2884 τῶν
3804 2830 4055 2900 πρεσϐυ-

2460 2931 2659 2998 τέρων,
2682 2930 2777 2983 καὶ
2808 2929 3041 2980 πλεῖστα
3073 2929 3202 2998 περὶ
3254 2926 3462 2995 ταύτην
3509 2923 3802 2994 καμόντων
3848 2920 4053 2975 ἀπολε-

2457 3021 2698 3089 λεῖφθαι,
2732 3020 2871 3075 ἀλλὰ
2907 3019 3002 3073 καὶ
3034 3018 3220 3089 πολλῷ
3250 3019 3445 3085 τῳόντι
3507 3018 3650 3085 σφᾶς
3698 3014 4048 3085 παρελάσαι·

2466 3116 2591 3184 μήτ’
2616 3115 2700 3175 εἰς
2729 3113 2929 3177 αὐτοὺς
2957 3113 3185 3174 τούτους
3215 3112 3467 3177 τελέσας,
3506 3111 3739 3181 ὑφέσθαι
3790 3109 3885 3162 καὶ
3908 3111 4055 3175 6m;-

771 3200 903 3265 ires,
947 3201 1039 3253 sed
1089 3201 1249 3269 longo
1297 3204 1457 3273 plane
1500 3206 1719 3261 eosdem
1787 3207 2071 3262 intervallo
2126 3224 2359 3276 przevcr-

2463 3205 2557 3258 οῦν
2587 3205 2681 3258 τοῦ
2714 3204 3036 3275 θαυμαστοῦ
3078 3205 3232 3258 τοῦδε
3294 3204 3453 3257 τόνου
3517 3204 3613 3255 καὶ
3652 3200 3751 3265 τῆς
3800 3201 4052 3270 μεγαλης

771 3300 1083 3349 tereszncc
1142 3296 1230 3349 tibi
1264 3297 1456 3351 eadem
1509 3299 1625 3368 ipse
1695 3300 1747 3353 in
1805 3301 1983 3355 classe
2039 3300 2148 3367 jam
2208 3316 2354 3365 eras,

770 3386 1060 3455 quidquam
1128 3404 1450 3459 quocunque
1511 3393 1689 3456 modo,
1746 3393 1814 3448 de
1880 3394 2184 3448 incredibili
2250 3395 2353 3448 isto

775 3476 955 3545 rigore
1020 3489 1075 3532 et
1140 3480 1343 3549 ingenti
1418 3484 1768 3539 contentione
1830 3486 2174 3551 remitteres,
2245 3485 2354 3539 imo

774 3573 945 3640 magis
996 3575 1157 3625 etiam
1183 3589 1343 3641 quam
1377 3574 1619 3629 ﬂorentis
1658 3576 1925 3646 quispiam
1980 3578 2156 3632 aetatis
2193 3577 2349 3648 juve-

771 3663 867 3714 nili
900 3663 953 3714 in
988 3664 1070 3717 his
1100 3665 1295 3719 ardore
1330 3666 1639 3721 elaborares
1670 3668 1682 3721 !
1713 3668 1757 3722 0
1784 3670 1875 3739 qui
1905 3670 2137 3739 proinde
2167 3688 2192 3723 a
2228 3684 2351 3739 pec-

772 3763 895 3806 cato
926 3764 976 3807 te
1006 3754 1342 3823 abstinebas,
1377 3772 1539 3826 quam
1568 3761 1683 3829 ipsa
1716 3775 1837 3816 sese
1867 3762 2105 3816 abstinet
2138 3763 2346 3815 virtus!

773 3843 816 3896 0
846 3845 935 3914 qui
972 3845 1477 3902 laudatissimorum
1515 3850 1756 3905 virorum
1798 3852 2041 3905 omnium
2076 3852 2227 3906 solus
2263 3853 2350 3905 vi-

775 3953 870 3991 sus
898 3952 957 3991 es
997 3938 1301 4006 colophon!
1339 3941 1382 3996 0
1419 3942 1506 4010 qui
1555 3942 1797 3995 omnium
1850 3943 1904 3996 in
1965 3951 2111 3996 terra
2169 3942 2349 3996 viven-

776 4028 908 4081 tium
964 4028 1055 4081 Dei
1093 4032 1330 4085 maxime
1378 4030 1562 4086 laudes
1616 4032 1931 4098 celebrasti,
1983 4041 2036 4087 et
2089 4032 2350 4102 majorem

2466 3296 2794 3359 ὲνστάσεως,
2866 3295 3005 3348 ἀλλὰ
3045 3296 3140 3349 καὶ
3190 3294 3399 3356 παντὸς
3445 3293 3786 3361 ἀκμάζοντος
3845 3292 4052 3360 μᾶλλον

2466 3387 2605 3457 ἡῦᾷν
2632 3387 2699 3440 τὰ
2730 3386 2986 3440 τοιαῦτα.
3019 3382 3089 3438 '0
3114 3386 3315 3449 κακίας
3338 3384 3716 3455 ἀποσχόμενος
3742 3382 3940 3445 οὕτως,
3976 3386 4054 3446 (1-;

2465 3479 2670 3550 ταύτης
2719 3479 2939 3551 ἐκείνηί
3003 3474 3074 3531 Ὦ
3124 3479 3342 3532 πάντων
3406 3476 3819 3547 ἐπαινουμένων
3890 3477 4054 3543 μόνος

2466 3573 2766 3640 ἀναφανεὶς
2805 3569 3083 3639 κολοφὼνί
3114 3565 3184 3623 Ὦ
3225 3570 3463 3638 μάλιστα
3532 3569 3631 3637 μὲν
3685 3568 3909 3620 πάντων
3959 3568 4054 3619 ἐπὶ

2459 3665 2564 3734 γῆς
2624 3664 2855 3728 δοξάσας
2892 3663 3049 3729 Θεὸν,
3109 3662 3381 3731 μειζόνως
3434 3662 3491 3715 δὲ
3531 3660 3627 3714 ὑπ’
3679 3658 3843 3713 αὐτοῦ
3899 3658 4055 3720 εοεα-

2462 3755 2631 3820 σθεὶς,
2680 3754 2812 3823 τῷθ’
2847 3755 2990 3825 ὑπὲρ
3018 3754 3147 3817 τοὺς
3178 3753 3377 3816 ἄλλους
3421 3753 3663 3806 ἐνταῦθα
3690 3752 3789 3821 τῆς
3824 3754 4051 3820 χάριτος

2464 3846 2806 3908 ἀπολαῦσαι,
2833 3847 2929 3900 καὶ
2957 3846 3304 3917 πανταχόθεν
3331 3845 3624 3916 ἐσχηκέναι
3644 3842 4050 3912 θαυμάζεσθαι,

2468 3938 2543 4009 τῷ
2566 3956 2624 3991 τε
2652 3940 2754 4008 τῆς
2782 3938 2896 3993 ἄνω
2930 3939 3265 4009 κληρουχίας
3296 3938 3668 4008 διαφερόντως
3705 3937 3895 4005 λαχεῖν
3916 3953 3929 3965 ·
3956 3938 4051 3989 καὶ

2460 4031 2530 4083 τὰ
2559 4030 2751 4099 πρῶτα
2782 4032 2913 4101 παρ’
2945 4030 3095 4102 αὐτῷ
3129 4029 3485 4100 τετιμῆσθαι.

776 4125 1015 4179 vicissim
1049 4126 1102 4178 in
1144 4127 1361 4181 modum
1402 4144 1429 4181 a
1477 4129 1586 4184 Deo
1617 4129 1823 4184 honore
1847 4129 2070 4185 allectus
2105 4144 2189 4194 es,
2215 4140 2328 4184 tum
2368 4130 2511 4199 quod
2562 4130 2651 4183 hic
2681 4129 2803 4198 plus
2834 4127 2961 4183 aliis
2999 4128 3169 4197 gratia
3215 4128 3384 4196 ipsius
3410 4126 3680 4180 fruebaris
3720 4135 3779 4179 et
3812 4124 4053 4194 nudique

777 4234 884 4287 quo
938 4238 1262 4292 magnopere
1293 4227 1753 4281 commendareris
1812 4227 2073 4293 habebas,
2118 4236 2229 4282 tum
2270 4227 2412 4297 quod
2442 4226 2718 4281 caelestem
2752 4225 2897 4279 illam
2932 4224 3306 4279 hmreditatem
3344 4238 3483 4276 unus
3508 4222 3725 4292 egregie
3769 4234 4049 4283 creveras,

779 4328 943 4387 atque
972 4320 1243 4386 ριέεείριιο
1275 4324 1415 4389 apud
1447 4323 1611 4376 Deum
1650 4324 1939 4378 decoratus
1977 4339 2103 4378 eras
2148 4324 2377 4378 honore.

849 4410 1067 4465 CXXX.
1122 4411 1165 4465 0
1224 4415 1314 4481 qui
1368 4414 1660 4468 humanam
1715 4432 2102 4485 supergressus
2160 4427 2362 4471 sortem

782 4504 1145 4558 credebaris!
1182 4504 1311 4559 Sive
1364 4508 1562 4569 verius,
1606 4522 1639 4559 ο
1688 4511 1777 4575 qui
1829 4509 2100 4563 hominem
2161 4512 2365 4579 pariter

781 4606 833 4646 et
868 4595 1165 4660 superabas
1197 4604 1252 4648 et
1301 4597 1579 4651 ornabas!
1633 4600 1833 4666 quippe
1898 4599 1992 4666 qui
2045 4600 2361 4669 angelorum

784 4682 1002 4737 vivebas
1038 4685 1225 4748 vitam,
1255 4686 1354 4740 hos
1391 4702 1521 4740 vero
1569 4688 1713 4757 ipsos
1742 4704 1806 4743 eo
1873 4692 2154 4757 vincebas,
2215 4693 2359 4759 quod

2542 4413 2668 4467 ΡΝ.
2723 4410 2793 4465 Ὦ
2848 4414 3051 4482 μείζων
3106 4413 3139 4484 ἦ
3205 4410 3329 4465 κατ’
3387 4409 3677 4480 ἄνθρωπον
3742 4409 4051 4479 νομισθεὶς,

2466 4505 2667 4575 μᾶλλον
2703 4505 2780 4570 δὲ,
2823 4498 2868 4557 ὦ
2900 4504 2992 4558 τὸν
3035 4504 3133 4573 μὲν
3193 4503 3484 4571 ἄνθρωπον
3540 4500 3674 4568 ὁμοῦ
3714 4517 3771 4552 τε
3833 4498 4056 4568 παριὼν

2460 4599 2559 4652 καὶ
2595 4598 2885 4667 κοσμήσας
2939 4596 3014 4665 τῷ
3066 4597 3189 4647 κατ’
3244 4593 3511 4661 ἀγγέλους
3562 4592 3796 4661 βιῶναιῖ
3852 4593 4053 4653 αὐτοὺς

2457 4691 2511 4742 δὲ
2536 4689 2889 4757 τούτους,τῷ
2917 4687 3134 4756 μάλιστ’
3204 4686 3385 4739 αὐτῶν
3447 4684 3668 4748 δοξάσαι
3725 4684 3901 4736 Θεόν·
3960 4685 4058 4737 καὶ

786 4773 997 4826 illorum
1037 4777 1273 4831 maxime
1337 4777 1504 4831 Deum
1555 4779 1924 4845 collaudabas,
1984 4792 2039 4835 et
2087 4783 2358 4851 quondam

2469 4781 2637 4834 παλαι
2690 4782 2787 4850 μὲν
2845 4780 2937 4832 ἐπὶ
2971 4779 3074 4847 γῆς
3107 4778 3200 4830 καὶ
3231 4776 3324 4829 νῦν
3350 4777 3394 4829 δ’
3446 4778 3751 4845 οὖχήκιστα
3787 4776 3911 4846 μετ’
3950 4778 4051 4829 αὖ-

786 4867 839 4916 ἰιι
883 4866 1121 4918 terriset
1171 4882 1313 4921 nunc
1365 4869 1710 4936 putissimum
1763 4887 1868 4924 una
1930 4888 2053 4925 cum
2129 4873 2257 4942 ipsis
2307 4876 2358 4928 in

785 4957 960 5009 C(Blol
994 4957 1037 5011 0
1066 4959 1153 5025 qui
1177 4959 1537 5026 jucunditatis
1587 4962 1764 5016 omnis
1798 4963 1994 5016 nullam
2032 4965 2249 5032 penitus
2274 4983 2363 5019 ra-

786 5045 987 5097 tionem
1018 5046 1279 5111 ducebas,
1333 5048 1437 5101 nisi
1497 5065 1615 5116 quae
1652 5052 1716 5101 ad
1750 5050 2003 5105 virtutem
2055 5052 2256 5121 Deique
2286 5055 2365 5107 fa-

791 5136 1155 5191 miliaritatem
1180 5140 1431 5194 duceret!
1465 5140 1509 5195 0
1535 5140 1815 5197 Trinitatis
1844 5143 2126 5211 templum,
2152 5156 2204 5199 ct
2239 5164 2365 5218 pry-

792 5238 1011 5280 taneum
1039 5230 1342 5297 theologim,
1373 5242 1429 5287 ct
1479 5245 1791 5289 sanctorum
1850 5233 2159 5299 dogmatum
2201 5254 2365 5293 emc-

794 5318 1001 5371 tiSsima
1038 5322 1256 5373 norma!
1309 5323 1352 5377 Ο
1390 5325 1745 5379 disertissime
1778 5330 2092 5382 orationum
2119 5330 2367 5400 omnige-

800 5426 990 5462 IHI‘IIIII
1059 5412 1279 5474 uitifex,
1379 5432 1676 5485 earmnqne
1748 5435 1910 5485 super
1984 5422 2117 5473 alios
2185 5437 2372 5475 mnues

797 5504 996 5556 athleta
1049 5519 1518 5576 pr0pngnatorque
1567 5512 1863 5563 acerrime!
1902 5509 1945 5564 Ο
1975 5528 2128 5565 sacra
2160 5514 2365 5579 gratia-

800 5609 918 5647 rum
990 5595 1203 5661 thensa,
1266 5612 1316 5653 et
1354 5602 1674 5654 su:wis~ima
1742 5619 1951 5657 morum
2002 5605 2371 5668 concinnitas,

805 5688 1037 5741 maxime
1068 5691 1253 5744 eadem
1338 5701 1394 5746 et
1443 5694 1783 5750 admirabilis
1861 5706 1913 5750 et
1992 5697 2367 5753 iuimitahilis!

880 5869 924 5902 "
955 5872 1099 5928 l‘stn.
1138 5889 1249 5943 xu,
1289 5875 1365 5946 5;
1411 5878 1569 5933 ltom.
1606 5896 1659 5943 ιι,
1702 5878 1781 5934 I8.
1862 5879 1905 5909 “
1940 5878 1980 5933 ll
2023 5880 2146 5936 Cor.
2179 5896 2228 5935 ιι
2271 5879 2361 5935 ὲ8.

2468 4873 2574 4927 τῶν
2608 4873 2662 4925 ὲν
2692 4874 2802 4933 τοῖς
2856 4871 3127 4940 οὐρανοῖς.
3158 4865 3229 4920 Ὦ
3280 4869 3481 4928 παντὸς
3512 4867 3730 4936 ἡδίστου
3765 4867 3891 4935 μηδ’
3920 4869 4063 4919 ὁντι-

2471 4967 2596 5020 νοῦν
2656 4962 2990 5032 τοπαράπαν
3057 4962 3432 5029 ποιησάμενος
3493 4960 3675 5027 λόγον,
3730 4958 3873 5023 πλὴν
3935 4960 4061 5011 ὅσον

2471 5056 2551 5118 εἰς
2602 5054 2803 5124 ἀρετὴν
2832 5052 3102 5122 φέρεικαὶ
3133 5051 3268 5103 Θεοῦ
3332 5050 3619 5114 ξυναυλίαν
3659 5052 3679 5103 1.
3712 5045 3781 5101 Ὢ
3822 5050 4061 5120 Τριαδος

2474 5148 2650 5209 ἑστία,
2696 5146 2793 5199 καὶ
2847 5148 3179 5214 πρυτανεῖον
3233 5143 3543 5211 θεολογίας,
3609 5143 3704 5195 καὶ
3760 5144 4061 5211 δογμάτων

2472 5239 2731 5307 ἀκρῗὸεια
2761 5239 2773 5290 !
2804 5230 2876 5291 Ὦ
2896 5236 3260 5289 παντοδαπῶν
3303 5235 3479 5301 λόγων
3508 5235 3751 5304 τεχνίτα,
3807 5252 3905 5287 και
3942 5236 4067 5287 τοῦ-

2475 5347 2583 5381 των
2621 5328 2764 5400 ὑπὲρ
2826 5330 3036 5392 πάντας
3095 5328 3395 5394 ἀγωνιστᾶ,
3445 5327 3539 5379 καὶ
3610 5327 3761 5396 ἅρμα
3819 5328 4066 5396 χαρίτων

2477 5423 2575 5474 καὶ
2630 5422 2775 5492 ἠθῶν
2803 5423 3071 5487 εὐκοσμία
3104 5461 3119 5485 ,
3157 5420 3562 5489 θαυμαζομένη
3604 5420 3722 5488 μὲν,
3760 5419 4063 5486 ζηλοῦσθαι

2480 5512 2523 5564 δ’
2554 5514 2875 5581 ἁνέφικτοςί
2907 5508 2978 5564 Ὦ
3005 5512 3080 5582 μὴ
3140 5512 3301 5581 μόνον
3356 5530 3375 5563 ι
3422 5512 3650 5580 οὐρανὸς
3701 5511 4065 5579 ὃιηγοὺμενος

2481 5606 2581 5675 τὴν
2612 5606 2771 5671 δόξαν
2798 5605 2957 5667 Θεοῦ,
2993 5624 3011 5657 ι
3049 5604 3187 5657 ἀλλὰ
3232 5608 3328 5657 καὶ
3389 5605 3598 5666 πάντας
3656 5604 3793 5671 πρὸς
3827 5605 4066 5671 οὐρανὸν

2487 5699 2748 5769 μεθιστὰς
2779 5738 2793 5767 ,
2831 5698 2925 5754 καὶ
2953 5701 3074 5763 ταῖς
3116 5698 3459 5768 θαυμασταῖς
3481 5696 3787 5765 ὑποθήκαις
3818 5695 3929 5747 τῶν
3958 5695 4065 5747 σῶν
