4232 6432
177 448 276 514 349

1094 458 1486 522 LAUDATIO
1527 461 1590 525 S.
1620 462 1999 523 GREGORII
2041 459 2457 522 THEOLOGI.

3335 455 3440 519 350

175 565 368 632 λόγων,
415 564 574 627 θεοὺς
623 568 822 631 αὐτοὺς
875 570 1139 635 καθιστάς
1170 574 1184 628 i
1214 571 1285 628 '0
1374 575 1547 630 κακοῦ
1599 595 1745 640 τινος
1778 583 1814 638 Α

1851 576 1894 632 Ο
1950 592 2057 632 non
2126 576 2288 630 modo
2317 594 2334 626 ι
2371 573 2568 627 cmlum
2608 587 2871 628 enarrans
2938 571 3163 642 gloriam
3197 570 3291 625 Dei
3311 571 3378 633 ",
3417 591 3435 622 ι

176 656 388 726 κτῆσιν,
423 659 535 712 οὐδ’
589 661 647 711 ιν
679 662 981 734 αὐτονομίᾳ
1013 665 1123 720 τῶν
1168 666 1446 740 λογισμῶν
1479 671 1752 739 ἐσχηκὼςν

179 750 355 803 πάντα
397 751 452 803 δὲ
481 751 550 804 τὰ
575 754 842 809 κάλλιστα
869 758 966 810 καὶ
1029 762 1378 828 κτησάμενος
1427 764 1524 816 καὶ
1583 780 1754 833 μεγα-

175 839 421 906 λοψῦχως
476 844 592 905 τοῖς
642 843 819 907 ἄλλοις
875 852 1282 918 παρεσχηκώςε
1317 847 1386 904 Ὃ
1443 853 1584 906 κατὰ
1639 856 1750 908 πᾶν

175 933 200 981 ὃ
228 949 279 983 τι
309 931 378 984 ἃν
412 935 555 985 εἴποι
589 952 695 998 τις,
743 938 852 991 τῶν
891 939 1206 1008 βελτίστων,
1240 945 1497 998 τοσοῦτον
1541 946 1749 1015 ἐκλάμ-

175 1021 298 1086 ψας,
332 1021 410 1084 ὡς
441 1025 549 1076 ἀπὸ
577 1025 671 1077 σοῦ
711 1028 911 1095 μᾶλλον
945 1031 976 1101 ἢ
1006 1034 1243 1100 πρόσθεν
1274 1037 1428 1088 τουτὶ
1476 1038 1751 1107 κεκοσμῆ-

180 1111 323 1255 σθαὲ,
356 1116 451 1167 καὶ
484 1115 858 1188 ποθεινότερον
877 1125 1012 1175 πᾶσι
1037 1125 1177 1194 πρὸς
1208 1126 1270 1179 τὸ
1300 1128 1604 1198 κεχρῆσθαι
1659 1145 1751 1197 γε-

180 1203 266 1254 νέσ
308 1222 362 1255 αι
393 1208 406 1255 !

176 1203 406 1259 νέσθαιί

1861 672 1954 724 sed
1984 678 2037 724 et
2079 682 2269 722 omnes
2295 668 2360 720 ad
2391 667 2587 720 coelum
2626 664 2942 729 traducens,
2974 674 3028 717 et
3062 663 3260 718 divinis
3320 673 3442 716 tua-

1862 774 1980 813 rum
2047 759 2353 812 orationum
2404 758 2626 812 monitis
2691 756 2844 810 divos
2903 757 3048 824 ipsos
3103 757 3365 810 reddens!
3401 756 3445 806 0

1859 853 1951 921 qui
1988 851 2104 905 vitii
2137 851 2362 920 alicujus
2395 867 2551 904 usum
2576 850 2935 920 habitumque
2973 865 3040 903 ne
3072 850 3123 902 in
3161 848 3441 902 liberrimo

1857 944 2248 1014 cogitationum
2303 942 2530 996 arbitrio
2572 943 2830 1008 habebas,
2876 941 3079 1008 optima
3105 954 3235 993 vero
3257 941 3441 993 omnia

1855 1050 1909 1094 et
1937 1040 2050 1108 ipse
2091 1037 2430 1108 possidebas,
2461 1047 2512 1090 et
2559 1036 2848 1106 magniﬁce
2879 1034 3290 1101 liberaliterque
3316 1045 3439 1084 cum

1857 1129 1978 1182 aliis
2015 1128 2486 1183 comtnunicabas!
2517 1125 2560 1180 Ο
2593 1128 2684 1194 qui
2743 1127 3042 1180 secundum
3075 1123 3124 1178 id
3159 1135 3318 1177 omne
3357 1137 3445 1174 re-

1859 1235 1978 1274 rum
2011 1220 2361 1287 optirrarum,
2391 1218 2538 1287 quod
2586 1218 2856 1271 nominari
2888 1232 2914 1270 a
2950 1231 3219 1285 quoquam
3250 1213 3440 1280 possit,

177 1315 347 1368 usque
394 1304 530 1356 adeo
570 1306 1012 1374 ex5plendueras,
1048 1322 1106 1364 ut
1155 1313 1258 1367 hoc
1310 1314 1486 1382 ipsum
1561 1313 1680 1385 plus
1729 1312 1826 1369 abs
1883 1324 1957 1378 te,
2001 1329 2163 1382 quam
2213 1324 2368 1367 antea
2416 1311 2672 1376 habebat,
2717 1313 2992 1381 acceperit
3036 1307 3363 1373 ornamenti,
3391 1315 3445 1360 et

176 1391 430 1444 omnibus
458 1396 524 1446 ad
567 1411 724 1449 usum
757 1398 1169 1457 desiderabilius
1193 1405 1463 1459 evaserit!

243 1483 413 1538 PAA'.
456 1505 474 1536 ι
508 1482 577 1541 Ὦ
601 1489 819 1556 γλῶσσα
871 1495 1173 1563 πυρίπνους
1233 1499 1324 1550 καὶ
1376 1501 1551 1567 στόμα
1607 1502 1756 1569 μελι-

179 1579 399 1643 σταγὲς,
441 1598 456 1628 ι
497 1582 591 1631 καὶ
622 1581 822 1650 κιθάρα
849 1584 941 1638 τοῦ
972 1587 1306 1657 Πιδεύματος,
1349 1594 1414 1661 τῇ
1455 1592 1542 1644 διὰ
1570 1593 1760 1645 πασῶν

177 1669 440 1736 χαρίτων,
481 1670 555 1733 ὡς
588 1673 784 1739 εἰπεῖν,
823 1676 1080 1748 ἁρμονίᾳ,
1107 1681 1314 1744 πάντας
1353 1683 1489 1748 μετὰ
1516 1683 1606 1736 τοῦ
1649 1685 1756 1736 σὼο

179 1761 290 1822 ζειν
328 1760 475 1829 ἔχειν
503 1762 772 1830 κηλοῦσα.
802 1768 894 1820 καὶ
923 1771 1020 1833 τὰς
1046 1772 1222 1840 ψυχὰς
1258 1773 1472 1833 ἐνθέους
1528 1775 1758 1845 ὲργαζου

181 1853 316 1922 μένη
359 1855 456 1906 καὶ
501 1855 876 1926 βακχευούσας
929 1864 996 1915 τὰ
1033 1862 1248 1934 ἄρρητα
1280 1866 1292 1919 !
1323 1861 1394 1918 '0
1427 1867 1520 1919 καὶ
1550 1867 1756 1921 τούτων

177 1945 408 1996 ἕκαστον
432 1945 506 1997 ὢν
533 1949 654 2016 μεθ’
677 1951 1002 2022 ὑπερϐολῆς,
1043 1956 1136 2008 καὶ
1168 1959 1345 2012 πάντα
1372 1959 1536 2027 όμοῦι
1565 1957 1633 2012 Ὦ
1665 1963 1756 2013 καὶ

179 2036 452 2103 κρείττων
513 2040 768 2094 ἁπάντων
843 2046 935 2097 καὶ
989 2048 1214 2116 προσέτι
1295 2050 1515 2103 σαυτοῦ·
1585 2053 1764 2105 ἐκεῖνο

186 2127 313 2193 μὲν,
351 2122 431 2191 οἷς
457 2131 534 2200 (l)
572 2134 883 2203 ὑπερέχειςο
917 2137 1078 2192 τοῦτο
1107 2140 1184 2204 δὲ,
1215 2136 1296 2203 οἷς
1329 2146 1385 2194 ἐν
1419 2144 1632 2214 ἑκάστῳ
1656 2145 1764 2196 τῶν

182 2219 291 2270 σῶν
327 2225 529 2275 σαυτὸν
558 2225 732 2289 δοκεῖς
769 2229 1060 2299 ὑπερέχειν
1095 2233 1107 2284 ι
1146 2228 1216 2284 Ὦ
1266 2234 1485 2288 πάντων
1515 2235 1624 2288 τῶν
1671 2236 1764 2289 τοῦ

183 2311 508 2381 Πνεῦματος
542 2322 900 2387 χαρισμάτων
934 2326 1094 2392 μόνος
1124 2326 1451 2395 ἠξιωμένος,
1494 2329 1558 2382 ἄν
1585 2346 1641 2381 τε
1672 2331 1765 2382 καὶ

184 2405 348 2471 μόνος
403 2408 472 2459 τὰ
525 2409 679 2463 τοῦδε
733 2413 970 2480 μάλιστα
1032 2420 1251 2471 πέντων
1314 2419 1636 2490 ἐξητακὼς,
1671 2425 1766 2474 καὶ

190 2497 336 2563 μετὰ
367 2499 882 2581 τούτου,ταμέγιστ’
909 2508 1062 2577 αὐτῷ
1119 2513 1497 2582 συναράμενος
1535 2515 1629 2568 καὶ
1678 2532 1768 2567 κο-

185 2590 404 2658 σμήσας
426 2594 440 2646 1
471 2587 540 2648 Ὦ
559 2594 613 2646 τί
637 2595 703 2648 ἄν
729 2597 788 2649 σέ
818 2615 901 2661 τις
924 2601 1234 2668 προσειπὼν
1260 2603 1352 2656 τοῦ
1396 2607 1766 2675 προσήκοντος

183 2686 339 2753 τᾶχοι
363 2688 460 2740 καὶ
501 2682 578 2742 ὧν
609 2690 908 2761 ἀξιόχρεως
940 2689 1022 2749 sli
1068 2695 1129 2748 Ei
1161 2697 1271 2766 γάρ
1308 2715 1430 2749 τινα
1459 2699 1574 2751 τῶν
1632 2699 1768 2751 πάν-

185 2793 293 2827 των
350 2794 370 2825 ι
403 2778 613 2847 κόσμου
646 2781 824 2850 ψυχὴν
866 2802 884 2834 ι
912 2786 1019 2855 χρὴ
1054 2791 1403 2856 προσειπεῖν,
1462 2791 1556 2842 καὶ
1613 2809 1631 2840 ι
1676 2808 1769 2842 κε-

183 2869 418 2935 φάλαιον
456 2872 660 2940 ἀρετῆς
713 2875 807 2926 καὶ
849 2875 1009 2929 θεὶων
1059 2879 1460 2947 ἐπιταγμάτων
1524 2881 1770 2953 ἔμψυχον

184 2961 375 3013 δέλτον
414 2981 431 3012 ι
483 2966 578 3018 καὶ
636 2984 654 3016 ι
717 2967 885 3019 καλοῦ
945 2970 1146 3032 παντὸς
1199 2973 1531 3041 συστοιχίαν,
1590 2994 1608 3026 ι
1679 2975 1771 3028 καί

192 3071 208 3101 ι
235 3051 456 3121 φύσεως
483 3055 578 3123 τῆς
611 3056 956 3128 ἀνθρωπείας
982 3061 1167 3115 εἰιόνα
1185 3065 1277 3115 καὶ
1298 3063 1477 3132 ὃρον,›
1521 3068 1616 3120 καὶ
1637 3065 1774 3128 ὅλως

192 3165 211 3196 ι
249 3145 360 3198 τῶν
394 3149 534 3216 πρὸς
563 3150 711 3217 ἡμᾶς
753 3150 848 3203 τοῦ
894 3152 1031 3206 Θεοῦ
1081 3156 1343 3222 χαρίτων,
1374 3158 1637 3227 μεγίστην
1679 3160 1774 3211 καὶ

184 3240 690 3312 κοινωφελεστάτην
722 3244 1033 3316 φιλοτιμίαν
1053 3263 1066 3277 °
1095 3266 1113 3298 ι
1139 3250 1232 3302 καὶ
1257 3251 1364 3302 πᾶν
1387 3251 1416 3303 ὅ
1437 3268 1488 3304 τι
1511 3251 1772 3318 τοιοῦτον,

187 3331 350 3398 μόνος
384 3331 450 3384 ἄν
485 3349 575 3400 μοι
604 3333 766 3403 δοκῇς
809 3335 1033 3397 δικαίως
1063 3340 1220 3389 ταυτὶ
1257 3341 1674 3410 προσειρῆσθαι.

1934 1497 2170 1556 CXXXI.
2207 1516 2226 1549 ι
2254 1496 2298 1551 0
2325 1497 2504 1566 lingua
2531 1496 2834 1557 ﬂammans,
2855 1495 3121 1563 mellaque
3138 1493 3442 1563 osllymet-

1868 1594 1963 1657 tia,
2010 1611 2027 1644 ι
2059 1599 2112 1647 et
2146 1590 2355 1644 cithara
2395 1588 2631 1657 Spiritus
2672 1587 3446 1658 sancti,a:quabiliperomnes

1865 1685 2090 1753 gratias,
2119 1683 2274 1735 utsic
2300 1683 2601 1751 loquamur,
2635 1689 2927 1741 concentu,
2959 1694 3170 1744 omnes,
3191 1693 3294 1730 una
3321 1693 3444 1732 cum
3473 1695 3477 1700 δ

1867 1776 2117 1830 facultate
2167 1773 2438 1834 servandi.
2484 1773 2816 1837 demulcenq,
2871 1773 3190 1840 animasque
3245 1771 3432 1824 divino

1865 1867 2095 1920 Numine
2123 1867 2433 1928 instinctas,
2482 1874 2534 1918 et
2594 1863 2974 1917 inenarrabilia
3024 1865 3267 1932 quaedam
3320 1861 3446 1915 bar--

1864 1959 2112 2021 chantes,
2147 1957 2426 2012 efﬁciens!
2456 1957 2500 2012 Ο
2525 1958 2616 2029 qui
2644 1968 2700 2012 et
2735 1957 2944 2025 singula
2974 1958 3172 2022 haacce,
3203 1967 3255 2009 et
3287 1957 3446 2023 plane

1867 2068 1988 2107 cum
2023 2051 2393 2120 superlatione
2419 2066 2498 2116 es,
2528 2062 2581 2106 et
2609 2051 2770 2104 simul
2798 2051 2977 2104 omnia
3002 2053 3013 2104 !
3042 2050 3087 2105 0
3119 2061 3170 2106 et
3203 2049 3443 2104 omnium

1865 2156 1918 2201 ct
1943 2146 2024 2199 tui
2057 2156 2321 2215 praeterea
2373 2145 2546 2213 ipsius
2596 2146 2794 2198 victor:
2832 2145 2960 2198 illud
2993 2147 3112 2197 ideo
3180 2143 3324 2211 quod
3362 2156 3447 2193 re-

1869 2255 1992 2294 vera
2057 2238 2311 2293 omnibus
2364 2246 2636 2308 prestas,
2693 2239 2796 2293 hoc
2837 2249 3016 2292 autem
3072 2238 3326 2306 quoniam
3392 2236 3444 2288 in

1869 2345 2193 2399 unaquaque
2234 2344 2291 2383 re
2335 2341 2424 2383 tua
2482 2332 2827 2401 temetipsum
2879 2345 3138 2400 superare
3192 2328 3441 2383 videris!

1867 2422 1912 2477 Ο
1939 2424 2030 2492 qui
2064 2424 2210 2478 solus
2241 2424 2498 2478 omnibus
2533 2423 2766 2489 Spiritus
2792 2423 2965 2476 sancti
2993 2420 3313 2475 muneribus
3342 2419 3446 2472 do.

1871 2527 2016 2571 tatus
2064 2533 2227 2579 eras,
2279 2519 2476 2587 quippe
2538 2517 2686 2572 solus
2743 2517 2868 2570 item
2910 2515 3146 2568 maxime
3203 2514 3447 2567 omnium

1873 2620 2121 2662 naturam
2160 2610 2302 2663 illius
2336 2619 2737 2678 perscrutatus,
2774 2617 2828 2661 et
2880 2608 2969 2676 qui
3000 2620 3101 2674 ope
3141 2605 3286 2659 illius
3327 2621 3445 2658 ma-

1872 2703 2072 2756 ximam
2103 2701 2174 2754 illi
2217 2716 2401 2770 operu,
2433 2715 2681 2769 operam,
2713 2709 2992 2756 ornatum.
3041 2696 3321 2752 contulisti
3350 2696 3362 2746 l
3405 2694 3448 2748 0

1872 2807 2107 2862 quOnam
2160 2801 2209 2846 te
2241 2792 2576 2859 compellans
2606 2790 2848 2852 nomine,
2882 2788 3016 2843 satis
3051 2788 3361 2856 appositum
3394 2796 3452 2841 et

1875 2897 1926 2941 te
1948 2887 2191 2951 dignum,
2219 2886 2504 2954 quisquam
2540 2883 2782 2952 reperire
2814 2883 2983 2950 possit
3020 2881 3133 2949 (21)
3164 2881 3176 2932 l
3221 2882 3274 2934 Si
3304 2881 3447 2934 enim

1876 2973 2109 3042 aliquem
2145 2973 2458 3028 mortalium
2490 2973 2732 3026 omnium
2763 2990 2781 3023 ι
2804 2972 3041 3025 animam
3073 2970 3285 3030 mundi,
3309 2988 3328 3021 ι
3367 2968 3450 3023 Ias

1879 3067 2185 3136 appellare;
2240 3065 2284 3120 si
2318 3081 2475 3134 quem
2505 3084 2523 3116 ι
2565 3074 2729 3130 caput
2770 3064 3010 3129 virtutis,
3044 3072 3099 3118 et
3142 3062 3449 3115 divinorum

1877 3167 2268 3228 praceptorum
2287 3160 2582 3212 animatum
2603 3159 2878 3222 codicem;
2910 3176 2929 3209 ι
2957 3156 3002 3211 si
3027 3171 3184 3225 quem
3215 3174 3233 3206 ι
3255 3154 3448 3222 conju-

1877 3263 2055 3322 gatam
2087 3251 2296 3318 pulchri
2324 3251 2501 3305 omnis
2526 3252 2759 3316 seriem;
2796 3269 2814 3302 ι
2840 3251 2886 3304 si
2905 3264 3064 3318 quem
3089 3266 3108 3300 ι
3135 3260 3449 3318 expressam

1802 3357 1846 3416 ο
1881 3357 2086 3399 natura?
2120 3347 2373 3398 humana:
2404 3345 2693 3413 imaginem
2731 3354 2787 3397 et
2814 3345 3139 3408 terminum;
3191 3344 3256 3394 ad
3294 3356 3449 3395 sum-

184 3437 352 3484 mam,
371 3426 421 3476 si
448 3439 609 3493 quem
637 3444 655 3476 ι
685 3427 989 3481 divinorum
1014 3445 1138 3498 erga
1165 3446 1266 3486 nos
1292 3433 1673 3489 beneﬁciorum
1702 3436 2018 3504 maximam,
2046 3449 2099 3493 et
2124 3439 2338 3508 publico
2363 3441 2647 3493 commodo
2672 3454 2878 3501 summe
2914 3434 3305 3493 conducibilem
3335 3449 3452 3487 ma-

185 3515 581 3584 gniﬁcentiam,
611 3539 630 3572 ι
661 3533 714 3576 et
741 3523 1003 3592 quidquid
1035 3527 1344 3593 hujusmodi
1369 3529 1664 3598 elogiorum
1696 3542 1802 3596 est,
1827 3534 1892 3587 iis
1925 3534 2057 3588 solis
2082 3534 2205 3603 jure
2233 3544 2289 3589 et
2320 3535 2515 3588 merito
2552 3543 2607 3588 tu
2647 3534 2777 3587 mihi
2801 3533 3146 3588 cohonestari
3187 3531 3450 3589 videaris.

257 3611 435 3664 PAB'.
473 3615 636 3680 ’Δλλ’,
677 3610 723 3670 ὦ
751 3618 840 3671 διὰ
857 3619 1083 3674 πάντων
1118 3623 1364 3692 βέλτιστε
1390 3628 1638 3694 πάντων,
1677 3631 1772 3682 καὶ

187 3703 288 3768 τῆς
331 3703 666 3773 ὑπερουσίου
689 3712 784 3763 καὶ
815 3713 1110 3783 μοναδικῆς
1140 3716 1370 3787 Τριάδος
1412 3719 1604 3789 γνήσιε
1637 3739 1772 3792 πρε“

190 3796 426 3859 σὸευτὰ,
457 3800 526 3850 τὰ
566 3801 665 3868 μὲν
693 3804 827 3871 παρ’
849 3806 989 3874 ἐμοῦ
1022 3824 1104 3859 σοι
1122 3809 1372 3877 τοιαῦτα,
1404 3812 1606 3880 μᾶλλον
1629 3813 1684 3864 δὲ
1705 3814 1772 3867 τὰ

192 3890 258 3942 σὰ
285 3892 387 3944 καὶ
422 3886 500 3944 ὦν
552 3895 716 3957 αὐτὸς
754 3892 803 3947 εἴ
831 3901 1067 3969 χορηγός
1092 3901 1103 3954 !
1133 3895 1214 3964 οἷς
1238 3903 1346 3974 γὰρ
1388 3905 1448 3956 οὐ
1499 3905 1659 3975 μόνον
1706 3906 1769 3958 ὲκ

189 3981 301 4033 τῶν
336 3983 450 4035 σῶν
481 3985 784 4053 ὲνδοσίμων
814 4007 872 4042 τε
906 3995 1000 4045 καὶ
1046 3995 1313 4064 χαρίτων,
1361 3995 1496 4067 πρὸς
1553 3997 1654 4063 τὴν
1689 3998 1774 4063 ἐγ-

191 4073 446 4143 χείρησιν
485 4075 658 4142 ἡδέως
689 4074 749 4132 εὖ
783 4081 929 4149 μάλα
959 4086 1252 4155 κατέστην,
1287 4079 1365 4141 ὧν
1412 4086 1648 4157 πρόσθεν
1678 4104 1776 4139 κα-

191 4167 379 4231 θάπαξ
414 4167 732 4234 ἀπώκνουν.
756 4173 834 4244 τῷ
900 4177 1120 4244 μεγέθει
1158 4178 1252 4232 τοῦ
1305 4181 1631 4250 πράγματος
1686 4180 1777 4231 ὲκ-

196 4259 599 4327 πὶηττόμενος,
646 4265 784 4318 ἀλλὰ
827 4270 921 4321 καὶ
956 4270 1096 4337 μετὰ
1148 4273 1248 4342 τὴν
1301 4274 1645 4342 ἐγχείρησιν,
1688 4277 1774 4344 ἐφ’

194 4351 337 4404 οὕτω
373 4369 462 4405 τοι
517 4354 687 4423 τύχης
732 4359 884 4422 ἰόντι,
922 4361 996 4425 ὠς
1019 4364 1154 4432 πρὸς
1185 4365 1370 4429 αὐτοῖς
1424 4369 1613 4437 σχεδὸν
1672 4371 1771 4440 ήδη

194 4446 489 4509 γεγονέναι
521 4450 634 4509 τοῖς
669 4450 943 4516 ἐπιλόγοις
975 4454 1068 4504 τοῦ
1094 4455 1211 4522 βίου
1264 4457 1343 4527 τῷ
1401 4462 1645 4529 περιόντι
1677 4464 1744 4530 τῆ

198 4540 384 4598 νίσου,
425 4543 523 4593 καὶ
558 4543 783 4608 μονονοὺ
816 4543 915 4613 τὴν
961 4545 1225 4617 τελευτὴν
1277 4553 1575 4621 προσορᾷν,
1614 4571 1778 4605 παιαο

201 4629 348 4680 νικὸν
374 4629 546 4694 εὐθὺς
580 4633 811 4700 γέγονας
861 4637 1015 4699 ἄκος,
1058 4640 1151 4690 καὶ
1191 4640 1250 4691 οὐ
1288 4643 1560 4708 περιεῖδες
1591 4645 1781 4714 δεόμε-

199 4738 306 4782 νον,
357 4723 416 4786 ἐξ
444 4723 553 4791 ἄρα
585 4725 792 4778 τούτων
827 4729 1239 4797 ἀποφαίνεσθαι
1265 4732 1442 4797 δίδως,
1476 4735 1550 4794 ὡς
1583 4736 1618 4788 ἆ
1649 4739 1778 4807 παρ’

199 4811 333 4875 ἐμοῦ
360 4813 444 4883 τῷ
470 4814 649 4867 δοκεῖν
674 4818 774 4888 ἤδη
806 4820 1127 4887 λαμϐάνεις,
1154 4826 1306 4893 παρὰ
1334 4825 1531 4879 σαυτοῦ
1587 4829 1779 4891 τῳόντι

201 4904 548 4972 λαμϐάνεις-
613 4911 704 4960 καὶ
755 4903 830 4962 ὧν
885 4913 1032 4982 ἡμᾶς
1073 4910 1130 4966 εὖ
1184 4919 1517 4984 πεποίηκας,
1573 4935 1778 4970 τουτων

203 4998 327 5056 τοὺς
358 5000 616 5068 καρποὺς
647 5003 928 5074 ἀποφὲρῃ·
963 5008 988 5056 ὁ
1020 5006 1182 5068 αὐτὸς
1204 5005 1442 5078 γεγονὼς
1475 5009 1568 5060 τοῦ
1621 5009 1780 5075 λόγου

203 5092 298 5142 καὶ
326 5091 640 5161 βραϐευτὴς
659 5099 751 5147 καὶ
778 5099 1184 5170 συναγωνιστὴς
1220 5100 1314 5152 καὶ
1338 5101 1604 5169 τεχνίτης.
1637 5100 1781 5155 Εἶεν·

202 5183 343 5235 οὕτω
362 5187 518 5253 παρὰ
549 5188 749 5240 σαυτοῦ
787 5190 937 5243 ταῦτ’
965 5193 1108 5260 ἔχεις
1135 5193 1338 5247 λαϐὼν.

1753 4480 1856 4562 ‘0

1948 3629 2206 3685 CXXXII.
2229 3629 2307 3684 Tu
2325 3646 2474 3696 vero,
2493 3647 2526 3685 o
2545 3632 2786 3685 omnium
2808 3632 2861 3684 in
2880 3631 3131 3684 omnibus
3149 3631 3352 3698 optime
3369 3629 3453 3682 vir

1874 3731 1932 3778 et
1955 3724 2190 3777 essentia
2215 3724 2361 3776 omni
2394 3722 2714 3792 superioris,
2737 3722 3005 3790 planeque
3037 3719 3424 3787 singularis,di

1876 3815 2012 3866 vina:
2043 3813 2325 3867 Trinitatis
2350 3825 2608 3882 germane
2641 3813 2902 3866 sacerdos
2919 3822 3084 3879 atque
3104 3811 3445 3878 praedicator,

1874 3921 1994 3974 qua
2026 3922 2054 3956 a
2084 3921 2170 3958 me
2195 3906 2263 3959 ad
2297 3918 2493 3958 nomen
2521 3913 2668 3956 tuum
2693 3904 2997 3957 ornandum
3031 3900 3267 3955 conferri
3302 3913 3447 3969 pote-

1877 4010 2018 4065 rant,
2058 4003 2172 4054 hmc
2205 4008 2261 4053 et
2290 3997 2666 4066 hujuscemodi
2703 4002 2853 4059 sunt,
2886 4003 2981 4048 aut
3037 3995 3216 4048 verius
3246 4001 3335 4045 tua
3393 4002 3449 4045 et

1877 4093 1974 4145 abs
2007 4103 2058 4143 te
2091 4093 2208 4160 ipso
2241 4089 2397 4142 nobis
2434 4088 2740 4155 impertita.
2781 4086 3011 4152 Quando
3039 4086 3185 4139 enim
3218 4100 3322 4138 non
3355 4099 3452 4138 so-

1877 4185 1986 4238 lum
2019 4191 2109 4236 tuo
2139 4183 2398 4236 instinctu
2430 4181 2762 4248 monituque,
2791 4189 2990 4248 tuaque
3028 4176 3452 4231 adminiculante

1882 4279 2076 4347 gratia,
2113 4277 2180 4332 ad
2210 4275 2311 4329 hoc
2341 4275 2638 4345 negotium,
2669 4288 2696 4324 a
2729 4287 2837 4342 quo
2869 4280 3050 4335 antea,
3077 4272 3450 4340 magnitudine

1881 4370 2029 4424 illius
2066 4368 2379 4431 deterritus,
2415 4365 2765 4419 vehementer
2817 4363 3203 4427 abhorrebam,
3239 4376 3449 4415 sunnna

1884 4463 2049 4516 animi
2080 4462 2359 4516 alacritate
2392 4475 2681 4529 aggressus
2711 4473 2854 4522 sum,
2887 4457 2982 4511 sed
3017 4456 3106 4509 illo
3134 4459 3298 4508 etiam
3329 4469 3450 4506 sus-

1880 4565 2064 4624 cepto,
2095 4569 2215 4608 cum
2272 4554 2322 4606 in
2359 4568 2478 4606 eam
2507 4551 2774 4606 venissem
2807 4551 3101 4609 fortunam,
3127 4557 3182 4598 ιιι
3216 4547 3450 4599 maxima

1881 4647 2053 4699 morbi
2085 4646 2134 4698 vi
2164 4646 2231 4696 ad
2272 4645 2444 4711 ipsam
2476 4643 2594 4696 fere
2634 4643 2756 4695 vita:
2779 4639 3189 4693 conclusionem
3218 4638 3452 4688 adducto

1877 4753 2119 4809 praesens
2153 4746 2360 4789 tantum
2397 4750 2499 4788 non
2524 4745 2648 4787 ante
2679 4736 2868 4786 oculos
2919 4732 3084 4783 fatum
3122 4737 3451 4786 versaretur,

1878 4834 1968 4886 hic
2002 4842 2053 4883 tu
2086 4828 2383 4898 paeanicum
2437 4840 2491 4880 et
2540 4827 2782 4878 salutare
2839 4822 3136 4877 remedium
3191 4819 3455 4871 continuo

1887 4927 2174 4984 fuist|,nec
2197 4935 2352 4988 opem
2385 4928 2528 4972 tuam
2564 4917 2893 4987 ﬂagitantem
2924 4925 3242 4982 aspernatus
3268 4929 3346 4966 es.
3379 4914 3454 4966 lia

1889 5018 2049 5085 igitur
2076 5031 2132 5067 re
2161 5011 2463 5066 aﬂirmandi
2506 5011 2659 5063 nobis
2693 5025 2908 5062 causam
2938 5010 3165 5076 pr-mbes,
3187 5008 3317 5070 hanc,
3337 5022 3455 5073 quae

1893 5118 2054 5164 nunc,
2091 5110 2150 5152 ut
2185 5100 2414 5161 videtur,
2452 5113 2478 5150 a
2518 5113 2604 5150 me
2633 5097 2853 5163 accipis,
2890 5111 3016 5149 vere
3040 5104 3092 5148 te
3129 5097 3227 5148 abs
3262 5104 3455 5147 temet-

1894 5194 2008 5262 ipso
2036 5191 2305 5258 accipere,
2331 5199 2383 5242 et
2411 5189 2589 5241 collati
2620 5189 2670 5240 in
2721 5203 2818 5241 nos
2862 5185 3106 5240 beneﬁcii
3140 5187 3301 5238 hosce
3332 5198 3453 5251 per-

207 5280 387 5344 t"ipim?
436 5279 668 5342 fructus,
712 5285 927 5350 quando
989 5285 1127 5339 idem
1163 5290 1425 5341 orationis
1471 5290 1652 5343 editor
1691 5303 1753 5341 ac
1793 5287 2156 5347 munerarius,
2192 5283 2331 5338 idem
2365 5283 2578 5350 adjutor
2631 5292 2794 5350 atque
2873 5279 3206 5333 architectus
3289 5277 3456 5339 fuisti,

207 5387 338 5423 sane
371 5387 507 5423 vero
542 5374 613 5426 ita
656 5376 898 5441 profecto
945 5380 1042 5432 ahs
1090 5390 1140 5433 te
1178 5381 1296 5449 ipso
1334 5386 1447 5437 INBC
1501 5385 1666 5438 habes
1699 5392 1944 5452 accepta.

275 5470 452 5523 PAF'.
520 5471 678 5521 Δυοίν
722 5471 779 5522 δὲ
825 5472 995 5525 ὄντων
1041 5475 1294 5528 πλείστου
1327 5477 1494 5541 ἀξίων
1521 5482 1613 5530 καὶ
1651 5481 1789 5531 πάνυ

209 5562 590 5631 διασερόντων
633 5565 765 5630 ἡμῖν
794 5565 869 5626 ὡς
900 5566 958 5617 τὸ
989 5567 1097 5619 πᾶν
1127 5569 1478 5638 συνεχόντων,
1511 5571 1791 5634 εὐσεϐείας

209 5654 352 5720 λέγω
382 5656 483 5707 καὶ
530 5655 834 5724 βασιλείας,
872 5657 947 5726 μὴ
970 5657 1238 5724 διαλίποις
1272 5663 1368 5732 τὴν
1399 5663 1519 5732 μὲν,
1551 5664 1785 5732 ἀκλονη·

284 5821 328 5853 θ’
364 5821 512 5876 Psal.
547 5838 658 5886 ιιι,
688 5821 746 5876 ‘2.

289 5940 362 6001 (ll
403 5940 486 5992 An
524 5937 880 5998 repetendum
908 5936 1195 5997 ἅπανταζῖ

1959 5473 2243 5531 CXXXIII.
2275 5473 2542 5528 Caeterum
2563 5490 2684 5526 cum
2706 5476 2821 5526 dure
2838 5474 3079 5539 quaedam
3101 5472 3316 5524 maximi
3342 5483 3457 5521 mo-

1894 5579 2081 5629 menti,
2111 5577 2163 5621 ct
2194 5567 2258 5618 ad
2289 5581 2384 5620 nos
2412 5581 2573 5634 quam
2603 5565 2835 5617 maxime
2884 5565 3237 5631 pertinentes,
3269 5569 3458 5629 utpote

1891 5673 2088 5717 caatcra
2114 5661 2291 5714 omnia
2310 5660 2361 5712 in
2379 5676 2436 5713 se
2452 5659 2764 5727 complexm,
2783 5672 2867 5712 res
2885 5665 3027 5718 sunt,
3050 5672 3175 5710 vera
3197 5653 3450 5708 nimirum

1969 5936 2077 5997 (till
2107 5935 2181 5990 Ex
2220 5934 2495 5990 llcmosth.
2529 5933 2598 5989 De
2629 5950 2840 5996 corona,
2875 5933 2926 5988 8.
