4232 6432
750 416 845 476 351

1991 408 2388 471 TIIEODULI
2432 408 2777 467 MONACHI

3916 399 4021 467 352

752 532 924 598 pietas
960 537 1014 583 et
1046 528 1353 597 imperium:
1392 541 1460 581 ne
1489 538 1727 595 unquam
1754 524 2331 591 intermittas,qu:e50,
2364 564 2371 579 ι

2439 539 2529 574 τον
2568 523 2882 575 παντάπασι
2921 520 3109 590 τηρῶν
3169 520 3343 582 ἐσαεὶ,
3397 519 3491 572 καὶ
3547 518 3727 587 πάσης
3772 518 4025 586 ἡστινοσ-

751 637 871 673 rum
914 621 1166 689 pietatem
1207 628 1594 690 usquequaque
1624 619 2005 672 inconcussam
2051 617 2101 669 in
2151 628 2323 670 aitvum

750 724 931 772 omne,
967 719 1020 761 et
1052 708 1317 763 adversus
1361 709 1596 764 haereses
1627 724 1817 763 omnes
1851 709 2131 771 invictam,
2192 720 2330 772 prte-

753 812 919 862 stare,
942 802 1027 855 cui
1049 802 1173 854 clum
1196 803 1300 855 vita
1327 812 1591 863 maneret,
1613 818 1754 871 sarpe
1777 815 2014 870 praeeras
2038 810 2129 853 aut
2150 799 2331 869 p0tius

750 903 1015 962 perpetuo
1052 909 1312 961 przeeras,
1348 909 1664 963 quanquam
1728 892 2002 961 lapidibus
2056 891 2328 959 appetitus

752 996 806 1039 et
837 1003 1147 1055 percussus,
1179 1000 1232 1041 et
1262 990 1328 1041 de
1356 990 1536 1041 anima
1566 990 1678 1057 ipsa
1727 988 2045 1058 planissime
2079 1002 2329 1051 currens,

751 1089 805 1132 et
841 1078 939 1132 hoc
978 1080 1095 1148 ipso
1128 1092 1372 1150 tempore
1401 1080 1486 1135 vel
1527 1082 1764 1137 maxime
1821 1083 2012 1145 tueris,
2065 1082 2328 1136 nimirum

751 1172 1058 1225 admirabili
1091 1174 1190 1226 ista
1224 1183 1278 1227 et
1305 1174 1724 1228 instructissima
1750 1176 2079 1243 scriptorum
2117 1185 2328 1228 tuormn

752 1276 1026 1319 armatura
1057 1268 1472 1320 communitam:
1512 1276 1623 1319 tttttt
1676 1267 1902 1337 legitimi
1953 1268 2078 1320 item
2111 1276 2164 1321 ct
2222 1268 2332 1322 Deo

752 1357 1057 1411 charissimi
1092 1359 1304 1425 imperii
1340 1367 1558 1425 sceptra
1613 1358 1902 1425 complecti
1940 1368 2108 1428 atque
2142 1374 2331 1413 corro-

755 1451 983 1513 borare;
1011 1466 1111 1503 neu
1136 1452 1421 1517 permittas
1442 1453 1737 1520 quidquam
1760 1451 2121 1506 infaustarum
2150 1468 2328 1507 rerum

759 1543 884 1595 illud
922 1543 1250 1613 persultare,
1290 1545 1383 1598 sed
1420 1554 1477 1598 ut
1505 1546 1904 1599 secundissima
1940 1546 2013 1600 illi
2046 1547 2330 1617 provideas

749 1637 957 1700 Omnia,
996 1650 1104 1701 quo
1135 1634 1367 1691 Romani
1403 1651 1593 1691 omnes
1620 1649 1675 1692 et
1712 1638 2087 1692 Romanorum
2124 1640 2331 1709 princi-

751 1741 909 1795 patus
941 1738 1139 1783 terram
1172 1742 1429 1784 cunctam
1486 1732 1538 1784 in
1578 1747 1734 1785 suam
1793 1742 2122 1799 patestatem
2160 1742 2325 1802 atque

751 1822 1010 1877 ditionem
1044 1824 1291 1891 redigant
1320 1840 1333 1889 ;
1369 1833 1562 1877 contra
1594 1824 1779 1877 hostes
1832 1825 2099 1889 universi,
2133 1827 2329 1893 partim

750 1917 922 1971 armis
977 1914 1227 1985 ahjectis,
1259 1930 1380 1969 cum
1413 1916 1480 1969 iis
1509 1916 1829 1984 jungantur,
1866 1927 1917 1972 et
1946 1918 2000 1972 in
2028 1917 2328 1973 amicorum
2365 1931 2371 1936 '

751 2022 1040 2061 numerum
1081 2006 1326 2072 veniant,
1361 2007 1645 2077 mquisque
1676 2008 2023 2074 paciscantur
2057 2011 2330 2065 c0nditiu-

753 2102 932 2160 nibus.
954 2104 1155 2170 partim
1178 2101 1293 2155 suis
1323 2101 1572 2170 ingratiis
1599 2101 1891 2171 vectigales
1920 2102 2184 2158 Romanis
2212 2104 2331 2158 ﬁeri

750 2203 804 2245 et
832 2193 1048 2247 solitam
1082 2193 1290 2248 servire
1320 2194 1641 2247 servitutem
1677 2201 1964 2261 cogantur,
2000 2192 2155 2247 itaut
2187 2202 2334 2248 totus

751 2286 876 2339 inde
917 2295 1185 2342 terrarum
1227 2286 1397 2347 orbis,
1433 2301 1535 2354 qua
1565 2286 1880 2340 habitabilis
1905 2295 2012 2349 est,
2048 2298 2107 2340 ut
2131 2287 2334 2341 dixerit

750 2379 1043 2449 rprispiam,
1078 2379 1229 2433 orbis
1258 2379 1430 2448 pacis,
1462 2387 1517 2432 et
1552 2378 1834 2445 plenitudo
1878 2380 2034 2446 probi
2071 2381 2330 2435 honestio

749 2489 855 2543 que
893 2473 1085 2536 moris,
1119 2483 1171 2527 et
1203 2475 1364 2526 unius
1416 2471 1772 2541 ejusdemque
1809 2470 1978 2525 animi
2016 2473 2169 2539 regio
2208 2472 2326 2529 ﬁat.

2434 613 2527 668 οὖν
2551 614 2818 684 αἱρέσεως
2846 615 3150 683 ἀνωτὲραν,
3181 609 3248 684 ἦς
3269 612 3367 665 καὶ
3394 610 3599 679 περιὼν
3633 611 3709 663 ἔτι
3738 610 4024 681 προῦστης

2438 711 2723 774 πολλάκις,
2748 709 2952 779 μᾶλλον
2969 711 3013 763 δ’
3037 710 3273 763 εἰσάπαν
3296 708 3620 778 προῖστασο,
3643 704 4027 758 λιοολευστοὺ-

2439 806 2597 874 μενός
2630 821 2688 856 τε
2720 806 2811 857 καὶ
2844 803 2935 856 τὸν
2980 805 3109 872 περὶ
3135 802 3313 872 ψυχῆς
3350 801 3584 870 μάλιστα
3616 800 3775 862 Θέων,
3813 800 3908 850 καὶ
3929 798 4023 848 νῦν

2435 902 2735 971 οὺχὴκιστα
2764 900 3051 969 περιέπεις
3074 901 3139 967 τῇ
3173 897 3463 966 Θαυμαστῇ
3499 894 3885 965 φραττομένην
3920 908 4025 943 πα,

2435 990 2631 1059 νοπλία
2666 992 2774 1042 τῶν
2808 989 3005 1057 λόγων
3031 989 3132 1057 τῆς
3160 987 3437 1057 δὲὲννὸμου
3482 989 3577 1038 καὶ
3606 982 3889 1052 Θεοφιλοῦς
3916 983 4016 1051 βα-

2438 1084 2646 1146 σιλείας
2700 1084 2769 1137 τὰ
2801 1082 3060 1153 σκῆπτρα
3086 1082 3336 1151 κατέχων
3364 1097 3422 1132 τε
3447 1078 3539 1132 καὶ
3569 1076 3895 1147 κρατύνων
3927 1075 4025 1127 καὶ

2435 1180 2534 1232 οὐκ
2562 1179 2666 1231 ὲιὶν
2691 1177 2845 1230 οὐδὲν
2876 1176 3058 1230 ὁτιοῦν
3084 1174 3193 1228 τῶν
3219 1173 3611 1243 ἀπειρημένων
3641 1170 3784 1224 κατᾶ
3815 1168 4024 1234 ταύτης

2436 1269 2710 1338 χωρῆσαι,
2738 1268 2874 1320 ἀλλὰ
2902 1268 3081 1322 πάντα
3102 1266 3170 1320 τὰ
3199 1264 3454 1335 βέλτιστα
3491 1262 3723 1331 ταυτησὶ
3753 1259 4021 1329 προνοῶν,

2435 1362 2550 1431 ἐφῷ
2584 1362 2795 1419 πάντας
2824 1359 2925 1430 μὲν
2966 1358 3279 1428 Ῥωμαίους
3304 1358 3402 1410 καὶ
3452 1354 3553 1425 τὴν
3603 1351 3893 1421 Ῥωμαίων
3923 1352 4026 1419 ἀρ·

2437 1456 2537 1525 χὴν
2589 1455 2686 1521 τὴς
2734 1452 3041 1524 ἑκασταχοῦ
3090 1454 3193 1522 γῆς
3223 1450 3477 1518 ’,ενέσθαι
3504 1448 3725 1518 κυρίους
3754 1463 3768 1478 ο
3815 1446 4025 1506 πάντας

2435 1548 2492 1601 δὲ
2521 1548 2838 1617 πολεμίους,
2880 1550 3006 1609 τοὺς
3034 1546 3133 1614 μὲν
3192 1544 3257 1597 τὰ
3287 1543 3427 1597 ὅπλα
3461 1543 3746 1614 ῥίψαντας,
3785 1540 4027 1591 τουτοισὶ

2439 1642 2717 1694 συνελθεῖν
2745 1645 2839 1695 καὶ
2876 1644 2957 1704 εἰς
2997 1640 3187 1700 εὔνους
3217 1639 3456 1698 τελέσαι,
3494 1638 3584 1688 καὶ
3629 1635 3695 1686 τα
3724 1633 4027 1700 γιγνόμενα

2437 1736 2789 1789 σπείσασθαι·
2819 1736 2944 1797 τοὺς
2973 1734 3029 1788 δὲ
3081 1742 3174 1786 καὶ
3208 1747 3441 1792 ακοντας
3471 1726 3817 1800 ἠναγκάσθαι
3853 1724 4026 1791 φόρου

2417 1888 2420 1891 _
2453 1825 2747 1896 Ῥωμαίοις
2769 1826 3049 1897 ἁπῖἧρχθαι
3080 1826 3173 1879 καὶ
3207 1823 3478 1877 δουλεύειν
3494 1821 3569 1883 ὡς
3590 1820 3728 1882 ἔθος·
3762 1817 3838 1881 ὡς
3856 1833 4029 1869 κατα-

2442 1919 2633 1989 στῆναι
2663 1921 2845 1988 πᾶσαν
2870 1920 2968 1990 τὴν
2999 1918 3326 1987 οἰκουμένην
3358 1914 3633 1979 ἐντεῦθεν,
3664 1914 3738 1975 ὡς
3772 1913 3836 1965 iv
3874 1912 4025 1962 εἴποι

2430 2031 2538 2079 τις,
2580 2014 2913 2083 οἰκουμένην
2952 2014 3200 2082 εἰρήνης·
3255 2011 3349 2063 καὶ
3382 2011 3655 2079 πλήρωμα
3712 2006 4030 2072 καλοκαγα·

2433 2104 2556 2167 Θέας
2591 2107 2684 2157 καὶ
2708 2106 2910 2175 χωρίον
2968 2104 3321 2172 ταυτότητος·
3381 2101 3511 2153 εἰδὲ
3575 2103 3670 2153 καὶ
3707 2102 3772 2167 τῇ
3825 2096 4032 2149 καθένα

2431 2197 2539 2250 τῶν
2575 2196 2783 2249 πόλεων
2806 2194 2866 2247 τὸ
2888 2194 3059 2247 ταυτᾶ
3082 2194 3317 2263 φρωνεῖν
3358 2190 3623 2260 σωτηρία,
3669 2188 3761 2240 καὶ
3817 2184 4031 2238 τούτων

2433 2290 2509 2352 ὡς
2542 2287 2808 2358 πρόὸολος
2856 2286 3036 2348 κοινὸς
3089 2283 3415 2351 ἀσφαλείας.
3465 2278 3524 2335 εὖ
3583 2275 3785 2332 οἶδ’ὄτι
3821 2280 4031 2330 παντα-

2436 2399 2570 2436 πασι
2598 2384 2898 2451 φροντιεῖς,
2925 2381 3177 2447 ὁμόνοιαν
3228 2375 3594 2447 πρυτανεύων
3628 2374 3723 2427 καὶ
3764 2373 3875 2425 πᾶν
3905 2370 3932 2422 ὅ
3979 2384 4032 2420 τι

2436 2474 2591 2543 σφίσι
2616 2472 2932 2527 λυσιτελοῦν
2959 2472 3054 2525 καὶ
3078 2471 3216 2541 πρὸς
3243 2469 3428 2539 ψυχὴν
3466 2468 3706 2539 μάλιστα
3728 2464 3917 2533 φέρον.

750 2570 918 2622 l’urro
956 2568 1001 2622 si
1033 2568 1260 2637 singulis
1294 2565 1456 2619 etiam
1510 2565 1736 2619 urbibus
1788 2565 1932 2618 idem
1987 2566 2129 2619 nolle
2168 2566 2328 2621 saluti
2371 2577 2476 2631 est,
2515 2570 2681 2624 etiam
2765 2584 2978 2630 earum,
3043 2576 3099 2621 ut
3150 2581 3502 2621 communem
3558 2564 3877 2619 securitatis
3908 2563 4036 2617 vin-

759 2662 932 2714 dicem
964 2669 1551 2729 pnqmgnatoremque,
1580 2665 1664 2711 sat
1696 2656 1811 2711 scio
1863 2672 2053 2711 curam
2110 2664 2333 2715 omnino
2376 2670 2426 2715 le
2466 2673 2872 2729 suscepturum,
2906 2659 3369 2728 concordiamque
3448 2666 3503 2712 et
3554 2655 3821 2726 quidquid
3897 2670 4033 2710 con-

750 2756 985 2809 ducibile
1015 2753 1147 2820 ipsis
1176 2761 1281 2815 est,
1322 2751 1627 2817 animatque
1656 2751 2184 2828 imprimissalutem
2210 2766 2518 2822 promovet,
2557 2756 3050 2825 suppeditaturum.

817 2848 1103 2906 CXXXIV.
1138 2846 1508 2915 Atmihi,pra:
1530 2846 1654 2899 aliis
1678 2845 1935 2900 omnibus
1956 2858 2008 2901 te
2027 2857 2080 2901 et
2113 2858 2200 2901 tua
2229 2849 2333 2917 spi-

751 2942 1299 3009 r.:nti,laudihnsque
1330 2939 1623 3001 ferenti,et
1645 2939 1743 2993 ahs
1770 2949 1823 2992 te
1858 2955 1965 2992 uno
1998 2954 2123 3008 post
2160 2941 2329 2996 Deum

752 3036 1154 3097 immortalem,
1202 3034 1395 3087 salutis
1430 3047 1557 3086 oras
1620 3029 1891 3099 funesque
1948 3032 2225 3100 religanti,
2272 3043 2328 3088 et

750 3143 937 3181 eorum
972 3128 1023 3179 in
1079 3124 1279 3195 quibus
1315 3123 1540 3192 deliqui,
1582 3123 1816 3186 veniam,
1873 3132 1928 3177 et
1986 3140 2106 3190 utne
2135 3125 2186 3177 in
2227 3126 2330 3179 hoc

749 3222 876 3275 vita:
904 3219 1179 3274 curriculo
1210 3219 1514 3285 opportuna
1548 3215 1701 3271 fuere
1734 3218 1942 3281 omnia,
1980 3217 2230 3286 largitus:
2266 3230 2319 3272 ct

749 3328 887 3379 quas
919 3314 1050 3365 inte
1099 3312 1300 3365 multas
1346 3324 1678 3377 magnasque
1732 3308 2127 3363 collocaveram
2177 3324 2327 3379 spes,

754 3407 1178 3475 haudquaquam
1215 3403 1538 3463 frustratus,
1568 3401 1712 3455 idem
1742 3416 1873 3456 vero
1922 3401 2089 3455 etiam
2136 3411 2326 3470 p05tea

750 3503 1059 3559 ctelestium
1105 3516 1290 3556 rerum
1350 3508 1664 3554 consortem
1714 3497 1767 3550 in
1812 3496 2036 3551 Christo
2095 3496 2327 3551 Domino

753 3604 943 3648 nostro
975 3592 1179 3647 efficias
1217 3607 1231 3644 :
1272 3590 1359 3645 cui
1395 3605 1499 3641 una
1534 3603 1658 3642 cum
1686 3588 1941 3657 principii
1990 3598 2044 3642 et
2096 3588 2326 3657 originis

753 3689 931 3741 omnis
976 3696 1223 3753 experte,
1260 3686 1428 3751 ipsius
1456 3682 1636 3745 Patre,
1660 3690 1715 3735 et
1742 3681 2085 3736 sanctissimo
2103 3691 2159 3735 et
2184 3685 2325 3737 bono

752 3778 1052 3833 ctvivifico
1110 3776 1339 3845 Spiritu,
1375 3775 1533 3828 decet
1583 3773 1761 3828 omnis
1813 3772 2009 3841 gloria,
2062 3774 2239 3828 honos
2278 3786 2334 3831 et

753 3872 1029 3925 veneratio
1067 3884 1209 3923 nunc
1238 3879 1289 3922 et
1328 3883 1544 3937 semper
1577 3879 1629 3922 ct
1661 3868 1716 3921 in
1754 3867 1951 3922 smcula
1984 3867 2297 3924 saeculorur‘;

758 3970 953 4018 Amen.

2512 2854 2680 2907 PAA'.
2716 2852 2871 2920 Ἐμοὶ
2899 2850 2945 2901 δ’
2974 2849 3113 2917 ὑπὲρ
3147 2847 3357 2909 πάντας
3387 2845 3454 2898 τὰ
3481 2845 3547 2897 σα
3574 2845 3669 2897 καὶ
3694 2843 3903 2895 πνέοντι
3933 2840 4031 2894 καὶ

2440 2944 2805 3013 θαυμάζοντι,
2833 2943 2929 2996 καὶ
2954 2942 3047 2995 σοῦ
3086 2942 3249 3010 μόνον
3285 2938 3421 3005 μετὰ
3464 2938 3595 2989 Θεὸν
3626 2939 3692 2989 τα
3721 2937 3819 3004 τῆς
3846 2954 3995 3006 sum;
4014 2967 4030 2978 -

2442 3041 2563 3110 ρὶας
2588 3038 2877 3103 ἑξάπτοντι
2911 3036 3213 3106 πείσματα,
3248 3028 3323 3087 ὧν
3354 3047 3412 3085 τε
3438 3032 3691 3101 ἥμαρτον
3722 3029 3899 3093 λύσιν,
3934 3031 4031 3082 καὶ

2438 3131 2599 3185 πάνθ’
2628 3130 2663 3184 ἃ
2691 3130 2971 3200 προσῆκεν
3029 3130 3125 3180 ἐπὶ
3161 3126 3253 3179 τοῦ
3300 3127 3569 3195 παρόντος
3633 3122 4027 3194 παρεσχηκὼς,

2443 3225 2538 3279 καὶ¹
2569 3225 2667 3286 τὰς
2697 3224 2790 3276 ἐπὶ
2828 3225 2912 3276 σοὶ
2938 3221 3139 3283 πολλὰς
3167 3221 3261 3273 καὶ
3291 3218 3531 3288 μεγάλας
3555 3217 3629 3287 μὴ
3661 3218 4034 3285 καταισχύνας

2444 3318 2688 3382 ἐλπίδας,
2711 3319 2775 3369 σὺ
2801 3316 2857 3368 δὲ
2888 3317 2983 3368 καὶ
3014 3315 3125 3369 τῶν
3165 3313 3442 3382 Ὀλύμπου
3461 3310 3817 3390 ,πραγμάτων
3834 3326 4031 3360 κοινω-

2432 3413 2522 3467 νὺν
2573 3412 2764 3465 ἔπειτα
2808 3409 3033 3474 δείξαις,
3090 3408 3149 3460 ὲν
3199 3405 3421 3479 Χριστῷ
3475 3402 3654 3472 Ἰησοῦ
3706 3401 3783 3471 τῷ
3834 3400 4032 3469 Κυρίῳ

2431 3507 2611 3577 ἡμῶν
2649 3501 2694 3574 ᾧ
2721 3505 2925 3575 πρέπει
2963 3504 3115 3555 πᾶσα
3144 3500 3580 3571 δόξα,τιμὴ.καὶ
3628 3497 4027 3567 προσκύνησις,

2433 3601 2532 3653 σὺν
2553 3598 2632 3669 τῷ
2658 3599 2885 3667 ἀνάρχῳ
2920 3595 3088 3651 αὐτοῦ
3149 3595 3325 3665 Πατρὶ
3372 3594 3470 3646 καὶ
3497 3591 3576 3662 τῷ
3625 3590 3879 3661 παναγίῳ
3931 3590 4030 3642 καὶ

2429 3694 2623 3765 ἀγαθῷ
2650 3694 2743 3747 καὶ
2769 3691 3020 3760 ζωοποιῷ
3056 3691 3333 3761 Πνεῦματι
3360 3708 3377 3722 ’
3433 3689 3529 3743 νῦν
3575 3686 3671 3742 καὶ
3700 3684 3789 3740 ἀεὶ
3823 3687 3917 3739 καὶ
3947 3686 4030 3747 el;

2446 3788 2573 3851 τοὺς
2599 3786 2806 3850 αἰῶνας
2835 3785 2944 3839 τῶν
2977 3783 3210 3840 αἰώνων,
3253 3784 3449 3854 Ἀμήν.
