4232 6432
252 333 357 393 351

1382 351 1664 414 ORATIO
1704 359 1851 419 PRO
1891 362 2384 434 CIIANDRENO.

3403 393 3516 457 358

246 451 435 520 εἴπης,
479 449 675 504 πολλοῦ
705 469 850 518 τινος
890 455 1040 523 ἀξιον
1072 460 1163 513 καὶ
1189 461 1288 530 τῆς
1333 463 1520 528 Ἀσίας
1564 469 1826 534 πολλάκις
1859 479 1900 532 Α

246 539 486 570 .ἳ.--.-...ὶ
521 544 784 570 _-.':-‘.__
821 542 935 570 .'.__
985 568 993 570 _
1024 567 1033 570 Α
1078 553 1091 570 ι
1121 553 1131 565 ι
1394 555 1417 566 δ
1547 559 1600 570 .-
1682 566 1691 570 -

1859 479 2340 541 Αωιῖειίωθιίυηθ
2409 489 2635 560 dignum
2686 506 2771 550 est
2835 507 2885 551 ct
2939 515 3318 570 srepenumero
3369 509 3506 562 Asiae

244 539 492 611 ὡσπερεὶ
521 544 784 612 πρόϐολος
816 542 1036 602 ὦπται·
1073 553 1170 605 ἐάν
1220 572 1276 606 τε
1325 555 1514 610 τοῦτον
1543 559 1826 634 ὲξετάσῃς,

246 631 509 703 εὑρήσεις
553 637 611 688 οὐ
661 636 770 690 τῶν
815 643 1105 709 προγόνων
1139 645 1438 715 ἀξιόχρεων
1475 651 1659 719 μόνον,
1695 631 1827 708 ἀλλὰ

247 725 342 776 καὶ
381 725 566 795 συχνῷ
604 727 682 797 τῷ
724 732 940 799 too-top?
989 737 1262 801 παριόντα
1288 739 1390 810 (ό),
1433 744 1529 794 καὶ
1555 743 1662 797 τῶν
1687 747 1831 798 ἐκεῖ·

246 818 341 868 θεν
391 818 542 888 αὐτῷ
606 821 820 874 πολλῶν
890 827 985 879 καὶ
1043 830 1298 896 μεγάλων
1357 836 1818 906 παραδειγμάτων

248 909 424 974 μείζω
456 914 570 972 τοίς
610 913 754 976 ὅλοις
786 919 1120 990 ἀγωνιστήν.
1157 923 1269 975 Καὶ
1308 923 1420 977 οὔτ’
1453 929 1679 981 ἐκείνων
1710 934 1824 993 τοῖς

247 999 403 1062 ίδίοις
432 1002 658 1068 ἀγαθοῖς
695 1012 1094 1077 κοσμουμένων
1134 1016 1214 1076 είς
1249 1015 1453 1078 ὄνειδος
1488 1019 1584 1071 καὶ
1621 1020 1825 1089 ζημίαν

243 1093 603 1158 ἐτελεύτησεν
633 1097 809 1161 οὗτος,
847 1102 1098 1156 πλεῖστον
1133 1107 1256 1158 ὅσον
1301 1109 1672 1178 ἀπολειφθεὶς,
1706 1115 1822 1166 ἀλλ’

239 1181 478 1248 ἐξέτεινε
510 1187 609 1256 τὴν
641 1189 874 1259 μίμησιν
901 1196 982 1256 είς
1020 1196 1331 1268 ὑπερϐολήν
1359 1216 1374 1230 ο
1405 1199 1519 1253 οὒτ’
1552 1203 1619 1256 αὖ
1653 1205 1818 1258 πάλιν

239 1269 396 1340 οὗτος
451 1282 564 1340 τοῖς
616 1282 678 1332 ἐκ
728 1284 819 1334 τοῦ
877 1286 1069 1350 γένους
1099 1290 1354 1361 ἠγάπησε
1401 1294 1819 1369 μόνοις.ῶσπερ

236 1389 322 1432 τις
357 1372 572 1425 οἴκοθεν
604 1377 704 1443 μὲν
758 1378 819 1428 οὗ
853 1387 1065 1446 φανεὶς,
1104 1382 1163 1435 τὸ
1211 1384 1268 1436 δὲ
1309 1387 1520 1456 πατρὸς
1550 1389 1818 1459 ὀλυμπιο-

237 1461 391 1513 νίκου
423 1462 561 1518 εἶναι
593 1469 672 1529 είς
699 1472 896 1542 ἀρετῆς
926 1473 1081 1541 λόγον
1105 1476 1364 1546 ἀποχρῶν
1387 1475 1526 1533 εἶναι
1557 1483 1815 1551 νομίζων,

237 1555 395 1621 ἀλλὰ,
428 1559 525 1627 τὴν
561 1563 822 1633 πατρῴαν
851 1566 1070 1645 κάρετὴν
1099 1572 1367 1638 μεγίστης
1414 1575 1819 1645 εὐδοκιμήσεως

236 1647 498 1701 ὑπόθεσιν
531 1655 722 1722 κρίνας
761 1639 874 1710 καὶ.⁶
903 1660 1037 1729 πρὸς
1087 1663 1153 1714 τά
1214 1665 1388 1730 μείζω
1433 1669 1816 1738 παρασκευὴν,

233 1739 372 1806 ὁμοῦ
404 1758 460 1792 τε
497 1746 642 1811 σφᾶς
681 1747 926 1820 ὑπερῆρε
953 1756 1046 1806 καὶ
1072 1753 1323 1808 πλεῖστον
1367 1757 1454 1826 ἐφ’
1479 1759 1633 1830 αὑτῷ
1666 1746 1816 1830 φιλο-

229 1833 514 1899 τιμεῖσθαι
551 1839 815 1908 παρέσχε.

303 1925 476 1991 Δῆλον
526 1926 581 1980 δέ
607 1945 622 1958 ·
665 1930 741 1982 ῶν
782 1933 889 2002 γὰρ
926 1937 1018 1988 ἐπὶ
1047 1937 1142 2009 τῆς
1188 1939 1374 2004 Ἀσίας
1410 1945 1648 2012 (ἐκεῖθεν
1677 1947 1807 2017 γὰρ,

227 2015 306 2078 ὡς
342 2017 498 2087 ἔφην,
532 2021 680 2089 αὐτῷ
706 2024 774 2076 τὰ.
798 2026 891 2078 τοῦ
910 2030 1145 2095 γένους),
1181 2033 1278 2084 καὶ
1303 2033 1462 2088 τοῦτο
1500 2040 1602 2104 μὲν
1636 2054 1806 2105 στρα-

228 2111 684 2176 τοπέδων,τοίτο
733 2116 789 2169 δὲ
835 2122 930 2171 καὶ
976 2122 1187 2176 πόλεων
1239 2125 1426 2195 ἅρχων
1478 2130 1542 2180 ὲκ
1602 2131 1808 2184 παίδων

228 2202 472 2270 ᾕδη,ὅσα
502 2206 603 2274 μὲν
638 2209 717 2270 εἰς
750 2210 1047 2280 λογισμοὺς
1078 2215 1204 2283 ἣκει
1237 2219 1330 2270 καὶΙ
1363 2219 1422 2270 τὸ
1454 2219 1806 2289 βουλεύεσθαι

228 2296 506 2362 γερόντων
539 2301 782 2366 ἐκράτει,
822 2305 921 2356 ὅσα
970 2306 1017 2358 δ’
1048 2310 1122 2369 εἰς
1161 2310 1433 2377 πολέμους
1485 2313 1582 2365 καὶ
1623 2315 1808 2384 μάχας

227 2386 324 2436 καὶ
358 2390 557 2456 χειρῶν
585 2392 850 2462 εὐψυχίαν
890 2397 1001 2447 τῶν
1034 2400 1468 2469 συνειλεγμένων
1521 2404 1805 2470 ἁπάντων,

225 2477 327 2545 οὐχ
359 2479 506 2543 ὅπως
536 2483 644 2534 τῶν
677 2485 987 2560 ἀντιπάλων
1021 2490 1224 2554 αὐτῶν,
1255 2495 1321 2563 τῇ
1360 2495 1459 2562 μὲν
1484 2495 1594 2548 τῶν
1624 2496 1806 2566 νόμων

227 2569 445 2640 φυλακῇ
495 2572 622 2634 τοὺς
670 2576 1006 2644 ἀρχομένους
1061 2582 1318 2648 ὲπαύξων
1370 2585 1464 2638 καὶ
1513 2589 1652 2655 μετά
1696 2589 1806 2641 τῶν

225 2657 567 2737 εὐδαιμόνωον
597 2664 790 2729 τιθεὶς,
828 2668 905 2737 τῷ
935 2669 991 2721 δὲ
1028 2673 1278 2740 σκηπτοῦ
1319 2675 1478 2744 δίκην
1505 2678 1804 2746 ἐμπίπτειν

223 2749 354 2810 τοὺς
381 2750 606 2819 ἐχθροὺς
651 2759 1054 2842 καταπλήττων
1079 2779 1094 2793 ·
1140 2765 1232 2816 ἀεὶ
1268 2767 1370 2832 μὲν
1407 2771 1596 2834 νικῶν,
1626 2772 1802 2842 ἡττώ·

227 2859 390 2908 μενος
427 2845 486 2897 δὲ
515 2847 626 2899 οὐδ’
649 2839 908 2918 είσάπαξ,
937 2855 998 2906 οὐ
1045 2855 1150 2926 μὴν
1193 2859 1304 2912 οὐδ’
1345 2860 1631 2931 ἄπρακτος
1648 2839 1803 2919 νάπο.

223 2936 466 3006 χωρῶν’
517 2939 632 2993 ἔσθ’
686 2944 775 2996 ὅτε
825 2945 1040 3016 ἀμάχου
1095 2949 1196 3019 μὲν
1258 2952 1466 3024 τόλμης
1523 2959 1802 3025 ἐμπιπλὰς

221 3031 351 3091 τοὺς
385 3032 645 3094 οἰκείους,
671 3038 877 3104 τρόμον
917 3040 972 3092 δὲ
1002 3043 1114 3104 τοῖς
1148 3045 1430 3113 πολεμίοις
1468 3050 1758 3119 ἐμϐάλλων
1783 3071 1796 3085 ο

223 3123 388 3190 μόνος
421 3127 519 3194 μὲν
543 3129 681 3195 πρὸς
713 3131 944 3192 πολλοὺς
976 3135 1242 3201 πολλάκις
1264 3179 1278 3202 ,
1307 3142 1444 3208 πρὸς
1473 3144 1711 3212 ἀριθμοῦ
1745 3147 1800 3199 δὲ
1829 3174 1870 3230 C

220 3217 474 3284 κρεῖττον
513 3217 719 3285 πλῆθος
776 3227 1262 3298 παραταττόμενος
1295 3233 1416 3300 μετ’
1448 3232 1668 3300 ὀλίγων,
1702 3239 1799 3289 καὶ

217 3310 380 3371 νίκας
409 3313 508 3374 τὰς
542 3314 836 3377 καλλίστας
893 3334 951 3370 τε
1000 3321 1092 3373 καὶ
1145 3324 1415 3390 μεγίστας
1468 3325 1795 3391 λαμϐάνωνο

215 3402 637 3471 θαυμαζόμενος
691 3408 794 3474 μὲν
832 3425 914 3470 οις
957 3413 1087 3475 τοὺς
1118 3417 1540 3484 παραπεσόντας
1588 3421 1799 3483 πάντας

213 3491 431 3562 ἀνῄρει,
492 3495 906 3567 θαυμαζόμενος
957 3502 1015 3554 δὲ
1076 3505 1168 3557 καὶ
1230 3501 1310 3568 οἷς
1369 3509 1498 3570 τοὺς
1555 3510 1800 3574 ἀπόντας

218 3584 626 3652 μετριωτέρους
672 3587 903 3658 καθίστη
958 3589 1035 3658 τῷ
1090 3592 1262 3662 φόϐῳ.
1318 3594 1650 3650 Τοὺντεῦθεν
1700 3601 1799 3653 οὐκ

214 3670 293 3722 ἔτ’
322 3674 406 3733 εἰς
439 3677 626 3743 χεῖρας
661 3676 824 3740 ἱέναι,
852 3679 968 3731 ἀλλ’
995 3680 1106 3732 οὐδ’
1146 3683 1351 3748 ἐξιέναι
1377 3686 1480 3754 τῆς
1519 3689 1794 3760 σφετέρας

211 3764 276 3815 τὸ
304 3769 574 3833 παράπαν
603 3768 849 3837 ἐτόλμων
870 3788 883 3801 ο
915 3772 1062 3835 ἀλλ’,
1091 3773 1126 3826 ἃ
1176 3776 1414 3844 πρόσθεν
1445 3778 1615 3848 ἔδρων
1650 3775 1796 3834 οὗτοι

212 3857 340 3918 τοὺς
368 3857 583 3921 ἄλλους,
621 3862 776 3914 ταῦτ’
806 3864 907 3916 οὐκ
936 3865 1186 3933 ὀλιγάκις
1222 3868 1314 3922 ὑπ’
1336 3871 1551 3925 ἐκείνου
1585 3872 1792 3925 παθόν-

209 3963 302 4009 τες
339 3950 436 4001 καὶ
473 3953 827 4020 πειραθέντες
865 3955 969 4022 ἔξω
1011 3960 1329 4013 παντάπασι
1355 3963 1659 4032 λογισμῶν,
1693 3965 1793 4034 τὴν

208 4044 446 4109 ἡσυχίαν
501 4043 675 4097 ἔπειτ’
735 4047 892 4113 ἄγειν
939 4049 1109 4120 ᾤοντο
1156 4052 1292 4116 δεῖν,
1343 4053 1537 4124 ὥσπερ
1586 4057 1791 4122 αὐτῶν,

206 4129 391 4201 οἶμαι,
421 4139 832 4202 κατεγνωκότες
866 4141 926 4193 τὸ
964 4145 1058 4196 καὶ
1097 4147 1198 4214 τὴν
1229 4146 1405 4217 ἀρχὴν
1439 4148 1750 4217 ἐγχειρίσον
1774 4164 1788 4180 ο

204 4224 467 4278 τοσοῦτον
499 4222 567 4296 ἦν
597 4229 746 4298 αὐτῷ
779 4235 932 4300 παρά
968 4235 1190 4289 πάντων
1217 4241 1275 4290 τὶ
1305 4240 1444 4308 πρὸς
1476 4240 1574 4302 τάς
1611 4242 1794 4311 μάχας

205 4314 546 4380 ἀφεστηκὸς,
577 4320 672 4370 καὶ
733 4321 844 4372 τῶν
892 4323 1111 4376 οἰκείων
1151 4327 1352 4395 μόνων,
1392 4328 1510 4380 ἀλλ’
1545 4330 1647 4399 ήδη
1695 4333 1791 4384 καὶ

200 4406 313 4457 τῶν
373 4407 651 4477 πολεμίων
699 4411 902 4476 αὐτῶν,
951 4420 1046 4468 καὶ
1107 4417 1316 4471 τούτων
1376 4421 1602 4492 Περσῶν
1644 4423 1789 4492 (οὐδὲ

1932 577 2086 639 quasi
2121 594 2318 634 murus
2348 583 2601 636 exstitit:
2647 585 2690 638 si
2729 589 2793 637 de
2849 589 2941 643 illo
2993 577 3222 660 quwris,
3255 595 3506 651 invenies

1931 683 2040 722 non
2109 687 2232 728 esse
2300 686 2510 730 tantum
2565 680 2883 747 parentibus
2938 685 3239 744 illusn'ibus
3297 701 3503 755 ortum,

1928 763 2023 815 sed
2061 766 2226 819 etiam
2280 785 2340 821 ea
2381 770 2540 838 longe
2576 789 2866 842 superasse
2909 778 3130 833 virtutis
3168 783 3502 852 exemplaria

1929 855 2032 924 ipsi
2079 859 2146 909 ab
2179 860 2259 913 eis
2293 864 2595 930 praposita.
2670 866 2736 919 Et
2794 883 2927 930 non,
2966 868 3079 937 ipse
3119 873 3348 926 multum
3394 875 3504 928 illis

1931 948 2179 1016 inferior,
2233 967 2329 1008 eos
2381 957 2620 1024 propriis
2682 959 2978 1013 decoribus
3041 973 3268 1015 ornatos
3320 968 3501 1034 turpi-

1928 1044 2120 1098 tuiliue
2181 1061 2244 1097 ac
2318 1046 2619 1108 ignominia
2698 1051 2914 1114 affecit,
2978 1054 3072 1106 sed
3130 1054 3495 1110 imitationem

1924 1138 2084 1204 longe
2150 1143 2453 1207 prnt'exit:
2521 1159 2620 1196 nec
2691 1155 2871 1200 autezn
2927 1147 3015 1201 ille
3093 1148 3206 1202 sola
3275 1151 3496 1218 generis

1925 1231 2158 1285 virtutes
2226 1236 2360 1288 satis
2414 1250 2534 1288 esse
2602 1236 2776 1297 duxit,
2839 1240 2981 1292 Slt'lll.
3043 1241 3246 1310 aliquis
3301 1253 3495 1310 suapte

1924 1335 2119 1378 natura
2163 1327 2435 1394 ignobilis.
2467 1343 2675 1397 patrem
2746 1331 3162 1402 Olytnpioniceu
3195 1337 3266 1389 ob
3324 1337 3497 1390 virtu-

1925 1429 2032 1472 tcm
2076 1431 2198 1471 esse
2229 1421 2438 1474 clarum
2482 1421 2732 1475 sufficere
2785 1434 2959 1484 ratus,
2992 1425 3086 1479 sed
3117 1429 3289 1494 patris
3315 1429 3490 1480 virtu-

1925 1523 2030 1565 tem
2078 1513 2327 1564 maximae
2373 1514 2558 1582 gloriae
2613 1513 3029 1568 funda'neulum
3077 1531 3197 1570 esse
3238 1517 3494 1586 judicans

1919 1613 1976 1658 et
2011 1603 2080 1656 ad
2114 1606 2322 1674 majora
2359 1606 2836 1673 praeparationem,
2884 1607 3050 1660 simul
3085 1616 3141 1661 et
3171 1621 3302 1662 suos
3332 1624 3494 1678 supe-

1920 1696 2081 1762 ravit,
2109 1705 2166 1752 et
2193 1696 2362 1750 multa
2395 1696 2448 1750 in
2484 1699 2670 1766 seipso
2701 1699 2959 1767 prmelara
2993 1700 3252 1769 praebuit.

1844 1820 1891 1878 Β

1988 1944 2145 2011 Quod
2198 1945 2250 2000 in
2293 1955 2548 2016 promptu
2594 1954 2720 2002 est:
2756 1961 2880 2001 cum
2914 1948 3061 2002 enim
3094 1947 3148 2003 in
3184 1950 3314 2005 Asia
3367 1965 3491 2005 ver-

1911 2050 2132 2095 saretur
2159 2039 2376 2108 (exinde
2416 2054 2673 2109 namque,
2711 2049 2771 2094 ut
2811 2040 2942 2106 dixi,
2994 2058 3166 2112 genus
3199 2045 3488 2113 ducebat),

1912 2142 1968 2186 et
2010 2148 2156 2186 nunc
2199 2133 2558 2199 exercitibus,
2613 2149 2757 2188 nunc
2792 2136 3146 2207 urbibusjam
3174 2137 3301 2192 inde
3334 2154 3362 2192 a
3392 2139 3489 2208 ju-

1912 2222 2136 2277 ve'ntute
2168 2231 2449 2290 praeesset,
2481 2223 2748 2292 quidquid
2795 2225 2848 2278 in
2885 2226 3111 2279 senibus
3130 2226 3318 2295 juilicii
3349 2239 3403 2282 et
3433 2229 3486 2284 in

1911 2314 2141 2368 Consilio
2159 2313 2443 2381 sapientiae
2463 2314 2684 2379 inesset,
2708 2314 2972 2384 quidquid
2997 2316 3262 2371 bellorum
3282 2333 3344 2370 ac
3367 2333 3488 2373 cer—

1914 2405 2178 2457 ιςιιιιὶιιιιιιι
2214 2405 2422 2474 peritiae
2465 2415 2520 2458 et
2548 2421 2806 2460 manuum
2840 2407 3184 2463 strenuitatis
3214 2425 3322 2463 non
3363 2421 3486 2465 tan-

1914 2509 2026 2552 tum
2052 2499 2102 2552 in
2141 2501 2256 2552 suis
2281 2498 2550 2559 hostibus,
2574 2499 2667 2553 sed
2692 2499 2746 2551 in
2765 2499 3023 2553 omnibus
3041 2503 3384 2570 congregatis
3401 2518 3486 2555 es-

1911 2605 2019 2654 set,
2052 2593 2369 2661 superabat,
2399 2593 2575 2663 legum
2600 2593 2847 2648 custodia
2873 2594 3241 2663 atnplilicabat
3266 2596 3487 2666 subjec-

1912 2698 1996 2738 tus
2018 2703 2080 2739 ae
2105 2686 2293 2740 felices
2319 2686 2610 2752 ellieiebat,
2643 2696 2700 2742 et
2730 2687 3006 2753 inimicos,
3043 2686 3292 2743 fulminis
3313 2689 3486 2742 instar

1910 2782 1962 2834 in
2002 2797 2096 2835 eos
2129 2780 2412 2846 irruendo,
2455 2779 2814 2848 percutieliat.
2867 2778 3095 2849 Semper
3143 2788 3260 2833 erat
3286 2781 3482 2834 victor.

1910 2893 2216 2946 nunquam,
2271 2891 2336 2930 ne
2395 2876 2565 2930 semel
2606 2875 2871 2944 quidem,
2927 2886 3240 2944 superatus,
3278 2885 3374 2929 aut
3426 2892 3483 2928 re

1907 2965 2048 3018 male
2071 2974 2222 3032 gesta
2242 2979 2522 3030 reversus;
2547 2964 2840 3032 aliquando
2866 2963 3292 3032 insuperabilem
3317 2965 3484 3019 auda—

1906 3054 2046 3107 ciam
2079 3053 2197 3106 suis
2228 3052 2545 3115 infundens,
2575 3063 2841 3108 terrorem
2880 3054 3131 3108 hostibus
3154 3053 3475 3110 incutiebat.

1907 3146 2072 3199 Solus
2109 3160 2255 3215 same
2300 3154 2493 3200 contra
2527 3146 2755 3209 multos,
2789 3155 2886 3200 aut
2922 3162 3091 3216 prope
3126 3147 3343 3201 turbam
3376 3164 3480 3202 nu-

1904 3253 2060 3291 mero
2103 3240 2536 3306 prtestautiorem
2580 3253 2705 3292 cum
2759 3239 2949 3307 paucis
2990 3239 3314 3304 collocatus,
3358 3242 3449 3308 pul

1901 3327 2204 3383 cherritnas
2223 3343 2288 3382 ac
2305 3331 2567 3382 maximas
2585 3328 2898 3398 reportabat
2915 3329 3186 3390 victorias.
3209 3330 3480 3399 mirabilis

1899 3429 1956 3473 et
1996 3435 2120 3473 cum
2168 3420 2415 3474 dirueret
2463 3420 2657 3474 obvios
2711 3420 2920 3487 hostes,
2953 3421 3222 3476 mirabilis
3252 3431 3307 3476 et
3349 3439 3473 3478 cum

1901 3509 2263 3578 paucissimos
2295 3511 2388 3578 qui
2427 3509 2680 3564 abierant
2714 3521 2929 3566 terrore
2956 3513 3291 3569 contineret.
3336 3513 3474 3567 Hinc

1900 3617 2009 3654 non
2037 3609 2246 3654 tantum
2277 3616 2476 3657 manus
2524 3618 2842 3667 conserere,
2872 3607 2964 3659 sed
2994 3620 3095 3659 nec
3125 3605 3292 3660 domo
3321 3607 3474 3660 exire

1899 3707 2128 3761 prorsus
2173 3693 2493 3759 audebant;
2529 3695 2645 3758 sed,
2682 3711 2805 3765 quae
2851 3697 3003 3766 prius
3053 3698 3140 3752 isti
3177 3714 3306 3769 erga
3338 3701 3477 3754 alios

1898 3784 2155 3851 agebant,
2183 3784 2296 3838 haec
2333 3800 2440 3836 non
2487 3787 2656 3838 semel
2692 3802 2757 3839 ex
2794 3786 2886 3839 illo
2918 3798 3115 3856 przeter
3148 3789 3466 3857 opinionem

1896 3876 2109 3944 experti
2148 3887 2314 3946 atque
2351 3879 2622 3946 perpessi.
2669 3880 2952 3948 quiescere
3010 3881 3276 3951 deinceps
3309 3897 3472 3950 opor-

1897 3977 2014 4022 tere
2049 3977 2408 4034 censuerunt,
2448 3974 2626 4039 quasi,
2661 3981 2721 4025 ut
2768 3973 2986 4040 opinor,
3030 3975 3240 4043 seipsos
3289 3976 3465 4043 impe-

1897 4057 2038 4110 rium
2085 4059 2379 4127 appetiisse
2424 4060 2768 4128 pcenituerit.
2817 4050 2890 4113 Ita
2942 4076 3133 4114 omnes
3183 4077 3306 4114 cum
3373 4062 3467 4115 illo

1896 4165 2140 4219 pugnare
2170 4151 2543 4213 abstinebant,
2568 4167 2674 4207 non
2704 4152 2869 4205 modo
2893 4153 3147 4222 subjecti,
3180 4153 3275 4208 sed
3300 4154 3466 4208 etiam

1895 4243 2086 4298 hostes
2120 4244 2222 4313 ipsi
2252 4255 2306 4298 et
2337 4243 2422 4298 isti
2451 4243 2630 4299 Persa:
2667 4247 2798 4311 (non
2829 4247 2976 4298 enim
3016 4246 3150 4299 illud
3191 4261 3355 4315 parva
3382 4257 3468 4300 est

1893 4334 2184 4403 accessio),
2228 4350 2368 4403 quos
2418 4350 2612 4389 omnes
2658 4337 2864 4391 scimus
2915 4338 3057 4388 inter
3103 4352 3252 4390 arma
3304 4339 3466 4390 vitam

1895 4440 2079 4496 agere,
2118 4435 2174 4480 et
2218 4426 2350 4480 illud
2401 4427 2808 4481 oblectamento
2838 4428 3040 4481 habere
3072 4431 3216 4496 quod
3249 4444 3468 4498 semper

201 4499 312 4564 γάρ
363 4499 524 4551 τοῦτο
581 4504 780 4570 μικρὸν
839 4509 919 4568 εἰς
986 4509 1356 4581 προσθήκην),
1397 4511 1488 4574 οὓς
1540 4514 1782 4575 ἅπαντες
1818 4521 1860 4574 D

1818 4521 1860 4574 Β
1893 4518 1946 4570 in
1982 4517 2154 4572 armis
2206 4526 2552 4580 remaneant,
2589 4519 2659 4570 ita
2694 4529 2753 4570 ut
2779 4519 2953 4585 pluris
2987 4518 3216 4578 faciant.
3245 4522 3459 4572 etiamst

199 4591 365 4656 ἴσμεν
394 4593 453 4643 ἐν
483 4595 598 4655 τοῖς
631 4593 816 4657 ὅπλοις
849 4596 1119 4664 βιοῦντας,
1156 4602 1248 4654 καὶ
1297 4605 1500 4673 ταύτην
1543 4609 1780 4675 ἡγουμέ-

199 4698 327 4742 νους
359 4683 650 4754 ῥαστώνην
687 4687 816 4739 εἴσω
864 4689 1036 4757 βελῶν
1070 4692 1327 4759 καθάπαξ
1357 4697 1598 4757 ἑστάναι,
1638 4699 1776 4751 ὥστε

197 4778 294 4828 καὶ
342 4777 486 4842 σφᾶς
539 4778 723 4840 πλέον,
760 4782 808 4832 εί
838 4784 934 4835 καὶ
967 4786 1274 4854 παράδοξον
1317 4791 1502 4856 φάναι,
1535 4793 1778 4860 νομίζειν

193 4864 287 4916 ὑπ’
310 4867 483 4919 αὑτοῦ
506 4870 826 4939 νενικῆσθαι
850 4873 880 4942 ἦ
909 4891 975 4925 πε
985 4877 1399 4946 ριγιγνομένους
1417 4880 1616 4943 αὐτοὺς
1638 4879 1779 4936 εἶναι

1887 4609 2018 4662 illud
2062 4610 2132 4662 sit
2178 4609 2733 4673 incredibile'dictu,
2773 4625 2831 4664 se
2870 4611 2937 4663 ab
2979 4609 3076 4663 illo
3127 4612 3298 4664 victos
3341 4627 3464 4664 esse

1886 4716 2053 4769 quam
2107 4701 2214 4769 ipsi
2268 4701 2408 4754 alios
2450 4715 2736 4768 superare,
2777 4703 2947 4770 magis
2989 4702 3176 4770 glorize
3205 4718 3326 4756 esse
3359 4704 3460 4755 rati

1885 4795 2068 4848 claros
2092 4795 2293 4848 habere
2320 4794 2586 4857 victores,
2616 4808 2777 4859 quam
2815 4793 3182 4848 infiruiiorum
3208 4796 3461 4850 cladibus

1886 4885 2163 4941 decorari.

194 4957 305 5006 τῶν
377 4959 579 5022 ἄλλων,
646 4963 834 5028 μεῖζον
883 4967 1230 5036 ἡγουμένους
1277 4974 1358 5034 είς
1406 4973 1567 5037 δόξαν
1638 4977 1765 5038 τοὺς
1799 4981 2217 5055 κεκρατηκότας
2274 4980 2564 5050 λαμπρούς
2626 4999 2779 5044 τινας
2832 4981 2976 5049 ἔχειν
3019 4981 3050 5048 ἦ
3103 4981 3454 5051 φαυλοτέρων

193 5048 398 5108 αὐτοὺς
425 5049 619 5116 ἥτταις
654 5057 1002 5120 κοσμεῖσθαι.

264 5145 342 5195 Οὐ
379 5143 558 5196 τοίνυν
587 5147 844 5214 πολεμῶν
878 5153 974 5218 μὲν
1003 5153 1175 5218 οὕτως
1216 5159 1463 5226 ἐκράτει,
1501 5164 1567 5214 τά
1607 5163 1653 5215 δ’
1695 5165 1778 5226 εἰς

188 5239 419 5304 εἰρήνην
462 5238 666 5305 ἑτέρων
715 5243 964 5311 ἡττήθη*
1010 5245 1145 5299 ἀλλὰ
1193 5253 1284 5303 καὶ
1333 5252 1504 5305 ταῦτα
1555 5254 1664 5306 τῶν
1715 5260 1772 5307 ὲν

187 5329 298 5388 τοῖς
338 5327 600 5396 πολέμοις
651 5333 750 5384 οὐκ
804 5335 1111 5407 ἀντέῥροπα
1160 5341 1235 5407 (5)
1283 5343 1464 5410 μόνον,
1501 5347 1633 5399 ἀλλά
1675 5349 1770 5400 καὶ

188 5418 401 5470 καλλίω
457 5423 569 5482 τοῖς
626 5422 768 5487 ὅλοις
817 5427 1306 5504 ὲδείκνυ,,ὦσπερ
1371 5439 1533 5499 αὐτὸς
1601 5441 1765 5493 αὑτὸν

185 5510 595 5580 ἁμιλλώμενος,
625 5516 735 5568 Καὶ
763 5520 953 5572 σιωπῶ
997 5523 1064 5575 τά
1092 5523 1138 5575 τ’
1181 5525 1316 5579 ἄλλα
1353 5529 1447 5580 καὶ
1477 5530 1534 5582 τὸ
1566 5531 1759 5599 φιλαν-

252 5693 332 5770 (ξ)
365 5694 594 5770 Forsan,
631 5715 682 5750 σ.
717 5699 793 5768 τῷ
824 5702 972 5770 μέσῳ
999 5707 1221 5770 τούτους
1257 5727 1389 5770 παρ,

1953 5162 2181 5226 Verum,
2217 5167 2358 5218 sicut
2390 5164 2619 5226 militiae,
2657 5165 2728 5218 ita
2787 5165 2840 5217 in
2893 5167 3044 5231 pacis
3076 5163 3279 5218 studiis
3333 5179 3442 5216 non

1877 5254 1983 5307 fuit
2029 5256 2154 5308 aliis
2209 5255 2485 5309 inferior:
2549 5256 2642 5310 sed
2693 5257 2808 5309 lucc
2862 5271 2969 5308 non
3019 5254 3184 5307 modo
3231 5255 3447 5308 bellicis

1871 5347 2124 5414 aequalia,
2152 5349 2246 5401 sed
2281 5353 2445 5402 etiam
2479 5350 2872 5403 cxcellentiora
2901 5364 3128 5415 prorsus
3167 5348 3444 5408 exhibuit,

1867 5441 2024 5508 quasi
2055 5441 2248 5509 ipsese
2283 5442 2458 5509 ipsum
2482 5451 2787 5508 superaret.
2824 5441 2887 5495 Et
2911 5451 3348 5495 creterumtaceo
3391 5451 3446 5494 et

1862 5549 1988 5587 eum
2023 5533 2324 5587 humanum
2359 5549 2479 5588 esse
2517 5537 2569 5587 in
2613 5536 2844 5596 alienos,
2883 5544 3228 5590 mansuetum
3261 5545 3319 5589 et
3350 5533 3444 5589 beo

251 5765 329 5833 (5)
366 5765 684 5836 Legendum
716 5809 731 5834 ,
765 5765 960 5847 ’ῶσπερ
1008 5780 1144 5848 πρὸς
1182 5765 1347 5846 aiore;
1385 5784 1547 5835 αὺτὲν
1580 5823 1592 5847 ,
1637 5800 1742 5854 qua
1780 5784 1922 5841 verbi

1129 5797 1144 5840 ;
1182 5765 1347 5846 αὐιὸέ
1385 5784 1547 5835 at;th
1580 5823 1592 5847 ,
1637 5800 1742 5854 qua
1780 5784 2075 5841 verborum
2113 5783 2405 5840 collatione
2449 5785 2620 5838 utitur
2652 5784 2800 5841 alibi.
