4232 6432
237 389 342 454 369

225 599 393 648 παλαι
427 598 602 663 τούτῳ
633 599 879 665 προσῆκε
912 602 1011 652 καὶ
1041 597 1132 650 τοῦ
1161 599 1532 666 πονηροτάτου
1576 600 1788 664 κόμμα-

223 705 312 747 τος
348 687 630 753 ἄνθρωπος
657 683 746 758 ἦν,
777 689 877 757 οὐχ
911 689 946 742 ἃ
967 687 1063 741 νῦν
1094 689 1406 755 ἐγκαλεῖται
1444 689 1625 756 μόνον,
1655 687 1792 740 ἀλλὰ

223 795 247 826 ιι
265 780 314 828 αὶ
343 777 491 829 πόλλ’
529 778 691 846 ἕτερα
720 778 856 848 πρὸς
881 778 1094 840 τούτοις
1126 779 1392 847 πρότερον
1419 780 1680 846 είργαστο
1703 779 1788 830 ἄν·

222 872 269 919 εἰ
300 870 360 920 δὲ
388 869 478 921 τὸν
507 869 594 922 ἀεὶ
638 869 831 938 χρόνον
863 871 1098 938 χρηστὸς
1145 873 1239 922 καὶ
1272 871 1540 940 ἐπιεικὴς,
1577 871 1670 922 καὶ
1698 871 1792 922 τοῦ

224 957 395 1012 καλοῦ
417 961 511 1011 καὶ
532 959 741 1012 δικαίου
769 959 950 1027 λόγον,
973 961 1130 1028 εῖπερ
1160 977 1247 1023 τις
1268 960 1365 1012 ἀνθ
1376 960 1594 1030 ρώπων,
1616 961 1789 1028 εθετο,

218 1050 420 1101 οὔκουν
449 1051 560 1102 ἔστ’
590 1051 766 1114 οὐδεὶς
803 1051 866 1114 δς
900 1052 1113 1106 πώποτ’
1140 1053 1291 1120 αὐτῷ
1311 1055 1468 1122 δίκην
1500 1056 1794 1123 άναισχυνυ

218 1140 341 1202 τίας
373 1140 600 1209 εἰλήχει,
635 1139 689 1192 τί
737 1142 804 1193 τά
865 1141 942 1210 μὴ
979 1143 1329 1210 προσήκοντα
1378 1145 1794 1214 κατηγοροῦμεν

222 1230 394 1284 αὑτοῦ
425 1233 522 1284 καὶ
550 1233 585 1286 ά
625 1233 788 1285 παντὶ
835 1235 1041 1302 μᾶλλον
1071 1235 1102 1304 ἢ
1139 1235 1314 1304 τούτῳ
1347 1237 1666 1307 γιγνόμενα,
1699 1237 1796 1290 καὶ

217 1322 317 1372 οὐκ
347 1323 721 1392 αἰσχυνόμεθα
767 1324 860 1375 τὸν
917 1325 1069 1394 ἣλιον
1121 1326 1358 1395 ἐσχάτης
1400 1327 1796 1395 ἀγνωμοσύνης

222 1413 544 1481 ποιούμενοι
578 1413 855 1484 μάρτυρα,
883 1414 1074 1484 ὥσπερ
1110 1416 1176 1482 ᾂν
1216 1419 1264 1469 εί
1290 1417 1386 1470 καὶ
1410 1417 1660 1484 Κέφαλον
1702 1421 1797 1471 καὶ

232 1505 652 1572 ’Δριστοφῶντα
719 1507 958 1576 πονηροῦ
1015 1524 1098 1570 τις
1127 1507 1311 1576 ἔκρινε
1373 1508 1488 1577 βίου
1523 1508 1656 1577 (‘25),
1717 1504 1796 1572 οἷς

218 1598 590 1664 χρηστότητος
621 1596 791 1660 οὕτως
823 1600 1116 1675 ἐμέλησεν,
1148 1599 1222 1661 ὡς
1249 1601 1348 1669 οὐχ
1371 1601 1518 1662 ὅπως
1543 1602 1796 1670 ἀλλήλοις

219 1687 598 1757 αμφισὸητεῖν
639 1689 863 1758 ἀρετῆς,
923 1691 1058 1744 ἀλλὰ
1096 1691 1188 1743 καὶ
1237 1691 1574 1761 παράδειγμ’
1601 1693 1798 1755 αὐτοὺς

216 1777 362 1832 εἶναι
385 1783 500 1843 τοῖς
527 1781 712 1844 ἄλλοις
735 1784 952 1850 τρόπων
978 1783 1232 1853 χρηστῶν
1256 1801 1271 1848 ;

291 1893 371 1944 υύ
394 1893 578 1946 τοίνυν
607 1895 668 1946 τὸ
697 1894 1081 1963 διαϐεϐλῆσθαι
1109 1897 1274 1965 μόνον
1300 1899 1481 1962 αὐτὸς,
1510 1899 1667 1951 τοῦτο
1688 1899 1795 1951 δει-

216 1987 307 2037 νὸν
337 1987 606 2051 ἐπιεικῶς
634 1987 956 2057 Χανδρηνῷ,
985 1989 1150 2055 μηδὲν
1179 1989 1419 2042 τοιοῦτον
1443 1992 1594 2058 παρὰ
1621 1993 1798 2043 πάντα

218 2079 517 2130 πεπονθότι
544 2078 633 2130 τὸν
669 2078 804 2146 βίον,
838 2078 973 2130 ἀλλὰ
1002 2081 1094 2130 καὶ
1138 2079 1320 2148 πολλῴ
1348 2079 1538 2133 τούτου
1568 2082 1796 2132 δεινότε-

219 2187 312 2238 ρον
338 2169 401 2221 τὸ
430 2170 606 2222 πάντα
641 2170 739 2237 μὲν
778 2171 847 2222 τὰ
873 2171 1089 2239 βελτίω,
1128 2172 1366 2240 πονηρὸν
1403 2172 1450 2224 δ’
1477 2173 1627 2224 οὐδὲν
1651 2174 1798 2242 αὑτῴ

219 2259 532 2322 συνειδότα,
567 2262 664 2312 καὶ
685 2260 975 2322 πλείστους
1012 2260 1112 2327 μὲν
1149 2262 1245 2311 ἐπὶ
1269 2263 1382 2323 τοῖς
1415 2261 1599 2330 ἔργοις
1631 2281 1798 2328 προσ-

216 2351 468 2400 ιοκὼντα
515 2352 841 2418 στεφάνους,
879 2353 1089 2412 πάντας
1135 2352 1203 2416 δ’,
1245 2353 1319 2414 ὡς
1355 2355 1555 2414 εἰπεῖν,
1589 2354 1798 2419 θαυιιαο

220 2441 351 2502 στας
387 2441 608 2508 ἔχοντα,
651 2441 823 2493 ἔπειτ’
856 2443 953 2508 οὐχ
994 2442 1143 2504 ὅπως
1197 2443 1437 2497 τοιοῦτον
1481 2445 1633 2497 οὐδὲν
1663 2447 1796 2496 ὑπη-

221 2537 439 2602 στῆναι,
481 2533 618 2585 ἀλλὰ
675 2536 770 2584 καὶ
793 2533 1000 2586 τοιαῦτ’
1049 2536 1442 2602 ἐγκεκλῆσθαι,
1471 2537 1506 2589 ἃ
1535 2539 1798 2604 ποταμῶν

217 2629 329 2677 ἀνω
362 2625 477 2692 (‘25)
515 2626 612 2676 καὶ
647 2626 748 2693 τῆς
779 2626 945 2678 αὑτοῦ
982 2625 1222 2689 φύσεως.
1258 2627 1377 2689 Πῶς
1410 2629 1517 2696 γάρ
1543 2630 1644 2681 οὐκ
1673 2631 1798 2681 ἆτο-

219 2735 322 2770 πον
348 2709 444 2768 καὶ
473 2719 774 2788 ὑπερφυὲς,
799 2720 849 2770 εί
871 2721 1175 2788 πραότητος
1207 2721 1306 2789 μὲν
1328 2724 1421 2773 καὶ
1449 2720 1798 2788 δικαιοσύνης

217 2814 316 2862 κιὶ
347 2813 590 2875 πάντων,
623 2813 696 2873 ὡς
741 2815 942 2876 εἰπεῖν,
977 2815 1083 2864 τῶν
1113 2814 1418 2865 καλλίστων
1459 2815 1544 2881 ἐφ’
1570 2813 1713 2866 οὕτω
1746 2832 1798 2866 τι

220 2906 394 2966 ῇιιων,
425 2905 499 2965 ὡς
523 2903 771 2955 ἐντεῦθεν
798 2903 1167 2973 γνωρίζεσθαι
1197 2906 1290 2958 καί
1318 2905 1470 2959 ταῦτ’
1496 2901 1634 2958 εἶναι
1665 2907 1800 2974 μᾶ).-

221 3013 314 3044 mv
347 2993 627 3061 πρόσρημ⁹
660 2995 829 3064 αὐτῷ.
857 2996 966 3046 τῶν
999 2997 1042 3048 δ’
1069 2997 1328 3048 ἐναντίων
1365 2997 1438 3066 μὴ
1465 2997 1548 3049 ὅτι
1576 2994 1793 3068 πεῖρ⁸αν,

219 3088 361 3138 α).λά
393 3088 489 3139 καὶ
512 3087 750 3154 τοῦνομα
777 3088 1164 3156 δυσχεραίνων,
1198 3089 1295 3150 ὅδ’,
1357 3090 1458 3140 οὐκ
1496 3086 1591 3141 οἷδ’
1626 3092 1793 3154 ὅπως,

223 3181 320 3226 καὶ
351 3175 587 3244 θράσους
646 3176 806 3246 ἔσχεν
861 3178 1062 3239 αἰτίαν,
1106 3179 1200 3228 καὶ
1237 3177 1396 3230 ταῦτ“
1425 3181 1482 3231 ὲν
1532 3180 1665 3248 τῷδε
1697 3182 1796 3248 τῆς
1826 3211 1867 3266 c

221 3269 471 3337 ἡλικίας,
521 3270 609 3321 ὅτε
639 3270 758 3336 καὶ,
813 3269 867 3321 εῐ
892 3269 944 3321 τί
995 3287 1098 3322 που
1135 3271 1387 3339 νεότητος
1434 3273 1685 3340 ἐφόλκιον
1708 3270 1796 3342 ἦν,

217 3366 334 3416 ἐδει
365 3364 689 3417 πεπαῦσθαι
711 3382 726 3429 ;

295 3479 457 3526 Δυοῖν
482 3476 662 3527 τοίνυν
688 3475 902 3545 ἀνάγκη
941 3476 1169 3546 θάτερον
1190 3491 1204 3505 ⁹
1242 3478 1296 3548 ἢ,
1328 3478 1401 3541 ὼς
1433 3477 1491 3529 ού
1521 3479 1631 3530 τῶν
1659 3479 1800 3546 φαύο

221 3569 331 3618 λων
365 3567 485 3617 ἐστὶ
524 3568 584 3618 τὸ
611 3566 1002 3636 Θρασύνεσθαι,
1032 3569 1194 3637 εἰπερ
1242 3571 1268 3620 ὁ
1298 3571 1405 3622 τῶν
1433 3569 1643 3638 ἀνδρῶν
1683 3572 1799 3639 ἄρι-

226 3676 355 3720 ττος
409 3658 616 3726 θρασὺς
644 3659 776 3728 παρξ
807 3659 1011 3723 αὐτοῖς,
1053 3661 1110 3728 ἢ,
1145 3661 1192 3712 εἰ
1230 3661 1338 3712 τῶν
1371 3662 1608 3729 φαύλων,
1636 3663 1797 3714 ἄλλου

221 3751 573 3820 κατηγόρημ)
615 3749 680 3802 ἂν
712 3751 798 3819 εἴη
826 3753 943 3803 τόδε
975 3755 1069 3804 καὶ
1111 3754 1210 3804 οὐκ
1244 3753 1431 3816 αὑτοῦ,
1464 3755 1620 3822 εἴπερ
1647 3753 1801 3819 οὗτος

223 3843 490 3894 τάναντία
516 3843 724 3895 τούτων
776 3844 872 3894 καὶ
924 3844 1188 3910 πεφυκὼς
1233 3846 1328 3896 καὶ
1359 3847 1794 3916 πολιτευόμενος.

225 3933 292 3985 Εἰ
323 3932 378 3983 δὲ
419 3932 594 4000 βούλει
627 3934 719 3986 καὶ
750 3933 921 3996 οὕτως
942 3951 957 3966 ο
987 3936 1035 3986 εἰ
1078 3935 1175 4004 μὲν
1207 3937 1373 3988 καλὸν
1420 3939 1452 4005 ἡ
1497 3938 1796 4005 θρασύτης,

227 4025 326 4077 καὶ
350 4025 659 4094 Χανδρηνδς
703 4026 769 4077 ἂν
799 4025 882 4094 εἴη
918 4025 1161 4089 τοιοῦτος
1197 4031 1373 4098 ταύτῃ
1423 4032 1795 4099 χρησάμενος,

227 4116 429 4168 οὔκουν
465 4116 665 4179 αἰτίας,
696 4117 812 4168 ἀλλ’
843 4119 1086 4169 ὲπαίνων
1117 4119 1267 4182 άξιος
1296 4137 1308 4149 ο
1344 4123 1392 4173 εί
1430 4121 1486 4172 δὲ
1517 4125 1798 4190 αἴσχιστον

235 4209 337 4274 μὲν
367 4207 531 4258 τοῦτο
577 4209 673 4259 καὶ
713 4209 908 4275 μανίας
940 4209 1128 4276 ἐγγὺς,
1162 4210 1338 4281 τούτῳ
1381 4212 1437 4264 δὲ
1462 4214 1684 4278 πάντες,
1721 4215 1798 4277 ὡς

231 4298 389 4367 καλῷ
409 4298 655 4365 κάγαθῷ,
691 4300 866 4351 πάντα
890 4301 956 4351 τά
993 4300 1248 4369 βέλτιστα
1277 4306 1368 4355 καὶ
1401 4303 1680 4373 βούλονται
1707 4308 1801 4360 καὶ

234 4392 614 4458 συνεύχονται,
654 4391 752 4458 οὐχ
807 4392 919 4460 όρῶ
949 4394 1067 4455 πῶς
1125 4397 1188 4446 ἄν
1218 4413 1360 4457 τινες
1395 4399 1594 4464 μᾶλλον
1631 4416 1801 4452 κατα-

1355 393 1636 455 ORATIO
1678 394 1824 454 PRO
1866 392 2351 454 CllANDllENO.

302 507 505 556 Σκόπει
531 504 587 556 δὲ
625 505 847 557 κάκεῖνα
875 543 892 567 ,
917 499 961 557 ὦ
997 503 1236 573 βασιλεῦ.
1295 505 1356 556 Ei
1383 505 1480 574 μὲν
1511 504 1792 573 βδελυρίας
1825 513 1863 561 Α

3364 391 3468 456 370

1967 501 2091 555 llaec
2142 504 2307 556 etiam
2371 504 2575 558 ροηδίἀι
2598 519 2688 564 ra,
2740 516 2770 554 o
2817 501 3146 571 imperator.
3193 503 3240 558 si
3285 519 3474 559 revera

1894 593 2115 661 ﬂagitiis
2157 595 2479 664 jamdudum
2513 595 2731 648 deditus
2786 594 2888 649 iste
2932 604 2987 648 et
3040 593 3292 663 pessima:
3329 605 3475 648 notae

1893 696 2034 740 esset
2067 686 2251 746 homo,
2287 705 2392 741 non
2429 695 2639 741 tantum
2665 689 2730 740 de
2769 687 3136 756 quibusuunc
3165 699 3475 750 accusatur,

1894 777 1987 830 sed
2040 780 2207 830 multa
2263 779 2365 830 alia
2415 789 2611 846 praeter
2657 778 2774 831 hate
2806 787 2963 831 antea
3009 778 3474 848 perpetravisset;

1894 869 1940 921 si
1999 878 2178 921 autem
2235 870 2301 921 ah
2353 870 2501 923 omni
2560 880 2809 936 tempore
2869 871 3110 938 optimus
3163 879 3218 923 et
3268 869 3478 936 probus

1895 967 1999 1018 est,
2045 966 2102 1010 et
2144 956 2270 1010 boni
2313 968 2369 1010 et
2424 960 2603 1026 atqui,
2661 969 2718 1011 ut
2764 973 2927 1012 nemo
2965 959 3157 1028 magis,
3201 960 3469 1012 rationem

1896 1047 2108 1110 habuit,
2131 1055 2187 1099 et
2231 1059 2521 1117 propterea
2559 1064 2719 1103 nemo
2745 1049 3047 1118 aliquando
3093 1065 3219 1103 eum
3255 1059 3475 1117 proter—

1897 1143 2078 1198 vitatis
2131 1139 2441 1202 accusavit,
2483 1155 2582 1193 cur
2621 1140 2670 1193 ei
2732 1140 3132 1207 exprobramus
3190 1154 3314 1206 quae
3368 1153 3476 1191 non

1896 1237 2092 1291 decent
2127 1246 2181 1289 ct
2227 1250 2347 1302 qum
2383 1233 2477 1285 alii
2521 1231 2692 1299 magis
2728 1246 2892 1298 quam
2939 1231 2988 1284 ei
3020 1229 3379 1290 conveniunt,
3419 1238 3476 1282 et

1898 1343 2009 1380 non
2037 1326 2424 1378 erubescimus
2457 1321 2627 1374 solem
2674 1321 2882 1372 ultima:
2935 1320 3250 1373 atrocitatis
3297 1318 3476 1372 facere

1897 1429 2132 1480 testem,
2182 1417 2349 1470 veluti
2386 1415 2428 1468 si
2467 1412 2592 1482 quis
2640 1412 2942 1480 Cephalum
2986 1420 3042 1464 et
3087 1410 3478 1480 Aristophonta

1897 1516 2182 1563 accusaret
2210 1520 2524 1576 perversam
2561 1504 2818 1557 habuisse
2869 1503 3058 1566 vitam,
3089 1502 3293 1570 quibus
3327 1511 3477 1565 tanta

1898 1601 2147 1671 probitas
2190 1599 2388 1659 iuerat,
2422 1607 2479 1648 ut
2523 1612 2628 1648 non
2663 1604 2870 1647 tantum
2914 1595 3056 1647 inter
3083 1609 3142 1647 se
3173 1594 3241 1647 de
3277 1595 3478 1649 virtute

1901 1703 2197 1751 certarent,
2232 1691 2327 1744 sed
2358 1689 2525 1743 etiam
2557 1689 2668 1741 sint
2699 1686 2820 1741 aliis
2853 1685 3238 1740 excellentium
3263 1701 3477 1740 morum

1901 1783 2178 1849 exemplar
2197 1781 2217 1834 τ

1969 1895 2086 1948 Non
2143 1905 2350 1948 tantum
2405 1910 2536 1963 ergo
2586 1910 2706 1948 sese
2761 1893 3006 1948 accusari
3060 1892 3477 1947 acerbissimum

1901 1988 2114 2041 videtur
2135 1986 2487 2046 Cltaudreuo,
2525 1987 2614 2054 qui
2649 1987 2720 2038 nil
2751 1988 2853 2040 lalc
2887 1987 2942 2039 in
2971 1986 3120 2039 omni
3152 1987 3256 2039 vita
3289 2000 3481 2053 passus

1899 2091 2002 2139 est.
2042 2082 2135 2134 sed
2178 2083 2344 2133 etiam
2393 2080 2521 2131 illud
2575 2079 2747 2130 multo
2797 2078 3049 2130 acerbius
3105 2078 3289 2147 qttod,
3353 2091 3478 2130 cum

1898 2174 2291 2228 excellentiora
2330 2186 2582 2238 qineque,
2619 2171 2690 2222 uil
2735 2186 2864 2223 vero
2899 2170 3098 2223 malum
3143 2170 3249 2222 sibi
3301 2171 3481 2223 inesse

1900 2265 2156 2317 conscius
2187 2265 2277 2323 sit,
2297 2272 2351 2315 et
2373 2262 2570 2313 multas
2589 2261 2658 2312 ob
2677 2259 2814 2312 bene
2846 2267 2995 2326 gesta
3015 2268 3296 2326 exspectet
3324 2271 3483 2311 coro-

1901 2368 2018 2415 nas,
2045 2369 2236 2405 omnes
2257 2369 2312 2405 ut
2337 2355 2408 2404 ita
2442 2351 2642 2413 dicam,
2661 2350 3021 2401 admiratores
3043 2348 3259 2411 habeat,
3281 2348 3480 2402 deinde

1900 2461 2006 2499 non
2031 2447 2190 2498 modo
2220 2448 2326 2499 tale
2358 2445 2462 2498 sibi
2500 2443 2797 2512 quidquam
2835 2443 3074 2506 aﬂuerit,
3107 2442 3202 2495 sed
3221 2443 3395 2496 etiam
3415 2443 3483 2494 de

1900 2537 1986 2590 his
2036 2549 2320 2592 accusetur
2368 2554 2488 2605 qua:
2529 2536 2816 2588 lltnuinum
2861 2549 3080 2588 sursum
3117 2550 3307 2589 versus
3351 2544 3484 2589 sunt

1899 2643 1956 2686 et
1998 2632 2333 2701 hujusmodi.
2386 2630 2675 2696 Quomodo
2704 2646 2813 2682 non
2845 2629 3145 2683 absurdqu
3179 2639 3338 2683 estet
3363 2628 3482 2682 sin-

1899 2726 2110 2791 gulare,
2147 2725 2190 2778 si
2229 2723 2295 2776 ad
2331 2732 2539 2776 tantam
2574 2721 3055 2775 mansuetudinem
3086 2728 3141 2773 et
3169 2721 3481 2789 aequitatem

1900 2829 1954 2871 et
1984 2818 2205 2877 omnia,
2239 2827 2298 2870 ut
2334 2816 2406 2868 ita
2447 2815 2651 2881 dicant,
2700 2816 3075 2884 pulélterrima
3115 2814 3382 2879 ascendit,
3425 2823 3484 2866 nt

1900 2909 2027 2962 inde
2061 2912 2366 2961 innotescat
2408 2921 2464 2962 et
2497 2908 2581 2961 his
2626 2908 2860 2961 maxime
2903 2907 3236 2972 celebretur,
3270 2916 3324 2960 et
3363 2923 3484 2976 qua)

1901 3000 1988 3052 his
2035 3001 2311 3052 contraria
2357 3011 2487 3052 sunt
2539 3014 2646 3051 non
2695 2998 2856 3051 modo
2907 2997 3122 3060 facere,
3173 2997 3269 3052 scd
3317 2999 3483 3053 etiam

1901 3091 2186 3143 nominare
2225 3091 2541 3150 abhorreat,
2589 3105 2741 3153 eum,
2775 3089 2964 3144 nescio
2983 3090 3286 3158 quomodo,
3315 3091 3484 3144 auda-

1901 3186 1999 3238 cia:
2028 3186 2234 3237 crimen
2270 3187 2574 3251 suscipere,
2617 3193 2669 3236 et
2699 3183 3001 3251 przesertim
3035 3184 3092 3238 in
3128 3191 3275 3237 tanta
3297 3193 3482 3249 aetate,

1913 3274 2102 3342 possit,
2132 3291 2282 3335 cum,
2330 3275 2373 3327 si
2417 3275 2548 3342 quid
2600 3274 2716 3326 vitii
2767 3273 3039 3342 reliquum
3091 3288 3158 3328 ex
3194 3273 3483 3343 iuventute

1913 3367 2262 3430 remanserit,
2292 3381 2507 3420 cessare
2534 3367 2856 3435 oporteret?

1981 3481 2057 3533 Ex
2086 3482 2298 3535 duobus
2318 3482 2646 3535 alterutrum
2672 3483 2742 3536 sit
2774 3465 3005 3538 necesse
3033 3492 3120 3539 est
3153 3495 3302 3550 :aut,
3333 3486 3484 3555 igna-

1909 3589 2102 3627 vorum
2125 3574 2404 3643 proprium
2432 3590 2538 3628 non
2558 3585 2640 3628 cst
2658 3577 2906 3638 audacia,
2929 3577 2971 3629 si
2991 3577 3210 3645 quidem
3240 3576 3483 3632 virorum

1909 3667 2149 3735 Optimus
2179 3664 2322 3734 apud
2356 3683 2450 3721 eos
2468 3669 2643 3720 audax
2673 3677 2775 3731 est,
2819 3679 2934 3732 aut,
2969 3670 3012 3722 si
3047 3668 3368 3738 ignavorum
3403 3681 3486 3724 est

1910 3748 2212 3826 pr0priuin,
2239 3759 2379 3812 alius
2417 3759 2508 3811 sed
2533 3776 2638 3812 non
2663 3760 2750 3813 ille
2775 3760 2830 3813 in
2874 3761 3014 3813 hanc
3043 3762 3483 3816 criminationem

1909 3851 2084 3913 venit,
2131 3851 2402 3918 siquidem
2449 3851 2536 3903 ille
2573 3866 2790 3917 semper
2826 3860 3018 3905 natura
3060 3861 3115 3906 et
3154 3853 3262 3906 vita
3313 3854 3383 3907 ab
3417 3854 3484 3907 iis

1906 3943 2259 4012 discrepavit.
2302 3945 2407 3996 Aut
2445 3944 2489 3997 si
2534 3945 2617 3997 vis
2659 3943 2731 3998 ita
2770 3960 2856 3998 res
2903 3954 3024 3997 est:
3062 3945 3102 3998 si
3144 3945 3374 4014 pulchra
3413 3946 3486 3999 sit

1909 4037 2153 4099 audacia,
2184 4044 2238 4090 ct
2269 4035 2632 4091 Chandrenus
2667 4037 2755 4089 illa
2781 4052 2903 4090 cum
2941 4052 3072 4089 usus
3105 4038 3196 4099 sit,
3231 4053 3338 4091 nou
3375 4040 3484 4091 cri-

1909 4126 2232 4190 minatione,
2278 4126 2372 4180 sed
2397 4127 2556 4179 laude
2601 4127 2800 4193 dignus
2833 4127 3048 4180 evasit:
3089 4127 3133 4179 si
3169 4135 3350 4178 autem
3389 4111 3480 4179 illa

1911 4219 2219 4288 turpissima
2267 4229 2323 4273 et
2375 4219 2630 4272 amentia:
2671 4219 2941 4280 ﬁnitima,
2994 4233 3120 4272 cum
3166 4234 3361 4273 omnes
3404 4220 3481 4272 illi

1912 4321 2100 4378 utpote
2145 4311 2290 4364 bono
2350 4313 2631 4378 proboque
2680 4313 2885 4378 optima
2935 4325 3164 4378 quaeque
3214 4311 3382 4364 velint
3428 4319 3484 4363 et

1909 4411 2158 4464 exorent,
2189 4416 2294 4453 non
2331 4401 2488 4454 video
2513 4418 2612 4454 cur
2646 4400 2868 4468 quidam
2902 4401 3054 4452 illum
3080 4410 3268 4468 aperte
3296 4401 3484 4468 potius

237 4484 432 4548 φανείς
487 4482 734 4547 γένοιντο
771 4484 1255 4550 συκοφαντοῦντες,
1302 4489 1396 4538 καὶ
1418 4490 1557 4556 σφᾶς
1586 4495 1804 4555 αὐτοὺς,
1841 4510 1867 4565 ι]

1911 4493 2292 4557 criminentur,
2315 4503 2370 4547 et
2389 4494 2624 4560 seipsos,
2655 4508 2761 4545 non
2784 4493 2928 4560 quod
2960 4508 3150 4546 verum
3173 4503 3256 4546 est
3280 4493 3484 4546 dixisse

232 4572 310 4634 ὡς
345 4573 449 4623 οὐκ
499 4571 672 4640 ἀληθῆ
705 4574 971 4637 λέγουσιν,
1008 4575 1404 4645 ἐξελέγχοντες,
1445 4583 1480 4634 ἂ
1517 4583 1590 4650 μὴ
1621 4583 1799 4646 ἕξῖστι

233 4663 513 4729 λέγοντες,
544 4666 658 4725 καὶ,
695 4654 721 4716 δ
758 4665 974 4733 μάλιστ’
1002 4668 1066 4720 ἄν
1091 4686 1172 4731 τις
1209 4670 1348 4740 ὑπὲρ
1375 4673 1540 4724 αὑτοῦ
1570 4677 1660 4726 καὶ
1684 4673 1803 4726 κατ’

233 4755 418 4807 αὐτῶν
450 4754 685 4818 εὔξαιτο,
743 4756 1186 4827 θαυμαστότερον
1220 4761 1409 4814 τοῦτον
1453 4769 1570 4827 ταῖς
1600 4768 1803 4830 αἰτίαις

233 4849 572 4908 δεικνύντες,
623 4849 658 4918 ἢ
687 4849 734 4898 εί
773 4849 991 4908 πολλοῖς
1049 4852 1293 4920 ἐχρῶντο
1346 4855 1466 4906 κατ’
1498 4858 1664 4908 αὑτοῦ
1692 4861 1805 4921 τοῖς

236 4939 506 4999 ἐπαίνοις.
540 4937 763 5005 Πρῶτον
805 4939 902 5006 μὲν
923 4939 1054 5008 γάρ,
1086 4943 1144 4992 ἐν
1177 4943 1253 5010 τῷ
1297 4945 1414 4995 κατ’
1439 4946 1604 4998 αὐτοῦ
1631 4947 1808 5014 λέγειν

232 5031 466 5090 τούτους
511 5031 548 5082 ἃ.
581 5031 654 5099 μὴ
694 5029 795 5092 δεῖ,
830 5031 1205 5086 διανίστανται
1230 5036 1426 5098 πάντες
1460 5039 1600 5106 ὑπὲρ
1639 5041 1808 5093 αὐτοῦ

237 5124 422 5188 λέγειν
442 5122 478 5174 ἃ.
499 5122 598 5182 δεῖ,
633 5122 728 5172 καὶ
755 5122 882 5184 τούς
906 5140 968 5189 γε
1000 5123 1092 5176 δύο
1123 5127 1150 5192 ἦ
1185 5130 1332 5195 τρεῖς
1360 5129 1563 5181 τούτων
1604 5133 1808 5199 φληνά-

237 5230 370 5274 φους
407 5214 436 5262 ό
468 5211 574 5262 τῶν
599 5213 888 5279 ἐγκωμίων
917 5213 1088 5280 ἑσμὸς
1135 5218 1470 5286 παρασύρει,
1504 5221 1599 5272 καὶ
1633 5223 1808 5284 οὐδεὶς

237 5305 295 5364 ὃς
324 5303 428 5371 οὐχ
471 5302 612 5370 ὑπὲρ
648 5302 815 5354 αὐτοῦ
865 5307 958 5356 καὶ
1015 5308 1136 5359 κατ’
1167 5310 1346 5361 αὐτῶν
1383 5311 1592 5376 γίνεται
1626 5317 1809 5384 ῥήτωρ

239 5394 479 5463 εὔπορος
502 5409 516 5423 °
552 5395 764 5458 ἔπειτα,
795 5395 842 5446 εἰ
869 5399 979 5459 τοῖς
1014 5399 1099 5452 διὰ
1135 5400 1250 5470 βίου
1288 5406 1678 5474 πονηροτάτοις
1713 5409 1812 5460 οὐκ

315 5593 430 5668 (σῃ)
472 5592 743 5668 Cephalus
773 5605 935 5650 notus
973 5606 1109 5652 este
1136 5601 1317 5668 primo
1355 5601 1648 5656 Platonicae
1679 5604 1810 5658 Rei-

245 5665 481 5738 publicae
514 5666 679 5738 libro.
712 5667 790 5738 An
839 5667 984 5720 hunc
1015 5665 1316 5736 respexerit
1353 5682 1541 5724 orator
1591 5675 1809 5738 nescio;

248 5749 349 5787 nec
381 5735 504 5799 quis
539 5736 610 5787 sit
659 5736 989 5805 Aristophou
1046 5739 1134 5791 ille
1184 5740 1340 5793 facile
1373 5741 1622 5795 dixerim.
1661 5735 1810 5806 Quos

246 5806 372 5856 ιωνὶ
417 5805 835 5868 Aristophontes
885 5818 1032 5860 tanta
1081 5812 1300 5864 virtutis
1354 5813 1514 5866 laudc
1557 5805 1807 5867 ﬂoruisse

1893 4583 2246 4652 convincam,
2271 4599 2393 4651 qure
2415 4600 2522 4635 non
2551 4583 2745 4636 decent
2768 4583 2953 4636 dicant
2979 4594 3054 4643 ct,
3080 4584 3223 4652 quod
3253 4585 3484 4636 maxime

1894 4662 2226 4743 aliquis'pro
2268 4675 2360 4727 illo
2395 4686 2448 4729 et
2485 4687 2674 4728 contra
2716 4693 2811 4728 eos
2847 4687 3187 4743 precaretur,
3257 4678 3486 4730 mirabi-

1896 4768 2089 4821 liorem
2133 4769 2280 4820 illutn
2326 4785 2420 4836 per
2455 4771 2871 4822 criminationes
2896 4772 3210 4832 ostendant,
3244 4787 3407 4838 quam
3438 4772 3482 4827 si

1902 4861 2086 4913 multis
2120 4860 2375 4914 laudibus
2410 4861 2560 4913 illum
2606 4863 2994 4926 cumularent;
3036 4861 3274 4930 primum
3310 4863 3484 4928 enim,

1901 4966 2026 5003 cum
2060 4952 2323 5002 adversus
2368 4951 2516 5003 illutn
2556 4952 2644 5004 isti
2688 4952 2879 5004 dicunt
2911 4969 3030 5019 quae
3086 4968 3192 5005 non
3248 4963 3486 5019 Oportet,

1907 5055 2098 5092 omnes
2124 5052 2419 5108 exsurgent
2465 5052 2522 5092 ut
2562 5058 2682 5109 qua:
2705 5052 2920 5109 oportet
2943 5042 3010 5094 de
3037 5043 3129 5095 illo
3152 5043 3482 5106 edisserant,

1908 5140 1963 5185 et
1994 5131 2129 5184 duas
2154 5142 2246 5183 aut
2271 5142 2381 5185 tres
2403 5148 2590 5184 eorum
2621 5133 2848 5200 ineptias
2871 5133 3089 5186 landum
3114 5134 3285 5188 moles
3312 5146 3484 5189 trans-

1911 5224 2099 5285 vertit,
2149 5233 2203 5275 ct
2231 5239 2392 5275 nemo
2421 5234 2504 5275 est
2534 5225 2625 5292 qui
2657 5239 2764 5276 non
2796 5238 2894 5292 pro
2938 5225 3030 5278 illo
3056 5235 3112 5278 et
3155 5235 3344 5280 contra
3389 5242 3485 5281 eos

1913 5314 2166 5380 copiosus
2201 5316 2426 5370 exsistat
2475 5325 2678 5370 orator.
2722 5315 2959 5382 Deinde,
2994 5317 3037 5370 si
3074 5319 3198 5387 quis
3232 5319 3484 5373 homines

1914 5420 2185 5474 perversa:
2203 5407 2325 5460 vita
2351 5422 2455 5460 nou
2482 5418 2763 5462 accusaret
2794 5418 2854 5461 ut
2876 5409 3199 5465 malcfacere
3237 5423 3481 5482 pergant,

1915 5606 2162 5688 nondum
2214 5610 2476 5679 comperi.
2519 5609 2605 5664 15a
2653 5611 2833 5667 forsan
2884 5613 3103 5668 nomina
3142 5622 3347 5670 temere
3392 5632 3483 5687 po-

1914 5691 2041 5732 Sllll.

2151 5746 2222 5801 De
2244 5750 2538 5825 proverbio
2571 5752 2701 5825 Advo)
2730 5755 2995 5825 ποταμῶν
3018 5757 3258 5825 χωροῦσι
3289 5762 3485 5823 πηγαὶ,

1919 5818 2038 5870 ι’ἰιΙυ
2071 5818 2313 5878 Gregorii
2348 5821 2531 5877 Cvorii
2570 5818 2888 5882 Proverbia;
2922 5818 3052 5879 tom".
3083 5818 3288 5881 CXLII.
3327 5818 3479 5882 linit.
