4232 6432
719 357 818 423 371

1938 363 2341 426 TIIEODULI
2381 364 2736 425 MONACHI

3854 365 3961 428 37!

721 479 846 532 inde
884 478 1133 546 sequitur
1162 487 1218 532 et‘
1253 493 1477 535 necesse
1513 481 1778 538 exaltera
1810 492 1962 551 parte
1990 495 2048 536 ut
2074 483 2118 536 si
2150 479 2280 547 quid

2386 476 2450 529 ἂν
2477 493 2562 539 τις
2588 477 2879 545 ἐγκαλέσαι
2912 477 3110 530 κακίαν
3129 476 3209 543 τῷ
3245 477 3635 547 συντετηκέναι
3676 479 3956 546 καθάπαξ.

718 568 910 621 falsum
959 568 1235 632 dixerim,
1287 585 1412 623 eum
1465 571 1698 625 veritate
1763 572 2083 641 loquantur.
2139 571 2283 638 Ergo

717 678 838 730 quae
871 662 944 714 illi
967 663 1320 730 exprobrant.
1349 664 1463 718 haec
1480 680 1606 718 eum
1638 667 1905 734 optimum
1938 680 2058 719 esse
2077 664 2281 719 confir-

719 761 889 818 mant,
923 761 980 807 et
1014 754 1275 821 quoniam
1325 754 1392 808 iis
1421 770 1543 824 quae
1581 755 2118 824 exprobrant'iidem
2170 769 2283 807 non

720 843 942 908 habent,
976 846 1069 899 sed
1108 861 1312 915 susque
1363 845 1544 916 deque
1587 848 1810 915 penitus
1853 847 2129 909 feruntur,
2169 845 2285 900 haec

717 950 823 989 non
849 945 1059 992 tantum
1090 938 1459 1004 innocentem,
1486 940 1581 994 sed
1608 951 1664 995 et
1693 939 2092 1010 praeclariorem
2119 954 2282 1009 quam

715 1036 875 1081 antea
931 1030 1249 1094 ostendunt,
1304 1031 1435 1085 dum
1487 1034 1588 1101 ipsi
1624 1032 1678 1087 in
1714 1033 2151 1088 criminationem
2200 1034 2285 1087 in-

714 1131 968 1184 currunt,
997 1131 1049 1175 et
1079 1137 1142 1176 et
1182 1123 1314 1191 ipsis
1344 1124 1442 1178 has
1477 1132 1668 1192 paenas'
1712 1140 1819 1179 non
1855 1126 2284 1194 reprehensione

714 1209 908 1281 dignas
949 1224 1194 1277 sumunt,
1243 1215 1387 1283 quod
1431 1216 1559 1277 mali
1609 1217 1806 1270 merito
1846 1229 2174 1287 arguuntur.

784 1475 841 1530 Si
876 1476 1042 1546 igitur
1085 1492 1195 1532 non
1244 1479 1412 1533 modo
1461 1495 1576 1535 non
1614 1481 1750 1535 citra
1778 1482 2012 1549 omnemi
2040 1481 2280 1550 culpam,

716 1568 811 1621 sed
856 1578 910 1622 et
957 1572 1199 1638 optimus
1249 1572 1408 1640 plane
1433 1573 1747 1636 exstiterit,
1790 1582 1845 1627 et
1885 1589 2178 1642 perversos
2220 1589 2285 1628 ac

714 1660 974 1714 scelestos
1009 1661 1434 1715 calumniatores
1461 1678 1654 1718 omnes
1695 1674 1890 1732 sponte
1917 1663 2282 1733 redarguerit,

715 1752 992 1820 quomodo
1026 1769 1133 1806 non
1182 1769 1404 1809 necesse
1463 1754 1533 1809 sit
1592 1755 1741 1808 illum
1775 1755 1997 1824 quidem
2053 1755 2282 1810 honori-

718 1846 819 1898 bus
870 1845 1007 1898 allici
1058 1856 1111 1900 et
1165 1848 1492 1902 muneribus
1542 1846 1766 1914 donari,
1817 1859 2036 1902 etcum
2081 1849 2286 1918 majore

715 1957 875 2009 quam
902 1952 1060 1994 antea
1092 1943 1384 2010 Splendore
1426 1945 1590 1999 rebus
1612 1944 1850 2012 publicis
1879 1945 2206 2009 immisceri,
2228 1955 2285 1998 et

718 2043 938 2102 propter
986 2050 1194 2099 mones,
1241 2044 1296 2089 et
1350 2049 1575 2105 propter
1618 2037 1816 2090 bonam
1841 2037 2096 2105 ,l‘amam,
2151 2040 2287 2089 Istos

713 2140 896 2181 autem
943 2128 1071 2181 odio
1109 2143 1229 2183 esse
1267 2139 1322 2184 et
1365 2144 1552 2197 ptenas
1597 2130 1833 2197 pendere
1880 2127 2287 2197 protervitatis?

713 2232 811 2275 aut
862 2224 1064 2291 potius,
1097 2223 1142 2274 si
1195 2236 1379 2288 aequas
1435 2220 1674 2288 pendent
1728 2218 1802 2285 (et
1841 2217 2099 2286 pendent,
2133 2226 2285 2269 certo

714 2319 867 2380 scio,
930 2328 987 2368 ut
1038 2315 1238 2368 accidit
1300 2315 1510 2381 smpe),
1570 2311 1669 2380 ipsi
1734 2312 1994 2366 meliores
2057 2311 2285 2378 posthac

714 2410 983 2472 evadent,
1029 2419 1086 2463 et
1134 2408 1407 2461 neminem
1459 2407 1704 2459 otnnium
1767 2406 1956 2459 eadem
2004 2405 2286 2472 suscipere

716 2503 976 2566 arbitror,
1033 2517 1259 2570 gnarum
1308 2516 1430 2569 quae.
1475 2501 1735 2568 patietur.
1793 2497 1849 2553 Si
1885 2499 2067 2562 enim,
2117 2497 2284 2565 siqui

716 2605 882 2649 antea
916 2596 1028 2649 lucc
1065 2594 1266 2648 delicta
1304 2593 1645 2647 admiserunt
1679 2606 1841 2659 paena
1886 2590 2118 2646 fuissent
2149 2594 2288 2645 mul-

717 2687 812 2740 tati
841 2729 883 2748 ,,
917 2703 1024 2739 non
1055 2688 1170 2740 lure
1204 2688 1291 2740 isti
1330 2686 1625 2751 fecissent;
1655 2694 1770 2748 aut,
1798 2684 1918 2737 istis
1944 2699 2089 2736 nunc
2119 2684 2283 2737 casti-

717 2783 888 2850 gatis,
933 2781 1075 2833 alius
1108 2796 1213 2832 non
1253 2780 1434 2842 faciet,
1468 2779 1592 2847 quia
1628 2777 1900 2841 homines,
1939 2777 2056 2830 sive
2103 2776 2286 2840 bonis,

717 2872 834 2923 sive
871 2871 1029 2923 malis
1077 2871 1342 2939 exemplis
1374 2866 1810 2937 prmcedentibus
1862 2864 1939 2918 uti
1986 2878 2288 2918 consueve-

720 2969 871 3014 l'lllli.

788 3051 1114 3113 Considera,
1161 3050 1477 3118 imperator,
1522 3061 1662 3118 quot
1709 3049 1870 3103 nobis
1928 3047 2197 3103 bonorum
2233 3050 2287 3103 in

2387 566 2684 619 ἀκόλουθον
2717 567 2782 620 ἂν
2811 567 2900 635 εἴη
2924 566 3018 618 καὶ
3054 567 3202 620 πᾶσα
3231 567 3447 636 ἀνάγκη
3471 569 3611 621 κατά
3633 568 3735 634 τῆς
3762 570 3960 638 ἑτέρας

2390 663 2631 731 μερίδος,
2656 664 2753 715 ἐάν
2785 681 2837 715 τι
2875 662 3140 730 σφαλῶσι,
3168 662 3291 732 μετ’
3333 662 3592 731 ἀληθείας
3619 662 3861 732 χρῆσθαι
3889 665 3958 732 τῇ

2387 752 2626 824 γλώττῃ.
2686 755 2896 807 Οὐκοῦν
2927 748 3010 818 οἷς
3042 753 3144 823 μιν
3191 754 3356 809 αὐτὸν
3406 757 3712 815 αἰτιῶνται,
3746 753 3962 815 τούτοις

2385 845 2462 909 ὡς
2481 847 2598 900 ἐστι
2649 848 2893 915 χρηστὸς
2944 846 3256 921 βεδαιοῦςιν
3279 864 3294 879 ⁸
3332 843 3414 911 οἷς
3436 849 3481 900 δ’
3518 849 3580 901 οὐ
3613 849 3967 921 πμσάγουσι·

2388 938 2575 991 πίστιν
2626 933 2716 998 οἷς
2772 940 3078 1000 αἰτιῶνται,
3301 938 3490 1001 ἁπλῶς
3527 919 3964 992 ἀνω-καὶκάτω

2386 1030 2657 1100 χωροῦσιν
2687 1031 2834 1094 είκῆ.
2861 1031 3075 1092 τούτοις
3105 1011 3270 1084 αὑτὸν
3297 1031 3396 1083 οὐκ
3443 1031 3524 1092 είς
3551 1030 3827 1091 ἀναιτίους
3858 1030 3962 1098 μό-

2388 1141 2499 1186 νον,
2537 1125 2672 1177 ἀλλὰ
2709 1126 2804 1177 καὶ
2843 1125 3263 1195 λαμπροτέρους
3315 1123 3350 1193 ἢ
3398 1121 3635 1195 πρόσθεν
3693 1124 3968 1182 τιθέντες,

2389 1217 2482 1271 ὐπ’
2503 1220 2682 1271 αἰτίαν
2716 1221 2851 1286 arpi:
2877 1220 3075 1281 αὐτοι-ος
3104 1219 3416 1280 καθιστᾶσι,
3440 1220 3536 1271 καὶ
3563 1217 3722 1285 δίκην
3749 1199 3965 1281 ταῦτην

2387 1309 2520 1379 παρ’
2553 1311 2732 1363 αὐτῶν
2761 1311 3133 1378 λαμϐάνουσιν
3155 1303 3237 1362 οὺ’
3254 1308 3533 1379 μεμπτὴν,
3561 1308 3622 1359 τι
3660 1306 3824 1358 κακοὶ
3859 1321 3963 1356 κα-

2388 1402 2491 1462 λῶς
2531 1402 2734 1472 σφόδρα
2766 1406 3023 1472 φανῆναι.

2459 1485 2519 1546 Ei
2550 1494 2728 1547 τοίνυν
2749 1497 2775 1547 ό
2808 1496 2907 1562 μὲν
2929 1496 3029 1547 οὐκ
3061 1494 3249 1548 αἰτιῶν
3279 1491 3560 1561 ἀνώτερος
3605 1491 3787 1560 μόνον,
3824 1489 3966 1542 ἀλὶὰ

2387 1587 2483 1638 καὶ
2513 1587 2745 1654 χρηστὸς
2796 1589 3146 1639 παντάπασιν
3193 1575 3366 1645 ῶπτο.
3413 1585 3465 1637 οῖ
3501 1582 3556 1636 δὲ
3590 1583 3819 1651 πονηροὶ
3870 1583 3964 1633 καὶ

2391 1679 2578 1749 μιαροὶ
2636 1680 2730 1732 καὶ
2787 1678 3258 1745 συκοφαντοῦντες
3321 1674 3565 1744 ἀτεχνῶς
3614 1674 3698 1726 διά
3741 1674 3965 1723 πίντων

2388 1769 2766 1839 ἡλέγχθησαν,
2799 1769 2916 1831 πῶς
2943 1770 3043 1822 οὐκ
3075 1768 3290 1836 ἀνάγκη
3323 1771 3415 1819 τὸν
3449 1767 3546 1834 μὲν
3577 1766 3669 1817 καὶ
3701 1764 3962 1832 τμᾶσθαι

2387 1862 2482 1914 καὶ
2514 1861 2732 1929 δωρεῶν
2762 1860 3079 1922 ἀπολαύειν,
3117 1859 3212 1913 καὶ
3263 1861 3406 1928 μετὰ
3437 1859 3687 1928 μείζονος
3724 1858 3756 1925 ἦ
3788 1857 3962 1923 πρόα-

2388 1950 2481 2005 θεν
2500 1953 2596 2004 τοῦ
2635 1953 2916 2020 σχήματος
2977 1953 3090 2013 τοῖς
3121 1952 3449 2020 πράγμασιν
3496 1950 3726 2019 ὁμιλεῖν,
3759 1951 3870 2000 τῶν
3903 1965 3965 1999 τε

2387 2045 2571 2097 εἵνεκα
2599 2045 2839 2113 τρόπων,
2872 2041 2969 2095 τοῦ
3008 2059 3067 2094 τε
3117 2043 3306 2104 κακῶς
3340 2042 3598 2104 ἀκοῦσαι,
3629 2043 3753 2100 τοὺς
3781 2041 3838 2092 δὲ
3867 2040 3965 2090 καὶ

2391 2136 2666 2206 μισεῖσθαι
2697 2136 2794 2187 καὶ
2823 2135 2983 2203 δίκην
3014 2135 3240 2203 ὑπέχειν
3264 2135 3365 2202 τῆς
3402 2133 3721 2202 βδελυρίαςς
3759 2129 3966 2199 μᾶλλον

2385 2232 2462 2294 δὲ,
2497 2230 2598 2300 τὴν
2631 2229 2959 2298 γιγνομένην
2987 2228 3082 2280 ἐὰν
3105 2227 3419 2295 ὑπόσχωσιν
3458 2228 3479 2294 (
3503 2225 3760 2293 ὑφέξουσι
3787 2225 3868 2283 δὲ.
3900 2219 3964 2277 εὖ

2386 2321 2524 2388 οῖδα,
2553 2324 2628 2385 ῶς
2654 2322 2762 2374 ἔδει
2811 2339 2873 2388 γε
2914 2322 3006 2373 καὶ
3063 2319 3382 2387 πολλάκις),
3439 2318 3595 2370 αὐτοί
3622 2335 3680 2368 τε
3719 2317 3967 2385 βελτίους

2387 2415 2600 2468 ἔσονται
2636 2413 2732 2466 τοῦ
2768 2412 2955 2464 λοιποῦ
2984 2453 3001 2474 ,
3038 2413 3132 2466 καὶ
3166 2411 3335 2463 οὐδέν’
3365 2409 3446 2462 ἔτ’
3479 2405 3635 2476 οἶμαι
3681 2408 3794 2459 τῶν
3825 2408 3960 2459 πάνο

2388 2519 2498 2554 των
2532 2504 2644 2564 τοῖς
2677 2501 2859 2563 αὐτοῖς
2890 2494 3262 2570 ἐγχειρήσειν,
3295 2500 3456 2561 εἰδὼς
3493 2498 3607 2567 (26)
3632 2497 3667 2551 ἃ
3689 2499 3964 2550 πείσεται.

2390 2595 2452 2646 Ei
2485 2595 2615 2662 γὰρ,
2641 2594 2694 2646 εί
2729 2596 2780 2662 γ’
2807 2597 2854 2647 oi
2917 2597 3022 2664 πρὸ
3045 2595 3254 2647 τούτων
3298 2594 3477 2646 ταυτά
3510 2591 3972 2660 πλημμελοῦντες

2392 2688 2779 2756 ἐτιμωροῦντο,
2807 2691 2906 2740 οὐκ
2959 2688 3024 2740 ἂν
3066 2705 3213 2741 ουτοι
3246 2687 3402 2739 ταῦτ’
3456 2685 3727 2754 ἔδρασαν·
3780 2680 3816 2751 ἦ
3859 2700 3966 2734 που

2388 2778 2595 2831 τούτων
2622 2781 2740 2833 νυν).
2768 2777 3341 2842 κολασθέντων,ἀλλος
3367 2779 3430 2828 οὐ
3455 2777 3668 2845 δράσει,
3696 2774 3971 2826 εἰωθότων

2391 2870 2465 2935 ὡς
2491 2871 2560 2923 τὰ
2591 2871 2760 2922 πολλά
2790 2869 2898 2923 τῶν
2918 2868 3242 2938 ἀνθρώπων,
3274 2869 3375 2918 κάν
3402 2870 3514 2928 τοῖς
3539 2868 3828 2934 χρηστοῖς,
3860 2867 3969 2915 κάν

2391 2953 2504 3024 τοῖς
2532 2962 2783 3028 φαύλοις,
2815 2962 3221 3030 παραδείγμασι
3249 2962 3360 3020 τοῖς
3401 2958 3638 3025 φθάσασι
3671 2958 3938 3027 χρῆσθαι.

2461 3056 2662 3107 Σκόπει
2685 3055 2760 3119 δὲ,
2787 3049 2831 3108 ὦ
2859 3054 3099 3121 βασιλεῦ,
3125 3054 3266 3105 ὅσων
3295 3054 3427 3121 ἡμῖν
3476 3049 3696 3119 ἀγαθῶν
3731 3051 3822 3102 ἐπὶ
3870 3048 3972 3102 τοῦ

718 3146 978 3216 pra'senti
1023 3156 1218 3198 auctor
1240 3145 1383 3206 eris,
1405 3143 1450 3196 si
1482 3144 1596 3196 hac
1618 3142 1786 3196 facias
1815 3159 1829 3195 :
1855 3142 2113 3197 virtutem
2140 3145 2286 3197 enim

2368 3147 2660 3216 παρόντος
2684 3146 2856 3208 αἴτιος
2885 3145 3007 3216 ἔσῃ,
3034 3144 3190 3198 ταῦτ’
3238 3143 3637 3214 εἰργασμένοςο
3669 3143 3876 3212 ἀρετήν
3907 3159 3969 3194 τε

721 3239 943 3292 maximi
977 3238 1157 3292 facere
1208 3222 1505 3298 videberis,
1544 3244 1600 3290 et
1637 3235 1942 3289 calumnias
1994 3244 2292 3302 praesentes

719 3330 1044 3396 auferendo,
1079 3339 1135 3383 et
1177 3346 1241 3383 ne
1277 3331 1329 3382 in
1372 3328 1555 3383 futuro
1596 3329 1707 3382 sint
1757 3327 2126 3387 impediendo.
2153 3327 2312 3381 Cum

721 3424 826 3477 illa:
875 3438 905 3477 e
941 3423 1121 3482 medio
1153 3421 1432 3485 tollentur,
1466 3420 1627 3472 simul
1656 3418 1932 3473 auferetur
1981 3419 2084 3472 alia
2125 3420 2291 3473 malo-

725 3529 846 3566 rum
881 3513 1078 3576 serics,
1121 3521 1171 3566 et
1198 3521 1387 3565 contra
1416 3512 1620 3577 optima
1646 3524 1875 3577 qumque
1899 3507 2226 3572 aﬂercntur,
2248 3508 2291 3561 si

722 3603 946 3674 quidem
999 3603 1290 3657 calumniis
1332 3601 1601 3669 expulsis,
1660 3599 1962 3653 secundum
2016 3600 2296 3668 sapienter

723 3697 955 3759 dictum,
994 3697 1193 3765 cuique
1221 3695 1413 3747 virtuti
1444 3693 1719 3761 praebetur
1749 3693 2077 3746 subsidium.
2105 3692 2157 3746 Si
2193 3693 2296 3746 hac

723 3789 984 3844 felicitate
1023 3797 1075 3842 te
1106 3795 1367 3856 regnante
1389 3788 1679 3839 bearentur
1705 3785 1978 3849 civitates,
2013 3794 2068 3837 et
2104 3801 2296 3856 omnes

723 3880 855 3935 boni
905 3879 1225 3943 evaderent,
1265 3877 1369 3931 hoc
1415 3877 1588 3946 majus
1635 3886 1777 3930 esset
1819 3876 1914 3929 tibi
1970 3892 2100 3931 sane
2132 3893 2294 3944 quam

723 3973 908 4035 omnia
952 3987 1073 4042 quae
1116 3970 1224 4025 dici
1275 3978 1521 4038 possent,
1566 3977 1622 4022 et
1650 3971 1851 4034 omnis,
1886 3980 1944 4022 ut
1974 3969 2046 4021 ita
2092 3969 2292 4032 dicam,

725 4065 877 4118 orbis
928 4065 1217 4132 imperium
1265 4076 1373 4113 non
1426 4066 1574 4112 tanta
1615 4075 1701 4112 res
1745 4069 1918 4121 esset,
1967 4059 2093 4126 quia
2134 4075 2294 4114 omne

726 4172 918 4210 aurum
971 4152 1118 4224 quod
1154 4152 1255 4206 sub
1307 4160 1449 4205 terra
1483 4159 1579 4204 aut
1613 4167 1776 4220 super
1805 4162 1947 4207 terra
1986 4162 2070 4204 est
2103 4152 2295 4205 virtuti

731 4262 838 4300 non
873 4255 958 4299 est
982 4242 1455 4312 aaquiparandum.

798 4336 923 4390 Haec
949 4351 1100 4405 ergo,
1134 4335 1246 4388 Deo
1272 4335 1457 4396 dante,
1484 4346 1517 4385 ο
1551 4331 1865 4400 imperator.
1896 4340 1951 4384 et
1999 4339 2049 4384 te
2080 4331 2296 4386 volente

728 4427 1017 4482 celerrime
1062 4425 1309 4494 pmbeas
1352 4441 1366 4477 :
1415 4423 1504 4477 isti
1537 4433 1740 4484 autem,
1773 4421 1926 4491 (quid
1961 4422 2106 4475 enim
2139 4422 2294 4487 plura

729 4521 796 4575 de
820 4524 902 4575 eis
932 4529 1151 4589 oportet
1185 4519 1364 4571 dicere
1390 4516 1495 4569 nisi
1531 4516 1674 4584 quod
1711 4515 1821 4567 sint
1848 4514 2034 4579 mali?)
2073 4515 2116 4567 si
2151 4515 2298 4583 leges

735 4612 1067 4673 timuissent,
1096 4624 1204 4662 non
1241 4605 1372 4660 illud
1411 4615 1597 4658 contra
1632 4603 1779 4672 leges
1816 4603 2114 4656 fecissent:
2150 4619 2295 4656 nunc

731 4714 914 4757 autem
963 4717 1087 4754 cum
1130 4696 1516 4753 calumniando
1576 4695 1903 4764 deprehensi
1963 4694 2074 4748 sint
2117 4711 2294 4748 -men-

732 4800 887 4854 dacia
933 4813 1031 4866 pro
1066 4795 1214 4849 veris
1250 4793 1474 4846 ﬁnxisse
1503 4801 1560 4844 et
1591 4789 1939 4843 maledixisse
1968 4789 2054 4842 cui
2099 4805 2302 4842 secun-

733 4892 860 4944 dum
881 4889 1026 4959 leges
1043 4885 1370 4941 benedicere
1389 4883 1581 4951 utique
1599 4880 1894 4940 debebant,
1921 4879 2190 4948 siquidem
2214 4880 2299 4934 lex

735 4983 1081 5051 potissimum
1111 4990 1195 5051 est
1235 4981 1408 5031 bonos
1446 4975 1650 5038 vereri,
1687 4981 1815 5027 tunc
1850 4988 1908 5027 se
1939 4973 2089 5026 nullo
2136 4973 2300 5027 modo

737 5048 880 5144 leges
907 5073 1060 5143 pensi
1093 5048 1297 5124 habere
1327 5066 1712 5122 ostenderunt.
1766 5067 1876 5119 Aut
1911 5052 2112 5134 potius,
2143 5067 2298 5135 quasi

737 5171 882 5236 leges
903 5182 1011 5220 non
1039 5165 1307 5232 vigerent,
1334 5170 1430 5214 aut
1462 5160 1515 5213 in
1550 5158 1835 5212 codicibus
1862 5158 2301 5227 inutiliter‘vige-

736 5270 880 5323 rent,
913 5268 968 5312 et
1000 5273 1101 5311 nec
1133 5256 1348 5327 jndices
1384 5262 1532 5308 recte
1557 5251 1887 5322 iudicarent,
1927 5267 2026 5303 nec
2058 5253 2302 5320 corrige-

737 5363 888 5407 retur
921 5350 1283 5420 perversitas,
1328 5355 1382 5400 et
1427 5345 1727 5415 praesertim
1771 5358 1877 5396 non
1927 5351 2017 5403 tu.
2056 5359 2087 5397 ο
2130 5345 2303 5412 impe-

743 5455 909 5507 rator,
950 5458 1167 5510 semper
1210 5440 1415 5507 optima
1447 5451 1676 5505 quaque
1705 5435 1963 5488 omnibus
2010 5445 2300 5502 eauplares

735 5549 790 5590 et
833 5537 1008 5605 eOpiis
1049 5533 1292 5588 munires
1353 5529 1642 5599 imperium
1695 5539 1752 5581 ut
1800 5542 2016 5580 omnem
2073 5542 2300 5596 prorsus

808 5743 918 5808 (2’3)
961 5740 1014 5792 Si
1042 5739 1214 5790 εἰδῦτα
1246 5736 1576 5804 scripsisset,
1641 5729 2366 5808 solacismum_eil’ugisset.

743 5799 1000 5873 titubant,
1031 5819 1221 5878 ((Ppl'cl‘
1246 5799 1534 5878 syntaxccs
1570 5803 1928 5872 negligentius
1948 5799 2122 5853 obliti.

2377 4705 2556 4773 ’παρὰ
2579 4706 2705 4766 τοὺς
2735 4707 2934 4772 νόμους
2959 4721 2972 4735 ·

2368 4821 2374 4831 ν
2406 4814 2508 4849 σαν
2533 4797 2594 4849 τὸ
2620 4797 2691 4848 τὰ·
2723 4797 2802 4866 μὴ
2830 4797 2959 4849 ὂντα
3007 4795 3082 4858 ὡς
3130 4797 3259 4848 ὂντα
3291 4813 3353 4847 συ
3367 4796 3632 4864 μπλάσαι,
3656 4797 3751 4847 καὶ
3783 4792 3974 4853 κακῶς

2395 3239 2515 3306 γὰρ
2530 3237 2699 3302 δόξεις
2723 3255 2791 3291 πε
2802 3239 2852 3303 ρ“ι
2877 3237 3134 3288 πλείστου
3157 3235 3457 3299 ποιεῖσθαι,
3489 3237 3582 3287 καὶ
3599 3237 3972 3301 συκοφαντίαν

2394 3329 2676 3397 παροῦσαν
2698 3329 2794 3397 μὲν
2816 3330 3081 3397 ἀναιρεῖν,
3115 3326 3332 3380 ἔσεσθαι
3367 3327 3422 3379 δὲ
3438 3327 3748 3394 μέλλουσαν
3769 3324 3968 3391 ἴσχειν.

2395 3420 2621 3490 Ταύτης·
2640 3421 2695 3472 δὲ
2735 3421 3037 3490 γενομένης
3071 3423 3135 3472 ὲκ
3167 3419 3357 3487 μέσου,
3391 3419 3724 3471 συναπέσται
3759 3417 3972 3486 plvle

2396 3516 2424 3567 ό
2455 3514 2636 3572 λοιπὸς
2665 3513 2903 3581 όρμαθὸς
2940 3512 3048 3565 τῶν
3081 3513 3290 3574 κακῶν,
3320 3510 3869 3580 ἀντεισενεχθήσεται
3909 3510 3971 3562 δὲ

2396 3606 2506 3656 πᾶν
2541 3605 2604 3656 τὸ
2640 3604 2935 3673 βέλτιστον,
2971 3606 3129 3670 εἰπερ
3175 3603 3236 3656 τὸ
3286 3603 3653 3671 συκοφαντίας
3684 3602 3968 3671 ἀφεῖσθαι,

2395 3696 2536 3749 κατά
2569 3695 2662 3747 τὸν
2695 3697 2955 3763 εἰρηκότα
2989 3696 3174 3762 σοφὸν,
3237 3696 3438 3764 ἀρετῆς
3470 3695 3580 3747 ἐστ’
3629 3694 3841 3763 ἑφόδιον
3866 3694 3974 3746 πά-

2398 3804 2516 3855 σης.
2549 3788 2610 3839 El
2637 3787 2806 3840 δὲκαὶ
2827 3787 2928 3855 τὴν
2945 3787 3302 3855 εὐδαιμονίαν
3318 3788 3411 3839 ἐπὶ
3436 3785 3530 3840 σοῦ
3551 3786 3758 3854 ταύτην
3785 3786 3970 3837 εὐδαι-

2403 3879 2698 3947 μονήσαιεν
2731 3879 2786 3930 αῖ
2814 3878 3019 3940 πόλεις,
3068 3878 3161 3930 καὶ
3199 3879 3448 3945 γένοιντο
3483 3878 3686 3939 πάντες
3715 3875 3970 3947 χρηστοὶ,

2397 3970 2557 4023 τοῦτο
2587 3967 2655 4041 ἦν
2708 3986 2791 4021 σοι
2845 3969 3030 4037 μεῖζον
3078 3971 3201 4022 ὅτου
3234 3986 3319 4031 τις
3349 3969 3416 4022 ἀν
3470 3969 3645 4037 δήπου
3677 3971 3774 4020 καὶ
3807 3967 3969 4035 φαίη,

2401 4065 2492 4114 καὶ
2521 4060 2644 4112 οὔτε
2702 4060 2762 4111 τὸ
2793 4057 3112 4128 ξυμπάσης,
3152 4060 3227 4122 ῶς
3258 4061 3457 4122 εἰπεῖν,
3510 4061 3610 4128 τῆς
3640 4059 3971 4127 οἰκουμένης

2399 4156 2623 4220 κρατεῖν
2660 4155 2892 4222 πρᾶγμα
2909 4153 3189 4219 τοσοῦτον,
3217 4155 3245 4206 ό
3276 4154 3321 4205 θ’
3349 4154 3454 4206 ὑπὸ
3479 4153 3580 4222 γῆν
3617 4169 3678 4204 τε
3709 4153 3801 4205 καὶ
3828 4151 3970 4220 ὑπὲρ

2399 4244 2506 4310 γῆν
2542 4243 2686 4306 ἄπας
2716 4247 2918 4314 χρυσὸς
2945 4247 3045 4296 οὐκ
3074 4246 3322 4306 ἀντάξιος
3348 4245 3568 4313 ἀρετῆς.

2470 4335 2655 4388 Ταῦτα
2681 4337 2778 4404 μὲν
2805 4332 2919 4400 οὗν,
2954 4336 3086 4388 θεοῦ
3119 4336 3375 4398 διδόντος,
3409 4333 3455 4387 ὦ
3486 4334 3732 4405 βασιλεῦ,
3750 4336 3847 4386 καὶ
3873 4333 3972 4386 σοῦ

2404 4425 2758 4496 βουλομένου,
2812 4428 3034 4498 τάχισθ’
3067 4428 3343 4497 ὑπάρξαι·
3381 4429 3431 4480 οι
3489 4427 3569 4489 δὲ,
3608 4427 3696 4496 (τί
3746 4427 3856 4496 γὰρ
3887 4427 3974 4478 δεῖ

2409 4518 2581 4571 πλείω
2621 4520 2768 4587 ,περὶ
2806 4521 3011 4572 τούτων
3070 4518 3348 4583 διεξιέναι,
3387 4519 3464 4578 ὡς
3496 4513 3608 4571 εἷεν
3655 4518 3876 4583 κακοὶ;)
3922 4519 3975 4568 εί

2407 4611 2507 4681 μὲν
2544 4612 2883 4665 ἐδεδοίκεσαν
2939 4616 3066 4673 τοὺς
3097 4614 3325 4679 νόμους,
3376 4612 3477 4664 οὐκ
3512 4612 3578 4664 ἂν
3607 4611 3762 4663 ταῦτ’
3797 4610 3973 4678 ἔδρων

3007 4703 3099 4756 νῦν
3121 4703 3168 4756 δ’
3198 4700 3279 4766 οἷς
3306 4702 3771 4770 συκοφαντοῦντες
3794 4703 3942 4754 ἑάλω
3959 4731 3972 4740 ο

2402 4889 2583 4957 εἰπεῖν
2641 4887 2700 4939 ὃν
2754 4887 2861 4940 ἔδει
2888 4887 3028 4938 κατὰ
3060 4886 3260 4954 νόμους
3290 4885 3491 4945 καλῶς,
3539 4886 3696 4950 εῖπερ
3740 4884 3975 4950 μάλιστα

2408 4980 2570 5048 νόμος
2600 4979 2662 5031 τὸ
2679 4981 2845 5048 τιμᾷν
2872 4980 2997 5041 τοὺς
3028 4978 3307 5047 ἀρίστους.
3331 4977 3537 5036 τούτοις
3570 4977 3645 5037 ῶς
3665 4975 3773 5026 οὐδ’
3794 4973 3976 5026 ὁτιοῦν

2411 5072 2562 5137 σφίσι
2606 5072 2756 5139 μέλει
2787 5070 2896 5122 τῶν
2940 5070 3118 5138 νόμων
3148 5066 3380 5131 ἔδειξαν.
3428 5066 3646 5119 Μᾶλλον
3675 5065 3754 5125 δὲ,
3784 5063 3977 5131 ῶσπερ

2407 5163 2590 5231 νόμων
2620 5163 2718 5212 οὐκ
2746 5162 2933 5221 ὄντων,
2996 5161 3026 5228 ἢ
3076 5161 3383 5228 γράμματα
3423 5156 3599 5217 ἄλλως
3649 5155 3838 5215 ὄντων,
3880 5154 3976 5205 καὶ

2413 5257 2548 5323 μήτε
2590 5254 2857 5305 δικαστῶν
2913 5251 3091 5321 ὀρθῶς
3128 5252 3475 5312 δικαζόντων,
3515 5249 3655 5317 μήτε
3700 5247 3976 5312 πονηρίας

2411 5345 2802 5412 εὐθυνομένης,
2838 5344 2950 5406 καὶ,
2983 5342 3046 5394 τὸ
3081 5341 3360 5411 μέγιστον,
3393 5341 3468 5410 μὴ
3497 5339 3614 5400 σοῦ,
3643 5331 3688 5390 ὧ
3727 5335 3974 5405 βασιλιυ,

2409 5436 2519 5486 αἰεὶ
2564 5436 2632 5487 τὰ
2682 5435 2880 5503 βελτίω
2931 5434 3018 5486 διὰ
3073 5438 3288 5485 πάντων
3350 5431 3828 5502 προθυμουμένου,
3880 5429 3976 5479 καὶ

2410 5527 2792 5596 στρατοπέδοις
2860 5525 3190 5595 τειχίζοντος
3224 5526 3321 5595 τὴν
3355 5525 3552 5617 ἀρχὴν,
3589 5523 3675 5590 ἐφ’
3715 5515 3767 5588 ᾧ
3789 5522 3977 5574 πᾶσαν

2409 5729 2513 5785 Sed
2560 5730 2817 5786 meliores
2867 5730 3152 5798 Theodulo
3199 5739 3450 5784 auctores
3485 5728 3537 5780 in
3598 5728 3701 5805 hac
3754 5725 3976 5796 syntaxi
