4232 6432
771 373 880 438 375

1985 377 2381 439 THEODULI
2417 380 2765 442 MONACHI

3881 376 3987 441 376

775 503 879 540 una
913 502 1036 542 cum
1069 487 1276 542 caeteris
1313 498 1403 541 tua
1438 503 1538 544 nos
1569 503 1732 556 opera
1777 505 1842 545 ac
1883 490 2151 547 beneficia
2178 506 2329 546 com—
2352 505 2402 563 Α
2428 514 2446 549 1

2316 524 2329 534 -
2352 505 2402 563 Α
2428 499 2494 566 τῇ
2517 496 2731 567 γλώττῃ
2763 499 2964 561 δοκεῖν,
2993 497 3088 567 οὐχ
3117 497 3240 550 ὅσον
3267 499 3380 561 τοῖς
3414 497 3594 567 ἔργοις
3614 535 3631 558 ,
3653 495 3987 563 ἀστράπτειν

772 592 1078 632 memorare
1112 577 1440 632 haberemus
1477 595 1492 631 :
1562 589 1676 634 tum
1705 591 1828 635 vota
1880 582 2047 636 etiam
2095 583 2332 638 facieba-

774 683 915 730 mus,
940 678 997 722 ut
1018 683 1214 722 eorum
1231 670 1634 738 quamprimum
1655 682 1934 740 compotes
1947 674 2325 739 evaderemus.

771 762 926 816 Nunc
953 777 1084 816 vero
1105 763 1407 831 praecipuas
1429 774 1679 817 votorum
1705 774 2018 819 nostrorum
2044 767 2326 821 consecuti

771 854 1097 922 cupidines,
1149 855 1410 909 nimirum
1459 866 1520 910 ut
1575 856 1678 910 sub
1722 867 1773 911 te
1830 858 2065 927 pmide
2127 859 2328 929 positi,

768 953 1200 1014 experimentum
1250 947 1350 1009 tui,
1385 957 1499 1001 tum
1543 950 1598 1003 in
1645 951 1911 1015 consiliis,
1947 962 2064 1004 tum
2111 951 2330 1006 actibus

773 1051 952 1090 rerum
993 1050 1334 1107 caperemus,
1373 1038 1545 1093 multo
1565 1054 1727 1108 quam
1757 1053 1917 1095 antea
1950 1041 2251 1110 impensius
2279 1051 2330 1095 te

773 1129 1046 1198 suspicere
1078 1131 1364 1197 cepimus.
1388 1131 1530 1184 Tum
1577 1141 1634 1186 et
1677 1132 1731 1184 in
1773 1141 2010 1186 mentem
2040 1126 2204 1186 nobis
2241 1147 2328 1186 ve-

773 1221 960 1275 niebat
989 1233 1266 1278 oratorum
1286 1225 1500 1278 illorum
1523 1224 2026 1293 imperatorumque
2046 1232 2290 1278 veterum
2310 1264 2326 1287 ,

771 1313 863 1380 qui
916 1314 1060 1383 quod
1092 1317 1327 1383 aqualcs
1363 1331 1494 1370 suos
1535 1321 1746 1370 omneis
1795 1331 1891 1371 ore
1937 1316 2195 1378 facundo,
2224 1332 2329 1369 non

771 1403 932 1458 factis
983 1405 1267 1469 duntaxat,
1328 1422 1592 1469 superare
1645 1407 1985 1473 viderentur,
2053 1407 2330 1476 fulgurare

774 1503 937 1563 atque
971 1506 1155 1550 tonare
1188 1479 1635 1565 perhibebantur.
1663 1498 1965 1566 (Aristoph.
2004 1497 2328 1565 ’Δχαρνεῦσι

2431 603 2497 641 τε
2543 588 2641 640 καὶ
2680 588 2906 658 βροντᾷν
2943 588 3180 658 ἥκουσαν
3207 629 3222 654 ,
3271 589 3591 658 ἀμφότερον
3613 629 3630 653 ,
3683 588 3909 656 ῥήτορές
3939 591 3989 638 τ’

2433 680 2632 748 ἁγαθοὶ
2669 679 2926 749 κρατεροί
2957 679 3005 733 τ’
3032 681 3322 748 αἰχμηταὶ,
3357 672 3433 732 ὧν
3460 678 3639 748 ἥκιστ’
3666 677 3847 738 αὐτὸς,
3878 675 3988 728 οὐδ’

2432 772 2519 839 ἐφ’
2556 773 2725 841 ὁτῳδή
2745 769 3115 840 λελειμμένος,
3150 771 3266 824 ἀλλ’
3295 770 3373 832 ὼς
3415 769 3625 834 άληθῶς
3655 768 3864 821 ἐκείνου
3890 767 3987 818 τοῦ

2433 865 2713 933 κόμματος
2747 863 2842 929 ὢν,
2892 863 3228 933 πράττοντάς
3255 880 3312 915 τε
3337 858 3418 922 οἷς
3449 862 3730 930 πράττεις,
3777 860 3876 912 καὶ
3899 860 3989 909 λέ-

2431 971 2624 1020 γοντας
2662 949 2744 1017 οἷς
2789 955 2968 1021 λέγεις
3015 953 3200 1016 νικῶν,
3260 953 3620 1020 διαφερόντως
3667 952 3992 1019 ὲκπλήττεις

2431 1046 2642 1106 πάντας
2670 1045 3009 1113 ἐπιστρέφων
3032 1046 3111 1106 είς
3146 1043 3346 1112 θαῦμα.
3392 1045 3500 1097 Καὶ
3535 1043 3708 1102 οὐδεὶς
3735 1041 3793 1103 ὃς
3818 1042 3878 1092 οὗ
3905 1041 3995 1108 ῥά·

2431 1135 2536 1188 δων
2561 1136 2742 1205 ἡδίους
2771 1136 2965 1204 λόγους
2992 1137 3134 1188 κατὰ
3181 1135 3276 1188 σοῦ
3303 1135 3519 1196 διέξεισι
3537 1150 3552 1164 ο
3579 1133 3861 1204 πρόθυμος
3897 1133 3994 1200 μὲν

2431 1225 2592 1287 αὐτὸς
2619 1227 2800 1295 ῥήτωρ
2845 1225 2921 1278 ὢν
2963 1226 3035 1278 τά
3059 1243 3123 1294 γε
3154 1225 3377 1279 τοιαῦτα
3397 1241 3412 1256 ⁸
3460 1225 3902 1295 προθυμοτέρους
3937 1229 3994 1277 δὲ

2433 1317 2527 1368 καὶ
2556 1318 2680 1378 τοὺς
2708 1317 2900 1378 ἄλλους
2932 1317 3070 1386 ἔχων
3090 1318 3367 1387 ἀκροατάς
3389 1332 3402 1346 ⁸
3433 1318 3526 1370 καὶ
3553 1317 3620 1369 δι’
3644 1321 3845 1386 ἀμφοῖν
3874 1317 3997 1369 τού·

2430 1424 2546 1458 τοιν
2576 1407 2669 1458 τοῦ
2705 1408 2843 1460 κατὰ
2868 1408 2959 1460 σοῦ
2987 1410 3221 1475 γάννους
3267 1409 3402 1478 πρὸς
3429 1409 3735 1478 ὑπερδολὴν
3763 1410 3996 1478 αἰρομέ-

2436 1515 2526 1549 νου
2538 1537 2550 1549 .

776 1590 898 1652 530,
951 1589 1025 1643 De
1050 1588 1295 1656 Pericle.)
1344 1591 1620 1659 Siquidem
1667 1603 1957 1663 utrumque
2012 1591 2232 1661 pariter,
2261 1601 2318 1645 et
2354 1591 2479 1646 boni
2519 1603 2782 1655 oratores.
2811 1603 2866 1647 et
2897 1596 3063 1651 fortes
3128 1597 3410 1652 bellatores
3434 1607 3644 1664 ,eraut.
3679 1599 3700 1666 (
3731 1614 3798 1651 ex
3835 1595 3996 1657 Iliad.

774 1681 850 1740 I",
883 1680 996 1749 79.)
1029 1681 1072 1733 A
1105 1681 1306 1749 quibus
1335 1692 1389 1733 tu
1416 1696 1538 1734 cum
1574 1697 1673 1734 nec
1703 1683 1975 1737 tantillum
2026 1683 2133 1736 ulla
2171 1683 2330 1749 plane
2372 1683 2424 1735 in
2454 1699 2512 1737 re
2555 1700 2584 1737 a
2620 1695 2770 1755 tergo
2809 1687 3072 1752 relictus,
3107 1689 3201 1742 sed
3261 1706 3400 1744 unus
3461 1707 3647 1746 revera
3688 1701 3827 1746 nota:
3856 1693 3998 1745 clas-

777 1773 963 1840 sisque
1033 1773 1278 1844 eiusdem
1336 1774 1499 1827 homo
1556 1775 1669 1844 sis,
1728 1786 1889 1846 atque
1943 1785 2054 1828 tum
2113 1782 2337 1842 agentes
2377 1777 2607 1843 agendo,
2673 1787 2784 1831 tum
2834 1779 3069 1834 dicendo
3098 1782 3346 1837 dicentes
3372 1786 3577 1846 vincas,
3614 1783 3844 1836 mirifice
3873 1799 3992 1836 om-

777 1884 875 1922 nes
932 1868 1337 1937 obstupefactos
1382 1869 1434 1922 in
1482 1873 1896 1932 admirationem
1935 1873 2011 1926 tui
2044 1871 2335 1923 convertis.
2384 1871 2534 1926 Unde
2601 1888 2761 1926 nemo
2826 1890 2933 1928 non
2975 1877 3115 1931 rosis
3145 1879 3427 1933 suaviores
3459 1883 3526 1934 de
3551 1890 3600 1932 te
3627 1881 3760 1933 serit
3789 1895 4000 1933 sermo-

780 1975 916 2023 Hes:
980 1969 1140 2029 atque
1194 1976 1315 2014 cum
1379 1978 1659 2035 promptus
1721 1970 1832 2035 ipse
1881 1965 1943 2018 ad
1995 1964 2112 2017 hmc
2152 1963 2333 2015 verbis
2406 1962 2680 2017 efferenda
2729 1976 2914 2019 orator
2973 1977 3096 2030 est,
3151 1979 3263 2023 tum
3342 1973 3708 2040 promptiores
3758 1981 3987 2026 czeteros

780 2057 946 2111 habet
975 2056 1282 2118 auditores.
1311 2073 1629 2129 assurgente
1653 2065 1863 2118 interim
1890 2077 1983 2129 per
2031 2060 2137 2112 hoc
2194 2059 2603 2127 utrumque,‘ad
2637 2075 2912 2115 summum
2939 2078 3109 2133 usque
3134 2079 3439 2131 excessum,
3503 2079 3764 2136 concepta
3834 2067 3904 2120 de
3945 2076 3999 2119 te

780 2150 986 2204 iaztitia.

854 2245 916 2299 ΙΙ.
955 2246 1051 2302 llic
1080 2248 1219 2301 alius
1252 2249 1396 2300 enim
1446 2248 1836 2301 humanitatem
1861 2293 1874 2310 ,
1922 2258 1978 2301 et
2028 2260 2335 2317 tetnperan-
2368 2255 2409 2308 Β
2509 2253 2525 2303 1

2327 2278 2335 2286 ·
2368 2255 2409 2308 Β
2509 2253 2584 2304 B'.
2624 2253 2684 2306 ’0
2711 2252 2810 2322 μὲν
2839 2253 2945 2321 γὰρ
2983 2254 3267 2323 πραότητά
3287 2271 3346 2306 τε
3378 2257 3468 2307 καὶ
3500 2253 3874 2322 σωφροσύνην,
3899 2253 3998 2304 καὶ

783 2339 934 2401 tiam,
990 2346 1044 2393 et
1077 2341 1219 2407 quod
1279 2341 1421 2408 turpi
1479 2340 1632 2393 nullo
1693 2338 1894 2406 flagitio
1943 2341 2088 2394 vinci
2143 2354 2334 2408 queas,

785 2430 1068 2498 magnifice
1090 2432 1319 2484 extollit.
1341 2432 1494 2486 Alius
1525 2434 1760 2485 nativam
1791 2432 1948 2486 istam
1981 2447 2043 2487 ac
2080 2432 2341 2484 domesti-

785 2538 903 2576 cam
941 2523 1296 2577 in’omnibus
1332 2523 1498 2576 animi
1532 2524 1607 2577 tui
1657 2524 2123 2592 magnitudinem;
2169 2509 2334 2576 illud-

787 2630 892 2681 que
924 2615 1085 2668 simul
1121 2627 1228 2670 tam
1279 2616 1642 2684 compositum
1681 2624 1844 2683 atque
1873 2630 2215 2684 generosum,
2242 2614 2340 2667 ad-

786 2705 984 2773 iungit.
1014 2705 1123 2758 Nec
1166 2703 1444 2774 indignam
1500 2705 1642 2758 idem
1693 2720 1790 2757 sua
1820 2705 2340 2759 commemoratione

789 2794 940 2848 ducit
966 2794 1216 2847 festivam
1247 2792 1411 2846 animi
1459 2792 1537 2846 tui
1571 2792 1994 2861 iucunditatem,
2033 2800 2089 2845 et
2117 2791 2183 2844 ad
2211 2804 2344 2844 con-

792 2903 1010 2955 gressus
1042 2888 1324 2940 hominum
1344 2887 1846 2955 collocutionesque
1874 2886 2041 2939 multa
2061 2893 2343 2938 venustate

794 2981 1281 3037 instructissimum
1337 2979 1606 3033 habitum.
1660 2979 1871 3032 Rursus
1921 2978 2060 3030 alius
2115 2991 2346 3029 acumen

793 3073 994 3141 ingenii
1024 3089 1039 3137 ;
1070 3072 1208 3126 alius
1229 3070 1426 3136 lingua:
1461 3070 1589 3130 vint,
1624 3069 1796 3136 gratia
1823 3068 2194 3136 coniunctam,
2223 3082 2337 3118 mo-

797 3174 1024 3227 rumque
1054 3159 1397 3227 gravitatem,
1446 3167 1501 3212 et
1539 3166 1746 3226 gratam
1801 3157 1983 3209 vultus
2011 3155 2349 3218 comitatem,

794 3261 848 3302 et
909 3250 1093 3302 formai
1149 3249 1463 3318 dignitatem
1512 3264 1574 3302 ac
1618 3247 1926 3306 illecebras,
1962 3255 2238 3306 recenset,
2295 3253 2352 3297 et

796 3341 941 3409 quod
1004 3350 1162 3409 caput
1213 3349 1317 3402 est,
1371 3339 1670 3407 profundas
1729 3338 2036 3400 densasque
2091 3347 2348 3388 mentes:

804 3434 945 3487 Unde
991 3432 1085 3485 illa
1139 3430 1344 3497 pulchri
1396 3430 1624 3499 pullulat
1659 3431 1732 3483 vis
1754 3428 1976 3489 consilii,
2013 3441 2071 3481 ut
2110 3427 2351 3489 Eschvli

800 3540 913 3577 rem
939 3525 1116 3578 verbis
1135 3526 1478 3591 exprimamq
1495 3521 1676 3575 Ἑπτὰ
1701 3522 1797 3574 ἐντί
1830 3520 2069 3584 Θήϐαις,
2093 3519 2240 3586 600.)
2265 3519 2358 3571 Al-

800 3633 906 3686 que
959 3617 1111 3669 hisce
1167 3624 1217 3668 te
1271 3613 1516 3667 consiliis
1547 3627 1717 3680 usque
1771 3612 1908 3664 adeo
1960 3621 2357 3665 t'OttSentatteas

802 3707 978 3777 reipsa
1008 3707 1243 3775 adiicere
1292 3705 1570 3766 actiones,
1621 3715 1678 3756 ut
1717 3720 1895 3771 neque
1929 3703 2174 3756 actiones
2225 3701 2357 3754 istas

803 3801 871 3853 ab
908 3798 1029 3852 aliis
1068 3797 1493 3866 quibuscunque
1535 3795 1802 3863 perfectas
1851 3808 1973 3848 esse
2006 3795 2196 3846 deccat
2228 3805 2358 3844 con-

804 3891 963 3955 siliis,
993 3904 1156 3959 quam
1183 3888 1326 3943 unde
1356 3887 1609 3958 perfecta:
1647 3898 1780 3940 sunt
1812 3905 1824 3939 :
1873 3901 2050 3953 neque
2083 3884 2211 3937 item
2239 3897 2359 3950 quae

805 3979 1336 4037 consulto'consilio
1385 3978 1606 4032 decreta
1661 3987 1808 4037 sunt.
1857 3976 1998 4038 aliis,
2035 3989 2197 4043 quam
2252 3973 2360 4027 tuis

808 4075 980 4135 hisce,
1009 4072 1260 4127 concludi
1297 4070 1378 4124 fas
1408 4073 1480 4123 sit
1505 4071 1784 4137 operibus.
1814 4069 1918 4121 Sed
1945 4077 1996 4120 et
2025 4077 2168 4121 tanta
2205 4068 2359 4119 insu-

811 4181 907 4235 per
931 4165 1172 4233 quidque
1231 4171 1283 4216 te
1317 4162 1595 4216 celeritate
1630 4173 1888 4228 peragere
1912 4199 1925 4221 ,
1956 4167 2157 4224 quanta
2212 4156 2358 4210 haud

811 4258 974 4311 sciam
1005 4269 1070 4308 an
1101 4253 1403 4319 priscorum
1449 4251 1592 4305 ullus
1641 4251 1837 4317 aliquis
1867 4249 2113 4302 heroum.
2143 4249 2209 4300 Et
2240 4259 2362 4301 tan-

813 4358 926 4401 tum
957 4355 1155 4408 tamen,
1188 4344 1332 4412 quod
1365 4343 1507 4397 haud
1541 4343 1702 4410 paulo
1731 4342 1906 4409 maius
1938 4340 2110 4394 altero
2136 4341 2229 4393 illo
2255 4351 2360 4401 est,

813 4436 1050 4504 providae
1079 4431 1877 4501 circumspectionis,tideique,
1911 4431 1964 4482 in
2010 4430 2111 4482 ista
2163 4431 2365 4483 veloci-

815 4535 945 4589 tate,
987 4525 1084 4580 abs
1108 4534 1158 4578 te
1179 4521 1452 4585 adhiberi,
1508 4522 1652 4575 velut
1691 4522 1782 4590 qui
1830 4521 2059 4573 multum
2093 4522 2360 4588 temporis

817 4611 1745 4679 incommentandoconsumpsere.
1779 4611 1895 4664 Non
1943 4611 2091 4663 enim
2134 4622 2362 4677 operum

816 4714 1028 4767 eventa,
1071 4712 1128 4757 ut
1158 4717 1387 4771 quaeque
1433 4715 1667 4755 evenere
1690 4741 1704 4762 ,
1753 4700 2096 4766 comperiens
2125 4739 2140 4761 ,
2175 4713 2365 4751 VCI'lllll

820 4798 970 4862 prius
1000 4796 1173 4849 etiam
1193 4809 1354 4860 quam
1386 4801 1562 4860 empta
1605 4798 1760 4847 sunt.
1785 4791 1987 4842 exitum
2025 4806 2217 4844 eorum
2249 4804 2370 4842 cer-

2437 2344 2498 2393 τδ
2541 2344 2663 2410 μηδ’
2707 2343 2907 2411 ὁτῳοῦν
2953 2344 3100 2412 ἔχειν
3152 2346 3261 2398 τῶν
3315 2344 3606 2414 αἰσχίστων
3659 2342 4002 2400 ἁλίσκεσθαι,

2443 2432 2584 2500 μέγα
2616 2435 2846 2485 ποιεῖται
2867 2450 2880 2462 ·
2910 2436 2937 2485 ό
2969 2433 3025 2486 δὲ
3056 2434 3376 2504 προστίθησι
3410 2435 3505 2485 καὶ
3537 2434 3596 2485 τὸ
3630 2433 4005 2501 μεγαλόψυχον

2440 2521 2649 2574 οἴκοθεν
2675 2525 2730 2575 ὲν
2753 2524 2916 2576 παντὶ
2957 2525 3092 2592 μετὰ
3120 2522 3214 2575 τοῦ
3248 2523 3579 2591 τεταγμένου
3609 2525 3700 2573 καὶ
3723 2521 4002 2588 γεν-ιικοῦ.

2444 2607 2552 2666 Καὶ
2590 2617 2688 2668 οὐκ
2714 2615 2934 2680 ἀπαξιοῖ
2959 2616 3116 2682 λόγου
3149 2615 3268 2667 οὐδὲ
3297 2615 3358 2667 τὸ
3387 2616 3484 2682 τῆς
3514 2617 3688 2683 ψυχῆς
3716 2615 4001 2683 ἡδόμενονο

2445 2707 2535 2757 καὶ
2565 2707 2701 2776 προς
2729 2708 2826 2769 τὰς
2857 2708 3104 2766 συνόδους
3141 2697 3471 2775 ἐπιχαρίτως
3508 2705 3912 2772 ἐσκευασμένον
3945 2704 4006 2758 εὖ

2449 2800 2592 2868 μάλα
2617 2816 2631 2828 ·
2661 2800 2753 2852 καὶ
2778 2803 2804 2852 ό
2829 2800 2927 2865 μέν
2955 2817 3034 2859 τις
3064 2801 3364 2867 ἀγχίνοιαν,
3389 2801 3415 2850 ὁ
3436 2799 3488 2850 δὲ
3519 2798 3808 2864 καταλέγει
3834 2797 4006 2864 γλώτ-

2446 2908 2546 2960 της
2579 2892 2730 2957 ίσχὺν
2793 2890 2931 2957 μετὰ
2963 2890 3205 2956 χάριτος,
3259 2889 3353 2939 καὶ
3387 2887 3549 2955 βάρος
3574 2904 3636 2953 γε
3687 2887 3850 2955 ἠθους
3872 2930 3885 2945 .
3912 2889 4008 2940 καὶ

2450 2980 2667 3051 βλέμμα
2695 2979 3004 3045 ἐπαγωγὸν,
3040 2979 3133 3030 καὶ
3169 2978 3384 3046 μορφῆς
3419 2977 3636 3042 ῖυγγας,
3682 2977 3778 3026 καὶ
3809 2977 3868 3025 τὸ
3914 2977 4011 3043 μέ-

2451 3090 2635 3140 γιστον
2659 3073 2856 3141 φρένας
2881 3070 3133 3138 μελαίνας
3165 3085 3222 3121 τε
3250 3070 3343 3120 κιὶ
3373 3072 3599 3129 πυκνάς.
3645 3067 3748 3130 Ἐξ
3777 3061 3884 3129 ὧν,
3920 3069 4016 3118 Al—

2453 3163 2644 3231 σχύλου
2676 3164 2849 3229 φωνῇ,
2873 3161 2942 3213 τὰ
2959 3159 3476 3222 κεόνὰβλαστάνει
3495 3159 3615 3220 ,ϐου
3636 3159 3906 3226 ιεύματα·
3932 3152 4012 3218 οἷς

2453 3255 2594 3307 οὕτω
2620 3253 3019 3322 συμϐαινούσας
3044 3252 3117 3314 ὡς
3140 3252 3350 3320 ἀληθῶς
3385 3253 3610 3316 ἐπάγειν
3635 3251 3731 3310 τὰς
3757 3250 4014 3317 πράξεις,

2453 3347 2527 3409 ὡς
2561 3347 2693 3415 μήτε
2714 3344 2916 3410 ταύτας
2939 3342 3030 3395 ὑπ’
3053 3343 3228 3395 ἄλλων
3243 3342 3546 3410 ὡντινωνδὴ
3565 3343 3864 3410 προσήκειν
3891 3342 4016 3408 βου-

2455 3439 2563 3490 λῶν
2589 3434 3001 3507 κατωρθῶσθαι,
3029 3434 3064 3502 ἢ
3092 3426 3168 3486 ὧν
3200 3433 3614 3499 κατώρθωνταιο
3651 3437 3784 3500 μήτε
3815 3428 3908 3484 οὖν
3947 3433 4018 3484 τὰ

2463 3526 2861 3598 βεσου).ευμένα
2888 3525 3094 3593 ἑτέροις
3123 3523 3157 3592 ἢ
3195 3525 3402 3584 τούτοις
3427 3523 3880 3598 κατακεκλεῖσθαι
3905 3524 4019 3584 τοῖς

2464 3623 2676 3689 ἔργοις*
2713 3618 2845 3669 ἀλλὰ
2875 3617 2969 3667 καὶ
3018 3615 3277 3681 πράττειν
3307 3613 3478 3672 οὕτως
3510 3615 3761 3675 ὀξύτατοι,
3810 3613 3886 3671 ὡς
3916 3612 4019 3663 οὐκ

2463 3709 2560 3766 οἶδ’
2598 3715 2649 3765 εῐ
2675 3727 2758 3773 τις
2788 3711 2897 3762 τῶν
2942 3709 3107 3762 πάλαι
3129 3722 3144 3739 ν
3175 3705 3442 3774 τοσαύτην
3471 3706 3524 3758 δὲ
3552 3707 3579 3754 ὅ
3612 3707 3800 3757 τούτου
3831 3705 4018 3771 μεῖζον

2466 3804 2764 3868 ἀσφάλειαν
2794 3801 2887 3852 καὶ
2913 3800 3098 3850 πίστιν
3142 3795 3472 3863 ἐμπαρέχειν
3499 3795 3575 3862 τῷ
3596 3796 3770 3861 τάχει,
3828 3792 4020 3861 ὥσπερ

2465 3896 2513 3946 οί
2539 3893 2705 3946 πλλύν
2727 3909 2845 3944 τινα
2885 3891 3072 3959 χρόνον
3104 3887 3441 3954 ἀνηλωκότες
3469 3889 3535 3954 τῇ
3579 3885 3786 3952 σκέψειο
3817 3885 3875 3936 οὐ
3907 3883 4020 3951 γὰρ

2471 3964 2607 4050 μετὰ
2636 3982 2693 4032 τὸ
2717 3977 3041 4047 γεγενῆσθαι
3066 3978 3167 4037 τὰς
3193 3975 3302 4027 τῶν
3327 3975 3501 4041 ἔργων
3529 3975 3780 4034 ἐκϐάσεις
3811 3971 4021 4040 μανθά-

2458 4070 2572 4124 νων
2623 4071 2758 4123 ἀλλὰ
2789 4071 2882 4121 καὶ
2930 4070 3060 4137 πρὶν
3101 4063 3294 4136 ἧφθαι,
3322 4065 3383 4117 τὸ
3414 4064 3565 4126 τέλος
3597 4068 3706 4125 τοῖς
3740 4064 4021 4130 λογισμοῖς

2467 4165 2542 4225 ὡς
2571 4162 2787 4231 ἀληθῶς
2825 4160 3180 4226 ἐπιστάμενος
3235 4157 3377 4224 ὑπὲρ
3425 4157 3600 4207 πάντα
3627 4153 4021 4223 Θεμιστοκλέα.

2469 4256 2565 4309 καὶ
2593 4254 2851 4323 πράττεις
2887 4252 3044 4320 ἡνίκα
3071 4250 3170 4309 δεῖ,
3213 4248 3307 4300 καὶ
3333 4242 3400 4300 αὖ
3429 4246 3719 4315 ήσυχάζεις
3753 4246 3829 4298 ὅτ’
3851 4243 4018 4313 ἄμει-

2471 4365 2558 4400 νον
2581 4364 2593 4377 ·
2627 4347 2796 4406 οὕτως
2824 4344 3026 4412 ἀμφοῖν
3063 4341 3452 4409 ἐπικαιρότατα
3486 4339 3614 4408 χρῇ.
3643 4337 3752 4388 Καὶ
3789 4337 3897 4406 μὴν
3927 4340 4023 4388 καὶ

2470 4436 2615 4490 τοῦτ’
2645 4437 2792 4489 ἐστιν
2845 4429 3062 4487 ἀκούειν
3108 4431 3411 4499 ἑκασταχοῦ
3454 4430 3745 4498 βοώμενον,
3797 4427 3873 4488 ὡς
3902 4429 4022 4495 εἴης

2471 4527 2626 4595 δίκης
2649 4526 2905 4595 ἐργάτης,
2957 4523 3135 4590 πολλῷ
3166 4524 3218 4588 γ’
3246 4521 3486 4589 ἀμείνων
3530 4522 3625 4574 καὶ
3657 4519 4026 4587 θαυμαστότε-

2475 4619 2620 4686 ροςῆ
2651 4619 2878 4676 Γουνεὺς
2910 4615 3126 4675 ὶκείνος.
3155 4614 3182 4664 ὁ
3221 4612 3467 4672 παλαιός.
3515 4611 3656 4671 Τούς
3688 4626 3749 4662 τε
3779 4610 3886 4677 γὰρ
3912 4609 4027 4662 ἀδι-

2475 4693 2701 4769 κοῦντας
2736 4704 3136 4774 μετριωτέρους
3164 4701 3600 4769 παρασκευάζεις
3624 4699 3701 4768 τῷ
3727 4700 3900 4768 esse.
3931 4701 4023 4750 καὶ

2477 4801 2610 4864 πρὸς
2639 4798 2800 4850 αὐτόν
2841 4812 2901 4848 σε
2969 4795 3267 4864 βλέποντας
3317 4792 3522 4854 πείθεις
3549 4790 3892 4862 ἀπηλλάχθαι
3929 4789 4026 4842 τοῦ

823 4892 927 4942 tius
949 4885 1234 4954 veriusque
1262 4886 1452 4954 quovis
1487 4884 1849 4937 Themistocle
1871 4923 1888 4947 ,
1929 4883 2156 4936 secretis
2201 4883 2366 4936 animi
2400 4917 2448 4976 θ
2475 4909 2494 4942 ς

2353 4883 2366 4935 ἱ
2400 4917 2448 4976 D
2475 4891 2679 4951 πάθους
2699 4906 2714 4919 ’
2742 4891 2848 4941 τῶν
2881 4906 2940 4940 τε
2973 4887 3312 4955 ἠδικημένων
3342 4883 3484 4937 οὕτω
3514 4885 3608 4937 καὶ
3654 4884 3792 4950 μετὰ
3822 4883 4023 4934 τοσαύ-

820 4979 1070 5034 scnsibus
1093 4986 1430 5042 compertum
1467 4973 1703 5040 habens,
1730 4981 1784 5026 et
1812 4987 1946 5034 rem,
1985 4986 2108 5036 cum
2131 4981 2368 5040 oportet,

823 5069 1165 5140 aggrederis,
1221 5074 1275 5119 et
1338 5080 1530 5121 rursus
1571 5079 1696 5118 cum
1754 5065 1856 5118 hoc
1911 5072 2148 5133 praestat,
2205 5064 2373 5118 inter-

823 5162 1078 5226 quiescis.
1131 5158 1280 5214 Adeo
1336 5163 1392 5210 tu
1450 5171 1581 5221 sane
1635 5158 2090 5226 Opportunissime
2145 5167 2373 5224 utroque

826 5250 1013 5303 uteris.
1040 5249 1237 5301 Adhuc
1272 5245 1403 5300 illud
1439 5246 1602 5298 etiam
1640 5260 1962 5314 magnopere
1997 5246 2198 5313 ubique
2235 5261 2372 5313 pra:-

826 5339 996 5393 tlicari
1032 5338 1306 5401 audimus,
1330 5333 1778 5404 quammssiduus
1802 5335 2022 5403 iustitiae
2051 5338 2229 5389 cultor
2247 5336 2334 5390 sis
2358 5374 2374 5400 ,

828 5441 887 5482 et
920 5430 1088 5483 multo
1134 5411 1362 5498 quidem,
1403 5437 1549 5481 certe
1593 5426 1936 5494 przestautior
1974 5426 2375 5481 admirabilior-

831 5536 958 5588 que,
991 5535 1150 5588 quam
1173 5519 1432 5587 antiquus
1463 5517 1549 5570 ille
1581 5515 1820 5569 Guneus.
1846 5515 2204 5585 (Lycophron.
2229 5519 2376 5587 l23.)

835 5609 1043 5676 Quippe
1067 5609 1159 5677 qui
1196 5609 1474 5676 improbos
1521 5608 1855 5680 iniustosque
1887 5606 2001 5673 ipso
2033 5621 2202 5674 paena:
2231 5620 2376 5664 metu

835 5702 1190 5753 modestiores
1220 5699 1387 5752 ellicis
1407 5739 1421 5762 ,
1450 5710 1505 5752 et
1532 5700 1598 5751 ad
1637 5708 1799 5775 tuum,
1822 5697 2169 5770 rcSpic-t’entes
2202 5716 2382 5754 exem-

833 5794 1004 5866 plum,
1039 5800 1094 5845 ut
1148 5790 1215 5844 ab
1247 5805 1313 5844 eo
1336 5786 1857 5852 desistantrkiminc
1892 5786 2149 5854 adducis;
2189 5805 2377 5844 rursus

2471 5000 2567 5048 της
2592 4981 2902 5048 ὑπερδικεῖς
2946 4979 3045 5046 τῆς
3092 4974 3470 5042 παρασκευῆς,
3517 4973 3592 5034 ὡς
3642 4973 3776 5042 ὑπὲρ
3811 4975 4026 5026 οίκείων

2473 5069 2899 5138 ἀγωνιζόμενος·
2939 5067 3067 5120 ὥστ’
3115 5067 3162 5119 εί
3215 5068 3308 5117 καὶ
3355 5065 3679 5133 ¹παράδοξον,
3725 5065 4025 5117 λυσιτελεῖν

2476 5162 2642 5228 φαίην
2681 5160 2746 5211 ἂν
2775 5160 2958 5221 αὐτοῖς
2995 5158 3136 5211 κατά
3196 5157 3351 5209 τοῦτο
3378 5157 3436 5208 τὸ
3464 5157 3627 5224 μέρος
3656 5155 3755 5223 τὴν
3793 5156 4025 5224 ἀφαίρεο

2477 5264 2592 5301 σινο
2615 5249 2696 5300 ὅτι
2721 5247 2958 5299 τοιοῦτον
2985 5247 3272 5314 κτήσαιντο
3296 5243 3603 5311 σύμμαχον.
3629 5242 3900 5310 Χαρίεντα
3927 5245 4026 5314 μὲν

2476 5338 2568 5392 οὖν
2593 5337 2900 5400 καὶταῦτα,
2923 5336 3017 5389 καὶ
3038 5337 3136 5388 οὐκ
3157 5336 3222 5389 ἂν
3248 5336 3450 5401 ἑτέροις
3481 5333 3784 5402 ὑπερϐολὴν
3813 5333 4022 5403 ἔχοντα’

2477 5427 2670 5481 οὔκουν
2689 5418 2822 5480 ὀὐδ’
2860 5427 2971 5478 ἐσθ’
2993 5427 3152 5487 Batti;
3179 5424 3505 5492 ἁμιλλᾶσθαι
3533 5422 3778 5475 δύναιτο·
3806 5423 4028 5485 πλέονος

2480 5520 2535 5572 δὲ
2558 5519 2701 5582 ἀξιον
2730 5521 2790 5569 τὸ
2817 5518 3054 5570 τοιοῦτον
3076 5518 3204 5570 ὄντα
3243 5517 3318 5586 μὴ
3363 5515 3868 5591 μεγαλαυχούμενον
3897 5516 4026 5582 φαί-

2485 5613 2690 5673 νεσθαι,
2720 5610 2851 5678 μηδὲ
2878 5611 2972 5671 τὰς
2996 5611 3248 5676 ἀμείνους
3277 5607 3433 5670 δόξας
3461 5607 3605 5674 ἔχειν
3634 5605 3761 5673 περὶ
3790 5605 3991 5671 εαυτοῦ
4010 5621 4024 5634 ’

2484 5701 2600 5762 ἀλλ’
2629 5700 2814 5767 ὥσπερ
2854 5699 2918 5750 ἄν
2946 5700 2992 5750 εί
3022 5699 3211 5766 μηδενὶ
3242 5698 3350 5751 τῶν
3396 5697 3647 5749 ἁπάντων
3689 5695 4025 5760 κεκόσμησο,

2481 5788 2621 5842 οὓτω
2649 5789 2938 5859 δημοτικὸν
2973 5789 3167 5842 σαυτὸν
3197 5790 3308 5850 τοῖς
3343 5789 3473 5841 πᾶσι
3523 5786 3779 5857 παρέχειν
3803 5788 3900 5837 καὶ
3923 5783 4024 5856 μέ.
