4232 6432
239 370 346 432 377
1012 373 1296 433 ORATIO
1338 375 1437 432 AD
1471 372 1839 437 ANGELUM
1882 377 2654 442 STRATOPEDARCUAM.
3347 382 3454 447 378

235 485 410 552 τριον,
444 489 506 540 τδ
525 488 749 571 δεδωκος
786 489 884 559 τῆς
930 493 1094 560 τιμῆς
1125 492 1214 543 καὶ
1250 489 1345 544 τοῦ
1397 491 1586 558 γένους
1617 492 1793 544 ἑκόντι
1830 505 1872 556 Α
1903 496 1906 547 ζ

1778 511 1793 544 ι
1830 505 1872 556 Α
1903 494 2159 564 injuriam
2196 497 2465 562 perpessis
2496 496 2561 548 ad
2614 512 2741 550 cum
2776 497 2934 564 plane
2979 496 3218 553 modum.
3277 511 3449 564 caque

237 580 484 649 λογισμῷ
516 583 788 650 μεθιέντα.
1898 601 1908 637 l

1898 600 2027 639 cura
2057 587 2458 640 ac'sedulitaie
2505 590 2634 641 ades
2662 629 2675 650 ,
2721 598 2884 656 atque
2929 589 2974 643 si
3013 589 3448 643 necessariorum

239 679 461 727 tuorum
489 674 716 729 dicenda
749 675 847 728 tibi
884 689 1049 729 causa
1096 686 1259 730 esset.
1311 675 1388 730 Ita
1463 686 1556 738 ut,
1619 675 1868 744 quamvis
1904 677 2379 732 absurdiusculmn
2436 679 2586 731 dictu
2633 679 2724 745 sit,
2771 681 2905 749 ipsis
2951 681 3053 734 hac
3105 688 3258 749 parte
3316 693 3452 748 pene

239 781 395 820 suam
421 775 682 835 prodesse
714 769 940 823 dixerim
976 772 1269 840 jacturam.
1297 769 1445 839 quod
1479 773 2043 826 talrmnanciscantnr
2075 773 2402 842 adiutorem.
2474 773 2742 829 Cazterum
2809 785 2871 828 ut
2934 775 3132 828 decora
3173 775 3285 828 haec
3349 775 3447 827 tib.

234 870 370 910 sane
420 865 570 922 sunt,
618 858 939 928 nullumque
975 861 1098 915 aliis
1154 861 1514 929 exsuperandi
1566 862 1786 916 modum
1827 863 2050 927 habent,
2116 865 2371 932 quocirca
2423 880 2583 918 nemo
2634 864 2764 919 item
2831 872 2935 924 est.
2970 866 3062 932 qui
3093 866 3324 934 palmam
3355 863 3450 915 tibi

233 947 460 1001 dubiam
511 949 691 1004 facere
739 952 906 1004 ausit.
973 951 1048 1006 Ita
1101 953 1276 1021 pluris
1327 954 1429 1007 boc
1475 962 1786 1018 tamenest,
1827 956 1971 1024 quod
2037 956 2159 1008 talis
2220 970 2346 1008 cum
2371 955 2697 1020 sis,nullum
2728 957 2782 1009 in
2816 963 2868 1010 te
2896 956 3172 1026 iactantia:
3197 963 3452 1021 appareat

222 1042 546 1111 vestigium,
585 1058 765 1112 neque
796 1044 1147 1114 gloriosiores
1193 1047 1330 1100 ullas
1381 1047 1449 1102 de
1494 1055 1546 1101 te
1594 1047 1778 1102 foveas
1817 1047 2125 1114 Opiniones.
2194 1063 2384 1100 verum
2440 1048 2664 1115 perinde
2713 1059 2881 1117 atque
2937 1046 2984 1101 si
3049 1044 3197 1100 nulla
3225 1061 3448 1113 prorsus

233 1151 296 1190 re
327 1139 584 1206 praeclara
614 1148 837 1194 ornatus
858 1156 1032 1204 esses,
1067 1144 1141 1196 ita
1181 1143 1495 1211 popularem
1565 1151 1615 1198 te
1679 1144 1937 1197 omnibus
1997 1143 2447 1212 moderatumque
2481 1146 2718 1211 praebeas
2743 1183 2759 1201 .
2807 1159 2873 1198 eo
2914 1143 3060 1212 quod
3136 1157 3448 1196 concessam

234 1231 463 1284 honoris
509 1232 834 1301 generisque
883 1235 1250 1302 praestantiam
1314 1245 1506 1303 sponte
1563 1243 1653 1288 tua
1702 1236 1952 1289 remittis.

307 1343 383 1399 Γ.
413 1348 584 1400 Ταυτὶ
639 1349 694 1401 δέ
725 1366 783 1402 σε
817 1353 908 1402 καὶ
950 1351 1218 1404 δοκοῦντα.
1239 1354 1331 1404 καὶ
1387 1353 1531 1417 ὅντα,
1579 1350 1658 1414 οἷς
1693 1356 1789 1422 μὲν

235 1435 372 1489 ίδείν
402 1436 678 1502 ἐξεγένετο
718 1441 862 1505 μάλα
905 1445 1151 1508 μαίονται
1196 1458 1210 1471 ”
1262 1445 1310 1495 οἱ
1344 1445 1398 1494 δὲ
1426 1445 1526 1495 οὐκ
1568 1444 1785 1505 ἰδόντες,

234 1527 386 1588 ὅπως
415 1528 624 1580 ἔσονται
647 1531 898 1599 τάχιστα,
929 1534 1107 1584 πάντα
1140 1536 1351 1586 ποιοῦσι
1371 1551 1386 1565 ο
1413 1538 1538 1596 τοὺς
1571 1537 1622 1587 δὲ
1659 1536 1788 1585 ἰδόν-

233 1632 333 1676 τας
368 1620 484 1684 μὲν,
513 1621 573 1672 οὐ
613 1621 898 1687 φιλοῦντας
927 1624 1003 1684 δὲ,
1047 1627 1094 1676 εί
1127 1620 1248 1693 ἄρα“
1268 1627 1359 1677 καί
1391 1643 1530 1686 τινες
1560 1624 1670 1678 εἷεν
1699 1627 1788 1677 οῦ-

1969 1353 2055 1407 lll.
2091 1355 2212 1407 Haec
2247 1363 2301 1407 tu
2336 1355 2516 1419 igitur.
2540 1370 2660 1406 cum
2695 1364 2750 1408 et
2775 1369 2894 1408 esse
2918 1354 3246 1414 videaris,et
3265 1365 3450 1418 reapse

1893 1445 1986 1507 sis,
2021 1449 2175 1513 queis
2227 1450 2300 1496 tui
2339 1447 2554 1498 videndi
2613 1447 2765 1513 copia
2825 1445 2944 1507 iuit,
2997 1444 3070 1494 illi
3127 1445 3322 1493 insano
3373 1441 3448 1491 tui

1891 1552 2076 1590 amore
2128 1537 2441 1604 planissime
2494 1538 2699 1595 furuut.
2755 1537 2847 1603 qui
2895 1536 3124 1587 necdum
3177 1535 3450 1590 viderunt,

1894 1629 2022 1682 illud
2083 1639 2139 1681 ut
2200 1630 2604 1696 quamprimum
2669 1637 3092 1693 consequantur,
3151 1624 3451 1677 moliuntur

231 1723 340 1768 τως
366 1707 562 1768 ἀθλίως
610 1712 846 1781 ἔχοντες,
873 1703 948 1774 ὡς
981 1714 1140 1780 Ιἔγωγ’
1186 1717 1284 1766 οὐκ
1321 1713 1495 1782 οἶμαι,
1527 1719 1578 1768 τί
1608 1733 1689 1776 τις
1721 1717 1786 1767 ἂν
1819 1759 1864 1816 Β
1892 1739 1902 1774 1

1774 1734 1786 1763 ο
1819 1759 1864 1816 Β
1892 1723 2104 1785 omnia;
2138 1722 2227 1787 qui
2261 1732 2439 1773 autent
2468 1720 2724 1771 viderunt
2754 1758 2766 1779 ,
2801 1734 2974 1784 neque
3007 1728 3190 1770 amant
3239 1727 3445 1775 tamen,

233 1801 522 1865 προσείποι
541 1803 783 1864 δικαίως,
809 1804 842 1872 ἢ
867 1808 1016 1872 σφῶν
1035 1806 1210 1867 αὐτῶν
1229 1807 1303 1868 ὡς
1322 1805 1535 1873 ἀληθῶς
1566 1807 1788 1875 ἐχθροὺς

228 1898 328 1947 καὶ
373 1894 468 1946 τοῦ
491 1894 890 1956 λυσιτελοῦντος
937 1895 1274 1964 βασκάνους’
1327 1898 1420 1948 καὶ
1459 1899 1539 1948 ὃτι
1586 1914 1674 1965 μοι
1704 1898 1789 1949 δο-

227 1985 421 2036 κοῦσιν
466 1986 597 2052 οἵ⁶γε
625 1987 853 2038 τοιοῦτοι
900 1989 1124 2056 μηδενὸς
1160 1988 1269 2039 τῶν
1307 1989 1604 2041 καλλίστων
1643 1989 1786 2056 ἔχειν

225 2080 428 2144 ἔρωτα,
475 2080 598 2147 μηδ’
628 2079 935 2147 ἐπιθυμεῖν,
968 2081 1161 2146 ἀνδρὸς
1203 2082 1550 2148 ἀμελοῦντες,
1580 2079 1640 2132 οὗ
1679 2083 1786 2142 πᾶς

225 2168 480 2222 ὁστισοῦν
505 2169 704 2237 εὔξαιτ’
743 2171 810 2223 ἃν
836 2174 1198 2240 πεπειρᾶσθαι
1220 2189 1233 2203 ⁸
1266 2174 1358 2224 καὶ
1375 2173 1431 2232 ὃς
1454 2174 1784 2241 ἡδίων-ἁπά-

226 2277 329 2329 σης
363 2261 557 2328 ἑορτῆς
593 2263 706 2324 τοῖς
764 2263 980 2331 ἐχουσις
1016 2265 1235 2331 Σὺ¹γοῦν
1265 2265 1340 2332 τῷ
1379 2264 1485 2316 τῶν
1538 2264 1780 2334 ἐπῳδῶν,

224 2353 302 2416 ὡς
346 2352 505 2418 ἔφην,
537 2354 784 2420 ποικίλῳ.
816 2353 912 2406 καὶ
955 2371 1028 2422 μῃ
1061 2371 1150 2422 μοι
1183 2357 1373 2423 μέμψή
1405 2356 1472 2407 τὰ
1502 2357 1666 2408 πᾶσιν
1699 2357 1788 2408 Ex—

221 2444 362 2508 δτλλα
395 2443 625 2509 λέγοντι,
656 2442 913 2505 πλείστας
933 2445 1030 2513 μὲν
1056 2445 1256 2507 πόλεις,
1277 2445 1374 2497 οὐκ
1399 2446 1551 2512 ὀλίγα
1576 2446 1630 2497 δὲ
1659 2446 1783 2516 ἔθνη

225 2535 548 2602 συνὲδησας,
585 2538 677 2586 καὶ
705 2535 979 2595 πολιτείας
1003 2538 1095 2587 καὶ
1132 2537 1193 2605 δή
1207 2555 1357 2602 μους,
1393 2540 1486 2589 καὶ
1508 2542 1782 2599 συνοικίας

222 2627 558 2695 ἀγραύλους,
605 2628 702 2678 καὶ
742 2629 864 2689 τοὺς
914 2630 1086 2696 ὁπηδὴ
1137 2629 1233 2695 τῆς
1263 2631 1535 2698 ἡμετέρας
1571 2629 1785 2697 ἀνθρώ-

224 2735 394 2777 πους·
427 2719 487 2768 οὐ
523 2719 632 2783 γὰρ
661 2713 736 2770 ὧν
769 2714 958 2788 ἦρξας,
998 2721 1060 2770 οὐ
1087 2722 1304 2779 τούτους
1337 2710 1662 2789 ὲγοῆτευσας
1690 2723 1785 2788 μό-

219 2827 347 2870 νους
368 2829 380 2838 ·
411 2809 486 2870 ὡς
521 2811 593 2878 μὴ
629 2809 714 2872 ἂν,
745 2810 840 2861 ἕνα
872 2810 1071 2878 μηδένα
1110 2811 1221 2862 τῶν
1257 2814 1471 2864 πάντων
1529 2813 1621 2863 σοῦ
1653 2813 1783 2880 πρόσ

219 2919 386 2972 τερον
410 2904 676 2965 τίθεσθαι,
702 2904 834 2973 μηδὲ
853 2904 960 2955 τῶν
984 2904 1155 2972 βελῶν
1182 2905 1403 2956 ἐκείνων
1429 2908 1778 2975 ἀμνημονεῖν,

221 2990 303 3057 οἷς
327 2998 528 3057 αὐτοὺς
559 2997 835 3063 ἐτρωσαςο
894 2996 1080 3050 ποθεῖν
1129 2998 1187 3048 δὲ
1225 2999 1316 3049 καὶ
1354 2993 1530 3059 αὖθις,
1571 2998 1690 3060 πῶς
1718 3000 1781 3050 ἂν

1890 1813 1932 1864 si
1981 1815 2072 1878 qui
2131 1813 2200 1863 ita
2257 1812 2440 1862 miseri
2491 1810 2797 1877 perditique
2827 1816 2974 1867 sunt,
3015 1807 3159 1874 quod
3192 1806 3446 1872 equidem

1888 1913 2080 1966 parum
2110 1899 2240 1950 mihi
2272 1899 2329 1948 iit
2357 1898 2650 1963 probabile,
2687 1912 2795 1963 quo
2831 1898 2930 1969 hos
2957 1896 3121 1963 digno
3153 1896 3442 1960 quisquam

1888 1989 2124 2056 appellet
2154 1990 2392 2048 nomine,
2423 2003 2583 2078 quam
2612 1988 2924 2040 verissimos
2957 1987 3039 2039 sui
3070 1986 3309 2054 ipsorum
3353 1984 3449 2036 bo-

1890 2085 2043 2142 steis,
2076 2082 2487 2149 commodisque
2524 2077 2760 2149 publicis
2795 2091 3109 2144 maerentes,
3139 2077 3447 2146 cuiusmodi

1889 2190 2018 2230 sane
2051 2173 2300 2226 homines
2333 2174 2536 2224 nullius
2569 2172 3059 2240 pulcherrimarum
3089 2183 3271 2222 rerum
3304 2168 3449 2220 desi-

1888 2266 2042 2322 derio
2077 2279 2139 2318 ac
2171 2264 2472 2330 cupiditate
2503 2263 2646 2332 tangi
2701 2263 2832 2315 mihi
2863 2263 3141 2325 videntur,
3171 2260 3443 2328 siquidem

1876 2355 2038 2410 ‘illum
2069 2357 2346 2424 negligant
2388 2356 2586 2415 virum,
2633 2356 2791 2424 cujus
2839 2354 3215 2422 unusquisque
3248 2354 3444 2404 merito

1889 2451 1991 2504 sibi
2021 2450 2359 2516 exoptavcrit
2387 2449 2636 2500 notitiam
2663 2488 2678 2508 ,
2729 2447 2893 2514 quive
2923 2449 3096 2514 ipsum
3130 2445 3444 2498 familiarem

1891 2541 2224 2596 habentibus
2250 2543 2386 2591 festo
2419 2540 2610 2606 quovis
2641 2538 2729 2590 die
2769 2538 2982 2590 dulcior
3006 2536 3225 2590 est?Tu
3264 2538 3447 2603 itaque

1889 2634 2055 2686 variis
2085 2633 2224 2695 istis,
2262 2646 2382 2697 qua:
2407 2631 2664 2693 diximus,
2693 2629 3113 2682 incanlamcntis
3137 2628 3241 2681 tuis
3262 2631 3446 2692 (atque

1889 2739 1958 2776 ne
1983 2722 2112 2774 mihi
2147 2720 2433 2773 manifesta
2465 2720 2719 2773 omnibus
2759 2719 3067 2786 usurpanti,
3097 2732 3301 2784 quaeso,
3323 2733 3448 2767 suc-

1888 2814 2170 2879 censeas),
2209 2828 2331 2865 cum
2376 2813 2540 2865 urbes
2576 2812 2872 2878 plurimas,
2930 2820 3043 2862 tum
3095 2824 3200 2861 non
3249 2823 3447 2875 paucas

1889 2905 2137 2957 nationes
2177 2902 2271 2956 tibi
2309 2902 2595 2954 devinxisti
2637 2900 3009 2968 colligastique
3041 2916 3053 2949 :
3087 2903 3142 2952 ei.
3184 2911 3443 2966 praeterea

1889 2997 2251 3062 respublicas,
2277 3002 2332 3045 et
2363 2993 2610 3061 p0pulos,
2631 3001 2687 3044 et
2716 3006 2882 3060 pagos
2914 2991 3174 3051 rusticos,
3203 3001 3256 3041 ct
3279 2997 3441 3055 quot-

220 3090 404 3148 εἴποις
435 3089 662 3138 τουτωνὶ
687 3088 1050 3152 πεπειρᾶσθαι
1084 3088 1507 3153 συνευχομένους
1530 3090 1636 3147 ἀεὶ,
1668 3090 1784 3140 ἀλλ’
1813 3078 1856 3137 C
1887 3112 1891 3135 ι

1772 3091 1784 3105 ‘
1813 3078 1856 3137 C
1887 3096 2021 3156 quot
2048 3100 2376 3154 quacunque
2423 3085 2580 3137 orbis.
2624 3086 2793 3152 nostri
2834 3092 2987 3151 parte
3011 3091 3296 3134 versantur
3349 3081 3443 3130 lio—

219 3180 499 3246 ὁσημέραι
540 3177 637 3246 τῆς
699 3179 797 3243 σῆς
848 3179 1036 3246 φήμης
1093 3179 1785 3250 ἕκαστακόσμχωρούσης,

221 3269 484 3338 καθάπερ
529 3267 697 3319 παλαι
725 3267 828 3332 τῆς
867 3265 1215 3333 Ἀλεξάνδρου
1245 3263 1338 3317 τοῦ
1369 3265 1460 3316 σοῦ
1491 3266 1663 3332 φίλου,
1712 3265 1787 3326 ὡς

221 3362 347 3427 εἰης
391 3361 507 3421 τοῖς
546 3360 869 3428 ἀρχομένοις
919 3358 1315 3427 φιλάνθρωπος,
1373 3359 1465 3409 καὶ
1516 3358 1589 3419 ὡς
1628 3358 1788 3410 Ἰλλυο

227 3453 386 3520 ριοῦς
410 3452 508 3518 μὲν
546 3451 920 3516 κατεστρῇω.
980 3449 1296 3517 Τριῦαλλοῖς
1323 3449 1376 3499 δὲ
1411 3449 1573 3516 φόϐον
1606 3449 1791 3517 ἐνέθη-

227 3559 331 3602 κας
352 3555 368 3570 ⁶
403 3543 496 3592 καὶ
524 3543 636 3602 τοῖς
664 3541 895 3609 Περσῶν
937 3543 1132 3606 αἵμασι
1167 3538 1427 3600 πολλάκις
1455 3538 1661 3604 ἔδαψας
1687 3541 1785 3606 τὴν

226 3634 457 3703 αίχμὴν,
481 3635 589 3689 τῶν
623 3635 680 3685 ὲν
705 3635 859 3703 χερσὶ
887 3634 1155 3685 πεσόντων
1187 3633 1396 3693 οὐδενὸς
1413 3627 1566 3699 οἶμαι
1594 3633 1786 3697 διαφυ-

224 3729 422 3794 γόντος
441 3766 454 3789 ,
496 3725 683 3795 ὥσπερ
713 3742 810 3788 τις
839 3727 1076 3792 σκηπτὶς
1115 3724 1369 3777 ἀπαντῶν
1397 3726 1506 3783 τοῖς
1532 3722 1788 3775 ἀνθιστα-

288 3818 297 3828 .
635 3801 657 3828 6

231 3818 440 3884 μένοις.

1892 3180 2086 3231 mines.
2123 3178 2307 3243 Neque
2341 3177 2437 3227 hos
2464 3177 2610 3228 enim
2651 3177 2817 3235 solos,
2847 3174 2990 3243 apud
3037 3188 3173 3240 quos
3199 3186 3320 3224 cum
3351 3173 3447 3222 im-

1889 3273 2042 3339 perio
2093 3271 2292 3328 fueras.
2332 3272 2383 3321 in
2437 3280 2643 3322 tantum
2691 3267 2982 3320 incautasti
3011 3304 3026 3328 ,
3062 3276 3117 3317 ut
3175 3265 3444 3316 nemiuem

1895 3377 2063 3414 unum
2103 3360 2410 3413 mortalium
2468 3358 2565 3410 tibi
2615 3366 2987 3424 anteponant,
3025 3369 3201 3420 neque
3231 3353 3448 3420 sagitta-

1890 3467 2015 3504 rum
2082 3452 2291 3504 illarum
2348 3464 2550 3502 exuere
2604 3455 2810 3517 queant
2845 3446 3183 3506 memoriam,
3246 3441 3446 3510 quibus

1895 3545 2039 3611 ipsos
2074 3542 2522 3595 consauciaveras
2553 3580 2568 3605 ,
2622 3540 2718 3592 sed
2763 3539 3095 3596 desiderent,
3155 3536 3446 3600 denuqut:

1894 3648 2083 3685 rursus
2111 3633 2327 3684 easdem
2358 3631 2592 3695 experiri
2655 3628 3025 3682 incredibilem
3061 3629 3112 3679 iu
3141 3625 3356 3676 modum
3391 3637 3445 3671 ei.

1894 3735 2155 3792 perpetuo
2185 3731 2437 3789 exoptent
2463 3761 2478 3784 ,
2505 3736 2701 3774 verum
2721 3721 2888 3773 etiam
2911 3717 3154 3785 quotidie
3173 3713 3446 3766 'nianantc

1896 3831 2116 3882 quoquo
2148 3830 2362 3868 versum
2413 3812 2650 3865 nominis
2694 3795 2778 3879 tui
2829 3811 2992 3869 fama,
3021 3818 3080 3860 ut
3109 3808 3237 3858 olim
3293 3809 3448 3858 fatui-

227 3911 388 3965 liaris
421 3908 569 3963 illius
620 3908 697 3963 tui
749 3909 1062 3973 Alexandri,
1123 3923 1282 3980 quam
1313 3917 1367 3960 tu
1421 3907 1569 3961 mitis
1600 3915 1657 3960 et
1699 3906 1939 3961 clemens
2008 3911 2059 3959 in
2107 3909 2273 3960 civcis
2342 3918 2464 3960 tuos
2493 3893 2616 3969 'sis,
2683 3917 2743 3958 ut
2791 3904 3002 3974 Illyrios
3044 3901 3344 3958 everteris,
3382 3913 3441 3951 ut

228 4007 494 4061 Triballis
527 4015 794 4060 terrorem
829 4008 1105 4076 inieceris,
1158 4019 1218 4059 ut
1289 4007 1496 4057 hastam
1563 4014 1713 4057 tuam
1762 4019 2139 4072 saepenumero
2210 4003 2500 4057 Persarum
2531 4002 2794 4069 sanguine
2850 3997 3148 4051 imbueris:
3210 3994 3446 4055 nemine,

227 4111 292 4152 ut
347 4099 566 4166 opinor,
601 4099 693 4166 qui
748 4100 802 4152 in
867 4109 988 4154 tuas
1036 4099 1206 4152 semel
1260 4097 1545 4152 incidisset
1579 4111 1789 4161 manus,
1829 4098 2034 4165 elapso.
2104 4098 2180 4150 l‘ta
2244 4103 2302 4149 tu
2326 4093 2867 4159 nimirumJulminis
2895 4095 2946 4144 in
2968 4103 3195 4148 morem,
3227 4085 3444 4138 obviam

218 4195 671 4276 reppguantibus
685 4195 883 4248 itabas.

289 4310 378 4363 A’.
422 4308 654 4361 Τοιαῦτα
681 4308 898 4360 πάντων
921 4309 1021 4360 καὶ
1081 4308 1160 4362 ῑτι
1182 4309 1352 4362 πλείω
1373 4311 1467 4362 καὶ
1490 4311 1651 4378 κοινῇ
1687 4307 1786 4360 καὶ

231 4398 358 4452 κατ’
388 4398 558 4466 ἄνδρα
584 4399 677 4449 καὶ
707 4400 848 4449 κατὰ
875 4400 1109 4465 φατρίας
1147 4400 1399 4483 ᾀδόντων,
1430 4398 1789 4467 ἐπιθυμοῦσιν

1961 4303 2049 4356 iV.
2085 4299 2315 4367 Quando
2365 4298 2536 4367 igitur
2589 4274 2897 4368 biijus'modi
2939 4295 3209 4360 quaedam,
3255 4295 3310 4339 et
3359 4285 3447 4338 his

1897 4397 2075 4450 adhuc
2108 4397 2280 4462 plura,
2309 4402 2361 4444 et
2388 4390 2774 4446 communiter,
2827 4396 2881 4438 et
2912 4384 3138 4444 viritim,
3166 4390 3220 4432 et
3267 4379 3409 4431 tribu

232 4488 496 4548 αιπόλεις
514 4488 608 4554 τῆς
635 4488 734 4553 σῆς
760 4489 1215 4556 στρατηγίας,καὶ
1236 4470 1491 4570 τῆςέπερλ
1505 4490 1599 4550 τὰς
1623 4489 1793 4557 ἀρχὰς
1830 4470 1874 4525 ί)

1770 4505 1793 4550 ς
1830 4470 1874 4525 ί)
1903 4491 2019 4548 tim,
2051 4487 2119 4539 ab
2146 4485 2402 4537 omnibus
2431 4482 2829 4539 collaudantur,
2861 4475 2985 4528 inde
3011 4478 3088 4536 lit,
3132 4483 3190 4526 ut
3219 4485 3309 4524 tua
3339 4472 3441 4522 itii-

224 4576 749 4645 ἐπιστήμης,οῦτως
770 4577 1199 4645 ἀμεινονὲκάστη
1215 4577 1619 4645 πράξεινπτστε
1629 4576 1798 4628 ύουσα

234 4667 334 4718 σοῦ
365 4667 620 4736 λαχόντος
646 4668 836 4735 ἄρχειν
866 4668 1054 4735 αὐτῆς.
1093 4666 1154 4718 Ἦ
1196 4667 1251 4718 δὲ
1300 4666 1502 4718 τούτων
1531 4667 1796 4734 ἐπιθυμία
1859 4729 1862 4732 Α

233 4761 407 4820 uini;
442 4777 501 4811 τε
551 4758 754 4820 ταύτας
800 4758 893 4812 καί
930 4759 976 4810 σ’
1012 4759 1146 4846 ὁμοῦ
1198 4760 1292 4810 καὶ
1340 4759 1431 4810 τὸν
1490 4759 1797 4827 κρατοῦντα

235 4850 520 4919 σεμνύνει.
582 4849 752 4919 Είπερ
797 4848 1007 4906 ἐκεῖνος
1052 4845 1165 4915 μὲν
1196 4845 1323 4908 τοὺς
1381 4846 1632 4913 ἀρίστους
1666 4846 1796 4912 περὶ

236 4943 485 5002 πλείονος
511 4939 632 5005 ἄγει
662 4929 836 5005 τιμῶν
865 4938 960 4988 καὶ
981 4934 1290 5002 θαυμάζων,
1320 4936 1383 4986 σὺ
1409 4935 1463 4986 δὲ
1484 4936 1599 5003 εἴης
1629 4934 1797 4986 τοιοῦ-

237 5051 329 5093 τος
348 5047 364 5063 ο
403 5031 461 5081 αἱ
489 5030 533 5082 δ’
560 5032 665 5097 ἄρα
699 5029 876 5089 πόλεις
908 5028 1012 5080 ὑπὸ
1039 5027 1132 5078 σοῦ
1163 5025 1478 5093 κοσμεῖσθαι
1499 5024 1793 5090 βούλονταν

244 5122 450 5190 μᾶλλον
483 5121 539 5172 δὲ
559 5121 716 5188 chap
745 5113 903 5173 αὗται
936 5118 1032 5186 μὲν
1068 5115 1163 5168 τοῦ
1189 5114 1589 5176 λυσιτελοῦντος
1608 5116 1795 5182 ἐρῶσι·

243 5216 308 5266 σὺ
339 5214 396 5265 δὲ
425 5212 582 5264 τοῦτο
612 5212 870 5280 παρέχεις
891 5227 904 5241 ο
958 5212 986 5260 ὀ
1035 5208 1091 5259 δὲ
1123 5207 1304 5276 ἄρχων
1350 5208 1428 5258 σοὶ
1470 5209 1534 5257 τὰ
1567 5206 1800 5273 μέγιστα

245 5306 447 5374 χρῆται
466 5321 480 5336 ·
510 5304 607 5372 οὐχ
632 5305 711 5354 ὅτι
751 5303 892 5370 μάλα
925 5300 1067 5354 κατὰ
1091 5301 1243 5365 γένος
1269 5297 1418 5367 αυτῷ
1458 5299 1750 5366 προσήκεις
1776 5313 1790 5327 ο

242 5395 350 5445 οὐδ’
379 5395 574 5459 ὅτιπερ
603 5391 679 5444 ὢν
703 5392 986 5461 τυγχάνεις
1005 5388 1314 5458 ἀδελφιδοῦς
1335 5403 1348 5417 ·
1389 5388 1503 5448 πῶς
1541 5389 1648 5456 γὰρ
1677 5389 1796 5440 ἑτέ-

247 5503 355 5552 ρων
383 5485 554 5536 ὄντων
606 5485 704 5536 οὐκ
754 5485 948 5550 ὀλίγων
978 5482 1146 5549 αὐτῷ,
1195 5479 1288 5544 οὓς
1323 5480 1568 5532 πλεῖστον
1605 5482 1800 5548 ἀπέχει

247 5577 354 5628 τιὶιν
377 5577 509 5627 ίσων
537 5575 616 5626 σοί
649 5576 699 5642 γ’
732 5575 953 5641 ἁξιοῦν;
991 5575 1103 5627 ἀλλ’
1138 5574 1336 5644 ἀρετῆς
1362 5572 1546 5624 εἵνεκα
1575 5573 1668 5624 καὶ⁸
1701 5573 1799 5638 τῆς

247 5671 303 5718 ιν
329 5669 440 5722 τοῖς
487 5666 793 5728 καλλίστοις
835 5667 1146 5732 πλεονεξίας
1195 5666 1387 5733 τιμῶν,
1421 5662 1609 5731 ὥσπερ
1649 5663 1797 5723 είκδις

249 5759 526 5825 εὐδοκιμεῖ
560 5759 618 5826 τῇ
662 5759 858 5828 κρίσει,
909 5757 1094 5825 ὥσπερ
1140 5755 1538 5824 ἐνδεικνύμενος
1573 5753 1797 5817 ἆπαςιν,

1899 4579 2069 4647 peria.
2097 4585 2242 4628 tuam
2262 4573 2674 4639 magistratuum
2693 4569 2962 4637 peritiam,
2985 4566 3145 4618 urbes
3167 4569 3444 4629 expetant,

1905 4669 1978 4721 ita
2015 4668 2265 4720 videlicet
2299 4664 2491 4717 melius
2519 4675 2747 4728 quaeque
2783 4674 2967 4712 secum
3003 4668 3182 4710 actum
3212 4656 3278 4706 ir-i
3308 4663 3444 4714 rata,

1901 4751 1945 4812 si
1987 4767 2040 4809 tu
2076 4756 2446 4824 praefecturam
2489 4752 2660 4820 ipsius
2707 4751 2932 4803 Sortitus
2975 4749 3162 4800 fueris.
3195 4746 3324 4808 Quae
3354 4743 3446 4795 tir-

1901 4851 2046 4904 bium
2075 4847 2364 4907 desideria,
2395 4852 2452 4897 et
2477 4845 2594 4896 illas
2623 4844 2785 4910 ipsas.
2819 4851 2870 4893 et
2902 4849 2952 4891 te
2981 4854 3086 4891 una
3118 4852 3240 4890 cum
3274 4837 3444 4903 impc-

1901 4949 2106 5001 ratore,
2133 4939 2284 5005 plane
2314 4935 2710 4989 commendem.
2743 4929 3186 4998 Quandoquidem
3219 4928 3445 4994 impera-

1904 5040 1987 5084 tor
2053 5030 2284 5081 maximo
2335 5024 2814 5094 pmstatitissiinos
2875 5035 3120 5088 quosque
3182 5018 3327 5069 viros
3384 5018 3437 5084 in

1902 5117 2077 5188 pretio
2110 5115 2463 5182 habet,rquos
2497 5111 2771 5164 "videlicet
2822 5109 3117 5162 honoribus
3167 5114 3221 5159 et
3276 5105 3442 5173 gloria

1902 5209 2160 5268 cumulat,
2197 5206 2262 5259 de
2289 5219 2397 5273 quo
2425 5217 2621 5272 genere
2653 5211 2709 5253 tu
2738 5217 2827 5261 es;
2875 5203 2969 5252 abs
3003 5209 3051 5250 te
3108 5214 3238 5250 vero
3259 5200 3439 5253 ornari

1903 5299 2124 5368 regique
2151 5296 2313 5350 urbes
2344 5295 2635 5362 postulant,
2655 5293 2766 5346 sive
2797 5293 2994 5358 potius,
3019 5289 3272 5358 quoniam
3298 5305 3444 5340 ciun-

1903 5388 2058 5440 moda
2089 5400 2188 5438 sua
2242 5385 2403 5436 urbes
2438 5390 2620 5434 amant
2656 5399 2668 5433 :
2707 5395 2825 5448 quae
2859 5388 2912 5432 tu
2950 5377 3080 5445 ipsis
3115 5388 3354 5443 praestas,
3385 5385 3443 5427 ιιι

1903 5488 2012 5540 tua,
2042 5463 2355 5544 imperator,
2397 5471 2644 5525 maximis
2709 5469 2762 5521 in
2817 5467 2978 5520 rebus
3027 5481 3188 5534 opera
3241 5466 3440 5517 utitur.

1902 5569 2067 5636 ldque
2097 5583 2202 5620 non
2245 5565 2464 5623 eamiob
2498 5578 2609 5615 rem
2643 5562 2784 5629 quod
2818 5569 2961 5611 arcta
2990 5558 3088 5625 ipsi
3124 5557 3443 5624 propinqui-

1903 5659 2291 5727 tatejuuctus,
2338 5665 2430 5706 aut
2472 5651 2613 5720 quod
2668 5651 2834 5701 lratre
2880 5649 3053 5715 ipsius
3107 5647 3287 5698 editus
3341 5661 3438 5706 es;

1900 5767 2134 5821 quonam
2166 5749 2268 5803 hoc
2299 5749 2515 5814 inquam
2542 5744 2699 5797 modo
2726 5783 2738 5806 ,
2769 5740 2984 5808 quando
3019 5740 3094 5792 illi
3131 5740 3439 5807 hujusmodi
