4232 6432
271 366 379 429 385

1182 382 1465 447 ORATIO
1509 389 1609 449 AD
1647 391 1981 456 MAGNUM
2022 399 2552 464 LUGOTllETAM.

3386 421 3489 487 386

272 480 684 601 κατέστηςιὼτΐ
715 480 919 553 ἀγαθοῦ
955 492 1048 542 τοῦ
1071 491 1346 562 δαίμονος,
1369 499 1436 552 τά
1462 501 1510 551 τ’
1537 501 1653 555 ἄλλ’
1690 505 1829 575 ὑπὲρ
1864 516 1900 569 Α
1932 527 1943 580 ι

272 561 348 601 Ζ...
388 571 482 601 m'...
567 573 649 601 ,η’
689 575 764 601 ιω
799 578 894 601 μ’--
949 581 1212 601 ι-η...ι-ε
1313 585 1326 601 ο
1566 592 1576 601 .
1639 593 1659 601 ..
1697 594 1710 601 -
1771 596 1779 601 .

1812 524 1829 558 2
1864 516 1900 569 Α
1932 525 2220 581 germanos
2246 515 2498 574 Charetis
2521 522 2838 591 discipulos,
2864 525 3135 596 siquidem
3178 531 3322 586 nulla
3364 550 3483 601 pro-

270 561 348 618 ὧν
388 571 484 622 οὐκ
535 572 649 625 ἐσθ’
687 575 764 627 ὅτ’
797 578 896 629 οὐκ
947 581 1360 653 ἐπαγγέλλομιν

265 949 437 982 στατα
473 938 567 988 καὶ
607 939 1011 1007 προθυμότατα,
1041 947 1135 997 καὶ
1171 948 1313 1014 μάλα
1348 950 1472 1017 ἵλεῳ
1502 953 1818 1022 δεδεγμένος

259 1025 326 1092 τῇ
386 1023 578 1095 γνώμῃ
605 1021 693 1078 καὶ
731 1031 1259 1103 φιλοφρονησάμενος
1298 1039 1356 1089 οὗ
1407 1021 1692 1107 μεμπτῶς·
1729 1050 1817 1096 καὶ

256 1113 316 1160 τὸ
355 1114 637 1180 μέγιστον,
697 1123 791 1172 καὶ
845 1121 1089 1189 κολοφὼν
1145 1127 1382 1194 ἀτεχνῶς
1440 1137 1503 1182 τὰ
1557 1133 1818 1186 κ.λλισ;α

263 1209 619 1273 μεμνημένος
662 1211 838 1277 ἡμῶν,
871 1215 967 1265 καὶ
997 1214 1301 1284 διαλεχθεὶς
1353 1221 1488 1287 προς
1523 1225 1613 1286 τὸν
1655 1228 1815 1290 μόνον

257 1297 318 1345 ὲν
349 1296 661 1366 ἀνθρώποις
688 1303 931 1370 ἄριστον,
963 1305 1055 1357 τὸν
1091 1309 1250 1374 μόνον
1281 1311 1683 1381 φιλάνθρωπον,
1725 1319 1815 1369 καὶ

258 1390 599 1458 παράδειγμ’
646 1394 903 1462 ἀληθινοῦ
960 1399 1242 1467 βασιλέως,
1291 1404 1364 1464 ὡς
1403 1405 1611 1467 άληθῶς
1647 1425 1816 1473 πεφυ-

251 1475 412 1542 κὸτα,
445 1483 722 1552 ἀπορροήν
747 1502 863 1540 τινα
895 1489 993 1553 τῆς
1023 1492 1185 1556 αὑτοῦ
1219 1494 1625 1562 φιλανθρωπίας
1661 1499 1813 1562 ἀφεῖ-

250 1587 340 1622 ναι
394 1572 489 1623 καὶ
542 1575 678 1643 πρὸς
726 1577 890 1646 ἡμᾶς,
935 1583 1025 1631 καὶ
1075 1587 1466 1654 κατειργάσθαι
1493 1588 1645 1640 ταῦθ’
1675 1591 1812 1659 ὑπὲρ

257 1653 333 1717 ὧν
377 1662 608 1731 ἥκομεν,
644 1665 828 1739 ὥσπερ
871 1670 963 1724 οὖν
1007 1675 1100 1725 καὶ
1157 1653 1549 1745 κατείργαστο,
1598 1653 1811 1749 φθάνων

249 1754 557 1824 ἡμερότητι
601 1760 694 1809 καὶ
740 1761 815 1828 τῷ
851 1766 1117 1829 πεφυκότι
1150 1765 1242 1817 τοῦ
1282 1767 1477 1829 σώζειν
1515 1774 1611 1832 τὰς
1635 1773 1812 1825 ἁπάν-

243 1855 355 1894 των
390 1847 604 1914 δεήσεις
632 1848 690 1900 ὃν
718 1852 822 1912 πᾶς
856 1853 1438 1923 ὁστισοῦνθαυμάζειν
1467 1858 1686 1923 ἐθέλων,
1721 1863 1811 1913 οὑ-
1843 1843 1882 1894 Β

241 1932 354 1995 ὁεὶς
386 1937 635 1988 ὁστισοῦν
662 1934 772 1999 οἷός
801 1957 859 1992 τε
889 1943 1052 2007 ἀξίως
1084 1945 1407 2013 θαυμάζειν,
1451 1950 1556 2000 κᾶν
1596 1954 1643 2001 εί
1673 1955 1808 2004 πάν-

243 2036 335 2086 τες
373 2027 653 2098 ἄνθρωποι
687 2032 863 2083 πάντα
893 2037 1097 2086 ποιοῖεν
1129 2035 1399 2102 λέγοντες·
1433 2040 1545 2092 ἀλλ’
1581 2041 1716 2108 ὁμοῦ
1750 2059 1806 2094 τε

241 2118 579 2189 ἐγχειροῦσι,
612 2124 704 2174 καὶ
743 2126 896 2192 παρὰ
933 2127 1092 2193 μέλος
1132 2128 1370 2197 ᾄδοντες,
1397 2133 1558 2194 εὐθὺς
1592 2134 1806 2202 ἐξελέγ-

239 2231 430 2282 χονται
465 2217 567 2269 ὑπὸ
600 2218 699 2287 τῆς
727 2219 918 2273 τούτου
953 2225 1088 2289 πρὸς
1117 2227 1296 2276 πᾶσαν
1325 2228 1522 2298 ἀρετὴν
1543 2231 1805 2300 ἀληθινῆς

244 2309 520 2376 ἁρμονίας
554 2315 690 2383 ὑπὲρ
734 2315 798 2384 ἠν
833 2315 899 2367 ἂν
942 2319 1036 2368 καὶ
1066 2320 1172 2386 φῇς
1211 2322 1492 2389 μουσικήν·
1533 2325 1730 2391 μᾶλλον
1757 2327 1802 2378 δ’
1838 2372 1843 2375 .

240 2402 402 2453 αὐτοί
431 2419 490 2454 τε
524 2404 591 2456 τὰ
621 2407 808 2459 εἰκότα
837 2410 1127 2478 πάσχουσι,
1164 2412 1312 2463 κάτω
1347 2414 1657 2477 πίπτοντες.
1692 2418 1800 2470 Καὶ

238 2493 439 2546 τοῦτον
466 2497 531 2547 ὲκ
561 2497 670 2549 τῶν
698 2500 875 2551 αὐτῶν
902 2503 1105 2554 τούτων
1149 2502 1323 2565 ἄλλως
1355 2507 1644 2574 κοσμοῦσι,
1681 2511 1802 2574 μετ-

235 2585 328 2648 ζοισ
383 2587 693 2651 δεικνύντες
738 2591 895 2658 λόγου
948 2595 1008 2644 τὸ
1069 2594 1187 2644 κατ’
1234 2595 1426 2647 αὐτόν.·
1465 2599 1639 2659 Μινος
1690 2601 1796 2668 γὰρ

233 2680 498 2747 ἀποχρῶν
532 2684 734 2747 κόσμος
771 2683 931 2744 αὐτὸς
965 2685 1162 2752 ἑαυτῷ.
1193 2688 1286 2736 καὶ
1324 2688 1480 2754 μόνος
1515 2688 1580 2740 ἂν
1611 2693 1658 2741 εἰ
1684 2685 1796 2742 οἷόν

232 2767 283 2820 τ’
313 2764 424 2837 ἦν,
470 2771 568 2836 τῆς
620 2771 782 2831 αὐτὸς
835 2774 1000 2826 αὑτοῦ
1044 2777 1288 2844 γλώττης
1337 2778 1488 2846 τύχοι
1535 2781 1792 2844 δικαίως,

230 2863 332 2929 τῆς
394 2861 709 2929 ὑπερφυοῦς
761 2866 856 2915 καὶ⁵
908 2867 1147 2933 ἀμάχου,
1200 2870 1294 2919 καὶ
1334 2870 1595 2937 λογισμὸν
1621 2874 1795 2925 πάντα

235 2952 482 3019 νικώσης
516 2953 732 3022 ἀσχέτῳ
781 2957 876 3007 καὶ
921 2962 1295 3029 κεχαρισμένη
1325 2963 1485 3029 φορᾷ·
1518 2963 1591 3023 ὡς
1619 2963 1792 3014 δοκεῖν

226 3043 573 3112 ἀστράπτειν
626 3062 681 3096 τε
740 3055 830 3099 καὶ
870 3048 1100 3116 βροντᾷν
1139 3049 1559 3118 δημηγοροῦντα
1590 3091 1602 3110 ,
1635 3054 1665 3120 ἢ
1698 3054 1792 3104 καὶ

225 3136 500 3204 πρέσῦεσι
533 3139 943 3207 χρηματίζοντα
970 3155 980 3169 ·
1017 3141 1271 3193 τοσοῦτόν
1322 3145 1458 3194 ἐστι.
1517 3145 1590 3194 Σὺ
1619 3144 1664 3195 δ’
1693 3147 1789 3214 οὐχ
1819 3167 1861 3229 C

221 3226 306 3293 οἷς
365 3231 506 3299 ἔφην
571 3233 732 3301 μόνον
769 3236 1006 3303 χρηστὸς
1065 3240 1142 3298 εἰς
1193 3238 1361 3306 ἡμᾶς,
1405 3239 1512 3288 οὐδ’
1554 3238 1786 3290 ἐνταῦθα.

224 3325 478 3393 περάνας
512 3323 677 3392 ἔχειςο
711 3325 846 3377 ἀλλὰ
868 3329 960 3378 καὶ
996 3321 1074 3390 οἷς
1104 3329 1273 3380 ἔπειτ’
1306 3331 1401 3398 ἔσῃ
1442 3330 1619 3397 πολλῴ
1652 3347 1785 3398 προ-

219 3416 522 3486 θυμότερος
575 3418 666 3470 καὶ
727 3420 982 3489 ἀμείνων.
1058 3421 1459 3493 Προσθήσω-ιτ
1539 3423 1621 3474 ὅτι
1690 3424 1783 3474 καὶ

213 3511 339 3563 οὐδὲ
397 3511 580 3580 λήξεις
609 3526 623 3540 ⁸
674 3510 810 3564 ἀλλὰ
859 3516 951 3565 καὶ
998 3514 1106 3565 τῶν
1156 3513 1422 3593 δευῖτέρων
1479 3515 1780 3582 ἀμεινόνων

214 3604 372 3656 ἐσαεὶ
415 3604 593 3671 λέγειν
639 3604 790 3665 ἔσται
821 3619 930 3673 μοι’
974 3609 1068 3668 καί
1099 3606 1305 3670 τούτοις
1371 3606 1484 3668 πῶς
1515 3608 1616 3658 οἴει
1646 3624 1781 3676 χρη-

225 3697 353 3759 στός
378 3713 394 3728 ο
435 3697 769 3765 μαντεύομαι
819 3701 925 3768 γὰρ
973 3699 1072 3766 τήν
1105 3714 1165 3749 τε
1199 3699 1295 3768 σὴν
1327 3700 1492 3766 φύσιν
1530 3698 1682 3758 είδὼς
1713 3699 1780 3749 τὰ

219 3787 458 3839 τοιαῦτα
496 3787 826 3856 χαίρουσαν
867 3791 957 3840 καὶ
993 3790 1075 3840 ὃτι
1127 3806 1230 3859 μου
1278 3795 1626 3859 μεμνημένος
1670 3792 1781 3842 δια-

220 3870 425 3940 τελεῖς,
459 3878 594 3944 ἐμοῦ
646 3881 744 3946 μὲν
798 3879 948 3932 οὐδὲν
979 3881 1151 3942 ὄντος,
1189 3881 1262 3943 ὼς
1312 3882 1545 3942 ἅπαντες
1582 3882 1776 3934 ’ἵσασιυ

209 3971 438 4037 sisti?
482 3968 848 4038 Mapm’vstsdw
882 3969 975 4021 καὶ
1002 3970 1233 4037 Σιφνίων
1274 3970 1528 4037 Ἀθήνῃσι
1576 3971 1770 4035 λόγος;

217 4064 337 4114 ἀλλ’
365 4061 578 4114 οἴκοθεν
605 4064 701 4114 καὶ
719 4062 866 4131 παρὰ
892 4059 1089 4115 σαυτοῦ
1118 4062 1407 4130 φιλοτίμως
1433 4063 1778 4132 παρακαλού-

217 4173 380 4225 μενος
409 4157 504 4208 ἐπὶ
534 4155 734 4208 ταῦτα’
767 4157 815 4207 εξ
848 4156 923 4225 μὴ
967 4156 1059 4208 καὶ
1090 4157 1242 4224 ἡμᾶς
1269 4158 1347 4216 είς
1379 4157 1609 4222 ἀγαθοὺς
1638 4155 1778 4208 ὲκεί-

206 4261 316 4306 νως
368 4245 570 4314 φήσαις
599 4249 797 4312 τελεῖν,
831 4245 929 4314 τῆς
966 4245 1062 4314 σῆς
1093 4245 1146 4297 εἴ
1178 4262 1264 4312 μοι
1294 4245 1447 4305 δίδως
1479 4248 1652 4297 εξπείν
1682 4247 1774 4296 εὐ·

208 4337 359 4396 νοίας
395 4336 769 4404 τυγχάνοντας
791 4376 806 4399 ,
838 4331 898 4387 οὗ
938 4339 1104 4404 μηδὲν
1136 4334 1247 4387 οὗθ’
1279 4334 1429 4404 ἥδιον
1458 4334 1570 4386 οὔτ’
1605 4335 1777 4387 εὐδαι-

212 4427 546 4494 μονέστερον
573 4429 894 4496 χρήσασθαι.

1410 605 1491 640 σοι
1524 592 1589 643 τὰ
1634 593 1828 660 βελτίω

269 658 458 710 θεόθεν
485 699 499 722 ,
539 663 680 728 μετὰ
732 667 836 718 τῶν
864 669 921 730 ὲς
975 671 1182 734 πάντας
1236 681 1605 746 κηρυγμάτων
1636 658 1704 735 ἣτε
1737 688 1826 738 καὶ

267 752 537 801 παιάνων·
567 756 660 805 καὶ
689 756 766 806 ὅθ’
791 758 998 827 ἥκομεν
1028 762 1204 816 ἐκεῖσε
1243 769 1652 837 πρεσϐεύοντες,
1686 775 1824 844 ὑπὲρ

264 838 360 890 τοῦ
411 842 479 891 τὰ
528 844 594 894 σὲ
652 845 1024 914 θαυμάζοντος
1086 854 1404 925 Χανδρηνοῦ
1436 899 1449 922 ,
1490 860 1562 921 ὡς
1600 865 1825 932 εὐμενέ-

1930 601 2116 656 missis
2135 605 2266 658 ﬁdes
2281 618 2445 673 esset,
2478 611 2810 680 deprehendi
2829 617 3336 675 ?Verumenimvero
3352 615 3488 680 unus

1930 706 1986 746 tu
2013 696 2324 751 mortalium
2355 703 2622 769 Optimum
2653 714 2705 759 te
2739 708 3342 781 nobis,patronumque
3369 731 3491 769 cer-

1929 783 2195 838 tissimum
2223 789 2501 855 praebuisti
2529 832 2543 855 ,
2573 804 2627 847 tu
2672 798 2979 851 rationibus
3021 804 3219 854 nostris
3245 819 3490 856 commo-

1924 875 2114 944 disque
2133 881 2348 948 egregie
2367 884 2714 948 consuluisti,
2743 898 2797 939 tu
2827 887 2950 941 boui
2978 889 3134 943 nobis
3151 891 3293 959 genii
3325 892 3377 943 in
3404 896 3488 945 vi-

1921 980 2040 1019 cem
2075 966 2246 1026 fuisti.
2280 980 2393 1025 tum
2435 973 2485 1026 iu
2517 979 2748 1041 caeteris,
2775 978 2844 1030 ob
2873 994 2995 1046 qua:
3027 981 3176 1032 nullo
3203 996 3308 1034 non
3348 992 3487 1037 tem--

1922 1069 2052 1121 pore
2106 1055 2282 1111 fausta
2331 1066 2538 1129 qnzcvis
2592 1066 2687 1118 tibi
2735 1067 3001 1124 divinitus
3042 1086 3486 1138 contprecamur,

1921 1160 2026 1198 uua
2067 1161 2188 1200 cum
2233 1153 2437 1206 nostris
2486 1157 2628 1222 apud
2682 1160 2889 1212 omucis
2933 1163 3221 1229 prmconiis
3251 1174 3304 1216 ct
3345 1179 3485 1231 ptes-

1918 1239 2111 1303 nibus;
2180 1251 2292 1295 tum
2366 1246 2707 1310 potissimum
2775 1255 2917 1317 quod
2976 1267 3097 1305 cum
3170 1255 3307 1308 istuc
3377 1270 3477 1322 pro

1917 1330 2316 1386 studiosissimo
2351 1337 2561 1389 cultore
2614 1348 2706 1391 tuo
2743 1340 3070 1396 Chaudreuo
3129 1346 3479 1412 deprecatum

1918 1423 2274 1486 venissemus,
2344 1426 2769 1495 benignissime,
2831 1441 2884 1483 et
2936 1437 3382 1502 promptissime,
3425 1447 3482 1488 ct

1916 1510 2312 1587 humanissimo
2352 1531 2448 1569 nos
2497 1518 2682 1571 animo
2711 1521 3024 1587 excipiebas
3051 1565 3063 1584 ,
3100 1534 3154 1576 et
3187 1525 3329 1577 haud
3360 1525 3481 1577 vul-

1914 1604 2028 1670 gari
2066 1585 2321 1658 comitate
2360 1621 2423 1658 ac
2460 1609 2630 1675 gratia
2680 1612 3171 1678 complectebaris:
3223 1622 3277 1664 et
3330 1615 3477 1680 quod

1915 1707 2233 1759 niaximum,
2267 1707 2322 1748 et
2367 1696 2525 1764 plane
2553 1698 2818 1771 colophmi
2867 1714 2971 1762 est,
3020 1703 3474 1770 perhonorificain

1912 1779 1980 1835 de
2003 1783 2158 1837 nobis
2189 1783 2422 1839 faciebas
2453 1789 2784 1842 mentionem
2813 1829 2828 1852 ,
2887 1805 3010 1842 cum
3049 1791 3100 1843 in
3147 1792 3475 1860 colloquium

1911 1886 2035 1924 cum
2071 1887 2179 1924 uno
2205 1874 2346 1926 inter
2379 1875 2628 1930 homines
2666 1879 2823 1946 longe
2851 1878 3078 1947 optimo,
3105 1895 3212 1932 uno
3235 1881 3474 1934 clean-u-

1913 1963 2144 2024 tissimo,
2205 1962 2441 2032 bonique
2497 1968 2638 2035 regis
2690 1969 2978 2022 verissimo
3024 1984 3054 2022 a
3088 1979 3278 2022 natura
3323 1971 3470 2024 edito

1907 2049 2228 2117 specimiue,
2252 2054 2493 2107 venisses
2530 2070 2544 2106 :
2585 2064 2643 2106 ut
2682 2056 2728 2108 is
2783 2055 3133 2125 benignitatis
3172 2074 3284 2112 sua:
3316 2061 3470 2111 rivu-

1908 2138 2017 2191 lum
2072 2143 2378 2210 quempiam
2439 2145 2490 2197 in
2551 2159 2650 2198 nos
2705 2147 2870 2199 etiam
2928 2148 3224 2213 derivaret,
3265 2165 3462 2219 eaque,

1909 2245 2142 2298 quorum
2174 2233 2344 2300 gratia
2399 2235 2738 2290 venissemus
2763 2279 2778 2302 ,
2831 2238 3128 2292 conficeret
3158 2254 3172 2292 :
3207 2242 3468 2308 quemad-

1906 2326 2124 2376 modum
2183 2340 2314 2378 sane
2361 2327 2615 2392 confceit,
2648 2344 2743 2382 sua
2782 2345 2975 2398 nempe
3022 2333 3463 2396 mansuetudine,

1901 2423 2066 2484 atque
2109 2416 2274 2472 insita
2320 2420 2575 2474 servandi
2625 2422 2924 2486 voluntate,
2970 2439 3161 2477 omnes
3219 2428 3462 2478 omnium

1901 2522 2091 2574 preces
2127 2509 2268 2562 ultro
2298 2514 2672 2565 anteveniens.
2700 2514 2865 2579 (Iujus
2898 2529 3093 2566 nomen
3129 2516 3233 2570 eti
3265 2516 3462 2570 eximia

1901 2613 2095 2653 ornare
2120 2603 2495 2670 unusquisque
2515 2603 2697 2656 studet
2718 2604 2894 2662 laude.
2925 2620 3085 2657 nemo
3118 2615 3296 2658 tamen
3322 2623 3462 2660 unus

1898 2701 2002 2754 est,
2038 2694 2127 2759 qui
2159 2693 2380 2746 laudare
2409 2709 2475 2746 ex
2509 2696 2701 2746 merito
2740 2706 2936 2763 queat,
2973 2707 3096 2749 utut
3128 2713 3316 2750 omnes
3359 2700 3460 2752 ho-

1897 2783 2073 2835 mines
2116 2785 2300 2836 Omnia
2341 2784 2576 2838 dicendo
2601 2789 2970 2852 experiantur.
3003 2786 3275 2840 Continuo
3309 2789 3454 2841 enim

1897 2883 1956 2925 ut
1999 2888 2215 2925 manum
2247 2875 2398 2941 operi
2453 2863 2780 2936 admovent,
2829 2890 2858 2927 a
2917 2877 3169 2945 legitimis
3199 2881 3456 2934 carminis

1894 2965 2071 3018 modis
2118 2966 2394 3023 aberrare.
2433 2981 2530 3034 per
2579 2967 2915 3020 verissimam
2949 2968 3291 3037 imperatoris
3339 2988 3455 3023 om-

1892 3056 2046 3108 nium
2079 3056 2342 3107 virtutum
2389 3056 2754 3117 harmoniam,
2811 3057 2968 3125 longe
3026 3060 3229 3111 musica
3260 3063 3452 3127 quavis

1892 3145 2319 3205 conciuniorem,
2363 3147 2804 3210 convincuntur;
2847 3162 2943 3200 seu
2992 3164 3196 3211 venus,
3230 3162 3284 3204 et
3320 3152 3449 3218 ipsis

1889 3234 2025 3287 nihil
2078 3233 2297 3287 absurdi
2353 3245 2404 3287 et
2454 3235 2682 3302 iopiuati
2728 3238 2961 3299 accidit,
3019 3254 3085 3290 eo
3117 3241 3257 3307 quod
3309 3241 3444 3293 infra

1887 3324 2331 3392 (magnitudinem
2355 3326 2612 3393 hominis)
2641 3328 2924 3395 deci‘dunt,
2951 3338 3008 3383 et
3048 3346 3170 3383 eum
3209 3348 3302 3399 pcr
3331 3332 3447 3386 ha-c

1887 3418 2000 3485 ipsa
2040 3427 2217 3470 tamen
2245 3419 2352 3472 alio
2393 3419 2632 3487 quodam
2665 3422 3053 3497 commendant
3091 3424 3272 3485 modo,
3313 3426 3441 3478 dum

1883 3507 2139 3560 facultate
2167 3508 2380 3562 dicendi
2410 3512 2664 3578 majorem
2699 3525 2819 3565 esse
2842 3512 3249 3578 demonstrant;
3292 3516 3441 3568 solus

1883 3599 1996 3665 ipse
2026 3616 2168 3651 enim
2197 3606 2330 3653 satis
2370 3617 2621 3669 magnum
2669 3602 2769 3660 sibi
2810 3603 2979 3658 dccUs
3013 3615 3126 3668 est;
3159 3617 3214 3658 et
3265 3606 3436 3669 solus,

1881 3693 1925 3744 si
1962 3705 2067 3759 qua
2106 3691 2220 3744 fieri
2255 3702 2456 3759 posset,
2492 3709 2641 3746 suam
2684 3696 2855 3762 ipsius
2886 3696 3124 3764 linguam
3173 3698 3436 3751 laudatri-

1879 3798 1992 3837 cem
2028 3786 2219 3836 merito
2250 3784 2494 3847 haberet,
2531 3786 2960 3838 etelestissiniam
3011 3787 3154 3840 illam
3186 3799 3241 3840 et
3284 3774 3436 3849 insu-

1879 3874 2196 3942 perahilem,
2221 3889 2340 3943 qua:
2367 3889 2582 3927 omnem
2632 3876 2830 3928 mentis
2871 3877 3041 3928 aciein
3091 3877 3292 3930 invicto
3317 3893 3436 3945 gra-

1880 3967 2202 4034 tissimoque
2227 3966 2432 4033 impetu
2465 3967 2656 4019 vincit.
2688 3965 2763 4018 Ita
2791 3976 2848 4018 ut
2871 3965 3084 4035 fulgura
3115 3977 3170 4021 et
3194 3973 3430 4023 tonitrua

1877 4058 2024 4108 ciere
2070 4056 2314 4108 videatur
2349 4055 2650 4124 (Aristoph.
2703 4055 2936 4122 Ἀχαρν.
2971 4056 3094 4118 530)
3119 4099 3131 4119 ,
3165 4074 3288 4112 eum
3335 4073 3430 4112 aut

1876 4162 1975 4217 pro
1999 4147 2272 4224 concione.
2294 4145 2455 4200 verba
2504 4146 2633 4199 facit
2657 4158 2751 4199 aut.
2783 4147 2974 4214 legalis
3023 4161 3281 4214 reSponsa
3313 4151 3428 4210 dat.

1877 4247 2086 4292 tantum
2122 4237 2172 4290 id
2204 4238 2380 4303 ipsum
2409 4252 2538 4290 sane
2565 4246 2666 4290 est.
2702 4236 2779 4289 Tu
2816 4253 2947 4290 vero
2976 4254 3081 4291 non
3126 4240 3209 4293 his
3243 4244 3428 4304 modo,

1874 4346 1995 4400 qua:
2019 4331 2126 4399 jam
2155 4331 2409 4392 diximus,
2442 4328 2720 4384 beneficus
2754 4347 2878 4399 erga
2906 4346 3003 4384 nos
3030 4332 3201 4394 fuisti,
3249 4349 3426 4401 neque

1876 4424 1964 4477 hic
1985 4422 2123 4481 bene
2155 4421 2399 4476 merendi
2426 4423 2586 4488 finem
2628 4422 2822 4484 fecisti,
2855 4423 2945 4474 sed
2972 4437 3036 4476 eo
3064 4425 3251 4487 etiam,
3280 4427 3424 4492 quod

204 4529 263 4579 iu
298 4536 582 4591 posterum
632 4526 803 4578 multo
838 4523 1157 4593 propensior
1203 4523 1503 4592 meliorque
1550 4523 1771 4575 futurus
1807 4535 1889 4582 es,
1944 4522 2052 4572 imo
2083 4528 2138 4572 et
2175 4515 2310 4570 illud
2379 4516 2648 4585 adjiciam,
2707 4519 2849 4585 quod
2909 4532 3009 4569 nec
3052 4517 3268 4570 desines
3329 4519 3427 4571 ali-

204 4617 455 4687 quando,
484 4618 740 4682 quodque
770 4631 1045 4684 nunquam
1078 4630 1183 4670 non
1211 4619 1511 4685 posteriora
1579 4630 1804 4683 quaeque
1845 4613 1976 4666 mihi
2017 4612 2242 4665 meliora
2295 4625 2487 4664 vocare
2543 4611 2756 4675 licebit;

2833 4617 2888 4662 et
2943 4611 3027 4663 his
3071 4611 3233 4678 igitur
3281 4612 3421 4664 haud

203 4716 376 4785 dubie
418 4714 658 4780 optimus
706 4712 838 4776 eris,
890 4712 941 4765 id
971 4713 1116 4780 quod
1183 4724 1328 4766 recte
1383 4714 1511 4766 hinc
1578 4726 1833 4780 auguror,
1873 4708 2129 4777 quoniam
2186 4717 2242 4761 et
2273 4718 2422 4775 tuum
2477 4707 2748 4775 ingenium
2805 4704 3113 4773 hujusmodi
3167 4708 3422 4764 delectari

205 4811 377 4864 rebus
409 4813 752 4875 perspectum
785 4805 978 4865 habeo.
1015 4815 1068 4858 et
1099 4815 1360 4874 perpetua
1395 4807 1496 4858 mei
1530 4806 1671 4872 apud
1708 4814 1756 4857 te
1799 4806 1942 4871 viget
1999 4802 2294 4855 memoria:
2363 4799 2487 4863 mei,
2519 4798 2756 4866 inquam,
2790 4797 3046 4862 hominis,
3079 4801 3222 4867 quod
3261 4814 3421 4852 nemo

207 4906 403 4965 nescit,
431 4903 638 4956 minimi
672 4901 828 4970 plane
857 4898 1036 4967 pretii.
1063 4898 1192 4950 Nam
1225 4914 1342 4965 quae
1370 4898 1754 4950 Maronitarum
1798 4897 2261 4965 Siphniorumque
2311 4892 2538 4944 Athenis
2561 4891 2747 4990 ratio?
2780 4890 2973 4943 Verum
3010 4902 3063 4945 tu
3105 4903 3193 4945 tua
3251 4893 3422 4960 ipsius

205 4999 417 5059 indole.
443 5003 496 5047 ει
526 4991 958 5058 aDS-lemetipso,
985 4988 1209 5040 honesta
1269 4989 1451 5054 gloriae
1511 4989 1830 5055 cupiditate,
1875 4988 1938 5040 ad
1997 4987 2047 5040 id
2106 4985 2468 5054 prastandum
2527 4982 2833 5047 adduceris,
2891 4985 2995 5036 nisi
3041 4984 3422 5038 fortasse’nos

203 5096 335 5148 item
367 5092 419 5142 in
450 5088 712 5141 bonorum
748 5084 989 5136 virorqu
1009 5095 1235 5134 numero
1262 5081 1382 5134 ideo
1418 5082 1763 5137 collocandos
1800 5098 2010 5145 censes,
2049 5083 2303 5150 quoniam
2353 5089 2510 5132 tuam
2572 5080 2832 5148 gratiam.
2863 5079 2908 5133 si
2941 5094 3076 5149 pace
3106 5093 3194 5135 tua
3223 5082 3303 5136 fas
3337 5082 3419 5134 di-

200 5201 351 5242 cere,
399 5178 683 5234 consecuti
729 5189 937 5238 sumus,
983 5185 1091 5241 quo
1119 5171 1256 5224 nihil
1307 5187 1480 5240 neque
1516 5172 1753 5238 dulcius,
1797 5188 1972 5241 neque
2004 5172 2068 5225 ad
2095 5186 2249 5223 usum
2283 5170 2495 5223 felicius
2524 5183 2643 5222 esse
2671 5178 2854 5238 queat.

271 5296 348 5348 A'.
392 5287 484 5353 Οἷς
524 5288 724 5344 ἄπασιν
757 5293 916 5359 ἡμεῖς
940 5260 1274 5356 ἁντιδίδομεν
1311 5287 1437 5339 ἄλλο
1471 5287 1569 5354 μὲν
1589 5288 1762 5340 οὐδέν’
1799 5295 1840 5347 ι)
1937 5290 1942 5339 J

1733 5303 1762 5334 ι·
1799 5295 1840 5347 ι)
1937 5286 2022 5340 IV.
2061 5283 2268 5349 Quibus
2295 5283 2550 5339 omnibus
2579 5284 2714 5337 nihil
2745 5300 2845 5339 nos
2874 5285 3123 5354 equidem
3147 5285 3290 5338 aliud
3320 5302 3404 5340 re-

201 5390 261 5440 οὗ
294 5387 406 5455 γὰρ
455 5380 567 5436 οἷόν
617 5399 674 5433 τε
714 5381 825 5433 οὐδ’
861 5382 918 5433 ὲν
951 5378 1160 5439 τούτοις
1210 5378 1406 5446 ἡμεῖς·
1444 5380 1510 5446 τῇ
1547 5377 1683 5448 τύχη
1703 5378 1760 5441 δὲ

201 5483 363 5546 χάριν
395 5475 612 5534 εἰδότες,
635 5474 716 5524 ὅτι
749 5488 828 5523 σοι
864 5470 1134 5541 παρέσχεν
1172 5466 1493 5535 ἀποχρῶσαν
1523 5467 1652 5536 ὕλην
1681 5469 1761 5530 είς

200 5566 464 5628 επξόσιξιν
496 5564 720 5630 τῆςγσῆς
749 5562 946 5630 ἀρετῆς
1048 5561 1253 5619 πάντας
1285 5558 1599 5625 ἐξέπληξας
1627 5559 1761 5624 μᾶλ-

200 5660 288 5710 λον
312 5659 370 5712 δὲ
403 5657 497 5709 καὶ
528 5655 889 5721 συγχαίρομεν
909 5651 1203 5720 ταύτῃ’·ὂτι
1236 5648 1486 5717 καθάπερ
1520 5652 1641 5712 τοὺς
1671 5651 1761 5703 ἆλ-

201 5755 323 5814 lea;
347 5751 442 5802 καὶ
467 5749 519 5800 σὲ
544 5745 775 5800 δοκοῦσα
804 5746 1042 5812 κοσμεῖν,
1071 5741 1291 5794 ὑπδτῶν
1320 5743 1426 5794 σῶν
1451 5743 1585 5813 αὕτη
1607 5747 1757 5797 κεκό-

1857 5376 2168 5446 pendimus,
2209 5374 2431 5443 quando
2491 5374 2609 5429 fieri
2659 5375 2764 5430 hoc
2812 5378 3021 5445 nequit,
3052 5391 3154 5429 nec
3198 5389 3261 5430 ea
3308 5393 3405 5458 ηαδ

1856 5467 2171 5520 conditione
2221 5481 2431 5529 sumus,
2471 5468 2578 5523 nisi
2628 5479 2686 5522 ut
2723 5468 2952 5532 fortuna;
2989 5479 3169 5538 grates
3201 5470 3405 5524 habea-

1857 5574 2000 5621 mus,
2025 5575 2146 5627 quae
2181 5559 2278 5612 tibi
2320 5560 2570 5620 idoneam
2600 5577 2779 5615 rerum
2822 5561 3102 5614 materiam
3145 5576 3404 5617 exseren-

1856 5652 1938 5705 da:
1959 5650 2179 5704 virtutis
2221 5661 2344 5718 ιυιε,
2368 5669 2474 5721 qua
2517 5663 2741 5708 cunctos
2773 5655 2823 5705 in
2857 5663 3133 5721 stuporem
3183 5654 3404 5718 dedisti,

1857 5744 2045 5812 largita
2084 5733 2202 5798 fuit.
2238 5743 2361 5801 Sive
2393 5746 2466 5800 illi
2503 5747 2680 5814 potius
2709 5746 3063 5813 gratulamur,
3099 5750 3244 5816 quod
3276 5763 3404 5808 cum
