4232 6432
789 367 890 433 391

2003 370 2396 431 TllEODULl
2452 370 2797 431 MONACIII

3903 374 4004 438 392

783 480 995 551 gratiis,
1034 485 1090 532 et
1132 477 1392 532 immensa
1445 476 1645 546 ubique
1677 475 1996 534 bacchantis
2038 478 2241 533 lzetitia:
2267 478 2342 543 vi,
2374 482 2454 541 Αι

2330 517 2342 543 ,
2374 482 2420 541 Α
2448 473 2522 533 ὧν
2548 481 2696 542 ὅπως
2721 480 3020 542 ἔσταιεταῖς
3042 482 3228 548 εὐχαῖς
3266 481 3484 552 ενχομεν
3515 486 3771 554 χρῆσαι,
3798 491 4001 543 τούτων

784 571 1146 638 omnibusque
1199 568 1268 621 ob
1321 577 1425 620 tam
1476 567 1670 620 bonam
1717 583 1936 622 causam
1989 569 2126 622 mire
2164 570 2340 636 tripu-

781 661 1077 714 diantibus.
1116 658 1246 725 Quae
1278 658 1485 712 dudum
1517 659 1995 722 desiderabamus,
2034 660 2132 714 sed
2164 661 2340 713 oculis

785 733 1044 820 usurpare
1070 767 1177 805 non
1209 751 1407 805 licebat
1443 769 1456 804 :
1491 761 1654 818 atque
1697 759 1758 803 ut
1790 751 2147 816 frustratione
2175 767 2340 819 ange-

781 844 994 905 bamur,
1036 843 1108 895 ita
1158 843 1292 896 solis
1333 844 1410 895 uti
1436 843 1597 902 votis.
1649 841 1810 895 nobis
1859 858 1956 911 spe
2000 843 2336 904 calentibus,

780 935 1048 1002 reliquum
1080 936 1216 986 erat.
1252 934 1615 998 Quamobrem
1670 931 1873 986 factum
1915 934 1967 987 id
2020 949 2168 987 nunc
2229 946 2336 987 est.

782 1021 849 1074 Et
895 1029 1105 1074 tantum
1155 1022 1288 1075 illud
1335 1021 1583 1083 omnino,
1635 1031 1694 1074 ut
1729 1022 2192 1088 quemadmodum
2225 1038 2335 1092 quo

2448 571 2598 631 ὅπως
2624 570 2917 630 διαπαντὸς
2949 572 3241 623 ἀπολαύειν
3265 572 3478 636 ἐξέσται
3507 579 3625 638 ταῖς
3657 579 3838 646 ε”ιχαῖς
3872 580 3988 648 Ξχο-

2450 677 2550 729 μεν
2583 663 2833 730 χρῆσθαι.
2869 661 3037 713 Τοῦτο
3080 658 3146 731 ἦν
3179 664 3285 732 ἂρα
3319 665 3415 735 τὴν
3452 668 3553 735 γῆν
3590 671 3720 736 πρὶς
3770 673 3999 738 καρπῶν

2449 738 2710 805 ἁπάντων
2737 753 3012 822 ἐρρῶσθαι
3044 755 3236 822 φορὰν,
3262 759 3354 808 καὶ
3382 759 3845 833 φιλοτιμήσασθαι
3882 768 4005 825 ταῖς

2444 845 2650 909 γοναῖς,
2693 843 2880 910 ὥσπερ
2912 860 2973 908 γε
3006 845 3102 912 τῆς
3151 847 3450 915 μελλούσης
3482 851 3648 920 τύχης
3692 840 4007 917 ἀξιολόγους

2440 935 2594 994 τινας
2615 935 2866 1001 ἀφορμὰς
2895 939 3368 1003 παρεσκευακότος
3388 940 3482 993 τοῦ
3510 943 3676 1006 θείου,
3699 943 4004 1005 δεικνύντος

2439 1025 2688 1078 ἐντεῦθεν
2727 1027 2824 1096 τὴν
2851 1028 3115 1098 ἐσομένην
3144 1030 3416 1099 βοήθειαν.

777 1115 892 1167 hac
921 1114 1132 1177 fierent,
1165 1115 1397 1168 antehac
1441 1115 1583 1168 votis
1613 1125 1810 1183 ‘optare
1852 1115 2187 1170 habebamus
2210 1156 2227 1182 ,
2257 1116 2327 1170 ita
2368 1133 2515 1172 nunc
2551 1128 2610 1171 ut
2669 1129 2935 1188 perpetuo
2963 1122 3042 1175 eis
3074 1122 3180 1176 frtti
3248 1125 3410 1179 nobis
3438 1120 3619 1190 liceat,
3653 1127 3793 1181 votis
3820 1135 4007 1193 Optan-

777 1205 907 1259 dum
934 1208 1256 1263 habeamus.
1288 1207 1462 1277 Atque
1495 1209 1594 1263 hoc
1623 1209 1798 1276 ipsum
1833 1207 1974 1260 haud
2008 1202 2172 1262 dubie
2241 1218 2382 1284 erat,
2423 1211 2568 1278 quod
2619 1211 2693 1266 ita
2729 1214 2953 1282 copioso
2993 1214 3152 1269 tellus
3192 1227 3373 1271 nostra
3427 1218 3703 1273 fructuum
3757 1221 4004 1273 onmium

779 1311 1044 1368 proventu
1095 1317 1272 1370 nuper
1311 1302 1634 1361 abundaret,
1673 1309 1729 1353 et
1773 1301 2064 1356 ambitiosa
2131 1303 2364 1361 quadam
2427 1305 2760 1359 fecunditate
2797 1307 3118 1367 luxuriaret,
3145 1308 3256 1362 Deo
3318 1310 3576 1366 nimirum
3616 1313 3812 1365 futura:
3842 1312 4006 1379 hujus

782 1395 1011 1447 fortuna;
1050 1404 1254 1446 nostra:
1277 1394 1424 1447 velut
1454 1394 1767 1462 praeclaram
1800 1393 2092 1462 quamdam
2126 1396 2406 1451 lemeutim
2432 1396 2543 1466 jam
2563 1407 2805 1467 parante,
2844 1409 3008 1469 atque
3060 1402 3308 1457 futurum
3367 1405 3493 1461 inde
3549 1417 4006 1477 praemonstrante

778 1485 1063 1539 auxilium.

848 1599 914 1652 ll.
952 1599 1143 1651 Verum
1177 1598 1462 1654 enimvero
1516 1617 1616 1657 nec
1664 1599 1894 1674 magnus
1946 1604 2243 1673 imperator
2271 1618 2339 1658 ex

781 1689 885 1742 hoc
939 1689 1127 1741 aberat
1169 1688 1651 1753 meatum-Nostra:
1690 1694 2025 1762 columenque
2073 1703 2122 1747 et
2166 1693 2338 1762 gloria

2517 1599 2593 1656 B'.
2631 1601 2703 1653 Οὐ
2735 1601 2842 1671 μὴν
2884 1601 3020 1655 ἀλλὰ
3053 1604 3145 1656 καὶ
3189 1601 3440 1674 βασιλεὺς
3468 1604 3495 1658 ὁ
3525 1609 3698 1676 μέγας
3737 1612 3833 1664 οὐκ
3859 1611 4008 1679 ἀπῆν

2441 1692 2538 1745 τοῦ
2564 1693 2816 1760 θεάτρου,
2852 1695 2919 1745 τὸ
2951 1694 3124 1761 γαίης
3149 1696 3418 1763 ἐρικυδὲς
3446 1700 3713 1768 ἔρεισμαο
3744 1703 3880 1755 ἀλλὰ
3899 1701 4006 1757 τῶν

780 1795 936 1835 terra
995 1782 1248 1851 (Oppiau.
1291 1781 1522 1851 Κυνηγ.
1559 1791 1628 1844 α’.
1663 1787 1854 1850 l),‘~setl
1884 1796 1940 1840 et
1970 1787 2084 1855 ipse
2124 1796 2338 1840 tuarum
2369 1801 2451 1870 B:

2330 1802 2338 1838 I
2369 1812 2415 1870 Β
2442 1785 2581 1837 κατὰ
2613 1784 2704 1836 σοῦ
2734 1785 2977 1855 θορύϐων
3004 1789 3095 1838 καὶ
3137 1788 3345 1853 κρότων
3381 1793 3652 1845 ἐκοινώνει
3687 1796 3780 1846 καὶ
3824 1791 4001 1858 οὗτος.

777 1873 1229 1928 acclamationum
1266 1874 1668 1944 plausuumque
1697 1889 1904 1946 partem
1939 1877 2338 1947 ferebat,quod

780 1964 1075 2032 practeritis
1122 1965 1336 2018 caeteris
1379 1965 1456 2017 tui
1504 1969 1667 2020 unius
1702 1968 1972 2021 rationem
2025 1967 2340 2031 habuisset,

779 2054 906 2116 viri,
957 2069 1077 2122 qtn:
1121 2053 1488 2121 particulatim
1519 2054 1654 2108 alios
1698 2043 2012 2120 honestam,
2045 2056 2341 2125 perfectis-

780 2145 914 2196 sime
965 2145 1144 2197 omnia
1199 2144 1490 2213 complexi.
1548 2144 1839 2199 Caeterumi
1874 2161 1996 2200 cum
2054 2146 2224 2199 multa
2283 2154 2340 2199 et

782 2235 1313 2305 magnaimperatori
1347 2235 1401 2288 in
1445 2235 1862 2289 admirationem
1903 2235 2209 2300 sufficiant,
2249 2237 2340 2288 vix

781 2338 1063 2379 recensere
1089 2335 1287 2387 tamen,
1320 2333 1453 2394 quot
1501 2339 1557 2378 et
1591 2332 1793 2394 quanta
1818 2327 1947 2388 sint,
1982 2329 2104 2394 quis
2149 2337 2354 2395 queat-

781 2416 904 2470 Sive
939 2417 1121 2484 potius
1150 2432 1295 2480 eum,
1325 2419 1415 2485 qui
1464 2419 1797 2486 optimarum
1840 2417 2063 2470 laudum
2096 2419 2339 2470 omnium

784 2509 1126 2560 verissimum
1162 2518 1478 2578 prytaueum
1519 2518 1626 2571 est,
1661 2519 1717 2562 et
1750 2510 1844 2577 qui
1881 2511 1936 2561 in
1967 2519 2178 2562 tantum
2217 2523 2335 2561 om-

785 2597 948 2649 nibus
991 2599 1044 2650 in
1095 2599 1256 2650 rebus
1299 2612 1618 2651 concessqu
1669 2607 1816 2651 tenet
1843 2598 2250 2666 principatum,
2283 2608 2342 2653 ut

781 2703 974 2741 omnes
998 2691 1242 2752 omnino,
1271 2700 1542 2758 quotquot
1598 2691 1926 2742 claritudine
1960 2690 2221 2745 virtutum
2252 2691 2339 2743 in-

782 2779 964 2849 signes
998 2780 1287 2840 habentur.
1321 2781 1364 2834 si
1401 2782 1477 2833 illi
1514 2781 1737 2833 secundi
1767 2781 1900 2844 sint,
1939 2782 2078 2833 nihil
2105 2781 2341 2850 amplius

782 2877 996 2937 optent.
1027 2869 1140 2923 lmo
1176 2885 1304 2923 vero
1340 2871 1581 2939 ipsorqu
1626 2870 1752 2924 inde
1786 2872 2112 2926 inclarescat
2143 2873 2339 2940 gloria,

783 2962 1052 3015 nulla’illi
1085 2963 1221 3031 parti
1246 2962 1464 3017 decoris
1486 2963 1725 3017 delibata
1752 2975 1926 3030 parte.
1975 2964 2113 3017 Eum
2149 2965 2337 3033 igitur,

781 3054 931 3107 hunc
965 3057 1119 3123 plane
1146 3056 1200 3111 in
1225 3057 1445 3109 modum
1468 3069 1840 3126 comparatum
1863 3098 1877 3123 ,
1904 3060 2152 3127 quamvis
2180 3059 2343 3113 abso-

2455 1875 2598 1927 Ἀνθ’
2633 1873 2708 1928 ὧν
2753 1880 2963 1939 πάντας
3001 1879 3129 1940 τοὺς
3171 1880 3360 1934 ἄλλους
3400 1878 3692 1950 ὑπεριδὼν,
3726 1888 3810 1938 σοὶ
3860 1882 4006 1956 μι5ν¹ῳ

2443 1968 2735 2034 προσέσχε,
2769 1968 2846 2035 τῷ
2876 1968 3035 2020 πάνθ’
3064 1969 3099 2022 ἃ
3129 1971 3257 2049 τοὺς
3286 1972 3478 2035 ἄλλους
3523 1976 3579 2025 ἐν
3613 1976 3769 2044 μέρει
3814 1980 4009 2046 κοσμεῖ

2441 2055 2565 2106 καθ’
2593 2055 2899 2125 ὑπερϐολὴν
2930 2057 3269 2114 συλλαϐόντιο
3298 2053 3342 2126 ᾦ
3374 2062 3581 2116 πολλῶν
3620 2067 3717 2116 καὶ
3750 2068 4005 2134 μεγάλων

2439 2144 2702 2215 οὕμενουν
2741 2149 2883 2200 εἴποι
2937 2166 3020 2210 τις
3068 2150 3271 2216 ἡλίκων
3312 2154 3405 2206 καὶ
3450 2155 3590 2208 ὅσων
3625 2158 4005 2226 ἐξαρκούντων

2441 2239 2518 2297 είς
2543 2238 2747 2308 θαῦμαο
2787 2241 2987 2308 μᾶλλον
3019 2241 3075 2293 δὲ
3107 2242 3329 2295 πάντων
3362 2245 3490 2297 ὄντα
3523 2246 3631 2299 τῶν
3657 2249 3899 2316 ἀρίστων
3927 2249 4004 2313 ὡς

2441 2329 2651 2398 ἀληθῶς
2696 2334 3038 2398 πρυτανεῖον,
3093 2336 3185 2384 καὶ
3239 2336 3493 2389 τοσοῦτον
3527 2339 3586 2390 ὲν
3640 2342 3806 2392 πᾶσιν
3847 2345 4009 2409 ἐσχη-

2441 2421 2573 2472 κότα
2607 2421 2666 2472 τὸ
2698 2425 3140 2494 συγκεχωρηκὸς,
3172 2425 3247 2487 ὡς
3294 2427 3504 2491 πάντας
3549 2431 3738 2493 ἁπλῶς
3768 2434 3892 2492 τοὺς
3941 2434 4002 2496 ἐξ

2440 2510 2638 2578 ἀρετῆς
2691 2510 3076 2580 βοηθηθέντας,
3110 2518 3159 2567 ει
3213 2516 3402 2572 τούτου
3441 2519 3682 2589 δεύτεροι
3739 2527 4004 2590 γένοιντο,

2445 2600 2609 2667 μηδὲν
2634 2601 2794 2652 πλέον
2826 2603 3032 2670 ζητεῖν,
3087 2607 3291 2672 μᾶλλον
3333 2609 3385 2662 δὲ
3423 2614 3564 2678 σφᾶς
3610 2614 3859 2668 ἐντεῦθεν
3909 2634 4010 2669 κο·-

2445 2688 2720 2756 σμεῖσθαι.
2748 2690 2935 2761 Τούτῳ
2955 2693 3011 2745 δὲ
3040 2697 3136 2765 τῆς
3162 2700 3496 2767 γιγνομένης
3525 2703 3691 2771 τιμῆς
3727 2705 4002 2773 ὑφαιρεῖν,

2439 2775 2634 2828 τοῦτον
2665 2778 2837 2842 οὕτως
2868 2783 3292 2850 ἐσκευασμένον,
3316 2789 3409 2858 οὐχ
3433 2784 3592 2859 ἦττον
3624 2795 3671 2845 εί
3704 2795 3796 2846 καὶ
3827 2799 4008 2864 παρά-

2439 2870 2589 2934 δοξον
2649 2873 2820 2924 εἰπεῖν
2867 2875 2899 2942 ὴ
2959 2877 3106 2944 παρὰ
3160 2878 3253 2930 σοῦ
3323 2881 3500 2949 eam;
3564 2885 3842 2952 σεμνύνει.
3894 2891 4006 2943 Καὶ

2441 2961 2750 3032 Θαυμαστὸς
2805 2968 2918 3030 τοῖς
2981 2969 3188 3022 ἅπασιν
3250 2971 3345 3036 ὢν,
3404 2977 3522 3039 πῶς
3579 2979 3646 3031 ἂν
3700 2979 3866 3046 εῐπω,
3906 2983 4004 3036 νῦν

2443 3053 2647 3121 μᾶλλον
2700 3055 3138 3128 θαυμαστότερος
3189 3061 3366 3134 ὤφθη·
3422 3052 3623 3133 μᾶλλον
3680 3069 3726 3122 δ’
3771 3071 3834 3124 ἐκ
3893 3073 4005 3135 τῶν

783 3160 911 3197 num
940 3145 1167 3198 fortasse
1192 3145 1340 3199 dictu
1367 3156 1451 3200 est
1471 3187 1486 3209 ,
1527 3164 1633 3201 non
1667 3148 1858 3207 minus
1886 3156 1975 3200 tua
2013 3150 2102 3202 illa
2133 3150 2334 3204 sull‘ra-
2363 3141 2406 3200 C
2438 3161 2454 3194 ε

2330 3141 2406 3200 .C
2438 3144 2616 3197 αὐτῶν
2659 3149 2996 3219 ἀμφότεροι·
3036 3154 3062 3203 ὁ
3099 3155 3219 3222 μὲν,
3251 3157 3325 3219 ὡς
3369 3159 3502 3227 ὑπὲρ
3547 3161 3748 3225 πάντας
3783 3164 4001 3232 ἀνθρώ-

781 3237 930 3303 gatio
951 3237 1300 3290 commendat
1331 3257 1344 3291 :
1373 3247 1430 3292 et
1456 3240 1548 3308 qui
1579 3240 1728 3293 omni
1766 3256 1833 3294 ex
1883 3249 2038 3308 parte
2065 3241 2339 3295 admiran-

781 3329 886 3381 ilus
906 3319 1010 3396 per
1063 3343 1122 3382 se
1161 3338 1264 3393 est,
1313 3330 1416 3384 hoc
1445 3331 1584 3399 ipso,
1626 3335 1815 3387 nescio
1857 3333 2158 3406 quomodo,
2193 3334 2338 3389 haud

781 3419 944 3488 paulo
994 3434 1140 3473 nunc
1195 3421 1574 3474 admirabilior
1623 3423 1773 3476 visus
1829 3433 1934 3477 est.
1986 3422 2111 3477 Sive
2155 3423 2338 3493 potius

784 3518 1018 3576 uterque
1055 3519 1288 3562 vestrum
1329 3510 1431 3562 hac
1460 3511 1650 3563 eadem
1680 3527 1746 3565 ex
1794 3526 1850 3565 re
1885 3528 1899 3564 :
1953 3511 2046 3566 ille
2086 3521 2145 3566 ut
2174 3528 2338 3583 supra

778 3614 970 3652 omnes
1002 3600 1253 3655 homines
1293 3608 1439 3654 recte
1484 3602 1783 3659 arbitraudi
1833 3618 2080 3658 summus
2118 3605 2341 3664 artifex,

777 3706 846 3758 eo
883 3691 1025 3758 quod
1075 3700 1126 3744 te
1171 3707 1270 3760 per
1308 3693 1491 3745 omnia
1539 3695 1804 3762 optimum
1857 3694 2078 3764 delegit,
2117 3705 2172 3747 tu
2207 3711 2335 3750 vero

779 3779 994 3846 optima:
1043 3783 1231 3834 classis
1270 3781 1468 3846 homo,
1527 3780 1713 3851 utpote
1759 3785 1850 3852 qui
1897 3785 2333 3852 praestantissimi

781 3872 832 3921 tu
859 3873 1135 3934 omnibus,
1160 3881 1216 3924 et
1245 3873 1609 3926 admiratione
1644 3874 1949 3942 digniSsimi
1988 3875 2334 3940 imperatoris

774 3958 982 4026 judicio
1036 3962 1282 4014 delectus
1342 3976 1422 4014 es.
1482 3960 1745 4025 Quocirca
1809 3977 1910 4016 nec
1963 3962 2114 4016 illum
2167 3964 2335 4016 altum

780 4051 1089 4119 quempiam
1121 4068 1231 4120 pra:
1267 4061 1316 4105 te
1351 4063 1651 4126 praeoptare
1686 4055 1946 4122 oportuit,
1981 4055 2338 4122 quemadmo-

778 4158 906 4196 uum
940 4158 1042 4196 nec
1076 4144 1393 4212 prteOptavit
1424 4159 1437 4195 :
1473 4161 1647 4215 neque
1682 4156 1732 4200 te
1761 4147 1829 4199 ab
1864 4147 1991 4211 alio,
2013 4163 2174 4216 quam
2197 4148 2333 4217 ipso,

777 4235 1022 4303 accipere
1049 4235 1390 4303 sullragium,
1428 4236 1662 4306 ideoque
1715 4253 1816 4292 nec
1853 4241 2132 4309 accepisti.
2165 4240 2336 4293 Nini-

2426 3250 2572 3299 πους
2603 3239 2695 3288 τοῦ
2726 3238 3078 3311 λογιζομένου
3106 3247 3379 3317 τεχνίτης,
3398 3251 3586 3319 ἐπειδὴ
3615 3254 3671 3306 σὲ
3695 3255 3783 3307 τὸν
3816 3258 4000 3310 πάντα

2439 3325 2713 3394 βέλτιστον
2752 3328 2944 3385 εἵλετο·
2984 3337 3046 3387 σὺ
3081 3337 3137 3388 δὲ
3182 3337 3258 3390 ὢν
3295 3339 3392 3408 τῆς
3423 3345 3726 3412 κρείττονος
3776 3347 4003 3419 μοίραςο

2437 3419 2629 3491 ἐπειδὴ
2656 3424 2749 3476 τοῦ
2785 3426 2940 3479 πάντ’
2968 3428 3190 3496 ἀρίστου
3230 3434 3325 3484 καὶ
3372 3432 3684 3502 θαυμαστοῦ
3734 3438 4004 3506 βασιλέως

2438 3509 2547 3602 τῷν
2597 3512 2792 3582 ψήφων
2840 3514 3051 3584 ἔτυχες.
3102 3520 3216 3572 Ούκ
3261 3522 3370 3590 ἄρα
3412 3524 3527 3576 οὒτ’
3571 3527 3778 3582 ἐκεῖνον
3828 3532 4004 3602 ἐχρῆν

2443 3601 2601 3655 ἄλλον
2631 3604 2754 3655 ἀντὶ
2786 3603 2881 3657 σοῦ
2912 3608 3258 3675 προελέσθαι.
3296 3612 3505 3671 Οὔκουν
3537 3619 3656 3670 οὐδὲ
3691 3601 4004 3689 προείλετο,

2442 3690 2564 3744 οὕτε
2612 3693 2670 3745 σὲ
2712 3697 2839 3765 παρ’
2881 3699 3133 3770 ἑτέρουῆ
3183 3704 3371 3756 τούτου
3404 3710 3728 3777 κεκομίσθαι
3760 3713 3859 3776 τὰς
3894 3715 4006 3785 ψή-

2443 3800 2596 3851 φουςο
2621 3785 2815 3840 οὔκουν
2848 3789 2966 3841 οὐδὲ
3008 3796 3290 3861 κεκόμισο”
3323 3796 3438 3848 ἀλλ’
3459 3802 3788 3871 ἀμφοτέροις
3827 3808 4000 3877 ἐχρή-

2443 3877 2608 3929 σασθε
2639 3881 2705 3931 τὰ
2744 3883 3060 3949 γιγνῦμενα,
3086 3883 3270 3955 ὥσπερ
3300 3890 3612 3961 ἐξεπίτηδες
3644 3890 3797 3964 οἶμαι
3841 3915 4003 3950 συνε-

2441 3968 2627 4037 νεχθὲν
2658 3969 2750 4022 τοῦ
2777 3974 2850 4040 μὴ
2881 3973 3055 4026 δοκεῖν
3080 3977 3436 4048 ἐλλελεῖφθαι.
3475 3984 3727 4055 Ἠγάμην
3748 3989 3804 4040 δὲ
3829 3990 3998 4058 ἔγωγ’

2440 4061 2500 4112 οὑ
2547 4064 2706 4129 μόνον
2750 4064 3047 4132 Ἀθηναίων
3089 4070 3387 4137 χαιρόντων
3422 4075 3693 4146 Πλάτωνι,
3723 4080 3858 4133 ἀλλὰ
3904 4087 4002 4138 καὶ

2442 4153 2666 4206 Πλάτων
2711 4156 2904 4213 πολλοῦ
2935 4175 3076 4222 τινος
3104 4161 3249 4225 ἄξιος
3292 4166 3431 4235 ἔχων
3473 4171 3794 4240 θαυμαστὰς
3833 4177 4000 4248 Ἀθη-

2442 4259 2642 4304 ναίους.

781 4340 899 4378 rum
923 4341 1016 4378 vos
1049 4327 1188 4379 inter
1209 4342 1326 4390 vos,
1364 4328 1570 4382 mutuis
1601 4340 1746 4384 recte
1794 4341 1959 4398 atque
2024 4333 2216 4386 ordine
2250 4331 2646 4402 fungebamiui
2704 4336 2919 4406 oﬂiciis,
2964 4345 3119 4410 quasi
3172 4349 3238 4401 tle
3297 4350 3588 4422 industria,
3628 4369 3688 4414 ut
3732 4364 3997 4431 arbitror,

781 4417 888 4470 hoc
917 4418 1266 4484 contigisset,
1331 4426 1391 4470 ut
1441 4433 1509 4472 ne
1554 4425 1977 4487 praetermissum
2030 4423 2330 4495 quidquam
2373 4425 2671 4479 videretur.
2738 4431 2852 4490 Mea
2927 4435 3178 4491 videlicet
3210 4448 3481 4498 sententia
3536 4417 3643 4502 non
3680 4455 3842 4509 modo
3879 4417 4001 4514 cxi:

780 4507 941 4558 iniam
1013 4509 1295 4575 promeriti
1349 4508 1561 4601 laudem
1621 4513 1982 4568 Athenienses
2020 4515 2278 4566 videntur
2307 4553 2323 4579 ,
2364 4519 2522 4582 queis
2559 4519 2611 4570 in
2677 4521 2889 4577 delictis
2932 4526 3084 4581 Plato
3147 4544 3330 4601 esset;
3366 4542 3462 4592 sed
3498 4542 3648 4596 l’lato
3673 4507 3837 4600 etiam

779 4601 946 4652 homo
981 4603 1200 4656 maximi
1237 4603 1400 4671 pretii
1429 4598 1583 4659 viSus
1604 4645 1619 4670 ,
1652 4607 1744 4673 qui
1782 4608 1884 4661 hos
1915 4607 2203 4683 habuisset
2237 4610 2616 4667 admiratores.

851 4717 1156 4785 lfl._Atque
1185 4716 1252 4770 de
1297 4732 1381 4772 me
1429 4695 1685 4788 quidem,
1741 4723 1786 4774 si
1829 4722 1911 4776 vel
1958 4730 2082 4777 ante
2128 4738 2330 4776 novum
2367 4733 2405 4787 ι)
2505 4727 2522 4778 l

2003 4730 2082 4777 Me
2128 4738 2330 4776 novum
2367 4733 2405 4787 ι)
2505 4727 2579 4780 Γ’.
2623 4729 2747 4798 Ἐμὲ
2781 4730 2835 4783 δὲ
2871 4737 2963 4786 καὶ
3010 4712 3116 4808 πρὸ
3162 4742 3255 4795 τοῦ
3312 4751 3575 4818 παρόντος
3621 4754 3674 4805 εῖ

779 4809 924 4861 hunc
972 4808 1342 4876 pontificatum
1381 4820 1531 4863 tuum
1585 4814 1873 4883 quisquam
1923 4817 2328 4886 exquisivisset,

779 4900 1026 4966 quisnam
1060 4895 1341 4952 sacrarum
1379 4901 1702 4970 religionum
1738 4911 2326 4976 caeremoniarumque,

778 5001 832 5041 et
869 4987 1050 5055 magni
1087 4987 1340 5042 Ecclesiae
1372 4994 1609 5046 nominis
1637 4997 1951 5052 moderator
1975 5012 2328 5067 procurator-

778 5094 884 5142 que
912 5080 1130 5132 futurus
1165 5090 1331 5144 esset,
1373 5082 1519 5137 hunc
1551 5094 1600 5139 te
1630 5089 1879 5154 profecto
1906 5090 2081 5158 ipsum
2122 5092 2325 5145 edidis-

779 5187 890 5222 sum
913 5185 926 5233 ;
959 5184 1061 5223 nec
1083 5171 1300 5236 quando
1327 5173 1403 5224 tui
1437 5180 1718 5241 praesentis
1757 5178 1984 5233 facultas
2011 5182 2167 5236 nobis
2186 5192 2323 5249 erat,

778 5263 914 5315 alius
943 5261 1167 5313 omnino
1209 5262 1351 5315 ullus
1380 5268 1627 5332 superior
1654 5268 2038 5326 discessisset:
2075 5275 2126 5326 id
2177 5277 2321 5343 quod

780 5368 954 5424 neque
984 5353 1248 5422 speciosis
1295 5356 1618 5422 quibusdam
1677 5363 2018 5429 rationibus,
2052 5382 2226 5436 neque
2259 5370 2326 5422 de

780 5445 1034 5512 principis
1055 5457 1267 5496 summa
1312 5459 1439 5513 erga
1489 5456 1540 5500 te
1579 5449 1976 5517 benevolentia,
2026 5459 2326 5511 conclusis-

778 5551 928 5588 sem:
958 5537 1087 5588 nihil
1127 5537 1319 5590 horum
1357 5551 1518 5602 sane,
1547 5553 1734 5591 rerum
1783 5557 1846 5594 ex
1885 5544 1951 5595 iis
1977 5547 2156 5610 rebus,
2191 5565 2326 5616 quas

781 5627 832 5677 in
865 5641 913 5679 te
940 5632 1068 5683 sitas
1083 5648 1199 5685 esse
1228 5634 1376 5699 juxta
1404 5645 1612 5684 mecum
1638 5643 1827 5685 omnes
1859 5649 2078 5689 norunt.
2105 5639 2321 5708 Quippe

779 5719 822 5771 si
852 5731 1009 5788 caput
1039 5726 1503 5789 rerumomnium,
1533 5736 1589 5776 ct
1612 5739 1776 5780 unum
1813 5741 1995 5780 t'ewra
2025 5732 2314 5786 maximum

2522 4773 2523 4776 η
2565 4765 2579 4780 .
2636 4759 2747 4798 ειμι
2781 4759 2835 4783 oe
2871 4759 2963 4786 και
3010 4759 3116 4808 προ
3162 4759 3255 4795 του
3312 4759 3575 4818 παρόντος
3621 4759 3675 4805 ετ
3715 4771 3797 4816 τις
3827 4759 3998 4828 ἤρετο

2441 4827 2740 4886 σχήματος.
2772 4827 2854 4888 τίς
2876 4829 2904 4878 ὁ
2936 4830 3045 4881 τῶν
3076 4834 3238 4901 ἱερῶν
3268 4845 3607 4909 πραγμάτων
3635 4849 3726 4898 καὶ
3765 4852 3859 4900 τού
3890 4871 3991 4920 με-

2437 4912 2603 4977 γάλου
2633 4914 2728 4980 τῆς
2769 4917 3090 4989 Ἐκκλησίας
3132 4927 3390 4995 ὀνόματος
3425 4933 3668 5004 ἐξάρχων
3712 4940 3863 4992 ἔσται
3898 4949 3994 4999 καὶ

2437 5001 2710 5071 κηδεμὼν,
2741 5010 2798 5060 σὲ
2826 5012 3016 5064 τοῦτον
3043 5018 3110 5069 ἂν
3139 5017 3310 5083 εἷπον,
3354 5024 3444 5074 καὶ
3481 5028 3591 5078 οὐδ’
3626 5029 3690 5081 ἂν
3719 5027 3797 5093 εἷς
3827 5026 3991 5102 ἆλλις

2436 5093 2530 5145 σοῦ
2572 5098 2835 5196 napo-vro;
2875 5105 3124 5192 inpetrat,
3170 5112 3270 5162 ούκ
3307 5114 3477 5168 εἰκόσι
3520 5118 3795 5191 λογισμοῖς
3841 5093 3988 5196 χρώΣ

2437 5202 2618 5255 μενος,
2663 5190 2771 5243 οὐδ’
2809 5190 2886 5245 ἐκ
2927 5199 3026 5264 τῆς
3073 5199 3167 5251 τοῦ
3218 5203 3545 5271 κρατοῦντος
3597 5190 3989 5285 συμπεραίνειν)

2417 5281 2664 5343 ⁸εὐνοίας,
2699 5282 2804 5334 οὐδ’
2842 5287 3027 5352 ἐγγύς
3060 5289 3176 5340 ἀλλ’
3215 5293 3273 5354 ἐξ
3301 5288 3374 5346 ὦν
3403 5298 3511 5364 ἑγὼ
3543 5319 3622 5354 σοι
3651 5323 3740 5357 και
3784 5281 3988 5377 πάντες

2438 5370 2716 5438 σύνισμενο
2761 5377 2809 5426 εἰ
2855 5379 2962 5446 γὰρ
3006 5379 3068 5447 δη
3125 5385 3418 5451 κεφάλαιον
3452 5396 3553 5456 μὲν
3595 5397 3847 5451 ἁπάντων
3891 5370 3989 5458 καί

2433 5461 2593 5527 μόνον
2643 5464 2716 5526 ὡς
2767 5468 2981 5538 άληθῶς
3038 5478 3368 5542 τιμιώτατον
3413 5484 3598 5554 ψυχῶν
3653 5498 3982 5561 προστασία,

2428 5554 2681 5623 καθάπερ
2715 5554 2866 5627 οἶμαι
2904 5563 3047 5633 ψυχῇ
3076 5565 3344 5633 σώματος·
3383 5578 3462 5627 δεῖ
3510 5579 3564 5630 δὲ
3615 5584 3710 5650 τὴν
3747 5593 3986 5654 ταυτησὶ

2428 5653 2523 5711 τῇς
2549 5653 2718 5716 αρχῆς
2754 5653 3075 5720 εἰλημμένοι
3101 5662 3335 5714 τοσαῦτα
3364 5670 3624 5735 πράττειν
3656 5677 3754 5727 ὅσα
3779 5653 3984 5744 πάντες

2426 5738 2715 5806 adipem-.01:
2753 5747 2936 5816 ἐπειδη
2973 5750 3062 5799 καὶ
3095 5743 3309 5810 πάντων
3344 5765 3598 5830 πριιῖστατ
3616 5786 3678 5818 ιι·
3711 5772 3800 5822 καί
3829 5773 3982 5827 τοῖνὶΐ
