4232 6432
209 530 338 603 ἡμῖν
390 529 539 599 οὗτος
594 537 778 592 ἐνθάδε
844 538 980 606 ὅπερ
1022 541 1128 601 τοῖς
1183 541 1397 609 νοητοῖς
1451 541 1476 592 ό
1530 540 1685 599 Θεὸς

214 631 361 680 2156‘
391 630 533 682 οὕτω
563 630 663 694 δεῖ,
694 633 757 683 οἱ)
792 631 846 684 δέ
876 632 1043 683 πάλαι
1078 631 1302 694 τούτους
1335 632 1459 693 τοὺς
1490 632 1786 699 λογισμοὺς

208 721 431 782 ἔδωκας·
465 721 559 773 καὶ
587 721 738 774 οὐδὲν
769 721 929 793 ἔργον
980 724 1182 790 εὑρεῖν,
1216 724 1262 775 εἰ
1292 722 1379 775 διὰ
1422 722 1637 776 πάντων
1665 723 1786 789 ἀφῖ-

212 811 318 874 Exi,
352 812 469 863 ἀλλ’
517 813 623 882 ὅτῳ
654 813 857 881 μᾶλλον
902 814 1245 883 ἐξείργασαι,
1277 813 1361 876 τίς
1398 812 1542 865 οὕτω
1586 814 1787 883 φρένας

206 905 386 971 ὀλίγος
430 906 524 957 καὶ
580 906 687 957 τῶν
739 908 1139 977 φανερωτάτων
1189 908 1329 977 ἔχων
1381 908 1583 969 σκαιῶς
1642 907 1789 968 ὅστις

207 997 307 1047 οὐκ
343 998 409 1048 ἂν
440 992 594 1062 οἶμαι
641 999 949 1067 συμφήσαι,
1009 998 1085 1060 ὡς
1116 999 1221 1068 ipa
1252 996 1349 1050 νῦν
1376 999 1436 1050 οὗ
1468 997 1787 1067 λαμϐάνεις,

207 1087 327 1138 ἀλλ’
354 1088 766 1158 ἀπολαμϐάνεις
804 1088 864 1141 τό
910 1089 1116 1159 σχῆμω
1165 1092 1259 1143 καὶ
1296 1091 1404 1142 τῶν
1444 1090 1790 1160 πραγμάτων

206 1181 484 1245 διδόντων,
518 1182 691 1235 πάλαι
733 1183 982 1252 κρατεῖν,
1020 1182 1125 1253 ήδη
1169 1183 1475 1254 προσετέθη
1530 1180 1786 1252 τοῦνομα·

206 1272 343 1324 ὥστ’
378 1273 442 1325 οὐ
491 1272 583 1325 τοῦ
619 1273 948 1341 κεκομίσθαι
972 1273 1056 1327 δεῖ
1095 1291 1175 1327 σοι
1209 1274 1411 1342 μᾶλλον
1445 1276 1789 1344 συγχαίρειν,

194 1367 241 1433 νῆ
300 1366 668 1436 συνάχθεσθαι
704 1368 937 1430 πάντας,
970 1366 1065 1420 τοῦ
1110 1366 1185 1437 μὴ
1230 1366 1399 1421 πάλαι
1444 1368 1505 1421 τὸ
1551 1368 1670 1420 δέον
1716 1369 1791 1431 ὡς

209 1460 364 1521 εἰκὸς
412 1461 759 1529 κεκομίσθαι·
806 1460 1008 1529 μᾶλλον
1046 1459 1103 1512 δὲ
1161 1460 1247 1511 σοὶ
1304 1460 1404 1527 μὲν
1460 1459 1581 1511 κατ’
1623 1459 1793 1529 ἄμφω

212 1548 558 1617 συγχαίρειν,
596 1551 689 1601 καὶ
718 1544 799 1612 οἷς
841 1548 1137 1619 ἀξιόχρεως
1186 1547 1472 1619 πόῤῥωοεν
1510 1543 1792 1617 ἧσθα,,καὶ

206 1642 295 1692 δτι
339 1638 434 1690 νῦν
469 1642 676 1710 ἔτυχες’
710 1642 859 1709 ἡμᾶς
884 1640 940 1693 δέ
976 1643 1040 1693 εί
1074 1642 1167 1693 καὶ
1204 1639 1297 1692 νῦν
1335 1640 1503 1702 ὅντως
1534 1641 1591 1692 ἐν
1617 1640 1793 1693 εὐδαί-

216 1749 379 1799 μοσιν
417 1734 584 1801 ἔχεις,
634 1732 710 1801 τῷ
745 1734 820 1802 μὴ
852 1736 1020 1787 πάλαι
1068 1732 1261 1785 τούτου
1314 1730 1645 1801 πειραθῆναι
1696 1731 1791 1786 τοῦ

213 1826 445 1894 μέρους,
476 1826 555 1887 εἰς
583 1824 947 1895 ἠδικημένους
978 1824 1261 1894 τελοῦμεν.

1097 423 1382 485 ORATIO
1425 424 1524 483 AD
1566 424 1965 483 ΝΙΡΙΙΟΝΕΜ
2014 421 2593 482 ΡᾹΤΗῙᾹΗΩΠΑΜ.

3362 416 3466 476 3ρὶ

1746 540 1793 590 εἰ
1829 548 1867 598 Λ
1900 548 2003 597 cst.
2067 554 2280 596 sacrum
2320 538 2621 590 animarum
2671 535 2933 604 regimen,
2984 534 3217 602 proinde
3250 534 3464 602 opiner,

1896 638 1954 681 ut
1988 630 2185 684 animat
2215 630 2463 697 corporis
2514 629 2596 682 sui
2646 627 3023 698 gubernatio:
3075 627 3120 681 si
3177 627 3251 680 illi
3315 628 3466 686 item,

1894 721 1985 788 qui
2014 721 2119 774 hoc
2154 722 2392 789 capessit
2419 736 2640 780 munus,
2668 736 2777 774 non
2808 720 2992 773 minus
3023 719 3194 772 multa
3221 732 3473 771 necessa—

1894 810 1977 862 rio
2026 810 2338 879 peragenda
2390 820 2541 870 sunt,
2594 825 2756 877 quam
2824 809 3098 862 universis
3151 807 3471 861 hominibus

1896 902 2119 970 reliquis
2150 919 2162 954 :
2195 901 2410 967 pnesidi
2453 901 2709 954 videlicet
2743 902 2993 954 omnium
3020 910 3073 954 et
3110 901 3350 957 custodi.
3374 900 3469 968 qui

1894 993 2037 1046 idem
2082 995 2134 1046 in
2174 1002 2317 1045 terra
2347 993 2669 1047 mortalibus
2705 1001 2811 1057 est,
2850 992 2994 1062 quod
3044 991 3285 1045 a-tlieriis
3314 1006 3471 1044 men-

1896 1087 2045 1140 tibus
2096 1086 2261 1139 Deus.
2316 1084 2452 1141 Cum
2503 1086 2637 1147 ha-c,
2682 1087 2925 1154 inquam,
2971 1084 3053 1138 sic
3074 1084 3297 1137 omnino
3326 1098 3476 1135 com-

1897 1187 2090 1248 parata
2116 1193 2237 1233 esse
2285 1186 2525 1247 oportet,
2559 1189 2616 1232 et
2643 1177 2761 1231 hac
2798 1176 3006 1231 dudum
3040 1175 3139 1228 tibi
3186 1173 3473 1228 hominum

1894 1268 2123 1323 collecta
2170 1269 2272 1322 fuit
2307 1268 2679 1331 existimatio,
2727 1282 2830 1322 nec
2870 1266 3089 1320 dillicile
3143 1273 3229 1319 est
3264 1263 3474 1322 videre.

1896 1367 2082 1413 utrum
2149 1364 2324 1428 spatia
2383 1364 2563 1413 haecce
2594 1358 2778 1412 omnia
2810 1354 3220 1419 decucurreris,
3283 1369 3475 1407 verum

1894 1455 1951 1508 in
2002 1455 2377 1523 qaonamplus
2429 1470 2611 1524 operae
2659 1453 2978 1521 laborisque
3041 1449 3473 1517 consumpseris,

1894 1548 2018 1617 quis
2054 1548 2175 1601 hcic
2230 1549 2300 1599 ita
2357 1563 2547 1615 parum
2584 1546 2848 1615 prudens,
2878 1559 3175 1611 rerumque
3235 1541 3477 1593 Clarissi-

1896 1655 2107 1694 marum
2134 1640 2208 1692 ita
2243 1639 2531 1708 imperitus
2565 1639 2773 1694 arbiter
2799 1640 2891 1699 sit,
2932 1640 3023 1705 qui
3065 1654 3173 1690 non
3216 1635 3384 1695 ultro,
3419 1643 3477 1685 ut

1894 1731 2151 1800 equidem
2179 1730 2441 1794 arbitror,
2480 1735 2717 1785 fateatur
2748 1747 2854 1784 non
2903 1731 3153 1798 accipere
3198 1737 3250 1781 te
3300 1742 3473 1786 nunc,

1898 1824 1994 1879 sed
2038 1825 2283 1893 recipere
2331 1825 2479 1879 hunc
2533 1825 2809 1887 habitum,
2839 1835 2895 1876 et
2948 1824 3092 1889 quod
3147 1820 3474 1891 jampridem

212 1938 306 1976 res
339 1924 471 1991 ip~al
500 1922 671 1977 decus
714 1923 811 1977 tibi
852 1922 1156 1987 dedissent,
1207 1922 1358 1976 illius
1437 1937 1584 1977 nunc
1636 1920 1933 1977 accessisse
2006 1922 2243 1977 titulum.
2313 1921 2659 1992 Quapropter
2716 1938 2823 1975 non
2882 1921 3053 1990 magis
3097 1918 3196 1972 tibi
3252 1918 3321 1969 de
3382 1932 3479 1969 ae—

204 2026 372 2081 cepta
401 2014 665 2083 dignitate
694 2015 1058 2083 congratulari
1090 2014 1387 2077 debemus,
1461 2031 1625 2085 quam
1677 2030 2027 2069 communem
2088 2030 2155 2069 ex
2194 2029 2261 2068 eo
2327 2030 2522 2069 omnes
2564 2014 2809 2069 dolorem
2862 2029 3093 2084 capere,
3171 2011 3317 2081 quod
3370 2026 3479 2064 non

205 2106 561 2176 jamdudum,
587 2116 647 2160 ut
674 2123 805 2161 sane
827 2123 1042 2176 arquum
1062 2116 1204 2170 erat,
1224 2109 1435 2176 justum
1503 2122 1567 2162 ac
1624 2107 1869 2163 debitum
1914 2108 2178 2163 honorem
2209 2121 2542 2162 conseculus
2580 2109 2781 2163 fuisses
2814 2129 2827 2163 :
2864 2109 2978 2163 sive
3020 2108 3205 2175 potius
3238 2104 3334 2159 tibi
3361 2102 3482 2169 qui-

210 2200 339 2252 dem
379 2210 614 2268 utroque
662 2200 1160 2269 congratulandum
1195 2200 1439 2264 nomine,
1473 2208 1587 2253 tum
1640 2200 1786 2268 quod
1827 2213 1900 2255 eo
1939 2200 2299 2269 dignissimus
2325 2201 2533 2254 dudum
2573 2215 2720 2265 eras,
2772 2212 2884 2255 tum
2950 2200 3094 2269 quod
3158 2213 3306 2253 nunc
3351 2200 3483 2249 ade-

210 2310 344 2367 ptus
374 2314 454 2352 es.
492 2297 601 2351 Nos
644 2307 849 2364 autem,
912 2296 1016 2351 etsi
1059 2312 1207 2351 nunc
1255 2297 1456 2351 merito
1505 2295 1685 2351 beatis
1728 2295 2075 2361 adnumeres,
2139 2298 2396 2366 quoniam
2452 2313 2559 2353 non
2609 2298 2738 2352 olim
2792 2299 2932 2353 hanc
2997 2298 3209 2367 experti
3276 2305 3480 2351 sontem

212 2390 447 2453 fuimus,
516 2389 774 2457 iniuriam
840 2389 1088 2459 profecto
1136 2389 1411 2459 perpessis
1466 2389 1793 2444 accensendi
1834 2404 2049 2445 sumus.

286 2509 366 2559 A'.
396 2504 518 2559 Τῶν
549 2504 607 2558 δέ
636 2505 743 2558 σῶν
768 2504 1284 2574 πλεονεκτημάτων,
1318 2504 1412 2557 τοῦ
1438 2521 1522 2568 τις
1555 2501 1622 2557 ἂν
1645 2503 1793 2572 πρῶ-

1823 2492 1866 2547 Β
1962 2502 2049 2559 ιν.
2085 2504 2258 2571 Quam
2286 2521 2417 2561 vero
2457 2509 2525 2561 de
2547 2508 2943 2563 excellentibus
2973 2508 3268 2563 virtutibus
3297 2509 3477 2561 hudi-

212 2617 309 2652 τον
340 2600 376 2669 ἦ
412 2599 721 2651 τελευταῖον
757 2598 1002 2670 μνησθῇς
1049 2600 1302 2668 πότερον,
1333 2598 1434 2667 τῆς
1482 2596 1796 2666 ὑπερφυοῦς

212 2691 505 2763 ἀγχινοίας
537 2689 751 2745 καὶτοῦ
782 2689 1177 2760 βουλευομένου
1211 2690 1349 2760 πρὸς
1375 2689 1575 2756 πάντα,
1612 2690 1796 2743 καὶτὸ

212 2786 548 2855 γιγνόμενον
597 2784 696 2852 μὲν
741 2784 1019 2853 πανταχῆ,
1054 2784 1115 2837 ἐν
1161 2782 1339 2836 οὐδενὶ
1375 2781 1434 2834 δέ
1489 2780 1796 2852 μετάμελον

214 2879 464 2944 ἔχοντος,
490 2875 525 2944 ἧ
557 2874 651 2928 τοῦ
690 2875 791 2942 τῆς
821 2873 1049 2945 γνώμης
1089 2874 1387 2951 ἐμδριθοῦς
1414 2876 1509 2929 καὶ
1542 2876 1796 2945 γενναίου

216 2967 685 3036 συγκεκραμένον
724 2966 946 3036 χάρισιν
996 2967 1356 3036 ⁴ἡμερότητος,
1403 2966 1480 3029 ώς
1530 2967 1672 3037 μήτε
1717 2965 1798 3036 τῷ

218 3061 598 3131 μεγαλόφρονι
646 3060 791 3130 μόνῳ
845 3060 983 3130 πρὸς
1030 3060 1338 3129 ὑπερορίαν
1379 3058 1654 3129 ἐκφέρειν,
1704 3060 1799 3113 καὶ

215 3147 461 3216 χαλεπὸν
508 3144 651 3201 εἶναι
698 3150 810 3210 τοῖς
856 3148 1271 3217 ἐντυγχάνουσι,
1319 3149 1456 3219 μήτε
1504 3150 1583 3218 τῷ
1635 3150 1798 3221 πράῳ

216 3239 718 3309 μεγαλοφροσύνης
735 3240 986 3310 ἀπούσης
1012 3242 1150 3311 πρὸς
1175 3242 1530 3311 μαλακότητα
1552 3242 1798 3305 πίπτειν;

228 3330 379 3382 Ἀλλ’
411 3331 744 3399 ἀμφοτέρων
773 3332 853 3385 είς
880 3332 1050 3400 ἄκρον
1083 3330 1383 3400 προῦστης,
1417 3333 1658 3401 ἡρωϊκὸν
1700 3336 1801 3402 μὲν

216 3423 489 3487 καθάπαξ
515 3424 652 3491 ἔχων
678 3423 742 3475 τὸ
772 3418 906 3494 ἦθος
930 3423 1027 3476 καὶ
1054 3424 1219 3490 φόδον
1248 3424 1457 3493 ἐγείρον
1488 3424 1636 3494 ἐντῷ
1655 3441 1802 3496 παρ-

214 3516 427 3568 αυτίκα
480 3516 580 3583 τῆς
626 3516 776 3577 θέας,
809 3515 1048 3585 χαρίτων
1084 3517 1141 3570 δὲ
1182 3517 1415 3587 πλήρεις
1455 3516 1554 3580 τὰς
1582 3518 1801 3588 ὁμιλίας

212 3608 465 3678 δεικνύς.
507 3607 669 3661 Ἀλλά
702 3610 809 3677 μὴν
857 3610 927 3661 τά
980 3610 1145 3678 μέχρι
1192 3610 1288 3663 τοῦ
1338 3609 1500 3681 δεῦρο
1538 3610 1801 3665 δοκοῦντα

214 3702 334 3753 τῶν
368 3701 750 3769 ἀπορωτάτων
786 3701 1143 3769 συγγίνεσθαι
1183 3702 1344 3772 μόνος
1380 3703 1683 3771 ἀνθρώπων
1722 3706 1804 3769 είς

218 3794 425 3846 ταυτὸν
448 3793 679 3861 ἤγαγες,
697 3788 776 3854 ὥς
808 3794 883 3862 μὴ
915 3793 1218 3863 βεϐλάφθαι
1247 3793 1493 3865 θάτερον·
1524 3797 1620 3848 καὶ
1646 3799 1800 3867 νικᾷς

1900 2595 2113 2664 ηὴυεᾳυο
2139 2595 2248 2651 tuis
2281 2597 2482 2666 primo,
2507 2612 2670 2667 quam
2711 2606 2991 2667 postremo
3026 2597 3276 2653 dicemus
3315 2600 3477 2653 loco?

1900 2697 2090 2741 utrum
2139 2688 2476 2758 singularem
2522 2694 2632 2745 vim
2687 2692 2915 2758 mentis,
2946 2700 3001 2745 et
3038 2692 3478 2761 prudentissima

1904 2778 1964 2832 in
2009 2780 2268 2835 erunibus
2319 2782 2574 2845 consilia,
2654 2799 2776 2853 quae
2816 2800 3077 2839 numeros
3121 2802 3252 2841 suos
3292 2801 3486 2842 omnes

1898 2870 2173 2940 expictos,
2204 2873 2410 2927 nullam
2450 2885 2649 2930 autem
2692 2878 3040 2933 decretorum
3101 2880 3487 2949 reprehensio—

1911 2976 2037 3016 nem
2070 2962 2273 3017 habent
2304 2980 2317 3017 :
2361 2981 2429 3019 an
2453 2968 2774 3036 gravitatem
2827 2970 2997 3023 animi
3030 2969 3485 3041 nobilitatemque

1902 3051 2053 3107 illam
2104 3057 2542 3111 mansuetudinis
2623 3060 2938 3128 permistam
3006 3071 3483 3132 temperatanrque

1906 3144 2102 3212 gratiis
2134 3162 2147 3198 :
2174 3156 2235 3200 ut
2264 3162 2440 3216 neque
2472 3152 2922 3219 magnanimitate
2970 3153 3084 3206 sola
3131 3154 3197 3207 ad
3247 3155 3481 3209 aliorum

1908 3236 2325 3304 despicientiam
2358 3241 2630 3306 efferaris,
2657 3243 2947 3313 gravisque
2977 3254 3157 3299 tecum
3193 3248 3483 3317 agentibus

1912 3330 2032 3391 fias,
2079 3344 2259 3399 neque
2292 3346 2485 3386 rursus
2519 3332 2770 3397 lenitate,
2832 3345 3043 3390 remota
3106 3339 3483 3407 magnitudine

1908 3421 2099 3486 animi,
2126 3422 2191 3475 ad
2220 3423 2503 3478 mollitiem
2526 3425 2861 3493 prolabaris‘.’
2880 3426 2957 3484 ’l‘u
2980 3445 3109 3483 vero
3143 3430 3245 3483 hoc
3272 3442 3487 3484 utrum-

1911 3528 2017 3582 que
2068 3514 2467 3582 perfectissime
2527 3518 2871 3585 moderaris,
2928 3522 3190 3574 nimirum
3256 3523 3479 3577 heroiea

1911 3608 2072 3675 plane
2119 3608 2383 3676 praeditus
2434 3610 2637 3675 indole,
2684 3611 2879 3681 suique
2925 3614 3273 3669 formidinem
3306 3619 3483 3685 primo

1911 3697 2161 3764 protinus
2213 3710 2509 3768 conspectu
2549 3700 2762 3764 ciente,
2813 3704 2907 3757 sed
2940 3704 3087 3766 idem
3133 3708 3393 3762 comitate
3428 3720 3484 3763 et

1909 3789 2083 3852 gratia
2121 3789 2354 3844 refertos
2378 3792 2648 3847 exhibens
2689 3809 3037 3864 congressus.
3067 3797 3335 3853 Caeterum
3361 3818 3483 3870 quae

216 3886 349 3944 τοὺς
388 3885 493 3948 μὲν
527 3882 943 3950 φιλανθρώπους
971 3884 1313 3956 δικαιοσύνῃ,
1337 3887 1722 3959 φιλανθρωπίᾳ
1749 3888 1802 3940 δὲ

1829 3860 1877 3924 C
1909 3880 2018 3934 duo
2043 3883 2276 3936 antehae
2302 3883 2412 3949 vix,
2435 3900 2500 3938 ac
2530 3901 2596 3940 ue
2625 3888 2714 3941 vix
2739 3887 2981 3957 quidem,
3010 3890 3303 3945 convenire
3326 3910 3483 3960 posse

217 3976 349 4034 τοὺς
381 3974 650 4034 δικαίους
684 3973 718 4041 ἢ
744 3976 792 4024 εἰ
816 3973 998 4040 βούλει
1021 3992 1106 4042 γε,
1142 3977 1525 4046 φιλανθρωπίᾳ
1555 3980 1658 4047 μὲν
1689 3980 1811 4047 φιλ-

218 4064 581 4134 ανθρώπους,
618 4066 696 4133 τῷ
735 4066 791 4117 δὲ
846 4068 1199 4136 παράδειγμα
1248 4068 1597 4140 δικαιοσύνης
1647 4072 1809 4134 αὐτὸς

222 4154 393 4221 εἶναι,
434 4157 565 4218 τοὺς
592 4156 802 4217 δεινοὺς
830 4157 922 4207 ἐπὶ
954 4159 1153 4227 τούτῳ·
1176 4158 1223 4210 ὦ
1254 4161 1596 4228 συνδυασμοῦ
1622 4163 1810 4231 θαῦμα

226 4251 323 4299 καὶ
372 4247 539 4315 ζῆλον
584 4248 789 4300 ἆπασιν
841 4248 1081 4318 ἔχοντος,
1137 4252 1505 4320 προσήκοντος
1546 4252 1648 4322 μὲν
1703 4258 1810 4318 σοὶ,

225 4341 641 4401 λυσιτελοῦντος
672 4341 729 4393 δὲ
764 4342 953 4394 πόλεσι
979 4342 992 4394 l
1028 4342 1146 4395 Νῦν
1169 4344 1229 4395 οὐ
1262 4345 1499 4414 πένητας
1531 4348 1645 4399 ἔστι
1672 4350 1810 4419 πρὸς

228 4434 489 4504 εὐπόρων
536 4432 863 4497 κακοῦσθαι,
922 4435 1176 4505 καθάπερ
1225 4438 1283 4490 ἐν
1340 4439 1547 4491 πόλεων
1610 4439 1809 4492 ἁλώσει

228 4528 640 4597 καρπουμένων
682 4528 807 4588 τοὺς
851 4528 1159 4598 δυστυχεῖς
1205 4532 1397 4584 καὶτὰ
1443 4532 1541 4599 μὲν
1591 4533 1810 4602 σφέτερ’

228 4617 413 4667 αὐτῶν
442 4617 670 4677 ἀτόποις
703 4617 1053 4682 ἐπαυξόντων
1084 4620 1450 4691 προσθήκαις,
1478 4623 1720 4685 ἐκείνους
1753 4624 1809 4677 δὲ

228 4709 423 4778 uiden:
454 4710 879 4774 ἀναγκαζόντων
906 4713 997 4763 καὶ
1027 4714 1403 4767 καθιστάντων
1434 4718 1681 4786 πενήτων
1709 4719 1810 4768 πέ-

228 4816 423 4867 νητας·
462 4799 560 4850 νῦν
590 4803 925 4867 συκοφαντία
949 4804 1211 4869 καθάπαξ
1253 4807 1496 4858 ἐκποδὼν
1531 4808 1809 4877 ἀπελήλα-

226 4907 342 4943 ται’
376 4893 471 4943 καὶ
505 4894 738 4958 πένητες
770 4895 832 4945 οὐ
863 4894 1148 4961 ψεύδονται
1184 4901 1319 4968 πρὸς
1360 4901 1650 4967 εὐπόρους·
1690 4903 1809 4955 οὐδὲ

232 4985 369 5050 πρὸς
396 4986 493 5035 τὸν
523 4984 696 5053 ἔχονθ’
729 4988 757 5038 ό
790 4986 981 5053 φθόνος
1008 4988 1169 5057 ἕρπει
1203 4993 1348 5043 κατά
1384 4993 1478 5046 τὸν
1519 4998 1681 5048 παῖδα
1713 4996 1810 5045 Σο-

231 5077 413 5141 φίλου’
443 5074 562 5125 ἀλλ’
598 5075 746 5127 ἐστιν
786 5077 1068 5147 ἑκατέροις
1103 5082 1237 5148 παρ’
1276 5084 1605 5153 ἀμφοτέρων
1641 5087 1676 5138 ἃ
1706 5088 1807 5153 δεῖ,

1912 3972 2257 4039 videbantur,
2306 3991 2370 4029 ca
2423 3986 2479 4030 tu
2541 3993 2684 4031 unus
2729 3981 3041 4034 mortalium
3087 3983 3169 4036 sic
3217 3985 3270 4036 in
3313 4000 3481 4036 unum

1912 4066 2325 4132 conduxisti,ut
2355 4070 2589 4123 alterum
2614 4071 2771 4126 alteri
2796 4073 2932 4127 nihil
2962 4074 3211 4131 alliceret
3242 4093 3256 4127 :
3287 4092 3483 4144 Ιιθιιψιι

1914 4160 2079 4212 mites
2129 4175 2193 4213 ac
2226 4159 2497 4214 humanos
2521 4163 2738 4233 justitia
2773 4166 2972 4230 anteis,
3024 4168 3250 4222 leuitate
3278 4170 3482 4239 jllsms,

1913 4267 2008 4306 seu
2049 4253 2095 4307 si
2150 4255 2346 4319 mavis,
2381 4257 2537 4311 lenes
2600 4258 2956 4330 indulgentia,
2998 4262 3101 4316 hos
3148 4273 3357 4326 autem,
3388 4266 3481 4334 qui

1906 4346 2120 4415 justitia
2166 4348 2412 4417 insignes
2466 4351 2783 4425 habentur,
2832 4355 2975 4422 quod
3033 4358 3220 4425 ejusce
3267 4357 3485 4409 virtutis

1913 4439 2146 4504 ipsemet
2164 4439 2443 4507 exemplar
2540 4458 2553 4492 :
2573 4458 2606 4494 ο
2626 4443 3003 4498 admirabilem
3039 4449 3297 4502 outnibus
3321 4458 3485 4517 atque

1913 4530 2203 4596 gloriosam
2237 4532 2682 4602 conjunetibnem
2712 4536 2725 4587 ι
2756 4550 2876 4604 quae
2901 4538 2978 4590 sic
3006 4550 3095 4591 tua
3126 4542 3346 4609 propria
3378 4554 3484 4603 est,

1916 4632 1975 4675 ut
2010 4623 2061 4674 in
2094 4623 2289 4691 primis
2320 4624 2600 4679 fructuosa
2648 4627 2721 4679 sit
2763 4627 3102 4696 reipublicae.
3148 4631 3267 4684 Non
3335 4635 3483 4686 enim

1913 4731 2061 4769 nunc
2091 4717 2325 4784 amplius
2352 4719 2664 4785 opprimere
2691 4721 2882 4791 inopes
2906 4738 2968 4773 ae
3002 4738 3195 4777 vexare
3218 4725 3485 4780 divitibus

1914 4807 2062 4870 licet,
2097 4808 2189 4875 qui
2227 4808 2453 4875 perinde
2517 4820 2573 4863 ut
2618 4811 2671 4863 in
2718 4812 3031 4881 captivitate
3093 4814 3315 4868 urbium
3367 4818 3482 4869 fieri

1913 4900 2072 4963 solet,
2102 4915 2167 4952 ex
2202 4901 2416 4954 miseris
2443 4905 2832 4971 compendium
2866 4915 3169 4975 captantes,
3207 4924 3333 4962 suas
3359 4911 3486 4978 qni-

1914 4993 2037 5044 dem
2070 4992 2258 5060 copias
2309 4993 2624 5061 ingentibus
2651 4998 3064 5052 accessionibus
3114 5003 3481 5070 adaugebant,

1914 5098 2187 5153 pauperes
2225 5094 2409 5140 autem
2445 5088 2515 5140 ad
2542 5088 2779 5143 lamenta
2808 5106 2869 5143 ac
2896 5092 3163 5161 laerymas
3189 5096 3486 5164 compelle-

227 5168 340 5217 τῶν
385 5161 492 5232 μὲν
512 5168 571 5216 ἐν
605 5166 822 5234 πλούτῳ
848 5169 986 5236 σφᾶς
1011 5171 1310 5225 ἐλεούντων
1349 5176 1439 5226 καὶ
1472 5181 1802 5247 συνευχομέ-

1840 5207 1888 5266 D
1914 5176 2066 5241 bant,
2091 5187 2253 5247 atque
2281 5178 2349 5233 de
2378 5183 2710 5248 pauperibus
2752 5186 3134 5253 pauperrimos
3184 5161 3486 5243 conc—inua-

229 5274 336 5308 νων
369 5256 493 5325 βίου
527 5256 836 5326 ῥᾳστώνη-δ’
875 5259 1147 5314 αἰδοῦνται
1176 5262 1233 5315 δέ
1262 5267 1385 5327 τοὺς
1416 5267 1597 5318 αὐτῶν
1625 5271 1807 5338 κρείτ-

225 5363 355 5410 τους
401 5350 451 5401 οί
504 5350 667 5419 πενίᾳ
722 5350 1014 5415 συζώντεςυ
1064 5355 1268 5408 δεδίασι
1304 5359 1410 5427 γὰρ
1462 5359 1631 5428 άμφω
1679 5364 1806 5426 τοὺς

230 5443 430 5508 νόμους
467 5438 562 5502 οῦς
591 5442 753 5504 αὐτὸς
795 5444 1052 5514 ἰσχυροὺς
1082 5451 1279 5510 ποιεῖς,
1304 5448 1623 5524 δικαιοσύνη
1664 5455 1803 5524 πρὸς

232 5535 413 5587 πάντα
444 5534 749 5603 χρώμενος.
777 5535 892 5589 Νῦν
923 5533 1063 5600 εἶδος
1089 5540 1407 5609 εὐεργεσίας
1431 5544 1662 5615 ἐξεφάνη
1690 5564 1809 5598 και-

233 5628 345 5691 νὸν,
375 5630 469 5682 καὶ
503 5629 714 5691 πάντας
758 5630 948 5692 ἁπλῶς
980 5630 1043 5684 εὖ
1084 5637 1283 5696 ποιεῖς’
1312 5636 1437 5698 τοὺς
1471 5636 1571 5704 μέν
1606 5639 1810 5702 ἐνδεεῖς

234 5723 302 5773 δι’
330 5722 463 5778 αὐτὶ
505 5720 685 5785 τοῦτο,
729 5725 855 5785 τοὺς
891 5724 937 5775 δ’
967 5725 1109 5793 ἔχειν
1125 5726 1435 5790 δοκοῦντας,
1469 5730 1553 5782 ἵνα
1584 5732 1657 5802 μὴ
1698 5734 1806 5785 τῶν

235 5817 335 5869 οὐκ
364 5817 601 5883 ἐχὸιτων
625 5816 869 5883 γένωντα
920 5821 1060 5871 κατά
1081 5820 1207 5881 τοὺς
1230 5820 1437 5883 δεινοὺς
1463 5824 1569 5873 τῶν
1608 5824 1805 5891 κυϐερ-

558 5934 826 5992 Ριιτκοι.
860 5935 890 5992 f~
916 5952 979 5997 tt.
1019 5935 1253 5997 CXLV.

1914 5271 2063 5326 bant.
2101 5269 2204 5324 Sed
2246 5280 2300 5323 et
2329 5273 2820 5341 quadruplatorum
2855 5279 3232 5333 exterminata:
3259 5283 3481 5349 penitus

1915 5377 2062 5415 nunc
2098 5373 2228 5416 sunt
2262 5365 2583 5430 calumniie;
2630 5382 2808 5436 neque
2840 5368 3169 5423 defraudant
3203 5374 3485 5427 tenuiores

1911 5470 2007 5508 eos
2030 5454 2538 5525 quiloculiletiores
2592 5470 2741 5523 sunt,
2798 5477 2975 5528 neque
3026 5464 3171 5515 dirus
3208 5465 3484 5518 habentem

1914 5548 2220 5616 aggreditur
2261 5550 2414 5614 livor,
2452 5559 2510 5603 ut
2556 5551 2646 5604 ille
2682 5551 2893 5620 Sophili
2937 5553 3121 5607 aiebat
3165 5555 3308 5609 filius
3361 5558 3486 5617 (So-

1914 5640 2362 5709 pliocles..Afav-;i
2394 5643 2539 5712 157),
2581 5644 2677 5699 sed
2710 5656 2895 5699 inutua
2926 5647 3079 5701 alteri
3105 5648 3292 5702 alteris
3308 5649 3481 5704 ofﬁcia

1917 5743 2178 5799 praestant
2207 5750 2220 5791 :
2258 5741 2477 5804 quando
2508 5745 2560 5790 et
2590 5737 2771 5807 gravis
2818 5738 3016 5792 borum
3064 5742 3299 5794 fortuna:
3330 5743 3483 5794 locu-

1917 5828 2087 5895 pletes
2117 5827 2359 5894 miseret,
2412 5827 2825 5900 facilioreiuque
2863 5832 2987 5884 vita:
3034 5833 3298 5887 rationein
3350 5834 3481 5904 ipsis

3032 5951 3103 6009 13
