4232 6432
760 381 862 449 395
1988 385 2384 445 TllEODULl
2430 384 2773 444 MONACilI

3917 383 4022 443 396

758 503 1014 561 excptaat
1054 507 1146 550 .et
1188 498 1238 549 hi
1273 513 1461 551 rursus
1499 497 1590 566 qui
1642 507 1893 564 egestate
1930 495 2335 558 conﬂictantur,

2445 493 2645 562 νητῶν,
2673 494 2722 545 οἳ
2752 492 2846 544 καὶ
2877 493 3116 560 γαλήνης
3155 490 3321 560 οὔσης
3363 492 3599 560 χρῶνται
3631 493 3693 560 τῇ
3723 491 3908 560 τέχνῃ,
3946 495 4019 559 μὴ

759 587 1093 651 potentiores
1142 589 1330 640 colunt
1404 604 1467 642 ac
1522 590 1859 650 observant,
1923 602 2119 655 nempe
2187 587 2335 654 leges

759 679 975 745 utrique
999 690 1271 743 metuunt,
1307 682 1466 748 queis
1494 681 1603 734 vim
1636 697 1789 734 suam
1820 697 1882 733 ac
1916 681 2088 733 robur
2109 680 2336 740 astruis,

757 785 880 822 cum
916 772 1171 824 omnibus
1199 774 1250 824 in
1286 775 1448 825 rebus
1472 774 1746 841 justitiam
1791 787 2004 825 servas.
2045 770 2184 823 Tum
2232 785 2327 823 no-

754 878 881 914 vum
920 862 1194 930 quoddam
1231 863 1610 918 beneﬁcentia:
1660 878 1808 917 nunc
1852 864 2106 931 apparuit
2142 877 2336 931 genus.

753 964 805 1005 et
841 964 895 1005 tu
944 954 1268 1021 simpliciter
1319 956 1457 1006 bene
1503 955 1570 1006 de
1605 953 1881 1007 universis
1928 954 2204 1006 mereris:
2269 955 2336 1005 de

757 1044 1013 1110 inopibus
1068 1044 1361 1104 videlicet,
1405 1045 1603 1112 inepia:
1667 1044 1840 1111 ipsius
1892 1059 2078 1106 causa,
2139 1043 2206 1096 de
2268 1045 2337 1097 iis

754 1145 961 1196 autem,
994 1134 1196 1202 quibus
1226 1135 1544 1188 meliuscule
1565 1150 1683 1188 esse
1724 1135 1942 1188 videtur
1963 1185 1976 1206 ,
2015 1150 2082 1186 ne
2110 1145 2164 1186 et
2196 1134 2248 1186 hi
2283 1134 2335 1187 in

756 1225 900 1276 illam
934 1227 1424 1289 egentis<imorum
1453 1226 1704 1279 recidant
1737 1226 1968 1279 classem
2009 1245 2020 1277 :
2057 1226 2338 1278 solertiqu

755 1333 884 1369 sane
913 1332 1062 1369 more
1089 1319 1547 1382 gubernatorum,
1573 1318 1667 1386 qui
1703 1333 1768 1369 ne
1803 1327 1915 1368 tuin
1951 1318 2172 1385 quidem
2213 1332 2337 1370 cum

752 1408 948 1462 sudum
993 1425 1052 1462 ac
1083 1425 1341 1461 Serenum
1382 1420 1497 1467 est.
1530 1410 1596 1461 ab
1634 1419 1753 1460 arte
1798 1425 1893 1461 sua
1931 1411 2231 1470 recedunt,
2270 1423 2338 1462 ne

753 1516 857 1566 qua
894 1500 1032 1552 forte
1086 1501 1290 1553 illisum
1351 1501 1606 1553 cautibus
1650 1501 1996 1568 diﬂ‘ringatur
2041 1501 2334 1569 navigium.

753 1589 1072 1656 Quanquam
1099 1606 1250 1646 vero.
1288 1606 1315 1642 a
1355 1591 1505 1642 nullo
1529 1592 1658 1642 dum
1689 1592 2005 1644 mortalium
2033 1590 2172 1644 istuc
2205 1606 2342 1659 prac-

753 1682 942 1734 stitum
979 1681 1148 1735 fuisse
1191 1682 1461 1736 atlirmare
1527 1683 1813 1739 habemus.
1872 1699 1970 1736 nec
1999 1684 2064 1736 ad
2113 1684 2334 1752 aliquod

755 1773 1114 1825 relerrelicct
1147 1776 1508 1843 exemplum:
1554 1776 1704 1827 solus
1757 1787 1810 1826 tu
1855 1776 2002 1828 enim
2055 1776 2334 1845 rcperisti,

754 1865 903 1914 snlus
928 1867 1199 1930 protulisti
1240 1868 1291 1918 iu
1327 1869 1501 1919 lucem
1541 1884 1552 1919 :
1580 1867 1846 1920 exsisteut
1875 1876 2086 1926 tamen,
2112 1868 2333 1935 opinor,

755 1960 848 2025 qui
893 1960 1024 2012 illud
1064 1962 1498 2022 aemulabuntur,
1569 1962 1788 2028 eritque
1840 1961 2159 2024 fortassean,
2210 1977 2332 2014 cum

755 2051 861 2101 tuis
887 2050 1036 2102 hisce
1067 2053 1307 2104 secunda
1334 2062 1548 2118 tempus
1573 2052 1737 2104 edere
1779 2053 2093 2106 conabitur.
2131 2053 2330 2104 Verum

751 2142 897 2192 enim
931 2156 1059 2193 vero
1089 2143 1234 2210 quod
1279 2144 1351 2195 ita
1385 2145 1543 2210 plane
1569 2158 1692 2195 cum
1743 2144 1979 2212 benigne
2019 2143 2145 2196 aliis
2174 2143 2330 2205 facis,

755 2234 1065 2298 delectaris,
1096 2235 1270 2302 [quasi
1322 2236 1363 2288 si
1411 2236 1505 2287 tibi
1569 2235 1668 2302 ipsi
1722 2236 1853 2287 illud
1907 2235 2071 2288 tribui
2111 2250 2334 2289 censeas

756 2325 1101 2382 beneﬁcium.
1134 2325 1277 2392 quod
1310 2325 1388 2378 sic
1421 2328 1549 2378 item
1577 2338 1862 2394 promptus
1884 2325 1948 2378 ad
1985 2325 2329 2393 largiendum

753 2432 834 2482 es,
871 2426 929 2469 ut
961 2417 1049 2469 vix
1082 2419 1221 2470 alius
1255 2418 1416 2481 ullus,
1458 2418 1924 2483 quemadmodum
1961 2418 2221 2477 arbitror,
2259 2417 2325 2470 ad

752 2511 1183 2578 aa'ipiendum:
1241 2523 1404 2580 atque
1461 2513 1557 2564 bas
1614 2527 1748 2564 unas
1801 2510 2173 2579 maximasque
2232 2510 2328 2564 tibi

752 2616 883 2669 opes
914 2618 1035 2656 csse
1066 2606 1281 2663 statuis,
1322 2605 1591 2673 quidquid
1641 2606 1830 2665 babes,
1856 2604 1923 2657 ad
1961 2591 2330 2658 alios-trans-

752 2697 916 2758 terre,
948 2710 1157 2763 eosque
1188 2695 1334 2763 quod
1378 2707 1493 2748 tute
1525 2707 1684 2748 antea
1732 2696 1942 2755 fueras.
1991 2705 2042 2749 te
2077 2696 2220 2763 quod
2253 2697 2328 2749 illi

752 2795 933 2847 erant,
992 2787 1129 2850 ﬁeri,
1180 2786 1286 2840 hoc
1344 2791 1521 2854 ipsum
1580 2797 1732 2839 tuum
1783 2786 2031 2854 profecto
2058 2787 2229 2840 solius
2273 2796 2328 2840 et

755 2879 1036 2946 proprium
1066 2889 1169 2938 est,
1197 2880 1250 2931 in
1281 2895 1392 2948 quo
1424 2880 1633 2932 nultum
1667 2894 1843 2947 neque
1868 2879 2326 2949 babuisti,neque

754 2984 990 3036 unquam
1025 2970 1312 3022 habiturus
1345 2986 1427 3031 es,
1461 2972 1668 3023 socium
1709 2990 1722 3023 :
1764 2986 1902 3024 unus
1945 2979 2000 3022 tu
2049 2972 2221 3035 enim,
2267 2980 2327 3023 ut

755 3076 866 3111 tein
900 3059 1074 3112 verbo
1122 3061 1430 3117 absolvam.
1474 3061 1738 3114 adversus
1767 3063 2048 3129 graviores
2093 3063 2326 3116 fortuna:

2444 588 2762 656 περιρῤαγῇ
2799 603 2902 653 που
2943 586 3003 636 τὸ
3041 586 3250 653 σκάφος
3289 585 3716 654 προσεγκύρσαν
3767 584 4016 636 σπιλάσι.

2444 681 2637 732 Καίτοι
2672 677 2832 730 τοῦτο
2881 680 2979 746 μὲν
3025 680 3072 730 εἰ
3101 679 3196 730 καὶ
3257 677 3447 746 μηδενί
3496 695 3582 729 πω
3613 677 3724 728 τῶν
3759 677 4018 728 ἁπάντων

2441 772 2808 840 εἰργασμένον
2839 770 3032 838 ἔχομεν
3058 769 3260 836 λέγειν,
3281 769 3391 821 οὐδ’
3411 768 3557 820 εστιν
3580 770 3658 828 εἰς
3684 766 4018 836 παράδειγμ’

2442 865 2780 929 ἀνενεγκεῖν·
2820 863 2979 930 μόνος
3031 862 3140 929 γὰρ
3175 861 3398 938 ἐξεῦρες
3428 860 3524 912 καὶ
3573 863 3734 928 μόνος
3763 859 4017 927 πρνιΰᾳη-

2443 970 2560 1015 νας’
2589 954 2707 1007 ἀλλ’
2729 950 2824 1006 οὖν
2858 954 3074 1006 ἔσονταί
3101 970 3247 1014 τινος
3283 953 3552 1017 ζηλωταίο
3584 970 3678 1004 και
3711 953 4020 1019 cinnami,-

2445 1060 2526 1094 σει
2561 1042 2681 1095 ποτ’
2712 1044 2779 1096 ἂν
2814 1043 2944 1105 ἴσως
2977 1043 3006 1094 ό
3057 1043 3250 1112 χρόνος
3275 1042 3458 1094 δοῦναι
3485 1042 3553 1094 τὰ
3595 1041 3847 1109 δεύτερα’
3883 1043 3943 1093 τὸ
3976 1043 4022 1092 δ’

2449 1137 2592 1187 οὓτω
2644 1137 2742 1203 μὲν
2796 1138 3010 1205 χαίρειν
3050 1137 3112 1188 ab
3155 1137 3410 1186 ποιοίντα
3443 1136 3567 1197 τοὺς
3609 1135 3798 1196 ἄλλους
3833 1134 4024 1202 ὥσπερ

2446 1230 2611 1281 αὐτὸν
2643 1229 2703 1282 εὖ
2734 1231 2966 1297 πάσχειν
3005 1228 3273 1303 νομίζειν,
3309 1225 3454 1278 οὕτω
3482 1226 3538 1278 δὲ
3566 1225 3851 1296 πρόθυμον
3881 1221 4020 1277 εἷνα-

2442 1323 2675 1382 διδόντα,
2700 1323 2775 1383 ὡς
2815 1321 2923 1373 οὐδ’
2956 1323 3022 1373 ἂν
3057 1316 3136 1382 εἷς
3179 1317 3333 1388 οἶμαι
3374 1319 3689 1387 λαμὸἀνων,
3719 1322 3810 1371 καὶ
3835 1317 4061 1370 τοῦτον·

2441 1415 2697 1484 ἡγεῖσθαι
2726 1415 2887 1481 μόνον
2923 1413 3152 1465 πλοῦτον
3186 1412 3278 1465 καὶ
3322 1411 3602 1479 μέγιστον,
3634 1411 3696 1462 τὸ
3733 1410 4023 1478 μετατιθέ-

2442 1524 2528 1559 ναι
2564 1509 2698 1576 πρὸς
2725 1505 2947 1572 ἑτέρους
2971 1506 3038 1556 τὰ
3057 1505 3211 1557 ὄντα·
3249 1505 3345 1557 καὶ¹
3371 1503 3592 1566 τούτους
3629 1503 3727 1570 μὲν
3757 1504 3896 1571 ὅπερ
3925 1505 4024 1555 αύ-

2440 1601 2552 1663 τὸς,
2585 1599 2750 1651 αὐτὸν
2779 1598 2836 1649 δὲ
2878 1598 3014 1665 ὅπερ
3060 1599 3256 1649 ἐκεῖνοι
3298 1597 3604 1664 γίγνεσθαι·
3632 1597 3740 1650 τόδ’
3786 1599 3896 1666 ἄρα
3929 1597 4022 1648 σὺν

2441 1687 2609 1740 αὑτοῦ
2644 1689 2810 1757 μόνου
2852 1688 2948 1740 καὶ
2987 1688 3243 1740 κοινωνὸν
3288 1689 3390 1740 οὐκ
3424 1687 3601 1758 ἔσχες,
3639 1688 3764 1741 οὔτε
3808 1692 4024 1758 μήποτε

2441 1781 2641 1848 κτήσῃο
2684 1781 2845 1848 μόνος
2867 1780 2976 1848 γὰρ
3007 1779 3082 1838 ὡς
3115 1781 3291 1831 εἰπεῖν
3320 1780 3642 1847 διαγέγονας
3671 1781 3805 1848 πρὸς
3827 1784 3895 1832 τὰ
3924 1781 4021 1848 τῆς

2439 1871 2607 1941 τύχης
2669 1872 3046 1939 ἁμιλλώμενος
3075 1872 3245 1939 πάθη,
3283 1872 3379 1926 καὶ
3413 1873 3509 1941 τὴν
3543 1873 3830 1942 ἀνώμαλον
3873 1875 4024 1938 ἄγω-λ

2441 1968 2517 2025 εις
2555 1967 2670 2017 ἴσον
2695 1967 2756 2017 τό
2791 1944 3028 2032 γεκατὰ
3078 1967 3294 2017 σαυτόν·
3331 1967 3428 2018 καὶ
3475 1966 3581 2034 μὴν
3613 1966 3711 2019 τὰς
3747 1967 4024 2034 ὁσημέραι

2439 2055 2682 2120 συναφὰς
2705 2054 3030 2123 γαμηλίους,
3059 2057 3152 2106 καὶ
3183 2056 3435 2106 συσσίτια
3462 2058 3710 2124 πενήτων
3739 2056 3881 2123 ὑπὲρ
3912 2058 4009 2124 τὴν

2438 2147 2652 2215 χρείαν,
2680 2147 2775 2198 καὶ
2804 2147 2984 2215 χρεῶν
3014 2148 3230 2200 ἀτόπων
3265 2149 3574 2211 ἀποκοπὰς,
3603 2150 3696 2200 καὶ
3725 2137 4025 2216 δεσμωτῶν

2437 2235 2611 2298 λύσιν,
2642 2237 2734 2288 καὶ
2769 2237 3000 2306 εἱρκτῶν
3031 2237 3245 2304 ἄφεσιν,
3296 2239 3390 2290 καὶ
3431 2239 3529 2301 τὰς
3561 2240 3619 2289 ὲν
3659 2243 3770 2299 τοῖς
3806 2240 4023 2290 vom-3::

2438 2345 2510 2379 πα
2522 2329 2814 2397 ρἀμυθίας,
2840 2331 2934 2381 καὶ
2959 2331 3058 2395 τὴν
3081 2330 3192 2381 τῶν
3218 2331 3388 2396 ξένων
3417 2330 3686 2400 ὑποδοχὴν
3714 2332 3809 2382 καὶ
3834 2333 4027 2400 φιλαν-

2436 2421 2710 2488 θρωπίαν,
2739 2424 2832 2473 καὶ
2864 2422 3013 2474 πόλλ’
3045 2424 3230 2493 ἔτερα,
3272 2427 3368 2478 καὶ
3409 2427 3466 2476 τὸ
3503 2426 3758 2493 μέγιστον
3791 2428 3922 2486 τοὺς
3957 2428 4022 2477 ἐκ

2435 2510 2634 2563 πολλοῦ
2669 2512 2768 2580 μὲν
2801 2512 2959 2580 ἱερῶς
2989 2514 3404 2576 στασιάζοντας,
3431 2515 3557 2582 ἄρτι
3588 2513 3645 2565 δὲ
3668 2515 4022 2573 νενευκότας,

2437 2602 2531 2655 καὶ
2556 2603 3045 2672 προσδοκωμένους
3069 2607 3264 2658 αὐτίκα
3293 2606 3435 2672 μάλα
3459 2609 3715 2674 τιμήσειν
3739 2606 4017 2673 ὁμόνοιαν·

2433 2693 2462 2745 ὃ
2484 2694 2624 2754 τίνος
2657 2693 2724 2744 ἂν
2761 2694 2999 2761 πρόσθεν
3025 2698 3169 2748 κατὰ
3199 2696 3428 2764 γνώμην
3460 2696 3661 2764 εἰσῄει;
3704 2698 3839 2766 ποία
3867 2696 4023 2747 ταῦτ’

2424 2786 2608 2836 ἔνεστι
2635 2786 2782 2854 ψυχῇ
2814 2787 3150 2854 παραϐαλεῖν
3185 2787 3539 2860 ἀνθρωπίνῃς
3576 2791 3639 2840 Ὣ
3660 2790 3736 2850 τίς
3758 2789 3884 2858 -ᾇτει
3923 2791 4024 2857 μὲν

2430 2879 2630 2942 πάντα,
2654 2880 2784 2950 ᾄσει
2834 2881 2894 2932 δὲ
2934 2881 3055 2932 κατ’
3083 2881 3149 2944 ἀξ
3171 2898 3273 2945 αν;
3315 2881 3378 2933 Ὢ
3413 2883 3495 2944 τίς
3525 2881 3761 2943 ἀκούσας
3799 2884 3899 2934 οὐκ
3934 2885 4025 2932 εἶ-

2423 2970 2526 3032 -θυς
2564 2972 2844 3023 ἀνίσταται
2873 2973 2938 3040 τῇ
2965 2971 3150 3039 ψυχῇ,
3185 2975 3276 3024 καὶ
3306 2971 3398 3023 τὸ]
3422 2973 3783 3040 εἰργασμένον
3820 2972 4023 3023 ἐθέλων

2430 3062 2570 3131 ὑπὲρ
2604 3065 2814 3124 πάντας
2851 3062 3160 3128 σεμνύνειν,
3199 3063 3578 3131 πληρούμενος
3622 3063 4023 3128 ἐνθουσιασμοῦ

751 3168 1046 3216 :erumuas,
1083 3153 1134 3204 in
1185 3154 1332 3204 omni
1380 3153 1493 3205 vita
1530 3155 1748 3221 egregie
1779 3155 2129 3222 depugnasti,
2162 3165 2341 3224 atque

2443 3152 2614 3217 σιγῶν
2641 3153 2896 3220 ἐμφαίνει
2935 3154 2996 3204 τὸ
3033 3153 3252 3221 οαῦμας
3303 3153 3444 3220 Ἐγὼ
3473 3154 3530 3206 δὲ
3579 3155 3674 3205 καὶ
3719 3155 3890 3207 τᾶλλα
3921 3157 4022 3220 μὲν

756 3246 1074 3314 “aequalem
1103 3246 1250 3298 illam
1277 3245 1459 3310 deam,
1485 3245 1667 3312 quoad
1697 3255 1938 3312 poteras,
1963 3247 2110 3300 atad
2138 3263 2325 3316 acquav

755 3340 960 3391 nitatem
1014 3337 1348 3400 reduceres,
1391 3352 1612 3404 operam
1649 3337 1872 3390 dedisti.
1924 3337 2127 3391 Adbwe
2163 3354 2329 3406 porro

752 3432 1100 3495 quoiiilianas
1148 3435 1280 3484 istas
1339 3439 1460 3482 tuas
1519 3429 1840 3482 collationes
1875 3431 2176 3498 epulasque
2228 3447 2329 3482 nu-

754 3525 985 3591 ptiales,
1038 3533 1093 3576 et
1157 3523 1536 3582 lautiusculas,
1590 3538 1763 3590 quam
1814 3537 1912 3590 pro
1966 3522 2328 3588 necessitate,

753 3631 1050 3685 pauperum
1094 3614 1470 3676 iuvitationes,
1500 3625 1557 3668 et
1586 3615 1841 3668 immanis
1880 3614 2004 3668 aeris
2045 3616 2326 3668 alienial-

751 3709 1077 3769 levameuta,
1105 3718 1162 3762 et
1195 3709 1522 3762 solutionem
1557 3710 1866 3763 vinctorum
1913 3711 2323 3762 custodiarum-

752 3817 856 3867 que
908 3800 1250 3864 missionem,
1296 3810 1349 3853 et
1390 3815 1660 3869 agrorum
1705 3800 2133 3862 consolationes,
2170 3810 2225 3854 et
2269 3802 2322 3852 in

751 3892 1086 3959 recipiendis
1129 3892 1442 3961 hospitibus
1476 3891 1872 3945 humanitatem
1899 3931 1914 3954 ,
1955 3899 2010 3944 et
2039 3891 2324 3960 coniplnra

752 3982 802 4032 id
860 3999 1030 4050 genus
1060 3983 1186 4045 alia,
1237 3981 1476 4049 denique
1535 3981 1679 4050 quod
1735 3983 1816 4033 vel
1873 3981 2170 4033 maximum
2209 3990 2315 4040 est.

749 4079 953 4127 sanctis
1011 4075 1221 4143 jamdiu
1268 4075 1717 4127 contentionibus
1770 4073 2064 4127 distractos
2096 4115 2110 4136 ,
2175 4089 2321 4126 nunc

751 4175 932 4218 autem
977 4166 1253 4219 inclinatis
1304 4166 1522 4227 animis,
1559 4177 1617 4218 ut
1655 4179 1780 4233 spes
1836 4173 1940 4228 est,
2001 4166 2318 4233 propediem

2428 3243 2728 3311 δυστυχὴς,
2766 3243 2848 3294 ἑνὶ
2871 3243 2927 3293 δὲ
2953 3243 3187 3312 μάλιστα
3217 3244 3393 3312 τούτῳ
3411 3244 3494 3294 ὅτι
3524 3243 3624 3312 τῆς
3647 3245 3852 3296 τούτων
3883 3248 4023 3298 απο-

2421 3334 2696 3404 ·λειπομαι
2747 3335 2896 3398 θέας,
2935 3338 3030 3389 καὶ
3063 3337 3162 3388 οὐκ
3191 3337 3454 3390 ἀπολαύω
3484 3336 3676 3405 παρὼν
3707 3338 3805 3405 τῆς
3840 3338 4021 3405 ἀρχῆς

2433 3427 2503 3478 τὰ
2538 3427 2855 3496 γιγνόμεναο
2884 3430 2918 3498 ἢ
2950 3430 3180 3492 σωζοιτο
3235 3430 3498 3481 ἐνιαυτῶν
3556 3431 3779 3498 συχναῖς
3831 3429 4025 3496 περιό-

2425 3518 2567 3583 δοις,
2610 3520 2691 3582 εἰς
2721 3519 2978 3588 τελευτὴν
3013 3520 3072 3572 εὖ
3103 3522 3251 3588 μάλα
3281 3523 3496 3586 παγίως
3528 3521 3637 3572 τῶν
3663 3524 4022 3589 πραγμάτων

2435 3612 2781 3679 χωρούντων·
2812 3613 3046 3675 -σώζοιτο
3070 3612 3126 3664 δὲ
3158 3611 3402 3681 βασιλεία
3423 3614 3492 3665 τὰ
3529 3614 3664 3682 μόνα
3691 3612 3787 3664 καὶ
3820 3613 4018 3678 1:96:11

2425 3701 2701 3754 κάλλιστα
2727 3703 2822 3755 καὶ
2848 3704 3130 3772 πρέποντά
3150 3723 3211 3772 γε
3226 3705 3505 3774 ἀλλήλοις.
3536 3707 3648 3758 Καὶ
3669 3708 3880 3772 γένοιτο
3919 3706 4016 3770 μὲν

2429 3793 2574 3860 ὑμᾶς
2607 3795 2685 3854 εἰς
2709 3794 2772 3846 τὸ
2807 3795 3208 3864 Ἀργανθωνίου
3232 3800 3408 3866 γῆρας
3435 3796 3683 3867 ἀφῖχθαι,
3719 3797 3813 3848 καὶ
3843 3795 3900 3848 εἴ
3928 3812 4016 3856 τις

2428 3885 2587 3947 ἄλλος
2649 3886 3046 3956 ὑπερϐεϐηκὼς
3103 3892 3189 3957 ειή
3255 3893 3383 3952 τοὺς
3433 3893 3617 3960 ὅρους·
3674 3889 3916 3941 συνεῖναι
3958 3888 4015 3938 δὲ

2430 3976 2616 4042 μόνοις
2649 3978 2739 4030 ἀεὶ
2771 3981 2884 4040 τοῖς
2937 3981 3236 4048 βελτίστοις
3284 3981 3610 4032 ὲπιὸιδοῦσιν
3655 3982 3782 4030 ὅσον
3832 3980 4016 4040 ἔξεστι

2427 4070 2700 4134 πλεῖστον,
2724 4071 2798 4130 ὠς
2819 4071 2896 4123 -ἂν
2929 4075 3024 4123 καὶ
3061 4075 3175 4132 τοῖς
3225 4074 3666 4141 ἐπιγιγνομένοις
3700 4071 3786 4139 εἴη
3818 4073 4018 4139 πειρᾶ-

2425 4163 2551 4214 σθαι
2583 4165 2679 4232 τῆς
2708 4160 2838 4230 παρ’
2864 4163 3020 4230 ὑμῶν
3044 4163 3367 4233 εὐπραξίας.

751 4258 1102 4310 concordiam
1137 4257 1570 4325 culturos,quod
1599 4259 1686 4310 cui
1723 4257 1804 4310 vel
1827 4257 1880 4309 in
1907 4265 2141 4309 mentem
2169 4269 2326 4310 antea
2368 4255 2630 4309 venerat?
2659 4257 2761 4312 cz}.
2808 4255 2944 4321 haec,
2982 4257 3226 4325 inquam,
3289 4259 3484 4311 anima:
3517 4244 3766 4310 humana:
3789 4269 4017 4322 compa-

753 4364 874 4403 rare
898 4351 979 4403 tas
1015 4351 1135 4402 est?
1159 4349 1203 4403 Ο
1228 4351 1351 4416 quis
1380 4349 1495 4401 haec
1529 4347 1710 4399 omnia
1739 4346 1934 4400 cauet?
1955 4357 2115 4398 canet
2145 4356 2327 4398 autem
2369 4362 2436 4399 ex
2468 4346 2701 4399 merito?
2757 4345 2802 4400 Ο
2827 4350 2952 4416 quis
2983 4349 3099 4402 haec
3137 4348 3365 4402 auribus
3427 4363 3700 4413 usurpans
3730 4363 3841 4402 non
3882 4365 4015 4416 pro-

752 4446 899 4496 tinus
945 4441 1464 4505 excitaturanimo;
1541 4449 1705 4507 atque
1748 4437 1878 4490 dum
1943 4446 2228 4490 auctorem
2297 4453 2408 4507 prae
2447 4437 2705 4491 omnibus
2759 4439 3031 4493 laudando
3087 4441 3350 4494 extollere
3404 4451 3672 4502 conatur,
3728 4456 3838 4494 non
3886 4457 4014 4493 mox

751 4538 896 4589 \‘L‘lltl
950 4537 1175 4588 numine
1223 4533 1460 4602 quodam
1509 4532 1844 4591 instinctus.
1895 4530 2332 4585 obmutescendo
2399 4530 2634 4599 prodigii
2684 4531 2850 4598 hujus
2931 4534 3365 4602 magnitudinem
3419 4533 3695 4587 declarat?
3739 4534 3820 4586 Me
3877 4549 4014 4586 vero

751 4646 874 4681 cuin
905 4632 957 4681 in
996 4629 1209 4682 αδδιδι-ῖς
1245 4627 1543 4691 infelicem,
1572 4636 1688 4678 tum
1733 4625 1787 4677 in
1823 4625 1926 4678 boc
1955 4639 2066 4698 uno
2123 4624 2451 4692 prmsertim.
2517 4624 2662 4692 quod
2729 4627 2798 4680 ab
2866 4641 3096 4696 operum
3147 4628 3375 4680 istorum
3425 4627 3618 4681 absum
3657 4626 4010 4696 spectaculo;

751 4740 850 4775 nec
881 4739 1141 4792 pt'aLtsens,
1164 4736 1324 4788 quem
1364 4735 1458 4787 par
1485 4728 1621 4782 erat,
1650 4720 1716 4771 de
1746 4731 1898 4771 sacra
1928 4719 2030 4770 ista
2057 4717 2324 4785 dignitate
2368 4726 2484 4778 tua,
2514 4719 2675 4786 capio
2734 4720 2998 4774 fructum.
3038 4721 3242 4785 Quam
3274 4721 3436 4790 longo
3459 4736 3729 4773 annorum
3769 4722 4009 4773 circuitu

750 4831 950 4874 sartam
990 4829 1188 4871 tectam
1221 4817 1318 4867 tibi
1375 4829 1596 4866 manere
1628 4814 1879 4882 discupio
1913 4830 1924 4865 :
1954 4813 2119 4866 rebus
2167 4813 2425 4865 omnibus
2485 4814 2552 4866 ad
2618 4814 2781 4866 tinem
2844 4831 3017 4883 usque
3046 4817 3168 4869 vita:
3208 4831 3476 4884 prospero
3509 4825 3562 4867 et
3619 4817 3894 4867 cunsumti
3927 4829 4010 4868 ie-

753 4931 885 4968 nore
915 4907 1360 4982 procedentibus.
1409 4909 1565 4962 Salva
1618 4909 1746 4960 item
1801 4918 1854 4960 et
1923 4907 2215 4960 incolumis
2264 4907 2617 4976 imperatoria
2655 4908 2908 4976 majestas
2932 4909 3001 4960 sit
3066 4918 3228 4977 opto;
3298 4923 3420 4976 quae
3468 4922 3556 4960 res
3621 4907 3744 4960 dua:
3787 4907 3919 4962 solae
3953 4918 4009 4961 et

753 5023 942 5076 ιιι-ιιιιευ
973 5004 1352 5069 pulcherrima:
1379 5016 1510 5054 sane
1545 5007 1709 5062 sunt,
1745 5009 1801 5052 et
1829 5000 2036 5067 optime
2106 4998 2250 5052 inter
2295 5015 2352 5053 se
2392 5000 2748 5052 conveniunt.
2793 4999 2902 5052 Vos
2965 5013 3148 5052 aut-em
3195 5003 3304 5052 tata
3337 5001 3402 5053 ad
3434 5001 3816 5067 Argantbonii,
3849 5013 3906 5054 et
3959 5003 4006 5054 si

751 5103 877 5168 quis
921 5099 1060 5152 alius
1097 5099 1238 5150 ultra
1287 5109 1610 5150 communes
1673 5095 1773 5145 α’νὶ
1827 5097 2094 5146 teiiuinos
2142 5099 2365 5145 evectus
2431 5099 2536 5153 est,
2581 5103 2880 5151 senectam,
2919 5094 3106 5145 venire
3147 5092 3368 5155 sinant,
3420 5102 3585 5162 atque
3646 5095 3699 5145 in
3744 5093 4010 5147 secundis

753 5209 1021 5270 perpetuo
1055 5199 1239 5257 rebus.
1272 5205 1326 5250 et
1359 5195 1468 5258 bis,
1503 5201 1766 5262 quantum
1800 5190 1915 5244 ﬁeri
1950 5203 2131 5260 potest
2184 5192 2479 5243 maximum
2547 5190 2768 5243 assidue
2827 5189 3170 5258 capientibus
3226 5191 3649 5253 incrementum,
3685 5195 3916 5255 versari,
3947 5206 4007 5247 ut

753 5295 959 5365 posteri
983 5295 1147 5347 etiam
1199 5291 1451 5346 traditam
1489 5306 1516 5344 a
1553 5289 1709 5344 vobis
1737 5298 2204 5359 propagatamque
2231 5287 2585 5355 experiantur
2643 5287 2985 5342 felicitatem.
