4232 6432
764 386 871 461 399

1977 386 2293 449 TllEODU
2306 387 2375 448 ἰ]
2422 384 2773 447 ΜΟΝΑΟΠῘ

3906 382 4012 446 400

764 505 1109 574 'l‘apruhaue.
1158 519 1333 572 neque
1405 519 1540 572 quas
1596 504 1836 558 \‘iciuum
1900 506 2325 574 proximumque
2358 510 2435 563 Α·

2358 510 2403 563 Α
2433 504 2764 573 περατοῦται
2786 503 2831 554 δ’
2862 503 2917 563 ἐς
2944 501 3036 563 τὰς
3077 498 3435 569 Ἡρακλείους
3467 496 3696 567 στήλας·
3726 496 3868 550 οὕτω
3906 500 4012 567 γὰρ

768 597 1027 667 llyreanis
1073 597 1327 663 gentibus
1384 611 1528 650 mare
1596 596 1853 665 Caspium
1914 596 2093 658 habet,
2154 610 2331 663 neque

765 705 928 758 quam
974 690 1211 755 amplum
1248 696 1350 750 est,
1389 689 1535 757 quod
1578 704 1608 743 e
1663 691 1909 745 Gadibus
1968 688 2331 757 Herculisque

764 782 1040 835 columnis
1071 796 1391 848 erumpens,
1427 782 1491 834 ad
1550 781 1700 850 ipsos
1733 794 1906 851 usque
1960 781 2331 851 hyperboreos

764 875 993 944 Scythas
1042 873 1289 943 proxime
1318 874 1582 932 ascendit.
1612 873 1677 925 ad
1712 883 1861 927 tuam
1889 886 2021 927 vero
2043 872 2330 925 concludi-

763 979 851 1020 tur
907 967 1170 1037 Cyprum,
1216 968 1329 1019 sive
1357 966 1544 1019 verius
1595 981 1624 1019 a
1658 965 1835 1035 Cypro
1890 966 2104 1020 initium
2154 965 2327 1032 ducit,

762 1062 1056 1113 torminum
1083 1059 1149 1112 ad
1199 1059 1481 1112 columnas
1520 1058 1738 1127 accipit,
1797 1059 1878 1112 sic
1928 1059 2075 1113 enim
2132 1058 2331 1128 justius

760 1151 1153 1214 decentiusque
1186 1148 1493 1215 loquemur.
1533 1146 1746 1216 Quippe
1778 1160 1901 1201 cum
1955 1146 2065 1201 duo
2095 1145 2326 1199 extremi

762 1244 898 1297 ﬁnes
928 1240 1182 1295 cultioris
1206 1240 1369 1309 hujus
1400 1240 1684 1306 nostrique
1716 1239 1885 1294 maris
1920 1241 2050 1302 sint,
2088 1253 2323 1309 quorum

759 1336 915 1390 alteri
943 1336 1143 1387 famosa
1186 1341 1242 1385 ct
1272 1332 1471 1402 inclyta
1500 1332 1675 1386 insula
1704 1330 1917 1401 Cyprus
1946 1332 2324 1401 praetenditur,

756 1429 894 1482 alter
925 1426 1209 1479 llereulcis
1237 1424 1506 1479 columnis
1539 1422 1890 1487 describitur,
1918 1423 2007 1477 hic
2049 1438 2148 1492 ego
2208 1423 2324 1493 pri-

757 1537 873 1575 mas
893 1520 1090 1574 merito
1121 1519 1223 1572 sibi
1252 1517 1531 1571 vindicare
1558 1516 1953 1571 circumfusum
1978 1515 2159 1586 Cypro
2174 1531 2323 1569 mare

755 1623 970 1667 statuo:
1006 1609 1436 1679 atqueiudidem
1470 1625 1689 1663 omnem
1738 1610 1881 1663 illam
1937 1609 2172 1662 humida:
2227 1624 2324 1661 na-

756 1718 889 1759 tura:
918 1708 1023 1757 vim
1051 1714 1313 1763 exortam,
1344 1702 1407 1755 ad
1442 1701 1735 1756 Herculeas
1760 1715 1933 1770 usque
1984 1698 2186 1755 deferri
2219 1708 2326 1753 ter-

757 1798 1064 1865 minarique
1091 1796 1396 1857 columnas,
1428 1794 1609 1861 potius
1642 1793 1934 1848 dicendum
1972 1808 2090 1847 esse
2116 1834 2129 1853 .
2156 1808 2319 1860 quam

2435 596 2774 665 δικαιότερόν
2795 612 2854 647 τε
2884 595 2980 647 καὶ
3008 594 3444 661 εὐπρεπέστερον
3479 593 3658 659 λέγειν
3684 607 3698 621 ’
3733 590 3881 643 δυοῖν
3906 596 4013 660 γὰρ

2433 683 2603 736 ὄντων
2652 684 2839 753 ἄκρων
2866 683 2963 750 τῆς
2995 684 3202 753 ἡμέρου
3234 683 3438 751 ταύτης
3470 684 3563 734 καὶ
3596 681 3875 750 ἡμετέρας
3922 680 4014 733 θα-

2434 778 2658 848 λάττης,
2694 778 2788 829 καὶ
2817 778 2909 829 τοῦ
2942 776 3041 845 μὲν
3069 777 3165 843 τῆς
3200 774 3527 844 περιϐοήτου
3559 775 3656 827 καὶ
3698 775 4014 839 θαυμααίας

2433 871 2861 939 προκαθημένης
2910 868 3162 938 Κύπρου,
3194 866 3288 929 τοῦ
3319 868 3366 919 δ’
3400 868 3491 935 ὑφ’
3525 867 3868 938 Ἡρακλείων
3901 870 4016 936 ὁρι-

2431 960 2663 1028 ζομένου
2698 959 2927 1026 στηλῶν,
2978 954 3138 1029 νικᾷν
3169 957 3343 1025 ιγωγε
3374 959 3597 1027 τίθεμαι
3646 960 3715 1010 τα
3749 958 4016 1029 πρεσϐεῖα

2429 1050 2528 1119 τὴν
2559 1051 2689 1117 περὶ
2721 1050 2946 1119 Κύπρον
2971 1051 3116 1119 ἔχειν
3147 1051 3444 1114 θάλασσαν,
3483 1050 3578 1103 καὶ
3608 1050 3836 1102 αὐτόθεν
3874 1054 4010 1118 μᾶλ-

2430 1145 2522 1196 λον
2552 1144 2843 1214 ἡργμένην
2867 1144 2965 1212 τὴν
2998 1142 3124 1212 ὃλην
3152 1144 3359 1212 ταύτην
3388 1144 3568 1210 λέγειν
3601 1145 3773 1211 ὑγρὰν
3794 1146 4008 1207 eisin,

2428 1236 2558 1305 ἄχρι
2597 1237 2690 1287 καὶ
2714 1235 2770 1295 ἐς
2799 1236 2897 1297 τάς
2930 1234 3290 1305 Ἡρακλείους
3318 1236 3567 1288 κατιέναι
3603 1238 3696 1288 καὶ
3736 1239 4011 1303 περατςί-

2429 1326 2555 1379 σθαι
2614 1327 2835 1394 στήλας,
2891 1326 2925 1395 ἢ
2971 1326 3306 1382 τούναντίον.
3355 1328 3464 1379 Καὶ
3513 1326 3661 1379 τοῦτ’
3706 1324 3848 1379 εἶναι
3899 1332 4011 1390 τοῖς

2426 1417 2619 1488 ἄκροις
2644 1420 2847 1487 ἀμφοῖν
2862 1398 2935 1471 ⁸ἔκ
2962 1433 3024 1484 γε
3052 1416 3463 1487 τουνῦνὲφεξῆς
3494 1422 3695 1473 κανόνα
3723 1424 3813 1472 καὶ
3847 1422 4013 1489 νόμον

2426 1510 2603 1579 ἔγωγε
2652 1510 2795 1578 λέγω
2822 1527 2836 1540 ο
2877 1511 3122 1563 τίθεσθαι
3162 1510 3365 1579 δηλαδὴ
3411 1512 3510 1580 τὴν
3555 1512 3731 1581 ἀρχὴν
3775 1517 3838 1582 τῇ
3885 1514 4008 1565 καθ·

2423 1606 2575 1674 ἡμᾶς
2607 1604 2810 1672 ταύτης
2845 1603 3088 1676 θαλάττῃ
3118 1605 3181 1657 ἐκ
3214 1605 3465 1674 Κύπρου,
3498 1607 3591 1657 καὶ
3626 1610 3699 1676 μὴ
3732 1607 3793 1670 ἐξ
3834 1608 4012 1677 Ἥρι-

2427 1697 2621 1750 κλείων
2663 1696 2905 1766 στηλῶν·
2949 1696 3041 1749 καλ⁸
3077 1697 3186 1766 γὰρ
3216 1697 3316 1766 τὴν
3369 1699 3437 1749 τά
3466 1698 3644 1751 πάντα
3695 1699 4009 1768 βόσκουσαν

2426 1792 2581 1857 ἡλίου
2613 1790 2811 1859 φλόγα,
2841 1789 2943 1858 τὴν
2971 1789 3294 1857 πάγκοσμόν
3325 1808 3470 1861 φημι
3500 1792 3599 1860 τῆς
3628 1794 3838 1862 ἡμέρας
3869 1794 4012 1863 λαμ-

754 1901 943 1944 contra
975 1896 1126 1942 :lum
1155 1886 1298 1939 hanc
1327 1886 1491 1939 etiam
1526 1884 1743 1953 utrique
1778 1884 2017 1937 termino
2079 1882 2319 1959 regulam
2354 1864 2396 1918 Β

2354 1864 2396 1918 Β
2427 1883 2593 1943 πάδα,
2628 1882 2841 1961 ἐκεῖθεν
2867 1882 3182 1950 ἀρχομένην
3218 1880 3421 1949 ὁρῶσιν
3450 1882 3509 1946 ἐξ
3537 1884 3732 1946 αἰῶνος
3762 1882 4009 1947 ἅπαντες

750 1983 1040 2053 legemque
1086 1978 1319 2048 poSthac
1375 1977 1491 2031 fore
1518 1978 1780 2040 dixerim,
1820 1987 1880 2030 ut
1929 1986 2118 2030 nostro
2164 1975 2315 2028 vide-

752 2076 883 2129 licet
913 2071 1049 2125 mari
1082 2071 1149 2123 de
1177 2070 1379 2138 Cypro,
1411 2084 1519 2122 non
1541 2068 1861 2122 llerculanis
1882 2069 1990 2121 illis
2021 2067 2317 2132 columnis,

755 2167 976 2222 initium
1011 2164 1400 2218 constituatur.
1426 2161 1561 2215 Nam
1602 2172 1658 2215 et
1690 2161 1886 2214 almam
1941 2160 2083 2214 hanc
2132 2172 2317 2213 rerqu

752 2260 997 2315 omnium
1046 2258 1294 2312 altricem
1350 2254 1482 2310 solis
1536 2253 1832 2315 ﬂammam,
1866 2254 2029 2319 hanc,
2075 2254 2321 2322 inquam,

752 2352 961 2406 mundo
992 2350 1257 2404 universo
1283 2347 1485 2401 lumina
1515 2345 1846 2412 praebentem
1881 2344 2133 2399 diurnam
2187 2346 2321 2397 lam-

752 2446 977 2512 padem,
1002 2459 1069 2498 ex
1092 2443 1182 2496 illa
1202 2441 1325 2496 εωιί
1354 2440 1508 2510 plaga
1540 2453 1698 2493 suum
1742 2438 2019 2507 auspicari
2072 2435 2325 2491 curricu-

751 2540 1017 2603 lum,a3vo
1050 2535 1221 2602 omni,
1274 2547 1469 2587 omnes
1487 2530 1678 2585 videre
1707 2531 1998 2585 mortales:
2031 2545 2140 2600 qua
2168 2537 2322 2599 parte

749 2634 990 2704 Cyprum
1018 2630 1160 2684 Deus
1201 2626 1483 2697 plantavit,
1516 2623 1718 2694 quibus
1746 2624 1913 2678 etiam
1955 2622 2022 2677 de
2047 2622 2318 2692 partibus,

754 2726 898 2780 Solis
921 2725 1062 2794 ejus,
1090 2735 1255 2792 quem
1286 2718 1489 2774 mentis
1518 2716 2087 2772 duntaxatintuemur
2112 2715 2318 2778 oculis,

759 2813 1076 2871 Servatoris
1112 2811 1371 2865 videlicet
1421 2807 1595 2862 nostri
1627 2805 1744 2869 Dei,
1775 2805 2062 2860 familiaris
2114 2804 2322 2860 conde-

755 2906 1063 2964 scensionis
1110 2905 1294 2957 lumen
1350 2908 1704 2969 conspectum
1754 2897 1879 2960 fuit,
1910 2896 2155 2966 illudque
2207 2907 2322 2951 toto

752 3003 888 3055 orbe
919 2998 1185 3055 diffusum
1251 2994 1445 3064 gaudii
1501 2993 1842 3065 mysterium,
1880 2999 1940 3046 ut
1999 2990 2055 3045 in
2108 3000 2319 3046 tantum

749 3095 939 3164 utique
1003 3088 1368 3149 tenelirieosa,
1447 3095 1502 3140 et
1542 3085 1800 3147 obscura,
1850 3092 1906 3137 et
1935 3084 2323 3147 immansueta,

2427 1974 2728 2043 ἄνθρωποι.
2759 1973 2926 2027 Ὅθεν
2952 1976 2985 2041 ἡ
3030 1973 3254 2043 Κύπρος
3292 1974 3624 2043 πεφύτευται
3669 1976 3806 2045 πρὸς
3837 1978 4005 2041 Θεοῦ,

2430 2069 2537 2120 κάκ
2564 2066 2675 2119 τῶν
2704 2067 2884 2136 μερῶν
2912 2067 3137 2119 ἐκείνων
3163 2069 3298 2136 ἡμῖν
3348 2071 3441 2121 καὶ
3472 2070 3531 2120 τὸ
3559 2070 3656 2135 τῆς
3685 2069 3779 2122 τοῦ
3806 2072 4009 2139 ,νοητοῦ

2428 2160 2580 2224 ήλίου
2614 2160 2707 2213 καὶ
2740 2160 2988 2228 Σωτῆρος
3017 2158 3175 2227 ἡμῶν
3189 2158 3324 2212 Θεοῦ
3354 2161 3815 2228 συγκατασάσεως
3844 2162 4007 2234 ὤφθη

2430 2253 2568 2321 φῶς,
2605 2253 2699 2305 καὶ
2731 2251 2791 2304 τὸ
2820 2252 2918 2321 τῆς
2952 2254 3301 2320 παγκοσμίου
3337 2254 3513 2322 χαρᾶς
3547 2256 3886 2324 μυστήριον-
3927 2258 4005 2320 ὡς

2427 2342 2570 2399 εἶναι
2600 2345 2755 2415 παρὰ
2778 2342 3034 2397 τοσοῦτον
3067 2344 3142 2408 ὼς
3167 2345 3477 2425 ἀληθῶςιτὰ
3510 2348 3660 2417 παρα
3683 2347 3784 2411 τὰς
3827 2348 4005 2420 Ἦρα-

2427 2438 2639 2499 κλείους
2662 2435 2863 2506 στήλας
2891 2436 3030 2505 μέρη
3061 2438 3311 2490 σκοτεινὰ
3333 2439 3426 2491 καὶ
3444 2439 3671 2509 ἀλαμπῆ
3695 2442 3787 2493 καὶ
3805 2441 4002 2511 ἄγρια,

2426 2530 2668 2600 παρόσον
2696 2528 2765 2581 τὰ
2798 2528 2948 2598 παρά
2981 2528 3081 2597 τὴν
3129 2528 3352 2600 Κύπρον
3397 2530 3580 2602 ἥμερα
3614 2536 3707 2585 καὶ
3749 2536 4006 2605 προσηνῆ

2427 2627 2523 2677 καὶ
2549 2624 2865 2692 λάμπονταο
2898 2622 2990 2675 καὶ
3021 2622 3290 2693 τέρποντα
3330 2624 3402 2693 μὴ
3437 2625 3598 2693 μόνον
3633 2626 3881 2695 σώματα,
3921 2628 4007 2679 ὅτι

2432 2719 2507 2789 μὴ
2551 2720 2644 2770 καὶ
2692 2717 2871 2787 ψυχὰς
2903 2717 3071 2780 αύτάς
3122 2716 3243 2770 ὅσαι
3290 2719 3489 2786 νοερῶς
3525 2718 3713 2787 ὁρῶσι,
3747 2719 3815 2772 δι’
3855 2723 4006 2789 ἡμᾶς

2430 2811 2779 2879 σαρκωθέντα
2801 2810 2933 2864 Θεὸν
2951 2812 3141 2878 Λόγον,
3166 2815 3260 2864 καὶ
3284 2812 3523 2867 παθόντα
3543 2816 3636 2867 καὶ
3668 2815 4007 2882 ἀναστάντα,

2431 2904 2528 2956 καὶ
2556 2902 2845 2956 συνελόντα
2875 2903 3043 2971 φάναι
3064 2945 3079 2969 ,
3113 2904 3339 2958 τοσοῦτο
3377 2905 3602 2976 βελτίων
3628 2907 3735 2959 τῶν
3764 2910 4008 2961 δυτικῶν

2430 2999 2497 3053 τὰ
2522 2997 2693 3052 ἒωθέν
2725 3014 2786 3050 τε
2809 2998 2902 3050 καὶ
2935 2998 2999 3051 ὲκ
3029 2997 3279 3066 Κύπρου,
3313 2998 3438 3050 ὅσον
3471 2999 3703 3066 ἀλήθεια
3731 3000 3962 3068 ᾥεύδους
3989 3020 4003 3032 ο

2431 3093 2481 3145 εί
2520 3092 2629 3161 γὰρ
2647 3093 2714 3143 τὰ
2741 3090 2963 3158 μυθώδη
2996 3092 3174 3144 πάντα
3213 3091 3443 3159 ψεύδους
3474 3092 3748 3155 ἀπόζοντα
3782 3094 4003 3160 γέλωτα

750 3200 871 3253 quae
893 3182 966 3236 ad
994 3181 1277 3233 columnas
1301 3176 1600 3230 Herculeas
1621 3174 1722 3228 sita
1767 3183 1918 3237 sunt,
1948 3190 2071 3229 esse
2103 3189 2327 3229 necesse
2350 3176 2395 3240 C

2350 3176 2395 3240 C
2428 3178 2825 3252 ὁφλισκὰνει,ἦ
2853 3199 2955 3234 που
2983 3182 3050 3235 τὰ
3068 3182 3403 3251 Ἡρακλέους
3435 3184 3649 3237 ἅπαντα
3690 3186 3881 3253 μύθοις
3912 3190 4008 3239 καὶ

750 3282 855 3339 sit,
898 3277 953 3328 in
995 3283 1259 3343 quantum
1309 3269 1491 3339 Cypro
1547 3263 1808 3331 ﬁnitima,
1861 3275 1918 3320 et
1976 3267 2316 3322 humanitate

752 3375 1076 3438 temperata,
1100 3374 1154 3419 et
1176 3363 1352 3423 mitia,
1382 3369 1437 3414 et
1469 3358 1669 3413 illustri
1731 3358 1951 3428 perfusa
2004 3359 2129 3413 luce
2160 3370 2312 3427 sunt,

750 3463 996 3529 adeoque
1047 3472 1156 3510 non
1186 3467 1418 3523 corpora
1466 3450 1631 3505 modo
1691 3451 1983 3515 delectant,
2022 3451 2118 3506 sed
2172 3452 2316 3521 ipsas

748 3556 912 3610 etiam
964 3550 1212 3604 animas:
1276 3553 1550 3616 quotquot
1598 3550 1783 3597 mente
1844 3550 1901 3596 et
1955 3543 2313 3612 intelligentia

754 3648 923 3698 lteum
951 3642 1276 3695 Sermonem
1310 3644 1493 3691 nostra
1555 3633 1751 3705 gratia.
1810 3643 2086 3701 assumpta
2148 3634 2317 3687 carne

750 3740 1023 3800 indutum,
1048 3742 1102 3789 et
1148 3730 1418 3801 supplicio
1444 3726 1723 3789 allectum,
1756 3726 1881 3780 etin
1911 3727 2080 3779 vitam
2107 3741 2321 3796 regres—

750 3848 898 3895 sum,
931 3837 1190 3882 cernunt.
1227 3823 1297 3878 Ut
1344 3820 1533 3892 paucis
1563 3819 1727 3889 igitur
1769 3817 2069 3882 absolvam,
2107 3825 2318 3873 tantum

2422 3275 2737 3345 πλάσμασιν
2779 3273 3114 3343 ὲρειδόμενα,
3144 3274 3358 3341 γέλωτα
3413 3291 3473 3327 τε
3527 3275 3847 3344 ὀφλισκάνει
3894 3298 4004 3347 μα-

2423 3366 2577 3435 κρὸν,
2628 3366 2725 3418 καὶ
2784 3364 2985 3435 χλεύην
3045 3367 3264 3418 ἃπασαν
3309 3366 3667 3434 ὲπισύρεται’
3708 3370 3848 3422 ὥστε
3898 3370 4005 3421 πνῦ

2420 3457 2529 3510 τῶν
2588 3459 2811 3509 εἰκότων
2852 3458 2922 3510 τὰ
2952 3456 3122 3526 ψευδῆ
3171 3459 3284 3510 τῶν
3312 3458 3529 3528 ἀληθῶν
3578 3462 3851 3530 ἡγεῖσθαι,
3904 3467 4001 3514 καὶ

2422 3546 2458 3600 ἃ
2486 3548 2718 3614 γέλωτος
2747 3548 2990 3615 πέφυκεν
3034 3548 3180 3612 ἄξια,
3223 3548 3331 3601 τῶν
3371 3550 3725 3616 ύμνουμένων
3758 3556 3851 3605 καὶ
3891 3573 4004 3621 μα-

2425 3641 2803 3711 καριζομένων
2862 3641 3089 3711 ἆρχειν;
3155 3639 3313 3696 Οὕτω
3372 3643 3711 3713 πανταχόθεν
3769 3649 4005 3710 εἰκότως

2424 3735 2458 3803 ἡ
2528 3732 2594 3804 σὴ
2641 3733 2701 3786 τὸ
2762 3734 2968 3787 δίκαιον
3009 3734 3123 3805 ἔχει
3171 3734 3399 3807 Κύπρος
3436 3738 3503 3790 τὰ
3549 3741 3790 3809 πρωτεῖα
3838 3741 4005 3810 κομί-

2429 3823 2643 3886 ζεσθαι.

750 3919 1187 3979 occidentalibus
1214 3913 1530 3982 regionibus
1547 3911 1793 3966 bonitate
1817 3912 2117 3966 orientales
2148 3922 2203 3967 et
2242 3913 2453 3985 Cypriae
2484 3925 2769 3985 praestant,
2797 3928 3063 3987 quantum
3086 3920 3288 3975 veritas
3322 3920 3627 3977 mendacio.
3663 3921 4004 3983 Nimirumsi

751 4016 996 4080 fabulosa
1015 4026 1136 4081 qua:
1170 4006 1514 4063 mendacium
1535 4004 1805 4070 redolent,
1831 4006 2015 4059 omnia
2042 4006 2211 4062 risum
2246 4010 2441 4066 merito
2463 4013 2685 4079 debent,
2730 4014 2919 4082 utique
2961 4022 3018 4066 et
3053 4012 3300 4068 Herculis
3319 4014 3561 4067 facinora
3578 4015 4009 4087 omnia,quippe

749 4109 949 4163 fabulis
981 4103 1366 4173 figmentisque
1390 4098 1670 4161 innixa,'et
1687 4113 1912 4167 magnos
1935 4109 2213 4155 merentur
2232 4102 2393 4171 risus,
2418 4104 2881 4161 etomneludibrii
2901 4120 3073 4174 genus
3088 4105 3233 4159 ultro
3257 4105 3489 4160 invitant
3509 4115 3669 4171 atque
3694 4110 4005 4165 attrahunt.

747 4208 920 4268 Quam
976 4199 1159 4266 itaque
1214 4193 1500 4262 indignum
1562 4188 1881 4245 fueritfalsa
1927 4205 1982 4246 et
2043 4197 2304 4248 ementita
2343 4207 2469 4252 ante
2529 4214 2660 4253 vera
2721 4214 2842 4254 esse
2888 4214 2904 4251 :
2946 4208 3002 4252 et
3062 4212 3184 4267 quae
3241 4197 3353 4251 risu
3407 4212 3474 4251 ex
3524 4213 3583 4252 se
3628 4201 3789 4271 digna
3846 4216 4002 4259 sunt.

745 4298 1051 4368 principem
1119 4292 1259 4345 inter
1304 4304 1369 4342 ea
1404 4298 1593 4341 tenere
1656 4286 1863 4351 locum,
1918 4304 2039 4358 qua:
2088 4293 2321 4347 summis
2393 4301 2661 4346 ornantur
2718 4291 2995 4356 laudibus,
3068 4302 3124 4345 et
3185 4292 3240 4346 in
3297 4292 3629 4349 beatissimis
3682 4295 4005 4349 habentur"

743 4393 894 4446 Adeo
918 4403 1046 4442 sane
1075 4380 1225 4435 omni
1255 4396 1322 4434 ex
1353 4388 1507 4448 parte
1548 4377 1899 4432 meritissime
1935 4394 2094 4433 suum
2133 4381 2315 4451 Cypro
2348 4392 2454 4438 tua:
2478 4385 2567 4455 jus
2598 4395 2833 4448 constat,
2868 4394 2927 4439 ut
2960 4387 3165 4455 primas
3215 4384 3330 4454 ipsa
3363 4385 3505 4439 ferre
3555 4388 3749 4442 debeat
3796 4402 4001 4457 partes-

814 4484 877 4537 ll.
910 4484 1085 4549 Atque
1103 4481 1218 4533 haec
1248 4479 1468 4547 quidem
1498 4475 1805 4538 commoda,
1825 4472 1975 4527 nullo
2007 4474 2330 4527 administro

2509 4474 2583 4530 B'.
2600 4479 2715 4554 ,Καὶ
2731 4477 2903 4530 ταῦτα
2940 4480 3039 4547 μὲν
3068 4480 3288 4549 ἀμέσως
3307 4482 3372 4533 ἐκ
3398 4481 3535 4535 Θεοῦ
3561 4484 3768 4549 τάγαθὰ
3789 4484 4002 4549 Κύπρῳ

749 4575 1104 4637 internicdio,
1168 4572 1329 4627 unice
1362 4586 1390 4623 ιι
1458 4570 1570 4623 Deo
1628 4568 1820 4623 insula:
1868 4566 2048 4637 Cypro
2104 4569 2392 4635 dudumD

2338 4575 2392 4635 Ι)
2420 4570 2484 4636 τῇ
2520 4568 2669 4638 νήσῳ
2716 4570 3143 4640 προῦπάρχοντα
3175 4574 3461 4640 φαίνεται’
3499 4574 3534 4627 ἃ.
3561 4575 3608 4628 δ’
3642 4577 3705 4627 ἐκ
3740 4574 3876 4628 θεοῦ
3912 4577 4004 4629 διὰ

747 4669 947 4722 tributa
997 4667 1254 4719 fuerant:
1314 4678 1435 4731 quae
1461 4677 1560 4730 per
1605 4670 1656 4715 te
1690 4676 1839 4721 vero,
1891 4668 1947 4714 et
1975 4668 2199 4728 propter
2239 4670 2311 4722 te,

746 4760 1013 4826 optimum
1079 4756 1191 4809 Deo
1243 4764 1522 4823 repertum
1577 4752 1915 4815 ministrum,
1949 4752 2061 4805 Deo
2091 4744 2314 4805 auctore

746 4856 1118 4908 accesserunt,
1152 4855 1207 4901 et
1242 4845 1586 4915 postmodum
1617 4844 1830 4915 adjecta
1883 4852 2037 4907 sunt,
2073 4845 2197 4913 quis
2213 4860 2315 4913 pro

750 4948 907 4997 fama:
960 4926 1336 5009 magnitudine
1367 4937 1528 5008 digne
1582 4938 1717 4991 satis
1766 4937 2146 4992 enarraverit?
2179 4938 2318 4990 Ilur-

750 5050 848 5088 sus
872 5033 1000 5103 quis
1028 5046 1135 5085 non
1169 5044 1268 5099 pro
1295 5029 1562 5098 dignitate
1598 5042 1714 5082 rem
1750 5027 1939 5081 verbis
1998 5039 2315 5093 exsecutus,

749 5142 857 5180 non
898 5135 1044 5178 totus
1071 5123 1279 5192 pudore
1324 5120 1734 5176 confundatur?
1793 5134 1979 5175 coram
2055 5122 2314 5174 nimirum

748 5217 895 5271 illico
915 5225 1120 5269 etaute
1153 5213 1343 5266 oculos
1378 5220 1751 5277 prasentanea
1796 5210 2010 5279 objecta
2067 5210 2318 5263 confuta-

749 5310 919 5362 tione.
970 5305 1185 5374 Quippe
1243 5301 1523 5372 injustitire
1574 5301 1757 5357 omnis
1821 5301 2177 5355 fundamenta
2250 5300 2318 5355 de

752 5401 929 5455 insula
956 5394 1361 5458 exterminasti,
1386 5408 1506 5463 qua:
1536 5393 1775 5463 undique
1803 5409 1869 5448 ex
1913 5394 2002 5447 illa
2052 5393 2319 5448 evelleras

748 5491 1113 5558 funditusque
1144 5486 1476 5541 sustuleras.
1517 5484 1669 5539 Illius
1695 5495 1879 5539 autem
1906 5487 2027 5541 loco
2052 5486 2276 5540 iutrodu
2297 5513 2321 5526 -

749 5593 888 5637 ctam
952 5581 1245 5649 justitiam,
1288 5579 1340 5631 in
1370 5579 1589 5631 domum
1629 5577 2158 5646 familiaritatemque
2190 5577 2316 5630 iuti-

751 5664 1198 5740 n:am'recepisti,
1224 5682 1284 5725 ut
1316 5687 1437 5740 qua:
1466 5686 1599 5738 apex
1646 5671 1933 5733 virtutum,
1970 5680 2134 5740 atque
2165 5672 2316 5725 radix

745 5780 803 5823 et
833 5768 1246 5822 fundamentum
1269 5764 1527 5819 concinni
1556 5764 1768 5818 ordinis
1792 5774 1896 5824 est,
1917 5765 2035 5835 ejus
2057 5767 2313 5831 maxime,

746 5859 841 5930 qui
899 5859 1065 5913 rebus
1128 5856 1361 5926 publicis
1430 5866 1682 5910 ornatum
1748 5854 1927 5919 affert,
1990 5860 2314 5927 craticiisque

2419 4659 2515 4711 σοῦ
2560 4659 2773 4713 καὶδιά
2810 4662 2869 4713 σὲ
2915 4664 3204 4728 κράτιστον
3237 4664 3516 4736 ὑπηρέτην
3546 4668 3848 4735 εὑρημένον
3882 4670 4003 4735 Θεῷ

2419 4752 2749 4819 προσγέγονέ
2772 4770 2831 4805 τε
2855 4753 2948 4804 καὶ
2969 4754 3277 4820 ἐπεγένετο,
3300 4757 3382 4818 τίς
3402 4757 3469 4809 ἂν
3499 4756 3664 4821 ἀξίως
3691 4760 3785 4825 τῆς
3809 4765 4002 4828 φῇμης

2417 4841 2592 4894 εἰπεῖν
2635 4843 2888 4914 δυνηθείη
2914 4861 2929 4911 ;
2959 4846 3043 4909 τίς
3072 4846 3115 4899 δ’
3159 4848 3258 4900 οὐκ
3295 4848 3463 4914 ἀξίως
3486 4850 3656 4903 εἰπὼν
3685 4851 3783 4904 οὔκ
3818 4853 3883 4903 ἂν
3914 4855 4003 4903 αἰ-

2420 4934 2716 5006 σχυνθείη;
2757 4938 2849 4988 τὶν
2878 4938 3075 4991 αὐτίκα
3110 4938 3333 5009 ἔλεγχον
3366 4940 3505 5010 ἔχων
3551 4945 3656 5015 πρὸ
3698 4943 4002 5011 ὀφθαλμῶν

2418 5025 2855 5093 ἀνθιστάμενον·
2898 5030 3109 5092 ἀδικίας
3162 5033 3262 5100 μὲν
3306 5033 3415 5103 γὰρ
3452 5034 3669 5101 ἀπάσης
3722 5036 3999 5105 κρηπῖδας

2419 5121 2517 5189 τῆς
2558 5122 2724 5191 νήσου
2752 5121 3041 5191 ὲξὼρισας,
3070 5127 3408 5195 πανταχόθεν
3438 5127 3605 5195 αὐτῆς
3642 5127 3869 5195 ἀνελὼν,
3902 5132 3999 5181 καὶ

2418 5212 2716 5282 ἀφανισμῷ
2738 5216 2994 5268 παντελεῖ
3010 5217 3304 5285 παραδούς*
3335 5218 3684 5287 δικαιοσύνην
3716 5219 3760 5273 δ’
3780 5222 3999 5273 ἀντείσ-

2418 5305 2658 5375 ήνεγκάς
2704 5321 2761 5358 τε
2778 5310 2871 5359 καὶ
2897 5308 3169 5377 είσῳκίσω
3191 5310 3281 5362 καὶ
3307 5310 3589 5380 ᾠκειὼσω,
3610 5313 3703 5364 ᾶτε
3720 5312 3782 5365 τὰ
3804 5312 3999 5383 πρῶτα

2420 5395 2696 5464 φέρουσαν
2710 5395 2819 5448 τῶν
2840 5396 3022 5449 καλῶν
3045 5401 3136 5451 καὶ
3166 5397 3323 5469 ῥίζαν
3345 5401 3440 5452 καὶ
3462 5400 3710 5469 θεμέλιον
3737 5402 3997 5468 εὐταξίας

2418 5482 2604 5547 οὖσαν,
2634 5485 2733 5554 ὂση
2764 5487 2863 5548 τὰς
2892 5486 3168 5551 πολιτείας
3197 5491 3392 5557 κοσμεῖ
3428 5491 3523 5541 καὶ
3578 5491 3847 5559 ἁρμονίαν
3880 5495 3995 5553 τοῖς

2418 5576 2779 5645 ἀνθρωπίνοις
2816 5578 3057 5648 ἐντίθησι
3091 5580 3384 5649 πράγμασι
3418 5584 3611 5646 πᾶσιν,
3641 5584 3704 5635 ού
3736 5584 3880 5653 λόγῳ
3905 5587 4001 5653 μό-

2420 5689 2507 5723 νον
2538 5672 2634 5739 τῆς
2669 5674 2873 5742 ἀρετῆς
2909 5674 3131 5742 κοσμῶν
3183 5678 3240 5725 τὸ
3285 5673 3506 5742 σεμνὸν,
3551 5676 3645 5738 τὰς
3681 5678 3779 5739 τῆς
3814 5677 4001 5729 δικαιο

2422 5766 2587 5835 σύνης
2618 5767 2820 5835 δηλαδὴ
2852 5766 3187 5835 πλάττιγγας
3212 5770 3306 5821 καὶ
3332 5769 3439 5821 τῶν
3472 5770 3727 5822 τοιούτων
3755 5773 4000 5823 κανόνων

2422 5861 2481 5912 τὸ
2510 5862 2645 5930 ἁρῤε
2660 5860 2771 5922 πὲς,
2802 5859 2938 5913 ἀλλά
2971 5862 3062 5915 καὶ
3097 5862 3322 5928 πράξεσι
3358 5863 3724 5932 καταλλήλαις
3756 5863 3995 5931 βεϐαιῶν
