4232 6432
271 411 373 472 ιθι

1398 422 1786 483 LAUDATIO
1828 426 2061 489 REGIS
2096 428 2287 490 CYI’ll
2302 431 2345 493 Ι.

3434 429 3544 495 40.2

268 527 374 595 τὴν
401 526 700 597 εὐκοσμίαν
732 528 839 581 τῶν
872 528 1065 598 λόγων,
1102 530 1364 593 δικαστὰς
1417 534 1517 602 μὲν
1563 534 1861 605 ἐπιστήσας

1971 540 2227 596 immanis
2252 544 2486 613 negotiis
2536 558 2696 597 suum
2728 540 2972 611 impertit
2997 549 3367 598 concentum;
3426 553 3538 590 non

268 620 396 672 κατ’
428 617 657 690 ἐκλογὴ)
680 620 808 685 τοὺς
842 622 1123 692 ἀρίστους,
1151 623 1398 692 φύλακας
1424 627 1519 678 καὶ
1548 629 1857 697 προστάτας

266 715 369 782 τῆς
407 717 691 785 ἰσηγορίας
732 733 793 768 τε
825 719 919 769 καὶ
966 718 1269 787 ἰσονομίας,
1323 718 1399 782 ὡς
1433 719 1508 789 μὴ
1539 718 1679 789 λάθῃ
1707 720 1861 789 διαρ-

270 807 404 875 ρυὲν
431 794 493 860 τὸ
524 809 805 879 συμφέρον
825 825 842 842 ο
876 810 1225 881 ’ἀγορανόμοι
1248 828 1306 863 τε
1346 812 1440 863 καὶ
1473 812 1730 880 ὀψονόμοι
1767 811 1861 864 καὶ

268 901 587 954 δικασπόλοι
618 902 882 971 διηνεκῶς
914 904 1163 973 περιίασι
1185 904 1282 966 τάς
1315 904 1524 974 ἀγορὰς
1552 905 1650 957 καὶ
1682 906 1862 958 πᾶσαν

267 997 375 1065 τὴν
400 996 587 1066 νῆσον,
618 997 807 1066 ἔφοροι
822 997 932 1051 τῶν
948 998 1128 1051 ὠνίων
1146 1000 1240 1051 καὶ
1263 998 1543 1067 πράσεων,
1574 999 1668 1052 καί⁵
1686 1015 1861 1068 φρους

270 1092 360 1157 ροὶ
389 1093 490 1160 τῆς
515 1092 672 1159 δίκης
702 1090 982 1161 ἀκάματοι
1004 1107 1017 1121 ·
1052 1091 1356 1162 ταξιάρχας
1373 1108 1433 1144 τε
1466 1091 1560 1144 καὶ
1578 1092 1678 1160 τῆς
1708 1093 1862 1143 εὐνοο

269 1183 403 1252 μίας
426 1184 704 1252 διοικητὰς
726 1182 800 1252 μὴ
822 1186 999 1252 μόνων
1011 1184 1117 1237 τῶν
1134 1185 1414 1254 δημοσίων
1433 1183 1705 1253 πράξεων,
1723 1182 1859 1237 ἀλλά

267 1277 370 1328 καὶ
404 1275 515 1328 τῶν
535 1277 592 1327 ἐν
622 1276 737 1339 τοῖς
765 1276 960 1346 δήμοις
984 1276 1132 1347 ἠθῶν
1167 1278 1262 1330 καὶ
1283 1275 1458 1344 λόγων
1498 1278 1593 1329 καὶ
1620 1276 1858 1346 τρόπων,

268 1369 350 1430 ὡς
380 1368 447 1422 ἀν
482 1370 814 1440 μαραίνηται
842 1370 941 1438 μὲν
976 1370 1071 1423 καὶ
1092 1372 1203 1439 ἀπῇ
1226 1369 1294 1423 τὰ
1319 1368 1603 1435 κακά,ὄσα
1638 1371 1738 1436 τὴν
1755 1366 1848 1421 τοῦ

266 1461 506 1528 ψεύδους
527 1463 640 1532 ἔχει
664 1464 995 1532 προπέτειαν
1017 1464 1435 1532 καὶὲπιορκίαν,
1471 1460 1641 1531 θάλλῃ
1674 1462 1728 1513 δὲ
1764 1464 1859 1513 καὶ

268 1552 409 1621 ἁνῐιῇ
438 1553 504 1603 τὰ
529 1553 687 1607 καλά’
714 1554 981 1624 σεμνότης
1001 1553 1171 1623 ἠθῶν,
1203 1555 1296 1606 καὶ
1322 1554 1497 1621 λόγων
1518 1553 1815 1606 εὐστάθεια
1842 1567 1857 1582 ⁸

268 1642 371 1693 καὶ
399 1642 647 1712 γλώττης
686 1640 1251 1715 εὐσχήμωνάλήθεια
1276 1646 1404 1714 περὶ
1432 1646 1615 1697 πᾶσαν
1646 1643 1747 1712 τὴν
1765 1642 1861 1711 νῆ-

269 1752 389 1800 σον,
409 1736 658 1805 καθάπερ
688 1736 825 1806 ἄνθη
852 1737 974 1791 κατ’
1000 1738 1204 1807 ἀγροὺς
1221 1738 1318 1791 καὶ
1347 1737 1583 1805 ζέφυρος
1605 1737 1663 1788 ὲν
1688 1734 1858 1804 θέρει,

266 1826 545 1897 τέρποντα
582 1830 675 1882 καὶ
715 1830 841 1883 νοῦν
871 1832 967 1884 καὶ
996 1831 1155 1897 λόγον
1196 1832 1291 1884 καὶ
1329 1829 1585 1900 αἴσθησιν
1620 1844 1858 1897 περιφα-

1969 633 2120 688 enim
2151 635 2488 690 verbotcuus
2513 638 2779 689 duntaxat
2806 634 3030 687 virtutis
3083 632 3250 700 hujus
3269 631 3542 684 excellen-

1967 726 2097 780 tiam
2129 744 2314 787 ornas.
2371 729 2559 783 lances
2620 728 2766 782 illius
2832 727 3115 788 nimirum,
3163 733 3218 779 ct
3277 722 3541 792 ejusmodi

1968 819 2302 873 trutinarum
2410 838 2683 893 nusquam
2758 825 3116 879 inclinantem
3176 822 3537 878 constantiam

1965 913 2379 973 commendans,
2408 931 2602 971 verum
2628 917 2791 971 etiam
2820 917 3047 986 pulchre
3080 914 3544 970 convenientibus

1963 999 2279 1055 actionibus
2330 1002 2599 1058 honoram
2649 1005 2953 1058 orationem
3016 1003 3367 1073 coznprolms,
3409 1002 3539 1053 dum

1963 1091 2078 1146 acri
2112 1094 2311 1147 dilectu
2409 1097 2649 1165 optimos
2709 1112 2958 1167 quosque
3030 1096 3206 1149 civilis
3271 1092 3543 1148 libertatis

1960 1182 2214 1251 iurisque
2251 1186 2580 1254 aaqualitatis
2622 1188 2882 1241 custodes
2926 1204 2988 1244 ac
3030 1189 3289 1258 przesides
3318 1186 3425 1255 jnri
3460 1184 3543 1237 di-

1964 1274 2145 1328 cundo
2178 1276 2429 1344 praeficis,
2468 1294 2535 1333 ne
2575 1295 2672 1348 per
2724 1281 2993 1335 incuriam
3046 1281 3279 1336 fortasse
3330 1281 3535 1335 diﬁluat

1965 1366 2226 1433 paulatim
2250 1370 2529 1440 egregium
2576 1372 2891 1440 publicum,
2952 1384 3065 1429 tum
3125 1374 3315 1429 aediles
3377 1376 3539 1429 etiam

1965 1468 2019 1511 et
2051 1460 2259 1514 macelli
2290 1462 2477 1531 reique
2525 1464 2901 1519 lrurnentarire
2932 1466 3195 1536 pncfecti,
3252 1477 3303 1521 ct
3342 1476 3544 1536 prado-

1969 1566 2061 1605 res
2082 1552 2541 1624 quaesitoresque,
2594 1555 2710 1609 [ora
2734 1559 2917 1611 omnia
2945 1574 3280 1627 omnemque
3306 1558 3543 1612 insulam

1968 1655 2237 1713 perpetuo
2278 1647 2509 1714 obeunt,
2541 1650 3029 1704 mercimoniorum
3087 1662 3252 1720 atque
3297 1645 3565 1719 negotia?

1968 1742 2179 1794 tionum
2269 1742 2487 1810 arbitri,
2545 1754 2601 1800 et
2656 1746 2917 1801 indefessi
2989 1747 3216 1817 iustitia:
3265 1746 3545 1801 vindices:

1967 1833 2435 1890 adhaeeordiuum
2504 1838 2635 1893 item
2691 1839 3069 1893 moderatores
3174 1838 3428 1908 praeficis,
3494 1849 3550 1893 et

267 1919 401 1980 νὼς.
432 1916 601 1987 υἷμαι
626 1920 683 1974 δὲ
727 1922 818 1973 καὶ
858 1922 1084 1975 Πλάτων
1119 1925 1166 1974 εί
1200 1920 1422 1989 περιῆν,
1456 1898 1773 1990 ἐμιμήσατό
1802 1932 1861 1969 σε

1968 1928 2109 1995 aequi
2146 1943 2209 1983 ac
2251 1928 2439 1984 decori
2470 1940 2779 1996 curatores,
2836 1946 2944 1985 non
2998 1931 3344 2000 publicarum
3384 1931 3547 1985 modo

266 2011 362 2074 ἂν,
397 2018 491 2064 καί
531 2014 788 2083 ἠγάπησε
818 2014 919 2083 τὴν
953 2014 1052 2085 σὴν
1081 2016 1315 2084 ταυτηνὶ
1349 2015 1627 2066 πολιτείαν
1659 2012 1862 2083 μᾶλλον

267 2104 300 2173 ῆ
341 2108 444 2167 τὴν
473 2104 623 2173 αὐτῷ
649 2106 1107 2174 νομοθετηθεῖσαν
1127 2105 1301 2159 πάλαι
1327 2123 1341 2138 ο
1370 2106 1463 2157 καὶ
1494 2104 1589 2157 τοῦ
1619 2102 1862 2173 συνεχῶς

268 2200 349 2261 είς
388 2198 648 2251 Σικελίαν
683 2200 958 2270 ἀφέμενος
1008 2200 1186 2262 πλεῖν,
1241 2197 1399 2250 ἔπλει
1435 2197 1503 2250 ἂν
1548 2196 1751 2265 μᾶλλον
1780 2196 1862 2256 είς

266 2291 501 2362 Κύπρον
534 2293 699 2348 ’ἐιεκα
737 2293 831 2348 σοῦ
862 2296 957 2349 καὶ
984 2295 1084 2365 τῆς
1120 2294 1221 2362 σῆς
1256 2292 1531 2353 πολιτείας
1556 2306 1616 2343 τε
1645 2291 1741 2341 καὶ
1768 2304 1860 2340 νο-

269 2386 561 2453 μοθεσίας.

1971 2036 2155 2074 rerum
2187 2033 2353 2092 atque
2385 2024 2687 2089 actionum,
2749 2025 2843 2080 sed
2898 2025 2952 2079 in
2982 2022 3113 2094 ipsis
3169 2025 3335 2079 etiam
3377 2040 3549 2095 popu-

1964 2112 2030 2167 lis
2056 2116 2483 2169 occurrentium“
2503 2117 2859 2172 aﬂ'cctionum
2878 2117 3320 2186 studiorumque,
3345 2126 3401 2171 et
3431 2134 3548 2171 ser-

1965 2221 2213 2270 monum,
2244 2217 2300 2261 et
2334 2224 2570 2275 morum,
2608 2225 2806 2280 nempe
2840 2224 2901 2266 ut
2946 2218 3281 2266 evanescant
3331 2209 3551 2279 penitus

1963 2294 2367 2365 exiganturque
2403 2298 2567 2362 mala,
2601 2314 2946 2370 qumcunque
2979 2298 3254 2353 mendacii
3324 2298 3549 2352 temeri-

1973 2395 2141 2439 tatem
2170 2387 2678 2460 pejerationemque
2707 2390 3019 2458 adiunctam
3054 2390 3281 2453 habent,
3334 2390 3546 2458 vigeant

265 2495 457 2538 autem
515 2482 857 2557 ﬂureantque
890 2486 1033 2541 bona
1082 2485 1359 2539 :bonesta
1413 2479 1677 2536 nimirum
1714 2491 1930 2532 morum
1987 2479 2249 2549 gravitas,
2309 2492 2365 2538 et
2420 2483 2692 2539 dictorum
2761 2485 2918 2552 lides,
2978 2500 3041 2539 ac
3114 2483 3441 2545 constantia,
3497 2486 3547 2535 οι

270 2574 479 2628 decora
528 2575 726 2646 linguae
780 2578 1016 2643 veritas;
1053 2576 1243 2647 [idque
1320 2590 1420 2644 per
1469 2580 1643 2626 totum
1706 2568 1897 2623 insula:
1954 2569 2243 2637 ambitum,
2324 2573 2469 2629 haud
2523 2577 2682 2631 aliter
2728 2593 2892 2647 quam
2958 2578 3013 2631 in
3074 2578 3223 2647 agris
3275 2577 3457 2641 liores,
3496 2578 3547 2627 in

270 2677 471 2723 aestate
503 2670 729 2739 zephyri
767 2670 978 2741 vigent,
1039 2687 1161 2739 quae
1204 2682 1259 2725 et
1312 2668 1522 2729 animo,
1591 2675 1648 2719 et
1715 2662 2090 2727 sermonibus,
2145 2674 2201 2720 ct
2256 2668 2513 2724 sensibus
2555 2669 2993 2724 luculentissima
3048 2672 3267 2740 pariunt
3308 2670 3550 2724 oblecta-

274 2775 489 2819 menta.
558 2765 827 2832 Quocirca
880 2777 937 2822 et
1002 2768 1291 2822 Platonem
1357 2766 1560 2834 ipsum,
1631 2760 1677 2814 si
1716 2756 1880 2813 hodie
1913 2757 2202 2815 nobiseum
2282 2774 2491 2833 ageret,
2531 2776 2583 2820 te
2632 2766 3000 2829 imitaturum,
3079 2776 3337 2834 tuamque
3389 2766 3547 2821 istam

268 2858 672 2928 rempublicam
712 2861 999 2932 illi,quam
1039 2862 1156 2917 suis
1185 2861 1299 2931 ipse
1321 2858 1535 2929 legibus
1601 2852 1731 2907 olim
1790 2850 2178 2919 descripserat,
2233 2856 2678 2927 antepositurum
2756 2859 3107 2925 crediderim,
3172 2870 3337 2929 atque
3413 2859 3550 2912 adeo

268 2954 364 3008 illa
403 2964 515 3009 tam
578 2954 773 3010 crebra
828 2955 882 3009 in
934 2955 1177 3011 Sicitiam
1250 2952 1453 3007 omissa
1531 2942 1901 3017 navigatione,
1939 2939 2178 3014 Cyprum
2224 2962 2370 3005 nunc
2392 2951 2595 3021 potius,
2665 2962 2755 3008 tua
2796 2962 3013 3024 tuaeque
3046 2953 3359 3025 reipublicae
3387 2963 3549 3023 atque

268 3050 458 3119 legum
498 3048 805 3118 disciplina
846 3051 1044 3119 gratia,
1088 3047 1414 3118 petiturum.

340 3142 424 3195 Γ.
451 3140 577 3196 Τῶν
610 3143 675 3213 δὴ
712 3144 973 3197 τοιούτων
996 3144 1093 3211 τῆς
1126 3144 1293 3213 νήσου
1320 3142 1526 3211 ταύτης
1546 3140 1758 3210 ἀρετῶν
1776 3135 1863 3189 αῖ-

262 3252 387 3298 τιος
422 3234 524 3305 μὲν
558 3237 647 3298 σὺ,
690 3235 863 3298 αἴτιος
908 3235 955 3288 δ’
983 3240 1017 3305 ἡ
1050 3238 1117 3308 σὴ
1144 3238 1481 3307 δικαιοσύνη,
1516 3235 1675 3306 βάσις
1715 3250 1867 3302 γενο-

2045 3134 2137 3190 lll.
2169 3136 2558 3210 Hujuscemodi
2619 3142 2785 3211 igitur
2819 3140 3012 3195 insulm
3064 3142 3225 3197 istius
3278 3142 3545 3198 virtutum

1975 3241 2139 3283 causa
2181 3238 2297 3287 tute
2323 3250 2416 3297 es,
2469 3246 2525 3288 et
2567 3242 2655 3288 tua
2683 3234 2891 3304 pariter
2940 3234 3176 3302 justitia,
3225 3250 3348 3304 quae
3401 3236 3548 3289 basis

272 3331 418 3398 μένη
448 3330 557 3397 ζκαὶ
591 3331 799 3398 κρηπὶς
842 3329 939 3383 καὶ
984 3329 1234 3399 θεμέλιος
1282 3329 1579 3400 ἀκλόνητος
1618 3330 1717 3396 τῆς
1765 3345 1861 3380 κα-

1975 3329 2030 3374 et
2066 3321 2506 3390 fundamentum,
2563 3336 2619 3381 et
2675 3326 3007 3381 solidissima
3038 3329 3377 3383 substructio
3429 3332 3547 3400 pul-

266 3424 376 3491 λῆς
429 3422 740 3494 οἰκοδομίας
800 3424 899 3478 σύν
951 3424 1190 3496 ἁρμονίᾳ
1258 3426 1355 3479 καὶ
1416 3424 1632 3495 στάθμῃ
1679 3423 1870 3494 κρατί-

272 3534 407 3587 στῃ.
466 3516 594 3579 Τοῖς
624 3517 736 3589 γὰρ
776 3515 1043 3581 τοιούτοις
1104 3520 1366 3588 χρηστοῖς
1400 3518 1867 3586 συνοικοδομεῖται

273 3613 371 3664 καὶ
430 3609 873 3679 ὲποικοδομεῖται
922 3611 1112 3664 καὶτὸ
1148 3610 1445 3682 κράτιστον
1488 3611 1588 3675 τῆς
1642 3610 1867 3679 ἀγάπης

272 3703 372 3756 καὶ
434 3701 524 3755 διά
580 3703 763 3769 πάσης
815 3703 1037 3774 ἔρχεται
1081 3704 1182 3772 τῆς
1236 3704 1544 3774 ἐργασίαςο
1609 3702 1866 3770 καθάπερ

271 3794 478 3862 χρῶμα
522 3793 760 3865 χρυσοῦν
798 3794 1136 3874 ὲπανορθούν
1166 3796 1260 3850 καὶ
1311 3797 1476 3865 νέμον
1521 3795 1865 3867 εὐφροσύνην

273 3888 428 3956 ψυχῇ
457 3903 515 3939 τε
553 3887 650 3940 καὶ
676 3885 888 3956 σώματι
913 3904 927 3918 ·
961 3887 994 3957 ἦ
1038 3888 1241 3958 μᾶλλον
1270 3888 1523 3960 καθάπερ
1551 3906 1634 3953 τις
1668 3889 1865 3959 δεσμὸς

276 3980 671 4051 περισφίγγων
700 3982 797 4034 καὶ
832 3982 1259 4051 συναρμολογῶν
1276 3981 1377 4052 τὴν
1406 3982 1537 4054 ὃλην
1570 3983 1681 4035 τῶν
1714 3984 1867 4053 εἱρηε

275 4075 460 4144 μένων
476 4074 756 4142 συνθήκην
777 4074 982 4128 καλῶν.
1008 4076 1173 4129 ’Δνευ
1201 4075 1310 4145 γὰρ
1333 4076 1557 4145 ἀγάπης
1581 4078 1733 4129 οὐδὲν
1755 4078 1863 4130 τῶν

273 4166 505 4234 ἀγαθῶν
543 4168 748 4233 ἀγαθόν
782 4182 791 4195 '
822 4168 965 4238 αὕτη
1010 4170 1120 4238 γάρ
1168 4186 1253 4222 σοι
1285 4172 1383 4223 καὶ
1413 4172 1513 4241 τῆς
1557 4173 1862 4239 φιλοξενίας

274 4262 504 4327 γέγονεν
545 4260 694 4313 αίτία
727 4260 927 4331 σαφὴς,
956 4260 1052 4314 καὶ
1104 4262 1326 4315 πάντων
1384 4264 1504 4331 μὲν,
1546 4266 1784 4333 μάλιστα
1817 4265 1864 4319 δ’

274 4356 545 4407 ἁπάντων
587 4354 685 4422 τῆς
734 4353 842 4406 τῶν
876 4353 1242 4423 αἰχμαλώτων
1281 4355 1633 4427 ἐλευθερίαςο
1674 4359 1862 4413 ὁπόσοι

275 4448 596 4502 πλανῶνται
624 4448 722 4517 μὲν
746 4448 1169 4517 περιφερόμενοι
1197 4450 1288 4502 καὶ
1310 4450 1701 4519 περιαγόμενοι
1731 4469 1864 4503 παν-

274 4541 448 4611 ταχοῦ
501 4541 600 4609 τῆς
636 4539 987 4609 οἰκουμένης,
1039 4542 1137 4595 καὶ
1177 4542 1288 4596 τῶν
1335 4545 1436 4613 τῆς
1483 4545 1860 4613 αἰχμαλωσίας

272 4635 583 4705 πειρῶνται
611 4634 823 4685 δεινῶν·
848 4635 985 4688 ὲπὰν
1006 4635 1053 4689 δ’
1083 4636 1141 4698 ἐς
1170 4634 1268 4705 τὴν
1290 4635 1391 4704 σὴν
1420 4636 1864 4704 ἀφίκωνταιΚύ-

272 4743 442 4796 προν,
472 4724 828 4792 ἀφικνοῦνται
850 4726 896 4778 δ’
916 4726 1061 4789 ὅσοις
1080 4726 1147 4779 ἂν
1166 4726 1561 4797 εὐμενέστερον
1574 4728 1858 4799 ὀφθαλμὸν

269 4819 515 4888 meam
556 4818 708 4879 Θεὸς,
744 4818 904 4879 εὐθὺς
934 4821 1029 4871 καὶ
1064 4820 1369 4889 μεταϐολὴν
1396 4821 1565 4889 ὁρῶσι
1597 4821 1737 4889 βίου,
1764 4822 1857 4875 καὶ

268 4912 573 4980 δυστυχίας
629 4909 975 4979 ἀπαλλαγὴν,
1013 4911 1270 4982 καθάπερ
1322 4912 1529 4982 λέπρας
1588 4913 1858 4983 κάθαρσιν

270 5004 830 5073 θαυματουργοῦντος
854 5002 1097 5069 Χριστοῦ
1121 5019 1137 5035 ⁸
1158 5006 1233 5067 ὡς
1264 5006 1513 5067 γίνεσθαι
1551 5006 1855 5074 παράδοξον

266 5099 476 5166 τρόπον
498 5098 599 5165 τὴν
614 5098 850 5166 ἀπορῖαν
869 5094 1132 5161 εὐπορίας
1159 5099 1393 5167 μητέρα,
1422 5101 1517 5151 καὶ
1532 5100 1632 5165 τὴν
1664 5102 1858 5154 δυστυ-

268 5190 396 5257 χίαν
422 5186 774 5255 εὐδαιμονίας
797 5188 1153 5257 πηγήν.”οσα
1168 5188 1278 5257 γὰρ
1301 5189 1703 5259 αίχμαλωσίαις
1732 5192 1858 5244 ἕπε-

266 5298 363 5331 ται
384 5280 558 5339 δεινὰ.
588 5280 681 5331 καὶ
705 5274 786 5341 οἷς
815 5280 1132 5348 ἐπαρῶνται
1162 5282 1364 5345 πάντες
1388 5284 1480 5335 καὶ
1520 5283 1854 5353 ἀπεύχονται

269 5372 350 5441 μὴ
387 5373 602 5439 τυχεῖν,
627 5373 805 5425 πάντα
825 5373 998 5426 ταῦτα
1028 5375 1108 5436 είς
1142 5375 1307 5445 εὐχῆς
1340 5379 1728 5442 μετενήνεκται
1760 5376 1854 5444 λῆ-

272 5464 357 5528 ξιν
400 5465 612 5525 αὐτοῖς,
646 5464 831 5517 ὀπόσοι
871 5466 971 5533 τῆς
1006 5466 1105 5534 σῆς
1152 5469 1515 5534 πεπείρανται
1541 5469 1727 5538 νήσου,
1762 5470 1855 5521 καὶ

270 5558 386 5619 τοῖς
418 5558 537 5619 σοῖς
568 5558 877 5627 προσέσχον
915 5559 1016 5627 τὴν
1047 5560 1277 5629 γνώμην
1329 5564 1606 5629 χρηστοῖς.
1635 5562 1708 5613 Οὐ
1745 5563 1855 5633 γὰρ

272 5648 391 5699 ἔστι
409 5647 596 5714 λέγειν
616 5647 692 5710 ὡς
710 5650 737 5700 ὁ
763 5650 859 5718 τῆς
875 5649 1047 5718 τύχης
1069 5649 1260 5721 ἔρριψε
1286 5650 1449 5713 κύϐος
1474 5652 1663 5705 αὐτόθι
1690 5655 1852 5721 σφᾶς,

267 5740 380 5792 οὐδ’
410 5741 493 5791 ὅτι
529 5740 702 5807 ἄδηλα
735 5741 886 5808 φύων
916 5743 1105 5812 χρόνος
1137 5743 1305 5810 ἔδειξε
1334 5745 1494 5797 τοῦτο
1518 5748 1632 5808 τοῖς
1664 5745 1853 5799 ταλαι-

272 5832 480 5899 πώροις
501 5834 687 5887 καινόν
710 5850 724 5864 ο
758 5836 870 5887 ἀλλ’
897 5838 928 5906 ή
955 5836 1136 5898 καλῶς
1167 5856 1227 5890 τε
1252 5839 1344 5890 καὶ
1372 5839 1617 5906 εὐμενῶς
1646 5839 1854 5892 ἄνωθεν

277 5926 457 5991 αὐτοῖς
486 5928 570 5980 ita
584 5928 793 5982 τεθεῖσα
821 5930 936 5983 ϋεέα
971 5932 1196 6001 πρόνοια
1218 5930 1396 5995 καλῶς
1415 5932 1505 5984 καὶ
1532 5930 1751 5994 τούτους
1777 5934 1853 5995 είς

1888 4677 1940 4737 D

1971 3416 2234 3472 cherrimi
2302 3418 2518 3474 :ediﬁcii
2577 3430 2684 3485 est,
2710 3434 2833 3472 cum
2890 3421 3093 3475 solerte
3159 3423 3398 3491 partium
3456 3425 3545 3477 de-

1968 3510 2293 3579 scriptione,
2314 3513 2632 3585 optimaque
2656 3518 2887 3572 amussi.
2905 3514 3043 3571 Cum
3072 3516 3371 3570 illiusmodi
3396 3516 3543 3571 enim

1969 3603 2267 3660 virtutibus
2325 3622 2429 3661 una
2465 3608 2839 3666 exaediﬁcatur
2882 3626 2947 3666 ac
2976 3612 3381 3680 superstruitur
3411 3625 3547 3679 pra:-

1969 3698 2177 3752 clarum
2204 3698 2336 3753 illud
2363 3699 2649 3756 eharitatis
2668 3701 2860 3767 decus,
2886 3712 3055 3773 atque
3076 3703 3348 3771 reliquum
3381 3717 3544 3755 omne

1968 3790 2220 3862 pervadit
2246 3793 2623 3862 opus:instar
2649 3796 2804 3851 aurei
2860 3798 3087 3862 coloris,
3144 3797 3327 3851 omnia
3383 3798 3544 3851 ador-

1970 3887 2173 3949 nantis,
2221 3888 2516 3958 animoque
2568 3890 2778 3959 pariter
2823 3900 2878 3945 et
2916 3890 3135 3960 corpori
3163 3889 3540 3945 suavissimam

1967 3976 2761 4047 dispensantisiucunditatem
2786 4000 2799 4037 :
2824 3991 2919 4036 aut
2947 3982 3154 4045 verius,
3191 3981 3367 4035 instar
3411 3983 3536 4035 nodi

1968 4072 2276 4142 cujusdam,
2312 4072 2578 4127 virtutum
2614 4090 2833 4141 earum,
2892 4091 3028 4145 quas
3058 4074 3318 4132 diximus,
3369 4083 3538 4127 totum

1966 4162 2394 4233 coustringeutis
2446 4167 2953 4237 eompiugeutisque
3003 4175 3345 4220 contextum.
3401 4166 3535 4221 Sine

1966 4257 2234 4312 charitate
2258 4258 2407 4312 enim
2457 4259 2728 4315 bonarum
2773 4276 2955 4315 rerum
2984 4261 3132 4314 nuila
3162 4261 3304 4314 bona
3330 4271 3447 4324 est;
3478 4277 3539 4314 ea

1967 4346 2171 4414 quippe
2194 4356 2299 4400 tua:
2317 4347 2483 4418 hujus
2521 4350 2916 4418 hospitalitatis
2936 4350 3222 4404 verissima
3247 4352 3343 4405 tibi
3380 4368 3537 4405 causa

1965 4440 2067 4490 est.
2089 4446 2152 4485 ea
2178 4447 2453 4487 concessae
2476 4438 2734 4490 omnibus
2750 4437 3043 4502 libertatis,
3063 4441 3155 4492 sed
3180 4440 3428 4492 omnium
3448 4451 3498 4492 ta
3524 4474 3525 4477 η

1967 4536 2092 4576 men
2123 4524 2359 4579 maxime
2413 4541 2515 4593 cap
2542 4526 2644 4581 ivis
2668 4542 2831 4581 causa
2861 4538 2964 4592 est,
2992 4529 3086 4598 qui
3123 4530 3267 4584 ultro
3290 4532 3539 4597 cilt'qu.

1964 4631 2060 4684 per
2071 4615 2259 4670 orbem
2280 4617 2595 4673 universum
2614 4621 2728 4689 vagi
2748 4635 2808 4673 ac
2829 4622 3075 4689 palantes
3093 4621 3394 4675 circumlati
3416 4627 3544 4676 τιυιιο

1968 4727 2101 4782 que,
2128 4720 2186 4766 et
2221 4710 2531 4766 durissimae
2577 4714 2866 4768 servitutis
2889 4713 3223 4770 devorantes
3268 4716 3536 4772 miserias.

1961 4804 2289 4873 quandoque
2307 4804 2615 4874 inCyprum
2639 4815 2785 4858 tuam
2805 4804 3064 4871 veniunt;
3088 4806 3535 4858 veniuntautr-m.

1961 4905 2235 4967 quotquot
2274 4897 2597 4968 benigniore
2656 4898 2799 4951 Deus
2837 4898 2999 4951 oculo
3076 4898 3321 4965 respicit,
3375 4899 3534 4950 simul

1960 4988 2126 5043 etiam
2158 4987 2394 5042 fortunae
2449 5004 2561 5043 suae
2608 4988 2965 5041 runtationem
3009 4988 3214 5048 vident,
3251 5004 3506 5040 aerumna-

1959 5097 2067 5152 que
2095 5084 2274 5136 omnis
2306 5082 2685 5153 depulsionem
2715 5099 2729 5135 :
2764 5084 2921 5151 quasi
2980 5081 3324 5150 repentinam
3373 5079 3538 5147 lepra:

1961 5177 2361 5247 purgationem,
2417 5176 2637 5231 Christo
2703 5175 2970 5229 miracula
3025 5184 3295 5244 patrante,
3359 5171 3432 5224 ita
3478 5187 3529 5223 ιιι

1959 5285 2102 5324 novo
2159 5278 2216 5323 et
2254 5270 2501 5324 inaudito
2528 5270 2764 5339 quodam
2812 5270 2974 5322 modo
3023 5277 3195 5322 mater
3243 5266 3535 5333 opulenti.:-

1961 5364 2169 5431 inopia,
2194 5372 2249 5417 et
2293 5362 2575 5417 felicitatis
2623 5362 2747 5416 l‘ons
2797 5362 3027 5416 exsistat
3058 5359 3368 5414 calamitas.
3404 5355 3535 5420 Qua:

1958 5460 2106 5514 enim
2139 5473 2357 5526 cunque
2395 5457 2739 5526 captivorum
2768 5457 3141 5511 conditionem
3168 5453 3533 5507 circumstant

1960 5554 2123 5617 mala,
2181 5568 2413 5623 quaeque
2470 5552 2862 5607 abominantur
2912 5565 3124 5611 mortes,
3188 5557 3244 5601 et
3301 5560 3368 5598 ne
3424 5544 3535 5596 ulla

1962 5659 2208 5717 tempore
2249 5646 2353 5701 sibi
2405 5647 2654 5701 accidant
2696 5655 2910 5715 optant,
2972 5646 3085 5698 bare
3113 5640 3380 5695 omniain
3425 5638 3531 5689 voti

1959 5752 2161 5796 sortem
2203 5742 2478 5805 erunibus,
2510 5741 2603 5810 qui
2676 5741 2905 5794 insulam
2941 5751 3086 5792 tuam
3136 5746 3263 5791 sunt
3297 5735 3524 5805 experti,

1959 5846 2014 5889 ct
2070 5836 2134 5889 ad
2166 5836 2511 5890 clementiam
2572 5845 2717 5891 tuam
2753 5852 2826 5889 ac.
2875 5834 3033 5888 [idem
3087 5834 3331 5888 animum
3369 5846 3529 5884 suum

1962 5932 2297 6000 applicuere,
2327 5931 2584 5986 translata
2622 5942 2768 5986 sunt.
2813 5932 2999 6000 Neque
3026 5929 3169 5984 enim
3210 5935 3354 5981 recte
3381 5924 3534 5981 dixe-
