4232 6432
698 408 800 470 407

1932 416 2310 477 l'ﬁEt'JDULI
2354 417 2702 479 MONACHI

3834 411 3940 477 408

691 533 856 586 atque
888 523 1216 584 necessario,
1250 537 1418 591 perqu
1460 539 1509 576 m
1548 525 1813 579 familiare
1849 535 2068 581 cscrcet
2103 543 2254 581 com-
2288 537 2330 590 Α

2288 537 2330 590 Α
2370 546 2511 590 ποις,
2546 532 2640 581 καὶ
2676 529 2963 599 προλέγεις
3006 530 3092 583 ἆτ’
3125 530 3299 594 ἔξεστι
3326 546 3340 559 ·
3382 529 3473 580 καὶ
3505 529 3563 580 τὸ
3601 527 3790 596 μέλην
3825 525 3933 577 ῶσ-

693 612 980 674 mercium,
1011 624 1062 663 et
1088 613 1154 665 de
1183 614 1301 681 ipso
1327 618 1649 684 exterisque
1677 619 1956 672 sideribus
1983 623 2262 683 Omnibus,

690 706 947 770 prrrclara
976 723 1044 774 qu
1067 711 1222 758 edant
1250 719 1304 760 et
1335 710 1540 766 divina.
1568 720 1621 761 ct
1652 710 2018 765 admiratione
2055 716 2262 782 majora

687 801 954 851 disserit:
995 815 1136 852 nunc
1181 803 1493 855 communis
1550 803 1691 854 idem
1742 805 1997 856 utilitatis
2045 815 2258 866 a'retor,

686 902 742 942 et
790 891 1095 943 universale
1141 893 1412 957 quoddam
1470 894 1672 946 bonum
1721 905 1825 960 est;
1863 908 1918 948 et
1968 898 2264 965 unicuique

689 982 1129 1051 quazjocnuque
1158 999 1290 1037 usus
1322 995 1428 1049 est,
1459 987 1661 1040 sodalis
1689 990 2014 1057 adjutorque
2041 991 2260 1045 dexter-

689 1078 910 1128 rimus:
952 1076 1133 1130 Omnis
1184 1080 1268 1129 cui
1310 1080 1396 1130 ria
1448 1081 1626 1147 pervia
1681 1092 1791 1143 est;
1842 1098 1934 1133 nec
1984 1096 2258 1136 conantem

689 1170 895 1219 animus
937 1171 1148 1231 deserit,
1177 1181 1269 1220 aut
1299 1189 1508 1234 manus,
1540 1182 1597 1224 ut
1628 1175 1702 1225 ait
1732 1174 2051 1240 Sophocles.
2084 1177 2259 1242 (.t'nti-

689 1278 840 1329 gone,
877 1261 1028 1329 365.)
1065 1263 1176 1316 lmo
1223 1281 1352 1318 vero
1395 1272 1735 1332 praestantior
1779 1284 1996 1336 semper
2039 1269 2255 1321 melior-

2365 639 2472 688 περ
2498 638 2579 682 τις
2617 623 2827 690 μάντις,
2864 623 2938 684 ῶς
2963 625 3139 690 παρὸν
3168 623 3419 693 διεξέρχῃ
3440 637 3451 648 ·
3490 621 3524 673 ἀ
3551 621 3693 680 τίνος
3724 619 3822 670 οὐκ
3848 618 3937 679 ἂν,

2363 710 2540 781 οἶμαι,
2574 718 3017 784 περιφανέστερα
3072 723 3166 768 καὶ
3223 717 3424 768 καλλίω
3480 713 3810 780 κοσμοῦντα,
3844 712 3943 763 καὶ

2365 808 2597 860 πλοῦτον
2650 811 2744 861 καὶ
2803 809 2963 871 δόξαν
2991 810 3084 861 καὶ
3131 808 3448 860 δυναστείαν
3495 809 3586 856 καὶ
3622 806 3797 868 γένκ,
3847 804 3943 853 καὶ

2361 902 2458 968 τὴν
2517 904 2645 969 περὶ
2678 902 2774 961 τὰς
2825 902 2922 962 σας
2953 900 3148 968 θύρας,
3177 902 3230 952 εἰ
3264 918 3355 967 μοι
3388 898 3544 958 δίδως
3593 897 3792 957 εἰπεῖν,
3822 897 3943 945 ὅσαι

2367 988 2509 1062 ὧραι
2557 994 2657 1061 τῆς
2691 994 3034 1062 ,οἰκουμένης
3076 993 3348 1062 gas-951v;
3398 992 3506 1044 Καί
3556 1007 3634 1042 σοι
3673 988 3832 1056 χάρις
3878 987 3946 1038 ἂν

2369 1089 2453 1155 εἴη
2507 1087 2793 1155 θαυμαστή
2827 1104 2910 1147 τις
2968 1086 3297 1151 ἀναφανέντι
3328 1085 3544 1151 φύσεως
3585 1079 3822 1150 χορηγέα
3853 1078 3950 1129 καὶ

2368 1181 2649 1250 φιλοτιμία
2669 1180 2841 1240 κοινὴ,
2869 1180 2961 1228 καὶ
2977 1176 3166 1244 δῳεὶος
3190 1177 3536 1244 οἰκουμένης,
3552 1175 3646 1226 καὶ
3667 1172 3812 1239 ψυχῇ
3841 1168 3951 1220 τῶν

2367 1272 2713 1339 πραγμάτων
2743 1288 2756 1299 ·
2789 1270 2977 1336 ῶσπερ
3007 1270 3074 1338 ἦν
3098 1270 3124 1320 ό
3153 1269 3378 1342 Πλάτων
3400 1267 3567 1335 ἔφησε
3592 1263 3686 1316 τοῦ
3719 1261 3948 1320 παντός.

692 1374 800 1462 que
825 1359 1125 1462 semetipso
1155 1361 1511 1428 conspicitur.
1545 1362 1661 1414 Non
1705 1373 1758 1413 tu
1803 1364 1991 1429 igitur,
2055 1362 2200 1430 quod
2273 1365 2340 1416 de
2381 1364 2746 1417 Demosthene
2800 1379 2908 1414 non
2960 1378 3121 1415 nemo
3172 1362 3558 1430 pronuntiabat
3613 1354 3948 1423 (Aristides,

691 1456 748 1504 ἐν
781 1453 854 1519 τῷ
886 1453 1022 1520 ὑπὲρ
1051 1453 1159 1504 τῶν
1187 1456 1488 1522 τεσσάρων,
1524 1467 1562 1509 ι.
1591 1456 1677 1516 Ill.
1714 1473 1762 1524 p.
1796 1457 1918 1518 5H,
1952 1459 2030 1521 A;
2067 1458 2262 1528 Synes.
2305 1475 2362 1528 ep

2305 1460 2470 1528 epist.
2504 1460 2627 1521 lOl,
2693 1459 2820 1525 line)
2863 1460 3104 1526 praesidis
3166 1458 3475 1524 eloquentur
3499 1453 3744 1508 Mercurii
3776 1452 3952 1515 imago

689 1553 759 1603 ad
786 1567 878 1603 nos
915 1568 1151 1612 teneras,
1191 1553 1285 1605 sed
1317 1563 1370 1605 et
1399 1553 1500 1606 hoc
1534 1555 1670 1620 ipso,
1696 1570 1805 1621 quo
1877 1557 2021 1609 inter
2062 1572 2162 1610 nos
2227 1557 2481 1610 homines
2557 1557 2670 1625 agis
2711 1565 2976 1622 tempore.
3048 1564 3104 1607 et
3151 1554 3208 1606 in
3255 1553 3501 1606 assiduas
3547 1565 3643 1618 pro
3695 1549 3958 1600 universa

695 1647 973 1712 republica
1028 1660 1211 1709 curas,
1245 1649 1360 1700 sine
1405 1647 1510 1699 ulla
1550 1648 1976 1712 intermissione,
2012 1649 2308 1710 incumbis,
2349 1649 2551 1716 quippe
2588 1649 2681 1716 qui
2719 1650 2991 1714 regiorum
3025 1645 3372 1699 oraculorum
3408 1643 3584 1711 tripus
3647 1650 3702 1694 et
3726 1637 3953 1692 Cortina

697 1757 841 1795 unus
892 1745 1177 1797 verissime
1249 1745 1399 1797 visus
1451 1760 1532 1803 es.
1598 1744 1663 1796 ad
1716 1759 1840 1797 eum
1901 1747 2058 1814 plane
2121 1745 2368 1808 modum,
2422 1745 2572 1798 velut
2615 1745 2884 1813 quispiam
2934 1743 3226 1794 humanam
3276 1750 3660 1808 supergressus
3710 1744 3956 1793 sortem,

693 1856 872 1908 neque
926 1842 1035 1894 ullo
1089 1852 1355 1895 terrarum
1409 1842 1654 1896 inclusus
1701 1842 1842 1905 loco,
1879 1853 1933 1895 et
1980 1853 2256 1896 astrorum
2300 1843 2530 1896 Rimaris
2595 1845 2772 1895 varias
2804 1841 3158 1907 ancipitesqu
3222 1839 3356 1896 tias,
3387 1846 3442 1889 et
3478 1849 3582 1887 una
3615 1847 3739 1885 cum
3769 1831 3947 1883 nostri

690 1936 843 1988 urbis
876 1938 1132 2003 negotiis,
1159 1939 1401 1992 cmlcStia
1433 1939 1675 1998 insimul,
1705 1940 1961 1993 laudabili
2030 1940 2298 1993 industria
2337 1940 2599 1998 sustines.
2673 1937 2837 2007 idque
2875 1951 3041 2005 supra
3084 1937 3232 2003 ipsos
3269 1931 3650 1986 astronomicze
3692 1929 3829 1981 artis
3861 1942 3948 1978 re—

696 2039 946 2089 tierIOI'CS
987 2040 1044 2081 ει
1086 2030 1381 2092 ειιὶιίειὶιεε.
1419 2031 1571 2094 Quasi
1621 2032 1664 2082 si
1713 2043 1807 2084 aut
1847 2047 1874 2082 a
1924 2032 2080 2085 nobis
2129 2033 2259 2086 illuc
2297 2032 2533 2086 subinde
2579 2042 2630 2084 te
2671 2031 2968 2097 reciperes.
2989 2039 3083 2082 aut
3111 2031 3216 2082 huc
3246 2027 3374 2081 inde
3401 2023 3717 2079 ventitares.
3748 2019 3956 2084 Quam-

695 2125 884 2176 obrem
931 2131 1117 2189 patent
1156 2122 1250 2175 tibi
1287 2137 1441 2183 sane,
1483 2138 1602 2191 qum
1637 2125 1868 2178 obscura
1905 2136 2070 2194 atque
2119 2128 2397 2182 inaccessa
2468 2128 2592 2179 aliis
2633 2126 2949 2179 hominibus
3019 2132 3176 2184 sunt;
3225 2132 3278 2174 et
3338 2117 3613 2188 praedicis,
3683 2112 3952 2182 quidquid

696 2220 986 2272 enuntiare
1014 2218 1093 2273 fas
1119 2229 1225 2281 est,
1247 2230 1300 2272 et
1333 2221 1479 2288 quod
1507 2221 1687 2274 adhuc
1719 2221 1961 2274 futurum
2002 2232 2110 2285 est,
2184 2235 2442 2291 tanquam
2506 2224 2616 2292 jam
2684 2236 2946 2290 presens,
2976 2234 3126 2272 more
3153 2217 3292 2270 vatis
3319 2214 3570 2282 alicujus,
3626 2223 3921 2279 percenses
3943 2251 3955 2260 .

695 2313 826 2378 Qure
873 2312 1054 2365 omnia
1105 2328 1340 2382 quanam
1389 2328 1446 2366 re
1493 2313 1714 2372 eximia.
1790 2324 1850 2368 ut
1894 2314 2154 2377 arbitror,
2230 2330 2340 2368 non
2380 2313 2754 2385 splendidiora
2808 2323 2969 2381 atque
3017 2309 3332 2380 pulchriora
3379 2305 3545 2360 sunt?
3581 2304 3786 2372 quippe
3833 2317 3956 2371 qun:

695 2421 751 2463 ut
797 2411 996 2478 Opibus
1045 2411 1173 2475 tuis,
1205 2419 1260 2463 et
1293 2411 1500 2478 glorit,
1532 2419 1588 2462 et
1625 2425 1839 2464 summo
1888 2411 1940 2464 in
1992 2411 2272 2480 republica
2312 2412 2552 2480 fastigio,
2590 2421 2645 2465 et
2679 2409 2868 2479 generi
2918 2408 3042 2476 ipsi,
3078 2416 3134 2459 et
3174 2404 3249 2457 illi
3295 2405 3422 2457 item
3475 2402 3569 2470 qui
3621 2401 3765 2454 fores
3809 2414 3954 2463 tuas_

696 2510 739 2561 si
779 2507 910 2559 mihi
943 2505 1094 2560 ellari
1140 2519 1235 2572 per
1271 2513 1322 2556 te
1363 2503 1512 2563 licet.
1587 2503 1733 2557 horis
1771 2503 2031 2558 omnibus
2067 2505 2302 2565 obsidet,
2344 2504 2497 2558 orbis
2542 2516 2810 2557 terrarum
2859 2498 3176 2560 conventui,
3251 2495 3526 2564 singulare
3573 2504 3956 2547 ornamentum

698 2607 958 2660 alIerunt.
993 2602 1185 2657 Merito
1225 2601 1411 2671 itaque
1442 2602 1612 2670 gratia
1643 2601 1739 2655 tibi
1774 2601 2028 2663 debetur,
2055 2601 2149 2670 qui
2220 2601 2541 2655 admirabile
2601 2610 2657 2654 et
2724 2597 3074 2668 magniﬁcum
3102 2592 3375 2662 quoddam
3403 2601 3611 2644 natura!
3644 2603 3862 2645 munus.
3906 2598 3963 2640 et

699 2706 867 2758 decus
892 2717 1203 2765 commune,
1232 2711 1288 2754 et
1315 2701 1467 2753 orbis
1495 2700 1664 2753 nostri
1695 2699 1971 2762 columen,
2000 2710 2056 2753 et
2117 2701 2297 2752 anima
2360 2699 2694 2768 reipublicze,
2761 2698 2932 2750 instar
2983 2692 3169 2752 illius,
3222 2705 3384 2759 quam
3432 2691 3671 2740 animum
3725 2686 3961 2737 universi

696 2800 850 2852 Plato
877 2797 1182 2868 appellabat
1209 2797 1284 2865 (in
1317 2794 1530 2852 Time,
1568 2803 1609 2845 t.
1641 2792 1730 2854 ΙΙΙ,
1763 2794 1832 2846 34
1862 2793 1918 2858 bl
1956 2792 2116 2845 nobis
2145 2793 2473 2860 apparuisti.

767 2918 836 2971 ll.
875 2915 1070 2971 Nostra
1104 2927 1234 2966 vero
1276 2912 1427 2967 urbs.
1454 2925 1617 2979 quam
1651 2918 1730 2973 tu,
1763 2918 1826 2962 ut
1856 2924 1981 2962 cum
2011 2907 2269 2978 Eschylo
2295 2911 2344 2973 Β

2295 2911 2344 2973 Β
2441 2903 2517 2958 B'.
2556 2905 2719 2974 ⁹Ημῖν
2771 2902 2830 2954 δὲ
2875 2903 2908 2972 ἡ
2964 2899 3141 2961 πόλις,
3206 2899 3274 2965 ἣν
3328 2893 3493 2956 αὐτὸς
3523 2893 3650 2946 κατ’
3692 2893 3964 2961 Αἰσχύλον

696 3014 875 3068 dicam
915 3008 1122 3077 (Ἐπτά
1159 3007 1253 3058 in).
1296 3004 1526 3073 Θήόαις,
1561 3001 1682 3070 110)
1717 3021 1728 3054 :
1775 3001 1903 3054 olim
1943 3002 2276 3055 carissimam

697 3102 969 3164 habuisti,
1004 3099 1271 3168 cujusque
1301 3096 1355 3148 in
1384 3097 1612 3164 gratiam
1654 3093 1862 3148 nullum
1894 3108 2002 3146 non
2029 3093 2275 3146 subeun-

702 3199 832 3250 dum
865 3193 963 3247 tibi
993 3191 1278 3245 statuebas
1308 3188 1586 3250 laborem;
1620 3198 1732 3240 tum
1758 3187 1905 3255 quod
1935 3185 2126 3240 urbem
2160 3185 2277 3253 ipse

701 3289 1007 3346 adamares,
1030 3293 1142 3336 tum
1169 3280 1318 3350 quod
1349 3280 1456 3332 tuis
1481 3279 1569 3331 illa
1599 3279 1763 3347 digna
1786 3287 1925 3331 esset
1960 3276 2274 3330 beneﬁciis:

704 3384 818 3434 haec
861 3379 1048 3448 igitur,
1100 3373 1262 3441 cujus
1293 3372 1451 3440 longe
1485 3371 1695 3436 lateque
1727 3380 2015 3438 pervagata
2049 3378 2137 3423 est
2165 3367 2281 3437 glo-

702 3477 804 3538 ria,
839 3487 960 3541 qua:
993 3480 1049 3522 et
1088 3475 1358 3535 quotquot
1393 3464 1672 3526 viderunt,
1705 3470 1979 3514 amatores
2019 3459 2276 3520 habebat,

703 3577 758 3621 ct
791 3565 882 3631 qui
911 3564 1143 3616 necdum
1175 3557 1448 3618 viderant,
1477 3555 1578 3608 hos
1602 3555 1716 3608 sola
1752 3552 1991 3607 nominis
2018 3551 2105 3604 sui
2139 3551 2278 3604 fama

704 3660 811 3714 sibi
878 3654 1246 3724 mancipabat,
1307 3665 1428 3720 qua
1503 3648 1634 3703 urbs
1688 3646 2001 3700 Gratiarum
2071 3643 2278 3698 dudum

705 3755 882 3807 fuerat
904 3793 918 3815 ,
955 3764 1105 3802 nunc
1139 3746 1408 3799 malorum
1442 3744 1685 3794 onmium
1719 3741 1848 3793 urbs
1869 3749 1971 3802 est,
2001 3747 2057 3791 et
2081 3737 2280 3790 borum

705 3846 953 3915 profecto
985 3839 1298 3911 ejusmodi;
1341 3851 1462 3905 qua,
1502 3849 1603 3888 nec
1641 3833 1820 3887 verbis
1860 3829 2131 3900 exprimi,
2181 3841 2282 3881 nec

707 3937 935 3992 auribus
979 3932 1154 4000 accipi
1199 3938 1422 3998 queant.
1476 3926 1615 3978 Sunt
1656 3942 1718 3978 ea
1763 3925 1909 3978 enim
1953 3934 2006 3976 et
2056 3930 2134 3973 tot
2183 3935 2284 3972 nu-

711 4049 896 4094 mero,
942 4041 996 4086 et
1043 4039 1194 4083 tanta
1240 4025 1638 4093 magnitudine,
1681 4033 1737 4076 et
1783 4032 1890 4074 tam
1934 4019 2118 4090 gravia
2164 4032 2284 4084 per-

711 4142 897 4195 pessu,
939 4133 999 4176 ut
1037 4122 1167 4174 nulli
1207 4133 1397 4172 eorum
1434 4117 1529 4186 qui
1573 4129 1811 4183 unquam
1858 4112 2028 4182 pressi
2063 4107 2284 4163 calami-

711 4219 916 4272 tatibus
959 4214 1256 4280 alllictique
1295 4211 1537 4271 fuerunt,
1574 4217 1630 4261 ut
1663 4221 1894 4261 numero
1935 4204 2041 4256 hoc
2079 4202 2281 4265 dicam,

709 4321 945 4362 nostram
996 4311 1049 4358 in
1103 4305 1336 4357 adversis
1391 4318 1637 4353 coronam
1675 4316 1827 4351 stmm
1873 4312 1980 4347 esse
2025 4293 2278 4353 mallent,

709 4399 1172 4471 quemadmodum
1225 4394 1464 4463 tragicus
1517 4391 1790 4460 quiSpiam
1844 4387 2048 4440 dixerit
2099 4394 2279 4452 poeta.

713 4498 790 4548 lio
816 4511 956 4546 nunc
981 4501 1131 4543 certe
1162 4504 1260 4540 nos
1292 4486 1557 4539 malorum
1592 4485 1859 4536 venimus.
1891 4481 2075 4545 Itaque
2103 4479 2155 4530 in
2185 4490 2284 4528 nos

713 4590 904 4657 genius
918 4585 1140 4649 quidam
1161 4580 1384 4631 minime
1400 4577 1576 4630 bonus
1591 4572 2046 4628 comissabundus
2076 4583 2286 4638 grassa-

715 4691 801 4732 tus
819 4676 939 4729 fuit.
958 4675 1017 4728 Ja
1028 4689 1076 4724 ιιι
1099 4671 1187 4724 illa
1207 4671 1392 4738 igitur,
1411 4667 1656 4721 omnium
1675 4661 2283 4725 consensione,urbium

715 4785 853 4840 quas
879 4767 1126 4821 incolunt
1147 4763 1418 4825 homines,
1444 4761 1688 4813 omnium
1709 4759 1937 4809 antehac
1952 4753 2285 4821 aequissima,

717 4872 773 4917 et
811 4861 1153 4929 justissima,
1193 4866 1249 4909 et
1304 4852 1770 4911 moderatissima',
1808 4858 1862 4901 et
1913 4862 1976 4901 ea
2021 4845 2185 4898 etiam
2234 4857 2290 4895 re

719 4955 988 5011 omnium,
1024 4965 1147 5018 quae
1192 4948 1395 5015 ubique
1440 4952 1589 5004 sunt,
1630 4942 1738 4994 Deo
1787 4937 2163 4995 dilectissima.
2200 4933 2288 4986 illa

721 5060 899 5102 nunc,
950 5046 1204 5109 inquam,
1246 5056 1279 5091 υ
1315 5039 1432 5100 sol,
1481 5051 1514 5087 ο
1562 5034 1758 5094 tellus,
1803 5045 1912 5099 quo
1953 5044 2065 5081 rem
2111 5026 2288 5080 dicam

724 5135 924 5191 modo?
955 5148 1135 5202 quave
1168 5130 1402 5183 narrabo
1434 5126 1685 5181 ratione?
1714 5136 1941 5192 prorsus
1971 5135 2036 5173 ex
2069 5126 2294 5173 contra-

725 5228 831 5286 rio.
874 5222 1253 5283 exsecrabilis,
1302 5231 1357 5274 et
1405 5219 1660 5279 scelesta,
1700 5225 1755 5268 et
1800 5214 1935 5267 ditis
1976 5212 2198 5271 devota,
2239 5219 2294 5260 et

725 5319 995 5377 onmium,
1035 5327 1092 5368 ut
1137 5313 1307 5366 verbo
1351 5310 1653 5368 absolvam,
1687 5304 2089 5358 dirissimorum
2130 5309 2296 5367 atque

728 5413 1167 5464 tristissimorum
1212 5417 1513 5465 certamen,
1570 5401 1750 5454 omnis
1789 5397 1976 5469 ﬂagitii
2011 5405 2066 5449 et
2102 5396 2300 5449 intem-

727 5505 988 5572 perantize
1033 5513 1332 5569 tropzeum,
1386 5510 1441 5550 et
1493 5496 1673 5548 omnia
1727 5494 1844 5546 haec
1890 5492 2077 5557 utique
2126 5487 2299 5555 magis

2381 2998 2549 3050 πάλαι
2582 2995 2878 3065 εὐφιλήταν
2918 2991 3063 3056 ἔθου,
3134 2991 3229 3044 καὶ
3285 2989 3426 3056 ὑπὲρ
3476 2981 3545 3058 ἧς
3607 2989 3786 3039 πάντα
3848 2987 3965 3040 δεῖν

2378 3085 2486 3158 ᾤου
2519 3089 2714 3149 ποιεῖν,
2777 3084 2856 3154 τῷ
2878 3084 2926 3135 τ’
2958 3082 3120 3144 αὐτὸς
3153 3081 3361 3150 ταύτης
3400 3081 3554 3149 ὲρᾷν,
3624 3077 3703 3146 τῷ
3761 3079 3810 3129 τ’
3851 3079 3967 3130 αὑ-

2378 3181 2477 3249 τὴν
2510 3175 2570 3233 εὖ
2625 3177 2862 3248 πάσχειν
2893 3175 3051 3240 ἀξίαν
3102 3169 3266 3238 εἶναι,
3330 3170 3474 3240 αὕτη
3526 3170 3707 3224 τοίνυν
3762 3171 3795 3238 ἡ
3837 3169 3969 3240 δόξῃ

2381 3273 2470 3326 διά
2524 3271 2744 3325 πάντων
2801 3269 2977 3332 ίοῦσα,
3039 3267 3133 3321 καὶ
3199 3267 3327 3329 τοὺς
3382 3265 3482 3333 μὲν
3525 3263 3735 3324 ἰδόντας
3795 3263 3966 3331 ἐρασ-

2379 3367 2480 3428 τὰς
2517 3363 2858 3434 κτησαμένη,
2912 3362 3042 3424 τοὺς
3079 3360 3136 3412 δὲ
3188 3359 3288 3412 οὐκ
3326 3358 3536 3419 ἰδόντας
3562 3356 3624 3419 ἐξ
3651 3356 3759 3423 ἄρα
3794 3355 3966 3424 μόνης

2380 3453 2898 3521 ἀνδραποδισαμένη
2944 3449 3044 3516 τῆς
3105 3450 3317 3518 φήμης,
3374 3447 3546 3500 παλαι
3617 3445 3774 3507 πόλις
3828 3443 3968 3495 οὖσα

2383 3548 2643 3617 χαρίτων,
2673 3544 2770 3597 νῦν
2809 3543 2965 3604 πόλις
3005 3545 3122 3595 ἐστὶ
3184 3540 3395 3604 κακῶν,
3446 3537 3559 3590 οὔθ’
3611 3537 3740 3589 οἵων
3806 3535 3962 3604 εἰρῆ-

2383 3640 2532 3704 σθαι,
2575 3638 2687 3691 οὗθ’
2734 3638 2860 3691 οἴων
2917 3635 3085 3703 ἀκοῆς
3135 3633 3503 3702 γεγενῆσθαι,

2382 3749 2492 3787 των
2556 3732 2656 3800 μὲν
2701 3731 2763 3782 τὸ
2815 3728 3040 3798 πλῆθος,
3105 3725 3440 3795 τηλικούτων
3502 3723 3559 3776 δὲ
3614 3723 3674 3775 τὸ
3711 3722 3971 3791 μέγεθος,

2383 3827 2528 3880 οὕτω
2571 3825 2628 3878 δὲ
2686 3823 2985 3892 δυσχερῶν,
3036 3821 3111 3882 ῶς
3155 3819 3392 3888 μηδένας
3449 3817 3515 3868 ἂν
3578 3817 3688 3869 τῶν
3742 3817 3968 3866 πώποτε

2382 3918 2883 3985 δεδυστυχηκότων,
2949 3915 2998 3965 εί
3056 3912 3138 3963 δεῖ
3191 3911 3402 3978 τάχιστ’
3461 3911 3674 3971 είπεῖν,
3761 3909 3970 3972 στέφα-

2384 4029 2474 4064 νον
2517 4011 2674 4080 ἡμῶν
2733 4010 2792 4060 ὲν
2845 4007 3058 4068 κακοῖς,
3140 3999 3296 4056 εἶπεν
3356 4001 3424 4054 ἂν
3475 4002 3614 4068 ἀνὴρ
3676 4000 3965 4069 τραγικὸς,

2384 4101 2728 4173 ἀνθῃρῆσθαι
2748 4117 2762 4131 ·
2800 4097 3016 4152 ἐνταῦθ’
3040 4097 3247 4166 ἥκομεν
3274 4109 3289 4122 ·
3324 4095 3420 4145 καὶ
3449 4095 3595 4145 οὓτω
3649 4091 3770 4143 καθ’
3800 4091 3964 4161 ήμῶν

2387 4195 2646 4262 ὲκώμασέ
2701 4209 2788 4254 τις
2823 4191 3032 4257 δαίμων
3079 4188 3178 4239 οὐκ
3231 4185 3435 4250 ἀγαθός
3462 4201 3475 4214 ο
3525 4185 3618 4236 καὶ
3658 4185 3691 4250 ἡ
3724 4181 3962 4252 πρόσθεν

2389 4288 2513 4339 κατ’
2544 4283 2869 4353 ἀνθρώπους
2903 4279 3248 4346 ἐννομωτάτη
3278 4279 3370 4328 καὶ
3398 4276 3712 4344 δικαιοτάτη
3743 4276 3834 4325 καὶ
3860 4291 3965 4325 σω-

2391 4377 2734 4445 φρονεστάτη
2798 4371 3031 4433 πόλεων,
3081 4369 3156 4430 ῶς
3204 4369 3440 4428 ἅπαντες
3483 4368 3650 4429 ῖσασι,
3709 4366 3805 4417 καὶ
3853 4365 3967 4415 τῶν

2391 4464 2710 4534 ἅπανταχοῦ
2733 4463 2924 4517 πασῶν
2957 4463 3045 4514 διὰ
3083 4461 3254 4513 ταῦτα
3300 4460 3500 4528 μᾶλλον
3535 4458 3804 4524 Osos-lix,
3840 4457 3967 4519 νῦν,

2392 4562 2510 4630 ἥλιε
2551 4559 2644 4610 καὶ
2692 4557 2783 4624 γῆ,
2816 4556 2931 4616 πῶς
2977 4555 3158 4616 almo;
3210 4551 3326 4612 πῶς
3359 4549 3647 4612 διεξέλθως
3706 4548 3967 4616 ἐξαίςνης

2398 4652 2508 4703 πᾶν
2563 4647 2902 4700 τούναντίον·
2939 4645 3224 4710 ἐξάγιστος
3274 4642 3370 4693 καὶ
3405 4641 3580 4707 μιαρὰ
3634 4640 3726 4691 καὶ
3760 4641 3970 4705 ἐπαρα-

2395 4761 2507 4803 τος,
2567 4743 2660 4794 καὶ
2695 4741 2913 4793 πάντων
2949 4738 3024 4798 ὼς
3079 4737 3257 4789 εἰπεῖν
3306 4734 3596 4801 ἀγώνισμα
3630 4733 3737 4784 τῶν
3792 4733 3972 4799 χειρί-

2400 4852 2561 4899 στων,
2590 4833 2774 4901 πάσης
2804 4831 2861 4882 δὲ
2887 4830 3149 4898 τρόπαιον
3172 4827 3478 4895 ἀκρασίαςο
3517 4825 3692 4876 πάντα
3715 4823 3769 4874 δὲ
3798 4823 3973 4874 ταῦτα

2402 4925 2604 4996 μᾶλλον
2636 4924 2669 4993 ἢ
2702 4921 2890 4985 πόλιςο
2927 4920 3123 4972 οὐκοῦν
3162 4921 3256 4970 καὶ
3299 4917 3558 4985 θεομισὴς
3601 4917 3664 4966 ἂν
3711 4915 3794 4982 εἴη
3838 4915 3978 4982 μᾶλ-

2398 5020 2488 5072 λον
2517 5019 2550 5086 ἢ
2582 5017 2816 5086 πρόσθεν
2843 5011 3117 5083 θεοφιλὴς,
3147 5009 3364 5077 καὶτῆς
3394 5007 3773 5068 πενταπόλεως
3800 5023 3976 5072 τιμω-

2404 5111 2524 5181 ρίας
2547 5113 2607 5161 οὑ
2636 5107 2826 5178 ττόρρω
2855 5106 3073 5158 θέουσα.
3108 5103 3346 5162 Είκότως
3373 5117 3387 5128 ’
3419 5100 3617 5168 νόμους
3651 5100 3758 5167 γαρ
3786 5099 3851 5167 δὴ
3876 5104 3974 5151 καὶ

2400 5204 2500 5263 τὰς
2554 5199 2766 5252 ἐκεῖθεν
2824 5199 3092 5263 ἀνάγκας,
3136 5195 3228 5247 καὶ
3280 5194 3343 5244 τὸ
3395 5193 3689 5260 σωφρόνως
3716 5207 3776 5242 τε
3812 5191 3970 5242 πολι-

2402 5295 2604 5356 τεύειν,
2637 5291 2732 5343 καὶ
2764 5289 2876 5342 τῶν
2905 5288 3190 5357 προγόνων
3221 5285 3408 5350 ἀξίως,
3442 5284 3534 5334 καὶ
3574 5283 3840 5350 πράττειν
3872 5283 3979 5349 μὲν

2402 5387 2439 5441 ἃ
2493 5389 2752 5454 πράττειν
2817 5382 3055 5449 μάλιστα
3108 5379 3284 5446 Θέμις,
3345 5379 3523 5444 μισεῖν
3569 5375 3647 5436 δὲ,
3696 5373 3732 5426 ἀ
3792 5375 3975 5441 μισεῖν

2404 5482 2577 5545 ἄξιον,
2622 5480 2678 5544 ἐξ
2711 5475 2786 5530 ῶν
2821 5476 2996 5527 πάντα
3026 5473 3094 5524 τὰ
3137 5471 3405 5539 κράτιστα
3434 5468 3700 5534 γίγνεται,
3752 5464 3862 5518 οὐδ’
3893 5468 3976 5526 εἰς

3581 3631 3717 3683 ἀλλά
3776 3629 3968 3682 τοσού-

729 5611 890 5665 quam
927 5596 1056 5647 urbs
1083 5606 1186 5647 est.
1218 5591 1330 5656 Qua
1364 5591 1430 5643 dc
1459 5604 1645 5647 causa,
1678 5601 1824 5639 nunc
1856 5582 2083 5636 invisior
2105 5581 2295 5634 eadem
2335 5604 2376 5658 υ

2335 5604 2376 5658 D
2407 5573 2533 5626 νοῦν
2586 5573 2841 5641 ἴσχομεν·
2870 5566 2983 5620 ἀλλ’
3016 5565 3204 5631 ῶσπερ
3250 5562 3381 5614 ἄλλο
3425 5576 3480 5611 τι
3515 5559 3622 5611 τῶν
3667 5557 3981 5627 ἀπειρημέ-

733 5688 876 5740 haud
911 5688 1074 5740 dubie
1112 5688 1220 5738 llco
1251 5685 1437 5743 fuerit,
1469 5698 1630 5750 (piam
1665 5680 1944 5745 acceptior
1973 5684 2131 5729 antea
2160 5683 2297 5733 erat,

733 5796 834 5831 nec
867 5780 1052 5848 procul
1082 5796 1108 5830 a
1137 5792 1293 5845 puzna
1333 5778 1563 5843 quinque
1590 5774 1796 5825 urbium
1823 5770 2096 5823 ablutura.
2123 5767 2300 5830 (Gem,

742 5891 846 5936 ιιι,
903 5875 917 5927 l
963 5889 1151 5942 scqq.:
1220 5871 1344 5939 δίῳ.
1390 5886 1437 5932 \,
1481 5872 1556 5935 ti.)
1607 5869 1744 5921 Sane
1803 5864 2029 5926 merito,
2086 5861 2304 5929 quando

2412 5687 2540 5729 νων,
2577 5667 2666 5718 καὶ
2693 5663 2817 5725 τοὺς
2846 5663 2974 5728 περὶ
3003 5659 3208 5712 τούτων
3242 5656 3535 5723 λογισμοὺς
3568 5650 3985 5721 ἁπεσεισάμεθα

2414 5759 2668 5820 καθάπαξ
2700 5755 2856 5824 ἡμῶν
2907 5751 3112 5817 αὐτῶν,
3158 5749 3380 5801 τοσοῦτο
3425 5746 3518 5798 τοῦ
3561 5744 3726 5797 καλοῖ
3766 5745 3856 5792 καὶ
3899 5744 3978 5792 δι-

2415 5855 2572 5906 καίου
2608 5849 2918 5918 ποιούμενοι
2968 5846 3148 5911 λόγον,
3196 5842 3334 5892 ὥστε
3383 5839 3476 5891 καὶ
3526 5837 3744 5904 γραςὴν
3791 5837 3854 5885 αν
3899 5848 3978 5892 τις
