4232 6432
242 398 352 462 49!

1665 411 2071 474 EPISTOLAE.

3401 419 3506 484 410

243 513 480 570 ἐνταῦθα
512 517 696 586 φύγοι,
730 519 805 589 μὴ
847 523 968 574 κατ’
1001 523 1302 592 εὐρύϐατον
1330 523 1436 588 ζῶν
1464 543 1476 556 ·
1511 526 1686 589 οὕτως
1713 528 1824 580 ἀνω

1928 532 2093 602 leges,
2130 544 2185 588 et
2223 537 2589 590 necessariam
2634 537 2813 605 legum
2855 536 3283 598 observantiam,
3319 549 3375 591 et
3417 554 3504 591 sa-

241 608 511 676 ποταμῶν
559 611 628 662 τὰ
680 613 964 681 πράγμαθ’
1004 617 1172 684 ἡμῖν’
1222 619 1316 668 καὶ
1348 617 1548 686 τοσῷδε
1597 619 1820 688 μᾶλλον,

241 699 320 761 ὡς
351 701 488 769 μηδὲ
532 702 844 774 προσδοκᾷν
896 704 1096 771 ἐξεῖναι
1129 709 1389 778 τάρχαῖα,
1431 711 1570 763 κατὰ
1623 713 1731 765 πᾶν
1763 712 1824 764 τὸ

242 793 308 843 ἐκ
348 793 444 844 τοῦ
478 795 744 863 παρόντος
774 799 940 861 εἰκός.
973 799 1252 871 Χαίρομεν
1275 803 1476 865 τοίνυν,
1505 797 1584 863 οἷς
1610 803 1825 874 χαίρειν

244 885 401 935 πᾶσα
461 885 718 956 αἰσχύνη,
756 889 850 940 καὶ
901 883 976 942 ὧν
1042 893 1104 943 τὸ
1162 893 1470 961 μεμνῆσθαι
1530 894 1692 961 μόνον
1745 895 1824 956 είς

242 975 380 1042 ἄγος
399 977 576 1029 τελεῖ·
605 980 664 1030 τὸ
693 981 802 1049 γὰρ
828 982 966 1049 πρὸς
995 983 1261 1051 ἀλλήλους
1291 983 1536 1052 ὠμότητι
1563 985 1821 1053 χρῆσθαι,

241 1070 340 1122 καὶ
387 1070 488 1140 ζῇν
543 1072 822 1138 ἐγγύτατα
871 1074 981 1126 τῶν
1014 1075 1243 1144 θηρίων,
1277 1079 1369 1127 καὶ
1425 1075 1644 1136 στάσεις
1691 1075 1824 1128 ἑκά-

244 1179 408 1214 στοτε
453 1164 545 1215 καὶ
579 1164 814 1235 μελετᾷν
863 1169 957 1219 καὶ
987 1170 1188 1229 ποιεῖν,
1233 1171 1328 1222 καὶ
1356 1169 1682 1237 διαρπάζειν
1713 1169 1826 1230 τοῖς

243 1254 508 1323 εὐπόροις
558 1257 626 1309 τὰ
682 1257 833 1323 ὂντα,
891 1260 1146 1330 καθάπερ
1220 1261 1514 1331 Ἀθήνῃσιν
1570 1261 1663 1312 ἐπὶ
1717 1259 1825 1312 τῶν

241 1347 568 1411 τριάκοντα,
604 1349 697 1398 καὶ
730 1347 824 1399 νῦν
863 1349 965 1417 μὲν
1016 1351 1412 1419 ἐπιορκοῦντας
1441 1351 1696 1421 ὁρᾶσθαι,
1732 1351 1825 1403 νύν

241 1434 288 1487 δ’
327 1436 423 1487 ἐπὶ
455 1439 566 1499 τοῖς
593 1440 776 1501 αὐτοῖς
810 1440 965 1502 αὖθις
993 1439 1289 1509 ὀμνύντας,
1324 1444 1419 1495 καὶ
1453 1443 1578 1504 τοὺς
1605 1442 1705 1512 μὲν
1732 1443 1827 1495 ἐπὶ

242 1529 344 1593 τῆς
378 1529 586 1598 ἀγορᾶς
622 1532 963 1595 κονδυλίζειν
1010 1535 1104 1587 καὶ
1132 1537 1465 1602 συγκόπτειν
1510 1536 1606 1589 καὶ
1642 1539 1826 1589 παίειν

245 1622 343 1671 καὶ
391 1622 594 1686 ξαίνειν
653 1628 792 1678 κατὰ
838 1626 1012 1679 νώτου
1065 1627 1291 1693 πολλάς,
1327 1630 1453 1692 τοὺς
1488 1631 1543 1684 δὲ
1579 1632 1670 1683 καὶ
1709 1631 1826 1682 πώ-

244 1733 421 1783 γωνος
471 1717 654 1771 ἕλκειν
687 1719 886 1788 ἄνδρας
935 1723 1081 1776 ἔστιν
1113 1725 1200 1776 ὅτε
1251 1724 1587 1793 πρεσϐύτας,
1615 1728 1708 1778 καὶ
1743 1725 1827 1777 al-

240 1808 349 1869 δὼς
376 1810 596 1877 ἄπεστι,
616 1814 742 1876 τοὺς
763 1815 807 1866 δ’
838 1814 1029 1884 ὕϐρεσι
1057 1817 1299 1880 πλύνειν,
1327 1820 1439 1880 τοῖς
1459 1819 1513 1870 δὲ
1533 1821 1600 1872 τὰ
1619 1819 1825 1887 ἔσχατα

238 1906 497 1958 ἀπειλεῖν
521 1923 534 1936 ·
570 1910 934 1978 νυκτομαχίαι
968 1927 1026 1961 τε
1065 1911 1337 1976 ἀγεννεῖς,
1373 1913 1464 1964 καὶ
1506 1910 1653 1980 λόχοι
1685 1911 1825 1964 κατά

237 1999 351 2050 τῶν
385 2000 696 2067 ὁμοφύλων,
732 2004 826 2056 καὶ
855 2003 1193 2072 στρατόπεδα
1225 2003 1561 2065 ἀκολάστων,
1591 2007 1687 2058 καὶ
1717 2007 1825 2057 τοί-

239 2113 355 2162 χων
395 2097 663 2166 διορυχαὶ,
698 2098 793 2149 καὶ
840 2097 1060 2160 κλοπαὶ,
1095 2101 1190 2151 καὶ
1229 2099 1417 2152 οίκιῶν
1451 2099 1820 2169 καθαιρέσεις,

240 2186 340 2237 καὶ
391 2187 492 2238 ὅσα
547 2190 626 2249 είς
654 2188 812 2240 τοῦτο
866 2189 1072 2242 τείνει·
1107 2191 1187 2242 ἔτι
1220 2208 1280 2243 τε
1326 2191 1510 2246 ἄδικον
1546 2191 1676 2260 πῦρ,
1730 2192 1824 2244 καὶ

237 2278 408 2330 λίθων
461 2280 706 2346 ἀφέσεις,
740 2281 835 2333 καὶ
896 2283 1210 2352 τραύματα,
1243 2284 1336 2336 καὶ
1381 2282 1608 2352 πληγαὶ,
1657 2283 1750 2335 καὶ
1796 2283 1824 2334 ό

237 2372 416 2432 πολὺς
447 2371 708 2425 ἑκάστοτε
740 2373 923 2443 φόνος,
955 2375 1014 2428 τό
1056 2392 1114 2426 τε
1151 2374 1238 2427 διὰ
1270 2376 1449 2442 πάσης
1484 2376 1701 2446 ἡλικίας
1737 2392 1824 2428 νο-

244 2464 543 2530 μιζόμενον
572 2464 744 2533 ξίφος,
789 2467 884 2520 καὶ
918 2469 945 2518 ό
977 2468 1343 2536 στεργόμενος
1373 2468 1672 2538 ἀκινάκης,
1701 2469 1822 2536 μεθ’

237 2549 316 2608 ὧν
367 2557 465 2608 καὶ
521 2557 693 2625 ἡδέως
746 2559 1093 2625 καθεύδουσι,
1139 2563 1234 2614 καὶ
1285 2555 1360 2616 ὧν
1415 2562 1543 2616 ἀνευ
1593 2561 1694 2631 ζῇν
1723 2563 1821 2631 ούχ

238 2642 354 2699 οἷόν
387 2665 471 2700 τε.
530 2649 670 2710 Τοὺς
701 2649 808 2720 γάρ
860 2653 953 2702 ἐπὶ
1004 2653 1150 2721 κακῇ
1189 2651 1355 2721 μοίρᾳ
1397 2651 1499 2719 τῆς
1545 2651 1821 2722 ἡμετέρας

239 2740 334 2790 καὶ
369 2741 577 2805 φύντας
610 2744 707 2795 καὶ
757 2745 1064 2813 τραφέντας
1097 2746 1192 2797 καὶ
1240 2744 1599 2815 αὐξηθέντας,
1633 2744 1727 2798 καὶ
1753 2747 1818 2816 τῇ

239 2833 466 2901 πατρίδι
500 2833 657 2903 κριοῦ
690 2838 918 2904 τροφεῖα
949 2837 1253 2899 δεδωκότας
1276 2837 1352 2898 ὡς
1386 2837 1565 2905 λόγος,
1597 2837 1821 2901 τούτους

238 2925 302 2992 δὴ
335 2927 466 2986 τοὺς
498 2926 832 2994 Σαλμωνέας
860 2928 1099 2997 ἀτεχνῶς
1129 2930 1225 2981 καὶ
1246 2929 1616 2997 Λυκούργους,
1645 2932 1675 2997 ἢ
1706 2949 1823 2984 και-

238 3018 370 3082 νούς
404 3036 556 3081 τινας
592 3021 856 3087 γίγαντας
887 3021 917 3089 ἢ
961 3020 1056 3072 τοῦ
1094 3022 1430 3093 Πολυφήμου
1482 3025 1753 3094 μαθητὰς,
1786 3027 1818 3096 ἢ

235 3111 339 3163 οὐκ
389 3105 490 3162 οἷδ’
517 3111 544 3163 ὃ
570 3128 622 3163 τι
650 3113 763 3174 ,καὶ
799 3111 984 3181 φαίην,
1030 3112 1152 3166 οὐδὲ
1198 3114 1379 3180 λέγειν
1419 3115 1618 3183 ἔξεστι,
1649 3116 1823 3170 ταῦτα

1928 625 2151 693 picuter
2179 640 2242 679 ac
2275 627 2522 680 modeste
2558 629 2953 697 rempublicam
2986 643 3196 697 gerere.
3233 627 3509 697 dignoque

1927 715 2230 784 majoribus
2274 731 2427 770 more
2464 734 2479 772 :
2523 734 2700 787 eaque
2748 735 2934 787 agere,
2973 734 3096 788 quae
3144 720 3380 773 maxime
3430 719 3510 771 fas

1926 809 2190 878 piumque
2233 809 2304 862 sit
2351 823 2537 879 agere,
2581 810 2766 865 odisse
2813 827 2966 877 vero,
3010 827 3133 880 quae
3171 826 3388 879 arquum
3441 811 3510 863 sit

1926 899 2132 959 odisse.
2167 900 2372 968 quibus
2403 917 2469 956 ex
2501 902 2668 969 rebus
2698 902 2903 970 optima
2936 901 3119 955 omnia
3153 902 3506 970 proveniunt,

1927 989 2045 1043 haec
2079 1005 2148 1044 ne
2191 992 2243 1045 in
2289 992 2474 1045 animo
2516 993 2739 1061 quidem
2788 993 3077 1055 habemus,
3109 993 3202 1046 sed
3246 993 3327 1046 vel
3366 994 3509 1060 ipsas

1927 1084 1996 1136 de
2033 1083 2182 1138 hisce
2215 1084 2598 1154 cogitationes,
2634 1095 2894 1154 tanquam
2939 1085 3088 1140 aliud
3125 1084 3336 1153 aliquid
3379 1083 3512 1151 legi-

1929 1172 2033 1230 bus
2070 1175 2451 1239 inlerdictum,
2483 1190 2513 1230 a
2551 1177 2710 1230 nobis
2746 1177 2964 1245 penitus
2994 1178 3280 1244 exegimus
3315 1190 3511 1229 excus-

1926 1270 2232 1336 simusquc.
2270 1268 2423 1324 Hanc
2451 1283 2552 1323 nos
2585 1269 2800 1323 scilicet
2833 1268 3048 1322 honesti
3079 1270 3324 1337 justique
3356 1265 3511 1319 duci-

1926 1377 2052 1415 mus
2104 1361 2394 1426 rationem,
2439 1371 2497 1415 ut
2545 1362 2768 1430 publico
2814 1377 2955 1430 pene
2997 1360 3208 1431 judicio
3243 1360 3386 1414 diem
3433 1360 3508 1414 illi

1928 1453 2209 1515 dicamus,
2245 1455 2499 1523 quisquis
2567 1470 2676 1508 non
2721 1453 2985 1524 Eury’bati
3024 1454 3183 1522 plane
3226 1453 3392 1506 vitam
3430 1453 3513 1505 vi-

1927 1550 2098 1612 xerit;
2134 1548 2381 1616 adeoque
2428 1549 2818 1604 velutsursum
2870 1549 3288 1602 recurrentibus
3319 1547 3507 1600 amni-

1929 1641 2032 1694 bus
2068 1651 2271 1693 nostraa
2312 1655 2460 1694 nunc
2498 1656 2585 1694 res
2635 1649 2820 1706 erunt,
2859 1641 3027 1710 idque
3067 1650 3221 1694 tanto
3265 1638 3512 1707 profecto

1928 1731 2122 1799 magis,
2159 1743 2218 1785 ut
2253 1747 2354 1787 nec
2389 1732 2681 1801 pristinum
2713 1733 2948 1803 amplius
2988 1740 3310 1800 exspectare
3350 1730 3514 1783 liceat

1929 1831 2153 1886 statum,
2193 1835 2459 1892 quantum
2509 1825 2726 1894 quidem
2768 1825 3086 1894 conjectura
3125 1838 3189 1876 ex
3233 1819 3514 1890 prmsenti-

1935 1915 2037 1968 bus
2080 1919 2336 1985 augurari
2391 1931 2702 1986 possumus.
2741 1916 2948 1982 Nempe
2991 1915 3057 1968 iis
3099 1914 3259 1967 unice
3304 1914 3513 1982 gaude-

1933 2023 2076 2071 mus,
2109 2008 2315 2074 quibus
2350 2009 2729 2078 turpissimum
2778 2008 3016 2077 gaudere
3049 2015 3153 2066 est,
3190 2014 3246 2059 et
3279 2022 3511 2074 quorum

1936 2099 2016 2152 vel
2063 2101 2380 2153 meminisse
2425 2100 2716 2164 duntaxat,
2750 2099 2976 2154 sceleris
3012 2099 3327 2153 habendum
3366 2098 3511 2153 loco.

1931 2185 2144 2255 Quippe
2173 2198 2360 2241 mutua
2389 2187 2624 2242 invicem
2649 2187 2976 2243 crudelitate
3002 2187 3225 2254 saevire;
3253 2197 3308 2242 et
3334 2189 3515 2256 proxi-

1931 2292 2019 2331 me
2052 2279 2118 2332 ad
2151 2279 2546 2333 immanitatem
2582 2278 2824 2333 ferarum
2867 2279 3160 2347 accedere;
3197 2291 3254 2335 et
3286 2281 3513 2336 seditio-

1931 2388 2028 2426 nes
2074 2371 2324 2441 quotidie
2372 2381 2485 2425 tum
2535 2373 2810 2437 meditari,
2845 2381 2959 2428 tum
3002 2375 3149 2428 ciere
3183 2383 3347 2443 atque
3378 2389 3513 2428 con-

1928 2465 2096 2527 ﬂare;
2132 2479 2186 2519 et
2227 2464 2462 2518 divitum
2493 2465 2733 2535 diripere
2770 2474 2937 2536 atque
2982 2465 3229 2536 expilare
3268 2468 3461 2521 domos
3493 2485 3509 2520 :

1928 2573 1995 2613 eo
2027 2558 2187 2628 plane
2223 2558 2406 2624 modo,
2444 2573 2554 2627 quo
2581 2560 2812 2614 Athenis
2860 2572 3108 2629 tempore
3156 2561 3384 2630 triginta
3434 2568 3515 2630 ty-

1929 2665 2264 2716 rannorum;
2297 2660 2351 2704 et
2387 2651 2548 2706 modo
2581 2651 2636 2704 in
2671 2651 2962 2707 manifesto
2993 2651 3339 2723 deprehendi
3386 2668 3513 2721 per-

1925 2742 2096 2810 jurio,
2133 2743 2298 2796 modo
2335 2741 2479 2797 idem
2529 2758 2725 2796 rursus
2769 2744 3054 2812 conceptis
3099 2743 3350 2813 dejerare
3395 2761 3515 2798 ver-

1929 2836 2045 2900 bis;
2077 2843 2134 2889 et
2159 2851 2307 2890 nunc
2339 2837 2447 2891 illis
2470 2837 2564 2906 qui
2595 2836 2646 2890 in
2677 2836 2798 2890 foro
2823 2836 3048 2906 degunt,
3073 2851 3136 2891 os
3164 2851 3347 2906 pugno
3375 2851 3512 2889 con-

1928 2924 2244 2990 verberare,
2269 2933 2326 2979 et
2357 2925 2677 2989 concidere,
2706 2935 2761 2981 et
2796 2926 2983 2992 ferire,
3024 2937 3079 2981 et
3108 2926 3280 2995 virgis
3318 2927 3513 2980 verbe-

1931 3016 2194 3086 ribusque
2216 3016 2603 3086 frequentibus
2626 3027 2772 3089 terga
2791 3020 3068 3084 lacerare;
3092 3034 3238 3072 nunc
3256 3028 3510 3087 arreptos

1929 3106 2097 3162 barba
2125 3107 2291 3162 etiam
2318 3123 2435 3163 aevo
2463 3125 2859 3180 nonnunquam
2885 3110 3123 3181 grandes
3158 3111 3309 3163 viros
3331 3118 3510 3176 rapta-

236 3200 429 3251 τοίνυν
479 3199 574 3251 καὶ
625 3199 798 3251 πλείω
847 3199 1054 3253 τούτων
1102 3199 1364 3265 ἐξώλειαν
1405 3202 1622 3273 ἔχοντα,
1665 3205 1727 3257 τό
1758 3222 1819 3272 γε

1929 3214 2025 3264 re,
2071 3199 2237 3270 idque
2279 3201 2432 3256 nullo
2483 3201 2694 3269 pudore
2748 3210 2839 3256 aut
2893 3202 3263 3268 verecundia;
3318 3217 3513 3256 rursus

235 3290 485 3359 τήμερον
514 3287 676 3353 εἶναι,
707 3292 777 3344 τά
806 3294 1030 3345 πάντων
1061 3293 1197 3362 ἡμῖν
1236 3294 1432 3362 ἥδιστα
1452 3311 1468 3326 ⁸
1512 3299 1606 3348 καὶ
1642 3297 1823 3350 mau-

237 3382 474 3450 νεύομεν
505 3383 564 3432 ὲν
593 3381 806 3446 τούτοις
833 3383 1195 3453 εὐδαιμονεῖν,
1223 3379 1298 3439 ὦν
1319 3388 1378 3439 τὸ
1409 3389 1666 3455 καθάπαξ
1696 3393 1826 3443 ἀτυ-

237 3474 358 3542 χεῖν
413 3474 738 3540 εὐδαιμονία
791 3478 1012 3544 σαφήςο
1054 3477 1198 3541 ἀξιοι
1250 3480 1350 3547 μὲν
1399 3481 1550 3548 παρά
1605 3482 1826 3535 πάντων

241 3567 528 3634 μισεῖσθαι
559 3567 668 3619 τῶν
704 3567 828 3620 νοῦν
855 3570 1112 3638 ἐχόντων,
1149 3571 1289 3634 ἀξιοι
1335 3573 1392 3625 δὲ
1428 3575 1697 3643 κρημνῶν
1729 3577 1824 3627 καὶ

243 3657 548 3726 βαράθρων
588 3659 678 3710 καὶ
717 3660 959 3728 σεισμῶν
1001 3664 1095 3714 καὶ
1144 3665 1476 3731 χωσμάτων,
1508 3665 1734 3718 καὶτῶν
1768 3665 1826 3730 ἐξ

239 3750 476 3819 οὐρανοῦ
510 3752 727 3803 πάντων
757 3751 928 3821 βελῶν
948 3770 963 3786 ο
996 3755 1093 3824 οὐχ
1131 3756 1206 3817 ὡς
1238 3756 1348 3808 τῶν
1376 3757 1702 3811 δεινοτάτων
1732 3761 1827 3811 αὑ-

239 3845 490 3913 τὸχειρες
531 3843 714 3913 μόνον,
747 3846 883 3898 ἀλλὰ
937 3850 1030 3900 καὶ
1075 3848 1152 3914 τῷ
1185 3849 1536 3919 παράδειγμα
1575 3853 1691 3912 τοῖς
1731 3852 1823 3906 ἄλη

241 3939 355 4000 λοις
402 3939 694 4004 γεγονέναι
729 3938 834 3988 τῶν
865 3939 996 3992 ῖσων
1021 3955 1034 3966 ’
1072 3940 1208 4008 πρὸς
1253 3943 1362 4012 γάρ
1399 3942 1495 4004 τὰς
1551 3945 1827 4011 μητροπό-

242 4030 358 4093 λεις
406 4031 635 4082 ἕκαστοι
681 4029 988 4098 βλέποντες,
1048 4034 1190 4099 σφᾶς
1241 4034 1437 4094 αὐτοὺς
1484 4035 1820 4087 πλάττουσι·

240 4127 465 4193 Φεραῖοι
497 4122 628 4190 γοῦν
678 4124 773 4176 καὶ
828 4124 1200 4190 Ποτιδαιᾶται,
1245 4127 1340 4178 καὶ
1373 4127 1430 4178 al
1487 4127 1672 4179 λοιπαὶ
1723 4129 1822 4181 πό-

241 4218 375 4278 λεις,
408 4215 519 4268 οὐδ’
549 4216 698 4266 ἔστιν
725 4217 902 4266 εἰπεῖν
930 4218 987 4276 ἐς
1013 4215 1136 4268 ὅσον
1170 4216 1368 4282 μανίας
1401 4216 1640 4287 ῆλασαν·
1681 4219 1826 4271 οὕτω

241 4329 294 4363 τι
329 4311 829 4377 πλεονεκτήσαντες
881 4307 1018 4376 πρὸς
1065 4308 1166 4378 τὴν
1211 4309 1469 4377 μίμησιν.
1517 4309 1629 4360 Καὶ
1684 4312 1824 4377 μετὰ

243 4402 504 4455 τοσούτου
554 4402 694 4454 πάνυ
727 4400 819 4452 τοῦ
851 4400 1106 4469 θράσους,
1139 4401 1214 4462 ὡς
1249 4401 1345 4453 καὶ
1392 4401 1684 4471 παρελθεῖν
1710 4403 1824 4464 τοῖς

242 4498 429 4566 ἔργοις
480 4496 580 4562 τὴν
614 4493 798 4560 φύσιν,
857 4495 951 4545 καὶ
990 4493 1208 4544 παιδιάν
1259 4493 1499 4562 ἀτεχνῶς
1538 4492 1711 4555 δεῖξαι
1756 4493 1824 4544 τὰ

242 4592 376 4657 παρ’
405 4589 588 4657 ἡμῶν,
618 4589 682 4638 ὲκ
712 4587 984 4656 δευτέρων
1016 4587 1082 4638 τὰ
1115 4588 1363 4654 πρωτεῖα
1407 4587 1605 4655 τρόπον
1635 4587 1823 4655 ἕτερον

241 4683 636 4748 κομισάμενοι.
674 4680 733 4730 ΕΞ
767 4679 811 4731 δ’
853 4680 880 4730 ὁ
931 4678 994 4730 τὸ
1027 4680 1248 4747 σπέρμα
1303 4679 1624 4749 παρασχὼν,
1669 4672 1824 4738 οὗτος

240 4773 337 4823 καὶ
372 4771 484 4821 τῶν
517 4768 731 4836 φύντων
779 4768 952 4829 αἴτιος
980 4768 1008 4818 ὁ
1052 4768 1140 4831 σὸς
1187 4768 1402 4837 ἑταῖρός
1455 4770 1823 4838 φησιιςΔημοο

241 4863 462 4930 σθένης,
497 4862 594 4913 καὶ
623 4859 795 4922 οὕτως
827 4859 933 4930 ἄρα
968 4861 1230 4922 νικῶντες
1267 4862 1427 4930 ἡμεῖς
1460 4861 1639 4926 νίκην,
1666 4860 1732 4930 ἢν
1759 4861 1823 4913 ἀν

243 4974 335 5024 μοι
366 4956 517 5007 δοκεῖ
565 4971 646 5016 τις
684 4955 778 5006 καὶ
810 4954 943 5021 δναρ
977 4951 1100 5005 ἰδὼν
1145 4954 1247 5004 ούκ
1300 4952 1389 5016 ἂν,
1427 4954 1586 5022 εἴπερ
1632 4948 1743 5005 οἷόν
1774 4953 1822 5004 τ’

238 5045 326 5118 ἦν,
355 5047 434 5099 ἔθ’
465 5046 633 5098 ὖπνου
665 5048 959 5115 μετασχεῖν
1002 5044 1280 5114 ἐθελῆσαι,
1318 5043 1470 5112 φόϐῳ
1507 5045 1618 5096 τῶν
1654 5045 1815 5096 ἰσων·

238 5147 296 5196 ἐν
332 5142 516 5193 τοίνυν
550 5139 812 5200 τοιούτοις
842 5137 991 5190 οὖσιν
1024 5139 1155 5206 ἡμῖν
1186 5136 1268 5199 τίς
1316 5136 1470 5188 ἐλπὶς
1513 5138 1819 5204 σωτηρίας;

240 5236 449 5304 μᾶλλον
477 5233 532 5286 δὲ
565 5233 646 5292 τίς
680 5232 780 5283 οὐκ
815 5232 880 5284 ἂν
907 5230 1067 5292 ἐλπίς
1101 5229 1377 5291 ἀπωλείας
1401 5246 1414 5292 ς
1441 5230 1576 5282 ὅπου
1605 5230 1714 5298 γὰρ
1742 5225 1822 5289 εἷς

239 5328 496 5382 ὀστιτοῦν
526 5328 696 5388 κακὸς
734 5325 997 5387 πολλάκις
1047 5327 1347 5391 ἀναφανεὶς
1379 5323 1553 5386 αἴτιος
1597 5323 1696 5393 ὅλῃ
1726 5323 1823 5374 πό-

236 5421 318 5472 λει
352 5419 548 5484 γέγονε
598 5418 903 5484 συμφορᾶς,
936 5415 1031 5466 καὶ
1074 5414 1171 5482 τῆς
1204 5414 1323 5476 ἑνός
1369 5429 1513 5475 τινος
1550 5412 1822 5482 ἀκρασίας

238 5515 386 5565 ama
426 5514 580 5580 κοινῇ
616 5512 674 5562 τδ
725 5509 928 5577 πλῆθος
970 5508 1068 5578 τὴν
1097 5509 1254 5576 δίκην
1299 5509 1501 5571 ἔτισαν,
1549 5509 1601 5557 τί
1637 5505 1821 5557 πείσε-

240 5606 367 5656 σῦαι
401 5605 509 5672 χρὴ
539 5601 778 5669 νομίζειν
803 5601 972 5669 ἡμᾶς,
1009 5601 1114 5650 τῶν
1140 5599 1240 5667 μὲν
1269 5599 1819 5667 πεπλημμεληκότων

237 5698 409 5747 ὄντων
444 5694 584 5761 ὑπὲρ
615 5695 712 5753 τάς
751 5696 937 5761 μυίας,
977 5693 1071 5761 τῆς
1118 5691 1172 5743 δὲ
1214 5691 1449 5754 ἀδικίας,
1480 5690 1594 5743 ἀλλ’
1625 5691 1721 5742 οὐκ
1753 5691 1820 5742 ἂν

237 5790 512 5854 δυναίμην
544 5789 717 5838 εἰπεῖν
744 5789 841 5854 ὅση
871 5805 972 5849 τις.

1928 3293 2066 3347 alios
2093 3293 2428 3348 contumelia
2457 3303 2514 3348 et
2547 3294 2765 3365 injuriis
2797 3294 3168 3366 perfundere;
3204 3295 3327 3349 aliis
3359 3306 3510 3349 atro-

1927 3385 2147 3440 cissima
2201 3390 2409 3457 quaevis
2469 3387 2749 3453 minitari;
2802 3397 2857 3449 et
2910 3387 3071 3442 fmdze
3127 3388 3513 3444 dimicationcs

1923 3488 2253 3544 nocturnae;
2281 3489 2338 3534 et
2368 3480 2512 3549 globi
2545 3480 2874 3534 sicariorum
2905 3481 3171 3536 adversus
3199 3481 3511 3550 municipes

1928 3575 1984 3621 et
2022 3567 2291 3634 tribules,
2349 3578 2404 3622 et
2431 3569 2591 3638 justas
2631 3571 3134 3638 perditissimorum
3171 3571 3508 3625 nebulonum

1928 3659 2135 3726 copiae;
2182 3669 2234 3712 et
2279 3659 2651 3728 perfossiones
2686 3663 2999 3730 parietum;
3031 3673 3087 3716 et
3122 3663 3288 3726 furta,
3324 3673 3381 3717 et
3411 3662 3511 3715 do-

1929 3766 2116 3804 muum
2150 3753 2499 3819 eversiones;
2541 3763 2850 3822 caeteraque
2882 3754 2933 3807 id
2965 3770 3138 3824 genus
3166 3756 3368 3808 omnia.
3402 3755 3512 3809 Ad-

1929 3842 2045 3897 bzec
2072 3861 2237 3913 porro
2267 3844 2458 3898 nefarii
2497 3859 2562 3900 ac
2592 3845 2794 3900 funesti
2831 3847 3006 3915 ignes,
3037 3855 3092 3899 et
3120 3846 3506 3915 lapidationes,

1928 3945 1982 3992 et
2031 3939 2240 4006 ingesta
2285 3939 2550 4003 vulnera,
2588 3954 2652 3992 ac
2700 3939 2874 4002 ictus,
2918 3950 2974 3993 et
3024 3939 3297 3994 continua:
3343 3949 3508 4007 atque

1927 4029 2261 4095 qu0tidianae
2307 4029 2485 4083 caedes
2533 4039 2875 4100 stragesque,
2911 4042 2965 4086 et
3011 4033 3160 4084 omni
3206 4033 3354 4084 αξιοιί
3395 4031 3506 4084 fre-

1928 4135 2107 4189 quens
2149 4120 2279 4175 ferri
2325 4137 2478 4185 usus,
2515 4131 2680 4191 atque
2730 4124 2785 4176 in
2829 4123 3043 4177 deliciis
3085 4125 3358 4188 acinaces,
3387 4124 3508 4193 qui-

1929 4215 2160 4281 buscum
2188 4225 2246 4269 et
2274 4215 2434 4284 quies
2463 4215 2579 4284 ipsa
2603 4231 2943 4285 somnusque
2995 4217 3218 4270 suavior
3249 4216 3505 4279 habetur,

1925 4316 1983 4361 et
2013 4308 2131 4362 sine
2161 4309 2361 4376 quibus
2390 4324 2494 4363 nec
2519 4309 2718 4379 degere
2749 4309 2916 4362 vitam
2944 4319 3197 4379 possunt.
3226 4309 3335 4364 llos
3361 4311 3506 4363 enim

1928 4398 1981 4450 in
2015 4397 2314 4464 perniciem
2343 4409 2505 4466 atque
2532 4401 2757 4450 exitium
2789 4399 3105 4466 reipublica:
3135 4410 3357 4459 nostra,
3391 4409 3504 4452 tum

1927 4501 2083 4544 natos
2106 4492 2377 4560 altosque,
2397 4500 2510 4544 tum
2534 4491 2747 4560 magnis
2767 4493 2965 4559 opibus
2985 4501 3196 4551 auctos,
3219 4506 3320 4545 nec
3344 4492 3505 4546 aliam

1929 4584 2144 4653 patriae,
2177 4598 2340 4652 quam
2374 4582 2587 4647 arietis,
2625 4592 2684 4635 ut
2732 4583 2786 4635 in
2836 4582 3129 4651 proverbio
3161 4591 3265 4646 est,
3303 4586 3508 4636 educa-

1930 4677 2097 4730 tionis
2143 4676 2520 4746 persolventes
2573 4676 2888 4729 mercedem
2923 4692 2937 4728 :
2970 4675 3071 4728 hos
3114 4675 3360 4744 inquam,
3391 4676 3507 4728 sive

1929 4784 2110 4823 meros
2132 4783 2401 4837 verosque
2427 4765 2750 4821 Salmoneus
2778 4775 2833 4820 et
2864 4766 3167 4837 Lycurgos,
3189 4767 3304 4820 sive
3337 4781 3507 4820 novos

1927 4862 2216 4932 quospiam
2245 4861 2512 4931 gigantes,
2537 4861 2653 4913 sive
2675 4874 2968 4928 germanos
2998 4859 3316 4926 Polyphemi
3342 4858 3511 4911 disci-

1928 4957 2126 5025 pulos,
2175 4955 2291 5008 sive
2339 4969 2451 5023 quo
2509 4955 2616 5007 alio
2671 4954 2940 5022 appellem
2993 4953 3215 5005 nomine
3267 4953 3509 5005 incertus

1931 5048 2150 5108 haereo;
2199 5059 2300 5098 nec
2349 5046 2636 5098 nominare
2680 5054 2880 5098 tutum.
2933 5045 3022 5098 lla:
3070 5045 3275 5114 itaque,
3314 5053 3368 5098 et
3423 5045 3507 5098 liis

1928 5138 2094 5191 etiam
2126 5137 2460 5192 funestiores
2490 5151 2722 5204 quaeque
2751 5147 2953 5203 pestes,
2978 5153 3099 5204 qua:
3135 5153 3282 5190 nunc
3318 5153 3503 5190 rerum

1931 5230 2098 5284 facies
2129 5238 2232 5294 est,
2267 5229 2515 5283 omnium
2555 5229 2713 5283 nobis
2752 5228 3170 5298 jucundissima:
3211 5239 3341 5284 sunt
3373 5247 3386 5284 :
3421 5241 3505 5283 at-

1931 5339 2035 5392 que
2074 5322 2213 5377 adeo
2249 5323 2317 5377 iis
2358 5322 2410 5375 in
2447 5323 2609 5376 rebus
2653 5321 2841 5375 felices
2876 5321 3036 5376 nobis
3067 5322 3340 5386 videmur,
3372 5339 3506 5392 qua-

1932 5432 2050 5469 rum
2077 5418 2389 5485 inexpertos
2415 5416 2576 5486 plane
2598 5429 2818 5478 esse,ea
2840 5414 3062 5469 demum
3087 5430 3212 5468 vera
3229 5425 3315 5469 est
3333 5414 3508 5469 felici-

1933 5514 2033 5558 tas.
2054 5506 2210 5575 Digni
2232 5507 2462 5576 proinde
2480 5506 2751 5570 omnium,
2769 5505 2860 5574 qui
2879 5507 3119 5574 sapiunt,
3138 5507 3264 5559 odio
3287 5521 3501 5570 sumus;

1928 5598 2076 5668 digni
2120 5614 2252 5652 saxo
2277 5599 2512 5668 Tarpeio
2539 5608 2705 5666 atque
2761 5599 3059 5662 harathris;
3083 5598 3231 5667 digni
3266 5599 3506 5651 motibus

1931 5703 2088 5746 terra:
2117 5693 2498 5760 liiatibusquc;
2532 5690 2679 5759 digni
2707 5691 2902 5758 jaculis
2934 5691 3364 5758 lulminiluusque
3394 5705 3506 5745 εω-

1931 5788 2160 5839 lvstihus
2201 5790 2478 5839 omnibus.
2531 5785 2696 5852 quue
2750 5800 2855 5836 nou
2905 5783 3028 5836 ideo
3079 5792 3312 5848 tantum,
3351 5783 3497 5853 quod

241 5895 350 5940 tam
387 5883 651 5952 capitales
701 5882 1225 5950 lrauilesnoxasquc
1258 5882 1308 5933 in
1380 5898 1477 5934 Ilua
1544 5880 1888 5946 admisimus,
1934 5898 2118 5945 wrqu
2163 5893 2323 5936 suam
2374 5880 2516 5949 quod
2573 5877 2830 5933 similium
2884 5891 3138 5932 ausorum
3188 5879 3497 5945 exemplum
