4232 6432
239 400 344 463 H3

1663 415 2065 479 EPISTOLAE-

3397 410 3498 474 ιιι

241 518 421 581 ἄλλως
440 535 501 586 γε
531 519 648 589 μετ’
667 519 911 590 ἀλλήλων
927 521 1108 586 ὄντας·
1133 525 1254 578 ἐπεὶ
1271 527 1316 579 δ’
1342 529 1370 582 δ
1391 528 1546 581 πάντ’
1565 527 1674 596 ἐγὼ
1697 530 1758 582 δυ
1768 546 1822 580 σ-
1849 537 1893 590 Α

1849 537 1893 590 Α
1925 533 1993 585 ab
2027 535 2198 586 altero
2243 533 2656 590 divellercmur,
2708 531 2800 598 qui
2848 527 3051 597 alioqui
3101 526 3209 580 alio
3262 525 3497 592 quodam

240 611 414 678 τυχὴς
471 611 564 662 καὶ
617 609 777 664 τοῦτο
810 613 1124 683 ἀφῄρημαι,
1174 619 1266 670 καὶ
1312 621 1439 682 τοὺς
1487 621 1656 687 ἐμοὺς
1707 622 1825 688 ἰμέ-

243 721 373 775 ρους
413 703 655 774 ίσχουσιν
687 705 736 757 οἰ
765 705 1074 773 Βυζάντιοι,
1102 709 1234 778 φέρε
1266 710 1398 777 γοῦν
1443 711 1477 765 ἃ
1512 710 1606 763 τοῦ
1638 711 1826 780 φθινο-

241 797 667 867 πώρουσυνέϐη
705 799 933 867 δηλώσω
979 819 1084 856 σοι.
1129 803 1607 877 Ἐπτακαιδεκάτῃ
1655 805 1824 876 μηνὸς

241 890 579 960 Γορπιαίου,
638 893 776 959 μετὰ
830 895 927 957 τὰς
990 896 1142 964 ἱερὰς
1200 897 1451 960 συνόδους
1504 899 1676 951 οἴκαδ’
1735 898 1823 949 ὲλ-

241 981 411 1046 θόντι,
447 984 524 1037 ἐτ’
566 984 731 1056 οὔσης
777 986 1001 1055 βαθείας
1062 988 1225 1058 ἑῴας,
1277 990 1439 1052 εὐθὺς
1482 991 1712 1060 ἠπίαλος
1740 1008 1823 1052 τις

241 1077 606 1145 προσϐάλλει,
643 1079 868 1149 μεγέθει
897 1097 956 1132 τε
1003 1082 1281 1150 μέγιστος,
1313 1085 1408 1136 καὶ
1455 1085 1648 1152 κράτει
1690 1084 1825 1152 κρά-

240 1184 426 1230 τιστος
456 1185 469 1198 ·
495 1170 556 1222 οὐ
585 1171 694 1239 γὰρ
719 1172 955 1242 συνήθης
982 1173 1162 1226 ἐδόκει
1181 1175 1295 1237 τοῖς
1326 1178 1552 1244 ἰατροῖς,
1583 1177 1662 1244 τῷ
1689 1178 1825 1243 μετὰ

239 1259 520 1334 τοσαύτης
541 1263 853 1332 ἀπαντῆσαι
874 1266 1253 1334 παρασκευῆς,
1278 1266 1354 1329 ὡς
1380 1271 1555 1321 πάντα
1581 1267 1826 1336 διαφθεῖ-

245 1368 342 1421 ραι
383 1353 603 1423 ῥᾳδίως,
643 1355 730 1407 διὰ
760 1357 941 1426 πάσης
978 1358 1192 1428 ἡμέρας
1219 1377 1278 1412 τε
1326 1362 1418 1413 καὶ
1449 1362 1644 1423 νυκτὸς
1678 1348 1860 1414 ᾶπαν’

240 1449 302 1498 τὸ
336 1449 498 1517 σῶμα
531 1452 812 1522 συνεχέσιν
859 1453 1192 1517 ἑλεπολίζων
1221 1459 1332 1517 τοῖς
1380 1456 1822 1527 ἀκροϐολισμοῖς,

242 1543 338 1593 καὶ
389 1543 585 1613 μέχρις
617 1545 794 1596 ὀστῶν
824 1563 882 1597 τε
931 1549 1025 1598 καὶ
1061 1549 1297 1616 μυελῶν,
1334 1549 1493 1601 τοῦτο
1541 1550 1605 1621 δὴ
1636 1551 1697 1602 τὸ
1729 1551 1824 1604 τοῦ

241 1635 430 1700 λόγου,
460 1639 562 1702 τὴν
593 1638 944 1707 καταδρομὴν
972 1641 1332 1707 .ὲπεισάγων.
1375 1642 1441 1694 Τί
1479 1644 1539 1694 τὸ
1577 1642 1672 1694 ἐπὶ
1699 1642 1824 1695 τού-

240 1742 362 1788 τοις
389 1742 402 1789 ;
448 1729 660 1780 ’Δσιτέα
689 1732 960 1798 παντελὴς
985 1733 1066 1794 εἰς
1100 1733 1362 1802 ἑσπέραν,
1399 1739 1492 1787 καὶ
1521 1735 1823 1805 τηνικαῦτα

239 1819 359 1873 τοῖς
389 1820 596 1886 ἰατροῖς
622 1821 795 1873 ἐδόκει
825 1825 1151 1893 χαρίζεσθαι
1176 1822 1255 1888 οἷς
1283 1827 1458 1892 ἔξεστι
1485 1845 1497 1858 '
1531 1831 1626 1881 καὶ
1654 1833 1822 1899 ἐχρη-

243 1905 467 1973 σάμεθά
499 1924 580 1974 γε.
616 1909 725 1978 Τῆς
756 1911 813 1964 δὲ
847 1913 1112 1984 ἐπιούσης
1142 1917 1303 1969 πάλιν
1335 1919 1361 1970 ὁ
1394 1918 1555 1982 αὐτὸς
1592 1919 1820 1988 χειμὼν,

241 1998 338 2048 καὶ
366 1998 422 2048 αἰ
447 2000 608 2052 αὑταὶ
637 2004 972 2068 καταιγίδες,
1001 2008 1094 2058 καὶ
1121 2011 1233 2070 τοῖς
1257 2010 1441 2073 αὐτοῖς
1460 2013 1817 2081 ἐκλυζόμεθα.

244 2087 692 2155 Προσεπεγένετο
743 2091 799 2142 δὲ
843 2095 936 2144 καὶ
996 2094 1218 2162 κύματα
1267 2098 1406 2151 ἄττα
1455 2100 1684 2168 ἐμέτων,
1727 2103 1821 2153 καὶ

239 2177 408 2248 χολῆς
434 2180 687 2251 σύρροια,
716 2183 853 2251 μετὰ
877 2187 1103 2254 τοσῆσδε
1130 2188 1453 2258 δυσχερείας
1479 2193 1571 2243 καὶ
1601 2194 1821 2247 τοσοῦδε

239 2272 338 2324 τοῦ
374 2275 539 2328 σάλου
577 2277 968 2346 ἀμφοτέρωθεν
1010 2280 1300 2346 προϊοῦσα,
1344 2283 1418 2345 ὡς
1454 2285 1527 2354 μὴ
1559 2286 1819 2340 δύνασθαι

238 2367 378 2437 περὶ
429 2367 635 2422 τούτων
680 2369 880 2437 λέγειν,
943 2371 1025 2424 σοὶ
1057 2373 1102 2424 δ’
1151 2374 1393 2438 εἰκάζειν
1442 2379 1663 2439 ἐξεῖναι.
1714 2380 1822 2431 Καὶ

237 2459 402 2512 τοῦτο
464 2462 862 2534 προύχώρησεν
915 2467 972 2528 ὲς
1031 2467 1243 2534 ἡμέρας
1280 2467 1434 2532 δέκα,
1487 2470 1579 2521 τόν
1631 2488 1689 2522 τε
1725 2473 1821 2524 κά-

242 2570 447 2617 μνοντα
483 2556 772 2624 κατάκρας
802 2555 1048 2619 ὲλαῦνον,
1075 2559 1199 2622 τούς
1225 2577 1285 2612 τε
1324 2561 1537 2630 ἰατροὺς
1571 2566 1627 2625 ἐς
1658 2566 1820 2632 φόϐον

237 2647 300 2698 ού
327 2648 526 2714 μικρὸν
547 2649 814 2704 καθιστάν
833 2666 848 2680 '
867 2651 1041 2705 ἔπειθ’
1059 2652 1249 2724 ὥσπερ
1277 2655 1548 2728 Ἀθηναῖοι
1569 2660 1706 2726 μετὰ
1719 2660 1819 2728 τὴν

236 2743 296 2793 ἐν
323 2742 490 2808 Αἰγὸς
529 2747 794 2812 ποταμοῖς
822 2745 1136 2814 δυστυχίαν,
1157 2748 1253 2800 καὶ
1277 2749 1374 2817 τὴν
1418 2749 1511 2802 τοῦ
1542 2751 1819 2819 Πειραιῶς

236 2835 596 2902 κατάσχεσιν,
629 2836 726 2888 καὶ
753 2839 844 2889 τὸν
877 2836 1162 2906 ξυμϐάντα
1192 2841 1280 2893 διὰ
1306 2842 1478 2894 ταῦτα
1514 2843 1695 2912 λιμὸν,
1720 2843 1818 2897 καὶ

233 2927 337 2995 τὴν
367 2927 525 2978 πόλιν
551 2928 868 2993 ἀπώλεσαν,
898 2932 1040 2983 κατὰ
1061 2934 1227 2985 ταυτὰ
1256 2937 1348 2985 καὶ
1375 2935 1536 3003 ἡμεῖς
1562 2936 1818 2988 δεδυστυ-

232 3019 475 3088 χηκότες
521 3018 785 3088 ὤφθημεν
809 3039 823 3052 ·
862 3025 1002 3090 μετὰ
1032 3025 1140 3094 γὰρ
1172 3028 1294 3088 τοὺς
1325 3028 1535 3091 δεινοὺς
1575 3031 1817 3095 ἐκείνους

237 3112 510 3178 ἰλίγγους,
534 3113 743 3176 καὶτὰς
767 3116 867 3167 οὐκ
895 3117 1026 3169 ἄνευ
1059 3118 1289 3187 αἵματος
1318 3120 1425 3172 τῶν
1457 3122 1626 3190 χολῶν
1650 3124 1816 3192 ἐκρύ-

237 3219 376 3264 σεις,
412 3206 508 3254 καὶ
536 3205 603 3256 τὰ
627 3205 777 3256 πόλλ’
806 3207 970 3276 ’ἑτερα
991 3207 1098 3260 τῶν
1123 3209 1244 3262 τότε
1266 3211 1479 3275 δεινῶν,
1513 3214 1712 3267 τοιόνδε
1760 3233 1814 3268 τι
1843 3231 1887 3289 c

232 3293 367 3362 περὶ
399 3293 461 3343 τὸ
495 3293 652 3362 σῶμα
680 3297 958 3360 ἐγεγόνει·
989 3295 1018 3348 δ
1057 3296 1286 3350 θάνατον
1317 3302 1430 3362 τοῖς
1460 3317 1523 3366 γε
1568 3303 1813 3357 πλείοσιν

234 3386 534 3455 ἐπιφέρειν
563 3385 752 3447 παῖδές
800 3403 964 3454 φασιν
1000 3386 1235 3458 ἰατρῶν⁹
1268 3392 1397 3460 περὶ
1424 3395 1534 3463 γὰρ
1563 3395 1659 3448 τὸν
1691 3400 1816 3448 στό.

237 3492 421 3545 μαχον
447 3476 821 3545 περιπεσοῦσα
836 3477 968 3549 χολὴ
994 3480 1164 3550 πολλή
1192 3499 1250 3534 τε
1267 3485 1361 3535 καὶ
1385 3485 1653 3558 δυσχερὴς
1681 3508 1810 3542 συν-

233 3571 430 3636 έπνιγε
500 3571 600 3640 τὴν
648 3570 898 3639 καρδίαν,
950 3573 1047 3625 καὶ
1093 3575 1356 3629 ἀναπνεῖν
1405 3579 1504 3631 οὐκ
1544 3582 1671 3634 εἷα*
1720 3587 1812 3636 καὶ

230 3665 419 3713 πάντα
446 3662 517 3713 τὰ
539 3662 796 3714 δεινότατ’
824 3664 1019 3728 ἐποίει,
1057 3668 1202 3736 μήτε
1233 3668 1334 3736 τῆς
1367 3672 1597 3740 καρδίας
1626 3675 1811 3742 διαφο-

234 3753 517 3822 ρουμένης
580 3753 724 3805 κατὰ
776 3754 836 3805 τὸ
889 3756 1029 3820 ἔθος,
1058 3757 1153 3810 τοῦ
1187 3777 1244 3811 τε
1304 3763 1580 3833 στομάχου
1630 3768 1812 3818 πᾶσαν

231 3843 490 3910 ἡντινοῦν
534 3843 774 3914 ἴσχοντος
811 3846 1026 3913 ἀηδίαν,
1059 3850 1154 3901 καὶ
1202 3852 1368 3920 μηδὲν
1407 3855 1546 3916 ὅλως
1583 3874 1812 3927 προσιε-

235 3934 409 4002 μένου
435 3948 452 3965 ⁸
488 3935 625 3988 ἀλλὰ
646 3936 752 3988 κᾶν
781 3938 831 3988 εἰ
866 3939 1090 4007 θερμοῖς
1118 3941 1223 3993 κᾶν
1260 3943 1488 4012 ψυχροῖς
1513 3947 1615 4000 κᾶν
1641 3951 1811 4003 οἱστι-

234 4029 428 4080 σινοῦν
458 4031 570 4090 τοῖς
622 4031 732 4082 ἀπὸ
760 4033 860 4098 τῆς
902 4033 1098 4102 τέχνης
1153 4036 1464 4105 ἐχρώμεθα.
1512 4041 1708 4094 ἅπαντ’
1740 4040 1810 4113 ἦν

230 4121 483 4189 φλυαρία
511 4136 522 4147 ⁶
559 4122 655 4173 καὶ
680 4122 832 4174 οὐδὲν
857 4119 926 4195 ἦν
952 4124 981 4175 δ
1017 4126 1090 4192 μὴ
1125 4127 1322 4180 αὐτίκα
1351 4147 1412 4196 γε
1441 4127 1508 4200 ἦν
1531 4133 1654 4195 ἔξω.
1701 4136 1810 4187 Καὶ

230 4207 395 4259 τοῦτο
423 4210 537 4269 τοῖς
591 4211 796 4278 ἰατροῖς
841 4213 922 4274 είς
953 4213 1158 4282 ἄπορον
1211 4216 1587 4288 καθειστήκει,
1633 4223 1809 4275 πάντα

234 4301 335 4370 μὲν
359 4301 432 4352 τὰ
460 4303 562 4370 τῆς
607 4303 806 4368 τέχνης
857 4303 1122 4367 ποιοῦσιν,
1179 4307 1391 4371 οὐδενὸς
1420 4310 1478 4363 δὲ
1523 4304 1599 4364 ὧν
1630 4312 1808 4378 ἔξεστι

231 4395 586 4462 γιγνομένου.
621 4395 751 4447 Ἱότε
772 4396 817 4448 δ’
845 4396 936 4450 οὖν
965 4399 997 4463 ἡ
1027 4402 1209 4466 φύσις,
1246 4400 1441 4466 ἄλογος
1477 4401 1630 4470 οὖσα,
1665 4408 1808 4460 κατὰ

229 4487 390 4554 λόγον
423 4484 656 4555 ἐξεφάνη
707 4487 884 4540 πάντα
929 4490 1160 4542 ποιοῦσα
1189 4505 1205 4522 ⁸
1237 4492 1451 4545 οἴκοθεν
1489 4497 1598 4566 γὰρ
1640 4497 1805 4567 ἐχρη-

1932 627 2095 677 modo
2123 642 2227 677 una
2261 641 2471 679 sumus.
2516 624 2748 689 Quando
2784 623 2915 676 mihi
2958 636 3112 681 vero,
3156 619 3362 674 homini
3399 634 3500 668 nn-

1926 718 2092 785 dique
2133 717 2532 779 infelicissimo,
2570 717 2674 769 hoc
2705 730 2853 768 nunc
2887 715 3052 767 etiam
3085 720 3345 780 ereptum
3387 720 3499 771 est,

1927 806 2188 878 meosque
2214 810 2456 880 Byzantii
2489 823 2706 862 amores
2731 815 2940 869 tenent,
2971 805 3202 873 agedum
3231 803 3359 872 quid
3395 802 3499 855 hoc

1925 902 2139 957 interea
2183 914 2447 956 autumno
2485 902 2618 956 mihi
2644 901 2928 963 acciderit,
2955 899 3052 952 tibi
3083 898 3336 951 narrabo.
3360 897 3499 949 Ante

1923 996 2067 1049 diem
2111 997 2361 1063 quintum
2395 995 2670 1049 decimum
2705 992 2975 1047 Kalendas
3029 989 3298 1044 Octobres
3343 987 3500 1051 (Gor-

1926 1089 2046 1156 pia-i
2081 1087 2270 1150 XVII),
2309 1102 2432 1140 cum
2464 1087 2691 1140 domum
2732 1101 2762 1139 e
2797 1083 2969 1138 sacris
2999 1083 3220 1152 synodis
3259 1081 3502 1133 revehis-

1922 1193 2059 1242 sem,
2083 1178 2254 1232 multo
2277 1179 2452 1232 adhuc
2475 1193 2655 1243 mane,
2683 1177 2878 1231 horror
2911 1175 3161 1244 protinus
3186 1173 3394 1226 febrilis
3410 1187 3501 1224 oc-

1923 1278 2110 1337 cupat,
2147 1269 2238 1322 ille
2263 1279 2375 1322 tum
2401 1268 2780 1337 magnitudine
2806 1268 3094 1325 maximus.
3123 1275 3236 1318 tum
3259 1263 3311 1316 vi
3339 1263 3502 1315 vehe-

1925 1357 2304 1411 mentissimus
2331 1375 2345 1419 ;
2371 1373 2480 1411 non
2499 1359 2644 1412 enim
2671 1356 2957 1411 familiaris
2977 1355 3250 1424 quispiam
3276 1351 3504 1406 medicis

1923 1465 2045 1503 esse
2072 1449 2381 1513 videbatur,
2414 1452 2503 1519 qui
2539 1459 2685 1503 tanta
2718 1449 3072 1519 apparatione
3101 1448 3408 1517 ingruebat,
3443 1455 3504 1498 ut

1929 1543 2118 1595 omnia
2169 1558 2291 1596 mox
2343 1543 2730 1611 pessumdaret
2761 1561 2774 1596 :
2805 1543 3019 1597 scilicet
3061 1540 3192 1594 dum
3221 1541 3366 1594 diem
3403 1556 3502 1593 no-

1923 1644 2178 1702 ctemque
2207 1644 2402 1699 totam,
2428 1650 2630 1703 corpus
2658 1649 2822 1688 omne
2853 1634 3136 1702 perpetuis
3171 1632 3504 1687 velitationi-

1926 1725 2047 1790 bus,
2082 1727 2238 1795 quasi
2277 1727 2473 1780 murali
2511 1735 2786 1781 tormento
2818 1725 3017 1796 quatit,
3047 1734 3104 1778 et
3146 1724 3201 1777 in
3235 1739 3358 1777 ossa
3387 1724 3500 1790 ipsa

1926 1834 1990 1870 ac
2019 1818 2310 1882 medullas,
2343 1821 2488 1889 quod
2532 1819 2826 1888 proverbio
2864 1818 3092 1880 dicitur,
3126 1830 3323 1870 saevam
3357 1815 3500 1867 illam

1927 1908 2351 1976 impressionem
2385 1925 2540 1962 suam
2578 1909 2958 1978 impetumque
2991 1905 3180 1975 adigit.
3211 1903 3352 1970 Quid
3386 1912 3498 1958 tum

1925 2008 2116 2067 postea
2137 2000 2160 2052 ’ἰ
2182 2001 2417 2068 inquies.
2448 2002 2656 2069 Nempe
2684 1998 3093 2070 religiosissima
3113 1997 3180 2051 ad
3215 2011 3499 2064 vesperam

1924 2108 2096 2161 usque
2131 2096 2541 2147 esculentorum
2590 2093 2836 2147 omnium
2876 2089 3244 2152 abstinentia,
3281 2087 3502 2156 quando

1925 2185 2172 2248 medicis,
2207 2199 2401 2238 eorum
2429 2200 2551 2253 qua:
2581 2201 2688 2237 non
2719 2185 3011 2244 obessent,
3047 2196 3146 2235 usu
3183 2180 3342 2234 nobis
3377 2195 3502 2248 gra-

1924 2277 2122 2330 tificari
2171 2279 2416 2346 placuit;
2461 2277 2665 2346 quibus
2699 2277 2780 2329 usi
2829 2276 2991 2329 etiam
3022 2287 3232 2329 sumus.
3271 2274 3500 2326 Postero

1926 2383 2120 2424 rursus
2150 2370 2238 2424 die
2260 2371 2452 2425 eadem
2481 2371 2709 2440 urgebat
2737 2369 3002 2440 procella,
3031 2368 3196 2423 iidem
3227 2366 3497 2429 turbines,

1920 2461 2230 2532 iisdemque
2270 2461 2646 2516 obruebamur
2693 2462 2976 2527 ﬂuctibus,
3022 2459 3131 2514 nisi
3175 2459 3321 2530 quod
3371 2457 3496 2510 novi

1920 2554 2142 2622 quidam
2193 2555 2555 2607 vomitionum
2604 2559 2954 2608 accesserant
3005 2550 3228 2612 ﬂuctus,
3275 2558 3332 2603 et
3371 2548 3499 2603 bilis

1920 2645 2234 2712 conﬂuxus,
2277 2656 2428 2700 tanto
2475 2662 2598 2700 meo
2635 2662 2757 2700 cum
2799 2647 3008 2705 dolore.
3045 2653 3308 2713 tantoque
3361 2650 3495 2697 aestu

1921 2739 2183 2806 utrinque
2213 2752 2534 2806 erumpens,
2587 2747 2646 2790 ut
2676 2737 2935 2806 quoniam
2980 2735 3177 2790 idonea
3217 2749 3319 2789 nos
3361 2733 3500 2788 deﬁ-

1917 2829 2076 2882 ciunt
2119 2828 2309 2893 verba,
2342 2844 2457 2882 rem
2507 2841 2727 2882 omnem
2776 2829 2874 2883 tibi
2923 2826 3343 2897 coniectandum
3370 2839 3494 2895 per-

1919 2923 2225 2978 mittamus.
2261 2924 2458 2979 Decem
2501 2925 2650 2993 ipsos
2685 2923 2802 2976 dies
2831 2923 2979 2975 hunc
3026 2922 3251 2976 morbus
3291 2927 3494 2973 statum

1919 3014 2119 3079 tenuit,
2151 3024 2213 3070 ut
2241 3025 2298 3070 et
2325 3031 2527 3085 aegrum
2565 3014 3046 3070 vehementissime
3083 3010 3398 3070 afﬂictaret,
3442 3019 3498 3063 et

1920 3119 2169 3174 magnam
2222 3107 2572 3161 medentibus
2623 3106 2978 3160 formidinem
3027 3103 3300 3172 injiceret.
3335 3101 3494 3155 Post-

1919 3198 2168 3261 modum,
2205 3199 2434 3267 perinde
2470 3209 2532 3252 ut
2553 3199 2938 3259 Athenienses,
2971 3197 3204 3248 maxima
3230 3193 3294 3247 ad
3325 3191 3494 3261 Egos

1921 3291 2124 3344 flumen
2152 3301 2373 3360 accepta
2401 3293 2733 3354 calamitate,
2765 3290 3086 3358 Piraeeoque
3119 3297 3406 3356 occupato,
3440 3295 3496 3339 et

1921 3398 2132 3436 summa
2177 3384 2304 3438 inde
2355 3400 2586 3438 annona:
2633 3384 2816 3452 inopia
2863 3396 2928 3436 ac
2979 3383 3121 3435 lame
3171 3390 3491 3438 consecuta.

1921 3476 2115 3530 urbem
2142 3487 2415 3544 postremo
2450 3477 2621 3544 ipsam
2647 3478 2972 3539 amiserunt,
3010 3475 3082 3528 ita
3114 3489 3225 3528 non
3249 3473 3490 3527 absimili

1918 3575 1972 3621 et
2005 3583 2105 3621 nos
2134 3569 2494 3623 circumventi
2527 3568 2850 3622 videbamur
2891 3566 3235 3621 discrimine.
3278 3564 3491 3633 Quippe

1919 3670 2044 3728 post
2093 3660 2449 3729 gravissimas
2503 3661 2790 3714 oculorum
2844 3660 3174 3728 vertigines,
3220 3670 3276 3713 et
3327 3660 3491 3712 mista

1916 3754 2181 3822 sanguine
2203 3754 2330 3809 bilis
2347 3753 2632 3822 proﬂuvia,
2663 3762 2720 3807 et
2742 3753 3027 3822 complura
3053 3753 3181 3815 alia,
3220 3768 3343 3821 qua:
3372 3761 3485 3804 tum

1915 3846 2260 3914 premebant,
2295 3845 2465 3910 mala,
2523 3845 2741 3899 tandem
2764 3845 3024 3912 quiddam
3067 3844 3361 3898 illiusmodi
3407 3859 3490 3896 se-

1915 3938 2154 3992 cundum
2206 3953 2411 4007 corpus
2455 3950 2702 3991 nosmim
2742 3938 2978 4012 accidit,
3024 3937 3169 4006 quod
3207 3939 3490 4006 plerisque

1914 4026 2228 4084 lethiferum
2272 4043 2395 4082 esse
2471 4029 2808 4082 medicorum
2851 4040 3079 4083 censent
3121 4029 3237 4082 lilii.
3281 4028 3488 4099 Nempe

1917 4133 2110 4187 magna
2135 4118 2219 4173 vis
2246 4118 2396 4184 bilis,
2424 4129 2480 4173 et
2513 4120 2628 4174 hac
2652 4134 2784 4174 sane
2809 4134 2973 4188 quam
3000 4119 3252 4184 molesta,
3278 4120 3485 4174 circum

1917 4210 2260 4264 stomachum
2303 4211 2530 4279 allapsa,
2583 4225 2680 4264 cor
2725 4210 2902 4279 ipsum
2943 4198 3266 4273 sul'focabat,
3313 4210 3484 4278 respi-

1918 4301 2189 4369 randique
2219 4302 2499 4356 adimebat
2542 4301 2884 4356 facultatem.
2929 4301 3049 4356 .lam
3081 4302 3265 4371 itaque
3297 4303 3487 4355 ultima

1917 4392 2275 4447 imminebant
2321 4393 2526 4457 omnia,
2559 4393 3005 4462 quandoquidem
3040 4409 3218 4461 neque
3251 4407 3345 4447 cor
3377 4395 3488 4447 usi-.

1918 4491 2028 4536 tato
2056 4499 2230 4545 more,
2266 4495 2491 4553 recepto
2524 4487 2791 4554 sanguine
2831 4497 3218 4547 evacuaretur,
3248 4497 3304 4539 et
3335 4487 3486 4538 nullo

231 4580 422 4648 σάμην
456 4578 596 4647 μετὰ.
647 4577 826 4647 ψιχῶν
865 4580 996 4647 οίνῳ
1045 4579 1270 4652 θερμῷο
1303 4584 1398 4636 καί
1423 4585 1541 4646 πώς
1586 4603 1649 4652 γε
1677 4590 1808 4656 ῥᾷον
1837 4586 1887 4646 D

1807 4611 1808 4623 χ
1837 4586 1887 4646 υ
1913 4589 2021 4627 non
2054 4575 2197 4628 taedii
2223 4583 2388 4643 atque
2424 4575 2625 4630 fastidii
2658 4591 2862 4646 genere
2893 4577 3171 4631 laboraret
3197 4579 3478 4631 ventricu-

229 4670 409 4739 ἔσχον.
465 4671 576 4722 Καὶ
605 4671 718 4731 τοῖς
757 4671 961 4735 ἰατροῖς
994 4671 1223 4725 ἕπεσθαί
1248 4689 1306 4724 τε
1338 4675 1682 4740 τούντεῦθεν,
1710 4681 1805 4731 καὶ

231 4761 543 4826 θαυμάζειν
586 4761 772 4830 παρῆν
796 4777 810 4791 ·
838 4761 982 4816 οὕτω
1007 4764 1063 4816 δὲ
1094 4764 1347 4831 χαλεπῶς
1384 4769 1477 4818 καὶ
1515 4768 1804 4839 ἀφορήτως

231 4852 390 4904 πάντ’
424 4851 572 4919 ἔχειν
617 4850 851 4919 ταυτηστ
899 4853 999 4922 τῆς
1043 4855 1202 4922 χολῆς
1253 4859 1802 4928 παρασκευαζούσης,

230 4947 325 4995 καὶ
361 4945 568 5012 πολλῆς
599 4946 675 5008 ὡς
725 4949 872 5007 εἰκὸς
920 4947 1222 5016 δυσθυμίας
1270 4948 1458 5017 οὔσης,
1491 4952 1689 5014 ἔξωθεν
1736 4950 1802 5022 ἦν

228 5036 362 5100 ἡμῖν
394 5033 542 5102 ὑγρὰ
571 5037 700 5102 περὶ
731 5035 792 5086 τὸ
827 5036 1118 5104 πρόσωπον
1150 5039 1250 5090 οὐκ
1287 5039 1476 5105 ὀλίγα·
1511 5043 1607 5093 καὶ
1644 5044 1800 5109 ὰὲρες

231 5123 296 5172 ἐκ
339 5122 618 5190 μηχανῆς,
655 5125 747 5174 καὶ
799 5122 986 5190 μύρων
1037 5125 1311 5192 ἐκχύσεις,
1357 5129 1463 5178 κάκ
1496 5131 1674 5181 τόπων
1723 5132 1801 5192 εἰς

227 5219 433 5280 τόπους
467 5217 764 5285 μεταϐολαί
796 5219 877 5269 ⁸οὑ
914 5218 1018 5285 γὰρ
1051 5219 1198 5286 ἐνῆν,
1230 5221 1330 5271 οὐκ
1364 5220 1490 5288 ὲνῆν
1522 5223 1618 5291 μιᾷ
1647 5222 1798 5293 κλίνῃ

229 5309 564 5380 κεχρῆσθαι,
597 5308 714 5359 ἀλλ’
742 5310 876 5360 ὅπου
912 5311 1029 5361 ποτ’
1059 5309 1125 5362 ἂν
1163 5311 1309 5379 ἐξείη
1346 5314 1441 5380 τῆς
1467 5314 1665 5375 οἰκίας.
1694 5315 1800 5365 Καὶ

229 5405 410 5457 πάντα
434 5401 504 5452 δι’
529 5395 604 5454 ὧν
636 5399 764 5467 ἐξῆν
791 5401 1071 5469 ῥᾳστώνην
1099 5402 1349 5470 ἡντινοῦν
1379 5404 1659 5472 εὑρέσθαι,
1692 5407 1793 5458 οὐκ

227 5497 292 5550 ἂν
322 5496 594 5562 δυναίμην
627 5495 802 5545 εἰπεῖν
835 5493 936 5562 τὴν
972 5494 1095 5545 τότε
1123 5495 1232 5546 τῶν
1263 5496 1538 5564 λογισμῶν
1566 5500 1798 5568 ἀπορίαν

227 5590 322 5642 καὶ
375 5588 721 5656 δυσχέρειαν,
781 5587 875 5639 καὶ
934 5588 995 5640 τὸ
1045 5587 1120 5656 μὴ
1181 5589 1367 5658 φέρειν
1419 5589 1640 5653 ἐξεῖναι,
1698 5594 1799 5644 κᾶν

226 5681 448 5733 ἅπαντα
503 5697 589 5742 τις
622 5679 814 5737 ἐποίει.
860 5679 956 5732 Ἐκ
997 5680 1063 5749 δὴ
1111 5680 1222 5732 τῶν
1252 5683 1520 5735 τοσούτων
1568 5687 1697 5754 περὶ
1739 5672 1798 5737 τί)

227 5777 524 5843 πρόσωπον
554 5773 737 5841 ὑγρῶν
766 5773 1016 5839 γίγνεταί
1045 5792 1097 5826 τι
1131 5775 1330 5827 τοιόνδε
1354 5792 1368 5806 °
1397 5776 1565 5844 ἄμφω
1587 5777 1663 5828 τὼ
1691 5796 1796 5831 πα-

228 5871 347 5936 ρειά
381 5868 640 5933 fidem);
669 5865 1017 5931 ἐξώγκωντο·
1053 5867 1146 5920 καὶ
1179 5869 1434 5937 παρῆσιν
1476 5871 1667 5939 ἰατροὶ,
1705 5874 1794 5921 καὶ

1913 4667 2019 4733 Ιυε,
2049 4668 2370 4737 nullumque
2397 4669 2560 4737 plane
2592 4669 2761 4723 ferret
2787 4671 3131 4725 alimentum.
3170 4669 3298 4724 Sive
3331 4671 3479 4724 enim

1911 4761 2127 4824 calidis,
2156 4761 2271 4814 sive
2299 4761 2516 4830 frigidis
2556 4773 2860 4827 uteremur,
2890 4763 3007 4818 sive
3031 4779 3374 4833 quascunque
3409 4765 3478 4816 ab

1911 4863 2028 4905 arte
2072 4852 2280 4905 medica
2321 4853 2759 4920 imperabantur,
2790 4871 2945 4925 nugae
2989 4867 3046 4908 et
3084 4857 3280 4910 fabulae
3319 4872 3477 4912 erant

1909 4947 2091 4999 omnia
2118 4962 2131 5009 ;
2163 4945 2300 4998 nihil
2331 4947 2476 4998 enim
2504 4956 2644 5010 erat,
2671 4948 2818 5016 quod
2851 4963 2956 5000 non
2984 4961 3110 5001 mox
3134 4957 3473 5016 assumptum

1909 5042 2253 5108 rejiceretur.
2288 5040 2344 5094 Id
2373 5040 2522 5110 quod
2560 5043 2801 5094 medicos
2840 5058 2948 5094 non
2979 5057 3170 5109 parum
3207 5042 3474 5096 sollicitos

1910 5132 2121 5185 habuit.
2151 5132 2365 5202 Quippe
2395 5135 2612 5187 tametsi
2639 5134 2821 5187 omnia
2852 5135 2986 5187 artis
3011 5133 3254 5188 remedia
3281 5136 3475 5189 sedulo

1910 5223 2256 5286 adhiberent,
2295 5225 2430 5277 nihil
2465 5239 2655 5278 eorum
2690 5237 2892 5289 tamen,
2925 5241 3046 5294 qua:
3071 5224 3185 5279 fieri
3210 5227 3476 5294 Oportuit,

1906 5317 2374 5383 consequebatur.
2421 5319 2492 5369 At
2527 5317 2615 5371 hic
2648 5326 2903 5371 naturam
2950 5319 3142 5386 ipsam,
3174 5318 3477 5385 quamlibet

1909 5408 2136 5460 rationis
2165 5417 2466 5476 expertem,
2511 5409 2702 5461 omnia
2735 5408 3040 5463 secundum
3071 5409 3346 5469 rationem
3389 5407 3476 5468 fa...

1906 5514 2050 5563 cere,
2100 5500 2386 5555 manifesto
2438 5501 2842 5570 deprehensum
2895 5501 3020 5555 fuit.
3092 5501 3253 5556 Forte
3298 5503 3470 5566 enim,

1907 5607 2026 5646 lllca
2068 5602 2284 5658 sponte,
2332 5595 2523 5646 vinum
2552 5593 2869 5651 calfactum,
2895 5607 3017 5647 cum
3069 5593 3226 5647 micis
3264 5593 3475 5661 aliquot

1904 5685 2048 5741 friati
2078 5687 2250 5757 panis,
2283 5694 2581 5755 gustaram,
2608 5693 2663 5737 et
2684 5683 2932 5736 nonnihil
2970 5686 3220 5751 protinus
3266 5684 3467 5736 malum

1908 5783 2187 5834 remittere
2229 5782 2428 5834 visum.
2473 5778 2628 5834 Unde
2673 5788 2857 5846 postea
2905 5777 3047 5831 idem
3087 5777 3265 5845 sequi,
3307 5786 3468 5845 atque

1907 5887 2235 5942 magnopere
2288 5870 2667 5942 comprobare,
2724 5868 2952 5924 medicis
3000 5867 3289 5923 consilium
3341 5866 3461 5924 fuit.
