  <div class='ocr_page' id='page_1' title='image "/cluster/home/n/w/nwhite01/storage/ocr_20150623/145/nnc1.0046980679/233.png"; bbox 0 0 4232 6432; ppageno 0'>
   <div class='ocr_carea' id='block_1_1' title="bbox 738 409 840 467">
    <p class='ocr_par' dir='ltr' id='par_1_1' title="bbox 738 409 840 467">
     <span class='ocr_line' id='line_1_1' title="bbox 738 409 840 467; baseline -0.02 -1"><span class='ocrx_word' id='word_1_1' title='bbox 738 409 840 467; x_wconf 63' lang='grc'><strong>,415</strong></span> 
     </span>
    </p>
   </div>
   <div class='ocr_carea' id='block_1_2' title="bbox 1954 409 2730 469">
    <p class='ocr_par' dir='ltr' id='par_1_2' title="bbox 1954 409 2730 469">
     <span class='ocr_line' id='line_1_2' title="bbox 1954 409 2730 469; baseline 0 -3"><span class='ocrx_word' id='word_1_2' title='bbox 1954 409 2347 468; x_wconf 74' lang='grc' dir='ltr'><strong>Ὶ“11Ε¹)Ι)ΗΙ.Ι</strong></span> <span class='ocrx_word' id='word_1_3' title='bbox 2391 411 2730 469; x_wconf 74' lang='lat' dir='ltr'><strong>MONACIII</strong></span> 
     </span>
    </p>
   </div>
   <div class='ocr_carea' id='block_1_3' title="bbox 3884 402 3988 464">
    <p class='ocr_par' dir='ltr' id='par_1_3' title="bbox 3884 402 3988 464">
     <span class='ocr_line' id='line_1_3' title="bbox 3884 402 3988 464; baseline -0.019 -1"><span class='ocrx_word' id='word_1_4' title='bbox 3884 402 3988 464; x_wconf 74' lang='lat'><strong>416</strong></span> 
     </span>
    </p>
   </div>
   <div class='ocr_carea' id='block_1_4' title="bbox 738 513 2409 588">
    <p class='ocr_par' dir='ltr' id='par_1_4' title="bbox 738 518 2386 585">
     <span class='ocr_line' id='line_1_4' title="bbox 738 518 2386 585; baseline -0.001 -12"><span class='ocrx_word' id='word_1_5' title='bbox 738 523 950 574; x_wconf 69' lang='lat' dir='ltr'><strong>interm</strong></span> <span class='ocrx_word' id='word_1_6' title='bbox 988 531 1190 577; x_wconf 78' lang='lat' dir='ltr'><strong>autem.</strong></span> <span class='ocrx_word' id='word_1_7' title='bbox 1219 535 1342 570; x_wconf 91' lang='lat' dir='ltr'><strong>cum</strong></span> <span class='ocrx_word' id='word_1_8' title='bbox 1373 521 1554 571; x_wconf 90' lang='lat' dir='ltr'><strong>omnia</strong></span> <span class='ocrx_word' id='word_1_9' title='bbox 1585 518 1722 571; x_wconf 89' lang='lat' dir='ltr'><strong>adeo</strong></span> <span class='ocrx_word' id='word_1_10' title='bbox 1753 519 1935 585; x_wconf 75' lang='lat' dir='ltr'><strong>gravia</strong></span> <span class='ocrx_word' id='word_1_11' title='bbox 1961 530 2014 571; x_wconf 90' lang='lat' dir='ltr'><strong>et</strong></span> <span class='ocrx_word' id='word_1_12' title='bbox 2043 520 2309 572; x_wconf 80' lang='lat' dir='ltr'><strong>intolera-</strong></span> <span class='ocrx_word' id='word_1_13' title='bbox 2341 525 2386 583; x_wconf 82' lang='grc' dir='ltr'><strong>Λ</strong></span> 
     </span>
    </p>
   </div>
   <div class='ocr_carea' id='block_1_5' title="bbox 2318 513 3989 588">
    <p class='ocr_par' dir='ltr' id='par_1_5' title="bbox 2341 513 3989 588">
     <span class='ocr_line' id='line_1_5' title="bbox 2341 513 3989 588; baseline -0.004 -16"><span class='ocrx_word' id='word_1_14' title='bbox 2341 525 2386 583; x_wconf 82' lang='grc' dir='ltr'><strong>Λ</strong></span> <span class='ocrx_word' id='word_1_15' title='bbox 2415 520 2550 588; x_wconf 77' lang='grc' dir='ltr'>πρὸς</span> <span class='ocrx_word' id='word_1_16' title='bbox 2581 521 2740 581; x_wconf 79' lang='grc' dir='ltr'>ἄλλος</span> <span class='ocrx_word' id='word_1_17' title='bbox 2786 519 2948 572; x_wconf 74' lang='grc' dir='ltr'>ἄλλον</span> <span class='ocrx_word' id='word_1_18' title='bbox 2983 518 3140 582; x_wconf 77' lang='grc' dir='ltr'>ἐϐόα,</span> <span class='ocrx_word' id='word_1_19' title='bbox 3185 516 3397 584; x_wconf 77' lang='grc' dir='ltr'>Τάχους</span> <span class='ocrx_word' id='word_1_20' title='bbox 3441 514 3525 566; x_wconf 83' lang='grc' dir='ltr'><strong>ὄτι</strong></span> <span class='ocrx_word' id='word_1_21' title='bbox 3584 513 3818 580; x_wconf 74' lang='grc' dir='ltr'>μάλιστα</span> <span class='ocrx_word' id='word_1_22' title='bbox 3867 515 3948 566; x_wconf 81' lang='grc' dir='ltr'><strong>δεῖ</strong></span> <span class='ocrx_word' id='word_1_23' title='bbox 3974 514 3989 528; x_wconf 81' lang='grc'><strong><em>⁸</em></strong></span> 
     </span>
    </p>
   </div>
   <div class='ocr_carea' id='block_1_6' title="bbox 741 610 2310 679">
    <p class='ocr_par' dir='ltr' id='par_1_6' title="bbox 741 610 2310 679">
     <span class='ocr_line' id='line_1_6' title="bbox 741 610 2310 679; baseline 0.001 -14"><span class='ocrx_word' id='word_1_24' title='bbox 741 615 864 665; x_wconf 79' lang='lat' dir='ltr'><strong>bilia</strong></span> <span class='ocrx_word' id='word_1_25' title='bbox 904 615 989 663; x_wconf 91' lang='lat' dir='ltr'><strong>illa</strong></span> <span class='ocrx_word' id='word_1_26' title='bbox 1028 611 1151 662; x_wconf 79' lang='lat' dir='ltr'><strong>bilis</strong></span> <span class='ocrx_word' id='word_1_27' title='bbox 1201 610 1562 664; x_wconf 87' lang='lat' dir='ltr'><strong>redundantia</strong></span> <span class='ocrx_word' id='word_1_28' title='bbox 1601 611 1803 664; x_wconf 87' lang='lat' dir='ltr'><strong>faceret</strong></span> <span class='ocrx_word' id='word_1_29' title='bbox 1833 624 1995 679; x_wconf 86' lang='lat' dir='ltr'><strong>atque</strong></span> <span class='ocrx_word' id='word_1_30' title='bbox 2030 613 2221 676; x_wconf 91' lang='lat' dir='ltr'><strong>multa,</strong></span> <span class='ocrx_word' id='word_1_31' title='bbox 2249 623 2310 666; x_wconf 90' lang='lat' dir='ltr'><strong>ut</strong></span> 
     </span>
    </p>
   </div>
   <div class='ocr_carea' id='block_1_7' title="bbox 738 700 2308 770">
    <p class='ocr_par' dir='ltr' id='par_1_7' title="bbox 738 700 2308 770">
     <span class='ocr_line' id='line_1_7' title="bbox 738 700 2308 770; baseline 0.002 -18"><span class='ocrx_word' id='word_1_32' title='bbox 738 713 856 752; x_wconf 81' lang='lat' dir='ltr'><strong>erat</strong></span> <span class='ocrx_word' id='word_1_33' title='bbox 907 700 1207 761; x_wconf 88' lang='lat' dir='ltr'><strong>versimile,</strong></span> <span class='ocrx_word' id='word_1_34' title='bbox 1269 700 1392 752; x_wconf 87' lang='lat' dir='ltr'><strong>inde</strong></span> <span class='ocrx_word' id='word_1_35' title='bbox 1449 702 1613 753; x_wconf 91' lang='lat' dir='ltr'><strong>animi</strong></span> <span class='ocrx_word' id='word_1_36' title='bbox 1675 703 1943 770; x_wconf 66' lang='lat' dir='ltr'><strong>aegritudo</strong></span> <span class='ocrx_word' id='word_1_37' title='bbox 1994 702 2308 765; x_wconf 77' lang='lat' dir='ltr'><strong>exsisteret,</strong></span> 
     </span>
    </p>
   </div>
   <div class='ocr_carea' id='block_1_8' title="bbox 737 791 2312 860">
    <p class='ocr_par' dir='ltr' id='par_1_8' title="bbox 737 791 2312 860">
     <span class='ocr_line' id='line_1_8' title="bbox 737 791 2312 860; baseline 0.003 -17"><span class='ocrx_word' id='word_1_38' title='bbox 737 793 1082 844; x_wconf 76' lang='lat' dir='ltr'><strong>extrinsecus</strong></span> <span class='ocrx_word' id='word_1_39' title='bbox 1121 792 1423 844; x_wconf 80' lang='lat' dir='ltr'><strong>secundum</strong></span> <span class='ocrx_word' id='word_1_40' title='bbox 1453 791 1642 842; x_wconf 61' lang='lat' dir='ltr'><strong>facit-ni</strong></span> <span class='ocrx_word' id='word_1_41' title='bbox 1674 808 1780 843; x_wconf 88' lang='lat' dir='ltr'><strong>non</strong></span> <span class='ocrx_word' id='word_1_42' title='bbox 1825 793 2019 860; x_wconf 75' lang='lat' dir='ltr'><strong>exigua</strong></span> <span class='ocrx_word' id='word_1_43' title='bbox 2066 795 2312 847; x_wconf 87' lang='lat' dir='ltr'><strong>humoris</strong></span> 
     </span>
    </p>
   </div>
   <div class='ocr_carea' id='block_1_9' title="bbox 739 883 2309 950">
    <p class='ocr_par' dir='ltr' id='par_1_9' title="bbox 739 883 2309 950">
     <span class='ocr_line' id='line_1_9' title="bbox 739 883 2309 950; baseline 0.003 -16"><span class='ocrx_word' id='word_1_44' title='bbox 739 885 893 950; x_wconf 70' lang='lat' dir='ltr'><strong>copia</strong></span> <span class='ocrx_word' id='word_1_45' title='bbox 939 899 1159 936; x_wconf 90' lang='lat' dir='ltr'><strong>manare</strong></span> <span class='ocrx_word' id='word_1_46' title='bbox 1213 896 1473 948; x_wconf 77' lang='lat' dir='ltr'><strong>cmperat,</strong></span> <span class='ocrx_word' id='word_1_47' title='bbox 1520 883 1709 934; x_wconf 71' lang='lat' dir='ltr'><strong>adhaee</strong></span> <span class='ocrx_word' id='word_1_48' title='bbox 1753 886 1952 936; x_wconf 85' lang='lat' dir='ltr'><strong>ventuli</strong></span> <span class='ocrx_word' id='word_1_49' title='bbox 1995 899 2024 938; x_wconf 86' lang='lat' dir='ltr'><strong>e</strong></span> <span class='ocrx_word' id='word_1_50' title='bbox 2057 886 2309 938; x_wconf 78' lang='lat' dir='ltr'><strong>machina</strong></span> 
     </span>
    </p>
   </div>
   <div class='ocr_carea' id='block_1_10' title="bbox 740 975 2314 1042">
    <p class='ocr_par' dir='ltr' id='par_1_10' title="bbox 740 975 2314 1042">
     <span class='ocr_line' id='line_1_10' title="bbox 740 975 2314 1042; baseline 0.001 -15"><span class='ocrx_word' id='word_1_51' title='bbox 740 978 973 1042; x_wconf 86' lang='lat' dir='ltr'><strong>quadam</strong></span> <span class='ocrx_word' id='word_1_52' title='bbox 1007 975 1228 1036; x_wconf 83' lang='lat' dir='ltr'><strong>fiebant,</strong></span> <span class='ocrx_word' id='word_1_53' title='bbox 1255 985 1306 1023; x_wconf 84' lang='lat' dir='ltr'><strong>et</strong></span> <span class='ocrx_word' id='word_1_54' title='bbox 1335 984 1734 1039; x_wconf 62' lang='lat' dir='ltr'><strong>unguentorum</strong></span> <span class='ocrx_word' id='word_1_55' title='bbox 1765 975 2086 1039; x_wconf 77' lang='lat' dir='ltr'><strong>effusiones,</strong></span> <span class='ocrx_word' id='word_1_56' title='bbox 2115 985 2164 1029; x_wconf 85' lang='lat' dir='ltr'><strong>et</strong></span> <span class='ocrx_word' id='word_1_57' title='bbox 2195 991 2314 1028; x_wconf 89' lang='lat' dir='ltr'><strong>ere-</strong></span> 
     </span>
    </p>
   </div>
   <div class='ocr_carea' id='block_1_11' title="bbox 741 1066 2310 1128">
    <p class='ocr_par' dir='ltr' id='par_1_11' title="bbox 741 1066 2310 1128">
     <span class='ocr_line' id='line_1_11' title="bbox 741 1066 2310 1128; baseline 0.001 -10"><span class='ocrx_word' id='word_1_58' title='bbox 741 1066 850 1118; x_wconf 68' lang='lat' dir='ltr'><strong>brze</strong></span> <span class='ocrx_word' id='word_1_59' title='bbox 891 1068 1221 1118; x_wconf 91' lang='lat' dir='ltr'><strong>mutationes</strong></span> <span class='ocrx_word' id='word_1_60' title='bbox 1254 1066 1542 1128; x_wconf 81' lang='lat' dir='ltr'><strong>locorum;</strong></span> <span class='ocrx_word' id='word_1_61' title='bbox 1580 1081 1688 1118; x_wconf 92' lang='lat' dir='ltr'><strong>non</strong></span> <span class='ocrx_word' id='word_1_62' title='bbox 1720 1067 1866 1119; x_wconf 89' lang='lat' dir='ltr'><strong>enim</strong></span> <span class='ocrx_word' id='word_1_63' title='bbox 1910 1067 2132 1127; x_wconf 88' lang='lat' dir='ltr'><strong>licebat.</strong></span> <span class='ocrx_word' id='word_1_64' title='bbox 2178 1083 2310 1128; x_wconf 90' lang='lat' dir='ltr'><strong>non,</strong></span> 
     </span>
    </p>
   </div>
   <div class='ocr_carea' id='block_1_12' title="bbox 743 1157 2312 1226">
    <p class='ocr_par' dir='ltr' id='par_1_12' title="bbox 743 1157 2312 1226">
     <span class='ocr_line' id='line_1_12' title="bbox 743 1157 2312 1226; baseline 0.001 -16"><span class='ocrx_word' id='word_1_65' title='bbox 743 1161 989 1226; x_wconf 85' lang='lat' dir='ltr'><strong>inquam,</strong></span> <span class='ocrx_word' id='word_1_66' title='bbox 1043 1158 1263 1218; x_wconf 76' lang='lat' dir='ltr'><strong>licebat,</strong></span> <span class='ocrx_word' id='word_1_67' title='bbox 1319 1173 1426 1208; x_wconf 87' lang='lat' dir='ltr'><strong>uno</strong></span> <span class='ocrx_word' id='word_1_68' title='bbox 1463 1157 1537 1208; x_wconf 88' lang='lat' dir='ltr'><strong>uti</strong></span> <span class='ocrx_word' id='word_1_69' title='bbox 1584 1157 1804 1219; x_wconf 83' lang='lat' dir='ltr'><strong>lectulo,</strong></span> <span class='ocrx_word' id='word_1_70' title='bbox 1853 1159 1945 1210; x_wconf 78' lang='lat' dir='ltr'><strong>sed</strong></span> <span class='ocrx_word' id='word_1_71' title='bbox 2000 1160 2312 1226; x_wconf 71' lang='lat' dir='ltr'><strong>ubicunque</strong></span> 
     </span>
    </p>
   </div>
   <div class='ocr_carea' id='block_1_13' title="bbox 741 1247 2308 1316">
    <p class='ocr_par' dir='ltr' id='par_1_13' title="bbox 741 1247 2308 1316">
     <span class='ocr_line' id='line_1_13' title="bbox 741 1247 2308 1316; baseline 0.001 -16"><span class='ocrx_word' id='word_1_72' title='bbox 741 1265 918 1300; x_wconf 84' lang='lat' dir='ltr'><strong>comm</strong></span> <span class='ocrx_word' id='word_1_73' title='bbox 941 1250 1061 1300; x_wconf 75' lang='lat' dir='ltr'><strong>idus</strong></span> <span class='ocrx_word' id='word_1_74' title='bbox 1111 1263 1337 1314; x_wconf 86' lang='lat' dir='ltr'><strong>usquam</strong></span> <span class='ocrx_word' id='word_1_75' title='bbox 1392 1247 1445 1298; x_wconf 92' lang='lat' dir='ltr'><strong>in</strong></span> <span class='ocrx_word' id='word_1_76' title='bbox 1504 1247 1713 1300; x_wconf 68' lang='lat' dir='ltr'><strong>aadibus</strong></span> <span class='ocrx_word' id='word_1_77' title='bbox 1776 1248 2072 1316; x_wconf 85' lang='lat' dir='ltr'><strong>apparebat</strong></span> <span class='ocrx_word' id='word_1_78' title='bbox 2137 1250 2308 1309; x_wconf 88' lang='lat' dir='ltr'><strong>locus,</strong></span> 
     </span>
    </p>
   </div>
   <div class='ocr_carea' id='block_1_14' title="bbox 741 1339 2309 1409">
    <p class='ocr_par' dir='ltr' id='par_1_14' title="bbox 741 1339 2309 1409">
     <span class='ocr_line' id='line_1_14' title="bbox 741 1339 2309 1409; baseline -0.001 -18"><span class='ocrx_word' id='word_1_79' title='bbox 741 1340 957 1406; x_wconf 83' lang='lat' dir='ltr'><strong>aliaque</strong></span> <span class='ocrx_word' id='word_1_80' title='bbox 991 1340 1196 1399; x_wconf 84' lang='lat' dir='ltr'><strong>omnia,</strong></span> <span class='ocrx_word' id='word_1_81' title='bbox 1235 1339 1376 1390; x_wconf 82' lang='lat' dir='ltr'><strong>unde</strong></span> <span class='ocrx_word' id='word_1_82' title='bbox 1418 1339 1966 1407; x_wconf 76' lang='lat' dir='ltr'><strong>quantulumcunque</strong></span> <span class='ocrx_word' id='word_1_83' title='bbox 2006 1341 2309 1409; x_wconf 75' lang='lat' dir='ltr'><strong>exspectari</strong></span> 
     </span>
    </p>
   </div>
   <div class='ocr_carea' id='block_1_15' title="bbox 748 1430 2310 1499">
    <p class='ocr_par' dir='ltr' id='par_1_15' title="bbox 748 1430 2310 1499">
     <span class='ocr_line' id='line_1_15' title="bbox 748 1430 2310 1499; baseline 0.003 -21"><span class='ocrx_word' id='word_1_84' title='bbox 748 1441 970 1497; x_wconf 80' lang='lat' dir='ltr'><strong>poterat</strong></span> <span class='ocrx_word' id='word_1_85' title='bbox 1025 1431 1312 1493; x_wconf 78' lang='lat' dir='ltr'><strong>levamen;</strong></span> <span class='ocrx_word' id='word_1_86' title='bbox 1376 1430 1622 1498; x_wconf 79' lang='lat' dir='ltr'><strong>adeoque</strong></span> <span class='ocrx_word' id='word_1_87' title='bbox 1673 1445 1739 1482; x_wconf 92' lang='lat' dir='ltr'><strong>ne</strong></span> <span class='ocrx_word' id='word_1_88' title='bbox 1788 1432 2048 1499; x_wconf 85' lang='lat' dir='ltr'><strong>consequi</strong></span> <span class='ocrx_word' id='word_1_89' title='bbox 2093 1431 2310 1496; x_wconf 85' lang='lat' dir='ltr'><strong>quidem</strong></span> 
     </span>
    </p>
   </div>
   <div class='ocr_carea' id='block_1_16' title="bbox 744 1522 2315 1589">
    <p class='ocr_par' dir='ltr' id='par_1_16' title="bbox 744 1522 2315 1589">
     <span class='ocr_line' id='line_1_16' title="bbox 744 1522 2315 1589; baseline 0.004 -21"><span class='ocrx_word' id='word_1_90' title='bbox 744 1522 929 1571; x_wconf 81' lang='lat' dir='ltr'><strong>\erhis</strong></span> <span class='ocrx_word' id='word_1_91' title='bbox 967 1530 1180 1586; x_wconf 83' lang='lat' dir='ltr'><strong>potero,</strong></span> <span class='ocrx_word' id='word_1_92' title='bbox 1215 1536 1336 1587; x_wconf 83' lang='lat' dir='ltr'><strong>qua:</strong></span> <span class='ocrx_word' id='word_1_93' title='bbox 1366 1530 1476 1571; x_wconf 90' lang='lat' dir='ltr'><strong>tuin</strong></span> <span class='ocrx_word' id='word_1_94' title='bbox 1517 1522 1729 1573; x_wconf 85' lang='lat' dir='ltr'><strong>consdii</strong></span> <span class='ocrx_word' id='word_1_95' title='bbox 1766 1522 1949 1588; x_wconf 83' lang='lat' dir='ltr'><strong>inopia</strong></span> <span class='ocrx_word' id='word_1_96' title='bbox 1983 1530 2146 1589; x_wconf 89' lang='lat' dir='ltr'><strong>atque</strong></span> <span class='ocrx_word' id='word_1_97' title='bbox 2178 1522 2315 1575; x_wconf 81' lang='lat' dir='ltr'><strong>diffi-</strong></span> 
     </span>
    </p>
   </div>
   <div class='ocr_carea' id='block_1_17' title="bbox 744 1615 2311 1679">
    <p class='ocr_par' dir='ltr' id='par_1_17' title="bbox 744 1615 2311 1679">
     <span class='ocr_line' id='line_1_17' title="bbox 744 1615 2311 1679; baseline 0.004 -20"><span class='ocrx_word' id='word_1_98' title='bbox 744 1615 941 1673; x_wconf 65' lang='lat' dir='ltr'><strong>cultas,</strong></span> <span class='ocrx_word' id='word_1_99' title='bbox 979 1622 1033 1664; x_wconf 90' lang='lat' dir='ltr'><strong>et</strong></span> <span class='ocrx_word' id='word_1_100' title='bbox 1065 1628 1226 1679; x_wconf 90' lang='lat' dir='ltr'><strong>quam</strong></span> <span class='ocrx_word' id='word_1_101' title='bbox 1266 1629 1374 1664; x_wconf 92' lang='lat' dir='ltr'><strong>non</strong></span> <span class='ocrx_word' id='word_1_102' title='bbox 1407 1615 1630 1666; x_wconf 89' lang='lat' dir='ltr'><strong>lerenda</strong></span> <span class='ocrx_word' id='word_1_103' title='bbox 1678 1615 1853 1666; x_wconf 81' lang='lat' dir='ltr'><strong>morbi</strong></span> <span class='ocrx_word' id='word_1_104' title='bbox 1889 1616 2093 1668; x_wconf 66' lang='lat' dir='ltr'><strong>saevitia</strong></span> <span class='ocrx_word' id='word_1_105' title='bbox 2127 1615 2311 1676; x_wconf 90' lang='lat' dir='ltr'><strong>fuerit,</strong></span> 
     </span>
    </p>
   </div>
   <div class='ocr_carea' id='block_1_18' title="bbox 746 1703 2313 1773">
    <p class='ocr_par' dir='ltr' id='par_1_18' title="bbox 746 1703 2313 1773">
     <span class='ocr_line' id='line_1_18' title="bbox 746 1703 2313 1773; baseline 0.001 -17"><span class='ocrx_word' id='word_1_106' title='bbox 746 1707 958 1756; x_wconf 58' lang='lat' dir='ltr'><strong>tametsi</strong></span> <span class='ocrx_word' id='word_1_107' title='bbox 1029 1705 1160 1755; x_wconf 73' lang='lat' dir='ltr'><strong>nihil</strong></span> <span class='ocrx_word' id='word_1_108' title='bbox 1210 1721 1316 1755; x_wconf 90' lang='lat' dir='ltr'><strong>non</strong></span> <span class='ocrx_word' id='word_1_109' title='bbox 1373 1705 1657 1757; x_wconf 85' lang='lat' dir='ltr'><strong>moliretur</strong></span> <span class='ocrx_word' id='word_1_110' title='bbox 1701 1705 1995 1773; x_wconf 86' lang='lat' dir='ltr'><strong>quispiam.</strong></span> <span class='ocrx_word' id='word_1_111' title='bbox 2043 1703 2213 1757; x_wconf 83' lang='lat' dir='ltr'><strong>Porro</strong></span> <span class='ocrx_word' id='word_1_112' title='bbox 2247 1721 2313 1758; x_wconf 88' lang='lat' dir='ltr'><strong>ex</strong></span> 
     </span>
    </p>
   </div>
   <div class='ocr_carea' id='block_1_19' title="bbox 747 1797 2308 1865">
    <p class='ocr_par' dir='ltr' id='par_1_19' title="bbox 747 1797 2308 1865">
     <span class='ocr_line' id='line_1_19' title="bbox 747 1797 2308 1865; baseline 0.001 -17"><span class='ocrx_word' id='word_1_113' title='bbox 747 1799 831 1848; x_wconf 89' lang='lat' dir='ltr'><strong>bis</strong></span> <span class='ocrx_word' id='word_1_114' title='bbox 865 1809 970 1848; x_wconf 86' lang='lat' dir='ltr'><strong>tam</strong></span> <span class='ocrx_word' id='word_1_115' title='bbox 1009 1798 1248 1863; x_wconf 80' lang='lat' dir='ltr'><strong>copiosis</strong></span> <span class='ocrx_word' id='word_1_116' title='bbox 1291 1797 1445 1849; x_wconf 78' lang='lat' dir='ltr'><strong>faciei</strong></span> <span class='ocrx_word' id='word_1_117' title='bbox 1498 1798 1846 1857; x_wconf 90' lang='lat' dir='ltr'><strong>humoribus,</strong></span> <span class='ocrx_word' id='word_1_118' title='bbox 1900 1798 2005 1851; x_wconf 85' lang='lat' dir='ltr'><strong>tale</strong></span> <span class='ocrx_word' id='word_1_119' title='bbox 2051 1799 2308 1865; x_wconf 81' lang='lat' dir='ltr'><strong>quiddam</strong></span> 
     </span>
    </p>
   </div>
   <div class='ocr_carea' id='block_1_20' title="bbox 2414 605 3990 677">
    <p class='ocr_par' dir='ltr' id='par_1_20' title="bbox 2414 605 3990 677">
     <span class='ocr_line' id='line_1_20' title="bbox 2414 605 3990 677; baseline -0.007 -11"><span class='ocrx_word' id='word_1_120' title='bbox 2414 617 2509 666; x_wconf 74' lang='grc' dir='ltr'><strong>καὶ</strong></span> <span class='ocrx_word' id='word_1_121' title='bbox 2542 613 2863 673; x_wconf 77' lang='grc' dir='ltr'><strong>σπουδάζειν</strong></span> <span class='ocrx_word' id='word_1_122' title='bbox 2895 612 3070 676; x_wconf 80' lang='grc' dir='ltr'>ἔξεστι</span> <span class='ocrx_word' id='word_1_123' title='bbox 3101 610 3197 663; x_wconf 70' lang='grc' dir='ltr'>καὶ</span> <span class='ocrx_word' id='word_1_124' title='bbox 3255 608 3503 677; x_wconf 82' lang='grc' dir='ltr'>μαλάχης</span> <span class='ocrx_word' id='word_1_125' title='bbox 3533 605 3735 673; x_wconf 81' lang='grc' dir='ltr'>λευκῆς</span> <span class='ocrx_word' id='word_1_126' title='bbox 3785 605 3946 673; x_wconf 72' lang='grc' dir='ltr'>χρεία</span> <span class='ocrx_word' id='word_1_127' title='bbox 3975 619 3990 633; x_wconf 77' lang='grc'><strong><em>⁸</em></strong></span> 
     </span>
    </p>
   </div>
   <div class='ocr_carea' id='block_1_21' title="bbox 2415 696 3993 773">
    <p class='ocr_par' dir='ltr' id='par_1_21' title="bbox 2415 696 3993 773">
     <span class='ocr_line' id='line_1_21' title="bbox 2415 696 3993 773; baseline -0.008 -16"><span class='ocrx_word' id='word_1_128' title='bbox 2415 710 2508 757; x_wconf 75' lang='grc' dir='ltr'><strong>καὶ</strong></span> <span class='ocrx_word' id='word_1_129' title='bbox 2543 704 2729 773; x_wconf 82' lang='grc' dir='ltr'>παρῆν</span> <span class='ocrx_word' id='word_1_130' title='bbox 2760 705 2840 756; x_wconf 79' lang='grc' dir='ltr'>ὅτι</span> <span class='ocrx_word' id='word_1_131' title='bbox 2871 706 3032 772; x_wconf 79' lang='grc' dir='ltr'>τάχος</span> <span class='ocrx_word' id='word_1_132' title='bbox 3079 702 3172 754; x_wconf 79' lang='grc' dir='ltr'><strong>καὶ</strong></span> <span class='ocrx_word' id='word_1_133' title='bbox 3217 700 3462 752; x_wconf 89' lang='grc' dir='ltr'>πτελεῶν</span> <span class='ocrx_word' id='word_1_134' title='bbox 3517 698 3719 766; x_wconf 72' lang='grc' dir='ltr'>φλοιὸς,</span> <span class='ocrx_word' id='word_1_135' title='bbox 3753 697 3846 748; x_wconf 82' lang='grc' dir='ltr'><strong>καί</strong></span> <span class='ocrx_word' id='word_1_136' title='bbox 3891 696 3993 746; x_wconf 74' lang='grc' dir='ltr'>τιν’</span> 
     </span>
    </p>
   </div>
   <div class='ocr_carea' id='block_1_22' title="bbox 2414 789 3991 866">
    <p class='ocr_par' dir='ltr' id='par_1_22' title="bbox 2414 789 3991 866">
     <span class='ocr_line' id='line_1_22' title="bbox 2414 789 3991 866; baseline -0.006 -18"><span class='ocrx_word' id='word_1_137' title='bbox 2414 797 2600 866; x_wconf 80' lang='grc' dir='ltr'>ἕτερα,</span> <span class='ocrx_word' id='word_1_138' title='bbox 2630 796 2714 847; x_wconf 84' lang='grc' dir='ltr'>ἶνα</span> <span class='ocrx_word' id='word_1_139' title='bbox 2741 796 3090 864; x_wconf 80' lang='grc' dir='ltr'>διαχυθέντες</span> <span class='ocrx_word' id='word_1_140' title='bbox 3110 794 3159 845; x_wconf 89' lang='grc' dir='ltr'><strong>οί</strong></span> <span class='ocrx_word' id='word_1_141' title='bbox 3205 792 3358 858; x_wconf 80' lang='grc' dir='ltr'>ὗγκοι</span> <span class='ocrx_word' id='word_1_142' title='bbox 3385 792 3458 858; x_wconf 74' lang='grc' dir='ltr'><strong>μὴ</strong></span> <span class='ocrx_word' id='word_1_143' title='bbox 3485 792 3810 858; x_wconf 79' lang='grc' dir='ltr'>χωρήσωσιν</span> <span class='ocrx_word' id='word_1_144' title='bbox 3836 789 3991 846; x_wconf 77' lang='grc' dir='ltr'>εἴσω.</span> 
     </span>
    </p>
   </div>
   <div class='ocr_carea' id='block_1_23' title="bbox 2415 874 3992 956">
    <p class='ocr_par' dir='ltr' id='par_1_23' title="bbox 2415 881 3992 956">
     <span class='ocr_line' id='line_1_23' title="bbox 2415 881 3992 956; baseline -0.008 -16"><span class='ocrx_word' id='word_1_145' title='bbox 2415 887 2712 941; x_wconf 79' lang='grc' dir='ltr'>κάντεῦθεν</span> <span class='ocrx_word' id='word_1_146' title='bbox 2745 889 2858 949; x_wconf 89' lang='grc' dir='ltr'>τοῖς</span> <span class='ocrx_word' id='word_1_147' title='bbox 2889 904 2946 938; x_wconf 90' lang='grc' dir='ltr'><strong>τε</strong></span> <span class='ocrx_word' id='word_1_148' title='bbox 2982 888 3188 956; x_wconf 79' lang='grc' dir='ltr'>ἰατροῖς</span> <span class='ocrx_word' id='word_1_149' title='bbox 3227 884 3489 950; x_wconf 78' lang='grc' dir='ltr'><strong>ἀγωνίας,</strong></span> <span class='ocrx_word' id='word_1_150' title='bbox 3528 882 3603 948; x_wconf 83' lang='grc' dir='ltr'>τῷ</span> <span class='ocrx_word' id='word_1_151' title='bbox 3633 899 3690 932; x_wconf 88' lang='grc' dir='ltr'><strong>τε</strong></span> <span class='ocrx_word' id='word_1_152' title='bbox 3728 881 3992 946; x_wconf 74' lang='grc' dir='ltr'>κάμνοντι</span> 
     </span>
    </p>
   </div>
   <div class='ocr_carea' id='block_1_24' title="bbox 2416 970 3994 1046">
    <p class='ocr_par' dir='ltr' id='par_1_24' title="bbox 2416 970 3994 1046">
     <span class='ocr_line' id='line_1_24' title="bbox 2416 970 3994 1046; baseline -0.004 -16"><span class='ocrx_word' id='word_1_153' title='bbox 2416 979 2646 1030; x_wconf 80' lang='grc' dir='ltr'>θανάτου</span> <span class='ocrx_word' id='word_1_154' title='bbox 2677 977 2796 1046; x_wconf 82' lang='grc' dir='ltr'>τάχ’</span> <span class='ocrx_word' id='word_1_155' title='bbox 2837 978 2966 1038; x_wconf 85' lang='grc' dir='ltr'>ῐσως</span> <span class='ocrx_word' id='word_1_156' title='bbox 2997 977 3170 1033; x_wconf 63' lang='grc' dir='ltr'>αἴτιοι</span> <span class='ocrx_word' id='word_1_157' title='bbox 3197 975 3482 1041; x_wconf 79' lang='grc' dir='ltr'><strong>γένωνται.</strong></span> <span class='ocrx_word' id='word_1_158' title='bbox 3518 973 3583 1025; x_wconf 86' lang='grc' dir='ltr'>Τί</span> <span class='ocrx_word' id='word_1_159' title='bbox 3616 971 3676 1023; x_wconf 82' lang='grc' dir='ltr'><strong>τδ</strong></span> <span class='ocrx_word' id='word_1_160' title='bbox 3705 970 3955 1022; x_wconf 72' lang='grc' dir='ltr'>ἐντεῦθεν</span> <span class='ocrx_word' id='word_1_161' title='bbox 3982 987 3994 1023; x_wconf 85' lang='lat'><strong>:</strong></span> 
     </span>
    </p>
   </div>
   <div class='ocr_carea' id='block_1_25' title="bbox 2418 1063 3997 1136">
    <p class='ocr_par' dir='ltr' id='par_1_25' title="bbox 2418 1063 3997 1136">
     <span class='ocr_line' id='line_1_25' title="bbox 2418 1063 3997 1136; baseline -0.007 -15"><span class='ocrx_word' id='word_1_162' title='bbox 2418 1070 2700 1122; x_wconf 86' lang='grc' dir='ltr'>Πέπαυται</span> <span class='ocrx_word' id='word_1_163' title='bbox 2724 1069 2896 1121; x_wconf 88' lang='grc' dir='ltr'>ταῦτα</span> <span class='ocrx_word' id='word_1_164' title='bbox 2918 1085 2930 1098; x_wconf 90' lang='grc'><strong>·</strong></span> <span class='ocrx_word' id='word_1_165' title='bbox 2950 1063 3067 1121; x_wconf 73' lang='grc' dir='ltr'>εἶτα</span> <span class='ocrx_word' id='word_1_166' title='bbox 3091 1067 3374 1128; x_wconf 83' lang='grc' dir='ltr'>δοκοῦντες</span> <span class='ocrx_word' id='word_1_167' title='bbox 3392 1067 3533 1136; x_wconf 76' lang='grc' dir='ltr'>ἔχειν</span> <span class='ocrx_word' id='word_1_168' title='bbox 3551 1064 3812 1134; x_wconf 71' lang='grc' dir='ltr'>γαλήνην,</span> <span class='ocrx_word' id='word_1_169' title='bbox 3831 1063 3997 1114; x_wconf 68' lang='grc' dir='ltr'>πάλιν</span> 
     </span>
    </p>
   </div>
   <div class='ocr_carea' id='block_1_26' title="bbox 2413 1158 4000 1233">
    <p class='ocr_par' dir='ltr' id='par_1_26' title="bbox 2413 1158 4000 1233">
     <span class='ocr_line' id='line_1_26' title="bbox 2413 1158 4000 1233; baseline -0.004 -20"><span class='ocrx_word' id='word_1_170' title='bbox 2413 1165 2524 1223; x_wconf 65' lang='grc' dir='ltr'>τοῖς</span> <span class='ocrx_word' id='word_1_171' title='bbox 2545 1162 2735 1230; x_wconf 80' lang='grc' dir='ltr'>πρώην</span> <span class='ocrx_word' id='word_1_172' title='bbox 2758 1163 3126 1230; x_wconf 88' lang='grc' dir='ltr'>ἐμπίπτομεν,</span> <span class='ocrx_word' id='word_1_173' title='bbox 3144 1161 3192 1212; x_wconf 82' lang='grc' dir='ltr'><strong>εί</strong></span> <span class='ocrx_word' id='word_1_174' title='bbox 3212 1160 3306 1210; x_wconf 55' lang='grc' dir='ltr'>κακ,</span> <span class='ocrx_word' id='word_1_175' title='bbox 3330 1158 3405 1227; x_wconf 86' lang='grc' dir='ltr'>μὴ</span> <span class='ocrx_word' id='word_1_176' title='bbox 3421 1158 3851 1233; x_wconf 70' lang='grc' dir='ltr'>παραπλησίοις,</span> <span class='ocrx_word' id='word_1_177' title='bbox 3874 1159 4000 1225; x_wconf 65' lang='grc' dir='ltr'>τρο-</span> 
     </span>
    </p>
   </div>
   <div class='ocr_carea' id='block_1_27' title="bbox 2417 1246 3999 1319">
    <p class='ocr_par' dir='ltr' id='par_1_27' title="bbox 2417 1246 3999 1319">
     <span class='ocr_line' id='line_1_27' title="bbox 2417 1246 3999 1319; baseline -0.004 -18"><span class='ocrx_word' id='word_1_178' title='bbox 2417 1267 2518 1302; x_wconf 90' lang='grc' dir='ltr'><strong>πον</strong></span> <span class='ocrx_word' id='word_1_179' title='bbox 2562 1251 2607 1302; x_wconf 86' lang='grc' dir='ltr'>δ’</span> <span class='ocrx_word' id='word_1_180' title='bbox 2642 1252 2831 1319; x_wconf 80' lang='grc' dir='ltr'>ἓτερον</span> <span class='ocrx_word' id='word_1_181' title='bbox 2881 1250 3287 1318; x_wconf 74' lang='grc' dir='ltr'><strong>παραπλησίοις</strong></span> <span class='ocrx_word' id='word_1_182' title='bbox 3316 1265 3325 1274; x_wconf 82' lang='grc'><strong>”</strong></span> <span class='ocrx_word' id='word_1_183' title='bbox 3423 1250 3532 1316; x_wconf 75' lang='grc' dir='ltr'>γαρ</span> <span class='ocrx_word' id='word_1_184' title='bbox 3577 1247 3714 1313; x_wconf 72' lang='grc' dir='ltr'>αὐτή</span> <span class='ocrx_word' id='word_1_185' title='bbox 3747 1263 3826 1307; x_wconf 87' lang='grc' dir='ltr'><strong>τις</strong></span> <span class='ocrx_word' id='word_1_186' title='bbox 3857 1246 3999 1296; x_wconf 76' lang='grc' dir='ltr'>ἁπο-</span> 
     </span>
    </p>
   </div>
   <div class='ocr_carea' id='block_1_28' title="bbox 2422 1328 4004 1410">
    <p class='ocr_par' dir='ltr' id='par_1_28' title="bbox 2422 1328 4004 1410">
     <span class='ocr_line' id='line_1_28' title="bbox 2422 1328 4004 1410; baseline -0.002 -19"><span class='ocrx_word' id='word_1_187' title='bbox 2422 1342 2514 1408; x_wconf 86' lang='grc' dir='ltr'><strong>ρία</strong></span> <span class='ocrx_word' id='word_1_188' title='bbox 2551 1345 2659 1403; x_wconf 84' lang='grc' dir='ltr'>τοῖς</span> <span class='ocrx_word' id='word_1_189' title='bbox 2698 1345 2907 1410; x_wconf 89' lang='grc' dir='ltr'>ίατροῖς</span> <span class='ocrx_word' id='word_1_190' title='bbox 2940 1359 2953 1373; x_wconf 78' lang='grc' dir='ltr'><strong>ο</strong></span> <span class='ocrx_word' id='word_1_191' title='bbox 2993 1328 3233 1409; x_wconf 77' lang='grc' dir='ltr'>πυρετὸς</span> <span class='ocrx_word' id='word_1_192' title='bbox 3259 1341 3368 1409; x_wconf 68' lang='grc' dir='ltr'>γὰρ</span> <span class='ocrx_word' id='word_1_193' title='bbox 3395 1343 3459 1392; x_wconf 88' lang='grc' dir='ltr'><strong>ἐκ</strong></span> <span class='ocrx_word' id='word_1_194' title='bbox 3497 1336 3731 1408; x_wconf 75' lang='grc' dir='ltr'>πυρετοῦ</span> <span class='ocrx_word' id='word_1_195' title='bbox 3765 1336 4004 1404; x_wconf 66' lang='grc' dir='ltr'>συλλαμ-</span> 
     </span>
    </p>
   </div>
   <div class='ocr_carea' id='block_1_29' title="bbox 2417 1431 4004 1502">
    <p class='ocr_par' dir='ltr' id='par_1_29' title="bbox 2417 1431 4004 1502">
     <span class='ocr_line' id='line_1_29' title="bbox 2417 1431 4004 1502; baseline -0.006 -16"><span class='ocrx_word' id='word_1_196' title='bbox 2417 1433 2593 1485; x_wconf 71' lang='grc' dir='ltr'>ϐαων</span> <span class='ocrx_word' id='word_1_197' title='bbox 2631 1433 2786 1501; x_wconf 75' lang='grc' dir='ltr'>διῆγε</span> <span class='ocrx_word' id='word_1_198' title='bbox 2818 1451 2827 1461; x_wconf 94' lang='grc'>·</span> <span class='ocrx_word' id='word_1_199' title='bbox 2889 1434 2982 1486; x_wconf 75' lang='grc' dir='ltr'><strong>καὶ</strong></span> <span class='ocrx_word' id='word_1_200' title='bbox 3014 1435 3080 1485; x_wconf 84' lang='grc' dir='ltr'>τὰ</span> <span class='ocrx_word' id='word_1_201' title='bbox 3109 1434 3288 1502; x_wconf 79' lang='grc' dir='ltr'>πολλῷ</span> <span class='ocrx_word' id='word_1_202' title='bbox 3323 1433 3398 1500; x_wconf 81' lang='grc' dir='ltr'><strong>τῷ</strong></span> <span class='ocrx_word' id='word_1_203' title='bbox 3429 1433 3604 1501; x_wconf 79' lang='grc' dir='ltr'>χρόνῳ</span> <span class='ocrx_word' id='word_1_204' title='bbox 3634 1431 3770 1498; x_wconf 64' lang='grc' dir='ltr'>μέλη</span> <span class='ocrx_word' id='word_1_205' title='bbox 3805 1446 3930 1480; x_wconf 78' lang='grc' dir='ltr'>κατε</span> <span class='ocrx_word' id='word_1_206' title='bbox 3948 1445 4004 1495; x_wconf 79' lang='grc' dir='ltr'>ρ-</span> 
     </span>
    </p>
   </div>
   <div class='ocr_carea' id='block_1_30' title="bbox 2417 1519 4002 1595">
    <p class='ocr_par' dir='ltr' id='par_1_30' title="bbox 2417 1519 4002 1595">
     <span class='ocr_line' id='line_1_30' title="bbox 2417 1519 4002 1595; baseline -0.005 -19"><span class='ocrx_word' id='word_1_207' title='bbox 2417 1527 2690 1590; x_wconf 81' lang='grc' dir='ltr'>γασθέντα</span> <span class='ocrx_word' id='word_1_208' title='bbox 2745 1527 2861 1588; x_wconf 88' lang='grc' dir='ltr'><strong>πῶς</strong></span> <span class='ocrx_word' id='word_1_209' title='bbox 2917 1525 3017 1576; x_wconf 81' lang='grc' dir='ltr'>οἴει</span> <span class='ocrx_word' id='word_1_210' title='bbox 3071 1526 3443 1595; x_wconf 82' lang='grc' dir='ltr'>κατέτρνχεν·</span> <span class='ocrx_word' id='word_1_211' title='bbox 3490 1523 3564 1584; x_wconf 86' lang='grc' dir='ltr'>ὼς</span> <span class='ocrx_word' id='word_1_212' title='bbox 3620 1521 3742 1590; x_wconf 81' lang='grc' dir='ltr'>μηδ’</span> <span class='ocrx_word' id='word_1_213' title='bbox 3797 1519 4002 1579; x_wconf 62' lang='grc' dir='ltr'>ὁτιοῦν,</span> 
     </span>
    </p>
   </div>
   <div class='ocr_carea' id='block_1_31' title="bbox 2421 1611 4000 1688">
    <p class='ocr_par' dir='ltr' id='par_1_31' title="bbox 2421 1611 4000 1688">
     <span class='ocr_line' id='line_1_31' title="bbox 2421 1611 4000 1688; baseline -0.005 -18"><span class='ocrx_word' id='word_1_214' title='bbox 2421 1619 2550 1687; x_wconf 74' lang='grc' dir='ltr'>μήθ’</span> <span class='ocrx_word' id='word_1_215' title='bbox 2584 1620 2738 1686; x_wconf 77' lang='grc' dir='ltr'>ἡμῖν,</span> <span class='ocrx_word' id='word_1_216' title='bbox 2789 1620 2923 1688; x_wconf 77' lang='grc' dir='ltr'>μήτε</span> <span class='ocrx_word' id='word_1_217' title='bbox 2959 1621 3069 1681; x_wconf 87' lang='grc' dir='ltr'>τοῖς</span> <span class='ocrx_word' id='word_1_218' title='bbox 3107 1621 3310 1687; x_wconf 75' lang='grc' dir='ltr'>ἰατροῖς</span> <span class='ocrx_word' id='word_1_219' title='bbox 3356 1618 3555 1679; x_wconf 81' lang='grc' dir='ltr'>ἐξεῖναι</span> <span class='ocrx_word' id='word_1_220' title='bbox 3592 1611 4000 1683; x_wconf 75' lang='grc' dir='ltr'>προσεξευρεῖν.</span> 
     </span>
    </p>
   </div>
   <div class='ocr_carea' id='block_1_32' title="bbox 2417 1705 4002 1789">
    <p class='ocr_par' dir='ltr' id='par_1_32' title="bbox 2417 1705 4002 1789">
     <span class='ocr_line' id='line_1_32' title="bbox 2417 1705 4002 1789; baseline -0.005 -27"><span class='ocrx_word' id='word_1_221' title='bbox 2417 1711 2691 1773; x_wconf 89' lang='grc' dir='ltr'>Τοιούτοις</span> <span class='ocrx_word' id='word_1_222' title='bbox 2721 1713 2869 1779; x_wconf 77' lang='grc' dir='ltr'>ἡμᾶς</span> <span class='ocrx_word' id='word_1_223' title='bbox 2896 1713 2955 1763; x_wconf 78' lang='grc' dir='ltr'><strong>τὸ</strong></span> <span class='ocrx_word' id='word_1_224' title='bbox 2990 1711 3334 1780; x_wconf 76' lang='grc' dir='ltr'>φθινόπωρον</span> <span class='ocrx_word' id='word_1_225' title='bbox 3362 1709 3639 1769; x_wconf 77' lang='grc' dir='ltr'>ἑστιᾶσαν,</span> <span class='ocrx_word' id='word_1_226' title='bbox 3673 1707 3788 1758; x_wconf 80' lang='grc' dir='ltr'>δέον</span> <span class='ocrx_word' id='word_1_227' title='bbox 3817 1705 4002 1789; x_wconf 52' lang='lat' dir='ltr'><strong>(fnian</strong></span> 
     </span>
    </p>
   </div>
   <div class='ocr_carea' id='block_1_33' title="bbox 2421 1797 3984 1871">
    <p class='ocr_par' dir='ltr' id='par_1_33' title="bbox 2421 1797 3984 1871">
     <span class='ocr_line' id='line_1_33' title="bbox 2421 1797 3984 1871; baseline 0.006 -19"><span class='ocrx_word' id='word_1_228' title='bbox 2421 1820 2520 1871; x_wconf 83' lang='grc' dir='ltr'><strong>μεν</strong></span> <span class='ocrx_word' id='word_1_229' title='bbox 2554 1806 2810 1855; x_wconf 78' lang='grc' dir='ltr'>κοινωνὸν</span> <span class='ocrx_word' id='word_1_230' title='bbox 2856 1807 2952 1856; x_wconf 75' lang='grc' dir='ltr'><strong>καὶ</strong></span> <span class='ocrx_word' id='word_1_231' title='bbox 3007 1807 3064 1855; x_wconf 75' lang='grc' dir='ltr'><strong>σε</strong></span> <span class='ocrx_word' id='word_1_232' title='bbox 3095 1804 3322 1871; x_wconf 71' lang='grc' dir='ltr'>ποιῆσαι</span> <span class='ocrx_word' id='word_1_233' title='bbox 3374 1803 3469 1868; x_wconf 79' lang='grc' dir='ltr'>τῆς</span> <span class='ocrx_word' id='word_1_234' title='bbox 3522 1803 3703 1867; x_wconf 63' lang='grc' dir='ltr'>(θοίνης</span> <span class='ocrx_word' id='word_1_235' title='bbox 3731 1815 3745 1830; x_wconf 91' lang='grc'><strong>⁹</strong></span> <span class='ocrx_word' id='word_1_236' title='bbox 3783 1798 3881 1864; x_wconf 60' lang='grc' dir='ltr'>οὐχ</span> <span class='ocrx_word' id='word_1_237' title='bbox 3935 1797 3984 1845; x_wconf 75' lang='grc' dir='ltr'><strong>ῖν</strong></span> 
     </span>
    </p>
   </div>
   <div class='ocr_carea' id='block_1_34' title="bbox 743 1888 2414 1963">
    <p class='ocr_par' dir='ltr' id='par_1_34' title="bbox 743 1888 2391 1959">
     <span class='ocr_line' id='line_1_34' title="bbox 743 1888 2391 1959; baseline 0.001 -19"><span class='ocrx_word' id='word_1_238' title='bbox 743 1899 946 1940; x_wconf 85' lang='lat' dir='ltr'><strong>evenit.</strong></span> <span class='ocrx_word' id='word_1_239' title='bbox 981 1889 1167 1941; x_wconf 74' lang='lat' dir='ltr'><strong>Amba:</strong></span> <span class='ocrx_word' id='word_1_240' title='bbox 1199 1890 1380 1942; x_wconf 89' lang='lat' dir='ltr'><strong>subito</strong></span> <span class='ocrx_word' id='word_1_241' title='bbox 1407 1901 1729 1942; x_wconf 75' lang='lat' dir='ltr'><strong>extnmuere</strong></span> <span class='ocrx_word' id='word_1_242' title='bbox 1758 1905 1928 1959; x_wconf 66' lang='lat' dir='ltr'><strong>genae.</strong></span> <span class='ocrx_word' id='word_1_243' title='bbox 1991 1888 2089 1942; x_wconf 88' lang='lat' dir='ltr'><strong>llie</strong></span> <span class='ocrx_word' id='word_1_244' title='bbox 2119 1906 2313 1944; x_wconf 83' lang='lat' dir='ltr'><strong>rursus</strong></span> <span class='ocrx_word' id='word_1_245' title='bbox 2353 1891 2391 1943; x_wconf 70' lang='lat' dir='ltr'><strong>li</strong></span> 
     </span>
    </p>
   </div>
   <div class='ocr_carea' id='block_1_35' title="bbox 2333 1888 4004 1963">
    <p class='ocr_par' dir='ltr' id='par_1_35' title="bbox 2353 1888 4004 1963">
     <span class='ocr_line' id='line_1_35' title="bbox 2353 1888 4004 1963; baseline -0.007 -15"><span class='ocrx_word' id='word_1_246' title='bbox 2353 1891 2391 1943; x_wconf 74' lang='grc' dir='ltr'><strong>Β</strong></span> <span class='ocrx_word' id='word_1_247' title='bbox 2421 1895 2644 1963; x_wconf 82' lang='grc' dir='ltr'>ἀλγοίης</span> <span class='ocrx_word' id='word_1_248' title='bbox 2672 1912 2685 1925; x_wconf 68' lang='grc' dir='ltr'><strong>ι</strong></span> <span class='ocrx_word' id='word_1_249' title='bbox 2745 1897 2934 1963; x_wconf 73' lang='grc' dir='ltr'>πόρρω</span> <span class='ocrx_word' id='word_1_250' title='bbox 2967 1897 3074 1963; x_wconf 73' lang='grc' dir='ltr'><strong>γὰρ</strong></span> <span class='ocrx_word' id='word_1_251' title='bbox 3126 1898 3288 1963; x_wconf 77' lang='grc' dir='ltr'>ἡμεῖς</span> <span class='ocrx_word' id='word_1_252' title='bbox 3326 1895 3434 1944; x_wconf 88' lang='grc' dir='ltr'><strong>τῶν</strong></span> <span class='ocrx_word' id='word_1_253' title='bbox 3477 1894 3734 1944; x_wconf 75' lang='grc' dir='ltr'>τοιούτοιν</span> <span class='ocrx_word' id='word_1_254' title='bbox 3769 1891 3881 1949; x_wconf 81' lang='grc' dir='ltr'>τοῖς</span> <span class='ocrx_word' id='word_1_255' title='bbox 3917 1888 4004 1953; x_wconf 60' lang='lat' dir='ltr'><strong>gi-</strong></span> 
     </span>
    </p>
   </div>
   <div class='ocr_carea' id='block_1_36' title="bbox 744 1979 2319 2047">
    <p class='ocr_par' dir='ltr' id='par_1_36' title="bbox 744 1979 2319 2047">
     <span class='ocr_line' id='line_1_36' title="bbox 744 1979 2319 2047; baseline 0.003 -19"><span class='ocrx_word' id='word_1_256' title='bbox 744 1979 999 2047; x_wconf 79' lang='lat' dir='ltr'><strong>advolare</strong></span> <span class='ocrx_word' id='word_1_257' title='bbox 1027 1981 1246 2037; x_wconf 88' lang='lat' dir='ltr'><strong>medici.</strong></span> <span class='ocrx_word' id='word_1_258' title='bbox 1276 1981 1524 2047; x_wconf 89' lang='lat' dir='ltr'><strong>aliusque</strong></span> <span class='ocrx_word' id='word_1_259' title='bbox 1547 1981 1612 2032; x_wconf 89' lang='lat' dir='ltr'><strong>ad</strong></span> <span class='ocrx_word' id='word_1_260' title='bbox 1637 1981 1803 2033; x_wconf 87' lang='lat' dir='ltr'><strong>alium</strong></span> <span class='ocrx_word' id='word_1_261' title='bbox 1837 1979 2140 2042; x_wconf 87' lang='lat' dir='ltr'><strong>clamitare,</strong></span> <span class='ocrx_word' id='word_1_262' title='bbox 2173 1996 2319 2032; x_wconf 89' lang='lat' dir='ltr'><strong>nunc</strong></span> 
     </span>
    </p>
   </div>
   <div class='ocr_carea' id='block_1_37' title="bbox 747 2071 2319 2142">
    <p class='ocr_par' dir='ltr' id='par_1_37' title="bbox 747 2071 2319 2142">
     <span class='ocr_line' id='line_1_37' title="bbox 747 2071 2319 2142; baseline 0.005 -24"><span class='ocrx_word' id='word_1_263' title='bbox 747 2071 830 2122; x_wconf 87' lang='lat' dir='ltr'><strong>vel</strong></span> <span class='ocrx_word' id='word_1_264' title='bbox 877 2072 1111 2124; x_wconf 77' lang='lat' dir='ltr'><strong>maxime</strong></span> <span class='ocrx_word' id='word_1_265' title='bbox 1159 2073 1564 2139; x_wconf 87' lang='lat' dir='ltr'><strong>properandum</strong></span> <span class='ocrx_word' id='word_1_266' title='bbox 1607 2083 1660 2126; x_wconf 85' lang='lat' dir='ltr'><strong>et</strong></span> <span class='ocrx_word' id='word_1_267' title='bbox 1702 2090 1800 2142; x_wconf 92' lang='lat' dir='ltr'><strong>pro</strong></span> <span class='ocrx_word' id='word_1_268' title='bbox 1840 2076 2047 2127; x_wconf 66' lang='lat' dir='ltr'><strong>viribus</strong></span> <span class='ocrx_word' id='word_1_269' title='bbox 2095 2075 2319 2126; x_wconf 90' lang='lat' dir='ltr'><strong>adlabo-</strong></span> 
     </span>
    </p>
   </div>
   <div class='ocr_carea' id='block_1_38' title="bbox 2425 1979 4004 2053">
    <p class='ocr_par' dir='ltr' id='par_1_38' title="bbox 2425 1979 4004 2053">
     <span class='ocr_line' id='line_1_38' title="bbox 2425 1979 4004 2053; baseline 0.003 -21"><span class='ocrx_word' id='word_1_270' title='bbox 2425 1982 2564 2044; x_wconf 86' lang='grc' dir='ltr'>λοις·</span> <span class='ocrx_word' id='word_1_271' title='bbox 2625 1983 2742 2034; x_wconf 83' lang='grc' dir='ltr'>ἀλλ’</span> <span class='ocrx_word' id='word_1_272' title='bbox 2794 1983 2864 2034; x_wconf 56' lang='grc' dir='ltr'><strong>ἴνῗ</strong></span> <span class='ocrx_word' id='word_1_273' title='bbox 2913 1985 3109 2053; x_wconf 76' lang='grc' dir='ltr'>εἰδείης</span> <span class='ocrx_word' id='word_1_274' title='bbox 3158 1986 3214 2045; x_wconf 77' lang='grc' dir='ltr'>ἐξ</span> <span class='ocrx_word' id='word_1_275' title='bbox 3261 1987 3390 2036; x_wconf 78' lang='grc' dir='ltr'>οἴων</span> <span class='ocrx_word' id='word_1_276' title='bbox 3442 1986 3551 2051; x_wconf 77' lang='grc' dir='ltr'>ἄρα</span> <span class='ocrx_word' id='word_1_277' title='bbox 3590 1980 3870 2034; x_wconf 69' lang='grc' dir='ltr'>σκοπέλων</span> <span class='ocrx_word' id='word_1_278' title='bbox 3924 1979 4004 2037; x_wconf 81' lang='grc' dir='ltr'><strong>εἰς</strong></span> 
     </span>
    </p>
   </div>
   <div class='ocr_carea' id='block_1_39' title="bbox 2425 2075 3678 2144">
    <p class='ocr_par' dir='ltr' id='par_1_39' title="bbox 2425 2075 3678 2144">
     <span class='ocr_line' id='line_1_39' title="bbox 2425 2075 3678 2144; baseline 0 -18"><span class='ocrx_word' id='word_1_279' title='bbox 2425 2075 2569 2136; x_wconf 76' lang='grc' dir='ltr'>οἴους</span> <span class='ocrx_word' id='word_1_280' title='bbox 2601 2078 2941 2144; x_wconf 84' lang='grc' dir='ltr'>κατέσχομεν</span> <span class='ocrx_word' id='word_1_281' title='bbox 2986 2079 3082 2128; x_wconf 76' lang='grc' dir='ltr'><strong>σὺν</strong></span> <span class='ocrx_word' id='word_1_282' title='bbox 3113 2078 3232 2144; x_wconf 72' lang='grc' dir='ltr'><strong>θεῷ</strong></span> <span class='ocrx_word' id='word_1_283' title='bbox 3270 2077 3396 2138; x_wconf 71' lang='grc' dir='ltr'>τους</span> <span class='ocrx_word' id='word_1_284' title='bbox 3432 2078 3678 2142; x_wconf 60' lang='grc' dir='ltr'>λιμένας.</span> 
     </span>
    </p>
   </div>
   <div class='ocr_carea' id='block_1_40' title="bbox 746 2159 4005 2240">
    <p class='ocr_par' dir='ltr' id='par_1_40' title="bbox 746 2159 4005 2240">
     <span class='ocr_line' id='line_1_40' title="bbox 746 2159 4005 2240; baseline -0.001 -23"><span class='ocrx_word' id='word_1_285' title='bbox 746 2167 977 2218; x_wconf 88' lang='lat' dir='ltr'><strong>randum</strong></span> <span class='ocrx_word' id='word_1_286' title='bbox 1010 2183 1153 2232; x_wconf 89' lang='lat' dir='ltr'><strong>esse,</strong></span> <span class='ocrx_word' id='word_1_287' title='bbox 1191 2169 1241 2220; x_wconf 93' lang='lat' dir='ltr'><strong>in</strong></span> <span class='ocrx_word' id='word_1_288' title='bbox 1277 2171 1472 2236; x_wconf 87' lang='lat' dir='ltr'><strong>primis</strong></span> <span class='ocrx_word' id='word_1_289' title='bbox 1504 2171 1677 2222; x_wconf 83' lang='lat' dir='ltr'><strong>malva</strong></span> <span class='ocrx_word' id='word_1_290' title='bbox 1703 2171 1824 2223; x_wconf 88' lang='lat' dir='ltr'><strong>alba</strong></span> <span class='ocrx_word' id='word_1_291' title='bbox 1857 2187 1996 2240; x_wconf 88' lang='lat' dir='ltr'><strong>opus</strong></span> <span class='ocrx_word' id='word_1_292' title='bbox 2025 2187 2168 2234; x_wconf 86' lang='lat' dir='ltr'><strong>esse,</strong></span> <span class='ocrx_word' id='word_1_293' title='bbox 2197 2186 2319 2240; x_wconf 75' lang='lat' dir='ltr'><strong>qua:</strong></span> <span class='ocrx_word' id='word_1_294' title='bbox 2361 2171 2509 2225; x_wconf 91' lang='lat' dir='ltr'><strong>illico</strong></span> <span class='ocrx_word' id='word_1_295' title='bbox 2533 2171 2706 2224; x_wconf 86' lang='lat' dir='ltr'><strong>adfuit</strong></span> <span class='ocrx_word' id='word_1_296' title='bbox 2734 2189 2750 2234; x_wconf 86' lang='lat'><strong>;</strong></span> <span class='ocrx_word' id='word_1_297' title='bbox 2811 2184 2865 2227; x_wconf 93' lang='lat' dir='ltr'><strong>et</strong></span> <span class='ocrx_word' id='word_1_298' title='bbox 2895 2173 3151 2226; x_wconf 89' lang='lat' dir='ltr'><strong>similiter</strong></span> <span class='ocrx_word' id='word_1_299' title='bbox 3188 2175 3318 2227; x_wconf 91' lang='lat' dir='ltr'><strong>ulmi</strong></span> <span class='ocrx_word' id='word_1_300' title='bbox 3358 2186 3567 2233; x_wconf 80' lang='lat' dir='ltr'><strong>cortex,</strong></span> <span class='ocrx_word' id='word_1_301' title='bbox 3604 2180 3659 2224; x_wconf 92' lang='lat' dir='ltr'><strong>et</strong></span> <span class='ocrx_word' id='word_1_302' title='bbox 3719 2159 3822 2223; x_wconf 86' lang='lat' dir='ltr'><strong>alia</strong></span> <span class='ocrx_word' id='word_1_303' title='bbox 3854 2183 4005 2235; x_wconf 60' lang='lat' dir='ltr'><strong>qua:-</strong></span> 
     </span>
    </p>
   </div>
   <div class='ocr_carea' id='block_1_41' title="bbox 745 2259 4006 2333">
    <p class='ocr_par' dir='ltr' id='par_1_41' title="bbox 745 2259 4006 2333">
     <span class='ocr_line' id='line_1_41' title="bbox 745 2259 4006 2333; baseline -0 -21"><span class='ocrx_word' id='word_1_304' title='bbox 745 2259 891 2324; x_wconf 86' lang='lat' dir='ltr'><strong>dam,</strong></span> <span class='ocrx_word' id='word_1_305' title='bbox 919 2270 976 2313; x_wconf 92' lang='lat' dir='ltr'><strong>ut</strong></span> <span class='ocrx_word' id='word_1_306' title='bbox 1016 2261 1264 2330; x_wconf 80' lang='lat' dir='ltr'><strong>dissipati</strong></span> <span class='ocrx_word' id='word_1_307' title='bbox 1301 2263 1404 2316; x_wconf 93' lang='lat' dir='ltr'><strong>hoe</strong></span> <span class='ocrx_word' id='word_1_308' title='bbox 1438 2263 1597 2315; x_wconf 92' lang='lat' dir='ltr'><strong>modo</strong></span> <span class='ocrx_word' id='word_1_309' title='bbox 1634 2271 1878 2317; x_wconf 87' lang='lat' dir='ltr'><strong>tumores</strong></span> <span class='ocrx_word' id='word_1_310' title='bbox 1937 2279 2048 2317; x_wconf 90' lang='lat' dir='ltr'><strong>non</strong></span> <span class='ocrx_word' id='word_1_311' title='bbox 2079 2262 2146 2316; x_wconf 88' lang='lat' dir='ltr'><strong>ad</strong></span> <span class='ocrx_word' id='word_1_312' title='bbox 2211 2264 2474 2316; x_wconf 89' lang='lat' dir='ltr'><strong>interiora</strong></span> <span class='ocrx_word' id='word_1_313' title='bbox 2508 2272 2885 2332; x_wconf 84' lang='lat' dir='ltr'><strong>penetrarent,</strong></span> <span class='ocrx_word' id='word_1_314' title='bbox 2924 2275 3088 2333; x_wconf 92' lang='lat' dir='ltr'><strong>atque</strong></span> <span class='ocrx_word' id='word_1_315' title='bbox 3127 2276 3316 2332; x_wconf 83' lang='lat' dir='ltr'><strong>pestea</strong></span> <span class='ocrx_word' id='word_1_316' title='bbox 3371 2274 3483 2316; x_wconf 91' lang='lat' dir='ltr'><strong>tum</strong></span> <span class='ocrx_word' id='word_1_317' title='bbox 3550 2280 3703 2316; x_wconf 73' lang='lat' dir='ltr'><strong>nov-.e</strong></span> <span class='ocrx_word' id='word_1_318' title='bbox 3775 2261 4006 2314; x_wconf 80' lang='lat' dir='ltr'><strong>medicis</strong></span> 
     </span>
    </p>
   </div>
   <div class='ocr_carea' id='block_1_42' title="bbox 747 2355 4006 2425">
    <p class='ocr_par' dir='ltr' id='par_1_42' title="bbox 747 2355 4006 2425">
     <span class='ocr_line' id='line_1_42' title="bbox 747 2355 4006 2425; baseline -0.001 -17"><span class='ocrx_word' id='word_1_319' title='bbox 747 2355 1168 2423; x_wconf 80' lang='lat' dir='ltr'><strong>trepidationis,</strong></span> <span class='ocrx_word' id='word_1_320' title='bbox 1203 2365 1314 2408; x_wconf 93' lang='lat' dir='ltr'><strong>tum</strong></span> <span class='ocrx_word' id='word_1_321' title='bbox 1344 2370 1488 2424; x_wconf 60' lang='lat' dir='ltr'><strong>a‘gro</strong></span> <span class='ocrx_word' id='word_1_322' title='bbox 1515 2355 1770 2410; x_wconf 89' lang='lat' dir='ltr'><strong>interitus</strong></span> <span class='ocrx_word' id='word_1_323' title='bbox 1817 2356 2050 2411; x_wconf 79' lang='lat' dir='ltr'><strong>fortasse</strong></span> <span class='ocrx_word' id='word_1_324' title='bbox 2097 2371 2261 2409; x_wconf 89' lang='lat' dir='ltr'><strong>causa</strong></span> <span class='ocrx_word' id='word_1_325' title='bbox 2324 2357 2539 2412; x_wconf 83' lang='lat' dir='ltr'><strong>fierent.</strong></span> <span class='ocrx_word' id='word_1_326' title='bbox 2609 2355 2758 2409; x_wconf 87' lang='lat' dir='ltr'><strong>Cedo</strong></span> <span class='ocrx_word' id='word_1_327' title='bbox 2827 2358 2955 2424; x_wconf 88' lang='lat' dir='ltr'><strong>quid</strong></span> <span class='ocrx_word' id='word_1_328' title='bbox 3034 2357 3253 2425; x_wconf 86' lang='lat' dir='ltr'><strong>postea?</strong></span> <span class='ocrx_word' id='word_1_329' title='bbox 3293 2365 3502 2409; x_wconf 86' lang='lat' dir='ltr'><strong>tantum</strong></span> <span class='ocrx_word' id='word_1_330' title='bbox 3541 2357 3686 2423; x_wconf 92' lang='lat' dir='ltr'><strong>quod</strong></span> <span class='ocrx_word' id='word_1_331' title='bbox 3733 2356 3832 2408; x_wconf 80' lang='lat' dir='ltr'><strong>ista</strong></span> <span class='ocrx_word' id='word_1_332' title='bbox 3873 2370 4006 2407; x_wconf 88' lang='lat' dir='ltr'><strong>eon-</strong></span> 
     </span>
    </p>
   </div>
   <div class='ocr_carea' id='block_1_43' title="bbox 746 2445 4003 2516">
    <p class='ocr_par' dir='ltr' id='par_1_43' title="bbox 746 2445 4003 2516">
     <span class='ocr_line' id='line_1_43' title="bbox 746 2445 4003 2516; baseline -0.002 -16"><span class='ocrx_word' id='word_1_333' title='bbox 746 2450 1044 2515; x_wconf 85' lang='lat' dir='ltr'><strong>qoierant;</strong></span> <span class='ocrx_word' id='word_1_334' title='bbox 1095 2463 1218 2500; x_wconf 91' lang='lat' dir='ltr'><strong>cum</strong></span> <span class='ocrx_word' id='word_1_335' title='bbox 1260 2447 1615 2500; x_wconf 86' lang='lat' dir='ltr'><strong>serenitatem</strong></span> <span class='ocrx_word' id='word_1_336' title='bbox 1666 2461 1766 2500; x_wconf 89' lang='lat' dir='ltr'><strong>nos</strong></span> <span class='ocrx_word' id='word_1_337' title='bbox 1805 2448 1915 2516; x_wconf 87' lang='lat' dir='ltr'><strong>jam</strong></span> <span class='ocrx_word' id='word_1_338' title='bbox 1953 2457 2138 2500; x_wconf 88' lang='lat' dir='ltr'><strong>tenere</strong></span> <span class='ocrx_word' id='word_1_339' title='bbox 2192 2447 2312 2507; x_wconf 86' lang='lat' dir='ltr'><strong>rati,</strong></span> <span class='ocrx_word' id='word_1_340' title='bbox 2351 2447 2532 2499; x_wconf 90' lang='lat' dir='ltr'><strong>denuo</strong></span> <span class='ocrx_word' id='word_1_341' title='bbox 2589 2445 2643 2498; x_wconf 92' lang='lat' dir='ltr'><strong>in</strong></span> <span class='ocrx_word' id='word_1_342' title='bbox 2670 2446 2758 2498; x_wconf 91' lang='lat' dir='ltr'><strong>illa</strong></span> <span class='ocrx_word' id='word_1_343' title='bbox 2816 2446 3099 2513; x_wconf 80' lang='lat' dir='ltr'><strong>superiora</strong></span> <span class='ocrx_word' id='word_1_344' title='bbox 3130 2445 3431 2499; x_wconf 85' lang='lat' dir='ltr'><strong>recidimus</strong></span> <span class='ocrx_word' id='word_1_345' title='bbox 3459 2485 3473 2509; x_wconf 95' lang='lat'><strong>,</strong></span> <span class='ocrx_word' id='word_1_346' title='bbox 3500 2454 3626 2498; x_wconf 89' lang='lat' dir='ltr'><strong>utut</strong></span> <span class='ocrx_word' id='word_1_347' title='bbox 3651 2460 3758 2498; x_wconf 92' lang='lat' dir='ltr'><strong>non</strong></span> <span class='ocrx_word' id='word_1_348' title='bbox 3786 2461 4003 2513; x_wconf 68' lang='lat' dir='ltr'><strong>geni&#39;na</strong></span> 
     </span>
    </p>
   </div>
   <div class='ocr_carea' id='block_1_44' title="bbox 747 2537 4006 2611">
    <p class='ocr_par' dir='ltr' id='par_1_44' title="bbox 747 2537 4006 2611">
     <span class='ocr_line' id='line_1_44' title="bbox 747 2537 4006 2611; baseline -0.001 -19"><span class='ocrx_word' id='word_1_349' title='bbox 747 2544 912 2610; x_wconf 86' lang='lat' dir='ltr'><strong>plane</strong></span> <span class='ocrx_word' id='word_1_350' title='bbox 947 2559 1008 2597; x_wconf 90' lang='lat' dir='ltr'><strong>ac</strong></span> <span class='ocrx_word' id='word_1_351' title='bbox 1038 2543 1338 2605; x_wconf 88' lang='lat' dir='ltr'><strong>simillima,</strong></span> <span class='ocrx_word' id='word_1_352' title='bbox 1365 2544 1473 2595; x_wconf 88' lang='lat' dir='ltr'><strong>alio</strong></span> <span class='ocrx_word' id='word_1_353' title='bbox 1506 2552 1682 2596; x_wconf 89' lang='lat' dir='ltr'><strong>tamen</strong></span> <span class='ocrx_word' id='word_1_354' title='bbox 1711 2557 1819 2611; x_wconf 89' lang='lat' dir='ltr'><strong>quo</strong></span> <span class='ocrx_word' id='word_1_355' title='bbox 1859 2553 2019 2611; x_wconf 87' lang='lat' dir='ltr'><strong>pacto</strong></span> <span class='ocrx_word' id='word_1_356' title='bbox 2073 2542 2412 2603; x_wconf 84' lang='lat' dir='ltr'><strong>consimilia;</strong></span> <span class='ocrx_word' id='word_1_357' title='bbox 2457 2540 2662 2609; x_wconf 91' lang='lat' dir='ltr'><strong>quippe</strong></span> <span class='ocrx_word' id='word_1_358' title='bbox 2721 2539 2912 2594; x_wconf 88' lang='lat' dir='ltr'><strong>eadem</strong></span> <span class='ocrx_word' id='word_1_359' title='bbox 2947 2540 3148 2592; x_wconf 83' lang='lat' dir='ltr'><strong>iterum</strong></span> <span class='ocrx_word' id='word_1_360' title='bbox 3213 2539 3440 2593; x_wconf 88' lang='lat' dir='ltr'><strong>medicis</strong></span> <span class='ocrx_word' id='word_1_361' title='bbox 3471 2537 3586 2592; x_wconf 81' lang='lat' dir='ltr'><strong>fere</strong></span> <span class='ocrx_word' id='word_1_362' title='bbox 3616 2540 3806 2591; x_wconf 86' lang='lat' dir='ltr'><strong>aderat</strong></span> <span class='ocrx_word' id='word_1_363' title='bbox 3842 2541 4006 2592; x_wconf 53' lang='lat' dir='ltr'><strong>intui-</strong></span> 
     </span>
    </p>
   </div>
   <div class='ocr_carea' id='block_1_45' title="bbox 748 2634 4004 2707">
    <p class='ocr_par' dir='ltr' id='par_1_45' title="bbox 748 2634 4004 2707">
     <span class='ocr_line' id='line_1_45' title="bbox 748 2634 4004 2707; baseline -0.001 -18"><span class='ocrx_word' id='word_1_364' title='bbox 748 2638 901 2701; x_wconf 87' lang='lat' dir='ltr'><strong>tatio,</strong></span> <span class='ocrx_word' id='word_1_365' title='bbox 938 2639 1080 2704; x_wconf 85' lang='lat' dir='ltr'><strong>quod</strong></span> <span class='ocrx_word' id='word_1_366' title='bbox 1125 2638 1296 2692; x_wconf 82' lang='lat' dir='ltr'><strong>febris</strong></span> <span class='ocrx_word' id='word_1_367' title='bbox 1344 2639 1535 2693; x_wconf 86' lang='lat' dir='ltr'><strong>febrim</strong></span> <span class='ocrx_word' id='word_1_368' title='bbox 1578 2641 1880 2707; x_wconf 81' lang='lat' dir='ltr'><strong>excipiens,</strong></span> <span class='ocrx_word' id='word_1_369' title='bbox 1915 2653 2212 2706; x_wconf 77' lang='lat' dir='ltr'><strong>SllSpellSUS</strong></span> <span class='ocrx_word' id='word_1_370' title='bbox 2267 2637 2616 2702; x_wconf 86' lang='lat' dir='ltr'><strong>incertosque</strong></span> <span class='ocrx_word' id='word_1_371' title='bbox 2701 2644 2914 2690; x_wconf 81' lang='lat' dir='ltr'><strong>teneret</strong></span> <span class='ocrx_word' id='word_1_372' title='bbox 2953 2653 2966 2689; x_wconf 91' lang='lat'><strong>:</strong></span> <span class='ocrx_word' id='word_1_373' title='bbox 3005 2645 3267 2702; x_wconf 89' lang='lat' dir='ltr'><strong>artusque</strong></span> <span class='ocrx_word' id='word_1_374' title='bbox 3341 2634 3590 2702; x_wconf 90' lang='lat' dir='ltr'><strong>corporis</strong></span> <span class='ocrx_word' id='word_1_375' title='bbox 3635 2635 3748 2701; x_wconf 88' lang='lat' dir='ltr'><strong>ipsa</strong></span> <span class='ocrx_word' id='word_1_376' title='bbox 3827 2635 4004 2687; x_wconf 83' lang='lat' dir='ltr'><strong>morbi</strong></span> 
     </span>
    </p>
   </div>
   <div class='ocr_carea' id='block_1_46' title="bbox 747 2727 4007 2800">
    <p class='ocr_par' dir='ltr' id='par_1_46' title="bbox 747 2727 4007 2800">
     <span class='ocr_line' id='line_1_46' title="bbox 747 2727 4007 2800; baseline -0.002 -17"><span class='ocrx_word' id='word_1_377' title='bbox 747 2731 1111 2785; x_wconf 86' lang='lat' dir='ltr'><strong>diuturnitate</strong></span> <span class='ocrx_word' id='word_1_378' title='bbox 1167 2733 1377 2800; x_wconf 87' lang='lat' dir='ltr'><strong>pridem</strong></span> <span class='ocrx_word' id='word_1_379' title='bbox 1437 2732 1749 2793; x_wconf 88' lang='lat' dir='ltr'><strong>confectos,</strong></span> <span class='ocrx_word' id='word_1_380' title='bbox 1811 2732 2192 2785; x_wconf 88' lang='lat' dir='ltr'><strong>incredibilem</strong></span> <span class='ocrx_word' id='word_1_381' title='bbox 2247 2731 2299 2782; x_wconf 92' lang='lat' dir='ltr'><strong>in</strong></span> <span class='ocrx_word' id='word_1_382' title='bbox 2351 2727 2576 2781; x_wconf 89' lang='lat' dir='ltr'><strong>modum</strong></span> <span class='ocrx_word' id='word_1_383' title='bbox 2645 2737 3062 2796; x_wconf 88' lang='lat' dir='ltr'><strong>conquassaret,</strong></span> <span class='ocrx_word' id='word_1_384' title='bbox 3103 2735 3163 2779; x_wconf 93' lang='lat' dir='ltr'><strong>ut</strong></span> <span class='ocrx_word' id='word_1_385' title='bbox 3201 2727 3412 2779; x_wconf 89' lang='lat' dir='ltr'><strong>nullum</strong></span> <span class='ocrx_word' id='word_1_386' title='bbox 3457 2728 3543 2781; x_wconf 87' lang='lat' dir='ltr'><strong>hic</strong></span> <span class='ocrx_word' id='word_1_387' title='bbox 3606 2728 3862 2795; x_wconf 78' lang='lat' dir='ltr'><strong>amplius,</strong></span> <span class='ocrx_word' id='word_1_388' title='bbox 3907 2744 4007 2780; x_wconf 78' lang='lat' dir='ltr'><strong>ne-</strong></span> 
     </span>
    </p>
   </div>
   <div class='ocr_carea' id='block_1_47' title="bbox 749 2821 4007 2894">
    <p class='ocr_par' dir='ltr' id='par_1_47' title="bbox 749 2821 4007 2894">
     <span class='ocr_line' id='line_1_47' title="bbox 749 2821 4007 2894; baseline -0 -18"><span class='ocrx_word' id='word_1_389' title='bbox 749 2840 857 2891; x_wconf 88' lang='lat' dir='ltr'><strong>que</strong></span> <span class='ocrx_word' id='word_1_390' title='bbox 884 2841 1004 2888; x_wconf 87' lang='lat' dir='ltr'><strong>nos,</strong></span> <span class='ocrx_word' id='word_1_391' title='bbox 1035 2840 1211 2891; x_wconf 86' lang='lat' dir='ltr'><strong>neque</strong></span> <span class='ocrx_word' id='word_1_392' title='bbox 1245 2826 1464 2889; x_wconf 87' lang='lat' dir='ltr'><strong>medici,</strong></span> <span class='ocrx_word' id='word_1_393' title='bbox 1517 2826 1829 2894; x_wconf 79' lang='lat' dir='ltr'><strong>excogitare</strong></span> <span class='ocrx_word' id='word_1_394' title='bbox 1892 2838 2178 2892; x_wconf 80' lang='lat' dir='ltr'><strong>possemus</strong></span> <span class='ocrx_word' id='word_1_395' title='bbox 2239 2823 2556 2875; x_wconf 91' lang='lat' dir='ltr'><strong>consilium.</strong></span> <span class='ocrx_word' id='word_1_396' title='bbox 2633 2821 2863 2886; x_wconf 87' lang='lat' dir='ltr'><strong>Quando</strong></span> <span class='ocrx_word' id='word_1_397' title='bbox 2915 2823 3291 2891; x_wconf 82' lang='lat' dir='ltr'><strong>hujuscemodi</strong></span> <span class='ocrx_word' id='word_1_398' title='bbox 3329 2823 3492 2892; x_wconf 75' lang='lat' dir='ltr'><strong>igitur</strong></span> <span class='ocrx_word' id='word_1_399' title='bbox 3529 2837 3627 2875; x_wconf 91' lang='lat' dir='ltr'><strong>nos</strong></span> <span class='ocrx_word' id='word_1_400' title='bbox 3669 2833 4007 2876; x_wconf 87' lang='lat' dir='ltr'><strong>auctumnus</strong></span> 
     </span>
    </p>
   </div>
   <div class='ocr_carea' id='block_1_48' title="bbox 749 2915 4009 2987">
    <p class='ocr_par' dir='ltr' id='par_1_48' title="bbox 749 2915 4009 2987">
     <span class='ocr_line' id='line_1_48' title="bbox 749 2915 4009 2987; baseline -0.002 -14"><span class='ocrx_word' id='word_1_401' title='bbox 749 2919 931 2987; x_wconf 86' lang='lat' dir='ltr'><strong>epulis</strong></span> <span class='ocrx_word' id='word_1_402' title='bbox 963 2922 1193 2986; x_wconf 83' lang='lat' dir='ltr'><strong>accepit.</strong></span> <span class='ocrx_word' id='word_1_403' title='bbox 1234 2930 1284 2971; x_wconf 91' lang='lat' dir='ltr'><strong>te</strong></span> <span class='ocrx_word' id='word_1_404' title='bbox 1331 2920 1574 2985; x_wconf 79' lang='lat' dir='ltr'><strong>ejusdem</strong></span> <span class='ocrx_word' id='word_1_405' title='bbox 1622 2919 1784 2972; x_wconf 89' lang='lat' dir='ltr'><strong>etiam</strong></span> <span class='ocrx_word' id='word_1_406' title='bbox 1823 2919 2144 2987; x_wconf 89' lang='lat' dir='ltr'><strong>participem</strong></span> <span class='ocrx_word' id='word_1_407' title='bbox 2185 2915 2422 2970; x_wconf 81' lang='lat' dir='ltr'><strong>convivii</strong></span> <span class='ocrx_word' id='word_1_408' title='bbox 2462 2915 2772 2968; x_wconf 89' lang='lat' dir='ltr'><strong>faciendum</strong></span> <span class='ocrx_word' id='word_1_409' title='bbox 2828 2915 2984 2968; x_wconf 88' lang='lat' dir='ltr'><strong>nobis</strong></span> <span class='ocrx_word' id='word_1_410' title='bbox 3042 2930 3162 2969; x_wconf 89' lang='lat' dir='ltr'><strong>esse</strong></span> <span class='ocrx_word' id='word_1_411' title='bbox 3221 2916 3627 2968; x_wconf 88' lang='lat' dir='ltr'><strong>arbitrabamur</strong></span> <span class='ocrx_word' id='word_1_412' title='bbox 3663 2933 3676 2967; x_wconf 89' lang='lat'><strong>:</strong></span> <span class='ocrx_word' id='word_1_413' title='bbox 3709 2932 3815 2968; x_wconf 91' lang='lat' dir='ltr'><strong>non</strong></span> <span class='ocrx_word' id='word_1_414' title='bbox 3850 2916 4009 2982; x_wconf 84' lang='lat' dir='ltr'><strong>equi-</strong></span> 
     </span>
    </p>
   </div>
   <div class='ocr_carea' id='block_1_49' title="bbox 749 3009 4008 3082">
    <p class='ocr_par' dir='ltr' id='par_1_49' title="bbox 749 3009 4008 3082">
     <span class='ocr_line' id='line_1_49' title="bbox 749 3009 4008 3082; baseline -0 -15"><span class='ocrx_word' id='word_1_415' title='bbox 749 3018 874 3067; x_wconf 88' lang='lat' dir='ltr'><strong>dem</strong></span> <span class='ocrx_word' id='word_1_416' title='bbox 929 3025 988 3067; x_wconf 93' lang='lat' dir='ltr'><strong>ut</strong></span> <span class='ocrx_word' id='word_1_417' title='bbox 1041 3015 1211 3067; x_wconf 86' lang='lat' dir='ltr'><strong>animi</strong></span> <span class='ocrx_word' id='word_1_418' title='bbox 1247 3025 1299 3067; x_wconf 88' lang='lat' dir='ltr'><strong>te</strong></span> <span class='ocrx_word' id='word_1_419' title='bbox 1332 3014 1679 3067; x_wconf 84' lang='lat' dir='ltr'><strong>excruciares</strong></span> <span class='ocrx_word' id='word_1_420' title='bbox 1728 3014 1918 3082; x_wconf 76' lang='lat' dir='ltr'><strong>(apage</strong></span> <span class='ocrx_word' id='word_1_421' title='bbox 1984 3014 2142 3065; x_wconf 89' lang='lat' dir='ltr'><strong>istam</strong></span> <span class='ocrx_word' id='word_1_422' title='bbox 2173 3027 2202 3063; x_wconf 92' lang='lat' dir='ltr'><strong>a</strong></span> <span class='ocrx_word' id='word_1_423' title='bbox 2237 3011 2395 3063; x_wconf 87' lang='lat' dir='ltr'><strong>nobis</strong></span> <span class='ocrx_word' id='word_1_424' title='bbox 2437 3011 2489 3064; x_wconf 93' lang='lat' dir='ltr'><strong>in</strong></span> <span class='ocrx_word' id='word_1_425' title='bbox 2538 3010 2745 3064; x_wconf 86' lang='lat' dir='ltr'><strong>amicos</strong></span> <span class='ocrx_word' id='word_1_426' title='bbox 2809 3009 3322 3077; x_wconf 88' lang='lat' dir='ltr'><strong>inhumanitatem),</strong></span> <span class='ocrx_word' id='word_1_427' title='bbox 3373 3010 3468 3063; x_wconf 80' lang='lat' dir='ltr'><strong>sed</strong></span> <span class='ocrx_word' id='word_1_428' title='bbox 3523 3020 3581 3064; x_wconf 91' lang='lat' dir='ltr'><strong>ut</strong></span> <span class='ocrx_word' id='word_1_429' title='bbox 3641 3027 4008 3081; x_wconf 77' lang='lat' dir='ltr'><strong>cognosceres</strong></span> 
     </span>
    </p>
   </div>
   <div class='ocr_carea' id='block_1_50' title="bbox 749 3108 3545 3184">
    <p class='ocr_par' dir='ltr' id='par_1_50' title="bbox 749 3108 3545 3184">
     <span class='ocr_line' id='line_1_50' title="bbox 749 3108 3545 3184; baseline -0.001 -17"><span class='ocrx_word' id='word_1_430' title='bbox 749 3115 949 3184; x_wconf 90' lang='lat' dir='ltr'><strong>quibus</strong></span> <span class='ocrx_word' id='word_1_431' title='bbox 981 3127 1046 3166; x_wconf 80' lang='lat' dir='ltr'><strong>ex</strong></span> <span class='ocrx_word' id='word_1_432' title='bbox 1075 3112 1318 3181; x_wconf 88' lang='lat' dir='ltr'><strong>scopulis</strong></span> <span class='ocrx_word' id='word_1_433' title='bbox 1354 3112 1406 3164; x_wconf 92' lang='lat' dir='ltr'><strong>in</strong></span> <span class='ocrx_word' id='word_1_434' title='bbox 1463 3126 1601 3179; x_wconf 90' lang='lat' dir='ltr'><strong>quos</strong></span> <span class='ocrx_word' id='word_1_435' title='bbox 1629 3120 1839 3179; x_wconf 90' lang='lat' dir='ltr'><strong>portus,</strong></span> <span class='ocrx_word' id='word_1_436' title='bbox 1875 3111 1968 3164; x_wconf 89' lang='lat' dir='ltr'><strong>Dei</strong></span> <span class='ocrx_word' id='word_1_437' title='bbox 2005 3110 2330 3165; x_wconf 82' lang='lat' dir='ltr'><strong>immortalis</strong></span> <span class='ocrx_word' id='word_1_438' title='bbox 2366 3123 2493 3178; x_wconf 84' lang='lat' dir='ltr'><strong>cpe,</strong></span> <span class='ocrx_word' id='word_1_439' title='bbox 2531 3108 2752 3161; x_wconf 87' lang='lat' dir='ltr'><strong>tandem</strong></span> <span class='ocrx_word' id='word_1_440' title='bbox 2787 3108 3086 3176; x_wconf 86' lang='lat' dir='ltr'><strong>aliquando</strong></span> <span class='ocrx_word' id='word_1_441' title='bbox 3121 3108 3545 3176; x_wconf 86' lang='lat' dir='ltr'><strong>appulissemus.</strong></span> 
     </span>
    </p>
   </div>
   <div class='ocr_carea' id='block_1_51' title="bbox 1379 3229 1711 3283">
    <p class='ocr_par' dir='ltr' id='par_1_51' title="bbox 1379 3229 1711 3283">
     <span class='ocr_line' id='line_1_51' title="bbox 1379 3229 1711 3283; baseline -0.006 0"><span class='ocrx_word' id='word_1_442' title='bbox 1379 3229 1466 3283; x_wconf 78' lang='lat' dir='ltr'><strong>IV.</strong></span> <span class='ocrx_word' id='word_1_443' title='bbox 1507 3229 1711 3282; x_wconf 81' lang='lat' dir='ltr'><strong>Eidem.</strong></span> 
     </span>
    </p>
   </div>
   <div class='ocr_carea' id='block_1_52' title="bbox 821 3342 2325 3414">
    <p class='ocr_par' dir='ltr' id='par_1_52' title="bbox 821 3342 2325 3414">
     <span class='ocr_line' id='line_1_52' title="bbox 821 3342 2325 3414; baseline -0.003 -13"><span class='ocrx_word' id='word_1_444' title='bbox 821 3347 1002 3414; x_wconf 79' lang='lat' dir='ltr'><strong>Atque</strong></span> <span class='ocrx_word' id='word_1_445' title='bbox 1043 3345 1142 3398; x_wconf 86' lang='lat' dir='ltr'><strong>tibi</strong></span> <span class='ocrx_word' id='word_1_446' title='bbox 1174 3343 1454 3410; x_wconf 88' lang='lat' dir='ltr'><strong>equidem,</strong></span> <span class='ocrx_word' id='word_1_447' title='bbox 1489 3345 1574 3399; x_wconf 88' lang='lat' dir='ltr'><strong>vir</strong></span> <span class='ocrx_word' id='word_1_448' title='bbox 1605 3345 1831 3412; x_wconf 85' lang='lat' dir='ltr'><strong>optime,</strong></span> <span class='ocrx_word' id='word_1_449' title='bbox 1866 3342 2073 3412; x_wconf 85' lang='lat' dir='ltr'><strong>optima</strong></span> <span class='ocrx_word' id='word_1_450' title='bbox 2107 3357 2325 3412; x_wconf 89' lang='lat' dir='ltr'><strong>semper</strong></span> 
     </span>
    </p>
   </div>
   <div class='ocr_carea' id='block_1_53' title="bbox 755 3433 2326 3502">
    <p class='ocr_par' dir='ltr' id='par_1_53' title="bbox 755 3433 2326 3502">
     <span class='ocr_line' id='line_1_53' title="bbox 755 3433 2326 3502; baseline -0.001 -12"><span class='ocrx_word' id='word_1_451' title='bbox 755 3437 1015 3490; x_wconf 88' lang='lat' dir='ltr'><strong>eveniant</strong></span> <span class='ocrx_word' id='word_1_452' title='bbox 1065 3437 1269 3502; x_wconf 82' lang='lat' dir='ltr'><strong>omnia,</strong></span> <span class='ocrx_word' id='word_1_453' title='bbox 1311 3445 1363 3490; x_wconf 89' lang='lat' dir='ltr'><strong>et</strong></span> <span class='ocrx_word' id='word_1_454' title='bbox 1413 3436 1644 3488; x_wconf 90' lang='lat' dir='ltr'><strong>meliore</strong></span> <span class='ocrx_word' id='word_1_455' title='bbox 1691 3433 1990 3488; x_wconf 88' lang='lat' dir='ltr'><strong>identidem</strong></span> <span class='ocrx_word' id='word_1_456' title='bbox 2045 3434 2326 3488; x_wconf 89' lang='lat' dir='ltr'><strong>felicitatis</strong></span> 
     </span>
    </p>
   </div>
   <div class='ocr_carea' id='block_1_54' title="bbox 755 3526 2323 3594">
    <p class='ocr_par' dir='ltr' id='par_1_54' title="bbox 755 3526 2323 3594">
     <span class='ocr_line' id='line_1_54' title="bbox 755 3526 2323 3594; baseline -0.003 -12"><span class='ocrx_word' id='word_1_457' title='bbox 755 3530 1123 3588; x_wconf 88' lang='lat' dir='ltr'><strong>incremento,</strong></span> <span class='ocrx_word' id='word_1_458' title='bbox 1170 3527 1624 3580; x_wconf 84' lang='lat' dir='ltr'><strong>secundissimam</strong></span> <span class='ocrx_word' id='word_1_459' title='bbox 1670 3527 1978 3594; x_wconf 85' lang='lat' dir='ltr'><strong>experiaris</strong></span> <span class='ocrx_word' id='word_1_460' title='bbox 2023 3526 2323 3589; x_wconf 80' lang='lat' dir='ltr'><strong>fortunam,</strong></span> 
     </span>
    </p>
   </div>
   <div class='ocr_carea' id='block_1_55' title="bbox 758 3616 2328 3686">
    <p class='ocr_par' dir='ltr' id='par_1_55' title="bbox 758 3616 2328 3686">
     <span class='ocr_line' id='line_1_55' title="bbox 758 3616 2328 3686; baseline 0.001 -16"><span class='ocrx_word' id='word_1_461' title='bbox 758 3634 882 3670; x_wconf 88' lang='lat' dir='ltr'><strong>eum</strong></span> <span class='ocrx_word' id='word_1_462' title='bbox 920 3617 1078 3670; x_wconf 88' lang='lat' dir='ltr'><strong>nobis</strong></span> <span class='ocrx_word' id='word_1_463' title='bbox 1112 3617 1226 3669; x_wconf 72' lang='lat' dir='ltr'><strong>litec</strong></span> <span class='ocrx_word' id='word_1_464' title='bbox 1267 3618 1363 3669; x_wconf 79' lang='lat' dir='ltr'><strong>tibi</strong></span> <span class='ocrx_word' id='word_1_465' title='bbox 1398 3616 1900 3686; x_wconf 85' lang='lat' dir='ltr'><strong>comprecantibus,</strong></span> <span class='ocrx_word' id='word_1_466' title='bbox 1938 3626 2050 3670; x_wconf 93' lang='lat' dir='ltr'><strong>tum</strong></span> <span class='ocrx_word' id='word_1_467' title='bbox 2094 3625 2172 3671; x_wconf 90' lang='lat' dir='ltr'><strong>tot</strong></span> <span class='ocrx_word' id='word_1_468' title='bbox 2203 3618 2328 3671; x_wconf 87' lang='lat' dir='ltr'><strong>aliis</strong></span> 
     </span>
    </p>
   </div>
   <div class='ocr_carea' id='block_1_56' title="bbox 760 3709 2326 3776">
    <p class='ocr_par' dir='ltr' id='par_1_56' title="bbox 760 3709 2326 3776">
     <span class='ocr_line' id='line_1_56' title="bbox 760 3709 2326 3776; baseline 0.001 -14"><span class='ocrx_word' id='word_1_469' title='bbox 760 3711 867 3762; x_wconf 90' lang='lat' dir='ltr'><strong>tuis</strong></span> <span class='ocrx_word' id='word_1_470' title='bbox 896 3709 1088 3761; x_wconf 82' lang='lat' dir='ltr'><strong>amicis</strong></span> <span class='ocrx_word' id='word_1_471' title='bbox 1128 3728 1142 3761; x_wconf 92' lang='lat'><em>:</em></span> <span class='ocrx_word' id='word_1_472' title='bbox 1181 3724 1494 3776; x_wconf 90' lang='lat' dir='ltr'><strong>quanquam</strong></span> <span class='ocrx_word' id='word_1_473' title='bbox 1540 3709 1672 3761; x_wconf 89' lang='lat' dir='ltr'><strong>mihi</strong></span> <span class='ocrx_word' id='word_1_474' title='bbox 1709 3709 1850 3762; x_wconf 91' lang='lat' dir='ltr'><strong>haud</strong></span> <span class='ocrx_word' id='word_1_475' title='bbox 1885 3710 2129 3776; x_wconf 82' lang='lat' dir='ltr'><strong>proclive</strong></span> <span class='ocrx_word' id='word_1_476' title='bbox 2163 3709 2326 3766; x_wconf 87' lang='lat' dir='ltr'><strong>fuerit</strong></span> 
     </span>
    </p>
   </div>
   <div class='ocr_carea' id='block_1_57' title="bbox 761 3801 2330 3870">
    <p class='ocr_par' dir='ltr' id='par_1_57' title="bbox 761 3801 2330 3870">
     <span class='ocr_line' id='line_1_57' title="bbox 761 3801 2330 3870; baseline 0.002 -16"><span class='ocrx_word' id='word_1_477' title='bbox 761 3817 954 3854; x_wconf 89' lang='lat' dir='ltr'><strong>eorum</strong></span> <span class='ocrx_word' id='word_1_478' title='bbox 1003 3801 1144 3854; x_wconf 88' lang='lat' dir='ltr'><strong>inire</strong></span> <span class='ocrx_word' id='word_1_479' title='bbox 1187 3815 1504 3863; x_wconf 88' lang='lat' dir='ltr'><strong>numerum,</strong></span> <span class='ocrx_word' id='word_1_480' title='bbox 1551 3817 1692 3870; x_wconf 90' lang='lat' dir='ltr'><strong>quos</strong></span> <span class='ocrx_word' id='word_1_481' title='bbox 1737 3810 1829 3854; x_wconf 90' lang='lat' dir='ltr'><strong>tuo</strong></span> <span class='ocrx_word' id='word_1_482' title='bbox 1876 3804 2330 3857; x_wconf 87' lang='lat' dir='ltr'><strong>eonsaueiaveris</strong></span> 
     </span>
    </p>
   </div>
   <div class='ocr_carea' id='block_1_58' title="bbox 758 3892 2327 3953">
    <p class='ocr_par' dir='ltr' id='par_1_58' title="bbox 758 3892 2327 3953">
     <span class='ocr_line' id='line_1_58' title="bbox 758 3892 2327 3953; baseline 0.003 -9"><span class='ocrx_word' id='word_1_483' title='bbox 758 3908 966 3953; x_wconf 88' lang='lat' dir='ltr'><strong>amore,</strong></span> <span class='ocrx_word' id='word_1_484' title='bbox 1003 3902 1112 3944; x_wconf 91' lang='lat' dir='ltr'><strong>tum</strong></span> <span class='ocrx_word' id='word_1_485' title='bbox 1150 3892 1254 3945; x_wconf 89' lang='lat' dir='ltr'><strong>isto</strong></span> <span class='ocrx_word' id='word_1_486' title='bbox 1292 3894 1418 3944; x_wconf 89' lang='lat' dir='ltr'><strong>item</strong></span> <span class='ocrx_word' id='word_1_487' title='bbox 1463 3893 1648 3946; x_wconf 89' lang='lat' dir='ltr'><strong>animo</strong></span> <span class='ocrx_word' id='word_1_488' title='bbox 1690 3903 1783 3945; x_wconf 92' lang='lat' dir='ltr'><strong>tuo</strong></span> <span class='ocrx_word' id='word_1_489' title='bbox 1830 3893 1973 3945; x_wconf 90' lang='lat' dir='ltr'><strong>haud</strong></span> <span class='ocrx_word' id='word_1_490' title='bbox 2016 3895 2164 3948; x_wconf 83' lang='lat' dir='ltr'><strong>aliud</strong></span> <span class='ocrx_word' id='word_1_491' title='bbox 2219 3896 2327 3949; x_wconf 90' lang='lat' dir='ltr'><strong>voti</strong></span> 
     </span>
    </p>
   </div>
   <div class='ocr_carea' id='block_1_59' title="bbox 760 3985 2331 4054">
    <p class='ocr_par' dir='ltr' id='par_1_59' title="bbox 760 3985 2331 4054">
     <span class='ocr_line' id='line_1_59' title="bbox 760 3985 2331 4054; baseline 0.003 -18"><span class='ocrx_word' id='word_1_492' title='bbox 760 3985 1058 4054; x_wconf 83' lang='lat' dir='ltr'><strong>recipiente</strong></span> <span class='ocrx_word' id='word_1_493' title='bbox 1090 3997 1509 4054; x_wconf 81' lang='lat' dir='ltr'><strong>arguttientum;</strong></span> <span class='ocrx_word' id='word_1_494' title='bbox 1542 3987 1635 4054; x_wconf 87' lang='lat' dir='ltr'><strong>qui</strong></span> <span class='ocrx_word' id='word_1_495' title='bbox 1678 3986 1823 4038; x_wconf 90' lang='lat' dir='ltr'><strong>enim</strong></span> <span class='ocrx_word' id='word_1_496' title='bbox 1854 4002 1961 4040; x_wconf 93' lang='lat' dir='ltr'><strong>non</strong></span> <span class='ocrx_word' id='word_1_497' title='bbox 1995 3988 2169 4041; x_wconf 87' lang='lat' dir='ltr'><strong>solum</strong></span> <span class='ocrx_word' id='word_1_498' title='bbox 2197 3989 2331 4041; x_wconf 87' lang='lat' dir='ltr'><strong>ami-</strong></span> 
     </span>
    </p>
   </div>
   <div class='ocr_carea' id='block_1_60' title="bbox 759 4077 2331 4142">
    <p class='ocr_par' dir='ltr' id='par_1_60' title="bbox 759 4077 2331 4142">
     <span class='ocr_line' id='line_1_60' title="bbox 759 4077 2331 4142; baseline 0.001 -11"><span class='ocrx_word' id='word_1_499' title='bbox 759 4079 858 4140; x_wconf 89' lang='lat' dir='ltr'><strong>cis,</strong></span> <span class='ocrx_word' id='word_1_500' title='bbox 896 4077 991 4130; x_wconf 89' lang='lat' dir='ltr'><strong>sed</strong></span> <span class='ocrx_word' id='word_1_501' title='bbox 1025 4078 1278 4130; x_wconf 86' lang='lat' dir='ltr'><strong>universe</strong></span> <span class='ocrx_word' id='word_1_502' title='bbox 1312 4079 1591 4142; x_wconf 90' lang='lat' dir='ltr'><strong>omnibus,</strong></span> <span class='ocrx_word' id='word_1_503' title='bbox 1625 4087 1681 4132; x_wconf 92' lang='lat' dir='ltr'><strong>et</strong></span> <span class='ocrx_word' id='word_1_504' title='bbox 1717 4079 1856 4131; x_wconf 69' lang='lat' dir='ltr'><strong>laetis</strong></span> <span class='ocrx_word' id='word_1_505' title='bbox 1901 4079 1956 4130; x_wconf 92' lang='lat' dir='ltr'><strong>in</strong></span> <span class='ocrx_word' id='word_1_506' title='bbox 2000 4082 2165 4133; x_wconf 86' lang='lat' dir='ltr'><strong>rebus</strong></span> <span class='ocrx_word' id='word_1_507' title='bbox 2195 4096 2331 4134; x_wconf 90' lang='lat' dir='ltr'><strong>cou-</strong></span> 
     </span>
    </p>
   </div>
   <div class='ocr_carea' id='block_1_61' title="bbox 758 4169 2329 4238">
    <p class='ocr_par' dir='ltr' id='par_1_61' title="bbox 758 4169 2329 4238">
     <span class='ocr_line' id='line_1_61' title="bbox 758 4169 2329 4238; baseline 0.003 -18"><span class='ocrx_word' id='word_1_508' title='bbox 758 4169 1073 4236; x_wconf 81' lang='lat' dir='ltr'><strong>gratularis.</strong></span> <span class='ocrx_word' id='word_1_509' title='bbox 1097 4179 1150 4222; x_wconf 92' lang='lat' dir='ltr'><strong>et</strong></span> <span class='ocrx_word' id='word_1_510' title='bbox 1181 4170 1234 4222; x_wconf 90' lang='lat' dir='ltr'><strong>in</strong></span> <span class='ocrx_word' id='word_1_511' title='bbox 1267 4169 1484 4222; x_wconf 87' lang='lat' dir='ltr'><strong>afllictis</strong></span> <span class='ocrx_word' id='word_1_512' title='bbox 1510 4171 1858 4225; x_wconf 90' lang='lat' dir='ltr'><strong>verissimum</strong></span> <span class='ocrx_word' id='word_1_513' title='bbox 1889 4171 2039 4238; x_wconf 84' lang='lat' dir='ltr'><strong>capis</strong></span> <span class='ocrx_word' id='word_1_514' title='bbox 2060 4170 2329 4236; x_wconf 86' lang='lat' dir='ltr'><strong>dolorem,</strong></span> 
     </span>
    </p>
   </div>
   <div class='ocr_carea' id='block_1_62' title="bbox 760 4262 2332 4331">
    <p class='ocr_par' dir='ltr' id='par_1_62' title="bbox 760 4262 2332 4331">
     <span class='ocr_line' id='line_1_62' title="bbox 760 4262 2332 4331; baseline 0.003 -20"><span class='ocrx_word' id='word_1_515' title='bbox 760 4279 939 4313; x_wconf 86' lang='lat' dir='ltr'><strong>annon</strong></span> <span class='ocrx_word' id='word_1_516' title='bbox 969 4263 1126 4314; x_wconf 84' lang='lat' dir='ltr'><strong>talem</strong></span> <span class='ocrx_word' id='word_1_517' title='bbox 1153 4271 1205 4314; x_wconf 86' lang='lat' dir='ltr'><strong>te</strong></span> <span class='ocrx_word' id='word_1_518' title='bbox 1236 4262 1456 4330; x_wconf 90' lang='lat' dir='ltr'><strong>inquam</strong></span> <span class='ocrx_word' id='word_1_519' title='bbox 1490 4264 1686 4326; x_wconf 88' lang='lat' dir='ltr'><strong>virum,</strong></span> <span class='ocrx_word' id='word_1_520' title='bbox 1717 4273 1976 4331; x_wconf 90' lang='lat' dir='ltr'><strong>perpetua</strong></span> <span class='ocrx_word' id='word_1_521' title='bbox 2001 4264 2168 4316; x_wconf 90' lang='lat' dir='ltr'><strong>animi</strong></span> <span class='ocrx_word' id='word_1_522' title='bbox 2197 4264 2332 4316; x_wconf 71' lang='lat' dir='ltr'><strong>laeti-</strong></span> 
     </span>
    </p>
   </div>
   <div class='ocr_carea' id='block_1_63' title="bbox 761 4355 2329 4424">
    <p class='ocr_par' dir='ltr' id='par_1_63' title="bbox 761 4355 2329 4424">
     <span class='ocr_line' id='line_1_63' title="bbox 761 4355 2329 4424; baseline 0.003 -21"><span class='ocrx_word' id='word_1_523' title='bbox 761 4355 832 4404; x_wconf 83' lang='lat' dir='ltr'><strong>tia</strong></span> <span class='ocrx_word' id='word_1_524' title='bbox 855 4394 868 4415; x_wconf 93' lang='lat'><strong>,</strong></span> <span class='ocrx_word' id='word_1_525' title='bbox 892 4368 1210 4421; x_wconf 82' lang='lat' dir='ltr'><strong>summaque</strong></span> <span class='ocrx_word' id='word_1_526' title='bbox 1229 4355 1460 4408; x_wconf 73' lang='lat' dir='ltr'><strong>fortuna:</strong></span> <span class='ocrx_word' id='word_1_527' title='bbox 1477 4357 1869 4424; x_wconf 87' lang='lat' dir='ltr'><strong>prosperitate.</strong></span> <span class='ocrx_word' id='word_1_528' title='bbox 1890 4355 2095 4423; x_wconf 81' lang='lat' dir='ltr'><strong>perfrui</strong></span> <span class='ocrx_word' id='word_1_529' title='bbox 2113 4372 2329 4424; x_wconf 70' lang='lat' dir='ltr'><strong>aequum</strong></span> 
     </span>
    </p>
   </div>
   <div class='ocr_carea' id='block_1_64' title="bbox 761 4443 2330 4514">
    <p class='ocr_par' dir='ltr' id='par_1_64' title="bbox 761 4443 2330 4514">
     <span class='ocr_line' id='line_1_64' title="bbox 761 4443 2330 4514; baseline 0.003 -20"><span class='ocrx_word' id='word_1_530' title='bbox 761 4443 960 4497; x_wconf 85' lang='lat' dir='ltr'><strong>fuerit?</strong></span> <span class='ocrx_word' id='word_1_531' title='bbox 1011 4445 1125 4496; x_wconf 80' lang='lat' dir='ltr'><strong>Nos</strong></span> <span class='ocrx_word' id='word_1_532' title='bbox 1179 4460 1313 4497; x_wconf 90' lang='lat' dir='ltr'><strong>vero</strong></span> <span class='ocrx_word' id='word_1_533' title='bbox 1365 4460 1486 4498; x_wconf 92' lang='lat' dir='ltr'><strong>cum</strong></span> <span class='ocrx_word' id='word_1_534' title='bbox 1544 4446 1792 4498; x_wconf 87' lang='lat' dir='ltr'><strong>nonnihil</strong></span> <span class='ocrx_word' id='word_1_535' title='bbox 1837 4445 1905 4498; x_wconf 89' lang='lat' dir='ltr'><strong>de</strong></span> <span class='ocrx_word' id='word_1_536' title='bbox 1953 4446 2330 4514; x_wconf 88' lang='lat' dir='ltr'><strong>superioribus</strong></span> 
     </span>
    </p>
   </div>
   <div class='ocr_carea' id='block_1_65' title="bbox 765 4536 2331 4606">
    <p class='ocr_par' dir='ltr' id='par_1_65' title="bbox 765 4536 2331 4606">
     <span class='ocr_line' id='line_1_65' title="bbox 765 4536 2331 4606; baseline 0.003 -20"><span class='ocrx_word' id='word_1_537' title='bbox 765 4536 919 4587; x_wconf 85' lang='lat' dir='ltr'><strong>malis</strong></span> <span class='ocrx_word' id='word_1_538' title='bbox 956 4538 1401 4602; x_wconf 85' lang='lat' dir='ltr'><strong>respirassemus,</strong></span> <span class='ocrx_word' id='word_1_539' title='bbox 1451 4537 1588 4590; x_wconf 92' lang='lat' dir='ltr'><strong>etin</strong></span> <span class='ocrx_word' id='word_1_540' title='bbox 1626 4537 1910 4588; x_wconf 90' lang='lat' dir='ltr'><strong>meliorem</strong></span> <span class='ocrx_word' id='word_1_541' title='bbox 1944 4539 2331 4606; x_wconf 72' lang='lat' dir='ltr'><strong>recuperanda:</strong></span> 
     </span>
    </p>
   </div>
   <div class='ocr_carea' id='block_1_66' title="bbox 3010 3225 3429 3291">
    <p class='ocr_par' dir='ltr' id='par_1_66' title="bbox 3010 3225 3429 3291">
     <span class='ocr_line' id='line_1_66' title="bbox 3010 3225 3429 3291; baseline 0.005 -14"><span class='ocrx_word' id='word_1_542' title='bbox 3010 3227 3081 3278; x_wconf 85' lang='lat' dir='ltr'><strong>A&#39;.</strong></span> <span class='ocrx_word' id='word_1_543' title='bbox 3131 3225 3213 3290; x_wconf 79' lang='grc' dir='ltr'><strong>Τῷ</strong></span> <span class='ocrx_word' id='word_1_544' title='bbox 3249 3225 3429 3291; x_wconf 67' lang='grc' dir='ltr'>αὐτῷ.</span> 
     </span>
    </p>
   </div>
   <div class='ocr_carea' id='block_1_67' title="bbox 2505 3337 4011 3409">
    <p class='ocr_par' dir='ltr' id='par_1_67' title="bbox 2505 3337 4011 3409">
     <span class='ocr_line' id='line_1_67' title="bbox 2505 3337 4011 3409; baseline 0.005 -21"><span class='ocrx_word' id='word_1_545' title='bbox 2505 3337 2577 3390; x_wconf 77' lang='grc' dir='ltr'><strong>Σὺ</strong></span> <span class='ocrx_word' id='word_1_546' title='bbox 2612 3337 2709 3407; x_wconf 78' lang='grc' dir='ltr'>μὲν</span> <span class='ocrx_word' id='word_1_547' title='bbox 2736 3339 2851 3406; x_wconf 72' lang='grc' dir='ltr'>εἴης</span> <span class='ocrx_word' id='word_1_548' title='bbox 2881 3338 2968 3390; x_wconf 83' lang='grc' dir='ltr'><strong>διά</strong></span> <span class='ocrx_word' id='word_1_549' title='bbox 2997 3338 3211 3401; x_wconf 84' lang='grc' dir='ltr'>τέλους,</span> <span class='ocrx_word' id='word_1_550' title='bbox 3244 3340 3465 3404; x_wconf 79' lang='grc' dir='ltr'>ἄριστε,</span> <span class='ocrx_word' id='word_1_551' title='bbox 3497 3340 3754 3409; x_wconf 83' lang='grc' dir='ltr'>πράττων</span> <span class='ocrx_word' id='word_1_552' title='bbox 3782 3341 3842 3393; x_wconf 79' lang='grc' dir='ltr'>εὖ</span> <span class='ocrx_word' id='word_1_553' title='bbox 3862 3382 3878 3407; x_wconf 89' lang='grc'><strong>,</strong></span> <span class='ocrx_word' id='word_1_554' title='bbox 3915 3346 4011 3396; x_wconf 70' lang='grc' dir='ltr'><strong>καὶ</strong></span> 
     </span>
    </p>
   </div>
   <div class='ocr_carea' id='block_1_68' title="bbox 2438 3428 4013 3503">
    <p class='ocr_par' dir='ltr' id='par_1_68' title="bbox 2438 3428 4013 3503">
     <span class='ocr_line' id='line_1_68' title="bbox 2438 3428 4013 3503; baseline 0.004 -24"><span class='ocrx_word' id='word_1_555' title='bbox 2438 3430 2558 3494; x_wconf 77' lang='grc' dir='ltr'>μετ’</span> <span class='ocrx_word' id='word_1_556' title='bbox 2583 3429 2866 3497; x_wconf 80' lang='grc' dir='ltr'>ἀμείνονος</span> <span class='ocrx_word' id='word_1_557' title='bbox 2901 3429 3010 3480; x_wconf 76' lang='grc' dir='ltr'>αἰεὶ</span> <span class='ocrx_word' id='word_1_558' title='bbox 3037 3428 3131 3496; x_wconf 82' lang='grc' dir='ltr'>τῆς</span> <span class='ocrx_word' id='word_1_559' title='bbox 3164 3429 3504 3500; x_wconf 81' lang='grc' dir='ltr'>προσθήκης,</span> <span class='ocrx_word' id='word_1_560' title='bbox 3532 3432 3771 3498; x_wconf 84' lang='grc' dir='ltr'>τάγαοοῦ</span> <span class='ocrx_word' id='word_1_561' title='bbox 3806 3437 4013 3503; x_wconf 73' lang='grc' dir='ltr'>πειρώ-</span> 
     </span>
    </p>
   </div>
   <div class='ocr_carea' id='block_1_69' title="bbox 2438 3521 4010 3594">
    <p class='ocr_par' dir='ltr' id='par_1_69' title="bbox 2438 3521 4010 3594">
     <span class='ocr_line' id='line_1_69' title="bbox 2438 3521 4010 3594; baseline 0.003 -23"><span class='ocrx_word' id='word_1_562' title='bbox 2438 3538 2596 3590; x_wconf 88' lang='grc' dir='ltr'>μενος</span> <span class='ocrx_word' id='word_1_563' title='bbox 2635 3521 2909 3590; x_wconf 87' lang='grc' dir='ltr'>δαίμονος,</span> <span class='ocrx_word' id='word_1_564' title='bbox 2948 3521 3104 3590; x_wconf 80' lang='grc' dir='ltr'>ήμῶν</span> <span class='ocrx_word' id='word_1_565' title='bbox 3137 3524 3198 3574; x_wconf 73' lang='grc' dir='ltr'><strong><em>τὲ</em></strong></span> <span class='ocrx_word' id='word_1_566' title='bbox 3245 3540 3322 3575; x_wconf 77' lang='grc' dir='ltr'><strong>σοι</strong></span> <span class='ocrx_word' id='word_1_567' title='bbox 3356 3523 3530 3576; x_wconf 88' lang='grc' dir='ltr'>ταῦτα</span> <span class='ocrx_word' id='word_1_568' title='bbox 3568 3528 4010 3594; x_wconf 81' lang='grc' dir='ltr'>συνευχομένων,</span> 
     </span>
    </p>
   </div>
   <div class='ocr_carea' id='block_1_70' title="bbox 2435 3615 4013 3686">
    <p class='ocr_par' dir='ltr' id='par_1_70' title="bbox 2435 3615 4013 3686">
     <span class='ocr_line' id='line_1_70' title="bbox 2435 3615 4013 3686; baseline 0.003 -21"><span class='ocrx_word' id='word_1_569' title='bbox 2435 3617 2529 3666; x_wconf 83' lang='grc' dir='ltr'>καὶ</span> <span class='ocrx_word' id='word_1_570' title='bbox 2557 3615 2760 3674; x_wconf 88' lang='grc' dir='ltr'>τῶν...,</span> <span class='ocrx_word' id='word_1_571' title='bbox 2787 3615 2902 3665; x_wconf 79' lang='grc' dir='ltr'>ἀλλ’</span> <span class='ocrx_word' id='word_1_572' title='bbox 2927 3617 3027 3666; x_wconf 78' lang='grc' dir='ltr'><strong>οὐκ</strong></span> <span class='ocrx_word' id='word_1_573' title='bbox 3061 3615 3126 3666; x_wconf 84' lang='grc' dir='ltr'>Ξιν</span> <span class='ocrx_word' id='word_1_574' title='bbox 3153 3615 3421 3684; x_wconf 78' lang='grc' dir='ltr'><strong>δυναίμην</strong></span> <span class='ocrx_word' id='word_1_575' title='bbox 3449 3619 3623 3668; x_wconf 74' lang='grc' dir='ltr'>εἰπεῖν</span> <span class='ocrx_word' id='word_1_576' title='bbox 3651 3618 3812 3681; x_wconf 80' lang='grc' dir='ltr'>ὅσους</span> <span class='ocrx_word' id='word_1_577' title='bbox 3841 3619 4013 3686; x_wconf 78' lang='grc' dir='ltr'>ἔτρω-</span> 
     </span>
    </p>
   </div>
   <div class='ocr_carea' id='block_1_71' title="bbox 2439 3706 4016 3779">
    <p class='ocr_par' dir='ltr' id='par_1_71' title="bbox 2439 3706 4016 3779">
     <span class='ocr_line' id='line_1_71' title="bbox 2439 3706 4016 3779; baseline -0.005 -19"><span class='ocrx_word' id='word_1_578' title='bbox 2439 3725 2558 3771; x_wconf 73' lang='grc' dir='ltr'>σας,</span> <span class='ocrx_word' id='word_1_579' title='bbox 2587 3711 2682 3776; x_wconf 77' lang='grc' dir='ltr'><strong>τῆς</strong></span> <span class='ocrx_word' id='word_1_580' title='bbox 2709 3725 2767 3759; x_wconf 90' lang='grc' dir='ltr'><strong>τε</strong></span> <span class='ocrx_word' id='word_1_581' title='bbox 2800 3707 2899 3776; x_wconf 84' lang='grc' dir='ltr'><strong>σῆς</strong></span> <span class='ocrx_word' id='word_1_582' title='bbox 2927 3706 3151 3775; x_wconf 81' lang='grc' dir='ltr'>γνώμης</span> <span class='ocrx_word' id='word_1_583' title='bbox 3185 3707 3377 3776; x_wconf 79' lang='grc' dir='ltr'>ἑτέραν</span> <span class='ocrx_word' id='word_1_584' title='bbox 3403 3709 3463 3759; x_wconf 80' lang='grc' dir='ltr'><strong>οὐ</strong></span> <span class='ocrx_word' id='word_1_585' title='bbox 3492 3709 3783 3779; x_wconf 80' lang='grc' dir='ltr'>δεχομένης</span> <span class='ocrx_word' id='word_1_586' title='bbox 3816 3712 4016 3764; x_wconf 63' lang='lat' dir='ltr'><strong>anc-9;-</strong></span> 
     </span>
    </p>
   </div>
   <div class='ocr_carea' id='block_1_72' title="bbox 2439 3801 4014 3874">
    <p class='ocr_par' dir='ltr' id='par_1_72' title="bbox 2439 3801 4014 3874">
     <span class='ocr_line' id='line_1_72' title="bbox 2439 3801 4014 3874; baseline 0.004 -21"><span class='ocrx_word' id='word_1_587' title='bbox 2439 3819 2522 3854; x_wconf 90' lang='grc' dir='ltr'><strong>σιν</strong></span> <span class='ocrx_word' id='word_1_588' title='bbox 2549 3819 2563 3833; x_wconf 91' lang='grc'><strong>·</strong></span> <span class='ocrx_word' id='word_1_589' title='bbox 2598 3806 2625 3855; x_wconf 86' lang='grc' dir='ltr'>ὁ</span> <span class='ocrx_word' id='word_1_590' title='bbox 2659 3805 2765 3874; x_wconf 80' lang='grc' dir='ltr'><strong>γάρ</strong></span> <span class='ocrx_word' id='word_1_591' title='bbox 2798 3804 2856 3854; x_wconf 77' lang='grc' dir='ltr'><strong>οὐ</strong></span> <span class='ocrx_word' id='word_1_592' title='bbox 2895 3803 3070 3869; x_wconf 80' lang='grc' dir='ltr'>φίλοις</span> <span class='ocrx_word' id='word_1_593' title='bbox 3109 3801 3289 3868; x_wconf 84' lang='grc' dir='ltr'>μόνον,</span> <span class='ocrx_word' id='word_1_594' title='bbox 3325 3803 3462 3855; x_wconf 78' lang='grc' dir='ltr'>ἀλλά</span> <span class='ocrx_word' id='word_1_595' title='bbox 3495 3805 3590 3855; x_wconf 76' lang='grc' dir='ltr'><strong>καὶ</strong></span> <span class='ocrx_word' id='word_1_596' title='bbox 3624 3809 3789 3858; x_wconf 71' lang='grc' dir='ltr'>πᾶσιν</span> <span class='ocrx_word' id='word_1_597' title='bbox 3825 3810 4014 3870; x_wconf 67' lang='grc' dir='ltr'>ἁπλῶς</span> 
     </span>
    </p>
   </div>
   <div class='ocr_carea' id='block_1_73' title="bbox 2438 3893 4016 3965">
    <p class='ocr_par' dir='ltr' id='par_1_73' title="bbox 2438 3893 4016 3965">
     <span class='ocr_line' id='line_1_73' title="bbox 2438 3893 4016 3965; baseline 0.006 -21"><span class='ocrx_word' id='word_1_598' title='bbox 2438 3893 2497 3946; x_wconf 80' lang='grc' dir='ltr'>εὖ</span> <span class='ocrx_word' id='word_1_599' title='bbox 2530 3895 2627 3962; x_wconf 85' lang='grc' dir='ltr'><strong>μὲν</strong></span> <span class='ocrx_word' id='word_1_600' title='bbox 2655 3895 2956 3962; x_wconf 81' lang='grc' dir='ltr'>πράττουσι</span> <span class='ocrx_word' id='word_1_601' title='bbox 2987 3895 3371 3963; x_wconf 80' lang='grc' dir='ltr'>συνηδόμενος,</span> <span class='ocrx_word' id='word_1_602' title='bbox 3400 3898 3493 3949; x_wconf 76' lang='grc' dir='ltr'><strong>ἐπὶ</strong></span> <span class='ocrx_word' id='word_1_603' title='bbox 3519 3899 3575 3949; x_wconf 86' lang='grc' dir='ltr'>δὲ</span> <span class='ocrx_word' id='word_1_604' title='bbox 3601 3902 3714 3962; x_wconf 90' lang='grc' dir='ltr'>τοῖς</span> <span class='ocrx_word' id='word_1_605' title='bbox 3743 3904 4016 3965; x_wconf 77' lang='grc' dir='ltr'>ἐναντίοις</span> 
     </span>
    </p>
   </div>
   <div class='ocr_carea' id='block_1_74' title="bbox 2438 3987 4020 4056">
    <p class='ocr_par' dir='ltr' id='par_1_74' title="bbox 2438 3987 4020 4056">
     <span class='ocr_line' id='line_1_74' title="bbox 2438 3987 4020 4056; baseline 0.005 -20"><span class='ocrx_word' id='word_1_606' title='bbox 2438 3991 2533 4037; x_wconf 78' lang='grc' dir='ltr'>καὶ</span> <span class='ocrx_word' id='word_1_607' title='bbox 2565 3987 3031 4055; x_wconf 78' lang='grc' dir='ltr'>μάλ’ἁχθόμενος,</span> <span class='ocrx_word' id='word_1_608' title='bbox 3063 3988 3161 4039; x_wconf 77' lang='grc' dir='ltr'><strong>τὸν</strong></span> <span class='ocrx_word' id='word_1_609' title='bbox 3192 3987 3255 4056; x_wconf 82' lang='grc' dir='ltr'>δὴ</span> <span class='ocrx_word' id='word_1_610' title='bbox 3284 3988 3524 4041; x_wconf 87' lang='grc' dir='ltr'>τοιοῦτον</span> <span class='ocrx_word' id='word_1_611' title='bbox 3555 3991 3670 4052; x_wconf 86' lang='grc' dir='ltr'><strong>πῶς</strong></span> <span class='ocrx_word' id='word_1_612' title='bbox 3696 3993 3756 4043; x_wconf 71' lang='grc' dir='ltr'>οὐ</span> <span class='ocrx_word' id='word_1_613' title='bbox 3786 3994 4020 4048; x_wconf 79' lang='grc' dir='ltr'>διαπαν-</span> 
     </span>
    </p>
   </div>
   <div class='ocr_carea' id='block_1_75' title="bbox 2437 4077 4018 4154">
    <p class='ocr_par' dir='ltr' id='par_1_75' title="bbox 2437 4077 4018 4154">
     <span class='ocr_line' id='line_1_75' title="bbox 2437 4077 4018 4154; baseline 0.008 -26"><span class='ocrx_word' id='word_1_614' title='bbox 2437 4077 2527 4139; x_wconf 82' lang='grc' dir='ltr'><strong>τὸς</strong></span> <span class='ocrx_word' id='word_1_615' title='bbox 2576 4079 2930 4146; x_wconf 72' lang='grc' dir='ltr'>εὐθυμεῖσθαι</span> <span class='ocrx_word' id='word_1_616' title='bbox 2982 4081 3260 4148; x_wconf 77' lang='grc' dir='ltr'>προσῆκε,</span> <span class='ocrx_word' id='word_1_617' title='bbox 3311 4081 3406 4132; x_wconf 80' lang='grc' dir='ltr'><strong>καὶ</strong></span> <span class='ocrx_word' id='word_1_618' title='bbox 3457 4083 3533 4144; x_wconf 85' lang='grc' dir='ltr'><strong>ῶς</strong></span> <span class='ocrx_word' id='word_1_619' title='bbox 3583 4084 3783 4152; x_wconf 78' lang='grc' dir='ltr'>ἄριστα</span> <span class='ocrx_word' id='word_1_620' title='bbox 3834 4089 4018 4154; x_wconf 70' lang='grc' dir='ltr'>ἒχεινς</span> 
     </span>
    </p>
   </div>
   <div class='ocr_carea' id='block_1_76' title="bbox 2449 4169 4014 4238">
    <p class='ocr_par' dir='ltr' id='par_1_76' title="bbox 2449 4169 4014 4238">
     <span class='ocr_line' id='line_1_76' title="bbox 2449 4169 4014 4238; baseline 0.007 -18"><span class='ocrx_word' id='word_1_621' title='bbox 2449 4169 2638 4238; x_wconf 82' lang='grc' dir='ltr'>Ἡμεῖς</span> <span class='ocrx_word' id='word_1_622' title='bbox 2670 4169 2725 4222; x_wconf 88' lang='grc' dir='ltr'>δὲ</span> <span class='ocrx_word' id='word_1_623' title='bbox 2764 4171 2954 4238; x_wconf 73' lang='grc' dir='ltr'>μικρὸν</span> <span class='ocrx_word' id='word_1_624' title='bbox 2974 4171 3144 4223; x_wconf 85' lang='grc' dir='ltr'>ἀναπε</span> <span class='ocrx_word' id='word_1_625' title='bbox 3159 4174 3450 4237; x_wconf 71' lang='grc' dir='ltr'>πνενκότες</span> <span class='ocrx_word' id='word_1_626' title='bbox 3481 4177 3707 4228; x_wconf 84' lang='grc' dir='ltr'>ἐκείνων</span> <span class='ocrx_word' id='word_1_627' title='bbox 3729 4180 3840 4229; x_wconf 85' lang='grc' dir='ltr'><strong>τῶν</strong></span> <span class='ocrx_word' id='word_1_628' title='bbox 3873 4181 4014 4231; x_wconf 54' lang='lat'><strong>6::-</strong></span> 
     </span>
    </p>
   </div>
   <div class='ocr_carea' id='block_1_77' title="bbox 2439 4262 4013 4335">
    <p class='ocr_par' dir='ltr' id='par_1_77' title="bbox 2439 4262 4013 4335">
     <span class='ocr_line' id='line_1_77' title="bbox 2439 4262 4013 4335; baseline 0.008 -25"><span class='ocrx_word' id='word_1_629' title='bbox 2439 4262 2648 4329; x_wconf 82' lang='grc' dir='ltr'>χερῶν,</span> <span class='ocrx_word' id='word_1_630' title='bbox 2727 4265 2820 4313; x_wconf 77' lang='grc' dir='ltr'>καὶ</span> <span class='ocrx_word' id='word_1_631' title='bbox 2868 4264 3004 4332; x_wconf 80' lang='grc' dir='ltr'>πρὸς</span> <span class='ocrx_word' id='word_1_632' title='bbox 3048 4264 3303 4332; x_wconf 77' lang='grc' dir='ltr'>ἀμείνους</span> <span class='ocrx_word' id='word_1_633' title='bbox 3346 4267 3716 4328; x_wconf 82' lang='grc' dir='ltr'>καταστάντες</span> <span class='ocrx_word' id='word_1_634' title='bbox 3759 4271 4013 4335; x_wconf 80' lang='grc' dir='ltr'>ἐλπίδας,</span> 
     </span>
    </p>
   </div>
   <div class='ocr_carea' id='block_1_78' title="bbox 2439 4353 4017 4429">
    <p class='ocr_par' dir='ltr' id='par_1_78' title="bbox 2439 4353 4017 4429">
     <span class='ocr_line' id='line_1_78' title="bbox 2439 4353 4017 4429; baseline 0.01 -27"><span class='ocrx_word' id='word_1_635' title='bbox 2439 4353 2513 4413; x_wconf 83' lang='grc' dir='ltr'>ὡς</span> <span class='ocrx_word' id='word_1_636' title='bbox 2550 4353 2678 4422; x_wconf 74' lang='grc' dir='ltr'>ῥᾷον</span> <span class='ocrx_word' id='word_1_637' title='bbox 2711 4353 2787 4403; x_wconf 74' lang='grc' dir='ltr'><strong>ἔθ’</strong></span> <span class='ocrx_word' id='word_1_638' title='bbox 2811 4354 3041 4422; x_wconf 79' lang='grc' dir='ltr'>ἕξομεν,</span> <span class='ocrx_word' id='word_1_639' title='bbox 3080 4357 3268 4425; x_wconf 78' lang='grc' dir='ltr'>ἐπειδὴ</span> <span class='ocrx_word' id='word_1_640' title='bbox 3305 4359 3408 4408; x_wconf 87' lang='grc' dir='ltr'><strong>τῶν</strong></span> <span class='ocrx_word' id='word_1_641' title='bbox 3446 4359 3646 4429; x_wconf 67' lang='grc' dir='ltr'>ἰατρῶν</span> <span class='ocrx_word' id='word_1_642' title='bbox 3683 4363 4017 4416; x_wconf 69' lang='grc' dir='ltr'>κελευόντων</span> 
     </span>
    </p>
   </div>
   <div class='ocr_carea' id='block_1_79' title="bbox 2442 4445 4014 4518">
    <p class='ocr_par' dir='ltr' id='par_1_79' title="bbox 2442 4445 4014 4518">
     <span class='ocr_line' id='line_1_79' title="bbox 2442 4445 4014 4518; baseline 0.006 -23"><span class='ocrx_word' id='word_1_643' title='bbox 2442 4445 2792 4513; x_wconf 78' lang='grc' dir='ltr'>ἐχρησάμεθα</span> <span class='ocrx_word' id='word_1_644' title='bbox 2822 4445 3088 4513; x_wconf 76' lang='grc' dir='ltr'>λουτροῖς,</span> <span class='ocrx_word' id='word_1_645' title='bbox 3119 4445 3273 4509; x_wconf 67' lang='grc' dir='ltr'>αὖθις</span> <span class='ocrx_word' id='word_1_646' title='bbox 3305 4445 3370 4501; x_wconf 85' lang='grc' dir='ltr'>αὖ</span> <span class='ocrx_word' id='word_1_647' title='bbox 3401 4445 3541 4518; x_wconf 80' lang='grc' dir='ltr'>ἦμεν</span> <span class='ocrx_word' id='word_1_648' title='bbox 3570 4453 3627 4502; x_wconf 87' lang='grc' dir='ltr'><strong>ἐν</strong></span> <span class='ocrx_word' id='word_1_649' title='bbox 3657 4457 3762 4514; x_wconf 81' lang='grc' dir='ltr'>τοῖς</span> <span class='ocrx_word' id='word_1_650' title='bbox 3793 4455 3978 4516; x_wconf 73' lang='grc' dir='ltr'>αὐτοῖς</span> <span class='ocrx_word' id='word_1_651' title='bbox 3999 4473 4014 4486; x_wconf 90' lang='grc'><strong>·</strong></span> 
     </span>
    </p>
   </div>
   <div class='ocr_carea' id='block_1_80' title="bbox 2441 4539 4017 4614">
    <p class='ocr_par' dir='ltr' id='par_1_80' title="bbox 2441 4539 4017 4614">
     <span class='ocr_line' id='line_1_80' title="bbox 2441 4539 4017 4614; baseline 0.008 -26"><span class='ocrx_word' id='word_1_652' title='bbox 2441 4539 2535 4588; x_wconf 80' lang='grc' dir='ltr'>καὶ</span> <span class='ocrx_word' id='word_1_653' title='bbox 2589 4540 2616 4590; x_wconf 87' lang='grc' dir='ltr'>ὁ</span> <span class='ocrx_word' id='word_1_654' title='bbox 2663 4539 2898 4606; x_wconf 84' lang='grc' dir='ltr'>πρόσθεν</span> <span class='ocrx_word' id='word_1_655' title='bbox 2981 4540 3188 4608; x_wconf 83' lang='grc' dir='ltr'>χειμὼν</span> <span class='ocrx_word' id='word_1_656' title='bbox 3255 4543 3411 4610; x_wconf 70' lang='grc' dir='ltr'>ἐπῄει</span> <span class='ocrx_word' id='word_1_657' title='bbox 3469 4544 3823 4614; x_wconf 79' lang='grc' dir='ltr'>σφοδρότερος</span> <span class='ocrx_word' id='word_1_658' title='bbox 3861 4560 3871 4571; x_wconf 93' lang='grc'><strong>·</strong></span> <span class='ocrx_word' id='word_1_659' title='bbox 3921 4551 4017 4600; x_wconf 70' lang='grc' dir='ltr'><strong>καὶ</strong></span> 
     </span>
    </p>
   </div>
   <div class='ocr_carea' id='block_1_81' title="bbox 766 4605 2437 4704">
    <p class='ocr_par' dir='ltr' id='par_1_81' title="bbox 766 4605 2413 4692">
     <span class='ocr_line' id='line_1_81' title="bbox 766 4605 2413 4692; baseline 0.002 -16"><span class='ocrx_word' id='word_1_660' title='bbox 766 4622 962 4676; x_wconf 80' lang='lat' dir='ltr'><strong>iterum</strong></span> <span class='ocrx_word' id='word_1_661' title='bbox 994 4625 1188 4677; x_wconf 84' lang='lat' dir='ltr'><strong>salutis</strong></span> <span class='ocrx_word' id='word_1_662' title='bbox 1223 4613 1372 4692; x_wconf 59' lang='lat' dir='ltr'><strong>s&#39;pem</strong></span> <span class='ocrx_word' id='word_1_663' title='bbox 1411 4627 1788 4690; x_wconf 85' lang='lat' dir='ltr'><strong>venissemus;</strong></span> <span class='ocrx_word' id='word_1_664' title='bbox 1829 4626 1917 4678; x_wconf 89' lang='lat' dir='ltr'><strong>hic</strong></span> <span class='ocrx_word' id='word_1_665' title='bbox 1949 4642 2077 4679; x_wconf 84' lang='lat' dir='ltr'><strong>vero</strong></span> <span class='ocrx_word' id='word_1_666' title='bbox 2109 4627 2175 4679; x_wconf 89' lang='lat' dir='ltr'><strong>de</strong></span> <span class='ocrx_word' id='word_1_667' title='bbox 2202 4643 2335 4680; x_wconf 90' lang='lat' dir='ltr'><strong>eon-</strong></span> <span class='ocrx_word' id='word_1_668' title='bbox 2370 4605 2413 4657; x_wconf 77' lang='lat' dir='ltr'><strong>D</strong></span> 
     </span>
    </p>
   </div>
   <div class='ocr_carea' id='block_1_82' title="bbox 2342 4605 4013 4704">
    <p class='ocr_par' dir='ltr' id='par_1_82' title="bbox 2370 4605 4013 4704">
     <span class='ocr_line' id='line_1_82' title="bbox 2370 4605 4013 4704; baseline 0.007 -23"><span class='ocrx_word' id='word_1_669' title='bbox 2370 4605 2413 4657; x_wconf 77' lang='lat' dir='ltr'><strong>D</strong></span> <span class='ocrx_word' id='word_1_670' title='bbox 2447 4632 2614 4700; x_wconf 80' lang='grc' dir='ltr'>μήπω</span> <span class='ocrx_word' id='word_1_671' title='bbox 2646 4632 2903 4701; x_wconf 76' lang='grc' dir='ltr'>καθαρῶς</span> <span class='ocrx_word' id='word_1_672' title='bbox 2933 4631 3317 4701; x_wconf 76' lang='grc' dir='ltr'>ἁπηλλαχότας</span> <span class='ocrx_word' id='word_1_673' title='bbox 3347 4635 3443 4703; x_wconf 78' lang='grc' dir='ltr'><strong>τῆς</strong></span> <span class='ocrx_word' id='word_1_674' title='bbox 3474 4639 3786 4704; x_wconf 63' lang='grc' dir='ltr'>τυραννίδος</span> <span class='ocrx_word' id='word_1_675' title='bbox 3810 4682 3822 4703; x_wconf 81' lang='grc'><strong>,</strong></span> <span class='ocrx_word' id='word_1_676' title='bbox 3857 4641 3885 4691; x_wconf 83' lang='grc' dir='ltr'>ὁ</span> <span class='ocrx_word' id='word_1_677' title='bbox 3918 4641 4013 4692; x_wconf 73' lang='grc' dir='ltr'><strong>τοῦ</strong></span> 
     </span>
    </p>
   </div>
   <div class='ocr_carea' id='block_1_83' title="bbox 762 4711 2337 4778">
    <p class='ocr_par' dir='ltr' id='par_1_83' title="bbox 762 4711 2337 4778">
     <span class='ocr_line' id='line_1_83' title="bbox 762 4711 2337 4778; baseline 0.004 -18"><span class='ocrx_word' id='word_1_678' title='bbox 762 4711 888 4761; x_wconf 85' lang='lat' dir='ltr'><strong>silio</strong></span> <span class='ocrx_word' id='word_1_679' title='bbox 921 4712 1258 4764; x_wconf 74' lang='lat' dir='ltr'><strong>medicorum</strong></span> <span class='ocrx_word' id='word_1_680' title='bbox 1315 4712 1512 4765; x_wconf 90' lang='lat' dir='ltr'><strong>balneo</strong></span> <span class='ocrx_word' id='word_1_681' title='bbox 1545 4712 1684 4765; x_wconf 90' lang='lat' dir='ltr'><strong>forte</strong></span> <span class='ocrx_word' id='word_1_682' title='bbox 1727 4714 1998 4778; x_wconf 92' lang='lat' dir='ltr'><strong>adhibito,</strong></span> <span class='ocrx_word' id='word_1_683' title='bbox 2041 4716 2103 4767; x_wconf 81' lang='lat' dir='ltr'><strong>irr</strong></span> <span class='ocrx_word' id='word_1_684' title='bbox 2131 4715 2337 4769; x_wconf 84' lang='lat' dir='ltr'><strong>eisdem</strong></span> 
     </span>
    </p>
   </div>
   <div class='ocr_carea' id='block_1_84' title="bbox 763 4806 2342 4873">
    <p class='ocr_par' dir='ltr' id='par_1_84' title="bbox 763 4806 2342 4873">
     <span class='ocr_line' id='line_1_84' title="bbox 763 4806 2342 4873; baseline 0.003 -17"><span class='ocrx_word' id='word_1_685' title='bbox 763 4806 946 4857; x_wconf 92' lang='lat' dir='ltr'><strong>denuo</strong></span> <span class='ocrx_word' id='word_1_686' title='bbox 982 4806 1140 4856; x_wconf 83' lang='lat' dir='ltr'><strong>malis</strong></span> <span class='ocrx_word' id='word_1_687' title='bbox 1170 4820 1391 4857; x_wconf 88' lang='lat' dir='ltr'><strong>eramus</strong></span> <span class='ocrx_word' id='word_1_688' title='bbox 1424 4823 1434 4858; x_wconf 94' lang='lat'><strong>:</strong></span> <span class='ocrx_word' id='word_1_689' title='bbox 1478 4808 1737 4873; x_wconf 79' lang='lat' dir='ltr'><strong>priorque</strong></span> <span class='ocrx_word' id='word_1_690' title='bbox 1773 4808 1882 4868; x_wconf 87' lang='lat' dir='ltr'><strong>illa,</strong></span> <span class='ocrx_word' id='word_1_691' title='bbox 1919 4809 2010 4860; x_wconf 75' lang='lat' dir='ltr'><strong>sed</strong></span> <span class='ocrx_word' id='word_1_692' title='bbox 2046 4809 2342 4863; x_wconf 88' lang='lat' dir='ltr'><strong>vehemen-</strong></span> 
     </span>
    </p>
   </div>
   <div class='ocr_carea' id='block_1_85' title="bbox 766 4896 2338 4968">
    <p class='ocr_par' dir='ltr' id='par_1_85' title="bbox 766 4896 2338 4968">
     <span class='ocr_line' id='line_1_85' title="bbox 766 4896 2338 4968; baseline 0.003 -22"><span class='ocrx_word' id='word_1_693' title='bbox 766 4896 891 4954; x_wconf 86' lang='lat' dir='ltr'><strong>tior.</strong></span> <span class='ocrx_word' id='word_1_694' title='bbox 917 4896 1204 4963; x_wconf 77' lang='lat' dir='ltr'><strong>ingruebat</strong></span> <span class='ocrx_word' id='word_1_695' title='bbox 1229 4906 1544 4963; x_wconf 82' lang='lat' dir='ltr'><strong>tempestas,</strong></span> <span class='ocrx_word' id='word_1_696' title='bbox 1569 4911 1776 4964; x_wconf 88' lang='lat' dir='ltr'><strong>nosque</strong></span> <span class='ocrx_word' id='word_1_697' title='bbox 1800 4899 2038 4950; x_wconf 86' lang='lat' dir='ltr'><strong>nomium</strong></span> <span class='ocrx_word' id='word_1_698' title='bbox 2063 4914 2128 4951; x_wconf 81' lang='lat' dir='ltr'><strong>ex</strong></span> <span class='ocrx_word' id='word_1_699' title='bbox 2152 4909 2338 4968; x_wconf 85' lang='lat' dir='ltr'><strong>tyran-</strong></span> 
     </span>
    </p>
   </div>
   <div class='ocr_carea' id='block_1_86' title="bbox 765 4973 2337 5057">
    <p class='ocr_par' dir='ltr' id='par_1_86' title="bbox 765 4973 2337 5057">
     <span class='ocr_line' id='line_1_86' title="bbox 765 4973 2337 5057; baseline 0.003 -17"><span class='ocrx_word' id='word_1_700' title='bbox 765 4989 891 5041; x_wconf 89' lang='lat' dir='ltr'><strong>nide</strong></span> <span class='ocrx_word' id='word_1_701' title='bbox 919 4973 1138 5057; x_wconf 77' lang='lat' dir='ltr'><strong>penitus</strong></span> <span class='ocrx_word' id='word_1_702' title='bbox 1161 5000 1402 5057; x_wconf 88' lang='lat' dir='ltr'><strong>ereptos,</strong></span> <span class='ocrx_word' id='word_1_703' title='bbox 1436 4991 1523 5043; x_wconf 91' lang='lat' dir='ltr'><strong>ille</strong></span> <span class='ocrx_word' id='word_1_704' title='bbox 1556 4991 1864 5043; x_wconf 77' lang='lat' dir='ltr'><strong>Phalaridis</strong></span> <span class='ocrx_word' id='word_1_705' title='bbox 1886 4993 1984 5044; x_wconf 92' lang='lat' dir='ltr'><strong>bos</strong></span> <span class='ocrx_word' id='word_1_706' title='bbox 2016 4995 2258 5046; x_wconf 90' lang='lat' dir='ltr'><strong>tenebat.</strong></span> <span class='ocrx_word' id='word_1_707' title='bbox 2282 4994 2337 5045; x_wconf 91' lang='lat' dir='ltr'><strong>In</strong></span> 
     </span>
    </p>
   </div>
   <div class='ocr_carea' id='block_1_87' title="bbox 762 5082 2336 5151">
    <p class='ocr_par' dir='ltr' id='par_1_87' title="bbox 762 5082 2336 5151">
     <span class='ocr_line' id='line_1_87' title="bbox 762 5082 2336 5151; baseline 0.004 -19"><span class='ocrx_word' id='word_1_708' title='bbox 762 5096 928 5134; x_wconf 86' lang='lat' dir='ltr'><strong>causa</strong></span> <span class='ocrx_word' id='word_1_709' title='bbox 981 5090 1120 5142; x_wconf 86' lang='lat' dir='ltr'><strong>erat,</strong></span> <span class='ocrx_word' id='word_1_710' title='bbox 1175 5082 1322 5150; x_wconf 87' lang='lat' dir='ltr'><strong>quod</strong></span> <span class='ocrx_word' id='word_1_711' title='bbox 1371 5099 1479 5135; x_wconf 92' lang='lat' dir='ltr'><strong>non</strong></span> <span class='ocrx_word' id='word_1_712' title='bbox 1528 5095 1837 5151; x_wconf 86' lang='lat' dir='ltr'><strong>opportune</strong></span> <span class='ocrx_word' id='word_1_713' title='bbox 1891 5086 2023 5138; x_wconf 85' lang='lat' dir='ltr'><strong>satis</strong></span> <span class='ocrx_word' id='word_1_714' title='bbox 2066 5085 2336 5138; x_wconf 72' lang='lat' dir='ltr'><strong>lavatione</strong></span> 
     </span>
    </p>
   </div>
   <div class='ocr_carea' id='block_1_88' title="bbox 769 5174 2337 5236">
    <p class='ocr_par' dir='ltr' id='par_1_88' title="bbox 769 5174 2337 5236">
     <span class='ocr_line' id='line_1_88' title="bbox 769 5174 2337 5236; baseline 0.004 -12"><span class='ocrx_word' id='word_1_715' title='bbox 769 5175 850 5224; x_wconf 86' lang='lat' dir='ltr'><strong>usi</strong></span> <span class='ocrx_word' id='word_1_716' title='bbox 910 5174 1227 5236; x_wconf 81' lang='lat' dir='ltr'><strong>fuissemus,</strong></span> <span class='ocrx_word' id='word_1_717' title='bbox 1269 5176 1438 5227; x_wconf 88' lang='lat' dir='ltr'><strong>multa</strong></span> <span class='ocrx_word' id='word_1_718' title='bbox 1487 5176 1665 5227; x_wconf 87' lang='lat' dir='ltr'><strong>adhuc</strong></span> <span class='ocrx_word' id='word_1_719' title='bbox 1707 5175 1830 5227; x_wconf 90' lang='lat' dir='ltr'><strong>bilis</strong></span> <span class='ocrx_word' id='word_1_720' title='bbox 1884 5175 1932 5227; x_wconf 87' lang='lat' dir='ltr'><strong>vi</strong></span> <span class='ocrx_word' id='word_1_721' title='bbox 1972 5177 2337 5230; x_wconf 85' lang='lat' dir='ltr'><strong>ventriculum</strong></span> 
     </span>
    </p>
   </div>
   <div class='ocr_carea' id='block_1_89' title="bbox 766 5270 2334 5339">
    <p class='ocr_par' dir='ltr' id='par_1_89' title="bbox 766 5270 2334 5339">
     <span class='ocr_line' id='line_1_89' title="bbox 766 5270 2334 5339; baseline 0.002 -18"><span class='ocrx_word' id='word_1_722' title='bbox 766 5270 1076 5323; x_wconf 88' lang='lat' dir='ltr'><strong>obsidente.</strong></span> <span class='ocrx_word' id='word_1_723' title='bbox 1116 5270 1285 5324; x_wconf 79' lang='lat' dir='ltr'><strong>Retro</strong></span> <span class='ocrx_word' id='word_1_724' title='bbox 1324 5272 1506 5339; x_wconf 90' lang='lat' dir='ltr'><strong>itaque</strong></span> <span class='ocrx_word' id='word_1_725' title='bbox 1551 5287 1672 5324; x_wconf 85' lang='lat' dir='ltr'><strong>mox</strong></span> <span class='ocrx_word' id='word_1_726' title='bbox 1708 5273 1986 5339; x_wconf 88' lang='lat' dir='ltr'><strong>sublapsa,</strong></span> <span class='ocrx_word' id='word_1_727' title='bbox 2019 5283 2074 5326; x_wconf 86' lang='lat' dir='ltr'><strong>et</strong></span> <span class='ocrx_word' id='word_1_728' title='bbox 2105 5274 2160 5327; x_wconf 91' lang='lat' dir='ltr'><strong>in</strong></span> <span class='ocrx_word' id='word_1_729' title='bbox 2201 5289 2334 5326; x_wconf 67' lang='lat' dir='ltr'><strong>cono</strong></span> 
     </span>
    </p>
   </div>
   <div class='ocr_carea' id='block_1_90' title="bbox 767 5361 2340 5430">
    <p class='ocr_par' dir='ltr' id='par_1_90' title="bbox 767 5361 2340 5430">
     <span class='ocr_line' id='line_1_90' title="bbox 767 5361 2340 5430; baseline 0.003 -18"><span class='ocrx_word' id='word_1_730' title='bbox 767 5361 999 5412; x_wconf 87' lang='lat' dir='ltr'><strong>trarium</strong></span> <span class='ocrx_word' id='word_1_731' title='bbox 1057 5361 1163 5412; x_wconf 86' lang='lat' dir='ltr'><strong>lata</strong></span> <span class='ocrx_word' id='word_1_732' title='bbox 1217 5361 1422 5424; x_wconf 90' lang='lat' dir='ltr'><strong>omnia,</strong></span> <span class='ocrx_word' id='word_1_733' title='bbox 1479 5362 1737 5430; x_wconf 82' lang='lat' dir='ltr'><strong>nullaque</strong></span> <span class='ocrx_word' id='word_1_734' title='bbox 1791 5377 1900 5414; x_wconf 93' lang='lat' dir='ltr'><strong>non</strong></span> <span class='ocrx_word' id='word_1_735' title='bbox 1973 5363 2103 5416; x_wconf 88' lang='lat' dir='ltr'><strong>mali</strong></span> <span class='ocrx_word' id='word_1_736' title='bbox 2151 5364 2340 5417; x_wconf 87' lang='lat' dir='ltr'><strong>aderat</strong></span> 
     </span>
    </p>
   </div>
   <div class='ocr_carea' id='block_1_91' title="bbox 764 5452 2335 5527">
    <p class='ocr_par' dir='ltr' id='par_1_91' title="bbox 764 5452 2335 5527">
     <span class='ocr_line' id='line_1_91' title="bbox 764 5452 2335 5527; baseline 0.005 -23"><span class='ocrx_word' id='word_1_737' title='bbox 764 5452 998 5520; x_wconf 83' lang='lat' dir='ltr'><strong>species,</strong></span> <span class='ocrx_word' id='word_1_738' title='bbox 1035 5452 1148 5506; x_wconf 89' lang='lat' dir='ltr'><strong>sive</strong></span> <span class='ocrx_word' id='word_1_739' title='bbox 1181 5454 1384 5515; x_wconf 88' lang='lat' dir='ltr'><strong>verius,</strong></span> <span class='ocrx_word' id='word_1_740' title='bbox 1419 5453 1554 5507; x_wconf 89' lang='lat' dir='ltr'><strong>nihil</strong></span> <span class='ocrx_word' id='word_1_741' title='bbox 1589 5471 1696 5508; x_wconf 90' lang='lat' dir='ltr'><strong>non</strong></span> <span class='ocrx_word' id='word_1_742' title='bbox 1742 5471 2001 5522; x_wconf 89' lang='lat' dir='ltr'><strong>supremo</strong></span> <span class='ocrx_word' id='word_1_743' title='bbox 2038 5458 2089 5509; x_wconf 92' lang='lat' dir='ltr'><strong>in</strong></span> <span class='ocrx_word' id='word_1_744' title='bbox 2141 5459 2335 5527; x_wconf 82' lang='lat' dir='ltr'><strong>gradu.</strong></span> 
     </span>
    </p>
   </div>
   <div class='ocr_carea' id='block_1_92' title="bbox 765 5545 2336 5618">
    <p class='ocr_par' dir='ltr' id='par_1_92' title="bbox 765 5545 2336 5618">
     <span class='ocr_line' id='line_1_92' title="bbox 765 5545 2336 5618; baseline 0.006 -22"><span class='ocrx_word' id='word_1_745' title='bbox 765 5545 969 5614; x_wconf 80' lang='lat' dir='ltr'><strong>Nempe</strong></span> <span class='ocrx_word' id='word_1_746' title='bbox 995 5557 1049 5599; x_wconf 91' lang='lat' dir='ltr'><strong>et</strong></span> <span class='ocrx_word' id='word_1_747' title='bbox 1081 5548 1316 5615; x_wconf 83' lang='lat' dir='ltr'><strong>pessime</strong></span> <span class='ocrx_word' id='word_1_748' title='bbox 1343 5547 1532 5602; x_wconf 71' lang='lat' dir='ltr'><strong>affecta</strong></span> <span class='ocrx_word' id='word_1_749' title='bbox 1566 5561 1721 5604; x_wconf 90' lang='lat' dir='ltr'><strong>erant</strong></span> <span class='ocrx_word' id='word_1_750' title='bbox 1749 5551 2029 5618; x_wconf 89' lang='lat' dir='ltr'><strong>intestina,</strong></span> <span class='ocrx_word' id='word_1_751' title='bbox 2059 5553 2130 5607; x_wconf 89' lang='lat' dir='ltr'><strong>ita</strong></span> <span class='ocrx_word' id='word_1_752' title='bbox 2158 5563 2214 5606; x_wconf 93' lang='lat' dir='ltr'><strong>ut</strong></span> <span class='ocrx_word' id='word_1_753' title='bbox 2248 5554 2336 5608; x_wconf 87' lang='lat' dir='ltr'><strong>vix</strong></span> 
     </span>
    </p>
   </div>
   <div class='ocr_carea' id='block_1_93' title="bbox 766 5640 2341 5714">
    <p class='ocr_par' dir='ltr' id='par_1_93' title="bbox 766 5640 2341 5714">
     <span class='ocr_line' id='line_1_93' title="bbox 766 5640 2341 5714; baseline 0.006 -24"><span class='ocrx_word' id='word_1_754' title='bbox 766 5640 1016 5692; x_wconf 89' lang='lat' dir='ltr'><strong>attollere</strong></span> <span class='ocrx_word' id='word_1_755' title='bbox 1047 5657 1132 5694; x_wconf 89' lang='lat' dir='ltr'><strong>me</strong></span> <span class='ocrx_word' id='word_1_756' title='bbox 1161 5656 1225 5694; x_wconf 89' lang='lat' dir='ltr'><strong>ac</strong></span> <span class='ocrx_word' id='word_1_757' title='bbox 1255 5642 1435 5696; x_wconf 87' lang='lat' dir='ltr'><strong>levare</strong></span> <span class='ocrx_word' id='word_1_758' title='bbox 1470 5657 1705 5711; x_wconf 89' lang='lat' dir='ltr'><strong>possein.</strong></span> <span class='ocrx_word' id='word_1_759' title='bbox 1737 5643 1802 5696; x_wconf 86' lang='lat' dir='ltr'><strong>Et</strong></span> <span class='ocrx_word' id='word_1_760' title='bbox 1833 5645 2105 5712; x_wconf 83' lang='lat' dir='ltr'><strong>reliquum</strong></span> <span class='ocrx_word' id='word_1_761' title='bbox 2140 5661 2341 5714; x_wconf 88' lang='lat' dir='ltr'><strong>corpus</strong></span> 
     </span>
    </p>
   </div>
   <div class='ocr_carea' id='block_1_94' title="bbox 770 5732 2345 5809">
    <p class='ocr_par' dir='ltr' id='par_1_94' title="bbox 770 5732 2345 5809">
     <span class='ocr_line' id='line_1_94' title="bbox 770 5732 2345 5809; baseline 0.006 -25"><span class='ocrx_word' id='word_1_762' title='bbox 770 5732 1011 5786; x_wconf 84' lang='lat' dir='ltr'><strong>assiduis</strong></span> <span class='ocrx_word' id='word_1_763' title='bbox 1032 5734 1477 5802; x_wconf 79' lang='lat' dir='ltr'><strong>gravissimisque</strong></span> <span class='ocrx_word' id='word_1_764' title='bbox 1503 5736 1862 5803; x_wconf 86' lang='lat' dir='ltr'><strong>torquebatur</strong></span> <span class='ocrx_word' id='word_1_765' title='bbox 1884 5738 2187 5802; x_wconf 91' lang='lat' dir='ltr'><strong>doloribus,</strong></span> <span class='ocrx_word' id='word_1_766' title='bbox 2209 5757 2345 5809; x_wconf 91' lang='lat' dir='ltr'><strong>quo-</strong></span> 
     </span>
    </p>
   </div>
   <div class='ocr_carea' id='block_1_95' title="bbox 785 5826 2340 5898">
    <p class='ocr_par' dir='ltr' id='par_1_95' title="bbox 785 5826 2340 5898">
     <span class='ocr_line' id='line_1_95' title="bbox 785 5826 2340 5898; baseline 0.005 -21"><span class='ocrx_word' id='word_1_767' title='bbox 785 5826 931 5879; x_wconf 89' lang='lat' dir='ltr'><strong>niam</strong></span> <span class='ocrx_word' id='word_1_768' title='bbox 992 5844 1317 5897; x_wconf 68' lang='lat' dir='ltr'><strong>uanuoqae</strong></span> <span class='ocrx_word' id='word_1_769' title='bbox 1371 5829 1422 5882; x_wconf 93' lang='lat' dir='ltr'><strong>in</strong></span> <span class='ocrx_word' id='word_1_770' title='bbox 1484 5830 1750 5895; x_wconf 88' lang='lat' dir='ltr'><strong>membro,</strong></span> <span class='ocrx_word' id='word_1_771' title='bbox 1776 5846 1892 5895; x_wconf 82' lang='lat' dir='ltr'><strong>sua,</strong></span> <span class='ocrx_word' id='word_1_772' title='bbox 1924 5841 1980 5884; x_wconf 93' lang='lat' dir='ltr'><strong>ut</strong></span> <span class='ocrx_word' id='word_1_773' title='bbox 2032 5833 2103 5886; x_wconf 93' lang='lat' dir='ltr'><strong>ita</strong></span> <span class='ocrx_word' id='word_1_774' title='bbox 2142 5834 2340 5898; x_wconf 80' lang='lat' dir='ltr'><strong>dicam,</strong></span> 
     </span>
    </p>
   </div>
   <div class='ocr_carea' id='block_1_96' title="bbox 2437 4723 4016 4798">
    <p class='ocr_par' dir='ltr' id='par_1_96' title="bbox 2437 4723 4016 4798">
     <span class='ocr_line' id='line_1_96' title="bbox 2437 4723 4016 4798; baseline 0.004 -24"><span class='ocrx_word' id='word_1_775' title='bbox 2437 4723 2736 4790; x_wconf 79' lang='grc' dir='ltr'>Φαλάριδος</span> <span class='ocrx_word' id='word_1_776' title='bbox 2774 4724 2899 4791; x_wconf 80' lang='grc' dir='ltr'>ἔσχε</span> <span class='ocrx_word' id='word_1_777' title='bbox 2939 4723 3085 4792; x_wconf 85' lang='grc' dir='ltr'>βοῦς.</span> <span class='ocrx_word' id='word_1_778' title='bbox 3120 4725 3308 4774; x_wconf 76' lang='grc' dir='ltr'>Αἰτιον</span> <span class='ocrx_word' id='word_1_779' title='bbox 3340 4727 3397 4777; x_wconf 84' lang='grc' dir='ltr'>δὲ</span> <span class='ocrx_word' id='word_1_780' title='bbox 3430 4727 3490 4778; x_wconf 84' lang='grc' dir='ltr'><strong>τὸ</strong></span> <span class='ocrx_word' id='word_1_781' title='bbox 3529 4728 3603 4798; x_wconf 82' lang='grc' dir='ltr'>μὴ</span> <span class='ocrx_word' id='word_1_782' title='bbox 3639 4731 3781 4780; x_wconf 75' lang='grc' dir='ltr'>κατα</span> <span class='ocrx_word' id='word_1_783' title='bbox 3817 4733 4016 4798; x_wconf 72' lang='grc' dir='ltr'>καιρὸν</span> 
     </span>
    </p>
   </div>
   <div class='ocr_carea' id='block_1_97' title="bbox 2442 4817 4012 4890">
    <p class='ocr_par' dir='ltr' id='par_1_97' title="bbox 2442 4817 4012 4890">
     <span class='ocr_line' id='line_1_97' title="bbox 2442 4817 4012 4890; baseline 0.004 -22"><span class='ocrx_word' id='word_1_784' title='bbox 2442 4817 2658 4878; x_wconf 88' lang='grc' dir='ltr'>πάντως</span> <span class='ocrx_word' id='word_1_785' title='bbox 2691 4817 3010 4877; x_wconf 86' lang='grc' dir='ltr'>λελοῦσθαι,</span> <span class='ocrx_word' id='word_1_786' title='bbox 3045 4818 3207 4886; x_wconf 79' lang='grc' dir='ltr'>χολῆς</span> <span class='ocrx_word' id='word_1_787' title='bbox 3241 4817 3316 4869; x_wconf 80' lang='grc' dir='ltr'><strong>ἐτ’</strong></span> <span class='ocrx_word' id='word_1_788' title='bbox 3343 4820 3576 4888; x_wconf 80' lang='grc' dir='ltr'>ἐχούσης</span> <span class='ocrx_word' id='word_1_789' title='bbox 3609 4823 3736 4890; x_wconf 75' lang='grc' dir='ltr'>περὶ</span> <span class='ocrx_word' id='word_1_790' title='bbox 3765 4824 3854 4873; x_wconf 74' lang='grc' dir='ltr'>τὸν</span> <span class='ocrx_word' id='word_1_791' title='bbox 3888 4826 4012 4875; x_wconf 81' lang='grc' dir='ltr'>στό-</span> 
     </span>
    </p>
   </div>
   <div class='ocr_carea' id='block_1_98' title="bbox 2443 4906 4014 4982">
    <p class='ocr_par' dir='ltr' id='par_1_98' title="bbox 2443 4906 4014 4982">
     <span class='ocr_line' id='line_1_98' title="bbox 2443 4906 4014 4982; baseline 0.004 -20"><span class='ocrx_word' id='word_1_792' title='bbox 2443 4927 2638 4978; x_wconf 86' lang='grc' dir='ltr'>μαχον.</span> <span class='ocrx_word' id='word_1_793' title='bbox 2673 4911 2924 4961; x_wconf 65' lang='lat' dir='ltr'><strong>“Art-avsa.</strong></span> <span class='ocrx_word' id='word_1_794' title='bbox 2971 4909 3034 4976; x_wconf 81' lang='grc' dir='ltr'><strong>δὴ</strong></span> <span class='ocrx_word' id='word_1_795' title='bbox 3081 4906 3175 4961; x_wconf 79' lang='grc' dir='ltr'><strong>οὖν</strong></span> <span class='ocrx_word' id='word_1_796' title='bbox 3214 4909 3380 4972; x_wconf 80' lang='grc' dir='ltr'>εὐθὺς</span> <span class='ocrx_word' id='word_1_797' title='bbox 3425 4913 3872 4982; x_wconf 78' lang='grc' dir='ltr'>ἀνατέτραπται·</span> <span class='ocrx_word' id='word_1_798' title='bbox 3921 4919 4014 4969; x_wconf 75' lang='grc' dir='ltr'><strong>καὶ</strong></span> 
     </span>
    </p>
   </div>
   <div class='ocr_carea' id='block_1_99' title="bbox 2441 5001 4013 5076">
    <p class='ocr_par' dir='ltr' id='par_1_99' title="bbox 2441 5001 4013 5076">
     <span class='ocr_line' id='line_1_99' title="bbox 2441 5001 4013 5076; baseline 0.004 -22"><span class='ocrx_word' id='word_1_799' title='bbox 2441 5004 2577 5072; x_wconf 81' lang='grc' dir='ltr'>πρὸς</span> <span class='ocrx_word' id='word_1_800' title='bbox 2609 5002 2916 5054; x_wconf 83' lang='grc' dir='ltr'>τούναντίον</span> <span class='ocrx_word' id='word_1_801' title='bbox 2947 5001 3234 5071; x_wconf 77' lang='grc' dir='ltr'>ὡρμήκει·</span> <span class='ocrx_word' id='word_1_802' title='bbox 3269 5003 3362 5054; x_wconf 82' lang='grc' dir='ltr'>καὶ</span> <span class='ocrx_word' id='word_1_803' title='bbox 3390 5005 3542 5056; x_wconf 63' lang='grc' dir='ltr'>οῦδὲν</span> <span class='ocrx_word' id='word_1_804' title='bbox 3576 5007 3600 5057; x_wconf 81' lang='grc' dir='ltr'>ὁ</span> <span class='ocrx_word' id='word_1_805' title='bbox 3630 5023 3680 5056; x_wconf 89' lang='grc' dir='ltr'><strong>τι</strong></span> <span class='ocrx_word' id='word_1_806' title='bbox 3717 5008 3791 5075; x_wconf 82' lang='grc' dir='ltr'><strong>μη</strong></span> <span class='ocrx_word' id='word_1_807' title='bbox 3828 5011 4013 5076; x_wconf 63' lang='grc' dir='ltr'>παρῆν</span> 
     </span>
    </p>
   </div>
   <div class='ocr_carea' id='block_1_100' title="bbox 2442 5093 4010 5168">
    <p class='ocr_par' dir='ltr' id='par_1_100' title="bbox 2442 5093 4010 5168">
     <span class='ocr_line' id='line_1_100' title="bbox 2442 5093 4010 5168; baseline 0.001 -21"><span class='ocrx_word' id='word_1_808' title='bbox 2442 5095 2550 5147; x_wconf 88' lang='grc' dir='ltr'><strong>τῶν</strong></span> <span class='ocrx_word' id='word_1_809' title='bbox 2574 5095 2762 5146; x_wconf 74' lang='grc' dir='ltr'>δεινῶν</span> <span class='ocrx_word' id='word_1_810' title='bbox 2783 5111 2796 5124; x_wconf 76' lang='grc'><strong><em>⁸</em></strong></span> <span class='ocrx_word' id='word_1_811' title='bbox 2828 5093 3029 5162; x_wconf 77' lang='grc' dir='ltr'>μᾶλλον</span> <span class='ocrx_word' id='word_1_812' title='bbox 3053 5093 3107 5143; x_wconf 85' lang='grc' dir='ltr'><strong>δέ</strong></span> <span class='ocrx_word' id='word_1_813' title='bbox 3133 5093 3285 5145; x_wconf 65' lang='grc' dir='ltr'>οὐδὲν</span> <span class='ocrx_word' id='word_1_814' title='bbox 3309 5096 3335 5146; x_wconf 85' lang='grc' dir='ltr'><strong>ὃ</strong></span> <span class='ocrx_word' id='word_1_815' title='bbox 3358 5113 3411 5146; x_wconf 89' lang='grc' dir='ltr'><strong>τι</strong></span> <span class='ocrx_word' id='word_1_816' title='bbox 3439 5098 3497 5148; x_wconf 69' lang='grc' dir='ltr'>οὐ</span> <span class='ocrx_word' id='word_1_817' title='bbox 3529 5098 3646 5162; x_wconf 73' lang='grc' dir='ltr'>μεθ’</span> <span class='ocrx_word' id='word_1_818' title='bbox 3667 5099 3974 5168; x_wconf 70' lang='grc' dir='ltr'>ὑπερϐολῆς</span> <span class='ocrx_word' id='word_1_819' title='bbox 3996 5120 4010 5133; x_wconf 80' lang='grc' dir='ltr'><strong>ο</strong></span> 
     </span>
    </p>
   </div>
   <div class='ocr_carea' id='block_1_101' title="bbox 2443 5189 4016 5261">
    <p class='ocr_par' dir='ltr' id='par_1_101' title="bbox 2443 5189 4016 5261">
     <span class='ocr_line' id='line_1_101' title="bbox 2443 5189 4016 5261; baseline 0.003 -20"><span class='ocrx_word' id='word_1_820' title='bbox 2443 5191 2510 5241; x_wconf 87' lang='grc' dir='ltr'><strong>τά</strong></span> <span class='ocrx_word' id='word_1_821' title='bbox 2543 5207 2600 5239; x_wconf 88' lang='grc' dir='ltr'><strong>τε</strong></span> <span class='ocrx_word' id='word_1_822' title='bbox 2641 5189 2749 5255; x_wconf 77' lang='grc' dir='ltr'><strong>γὰρ</strong></span> <span class='ocrx_word' id='word_1_823' title='bbox 2788 5189 2935 5240; x_wconf 75' lang='grc' dir='ltr'>ἔνδον</span> <span class='ocrx_word' id='word_1_824' title='bbox 2975 5189 3224 5257; x_wconf 77' lang='grc' dir='ltr'>πονήρως</span> <span class='ocrx_word' id='word_1_825' title='bbox 3263 5189 3454 5256; x_wconf 77' lang='grc' dir='ltr'>ἔσχεν,</span> <span class='ocrx_word' id='word_1_826' title='bbox 3497 5191 3569 5249; x_wconf 77' lang='grc' dir='ltr'>ὡς</span> <span class='ocrx_word' id='word_1_827' title='bbox 3612 5192 3732 5258; x_wconf 72' lang='grc' dir='ltr'>μηδ’</span> <span class='ocrx_word' id='word_1_828' title='bbox 3760 5195 4016 5261; x_wconf 67' lang='grc' dir='ltr'>ἀνασχεῖν</span> 
     </span>
    </p>
   </div>
   <div class='ocr_carea' id='block_1_102' title="bbox 2442 5275 4017 5349">
    <p class='ocr_par' dir='ltr' id='par_1_102' title="bbox 2442 5275 4017 5349">
     <span class='ocr_line' id='line_1_102' title="bbox 2442 5275 4017 5349; baseline -0.001 -17"><span class='ocrx_word' id='word_1_829' title='bbox 2442 5277 2553 5333; x_wconf 82' lang='grc' dir='ltr'>οἷόν</span> <span class='ocrx_word' id='word_1_830' title='bbox 2584 5283 2631 5331; x_wconf 80' lang='grc' dir='ltr'>τ’</span> <span class='ocrx_word' id='word_1_831' title='bbox 2659 5275 2832 5342; x_wconf 84' lang='grc' dir='ltr'>εἶναι,</span> <span class='ocrx_word' id='word_1_832' title='bbox 2869 5281 2930 5332; x_wconf 93' lang='grc' dir='ltr'><strong>τό</strong></span> <span class='ocrx_word' id='word_1_833' title='bbox 2964 5299 3020 5332; x_wconf 85' lang='grc' dir='ltr'><strong>τε</strong></span> <span class='ocrx_word' id='word_1_834' title='bbox 3065 5281 3224 5348; x_wconf 81' lang='grc' dir='ltr'>σῶμα</span> <span class='ocrx_word' id='word_1_835' title='bbox 3273 5283 3502 5342; x_wconf 80' lang='grc' dir='ltr'>πυκναῖς</span> <span class='ocrx_word' id='word_1_836' title='bbox 3538 5283 3617 5332; x_wconf 77' lang='grc' dir='ltr'><strong>ὅτι</strong></span> <span class='ocrx_word' id='word_1_837' title='bbox 3656 5284 3886 5349; x_wconf 70' lang='grc' dir='ltr'>μάὶιςτα</span> <span class='ocrx_word' id='word_1_838' title='bbox 3925 5288 4017 5336; x_wconf 68' lang='grc' dir='ltr'>κιὶ</span> 
     </span>
    </p>
   </div>
   <div class='ocr_carea' id='block_1_103' title="bbox 2447 5373 4017 5442">
    <p class='ocr_par' dir='ltr' id='par_1_103' title="bbox 2447 5373 4017 5442">
     <span class='ocr_line' id='line_1_103' title="bbox 2447 5373 4017 5442; baseline 0.003 -18"><span class='ocrx_word' id='word_1_839' title='bbox 2447 5373 2692 5442; x_wconf 80' lang='grc' dir='ltr'>βαρείαις</span> <span class='ocrx_word' id='word_1_840' title='bbox 2734 5374 2940 5441; x_wconf 79' lang='grc' dir='ltr'>ἔκαμνε</span> <span class='ocrx_word' id='word_1_841' title='bbox 2978 5375 3096 5433; x_wconf 90' lang='grc' dir='ltr'>ταῖς</span> <span class='ocrx_word' id='word_1_842' title='bbox 3122 5373 3338 5435; x_wconf 75' lang='grc' dir='ltr'>ὀδύναις</span> <span class='ocrx_word' id='word_1_843' title='bbox 3379 5375 3520 5424; x_wconf 80' lang='grc' dir='ltr'>κατα</span> <span class='ocrx_word' id='word_1_844' title='bbox 3563 5375 3759 5432; x_wconf 70' lang='grc' dir='ltr'>παντὸς</span> <span class='ocrx_word' id='word_1_845' title='bbox 3797 5378 4017 5428; x_wconf 74' lang='grc' dir='ltr'>ὁτουοῦν</span> 
     </span>
    </p>
   </div>
   <div class='ocr_carea' id='block_1_104' title="bbox 2447 5463 4016 5534">
    <p class='ocr_par' dir='ltr' id='par_1_104' title="bbox 2447 5463 4016 5534">
     <span class='ocr_line' id='line_1_104' title="bbox 2447 5463 4016 5534; baseline 0.003 -17"><span class='ocrx_word' id='word_1_846' title='bbox 2447 5466 2638 5534; x_wconf 71' lang='grc' dir='ltr'>μέλους</span> <span class='ocrx_word' id='word_1_847' title='bbox 2664 5506 2678 5528; x_wconf 91' lang='grc'><strong>,</strong></span> <span class='ocrx_word' id='word_1_848' title='bbox 2715 5463 3291 5533; x_wconf 81' lang='grc' dir='ltr'>ἐστρατοπεδευκότων</span> <span class='ocrx_word' id='word_1_849' title='bbox 3327 5466 3402 5525; x_wconf 83' lang='grc' dir='ltr'>ὡς</span> <span class='ocrx_word' id='word_1_850' title='bbox 3443 5465 3618 5517; x_wconf 87' lang='grc' dir='ltr'>εἰπεῖν</span> <span class='ocrx_word' id='word_1_851' title='bbox 3657 5469 3764 5517; x_wconf 89' lang='grc' dir='ltr'><strong>τῶν</strong></span> <span class='ocrx_word' id='word_1_852' title='bbox 3803 5467 4016 5521; x_wconf 69' lang='grc' dir='ltr'>δεινῶ-λ.</span> 
     </span>
    </p>
   </div>
   <div class='ocr_carea' id='block_1_105' title="bbox 2445 5557 4019 5626">
    <p class='ocr_par' dir='ltr' id='par_1_105' title="bbox 2445 5557 4019 5626">
     <span class='ocr_line' id='line_1_105' title="bbox 2445 5557 4019 5626; baseline 0.001 -16"><span class='ocrx_word' id='word_1_853' title='bbox 2445 5559 2556 5611; x_wconf 79' lang='grc' dir='ltr'>Καὶ</span> <span class='ocrx_word' id='word_1_854' title='bbox 2586 5557 2774 5610; x_wconf 83' lang='grc' dir='ltr'>σιωπῶ</span> <span class='ocrx_word' id='word_1_855' title='bbox 2806 5558 3078 5626; x_wconf 83' lang='grc' dir='ltr'>στομάχου</span> <span class='ocrx_word' id='word_1_856' title='bbox 3110 5557 3433 5624; x_wconf 63' lang='grc' dir='ltr'>κατάψυξιν,</span> <span class='ocrx_word' id='word_1_857' title='bbox 3462 5559 3556 5609; x_wconf 75' lang='grc' dir='ltr'><strong>καὶ</strong></span> <span class='ocrx_word' id='word_1_858' title='bbox 3580 5557 3677 5626; x_wconf 77' lang='grc' dir='ltr'><strong>τὴν</strong></span> <span class='ocrx_word' id='word_1_859' title='bbox 3705 5575 3767 5608; x_wconf 82' lang='grc' dir='ltr'><strong>πε</strong></span> <span class='ocrx_word' id='word_1_860' title='bbox 3781 5562 3833 5626; x_wconf 87' lang='grc' dir='ltr'>ρί</span> <span class='ocrx_word' id='word_1_861' title='bbox 3860 5561 4019 5611; x_wconf 78' lang='grc' dir='ltr'>πάντ’</span> 
     </span>
    </p>
   </div>
   <div class='ocr_carea' id='block_1_106' title="bbox 2447 5650 4021 5716">
    <p class='ocr_par' dir='ltr' id='par_1_106' title="bbox 2447 5650 4021 5716">
     <span class='ocr_line' id='line_1_106' title="bbox 2447 5650 4021 5716; baseline -0.001 -12"><span class='ocrx_word' id='word_1_862' title='bbox 2447 5651 2662 5716; x_wconf 83' lang='grc' dir='ltr'>ἀηδίαν,</span> <span class='ocrx_word' id='word_1_863' title='bbox 2707 5653 2801 5703; x_wconf 72' lang='grc' dir='ltr'><strong>καὶ</strong></span> <span class='ocrx_word' id='word_1_864' title='bbox 2843 5653 2968 5712; x_wconf 73' lang='grc' dir='ltr'>τοὺς</span> <span class='ocrx_word' id='word_1_865' title='bbox 3007 5653 3094 5702; x_wconf 80' lang='grc' dir='ltr'>ὅτε</span> <span class='ocrx_word' id='word_1_866' title='bbox 3136 5667 3187 5701; x_wconf 87' lang='grc' dir='ltr'><strong>τι</strong></span> <span class='ocrx_word' id='word_1_867' title='bbox 3225 5650 3335 5701; x_wconf 91' lang='grc' dir='ltr'><strong>τῶν</strong></span> <span class='ocrx_word' id='word_1_868' title='bbox 3376 5652 3430 5702; x_wconf 88' lang='grc' dir='ltr'><strong>ἐν</strong></span> <span class='ocrx_word' id='word_1_869' title='bbox 3475 5653 3585 5712; x_wconf 81' lang='grc' dir='ltr'>τοῖς</span> <span class='ocrx_word' id='word_1_870' title='bbox 3626 5653 3884 5714; x_wconf 62' lang='grc' dir='ltr'>τοιορτοις</span> <span class='ocrx_word' id='word_1_871' title='bbox 3931 5655 4021 5704; x_wconf 65' lang='grc' dir='ltr'>ὑπ’</span> 
     </span>
    </p>
   </div>
   <div class='ocr_carea' id='block_1_107' title="bbox 2447 5743 4017 5813">
    <p class='ocr_par' dir='ltr' id='par_1_107' title="bbox 2447 5743 4017 5813">
     <span class='ocr_line' id='line_1_107' title="bbox 2447 5743 4017 5813; baseline 0.003 -18"><span class='ocrx_word' id='word_1_872' title='bbox 2447 5743 2697 5811; x_wconf 72' lang='grc' dir='ltr'>ἀνάγκης</span> <span class='ocrx_word' id='word_1_873' title='bbox 2755 5745 3063 5813; x_wconf 86' lang='grc' dir='ltr'>προσιέμην</span> <span class='ocrx_word' id='word_1_874' title='bbox 3088 5786 3100 5807; x_wconf 87' lang='grc'><strong>,</strong></span> <span class='ocrx_word' id='word_1_875' title='bbox 3138 5744 3311 5796; x_wconf 78' lang='grc' dir='ltr'>αὐτίκ’</span> <span class='ocrx_word' id='word_1_876' title='bbox 3348 5744 3703 5804; x_wconf 78' lang='grc' dir='ltr'>ἀπαντῶντας</span> <span class='ocrx_word' id='word_1_877' title='bbox 3767 5746 4017 5809; x_wconf 64' lang='grc' dir='ltr'>ἐμέτους.</span> 
     </span>
    </p>
   </div>
   <div class='ocr_carea' id='block_1_108' title="bbox 2464 5835 4019 5906">
    <p class='ocr_par' dir='ltr' id='par_1_108' title="bbox 2464 5835 4019 5906">
     <span class='ocr_line' id='line_1_108' title="bbox 2464 5835 4019 5906; baseline 0.001 -18"><span class='ocrx_word' id='word_1_878' title='bbox 2464 5836 2603 5888; x_wconf 79' lang='grc' dir='ltr'>Ἀλλ’</span> <span class='ocrx_word' id='word_1_879' title='bbox 2635 5835 2855 5904; x_wconf 74' lang='grc' dir='ltr'>ἠπίαλοί</span> <span class='ocrx_word' id='word_1_880' title='bbox 2889 5855 3029 5900; x_wconf 87' lang='grc' dir='ltr'>τινες</span> <span class='ocrx_word' id='word_1_881' title='bbox 3066 5838 3302 5906; x_wconf 79' lang='grc' dir='ltr'>ἑκάστης</span> <span class='ocrx_word' id='word_1_882' title='bbox 3335 5838 3547 5905; x_wconf 70' lang='grc' dir='ltr'>ἡμέρας</span> <span class='ocrx_word' id='word_1_883' title='bbox 3585 5839 3634 5898; x_wconf 71' lang='grc' dir='ltr'><strong>ἐς</strong></span> <span class='ocrx_word' id='word_1_884' title='bbox 3675 5838 3816 5906; x_wconf 70' lang='grc' dir='ltr'>μῆνα</span> <span class='ocrx_word' id='word_1_885' title='bbox 3857 5843 4019 5890; x_wconf 71' lang='grc' dir='ltr'>κατέ-</span> 
     </span>
    </p>
   </div>
  </div>
