4232 6432
268 406 381 475 ΚΠ

1698 413 2098 475 EPISTULE.

3424 420 3528 481 418

277 539 443 593 σχον,
474 522 637 575 δεινοὶ
674 522 774 593 μὶν
809 522 1068 593 ικτρὶψαι
1102 526 1196 576 καὶ
1233 524 1563 578 καταϐαλεῖν
1588 541 1600 553 ·
1638 526 1736 596 οὐχ
1771 526 1851 577 ὅτι
1882 534 1925 587 Α

1882 534 2155 592 Acastra,
2197 528 2279 580 vis
2323 526 2497 581 morbi
2560 538 2838 596 posuerat.
2896 532 3071 598 Atque
3130 540 3283 590 taceo
3343 542 3526 587 tamen

272 633 340 683 γε
370 619 523 684 ἡμᾶς
550 618 674 679 τοὺς
705 616 804 684 ήδη
836 616 1373 687 διαπεπραγμένους.
1407 619 1503 671 καὶ
1534 617 1725 689 ὥσπερ
1758 636 1856 672 κα-

276 708 490 782 μόντων
520 707 739 759 εἷδωλον
771 708 967 770 ὄντας,
998 708 1134 760 ἀλλὰ
1164 710 1261 761 καὶ
1289 711 1414 771 τοὺς
1450 709 1580 775 μαλ’
1603 710 1851 779 ἐρρωμέ-

271 817 398 860 νους
426 802 487 850 τι,
516 800 693 867 σῶμα,
723 802 819 853 καὶ
843 800 943 866 τὴν
980 800 1313 870 Ἡρακλέους
1343 802 1591 870 ἴσχοντας
1622 802 1850 872 ρὡηνο

268 891 564 959 δεινότεροι
598 891 690 957 δὲ,
724 892 803 959 τῷ
834 893 1027 955 νυκτὸς
1058 894 1373 963 ἀρχομένης
1406 892 1569 956 εὐθὺς
1601 894 1849 956 ἐπιέναι,

269 986 346 1045 ὡς
382 985 509 1054 μηδ’
535 982 706 1038 ῦπνου
735 984 1028 1053 λαγχάνειν
1055 984 1354 1038 δύνασθαι·
1388 981 1487 1038 εἷθ’
1511 985 1691 1052 ἕτεροι
1723 1001 1850 1036 του-

267 1080 425 1126 τουσὶ
460 1074 825 1143 διαδέχονται,
856 1075 918 1126 οὺ
954 1074 1097 1127 κατὰ
1128 1076 1299 1127 ταυτά
1330 1074 1697 1143 διακείμενοι,
1732 1073 1848 1127 ἀλλ’

268 1170 511 1229 ἐοικότες
538 1171 649 1231 τοῖς
678 1168 887 1222 πάλαιςι
920 1164 1018 1220 εἶτ’
1044 1163 1200 1231 αὖθις
1233 1168 1414 1231 ἄλλοι,
1450 1169 1542 1220 καὶ
1575 1168 1721 1236 μάλα
1752 1168 1848 1221 άλ-

268 1260 393 1321 λοι.
440 1258 631 1329 ὥσπερ
674 1260 783 1313 ἀπὸ
825 1261 1190 1329 συνθήματος.
1240 1261 1349 1313 Καὶ
1394 1262 1553 1329 ἡμεῖς
1597 1262 1656 1314 ὲν
1698 1260 1850 1330 φόϐῳ

266 1353 456 1421 πολλῷ
489 1356 580 1405 καὶ
615 1353 859 1422 ταράχῳ,
895 1355 1006 1407 τῶν
1044 1354 1142 1423 μὶν
1179 1353 1385 1424 ἰατρῶν
1419 1356 1531 1407 ἀνω
1565 1354 1662 1406 καὶ
1696 1355 1848 1407 κάτω

268 1444 559 1511 βοώντων,
591 1444 665 1507 ὡς
699 1446 793 1509 επὶ
829 1444 1022 1514 θύραις
1054 1448 1087 1514 ἡ
1125 1444 1353 1515 τελευτὴ
1377 1488 1391 1509 ,
1426 1446 1520 1499 καὶ
1554 1445 1706 1497 οὐδὲν
1738 1448 1843 1516 χρὴ

266 1538 493 1605 μέλλειν
514 1536 625 1589 οὐδ’
650 1535 1005 1600 ἀναδύεσθαι,
1051 1536 1189 1590 ἀλλά
1213 1536 1310 1590 καὶ
1333 1537 1595 1607 πράττειν
1616 1536 1653 1590 ἃ
1674 1536 1848 1605 πράτ-

262 1648 385 1683 τειν
430 1631 663 1700 μάλιστα
702 1631 832 1701 χρή.
870 1630 1304 1700 ὼρύόουμένων
1341 1630 1397 1684 δὲ
1436 1632 1544 1683 τῶν
1585 1632 1841 1701 ἑταίρων,

262 1726 362 1776 καὶ
397 1723 803 1793 προστιθέντων
835 1725 1102 1792 οἰμωγαῖς
1136 1724 1386 1793 οίμωγάς
1407 1763 1422 1787 ,
1457 1725 1553 1776 καὶ
1587 1740 1841 1792 συνευχο-

265 1818 450 1883 μένων
483 1814 767 1885 ῥᾳστώνην
791 1830 807 1846 ⁸
840 1816 968 1879 τοὺς
997 1814 1090 1869 οὖν
1118 1816 1263 1867 οὓτω
1296 1816 1395 1883 μὲν
1424 1812 1669 1883 ἔχοντας,
1700 1815 1755 1866 ὲν
1784 1811 1843 1866 δι

1958 619 2248 673 ventriculi
2308 618 2799 688 refrigerationem,
2851 625 3170 693 tristemque
3213 626 3281 679 ad
3340 627 3526 679 omnia

1957 725 2241 773 nauseam,
2273 719 2329 763 et
2365 710 2535 774 illico,
2588 722 2647 763 ut
2694 714 2926 781 aliquid,
2966 717 3109 783 quod
3151 718 3215 769 ad
3252 717 3524 787 ejusmodi

1956 805 2210 857 morbum
2246 806 2426 858 facere
2474 805 2631 868 solet,
2680 808 3006 861 necessitate
3040 820 3257 863 coactus
3309 826 3524 863 assum-

1954 897 2210 966 psissetn,
2258 908 2613 950 occurrentes
2653 899 2910 953 vomitus.
2964 900 3082 955 Jam
3140 912 3194 954 et
3253 906 3527 956 continua:

1952 992 2198 1058 quaedam
2249 990 2689 1058 quotidianchue
2740 990 2921 1045 febres
2976 1009 3216 1047 mensem
3254 996 3523 1063 integrum

1953 1083 2229 1143 tenebant,
2276 1097 2462 1151 czeque
2513 1098 2619 1136 non
2680 1099 2782 1138 nos
2824 1084 3007 1149 modo,
3051 1088 3161 1149 jam
3214 1096 3327 1139 ttnn
3368 1089 3525 1155 plane

1951 1174 2257 1238 confectos,
2288 1184 2344 1228 et
2377 1174 2654 1244 quoddam
2694 1178 2851 1246 quasi
2889 1179 3245 1232 simulacrum
3279 1190 3523 1232 mortuo.

1951 1284 2072 1323 rum
2106 1270 2236 1340 (7.1.
2265 1267 2337 1337 ψ’,
2361 1269 2429 1323 72
2457 1269 2602 1337 etc.),
2636 1271 2729 1323 sed
2758 1279 2811 1323 et
2838 1286 3067 1339 corpote
3094 1286 3255 1339 quant
3290 1272 3522 1324 maxime

1948 1363 2217 1425 valentes,
2254 1360 2647 1431 llerculcisque
2693 1362 2949 1432 pneditos
2994 1364 3227 1419 viribus.
3266 1362 3521 1431 frangere

1946 1468 2011 1507 ac
2061 1463 2435 1521 prosternere,
2492 1470 2626 1508 sane
2670 1471 2833 1524 quam
2882 1456 3114 1509 idoneaz.
3167 1455 3343 1507 Tanto
3393 1470 3524 1507 vero

1946 1544 2150 1599 eaedem
2179 1545 2481 1613 graviores,
2507 1546 2654 1615 quod
2695 1547 2797 1599 sub
2842 1547 3071 1616 primam
3112 1547 3409 1601 identidem
3442 1547 3523 1600 fa-

1946 1650 2065 1690 cem
2113 1649 2483 1700 recurrerent,
2529 1647 2590 1693 ut
2631 1654 2700 1692 ne
2743 1654 2992 1693 somnum
3025 1655 3216 1709 capere
3248 1641 3520 1710 integrum

1944 1735 2110 1781 esset.
2132 1726 2279 1793 Quas
2310 1744 2437 1782 mox
2460 1728 2601 1791 alia,
2629 1746 2728 1783 nec
2754 1729 3160 1797 ejusdemmodi
3190 1740 3394 1793 tamen,
3425 1730 3521 1784 sed

1945 1819 2326 1888 superioribus
2348 1820 2455 1873 illis
2474 1820 2786 1885 simillimae,
2810 1820 3176 1891 excipiebant,
3198 1834 3311 1876 tum
3333 1837 3525 1874 rursus

260 1875 539 1961 τοσούτων
575 1875 735 1970 ὅντας
776 1875 965 1962 δεινῶν
1010 1875 1331 1979 μεσημόρία
1356 1946 1371 1970 ,
1435 1875 1747 1977 μηδαμόθεν
1785 1908 1841 1960 δὲ
1876 1875 1916 1930 Β

1876 1875 1916 1930 Β
1947 1911 2086 1975 aliae,
2127 1912 2354 1980 alimque
2404 1913 2736 1983 complures,
2792 1923 3051 1982 tanquam
3099 1928 3164 1967 ex
3212 1925 3520 1983 compacto.

262 2000 512 2070 χρηστῆς
556 2000 631 2055 ἔτ’
656 2000 824 2072 οὔσης
862 2002 1110 2068 ἐλπίδος,
1143 2002 1256 2055 τῶν
1294 2001 1340 2053 δ’
1365 2000 1622 2055 ἐναντίων
1665 2001 1841 2055 ἀπάνι

260 2112 408 2157 των,
442 2095 538 2146 καὶ
569 2098 680 2158 τοῖς
715 2096 815 2165 μὶν
843 2096 987 2157 ὅλοις
1020 2095 1393 2165 ἀπειρηκότας
1424 2095 1646 2164 σχεδὸν,
1682 2095 1844 2163 μόνον

259 2186 317 2240 δὲ
353 2188 454 2259 τὴν
491 2190 619 2260 περὶ
658 2188 839 2260 ψυχῆς
880 2190 1125 2253 θέοντας,
1164 2191 1367 2259 μᾶλλον
1398 2190 1456 2243 δὲ
1487 2189 1566 2259 τῷ
1606 2190 1843 2260 πλείστῳ

260 2278 596 2349 τεθνηκότας
620 2280 715 2332 τοῦ
744 2278 883 2347 βίου,
902 2279 950 2332 ὣ
972 2279 1074 2349 τῆς
1098 2280 1307 2347 ἀφάτον
1332 2280 1462 2350 περὶ
1483 2280 1631 2350 ἡμᾶς
1657 2280 1843 2347 φιλαν-

260 2372 515 2443 θρωπίας
551 2370 726 2425 Θεοῦι
763 2370 992 2438 ὑφέσθαι
1024 2388 1085 2426 τε
1123 2371 1473 2442 παραχρῆμα
1517 2370 1712 2437 Eoi/£61)
1744 2368 1840 2423 τοῦ

257 2464 485 2519 τοσοῦδε
557 2464 852 2532 κλύδωνος,
892 2466 991 2518 καὶ
1029 2464 1129 2534 τῆς
1175 2464 1448 2535 προτέρας
1496 2464 1595 2534 μὲν
1631 2463 1733 2516 οὐκ
1776 2464 1841 2515 ἂν

257 2559 456 2630 φαίην,
490 2559 682 2627 ὑγείας
711 2557 757 2610 δ’
782 2552 876 2612 οὖν
902 2556 1253 2629 ἐπειλῆφθαι,
1286 2540 1435 2628 μῖάλα
1466 2557 1567 2627 μὲν
1594 2556 1839 2629 ἡδίστης,

257 2655 341 2706 ὅτι
376 2652 583 2724 παρῄει
614 2652 767 2722 παρά
795 2651 978 2705 πᾶσαν
1008 2649 1260 2721 ἡντινοῦν
1310 2649 1661 2719 προσδοκίαν,
1697 2649 1842 2719 μάλα

257 2748 315 2799 δὲ
346 2746 733 2815 πιθανωτάτης
758 2746 825 2799 ἂν
854 2746 951 2799 καὶ
981 2747 1217 2800 εἰσάπαν
1276 2746 1529 2813 ἀφῖχθαι.
1581 2743 1692 2795 Καὶ
1745 2740 1842 2795 νῦν

258 2839 372 2898 τοῖς
400 2836 603 2899 ὁρῶσιν
647 2835 838 2907 ὥσπερ
900 2836 1330 2891 ἀναϐεϐιωκόσιν
1391 2836 1670 2905 ἐοίκαμεν.
1733 2834 1842 2887 Καὶ

257 2924 354 2976 νῦν
390 2926 492 2992 μὲν
519 2927 620 2987 τας
651 2926 898 2993 κεφαλάς
951 2925 1247 2989 κινοῦντες,
1319 2925 1414 2979 νῦν
1440 2924 1498 2978 δὲ
1557 2925 1633 2975 τὼ
1691 2926 1839 2993 χεῖρε

256 3017 659 3082 πατάασοντες,
720 3018 1178 3083 ἀπαλλάττονται,
1220 3017 1340 3087 Θεῴ
1398 3017 1559 3086 χάριν
1610 3016 1839 3079 εἰδότες,

254 3109 335 3179 τῷ
396 3111 577 3161 πάντα
633 3109 732 3179 μὲν
786 3109 1089 3179 δυναμένῳ,
1150 3110 1331 3163 πάντα
1388 3108 1445 3159 δὲ
1473 3105 1715 3160 ποιοῦντι
1744 3108 1840 3158 καὶ

1948 2000 2138 2075 Magna
2188 2003 2356 2073 igitur
2404 2019 2507 2059 nos
2561 2005 2615 2058 in
2676 2004 2991 2067 formidine,
3044 2020 3237 2075 magno
3283 2006 3519 2059 tumultu

1944 2096 2320 2162 versabamur,
2350 2111 2476 2150 cum
2512 2095 2741 2149 medicis
2769 2111 2986 2149 sursum
3021 2098 3392 2166 deorsumque
3413 2097 3521 2150 cla-

1944 2186 2290 2250 mitantibus,
2343 2184 2677 2257 jamjamque
2730 2201 2842 2254 prae
2893 2184 3105 2269 foribus
3155 2187 3280 2241 vitae
3325 2188 3520 2242 adesse

1944 2280 2133 2339 finem,
2163 2295 2264 2334 nec
2289 2280 2461 2333 ullum
2493 2294 2663 2334 morae
2685 2292 2850 2349 atque
2876 2280 3311 2350 tergiversationi
3338 2280 3518 2335 locum

1946 2371 2211 2441 relinqui,
2266 2387 2456 2428 verum
2511 2383 2759 2434 strenue,
2793 2373 3061 2443 quidquid
3106 2373 3250 2428 facto
3282 2372 3519 2427 maxime

1940 2478 2081 2533 Opus
2106 2475 2275 2527 esset,
2305 2479 2426 2519 esse
2458 2462 2843 2524 factitandum,
2876 2473 2989 2517 tum
3022 2462 3215 2518 amicis
3246 2463 3517 2517 tumultu‘

1942 2556 2192 2621 antibus,
2223 2557 2583 2627 planctusque
2611 2557 2918 2623 planctibus
2947 2557 3430 2628 ingeminantibus,
3462 2568 3519 2613 et

1942 2649 2312 2705 levamentum
2367 2649 2618 2704 dolorum
2647 2648 2984 2719 aptantibus.
3026 2649 3185 2706 Hunc
3218 2660 3401 2705 autem
3433 2654 3517 2706 af-

1944 2742 2105 2798 fectis
2156 2743 2213 2797 in
2261 2741 2509 2805 modum,
2557 2742 2785 2811 ipsoque
2818 2742 2986 2797 veluti
3025 2752 3103 2797 tot
3143 2743 3409 2798 malorum
3461 2745 3516 2799 in

1944 2834 2177 2889 meridie
2205 2832 2425 2903 positis.
2456 2832 2599 2887 bona
2634 2833 2780 2886 nulla
2812 2833 3066 2888 alicunde
3097 2835 3331 2903 amplius
3358 2834 3519 2889 affut-

1942 2938 2105 2998 gente
2155 2940 2273 2995 spe,
2326 2925 2437 2978 imo
2490 2940 2619 2979 vero
2656 2925 2780 2979 aliis
2817 2941 2885 2979 ex
2930 2926 3208 2980 contrario
3234 2927 3513 2991 omnibus,

1942 3031 2269 3085 summaque
2300 3030 2485 3069 rerum
2517 3015 2766 3069 omnium
2800 3016 3185 3085 desperatione
3220 3033 3517 3088 propemo-

1944 3106 2074 3160 dum
2099 3104 2546 3160 conllictantibus
2570 3145 2585 3168 ,
2616 3112 2671 3157 et
2701 3114 3012 3159 extremum
3050 3122 3197 3160 nunc
3226 3105 3295 3160 de
3335 3106 3513 3161 anima

257 3201 731 3269 μετασκευάζοντι
761 3202 906 3271 μόνῳ
933 3201 1010 3270 τῷ
1038 3198 1349 3269 βούλεσθαι.
1378 3201 1569 3270 Ἦμείς
1601 3201 1699 3268 μὲν
1722 3196 1838 3263 οὖν,
1867 3219 1912 3277 ο

1867 3219 1912 3277 ο
1946 3197 2300 3253 currentibus
2330 3196 2690 3261 curriculum,
2724 3199 2839 3251 sive
2887 3198 3091 3265 potius,
3125 3197 3357 3250 maxima
3391 3198 3515 3251 vitae

254 3292 370 3343 αἰεὶ
404 3291 542 3344 Θεοῦ
584 3291 849 3355 διδόντος,
890 3293 1026 3361 πρὸς
1066 3292 1133 3345 τά
1178 3291 1375 3363 βελτίω
1414 3291 1707 3362 χωροῦμεν
1748 3293 1838 3345 καὶ

254 3383 444 3452 ζῶμεν
482 3383 602 3451 μετ’
627 3383 848 3449 ἀγαθῶν
879 3384 990 3435 τῶν
1023 3382 1292 3447 ἑλπίδων,
1325 3386 1511 3437 ἐκεῖνα
1546 3384 1835 3450 παθόντες,

258 3469 337 3528 ὧν
372 3476 473 3528 καὶ
503 3476 566 3528 τὸ
633 3476 948 3544 μεμνῆσθαι
993 3476 1154 3545 μόνον
1188 3476 1493 3546 κατηφείας
1533 3477 1795 3538 ὑπόθεσις
1820 3491 1835 3506 ·

266 3564 525 3636 Ἰεροθέῳ
548 3565 606 3618 δὲ
629 3564 707 3635 τῷ
730 3566 883 3636 καλῷ
909 3564 1081 3619 πολλὰ
1104 3566 1287 3634 ἀγαθά
1310 3567 1539 3635 γένοιτο,
1564 3566 1665 3637 οὐχ
1689 3568 1837 3629 ὅπως

250 3655 321 3729 ἧς
360 3660 477 3731 ἔχει
522 3661 893 3729 χρηστότητος
936 3660 1031 3712 καὶ
1070 3660 1404 3725 ἐπιεικείας,
1441 3661 1539 3714 καὶ⁵
1572 3660 1668 3713 τοῦ
1708 3661 1838 3730 περὶ

253 3753 523 3806 πλείστου
544 3755 641 3806 καὶ⁵
662 3752 953 3823 βούλεσθαι
974 3754 1071 3806 καὶ
1089 3753 1384 3819 ποιεῖσθαι,
1406 3753 1597 3822 ὥσπερ
1617 3753 1839 3823 ἀγαλμά

248 3861 304 3895 τι
325 3843 620 3910 πάγκαλον
643 3842 731 3895 διά
752 3845 972 3895 πάντων
992 3846 1095 3912 τὴν
1113 3842 1294 3913 ψυχὴν
1314 3844 1665 3914 ἐξειργάσθαι
1680 3860 1696 3876 ο
1719 3843 1835 3897 ἀλλ’
1864 3874 1873 3885 ι

253 3937 337 3989 ὅτι
369 3935 544 4003 κάμοὶ
575 3935 722 4004 μάλα
752 3937 1015 4003 κάμνοντι
1045 3935 1142 3988 καὶ
1168 3935 1675 4006 ταλαιπωρουμένῳ
1694 3976 1710 4001 ,
1743 3937 1837 3989 καὶ

249 4030 307 4081 τί
352 4030 466 4097 γὰρ
510 4028 645 4081 ἄλλο
686 4029 721 4097 ἢ
766 4028 934 4080 πᾶσιν
972 4029 1160 4089 ἀπλῶς
1206 4028 1300 4082 ὑπ’
1326 4028 1558 4097 ἀπορίας
1601 4028 1835 4097 δυσαρε-

256 4120 480 4199 στοῦχτι
497 4122 642 4173 κατά
666 4121 766 4187 τὴν
790 4120 1100 4189 τραγῳδίαν
1116 4120 1277 4191 μόνος
1305 4121 1427 4173 ἀντὶ
1446 4122 1665 4173 πάντων
1693 4139 1765 4173 πα
1776 4138 1838 4191 ρ-

251 4215 357 4283 ἧν,
420 4214 732 4283 ύπανέχων,
766 4214 1069 4281 κουφίζων,
1100 4213 1419 4284 θεραπεύων
1451 4212 1509 4266 εὖ
1544 4212 1708 4283 μάλα,
1744 4215 1839 4267 καὶ

252 4310 358 4379 τὴν
385 4308 489 4376 μὲν
513 4309 593 4369 είς
620 4308 780 4361 αὐτόν
801 4308 1044 4375 ἤκουσαν
1063 4307 1166 4360 ούκ
1190 4308 1687 4374 ὲγκαταλιμπάνων
1713 4321 1839 4358 συν-

252 4402 510 4465 τέλειαν,
548 4403 682 4452 πᾶσι
714 4400 758 4452 δ’
784 4396 865 4461 οἷς
897 4394 1008 4461 οἷός
1039 4399 1087 4452 τ’
1113 4394 1181 4466 ἦν
1214 4399 1314 4460 τὰς
1346 4397 1538 4458 ὀδύνας
1573 4397 1836 4467 παράγων

252 4498 353 4546 καὶ
387 4494 784 4561 συναιρόμενος
813 4495 877 4543 τὰ
909 4492 1210 4561 γιγνόμενα
1229 4530 1243 4551 .
1274 4492 1334 4542 τὸ
1364 4489 1652 4559 λαθικηδὲς
1684 4490 1832 4541 ἅντι-

1942 3300 2095 3363 parte
2116 3293 2229 3361 jam
2255 3291 2550 3358 defunctis,
2576 3307 2609 3347 ο
2643 3293 3071 3349 inenarrabilem
3114 3295 3208 3350 Dei
3240 3310 3368 3367 erga
3411 3313 3512 3351 nos

1941 3382 2337 3453 benignitatem
2366 3384 2590 3438 lsubito
2621 3398 2750 3438 sane
2784 3388 3034 3455 contigit,
3066 3395 3125 3440 ut
3152 3394 3304 3440 tanto
3329 3388 3513 3442 subsi-

1938 3476 2105 3531 dente
2160 3480 2428 3531 undarum
2484 3477 2653 3531 fluctu
2688 3478 3034 3548 eriperemur
3086 3480 3510 3550 sanitatemque,

1940 3567 2086 3622 haud
2116 3568 2260 3622 illam
2290 3570 2512 3638 quidem
2548 3569 2833 3640 pristinam
2866 3571 3123 3635 dixerim,
3154 3574 3247 3627 sed
3272 3574 3511 3643 aliquam

1942 3668 2145 3722 tamen,
2176 3659 2673 3729 prehenderemus,
2726 3674 2957 3730 eamque
2979 3661 3137 3730 longe
3165 3671 3278 3714 tum
3306 3661 3513 3715 dulcis-

1940 3753 2158 3818 simam,
2199 3753 2403 3822 quippe
2450 3769 2517 3808 ex
2548 3754 2832 3822 inopinato
2861 3755 3079 3822 penitus
3124 3754 3513 3823 insperatoque

1939 3846 2223 3915 allapsam,
2266 3856 2380 3899 tntn
2423 3861 2602 3915 quam,
2632 3846 2906 3915 propriam
2956 3861 3021 3899 ac
3060 3858 3374 3915 perpetuam
3418 3862 3511 3902 vc-

1939 3938 2110 4005 nisse,
2134 3952 2270 3992 vero
2297 3953 2461 4007 quam
2489 3936 2831 3993 simillimum
2855 3937 2945 3991 sit.
2977 3937 3095 3991 Jam
3121 3938 3305 4006 itaque
3329 3941 3511 3993 visen-

1942 4031 2090 4087 tibus
2133 4031 2283 4085 velut
2336 4046 2403 4084 ex
2462 4029 2775 4085 Acheronte
2828 4031 3046 4084 excitati
3094 4030 3365 4092 videmur,
3418 4030 3512 4099 qui

1940 4125 2140 4196 partim
2174 4126 2335 4179 motis
2362 4124 2660 4193 capitibus,
2692 4127 2889 4193 partim
2926 4123 3224 4192 complosis
3258 4124 3513 4176 manilius

1941 4233 1971 4270 a
2004 4218 2161 4272 nobis
2185 4217 2413 4280 abeunt,
2436 4219 2658 4285 Deoque
2683 4217 2910 4286 gratiam
2947 4215 3168 4277 habent,
3202 4217 3295 4281 qui
3326 4214 3509 4269 omnia

1942 4322 2055 4365 tum
2084 4320 2286 4380 potest,
2316 4318 2429 4363 tum
2464 4309 2593 4363 facit
2618 4309 3103 4377 transformatque,
3137 4308 3254 4362 solo
3281 4307 3510 4361 arbitrio

1942 4418 2064 4457 suo.
2108 4403 2315 4472 (Amos,
2356 4417 2411 4466 ν,
2444 4401 2521 4468 8.)
2554 4401 2647 4455 Sic
2690 4416 2790 4454 nos
2819 4401 2986 4469 igitur
3020 4401 3129 4454 Deo
3172 4401 3354 4454 dante.
3388 4415 3513 4468 per-

1941 4504 2108 4565 petuo
2137 4494 2204 4548 ad
2239 4493 2463 4548 meliora
2488 4493 2890 4562 progredimur,
2919 4508 3123 4560 speque
3147 4492 3349 4559 optima
3374 4491 3511 4543 vivi-

252 4605 395 4656 κρυς
429 4589 608 4638 ὲκείνο
640 4589 731 4638 καὶ
763 4580 844 4647 οἷς
877 4584 1029 4647 ἔλεγε
1061 4584 1156 4635 καὶ
1187 4578 1266 4639 οἷς
1299 4582 1539 4653 ἔπραττε
1572 4581 1833 4650 γιγνόμε-
1868 4572 1912 4629 Ι)

1868 4572 1912 4629 Ῑ)
1942 4603 2085 4649 mus,
2111 4603 2174 4641 ea
2201 4586 2457 4640 videlicet
2480 4586 2745 4655 perpessi,
2773 4600 2893 4653 qua:
2918 4584 2999 4636 vel
3031 4585 3212 4637 animo
3240 4591 3505 4647 duntaxat

250 4699 341 4737 νος
381 4681 704 4749 φάρμακον.
738 4678 835 4739 Ὃς
877 4678 932 4729 ὲν
970 4676 1071 4745 μὲν
1104 4677 1223 4737 ταῖς
1258 4674 1683 4741 ἁλλεπαλλήλοις
1718 4673 1830 4725 τῶν

248 4772 449 4824 δεινῶν
479 4769 825 4837 τρικυμίαις,
850 4773 944 4820 καὶ
969 4769 1082 4828 τοῖς
1113 4765 1368 4834 μεγάλοις
1395 4768 1621 4825 ἐκείνοις
1648 4765 1832 4834 κύμα-

251 4846 371 4924 σιν,
405 4862 561 4914 οὐδὲν
588 4857 750 4933 ἦττον
778 4860 958 4929 ἀλγῶν
987 4860 1239 4921 διετέλει,
1275 4862 1368 4911 καὶ
1397 4861 1495 4928 τὴν
1522 4859 1703 4929 ψυχὴν
1732 4877 1834 4911 κα·-

248 4954 538 5018 τακλύζων
574 4954 815 5023 ἀθυμίας
852 4953 1036 5022 ῥοθίῳ,
1081 4952 1243 5005 ὁπότε
1275 4951 1318 5005 δ’
1357 4947 1516 5013 αὖθις
1554 4953 1831 5021 ραϊσαιμι,

249 5048 346 5099 καὶ
393 5044 561 5101 αὐτὸς
608 5044 897 5111 ἀναφέρων
942 5046 1038 5096 καὶ
1102 5042 1366 5111 μεθιστὰς
1411 5043 1492 5104 εἰς
1535 5042 1831 5109 εὑθύμους.

249 5138 451 5192 Καίτοι
479 5137 533 5188 τί
554 5136 719 5203 ).ἐγω;
745 5137 1003 5198 πολλάκις
1032 5134 1140 5204 γὰρ
1171 5138 1263 5187 καὶ
1294 5135 1429 5205 πρὸς
1449 5135 1675 5197 πολλοὺς
1692 5134 1830 5201 διεξ-

247 5235 335 5303 ῄει
362 5231 525 5301 ἡμῶν
551 5229 881 5291 ἀκουόντων,
942 5232 1033 5281 καὶ
1057 5229 1220 5297 ὁρκον
1245 5229 1354 5290 τοῖς
1384 5230 1590 5297 ῥήμασι
1619 5245 1837 5297 προστι-

249 5326 389 5387 θεὶς,
414 5324 492 5383 ὡς
516 5322 691 5391 ἥδιστ’
711 5322 778 5374 ἂν
801 5319 957 5388 εἴπερ
982 5317 1050 5390 ἧν
1072 5321 1326 5389 ἐθελῆσαι
1354 5320 1451 5389 τὴν
1475 5322 1644 5388 τύχην
1668 5319 1833 5371 ἀλλὰ·

249 5415 450 5481 ξασθαι
478 5429 491 5442 ·
538 5412 742 5480 μᾶλλον
783 5410 838 5463 δὲ
880 5412 975 5464 καὶ
1013 5414 1113 5478 τὴν
1154 5412 1332 5480 ψυχὴν
1375 5410 1441 5462 ἂν
1482 5412 1652 5479 αὐτὴν
1693 5411 1834 5476 ὑπὲρ

248 5507 412 5576 ἡμῶν
445 5506 681 5572 ἑτοίμως
714 5503 1002 5571 προέσθαι.
1039 5504 1306 5565 Τοσοῦτος
1340 5502 1486 5571 αὐτῷ
1519 5502 1672 5569 λόγος
1704 5504 1832 5554 τού-

254 5598 359 5667 μοῦ
398 5602 709 5664 περιόντος.
739 5595 902 5647 Ὅθεν
936 5594 1075 5662 φιλὼ
1114 5598 1209 5662 μὲν
1244 5594 1409 5646 αὑτὸν
1444 5594 1559 5646 ἴσον
1595 5596 1702 5662 ἐμῇ
1740 5610 1834 5645 κε-

251 5693 423 5761 φαλῇ,
451 5693 546 5743 καὶ
572 5692 678 5758 τήν
703 5706 767 5757 γε
799 5691 972 5759 μέσην
1001 5687 1186 5759 χώραν
1213 5690 1308 5755 τῆς
1340 5688 1517 5757 ψυχῆς
1545 5687 1830 5755 ἀπονέμω,

252 5784 590 5853 συνεύχομαι
615 5784 671 5836 δὲ
694 5785 898 5851 τυχεῖν,
921 5776 996 5835 ὦν
1022 5785 1202 5851 τυχεῖν
1230 5780 1554 5843 ἐσπούδακε,
1597 5781 1691 5831 καὶ
1717 5782 1831 5838 ταῖς

250 5881 363 5934 τῶν
394 5880 612 5949 ἀρετῶν
641 5879 883 5943 ἀρδείαις
913 5879 1012 5947 τὴν
1040 5877 1217 5948 ψυχὴν
1250 5876 1511 5945 τεθηλότα
1532 5916 1546 5939 ,
1583 5878 1829 5944 καρποὺς

1942 4676 2227 4730 revolvere
2273 4676 2455 4745 pigeat
2498 4676 2822 4743 uetleatqne.
2882 4673 3101 4742 Optimo
3144 4689 3273 4725 vero
3311 4672 3503 4732 lliero-

1939 4767 2068 4821 theo
2100 4767 2238 4820 bona
2268 4767 2451 4820 omnia
2516 4767 2791 4828 eveniant,
2834 4780 3047 4833 precor,
3083 4779 3188 4817 non
3223 4765 3292 4817 ob
3319 4764 3504 4831 probi-

1941 4867 2104 4912 tatem
2136 4868 2346 4911 tautum
2376 4858 2884 4924 humanitatemque
2916 4872 3091 4920 suam,
3114 4854 3258 4923 quod
3294 4869 3503 4907 sumine

1937 4952 2068 5007 item
2110 4960 2222 5004 tum
2275 4950 2482 5013 studet,
2540 4961 2652 5003 tum
2707 4951 2942 5002 maximo
2990 4948 3043 5001 iu
3095 4947 3269 5015 pretio
3321 4947 3505 5007 habet,

1937 5044 2174 5098 animam
2211 5060 2365 5099 suam
2395 5042 2541 5097 velut
2574 5042 2926 5097 faberrimum
2961 5040 3504 5108 pulcherrimumque

1937 5136 2210 5204 quoddam
2251 5136 2488 5209 signum.
2529 5135 2677 5187 omni
2715 5149 2780 5186 ex
2819 5143 2970 5201 parte
2997 5145 3283 5192 exornare,
3316 5145 3504 5182 verum

1935 5227 2099 5280 etiam
2124 5225 2267 5294 quod
2299 5226 2426 5279 mihi
2452 5226 2769 5295 gravissime
2793 5222 3072 5294 aegrotanti
3100 5223 3503 5287 laborantique,

1939 5317 2142 5387 quidve
2196 5318 2368 5377 aliud,
2427 5334 2588 5387 quam
2640 5334 2749 5387 prae
2799 5316 3097 5384 angoribus
3133 5329 3259 5381 erga
3316 5328 3509 5364 omnes

1937 5410 2163 5464 omnino
2191 5411 2462 5463 morosius
2491 5408 2731 5463 allecto?
2765 5418 2824 5461 ut
2852 5408 2904 5460 in
2938 5406 3198 5475 tragmdia
3228 5416 3333 5469 est,
3364 5421 3506 5457 unus

1937 5506 2185 5557 omnium
2228 5504 2401 5557 vicem
2447 5511 2645 5571 praesto
2692 5501 2795 5553 fuit
2841 5517 2853 5551 :
2891 5503 3207 5565 sustollens,
3239 5499 3503 5559 allevans,

1938 5597 2337 5651 studiosissime
2383 5613 2601 5660 curans,
2641 5609 2921 5667 ratamque
2956 5596 3124 5651 officii
3175 5597 3261 5650 sui
3296 5605 3504 5665 partem

1938 5690 2361 5758 haudquaquam
2393 5691 2669 5755 omittens,
2705 5700 2867 5758 atque
2906 5690 3187 5755 omnibus,
3221 5692 3375 5758 queis
3411 5704 3507 5758 po-

1941 5788 2080 5832 terat
2114 5782 2309 5841 mmtis,
2334 5778 2541 5830 doloris
2566 5794 2785 5832 sensum
2820 5790 3077 5832 avertens
3109 5794 3171 5831 ac
3198 5779 3507 5841 deducens;

1940 5885 1993 5927 et
2025 5888 2186 5943 quam
2220 5873 2417 5926 licebat
2456 5888 2613 5942 opem
2643 5888 2973 5943 operam-[uc
3012 5885 3296 5943 prmstans,
3345 5887 3509 5941 quive
