4232 6432
796 383 900 444 423
2016 376 2329 438 TllEODU
2345 375 2414 434 LI
2456 374 2467 433 1

2388 375 2414 434 Ι
2456 374 2805 434 MONACHI
3952 372 4057 438 494

800 496 939 549 infra
977 493 1144 549 animi
1174 491 1707 563 tuimagnitudincm
1743 491 2143 561 positum,esse
2175 501 2324 545 ratus
2350 529 2365 554 ,
2399 498 2439 551 Α

2399 498 2439 551 Α
2472 489 2546 559 τῷ
2575 508 2632 543 τε
2668 488 3111 561 μεμηχανῆσθαι,
3164 487 3240 557 τῷ
3272 489 3314 541 δ’
3347 488 3453 555 ἰδίᾳ
3486 490 3574 539 καὶ
3609 488 3775 557 χωρὶς
3811 488 3903 539 καὶ
3931 489 4056 541 καθ’

796 598 892 641 aut
921 603 1029 640 non
1070 586 1169 640 des
1192 586 1441 648 omnino,
1466 594 1561 639 aut
1596 600 1680 638 me
1717 585 1959 650 incuses,
1990 585 2138 639 velut
2173 586 2264 655 qui
2297 584 2367 639 de

2471 583 2642 634 ἑαυτὰ
2671 583 2780 634 τῶν
2809 582 2985 637 ἄλλων
3016 580 3285 650 ἱδρῦσθαι,
3306 581 3429 632 πλεῖ
3452 596 3572 646 ἴτην
3603 580 3734 646 ὅσην
3765 580 4060 646 ἐμποιοῦν-

797 688 852 732 te
877 695 985 731 non
1020 678 1157 731 satis
1187 678 1351 746 digne
1375 680 1876 745 convenienterque
1913 678 2245 731 existimem.
2268 676 2366 729 Sin

2469 689 2537 725 τα
2569 674 2813 742 γαλήνην
2843 674 2900 725 ὲν
2943 672 3020 743 τῷ
3047 674 3145 741 τῆς
3179 674 3361 743 ,ψυχῆς
3400 671 3743 740 πρυτανείῳ,
3792 670 3868 733 ὡς
3913 668 4056 724 εἶναι

795 779 979 823 autem
1014 779 1127 822 tum
1154 769 1269 821 haec
1286 769 1417 821 dare
1442 778 1615 837 potes,
1638 779 1749 822 tum
1775 769 1983 836 qumvis
2010 768 2113 821 alia
2140 768 2370 822 omnino

2470 768 2547 833 τῷ
2576 765 2691 819 δντι
2720 766 2909 835 ψυχῶν
2941 765 3124 835 σοφῶν
3156 769 3552 834 φροντιστήρια
3582 804 3597 827 ,
3644 765 3847 835 μᾶλλον
3874 767 3929 820 δὲ
3963 772 4058 820 καὶ

797 860 1040 931 aggredi,
1073 862 1337 916 nimirum
1372 870 1430 913 ut
1475 861 1711 930 inclytus
1750 860 1841 913 ille
1892 861 2370 930 plurimarumque

2474 856 2654 925 ψυχὰς
2699 858 3221 928 ὲρρᾳστωνευμένας
3252 854 3345 914 ,οἷα
3397 858 3712 925 κατεπᾶραι
3759 858 3893 925 πρὸς
3928 860 4057 927 ἁρε-

796 953 1103 1019 palmarum
1140 949 1427 1012 Hercules.
1467 952 1756 1020 praecipuis
1799 954 2059 1021 operibus
2115 955 2227 1007 suis
2263 955 2368 1009 alia

2473 949 2595 1017 τὴν,
2625 949 2721 1001 καὶ
2752 950 2947 1016 μένους
2994 950 3273 1017 ἐμπλῆσαι
3305 951 3442 1018 πρὸς
3479 947 3579 1017 τὴν
3609 947 3792 1000 ἔνθεον
3819 953 3915 1003 καὶ
3951 951 4056 1000 σώ-

798 1046 1045 1115 qmedant
1065 1055 1219 1101 extra
1240 1046 1491 1099 ordinem
1513 1044 1835 1113 interponit,
1865 1046 2008 1096 bono
2032 1059 2161 1097 sane
2188 1045 2373 1098 animo

2477 1057 2649 1109 φρονα
2683 1042 2778 1093 καὶ
2828 1040 3050 1109 θεοφιλῆ
3096 1042 3299 1111 ταύτην
3334 1039 3555 1110 μανίαν.
3589 1041 3692 1091 Ἦν
3723 1042 3770 1092 οί
3813 1042 4055 1111 γνησίως

796 1156 917 1193 esse
945 1140 1224 1193 convenit.
1273 1137 1387 1192 lnto
1426 1152 1554 1191 vero
1590 1137 1635 1190 si
1690 1145 1941 1205 prompte
1972 1136 2224 1195 dederis.
2271 1140 2374 1191 hoc

2482 1136 2739 1202 μανέντες
2793 1132 2894 1183 οὐκ
2930 1132 3270 1201 εὐδαίμονες,
3309 1134 3424 1186 ἀλλ’
3455 1133 3565 1202 ἄρα
3614 1133 3884 1204 δαιμόνιοξ
3908 1150 4055 1195 τινες

798 1232 915 1297 ipso
944 1233 1163 1298 planum
1201 1229 1391 1290 facies,
1416 1244 1595 1297 neque
1629 1242 1730 1281 nos
1765 1229 1931 1281 animi
1978 1229 2150 1283 falsos
2176 1228 2371 1292 fuisse,

2475 1223 2743 1292 ἀτεχνῶς.
2789 1223 2930 1291 Ἐγὼ
2962 1223 3019 1276 δέ
3054 1227 3171 1292 εἰμι
3226 1225 3323 1295 μὲν
3356 1226 3415 1277 οὐ
3448 1222 3711 1290 τοιοῦτος,
3768 1224 4055 1278 asas-mi

798 1333 959 1390 teque
993 1325 1168 1391 ipsum
1207 1324 1464 1388 maiorem
1524 1320 1577 1373 in
1610 1320 1831 1373 modum
1878 1322 2119 1375 ornabis.
2151 1320 2376 1376 Scilicet

2476 1318 2535 1379 ὲς
2571 1316 2729 1369 τοῦτο
2762 1318 3060 1385 φερόντων,
3085 1317 3206 1371 οὐδὲ
3239 1317 3438 1386 μικροῦ
3467 1319 3545 1371 δεῖ
3566 1334 3580 1349 ·
3615 1318 3929 1386 θαυμαστὶν
3954 1318 4056 1385 μὲν

799 1417 942 1480 quod
980 1431 1087 1467 non
1124 1430 1314 1483 magna
1350 1413 1511 1467 modo
1555 1423 1610 1465 et
1638 1412 1959 1466 admiranda
1991 1424 2253 1483 prmstat-e
2285 1429 2376 1468 va—

2477 1407 2569 1460 οὒν
2600 1409 2648 1460 εί
2674 1407 2748 1479 μὴ
2775 1409 2871 1460 καὶ
2902 1407 3036 1460 πολὺ
3066 1408 3401 1460 τούναντίον.
3428 1406 3537 1461 Τοῦ
3564 1408 3606 1461 δ’
3639 1408 3809 1477 ἶτχειν
3836 1408 4055 1477 ἡσύχως

800 1509 931 1567 leas,
969 1517 1025 1558 et
1052 1505 1285 1572 publicis
1314 1504 1536 1557 coronis
1565 1514 1728 1572 atque
1756 1504 2043 1572 praeconiis
2072 1504 2258 1573 digna,
2280 1504 2373 1559 sed

2479 1502 2573 1552 καὶ
2602 1502 2721 1553 κατ’
2748 1500 2983 1569 ἐμαυτὸν
3019 1497 3158 1553 εἶναι
3186 1502 3281 1552 καὶ
3312 1500 3410 1567 ζῇν
3439 1500 3583 1552 οὕτω
3624 1516 3708 1553 τοι
3736 1502 3934 1569 ἥττων),
3980 1499 4053 1561 ὡς

797 1600 941 1667 quod
974 1599 1235 1652 tenuibus
1282 1598 1476 1659 etiam,
1516 1596 1753 1665 quodam
1796 1596 2077 1649 modestiae
2124 1611 2375 1660 excessu,

2479 1594 2698 1646 πάντων
2727 1592 2791 1645 ἂν
2831 1592 2983 1645 τουτὶ
3026 1592 3314 1662 πρίασθαι.
3351 1591 3423 1645 Τό
3455 1609 3513 1644 τε
3547 1593 3655 1663 γὰρ
3699 1592 3810 1644 τῶν
3851 1592 4055 1657 63:01}.-

796 1702 1201 1761 peropportune
1260 1689 1558 1743 subvenire
1638 1689 1807 1742 noris.
1853 1687 1966 1741 Nisi
2028 1689 2095 1751 si,
2157 1696 2216 1740 ut
2258 1702 2379 1742 mea

2485 1684 2602 1755 μῶν
2660 1684 2835 1748 οὕτως
2864 1685 3257 1753 ἐσαναγκάζει,
3290 1684 3460 1752 χωρίς
3491 1700 3551 1735 τε
3606 1684 3798 1736 τούτου
3846 1684 3930 1742 τίς
3958 1685 4055 1732 οἰκ

798 1786 1022 1849 quidem
1072 1782 1179 1835 fert
1223 1782 1520 1842 sententia,
1562 1788 1668 1833 tua:
1708 1778 1891 1847 potius
1938 1778 2372 1849 magnanimitati
2409 1828 2451 1883 Β

2409 1828 2451 1883 Β
2483 1777 2549 1831 ἂν
2578 1775 2637 1829 εὖ
2662 1778 2876 1844 φρονῶν
2908 1778 3138 1845 ἡσυχίας
3168 1775 3351 1846 ὲρῴης
3387 1778 3482 1831 an
3516 1777 3779 1848 δᾳδούχου
3826 1778 3917 1828 καὶ
3951 1795 4057 1842 μ,-

800 1879 903 1931 boc
947 1877 1223 1944 quispiam
1264 1883 1551 1941 acceptum
1611 1872 1822 1927 referre
1852 1872 2003 1934 velit,
2065 1872 2210 1941 quod
2270 1886 2375 1925 nec
2410 1868 2451 1883 “’

2410 1868 2451 1883 ⁵’
2481 1869 2766 1937 σταγωγοῦ
2792 1868 2902 1944 τῷν
2931 1870 3068 1921 ὅτων
3106 1869 3171 1921 ἄν
3197 1887 3281 1931 τις
3313 1871 3461 1923 είποι
3487 1868 3808 1931 καλλίστων,
3839 1869 3934 1921 καὶ
3965 1872 4016 1917 τί.
4040 1887 4056 1917 δ

798 1984 919 2035 qua:
952 1969 1123 2021 multo
1158 1966 1523 2019 minutissima
1554 1980 1673 2018 esse
1722 1964 2003 2026 videntur,
2062 1964 2177 2031 ipse
2221 1961 2376 2017 dedi-

2477 1962 2575 2030 τῆς
2598 1960 2776 2031 ψυχῆς
2800 1946 2997 2031 αἰθέρα
3047 1960 3307 2024 καθάπαξ
3336 1961 3613 2032 τηροὺσης
3648 1961 3913 2030 εἱλικρινῆ
3962 1978 4055 2011 7.2:

798 2060 1005 2128 gneris.
1028 2056 1181 2122 Quod
1211 2068 1393 2109 autem
1418 2054 1732 2122 ltujusmodi
1764 2055 2013 2123 quaedam
2047 2064 2214 2117 sunt,
2254 2066 2377 2121 quae

2477 2054 2741 2123 καθαρὸν,
2792 2056 2887 2106 καὶ
2923 2054 3049 2123 μάλ’
3095 2055 3271 2124 ἀμιγῆ
3304 2056 3505 2116 παντὸς
3536 2057 3770 2115 ὑλώδους
3819 2069 4052 2129 tum),

801 2166 947 2205 nunc
1003 2152 1329 2218 rogitamus,
1366 2164 1467 2202 ttcc
1501 2149 1580 2200 tui
1636 2149 1848 2215 operis,
1898 2161 1998 2200 nec
2032 2161 2098 2199 ex
2143 2146 2210 2199 iis
2255 2159 2377 2214 qua:

2477 2148 2554 2216 τῷ
2583 2149 2676 2201 τὸν
2707 2148 2832 2201 νοῦν
2867 2151 3123 2217 συνάγειν
3180 2152 3276 2202 καὶ
3308 2151 3555 2219 συνέχειν
3598 2150 3693 2201 καὶ
3729 2150 3804 2217 μὴ
3837 2165 4053 2215 συγχω-

800 2241 1100 2297 identidem
1131 2242 1323 2310 agitas,
1358 2239 1470 2293 imo
1502 2238 1659 2305 plane
1692 2239 1857 2291 etiam
1889 2245 2100 2291 remota
2125 2252 2155 2290 a
2183 2250 2376 2306 magno

2480 2243 2594 2310 ρείν
2613 2240 2916 2311 διαχεῖσθαι
2940 2243 3031 2294 καὶ
3059 2241 3443 2309 κατακλυσμὸν
3486 2242 3778 2309 ὑπομένειν
3817 2240 3921 2292 ὑπό
3950 2240 4057 2289 τιὶςν

800 2336 905 2388 isto
942 2347 1129 2387 rerum
1159 2332 1551 2399 actionumque
1591 2337 1807 2382 tuarum
1842 2328 1976 2382 orbe
2003 2370 2017 2392 ,
2047 2343 2173 2382 cum
2207 2343 2274 2382 ex
2309 2341 2377 2380 eo

2478 2334 2577 2385 τοῦ
2610 2334 2818 2403 κόσμου
2857 2334 3077 2404 ῥοθίων,
3108 2332 3245 2387 ἀλλὰ
3268 2333 3479 2388 καὶτοῦ
3504 2334 3810 2401 πεφυκότος
3846 2332 4058 2400 μεμνῆ-

801 2435 950 2493 patet
979 2423 1123 2494 quod
1160 2423 1381 2491 ipsimet
1419 2423 1486 2475 de
1515 2422 1582 2476 iis
1614 2420 2072 2475 subdubitamus:
2095 2429 2208 2473 tum
2230 2418 2377 2490 quod

2483 2427 2608 2480 σθαι
2634 2426 3103 2499 παρασκευάζειν,
3142 2429 3238 2481 καὶ
3277 2428 3392 2481 ἀνω
3421 2428 3632 2498 φέρειν,
3660 2427 3751 2478 καὶ
3789 2426 3948 2478 πάντ’

802 2530 956 2571 tanto
994 2531 1107 2569 rem
1139 2515 1320 2570 studio
1349 2530 1638 2584 urgemus;
1671 2513 1831 2575 illud,
1874 2528 1943 2567 ne
1968 2513 2111 2566 forte
2140 2527 2249 2566 non
2281 2512 2381 2567 da-

2481 2520 2605 2573 θεον
2630 2517 2794 2583 εἶναι,
2828 2521 2967 2589 μόνα
2989 2520 3061 2573 τὰ
3082 2520 3334 2591 δαιμόνια
3358 2536 3424 2573 πε
3434 2520 3858 2589 ριεργαζόμενον
3884 2520 4062 2587 πραγ-

802 2623 959 2664 turus
1013 2611 1129 2674 sis,
1190 2608 1395 2676 quippe
1444 2622 1636 2677 magna
1681 2605 1977 2676 gratificari
2027 2615 2235 2667 suetus,
2276 2607 2381 2661 boc

2487 2630 2652 2679 ματα.
2680 2613 2782 2666 Σὺν
2813 2608 2907 2667 οὖν
2938 2612 3005 2666 ἂν
3034 2612 3120 2682 εῐη
3150 2613 3248 2665 καὶ
3293 2612 3392 2682 τῆς
3423 2612 3522 2681 σῆς
3556 2612 3687 2681 περὶ⁵
3712 2612 3893 2665 πάντα
3926 2627 4061 2679 χρη-

802 2700 1064 2769 quouiam
1096 2707 1153 2753 et
1183 2698 1281 2752 tibi
1322 2700 1453 2753 dare
1489 2698 1779 2768 pulchrum
1808 2707 1915 2762 est,
1946 2708 2003 2752 et
2048 2698 2208 2752 nobis
2237 2698 2385 2753 acci-

2484 2706 2760 2775 στότητος,
2783 2699 2861 2758 ὦν
2892 2702 3071 2758 πάντα
3099 2702 3171 2756 τὰ
3201 2701 3455 2773 βέλτιστα
3517 2704 3580 2755 σὺ
3610 2702 3704 2755 καὶ
3733 2701 4062 2771 βουλόμενος

801 2808 953 2862 pere.
986 2792 1120 2846 Nam
1144 2802 1201 2847 et
1227 2808 1329 2862 ego
1360 2808 1481 2860 qua:
1499 2790 1664 2860 cupio
1696 2790 1984 2859 accipiam.
2006 2799 2066 2844 et
2096 2800 2150 2844 tu
2185 2798 2384 2845 temet-

2483 2797 2579 2849 καὶ
2607 2796 2927 2865 δυνάμενος,
2956 2797 3052 2850 καὶ
3083 2797 3346 2865 πράττων
3372 2794 3627 2866 ἑτοίμως,
3660 2796 3746 2848 ἴνα
3775 2797 3871 2848 καὶ
3902 2793 4060 2856 αὖθις

804 2886 922 2951 ipso
982 2884 1268 2953 benignior
1320 2886 1615 2951 mitiorque
1663 2883 1957 2948 videbere,
1996 2884 2090 2951 qui
2146 2883 2216 2937 ad
2271 2885 2383 2939 ba'c

2485 2884 2554 2943 αὖ
2588 2892 2701 2952 τοῖς
2740 2890 2924 2953 αὐτοῖς
2962 2892 3281 2961 χρήσωμαι,
3315 2894 3376 2943 τὸ
3407 2892 3504 2943 καὶ
3547 2889 3750 2942 τούτων
3783 2890 3932 2958 ἡμᾶς
3963 2906 4060 2941 τυ-

802 2976 970 3029 etiam
1020 2985 1127 3028 tam
1172 2976 1367 3045 pusilla
1422 2985 1474 3029 te
1526 2975 1808 3029 demittas.
1859 2974 2000 3029 Sunt
2030 2975 2287 3030 videlicet
2326 2976 2381 3029 in

2485 2985 2601 3052 χείν
2635 2982 2759 3044 τοὺς
2791 2984 3227 3051 μανικωτάτους,
3257 2983 3357 3036 οὐκ
3401 2980 3518 3035 οἶδα
3548 2983 3779 3052 πότερον
3822 2983 4063 3052 ἐραστὰς

805 3069 975 3121 sacris
999 3067 1151 3120 hisce
1179 3076 1236 3119 et
1266 3066 1571 3135 magniﬁcis
1609 3066 1819 3121 aedibus
1847 3104 1862 3127 .
1915 3066 1968 3119 in
2002 3066 2205 3135 quibus
2235 3069 2382 3138 regia

2486 3072 2645 3153 δίδως
2670 3072 2874 3140 λέγειν,
2899 3073 2932 3143 ἢ
2960 3074 3069 3126 τῶν
3097 3075 3236 3127 κατὰ
3261 3074 3355 3128 σοῦ
3380 3075 3627 3149 θορύϐων
3654 3077 3929 3146 τεχνίτας,
3957 3078 4066 3135 πᾶς

803 3161 1036 3231 pecunia
1061 3161 1264 3213 alimur
1286 3170 1340 3213 et
1359 3161 1726 3223 sustinemur,
1744 3159 2093 3215 domuncula:
2113 3160 2385 3229 quaedam,
2413 3156 2458 3218 C

1699 3159 2093 3223 ’,domunculze
2113 3160 2385 3229 quaedam,
2413 3156 2458 3218 C
2491 3163 2535 3215 δ’
2573 3164 2637 3217 ἂν
2664 3180 2749 3227 τις
2782 3165 2914 3234 φαίη
2942 3182 3003 3233 γε
3040 3166 3138 3219 καὶ
3171 3167 3370 3237 εὐχῶν.

805 3270 930 3306 cum
977 3254 1086 3307 situ
1124 3252 1640 3321 opportunissimae,
1678 3252 2046 3316 omnibusque
2120 3254 2248 3307 anni
2316 3256 2659 3325 temporibus
2711 3260 3326 3325 acccmtnodatissinne,
3362 3262 3475 3317 sive
3522 3274 3715 3318 natura
3742 3264 3882 3329 loci,
3951 3266 4069 3321 sive

806 3364 925 3404 arte
951 3365 1006 3403 et
1035 3351 1328 3413 industria,
1354 3359 1467 3403 tum
1511 3364 1578 3403 eo
1608 3349 1753 3417 quod
1804 3350 2100 3416 separatim
2154 3361 2209 3405 et
2259 3366 2530 3417 seorsum,
2554 3363 2609 3407 et
2639 3356 2901 3426 sejuncue
2932 3356 3001 3409 ab
3020 3357 3142 3411 aliis
3165 3359 3286 3413 sita:
3340 3371 3487 3423 sunt,
3555 3377 3827 3417 summam
3889 3363 4070 3416 maxi-

810 3462 1066 3516 mamque
1139 3448 1408 3499 sanctiori
1456 3446 1653 3500 animm
1722 3447 1928 3514 templo
1983 3448 2337 3501 serenitatem
2404 3460 2703 3518 parantes,
2759 3461 2817 3504 ut
2867 3468 3052 3523 reapse
3099 3456 3403 3509 animarum
3460 3458 3783 3525 sapientium
3848 3458 3962 3513 ludi
4008 3476 4074 3514 ac

806 3545 1074 3599 domicit’ia
1127 3545 1368 3614 qmedmn
1414 3545 1516 3596 sint
1578 3543 1881 3611 (Aristoph.
1934 3543 2076 3611 Νεφ.
2124 3544 2240 3613 94),
2309 3545 2425 3599 sive
2458 3548 2640 3614 patius
2685 3549 2993 3619 ejusmodi,
3048 3566 3171 3620 qua
3200 3551 3414 3606 animas
3466 3553 3581 3607 otio
3650 3563 3934 3624 torpentes
4002 3556 4070 3607 ad

818 3647 1081 3698 virtutem
1149 3642 1412 3703 excitare,
1468 3650 1525 3695 et
1580 3655 1737 3694 sacro
1793 3640 1989 3695 ardore
2044 3641 2111 3695 ad
2184 3642 2433 3697 divinum
2474 3644 2643 3711 hunc,
2694 3655 2750 3700 et
2813 3659 3048 3713 castum,
3101 3648 3323 3716 Deoque
3372 3650 3744 3719 gratissimum
3796 3652 4069 3713 furorem,

714 3736 721 3743 ’
808 3740 1035 3809 implere
1061 3749 1264 3807 queant
1300 3756 1311 3789 :
1349 3752 1509 3805 queat
1551 3736 1641 3805 qui
1672 3752 1995 3805 germanum
2046 3738 2099 3793 in
2150 3739 2374 3793 modum
2418 3738 2630 3805 lurunt,
2694 3742 2775 3796 illi
2843 3757 2954 3797 non
2986 3744 3176 3798 felices
3199 3743 3362 3797 modo
3408 3759 3471 3797 ac
3519 3744 3687 3808 beati,
3732 3748 3825 3800 sed
3896 3748 4071 3805 divini

808 3835 968 3901 plane
996 3843 1141 3885 sunt.
1182 3831 1293 3899 Ego
1326 3845 1457 3883 vero
1494 3845 1808 3899 quanquam
1866 3832 2091 3887 minime
2141 3849 2210 3890 ex
2272 3834 2378 3889 isto
2422 3834 2711 3890 hominum
2739 3852 2940 3906 genere
2996 3854 3141 3902 sum,
3195 3854 3374 3908 neque
3396 3841 3463 3893 iis
3485 3854 3606 3907 quae
3629 3841 3735 3894 huc
3761 3845 4069 3910 pertinent.

804 3926 1107 3979 instructus
1134 3922 1453 3981 virtutibus.
1508 3924 1668 3993 longe
1720 3940 1851 3978 sane
1908 3927 2146 3993 absum;
2212 3938 2375 3998 atque
2416 3931 2551 3984 adeo
2604 3934 2803 3985 mirum
2870 3933 3057 3998 fuerit,
3105 3934 3150 3986 si
3224 3949 3334 3988 non
3374 3936 3652 3989 contrario
3680 3951 3908 4005 prorsus
3951 3943 4072 3993 nt.a

807 4027 1118 4086 comparata
1152 4016 1314 4069 modo
1347 4027 1491 4070 sunt.
1522 4018 1612 4071 Sic
1641 4028 1817 4071 tamen
1843 4021 1894 4072 in
1920 4021 2103 4088 quiete
2132 4022 2385 4089 degendi,
2428 4034 2484 4078 et
2517 4039 2765 4080 seorsum
2841 4026 2975 4079 mibi
3030 4027 3227 4095 agendi
3273 4028 3626 4097 vivendique.
3702 4041 3899 4098 captus
3948 4049 4069 4087 sum

806 4114 1012 4173 stulio.
1046 4121 1105 4164 ut
1145 4112 1249 4165 ltoc
1280 4113 1400 4165 vita:
1450 4128 1621 4179 genus
1663 4113 1900 4170 fortunis
1952 4118 2088 4170 meis
2158 4118 2417 4171 omnibus
2457 4119 2803 4188 redemptum
2872 4120 3057 4175 velim.
3091 4121 3209 4175 Huc
3236 4124 3383 4175 enim
3420 4135 3475 4177 et
3516 4123 3804 4177 oculorum
3856 4142 3944 4179 me
3978 4144 4071 4178 v:t~

807 4207 998 4259 letudo
1038 4206 1337 4273 compellit,
1376 4218 1489 4259 tum
1545 4218 1605 4261 ut
1653 4209 1860 4277 absque
1896 4210 2000 4265 boc
2044 4220 2213 4277 esset,
2258 4213 2383 4283 quis
2421 4215 2642 4282 sapiens
2699 4232 2809 4269 non
2866 4226 3063 4285 sponte
3121 4218 3363 4286 quietem
3415 4219 3602 4273 amet?
3669 4222 3793 4273 Haec
3866 4224 4071 4290 quippe

806 4299 983 4352 facem
1044 4301 1325 4366 prmlucet,
1381 4311 1436 4352 et
1493 4301 1751 4368 magistra
1807 4303 2309 4370 pulcherrimarum
2353 4322 2540 4361 rerum
2611 4310 2861 4363 omnium
2913 4321 3034 4372 est,
3100 4326 3221 4378 qua:
3278 4313 3552 4364 nominari
3586 4327 3613 4363 a
3652 4314 3915 4381 quopiam
3948 4331 4042 4384 pos

809 4402 961 4443 sunt.
1028 4390 1152 4442 lliee
1208 4406 1483 4443 summutn
1523 4394 1721 4445 anima:
1766 4394 2051 4457 mlierem,
2120 4397 2418 4462 sincerum,
2460 4401 2750 4464 mundum,
2798 4403 2866 4455 ab
2916 4404 3179 4471 omnique
3234 4403 3505 4457 materiali
3576 4404 3727 4457 fumo
3773 4420 4069 4465 secretum,

812 4498 1203 4553 usquequaque
1235 4494 1439 4547 servat,
1466 4483 1595 4537 dum
1630 4496 1866 4541 mentem
1890 4488 2147 4543 videlicet
2176 4491 2385 4560 colligit
2421 4506 2485 4545 ac
2558 4495 2845 4559 continet;
2874 4510 2976 4549 nec
3009 4495 3275 4555 dilfundi.
3312 4496 3612 4564 mundique
3647 4497 3808 4563 bujus
3872 4500 4068 4567 jactari

810 4577 1085 4643 obruique
1118 4576 1378 4629 ﬂuctibus
1409 4578 1637 4645 patitur,
1672 4578 1837 4648 idque
1885 4582 2052 4635 ellicit
2076 4622 2092 4648 ,
2123 4592 2182 4636 ut
2228 4593 2385 4639 ortus
2423 4586 2733 4655 indolisque
2798 4604 2913 4642 sum
2969 4603 3182 4641 memor
3204 4590 3397 4641 eadem
3422 4592 3516 4651 sit,
3554 4600 3609 4644 et
3638 4590 3876 4645 sublime
3910 4595 4071 4647 attol-

812 4672 978 4731 Iatur,
1044 4682 1097 4721 et
1133 4680 1244 4722 tota
1290 4670 1515 4722 numine
1569 4670 1828 4726 instincta
1880 4674 2110 4737 feratur',
2162 4686 2219 4730 et
2268 4679 2384 4731 sola
2421 4679 2687 4735 duntaxat
2738 4680 2924 4734 divina
2957 4680 3361 4735 studiosissime
3396 4693 3612 4737 tractet.
3671 4683 3849 4736 Tuum
3885 4685 4075 4753 igitur.

814 4774 1028 4832 tuaeque
1060 4762 1127 4815 ad
1152 4762 1335 4815 omnia
1364 4778 1486 4816 sese
1524 4764 1857 4832 porrigentis
1928 4768 2285 4838 benignitatis
2318 4770 2423 4825 hoc
2463 4771 2652 4836 fuerit,
2710 4790 2739 4827 ο
2802 4786 2879 4839 ιιι,
2919 4775 3009 4844 qui
3058 4777 3257 4843 optima
3280 4779 3481 4837 omnia,
3544 4786 3593 4829 et
3636 4778 3711 4828 ris
3744 4790 3790 4829 et
3816 4788 3992 4844 potes,
4028 4793 4075 4831 ti

812 4860 993 4909 animo
1026 4860 1431 4926 ,promptiuimo
1482 4860 1634 4927 agis,
1690 4862 1898 4915 eisdem
1951 4863 2095 4915 enim
2155 4863 2338 4919 denuo
2378 4868 2603 4935 (quibus
2667 4869 2848 4937 initio)
2896 4880 3018 4923 utar
3068 4872 3275 4932 verbis,
3352 4881 3412 4924 ut
3462 4880 3518 4923 et
3578 4873 3690 4926 ltzec
3723 4888 3824 4926 nos
3879 4890 4079 4928 consc-

812 4970 1046 5023 quamur
1098 4952 1382 5017 beneﬁcia,
1424 4970 1544 5015 nos.
1597 4956 1841 5019 inquam,
1887 4957 2238 5014 furiosissimi
2316 4962 2563 5030 profecto
2594 5005 2610 5028 ,
2665 4967 2856 5019 nescio
2912 4980 3041 5019 vero
3102 4977 3285 5019 utrum
3336 4976 3605 5022 amatores
3678 4970 3777 5030 tui,
3833 4985 3904 5022 an
3942 4986 4077 5023 vero

815 5050 1101 5115 plausuum
1125 5056 1181 5098 ct
1208 5046 1665 5101 acclamationum
1709 5050 1776 5103 de
1820 5059 1871 5103 te
1903 5052 2167 5117 artifices,
2223 5054 2385 5108 nobis
2425 5058 2710 5124 permittas
2778 5058 3006 5122 dicere;
3074 5058 3274 5112 dixerit
3308 5073 3437 5112 vero
3480 5060 3706 5128 insuper
3776 5065 4081 5132 unusquis-

811 5156 945 5211 que,
976 5148 1032 5192 el.
1064 5146 1341 5191 tolut'um.

1449 5284 1534 5339 VI.
1579 5286 1786 5340 Eidem.
2429 5302 2473 5355 ι)
3058 5294 3120 5357 q'

2429 5302 2473 5355 ι)
3058 5294 3150 5357 ς’.
3191 5289 3273 5353 Τῷ
3310 5291 3491 5355 αὐτῷ.

882 5411 1017 5466 Cum
1049 5427 1115 5465 eo
1137 5411 1357 5466 nomine
1385 5412 1533 5481 quod
1567 5423 1680 5467 tute
1721 5430 1822 5467 nos
1856 5414 1969 5482 jam
2000 5415 2213 5483 pridem
2260 5419 2391 5472 dili-

2571 5417 2681 5469 Καὶ
2722 5411 2802 5477 οἷς
2846 5416 3009 5478 αὐτὸς
3044 5414 3193 5483 ἡμᾶς
3231 5414 3440 5468 ἄνωθεν
3482 5416 3753 5485 στέργεις,
3784 5418 3882 5468 καὶ
3912 5413 3995 5479 οἷς
4030 5423 4081 5484 ἡ-

812 5520 913 5572 gis.
981 5513 1094 5555 tum
1154 5504 1297 5569 quod
1351 5518 1520 5555 unum
1572 5514 1622 5558 te
1669 5504 1917 5559 omnium
1968 5507 2133 5561 rebus
2185 5510 2393 5564 nostris

2503 5512 2624 5579 μεῖς
2659 5511 2719 5562 at
2748 5509 2980 5577 μάλιστα
3021 5507 3241 5559 πάντων
3271 5507 3340 5558 τὰ
3386 5507 3520 5575 πρὸς
3552 5508 3697 5575 ἡμᾶς
3735 5508 3936 5569 αὐτοὺς

815 5597 1253 5651 faventissimum
1314 5597 1524 5664 experti
1588 5612 1688 5651 nos
1740 5613 1952 5660 sumus,
1994 5600 2094 5653 tibi
2156 5602 2391 5655 invicem

2499 5603 2756 5666 vwxétsq,
2783 5602 2868 5653 σοὶ
2899 5598 3136 5668 μάλιστα
3172 5598 3391 5650 πάντων
3433 5598 3720 5665 τιθέμεθα,
3756 5602 3851 5651 καὶ
3878 5602 3936 5652 σὲ
3960 5604 4078 5655 8::-

817 5689 1047 5742 maxime
1118 5691 1363 5742 omnium
1427 5689 1738 5753 studemus,
1806 5701 1968 5760 teque
2031 5693 2391 5763 singulariter

2498 5694 2776 5761 φερόντως
2829 5690 3113 5760 φιλοῦμεν.
3151 5691 3315 5741 ’Δνευ
3345 5688 3441 5741 τοῦ
3499 5691 3707 5753 πάντας
3766 5692 3968 5746 εἰδέναι
4025 5713 4078 5745 τε

812 5797 1082 5836 amamus.
1123 5783 1493 5851 Prazterquam
1536 5786 1681 5852 quod
1707 5796 1990 5854 comperta
2040 5786 2154 5840 hsce
2210 5787 2392 5840 omni-

2498 5788 2593 5840 καὶ
2628 5786 2777 5856 ῥ’ᾷν,
2841 5785 2908 5836 δι’
2957 5780 3205 5852 ἀλλήλων
3252 5781 3407 5836 ἐὖτ’
3441 5782 3731 5851 ἀμφότερα
3774 5783 4078 5839 δείκνυται.
