4232 6432
276 398 382 460 425

1666 394 2068 454 EPISTULE.

3416 391 3515 453 7326

273 511 414 561 Οὖτε
448 507 556 578 γὰρ
591 509 760 571 ἐστιν,
797 506 894 559 ούκ
941 505 1086 558 ἔστιν
1119 507 1270 559 οὐδὲν
1304 506 1410 559 τῶν
1440 505 1691 560 ἁπάντων
1714 508 1742 559 ὃ
1776 507 1849 577 μὴ

1957 509 2077 574 bus,
2134 506 2487 576 omniumque
2554 506 2841 561 decantata
2881 521 2975 558 ore
3030 514 3179 569 sunt,
3230 508 3362 560 satis
3416 508 3519 558 huc

276 600 343 651 σὺ
383 607 522 665 μετα
565 595 657 649 τοῦ
691 597 1015 664 γιγνομένου
1071 612 1131 648 τε
1164 595 1258 648 καὶ
1298 594 1627 663 ψηφίξοντος
1677 597 1848 664 πράτ-

273 704 411 751 τεις,
441 688 504 741 οὐ
539 686 738 756 μᾶλλον
768 703 831 753 γε
852 685 891 754 ,ἢ
919 686 1017 748 τὰς
1046 688 1194 754 τρεῖς
1222 682 1316 737 τοῦ
1344 683 1611 754 τριγώνου
1642 684 1849 751 γωνίας

276 782 356 851 μὴ
383 781 531 833 δυοῖν
554 778 742 848 ὀρθαῖν
768 777 889 840 ῐσας
920 773 1082 831 εἶναι.
1114 775 1276 830 Ταῦτ’
1304 774 1413 845 ἄρα
1439 776 1535 827 καὶ
1593 776 1739 847 μόνῳ
1768 792 1850 829 σοι

274 872 387 924 τῶν
424 873 645 925 πάντων
671 868 817 923 τοῦθ’
851 868 1044 939 ὥσπερ
1092 869 1389 937 ἐπίσημον,
1417 867 1534 921 οὗθ’
1574 871 1732 938 ἡμῶν
1755 870 1851 921 αύ-

273 968 408 1031 τῶν,
438 968 533 1019 ἐὰν
564 967 641 1036 μὴ
665 964 875 1027 δεινούς
919 981 1072 1026 τινας
1099 963 1264 1027 ὄντας
1305 963 1454 1035 ᾕδεις
1509 964 1579 1016 τά
1634 964 1723 1027 σά,
1752 963 1851 1016 καὶ

273 1061 377 1127 τῆς
413 1058 512 1127 σῆς
544 1058 757 1120 εὐνοίας
806 1056 938 1127 παρ’
982 1056 1337 1109 οὑστινασοῦν
1384 1057 1698 1126 ἐχομένους,
1748 1055 1850 1108 οὐκ

273 1149 342 1202 ἂν
376 1149 714 1218 ἐφρόντιζες.
754 1146 871 1200 Νῦν
902 1146 958 1199 δὲ
991 1147 1092 1200 οὐκ
1122 1146 1270 1200 ἐστιν
1300 1146 1379 1199 ὅθ’
1416 1145 1575 1217 ήμῶν
1598 1146 1658 1199 ού
1693 1145 1851 1213 λόγον

273 1245 431 1311 ποιῇ,
468 1241 633 1294 πάλαι
685 1240 784 1308 μὲν
819 1242 877 1292 ἐν
920 1239 1138 1302 πολλοῖς
1183 1239 1447 1302 πολλάκις
1495 1238 1563 1292 τά
1618 1238 1850 1307 μέγιστα

276 1334 673 1403 ξυναράμενος,
703 1332 799 1385 καὶ
852 1331 1095 1398 γεγονὼς
1128 1333 1187 1384 ἐν
1218 1331 1415 1402 καιρῷ,
1451 1331 1545 1385 νῦν
1588 1331 1632 1384 δ’
1677 1332 1737 1395 ἐξ
1774 1325 1850 1386 ὧν

271 1425 366 1477 οὖτ
380 1442 455 1488 ως
483 1421 540 1478 εὖ
576 1423 724 1493 μάλα
756 1423 850 1475 καὶ
877 1422 1017 1491 μετὰ
1045 1421 1342 1487 διαθέσεως
1368 1422 1729 1485 ἐπιστέλλεις.
1764 1424 1848 1487 Ὠς

272 1516 370 1568 καί
409 1532 553 1578 τινος
590 1515 690 1567 οὐκ
726 1515 985 1585 ἀχάριτος
1020 1514 1312 1579 ξυναυλίας
1341 1513 1594 1567 ἐνταυθοῖ
1646 1531 1852 1583 μνημο-

271 1609 477 1672 νεύειν,
515 1612 608 1662 καὶ
634 1608 732 1669 τὰς
754 1609 975 1678 ἡμέρας·
996 1607 1211 1669 ὲκείνας
1236 1606 1596 1676 ἑορτασίμους
1636 1605 1847 1671 καλεῖν,

272 1702 453 1763 διδοὺς
475 1700 551 1761 ὡς
579 1700 814 1768 μάλιστα
852 1698 1269 1767 συλλογίζεσθαι
1302 1697 1377 1758 ὡς
1408 1697 1492 1750 ὅτι
1525 1696 1602 1766 μὴ
1637 1696 1732 1749 καὶ
1754 1694 1849 1748 νῦν

273 1793 416 1861 ὑπὲρ
467 1790 626 1860 ἡμῶν
682 1788 835 1843 ταῦτ’
882 1788 999 1842 ἐστι
1058 1806 1141 1841 σοι
1197 1787 1478 1858 πράττειν,
1533 1787 1593 1838 οὐ
1633 1784 1844 1855 μικρῶς

1955 611 2247 669 utrumque
2278 614 2344 652 ex
2376 608 2609 668 utroque
2645 600 2954 661 astruitur;
3005 613 3177 665 neque
3221 598 3367 650 enim
3414 609 3517 658 est,

1953 706 2062 746 non
2092 702 2179 745 est
2204 704 2352 754 vero,
2384 688 2682 759 quidquam
2717 702 2900 741 rerum
2934 688 3202 749 omnium,
3236 688 3380 757 quod
3411 705 3518 740 non

1954 781 2199 851 legitimo
2230 778 2391 833 modo
2420 777 2754 846 calculisque
2782 776 3060 830 subductis
3086 784 3139 829 tu
3166 791 3315 846 agas,
3346 776 3521 829 nihilo

1954 885 2085 925 sane
2114 870 2238 940 plus
2270 884 2435 939 quam
2479 877 2539 924 ut
2567 875 2677 922 tres
2723 868 2778 921 in
2822 866 3100 935 triangulo
3142 868 3362 934 anguli,
3410 882 3519 920 non
3586 926 3589 929 _

1954 961 2172 1016 duobus
2201 962 2367 1017 rectis
2396 960 2509 1015 sint
2537 959 2791 1029 aequales.
2826 958 3195 1025 Quamobrem
3223 968 3278 1012 et
3314 960 3414 1013 soli
3456 976 3523 1012 ex

1954 1051 2211 1106 omnibus
2238 1051 2334 1105 tibi
2360 1052 2477 1106 haec
2507 1051 2655 1105 velut
2695 1052 2917 1120 propria
2952 1061 3077 1104 uota
3110 1059 3213 1114 est,
3249 1059 3304 1104 et
3350 1050 3524 1103 nostri

1951 1143 2220 1212 ipsorum,
2260 1143 2365 1198 nisi
2415 1144 2712 1199 acerrimos
2756 1145 2997 1197 cultores
3048 1154 3191 1206 tuos,
3221 1154 3279 1197 et
3325 1153 3525 1212 praeter

1950 1242 2178 1289 caeteros
2229 1248 2421 1289 omnes
2467 1236 2655 1305 gratiae
2707 1244 2811 1289 tuae
2859 1234 3085 1303 (“pitius
3138 1235 3525 1303 studiososque

1950 1341 2072 1381 esse
2101 1325 2297 1390 scires,
2338 1325 2484 1380 haud
2521 1326 2684 1379 ullam
2738 1326 2970 1379 haberes
3016 1326 3304 1379 rationem.
3360 1325 3522 1393 Atqui

1952 1417 2101 1471 nullo
2121 1431 2233 1471 non
2265 1425 2510 1486 tempore
2550 1418 2720 1470 nostri
2761 1418 3029 1470 rationem
3076 1417 3284 1483 habes;
3320 1417 3527 1487 quippe

1949 1509 2043 1579 qui
2087 1519 2143 1564 et
2180 1510 2313 1564 olim
2357 1510 2778 1580 quamplurimis
2815 1525 3197 1579 saepenumero
3251 1512 3303 1564 in
3354 1511 3522 1565 rebus

1952 1601 2245 1657 maximum
2281 1602 2673 1658 adminiculum
2704 1603 2956 1669 attulisti,
3006 1614 3063 1658 et
3115 1615 3523 1674 peropportune

1950 1694 2195 1749 adfuisti.
2236 1694 2304 1748 Et
2336 1696 2653 1758 nunc,dum
2687 1695 2759 1749 ita
2782 1696 3069 1757 benevole,
3103 1705 3157 1749 et
3184 1711 3309 1749 cum
3332 1696 3516 1750 nativa

1949 1786 2116 1839 animi
2172 1785 2464 1841 aﬂ‘ectione
2511 1785 2671 1841 nobis
2709 1786 2946 1851 scribis;
3003 1796 3063 1839 ut
3110 1786 3279 1840 etiam
3337 1790 3515 1840 mutui

269 1881 671 1952 δυσχεραίνεις.
707 1883 771 1935 ’Ὀ
804 1880 899 1933 καὶ
949 1880 1044 1933 τοῦ
1074 1880 1366 1949 τυγχάνειν
1400 1876 1555 1931 οὐδὲν
1585 1872 1748 1949 ἦττον
1779 1876 1842 1947 ή-

1954 1877 2226 1947 cujusdam
2274 1892 2383 1931 non
2449 1878 2732 1947 injucundi
2794 1888 3096 1931 concentus
3178 1878 3516 1933 mentionem

273 1976 390 2043 μῖν.
1949 1964 2139 2029 facias.
2172 1975 2230 2020 et
2267 1966 2393 2022 illos
2424 1967 2558 2020 olim
2590 1966 2709 2020 dies
2744 1966 2913 2022 festos
2947 1968 3211 2036 appelles.
3239 1968 3358 2033 Quo
3390 1969 3522 2021 illud

268 2064 622 2135 potissimum.
671 2062 1042 2134 colligendum
1093 2062 1212 2126 das,
1274 2072 1325 2117 te
1377 2060 1525 2133 quod
1583 2075 1691 2115 non
1742 2058 1845 2113 hoc
1881 2058 2045 2113 etiam
2106 2068 2355 2127 tempore
2412 2071 2602 2114 nostra
2623 2073 2787 2115 causa
2819 2059 3067 2128 luecipsa
3096 2061 3312 2113 clliccre
3345 2068 3522 2128 potes.

271 2159 422 2213 haud
450 2157 801 2211 mediocriter
836 2156 1021 2210 animo
1075 2155 1437 2219 commoveri,
1485 2154 1537 2209 id
1586 2152 1733 2223 quod
1781 2151 1957 2207 nihilo
2024 2152 2182 2207 nobis
2221 2154 2453 2209 minoris
2487 2161 2593 2217 est,
2646 2168 2811 2222 quam
2863 2152 2908 2207 si
2985 2153 3091 2205 voti
3159 2154 3330 2207 nostri
3376 2167 3525 2207 com-

270 2267 431 2327 potes
462 2260 841 2315 evaderemus.

266 2400 345 2452 Z'.
387 2396 719 2463 Ἐπιστολὴ
780 2395 888 2450 τοῦ
937 2394 1291 2463 σοφωτάτου
1338 2394 1681 2462 Νικηφόρον
1737 2390 1843 2445 τοῦ

674 2464 951 2536 ι’ρηγορᾶ
979 2464 1060 2530 τῷ
1092 2465 1458 2534 ΙίΙαγίστρῳ.”
1637 2479 1643 2484 '

343 2576 537 2632 non»:
561 2595 651 2648 μοι
684 2577 776 2632 τὸν
807 2576 898 2630 σὺν
960 2576 1241 2647 ἐμήνυσαν
1270 2574 1490 2646 τρόπον,
1518 2573 1593 2636 ὡς
1622 2572 1842 2643 πλήρης

265 2654 763 2738 ἐγένουπολλάκις
808 2668 989 2739 ὁρμῆς
1024 2671 1081 2730 ἐς
1126 2669 1184 2720 τὸ
1214 2666 1447 2737 γράφειν
1478 2666 1632 2736 ἡμῖν.
1678 2663 1842 2718 Ἀλλά

267 2780 360 2826 τις
392 2761 451 2826 ἐξ
483 2762 781 2815 ἀντιπάλου
829 2761 1133 2829 φερόμενος
1186 2759 1470 2827 λογισμὸς,
1521 2756 1851 2827 ἀντέκρουσέ

265 2874 327 2909 τε
355 2856 453 2908 καὶ
486 2855 632 2924 μάλα
668 2852 913 2923 σφοδρῶς
944 2853 1044 2923 τὴν
1078 2852 1337 2921 τοιαύτην
1362 2849 1540 2920 ὁρμὴν
1572 2849 1851 2919 ἀνεχαίτι-

268 2965 389 3012 σεν,
437 2950 587 3003 αἴτια
632 2946 1068 3017 προϐαλλόμενος
1128 2944 1267 3013 πρὸς
1312 2958 1375 3010 γε
1418 2945 1532 3005 τοῖς
1576 2941 1758 3004 ἄλλοις
1792 2939 1853 2993 τὸ

270 3042 447 3111 μήπω
476 3056 535 3093 τε
564 3040 694 3109 ἡμῖν
730 3036 1140 3106 συγγεγονέναι,
1174 3035 1302 3105 μήτ’
1334 3033 1511 3094 άλλως
1540 3034 1734 3101 μαθεῖν
1761 3032 1853 3085 τὸν

267 3134 546 3213 ἡμέτερον
568 3132 789 3203 τρόπον,
816 3131 999 3193 ὁποῖος
1020 3144 1033 3159 ·
1074 3123 1215 3181 εἶναι
1260 3128 1369 3198 γὰρ
1403 3124 1701 3195 πολυσχιδῆ
1756 3124 1856 3178 καὶ

1949 2388 2058 2445 νιι.
2081 2387 2469 2459 Sapientim’mi
2496 2387 2601 2459 viri
2616 2384 2921 2459 _Niccpliori
2947 2386 3190 2458 Grcgarw
3214 2388 3429 2457 cpistola
3456 2391 3526 2439 ac:

2574 2456 2915 2529 Magistrum.

2018 2575 2136 2631 Jam
2173 2591 2202 2629 a
2233 2574 2485 2645 pluribus
2521 2573 2588 2629 de
2628 2583 2679 2628 te
2730 2573 2951 2642 tuisque
3007 2574 3257 2628 moribus
3319 2590 3525 2629 renun-

1952 2670 2147 2725 tiatum
2181 2670 2317 2724 mihi
2342 2669 2467 2735 fuit,
2500 2668 2646 2739 quod
2678 2684 2803 2723 cum
2833 2668 2997 2738 pleno
3046 2669 3246 2737 saepius
3287 2668 3351 2721 ad
3391 2671 3525 2723 scri-

1951 2763 2189 2820 bendum
2230 2762 2391 2818 nobis
2443 2763 2649 2831 impetu
2700 2760 2936 2826 fuisses,
2979 2761 3230 2830 quaedam
3285 2777 3410 2815 mox
3457 2777 3523 2813 ex

1947 2854 2181 2907 adverso
2208 2852 2469 2922 ingruens
2497 2851 2776 2922 cogitatio,
2815 2851 2963 2905 hunc
2995 2852 3174 2920 ipsum
3209 2851 3529 2906 vehementi

1948 2944 2071 2998 nisu
2100 2943 2367 2999 retuderit
2394 2953 2559 3015 atque
2584 2944 2967 2999 sulllaminarit
3003 2946 3292 3014 impetum,
3331 2956 3530 3014 praeter

1951 3036 2058 3091 alia
2080 3036 2255 3092 ethoc
2286 3038 2465 3108 ipsum
2498 3052 2677 3092 causa:
2706 3037 2828 3092 loco
2856 3047 3186 3106 praetexens,
3220 3038 3366 3108 quod
3399 3054 3531 3093 nee-

1949 3128 2079 3183 dum
2111 3144 2210 3185 nos
2241 3130 2615 3196 convertisses,
2656 3144 2760 3184 nec
2807 3130 3029 3185 aliunde
3070 3141 3325 3185 naturam
3373 3131 3530 3186 indo-

268 3212 417 3278 πάνυ
453 3240 539 3277 τοι
585 3223 791 3293 σφόδρα
821 3222 1055 3292 διάφορα
1112 3222 1210 3274 καὶ
1243 3221 1582 3273 δυσείκαστα
1610 3218 1719 3272 τῶν
1752 3220 1848 3274 ἀν-

1954 3220 2168 3291 Iemque
2225 3233 2492 3286 nostram,
2540 3224 2844 3294 cuiusmodi
2893 3235 3079 3290 esset,
3133 3227 3473 3296 percepisses
3512 3246 3526 3281 :

267 3316 510 3388 θρώπων
538 3316 605 3368 τά
630 3316 737 3386 ἢθη
774 3316 868 3367 καὶ
907 3314 1118 3367 δεῖσθαι
1156 3314 1377 3383 μακρᾶς
1422 3312 1710 3375 συνουσίας
1751 3314 1845 3365 καὶ

265 3411 473 3480 πείρας
501 3409 645 3471 τινος
676 3405 940 3478 ἀκριϐοῦς
990 3409 1071 3469 εἰς
1103 3404 1431 3476 κατάληψιν.
1465 3405 1573 3457 Καὶ
1608 3403 1846 3475 ἐπῄνεσα

265 3506 336 3572 νὴ
366 3504 493 3564 τοὺς
526 3502 718 3569 λόγους
759 3501 869 3571 ἐγὼ
902 3501 1132 3571 ταυτηνὶ
1172 3499 1271 3572 τὴν
1321 3499 1544 3564 δειλίαν,
1593 3500 1687 3551 καὶ
1728 3502 1850 3552 ἁνε-

270 3594 522 3665 μνήσθην
574 3593 787 3647 ἐκείνου
820 3593 913 3647 τοῦ
971 3593 1144 3663 μύθου
1171 3592 1265 3645 τοῦ
1299 3590 1568 3646 Ἀττικοῦ.
1609 3592 1704 3654 Ὃς
1751 3591 1844 3643 Ἦ-

268 3688 485 3758 φαίστῳ
511 3687 602 3739 τὸν
640 3687 848 3757 Μῶμον
893 3688 1107 3754 εἰσάγει
1152 3685 1503 3755 μεμφόμενον
1535 3686 1616 3737 ὅτι
1642 3685 1719 3755 μὴ
1756 3684 1850 3736 θύ-

271 3795 372 3848 ρας
421 3779 517 3831 ἐπὶ
548 3778 655 3832 τῶν
687 3778 1044 3849 ἀνθρωπίνων
1076 3780 1351 3847 πεποίηκε
1383 3777 1620 3846 στέρνων
1660 3775 1847 3839 ὁπότε,

270 3871 462 3939 φησιν,
490 3869 840 3941 ἐδημιούργει
872 3870 964 3921 τὸν
1010 3869 1299 3937 ἄνθρωπον
1326 3883 1343 3900 ο
1371 3862 1407 3938 ἦ
1436 3868 1543 3938 γὰρ
1573 3866 1639 3919 ἂν
1668 3865 1850 3919 αὐτῶν

267 3962 646 4032 ἀνοιγομένων
668 3964 829 4014 ὁπότε
860 3963 1050 4031 ἐχρῆν,
1070 3961 1227 4031 δῆλα,
1262 3960 1419 4031 φησὶ,
1452 3961 1548 4011 καὶ
1578 3959 1689 4020 τοῖς
1720 3956 1852 4022 ἔξω·

268 4057 363 4110 θεν
392 4055 644 4127 ὁμιλοῦσι
674 4056 741 4107 τὰ.
788 4054 937 4107 ἔνδον
972 4052 1188 4122 ὑπῆρχε
1221 4051 1586 4122 βουλεύματα.
1626 4048 1770 4116 Ἐγὼ
1793 4049 1850 4101 δὲ

269 4152 417 4220 μήτι
458 4148 746 4220 μιμεῖσθαί
774 4164 835 4200 σε
858 4146 1048 4216 κρίνας
1076 4148 1137 4199 ἐν
1163 4144 1379 4206 τούτοις
1414 4144 1585 4207 είκὺς,
1616 4142 1711 4195 καὶ
1734 4141 1851 4211 ἅμα

267 4244 456 4305 πάσας
478 4242 577 4304 τάς
599 4240 860 4303 τοιαύτας
884 4239 1188 4310 προφάσεις
1212 4236 1474 4299 καθάπαξ
1497 4233 1851 4303 παραλλάξας

269 4338 370 4390 καὶ
399 4333 647 4403 ὑπερὸὲς
694 4331 943 4404 ὁμιλήσω
987 4346 1072 4383 σοι
1098 4330 1195 4382 καὶ
1224 4327 1513 4401 πόρρωθεν
1550 4326 1650 4397 ήδη
1679 4324 1849 4378 καθά-

266 4443 381 4498 περ
413 4425 637 4495 συνήθει
666 4426 761 4476 καὶ
790 4423 951 4492 φίλῳ,
984 4422 1121 4492 πρὸς
1151 4422 1320 4491 μόνην
1345 4419 1513 4488 αὐτὴν
1535 4416 1855 4486 ἁποὸλέψας

1948 3315 2119 3369 scissa
2148 3316 2297 3370 enim
2343 3315 2698 3370 multifariam
2724 3357 2738 3383 ,
2774 3326 2831 3372 et
2873 3317 3106 3371 nimium
3139 3329 3404 3388 quantum
3448 3321 3532 3373 di-

1949 3421 2129 3473 versa,
2160 3415 2214 3461 et
2236 3407 2303 3461 ad
2330 3409 2749 3478 conjectauduiu
2784 3424 3046 3479 perquam
3080 3412 3314 3465 obscura
3348 3413 3531 3466 homi-

1951 3514 2083 3552 num
2121 3514 2244 3554 esse
2276 3501 2495 3570 ingenia
2517 3542 2529 3563 ,
2560 3501 2834 3571 longoque
2869 3518 2973 3555 usu
3010 3513 3065 3557 et
3099 3516 3359 3559 accurata
3390 3524 3529 3576 qua-

1951 3591 2074 3643 dam
2126 3586 2526 3657 periclitatione
2604 3608 2743 3662 opus
2810 3610 2983 3659 esse,
3041 3598 3108 3651 ad
3176 3613 3238 3651 ea
3306 3612 3529 3669 penitus

1952 3682 2403 3751 introspicienda.
2453 3685 2625 3749 Quam
2674 3703 2774 3756 ego
2824 3687 3173 3745 formidinem
3229 3702 3412 3757 tuam,
3454 3694 3527 3747 ita

1952 3791 2039 3831 me
2066 3774 2232 3832 Musa:
2256 3788 2465 3843 ament,
2488 3779 2650 3833 etiam
2683 3780 3009 3849 laudabam;
3034 3793 3088 3837 et
3113 3784 3271 3838 simul
3290 3786 3522 3840 Atticam

1953 3869 2098 3924 illam
2140 3873 2472 3927 recordabar
2520 3872 2807 3939 fabellam;
2850 3890 2970 3944 quae
3023 3875 3264 3930 hiemum
3317 3878 3419 3933 hoc
3468 3881 3524 3933 in

1955 3960 2199 4017 Vulcano
2257 3965 2756 4033 reprehendentem
2818 3967 3066 4032 inducit,
3106 3970 3250 4037 quod
3312 3974 3522 4041 pectori

1955 4056 2216 4122 humano,
2257 4072 2380 4111 cum
2404 4059 2711 4124 hominem,
2749 4070 2808 4114 ut
2834 4061 2910 4113 ait
2936 4101 2951 4127 ,
2976 4061 3357 4130 labrit-aretur,
3385 4068 3525 4122 ostia

1953 4164 2063 4204 non
2091 4154 2463 4220 apposuisset.
2493 4151 2567 4205 lis
2584 4152 2754 4217 enim,
2789 4152 2881 4207 ubi
2922 4169 3054 4208 usus
3083 4163 3251 4221 esset,
3272 4159 3526 4221 reclusis,

1953 4244 2296 4298 extrinsecus
2340 4259 2467 4298 cum
2524 4245 2642 4315 ipso
2684 4247 3014 4315 agentibus,
3058 4250 3323 4320 quidquid
3382 4254 3527 4306 intus

1955 4336 2420 4391 machinationum
2459 4336 2676 4411 lateret,
2714 4339 3062 4395 manifestum
3111 4341 3380 4397 futurum.
3410 4344 3528 4411 Ego

1956 4444 2085 4483 vero
2123 4446 2223 4484 nec
2255 4430 2309 4483 in
2342 4428 2428 4482 his
2461 4438 2511 4483 te
2539 4430 2741 4483 imitari
2785 4445 3001 4501 aequum
3038 4440 3213 4499 ratus,
3246 4444 3302 4488 et
3336 4450 3529 4491 omnes

263 4523 370 4591 τὴν
416 4517 703 4572 κοινωνίαν
734 4516 830 4569 τοῦ
885 4517 1071 4584 λόγου.
1118 4514 1188 4567 Ἢ
1251 4515 1355 4585 μὲν
1392 4513 1501 4583 γὰρ
1554 4512 1847 4581 παροιμία,

1957 4523 2164 4592 pariter
2209 4522 2265 4577 id
2316 4538 2491 4593 genus
2548 4533 2844 4593 prmtextus
2905 4525 3064 4594 plane
3135 4539 3526 4595 praetervectus

264 4614 433 4667 κοινὰ
458 4612 532 4663 τά
550 4612 658 4663 τῶν
692 4610 863 4680 φίλων
894 4608 1033 4662 εἷναι
1064 4608 1356 4677 φάσκουσα
1378 4606 1508 4671 δεῖν,
1534 4602 1633 4673 τὴν
1664 4600 1848 4671 φιλίαν

263 4706 447 4759 αἴτιον
499 4702 599 4769 τῆς
645 4700 931 4764 κοινωνίας
985 4699 1278 4771 προτίθησι
1330 4696 1441 4749 τῶν
1479 4696 1845 4766 πραγμάτων.

277 4796 428 4865 Ἐγὼ
456 4797 514 4850 δὲ
557 4794 865 4847 τούναντίον
911 4793 1013 4862 τὴν
1045 4791 1331 4845 κοινωνίαν
1367 4792 1464 4842 τοῦ
1499 4788 1845 4859 πράγματος

266 4889 455 4943 αἰτίαν
486 4886 737 4954 γίνεσθαι
764 4885 900 4951 άξιῶ
924 4888 1025 4955 τῆς
1062 4884 1270 4952 φιλίας.
1307 4881 1519 4951 Ὠσπερ
1560 4880 1669 4947 γὰρ
1696 4877 1850 4929 κοινὰ

265 5003 335 5037 τα
382 4986 483 5053 τῆς
537 4984 754 5051 φύσεως
814 4982 1018 5034 δίδοται
1047 4981 1142 5033 καὶ
1183 4978 1465 5038 πλουσίοις
1500 4976 1588 5028 καὶ
1625 4975 1845 5042 πένησι,

265 5084 364 5133 καί
395 5078 523 5131 οὔτε
558 5077 633 5147 τῷ
665 5077 877 5144 βασιλεῖ
929 5076 1065 5144 μετὰ
1095 5076 1195 5143 τῆς
1233 5074 1523 5144 πορφύρας
1553 5072 1848 5139 γεννᾶσθαι

265 5174 576 5243 χαρίζεται,
616 5171 729 5222 οὔτ’
770 5168 836 5221 αὖ
870 5170 949 5237 τῷ
982 5167 1234 5237 βαναύσῳ
1268 5169 1406 5236 μετὰ
1436 5164 1530 5217 τοῦ
1561 5164 1843 5235 τρίϐωνος,

265 5268 408 5319 ἀλλὰ
436 5266 678 5331 γυμνοὺς
705 5262 1053 5330 ἀμφοτέρους
1092 5261 1172 5322 εἰς
1190 5259 1283 5310 τὸν
1311 5258 1424 5328 βίον
1447 5257 1632 5324 ἐξάγει
1658 5272 1672 5287 ·
1703 5253 1846 5306 οὓτω

266 5362 364 5412 καὶ
388 5360 423 5427 ἡ
460 5359 619 5426 σοφία
641 5356 765 5417 τοὺς
794 5354 995 5422 ἑαυτῆς
1030 5352 1335 5423 τροφίμους
1379 5352 1575 5420 ἐπίσης
1619 5350 1843 5418 μαιεύε-

263 5470 359 5506 ται
384 5454 619 5511 πάντας,
667 5451 762 5501 καὶ
810 5450 971 5515 ὃμοια
1005 5448 1072 5499 τά
1104 5446 1203 5513 τῆς
1245 5444 1492 5506 παιδείας
1524 5443 1697 5498 ἅπασι
1727 5443 1845 5494 δια-

264 5548 452 5613 νέμει,
491 5544 587 5595 καὶ
611 5541 815 5609 ἀδελφὰ
854 5541 1072 5609 φρονεῖν
1103 5537 1353 5609 ἀλληλοις
1381 5538 1474 5590 καὶ
1508 5537 1753 5603 αὑτοφυᾶ
1786 5552 1843 5586 τε

266 5644 363 5693 καὶ
386 5636 772 5691 αὐτοδίδακτον
802 5635 946 5703 ἔχειν
968 5634 1109 5696 ἀξιοῖ
1134 5634 1234 5700 τὴν
1265 5632 1464 5699 φιλίαν.
1492 5632 1553 5683 Εἰ
1583 5631 1627 5683 δ’
1656 5631 1845 5699 ὣσπερ

265 5736 299 5800 ἡ
337 5733 503 5803 φύσις
538 5728 806 5800 προϊοῦσα
836 5725 1176 5778 ποικίλλεται
1212 5724 1485 5788 παίζουσα
1510 5724 1607 5793 τὴν
1640 5723 1845 5793 σκηνὴν

266 5827 375 5879 τῶν
408 5822 648 5878 ἐνταῦθα
702 5821 989 5881 ἐνυπνίων,
1021 5823 1114 5871 καὶ
1175 5820 1568 5889 συμφερομένη
1603 5819 1713 5881 τοῖς
1746 5820 1842 5887 τῆς

604 5922 871 5981 ιἈΐιιςτι..
915 5924 1031 5978 Gtt.
1082 5916 1299 5977 CXLV.

1954 4624 2458 4686 transgressusque,
2486 4629 2553 4667 eo
2590 4625 2771 4669 tecum
2805 4617 2967 4669 modo
3006 4632 3185 4687 agam,
3220 4620 3369 4674 velut
3395 4635 3521 4674 cum

1952 4720 2238 4782 pervetere
2303 4710 2616 4765 necessario
2674 4726 2734 4765 ac
2815 4713 3033 4774 amico,
3100 4713 3156 4766 in
3213 4729 3323 4783 quo
3387 4716 3526 4768 nihil

1951 4798 2097 4854 aliud
2167 4814 2329 4868 quam
2395 4800 2703 4854 litterarum
2787 4803 3213 4873 studiorumque
3288 4806 3526 4875 Respicio

1950 4890 2415 4947 Communionem.
2473 4892 2609 4946 Cum
2662 4893 2833 4957 enim,
2878 4896 3023 4963 quod
3077 4913 3163 4950 res
3214 4898 3518 4951 amicorum

1950 4995 2269 5035 communes
2290 4996 2413 5037 esse
2450 4993 2704 5051 oportere
2727 4983 2957 5038 alIirmat
2986 4987 3262 5056 adagium,
3294 5005 3514 5043 causam

1950 5074 2373 5139 communionis,
2419 5076 2743 5140 amicitiam,
2800 5077 2965 5129 rebus
3020 5080 3153 5148 ipsis
3211 5084 3505 5148 pru'struiL

1949 5176 2137 5220 contra
2182 5181 2245 5220 ea
2292 5168 2367 5221 rei
2412 5168 2582 5235 ipsius
2628 5172 3098 5231 communionem.
3137 5189 3355 5227 causam
3420 5193 3522 5241 ego

1948 5271 2068 5310 esse
2116 5257 2242 5309 volo
2292 5256 2566 5310 amiciti-a3.
2612 5259 2824 5329 Quippe
2873 5263 3336 5329 quemadmodum
3377 5280 3523 5318 com-

1951 5349 2134 5403 quuia
2185 5348 2449 5405 divitibus
2501 5360 2556 5404 et
2589 5355 2779 5417 egenis
2832 5367 3045 5408 natura:
3106 5373 3334 5410 munera
3391 5371 3523 5412 sunt

1949 5443 2152 5506 omnia,
2185 5443 2405 5512 quando
2435 5459 2533 5497 uec
2560 5446 2670 5514 regi
2705 5460 2828 5499 cum
2876 5464 3120 5518 purpura
3153 5450 3301 5503 nasci
3339 5450 3523 5505 indul-

1948 5547 2059 5606 get.
2094 5552 2191 5590 nec
2218 5535 2398 5605 opilici
2424 5537 2702 5593 sellulario
2720 5556 2841 5594 cum
2873 5542 3069 5596 seissili
3095 5544 3396 5612 palliastro,
3424 5534 3524 5601 sed

1952 5628 2128 5681 nudus
2172 5641 2433 5697 utrosque
2488 5631 2539 5683 iu
2595 5632 2760 5685 vitam
2813 5633 3039 5688 educit:
3084 5636 3158 5689 ita
3196 5638 3313 5690 suis
3351 5642 3523 5693 etiam

1950 5722 2185 5774 aiumnis
2209 5724 2465 5777 numibus
2503 5727 2721 5778 easdem
2762 5741 2958 5796 operas
2998 5729 3348 5785 obstetrieias
3379 5748 3526 5801 pra:-

1951 5824 2055 5867 sitat
2082 5814 2348 5885 sapientia
2394 5825 2449 5871 et
2469 5817 2667 5874 similia
2697 5822 2910 5875 cunctis
2936 5822 3202 5877 doctrinm
3227 5825 3522 5881 distribuit

3101 5915 3164 5974 ιι
