4232 6432
234 400 341 466 433

1633 402 2046 465 ΕΡιΞΤΟιιΕ.

3376 394 3481 460 434

237 535 365 582 σας,
398 534 584 590 σαυτῳ
613 515 902 588 προσέχειν
934 515 1032 586 μιν
1063 515 1156 570 τὸν
1186 514 1333 582 νοῦν,
1370 516 1469 589 οὐχ
1504 517 1678 591 ἑτέρῳ
1717 536 1808 588 γε,
1834 524 1885 583 Α

1834 524 2034 583 Amus
2059 526 2116 576 et
2153 518 2545 577 commercium
2597 526 2748 574 tuum
2799 516 2884 571 vel
2941 512 3157 601 Cinyrae
3210 511 3482 566 thesauris

236 610 472 674 πείθεις,
504 610 568 664 τὸ
595 610 653 663 δὲ
686 612 812 680 περὶ
859 610 918 662 σὲ
950 608 1251 679 διατρίϐειν
1281 612 1471 680 μεῖζον
1504 611 1610 665 τῶν
1642 614 1807 668 Κινύ-

240 720 337 774 ρου
371 702 650 758 ταλάντων
687 704 764 775 (2)
803 702 1034 757 οἴεσθαι.
1069 701 1377 774 Τοιγαροῦν
1406 704 1519 758 οὔτ’
1544 705 1693 759 ἐστιν
1717 707 1806 761 ὅτε

234 796 347 848 τῶν
378 796 488 850 σῶν
518 794 711 867 σχολὴν
735 796 944 867 ἀγομεν
976 794 1088 850 οὐδ’
1122 796 1214 848 ἐπὶ
1271 796 1489 866 μικρὸν,
1513 797 1575 850 ού
1608 798 1810 866 μᾶλλον

235 887 270 956 ἦ
300 888 461 959 ἡμῶν
491 888 672 941 αὐτῶν
691 905 707 921 ο
758 886 870 942 οὐδ’
898 888 1013 956 ἔχοι
1068 904 1154 952 τις
1194 887 1260 941 ἂν
1287 888 1447 941 ταυτὶ
1477 888 1809 959 ψεύσασθαι.

241 980 355 1033 Καὶ
381 979 555 1044 οὐδεὶς
576 978 658 1046 ὃς,
694 980 828 1050 ἡμῖν
853 980 1120 1051 ὁμιλήσας
1143 1020 1160 1047 ,
1198 980 1261 1035 οὐ
1305 981 1437 1051 περὶ
1470 979 1566 1034 σοῦ
1596 981 1813 1050 πρῶτον

239 1073 503 1142 ἀκήκοεν,
533 1071 725 1126 ἔπειτα
752 1071 809 1125 δὲ
838 1072 934 1125 καὶ
960 1064 1036 1126 ὧν
1063 1069 1265 1139 εξεστι,
1290 1071 1368 1142 τῷ
1399 1072 1539 1143 μετά
1566 1073 1628 1127 σὲ
1655 1073 1814 1143 λόγου

239 1159 560 1229 τυγχάνειν,
591 1160 666 1224 ὡς
721 1158 886 1230 ἔγωγ’
911 1156 1088 1231 οἶμαι,
1139 1162 1552 1231 κοσμουμένων.
1599 1162 1675 1218 Oti
1705 1167 1817 1236 γὰρ

241 1251 421 1321 δήπου
453 1252 513 1305 σὲ
546 1251 647 1320 μὲν
674 1253 781 1322 πρὸ
810 1250 920 1308 τῶν
943 1252 1120 1308 ἀλλων
1151 1254 1309 1325 άγειν
1336 1256 1485 1321 εἰκὸς
1515 1256 1816 1326 αἱρεῖσθαι,

241 1344 355 1399 τῶν
382 1343 427 1398 δ’
479 1344 623 1416 ὑπὲρ
653 1344 748 1398 σοῦ
783 1343 961 1415 λόγων
1008 1345 1254 1414 πρόσθεν
1294 1346 1507 1417 ἑτέροις
1550 1346 1816 1416 τίθεσθαι,

244 1439 338 1491 καὶ
373 1439 611 1509 μάλιστα
668 1440 886 1496 πάντων
937 1441 1231 1511 φιλοῦντας
1286 1442 1348 1496 οὐ
1381 1443 1655 1514 συνῳδοὺς
1705 1445 1821 1509 τοῖς

245 1532 431 1603 ἔργοις
468 1533 785 1602 ὶπιισάγειν
831 1534 959 1598 τοὺς
997 1534 1215 1602 λόγους.
1268 1533 1429 1590 Ἀλλά
1480 1536 1574 1589 καὶ
1625 1535 1820 1589 τούτου

245 1624 504 1687 τοσοῦτος
527 1626 659 1695 ἡμῖν
686 1627 804 1680 ἔστι
829 1626 1010 1696 λόγος,
1048 1624 1182 1680 ὥστ’
1226 1628 1276 1680 si
1318 1627 1487 1697 μηδὲν
1517 1626 1693 1682 ἐκεῖνό
1736 1644 1821 1692 τις

246 1708 413 1774 οἶδεν,
435 1715 499 1766 ἐκ
529 1714 718 1768 τούτου
737 1714 788 1783 γ’
820 1715 887 1770 ἂν
917 1716 1116 1771 ἐνεῖναι
1147 1717 1579 1787 μαντεύσασθαι.
1832 1778 1835 1781 λ

320 1803 583 1872 θορύϐων
606 1805 706 1875 μὲν
736 1802 831 1861 οῦν
861 1806 919 1860 ἑν
980 1808 1261 1878 συλλόγοις
1297 1809 1603 1879 συνέχειαν,
1630 1811 1725 1865 καὶ
1762 1811 1823 1865 τὸ

246 1895 451 1949 τείνειν
478 1898 764 1966 ἀπνευστὶ,
789 1900 884 1955 καὶ
909 1903 1123 1972 κρότων
1174 1901 1505 1972 ὑπερϐολὴν,
1540 1902 1633 1954 καὶ
1658 1919 1822 1957 σπου·
1852 1887 1895 1941 Β

248 1986 347 2048 δάς
379 1986 487 2052 ἔξω
513 1991 979 2061 παραδείγματος,
1009 1991 1139 2046 οἴων
1172 1994 1199 2046 ό
1234 1992 1511 2061 δαιμόνιος
1544 1992 1824 2064 παρ’ὴμῖν

250 2076 573 2142 ἀπολαύεις,
617 2079 748 2144 ἴσως
792 2082 893 2134 οὐκ
944 2082 1186 2150 ἀγνοεῖς,
1230 2083 1387 2145 εἰδὼς
1418 2080 1495 2144 ὡς
1550 2082 1648 2136 ούκ
1678 2079 1825 2141 εἰκὸς

250 2168 431 2231 ἄλλως
470 2171 613 2241 ἔχειν
642 2173 870 2237 ἀπόντος
895 2176 1019 2239 τοὺς
1055 2176 1203 2246 μόνῳ
1232 2193 1315 2229 σοι
1343 2175 1451 2228 τῶν
1475 2175 1647 2229 ὄντων
1677 2173 1828 2245 φιλο-

251 2260 574 2325 νεικοῦντας
618 2267 1003 2335 προσκεῖσθαι·
1034 2267 1151 2321 ἀλλ’
1190 2270 1351 2339 ἡμεῖς
1384 2285 1443 2338 γε
1474 2270 1605 2340 (καὶ
1638 2268 1829 2339 μηδεὶς

250 2355 563 2429 δυσχεράνῃ
592 2358 690 2429 τὴν
729 2360 965 2413 ἀτοπίαν
987 2379 1000 2392 ·
1054 2360 1212 2427 ἀλλά,
1247 2362 1403 2416 ταῦθ’
1432 2362 1603 2426 οὕτως
1639 2363 1830 2433 ἔχοντα

253 2448 986 2522 λιγιζόμενος,θαυμαζέτω
1025 2453 1119 2507 τοῦ
1154 2454 1404 2524 πάθους),
1453 2454 1713 2519 πολλάκις
1764 2454 1828 2524 δή

254 2560 405 2605 τινος
450 2544 582 2611 ἡμῖν
628 2546 979 2617 καθεστώσης
1014 2548 1260 2618 ἀνάγκης
1294 2550 1432 2621 πρὸς
1472 2549 1831 2604 οὑστινασοῦν

255 2636 517 2701 διεξιέναι
544 2638 669 2706 περί
701 2656 818 2705 του,
842 2643 953 2703 τοῖς
988 2640 1128 2712 ὑπὲρ
1163 2642 1255 2694 σοῦ
1303 2642 1539 2714 πρόσθεν
1597 2642 1833 2707 διδόντες

258 2730 415 2794 (οὐδὲ
444 2733 553 2800 γὰρ
607 2730 720 2785 ἔσθ’
748 2733 783 2788 ἃ
822 2734 1025 2803 μᾶλλον
1070 2737 1491 2807 φροντίζομεν),
1551 2735 1835 2806 διατριϐὴν

260 2820 365 2888 μὲν
392 2821 552 2889 μόνον
580 2824 784 2894 ταύτην
820 2826 1079 2895 ἱστῶμεν,
1115 2828 1183 2880 τά
1221 2828 1277 2880 δὲ
1327 2829 1427 2897 τῆς
1457 2828 1645 2898 χρεὲας
1670 2829 1836 2898 ἀναρ-

257 2914 447 2980 τῶμεν
475 2916 553 2977 εἰς
575 2914 750 2983 αὖθις,
780 2919 875 2971 καὶ
898 2919 995 2987 τῆς
1026 2920 1320 2991 ὑστεραίας
1350 2922 1519 2975 ταυτὸ
1544 2921 1724 2986 τοῦτο,
1745 2938 1840 2975 και

259 3005 362 3073 τῆς
391 3005 479 3057 ἐπ’
510 3007 694 3079 ἐκείνῃ
735 3009 886 3063 οὐδὲν
910 3010 1122 3080 ἕτερον,
1157 3012 1272 3065 ἀλλ’
1293 3013 1559 3083 ἀτεχνῶς,
1581 3012 1840 3082 καθάπερ

261 3098 323 3149 ὲν
352 3099 601 3167 περιόδου
644 3104 875 3173 στροφῇ,
906 3103 1045 3175 πρὸς
1086 3103 1145 3156 ἒν
1177 3105 1264 3157 ἀεὶ
1307 3105 1557 3174 τείνομεν
1610 3104 1842 3167 καὶτοῖς

1918 639 2343 701 anteponamus.
2392 628 2463 684 Et
2522 641 2717 683 revera
2770 640 2934 681 nemo
2996 620 3218 691 negabit
3247 635 3347 674 uos
3383 616 3479 671 tibi

1911 742 2027 799 fere
2062 742 2319 814 majorem
2352 754 2517 812 quam
2544 738 2703 796 nobis
2734 738 2869 808 ipsis
2889 749 3113 807 operam
3143 730 3483 803 impendere,

1913 866 1968 912 et
1993 857 2310 927 quicunque
2341 854 2626 911 nobiscum
2679 864 2989 907 sermonem
3027 846 3328 910 conseruit,
3366 859 3484 899 me-

1916 969 2159 1035 minerit,
2230 984 2317 1025 me
2376 978 2529 1023 tuam
2583 973 2713 1021 ante
2776 963 3025 1019 omnium
3059 959 3275 1015 laudem
3302 954 3488 1012 verbis

1916 1083 2243 1140 celebrasse.
2291 1084 2338 1139 A
2390 1088 2445 1138 te
2501 1094 2737 1150 namque
2767 1093 2947 1134 sermo
2976 1071 3317 1131 inchoandus
3348 1086 3363 1136 ;
3397 1079 3487 1125 tua

1919 1200 2041 1255 laus
2086 1181 2213 1255 ante
2264 1197 2447 1255 omnia
2497 1192 2842 1267 praedicanda
2882 1200 3089 1245 etcum
3126 1185 3287 1241 factis
3318 1183 3493 1253 aequi-

1920 1310 2274 1383 ponderanda
2328 1320 2432 1377 est,
2490 1310 2564 1364 ita
2623 1313 2682 1362 ut
2728 1304 2949 1362 auditor
3008 1317 3072 1357 ex
3104 1298 3288 1355 verbis
3309 1309 3491 1353 rerum

1921 1432 2202 1494 gestarum
2239 1419 2676 1492 magnitudinem
2699 1415 2950 1472 divinare
2982 1413 3178 1485 possit.

1998 1828 2116 1886 Non
2156 1839 2210 1883 te
2257 1826 2400 1898 fugit
2443 1834 2581 1897 quot
2624 1832 2681 1881 et
2704 1822 2896 1895 quanti
2931 1822 2984 1875 in
3014 1818 3376 1876 conrionibus
3408 1833 3501 1885 ap-

1926 1939 2169 2009 plausus,
2203 1946 2259 1993 et
2296 1937 2561 1992 clamores
2607 1931 2960 2000 iniuterrupti
3019 1945 3179 1985 aures
3226 1938 3347 1983 tuas
3406 1926 3504 1982 ob.

1927 2058 2215 2119 strepunt;
2264 2048 2439 2120 probe
2494 2046 2695 2102 novisti
2719 2043 2865 2115 quod
2902 2042 3101 2114 singuli
3135 2040 3211 2095 tui
3245 2047 3341 2094 aut
3365 2054 3507 2109 pro»

1929 2164 2101 2221 sentis
2128 2173 2224 2219 aut
2250 2160 2498 2218 absentis
2544 2174 2732 2215 curam
2766 2168 2963 2229 agunt:
2996 2170 3097 2211 nos
3144 2154 3245 2225 ipsi
3277 2154 3500 2224 quidem

1930 2276 2096 2348 (quod
2132 2276 2336 2333 nemini
2369 2272 2688 2339 absurdum,
2727 2272 2839 2326 imo
2866 2271 3069 2325 mirum
3105 2267 3280 2323 videri
3335 2267 3503 2321 debe-

1932 2390 2076 2462 ibit),
2114 2404 2259 2460 smpe
2302 2388 2627 2444 necessitate
2663 2387 2843 2456 aliqua
2876 2384 3063 2441 nescio
3088 2397 3226 2453 quos
3257 2380 3504 2441 allocuti,

1933 2510 1999 2564 de
2060 2516 2113 2563 te
2161 2522 2271 2576 pra:
2323 2504 2535 2561 caeteris
2606 2516 2922 2557 sermonem
2986 2498 3327 2554 instituimus
3378 2496 3503 2563 (hue

1933 2620 2082 2673 cnim
2124 2618 2309 2673 animo
2358 2626 2548 2672 nostro
2583 2614 2638 2670 in
2676 2613 2866 2685 primis
2896 2611 3246 2684 jueundum),
3278 2619 3505 2664 creterra:

1937 2752 2068 2793 vero
2114 2752 2202 2793 res
2234 2736 2301 2790 ad
2332 2736 2435 2790 alia
2469 2744 2523 2790 et
2562 2733 2665 2788 alia
2697 2731 2955 2800 deinceps
2992 2740 3237 2799 tempora
3267 2726 3505 2779 rctuitti~

1939 2863 2085 2912 mus,
2148 2848 2337 2903 iis.lem
2373 2847 2540 2901 rebus
2581 2858 2862 2914 nunquam
2895 2858 3005 2897 non
3050 2856 3269 2909 Operam
3294 2839 3508 2892 dantes.

1942 2965 2010 3022 Ut
2041 2964 2189 3021 enim
2222 2964 2412 3020 furore
2441 2963 2629 3018 divino
2663 2959 2900 3022 incitati,
2931 2968 2994 3014 ut
3033 2964 3192 3028 poeta
3235 2955 3504 3023 loquitur,

1946 3098 2003 3138 se
2063 3082 2211 3152 ipsos
2267 3079 2551 3136 continere
2612 3093 2720 3132 non
2771 3076 2975 3142 valent,
3049 3075 3144 3130 sed
3208 3073 3518 3127 indesinen-

262 3184 453 3253 αὐτοῖς
488 3192 748 3244 ἑκάστοτε
771 3193 1225 3267 προσχωροῦμεν,
1259 3197 1511 3260 εἰκότως.
1556 3193 1691 3249 Οῦτε
1732 3196 1841 3264 γὰρ
1869 3230 1910 3289 C

1869 3230 1910 3289 ϐ
1947 3208 2029 3253 ter
2065 3197 2436 3268 abripiuntur,
2486 3195 2565 3251 sic
2611 3208 2714 3249 nos
2768 3207 3008 3263 quoque,
3043 3192 3119 3247 tui
3154 3190 3518 3246 admiratione

262 3284 314 3337 οἱ
340 3283 464 3355 θείᾳ
497 3285 666 3357 μανὲᾳ
704 3287 963 3341 σύναυλοι
986 3328 1001 3355 ,
1039 3288 1266 3359 ποιητὴς
1300 3290 1375 3356 (5)
1411 3288 1478 3341 ἂν
1530 3282 1706 3350 εἶπεν,
1738 3281 1840 3341 οἷοὶ

263 3376 327 3429 τέ
357 3378 466 3430 εἱσι
516 3381 657 3445 σφᾶς
690 3379 912 3445 αὐτοὺς,
976 3380 1195 3435 ἐπειδάν
1250 3381 1537 3452 κινηθῶσι,
1570 3381 1839 3451 κατέχειν,

267 3470 409 3523 ἀλλὰ
468 3472 811 3543 συνείρουσιν
846 3473 1108 3526 ἀπνευστί
1134 3491 1149 3505 ο
1194 3473 1269 3537 ὣς
1299 3473 1355 3527 δὲ
1400 3474 1495 3526 καλ⁸
1525 3475 1711 3543 ἡμεῖς,
1741 3472 1846 3525 ύπδ

270 3558 369 3610 σοῦ
402 3558 573 3612 πάλαι
622 3559 944 3629 πληγέντες,
982 3561 1281 3631 ἡσυχάζειν
1328 3561 1427 3614 οὐκ
1456 3562 1670 3631 ἔχομεν,
1712 3558 1848 3613 ἀλλά

271 3652 374 3717 τήν
405 3668 462 3703 τε
495 3652 630 3722 πρὸς
651 3653 844 3714 ἄλλους
862 3652 1108 3716 ἅπαντας
1137 3653 1545 3724 μεγαλοψυχίαν
1567 3652 1848 3719 διεξιέναι,

275 3744 419 3812 μετά
443 3747 538 3798 καὶ
559 3745 773 3796 πολλῶν
808 3745 1010 3814 ἑτέρων
1032 3725 1079 3800 δ.
1102 3763 1183 3800 σοι
1207 3746 1469 3817 πρόσεστι
1505 3747 1596 3799 καὶ
1619 3741 1693 3799 ὧν
1717 3745 1843 3799 Θαυο

276 3838 495 3905 μαστάς
548 3838 795 3901 ἅπαντας
844 3838 1010 3909 ἔχεις,
1058 3840 1160 3910 τήν
1209 3856 1269 3893 τε
1300 3839 1436 3909 πρὸς
1484 3841 1633 3910 ἡμᾶς
1654 3838 1852 3901 αὐτοὺς

274 3927 494 4001 εὔνοιαν
519 3930 611 3981 καὶ
644 3930 881 3999 σπουδὴν
907 3930 1179 3998 τοσαύτην
1209 3946 1270 3997 γε
1291 3929 1478 3993 οὖσαν,
1506 3928 1581 3991 ὡς
1612 3927 1855 3989 καὶτοὺς

274 4021 684 4089 γεγεννηκότας
740 4019 975 4082 αὐτούς’
1025 4020 1148 4073 τίδ’
1194 4020 1259 4074 ἂν
1311 4020 1453 4073 εἴποι
1482 4035 1608 4082 τις;
1658 4018 1857 4084 Διεξιέ-

275 4125 367 4160 ναι
413 4108 490 4175 (4)
516 4107 594 4172 δὲ,
628 4110 723 4177 οὐχ
752 4108 781 4161 ὅ
803 4125 854 4160 τι
887 4108 1028 4161 τισὶν
1055 4107 1321 4177 ἠγνόηται
1347 4107 1497 4173 (πῶς
1531 4106 1637 4176 γάρ
1662 4125 1675 4171 ;
1699 4106 1734 4160 ἀ
1759 4123 1857 4174 μο-

275 4201 435 4253 νονοὺ
464 4200 665 4263 πάντες
711 4201 885 4255 ἴσασι.
917 4202 1012 4252 καὶ
1038 4200 1174 4268 πρὸς
1213 4198 1481 4268 ἀλλήλους
1523 4198 1709 4267 σφόδρ’
1741 4195 1856 4250 ἀντ’

278 4293 445 4346 ἄλλου
478 4309 572 4346 του
606 4292 743 4362 μετά
774 4292 869 4345 τοῦ
894 4290 1198 4362 θαυμάζειν
1230 4290 1416 4361 βοῶσι,
1455 4288 1860 4361 μακαρέζοντες

284 4387 389 4455 μὲν
424 4387 548 4455 ἐμὲ,
603 4386 688 4438 σοὶ
726 4386 783 4440 δὲ
816 4387 1201 4455 συνευχόμενοι
1256 4385 1324 4438 τὰ
1374 4384 1591 4454 βελτίω,
1616 4384 1719 4454 τῆς
1761 4383 1862 4455 μὲν

281 4484 453 4548 τιμῆς
512 4478 633 4547 ἐμὲ,
693 4478 775 4530 σοι
804 4478 862 4530 δὲ
911 4476 1182 4546 τοσαύτην
1226 4475 1497 4545 ὁσημέραι
1548 4472 1861 4544 παρέχειν),

1943 3314 2195 3383 abrepti,
2236 3328 2345 3367 non
2415 3311 2695 3381 potuimus
2753 3320 2901 3365 tuam
2946 3308 3002 3363 in
3050 3317 3276 3364 caeteros
3329 3324 3521 3364 omnes

1945 3426 2382 3483 benevolentiam
2431 3441 2539 3482 non
2581 3424 2881 3496 praedicare
2928 3439 3068 3495 quos
3115 3424 3192 3479 tui
3227 3424 3524 3479 admirato-

1949 3554 2036 3592 res
2083 3538 2285 3605 habes;
2336 3554 2462 3594 nam
2519 3548 2611 3594 tua
2638 3555 2767 3610 erga
2791 3554 2890 3594 nos
2913 3553 3133 3610 quoque
3170 3537 3524 3609 magnificen-

1952 3653 2021 3706 tia
2081 3668 2140 3708 ea
2202 3664 2306 3720 est,
2357 3664 2418 3708 ut
2482 3654 2569 3708 vix
2634 3664 2787 3723 pater
2816 3654 2932 3725 ipse
2975 3656 3233 3727 majorem
3265 3654 3526 3709 exhibere

1950 3771 2148 3838 possit.
2179 3770 2322 3836 Quid
2364 3770 2521 3841 plura
2548 3771 2570 3824 ?
2600 3770 2658 3824 In
2693 3770 2891 3841 vulgus
2935 3778 3065 3824 nota
3097 3769 3280 3826 refero
3312 3771 3528 3838 (omnes

1953 3882 2100 3936 enim
2141 3883 2345 3947 sciunt,
2397 3891 2472 3947 et,
2503 3896 2699 3952 magno
2724 3882 2961 3938 clamore
3003 3882 3398 3947 vociferantes,
3439 3899 3525 3936 me

1956 3998 2178 4069 quidem
2205 3997 2427 4053 beatum
2459 3996 2687 4060 dicunt,
2721 3997 2817 4053 tibi
2854 4006 3036 4053 autem
3064 3998 3267 4067 optima
3295 4014 3528 4069 qumque

1958 4124 2280 4180 precantur,
2318 4119 2373 4165 et
2400 4110 2480 4165 sic
2512 4108 2674 4165 nobis
2718 4111 2987 4166 ambobus
3018 4111 3317 4166 maximum
3347 4113 3534 4182 quoti-

1958 4223 2046 4279 die
2103 4224 2365 4279 honorem
2414 4222 2734 4293 tribuunt);
2779 4240 2902 4279 nam
2952 4240 3052 4294 ego
3093 4236 3149 4279 et
3176 4224 3358 4295 quivis
3396 4226 3536 4281 alius

1963 4353 2025 4393 re
2052 4339 2249 4395 merito
2283 4337 2662 4409 indignaretur
2692 4339 2763 4404 si,
2805 4338 2936 4394 dum
2967 4348 3023 4394 tu
3055 4341 3192 4395 nihil
3218 4357 3350 4405 non,
3389 4342 3536 4411 quod

1963 4455 2120 4510 nobis
2148 4455 2282 4510 utile
2307 4469 2425 4512 esse
2462 4457 2623 4525 posit,
2682 4457 2791 4512 imo
2825 4456 2951 4528 plus
2998 4472 3161 4526 quam
3192 4458 3337 4528 quod
3369 4459 3542 4513 debes

284 4572 405 4625 ἀλλ’
434 4572 520 4625 ὃτι
550 4571 659 4623 τῶν
690 4569 1056 4623 ἀτοπωτάτων
1086 4565 1225 4622 εἶναι
1261 4567 1491 4637 νομίζω,
1521 4567 1618 4620 καὶ
1645 4566 1753 4628 πᾶς
1778 4581 1863 4628 τις
1894 4592 1941 4649 D

1894 4592 1941 4649 υ
1965 4569 2020 4624 in
2053 4584 2153 4625 nos
2184 4567 2426 4634 confers,
2456 4584 2558 4625 nos
2590 4569 2859 4625 beneﬁcia
2888 4579 2979 4624 tua
3012 4586 3119 4625 non
3162 4578 3319 4641 grato
3350 4569 3538 4624 animo

288 4664 355 4716 ἂν
414 4660 639 4729 νομίσαι
696 4658 943 4720 δικαίως,
1004 4657 1153 4710 εἰσί)
1212 4655 1315 4725 μὲν
1347 4654 1603 4708 ἁπάντων
1653 4653 1865 4725 ὅσαπερ

288 4754 425 4822 ἡμῖν
482 4752 563 4813 εἰς
619 4749 808 4819 ϐνησιν
836 4741 938 4818 ἧκε
980 4746 1245 4817 πράττειν
1293 4745 1393 4798 οὐκ
1422 4745 1699 4807 ἀποκνείς,
1726 4742 1864 4796 ἁλλά

287 4846 381 4898 καὶ
407 4840 765 4911 ύπερδαὶνεις
808 4837 920 4892 ἔσθ’
972 4838 1062 4891 ὅτε
1118 4838 1217 4908 τὴν
1252 4837 1462 4908 χρείαν,
1502 4836 1656 4889 αὐτοὶ
1695 4833 1738 4889 δ’
1766 4835 1865 4905 οὐχ

284 4940 412 4990 ὅσον
440 4936 642 5004 ἔχομεν
666 4932 851 5000 λέγειν
890 4931 964 4993 ὡς
994 4930 1084 5002 ἀρ’
1114 4925 1173 4985 εὖ
1205 4929 1552 4999 πεπόνθαμεν
1582 4928 1679 4982 καὶ
1702 4927 1864 4998 χάριν

286 5026 688 5097 ὁμολογοῦντες
722 5023 1041 5093 φαίνεσθαι’
1081 5022 1110 5076 δ
1147 5021 1222 5093 μὴ
1252 5020 1537 5083 ποιοῦντες
1568 5020 1864 5090 ἠδικοῦμεν

286 5122 376 5175 ἄν.
418 5119 535 5174 Νῦν
568 5118 623 5170 δὲ
658 5119 724 5171 τά
754 5118 937 5169 εἰκότα
966 5114 1222 5184 δρῶντες,
1248 5114 1348 5166 οὐκ
1377 5112 1443 5166 ἂν
1477 5111 1701 5165 ἐπαίνου
1727 5128 1862 5179 τυγ-

288 5216 559 5284 χάνοιμεν
583 5228 595 5240 ·
624 5211 758 5264 άλλά
780 5209 873 5262 καὶ
892 5208 1085 5261 τούτου
1119 5206 1181 5260 σύ
1227 5207 1282 5273 γ’
1308 5204 1471 5266 αὐτὸς
1500 5203 1706 5267 δίκαιος
1738 5204 1864 5256 ἁτε-

289 5306 454 5377 χνῶς,
487 5304 516 5355 ὁ
547 5301 643 5360 τὰς
672 5300 925 5371 ἀφορμὰς
952 5298 1060 5351 τῶν
1089 5298 1370 5361 τοιούτων,
1398 5295 1464 5348 δι’
1498 5288 1573 5349 ὧν
1603 5297 1680 5359 εἰς
1715 5297 1863 5366 ἡμᾶς

288 5399 558 5452 ἑκάστοτε
607 5392 889 5463 πράττεις,
952 5389 1408 5460 παρασκευάζων.
1474 5387 1705 5455 Μεγάλα
1754 5390 1863 5457 γάρ

288 5493 374 5544 ἀεὶ
408 5485 796 5561 χαριζόμενος,
825 5485 919 5537 καὶ
947 5486 1058 5545 τοῖς
1081 5481 1358 5551 δευτέροις
1383 5481 1453 5533 τὰ
1478 5480 1718 5551 πρότερα
1752 5497 1861 5534 πα·

362 5647 443 5717 (τ’.)
468 5644 543 5717 In
578 5642 929 5717 proverbium
974 5640 1221 5717 abierant
1238 5636 1475 5717 "Ciuy-rrel
1498 5634 1855 5717 Cypriidivi-

296 5706 405 5771 tize.
427 5706 844 5782 Vide-Gregorii
866 5709 1206 5782 seu‘fieorgii
1232 5706 1413 5778 Cyprii
1442 5706 1860 5761 l‘rovcrbiorum

295 5779 868 5843 collectionem(tom.
896 5779 1099 5835 CXLII.
1145 5779 1301 5833 Eutr.

372 5860 447 5922 (.33
489 5856 792 5923 Sophocles
824 5852 1033 5907 scilicet
1069 5851 1153 5919 Α).
1186 5851 1243 5903 (il
1265 5851 1308 5903 Ι.

1966 4690 2131 4752 atque
2193 4696 2289 4737 ore
2343 4680 2760 4737 confiteremur.
2827 4680 3007 4749 Quare
3070 4682 3115 4736 si
3170 4682 3317 4753 quod
3368 4681 3541 4737 debe-

1975 4810 2123 4863 mus,
2178 4794 2433 4859 facimus,
2481 4794 2701 4850 laudem
2753 4794 2915 4851 nobis
2968 4795 3247 4852 vindicare
3280 4797 3404 4853 ideo
3430 4812 3539 4852 non

1965 4925 2255 4981 possumus
2286 4927 2302 4978 ;
2344 4919 2402 4965 ιιι
2432 4920 2642 4979 autem,
2669 4909 2763 4980 qui
2801 4918 3074 4965 tantorum
3120 4910 3173 4964 in
3206 4926 3305 4965 nos
3332 4911 3541 4966 benefi-

1969 5024 2179 5080 ciorum
2237 5034 2432 5079 auctor
2482 5038 2565 5089 es,
2595 5024 2794 5080 merito
2844 5025 2993 5079 omni
3018 5023 3178 5079 laude
3221 5038 3279 5079 es
3318 5023 3538 5093 dignus.

1972 5135 2110 5191 Dum
2163 5136 2311 5193 enim
2372 5136 2583 5207 magnis
2634 5134 2924 5190 beneficiis
2972 5137 3177 5207 majora
3225 5150 3443 5205 semper
3487 5146 3543 5191 ct

1977 5251 2363 5320 praestantiora
2417 5250 2650 5320 adjicis,
2698 5265 2980 5321 nunquam
3028 5262 3205 5304 tamen
3261 5250 3396 5306 satis
3442 5252 3539 5305 tibi

1972 5363 2168 5418 fecisse
2219 5373 2403 5433 putas,
2454 5363 2549 5419 sed
2597 5364 2849 5418 certatim
2897 5363 3180 5432 maiorem,
3225 5379 3387 5433 quam
3440 5380 3543 5419 nos

1971 5482 2095 5549 ipsi,
2133 5480 2306 5535 nostri
2341 5496 2528 5536 curam
2578 5480 2758 5550 geris,
2786 5490 2840 5534 et
2884 5478 3119 5533 maximo
3145 5478 3343 5533 ardore
3375 5478 3540 5533 rebus

2037 5637 2115 5705 (εί)
2157 5636 2245 5691 Sic
2270 5638 2429 5693 codd.
2458 5637 2637 5692 Locus
2655 5637 3004 5691 cstmutilus.
3037 5635 3536 5705 Seususpnstulat:

1984 5706 2070 5769 Ὠς
2096 5709 2187 5760 καὶ
2209 5710 2331 5768 τοὺς
2362 5708 2764 5775 γεγεννηκότας
2788 5707 2982 5770 αὐτοὺς
3009 5707 3085 5775 (τί
3106 5706 3150 5757 δ’
3185 5707 3249 5759 ἂν
3282 5708 3424 5759 εἴποι
3461 5722 3541 5767 τις

1979 5780 2223 5847 μεῖξονς)
2261 5779 2319 5830 οὐ
2358 5778 2527 5847 μείζω
2560 5777 2846 5846 παρέχειν.
