4232 6432
729 385 836 448 635

1947 388 2257 449 THEUDU
2271 386 2340 446 LI
2380 386 2729 446 MONAClll

3869 376 3977 440 4'35

735 512 938 564 nostris
989 510 1196 574 studes,
1248 527 1346 563 nos
1371 509 1504 563 nihil
1546 508 1691 562 aliud
1741 525 1902 578 quam
1931 517 2084 576 grato
2114 506 2300 559 animo
2330 505 2372 557 Α

2330 505 2372 557 Α
2406 501 2560 566 ριὼν,
2606 499 2870 566 ὑστέρων,
2921 497 3108 564 φασὶν,
3152 497 3474 565 ἀμεινόνων,
3519 497 3732 551 οῦδέπω
3757 493 3853 546 καὶ
3885 490 3978 542 νῦν

741 626 1240 695 magnanimitatem
1306 636 1450 678 tuam
1515 625 1812 694 praedicare
1866 637 2177 693 possumus.
2244 619 2299 673 Si

736 743 884 795 enim
933 740 1200 795 beneficia
1248 752 1338 794 tua
1401 740 1608 795 referre
1660 756 1767 794 non
1813 755 2129 810 possumus,
2159 739 2302 794 sicut

731 856 1126 922 desideramus,
1171 858 1417 926 utrisque
1450 858 1603 911 nobis
1655 858 1970 912 testimonio
1996 869 2102 921 est,
2139 853 2301 910 nobis

732 972 952 1040 quidem
979 972 1124 1042 quod
1158 973 1440 1027 benefacta
1489 974 1699 1042 experti
1747 989 1956 1039 sumus,
1982 989 2156 1044 eaque
2188 988 2300 1027 ma-

733 1086 874 1138 xima
907 1085 1352 1143 bcncfacloribus
1388 1097 1586 1158 sponte
1616 1102 1681 1143 ea
1709 1087 2148 1146 conferentibus.

802 1793 908 1848 Sed
951 1803 1030 1857 et,
1075 1793 1163 1848 bis
1207 1795 1476 1858 contenti,
1523 1795 1760 1850 libenter
1785 1798 2076 1852 inferiores
2107 1798 2294 1854 haberi

721 1907 980 1970 velimus,
1036 1907 1166 1961 dum
1232 1925 1328 1979 par
1359 1911 1474 1978 pari
1507 1910 1711 1965 referre
1737 1911 1882 1966 haud
1909 1911 2194 1976 valemus;
2232 1911 2287 1964 in

721 2036 831 2088 quo
857 2021 1030 2087 magis
1072 2035 1322 2074 amamus
1377 2031 1524 2076 tuam
1555 2022 1834 2092 injuriam,
1863 2039 2025 2091 quam
2058 2025 2293 2078 benevo-

724 2136 950 2188 lentiam
983 2135 1250 2204 experiri.
1293 2137 1427 2191 Esse
1468 2139 1612 2191 enim
1643 2139 1696 2192 in
1724 2154 1954 2194 numero
1975 2155 2166 2194 eorum
2198 2139 2292 2210 qui

736 2253 836 2307 abs
895 2267 948 2306 te
1010 2253 1377 2318 honorantur,
1419 2265 1475 2309 et
1514 2255 1718 2325 quibus
1749 2266 1806 2310 tu
1843 2257 1982 2311 bene
2018 2256 2174 2320 facis,
2203 2272 2291 2312 sa-

724 2371 831 2422 tius
871 2379 976 2430 est,
1023 2369 1095 2423 ob
1141 2371 1244 2424 tela
1287 2386 1350 2424 ac
1386 2371 1586 2439 philtra
1632 2379 1746 2436 tua,
1781 2387 1947 2440 quam
1976 2371 2020 2426 si
2050 2388 2151 2427 nos
2183 2372 2290 2442 ipsi

722 2487 952 2539 alterum
991 2485 1369 2540 benefactorcs
1413 2486 1743 2541 haberemur
1782 2489 2085 2555 przesertim
2118 2487 2188 2540 ob
2229 2502 2292 2540 ca

724 2616 846 2670 qua:
868 2600 1028 2654 muth
1049 2600 1308 2663 diximus,
1336 2617 1605 2656 memores
1628 2601 1898 2670 proverbii
1925 2602 2070 2670 quod
2090 2601 2293 2655 similes

731 2715 1010 2768 sitnilibus
1043 2716 1277 2769 associat
1316 2715 1682 2786 aliquatenus.
1718 2716 1857 2782 Quid
1895 2732 2059 2785 porro
2083 2717 2292 2772 Laertis

730 2828 843 2881 filio
882 2829 1264 2884 bonorabilius
1303 2846 1424 2885 esse
1447 2839 1627 2895 potest
1667 2847 1830 2902 quam
1861 2832 2114 2887 Minerva:
2135 2833 2290 2888 favor

720 2955 774 2997 et
818 2944 1081 3009 amicitia,
1128 2956 1181 3000 et
1229 2962 1392 3016 quam
1442 2947 1558 3017 ipse
1590 2964 1701 3017 pra:
1738 2949 1954 3004 caneris
1987 2949 2291 3006 divinitati-

719 3061 823 3115 bus
871 3062 1012 3130 apud
1069 3061 1392 3131 Sephoclem
1456 3065 1562 3119 sibi
1637 3065 1909 3120 faventem
1974 3066 2206 3136 judical,
2259 3082 2287 3120 a

720 3171 826 3225 qua
879 3157 1063 3210 omnia
1119 3158 1266 3210 onmi
1327 3166 1572 3228 tempore
1622 3161 2019 3229 gubernantur,
2056 3163 2200 3218 sicut
2233 3172 2286 3217 tu

723 3272 837 3340 ipse
881 3287 980 3326 nos
1015 3272 1274 3341 majorem
1315 3275 1368 3327 in
1405 3278 1624 3329 modum
1665 3280 1825 3347 regis.
1863 3278 2005 3344 Quin
2039 3279 2148 3334 imo
2184 3296 2291 3334 non

724 3409 848 3465 erga
905 3408 1004 3448 nos
1053 3394 1154 3448 ista
1213 3391 1586 3448 familiaritate
1646 3394 1836 3459 uteris,
1877 3410 2064 3448 curam
2100 3410 2292 3449 eorum

726 3511 988 3579 gerendo,
1018 3510 1112 3564 sed
1141 3510 1194 3563 in
1230 3524 1443 3574 omnes,
1481 3511 1635 3580 quasi
1688 3511 1807 3581 lege
1847 3522 1942 3566 aut
1969 3512 2297 3566 necessitate

722 3631 903 3698 aliqua
954 3644 1020 3683 co
1070 3629 1408 3698 perducaris,
1444 3638 1495 3683 te
1525 3628 1911 3684 accommodas
1942 3628 2296 3697 etexemplar

722 3758 775 3798 te
834 3744 1068 3813 praebes,
1134 3745 1297 3813 idque
1355 3760 1462 3798 non
1517 3744 1704 3812 paucis
1735 3743 2084 3812 quibusdam.
2128 3743 2297 3813 Magis

719 3860 866 3912 enim
900 3869 950 3912 te
975 3859 1128 3928 juvat
1165 3858 1208 3911 si
1248 3857 1346 3911 tibi
1372 3856 1536 3911 datur
1559 3857 1683 3912 aliis
1715 3859 1852 3912 bene
1885 3857 2088 3922 facere,
2126 3872 2294 3926 quam

719 3978 763 4030 si
799 3977 890 4030 alii
919 3975 1016 4030 tibi
1049 3974 1318 4029 beneficia
1363 3975 1662 4030 conferunt
1690 3994 1705 4042 ;
1759 3991 1883 4029 nam
1919 3977 2143 4046 quando
2172 3977 2293 4046 das,

718 4096 968 4164 accipere
1048 4093 1234 4162 potius
1291 4093 1391 4146 tibi
1444 4093 1689 4158 videris;
1740 4110 1910 4164 quare
1970 4097 2062 4165 qui
2123 4098 2292 4153 indoli

719 4222 824 4264 tua:
869 4224 926 4264 se
963 4208 1400 4271 accommodant,
1426 4209 1744 4274 veneraris;
1782 4210 1876 4278 qui
1926 4210 2107 4264 minus
2133 4211 2185 4264 id
2220 4210 2296 4264 fa-

717 4322 908 4387 ciunt,
944 4330 1002 4373 ut
1039 4319 1290 4373 inimicos
1329 4319 1731 4389 tergiversaris.
1776 4320 1947 4375 Nemo
1973 4323 2120 4375 enim
2158 4323 2294 4392 peti-

719 4433 885 4486 tionis
936 4431 1001 4485 ad
1056 4441 1105 4486 te
1154 4432 1346 4487 delatae
1395 4435 1668 4502 repulsam
1731 4435 1875 4501 tulit,
1917 4435 2032 4490 sive
2064 4436 2283 4506 dignus,

2411 591 2790 661 μεγαλοψυχίᾳ
2817 589 3040 660 γνώμης
3070 590 3170 642 οίει
3203 607 3253 642 τι
3282 590 3390 642 τῶν
3408 592 3638 644 εἰκότων
3661 585 3975 657 εἰργάσθαι,

2406 683 2512 737 οὐδ’
2560 684 2760 751 ἐγγύςο
2799 681 3132 750 ἁλλ’ὦσπερ
3184 682 3320 752 πρὸς
3367 683 3531 746 αὐτὸς
3585 678 3780 734 σαυτὸν
3838 678 3979 744 ὑπὲρ

2407 775 2564 844 ἡμῶν
2621 775 3024 842 ἁμιλλώμενος,
3073 773 3167 826 καὶ
3213 771 3416 842 μᾶλλόν
3443 773 3570 842 γεῆ
3626 773 3788 841 ἡμεῖς
3838 770 3980 834 ὑπὲρ

2405 868 2564 936 ἡμῶν
2591 868 2792 930 αὐτῶν,
2824 865 2965 918 οὓτω
2993 866 3322 936 φροντίζεις,
3352 867 3514 936 κόρον
3537 865 3729 918 οὐδένα
3760 862 3980 916 πώποτε

2403 959 2694 1029 δεχόμενος
2747 959 2846 1027 τῆς
2901 958 3160 1026 σπουδῆς,
3213 959 3280 1030 ἢν
3341 960 3503 1028 ἡμεῖς
3543 958 3983 1025 ἀντεισενεγκεῖν

2405 1053 2497 1106 ἐπὶ
2527 1055 2639 1115 τοῖς
2685 1052 2823 1115 ῐσοις
2854 1052 2952 1104 οὐκ
3012 1050 3253 1120 ἔχοντες,
3297 1052 3456 1114 δῆλον
3485 1051 3748 1121 ποιοῦμεν
3782 1051 3983 1104 ὁπόσον

2407 1143 2469 1199 εὖ
2502 1145 2787 1215 πάσχομεν
2809 1161 2822 1176 ο
2859 1144 2936 1215 τῷ
2957 1145 3012 1198 δέ
3040 1145 3191 1214 αὐτῷ
3240 1145 3336 1198 καὶ
3369 1146 3516 1215 ἡμᾶς
3551 1145 3750 1207 αὐτοὺς
3776 1143 3871 1198 καὶ
3920 1144 3983 1195 τὸ

2406 1239 2548 1291 κατὰ
2583 1238 2642 1291 σὲ
2669 1238 2840 1304 δήπου
2874 1237 3163 1309 σεμνύνειν
3188 1238 3408 1306 ἔχομεν.
3484 1236 3550 1290 Ἢ
3603 1238 3713 1306 γὰρ
3772 1241 3830 1290 ἐν
3859 1240 3984 1298 ταῖς

2404 1330 2663 1397 ἀμοιϐαῖς
2715 1329 2920 1396 ἀπορία
2973 1331 3067 1383 καὶ
3095 1329 3154 1382 τὸ
3214 1329 3383 1397 μηδὲν
3416 1329 3561 1399 ἔχειν
3614 1331 3984 1399 ἀποχρώντως

2404 1422 2747 1474 ἐκτετικέναι
2803 1423 3106 1491 τεκμήριον
3162 1424 3252 1474 ἐπὶ
3298 1424 3444 1476 δυοῖν
3501 1425 3615 1476 τοῖν
3647 1423 3982 1486 καλλίστοιν,

2403 1512 2538 1583 ὁμοῦ
2593 1514 2720 1575 τούς
2757 1530 2814 1565 τε
2877 1516 3182 1584 πάσχοντας
3235 1513 3296 1568 εὖ
3347 1516 3474 1578 τούς
3514 1533 3573 1568 τε
3603 1514 3660 1567 εὖ
3691 1513 3983 1577 ποιοῦντας

2402 1605 2666 1669 δεικνύον,
2699 1608 2826 1668 τοὺς
2857 1607 2957 1676 μὲν
2987 1606 3093 1658 τῶν
3123 1607 3398 1676 μεγίστων
3439 1608 3826 1678 τυγχάνοντας,
3858 1607 3985 1670 τοὺς

2402 1699 2458 1751 δέ
2498 1699 2720 1752 τοιαῦτα
2762 1698 3172 1769 χαριζομένους.

2472 1793 2548 1844 Οὐ
2583 1794 2688 1862 μὴν
2723 1792 2858 1870 ἀλλὰ
2907 1792 3001 1844 καὶ
3029 1790 3298 1843 τούτοισιν
3345 1790 3413 1846 ἂν
3438 1792 3842 1861 αὖταρκοῦντες
3874 1795 3984 1848 ἐδε-

2406 1883 2595 1951 ξάμεθ’
2635 1884 2699 1936 ἂν
2731 1884 2972 1945 ἑκόντες,
3021 1880 3082 1936 εὖ
3119 1884 3251 1944 ἴσθι,
3280 1883 3348 1936 τὰ
3381 1884 3608 1938 τοιαῦτα
3650 1887 3852 1952 μᾶλλον
3890 1889 3983 1954 ἠτ-

2403 1973 2602 2028 τᾶσθαι
2633 1975 2857 2043 φέροντι
2909 1973 2986 2043 τῷ
3013 1972 3192 2044 θυμῷ,
3226 1975 3258 2044 ἦ
3313 1974 3596 2043 περαίνειν
3625 1977 3681 2041 ἐξ
3714 1976 3984 2042 ἀναλόγου

2403 2067 2687 2130 δύνασθαι,
2730 2069 2865 2120 ὅπου
2896 2084 2959 2134 γε
3007 2067 3099 2120 καὶ
3139 2067 3238 2136 τὴν
3273 2067 3420 2138 παρὰ
3483 2065 3578 2120 σοῦ
3628 2068 3831 2138 μᾶλλον
3884 2068 3982 2138 ζη-

2406 2161 2538 2231 μίαν
2572 2160 2666 2213 τοῦ
2696 2159 2828 2229 παρ’
2867 2159 3212 2213 ὡντινωνοῦν
3247 2155 3310 2213 εὖ
3341 2160 3692 2215 πεπονθέναι.
3740 2162 3814 2214 τὸ
3869 2164 3982 2234 γὰρ

2401 2256 2510 2309 τῶν
2545 2256 2651 2309 ὑπὸ
2683 2254 2777 2308 σοῦ
2809 2255 3250 2323 κεκοσμημένων
3277 2256 3535 2322 ὁρᾶσθαι,
3579 2255 3671 2308 καὶ
3707 2259 3768 2308 σέ
3800 2257 3852 2322 γ’
3882 2258 3981 2310 αὖ·

2401 2350 2492 2401 τὸν
2523 2351 2602 2412 εἰς
2643 2349 2942 2418 εὐεργέτας
2973 2347 3301 2416 ἐγγράφειν,
3343 2346 3459 2400 ἐστι
3513 2348 3614 2416 μὲν
3673 2350 3766 2400 καὶ
3803 2350 3982 2413 ἄλλως

2399 2442 2489 2494 διά
2518 2443 2584 2494 τά
2619 2442 2684 2494 σὰ
2719 2441 2846 2510 βέλη
2896 2440 2989 2491 καὶ
3027 2441 3228 2510 φίλτρα
3270 2439 3519 2502 πλείονος
3562 2442 3738 2506 ἀξιον,
3768 2444 3798 2513 ἢ
3830 2445 3980 2511 ἡμᾶς

2402 2534 2599 2593 αὐτοὺς
2641 2533 2720 2593 εἰς
2751 2529 3048 2600 εὐεργέτας
3075 2530 3375 2584 ὀτοισινοῦν
3421 2532 3758 2600 γράφεσθαι,
3794 2535 3980 2604 πολλῷ

2400 2625 2455 2677 δὲ
2496 2625 2698 2692 μᾶλλον
2730 2624 2795 2676 δι’
2831 2618 3017 2693 ὦνπερ
3068 2624 3399 2693 ἐμεμνήμην
3427 2624 3653 2694 ἀρτίως,
3711 2626 3891 2689 ἄλλως
3918 2645 3978 2678 τε

2401 2720 2496 2772 καὶ
2523 2720 2621 2787 τὴν
2649 2717 2956 2787 παροιμίαν
2989 2717 3222 2781 εἰδότας,
3250 2718 3360 2771 τῶν
3390 2719 3501 2781 τοῖς
3525 2720 3766 2788 ἑταίροις
3802 2737 3977 2790 προσ-

2397 2809 2566 2860 όντων
2595 2809 2676 2868 είς
2717 2807 3007 2868 κοινωνοὺς
3045 2806 3384 2858 καθιστᾶσαν
3445 2805 3651 2875 τρόπον
3713 2807 3777 2876 δή
3823 2825 3974 2861 τινα.

2402 2900 2604 2964 Μεῖζον
2637 2898 2692 2951 δὲ
2727 2898 2820 2951 καὶ
2846 2897 2924 2964 τῷ
2956 2898 3203 2965 Λαέρτου
3246 2897 3384 2966 πρὸς
3419 2896 3575 2960 δόξαν
3623 2900 3745 2950 ὅτου
3795 2901 3878 2960 τίς
3911 2900 3977 2951 ἂν

2399 2995 2543 3045 εἴποι
2584 2990 2786 3050 παντὸς
2821 2991 2854 3059 ἠ
2886 2989 3038 3058 παρὰ
3076 2986 3175 3057 τῆς
3213 2987 3447 3057 Ἀθηνᾶς
3479 2988 3862 3058 φιλανθρωπία
3881 2993 3978 3043 καὶ

2400 3085 2561 3156 χάρις
2592 3085 2690 3137 καὶ
2715 3085 2775 3136 τὺ
2816 3085 3212 3154 συναιρόμενον
3252 3085 3312 3138 ἐν
3351 3085 3541 3149 παντὶ,
3611 3085 3679 3154 ἣν
3730 3086 3825 3138 καὶ
3855 3086 3978 3154 φιλ-

2398 3180 2572 3245 τάτην
2605 3178 2702 3246 οὐχ
2731 3179 2855 3229 ὅσον
2911 3176 3075 3239 αὐτὸς
3119 3177 3270 3246 αὐτῷ
3315 3179 3684 3248 διαφερόντως
3726 3178 3836 3232 τῶν
3878 3180 3977 3232 ἅλα

2399 3274 2506 3324 λων
2541 3273 2680 3323 θεῶν
2713 3272 2864 3338 παρὰ
2894 3269 3158 3338 Σοφοκλεῖ
3185 3274 3474 3341 μαρτυρεῖ,
3523 3272 3660 3323 ἀλλὰ
3693 3274 3786 3325 καὶ
3829 3273 3897 3326 τά
3927 3274 3976 3326 τ’

2397 3365 2492 3421 οὖν
2528 3368 2700 3434 πάρος
2747 3366 2818 3418 τά
2857 3364 2904 3417 τ’
2943 3366 3024 3426 εἰς
3064 3364 3256 3417 ἔπειτα
3289 3365 3396 3418 ὑπὸ
3425 3366 3656 3433 ταυτησὶ
3701 3364 3975 3435 κυϐερνᾶο

2401 3460 2548 3521 σθαι,
2618 3458 2873 3527 καθάπερ
2931 3459 3095 3527 ἡμεῖς
3145 3458 3251 3510 ὑπὸ
3320 3457 3439 3522 σοῦ,
3511 3460 3858 3528 καὶμᾶλλον
3921 3461 3974 3526 γ’

2399 3553 2582 3620 ἡμεῖς.
2615 3549 2811 3604 Καίτοι
2866 3550 2918 3603 τί
2945 3550 3125 3617 λέγω;
3155 3549 3232 3602 Οὐ
3264 3550 3374 3620 γάρ
3403 3553 3534 3620 ἡμῖν
3571 3553 3754 3612 αὐτοῖς
3786 3554 3977 3619 μονοις

2399 3646 2572 3706 οὕτως
2597 3646 2816 3706 οἰκείως
2841 3643 3007 3712 ἔχεις,
3029 3644 3139 3696 οὐδ’
3176 3644 3269 3696 ἐπὶ
3297 3644 3555 3696 τοσοῦτον
3585 3645 3974 3713 μεμελέτηκας

2399 3740 2661 3810 χρῆσθαι,
2709 3737 2846 3790 ἀλλὰ
2881 3738 3020 3806 πρὸς
3061 3737 3186 3800 τοὺς
3237 3738 3430 3802 ἄλλους
3465 3739 3712 3800 ἅπαντας
3757 3739 3816 3803 ἐξ
3869 3742 3972 3808 ἀρ-

2399 3832 2520 3902 Χῆςν
2557 3831 2750 3900 ὥσπερ
2781 3831 3028 3898 ἀνάγκην
3066 3830 3204 3898 ἔχων
3252 3831 3285 3899 ἢ
3323 3831 3490 3898 νόμον
3534 3834 3972 3899 κεκρατηκότος,

2397 3921 2569 3983 οὔτως
2603 3921 2906 3990 ἐπικαίρως
2927 3923 3195 3991 ἥρμοσαι,
3227 3924 3323 3974 καὶ
3355 3923 3676 3986 πάντεςέπὶ
3714 3923 3802 3976 σοὶ
3839 3943 3972 3976 ταν-

2399 4012 2527 4080 τησὶ
2575 4010 3002 4080 πειρῶνταιτῆς
3025 4011 3275 4080 γνώμης.
3317 4013 3457 4064 Ἀλλ’
3498 4015 3599 4066 οὐκ
3633 4016 3713 4075 είς
3747 4015 3973 4083 εὐαριθ-

2402 4104 2610 4172 μήτους
2654 4103 2878 4170 ὁρίζεις,
2935 4103 3045 4154 οὐδ’
3075 4105 3158 4168 ἐφ’
3199 4102 3289 4165 οὓς
3313 4105 3433 4172 μὲν,
3456 4107 3540 4173 ἐφ’
3573 4104 3666 4168 οὓς
3684 4107 3727 4158 δ’
3762 4107 3823 4158 οὗ
3846 4124 3859 4136 ·
3887 4103 3970 4169 οἷς

2397 4197 2505 4264 γὰρ
2537 4197 2660 4256 τοῦς
2694 4195 2889 4255 ἄλλους
2926 4194 2983 4246 εὖ
3022 4198 3194 4246 ποιεῖν
3215 4197 3378 4265 ἔχεις,
3406 4196 3618 4260 τούτοις
3636 4199 3797 4260 αῦτὸς
3832 4199 3970 4252 πολὺ

2399 4292 2602 4360 μᾶλλον
2635 4289 2887 4358 πέφυκας
2924 4290 3136 4358 χαίρειν
3173 4292 3364 4359 ὅτιπερ
3404 4285 3460 4342 εῦ
3498 4293 3674 4343 ποιεῖν
3695 4290 3837 4359 ἔχεις
3881 4294 3974 4344 καὶ

2394 4381 2716 4452 χαρίζεσθαι
2734 4380 2958 4448 μᾶλλον,
2978 4381 3009 4449 ἢ
3028 4379 3186 4434 τοῦτο
3208 4379 3484 4449 πάσχοντα
3512 4381 3812 4450 φαίνεσθαι·
3837 4384 3972 4450 μᾶλ-

2395 4476 2487 4528 λον
2518 4476 2574 4527 δὲ
2602 4476 2775 4536 διδοὺς
2804 4473 2966 4534 αὐτὸς
2998 4474 3099 4524 οἴει
3150 4473 3473 4541 λαμϐάνειν,
3509 4477 3601 4527 καὶ
3633 4477 3760 4537 τοὶς
3797 4479 3972 4543 ἐπαγ-

717 4547 832 4601 sive
874 4563 981 4600 non
1018 4546 1204 4609 fuerit,
1263 4547 1534 4614 siquidem
1586 4549 1817 4603 aliorum
1845 4550 2120 4605 desideria
2149 4568 2286 4621 prze-
2320 4560 2364 4614 ι)

2320 4560 2364 4614 D
2393 4562 2754 4631 γελλομένους
2783 4560 2859 4622 ὡς
2911 4559 3295 4622 συντελοῦντας
3345 4563 3410 4631 τῇ
3463 4565 3526 4629 σῇ
3577 4562 3736 4629 φύσει
3772 4564 3971 4616 πολλοῦ

719 4664 899 4727 venis,
938 4663 1063 4716 aliis
1087 4663 1228 4717 bene
1257 4661 1492 4716 faciendi
1544 4663 1846 4731 cupiditate
1892 4673 2092 4719 motus.
2127 4666 2292 4719 ﬂecte

718 4779 883 4845 igitur
940 4778 1173 4831 dixerint
1245 4786 1296 4832 te
1352 4778 1498 4831 notis
1551 4788 1606 4832 et
1665 4779 1867 4847 ignotis
1918 4779 2057 4834 bene
2082 4779 2288 4846 facere,

720 4908 958 4958 quorttm
992 4891 1082 4944 alii
1113 4891 1222 4946 tuis
1253 4892 1363 4962 jam
1397 4892 1682 4946 beneficiis
1714 4894 1993 4958 fruuntur,
2034 4895 2130 4950 alii
2181 4896 2289 4950 frui

716 5008 982 5074 gestiunt.
1008 5005 1143 5060 Nam
1167 5007 1262 5076 qui
1284 5007 1458 5060 ultimi
1503 5019 1796 5072 venerunt,
1815 5027 1920 5064 non
1938 5011 2288 5068 minusacce-

718 5131 921 5190 perunt
951 5122 1019 5175 iis
1049 5122 1142 5191 qui
1170 5137 1234 5176 ex
1265 5124 1426 5193 longo
1465 5135 1710 5194 tempore
1742 5126 1797 5179 in
1821 5130 2285 5185 consuetudinem

716 5235 922 5304 recepti
980 5235 1220 5290 fuerant.
1291 5237 1494 5304 Quare,
1551 5249 1612 5294 ut
1674 5239 1867 5294 iisdem
1922 5243 2108 5297 verbis
2142 5255 2286 5308 utar,

715 5357 772 5398 et
805 5355 963 5399 notos
988 5355 1041 5400 ct
1071 5348 1284 5417 ignotos
1323 5349 1378 5402 in
1437 5352 1776 5406 consortium
1807 5363 1959 5408 tuum
2000 5356 2282 5426 recepisti.

788 5460 841 5513 Si
901 5477 1063 5528 porro
1103 5463 1363 5532 mejuvat
1420 5465 1542 5517 talia
1573 5466 1640 5520 de
1677 5475 1729 5522 te
1757 5468 1942 5525 dicere
1967 5509 1979 5536 ε
2008 5471 2110 5526 alia
2139 5487 2285 5541 qua:-

723 5576 837 5627 Jatn
873 5575 1152 5644 aliquanto
1183 5579 1363 5632 minus
1398 5578 1692 5633 delectant.

788 5825 840 5879 Si
908 5826 1053 5881 enim
1097 5838 1304 5886 tantum
1333 5833 1594 5901 temporis
1623 5850 1650 5890 τι
1689 5847 1754 5902 te,
1797 5853 2030 5904 quocum
2065 5853 2279 5908 semper

2395 4665 2537 4710 τινος
2589 4648 2827 4719 κρίνεις,
2858 4649 2981 4701 τοὺς
3013 4648 3068 4700 δὲ
3107 4647 3181 4715 μὴ
3216 4647 3372 4699 τοῦτο
3416 4646 3728 4713 ποιοῦντας,
3770 4651 3972 4702 σαυτοῦ

2397 4739 2634 4806 νομίζων
2665 4739 2914 4808 ἐχθροὺς,
2947 4738 3293 4807 ἀποστρέφῃ.
3320 4737 3394 4789 Οὐ
3419 4739 3528 4807 γάρ
3555 4739 3700 4790 ἐστιν
3732 4741 3793 4801 ὃς
3823 4744 3976 4808 αἰτή-

2397 4851 2495 4896 σας
2519 4832 2816 4902 ἠτύχηκεν,
2840 4832 2934 4884 ἐάν
2963 4833 3236 4895 τε,τοὺτου
3267 4830 3316 4897 γ’
3337 4831 3502 4893 ἀξίως
3532 4832 3650 4902 ἔχῃ,
3674 4833 3764 4884 ἐάν
3794 4851 3850 4884 τε
3879 4841 3972 4887 καὶ

2397 4927 2508 4995 μή’
2549 4925 2686 4978 ἀλλὰ
2727 4925 2818 4976 καὶ
2860 4923 3086 4992 φθάνεις
3118 4924 3218 4984 τὰς
3263 4922 3562 4992 ἐπιθυμίας
3601 4924 3707 4975 τῶν
3772 4925 3831 4976 εῦ
3873 4944 3973 4977 πα-

2401 5019 2516 5069 θεῖν
2576 5017 2874 5084 δεομένων,
2907 5015 3096 5081 ὦσπερ
3123 5015 3274 5067 οἰδὲν
3305 5015 3493 5083 ἓτερον
3529 5016 3586 5079 ἐξ
3627 5017 3800 5084 ἀρχῆς
3837 5018 3868 5085 ἧ
3911 5019 3969 5070 εὖ

2393 5113 2571 5164 ποιεῖν
2629 5109 3041 5178 μεμελετηκώς.
3083 5107 3226 5160 Ἀνθ’
3285 5102 3361 5159 ὧν
3427 5108 3620 5161 ἔπεστί
3673 5126 3763 5177 μοι
3831 5109 3969 5177 θαρο

2395 5201 2633 5267 ρούντως
2663 5201 2864 5268 λέγειν,
2889 5202 2968 5253 ὅτι
3008 5201 3099 5252 καὶ
3133 5198 3225 5262 οὒς
3247 5195 3403 5251 οἶσθα
3428 5203 3520 5252 καὶ
3565 5200 3655 5262 οὒς
3682 5201 3782 5253 οὐκ
3811 5199 3968 5254 οἶσθα

2392 5296 2567 5356 ποιεῖς
2595 5289 2675 5358 εὖ,
2711 5294 2837 5353 τοῦς
2875 5292 2976 5360 μὲν
3009 5285 3089 5353 οἷς
3116 5289 3225 5342 τῶν
3255 5289 3361 5342 σῶν
3383 5289 3759 5352 ἀπολαύοντας
3795 5292 3964 5360 ἔχεις,

2388 5387 2514 5447 τοὺς
2546 5385 2590 5436 δ’
2626 5387 2749 5437 ὅσον
2777 5383 2885 5436 ἀπὸ
2915 5383 3009 5435 τοῦ
3038 5382 3345 5451 βούλεσθαι·
3384 5383 3475 5434 καὶ
3497 5385 3605 5449 γὰρ
3634 5384 3697 5452 δὴ
3722 5384 3967 5436 κάκεῖνοι

2389 5480 2497 5531 τῶν
2535 5481 2599 5530 ἐκ
2638 5477 2972 5531 παλαιτάτου
3006 5476 3248 5542 συνήθων
3302 5477 3403 5528 οἰκ
3433 5478 3497 5529 ἂν
3525 5476 3748 5528 ἔλαττον
3781 5477 3963 5544 ἔσχον,

2389 5573 2438 5621 εἰ
2464 5571 2623 5638 μόνον
2654 5571 2732 5630 είς
2765 5570 3166 5637 πεῖρανῇεσαν.
3207 5568 3395 5628 Ὥστε,
3425 5567 3472 5618 εί
3500 5567 3580 5618 δεῖ
3611 5569 3722 5627 τοῖς
3778 5568 3965 5623 αὐτοῖς

2390 5659 2484 5708 καὶ
2518 5652 2671 5717 αὖθις
2712 5655 3214 5724 ὀνόμασιχρῆσθαι,
3240 5655 3489 5722 καθάπερ
3523 5656 3579 5705 ἐν
3627 5653 3772 5721 χορῷ
3800 5670 3963 5722 συνᾳ-

2386 5751 2610 5810 δόντων,
2641 5748 2732 5801 καὶ
2751 5747 2842 5810 οὓς
2865 5744 3023 5799 οἶσθα
3068 5748 3162 5799 καὶ
3206 5745 3298 5807 οῦς
3344 5747 3442 5797 οὐκ
3464 5741 3620 5796 οἶσθα
3671 5745 3963 5811 κέκτησαι.

2474 5841 2617 5910 Ἐγὼ
2692 5840 2746 5892 δὲ
2793 5835 2871 5902 οἷς
2916 5841 3057 5908 ὑπὲρ
3103 5839 3196 5892 σοῦ
3249 5838 3421 5906 λέγων
3474 5837 3696 5907 ἥδομαι,
3747 5837 3960 5900 τούτοις
