4232 6432
248 405 358 478 637

1652 405 2064 471 ΕΡΙδΤΟΙΛΞ.

3396 406 3504 469 438

247 519 398 578 ὅπως
421 517 521 571 οὐκ
548 517 699 586 ἀλγῶ
737 517 918 586 λέγειν
944 519 1045 573 οὐκ
1077 518 1184 587 ἔχω
1206 535 1218 550 ·
1272 519 1341 573 δι’
1370 512 1443 572 ῶν
1480 519 1589 589 γὰρ
1614 519 1681 573 ἂν
1710 518 1820 573 τῶν
1850 524 1893 581 Α

1850 524 1893 581 Α
1926 539 2032 577 una
2065 538 2185 579 esse
2217 523 2414 578 melius
2452 532 2595 589 erat,
2633 531 2918 593 separatus
2948 520 3081 587 visi,
3119 535 3285 574 unum
3315 531 3495 575 tamen

249 612 597 679 ἀτυχούντων
637 612 872 680 ἐμαυτὸν
901 611 1186 683 ἀποφήνω,
1217 612 1412 665 τούτου
1440 610 1692 665 τοσοῦτον
1718 612 1819 679 ἀφ-

252 696 542 772 ιστάμενος
575 704 789 773 χρόνον,
836 697 881 773 ᾧ
917 703 1005 757 διὰ
1033 704 1236 767 παντὸς
1277 706 1515 757 συνεῖναι
1548 703 1814 774 προσῆκε,

248 792 514 857 ταῖτέίς
544 795 710 863 μέσον
737 796 1004 866 παράγειν
1048 795 1333 865 αἱροῦμαι,
1377 795 1565 865 ῶσπερ
1593 795 1689 849 ἀπ’
1722 795 1819 847 αὐ-

245 888 340 950 τὸς
372 886 612 956 ἐμαυτοῦ
646 891 744 958 τῆς
774 888 883 940 τῶν
916 888 1182 942 παιδικῶν
1216 888 1481 952 ἀπουσίας
1524 887 1817 957 λαμϐάνων

245 979 340 1031 τὸν
370 978 613 1049 ἔλεγχον,
650 979 746 1032 καὶ
778 979 878 1050 τὴν
925 978 1166 1049 ἐμαυτοῦ
1220 979 1515 1049 δυστυχίαν
1564 979 1818 1050 ἐπίτηδες

248 1075 547 1141 παριστὰς.
579 1074 864 1127 Δείκνυται
893 1075 1002 1144 γάρ
1028 1072 1088 1125 τὸ
1130 1073 1319 1144 περιὸν
1351 1074 1449 1142 τῆς
1489 1071 1695 1143 ζημίας
1725 1075 1818 1126 καὶ

244 1163 379 1214 οἴων
429 1164 753 1232 ἐστέρημαι,
788 1158 893 1227 οἷς,
948 1165 1170 1216 ἐπειδὰν
1206 1164 1525 1233 μέμνωμαι,
1555 1163 1817 1216 πέτεσθαι

244 1255 514 1323 πάρεστιν
538 1272 551 1284 ·
612 1257 781 1326 ἄμφω
811 1256 969 1308 ταυτὶ
1026 1254 1279 1324 βεϐαιῶν,
1334 1257 1431 1310 καί
1464 1273 1557 1308 σου
1587 1255 1818 1308 δυσαποο

244 1347 502 1408 σπὰστως
532 1346 695 1415 ἔχειν,
721 1348 815 1400 καὶ
846 1349 926 1399 ὅτι
945 1347 1039 1400 τοῦ
1074 1347 1269 1410 παντὸς
1291 1347 1440 1412 ἄξιος
1467 1348 1585 1417 εἴης
1607 1364 1619 1376 ·
1647 1364 1817 1418 προσ-

237 1437 365 1507 Βείη
402 1439 447 1492 δ’
493 1440 558 1492 ἀν
591 1456 675 1502 τις
703 1441 845 1510 τάχα
873 1442 968 1494 καὶ
998 1440 1178 1512 τρίτον
1218 1440 1278 1493 τὸ
1336 1439 1818 1510 παρεμφαίνεσθαι

243 1533 416 1584 πᾶσιν
457 1531 705 1585 ἐντεῦθεν
747 1533 843 1586 τὸν
869 1532 977 1587 ἀπὸ
1032 1533 1129 1586 τοῦ
1164 1535 1406 1586 συνεῖναι
1448 1530 1817 1603 πυῤῥιχισμὺν

242 1625 338 1674 καὶ
369 1623 654 1693 βακχείαν.

326 1715 548 1785 Ἀμέλει
579 1719 673 1771 καὶ
702 1718 801 1789 τῆς
843 1722 1143 1791 παροιμίας
1183 1720 1333 1789 φίλον
1370 1719 1563 1787 ἔδαφος
1586 1719 1684 1788 τὴν
1716 1735 1818 1771 πα-

241 1808 409 1877 τρίδα
458 1810 883 1881 νσμοθετούσης,
945 1815 1040 1867 καὶ
1097 1812 1323 1881 γλύκιον
1369 1813 1523 1866 οὐδὲν
1576 1806 1644 1882 ἦς
1680 1805 1819 1866 εἶναι

242 1902 529 1970 πατρίδος,
557 1904 676 1958 οὐδὲ
698 1907 921 1971 τοκέων,
953 1906 1047 1961 τοῦ
1075 1907 1379 1977 Σμυρναίου
1407 1906 1816 1978 μαρτυροῦντος

241 1989 311 2047 αὖ
346 1994 578 2065 ποιητοῦ
614 1996 712 2067 ('5),
736 1999 898 2052 ταυτὶ
925 1999 969 2052 δ’
1003 2000 1180 2071 ἔμοιγ’
1217 2000 1311 2055 οὖν
1346 2000 1564 2054 ᾶπαντα
1613 2001 1701 2055 διά
1757 2002 1818 2054 σὲ

245 2086 384 2155 πρὸς
418 2088 636 2142 ἔλαττον
657 2090 803 2159 ἀγει,
832 2092 925 2145 καὶ
952 2092 1247 2146 κινδυνεύω
1272 2092 1348 2161 τῷ
1379 2095 1510 2163 περὶ
1528 2092 1586 2145 σὲ
1613 2093 1819 2163 φίλτρῳ

242 2176 506 2230 τάναντία
561 2179 917 2249 περὶτούτων
960 2181 1227 2247 δοξάζειν,
1274 2182 1577 2253 ἡγούμενος
1627 2184 1821 2253 ἑτέραν

242 2264 451 2335 ταύτης
478 2269 883 2339 προτιμοτέραν
923 2271 1020 2341 τὴν
1073 2272 1383 2343 ἀλλοτρίαν,
1441 2274 1536 2326 καὶ
1561 2273 1628 2343 ἢν
1657 2272 1819 2336 αὐτὸς

244 2356 393 2427 ἔχεις
452 2358 552 2428 τῆς
600 2361 842 2429 ἐμαυτοῦ
874 2363 966 2415 καὶ
1010 2364 1240 2426 οἰκείας.
1278 2364 1493 2436 Ὠσπερ
1525 2365 1634 2435 γὰρ
1670 2365 1820 2436 ἡμᾶς

244 2448 489 2519 πρόσθεν
514 2452 706 2521 παρὼν
737 2455 992 2525 ὲκὸσμεις
1040 2456 1115 2519 ὡς
1149 2456 1387 2526 ἀληθῶς,
1425 2460 1521 2510 καὶ
1554 2456 1648 2511 τοῦ
1675 2458 1820 2513 κατά

246 2544 305 2595 σὲ
341 2544 549 2608 πάντες
573 2547 705 2616 ἡμῖν
739 2546 1084 2620 ξυνέχαιρον,
1122 2550 1293 2613 οὕτως
1322 2552 1370 2603 οἱ
1398 2550 1491 2605 νῦν
1521 2552 1822 2607 ἀπολαύον-

242 2649 335 2696 τες
369 2635 469 2705 οὑχ
500 2636 683 2702 ἕξουσι
726 2639 904 2706 λέγειν
932 2641 1008 2706 ὡς
1058 2643 1120 2696 οὐ
1154 2644 1215 2697 τὸ
1261 2644 1547 2698 κάλλιστον
1580 2645 1817 2715 ἔχουσιν.

256 2725 425 2793 Ἡμῖν
475 2727 578 2794 μὲν
631 2728 746 2796 οὖν,
782 2732 831 2783 εί
867 2733 1096 2803 καὶτῆς
1147 2736 1493 2808 εἱμαρμένης
1555 2739 1820 2810 εὐμενοῦς

246 2819 548 2887 πειρᾶσθαι
591 2822 797 2893 παρῆν,
851 2825 1007 2879 ινίιδὲν
1056 2828 1123 2880 ἂν
1171 2824 1239 2900 ἦν
1268 2832 1504 2901 πρᾶγμα
1541 2831 1817 2901 τοσοῦτον,

244 2907 371 2959 ὅσον
426 2924 491 2975 γε
540 2909 634 2962 σοῦ
691 2912 980 2981 παρόντος,
1030 2914 1235 2983 μᾶλλον
1290 2917 1347 2971 δὲ
1387 2919 1537 2973 οὐδὲν
1566 2920 1633 2975 ἂν
1664 2916 1733 2991 ἦν
1761 2924 1822 2976 τὸ

247 2999 539 3069 παράπαν,
578 3005 651 3073 μὴ
684 3004 777 3058 σοῦ
808 3008 1098 3077 παρόντος.
1131 3010 1230 3065 Διά
1257 3011 1350 3078 τίς
1382 3006 1452 3083 ἧς
1476 3010 1543 3067 ἀν
1575 3014 1824 3084 μετείχο·

250 3110 353 3161 μεν
379 3094 598 3166 ἡδονῆς.
628 3100 676 3150 εί
710 3099 965 3169 παρῆσθα
989 3100 1181 3173 (τοῦτο
1210 3102 1256 3156 δ’
1280 3100 1349 3176 ἦν
1378 3106 1816 3177 συναγωνιζομέο

1923 633 1976 687 in
2023 632 2268 687 medium
2324 633 2622 704 proferam,
2667 646 2696 687 a
2737 648 2823 688 me
2870 635 2989 704 ipso
3018 631 3497 703 specimeninl‘au-

1923 752 2066 797 stum
2124 743 2412 799 sumendo.
2464 743 2644 799 Nimia
2708 744 2857 799 enim
2916 753 3255 799 monstratur
3310 758 3493 813 paena,

1920 864 1976 912 et
2033 859 2079 913 si
2126 857 2385 914 referrem
2436 859 2640 929 quibus
2697 860 2865 915 rebus
2930 860 3159 927 privor,
3211 869 3495 928 stuporem

1921 984 2052 1026 sane
2097 971 2427 1035 excitarem;
2497 969 2641 1024 unde
2701 968 2888 1026 yidere
2927 980 3085 1040 potes
3112 969 3256 1040 quod
3278 984 3379 1040 ego
3407 969 3494 1024 in-

1920 1085 2318 1142 dissolubiliter
2372 1086 2475 1141 tibi
2523 1087 2783 1153 inhaereo,
2808 1095 2862 1141 et
2886 1085 3033 1157 quod
3064 1097 3120 1141 tu
3156 1085 3270 1155 ipse
3291 1085 3494 1155 optima

1920 1215 2156 1271 quaeque
2179 1202 2409 1257 mereris
2436 1219 2450 1266 ;
2487 1202 2686 1257 tertius
2714 1200 2950 1272 denique
2989 1202 3074 1256 vel
3110 1201 3243 1256 illud
3268 1202 3496 1256 addide-

1920 1317 2015 1383 rit,
2046 1317 2195 1387 quod
2231 1318 2299 1373 ab
2332 1320 2447 1388 ipsa
2478 1319 2681 1373 unione
2750 1319 3113 1390 pyrrichicam
3147 1318 3494 1375 saltationem

1920 1440 1976 1487 et
2019 1431 2376 1488 baechanalia
2419 1433 2828 1503 producuntur.

1994 1721 2355 1777 Proverbium
2412 1722 2588 1791 ipsum
2654 1720 2844 1790 patriae
2902 1718 3079 1772 solum
3105 1717 3332 1772 charum
3365 1733 3486 1772 esse

1849 1868 1892 1924 Β
1921 1835 2201 1905 praedicat,
2262 1844 2316 1890 et
2357 1834 2626 1890 llomerus
2687 1834 2804 1903 ipse
2860 1840 3093 1888 testatur
3142 1832 3278 1887 nihil
3313 1834 3487 1903 patria

1921 1960 1980 2004 et
2038 1949 2362 2019 parentibus
2414 1949 2631 2003 dulcius
2683 1964 2835 2005 esse:
2891 1960 2946 2005 at
2975 1950 3090 2004 hate
3117 1966 3227 2019 prie
3264 1960 3313 2004 te
3348 1950 3487 2002 infe.

1921 2068 2067 2123 riora
2117 2065 2260 2136 apud
2316 2081 2400 2120 me
2456 2074 2585 2119 sunt
2639 2074 2694 2121 et
2762 2080 2953 2137 parum
2998 2065 3157 2120 abest
3212 2065 3340 2135 quin
3381 2066 3496 2119 istis

1928 2181 2206 2237 contraria
2263 2182 2519 2247 sentiam,
2578 2180 2655 2235 tui
2712 2195 2900 2236 amore
2969 2182 3190 2248 ductus,
3222 2189 3275 2234 et
3308 2190 3497 2250 putem

1920 2305 2070 2349 tuam
2108 2295 2342 2364 patriam
2374 2308 2509 2349 meae
2530 2294 2705 2365 ipsius
2731 2293 3130 2365 praeferendam
3158 2308 3301 2350 esse.
3340 2292 3500 2350 Sicut

1919 2407 2067 2461 enim
2108 2406 2263 2477 prius
2303 2406 2593 2476 praesentia
2627 2415 2718 2461 tua
2774 2406 2934 2461 nobis
2965 2416 3291 2461 ornamento
3322 2406 3496 2471 fuisti,

1919 2530 2077 2577 etut
2130 2534 2321 2576 omnes
2367 2520 2445 2576 tui
2486 2535 2647 2576 causa
2709 2520 2995 2577 nobiscum
3058 2520 3259 2589 gaudio
3314 2520 3498 2575 indul-

1922 2635 2145 2706 gebant,
2205 2633 2285 2687 sic
2340 2631 2433 2702 qui
2491 2646 2637 2686 nunc
2700 2638 2752 2685 te
2806 2630 3111 2700 possident,
3151 2645 3352 2701 negare
3390 2644 3499 2684 non

1922 2755 2204 2819 poterunt,
2233 2746 2495 2817 grandem
2528 2763 2586 2802 se
2620 2746 2941 2801 thesaurum
2994 2745 3298 2816 possidere.
3331 2746 3502 2802 Nobis

1923 2859 2148 2930 quidem
2199 2859 2317 2929 ipsa
2382 2857 2624 2914 secunda
2681 2856 2905 2912 fortuna
2966 2858 3085 2913 sine
3115 2867 3166 2913 te
3209 2860 3392 2912 minus
3416 2872 3501 2911 se—

1924 2972 2107 3029 cunda
2147 2973 2453 3027 videretur.
2482 2972 2669 3039 Quare
2700 2970 2966 3026 tandem?
2993 2970 3121 3041 quia
3149 2947 3494 3038 ‘voluptatem

1927 3102 2036 3157 qua
2096 3097 2149 3142 te
2208 3084 2522 3141 frueremur
2577 3091 2847 3154 praesente
2905 3082 3070 3153 (quod
3127 3098 3251 3137 cum
3281 3081 3501 3136 fortuna

249 3205 341 3240 νου
380 3188 481 3257 (5°)
516 3192 580 3260 τῇ
618 3193 756 3263 τύχῃ
789 3196 881 3247 καὶ
934 3196 999 3247 τὰ
1029 3199 1164 3265 παρ’
1211 3197 1427 3268 ἐκείνης
1476 3201 1567 3252 ἐπὶ
1633 3202 1820 3271 μεῖζον
1847 3181 1892 3240 c

1847 3181 1892 3240 ο
1927 3209 2162 3262 certare,
2214 3200 2323 3254 imo
2376 3199 2549 3268 ipsam
2622 3196 2677 3250 in
2710 3203 2886 3266 majus
2918 3195 3109 3249 tollere
3142 3193 3245 3262 est)
3277 3192 3501 3249 absente

248 3282 548 3353 αἴροντος),
576 3283 781 3356 ταύτην
828 3287 927 3341 οὐκ
961 3288 1027 3343 ἂν
1069 3288 1291 3359 εἴχομεν
1324 3290 1693 3361 καρποῦσθαι,
1722 3294 1821 3361 τῆς

249 3376 356 3442 σῆς
390 3377 664 3440 ἀπουσίας
694 3379 786 3433 τδν
808 3380 1070 3451 λογισμὸν
1103 3383 1487 3455 συνθολούσης,
1515 3386 1591 3449 ὼς
1615 3387 1824 3442 ἐλάττω

249 3471 437 3522 πᾶσαν
476 3470 675 3539 τέρψιν
736 3472 1004 3539 ἡγεῖσθαι.
1052 3475 1167 3528 Νῦν
1195 3475 1275 3538 δὲ,
1332 3476 1493 3548 εἴπερ
1543 3479 1694 3545 ποτὲ,
1729 3480 1825 3533 καὶ

249 3558 348 3611 νῦν
381 3560 604 3629 μάλισθ’
651 3562 761 3614 τῶν
794 3563 870 3631 (6)
900 3564 1008 3617 σῶν
1055 3564 1263 3635 ίμέρων
1291 3582 1352 3620 τε
1385 3568 1477 3620 καὶ
1514 3569 1826 3640 φαρμάκων

248 3656 349 3708 καὶ
400 3653 502 3722 τῆς
553 3655 642 3708 διά
678 3656 899 3709 πάντων
944 3657 1019 3720 ὡς
1048 3658 1267 3727 άληθῶς
1320 3659 1682 3731 ψυχαγωγίας
1730 3664 1826 3719 καὶ

252 3741 550 3809 μουσικῆς,
592 3742 680 3795 ὅτε
711 3744 803 3795 καὶ
827 3744 1062 3812 μέγιστα
1100 3745 1210 3800 τῶν
1232 3745 1451 3801 πώποτε
1489 3766 1827 3819 μνημονευο-

253 3830 436 3897 μένων
472 3830 844 3899 πεπόνθαμεν,
870 3830 1058 3903 ὥσπερ
1091 3834 1186 3887 τοῦ
1207 3836 1486 3907 δαιμονίου
1520 3839 1826 3905 φιλονεικόο

249 3937 415 3990 τερον
434 3922 565 3991 ἡμῖν
592 3923 1092 3993 είσκεκωμακότος,
1137 3928 1212 3990 ῶς
1264 3928 1340 3998 μὴ
1366 3930 1527 3999 μόνον
1560 3932 1617 3998 ἐξ
1644 3933 1828 4005 ἀντιρ-

256 4014 428 4082 ῥόπου
460 4013 539 4083 τῷ
566 4015 834 4085 πρότερον
866 4017 1010 4071 οὕτω
1051 4019 1149 4082 τὰς
1187 4022 1474 4091 συμφορὰς
1506 4023 1829 4087 ἀντιθεῖναι,

251 4106 395 4157 ἀλλὰ
426 4107 522 4158 καὶ
546 4104 683 4174 μετὰ
723 4104 967 4174 μείζονος
998 4110 1098 4176 τῆς
1122 4113 1477 4178 παρασκευῆς
1504 4110 1537 4180 ἢ
1564 4110 1683 4163 καθ’
1706 4110 1831 4165 ὅσον

254 4202 286 4266 ἡ
296 4196 406 4264 μᾶς
434 4195 581 4256 οἴους
610 4213 667 4249 τε
696 4196 855 4259 δντας
882 4196 1225 4267 ὑπενεγκεῖν,
1261 4197 1399 4271 ᾤετο
1425 4202 1513 4267 δή.

329 4290 397 4340 Οἱ
428 4287 539 4358 γάρ
578 4290 671 4341 ἐπὶ
724 4292 870 4361 κακῇ
908 4289 1076 4362 μοίρᾳ
1132 4290 1445 4362 Ῥωμαίων,
1470 4293 1545 4358 ὡς
1592 4295 1833 4357 ἅπαντες

258 4380 468 4439 ἴσασιν,
519 4380 583 4432 ὲκ
614 4379 869 4445 Σικελίας
904 4382 997 4435 ἐπὶ
1028 4383 1348 4455 συμμαχίαν
1377 4384 1548 4448 ίὸντες
1598 4384 1835 4455 Ἰταλικὴ

257 4470 497 4539 δύναμις
529 4469 630 4539 (7),
663 4472 867 4541 ήλίκως
894 4474 994 4543 μὲν
1035 4474 1338 4544 ἐχρήσαντο
1365 4476 1563 4549 Θρᾴκῃ
1597 4476 1695 4531 καὶ
1722 4479 1835 4541 τοῖς

258 4564 383 4614 ἐκεῖ
432 4562 751 4632 πράγμασι,
803 4564 900 4618 καὶ
932 4565 1008 4629 ὡς
1040 4566 1142 4637 τὴν
1189 4566 1417 4620 Σκυθῶν
1474 4569 1709 4640 ἐρημίαν
1757 4568 1836 4639 (.8)

258 4651 424 4703 ταυτὶ
446 4652 796 4721 πεποίηνται,
820 4654 875 4704 τί
905 4670 988 4715 τις
1022 4652 1089 4706 ἀν
1115 4657 1242 4717 τοὺς
1283 4656 1494 4719 εἰδότας
1520 4658 1840 4727 ἀναμιμνή-

262 4762 414 4797 σκων
444 4742 602 4807 αὖθις
625 4746 881 4814 ταράττοι
902 4762 918 4810 ;
942 4744 976 4798 ἀ
1008 4747 1117 4817 γάρ
1144 4748 1246 4799 οὐκ
1275 4748 1342 4800 ἂν
1382 4747 1481 4819 τὴν
1517 4748 1693 4819 ἀρχὴν
1730 4747 1839 4801 ἔδει

258 4835 531 4902 συστῆναι
560 4834 720 4904 (μηδ’
745 4838 826 4899 εἰς
862 4837 1219 4907 παράδειγμά
1268 4855 1396 4893 ποτε
1449 4838 1628 4903 πέσοι,
1668 4839 1764 4907 μὴ,
1796 4832 1842 4892 ὦ

259 4928 473 4992 Σῶτερ,
513 4927 610 4996 μὴ,
644 4922 687 4980 ῶ
717 4928 1027 4998 ἐλευθέριει
1065 4931 1199 4995 ἀλλ’,
1236 4929 1426 4999 ὥσπερ
1466 4933 1584 4984 ἐστὶ
1623 4931 1837 4995 πρῶτα,

258 5021 361 5072 καὶ
392 5019 528 5085 μόνα
547 5019 817 5088 λέγοιτο),
840 5020 1016 5073 ταῦτα
1038 5020 1263 5089 κέρδους
1294 5022 1543 5087 γίγνεται
1573 5020 1634 5072 τὸ
1656 5022 1838 5089 σιγᾷν.

350 5110 516 5176 Ἀλλ’,
540 5110 728 5181 ῶσπερ
776 5113 1023 5165 ὲκειιιωνὶ
1073 5113 1455 5180 καταγνόντες,
1492 5114 1588 5166 καὶ
1624 5112 1839 5181 ἀληθῶς

261 5203 661 5270 καταγνόντες,
718 5203 792 5266 ὡς
849 5204 946 5273 οὐχ
1013 5203 1541 5256 ίκανῶν’ἕτ’δντων
1594 5202 1840 5271 ἀντέχειν

263 5291 509 5361 (μᾶλλον
539 5292 596 5345 δὲ
630 5293 783 5346 οὐδὲν
813 5292 926 5345 ἐσθ’
961 5292 990 5345 ὃ
1017 5293 1215 5355 δέξαιτ’
1253 5292 1318 5345 ἂν
1366 5292 1576 5359 φθορὰν
1606 5290 1700 5343 τοῦ
1727 5289 1843 5341 λοι-

263 5388 401 5453 ποῦ,
433 5388 696 5442 ἁπάντων
728 5387 898 5459 ἄρδην
920 5387 1337 5453 ἀπολωλότων),
1379 5384 1632 5446 λαϐόντες
1653 5383 1841 5451 Ἀχαι-

342 5574 421 5639 (5)
452 5571 676 5626 llomer.
708 5567 807 5623 0d.
826 5566 865 5639 Hi
940 5567 1007 5639 54

662 5610 1207 5701 τιξῶίὶίιίιῖἶοτεὶιοη
1256 5632 1567 5686 Chandrent
1618 5642 1839 5689 nomen,

265 5716 357 5768 vel
388 5716 550 5768 ducis
586 5713 747 5765 alius.

346 5785 423 5842 (ὓ)
466 5783 557 5837 Sic
589 5783 714 5835 cod.
754 5778 923 5833 Elisio
949 5778 1157 5830 lacuna!
1187 5783 1272 5830 est
1307 5773 1594 5825 indicium.

350 5858 426 5921 Π)
451 5853 695 5908 Catalani
722 5849 1000 5904 historicis
1032 5848 1352 5916 plerumque
1383 5843 1633 5896 audiunt.

1932 3324 1984 3369 te
2014 3328 2123 3368 non
2174 3321 2545 3383 gustaremus,
2598 3310 2728 3379 quia
2762 3308 2876 3378 ipsa
2907 3308 3157 3363 absentia
3199 3318 3291 3361 tua
3318 3306 3502 3360 omni-

1928 3406 2147 3485 modam
2182 3428 2522 3496 voluptatem
2591 3424 2950 3481 diminueret.
2988 3420 3144 3478 Nunc
3166 3431 3351 3477 autem
3387 3436 3501 3475 ma-

1930 3544 2073 3598 xime
2104 3544 2147 3598 si
2181 3554 2423 3611 unquam
2460 3541 2592 3594 alias
2648 3538 3054 3593 incantamenta
3100 3544 3156 3589 et
3204 3534 3504 3605 pharmaca

1937 3669 2027 3714 tua
2080 3674 2177 3729 per
2229 3656 2424 3710 anima:
2474 3654 2763 3710 illecebras
2824 3662 2880 3708 et
2910 3652 3139 3707 artiﬁcia
3168 3650 3379 3720 experti
3416 3665 3505 3705 su-

1938 3787 2082 3827 mus.
2129 3770 2262 3824 Nam
2313 3770 2489 3823 malus
2551 3767 2763 3821 daemon
2796 3781 2898 3820 nos
2936 3765 3244 3835 praecipites
3269 3765 3401 3835 egit,
3429 3764 3508 3818 sic

1952 3882 2246 3953 pris:inum
2283 3890 2481 3935 statum
2510 3878 2917 3933 calamitatibus
2972 3892 3333 3946 compensare
3363 3886 3508 3931 sata-

1934 4007 2086 4061 gens,
2135 4000 2187 4043 et
2241 4004 2382 4042 onus
2441 3988 2754 4056 imponens,
2822 3987 2910 4041 eui
2946 3986 3171 4042 ferendo
3213 4004 3322 4042 non
3352 4004 3509 4057 pares

1932 4119 2171 4158 eramus.

2005 4276 2106 4342 Qui
2172 4274 2320 4328 enim
2385 4276 2444 4326 in
2504 4273 2874 4326 Romanorum
2926 4269 3280 4339 pernicieme
3324 4269 3510 4324 Sicilia

1937 4368 2256 4423 auxiliatum
2290 4363 2522 4433 proiecti
2558 4373 2739 4424 erant,
2780 4363 2983 4416 cohors
3039 4362 3219 4415 italiea
3251 4362 3509 4429 inquam;

1940 4458 2215 4530 quomodo
2249 4455 2481 4509 Thracia
2530 4463 2586 4508 ct
2640 4455 2806 4508 rebus
2858 4452 3120 4507 thracicis
3158 4454 3241 4507 usi
3284 4454 3511 4516 fuerint,

1865 4518 2158 4621 unale'm
2205 4547 2483 4617 regionem
2544 4544 2781 4614 Scythiae
2840 4544 3112 4598 desertam
3171 4542 3509 4605 habuerint,

1940 4643 1995 4697 id
2052 4641 2237 4695 denuo
2290 4637 2497 4693 referre
2540 4637 2705 4708 hujus
2752 4636 2861 4691 loci
2891 4650 3001 4689 non
3026 4645 3130 4690 est.
3161 4635 3293 4701 Quae
3323 4648 3505 4689 autem

1938 4751 2168 4807 regnum
2231 4734 2568 4788 constituere
2622 4748 2732 4786 non
2798 4739 3054 4801 poterant
3119 4734 3196 4797 (et
3247 4732 3348 4784 hoc
3398 4746 3549 4785 non,

1938 4827 2173 4896 exempli
2233 4841 2366 4895 ergo
2410 4824 2666 4888 dixerim,
2707 4838 2740 4875 o
2801 4833 3048 4876 servator
3087 4822 3391 4876 etliberale
3419 4838 3511 4877 ca-

1941 4929 2060 4990 put,
2120 4919 2213 4972 sed
2276 4918 2419 4971 sicut
2483 4916 2650 4982 priori
2698 4916 2817 4968 loco
2865 4914 3006 4968 facta
3052 4923 3202 4981 sunt,
3257 4915 3337 4970 sic
3366 4914 3512 4971 diota

1946 5010 2157 5079 sunto),
2191 5023 2252 5062 ea
2286 5007 2459 5062 satius
2488 5016 2573 5060 est
2600 5006 2817 5059 silentio
2852 5004 3155 5074 przeterirc.

2016 5102 2133 5157 Jatn
2175 5114 2323 5163 vero,
2359 5098 2660 5153 secundum
2697 5112 2796 5149 nos
2828 5097 3017 5164 procul
3050 5096 3219 5149 dubio
3255 5097 3514 5150 resistere

1947 5211 2054 5252 non
2091 5201 2317 5262 poswnt
2353 5190 2573 5260 (quippe
2606 5190 2726 5257 ejus
2758 5203 2982 5256 prorsus
3020 5204 3235 5255 pessum
3272 5191 3513 5253 irerunt)

1952 5287 2190 5354 receptis
2218 5285 2271 5336 in
2313 5282 2631 5336 societatem
2678 5280 3081 5333 Achmmenidis
3133 5280 3391 5333 hostibus
3420 5297 3513 5331 ειη-

1947 5379 2132 5448 tiquis,
2154 5391 2383 5445 quorum
2437 5371 2779 5425 insolentiam
2825 5372 3041 5440 propria
3075 5371 3302 5426 audacia
3334 5386 3507 5424 auxe-

2021 5555 2096 5623 (8)
2140 5552 2495 5607 Provcrhium
2528 5561 2611 5623 est
2642 5560 2850 5623 nolunt.
2893 5550 3015 5623 _Nic.
3057 5552 3344 5623 Gregoras.
3372 5555 3512 5610 "ist.

1955 5629 2005 5687 ’l,
2038 5620 2093 5684 2,
2130 5624 2185 5682 5,
2222 5624 2287 5676 de
2312 5624 2522 5695 Joanne
2561 5622 2739 5695 Asane
2761 5663 2773 5683 ,
2812 5620 3175 5695 [litigatorum
3200 5638 3262 5695 ac
3296 5622 3519 5695 Scytha-

1954 5710 2075 5749 rum
2115 5696 2253 5746 diue,
2287 5711 2299 5745 :
2332 5694 2513 5743 Πάντα
2553 5692 2750 5761 ῥᾳδίως
2785 5692 3192 5761 κατέδραμεν...
3238 5692 3411 5748 ὁπόσα
3459 5696 3520 5747 ὲν

1957 5766 2171 5831 κώμαις
2219 5763 2311 5815 καὶ
2341 5764 2543 5833 πόλεσι
2598 5762 2688 5812 καὶ
2723 5761 3001 5833 φρουρίοις
3045 5762 3243 5833 μικροῦ
3299 5765 3519 5819 Σκυθῶν

1959 5830 2221 5906 ἐρημίαν,
2247 5834 2306 5885 τὸ
2331 5832 2395 5901 δὴ
2420 5832 2737 5900 λεγόμενον,
2766 5830 3076 5892 ἀποδείξας.
