4232 6432
734 341 838 404 439

1954 363 2348 431 THEODULI
2389 363 2739 439 MONACHI

3872 384 3977 453 440

734 461 882 516 runt,
936 467 999 507 ac
1059 467 1273 512 nosmet
1333 474 1550 518 summo
1576 480 1701 521 cum
1732 466 1922 527 furore
1954 475 2134 530 adorti
2169 478 2306 534 nihil
2333 482 2383 541 Δ

2304 527 2306 533 ,
2333 482 2383 541 Δ
2412 489 2628 554 μενίδας
2653 491 2731 561 (9)
2761 493 2887 556 τοὺς
2917 493 2976 561 ἐξ
3002 495 3177 567 ἀρχῆς
3225 499 3542 569 πολεμίους,
3581 504 3676 556 καὶ
3705 502 3803 574 τὴν
3833 505 3975 558 ἐκεί.

731 565 1061 624 intentatum
1100 573 1444 644 reliquerunt
1480 590 1543 636 ut
1583 591 1752 638 totam
1791 587 2139 647 Thessaliam
2169 596 2303 651 sub-

725 689 1030 749 verterent,
1085 700 1150 740 ac
1175 687 1424 748 funditus
1473 697 1767 761 perderent
1835 704 2146 760 universam
2212 725 2298 764 re-

726 797 964 864 gionem,
1033 811 1268 870 montes,
1323 823 1570 880 campos,
1645 818 1972 887 praecipitia,
2013 825 2296 894 scopulos,

723 929 850 967 saxa
878 954 893 980 ,
917 915 1033 972 vias
1065 919 1380 981 hominibus
1404 925 1716 998 frequentes
1735 972 1750 996 ,
1773 935 1890 990 loca
1909 936 2053 991 edita
2079 953 2144 994 ac
2174 956 2299 1010 pro-

724 1023 913 1091 funda,
958 1039 1137 1094 antra,
1161 1041 1332 1100 prata,
1360 1051 1538 1105 agros,
1564 1041 1752 1109 silvas,
1783 1060 1894 1100 uno
1922 1049 2088 1105 verbo
2113 1050 2296 1106 omnia

725 1151 893 1195 ruunt
933 1151 989 1197 et
1035 1157 1306 1214 pereunt;
1357 1153 1541 1208 omnia
1583 1155 1943 1213 cadaveribus
1989 1175 2053 1215 ac
2099 1175 2294 1218 cruore

723 1254 959 1312 immane
987 1269 1250 1328 quantum
1302 1266 1506 1335 repleta
1541 1277 1690 1335 sunt,
1725 1273 2009 1341 sanguinis
2038 1276 2140 1330 rivi
2176 1276 2294 1330 ubi-

718 1385 826 1437 que
861 1371 1032 1428 l'ossas
1062 1375 1276 1446 replent
1297 1387 1353 1433 et
1401 1379 1695 1438 ﬂuviorum
1735 1385 1909 1441 instar
1933 1389 2105 1446 undas
2135 1393 2270 1447 mari

721 1486 973 1552 miscent,
1028 1497 1084 1544 et
1133 1491 1400 1548 cadavera
1427 1495 1678 1565 piscibus
1700 1503 1947 1558 voranda
1968 1504 2289 1572 obvolvunt,

719 1603 974 1659 homines
1026 1607 1437 1676 semimortuos,
1475 1612 1636 1684 plane
1680 1626 1928 1675 mortuos
1972 1627 2127 1678 etne
2165 1637 2291 1679 sen-

731 1719 926 1776 tientes
947 1721 1168 1792 quidem
1198 1724 1464 1794 dolorem,

755 2533 1124 2605 Spectaculum
1158 2538 1342 2591 amicis
1376 2538 1505 2608 ipsis
1537 2539 1873 2594 intolerabile
1904 2541 2222 2609 prebentes,

717 2681 774 2724 ut
834 2679 994 2739 poeta
1052 2671 1288 2742 tragicus
1321 2672 1493 2739 dicit;
1543 2674 1683 2727 alius
1720 2673 1864 2728 enim
1923 2675 2284 2738 evisceratus,

709 2785 849 2840 alius
916 2786 1258 2850 decollatus,
1331 2785 1581 2841 manibus
1646 2787 1944 2858 pedibusve
2000 2787 2284 2852 abscissis,

712 2896 824 2949 imo
859 2895 1116 2950 omnibus
1168 2896 1432 2952 membris
1493 2898 1740 2967 privatus
1764 2899 1929 2970 jacet.
1979 2899 2114 2954 Nam
2165 2916 2286 2956 cer-

717 3006 870 3061 latim
929 3017 982 3061 et
1031 3009 1185 3077 quasi
1238 3009 1416 3077 pretio
1473 3012 1757 3080 proposito
1829 3025 1893 3066 ac
1926 3012 2285 3084 jurejurando

709 3139 768 3175 se
816 3138 978 3194 quam
1037 3123 1299 3193 plurimos
1328 3123 1509 3195 gladio
1567 3125 1996 3197 interempturos
2051 3143 2114 3182 ac
2188 3145 2286 3184 ne-

711 3240 845 3295 mini
879 3255 1136 3311 parsuros
1199 3243 1581 3311 pronuntiant,
1611 3252 1667 3298 et
1702 3244 1783 3300 sic
1823 3255 2008 3302 sontes
2033 3261 2156 3301 cum
2196 3247 2282 3302 in-

710 3362 1003 3429 sontibus,
1058 3377 1273 3418 omnem
1343 3361 1583 3433 denique
1635 3364 1891 3435 populum
1956 3365 2284 3421 traditorum

711 3479 940 3533 arbitrio
1015 3487 1337 3548 exponunt;
1395 3493 1498 3535 nec
1551 3480 1773 3537 mirum.
1846 3482 1982 3538 Nam
2036 3485 2130 3553 qui
2189 3500 2284 3539 va-

713 3593 822 3643 rias
852 3590 922 3645 ob
979 3606 1171 3646 causas
1215 3601 1394 3648 castra
1436 3603 1646 3663 ponunt
1691 3611 1753 3651 ac
1809 3573 2031 3651 movent
2060 3613 2286 3654 necesse

710 3713 795 3757 est
825 3703 1008 3757 omnia
1038 3704 1216 3762 facere
1250 3707 1456 3777 quibus
1500 3719 1556 3763 et
1580 3709 1682 3778 ipsi
1713 3708 1820 3763 sibi
1846 3709 2142 3765 maximum
2175 3720 2280 3766 ter-

714 3835 892 3875 rorem
919 3821 1042 3877 aliis
1082 3821 1310 3894 injicere
1335 3823 1626 3880 videantur
1648 3824 2001 3882 adversariis.

785 4245 848 4300 lli
899 4248 1045 4301 enim
1095 4256 1220 4302 ante
1270 4263 1464 4304 omnes
1493 4251 1758 4322 sanguine
1791 4259 1846 4307 et
1871 4251 2124 4309 cladibus
2157 4269 2284 4324 gau-

711 4363 874 4425 dent;
924 4361 1011 4414 his
1056 4362 1257 4432 volupe
1302 4371 1389 4419 est
1439 4374 1667 4421 caeteros
1719 4367 1903 4436 gladio
1931 4369 2282 4437 interimere;

715 4475 799 4528 his
859 4474 1033 4528 otium
1085 4474 1228 4529 inter
1280 4475 1405 4530 vita
1458 4476 1599 4532 mala
1651 4478 1912 4546 ponitur;
1964 4480 2167 4550 quippe
2188 4482 2282 4551 qui

714 4589 1194 4643 mansuetudinem
1245 4605 1343 4657 pro
1401 4591 1653 4647 vecordia
1699 4593 1926 4648 habent.
1962 4594 2067 4650 Eos
2088 4596 2283 4651 crude-

714 4707 837 4760 litas
865 4713 924 4758 ut
955 4716 1180 4760 cancros
1214 4720 1426 4760 morum
1459 4707 1655 4763 lenitas
1690 4709 1878 4780 juvat;
1907 4723 2124 4782 semper
2149 4714 2283 4769 alie-

714 4832 813 4870 nas
861 4830 948 4869 res
1006 4815 1266 4871 all'ectant
1333 4825 1391 4871 et
1442 4820 1595 4887 quasi
1651 4823 1889 4890 proauis
1919 4822 2144 4892 habent,
2173 4825 2284 4881 imo

715 4938 839 4987 vita:
899 4931 1072 5001 ipsius
1129 4933 1434 5002 periculum
1482 4936 1625 4991 inire
1676 4954 1774 5005 pro
1832 4940 1957 4996 istis
1996 4942 2204 4996 audent
2229 4954 2284 4997 et

712 5061 855 5115 :I'gl'e
907 5046 1090 5101 lerunt
1156 5048 1322 5104 rebus
1374 5051 1490 5105 suis
1558 5052 1804 5120 spoliari.
1870 5053 2195 5125 Ubicunque
2228 5057 2283 5111 in

713 5164 885 5216 aciem
943 5163 1251 5231 prodeunt,
1305 5164 1590 5219 victoriam
1652 5173 1935 5235 reportant
1977 5175 2034 5221 et
2093 5167 2283 5238 hydrae

716 5277 894 5346 capita
933 5291 1107 5346 usque
1140 5278 1510 5348 regenerantis
1539 5279 1847 5349 exemplum
1873 5279 2137 5334 referunt.
2165 5280 2285 5336 Non

716 5390 944 5446 membri
971 5391 1201 5462 alicujus
1223 5388 1526 5462 amputatio
1552 5403 1644 5447 aut
1667 5395 1898 5462 privatio
1916 5408 2105 5451 eorum
2126 5393 2288 5452 ardo-~

718 5522 831 5559 runt
895 5505 1129 5570 minuit;
1175 5504 1266 5558 ubi
1332 5521 1550 5558 manum
1592 5505 1897 5562 amiserunt
1930 5523 2116 5573 unam,
2149 5511 2286 5566 alte-

718 5616 831 5668 rius
863 5629 966 5685 ope
1001 5625 1275 5686 pugnant;
1299 5618 1562 5672 ambabus
1589 5620 1782 5687 privati
1817 5621 2045 5689 pedibus
2072 5639 2288 5692 grassa-

794 5756 875 5830 (θλ
909 5757 1184 5830 Βοεοριὶεμ
1208 5773 1235 5811 a
1269 5759 1540 5814 Catalanis
1573 5760 1798 5821 scilicet.
1845 5763 2255 5830 Achmmcnidis,

721 5843 812 5882 seu
848 5825 1029 5885 Persis
1059 5825 1110 5884 et
1146 5825 1360 5898 Turcis,
1400 5831 1451 5883 iu
1485 5831 1820 5886 societatem.

2405 599 2512 634 νων
2534 583 2693 653 ὓϐριν
2726 587 2804 656 τῷ
2827 591 2980 656 παρὰ
3011 591 3164 659 σφῶν
3191 591 3384 663 θράσει
3412 594 3549 648 πολὺ
3577 597 3778 665 μᾶλλον
3805 599 3974 666 ἑτι-ηυ-

2404 674 2651 742 ξηκότες,
2692 682 3010 750 πρηστῆρος
3065 682 3222 753 δίκην
3257 687 3348 738 καὶ
3388 686 3514 739 καθ’
3554 688 3713 757 ἡμῶν
3736 683 3893 760 ἧκον,
3921 689 3976 741 τί

2405 766 2507 833 μὲν
2533 766 2593 819 οὐ
2627 768 2998 836 πράττοντεςς
3036 774 3091 827 τί
3128 774 3184 828 δὲ
3206 776 3267 828 ού
3309 778 3659 846 βουλόμενοις
3691 780 3776 848 ἐφ’
3805 774 3849 846 ᾧ
3869 783 3976 834 πᾶ-

2403 872 2503 908 σαν
2528 857 2740 910 ἀνελεῖν
2773 858 3090 917 Θετταλίαν.
3123 863 3290 919 Ούδὲν
3316 866 3447 933 γοῦν
3479 867 3643 920 ἐῶσιν
3673 869 3974 940 ἀπείρατον

2399 949 2500 1017 τῆς
2549 953 2871 1022 ἐπιδρομῆς,
2921 953 3244 1020 ἐλαύνοντες
3313 959 3497 1013 πάντα
3547 961 3831 1030 κατάκρας
3881 963 3974 1016 τὸν

2399 1042 2523 1111 τῇδε
2548 1044 2747 1114 χῶρον,
2780 1045 2881 1098 οὐκ
2915 1045 3062 1114 ὅρος,
3092 1047 3154 1100 οὐ
3204 1049 3406 1112 πεδίον,
3450 1053 3509 1104 ού
3563 1054 3874 1122 φάραγγας,
3908 1056 3971 1108 ού

2397 1139 2700 1206 κρημνοὺς,
2732 1138 2794 1190 ού
2831 1139 3048 1209 ῥαχίαν,
3081 1139 3142 1194 ού
3168 1139 3503 1211 λεωφόρους,
3539 1145 3637 1214 οὐχ
3665 1146 3969 1212 ὑπωρείας,

2395 1227 2458 1280 ού
2507 1229 2717 1292 νάπας,
2739 1231 2805 1284 οὐ
2835 1231 3054 1300 λόφους,
3103 1230 3166 1286 ού
3203 1234 3504 1305 χαράδρας,
3538 1237 3640 1291 οὐκ
3672 1220 3868 1306 άντρα,
3909 1241 3970 1293 οὗ

2393 1319 2690 1390 λειμῶνας,
2731 1322 2832 1376 ούκ
2875 1324 3139 1397 ἀρούρας,
3169 1316 3268 1380 ούκ
3294 1328 3456 1396 ἄλση.
3519 1329 3705 1384 Πάντα
3736 1333 3967 1401 οἴχεται,

2395 1411 2574 1465 πάντα
2603 1411 2863 1484 ἐλήλαται
2883 1430 2899 1447 ο
2927 1415 3110 1470 πάντα
3137 1417 3313 1484 μεστά
3348 1418 3563 1488 νεκρῶν
3609 1421 3706 1473 καὶ
3738 1423 3972 1490 πτωμά-

2392 1517 2502 1555 των
2526 1503 2625 1555 καὶ
2676 1503 2841 1574 φόνου
2887 1505 3109 1576 μυρίον,
3166 1508 3264 1561 καὶ
3321 1508 3644 1577 θαυμαστῆς
3701 1526 3847 1572 τινος
3875 1511 3974 1563 καὶ

2393 1593 2699 1662 φρικώδους
2752 1595 2843 1648 διὰ
2871 1596 3094 1651 πάντων
3143 1599 3377 1670 σφαγῆς.
3403 1600 3468 1653 Οἱ
3496 1600 3552 1654 δὲ
3582 1600 3692 1653 τῶν
3718 1602 3974 1672 αἱμάτων

2393 1681 2617 1751 ρύακες,
2652 1685 2769 1739 ἀντ’
2791 1687 2952 1741 ἀλλου
2981 1689 3128 1752 τινὸς
3167 1689 3350 1759 ῥοθίου
3411 1693 3705 1761 φερόμενοι
3759 1711 3971 1748 παντα-

2392 1775 2542 1844 χόσε,
2565 1776 2889 1845 λιμνάζουσι
2915 1780 3015 1849 μὲν
3043 1781 3103 1834 ὲν
3133 1783 3248 1845 τοῖς
3280 1781 3505 1847 κοίλοις,
3535 1783 3653 1836 εστι
3683 1784 3728 1837 δ’
3762 1786 3849 1838 ὅτε
3874 1789 3973 1840 καὶ

2394 1871 2664 1938 ποταμοῖς
2698 1871 2990 1935 συνιόντες,
3021 1872 3117 1925 καὶ
3149 1873 3450 1944 βάπτοντες
3477 1875 3659 1930 αὐτῶν
3687 1879 3970 1948 κατάκρας

2392 1958 2455 2013 τὸ
2485 1960 2722 2030 ῥεῖθρον,
2753 1964 3215 2018 συνεκϐάλλουσιν
3251 1967 3439 2036 οῖμοιί
3485 1969 3624 2040 πρὸς
3671 1968 3968 2034 θάλατταν,

2392 2051 2712 2122 ἀνθρώπους
2738 2053 2965 2122 ἄγοντες
2998 2056 3178 2126 ἰχθύσι
3214 2057 3403 2129 βορὰν,
3446 2063 3575 2124 τοὺς
3611 2061 3710 2131 μὲν
3737 2063 3971 2131 ἡμιθνῆ-

2391 2158 2511 2206 τας,
2543 2145 2670 2207 τοὺς
2691 2145 2737 2198 δ’
2771 2148 2836 2200 ὲκ
2877 2147 3076 2202 πολλοῦ
3105 2149 3432 2215 τεθνεῶτας.
3467 2154 3598 2216 τοὺς
3644 2155 3744 2224 μὲν
3776 2149 3968 2207 διαπε-

2391 2239 2749 2304 πραγμένους
2775 2237 3051 2303 καθάπαξ,
3078 2242 3207 2303 τοὺς
3234 2243 3291 2294 δὲ
3327 2243 3488 2311 μόγις
3538 2246 3968 2312 αἰσθανομένους

2389 2323 2427 2380 ἃ
2462 2328 2787 2396 πάσχουσιν,
2844 2330 2992 2384 οὕτω
3042 2331 3218 2387 δεινὸν
3268 2334 3448 2405 θέαμα
3509 2339 3622 2401 τοῖς
3671 2339 3838 2409 ὁρῶσι
3869 2342 3971 2393 καὶ

2389 2419 2583 2487 ἀηδίαν
2619 2421 2825 2489 κακῶν,
2860 2423 2989 2477 ὥστ’

2490 2556 2700 2624 Οὐδεὶς
2723 2559 2799 2613 ἂν
2831 2560 2998 2626 ὅστις
3036 2562 3136 2614 καὶ
3166 2563 3346 2631 φίλος
3375 2565 3550 2629 τλαίη
3577 2566 3855 2630 βλέπειν,

2390 2698 2533 2752 κατὰ
2577 2697 2676 2768 τὴν
2709 2699 3017 2769 τραγῳδίαν
3043 2701 3194 2772 (10)·
3250 2703 3328 2774 τῷ
3371 2703 3472 2772 μὲν
3513 2705 3762 2772 ἑγκάτων
3797 2707 3905 2759 ἀπό
3922 2737 3969 2755 κ-

2389 2809 2515 2856 των,
2546 2791 2622 2860 τῷ
2652 2791 2708 2844 δὲ
2761 2793 3026 2861 κεφαλῆς,
3085 2794 3256 2865 ἑτέρῳ
3307 2796 3527 2866 χειρῶν,
3576 2797 3721 2864 ἄλλῳ
3764 2800 3961 2860 ποδῶν,

2389 2881 2504 2933 ἐστι
2531 2880 2576 2935 δ’
2603 2875 2682 2943 οἷς
2707 2883 2801 2934 καὶ
2826 2882 3034 2936 τούτων
3057 2885 3335 2952 ἀπάντων,
3395 2883 3574 2954 οἶμαι.
3615 2887 3825 2958 Ὠσπερ
3851 2891 3964 2959 γὰρ

2388 2971 2591 3036 ἄθλων,
2647 2966 2823 3043 οἶμαι,
2889 2975 3142 3044 μεγάλων
3193 2976 3346 3046 παρά
3392 2977 3487 3030 τοῦ
3517 2977 3670 3046 σφῶν
3697 2977 3964 3048 ἄρχοντος

2389 3067 2792 3137 προκειμένων,
2819 3068 2929 3121 εἴτε
2963 3069 3056 3122 καὶ
3099 3071 3562 3140 συνομωμοκότας
3583 3072 3834 3143 ἀλλήλοις
3854 3075 3961 3143 χρὴ

2387 3158 2569 3226 λέγειν
2621 3159 2744 3230 μηδ’
2795 3160 2917 3212 ὅτου
2979 3160 3046 3214 ἂν
3104 3160 3256 3231 ἔχειν
3322 3162 3528 3230 φειδὼ,
3567 3165 3967 3233 φιλονεικοῦσιν

2388 3249 2646 3314 ἅπαντες,
2705 3249 2782 3313 ὼς
2829 3251 3026 3317 εἰπεῖν,
3066 3252 3218 3314 ὅστις
3267 3251 3340 3306 ἂν
3374 3252 3597 3316 πλείους
3651 3255 3830 3308 ἀνέλοι
3871 3261 3965 3309 καὶ

2388 3340 2547 3410 βάψοι
2599 3340 2661 3393 τὸ
2702 3339 2856 3410 ξίφος
2889 3343 2952 3395 ὲκ
2985 3343 3265 3412 περιττοῦ,
3318 3343 3495 3396 δεινὸν
3542 3345 3773 3408 ἕκαστος
3820 3340 3964 3399 εἶναι

2386 3433 2628 3502 νομίζων
2655 3433 2846 3504 ἑτέρου
2876 3434 2945 3486 τὰ
2975 3434 3204 3489 τοιαῦτα
3237 3435 3517 3506 λελεῖφθαι
3545 3454 3559 3466 ’
3590 3438 3712 3489 ἐπεὶ
3737 3440 3831 3491 καὶ
3871 3440 3965 3491 τὸν

2386 3526 2775 3597 εὐαριθμήτων
2836 3525 3148 3597 αὐτόχειρα,
3199 3527 3233 3598 ἢ
3284 3531 3381 3580 καὶ
3413 3528 3511 3598 τὴν
3535 3531 3697 3598 χεῖρα
3719 3528 3966 3597 καθαρὸν

2385 3619 2544 3684 ὅλως,
2578 3621 2700 3682 ταῖς
2725 3617 2834 3669 τῶν
2866 3617 3146 3687 προδοτῶν
3166 3619 3442 3688 ὑπάγουσι
3473 3621 3696 3689 ψήφοις,
3724 3621 3801 3682 ὡς
3823 3638 3966 3691 προ-

2385 3707 2602 3761 διδόντα
2625 3706 2686 3759 τδ
2716 3707 2827 3760 πᾶν
2857 3707 3030 3772 ἔθνος,
3065 3708 3139 3778 τῷ
3167 3709 3244 3778 μὴ
3269 3710 3340 3763 τὰ
3361 3708 3587 3762 τοιαῦτα
3614 3710 3960 3779 ξυμϐαίνειν·

2386 3799 2614 3860 εἰκότως
2641 3816 2656 3831 ο
2694 3798 2824 3852 οὒτε
2855 3799 2965 3870 γὰρ
2993 3795 3106 3853 οἶόν
3142 3817 3201 3852 τε
3241 3801 3365 3864 τοὺς
3396 3801 3484 3855 ἐπ’
3519 3801 3830 3871 ἀλλοδαπήν
3859 3802 3962 3855 τιν’

2386 3890 2576 3960 ῶσπερ
2605 3892 2827 3954 τούτους
2858 3891 3423 3961 ἐστρατοπεδευκότας
3457 3892 3531 3964 μὴ
3557 3895 3734 3947 πάντα
3763 3897 3962 3960 ποιεῖν,

2387 3985 2446 4050 ἐξ
2475 3979 2551 4039 ῶν
2581 3983 2648 4038 ἂν
2681 3983 2834 4055 σφίσι
2862 3983 2962 4054 μὲν
2997 3984 3180 4046 αὐτοῖς
3235 3985 3638 4057 φοϐερωτάτοις
3685 3983 3823 4040 εῖναι
3848 3987 3967 4040 δια-

2389 4077 2663 4146 φερόντως
2698 4077 2846 4147 μάλα
2878 4077 3079 4142 δοκεῖν,
3109 4077 3374 4149 ἔκπληξις
3404 4079 3579 4132 δὲκαὶ
3614 4079 3821 4150 ἀπορία
3849 4081 3965 4141 τοῖς

2387 4169 2657 4239 πάσχουσι
2689 4171 2784 4223 ικαὶ¹
2819 4169 2884 4240 δὴ
2914 4170 3222 4240 πριέσται.

2456 4257 2570 4311 Καὶ
2602 4257 2822 4328 μάλισθ’
2845 4258 3108 4312 ἁπάντων
3123 4250 3273 4312 οὗτοι
3298 4257 3614 4329 πεφύκασιν
3641 4259 3838 4330 αἵμασι
3865 4261 3966 4329 μὲν

2387 4349 2484 4402 καὶ
2515 4350 2753 4417 σφαγαῖς
2777 4348 3044 4403 ἑκάστοτε
3091 4351 3328 4419 χαίρειν,
3363 4353 3456 4404 καὶ
3483 4353 3657 4422 πέρας
3688 4352 3847 4419 ἄγειν
3877 4353 3968 4405 εὑ-

2386 4439 2672 4508 δαιμονίας
2701 4439 2803 4502 τάς
2831 4439 3038 4510 ἑτέρων
3067 4440 3296 4511 φθοράς,
3326 4443 3388 4495 τὸ
3417 4442 3475 4496 δὲ
3501 4444 3667 4514 μηδὲν
3701 4445 3967 4513 πράττειν

2316 4539 2360 4599 ξ)
2390 4529 2470 4592 είς
2504 4531 2792 4601 συμφορὰν
2811 4531 3079 4597 τίθεσθαι,
3105 4533 3203 4586 καὶ
3227 4535 3326 4602 τὴν
3357 4534 3459 4604 μὲν
3491 4535 3788 4588 ἐπιείκειαν
3809 4536 3964 4589 οὐδὲν

2395 4623 2524 4676 ἀλλο
2557 4623 2591 4694 ἢ
2625 4623 2897 4692 μαλακίαν
2929 4623 3193 4695 ἄντικρυς
3220 4625 3454 4696 κρίνειν,
3472 4626 3572 4694 τῆς
3600 4627 3655 4679 δὲ
3679 4625 3966 4695 ὠμότητος

2391 4714 2566 4778 οὕτως
2621 4715 2862 4786 ἔχεσθαι,
2917 4715 3107 4787 ὥσπερ
3147 4717 3456 4781 ἐπιεικείας
3487 4719 3684 4789 ἕτεροι,
3743 4722 3839 4787 καὶ
3870 4721 3968 4790 τῆς

2395 4809 2493 4879 μὲν
2523 4809 2730 4872 οἰκείας
2780 4809 2857 4871 ὡς
2883 4810 3168 4881 ἀλλοτρίας
3229 4811 3516 4882 ὑπερορᾷν
3569 4811 3836 4883 ἐπιθυμίᾳ
3872 4813 3970 4882 τῆς

2406 4901 2712 4970 ἀλλοτρίας,
2768 4901 2868 4964 τῆς
2925 4900 2971 4953 δ’
3009 4902 3080 4956 αὖ
3116 4903 3407 4974 ἀλλοτρίας
3455 4903 3530 4965 ὡς
3578 4905 3787 4966 οἰκείας
3820 4908 3970 4959 ἀντι⁹

2397 4991 2696 5056 ποιεῖσθαι,
2755 4992 2957 5060 μᾶλλον
3010 4994 3067 5046 δὲ
3129 4993 3269 5063 ὑπὲρ
3304 4995 3403 5063 μὲν
3472 4995 3582 5047 τῶν
3635 4996 3746 5058 τοῖς
3788 4997 3972 5058 ἄλλοις

2389 5083 2700 5153 προσόντωι
2727 5081 2872 5138 οὕτω
2900 5084 3198 5155 προθύμως
3224 5085 3368 5155 ἔχειν
3412 5087 3728 5153 ἀποθανεῖν,
3760 5086 3836 5148 ὡς
3869 5092 3972 5142 οὐκ

2389 5170 2486 5226 οἷδ’
2522 5171 2676 5236 είτις
2706 5173 2847 5244 ὑπὲρ
2873 5176 3115 5238 οἰκείων,
3150 5174 3259 5226 τῶν
3288 5174 3344 5227 δὲ
3380 5176 3665 5245 σφετέρων
3692 5176 3887 5245 μηδενὶ
3912 5181 3973 5230 τὸ

2389 5263 2651 5329 παράπαν
2689 5265 3046 5334 ἀφίστασθαι,
3078 5264 3215 5318 ἀλλὰ
3244 5264 3510 5333 πρότερον
3543 5265 3610 5318 ἂν
3636 5265 3895 5319 τεθνάναι
3929 5269 3961 5337 ἢ

2393 5354 2597 5408 τούτων
2650 5356 3014 5428 στερηθῆναι·
3079 5354 3517 5422 ἁκαταγώνιστοι
3554 5358 3653 5424 μὲν
3687 5359 3752 5409 ἑκ
3796 5358 3969 5426 μόνης

2394 5446 2546 5510 ὄντες
2573 5447 2674 5517 τῆς
2705 5449 2855 5514 θέας,
2875 5449 2974 5514 τάς
2997 5449 3053 5501 δὲ
3081 5448 3183 5518 τῆς
3216 5449 3380 5518 ὕδρας
3411 5450 3649 5518 ἐκτομάς
3673 5452 3788 5512 τοῖς
3817 5451 3970 5518 σφῶν

2399 5537 2611 5609 σώμασι
2640 5541 3010 5610 βεϐαιοῦντες.
3040 5543 3116 5595 Οὐ
3145 5542 3252 5612 γὰρ
3280 5542 3744 5611 ἀκρωτηριασμὶς
3784 5543 3970 5610 ἵστησι

2395 5630 2493 5692 τῖς
2523 5632 2717 5703 ἐρμῆς,
2748 5634 2870 5686 οὐδὲ
2909 5637 3101 5702 μέλους
3130 5637 3392 5705 στέρησις
3423 5651 3436 5664 ·
3472 5634 3629 5698 ἀλλὰ,
3655 5634 3763 5687 κᾶν
3794 5636 3968 5704 τέμῃς

2503 5796 2556 5828 ut
2602 5769 2768 5826 verba
2810 5773 3119 5831 Tecmossaa
3155 5774 3298 5846 apud
3333 5775 3591 5846 Sophocl.
3620 5778 3706 5845 Aj.
3735 5777 3860 5834 9‘29.
