4232 6432
218 407 318 472 ιιι

1626 397 2034 461 EPISTOL‘E.

3386 378 3489 452 449.

217 535 321 588 την
342 519 525 588 χεῖρα,
564 519 629 586 τῇ
665 515 965 589 λ;ιπομένη
1010 517 1310 587 μάχονταιο
1338 533 1441 570 κάν
1468 516 1638 584 ἄμφω
1671 513 1803 568 ταύ-

1855 513 2080 570 tbundi
2131 525 2245 567 rem
2298 509 2537 565 martiali
2581 507 2767 563 furore
2818 513 3040 575 gerunt,
3075 517 3184 557 non
3213 502 3490 555 membro-

217 628 344 675 τας,
377 611 704 682 βακχεύουσι
747 613 859 673 τοῖς
894 612 1057 662 ποσὶν
1106 610 1378 674 ἐνυάλιον,
1416 610 1513 679 οὐχ
1541 605 1622 672 οἷς
1659 608 1803 679 ἀφῄ-

222 722 421 776 ρηνται
447 705 918 775 δυσχεραίνοντες,
938 703 1053 756 ἀλλ’
1078 703 1160 755 ὅτι
1187 702 1264 772 μὴ
1290 698 1398 755 οἷοί
1429 703 1488 754 τέ
1527 704 1633 754 είσι
1663 701 1802 769 χρῆ-

221 798 349 852 σθαι
383 799 452 868 τῇ
473 797 671 867 γνώμῃ
697 795 872 849 δεινὸν
900 795 1221 865 ἡγούμενοι,
1255 793 1387 857 ἴσως
1431 792 1802 861 Κυναιγεὶρου

223 888 571 959 μεμνημένοι
598 887 694 941 τοῦ
746 887 984 957 πρόσθεν
1016 888 1113 940 καὶ
1164 886 1540 956 Καλλιμάχου,
1569 875 1644 938 ὧν
1697 884 1805 937 ὑπὸ

219 978 423 1051 Μήδων
452 983 482 1034 6
511 981 610 1050 μὲν
644 978 1052 1048 περιτοξευθεὶς
1081 977 1272 1048 ῶσπερ
1308 978 1576 1039 ἀθάνατος
1615 977 1804 1028 ἵστατο

219 1071 652 1142 τετελευτηκὼς,
680 1075 708 1124 6
738 1071 1112 1140 Καλλίμαχος,
1143 1074 1172 1123 6
1201 1070 1248 1124 δ’
1294 1069 1410 1139 ἅμα
1438 1069 1629 1140 χερσὶν
1657 1069 1805 1137 [1cm-

222 1167 356 1237 ρὲθη
388 1168 488 1236 τὴν
539 1163 786 1235 κεφαλὴν
836 1163 1044 1233 τριήρη
1082 1163 1208 1216 τινὰ
1266 1161 1594 1233 βουλόμενος
1635 1177 1804 1212 κατα-

220 1261 377 1328 σχεῖν
433 1257 734 1327 Περσικὴν,
787 1258 815 1309 6
867 1255 1253 1326 Κυναίγειρος.
1307 1255 1419 1308 Καὶ
1467 1253 1682 1315 τούτοις
1729 1252 1804 1314 ὼς

219 1350 444 1420 άληθῶς
488 1352 569 1412 εἰς
608 1349 887 1417 αἴσχιστον
933 1349 1124 1400 πίπτει
1153 1349 1214 1400 τὸ
1251 1346 1327 1418 μὴ
1358 1346 1585 1416 ⁴ιιιολέμῳ
1619 1343 1807 1398 τεθνά-

221 1457 334 1504 ναι,
375 1440 513 1509 μηδὲ
534 1440 788 1492 τάκείνου
815 1439 1044 1509 βακχεῖα
1075 1441 1191 1501 τοῖς
1213 1437 1433 1507 σώμασι
1456 1436 1803 1506 τελεσθῆναι·

219 1530 316 1584 καί
344 1546 434 1592 τις
458 1529 561 1600 ήδη
593 1526 755 1582 τοῦτο
785 1529 1048 1591 πολλάκις
1079 1529 1256 1600 ἑτέρῳ
1285 1530 1365 1591 είς
1394 1527 1601 1590 δνειδος
1638 1525 1806 1597 προὺ-

220 1640 281 1677 τε
291 1641 429 1677 ινεν.
462 1622 630 1676 Ὀθεν
651 1624 798 1694 ὁρμῇ
820 1624 1126 1694 μαινομένῃ
1151 1623 1422 1692 χωροῦσιν
1443 1620 1806 1689 ἑκασταχόσε,

221 1715 459 1786 μηδενὸς
508 1714 880 1786 ἀνταίροντος,
945 1713 1067 1768 ἀλλ’
1114 1713 1304 1784 ῶσπερ
1361 1713 1452 1766 ὑπ’
1487 1711 1808 1780 ἐκπλήξεως

221 1774 452 1861 πάντων
475 1807 610 1878 πρὸς
639 1774 808 1878 μόνην
837 1774 1209 1877 έξισταμένων
1250 1774 1349 1877 τὴν
1388 1807 1582 1875 ἀκοὴν.
1615 1774 1808 1875 δηοῦν·
1841 1872 1877 1878 _
1912 1774 2041 1843 piun

1909 643 2029 684 rum
2055 628 2324 698 iacturam
2354 624 2726 694 deplorantes,
2781 620 2876 675 sed
2911 615 3309 686 indignabundi
3338 615 3483 683 quod

1907 744 2208 799 inferiores
2235 742 2347 796 sint
2373 739 2648 811 Cynegiro
2669 745 2764 790 aut
2786 733 3146 797 Callimacho,
3178 746 3244 784 ex
3273 729 3479 798 quibus

1907 857 2085 920 hicee,
2166 853 2453 909 Medorum
2509 849 2634 904 telis
2681 848 3002 900 vulneratus
3072 851 3195 912 post
3249 849 3484 894 ntortem

1914 967 2388 1026 immortalitatem
2429 975 2513 1020 est
2553 971 2873 1025 assecutus;
2921 959 3012 1013 ille
3059 972 3186 1012 cum
3229 954 3487 1008 manibus

1908 1094 2076 1156 caput
2128 1099 2349 1155 quoque
2404 1081 2683 1135 abcissum
2738 1074 2958 1137 habuit,
3016 1072 3146 1126 dum
3198 1071 3484 1124 triremem

1907 1197 2187 1252 Persicam
2247 1192 2509 1248 dentibus
2566 1189 2807 1244 retinere
2873 1185 3109 1239 volebat.
3173 1181 3322 1236 Nihil
3399 1180 3485 1232 his

1910 1312 2046 1384 ipsis
2093 1311 2314 1380 turpius
2357 1307 2648 1362 videbatur
2674 1317 2837 1376 quam
2865 1309 3021 1355 extra
3051 1312 3286 1368 pugnam
3321 1295 3486 1349 vitam

1909 1428 2164 1483 amittere
2203 1435 2259 1480 et
2299 1423 2380 1478 sic
2426 1420 2726 1492 opprobrio
2777 1416 2922 1486 apud
2960 1424 3213 1485 posteros
3258 1411 3488 1480 exponi.

1909 1544 2063 1599 lianc
2104 1541 2175 1595 ob
2197 1552 2419 1593 causam
2451 1546 2875 1606 quoquoversus
2907 1529 3093 1583 furore
3135 1524 3320 1595 agitati
3369 1539 3492 1592 pro-

1910 1667 2101 1719 ruunt,
2136 1670 2199 1708 ac
2225 1653 2443 1707 nemine
2503 1649 2820 1708 resistente.
2863 1659 2964 1698 ceu
3008 1641 3189 1709 fulgur
3219 1653 3276 1692 se
3307 1633 3491 1702 prori-

2050 1781 2069 1825 t
2097 1779 2151 1823 et
2180 1768 2363 1823 omnia
2403 1772 2641 1827 vastant,
2666 1767 2874 1823 secant,
2913 1763 3101 1817 urunt,
3136 1751 3478 1822 praedantur,

218 1918 336 1966 τες,
393 1899 748 1971 πορθοῦντες,
803 1900 1117 1969 τέμνοντες,
1172 1898 1422 1961 κάοντες,
1473 1896 1807 1969 ληϊζόμενοι,

1855 1872 1885 1932 Β
1919 1886 1972 1940 in
2002 1885 2328 1939 servitutetn
2359 1878 2680 1948 abripiunt,
2718 1875 2826 1929 vita
2880 1873 3127 1942 privant,
3159 1865 3491 1921 cadaverum

219 1991 554 2063 ἀνθρώπους
578 1993 706 2055 τοὺς
735 1991 834 2062 μὲν
868 1990 1370 2059 δουλαγωγοῦντες,
1395 1990 1522 2053 τοὺς
1554 1989 1610 2042 δὲ
1635 1989 1809 2057 σφάτ-

219 2102 436 2148 τοντες,
503 2084 718 2154 νεκρῶν
766 2083 1038 2147 κολωνοὺς
1100 2084 1372 2148 ἱστάντες,
1428 2082 1720 2145 τοσούτους
1751 2082 1813 2135 τὸ

220 2179 456 2248 πλῆθος,
491 2178 566 2239 ὡς
621 2175 790 2246 μηδὲν
841 2171 982 2229 εἶναι
1036 2175 1176 2244 πρὸς
1241 2173 1470 2239 τούτους
1517 2175 1653 2247 μηδὲ
1685 2177 1812 2238 τοὺς

220 2270 592 2339 Κερκυραίων
634 2268 882 2338 νεκροὺς,
929 2267 1022 2330 οὓς
1061 2268 1146 2336 ἐφ’
1190 2267 1419 2337 ἁμαξῶν
1447 2307 1463 2334 ,
1506 2267 1582 2330 ὼς
1630 2267 1809 2319 Θυκυο

221 2362 379 2430 δίδης
411 2361 577 2430 φησὶν
610 2359 750 2430 (Η),
782 2359 978 2432 ἔφερον
1000 2374 1014 2389 ⁸
1040 2359 1159 2411 ἀλλ’
1203 2360 1455 2431 ἀποχρῆν
1491 2357 1592 2426 μὲν
1619 2357 1685 2410 ἂν
1723 2358 1812 2409 έν·-

219 2448 420 2502 τεῦθεν
454 2450 549 2501 καὶ
578 2451 859 2519 ποταμοὺς
885 2449 1189 2518 γεφυροῦν,
1223 2449 1277 2502 si
1317 2467 1402 2514 τις
1432 2449 1608 2502 seu.“
1629 2463 1642 2476 ·
1676 2449 1811 2500 ἀπο-

221 2542 367 2612 χρῆν
406 2541 453 2593 δ’
485 2541 552 2597 ἂν
585 2541 708 2594 ἀντὶ
755 2541 1032 2611 φραγμῶν
1087 2541 1373 2611 γίγνεσθαι
1428 2544 1545 2604 τοῖς
1596 2543 1809 2610 ἀγροῖς.

221 2633 455 2686 Μᾶλλον
482 2632 539 2685 δὲ
566 2635 661 2686 καὶ
687 2631 909 2695 τούτους
941 2632 1037 2686 ἐπὶ
1064 2632 1325 2686 τοσοῦτον
1359 2632 1808 2703 στενοχωροῦσιν,

223 2726 304 2788 ώς
351 2726 492 2795 μηδὲ
528 2726 709 2796 ῥᾴδιον
766 2721 906 2780 εἶναι
960 2725 1252 2791 διεξελθεῖν
1300 2725 1389 2780 διά
1425 2725 1630 2778 τούτων
1659 2725 1811 2794 βαδί-

222 2820 390 2884 ζοντα
415 2837 430 2851 ⁸
466 2821 583 2873 ἀλλ’
614 2821 832 2889 ἀνάγκη
862 2821 1102 2887 πολλοῖς,
1141 2822 1188 2873 εἰ
1211 2815 1322 2874 οἷόν
1359 2819 1410 2873 τ’
1455 2822 1654 2885 εἰπεῖν,
1679 2821 1808 2872 επο-

221 2913 499 2982 χούμενον
525 2912 789 2982 φέρεσθαι
811 2929 824 2942 ·
846 2912 990 2966 οὑτω
1009 2914 1204 2966 πυκνοὶ
1236 2911 1551 2979 πίπτουσιν,
1585 2912 1780 2965 ἑστιῶν
1797 2941 1811 2952 -

219 3023 318 3069 τες
362 3009 464 3076 μὲν
492 3008 739 3071 οίωνοὺς,
774 3007 1063 3072 ἑστιῶντες
1090 3007 1148 3061 δὲ
1178 3006 1374 3077 θῆρας,
1411 3006 1506 3059 καὶ
1535 3004 1595 3059 τὸ
1630 3005 1812 3059 κυνῶν

222 3099 406 3160 ἔθνος.
447 3099 514 3151 Ἦ
563 3099 672 3169 γὰρ
704 3099 814 3151 τῶν
844 3100 1079 3168 ἑχόντων
1111 3099 1309 3162 σπάνις
1340 3099 1464 3152 ἀντὶ
1506 3096 1811 3168 χειροήθων

225 3192 308 3253 εἰς
327 3191 643 3260 ἀνημέρους
679 3192 776 3244 καὶ
796 3190 1021 3252 τούτους
1043 3190 1277 3262 ἢγαγεν,
1305 3191 1807 3260 άπαναινομένους,
1839 3221 1882 3278 c

225 3281 282 3331 εῖ
310 3283 463 3343 τινές
486 3298 588 3333 που
616 3281 826 3335 τούτων
852 3285 1098 3351 φανεῖεν,
1123 3283 1391 3352 φυγόντες
1419 3285 1520 3352 μὲν
1548 3283 1608 3336 τὸ
1637 3281 1812 3352 ξίφος,

227 3371 552 3441 βουλόμενοι
601 3373 659 3425 δέ
705 3390 760 3426 τι
807 3372 1025 3443 νύκτωρ
1069 3373 1182 3426 τῶν
1233 3375 1511 3445 σφετέρων
1545 3375 1813 3446 ἁρπάσαι,

224 3464 318 3531 ἀφ’
358 3457 406 3533 ᾧ
435 3467 510 3533 μὴ
543 3464 687 3535 λιμῷ
729 3465 1101 3535 τεθνήξονται,
1157 3465 1392 3519 ἀϐίωτον
1420 3466 1696 3536 ’βιοῦντες
1723 3467 1816 3520 τὸν

228 3556 377 3625 βίον,
394 3556 616 3609 καὶτῶν
635 3557 996 3610 ἀπολωλότων
1020 3556 1276 3610 τοσοῦτον
1301 3557 1677 3628 διαφέροντες,
1704 3560 1816 3629 ὅσῳ

236 3648 387 3713 μετὰ
443 3646 645 3706 πολλάς
677 3662 829 3709 τινας
862 3647 1175 3717 ἀφορήτους
1226 3645 1476 3714 ἀνάγκας
1501 3648 1633 3701 αὐτὸ
1657 3646 1818 3703 τοῦτο

230 3753 547 3789 πείσονται.

305 3833 518 3902 Καιρὸς
547 3831 603 3882 δὲ
628 3833 724 3883 καὶ
757 3831 868 3892 τοῖς
891 3829 1138 3900 λῃσταῖς,
1165 3822 1280 3891 οἷος
1322 3827 1479 3882 οὑπω
1521 3829 1813 3899 πρᾶτερον,

230 3927 328 3978 καὶ
360 3925 422 3977 ὃν
458 3923 698 3988 εὑξαιντ’
731 3923 799 3976 ἂν
847 3923 1031 3984 αὐτοῖς
1063 3923 1267 3990 μᾶλλον
1296 3922 1578 3992 γενέσθαι.
1612 3923 1678 3975 Ol
1707 3921 1815 3990 γάρ

229 4021 335 4082 τάς
357 4015 472 4071 τῶν
501 4017 777 4084 πολεμίων
808 4013 1302 4082 ἀποδιδράσκοντες
1333 4016 1544 4084 χεῖρας,
1575 4015 1695 4077 ταῖς
1722 4015 1820 4066 αύ-

232 4113 349 4165 τῶν
374 4110 537 4172 εὐθὺς
563 4108 986 4178 περιπίπτουσι,
1022 4109 1138 4173 καὶ,
1177 4105 1403 4167 τούτους
1460 4105 1661 4167 ἀλλους
1702 4121 1818 4157 τοι-

233 4205 436 4265 ούτους
465 4202 840 4272 εὑρίσκοντες,
865 4198 934 4252 ἂν
963 4199 1067 4268 μὲν
1096 4198 1318 4261 ἑκόντες
1362 4197 1683 4262 ὲξιστῶνται
1709 4198 1819 4252 τῶν

233 4299 432 4360 ὄντων,
471 4292 580 4348 οὐδ’
606 4291 748 4347 οὕτω
772 4291 962 4346 κακῶν
981 4290 1220 4353 ἀπαθεῖς
1245 4290 1492 4355 άπίσσιν,
1520 4289 1661 4344 άλλά
1689 4291 1820 4343 πολ-

234 4393 337 4454 λάς
391 4404 552 4451 τινας
605 4385 875 4456 πρότερον
919 4382 1237 4452 ἐκπλήξεως
1298 4382 1485 4434 εἵνεκα
1533 4382 1820 4452 δεξάμενοι

236 4484 383 4536 κατά
414 4482 610 4542 νώτου,
639 4475 734 4530 τοῦ
773 4476 848 4546 μὴ
871 4474 1126 4528 τεθνάναι
1150 4476 1312 4544 χάριν
1337 4473 1552 4544 ἔχοντες
1575 4491 1591 4506 ο
1629 4475 1818 4544 βουλό-

240 4590 400 4644 μενοι
433 4573 490 4624 δὲ
526 4573 732 4623 τούτων
763 4570 1128 4637 ὑπερμαχεῖν,
1159 4567 1633 4637 προσαπολλύουσι
1657 4567 1818 4634 σφᾶς,
1847 4555 1901 4615 Ι)

235 4671 276 4724 ἃ
313 4667 415 4736 μὲν
438 4663 676 4736 πρόσθεν
699 4662 936 4733 ήλπισαν
967 4660 1029 4713 οὑ
1053 4660 1338 4724 παθόντες,
1367 4655 1442 4713 ὦν
1471 4661 1531 4714 δὲ
1555 4660 1615 4712 οὺ
1646 4676 1821 4728 προσ-

239 4760 516 4826 εδόκησαν
576 4754 748 4821 σφίσι,
806 4751 1012 4806 τούτων
1061 4751 1345 4821 κατάκρας
1385 4751 1675 4820 εἰληφότες
1726 4751 1824 4820 τὴν

242 4849 476 4915 πεῖραν·
516 4841 902 4910 παραπλήσιον
933 4838 1122 4909 ῶσπερ
1159 4839 1228 4893 ἂν
1256 4841 1328 4904 εί,
1355 4840 1443 4892 διὰ
1474 4841 1638 4892 τοῦτο
1664 4839 1828 4892 Σικε-

240 4937 399 4992 λικοῦ
426 4951 512 4998 τις
547 4934 817 5001 πελάγους
874 4932 1149 4995 διασώσας
1194 4932 1255 4986 τὸ
1309 4934 1537 5001 σκάφος,
1599 4934 1827 5001 ὑφάλοις

238 5032 388 5085 τισὶν
421 5029 666 5095 ἐνέτυχε,
699 5026 794 5077 καὶ
817 5024 1042 5078 σπιλάσι
1073 5026 1208 5078 πολὺ
1235 5026 1564 5096 δεινοτέραις
1592 5029 1701 5081 τῶν
1727 5028 1826 5096 τῆς

243 5122 496 5190 Σκύλλης
538 5118 811 5186 κεφαλῶν.

317 5209 795 5281 Παραπολέλαυκε
813 5208 856 5260 δ’
875 5209 1052 5278 οῐμοιί
1081 5209 1177 5263 καὶ
1208 5207 1388 5272 Ἀθως
1416 5209 1519 5278 τῆς
1541 5211 1827 5281 συμφορᾶς

243 5307 343 5357 καὶ
383 5303 489 5369 τῆς
520 5300 723 5353 ἀτόπου
750 5302 982 5368 ταυτησὶ
1003 5300 1112 5352 τῶν
1151 5299 1417 5368 κυμάτων
1452 5301 1740 5371 ἐπιρροῆς,
1770 5304 1830 5352 τὸ

247 5402 416 5468 μόνον
445 5393 522 5456 ὡς
557 5391 772 5460 άληθῶς
825 5392 1047 5461 ἀπάσης
1095 5393 1194 5461 τῆς
1234 5394 1439 5464 ἀρετῆς
1466 5392 1642 5445 κοινὸν
1656 5394 1832 5463 ’ἐργα-

247 5492 504 5561 στήριον,
540 5488 568 5539 6
593 5487 690 5555 τῆς
745 5485 1045 5555 ἑκασταχοῦ
1093 5486 1194 5554 τῆς
1217 5487 1548 5555 οἰκουμένης
1579 5485 1731 5556 (πῶς
1765 5487 1832 5539 ἂν

247 5579 548 5647 εἰποιμι;)
625 5579 1076 5648 ὁμολογουμένως
1149 5579 1528 5650 ἐξειλεγμένος
1587 5581 1826 5650 μάλιστα

249 5676 458 5744 χῶρος,
511 5672 703 5740 ὥσπερ
742 5672 842 5724 οὑκ
900 5673 1307 5743 ἀνασχομένων,
1361 5669 1534 5744 οἴμαι,
1581 5676 1689 5728 τῶν
1715 5677 1835 5746 Μή-

330 5829 718 5901 tlI)Thucyd.
765 5845 839 5886 tv,
887 5830 964 5884 is.

1913 2014 2138 2056 acervos
2184 2005 2404 2051 struunt
2446 1993 2682 2064 majores
2739 2002 2905 2059 quam
2967 1994 3026 2038 υι
3053 1982 3495 2052 Corcyraeorum,

1916 2117 2054 2163 teste
2082 2103 2429 2174 Thucydide,
2452 2102 2505 2155 in
2539 2097 2802 2170 plaustris
2832 2102 3152 2149 avectorum
3176 2131 3190 2154 ,
3227 2087 3496 2143 cadavera

1913 2239 2036 2279 cum
2079 2223 2144 2275 iis
2197 2217 2504 2287 comparari
2575 2211 2828 2284 possint;
2865 2217 3050 2263 tantus
3101 2205 3250 2260 enim
3300 2217 3494 2258 eorum

1915 2339 2019 2394 fuit
2062 2350 2348 2396 numerus,
2394 2342 2453 2387 ut
2506 2329 2728 2385 flumina
2767 2325 2922 2397 quasi
2971 2321 3232 2393 pontibus
3263 2320 3496 2392 iungere

1917 2465 1975 2509 ut
2043 2466 2266 2521 campos
2327 2447 2585 2503 humanis
2662 2443 2954 2515 aggeribus
3010 2441 3230 2510 cingere
3281 2450 3492 2507 posses.

1913 2565 2118 2620 Eorum
2183 2562 2482 2617 multitudo
2535 2558 2672 2613 adeo
2724 2557 2895 2634 densa
2967 2563 3072 2619 est,
3117 2562 3176 2606 nt
3235 2551 3496 2606 euntibus

1918 2677 2208 2732 obstaculo
2240 2676 2431 2731 sintet
2467 2673 2559 2727 alii
2613 2673 2844 2726 aliorum
2889 2668 3044 2738 quasi
3068 2665 3313 2720 humeris
3363 2662 3496 2718 insi-

1913 2796 2079 2849 deant
2137 2801 2192 2847 et
2241 2793 2456 2855 avibus,
2501 2790 2651 2852 feris,
2692 2786 2925 2841 canibus
2972 2783 3185 2837 facilem
3250 2780 3490 2848 praulam

1912 2909 2168 2964 offerant.
2225 2905 2344 2960 Huc
2384 2887 2599 2959 accedit
2637 2899 2785 2971 quod
2830 2898 2925 2965 qui
2977 2897 3102 2950 vita:
3126 2894 3488 2951 substantiam

1915 3021 2121 3076 habent
2171 3035 2201 3072 a
2253 3018 2392 3072 feris
2439 2997 2507 3071 iet
2557 3014 2880 3070 inhumanis
2945 3013 3149 3067 misere
3200 3018 3498 3079 carpantur

1913 3146 1969 3190 et
2023 3149 2241 3204 semper
2307 3132 2546 3187 hostium
2595 3129 2776 3199 gladio
2831 3135 3200 3195 etponantur,
3256 3123 3300 3178 si
3355 3123 3498 3176 forte

1918 3263 2084 3307 noctu
2137 3252 2323 3306 cibum
2375 3248 2659 3318 quaesituri
2713 3254 2916 3301 exeunt
2953 3261 3022 3298 ne
3056 3244 3200 3298 fame
3241 3250 3492 3312 pereant,

1915 3376 1970 3423 et
2001 3367 2081 3421 sic
2121 3364 2381 3419 miseram
2410 3363 2696 3417 trahentes
2754 3361 2924 3414 vitam
2957 3359 3010 3413 id
3044 3372 3214 3414 unum
3245 3363 3497 3409 metuant

1917 3498 1986 3536 ne
2014 3490 2138 3552 post
2158 3477 2508 3549 gravissimas
2535 3489 2811 3531 aerumnas
2853 3480 2909 3528 et
2973 3471 3076 3540 ipsi
3133 3469 3370 3526 similem
3404 3482 3500 3521 ne-

1924 3610 2046 3650 cem
2073 3602 2360 3663 oppetant.

1997 3818 2104 3874 Sed
2157 3817 2466 3873 latronibus
2521 3829 2743 3886 quoque
2798 3812 2888 3867 illa
2939 3820 3237 3882 tempestas
3291 3807 3504 3879 gratior

1930 3950 2095 4004 quam
2148 3948 2391 4003 unquam
2448 3941 2609 3986 antea
2648 3929 2771 3984 fuit.
2808 3929 2913 3996 Qui
2939 3928 3088 3983 enim
3122 3923 3362 3980 hostium
3388 3939 3505 3976 ma-

1808 4041 1824 4105 ζ
1921 4065 2026 4104 nus
2066 4048 2408 4118 effugerant,
2438 4047 2494 4102 in
2528 4046 2744 4100 illorum
2787 4045 2935 4099 illico
2957 4041 3297 4102 incidebant,
3327 4055 3358 4093 a
3382 4038 3505 4108 qui-

1853 4204 1859 4209 .
1921 4164 2027 4219 bus
2071 4163 2116 4217 si
2173 4177 2282 4217 non
2345 4170 2540 4230 sponte
2605 4174 2728 4229 qua:
2779 4156 3158 4228 possidebant,
3208 4153 3504 4218 cedebant,

1924 4279 2062 4333 diris
2115 4276 2443 4331 verberibus
2493 4275 2674 4330 alfecti
2740 4282 2955 4328 tantum
3019 4287 3130 4328 non
3195 4271 3262 4326 ad
3306 4284 3506 4325 necem

1905 4378 2100 4461 usque
2150 4390 2566 4446 cruciabantur.
2637 4388 2742 4454 Qui
2770 4402 2933 4458 porro
2966 4388 3176 4442 amicos
3210 4385 3507 4442 calamito-

1926 4522 2015 4562 sos
2062 4507 2232 4560 armis
2257 4505 2556 4560 defendere
2585 4502 2844 4557 volebant
2873 4517 2978 4554 una
3009 4515 3135 4555 cum
3168 4500 3276 4556 illis
3300 4503 3353 4554 in
3385 4516 3510 4570 per-

1934 4621 2134 4674 niciem
2188 4618 2426 4674 ruebant
2457 4626 2514 4671 et
2541 4615 2810 4687 supplicia
2841 4613 3135 4670 durissima
3163 4627 3266 4666 nec
3301 4613 3510 4682 opinati

1937 4735 2302 4804 patiebantur,
2346 4733 2506 4801 plane
2558 4742 2616 4785 ut
2645 4730 2683 4784 ii
2717 4729 2810 4799 qui
2847 4728 2900 4782 in
2959 4727 3096 4781 mari
3135 4725 3320 4780 Siculo
3365 4725 3509 4781 Cha-

1938 4852 2132 4921 rybdin
2188 4849 2451 4914 vitantes,
2484 4848 2538 4900 in
2591 4845 2865 4900 tristiores
2910 4840 3103 4912 Scylla:
3147 4842 3405 4912 scopulos
3456 4849 3513 4896 et

1935 4983 2064 5024 saxa
2097 4965 2293 5020 misere
2318 4962 2586 5017 incidunt.

2014 5218 2156 5273 Casu
2215 5229 2454 5286 quouam
2495 5214 2641 5268 fatali
2671 5213 2844 5269 Athos
2866 5226 3104 5283 quoque,
3161 5211 3214 5265 in
3244 5225 3354 5280 quo
3393 5209 3512 5264 solo

1940 5333 2120 5387 virtus
2160 5343 2338 5387 tutum
2376 5331 2544 5385 habet
2587 5328 2955 5393 domicilium,
3006 5326 3100 5396 qui
3131 5325 3283 5380 solus
3306 5325 3511 5394 ubique

1942 5459 2209 5504 terrarum
2259 5456 2314 5502 et
2375 5449 2619 5500 omnium
2654 5458 2925 5500 consensu
2955 5456 3048 5495 vas
3075 5451 3160 5495 est
3191 5440 3505 5505 electionis,

1939 5577 2293 5621 communem
2347 5560 2738 5622 calamitatem,
2799 5567 2860 5612 ut
2914 5557 2970 5611 iu
3035 5556 3171 5610 mari
3221 5553 3521 5623 scopuloso

1941 5691 2205 5750 expertus
2266 5686 2371 5742 est,
2428 5677 2555 5730 licet
2615 5689 2715 5729 nec
2785 5688 2814 5727 a
2855 5671 3136 5728 Medorum
3182 5684 3307 5741 rege
3338 5668 3520 5725 Xerxe
