4232 6432
268 366 374 430 449

1351 374 1634 434 ORATIO
1674 375 1766 435 DE
1810 375 2040 436 REGIS
2070 376 2418 437 OFFICIIS.

3419 369 3523 432 450

271 483 528 550 πρόσεσθ’
564 482 714 552 ὑμῖν,
752 484 960 538 τούτων
989 485 1131 554 ὑμᾶς
1168 484 1365 547 αὐτοὺς
1395 488 1712 553 ἀφιστάναι,
1745 488 1820 538 καί

1947 486 2100 541 dant.
2155 488 2211 542 Si
2267 501 2397 541 vero
2436 501 2496 540 ea
2528 500 2649 555 quae
2697 484 2915 555 plurimi
2952 482 3127 539 facitis
3176 481 3301 552 ipsi,
3335 485 3521 551 perni-

270 577 589 644 μεθιστάναι
615 580 753 649 πρὸς
784 579 818 633 θ.
845 580 957 632 δεῖ·
988 581 1037 632 εἰ
1070 578 1115 631 δ’
1140 578 1175 633 ἀ
1219 580 1347 649 περὶ
1383 579 1638 633 πλείστου
1670 581 1841 633 ποιεῖ-

267 668 385 731 σθρ,
427 669 578 722 ταῦθ’
625 672 757 741 ὑμῖν
809 672 890 735 εἰς
937 670 1144 741 βλάϐην
1192 672 1535 732 καθίσταται.
1589 672 1707 735 πῶς
1738 672 1838 725 οὐκ

263 760 418 825 ἄξων
450 763 661 832 ἑτέροις
699 763 929 828 ἀνιέναι,
962 763 1032 817 δι’
1071 757 1138 834 ἧς
1170 764 1648 832 εὐδαιμονέστατοι
1701 766 1837 820 πάν-

262 870 375 906 των
407 855 564 923 ὑμεῖς
598 854 790 907 ἔσεσθε
818 871 833 919 ;
874 856 975 907 Ἥν
995 855 1106 925 γάρ
1142 872 1261 919 σου,
1294 855 1362 909 δι’
1392 849 1467 909 ὦν
1500 857 1566 910 ἂν
1586 855 1697 924 ἐγὼ
1735 856 1835 925 μὶν

262 945 593 1014 ὐποθεῖμην,
644 948 710 1001 σὺ
737 947 793 1000 δὲ
826 946 983 999 ταῦτ’
1013 948 1256 1010 ἀκούσας
1302 949 1381 1011 είς
1422 947 1583 1017 εργον
1622 948 1842 1015 εξενεγ-

257 1039 380 1089 κεῖν
403 1037 708 1107 ἐθελήσαις,
738 1039 831 1091 τὸν
856 1038 1051 1092 ἅπαντ’
1084 1039 1258 1092 αίῶνα
1304 1038 1627 1111 θαυμαστὴν
1658 1056 1836 1110 παρα-

257 1132 518 1185 σκευάσω
552 1131 807 1197 γενέσθαι
833 1134 927 1184 καὶ
952 1132 1053 1201 τὴν
1084 1132 1259 1202 ἀρχὴν
1283 1134 1397 1195 τοῖς
1428 1132 1677 1195 ἐπαίνοις
1703 1131 1836 1184 ἀθά-

255 1238 442 1284 νιτον,
475 1220 774 1290 χαριοῦμαι
820 1237 905 1275 σοι
952 1223 1087 1275 πολὺ
1122 1222 1347 1292 μᾶλλον,
1375 1223 1407 1292 ἢ
1452 1224 1502 1275 εί
1532 1222 1711 1276 πάντα
1740 1222 1833 1275 τὸν

255 1313 363 1365 ὑπὸ
397 1316 501 1382 γῆν
528 1315 620 1367 καὶ
650 1314 789 1385 ὑπὲρ
813 1313 919 1383 γῆν
954 1314 1178 1382 χρυσὸν,
1198 1317 1354 1384 εἰπερ
1378 1310 1490 1368 οἷόν
1506 1315 1553 1369 τ’
1580 1311 1670 1387 ἦν,
1701 1332 1829 1368 συν-

253 1404 486 1474 ειλοχὼς
537 1407 921 1475 παρεσχόμην·
977 1409 1237 1475 χρήματα
1314 1407 1413 1476 μὲν
1475 1408 1585 1477 γὰρ
1640 1406 1832 1461 ἄλλοτε

252 1494 435 1557 ἄλλως
469 1495 629 1563 ίσχει,
681 1495 849 1565 ἀρετὴ
890 1493 947 1547 δὲ
980 1494 1122 1547 οὕτω
1170 1495 1313 1549 κατὰ
1372 1496 1576 1558 παντὸς
1616 1496 1834 1549 ἵσταται

251 1588 473 1657 χρόνου,
502 1585 631 1639 ὥστ’
659 1586 761 1639 οὐκ
804 1585 955 1640 ἐστιν
978 1585 1068 1641 ὅτ’
1093 1588 1280 1639 οὐκέτι
1334 1587 1491 1656 λόγος
1529 1588 1698 1657 αὐτῆς
1720 1602 1733 1616 ’
1760 1584 1830 1659 ἦς

251 1678 421 1746 ἔγωγ’
474 1677 535 1732 εὖ
589 1672 706 1730 οἶδα
744 1677 1077 1748 δημαγωγὸν
1125 1678 1201 1741 ὡς
1261 1679 1475 1749 τάχιστ’
1536 1680 1825 1750 ἀποφανῶ,

250 1773 439 1823 ὁποῖόν
466 1771 571 1823 τιν’
594 1766 737 1823 εἶναι
770 1772 850 1823 δεῖ
872 1774 964 1823 τὸν
1009 1772 1319 1841 κρατοῦντα
1348 1770 1585 1838 διεξιὼν,
1619 1772 1714 1826 καί
1745 1789 1828 1826 σοι

1942 598 2093 653 ciosa
2156 606 2288 654 sunt
2337 596 2516 663 vobis,
2576 610 2687 665 quo
2743 606 2902 665 pacto
2954 594 2988 648 ii
3019 578 3316 664 spernendi
3348 603 3516 648 erunt

1942 708 2145 778 quibus
2178 722 2452 763 summum
2483 714 2728 761 vestrum
2796 707 3001 761 bonum
3038 704 3198 760 unice
3224 704 3375 759 cordi
3404 705 3524 759 est?

1941 821 2088 892 quod
2138 822 2187 877 si
2240 836 2305 876 ea
2355 836 2478 891 qua:
2532 819 2630 873 tibi
2686 817 2929 872 dederim
2962 818 3190 872 consilia
3223 816 3522 871 observans

1937 946 1995 993 et
2021 936 2289 991 dictorum
2325 948 2574 989 meorum
2606 932 2838 987 audiens
2870 932 3039 996 fores,
3097 948 3324 1001 regnum
3365 942 3518 986 tuum

1938 1064 2039 1120 per
2066 1061 2230 1103 omne
2262 1054 2479 1114 tempus
2528 1043 2792 1098 laudibus
2830 1043 2896 1097 ad
2928 1042 3126 1097 eat-lum
3161 1057 3331 1112 usque
3353 1044 3520 1098 eil‘vr-

1944 1174 2083 1225 rem,
2127 1166 2291 1227 atque
2329 1157 2403 1211 ita
2431 1155 2655 1225 majoris
2679 1154 2777 1209 libi
2809 1154 3085 1209 felicitatis
3112 1163 3310 1210 auctor
3337 1170 3513 1210 essent

1939 1289 2108 1344 quam
2178 1273 2223 1330 si
2278 1270 2665 1343 tibiquidquid
2692 1270 2812 1325 auri
2839 1285 3006 1340 super
3047 1279 3103 1325 et
3134 1270 3278 1325 intra
3315 1280 3515 1328 terram

1938 1385 2134 1457 fulget,
2200 1386 2478 1441 oﬂ'errem.
2516 1385 2651 1439 Dum
2686 1384 2831 1437 enim
2876 1398 3009 1453 opes
3039 1382 3197 1439 ﬂuxa:
3223 1396 3371 1448 sunt,
3408 1386 3517 1438 vir-

1939 1506 2025 1551 tus
2090 1497 2231 1551 adeo
2262 1496 2509 1551 omnium
2558 1505 2869 1565 temporum
2914 1504 3018 1557 est,
3045 1507 3105 1550 ut
3134 1512 3414 1567 nunquam
3445 1500 3514 1553 ab

1934 1607 2228 1663 hominum
2257 1609 2519 1663 societate
2565 1608 2755 1665 abesse
2784 1610 2975 1680 possit.
3011 1611 3338 1682 Quicunque
3368 1614 3516 1667 enim

1933 1726 2153 1781 ueteris
2190 1726 2468 1796 imperare
2536 1742 2601 1782 ac
2663 1726 2927 1797 pupulum
2986 1742 3175 1796 regere
3232 1729 3520 1796 pnesnmit

248 1863 379 1925 δτϋς
409 1864 685 1932 ἀφορμὰς,
730 1862 798 1915 δι’
837 1856 911 1915 ὧν
948 1864 1110 1925 αὐτός
1144 1879 1204 1916 τε
1236 1863 1334 1935 ἔσῃ
1363 1863 1528 1926 καλὸς
1564 1864 1820 1932 κάγαθὸς,

1934 1842 2203 1896 virtutum
2258 1844 2417 1898 laude
2467 1844 2783 1898 cumulatus
2836 1857 2960 1897 esse
3005 1841 3269 1907 debebit;
3313 1845 3515 1913 quibus

250 1955 347 2007 καὶ
390 1948 502 2018 οἷος
536 1956 595 2007 οὐ
640 1954 736 2007 τοῦ
781 1956 1172 2025 προσρήματος
1205 1954 1387 2024 μόνον,
1422 1954 1559 2007 ἀλλά
1605 1955 1699 2009 καὶ
1732 1954 1826 2009 τοῦ

246 2048 614 2116 τετιμηκότος
661 2047 962 2116 ἀξιόχρεως
1010 2041 1151 2100 εἶναι
1196 2046 1370 2099 Θεοῦο
1412 2045 1537 2109 τούς
1565 2063 1625 2099 τε
1664 2046 1830 2116 ἀρχο-

252 2141 453 2210 μένους
479 2138 750 2203 τοιούτους
774 2139 837 2209 δή
870 2156 1021 2202 τινας
1044 2138 1209 2205 ἕξεις,
1248 2137 1321 2200 ὼς
1358 2138 1442 2191 σοὶ
1477 2137 1576 2208 μὲν
1604 2137 1828 2202 τούτους

248 2231 339 2283 διὰ
373 2231 592 2284 πάντων
623 2229 945 2300 ξυμϐαίνειν
986 2229 1303 2299 πειρᾶσθαι,
1351 2230 1449 2283 καὶ
1480 2229 1620 2283 κατά
1660 2229 1827 2293 πόδας

246 2322 321 2383 ὡς
349 2319 463 2374 οἷόν
502 2339 560 2373 τε
598 2326 817 2392 χωρεῖν,
856 2321 1067 2385 τούτθις
1110 2322 1155 2376 δ’
1184 2317 1250 2376 αὖ
1295 2322 1354 2375 σὲ
1402 2322 1573 2377 καλοῦ
1624 2321 1827 2385 παντὸς

248 2410 394 2467 εἶναι
428 2416 804 2485 παράδειγμα,
841 2417 916 2479 ὡς
944 2417 1010 2469 ἂν
1050 2418 1134 2485 εἴη
1174 2433 1232 2468 τε
1261 2416 1421 2485 σῶμα
1458 2415 1653 2469 πολλοῦ
1679 2432 1826 2480 τινος

247 2512 400 2578 ἄξιον
431 2512 496 2564 εκ
536 2510 777 2580 κεφαλῆς
821 2513 901 2573 εἱς
944 2511 1112 2574 πόδας
1151 2511 1324 2575 σῶζον
1370 2510 1429 2564 τὸ
1462 2510 1691 2574 κάλλος’
1734 2510 1822 2564 ὅτε

246 2606 431 2657 τοίνυν
468 2604 631 2667 αὑτδς
682 2605 781 2673 μὲν
832 2605 1052 2672 ἀριστος
1097 2603 1360 2672 γεγονὼς,
1408 2604 1825 2674 παραπλησίους

244 2698 302 2749 δὲ
333 2700 462 2759 τοὺς
510 2696 701 2757 ἄλλους
738 2696 947 2758 πάντας
991 2695 1164 2749 ἔπειτ’
1216 2697 1427 2769 ἐργάσῃ
1455 2713 1468 2728 ·
1520 2697 1726 2750 τούτων
1768 2697 1825 2749 δὲ

243 2786 425 2847 citur;
460 2786 774 2854 ἐσχηκότων
803 2785 886 2837 σοι
928 2785 1049 2837 κατ’
1103 2785 1272 2853 ἄμφω
1307 2786 1482 2838 ταῦτα
1536 2784 1824 2855 περιέσται

244 2877 656 2944 (αυμάζεσθλι,
695 2880 789 2932 καὶ
822 2874 889 2948 ἦς
918 2878 1079 2941 αὐτὸς
1110 2877 1258 2947 ἔχεις
1290 2878 1684 2948 χρηστότητος,
1729 2877 1823 2930 καὶ

240 2968 311 3042 ἦς
351 2974 465 3032 τοῖς
515 2969 692 3034 ἄλλοις
729 2970 1052 3032 αἰτιώτατος
1087 2964 1158 3034 εἷ,
1210 2969 1326 3031 πῶς
1359 2969 1459 3022 οὒκ
1503 2968 1705 3039 ἀρετῆς
1734 2969 1822 3021 ἐν’

242 3062 440 3114 τεῦθεν
500 3062 856 3129 ἀντιληπτέον
909 3061 1021 3113 ἐστ’
1055 3059 1116 3125 ἐξ
1160 3062 1431 3129 ἀνάγκης,
1486 3060 1541 3113 εῐ
1588 3076 1671 3113 σοι
1727 3059 1823 3112 τοῦ

242 3152 630 3223 θαυμάζεσθαι
662 3152 859 3222 τρόπον
881 3150 941 3205 δν
972 3152 1110 3221 ἔφην
1141 3151 1327 3221 μὲλεις
1357 3150 1507 3219 μέλει
1537 3149 1592 3202 δὲ
1616 3144 1674 3202 εὖ
1708 3147 1822 3203 οἶδα

242 3246 454 3308 παντὸς
491 3245 713 3315 μᾶλλον,
756 3247 912 3316 εἴπερ
941 3242 1037 3298 τοῦ
1069 3243 1331 3298 κάλλιστα
1372 3243 1466 3297 καὶ
1489 3242 1564 3306 ὼς
1606 3243 1821 3314 ἀληθῶς

239 3340 439 3409 ἄρχειν
483 3338 722 3408 μάλιστα
755 3335 931 3404 μέλει.

313 3431 387 3501 β’.
432 3431 658 3501 Πρῶτον
709 3430 807 3499 μὲν
835 3424 929 3483 οὖν
965 3429 1222 3482 ἀπάντων
1270 3430 1447 3482 ἐκεῖνο
1488 3427 1819 3482 διανοεῖσθαί

239 3543 303 3579 σε
333 3523 465 3595 χρὴ.
497 3525 579 3576 ὅτι
614 3524 663 3575 εί
700 3522 794 3577 καὶ
822 3525 919 3592 τῆς
944 3521 1044 3590 γῆς
1074 3521 1266 3594 ἔλαχες
1308 3525 1500 3593 ἄρχειν
1526 3525 1624 3576 καὶ
1653 3525 1821 3591 μέγε-

239 3616 337 3681 θος
362 3616 716 3687 πραγμάτοιν
762 3613 1112 3683 περικεῖσθαι
1145 3613 1384 3679 τοσόνδε,
1421 3612 1537 3668 ἀλλ’
1572 3614 1682 3684 ἄρα
1726 3614 1821 3667 καὶ

239 3709 445 3781 μοίρας
469 3708 671 3777 θνητῆς
694 3707 883 3776 ἔλαχες
905 3700 1065 3769 εἶναι,
1090 3708 1185 3760 καὶ
1212 3705 1308 3759 τοῦ
1338 3708 1458 3760 καθ’
1482 3709 1626 3777 ἡμᾶς
1647 3708 1820 3777 πράγ-

238 3817 419 3872 ματος
441 3815 453 3827 ·
488 3800 565 3860 ὡς
601 3798 675 3867 μὴ
708 3797 895 3866 μεῖζον
930 3795 1028 3849 τοῦ
1060 3791 1202 3850 εῐναι
1242 3799 1461 3867 φρονεῖν
1494 3799 1658 3868 ἔχειν,
1695 3799 1818 3870 μηδ’

236 3892 384 3962 ὑπὲρ
410 3891 483 3944 τὰ
536 3889 865 3959 ισκαμμὲνα
913 3888 1012 3959 τῆς
1064 3888 1282 3957 φύσεως
1328 3889 1555 3959 βαίνειν.
1590 3890 1656 3943 Τί
1712 3890 1819 3961 γὰρ

236 3985 449 4055 μᾶλλον
482 3981 725 4052 ἀμείνων
777 3976 829 4034 εἰ
857 3980 1060 4045 παντὸς
1112 3980 1323 4035 ἰδιώτου
1374 3982 1463 4036 διὰ
1502 3982 1562 4035 τὸ
1608 3983 1816 4053 σχῆμα,

237 4077 319 4147 μὴ
350 4075 451 4130 καὶ
504 4074 706 4145 μᾶλλον
735 4074 974 4146 χρηστὸς
1002 4070 1114 4140 div;
1163 4072 1281 4127 ἀλλ’
1328 4075 1560 4144 ἐπείπερ
1603 4076 1704 4128 οὐκ
1742 4073 1819 4127 ὢν

235 4167 550 4235 ἑγεγόνεις,
603 4164 699 4219 καὶ
726 4164 825 4236 τὴν
861 4163 1040 4236 ἀρχὴν
1085 4163 1182 4219 τοῦ
1230 4166 1424 4233 γένους
1466 4167 1545 4230 είς
1586 4165 1716 4236 χοῦν
1756 4183 1818 4220 τε

234 4261 340 4315 καὶ
366 4261 431 4312 τὸ
464 4257 633 4328 μηδὲν
675 4254 991 4328 ἀναφέρων,
1025 4256 1125 4328 οὐχ
1167 4258 1315 4322 ὅπως
1342 4259 1400 4322 ἐς
1448 4258 1596 4315 ἅπαν
1624 4263 1818 4330 διαμε-

233 4354 376 4417 νείς,
416 4352 556 4404 ἀλλά
586 4350 685 4417 τὴν
712 4350 888 4418 αὐτὴν
912 4351 1026 4413 τοῖς
1050 4350 1336 4421 προγόνοις
1371 4352 1466 4406 καὶ
1499 4353 1660 4418 αὐτὸς
1693 4353 1820 4419 ἑξα-

233 4440 758 4509 νύσεις,πειρᾶσθαι
786 4440 952 4494 παντὶ
976 4440 1325 4511 θυμῷ,τοῠτο
1348 4441 1450 4513 μὲν
1472 4443 1817 4512 μετριώτατα

1936 1964 1990 2007 ιιι
2032 1952 2150 2023 ipse
2178 1966 2415 2009 ornatus
2442 1954 2587 2024 apud
2644 1954 2895 2009 homines
2928 1962 2985 2008 et
3010 1953 3189 2023 ipsum
3223 1956 3389 2009 Deum
3417 1957 3515 2008 ho~

1935 2083 2097 2124 nores
2161 2069 2541 2136 nancisceris,
2601 2069 2852 2126 subditos
2920 2079 3103 2125 autem
3186 2069 3416 2124 habebis
3462 2081 3513 2125 te

1936 2185 2133 2255 dignos
2183 2194 2240 2240 et
2309 2185 2402 2254 qui
2458 2184 2581 2239 vita:
2632 2193 2738 2239 tua:
2774 2185 3084 2240 institutum
3112 2186 3301 2240 sedula
3334 2186 3513 2240 imita-

1928 2300 2079 2354 tione
2127 2298 2380 2369 amplecti
2440 2306 2717 2369 satageut,
2766 2307 2822 2356 et
2875 2300 3132 2365 indolem,
3166 2317 3327 2371 quam
3364 2301 3417 2354 in
3460 2312 3512 2355 te

1927 2411 2310 2477 admirantur,
2368 2412 2670 2467 imitatione
2737 2414 3145 2483 exprimendam
3216 2414 3321 2469 sibi
3383 2431 3508 2486 prn-

1929 2535 2153 2597 ponent.
2223 2525 2361 2581 llinc
2415 2528 2507 2583 lict
2573 2538 2629 2581 ut
2678 2527 2894 2583 duabus
2946 2544 3012 2583 ex
3051 2530 3509 2585 eausisleadmi-

1934 2652 2168 2705 rentur,
2230 2640 2303 2695 ob
2343 2650 2514 2705 luam,
2545 2642 2794 2710 inquam,
2828 2642 3157 2711 probitatem
3186 2655 3241 2699 et
3277 2646 3511 2700 assecla-

1925 2766 2045 2804 rum
2104 2751 2302 2805 horum
2374 2752 2769 2822 integritatem.
2820 2752 2960 2819 Quid
3006 2756 3203 2810 :nirum
3232 2755 3299 2820 si,
3332 2767 3382 2811 te
3425 2758 3505 2812 in-

1926 2864 2184 2933 stigante,
2251 2864 2471 2920 virtutis
2527 2866 2772 2921 studium
2835 2871 3077 2923 omnium
3114 2871 3315 2927 animis
3358 2873 3510 2943 inge-

1926 2977 2109 3033 ritur?
2145 2979 2227 3033 Tu
2252 3022 2266 3045 ,
2298 2990 2447 3035 certe
2478 2982 2618 3046 seio,
2654 2983 2950 3051 prarclaros
2991 2985 3111 3040 illos
3134 2986 3357 3040 virtutis
3396 2986 3509 3040 fru-

1926 3103 2046 3148 etus
2074 3103 2291 3163 gustare
2314 3096 2686 3167 maximopere
2720 3112 2871 3154 amas
2908 3109 2962 3155 et
2990 3100 3120 3156 boni
3175 3103 3319 3174 regis
3350 3103 3502 3159 laudi

1850 3184 1893 3243 (ἶ
1925 3206 2239 3277 anteponis.

1995 3425 2049 3479 2.
2092 3426 2147 3479 Id
2186 3436 2314 3480 ante.
2364 3428 2545 3483 omnia
2596 3429 2649 3482 in
2698 3435 2935 3485 mentem
2970 3431 3231 3489 inducere
3272 3437 3501 3496 debebis
3556 3420 3559 3425 i

1921 3518 2064 3586 quod
2090 3518 2133 3573 si
2172 3517 2324 3587 regni
2351 3517 2489 3571 vasti
2514 3526 2568 3571 et
2602 3518 2785 3586 pepuli
2827 3535 2948 3574 sors
2983 3526 3245 3588 permissa
3275 3538 3375 3589 est,
3415 3531 3501 3585 ni-

1920 3609 2292 3665 hilominusin
2325 3610 2657 3672 mortalium,
2686 3613 2828 3665 sicut
2854 3629 2951 3667 nos
2979 3597 3103 3683 ipsi,
3142 3633 3201 3671 es
3244 3635 3499 3691 numero,

1920 3714 2093 3767 quare
2153 3700 2295 3753 altos
2371 3714 2593 3753 sumere
2644 3700 2874 3768 Spiritus
2930 3713 3250 3775 natumque
3296 3709 3499 3766 limites

1921 3792 2227 3861 transgredi
2268 3791 2365 3845 tibi
2415 3806 2522 3845 non
2569 3791 2784 3849 licebit.
2840 3795 2976 3861 Quid
3014 3798 3158 3851 enim
3207 3802 3430 3868 prodest
3453 3807 3498 3859 si

1919 3882 2262 3935 extrinsecus
2333 3881 2479 3935 inter
2534 3896 2728 3937 omnes
2773 3885 3024 3945 excellis.
3085 3887 3139 3941 ni
3198 3890 3499 3949 intrinseus

1919 3989 2138 4044 quoqtie
2165 3974 2393 4027 auleis?
2432 3973 2536 4029 fuit
2569 3990 2762 4030 revera
2791 3988 3009 4047 tempus
3046 3995 3157 4048 quo
3189 3998 3296 4036 nou
3330 3988 3497 4040 exsti—

1919 4068 2057 4132 tisti,
2089 4078 2143 4122 et
2173 4072 2394 4138 generis
2430 4069 2505 4121 tui
2538 4067 2696 4122 initia
2743 4070 2942 4139 exigua
2971 4081 3135 4139 sunt;
3183 4082 3238 4129 tu
3272 4093 3496 4148 quoque

1918 4174 2026 4214 non
2054 4159 2105 4213 in
2136 4169 2404 4213 aeternum
2440 4158 2727 4223 manebis;
2766 4158 2864 4213 tibi
2899 4160 3120 4229 eadem,
3155 4178 3278 4232 qua:
3326 4171 3495 4235 majo-

1918 4250 2072 4305 ribus
2101 4249 2231 4313 tuis,
2267 4248 2518 4303 facienda
2546 4262 2600 4303 et
2631 4250 2990 4319 perpetienda
3019 4254 3284 4322 veniunt;
3326 4257 3426 4312 tibi
3462 4275 3493 4313 a

1918 4342 2180 4413 superbia
2214 4341 2608 4396 abstinendum
2639 4351 2746 4405 est,
2779 4351 2832 4397 et
2862 4344 2907 4398 si
2939 4345 3107 4402 rebus
3139 4362 3240 4416 pro
3271 4349 3495 4421 ingenio

1917 4450 1980 4490 ac
2008 4434 2255 4490 moribus
2283 4433 2393 4489 tuis
2430 4433 2700 4488 inservire
2738 4434 3007 4501 volueris,
3042 4452 3226 4492 rerum
3252 4439 3492 4494 admini-

233 4530 464 4583 πάντων
500 4528 824 4598 κεχρῆσθαι,
861 4531 954 4581 καὶ⁸
982 4530 1127 4585 κατά
1158 4530 1379 4594 σαυτὸν,
1410 4530 1525 4585 ἀλλ’
1548 4533 1646 4602 οὐχ
1671 4532 1813 4603 ὑπὲρ

1933 4526 2168 4580 ιιτειίοιιὶ
2223 4540 2437 4580 summa
2497 4539 2632 4580 cura
2679 4524 2995 4581 adhibenda
3050 4529 3148 4583 tibi
3201 4540 3285 4584 est
3345 4531 3490 4587 haud

232 4620 461 4686 σαυτὸν,
490 4624 606 4682 τοῖς
637 4620 959 4691 πράγμασιν
992 4621 1225 4692 ὁμιλεῖν,
1251 4622 1409 4676 τοῦτο
1433 4624 1491 4677 δὲ
1513 4626 1612 4693 τὴν
1637 4628 1812 4697 ἀρχὴν

230 4708 296 4766 εὖ
328 4729 391 4765 τε
423 4714 520 4765 καὶ
557 4712 630 4775 ὡς
654 4710 823 4781 ἐχρῆν
849 4711 1074 4765 διοικεῖν
1100 4727 1115 4744 ο
1143 4714 1238 4767 καὶ
1269 4714 1413 4783 μέγα
1441 4714 1685 4785 νομίζειν
1713 4718 1814 4771 οὐκ

229 4807 283 4859 εί
356 4804 664 4875 βασιλεύεις
713 4804 924 4871 ἁπλῶς,
968 4804 1087 4858 ἀλλ’
1132 4806 1182 4858 εί
1230 4805 1410 4870 καλῶς
1467 4806 1809 4877 βασιλεύεις·

228 4893 349 4947 οὐδ’
377 4895 427 4947 εί
456 4893 557 4960 τῆς
605 4891 922 4962 ἀλουργίδος
952 4890 1186 4959 ἠξίωσαι
1219 4893 1316 4947 καὶ
1362 4892 1455 4948 τοῦ
1502 4898 1809 4967 σκήπτρου,

228 4984 355 5037 ἀλλ’
400 4986 451 5036 εἰ
507 4984 761 5043 κοινωνὸς
806 4979 907 5054 ιδῃ
944 4982 1057 5035 τῶν
1096 4974 1377 5055 Ὀλύμπου
1423 4987 1767 5056 πραγμάτοιν
1794 5001 1810 5019 '

228 5077 346 5129 οὐδ’
385 5076 437 5127 εί
480 5074 801 5143 θαυμαστάς
848 5074 991 5144 ἔχεις
1024 5074 1369 5147 ἀνθρώπους,
1401 5078 1518 5131 ἀλλ’
1567 5082 1617 5134 εἰ
1670 5080 1812 5152 μετά

228 5168 445 5221 τυύτων
473 5167 570 5221 καὶ
599 5166 705 5235 πρὸ
735 5166 942 5219 τούτων
974 5167 1270 5240 ἐπαινέτην
1307 5168 1448 5235 ἕξεις
1474 5170 1608 5225 Θεόν
1628 5190 1643 5206 ο
1673 5174 1810 5243 πρὸς

228 5262 288 5314 ὃν
322 5260 400 5324 ὡς
440 5258 620 5312 κοινὸν
669 5258 924 5312 ἁπάντων
966 5259 1138 5330 δήπου
1184 5262 1463 5333 Δεσπότην
1502 5264 1597 5317 καὶ
1647 5266 1809 5335 κηδε-

233 5357 400 5423 μόνα,
445 5351 717 5417 τοσαύτην
768 5352 863 5405 καὶ
915 5353 1255 5426 τηλικαύτην
1304 5357 1545 5426 ὀφείλεις
1595 5358 1809 5415 εὔνοιαν

226 5450 433 5517 ἴσχειν,
464 5446 599 5515 ὅσην
631 5444 804 5508 ἀξιοῖς
834 5445 960 5509 τοὺς
988 5446 1183 5511 ἄλλους
1214 5450 1386 5518 [σχειν
1418 5450 1557 5521 πρὸς
1584 5454 1675 5505 σέ·
1715 5457 1810 5509 καὶ

228 5539 407 5601 οὕτως
438 5537 781 5607 διακείμενος
812 5533 955 5592 εἶναι
996 5539 1071 5603 ὡς
1124 5541 1291 5610 μηδὲν
1329 5542 1438 5606 ἔξω
1466 5542 1575 5595 τῶν
1613 5546 1807 5617 ἐκείνῳ

226 5630 535 5684 δοκούντων
570 5629 696 5698 μήτ’
721 5628 816 5681 οὖν
849 5646 976 5683 ποτε
1009 5630 1162 5701 δρᾷν,
1204 5633 1340 5703 μήτε
1360 5632 1638 5702 βουλεύειν
1668 5637 1809 5699 ὅλως

231 5721 534 5792 αἱρεῖσθαι,
564 5720 679 5774 ἀλλ’
700 5723 756 5773 ὲν
777 5719 979 5774 ἅπασιν
1002 5723 1247 5793 ἡγεμόνα
1279 5724 1469 5777 τοῦτον
1512 5729 1803 5783 ποιεῖσθαι.

302 5820 375 5884 γ’.
409 5814 640 5867 Ἔπειτα
678 5815 811 5883 πρὶν
844 5814 875 5883 ἢ
912 5815 1017 5867 τῶν
1048 5815 1223 5869 ἀλλων
1256 5816 1585 5885 βασιλεύειν,
1622 5825 1804 5894 σαυτῷ

1913 4626 2180 4673 contento
2228 4616 2373 4687 quod
2424 4632 2642 4687 regnas,
2674 4618 2770 4672 sed
2820 4618 3167 4674 innitendum
3226 4634 3286 4676 ut
3331 4624 3490 4682 bene.

1912 4706 2030 4763 Non
2058 4706 2193 4761 satis
2228 4706 2337 4761 erit
2370 4706 2517 4776 quad
2552 4722 2799 4777 purpura
2835 4724 2899 4763 ac
2938 4721 3162 4779 sceptro
3193 4712 3395 4782 dignus
3414 4718 3492 4771 sis

1914 4797 2155 4861 habitus,
2193 4798 2289 4851 scd
2346 4796 2387 4850 it
2417 4798 2688 4867 agendum
2739 4808 2799 4853 ut
2828 4799 3116 4870 Olympicis
3150 4802 3489 4872 honoribus;

1911 4905 2022 4944 non
2066 4900 2125 4943 ut
2156 4886 2300 4957 apud
2342 4898 2571 4944 caeteros
2616 4889 2671 4944 in
2712 4889 3087 4948 admiratione
3134 4894 3234 4960 sis,
3280 4897 3375 4951 sed
3431 4907 3490 4951 ut

1918 4980 2297 5050 Deumipsum
2349 4995 2572 5050 aequum
2613 4981 2818 5036 habeas
2864 4982 3131 5052 judicem,
3181 4987 3269 5041 cui
3324 4997 3378 5042 tu
3430 4999 3489 5043 ut

1915 5069 2303 5124 universorum
2336 5069 2563 5125 domino
2591 5088 2656 5125 ac
2687 5074 3020 5128 moderatori
3063 5077 3297 5131 eandem
3321 5081 3489 5134 debes

1910 5160 2301 5217 verecundiam
2331 5178 2494 5233 quam
2526 5163 2643 5233 ipse
2672 5179 2701 5218 a
2724 5168 2941 5221 caeteris
2975 5170 3269 5237 exposcis;
3295 5185 3360 5225 eo
3391 5172 3485 5224 de-

1916 5253 2083 5323 nique
2114 5256 2303 5309 animo
2334 5270 2452 5310 esse
2476 5255 2706 5311 debebis
2731 5268 2788 5310 ut
2815 5258 2951 5313 nihil
2978 5276 3169 5315 eorum
3212 5278 3334 5333 qua:
3373 5262 3486 5317 Deo

1918 5346 2217 5416 displicent
2251 5346 2425 5402 facias
2472 5358 2566 5402 aut
2621 5349 2924 5416 mediteris,
2965 5352 3077 5407 imo
3132 5353 3189 5408 in
3226 5354 3485 5411 omnibus

1913 5439 2079 5496 unius
2110 5440 2201 5496 Dei
2236 5452 2371 5497 nutu
2419 5452 2583 5513 atque
2615 5444 2884 5515 auspiciis
2919 5445 3165 5502 incedas.

1994 5810 2046 5865 5.
2089 5810 2258 5883 Igitur
2279 5824 2569 5886 antequam
2604 5834 2659 5872 ιιι
2694 5829 2922 5876 eteteros
2950 5820 3219 5877 dominari
3266 5834 3472 5892 prmu-
