  <div class='ocr_page' id='page_1' title='image "/cluster/home/n/w/nwhite01/storage/ocr_20150623/145/nnc1.0046980679/254.png"; bbox 0 0 4232 6432; ppageno 0'>
   <div class='ocr_carea' id='block_1_1' title="bbox 261 374 368 441">
    <p class='ocr_par' dir='ltr' id='par_1_1' title="bbox 261 374 368 441">
     <span class='ocr_line' id='line_1_1' title="bbox 261 374 368 441; baseline 0.019 -2"><span class='ocrx_word' id='word_1_1' title='bbox 261 374 368 441; x_wconf 67' lang='grc'>45³1</span> 
     </span>
    </p>
   </div>
   <div class='ocr_carea' id='block_1_2' title="bbox 1343 392 2416 461">
    <p class='ocr_par' dir='ltr' id='par_1_2' title="bbox 1343 392 2416 461">
     <span class='ocr_line' id='line_1_2' title="bbox 1343 392 2416 461; baseline 0.007 -11"><span class='ocrx_word' id='word_1_2' title='bbox 1343 392 1627 455; x_wconf 80' lang='lat' dir='ltr'>ORATIO</span> <span class='ocrx_word' id='word_1_3' title='bbox 1666 396 1765 457; x_wconf 86' lang='lat' dir='ltr'>DE</span> <span class='ocrx_word' id='word_1_4' title='bbox 1804 393 2037 459; x_wconf 83' lang='lat' dir='ltr'>REGIS</span> <span class='ocrx_word' id='word_1_5' title='bbox 2075 399 2416 461; x_wconf 80' lang='lat' dir='ltr'>OFFICIIS.</span> 
     </span>
    </p>
   </div>
   <div class='ocr_carea' id='block_1_3' title="bbox 3399 404 3500 470">
    <p class='ocr_par' dir='ltr' id='par_1_3' title="bbox 3399 404 3500 470">
     <span class='ocr_line' id='line_1_3' title="bbox 3399 404 3500 470; baseline 0.01 -13"><span class='ocrx_word' id='word_1_6' title='bbox 3399 404 3500 470; x_wconf 60' lang='lat'>{53</span> 
     </span>
    </p>
   </div>
   <div class='ocr_carea' id='block_1_4' title="bbox 259 491 1930 584">
    <p class='ocr_par' dir='ltr' id='par_1_4' title="bbox 259 491 1909 579">
     <span class='ocr_line' id='line_1_4' title="bbox 259 491 1909 579; baseline 0.013 -36"><span class='ocrx_word' id='word_1_7' title='bbox 259 494 404 562; x_wconf 80' lang='grc' dir='ltr'>χάνῃ</span> <span class='ocrx_word' id='word_1_8' title='bbox 428 509 511 557; x_wconf 77' lang='grc' dir='ltr'>τις</span> <span class='ocrx_word' id='word_1_9' title='bbox 538 493 759 563; x_wconf 78' lang='grc' dir='ltr'>ἀδικῶν,</span> <span class='ocrx_word' id='word_1_10' title='bbox 801 498 898 554; x_wconf 74' lang='grc' dir='ltr'>καὶ</span> <span class='ocrx_word' id='word_1_11' title='bbox 928 491 1083 563; x_wconf 66' lang='grc' dir='ltr'>οὗτος</span> <span class='ocrx_word' id='word_1_12' title='bbox 1117 500 1334 565; x_wconf 62' lang='lat' dir='ltr'><strong>nam;</strong></span> <span class='ocrx_word' id='word_1_13' title='bbox 1375 506 1608 561; x_wconf 82' lang='grc' dir='ltr'>δώσεται</span> <span class='ocrx_word' id='word_1_14' title='bbox 1651 509 1832 579; x_wconf 85' lang='grc' dir='ltr'>δίκην.</span> <span class='ocrx_word' id='word_1_15' title='bbox 1862 512 1909 571; x_wconf 76' lang='grc' dir='ltr'><strong>Α</strong></span> 
     </span>
    </p>
   </div>
   <div class='ocr_carea' id='block_1_5' title="bbox 1829 491 3500 584">
    <p class='ocr_par' dir='ltr' id='par_1_5' title="bbox 1829 509 3500 584">
     <span class='ocr_line' id='line_1_5' title="bbox 1829 509 3500 584; baseline 0.006 -21"><span class='ocrx_word' id='word_1_16' title='bbox 1829 553 1832 567; x_wconf 87' lang='grc'><em>,</em></span> <span class='ocrx_word' id='word_1_17' title='bbox 1862 512 1909 571; x_wconf 76' lang='grc' dir='ltr'><strong>Α</strong></span> <span class='ocrx_word' id='word_1_18' title='bbox 1938 509 2148 581; x_wconf 72' lang='lat' dir='ltr'><strong>legibus</strong></span> <span class='ocrx_word' id='word_1_19' title='bbox 2199 514 2460 583; x_wconf 79' lang='lat' dir='ltr'>majorem</span> <span class='ocrx_word' id='word_1_20' title='bbox 2492 526 2657 582; x_wconf 90' lang='lat' dir='ltr'><strong>quam</strong></span> <span class='ocrx_word' id='word_1_21' title='bbox 2688 513 2784 567; x_wconf 90' lang='lat' dir='ltr'><strong>tibi</strong></span> <span class='ocrx_word' id='word_1_22' title='bbox 2823 514 2924 584; x_wconf 84' lang='lat' dir='ltr'>ipsi</span> <span class='ocrx_word' id='word_1_23' title='bbox 2957 516 3065 570; x_wconf 84' lang='lat' dir='ltr'>vim</span> <span class='ocrx_word' id='word_1_24' title='bbox 3099 517 3408 577; x_wconf 70' lang='lat' dir='ltr'>attribuas;</span> <span class='ocrx_word' id='word_1_25' title='bbox 3444 534 3500 574; x_wconf 86' lang='lat' dir='ltr'>ut</span> 
     </span>
    </p>
   </div>
   <div class='ocr_carea' id='block_1_6' title="bbox 259 586 1829 668">
    <p class='ocr_par' dir='ltr' id='par_1_6' title="bbox 259 586 1829 668">
     <span class='ocr_line' id='line_1_6' title="bbox 259 586 1829 668; baseline 0.011 -31"><span class='ocrx_word' id='word_1_26' title='bbox 259 586 356 638; x_wconf 77' lang='grc' dir='ltr'>καὶ</span> <span class='ocrx_word' id='word_1_27' title='bbox 379 587 535 640; x_wconf 67' lang='grc' dir='ltr'>οὒδὶν</span> <span class='ocrx_word' id='word_1_28' title='bbox 563 589 623 640; x_wconf 81' lang='grc' dir='ltr'>τὸ</span> <span class='ocrx_word' id='word_1_29' title='bbox 647 589 806 656; x_wconf 68' lang='grc' dir='ltr'>γένος</span> <span class='ocrx_word' id='word_1_30' title='bbox 852 593 1251 661; x_wconf 78' lang='grc' dir='ltr'>προστήσεται’</span> <span class='ocrx_word' id='word_1_31' title='bbox 1280 596 1424 650; x_wconf 80' lang='grc' dir='ltr'>οὔτω</span> <span class='ocrx_word' id='word_1_32' title='bbox 1466 601 1574 668; x_wconf 81' lang='grc' dir='ltr'>γὰρ</span> <span class='ocrx_word' id='word_1_33' title='bbox 1612 600 1727 653; x_wconf 72' lang='grc' dir='ltr'>οὒτ’</span> <span class='ocrx_word' id='word_1_34' title='bbox 1763 601 1829 655; x_wconf 80' lang='grc' dir='ltr'>ἀν</span> 
     </span>
    </p>
   </div>
   <div class='ocr_carea' id='block_1_7' title="bbox 256 678 1831 759">
    <p class='ocr_par' dir='ltr' id='par_1_7' title="bbox 256 678 1831 759">
     <span class='ocr_line' id='line_1_7' title="bbox 256 678 1831 759; baseline 0.012 -31"><span class='ocrx_word' id='word_1_35' title='bbox 256 678 441 741; x_wconf 75' lang='grc' dir='ltr'>οὐδεὶς</span> <span class='ocrx_word' id='word_1_36' title='bbox 468 680 545 732; x_wconf 76' lang='grc' dir='ltr'>ἔτ’</span> <span class='ocrx_word' id='word_1_37' title='bbox 575 681 932 752; x_wconf 73' lang='grc' dir='ltr'>ἀδικούμενος</span> <span class='ocrx_word' id='word_1_38' title='bbox 961 685 1068 755; x_wconf 85' lang='grc' dir='ltr'>εῖη,</span> <span class='ocrx_word' id='word_1_39' title='bbox 1100 687 1165 741; x_wconf 89' lang='grc' dir='ltr'>σύ</span> <span class='ocrx_word' id='word_1_40' title='bbox 1196 705 1251 741; x_wconf 88' lang='grc' dir='ltr'>τε</span> <span class='ocrx_word' id='word_1_41' title='bbox 1280 689 1407 759; x_wconf 79' lang='grc' dir='ltr'>περὶ</span> <span class='ocrx_word' id='word_1_42' title='bbox 1436 693 1677 755; x_wconf 82' lang='grc' dir='ltr'>πλείονος</span> <span class='ocrx_word' id='word_1_43' title='bbox 1701 712 1831 747; x_wconf 83' lang='grc' dir='ltr'>σαυ-</span> 
     </span>
    </p>
   </div>
   <div class='ocr_carea' id='block_1_8' title="bbox 258 770 1831 851">
    <p class='ocr_par' dir='ltr' id='par_1_8' title="bbox 258 770 1831 851">
     <span class='ocr_line' id='line_1_8' title="bbox 258 770 1831 851; baseline 0.013 -32"><span class='ocrx_word' id='word_1_44' title='bbox 258 770 354 820; x_wconf 82' lang='grc' dir='ltr'>τοῦ</span> <span class='ocrx_word' id='word_1_45' title='bbox 382 772 511 834; x_wconf 76' lang='grc' dir='ltr'>τοὺς</span> <span class='ocrx_word' id='word_1_46' title='bbox 535 773 729 840; x_wconf 83' lang='grc' dir='ltr'>νόμους</span> <span class='ocrx_word' id='word_1_47' title='bbox 752 775 924 851; x_wconf 66' lang='grc' dir='ltr'>δόξεις</span> <span class='ocrx_word' id='word_1_48' title='bbox 957 778 1231 832; x_wconf 86' lang='grc' dir='ltr'>ποιεῖσθαι</span> <span class='ocrx_word' id='word_1_49' title='bbox 1252 796 1266 811; x_wconf 90' lang='grc'><strong>·</strong></span> <span class='ocrx_word' id='word_1_50' title='bbox 1291 782 1415 843; x_wconf 82' lang='grc' dir='ltr'>τούς</span> <span class='ocrx_word' id='word_1_51' title='bbox 1437 800 1496 836; x_wconf 84' lang='grc' dir='ltr'>τε</span> <span class='ocrx_word' id='word_1_52' title='bbox 1514 785 1831 849; x_wconf 85' lang='grc' dir='ltr'>ἀδικοῦντας</span> 
     </span>
    </p>
   </div>
   <div class='ocr_carea' id='block_1_9' title="bbox 256 862 1828 943">
    <p class='ocr_par' dir='ltr' id='par_1_9' title="bbox 256 862 1828 943">
     <span class='ocr_line' id='line_1_9' title="bbox 256 862 1828 943; baseline 0.011 -30"><span class='ocrx_word' id='word_1_53' title='bbox 256 863 460 925; x_wconf 73' lang='grc' dir='ltr'>αὐτοὺς</span> <span class='ocrx_word' id='word_1_54' title='bbox 487 862 546 917; x_wconf 78' lang='grc' dir='ltr'>εὖ</span> <span class='ocrx_word' id='word_1_55' title='bbox 585 868 857 936; x_wconf 82' lang='grc' dir='ltr'>ποιήσεις,</span> <span class='ocrx_word' id='word_1_56' title='bbox 896 870 1141 933; x_wconf 80' lang='grc' dir='ltr'>δικαίους</span> <span class='ocrx_word' id='word_1_57' title='bbox 1182 866 1326 925; x_wconf 78' lang='grc' dir='ltr'>εῖναι</span> <span class='ocrx_word' id='word_1_58' title='bbox 1375 878 1828 943; x_wconf 72' lang='grc' dir='ltr'>παρασκευάσας,</span> 
     </span>
    </p>
   </div>
   <div class='ocr_carea' id='block_1_10' title="bbox 258 954 1830 1039">
    <p class='ocr_par' dir='ltr' id='par_1_10' title="bbox 258 954 1830 1039">
     <span class='ocr_line' id='line_1_10' title="bbox 258 954 1830 1039; baseline 0.011 -36"><span class='ocrx_word' id='word_1_59' title='bbox 258 954 354 1004; x_wconf 78' lang='grc' dir='ltr'>καὶ</span> <span class='ocrx_word' id='word_1_60' title='bbox 386 956 461 1024; x_wconf 80' lang='grc' dir='ltr'>μὴ</span> <span class='ocrx_word' id='word_1_61' title='bbox 512 956 611 1024; x_wconf 76' lang='grc' dir='ltr'>τὴν</span> <span class='ocrx_word' id='word_1_62' title='bbox 656 958 807 1024; x_wconf 79' lang='grc' dir='ltr'>σφῶν</span> <span class='ocrx_word' id='word_1_63' title='bbox 842 960 1024 1014; x_wconf 81' lang='grc' dir='ltr'>αὐτῶν</span> <span class='ocrx_word' id='word_1_64' title='bbox 1065 963 1359 1031; x_wconf 76' lang='grc' dir='ltr'>μισοῦντας</span> <span class='ocrx_word' id='word_1_65' title='bbox 1398 965 1578 1037; x_wconf 68' lang='grc' dir='ltr'>ψυχὴν</span> <span class='ocrx_word' id='word_1_66' title='bbox 1612 968 1688 1037; x_wconf 82' lang='grc' dir='ltr'>τῷ</span> <span class='ocrx_word' id='word_1_67' title='bbox 1735 972 1830 1039; x_wconf 69' lang='grc' dir='ltr'>τὴν</span> 
     </span>
    </p>
   </div>
   <div class='ocr_carea' id='block_1_11' title="bbox 252 1047 1831 1129">
    <p class='ocr_par' dir='ltr' id='par_1_11' title="bbox 252 1047 1831 1129">
     <span class='ocr_line' id='line_1_11' title="bbox 252 1047 1831 1129; baseline 0.01 -31"><span class='ocrx_word' id='word_1_68' title='bbox 252 1047 489 1109; x_wconf 76' lang='grc' dir='ltr'>ἀδικίαν,</span> <span class='ocrx_word' id='word_1_69' title='bbox 521 1051 593 1106; x_wconf 72' lang='grc' dir='ltr'>ὡς</span> <span class='ocrx_word' id='word_1_70' title='bbox 622 1049 801 1115; x_wconf 83' lang='grc' dir='ltr'>λόγος,</span> <span class='ocrx_word' id='word_1_71' title='bbox 833 1051 1039 1119; x_wconf 77' lang='grc' dir='ltr'>φιλεῖνο</span> <span class='ocrx_word' id='word_1_72' title='bbox 1067 1054 1225 1107; x_wconf 87' lang='grc' dir='ltr'>τοῦτό</span> <span class='ocrx_word' id='word_1_73' title='bbox 1242 1073 1324 1108; x_wconf 92' lang='grc' dir='ltr'>σοι</span> <span class='ocrx_word' id='word_1_74' title='bbox 1347 1058 1406 1111; x_wconf 84' lang='grc' dir='ltr'>τὸ</span> <span class='ocrx_word' id='word_1_75' title='bbox 1434 1058 1689 1129; x_wconf 80' lang='grc' dir='ltr'>ψήφισμα</span> <span class='ocrx_word' id='word_1_76' title='bbox 1720 1062 1831 1114; x_wconf 77' lang='grc' dir='ltr'>τῶν</span> 
     </span>
    </p>
   </div>
   <div class='ocr_carea' id='block_1_12' title="bbox 254 1136 1829 1207">
    <p class='ocr_par' dir='ltr' id='par_1_12' title="bbox 254 1136 1829 1207">
     <span class='ocr_line' id='line_1_12' title="bbox 254 1136 1829 1207; baseline 0.013 -20"><span class='ocrx_word' id='word_1_77' title='bbox 254 1136 350 1202; x_wconf 78' lang='grc' dir='ltr'>ὑφ’</span> <span class='ocrx_word' id='word_1_78' title='bbox 416 1139 552 1206; x_wconf 77' lang='grc' dir='ltr'>ἡλίῳ</span> <span class='ocrx_word' id='word_1_79' title='bbox 604 1140 825 1194; x_wconf 88' lang='grc' dir='ltr'>πάντων</span> <span class='ocrx_word' id='word_1_80' title='bbox 894 1143 1177 1199; x_wconf 78' lang='grc' dir='ltr'>κάλλιστον</span> <span class='ocrx_word' id='word_1_81' title='bbox 1235 1148 1327 1200; x_wconf 83' lang='grc' dir='ltr'>καὶ</span> <span class='ocrx_word' id='word_1_82' title='bbox 1385 1150 1829 1207; x_wconf 83' lang='grc' dir='ltr'>λυσιτελέστατον</span> 
     </span>
    </p>
   </div>
   <div class='ocr_carea' id='block_1_13' title="bbox 250 1226 1826 1315">
    <p class='ocr_par' dir='ltr' id='par_1_13' title="bbox 250 1226 1826 1315">
     <span class='ocr_line' id='line_1_13' title="bbox 250 1226 1826 1315; baseline 0.014 -38"><span class='ocrx_word' id='word_1_83' title='bbox 250 1226 436 1288; x_wconf 83' lang='grc' dir='ltr'>ἔσται.</span> <span class='ocrx_word' id='word_1_84' title='bbox 475 1231 605 1298; x_wconf 81' lang='grc' dir='ltr'>μήτι</span> <span class='ocrx_word' id='word_1_85' title='bbox 631 1248 694 1299; x_wconf 90' lang='grc' dir='ltr'>γε</span> <span class='ocrx_word' id='word_1_86' title='bbox 727 1231 821 1295; x_wconf 86' lang='grc' dir='ltr'>οὓς</span> <span class='ocrx_word' id='word_1_87' title='bbox 846 1237 977 1303; x_wconf 84' lang='grc' dir='ltr'>περὶ</span> <span class='ocrx_word' id='word_1_88' title='bbox 1020 1238 1112 1291; x_wconf 90' lang='grc' dir='ltr'>τοῦ</span> <span class='ocrx_word' id='word_1_89' title='bbox 1142 1238 1354 1293; x_wconf 82' lang='grc' dir='ltr'>δικαίου</span> <span class='ocrx_word' id='word_1_90' title='bbox 1408 1242 1629 1298; x_wconf 82' lang='grc' dir='ltr'>Πλάτων</span> <span class='ocrx_word' id='word_1_91' title='bbox 1664 1245 1826 1315; x_wconf 73' lang='grc' dir='ltr'>ἔθηκε</span> 
     </span>
    </p>
   </div>
   <div class='ocr_carea' id='block_1_14' title="bbox 251 1323 468 1386">
    <p class='ocr_par' dir='ltr' id='par_1_14' title="bbox 251 1323 468 1386">
     <span class='ocr_line' id='line_1_14' title="bbox 251 1323 468 1386; baseline 0.023 -15"><span class='ocrx_word' id='word_1_92' title='bbox 251 1323 468 1386; x_wconf 71' lang='grc' dir='ltr'>λόγους.</span> 
     </span>
    </p>
   </div>
   <div class='ocr_carea' id='block_1_15' title="bbox 326 1417 1826 1505">
    <p class='ocr_par' dir='ltr' id='par_1_15' title="bbox 326 1417 1826 1505">
     <span class='ocr_line' id='line_1_15' title="bbox 326 1417 1826 1505; baseline 0.011 -35"><span class='ocrx_word' id='word_1_93' title='bbox 326 1417 392 1478; x_wconf 76' lang='grc' dir='ltr'>ζ’.</span> <span class='ocrx_word' id='word_1_94' title='bbox 439 1420 548 1472; x_wconf 76' lang='grc' dir='ltr'>Καὶ</span> <span class='ocrx_word' id='word_1_95' title='bbox 582 1422 687 1488; x_wconf 78' lang='grc' dir='ltr'>μὴν</span> <span class='ocrx_word' id='word_1_96' title='bbox 713 1421 813 1475; x_wconf 72' lang='grc' dir='ltr'>οὐκ</span> <span class='ocrx_word' id='word_1_97' title='bbox 840 1423 897 1474; x_wconf 73' lang='grc' dir='ltr'>ὲν</span> <span class='ocrx_word' id='word_1_98' title='bbox 927 1425 1118 1495; x_wconf 75' lang='grc' dir='ltr'>εἰρήνη</span> <span class='ocrx_word' id='word_1_99' title='bbox 1151 1428 1335 1495; x_wconf 83' lang='grc' dir='ltr'>μόνον,</span> <span class='ocrx_word' id='word_1_100' title='bbox 1362 1432 1484 1484; x_wconf 70' lang='grc' dir='ltr'>οὐδὲ</span> <span class='ocrx_word' id='word_1_101' title='bbox 1508 1433 1616 1484; x_wconf 83' lang='grc' dir='ltr'>τῶν</span> <span class='ocrx_word' id='word_1_102' title='bbox 1644 1451 1826 1505; x_wconf 83' lang='grc' dir='ltr'>πραγ-</span> 
     </span>
    </p>
   </div>
   <div class='ocr_carea' id='block_1_16' title="bbox 253 1509 1829 1585">
    <p class='ocr_par' dir='ltr' id='par_1_16' title="bbox 253 1509 1829 1585">
     <span class='ocr_line' id='line_1_16' title="bbox 253 1509 1829 1585; baseline 0.01 -22"><span class='ocrx_word' id='word_1_103' title='bbox 253 1512 446 1578; x_wconf 84' lang='grc' dir='ltr'>μάτων</span> <span class='ocrx_word' id='word_1_104' title='bbox 477 1509 534 1563; x_wconf 83' lang='grc' dir='ltr'>εὖ</span> <span class='ocrx_word' id='word_1_105' title='bbox 589 1512 971 1575; x_wconf 78' lang='grc' dir='ltr'>καθεστώτων,</span> <span class='ocrx_word' id='word_1_106' title='bbox 1008 1516 1353 1583; x_wconf 81' lang='grc' dir='ltr'>δικαιοσύνης</span> <span class='ocrx_word' id='word_1_107' title='bbox 1403 1539 1485 1574; x_wconf 88' lang='grc' dir='ltr'>σοι</span> <span class='ocrx_word' id='word_1_108' title='bbox 1536 1524 1638 1585; x_wconf 79' lang='grc' dir='ltr'>δεῖ,</span> <span class='ocrx_word' id='word_1_109' title='bbox 1693 1524 1829 1579; x_wconf 84' lang='grc' dir='ltr'>ἀλλά</span> 
     </span>
    </p>
   </div>
   <div class='ocr_carea' id='block_1_17' title="bbox 254 1604 1828 1680">
    <p class='ocr_par' dir='ltr' id='par_1_17' title="bbox 254 1604 1828 1680">
     <span class='ocr_line' id='line_1_17' title="bbox 254 1604 1828 1680; baseline 0.011 -29"><span class='ocrx_word' id='word_1_110' title='bbox 254 1604 360 1653; x_wconf 76' lang='grc' dir='ltr'>κάν</span> <span class='ocrx_word' id='word_1_111' title='bbox 387 1605 509 1665; x_wconf 87' lang='grc' dir='ltr'>ταῖς</span> <span class='ocrx_word' id='word_1_112' title='bbox 563 1605 764 1672; x_wconf 84' lang='grc' dir='ltr'>μάχαις</span> <span class='ocrx_word' id='word_1_113' title='bbox 799 1606 1018 1680; x_wconf 76' lang='grc' dir='ltr'>μάλιστ’</span> <span class='ocrx_word' id='word_1_114' title='bbox 1047 1608 1241 1672; x_wconf 84' lang='grc' dir='ltr'>αὐταῖς</span> <span class='ocrx_word' id='word_1_115' title='bbox 1276 1610 1515 1664; x_wconf 85' lang='grc' dir='ltr'>τοιοῦτον</span> <span class='ocrx_word' id='word_1_116' title='bbox 1546 1615 1709 1667; x_wconf 70' lang='grc' dir='ltr'>αὐτὸν</span> <span class='ocrx_word' id='word_1_117' title='bbox 1749 1612 1828 1668; x_wconf 75' lang='grc' dir='ltr'>εἷο</span> 
     </span>
    </p>
   </div>
   <div class='ocr_carea' id='block_1_18' title="bbox 252 1692 1823 1771">
    <p class='ocr_par' dir='ltr' id='par_1_18' title="bbox 252 1692 1823 1771">
     <span class='ocr_line' id='line_1_18' title="bbox 252 1692 1823 1771; baseline 0.01 -27"><span class='ocrx_word' id='word_1_118' title='bbox 252 1695 348 1746; x_wconf 80' lang='grc' dir='ltr'>ναί</span> <span class='ocrx_word' id='word_1_119' title='bbox 386 1710 445 1746; x_wconf 89' lang='grc' dir='ltr'>σε</span> <span class='ocrx_word' id='word_1_120' title='bbox 490 1695 607 1747; x_wconf 75' lang='grc' dir='ltr'>δεῖο</span> <span class='ocrx_word' id='word_1_121' title='bbox 655 1698 880 1765; x_wconf 69' lang='grc' dir='ltr'>ἐπείπερ</span> <span class='ocrx_word' id='word_1_122' title='bbox 933 1692 1095 1753; x_wconf 77' lang='grc' dir='ltr'>αὗται</span> <span class='ocrx_word' id='word_1_123' title='bbox 1148 1700 1222 1769; x_wconf 80' lang='grc' dir='ltr'>μὴ</span> <span class='ocrx_word' id='word_1_124' title='bbox 1273 1704 1413 1771; x_wconf 84' lang='grc' dir='ltr'>μετὰ</span> <span class='ocrx_word' id='word_1_125' title='bbox 1466 1704 1561 1757; x_wconf 83' lang='grc' dir='ltr'>τοῦ</span> <span class='ocrx_word' id='word_1_126' title='bbox 1610 1707 1823 1760; x_wconf 69' lang='grc' dir='ltr'>δικαίου</span> 
     </span>
    </p>
   </div>
   <div class='ocr_carea' id='block_1_19' title="bbox 251 1788 1823 1867">
    <p class='ocr_par' dir='ltr' id='par_1_19' title="bbox 251 1788 1823 1867">
     <span class='ocr_line' id='line_1_19' title="bbox 251 1788 1823 1867; baseline 0.008 -27"><span class='ocrx_word' id='word_1_127' title='bbox 251 1788 518 1851; x_wconf 76' lang='grc' dir='ltr'>πολλάκις</span> <span class='ocrx_word' id='word_1_128' title='bbox 558 1790 878 1857; x_wconf 72' lang='grc' dir='ltr'>γιγνόμεναι</span> <span class='ocrx_word' id='word_1_129' title='bbox 924 1791 1097 1860; x_wconf 72' lang='grc' dir='ltr'>μείζω</span> <span class='ocrx_word' id='word_1_130' title='bbox 1142 1796 1661 1861; x_wconf 71' lang='grc' dir='ltr'>παρασκευάζουσαι</span> <span class='ocrx_word' id='word_1_131' title='bbox 1697 1799 1823 1867; x_wconf 73' lang='grc' dir='ltr'>βλάο</span> 
     </span>
    </p>
   </div>
   <div class='ocr_carea' id='block_1_20' title="bbox 250 1880 1824 1957">
    <p class='ocr_par' dir='ltr' id='par_1_20' title="bbox 250 1880 1824 1957">
     <span class='ocr_line' id='line_1_20' title="bbox 250 1880 1824 1957; baseline 0.01 -27"><span class='ocrx_word' id='word_1_132' title='bbox 250 1880 381 1947; x_wconf 77' lang='grc' dir='ltr'>δην,</span> <span class='ocrx_word' id='word_1_133' title='bbox 420 1882 453 1950; x_wconf 75' lang='grc' dir='ltr'>ἢ</span> <span class='ocrx_word' id='word_1_134' title='bbox 500 1881 644 1932; x_wconf 73' lang='grc' dir='ltr'>τοῦτ’</span> <span class='ocrx_word' id='word_1_135' title='bbox 691 1882 819 1934; x_wconf 77' lang='grc' dir='ltr'>ἰδεῖν</span> <span class='ocrx_word' id='word_1_136' title='bbox 849 1882 995 1935; x_wconf 77' lang='grc' dir='ltr'>ἐστιν</span> <span class='ocrx_word' id='word_1_137' title='bbox 1036 1885 1094 1937; x_wconf 85' lang='grc' dir='ltr'>ὲν</span> <span class='ocrx_word' id='word_1_138' title='bbox 1126 1886 1348 1957; x_wconf 80' lang='grc' dir='ltr'>εἰρήνῃ·</span> <span class='ocrx_word' id='word_1_139' title='bbox 1380 1886 1445 1951; x_wconf 77' lang='grc' dir='ltr'>ἃς</span> <span class='ocrx_word' id='word_1_140' title='bbox 1490 1891 1731 1943; x_wconf 76' lang='grc' dir='ltr'>κάλλιστ’</span> <span class='ocrx_word' id='word_1_141' title='bbox 1758 1892 1824 1947; x_wconf 77' lang='grc' dir='ltr'>ἂν</span> 
     </span>
    </p>
   </div>
   <div class='ocr_carea' id='block_1_21' title="bbox 247 1972 1822 2053">
    <p class='ocr_par' dir='ltr' id='par_1_21' title="bbox 247 1972 1822 2053">
     <span class='ocr_line' id='line_1_21' title="bbox 247 1972 1822 2053; baseline 0.01 -28"><span class='ocrx_word' id='word_1_142' title='bbox 247 1972 398 2026; x_wconf 67' lang='grc' dir='ltr'>οὕτω</span> <span class='ocrx_word' id='word_1_143' title='bbox 434 1975 528 2025; x_wconf 74' lang='grc' dir='ltr'>καὶ</span> <span class='ocrx_word' id='word_1_144' title='bbox 574 1974 866 2037; x_wconf 76' lang='grc' dir='ltr'>λυσιτελῶς</span> <span class='ocrx_word' id='word_1_145' title='bbox 910 1976 1217 2048; x_wconf 80' lang='grc' dir='ltr'>διενέγκῃς,</span> <span class='ocrx_word' id='word_1_146' title='bbox 1265 1981 1358 2033; x_wconf 73' lang='grc' dir='ltr'>ἐὰν</span> <span class='ocrx_word' id='word_1_147' title='bbox 1399 1984 1526 2053; x_wconf 83' lang='grc' dir='ltr'>μηθ’</span> <span class='ocrx_word' id='word_1_148' title='bbox 1574 1984 1681 2037; x_wconf 76' lang='grc' dir='ltr'>ὑπὸ</span> <span class='ocrx_word' id='word_1_149' title='bbox 1728 1988 1822 2041; x_wconf 83' lang='grc' dir='ltr'>τοῦ</span> 
     </span>
    </p>
   </div>
   <div class='ocr_carea' id='block_1_22' title="bbox 251 2066 1819 2150">
    <p class='ocr_par' dir='ltr' id='par_1_22' title="bbox 251 2066 1819 2150">
     <span class='ocr_line' id='line_1_22' title="bbox 251 2066 1819 2150; baseline 0.01 -33"><span class='ocrx_word' id='word_1_150' title='bbox 251 2066 599 2118; x_wconf 76' lang='grc' dir='ltr'>πλεονεκτεῖν</span> <span class='ocrx_word' id='word_1_151' title='bbox 642 2066 851 2120; x_wconf 76' lang='grc' dir='ltr'>ἐθέλειν</span> <span class='ocrx_word' id='word_1_152' title='bbox 878 2069 1062 2135; x_wconf 76' lang='grc' dir='ltr'>αὐτὸς,</span> <span class='ocrx_word' id='word_1_153' title='bbox 1096 2072 1284 2125; x_wconf 73' lang='grc' dir='ltr'>ἀδίκου</span> <span class='ocrx_word' id='word_1_154' title='bbox 1322 2076 1503 2144; x_wconf 86' lang='grc' dir='ltr'>μάχης</span> <span class='ocrx_word' id='word_1_155' title='bbox 1545 2078 1819 2150; x_wconf 74' lang='grc' dir='ltr'>ὑπάρχῃς.</span> 
     </span>
    </p>
   </div>
   <div class='ocr_carea' id='block_1_23' title="bbox 248 2156 1818 2239">
    <p class='ocr_par' dir='ltr' id='par_1_23' title="bbox 248 2156 1818 2239">
     <span class='ocr_line' id='line_1_23' title="bbox 248 2156 1818 2239; baseline 0.01 -32"><span class='ocrx_word' id='word_1_156' title='bbox 248 2156 368 2208; x_wconf 85' lang='grc' dir='ltr'>ἀλλ’</span> <span class='ocrx_word' id='word_1_157' title='bbox 395 2158 471 2218; x_wconf 83' lang='grc' dir='ltr'>ῶς</span> <span class='ocrx_word' id='word_1_158' title='bbox 498 2158 734 2226; x_wconf 70' lang='grc' dir='ltr'>πρόσθεν</span> <span class='ocrx_word' id='word_1_159' title='bbox 760 2160 1109 2230; x_wconf 68' lang='grc' dir='ltr'>ἠδικημένος,</span> <span class='ocrx_word' id='word_1_160' title='bbox 1138 2162 1312 2217; x_wconf 74' lang='grc' dir='ltr'>ἔπειτ’</span> <span class='ocrx_word' id='word_1_161' title='bbox 1343 2166 1399 2231; x_wconf 64' lang='grc' dir='ltr'>ἐξ</span> <span class='ocrx_word' id='word_1_162' title='bbox 1430 2167 1681 2239; x_wconf 79' lang='grc' dir='ltr'>ἀνάγκης</span> <span class='ocrx_word' id='word_1_163' title='bbox 1704 2175 1818 2233; x_wconf 86' lang='grc' dir='ltr'>τοῖς</span> 
     </span>
    </p>
   </div>
   <div class='ocr_carea' id='block_1_24' title="bbox 247 2249 1821 2327">
    <p class='ocr_par' dir='ltr' id='par_1_24' title="bbox 247 2249 1821 2327">
     <span class='ocr_line' id='line_1_24' title="bbox 247 2249 1821 2327; baseline 0.008 -28"><span class='ocrx_word' id='word_1_164' title='bbox 247 2250 576 2316; x_wconf 81' lang='grc' dir='ltr'>πράγμασιν</span> <span class='ocrx_word' id='word_1_165' title='bbox 614 2249 883 2319; x_wconf 78' lang='grc' dir='ltr'>ἀπαντᾷς,</span> <span class='ocrx_word' id='word_1_166' title='bbox 914 2252 1164 2315; x_wconf 78' lang='grc' dir='ltr'>καὶτοὺς</span> <span class='ocrx_word' id='word_1_167' title='bbox 1212 2254 1562 2322; x_wconf 78' lang='grc' dir='ltr'>ὑπάρξαντας</span> <span class='ocrx_word' id='word_1_168' title='bbox 1617 2261 1821 2327; x_wconf 69' lang='grc' dir='ltr'>ἀμυνό-</span> 
     </span>
    </p>
   </div>
   <div class='ocr_carea' id='block_1_25' title="bbox 250 2336 1820 2417">
    <p class='ocr_par' dir='ltr' id='par_1_25' title="bbox 250 2336 1820 2417">
     <span class='ocr_line' id='line_1_25' title="bbox 250 2336 1820 2417; baseline -0.001 -24"><span class='ocrx_word' id='word_1_169' title='bbox 250 2356 417 2408; x_wconf 78' lang='grc' dir='ltr'>μενος</span> <span class='ocrx_word' id='word_1_170' title='bbox 443 2336 508 2413; x_wconf 79' lang='grc' dir='ltr'>ᾗς</span> <span class='ocrx_word' id='word_1_171' title='bbox 549 2342 688 2393; x_wconf 80' lang='grc' dir='ltr'>κατὰ</span> <span class='ocrx_word' id='word_1_172' title='bbox 723 2344 784 2393; x_wconf 78' lang='grc' dir='ltr'>τὸ</span> <span class='ocrx_word' id='word_1_173' title='bbox 832 2343 929 2395; x_wconf 87' lang='grc' dir='ltr'>τοῦ</span> <span class='ocrx_word' id='word_1_174' title='bbox 958 2342 1125 2407; x_wconf 86' lang='grc' dir='ltr'>νόμου</span> <span class='ocrx_word' id='word_1_175' title='bbox 1158 2347 1397 2414; x_wconf 78' lang='grc' dir='ltr'>παρέχον</span> <span class='ocrx_word' id='word_1_176' title='bbox 1418 2363 1432 2377; x_wconf 88' lang='grc'><strong>·</strong></span> <span class='ocrx_word' id='word_1_177' title='bbox 1466 2349 1594 2417; x_wconf 77' lang='grc' dir='ltr'>μήθ’</span> <span class='ocrx_word' id='word_1_178' title='bbox 1623 2350 1650 2402; x_wconf 88' lang='grc' dir='ltr'><strong>ὃ</strong></span> <span class='ocrx_word' id='word_1_179' title='bbox 1694 2351 1820 2403; x_wconf 77' lang='grc' dir='ltr'>τού-</span> 
     </span>
    </p>
   </div>
   <div class='ocr_carea' id='block_1_26' title="bbox 244 2432 1821 2505">
    <p class='ocr_par' dir='ltr' id='par_1_26' title="bbox 244 2432 1821 2505">
     <span class='ocr_line' id='line_1_26' title="bbox 244 2432 1821 2505; baseline 0.006 -21"><span class='ocrx_word' id='word_1_180' title='bbox 244 2450 346 2484; x_wconf 87' lang='grc' dir='ltr'>του</span> <span class='ocrx_word' id='word_1_181' title='bbox 381 2435 647 2499; x_wconf 82' lang='grc' dir='ltr'>κρεῖττον,</span> <span class='ocrx_word' id='word_1_182' title='bbox 681 2432 780 2494; x_wconf 81' lang='grc' dir='ltr'>τάς</span> <span class='ocrx_word' id='word_1_183' title='bbox 830 2433 966 2502; x_wconf 72' lang='grc' dir='ltr'>πρὸς</span> <span class='ocrx_word' id='word_1_184' title='bbox 1010 2436 1366 2489; x_wconf 81' lang='grc' dir='ltr'>οὑστινασοῦν</span> <span class='ocrx_word' id='word_1_185' title='bbox 1416 2438 1821 2505; x_wconf 78' lang='grc' dir='ltr'>ξυμὸαινούσας</span> 
     </span>
    </p>
   </div>
   <div class='ocr_carea' id='block_1_27' title="bbox 244 2521 1821 2598">
    <p class='ocr_par' dir='ltr' id='par_1_27' title="bbox 244 2521 1821 2598">
     <span class='ocr_line' id='line_1_27' title="bbox 244 2521 1821 2598; baseline 0.004 -23"><span class='ocrx_word' id='word_1_186' title='bbox 244 2522 517 2591; x_wconf 76' lang='grc' dir='ltr'>διαφορὰς</span> <span class='ocrx_word' id='word_1_187' title='bbox 567 2521 714 2575; x_wconf 82' lang='grc' dir='ltr'>λύειν</span> <span class='ocrx_word' id='word_1_188' title='bbox 745 2522 923 2589; x_wconf 85' lang='grc' dir='ltr'>λόγοις</span> <span class='ocrx_word' id='word_1_189' title='bbox 962 2523 1102 2588; x_wconf 69' lang='grc' dir='ltr'>δξδν,</span> <span class='ocrx_word' id='word_1_190' title='bbox 1148 2526 1213 2577; x_wconf 83' lang='grc' dir='ltr'>σὺ</span> <span class='ocrx_word' id='word_1_191' title='bbox 1240 2524 1296 2578; x_wconf 69' lang='grc' dir='ltr'>δὲ</span> <span class='ocrx_word' id='word_1_192' title='bbox 1337 2525 1637 2598; x_wconf 86' lang='grc' dir='ltr'>θρασύτητι</span> <span class='ocrx_word' id='word_1_193' title='bbox 1677 2531 1821 2597; x_wconf 81' lang='grc' dir='ltr'>γνώ-</span> 
     </span>
    </p>
   </div>
   <div class='ocr_carea' id='block_1_28' title="bbox 246 2616 1823 2691">
    <p class='ocr_par' dir='ltr' id='par_1_28' title="bbox 246 2616 1823 2691">
     <span class='ocr_line' id='line_1_28' title="bbox 246 2616 1823 2691; baseline 0.008 -25"><span class='ocrx_word' id='word_1_194' title='bbox 246 2634 360 2685; x_wconf 85' lang='grc' dir='ltr'>μης</span> <span class='ocrx_word' id='word_1_195' title='bbox 385 2616 548 2679; x_wconf 74' lang='grc' dir='ltr'>εὐθὺς</span> <span class='ocrx_word' id='word_1_196' title='bbox 582 2619 661 2679; x_wconf 71' lang='grc' dir='ltr'>εἰς</span> <span class='ocrx_word' id='word_1_197' title='bbox 687 2617 826 2669; x_wconf 82' lang='grc' dir='ltr'>ὅπλα</span> <span class='ocrx_word' id='word_1_198' title='bbox 866 2619 1146 2690; x_wconf 80' lang='grc' dir='ltr'>χωρήσῃς,</span> <span class='ocrx_word' id='word_1_199' title='bbox 1188 2617 1223 2672; x_wconf 76' lang='grc' dir='ltr'>ἀ</span> <span class='ocrx_word' id='word_1_200' title='bbox 1257 2620 1457 2688; x_wconf 80' lang='grc' dir='ltr'>μήποτ’</span> <span class='ocrx_word' id='word_1_201' title='bbox 1485 2620 1662 2691; x_wconf 72' lang='grc' dir='ltr'>ὤφελε</span> <span class='ocrx_word' id='word_1_202' title='bbox 1694 2626 1823 2678; x_wconf 76' lang='grc' dir='ltr'>κατ’</span> 
     </span>
    </p>
   </div>
   <div class='ocr_carea' id='block_1_29' title="bbox 241 2706 1815 2780">
    <p class='ocr_par' dir='ltr' id='par_1_29' title="bbox 241 2706 1815 2780">
     <span class='ocr_line' id='line_1_29' title="bbox 241 2706 1815 2780; baseline 0.004 -21"><span class='ocrx_word' id='word_1_203' title='bbox 241 2706 571 2774; x_wconf 68' lang='grc' dir='ltr'>ἀνθρώπους</span> <span class='ocrx_word' id='word_1_204' title='bbox 611 2706 671 2758; x_wconf 90' lang='grc' dir='ltr'>τό</span> <span class='ocrx_word' id='word_1_205' title='bbox 714 2708 765 2774; x_wconf 81' lang='grc' dir='ltr'>γ’</span> <span class='ocrx_word' id='word_1_206' title='bbox 799 2706 859 2771; x_wconf 68' lang='grc' dir='ltr'>ἐξ</span> <span class='ocrx_word' id='word_1_207' title='bbox 903 2708 1077 2777; x_wconf 81' lang='grc' dir='ltr'>ἀρχῆς</span> <span class='ocrx_word' id='word_1_208' title='bbox 1111 2708 1465 2778; x_wconf 84' lang='grc' dir='ltr'>γεγενῆσθαι,</span> <span class='ocrx_word' id='word_1_209' title='bbox 1515 2713 1651 2780; x_wconf 67' lang='grc' dir='ltr'>μηδὲ</span> <span class='ocrx_word' id='word_1_210' title='bbox 1708 2731 1815 2766; x_wconf 84' lang='grc' dir='ltr'>πα-</span> 
     </span>
    </p>
   </div>
   <div class='ocr_carea' id='block_1_30' title="bbox 244 2797 1813 2871">
    <p class='ocr_par' dir='ltr' id='par_1_30' title="bbox 244 2797 1813 2871">
     <span class='ocr_line' id='line_1_30' title="bbox 244 2797 1813 2871; baseline 0.006 -22"><span class='ocrx_word' id='word_1_211' title='bbox 244 2799 463 2867; x_wconf 87' lang='grc' dir='ltr'>ρελθεῖν</span> <span class='ocrx_word' id='word_1_212' title='bbox 500 2797 915 2867; x_wconf 82' lang='grc' dir='ltr'>μηδοπωστιοῦν</span> <span class='ocrx_word' id='word_1_213' title='bbox 942 2801 1022 2862; x_wconf 88' lang='grc' dir='ltr'>είς</span> <span class='ocrx_word' id='word_1_214' title='bbox 1070 2799 1163 2851; x_wconf 83' lang='grc' dir='ltr'>τὸν</span> <span class='ocrx_word' id='word_1_215' title='bbox 1195 2800 1329 2869; x_wconf 82' lang='grc' dir='ltr'>βίον,</span> <span class='ocrx_word' id='word_1_216' title='bbox 1362 2802 1394 2871; x_wconf 80' lang='grc' dir='ltr'>ἢ</span> <span class='ocrx_word' id='word_1_217' title='bbox 1441 2804 1684 2871; x_wconf 78' lang='grc' dir='ltr'>γεγονότ’</span> <span class='ocrx_word' id='word_1_218' title='bbox 1713 2808 1813 2857; x_wconf 86' lang='grc' dir='ltr'>αύ-</span> 
     </span>
    </p>
   </div>
   <div class='ocr_carea' id='block_1_31' title="bbox 239 2886 1812 2956">
    <p class='ocr_par' dir='ltr' id='par_1_31' title="bbox 239 2886 1812 2956">
     <span class='ocr_line' id='line_1_31' title="bbox 239 2886 1812 2956; baseline 0.001 -16"><span class='ocrx_word' id='word_1_219' title='bbox 239 2889 374 2940; x_wconf 82' lang='grc' dir='ltr'>τῖκα</span> <span class='ocrx_word' id='word_1_220' title='bbox 427 2886 760 2952; x_wconf 74' lang='grc' dir='ltr'>πεπαῦσθαι,</span> <span class='ocrx_word' id='word_1_221' title='bbox 814 2886 888 2949; x_wconf 80' lang='grc' dir='ltr'>ὡς</span> <span class='ocrx_word' id='word_1_222' title='bbox 941 2886 1151 2956; x_wconf 76' lang='grc' dir='ltr'>ὄργανα</span> <span class='ocrx_word' id='word_1_223' title='bbox 1204 2888 1539 2956; x_wconf 79' lang='grc' dir='ltr'>πλεονεξίας,</span> <span class='ocrx_word' id='word_1_224' title='bbox 1577 2893 1669 2945; x_wconf 56' lang='grc' dir='ltr'>καὶ⁹</span> <span class='ocrx_word' id='word_1_225' title='bbox 1721 2893 1812 2947; x_wconf 81' lang='grc' dir='ltr'>τοῦ</span> 
     </span>
    </p>
   </div>
   <div class='ocr_carea' id='block_1_32' title="bbox 238 2980 1813 3056">
    <p class='ocr_par' dir='ltr' id='par_1_32' title="bbox 238 2980 1813 3056">
     <span class='ocr_line' id='line_1_32' title="bbox 238 2980 1813 3056; baseline 0.005 -25"><span class='ocrx_word' id='word_1_226' title='bbox 238 2981 431 3043; x_wconf 80' lang='grc' dir='ltr'>κακῶς</span> <span class='ocrx_word' id='word_1_227' title='bbox 468 2980 665 3043; x_wconf 68' lang='grc' dir='ltr'>ἐξεῖναι</span> <span class='ocrx_word' id='word_1_228' title='bbox 695 2984 871 3032; x_wconf 80' lang='grc' dir='ltr'>ποιεῖν</span> <span class='ocrx_word' id='word_1_229' title='bbox 899 2996 913 3011; x_wconf 77' lang='grc'><strong><em>⁸</em></strong></span> <span class='ocrx_word' id='word_1_230' title='bbox 946 2982 1105 3049; x_wconf 81' lang='grc' dir='ltr'>φύσει</span> <span class='ocrx_word' id='word_1_231' title='bbox 1152 2982 1249 3051; x_wconf 76' lang='grc' dir='ltr'>μὶν</span> <span class='ocrx_word' id='word_1_232' title='bbox 1275 2982 1336 3036; x_wconf 83' lang='grc' dir='ltr'>τὸ</span> <span class='ocrx_word' id='word_1_233' title='bbox 1368 2985 1502 3056; x_wconf 75' lang='grc' dir='ltr'>πρὸς</span> <span class='ocrx_word' id='word_1_234' title='bbox 1549 2985 1813 3056; x_wconf 75' lang='grc' dir='ltr'>ἀλλήλους</span> 
     </span>
    </p>
   </div>
   <div class='ocr_carea' id='block_1_33' title="bbox 238 3072 1809 3143">
    <p class='ocr_par' dir='ltr' id='par_1_33' title="bbox 238 3072 1809 3143">
     <span class='ocr_line' id='line_1_33' title="bbox 238 3072 1809 3143; baseline 0.006 -20"><span class='ocrx_word' id='word_1_235' title='bbox 238 3072 600 3140; x_wconf 70' lang='grc' dir='ltr'>γηδεμονικὺν</span> <span class='ocrx_word' id='word_1_236' title='bbox 648 3074 1150 3142; x_wconf 60' lang='grc' dir='ltr'>κεκτημένοιςακαὶ</span> <span class='ocrx_word' id='word_1_237' title='bbox 1197 3078 1501 3139; x_wconf 78' lang='grc' dir='ltr'>πεφυκόσιν</span> <span class='ocrx_word' id='word_1_238' title='bbox 1547 3079 1604 3130; x_wconf 72' lang='grc' dir='ltr'>ἓν</span> <span class='ocrx_word' id='word_1_239' title='bbox 1648 3076 1809 3143; x_wconf 64' lang='grc' dir='ltr'>εἶναι,</span> 
     </span>
    </p>
   </div>
   <div class='ocr_carea' id='block_1_34' title="bbox 1936 625 3502 700">
    <p class='ocr_par' dir='ltr' id='par_1_34' title="bbox 1936 625 3502 700">
     <span class='ocr_line' id='line_1_34' title="bbox 1936 625 3502 700; baseline 0.004 -21"><span class='ocrx_word' id='word_1_240' title='bbox 1936 625 1990 679; x_wconf 94' lang='lat' dir='ltr'>in</span> <span class='ocrx_word' id='word_1_241' title='bbox 2024 634 2211 680; x_wconf 88' lang='lat' dir='ltr'><strong>sontes</strong></span> <span class='ocrx_word' id='word_1_242' title='bbox 2236 626 2384 696; x_wconf 86' lang='lat' dir='ltr'><strong>ipsos</strong></span> <span class='ocrx_word' id='word_1_243' title='bbox 2426 626 2737 681; x_wconf 83' lang='lat' dir='ltr'><strong>beneﬁcum</strong></span> <span class='ocrx_word' id='word_1_244' title='bbox 2774 638 2828 681; x_wconf 89' lang='lat' dir='ltr'>te</span> <span class='ocrx_word' id='word_1_245' title='bbox 2858 630 3377 700; x_wconf 56' lang='lat' dir='ltr'><strong>praebeas,justitia‘.</strong></span> <span class='ocrx_word' id='word_1_246' title='bbox 3414 651 3502 686; x_wconf 72' lang='lat' dir='ltr'><strong>re-</strong></span> 
     </span>
    </p>
   </div>
   <div class='ocr_carea' id='block_1_35' title="bbox 1934 739 3500 815">
    <p class='ocr_par' dir='ltr' id='par_1_35' title="bbox 1934 739 3500 815">
     <span class='ocr_line' id='line_1_35' title="bbox 1934 739 3500 815; baseline 0.006 -24"><span class='ocrx_word' id='word_1_247' title='bbox 1934 739 2059 807; x_wconf 74' lang='lat' dir='ltr'><strong>gula</strong></span> <span class='ocrx_word' id='word_1_248' title='bbox 2084 753 2182 795; x_wconf 85' lang='lat' dir='ltr'>eos</span> <span class='ocrx_word' id='word_1_249' title='bbox 2206 739 2528 803; x_wconf 81' lang='lat' dir='ltr'><strong>imbuenda,</strong></span> <span class='ocrx_word' id='word_1_250' title='bbox 2557 742 2627 794; x_wconf 90' lang='lat' dir='ltr'>ita</span> <span class='ocrx_word' id='word_1_251' title='bbox 2658 750 2716 795; x_wconf 92' lang='lat' dir='ltr'>ut</span> <span class='ocrx_word' id='word_1_252' title='bbox 2741 742 2943 811; x_wconf 88' lang='lat' dir='ltr'><strong>injuste</strong></span> <span class='ocrx_word' id='word_1_253' title='bbox 2968 744 3223 815; x_wconf 83' lang='lat' dir='ltr'><strong>faciendo</strong></span> <span class='ocrx_word' id='word_1_254' title='bbox 3258 746 3500 801; x_wconf 82' lang='lat' dir='ltr'><strong>animam</strong></span> 
     </span>
    </p>
   </div>
   <div class='ocr_carea' id='block_1_36' title="bbox 1933 854 3506 915">
    <p class='ocr_par' dir='ltr' id='par_1_36' title="bbox 1933 854 3506 915">
     <span class='ocr_line' id='line_1_36' title="bbox 1933 854 3506 915; baseline 0.005 -10"><span class='ocrx_word' id='word_1_255' title='bbox 1933 866 2089 907; x_wconf 91' lang='lat' dir='ltr'><strong>suam</strong></span> <span class='ocrx_word' id='word_1_256' title='bbox 2133 854 2314 909; x_wconf 87' lang='lat' dir='ltr'><strong>odisse</strong></span> <span class='ocrx_word' id='word_1_257' title='bbox 2361 864 2596 909; x_wconf 83' lang='lat' dir='ltr'><strong>cessent.</strong></span> <span class='ocrx_word' id='word_1_258' title='bbox 2627 855 2750 911; x_wconf 63' lang='lat' dir='ltr'>Hau:</span> <span class='ocrx_word' id='word_1_259' title='bbox 2772 858 2839 911; x_wconf 90' lang='lat' dir='ltr'>de</span> <span class='ocrx_word' id='word_1_260' title='bbox 2877 868 2927 911; x_wconf 90' lang='lat' dir='ltr'>te</span> <span class='ocrx_word' id='word_1_261' title='bbox 2960 859 3204 912; x_wconf 90' lang='lat' dir='ltr'><strong>omnium</strong></span> <span class='ocrx_word' id='word_1_262' title='bbox 3246 861 3506 915; x_wconf 86' lang='lat' dir='ltr'><strong>honorili-</strong></span> 
     </span>
    </p>
   </div>
   <div class='ocr_carea' id='block_1_37' title="bbox 1932 968 3504 1044">
    <p class='ocr_par' dir='ltr' id='par_1_37' title="bbox 1932 968 3504 1044">
     <span class='ocr_line' id='line_1_37' title="bbox 1932 968 3504 1044; baseline 0.006 -25"><span class='ocrx_word' id='word_1_263' title='bbox 1932 968 2247 1023; x_wconf 85' lang='lat' dir='ltr'><strong>centissima</strong></span> <span class='ocrx_word' id='word_1_264' title='bbox 2275 978 2329 1022; x_wconf 88' lang='lat' dir='ltr'>et</span> <span class='ocrx_word' id='word_1_265' title='bbox 2356 972 2780 1039; x_wconf 64' lang='lat' dir='ltr'><strong>praeclarissima</strong></span> <span class='ocrx_word' id='word_1_266' title='bbox 2812 976 3084 1029; x_wconf 73' lang='lat' dir='ltr'>sententia</span> <span class='ocrx_word' id='word_1_267' title='bbox 3112 976 3239 1039; x_wconf 90' lang='lat' dir='ltr'><strong>erit,</strong></span> <span class='ocrx_word' id='word_1_268' title='bbox 3264 992 3363 1031; x_wconf 86' lang='lat' dir='ltr'>nec</span> <span class='ocrx_word' id='word_1_269' title='bbox 3390 979 3504 1044; x_wconf 83' lang='lat' dir='ltr'><strong>ipse</strong></span> 
     </span>
    </p>
   </div>
   <div class='ocr_carea' id='block_1_38' title="bbox 1932 1076 2931 1151">
    <p class='ocr_par' dir='ltr' id='par_1_38' title="bbox 1932 1076 2931 1151">
     <span class='ocr_line' id='line_1_38' title="bbox 1932 1076 2931 1151; baseline 0.01 -20"><span class='ocrx_word' id='word_1_270' title='bbox 1932 1076 2085 1133; x_wconf 83' lang='lat' dir='ltr'><strong>Plato</strong></span> <span class='ocrx_word' id='word_1_271' title='bbox 2114 1079 2183 1134; x_wconf 90' lang='lat' dir='ltr'>de</span> <span class='ocrx_word' id='word_1_272' title='bbox 2202 1082 2413 1151; x_wconf 90' lang='lat' dir='ltr'><strong>justitia</strong></span> <span class='ocrx_word' id='word_1_273' title='bbox 2448 1084 2648 1140; x_wconf 84' lang='lat' dir='ltr'><strong>melius</strong></span> <span class='ocrx_word' id='word_1_274' title='bbox 2678 1089 2931 1141; x_wconf 73' lang='lat' dir='ltr'>senserit.</span> 
     </span>
    </p>
   </div>
   <div class='ocr_carea' id='block_1_39' title="bbox 2003 1435 3502 1516">
    <p class='ocr_par' dir='ltr' id='par_1_39' title="bbox 2003 1435 3502 1516">
     <span class='ocr_line' id='line_1_39' title="bbox 2003 1435 3502 1516; baseline 0.007 -27"><span class='ocrx_word' id='word_1_275' title='bbox 2003 1438 2052 1489; x_wconf 87' lang='lat'>&#39;7.</span> <span class='ocrx_word' id='word_1_276' title='bbox 2081 1435 2186 1492; x_wconf 86' lang='lat' dir='ltr'><strong>Sed</strong></span> <span class='ocrx_word' id='word_1_277' title='bbox 2221 1454 2331 1492; x_wconf 92' lang='lat' dir='ltr'>non</span> <span class='ocrx_word' id='word_1_278' title='bbox 2364 1440 2517 1509; x_wconf 82' lang='lat' dir='ltr'><strong>pacis</strong></span> <span class='ocrx_word' id='word_1_279' title='bbox 2552 1452 2766 1497; x_wconf 90' lang='lat' dir='ltr'><strong>tantum</strong></span> <span class='ocrx_word' id='word_1_280' title='bbox 2802 1453 3051 1515; x_wconf 78' lang='lat' dir='ltr'><strong>tempore</strong></span> <span class='ocrx_word' id='word_1_281' title='bbox 3082 1455 3137 1500; x_wconf 90' lang='lat' dir='ltr'>et</span> <span class='ocrx_word' id='word_1_282' title='bbox 3167 1446 3388 1516; x_wconf 82' lang='lat' dir='ltr'><strong>quando</strong></span> <span class='ocrx_word' id='word_1_283' title='bbox 3413 1463 3502 1500; x_wconf 79' lang='lat' dir='ltr'>res</span> 
     </span>
    </p>
   </div>
   <div class='ocr_carea' id='block_1_40' title="bbox 1927 1548 3497 1630">
    <p class='ocr_par' dir='ltr' id='par_1_40' title="bbox 1927 1548 3497 1630">
     <span class='ocr_line' id='line_1_40' title="bbox 1927 1548 3497 1630; baseline 0.008 -29"><span class='ocrx_word' id='word_1_284' title='bbox 1927 1548 2089 1602; x_wconf 69' lang='lat' dir='ltr'><strong>salvae</strong></span> <span class='ocrx_word' id='word_1_285' title='bbox 2124 1562 2272 1609; x_wconf 86' lang='lat' dir='ltr'><strong>sunt.</strong></span> <span class='ocrx_word' id='word_1_286' title='bbox 2306 1554 2401 1607; x_wconf 84' lang='lat' dir='ltr'>sed</span> <span class='ocrx_word' id='word_1_287' title='bbox 2445 1554 2587 1608; x_wconf 89' lang='lat' dir='ltr'><strong>inter</strong></span> <span class='ocrx_word' id='word_1_288' title='bbox 2626 1557 2742 1625; x_wconf 82' lang='lat' dir='ltr'><strong>ipsa</strong></span> <span class='ocrx_word' id='word_1_289' title='bbox 2776 1558 2905 1613; x_wconf 89' lang='lat' dir='ltr'><strong>belli</strong></span> <span class='ocrx_word' id='word_1_290' title='bbox 2950 1560 3247 1614; x_wconf 79' lang='lat' dir='ltr'>certamina</span> <span class='ocrx_word' id='word_1_291' title='bbox 3288 1562 3497 1630; x_wconf 90' lang='lat' dir='ltr'><strong>justum</strong></span> 
     </span>
    </p>
   </div>
   <div class='ocr_carea' id='block_1_41' title="bbox 1928 1665 3498 1738">
    <p class='ocr_par' dir='ltr' id='par_1_41' title="bbox 1928 1665 3498 1738">
     <span class='ocr_line' id='line_1_41' title="bbox 1928 1665 3498 1738; baseline 0.008 -28"><span class='ocrx_word' id='word_1_292' title='bbox 1928 1666 1980 1709; x_wconf 90' lang='lat' dir='ltr'>te</span> <span class='ocrx_word' id='word_1_293' title='bbox 2012 1673 2132 1713; x_wconf 88' lang='lat' dir='ltr'><strong>esse</strong></span> <span class='ocrx_word' id='word_1_294' title='bbox 2167 1671 2424 1729; x_wconf 87' lang='lat' dir='ltr'><strong>oportet;</strong></span> <span class='ocrx_word' id='word_1_295' title='bbox 2459 1665 2729 1733; x_wconf 84' lang='lat' dir='ltr'>siquidem</span> <span class='ocrx_word' id='word_1_296' title='bbox 2775 1684 2916 1738; x_wconf 65' lang='lat' dir='ltr'><strong>saepe</strong></span> <span class='ocrx_word' id='word_1_297' title='bbox 2949 1685 3047 1738; x_wconf 89' lang='lat' dir='ltr'>per</span> <span class='ocrx_word' id='word_1_298' title='bbox 3100 1672 3256 1725; x_wconf 80' lang='lat' dir='ltr'><strong>nefas</strong></span> <span class='ocrx_word' id='word_1_299' title='bbox 3290 1682 3498 1726; x_wconf 87' lang='lat' dir='ltr'><strong>certata</strong></span> 
     </span>
    </p>
   </div>
   <div class='ocr_carea' id='block_1_42' title="bbox 1927 1772 3497 1854">
    <p class='ocr_par' dir='ltr' id='par_1_42' title="bbox 1927 1772 3497 1854">
     <span class='ocr_line' id='line_1_42' title="bbox 1927 1772 3497 1854; baseline 0.009 -31"><span class='ocrx_word' id='word_1_300' title='bbox 1927 1772 2098 1839; x_wconf 80' lang='lat' dir='ltr'><strong>magis</strong></span> <span class='ocrx_word' id='word_1_301' title='bbox 2126 1774 2285 1827; x_wconf 78' lang='lat' dir='ltr'><strong>noxia</strong></span> <span class='ocrx_word' id='word_1_302' title='bbox 2306 1787 2617 1846; x_wconf 86' lang='lat' dir='ltr'><strong>suntquam</strong></span> <span class='ocrx_word' id='word_1_303' title='bbox 2646 1795 2768 1849; x_wconf 66' lang='lat' dir='ltr'><strong>quae</strong></span> <span class='ocrx_word' id='word_1_304' title='bbox 2798 1781 2851 1835; x_wconf 87' lang='lat' dir='ltr'>in</span> <span class='ocrx_word' id='word_1_305' title='bbox 2881 1798 3066 1837; x_wconf 87' lang='lat' dir='ltr'><strong>rerum</strong></span> <span class='ocrx_word' id='word_1_306' title='bbox 3100 1786 3497 1854; x_wconf 82' lang='lat' dir='ltr'><strong>tranquillitate</strong></span> 
     </span>
    </p>
   </div>
   <div class='ocr_carea' id='block_1_43' title="bbox 1925 1886 3499 1959">
    <p class='ocr_par' dir='ltr' id='par_1_43' title="bbox 1925 1886 3499 1959">
     <span class='ocr_line' id='line_1_43' title="bbox 1925 1886 3499 1959; baseline 0.008 -20"><span class='ocrx_word' id='word_1_307' title='bbox 1925 1886 2246 1943; x_wconf 81' lang='lat' dir='ltr'><strong>obveniunt.</strong></span> <span class='ocrx_word' id='word_1_308' title='bbox 2269 1890 2486 1959; x_wconf 87' lang='lat' dir='ltr'><strong>Optime</strong></span> <span class='ocrx_word' id='word_1_309' title='bbox 2509 1904 2691 1949; x_wconf 85' lang='lat' dir='ltr'><strong>autem</strong></span> <span class='ocrx_word' id='word_1_310' title='bbox 2721 1911 2785 1950; x_wconf 88' lang='lat' dir='ltr'>ac</span> <span class='ocrx_word' id='word_1_311' title='bbox 2808 1897 2928 1952; x_wconf 88' lang='lat' dir='ltr'><strong>sine</strong></span> <span class='ocrx_word' id='word_1_312' title='bbox 2950 1898 3136 1954; x_wconf 84' lang='lat' dir='ltr'><strong>labore</strong></span> <span class='ocrx_word' id='word_1_313' title='bbox 3172 1901 3358 1957; x_wconf 63' lang='lat' dir='ltr'><strong>isthaec</strong></span> <span class='ocrx_word' id='word_1_314' title='bbox 3383 1917 3499 1955; x_wconf 82' lang='lat' dir='ltr'><strong>om-</strong></span> 
     </span>
    </p>
   </div>
   <div class='ocr_carea' id='block_1_44' title="bbox 1929 1996 3499 2083">
    <p class='ocr_par' dir='ltr' id='par_1_44' title="bbox 1929 1996 3499 2083">
     <span class='ocr_line' id='line_1_44' title="bbox 1929 1996 3499 2083; baseline 0.01 -33"><span class='ocrx_word' id='word_1_315' title='bbox 1929 1996 2017 2050; x_wconf 87' lang='lat' dir='ltr'>nia</span> <span class='ocrx_word' id='word_1_316' title='bbox 2041 1998 2244 2065; x_wconf 92' lang='lat' dir='ltr'><strong>obibis,</strong></span> <span class='ocrx_word' id='word_1_317' title='bbox 2285 2002 2377 2056; x_wconf 91' lang='lat' dir='ltr'>ubi</span> <span class='ocrx_word' id='word_1_318' title='bbox 2412 2004 2532 2059; x_wconf 92' lang='lat' dir='ltr'><strong>sine</strong></span> <span class='ocrx_word' id='word_1_319' title='bbox 2579 2007 2882 2063; x_wconf 84' lang='lat' dir='ltr'><strong>ambitione</strong></span> <span class='ocrx_word' id='word_1_320' title='bbox 2933 2024 3044 2065; x_wconf 90' lang='lat' dir='ltr'>non</span> <span class='ocrx_word' id='word_1_321' title='bbox 3075 2013 3247 2067; x_wconf 88' lang='lat' dir='ltr'><strong>armis</strong></span> <span class='ocrx_word' id='word_1_322' title='bbox 3278 2013 3499 2083; x_wconf 72' lang='lat' dir='ltr'><strong>iniustis</strong></span> 
     </span>
    </p>
   </div>
   <div class='ocr_carea' id='block_1_45' title="bbox 1927 2116 3496 2195">
    <p class='ocr_par' dir='ltr' id='par_1_45' title="bbox 1927 2116 3496 2195">
     <span class='ocr_line' id='line_1_45' title="bbox 1927 2116 3496 2195; baseline 0.006 -25"><span class='ocrx_word' id='word_1_323' title='bbox 1927 2125 2154 2182; x_wconf 76' lang='lat' dir='ltr'><strong>pugnas,</strong></span> <span class='ocrx_word' id='word_1_324' title='bbox 2191 2116 2287 2170; x_wconf 87' lang='lat' dir='ltr'>sed</span> <span class='ocrx_word' id='word_1_325' title='bbox 2346 2118 2503 2187; x_wconf 86' lang='lat' dir='ltr'><strong>prius</strong></span> <span class='ocrx_word' id='word_1_326' title='bbox 2542 2119 2744 2191; x_wconf 86' lang='lat' dir='ltr'><strong>injusta</strong></span> <span class='ocrx_word' id='word_1_327' title='bbox 2783 2139 2980 2192; x_wconf 86' lang='lat' dir='ltr'><strong>passus</strong></span> <span class='ocrx_word' id='word_1_328' title='bbox 3029 2141 3129 2195; x_wconf 91' lang='lat' dir='ltr'>pro</span> <span class='ocrx_word' id='word_1_329' title='bbox 3164 2128 3496 2183; x_wconf 80' lang='lat' dir='ltr'><strong>necessitate</strong></span> 
     </span>
    </p>
   </div>
   <div class='ocr_carea' id='block_1_46' title="bbox 1925 2228 3493 2308">
    <p class='ocr_par' dir='ltr' id='par_1_46' title="bbox 1925 2228 3493 2308">
     <span class='ocr_line' id='line_1_46' title="bbox 1925 2228 3493 2308; baseline 0.013 -27"><span class='ocrx_word' id='word_1_330' title='bbox 1925 2228 2091 2285; x_wconf 77' lang='lat' dir='ltr'><strong>rebus</strong></span> <span class='ocrx_word' id='word_1_331' title='bbox 2128 2231 2359 2288; x_wconf 82' lang='lat' dir='ltr'><strong>inservis</strong></span> <span class='ocrx_word' id='word_1_332' title='bbox 2388 2244 2445 2290; x_wconf 91' lang='lat' dir='ltr'>et</span> <span class='ocrx_word' id='word_1_333' title='bbox 2475 2252 2572 2292; x_wconf 87' lang='lat' dir='ltr'>eos</span> <span class='ocrx_word' id='word_1_334' title='bbox 2599 2239 2691 2306; x_wconf 89' lang='lat' dir='ltr'>qui</span> <span class='ocrx_word' id='word_1_335' title='bbox 2731 2242 3066 2308; x_wconf 65' lang='lat' dir='ltr'><strong>superstites</strong></span> <span class='ocrx_word' id='word_1_336' title='bbox 3102 2252 3233 2296; x_wconf 87' lang='lat' dir='ltr'><strong>sunt</strong></span> <span class='ocrx_word' id='word_1_337' title='bbox 3276 2244 3449 2298; x_wconf 86' lang='lat' dir='ltr'><strong>tueris</strong></span> <span class='ocrx_word' id='word_1_338' title='bbox 3479 2262 3493 2302; x_wconf 89' lang='lat'><strong>:</strong></span> 
     </span>
    </p>
   </div>
   <div class='ocr_carea' id='block_1_47' title="bbox 1926 2344 3494 2421">
    <p class='ocr_par' dir='ltr' id='par_1_47' title="bbox 1926 2344 3494 2421">
     <span class='ocr_line' id='line_1_47' title="bbox 1926 2344 3494 2421; baseline 0.007 -24"><span class='ocrx_word' id='word_1_339' title='bbox 1926 2344 2018 2398; x_wconf 91' lang='lat' dir='ltr'>ubi</span> <span class='ocrx_word' id='word_1_340' title='bbox 2052 2347 2119 2399; x_wconf 86' lang='lat' dir='ltr'>ad</span> <span class='ocrx_word' id='word_1_341' title='bbox 2150 2346 2278 2402; x_wconf 88' lang='lat' dir='ltr'><strong>lites</strong></span> <span class='ocrx_word' id='word_1_342' title='bbox 2310 2359 2367 2403; x_wconf 88' lang='lat' dir='ltr'>et</span> <span class='ocrx_word' id='word_1_343' title='bbox 2409 2349 2637 2406; x_wconf 84' lang='lat' dir='ltr'><strong>dissidia</strong></span> <span class='ocrx_word' id='word_1_344' title='bbox 2677 2354 2931 2409; x_wconf 86' lang='lat' dir='ltr'><strong>evitanda</strong></span> <span class='ocrx_word' id='word_1_345' title='bbox 2966 2354 3173 2421; x_wconf 74' lang='lat' dir='ltr'><strong>verbis,</strong></span> <span class='ocrx_word' id='word_1_346' title='bbox 3227 2371 3337 2410; x_wconf 91' lang='lat' dir='ltr'>non</span> <span class='ocrx_word' id='word_1_347' title='bbox 3371 2357 3494 2410; x_wconf 73' lang='lat' dir='ltr'><strong>telis</strong></span> 
     </span>
    </p>
   </div>
   <div class='ocr_carea' id='block_1_48' title="bbox 1923 2464 3494 2535">
    <p class='ocr_par' dir='ltr' id='par_1_48' title="bbox 1923 2464 3494 2535">
     <span class='ocr_line' id='line_1_48' title="bbox 1923 2464 3494 2535; baseline 0.009 -23"><span class='ocrx_word' id='word_1_348' title='bbox 1923 2474 2110 2528; x_wconf 89' lang='lat' dir='ltr'><strong>pacem</strong></span> <span class='ocrx_word' id='word_1_349' title='bbox 2124 2464 2407 2520; x_wconf 82' lang='lat' dir='ltr'><strong>concilias.</strong></span> <span class='ocrx_word' id='word_1_350' title='bbox 2428 2466 2716 2535; x_wconf 86' lang='lat' dir='ltr'><strong>Nunquam</strong></span> <span class='ocrx_word' id='word_1_351' title='bbox 2743 2470 2891 2524; x_wconf 92' lang='lat' dir='ltr'><strong>enim</strong></span> <span class='ocrx_word' id='word_1_352' title='bbox 2915 2471 3054 2526; x_wconf 90' lang='lat' dir='ltr'><strong>bella</strong></span> <span class='ocrx_word' id='word_1_353' title='bbox 3077 2472 3221 2527; x_wconf 85' lang='lat' dir='ltr'><strong>inter</strong></span> <span class='ocrx_word' id='word_1_354' title='bbox 3239 2471 3494 2526; x_wconf 73' lang='lat' dir='ltr'><strong>homines</strong></span> 
     </span>
    </p>
   </div>
   <div class='ocr_carea' id='block_1_49' title="bbox 1919 2572 3488 2649">
    <p class='ocr_par' dir='ltr' id='par_1_49' title="bbox 1919 2572 3488 2649">
     <span class='ocr_line' id='line_1_49' title="bbox 1919 2572 3488 2649; baseline 0.009 -23"><span class='ocrx_word' id='word_1_355' title='bbox 1919 2572 1987 2627; x_wconf 76' lang='lat' dir='ltr'>ad</span> <span class='ocrx_word' id='word_1_356' title='bbox 2021 2573 2451 2633; x_wconf 82' lang='lat' dir='ltr'><strong>internecionem</strong></span> <span class='ocrx_word' id='word_1_357' title='bbox 2473 2579 2587 2634; x_wconf 83' lang='lat' dir='ltr'><strong>ﬂeri</strong></span> <span class='ocrx_word' id='word_1_358' title='bbox 2610 2582 3028 2649; x_wconf 76' lang='lat' dir='ltr'><strong>debuissent,et</strong></span> <span class='ocrx_word' id='word_1_359' title='bbox 3057 2586 3148 2641; x_wconf 92' lang='lat' dir='ltr'>ubl</span> <span class='ocrx_word' id='word_1_360' title='bbox 3169 2588 3488 2641; x_wconf 77' lang='lat' dir='ltr'><strong>eorumilcm</strong></span> 
     </span>
    </p>
   </div>
   <div class='ocr_carea' id='block_1_50' title="bbox 1919 2694 3490 2769">
    <p class='ocr_par' dir='ltr' id='par_1_50' title="bbox 1919 2694 3490 2769">
     <span class='ocr_line' id='line_1_50' title="bbox 1919 2694 3490 2769; baseline 0.009 -26"><span class='ocrx_word' id='word_1_361' title='bbox 1919 2704 2100 2746; x_wconf 65' lang='lat' dir='ltr'><strong>causa</strong></span> <span class='ocrx_word' id='word_1_362' title='bbox 2124 2694 2486 2761; x_wconf 74' lang='lat' dir='ltr'><strong>assistebant,</strong></span> <span class='ocrx_word' id='word_1_363' title='bbox 2515 2714 2793 2769; x_wconf 88' lang='lat' dir='ltr'><strong>nunquam</strong></span> <span class='ocrx_word' id='word_1_364' title='bbox 2826 2700 3083 2757; x_wconf 87' lang='lat' dir='ltr'><strong>diuturna</strong></span> <span class='ocrx_word' id='word_1_365' title='bbox 3113 2718 3235 2758; x_wconf 90' lang='lat' dir='ltr'><strong>esse</strong></span> <span class='ocrx_word' id='word_1_366' title='bbox 3260 2703 3490 2759; x_wconf 85' lang='lat' dir='ltr'><strong>decebat</strong></span> 
     </span>
    </p>
   </div>
   <div class='ocr_carea' id='block_1_51' title="bbox 1920 2804 3487 2883">
    <p class='ocr_par' dir='ltr' id='par_1_51' title="bbox 1920 2804 3487 2883">
     <span class='ocr_line' id='line_1_51' title="bbox 1920 2804 3487 2883; baseline 0.008 -25"><span class='ocrx_word' id='word_1_367' title='bbox 1920 2816 1981 2859; x_wconf 86' lang='lat' dir='ltr'>ut</span> <span class='ocrx_word' id='word_1_368' title='bbox 2013 2804 2259 2863; x_wconf 73' lang='lat' dir='ltr'><strong>avaritia:</strong></span> <span class='ocrx_word' id='word_1_369' title='bbox 2283 2818 2341 2863; x_wconf 93' lang='lat' dir='ltr'>et</span> <span class='ocrx_word' id='word_1_370' title='bbox 2372 2811 2731 2882; x_wconf 75' lang='lat' dir='ltr'><strong>malignitatis</strong></span> <span class='ocrx_word' id='word_1_371' title='bbox 2774 2816 3162 2872; x_wconf 86' lang='lat' dir='ltr'><strong>instrumenta.</strong></span> <span class='ocrx_word' id='word_1_372' title='bbox 3201 2817 3304 2883; x_wconf 85' lang='lat' dir='ltr'><strong>Qui</strong></span> <span class='ocrx_word' id='word_1_373' title='bbox 3336 2819 3487 2873; x_wconf 82' lang='lat' dir='ltr'><strong>enim</strong></span> 
     </span>
    </p>
   </div>
   <div class='ocr_carea' id='block_1_52' title="bbox 1916 2924 3486 3001">
    <p class='ocr_par' dir='ltr' id='par_1_52' title="bbox 1916 2924 3486 3001">
     <span class='ocr_line' id='line_1_52' title="bbox 1916 2924 3486 3001; baseline 0.008 -27"><span class='ocrx_word' id='word_1_374' title='bbox 1916 2931 2113 2977; x_wconf 85' lang='lat' dir='ltr'><strong>natura</strong></span> <span class='ocrx_word' id='word_1_375' title='bbox 2131 2924 2320 2979; x_wconf 89' lang='lat' dir='ltr'><strong>eadem</strong></span> <span class='ocrx_word' id='word_1_376' title='bbox 2344 2929 2588 2983; x_wconf 85' lang='lat' dir='ltr'><strong>sentiunt</strong></span> <span class='ocrx_word' id='word_1_377' title='bbox 2621 2945 2684 2984; x_wconf 86' lang='lat' dir='ltr'>ac</span> <span class='ocrx_word' id='word_1_378' title='bbox 2709 2942 2908 2986; x_wconf 87' lang='lat' dir='ltr'><strong>curant</strong></span> <span class='ocrx_word' id='word_1_379' title='bbox 2941 2941 2998 2987; x_wconf 85' lang='lat' dir='ltr'>et</span> <span class='ocrx_word' id='word_1_380' title='bbox 3031 2935 3392 3001; x_wconf 85' lang='lat' dir='ltr'><strong>meditantur,</strong></span> <span class='ocrx_word' id='word_1_381' title='bbox 3416 2940 3486 2987; x_wconf 86' lang='lat' dir='ltr'>ah</span> 
     </span>
    </p>
   </div>
   <div class='ocr_carea' id='block_1_53' title="bbox 1920 3034 3486 3118">
    <p class='ocr_par' dir='ltr' id='par_1_53' title="bbox 1920 3034 3486 3118">
     <span class='ocr_line' id='line_1_53' title="bbox 1920 3034 3486 3118; baseline 0.01 -33"><span class='ocrx_word' id='word_1_382' title='bbox 1920 3034 2152 3090; x_wconf 85' lang='lat' dir='ltr'><strong>avaritia</strong></span> <span class='ocrx_word' id='word_1_383' title='bbox 2181 3037 2340 3108; x_wconf 82' lang='lat' dir='ltr'><strong>longe</strong></span> <span class='ocrx_word' id='word_1_384' title='bbox 2372 3043 2567 3095; x_wconf 71' lang='lat' dir='ltr'><strong>remoti</strong></span> <span class='ocrx_word' id='word_1_385' title='bbox 2591 3058 2711 3097; x_wconf 83' lang='lat' dir='ltr'><strong>esse</strong></span> <span class='ocrx_word' id='word_1_386' title='bbox 2729 3044 2936 3099; x_wconf 88' lang='lat' dir='ltr'><strong>debent</strong></span> <span class='ocrx_word' id='word_1_387' title='bbox 2962 3057 3018 3101; x_wconf 90' lang='lat' dir='ltr'>et</span> <span class='ocrx_word' id='word_1_388' title='bbox 3047 3047 3115 3101; x_wconf 86' lang='lat' dir='ltr'>ad</span> <span class='ocrx_word' id='word_1_389' title='bbox 3146 3064 3209 3103; x_wconf 89' lang='lat' dir='ltr'>ea</span> <span class='ocrx_word' id='word_1_390' title='bbox 3239 3049 3486 3118; x_wconf 77' lang='lat' dir='ltr'><strong>aspirare</strong></span> 
     </span>
    </p>
   </div>
   <div class='ocr_carea' id='block_1_54' title="bbox 237 3150 1908 3267">
    <p class='ocr_par' dir='ltr' id='par_1_54' title="bbox 237 3164 1881 3267">
     <span class='ocr_line' id='line_1_54' title="bbox 237 3164 1881 3267; baseline 0.005 -51"><span class='ocrx_word' id='word_1_391' title='bbox 237 3165 335 3217; x_wconf 67' lang='grc' dir='ltr'>καὶ</span> <span class='ocrx_word' id='word_1_392' title='bbox 375 3164 549 3216; x_wconf 68' lang='grc' dir='ltr'>ταυτα</span> <span class='ocrx_word' id='word_1_393' title='bbox 569 3164 657 3218; x_wconf 69' lang='grc' dir='ltr'>διὰ</span> <span class='ocrx_word' id='word_1_394' title='bbox 680 3164 897 3217; x_wconf 87' lang='grc' dir='ltr'>πάντων</span> <span class='ocrx_word' id='word_1_395' title='bbox 919 3169 1159 3235; x_wconf 84' lang='grc' dir='ltr'>φρονεῖν,</span> <span class='ocrx_word' id='word_1_396' title='bbox 1203 3168 1307 3221; x_wconf 86' lang='grc' dir='ltr'>ὑπὸ</span> <span class='ocrx_word' id='word_1_397' title='bbox 1329 3170 1385 3221; x_wconf 80' lang='grc' dir='ltr'>δὲ</span> <span class='ocrx_word' id='word_1_398' title='bbox 1418 3170 1511 3223; x_wconf 84' lang='grc' dir='ltr'>τοῦ</span> <span class='ocrx_word' id='word_1_399' title='bbox 1542 3172 1809 3225; x_wconf 85' lang='grc' dir='ltr'>πλειόνων</span> <span class='ocrx_word' id='word_1_400' title='bbox 1836 3206 1881 3267; x_wconf 76' lang='lat' dir='ltr'>c</span> 
     </span>
    </p>
   </div>
   <div class='ocr_carea' id='block_1_55' title="bbox 1806 3150 3477 3267">
    <p class='ocr_par' dir='ltr' id='par_1_55' title="bbox 1806 3150 3477 3267">
     <span class='ocr_line' id='line_1_55' title="bbox 1806 3150 3477 3267; baseline 0.017 -71"><span class='ocrx_word' id='word_1_401' title='bbox 1806 3192 1809 3211; x_wconf 73' lang='grc'>,</span> <span class='ocrx_word' id='word_1_402' title='bbox 1836 3206 1881 3267; x_wconf 76' lang='lat' dir='ltr'>c</span> <span class='ocrx_word' id='word_1_403' title='bbox 1917 3162 2036 3216; x_wconf 70' lang='lat' dir='ltr'><strong>quae</strong></span> <span class='ocrx_word' id='word_1_404' title='bbox 2071 3150 2202 3217; x_wconf 85' lang='lat' dir='ltr'><strong>ipsis</strong></span> <span class='ocrx_word' id='word_1_405' title='bbox 2233 3156 2456 3210; x_wconf 76' lang='lat' dir='ltr'><strong>minime</strong></span> <span class='ocrx_word' id='word_1_406' title='bbox 2474 3163 2833 3225; x_wconf 86' lang='lat' dir='ltr'><strong>conveniunt,</strong></span> <span class='ocrx_word' id='word_1_407' title='bbox 2861 3173 2919 3218; x_wconf 92' lang='lat' dir='ltr'>ut</span> <span class='ocrx_word' id='word_1_408' title='bbox 2946 3181 3055 3221; x_wconf 92' lang='lat' dir='ltr'>uno</span> <span class='ocrx_word' id='word_1_409' title='bbox 3082 3167 3252 3223; x_wconf 84' lang='lat' dir='ltr'><strong>verbo</strong></span> <span class='ocrx_word' id='word_1_410' title='bbox 3275 3170 3477 3234; x_wconf 90' lang='lat' dir='ltr'><strong>dicam,</strong></span> 
     </span>
    </p>
   </div>
   <div class='ocr_carea' id='block_1_56' title="bbox 233 3254 1807 3330">
    <p class='ocr_par' dir='ltr' id='par_1_56' title="bbox 233 3254 1807 3330">
     <span class='ocr_line' id='line_1_56' title="bbox 233 3254 1807 3330; baseline 0.004 -24"><span class='ocrx_word' id='word_1_411' title='bbox 233 3254 529 3323; x_wconf 70' lang='grc' dir='ltr'>ἐπιθυμεῖν</span> <span class='ocrx_word' id='word_1_412' title='bbox 567 3256 662 3307; x_wconf 74' lang='grc' dir='ltr'>καὶ</span> <span class='ocrx_word' id='word_1_413' title='bbox 712 3256 926 3323; x_wconf 76' lang='grc' dir='ltr'>χαίρειν</span> <span class='ocrx_word' id='word_1_414' title='bbox 953 3256 1181 3319; x_wconf 76' lang='grc' dir='ltr'>ἐθέλειν,</span> <span class='ocrx_word' id='word_1_415' title='bbox 1214 3256 1295 3321; x_wconf 80' lang='grc' dir='ltr'>οἷς</span> <span class='ocrx_word' id='word_1_416' title='bbox 1338 3260 1543 3330; x_wconf 80' lang='grc' dir='ltr'>ἥκιστα</span> <span class='ocrx_word' id='word_1_417' title='bbox 1589 3263 1807 3315; x_wconf 85' lang='grc' dir='ltr'>πάντων</span> 
     </span>
    </p>
   </div>
   <div class='ocr_carea' id='block_1_57' title="bbox 232 3346 1805 3420">
    <p class='ocr_par' dir='ltr' id='par_1_57' title="bbox 232 3346 1805 3420">
     <span class='ocr_line' id='line_1_57' title="bbox 232 3346 1805 3420; baseline 0.005 -23"><span class='ocrx_word' id='word_1_418' title='bbox 232 3346 446 3417; x_wconf 77' lang='grc' dir='ltr'>χαίρειν</span> <span class='ocrx_word' id='word_1_419' title='bbox 503 3348 692 3417; x_wconf 76' lang='grc' dir='ltr'>ἐχρῆν,</span> <span class='ocrx_word' id='word_1_420' title='bbox 721 3349 893 3412; x_wconf 85' lang='grc' dir='ltr'>οῦτως</span> <span class='ocrx_word' id='word_1_421' title='bbox 930 3350 1075 3420; x_wconf 78' lang='grc' dir='ltr'>ἡμᾶς</span> <span class='ocrx_word' id='word_1_422' title='bbox 1129 3352 1329 3414; x_wconf 74' lang='grc' dir='ltr'>αὐτοὺς</span> <span class='ocrx_word' id='word_1_423' title='bbox 1379 3353 1686 3420; x_wconf 79' lang='grc' dir='ltr'>ἀγνοοῦσιν,</span> <span class='ocrx_word' id='word_1_424' title='bbox 1730 3355 1805 3417; x_wconf 79' lang='grc' dir='ltr'>ὡς</span> 
     </span>
    </p>
   </div>
   <div class='ocr_carea' id='block_1_58' title="bbox 232 3439 1805 3516">
    <p class='ocr_par' dir='ltr' id='par_1_58' title="bbox 232 3439 1805 3516">
     <span class='ocr_line' id='line_1_58' title="bbox 232 3439 1805 3516; baseline 0.004 -25"><span class='ocrx_word' id='word_1_425' title='bbox 232 3444 331 3492; x_wconf 82' lang='grc' dir='ltr'>καὶ</span> <span class='ocrx_word' id='word_1_426' title='bbox 386 3439 639 3508; x_wconf 75' lang='grc' dir='ltr'>πολεμεῖν</span> <span class='ocrx_word' id='word_1_427' title='bbox 678 3443 828 3509; x_wconf 82' lang='grc' dir='ltr'>παρά</span> <span class='ocrx_word' id='word_1_428' title='bbox 881 3443 1043 3509; x_wconf 76' lang='grc' dir='ltr'>φύσιν</span> <span class='ocrx_word' id='word_1_429' title='bbox 1082 3442 1331 3511; x_wconf 75' lang='grc' dir='ltr'>ἀλλήλοις</span> <span class='ocrx_word' id='word_1_430' title='bbox 1383 3445 1457 3506; x_wconf 85' lang='grc' dir='ltr'>ὼς</span> <span class='ocrx_word' id='word_1_431' title='bbox 1504 3447 1805 3516; x_wconf 81' lang='grc' dir='ltr'>ἀλλοτρίοις</span> 
     </span>
    </p>
   </div>
   <div class='ocr_carea' id='block_1_59' title="bbox 230 3532 1656 3601">
    <p class='ocr_par' dir='ltr' id='par_1_59' title="bbox 230 3532 1656 3601">
     <span class='ocr_line' id='line_1_59' title="bbox 230 3532 1656 3601; baseline 0.003 -18"><span class='ocrx_word' id='word_1_432' title='bbox 230 3532 553 3598; x_wconf 73' lang='grc' dir='ltr'>πειρᾶσθαι,</span> <span class='ocrx_word' id='word_1_433' title='bbox 583 3533 673 3584; x_wconf 79' lang='grc' dir='ltr'>καὶ</span> <span class='ocrx_word' id='word_1_434' title='bbox 700 3533 857 3584; x_wconf 82' lang='grc' dir='ltr'>τοῦτο</span> <span class='ocrx_word' id='word_1_435' title='bbox 884 3532 1077 3585; x_wconf 85' lang='grc' dir='ltr'>πολλοῦ</span> <span class='ocrx_word' id='word_1_436' title='bbox 1116 3551 1260 3597; x_wconf 89' lang='grc' dir='ltr'>τινος</span> <span class='ocrx_word' id='word_1_437' title='bbox 1288 3536 1463 3601; x_wconf 72' lang='grc' dir='ltr'>ἄγειν.</span> <span class='ocrx_word' id='word_1_438' title='bbox 1498 3534 1617 3590; x_wconf 75' lang='grc' dir='ltr'>Εἶεν</span> <span class='ocrx_word' id='word_1_439' title='bbox 1644 3556 1656 3566; x_wconf 93' lang='grc'><strong>·</strong></span> 
     </span>
    </p>
   </div>
   <div class='ocr_carea' id='block_1_60' title="bbox 304 3622 1801 3702">
    <p class='ocr_par' dir='ltr' id='par_1_60' title="bbox 304 3622 1801 3702">
     <span class='ocr_line' id='line_1_60' title="bbox 304 3622 1801 3702; baseline 0.009 -30"><span class='ocrx_word' id='word_1_440' title='bbox 304 3622 377 3689; x_wconf 69' lang='grc' dir='ltr'>η’,</span> <span class='ocrx_word' id='word_1_441' title='bbox 422 3625 492 3674; x_wconf 72' lang='grc' dir='ltr'>Συ</span> <span class='ocrx_word' id='word_1_442' title='bbox 521 3623 565 3673; x_wconf 79' lang='grc' dir='ltr'>δ’</span> <span class='ocrx_word' id='word_1_443' title='bbox 608 3625 656 3674; x_wconf 82' lang='grc' dir='ltr'>εἰ</span> <span class='ocrx_word' id='word_1_444' title='bbox 691 3625 791 3690; x_wconf 78' lang='grc' dir='ltr'>μὲν</span> <span class='ocrx_word' id='word_1_445' title='bbox 842 3626 1139 3679; x_wconf 82' lang='grc' dir='ltr'>ἀπολαύειν</span> <span class='ocrx_word' id='word_1_446' title='bbox 1186 3631 1411 3699; x_wconf 79' lang='grc' dir='ltr'>εἰρήνης</span> <span class='ocrx_word' id='word_1_447' title='bbox 1443 3632 1523 3685; x_wconf 76' lang='grc' dir='ltr'>ὅτι</span> <span class='ocrx_word' id='word_1_448' title='bbox 1567 3634 1801 3702; x_wconf 75' lang='grc' dir='ltr'>μάλιστα</span> 
     </span>
    </p>
   </div>
   <div class='ocr_carea' id='block_1_61' title="bbox 228 3716 1797 3793">
    <p class='ocr_par' dir='ltr' id='par_1_61' title="bbox 228 3716 1797 3793">
     <span class='ocr_line' id='line_1_61' title="bbox 228 3716 1797 3793; baseline 0.009 -27"><span class='ocrx_word' id='word_1_449' title='bbox 228 3716 434 3783; x_wconf 61' lang='grc' dir='ltr'>βούλει,</span> <span class='ocrx_word' id='word_1_450' title='bbox 480 3716 696 3784; x_wconf 80' lang='grc' dir='ltr'>ἀνάγκη</span> <span class='ocrx_word' id='word_1_451' title='bbox 734 3716 969 3785; x_wconf 80' lang='grc' dir='ltr'>μάλιστα</span> <span class='ocrx_word' id='word_1_452' title='bbox 1001 3719 1217 3773; x_wconf 72' lang='grc' dir='ltr'>πάντων</span> <span class='ocrx_word' id='word_1_453' title='bbox 1248 3724 1613 3793; x_wconf 78' lang='grc' dir='ltr'>φιλοπόλεμον</span> <span class='ocrx_word' id='word_1_454' title='bbox 1639 3723 1797 3788; x_wconf 82' lang='grc' dir='ltr'>εἶναι.</span> 
     </span>
    </p>
   </div>
   <div class='ocr_carea' id='block_1_62' title="bbox 225 3807 1799 3888">
    <p class='ocr_par' dir='ltr' id='par_1_62' title="bbox 225 3807 1799 3888">
     <span class='ocr_line' id='line_1_62' title="bbox 225 3807 1799 3888; baseline 0.009 -30"><span class='ocrx_word' id='word_1_455' title='bbox 225 3809 323 3858; x_wconf 80' lang='grc' dir='ltr'>καὶ</span> <span class='ocrx_word' id='word_1_456' title='bbox 360 3807 505 3858; x_wconf 73' lang='grc' dir='ltr'>οὕτω</span> <span class='ocrx_word' id='word_1_457' title='bbox 531 3824 614 3858; x_wconf 83' lang='grc' dir='ltr'>σοι</span> <span class='ocrx_word' id='word_1_458' title='bbox 639 3807 841 3874; x_wconf 84' lang='grc' dir='ltr'>ταύτης</span> <span class='ocrx_word' id='word_1_459' title='bbox 882 3810 1177 3863; x_wconf 78' lang='grc' dir='ltr'>ἀπολαύειν</span> <span class='ocrx_word' id='word_1_460' title='bbox 1218 3813 1432 3876; x_wconf 77' lang='grc' dir='ltr'>ἐξέσται</span> <span class='ocrx_word' id='word_1_461' title='bbox 1461 3830 1475 3843; x_wconf 90' lang='grc'><strong>·</strong></span> <span class='ocrx_word' id='word_1_462' title='bbox 1509 3818 1569 3869; x_wconf 89' lang='grc' dir='ltr'>τό</span> <span class='ocrx_word' id='word_1_463' title='bbox 1596 3835 1653 3870; x_wconf 87' lang='grc' dir='ltr'>τε</span> <span class='ocrx_word' id='word_1_464' title='bbox 1691 3821 1799 3888; x_wconf 83' lang='grc' dir='ltr'>γὰρ</span> 
     </span>
    </p>
   </div>
   <div class='ocr_carea' id='block_1_63' title="bbox 223 3899 1796 3977">
    <p class='ocr_par' dir='ltr' id='par_1_63' title="bbox 223 3899 1796 3977">
     <span class='ocr_line' id='line_1_63' title="bbox 223 3899 1796 3977; baseline 0.009 -29"><span class='ocrx_word' id='word_1_465' title='bbox 223 3901 528 3967; x_wconf 75' lang='grc' dir='ltr'>ἄπραγμον</span> <span class='ocrx_word' id='word_1_466' title='bbox 556 3899 617 3950; x_wconf 78' lang='grc' dir='ltr'>οὐ</span> <span class='ocrx_word' id='word_1_467' title='bbox 667 3899 920 3966; x_wconf 72' lang='grc' dir='ltr'>σώζεται,</span> <span class='ocrx_word' id='word_1_468' title='bbox 953 3905 1116 3970; x_wconf 74' lang='grc' dir='ltr'>φασὶν</span> <span class='ocrx_word' id='word_1_469' title='bbox 1149 3905 1198 3956; x_wconf 79' lang='grc' dir='ltr'>οἱ</span> <span class='ocrx_word' id='word_1_470' title='bbox 1234 3908 1408 3973; x_wconf 67' lang='grc' dir='ltr'>σοφοὶ,</span> <span class='ocrx_word' id='word_1_471' title='bbox 1444 3910 1517 3976; x_wconf 85' lang='grc' dir='ltr'>μὴ</span> <span class='ocrx_word' id='word_1_472' title='bbox 1544 3910 1682 3977; x_wconf 86' lang='grc' dir='ltr'>μετά</span> <span class='ocrx_word' id='word_1_473' title='bbox 1705 3911 1796 3962; x_wconf 91' lang='grc' dir='ltr'>τοῦ</span> 
     </span>
    </p>
   </div>
   <div class='ocr_carea' id='block_1_64' title="bbox 221 3992 1796 4071">
    <p class='ocr_par' dir='ltr' id='par_1_64' title="bbox 221 3992 1796 4071">
     <span class='ocr_line' id='line_1_64' title="bbox 221 3992 1796 4071; baseline 0.008 -29"><span class='ocrx_word' id='word_1_474' title='bbox 221 3992 560 4059; x_wconf 69' lang='grc' dir='ltr'>δραστηρίου</span> <span class='ocrx_word' id='word_1_475' title='bbox 607 3994 975 4059; x_wconf 59' lang='grc' dir='ltr'>τεταγμένον</span> <span class='ocrx_word' id='word_1_476' title='bbox 1009 3997 1234 4064; x_wconf 73' lang='grc' dir='ltr'>εἰρήνης</span> <span class='ocrx_word' id='word_1_477' title='bbox 1281 4015 1338 4048; x_wconf 86' lang='grc' dir='ltr'>τε</span> <span class='ocrx_word' id='word_1_478' title='bbox 1374 4000 1671 4053; x_wconf 79' lang='grc' dir='ltr'>ἀπολαύειν</span> <span class='ocrx_word' id='word_1_479' title='bbox 1698 4004 1796 4071; x_wconf 75' lang='grc' dir='ltr'>οὐχ</span> 
     </span>
    </p>
   </div>
   <div class='ocr_carea' id='block_1_65' title="bbox 220 4079 1795 4159">
    <p class='ocr_par' dir='ltr' id='par_1_65' title="bbox 220 4079 1795 4159">
     <span class='ocr_line' id='line_1_65' title="bbox 220 4079 1795 4159; baseline 0.006 -24"><span class='ocrx_word' id='word_1_480' title='bbox 220 4079 336 4135; x_wconf 77' lang='grc' dir='ltr'>οἷον</span> <span class='ocrx_word' id='word_1_481' title='bbox 365 4084 555 4153; x_wconf 55' lang='grc' dir='ltr'>τενμὴ</span> <span class='ocrx_word' id='word_1_482' title='bbox 606 4085 965 4153; x_wconf 70' lang='grc' dir='ltr'>φιλοπόλεμον</span> <span class='ocrx_word' id='word_1_483' title='bbox 996 4087 1121 4137; x_wconf 74' lang='grc' dir='ltr'>ὄντα</span> <span class='ocrx_word' id='word_1_484' title='bbox 1147 4102 1161 4114; x_wconf 86' lang='grc'><em>’</em></span> <span class='ocrx_word' id='word_1_485' title='bbox 1195 4087 1383 4157; x_wconf 73' lang='grc' dir='ltr'>ὥσπερ</span> <span class='ocrx_word' id='word_1_486' title='bbox 1410 4092 1530 4142; x_wconf 79' lang='grc' dir='ltr'>οὐδὲ</span> <span class='ocrx_word' id='word_1_487' title='bbox 1575 4094 1795 4159; x_wconf 80' lang='grc' dir='ltr'>φιλοπό-</span> 
     </span>
    </p>
   </div>
   <div class='ocr_carea' id='block_1_66' title="bbox 219 4176 1793 4255">
    <p class='ocr_par' dir='ltr' id='par_1_66' title="bbox 219 4176 1793 4255">
     <span class='ocr_line' id='line_1_66' title="bbox 219 4176 1793 4255; baseline 0.008 -31"><span class='ocrx_word' id='word_1_488' title='bbox 219 4178 391 4243; x_wconf 69' lang='grc' dir='ltr'>λεμον</span> <span class='ocrx_word' id='word_1_489' title='bbox 420 4176 570 4237; x_wconf 73' lang='grc' dir='ltr'>ὄντα,</span> <span class='ocrx_word' id='word_1_490' title='bbox 598 4178 828 4243; x_wconf 81' lang='grc' dir='ltr'>ταυτησὶ</span> <span class='ocrx_word' id='word_1_491' title='bbox 862 4178 934 4243; x_wconf 57' lang='grc' dir='ltr'>μὴ</span> <span class='ocrx_word' id='word_1_492' title='bbox 961 4180 1242 4244; x_wconf 74' lang='grc' dir='ltr'>μετέχεινο</span> <span class='ocrx_word' id='word_1_493' title='bbox 1278 4182 1522 4244; x_wconf 79' lang='grc' dir='ltr'>εἰκότως.</span> <span class='ocrx_word' id='word_1_494' title='bbox 1554 4184 1656 4236; x_wconf 69' lang='grc' dir='ltr'>Τὸν</span> <span class='ocrx_word' id='word_1_495' title='bbox 1687 4186 1793 4255; x_wconf 82' lang='grc' dir='ltr'>γὰρ</span> 
     </span>
    </p>
   </div>
   <div class='ocr_carea' id='block_1_67' title="bbox 221 4268 1793 4347">
    <p class='ocr_par' dir='ltr' id='par_1_67' title="bbox 221 4268 1793 4347">
     <span class='ocr_line' id='line_1_67' title="bbox 221 4268 1793 4347; baseline 0.003 -28"><span class='ocrx_word' id='word_1_496' title='bbox 221 4269 497 4335; x_wconf 72' lang='grc' dir='ltr'>μάχεσθαι</span> <span class='ocrx_word' id='word_1_497' title='bbox 568 4268 978 4337; x_wconf 78' lang='grc' dir='ltr'>μεμελετηκότα</span> <span class='ocrx_word' id='word_1_498' title='bbox 1024 4273 1118 4322; x_wconf 67' lang='grc' dir='ltr'>καὶ</span> <span class='ocrx_word' id='word_1_499' title='bbox 1175 4272 1432 4342; x_wconf 81' lang='grc' dir='ltr'>πολεμεῖν</span> <span class='ocrx_word' id='word_1_500' title='bbox 1479 4268 1793 4347; x_wconf 60' lang='grc' dir='ltr'>ἠσκημένρν</span> 
     </span>
    </p>
   </div>
   <div class='ocr_carea' id='block_1_68' title="bbox 218 4360 1792 4439">
    <p class='ocr_par' dir='ltr' id='par_1_68' title="bbox 218 4360 1792 4439">
     <span class='ocr_line' id='line_1_68' title="bbox 218 4360 1792 4439; baseline 0.008 -28"><span class='ocrx_word' id='word_1_501' title='bbox 218 4364 329 4421; x_wconf 76' lang='grc' dir='ltr'>πᾶς</span> <span class='ocrx_word' id='word_1_502' title='bbox 370 4360 617 4411; x_wconf 62' lang='grc' dir='ltr'>ὁστισοῦν</span> <span class='ocrx_word' id='word_1_503' title='bbox 662 4361 996 4429; x_wconf 71' lang='grc' dir='ltr'>ὑπέπτηχεν,</span> <span class='ocrx_word' id='word_1_504' title='bbox 1032 4360 1206 4431; x_wconf 83' lang='grc' dir='ltr'>οἶμαι.</span> <span class='ocrx_word' id='word_1_505' title='bbox 1252 4368 1461 4420; x_wconf 77' lang='grc' dir='ltr'>Οὐκοῦν</span> <span class='ocrx_word' id='word_1_506' title='bbox 1493 4374 1539 4421; x_wconf 79' lang='grc' dir='ltr'>εἰ</span> <span class='ocrx_word' id='word_1_507' title='bbox 1579 4372 1679 4439; x_wconf 85' lang='grc' dir='ltr'>μὲν</span> <span class='ocrx_word' id='word_1_508' title='bbox 1716 4376 1792 4424; x_wconf 89' lang='grc' dir='ltr'>εί-</span> 
     </span>
    </p>
   </div>
   <div class='ocr_carea' id='block_1_69' title="bbox 218 4452 1788 4528">
    <p class='ocr_par' dir='ltr' id='par_1_69' title="bbox 218 4452 1788 4528">
     <span class='ocr_line' id='line_1_69' title="bbox 218 4452 1788 4528; baseline 0.013 -31"><span class='ocrx_word' id='word_1_509' title='bbox 218 4460 396 4520; x_wconf 48' lang='lat' dir='ltr'><strong>prpe;</strong></span> <span class='ocrx_word' id='word_1_510' title='bbox 429 4453 704 4518; x_wconf 77' lang='grc' dir='ltr'>ἀντιποιῇ.</span> <span class='ocrx_word' id='word_1_511' title='bbox 732 4452 825 4502; x_wconf 84' lang='grc' dir='ltr'>καὶ</span> <span class='ocrx_word' id='word_1_512' title='bbox 853 4456 1106 4522; x_wconf 76' lang='grc' dir='ltr'>πολέμων</span> <span class='ocrx_word' id='word_1_513' title='bbox 1149 4458 1547 4513; x_wconf 72' lang='grc' dir='ltr'>ἀντιποιεῖσϐαι</span> <span class='ocrx_word' id='word_1_514' title='bbox 1582 4465 1788 4528; x_wconf 82' lang='grc' dir='ltr'>δίκαιος</span> 
     </span>
    </p>
   </div>
   <div class='ocr_carea' id='block_1_70' title="bbox 1914 3262 3479 3341">
    <p class='ocr_par' dir='ltr' id='par_1_70' title="bbox 1914 3262 3479 3341">
     <span class='ocr_line' id='line_1_70' title="bbox 1914 3262 3479 3341; baseline 0.017 -26"><span class='ocrx_word' id='word_1_515' title='bbox 1914 3262 2116 3317; x_wconf 82' lang='lat' dir='ltr'><strong>bellum</strong></span> <span class='ocrx_word' id='word_1_516' title='bbox 2152 3282 2260 3320; x_wconf 88' lang='lat' dir='ltr'>non</span> <span class='ocrx_word' id='word_1_517' title='bbox 2295 3271 2400 3323; x_wconf 88' lang='lat' dir='ltr'><strong>nisi</strong></span> <span class='ocrx_word' id='word_1_518' title='bbox 2436 3272 2489 3325; x_wconf 90' lang='lat' dir='ltr'>in</span> <span class='ocrx_word' id='word_1_519' title='bbox 2518 3282 2766 3330; x_wconf 78' lang='lat' dir='ltr'><strong>extremo</strong></span> <span class='ocrx_word' id='word_1_520' title='bbox 2795 3293 2981 3334; x_wconf 87' lang='lat' dir='ltr'><strong>rerqu</strong></span> <span class='ocrx_word' id='word_1_521' title='bbox 3014 3282 3338 3341; x_wconf 85' lang='lat' dir='ltr'><strong>discriminc</strong></span> <span class='ocrx_word' id='word_1_522' title='bbox 3391 3288 3479 3341; x_wconf 76' lang='lat' dir='ltr'><strong>in-</strong></span> 
     </span>
    </p>
   </div>
   <div class='ocr_carea' id='block_1_71' title="bbox 1910 3378 2376 3441">
    <p class='ocr_par' dir='ltr' id='par_1_71' title="bbox 1910 3378 2376 3441">
     <span class='ocr_line' id='line_1_71' title="bbox 1910 3378 2376 3441; baseline 0.017 -10"><span class='ocrx_word' id='word_1_523' title='bbox 1910 3378 2050 3435; x_wconf 81' lang='lat' dir='ltr'><strong>ferre</strong></span> <span class='ocrx_word' id='word_1_524' title='bbox 2082 3382 2376 3441; x_wconf 78' lang='lat' dir='ltr'><strong>debebunt.</strong></span> 
     </span>
    </p>
   </div>
   <div class='ocr_carea' id='block_1_72' title="bbox 1973 3633 3475 3721">
    <p class='ocr_par' dir='ltr' id='par_1_72' title="bbox 1973 3633 3475 3721">
     <span class='ocr_line' id='line_1_72' title="bbox 1973 3633 3475 3721; baseline 0.017 -35"><span class='ocrx_word' id='word_1_525' title='bbox 1973 3633 2024 3686; x_wconf 89' lang='lat'>8.</span> <span class='ocrx_word' id='word_1_526' title='bbox 2063 3636 2324 3702; x_wconf 85' lang='lat' dir='ltr'><strong>Quocirca</strong></span> <span class='ocrx_word' id='word_1_527' title='bbox 2374 3642 2417 3694; x_wconf 91' lang='lat' dir='ltr'>si</span> <span class='ocrx_word' id='word_1_528' title='bbox 2466 3656 2595 3709; x_wconf 87' lang='lat' dir='ltr'><strong>pace</strong></span> <span class='ocrx_word' id='word_1_529' title='bbox 2624 3644 2728 3699; x_wconf 81' lang='lat' dir='ltr'><strong>frui</strong></span> <span class='ocrx_word' id='word_1_530' title='bbox 2755 3648 2851 3702; x_wconf 88' lang='lat' dir='ltr'><strong>tibi</strong></span> <span class='ocrx_word' id='word_1_531' title='bbox 2896 3651 2950 3704; x_wconf 90' lang='lat' dir='ltr'><strong>in</strong></span> <span class='ocrx_word' id='word_1_532' title='bbox 2988 3654 3172 3709; x_wconf 91' lang='lat' dir='ltr'><strong>animo</strong></span> <span class='ocrx_word' id='word_1_533' title='bbox 3202 3666 3304 3721; x_wconf 87' lang='lat' dir='ltr'><strong>est,</strong></span> <span class='ocrx_word' id='word_1_534' title='bbox 3334 3659 3475 3713; x_wconf 65' lang='lat' dir='ltr'><strong>bell.)</strong></span> 
     </span>
    </p>
   </div>
   <div class='ocr_carea' id='block_1_73' title="bbox 1902 3753 3471 3830">
    <p class='ocr_par' dir='ltr' id='par_1_73' title="bbox 1902 3753 3471 3830">
     <span class='ocr_line' id='line_1_73' title="bbox 1902 3753 3471 3830; baseline 0.017 -29"><span class='ocrx_word' id='word_1_535' title='bbox 1902 3763 2125 3819; x_wconf 80' lang='lat' dir='ltr'><strong>Operam</strong></span> <span class='ocrx_word' id='word_1_536' title='bbox 2162 3753 2292 3808; x_wconf 86' lang='lat' dir='ltr'><strong>dare</strong></span> <span class='ocrx_word' id='word_1_537' title='bbox 2321 3756 2526 3825; x_wconf 86' lang='lat' dir='ltr'><strong>debes;</strong></span> <span class='ocrx_word' id='word_1_538' title='bbox 2560 3759 2640 3814; x_wconf 90' lang='lat' dir='ltr'>sic</span> <span class='ocrx_word' id='word_1_539' title='bbox 2669 3763 2815 3815; x_wconf 88' lang='lat' dir='ltr'><strong>enim</strong></span> <span class='ocrx_word' id='word_1_540' title='bbox 2851 3766 2951 3821; x_wconf 85' lang='lat' dir='ltr'><strong>ista</strong></span> <span class='ocrx_word' id='word_1_541' title='bbox 2984 3767 3091 3823; x_wconf 81' lang='lat' dir='ltr'><strong>frui</strong></span> <span class='ocrx_word' id='word_1_542' title='bbox 3139 3772 3344 3830; x_wconf 85' lang='lat' dir='ltr'><strong>licebit.</strong></span> <span class='ocrx_word' id='word_1_543' title='bbox 3381 3776 3471 3828; x_wconf 86' lang='lat' dir='ltr'><strong>ln-</strong></span> 
     </span>
    </p>
   </div>
   <div class='ocr_carea' id='block_1_74' title="bbox 1904 3863 3467 3957">
    <p class='ocr_par' dir='ltr' id='par_1_74' title="bbox 1904 3863 3467 3957">
     <span class='ocr_line' id='line_1_74' title="bbox 1904 3863 3467 3957; baseline 0.02 -42"><span class='ocrx_word' id='word_1_544' title='bbox 1904 3863 2141 3919; x_wconf 87' lang='lat' dir='ltr'><strong>dolentia</strong></span> <span class='ocrx_word' id='word_1_545' title='bbox 2162 3870 2331 3933; x_wconf 90' lang='lat' dir='ltr'><strong>enim,</strong></span> <span class='ocrx_word' id='word_1_546' title='bbox 2358 3880 2413 3924; x_wconf 90' lang='lat' dir='ltr'>ut</span> <span class='ocrx_word' id='word_1_547' title='bbox 2433 3874 2620 3928; x_wconf 82' lang='lat' dir='ltr'><strong>dicunt</strong></span> <span class='ocrx_word' id='word_1_548' title='bbox 2655 3877 3196 3950; x_wconf 84' lang='lat' dir='ltr'><strong>philosophi,parum</strong></span> <span class='ocrx_word' id='word_1_549' title='bbox 3224 3892 3467 3957; x_wconf 79' lang='lat' dir='ltr'><strong>prodest.</strong></span> 
     </span>
    </p>
   </div>
   <div class='ocr_carea' id='block_1_75' title="bbox 1899 3961 3462 4072">
    <p class='ocr_par' dir='ltr' id='par_1_75' title="bbox 1899 3977 3462 4072">
     <span class='ocr_line' id='line_1_75' title="bbox 1899 3977 3462 4072; baseline 0.021 -45"><span class='ocrx_word' id='word_1_550' title='bbox 1899 3977 2000 4029; x_wconf 90' lang='lat' dir='ltr'><strong>nisi</strong></span> <span class='ocrx_word' id='word_1_551' title='bbox 2021 3980 2183 4032; x_wconf 83' lang='lat' dir='ltr'><strong>simul</strong></span> <span class='ocrx_word' id='word_1_552' title='bbox 2211 3984 2474 4051; x_wconf 87' lang='lat' dir='ltr'><strong>operaris.</strong></span> <span class='ocrx_word' id='word_1_553' title='bbox 2499 3985 2554 4040; x_wconf 87' lang='lat' dir='ltr'><strong>Id</strong></span> <span class='ocrx_word' id='word_1_554' title='bbox 2572 4000 2719 4044; x_wconf 91' lang='lat' dir='ltr'><strong>certe</strong></span> <span class='ocrx_word' id='word_1_555' title='bbox 2745 4005 3125 4058; x_wconf 84' lang='lat' dir='ltr'><strong>constat,eum</strong></span> <span class='ocrx_word' id='word_1_556' title='bbox 3153 4004 3246 4070; x_wconf 88' lang='lat' dir='ltr'>qui</span> <span class='ocrx_word' id='word_1_557' title='bbox 3276 4020 3462 4072; x_wconf 84' lang='lat' dir='ltr'><strong>pacem</strong></span> 
     </span>
    </p>
   </div>
   <div class='ocr_carea' id='block_1_76' title="bbox 1898 4092 3468 4185">
    <p class='ocr_par' dir='ltr' id='par_1_76' title="bbox 1898 4092 3468 4185">
     <span class='ocr_line' id='line_1_76' title="bbox 1898 4092 3468 4185; baseline 0.022 -43"><span class='ocrx_word' id='word_1_558' title='bbox 1898 4092 2032 4155; x_wconf 75' lang='lat' dir='ltr'><strong>vult,</strong></span> <span class='ocrx_word' id='word_1_559' title='bbox 2054 4092 2254 4148; x_wconf 83' lang='lat' dir='ltr'><strong>bellum</strong></span> <span class='ocrx_word' id='word_1_560' title='bbox 2289 4100 2541 4167; x_wconf 87' lang='lat' dir='ltr'><strong>amplecti</strong></span> <span class='ocrx_word' id='word_1_561' title='bbox 2570 4103 2796 4170; x_wconf 78' lang='lat' dir='ltr'><strong>debere,</strong></span> <span class='ocrx_word' id='word_1_562' title='bbox 2826 4122 2879 4162; x_wconf 88' lang='lat' dir='ltr'>et</span> <span class='ocrx_word' id='word_1_563' title='bbox 2904 4115 3047 4180; x_wconf 86' lang='lat' dir='ltr'><strong>quod</strong></span> <span class='ocrx_word' id='word_1_564' title='bbox 3077 4115 3122 4169; x_wconf 93' lang='lat' dir='ltr'>is</span> <span class='ocrx_word' id='word_1_565' title='bbox 3140 4120 3232 4185; x_wconf 90' lang='lat' dir='ltr'>qui</span> <span class='ocrx_word' id='word_1_566' title='bbox 3265 4135 3293 4172; x_wconf 88' lang='lat' dir='ltr'>a</span> <span class='ocrx_word' id='word_1_567' title='bbox 3326 4122 3468 4177; x_wconf 67' lang='lat' dir='ltr'><strong>bello</strong></span> 
     </span>
    </p>
   </div>
   <div class='ocr_carea' id='block_1_77' title="bbox 1897 4211 3465 4301">
    <p class='ocr_par' dir='ltr' id='par_1_77' title="bbox 1897 4211 3465 4301">
     <span class='ocr_line' id='line_1_77' title="bbox 1897 4211 3465 4301; baseline 0.019 -42"><span class='ocrx_word' id='word_1_568' title='bbox 1897 4216 2006 4259; x_wconf 84' lang='lat' dir='ltr'><strong>stat</strong></span> <span class='ocrx_word' id='word_1_569' title='bbox 2049 4211 2197 4276; x_wconf 86' lang='lat' dir='ltr'><strong>pacis</strong></span> <span class='ocrx_word' id='word_1_570' title='bbox 2223 4213 2444 4269; x_wconf 88' lang='lat' dir='ltr'><strong>tandem</strong></span> <span class='ocrx_word' id='word_1_571' title='bbox 2471 4220 2760 4273; x_wconf 88' lang='lat' dir='ltr'><strong>commoda</strong></span> <span class='ocrx_word' id='word_1_572' title='bbox 2789 4237 3118 4293; x_wconf 85' lang='lat' dir='ltr'><strong>assequctur</strong></span> <span class='ocrx_word' id='word_1_573' title='bbox 3145 4249 3159 4296; x_wconf 87' lang='lat'><strong>;</strong></span> <span class='ocrx_word' id='word_1_574' title='bbox 3194 4248 3302 4301; x_wconf 89' lang='lat' dir='ltr'>quo</span> <span class='ocrx_word' id='word_1_575' title='bbox 3329 4237 3465 4289; x_wconf 84' lang='lat' dir='ltr'><strong>nihil</strong></span> 
     </span>
    </p>
   </div>
   <div class='ocr_carea' id='block_1_78' title="bbox 1896 4322 3463 4411">
    <p class='ocr_par' dir='ltr' id='par_1_78' title="bbox 1896 4322 3463 4411">
     <span class='ocr_line' id='line_1_78' title="bbox 1896 4322 3463 4411; baseline 0.021 -40"><span class='ocrx_word' id='word_1_576' title='bbox 1896 4322 2100 4375; x_wconf 82' lang='lat' dir='ltr'><strong>verius.</strong></span> <span class='ocrx_word' id='word_1_577' title='bbox 2135 4324 2216 4379; x_wconf 79' lang='lat' dir='ltr'>Me</span> <span class='ocrx_word' id='word_1_578' title='bbox 2246 4329 2468 4396; x_wconf 89' lang='lat' dir='ltr'><strong>quidem</strong></span> <span class='ocrx_word' id='word_1_579' title='bbox 2496 4333 2729 4399; x_wconf 84' lang='lat' dir='ltr'><strong>arbitro,</strong></span> <span class='ocrx_word' id='word_1_580' title='bbox 2764 4352 2889 4392; x_wconf 90' lang='lat' dir='ltr'>eum</span> <span class='ocrx_word' id='word_1_581' title='bbox 2927 4345 3022 4411; x_wconf 90' lang='lat' dir='ltr'>qui</span> <span class='ocrx_word' id='word_1_582' title='bbox 3051 4354 3223 4399; x_wconf 88' lang='lat' dir='ltr'><strong>artem</strong></span> <span class='ocrx_word' id='word_1_583' title='bbox 3259 4352 3463 4404; x_wconf 80' lang='lat' dir='ltr'><strong>milita-</strong></span> 
     </span>
    </p>
   </div>
   <div class='ocr_carea' id='block_1_79' title="bbox 1894 4432 3457 4519">
    <p class='ocr_par' dir='ltr' id='par_1_79' title="bbox 1894 4432 3457 4519">
     <span class='ocr_line' id='line_1_79' title="bbox 1894 4432 3457 4519; baseline 0.022 -41"><span class='ocrx_word' id='word_1_584' title='bbox 1894 4442 2005 4481; x_wconf 87' lang='lat' dir='ltr'>rem</span> <span class='ocrx_word' id='word_1_585' title='bbox 2043 4432 2206 4486; x_wconf 86' lang='lat' dir='ltr'><strong>callet</strong></span> <span class='ocrx_word' id='word_1_586' title='bbox 2245 4445 2300 4488; x_wconf 88' lang='lat' dir='ltr'>et</span> <span class='ocrx_word' id='word_1_587' title='bbox 2346 4450 2591 4505; x_wconf 82' lang='lat' dir='ltr'><strong>exercet,</strong></span> <span class='ocrx_word' id='word_1_588' title='bbox 2625 4458 2815 4497; x_wconf 61' lang='lat' dir='ltr'><strong>omnes</strong></span> <span class='ocrx_word' id='word_1_589' title='bbox 2853 4459 3126 4503; x_wconf 89' lang='lat' dir='ltr'><strong>metuunt.</strong></span> <span class='ocrx_word' id='word_1_590' title='bbox 3191 4456 3372 4519; x_wconf 71' lang='lat' dir='ltr'><strong>Quare,</strong></span> <span class='ocrx_word' id='word_1_591' title='bbox 3416 4461 3457 4512; x_wconf 72' lang='lat' dir='ltr'>si</span> 
     </span>
    </p>
   </div>
   <div class='ocr_carea' id='block_1_80' title="bbox 214 4539 1885 4631">
    <p class='ocr_par' dir='ltr' id='par_1_80' title="bbox 214 4539 1861 4621">
     <span class='ocr_line' id='line_1_80' title="bbox 214 4539 1861 4621; baseline 0.01 -27"><span class='ocrx_word' id='word_1_592' title='bbox 214 4539 266 4594; x_wconf 83' lang='grc' dir='ltr'>εἷ</span> <span class='ocrx_word' id='word_1_593' title='bbox 296 4560 305 4568; x_wconf 90' lang='grc'><strong>·</strong></span> <span class='ocrx_word' id='word_1_594' title='bbox 341 4548 393 4594; x_wconf 69' lang='grc' dir='ltr'>εἰ</span> <span class='ocrx_word' id='word_1_595' title='bbox 418 4543 475 4594; x_wconf 80' lang='grc' dir='ltr'>δὲ</span> <span class='ocrx_word' id='word_1_596' title='bbox 511 4544 603 4593; x_wconf 86' lang='grc' dir='ltr'>τοῦ</span> <span class='ocrx_word' id='word_1_597' title='bbox 637 4546 736 4611; x_wconf 82' lang='grc' dir='ltr'>μὲν</span> <span class='ocrx_word' id='word_1_598' title='bbox 763 4546 969 4598; x_wconf 80' lang='grc' dir='ltr'>ἐλάττω</span> <span class='ocrx_word' id='word_1_599' title='bbox 994 4546 1150 4614; x_wconf 74' lang='grc' dir='ltr'>λόγον</span> <span class='ocrx_word' id='word_1_600' title='bbox 1172 4555 1323 4621; x_wconf 73' lang='grc' dir='ltr'>ποιῇ,</span> <span class='ocrx_word' id='word_1_601' title='bbox 1356 4554 1451 4621; x_wconf 75' lang='grc' dir='ltr'>οὐχ</span> <span class='ocrx_word' id='word_1_602' title='bbox 1484 4556 1628 4614; x_wconf 80' lang='grc' dir='ltr'>ὅπως</span> <span class='ocrx_word' id='word_1_603' title='bbox 1656 4558 1787 4609; x_wconf 85' lang='grc' dir='ltr'>ταύ-</span> <span class='ocrx_word' id='word_1_604' title='bbox 1821 4564 1861 4617; x_wconf 91' lang='lat' dir='ltr'><strong>D</strong></span> 
     </span>
    </p>
   </div>
   <div class='ocr_carea' id='block_1_81' title="bbox 1783 4539 3454 4631">
    <p class='ocr_par' dir='ltr' id='par_1_81' title="bbox 1783 4543 3454 4631">
     <span class='ocr_line' id='line_1_81' title="bbox 1783 4543 3454 4631; baseline 0.021 -47"><span class='ocrx_word' id='word_1_605' title='bbox 1783 4589 1787 4596; x_wconf 87' lang='lat'><em>_</em></span> <span class='ocrx_word' id='word_1_606' title='bbox 1821 4564 1861 4617; x_wconf 73' lang='grc' dir='ltr'>ο</span> <span class='ocrx_word' id='word_1_607' title='bbox 1894 4550 2077 4603; x_wconf 78' lang='lat' dir='ltr'><strong>pacem</strong></span> <span class='ocrx_word' id='word_1_608' title='bbox 2104 4550 2335 4605; x_wconf 62' lang='lat' dir='ltr'><strong>spectas,</strong></span> <span class='ocrx_word' id='word_1_609' title='bbox 2367 4543 2501 4597; x_wconf 85' lang='lat' dir='ltr'><strong>bella</strong></span> <span class='ocrx_word' id='word_1_610' title='bbox 2520 4546 2757 4617; x_wconf 79' lang='lat' dir='ltr'><strong>eﬂ&#39;ugere</strong></span> <span class='ocrx_word' id='word_1_611' title='bbox 2774 4568 2882 4607; x_wconf 93' lang='lat' dir='ltr'>non</span> <span class='ocrx_word' id='word_1_612' title='bbox 2913 4560 3149 4625; x_wconf 89' lang='lat' dir='ltr'><strong>poteris;</strong></span> <span class='ocrx_word' id='word_1_613' title='bbox 3177 4578 3454 4631; x_wconf 83' lang='lat' dir='ltr'><strong>nunquam</strong></span> 
     </span>
    </p>
   </div>
   <div class='ocr_carea' id='block_1_82' title="bbox 210 4635 1785 4714">
    <p class='ocr_par' dir='ltr' id='par_1_82' title="bbox 210 4635 1785 4714">
     <span class='ocr_line' id='line_1_82' title="bbox 210 4635 1785 4714; baseline 0.01 -30"><span class='ocrx_word' id='word_1_614' title='bbox 210 4651 313 4699; x_wconf 82' lang='grc' dir='ltr'>της</span> <span class='ocrx_word' id='word_1_615' title='bbox 342 4635 741 4686; x_wconf 78' lang='grc' dir='ltr'>οῦὸοπωστιοῦν</span> <span class='ocrx_word' id='word_1_616' title='bbox 796 4638 1103 4709; x_wconf 62' lang='grc' dir='ltr'>ἀπολαύσῃ,</span> <span class='ocrx_word' id='word_1_617' title='bbox 1153 4640 1287 4694; x_wconf 63' lang='grc' dir='ltr'>ἀλλὰ</span> <span class='ocrx_word' id='word_1_618' title='bbox 1342 4647 1436 4697; x_wconf 79' lang='grc' dir='ltr'>καὶ</span> <span class='ocrx_word' id='word_1_619' title='bbox 1492 4646 1785 4714; x_wconf 78' lang='grc' dir='ltr'>πολεμίους</span> 
     </span>
    </p>
   </div>
   <div class='ocr_carea' id='block_1_83' title="bbox 206 4725 1784 4805">
    <p class='ocr_par' dir='ltr' id='par_1_83' title="bbox 206 4725 1784 4805">
     <span class='ocr_line' id='line_1_83' title="bbox 206 4725 1784 4805; baseline 0.01 -31"><span class='ocrx_word' id='word_1_620' title='bbox 206 4725 507 4785; x_wconf 73' lang='grc' dir='ltr'>τοσούτους</span> <span class='ocrx_word' id='word_1_621' title='bbox 537 4726 623 4777; x_wconf 78' lang='grc' dir='ltr'>διὰ</span> <span class='ocrx_word' id='word_1_622' title='bbox 654 4727 856 4796; x_wconf 83' lang='grc' dir='ltr'>ταύτην</span> <span class='ocrx_word' id='word_1_623' title='bbox 892 4735 1229 4804; x_wconf 70' lang='grc' dir='ltr'>προσκτήσῃ,</span> <span class='ocrx_word' id='word_1_624' title='bbox 1261 4734 1335 4795; x_wconf 82' lang='grc' dir='ltr'>ὡς</span> <span class='ocrx_word' id='word_1_625' title='bbox 1371 4737 1784 4805; x_wconf 76' lang='grc' dir='ltr'>ἀναγκασθῆναι</span> 
     </span>
    </p>
   </div>
   <div class='ocr_carea' id='block_1_84' title="bbox 208 4815 1786 4900">
    <p class='ocr_par' dir='ltr' id='par_1_84' title="bbox 208 4815 1786 4900">
     <span class='ocr_line' id='line_1_84' title="bbox 208 4815 1786 4900; baseline 0.011 -35"><span class='ocrx_word' id='word_1_626' title='bbox 208 4818 306 4865; x_wconf 69' lang='grc' dir='ltr'>καὶ</span> <span class='ocrx_word' id='word_1_627' title='bbox 334 4816 487 4866; x_wconf 77' lang='grc' dir='ltr'>ἄκων</span> <span class='ocrx_word' id='word_1_628' title='bbox 515 4816 875 4885; x_wconf 68' lang='grc' dir='ltr'>φιλοπόλεμος</span> <span class='ocrx_word' id='word_1_629' title='bbox 908 4815 1071 4883; x_wconf 82' lang='grc' dir='ltr'>εἶναι,</span> <span class='ocrx_word' id='word_1_630' title='bbox 1101 4825 1261 4892; x_wconf 81' lang='grc' dir='ltr'>εἴπερ</span> <span class='ocrx_word' id='word_1_631' title='bbox 1284 4827 1358 4886; x_wconf 82' lang='grc' dir='ltr'>ὡς</span> <span class='ocrx_word' id='word_1_632' title='bbox 1387 4828 1605 4895; x_wconf 79' lang='grc' dir='ltr'>ἀληθῶς</span> <span class='ocrx_word' id='word_1_633' title='bbox 1636 4834 1786 4900; x_wconf 83' lang='grc' dir='ltr'>εἰρή-</span> 
     </span>
    </p>
   </div>
   <div class='ocr_carea' id='block_1_85' title="bbox 206 4908 1781 4991">
    <p class='ocr_par' dir='ltr' id='par_1_85' title="bbox 206 4908 1781 4991">
     <span class='ocr_line' id='line_1_85' title="bbox 206 4908 1781 4991; baseline 0.012 -34"><span class='ocrx_word' id='word_1_634' title='bbox 206 4925 304 4973; x_wconf 73' lang='grc' dir='ltr'>νης</span> <span class='ocrx_word' id='word_1_635' title='bbox 337 4924 421 4958; x_wconf 78' lang='grc' dir='ltr'>σοι</span> <span class='ocrx_word' id='word_1_636' title='bbox 454 4908 627 4975; x_wconf 74' lang='grc' dir='ltr'>μέλει.</span> <span class='ocrx_word' id='word_1_637' title='bbox 669 4910 730 4960; x_wconf 82' lang='grc' dir='ltr'>Εἰ</span> <span class='ocrx_word' id='word_1_638' title='bbox 759 4911 803 4961; x_wconf 83' lang='grc' dir='ltr'>δ’</span> <span class='ocrx_word' id='word_1_639' title='bbox 839 4914 901 4961; x_wconf 78' lang='grc' dir='ltr'>ἐκ</span> <span class='ocrx_word' id='word_1_640' title='bbox 934 4914 1032 4980; x_wconf 82' lang='grc' dir='ltr'>μὲν</span> <span class='ocrx_word' id='word_1_641' title='bbox 1063 4915 1157 4966; x_wconf 79' lang='grc' dir='ltr'>τοῦ</span> <span class='ocrx_word' id='word_1_642' title='bbox 1187 4918 1283 4984; x_wconf 80' lang='grc' dir='ltr'>τῆς</span> <span class='ocrx_word' id='word_1_643' title='bbox 1311 4919 1533 4989; x_wconf 75' lang='grc' dir='ltr'>εἰρήνης</span> <span class='ocrx_word' id='word_1_644' title='bbox 1564 4922 1781 4991; x_wconf 72' lang='grc' dir='ltr'>ἔχεσθαι</span> 
     </span>
    </p>
   </div>
   <div class='ocr_carea' id='block_1_86' title="bbox 208 4999 1782 5080">
    <p class='ocr_par' dir='ltr' id='par_1_86' title="bbox 208 4999 1782 5080">
     <span class='ocr_line' id='line_1_86' title="bbox 208 4999 1782 5080; baseline 0.014 -37"><span class='ocrx_word' id='word_1_645' title='bbox 208 5004 404 5063; x_wconf 72' lang='grc' dir='ltr'>μόνης,</span> <span class='ocrx_word' id='word_1_646' title='bbox 446 4999 801 5064; x_wconf 65' lang='grc' dir='ltr'>πολεμεῖσθαι</span> <span class='ocrx_word' id='word_1_647' title='bbox 840 5002 1149 5069; x_wconf 70' lang='grc' dir='ltr'>συμϐαίνει,</span> <span class='ocrx_word' id='word_1_648' title='bbox 1186 5006 1246 5055; x_wconf 89' lang='grc' dir='ltr'>τὸ</span> <span class='ocrx_word' id='word_1_649' title='bbox 1275 5007 1329 5057; x_wconf 75' lang='grc' dir='ltr'>δὲ</span> <span class='ocrx_word' id='word_1_650' title='bbox 1379 5011 1511 5077; x_wconf 76' lang='grc' dir='ltr'>πρὸ;</span> <span class='ocrx_word' id='word_1_651' title='bbox 1547 5011 1644 5073; x_wconf 77' lang='grc' dir='ltr'>τὰς</span> <span class='ocrx_word' id='word_1_652' title='bbox 1674 5014 1782 5080; x_wconf 82' lang='grc' dir='ltr'>μά-</span> 
     </span>
    </p>
   </div>
   <div class='ocr_carea' id='block_1_87' title="bbox 204 5085 1776 5168">
    <p class='ocr_par' dir='ltr' id='par_1_87' title="bbox 204 5085 1776 5168">
     <span class='ocr_line' id='line_1_87' title="bbox 204 5085 1776 5168; baseline 0.013 -32"><span class='ocrx_word' id='word_1_653' title='bbox 204 5106 305 5155; x_wconf 77' lang='grc' dir='ltr'>χας</span> <span class='ocrx_word' id='word_1_654' title='bbox 353 5092 572 5155; x_wconf 68' lang='grc' dir='ltr'>ἑτοιμον</span> <span class='ocrx_word' id='word_1_655' title='bbox 606 5085 743 5141; x_wconf 77' lang='grc' dir='ltr'>εἶναι</span> <span class='ocrx_word' id='word_1_656' title='bbox 800 5094 889 5143; x_wconf 80' lang='grc' dir='ltr'>καὶ</span> <span class='ocrx_word' id='word_1_657' title='bbox 936 5100 1380 5163; x_wconf 71' lang='grc' dir='ltr'>παρεσκευάσθαι</span> <span class='ocrx_word' id='word_1_658' title='bbox 1435 5106 1549 5164; x_wconf 84' lang='grc' dir='ltr'>τοῖς</span> <span class='ocrx_word' id='word_1_659' title='bbox 1596 5105 1776 5168; x_wconf 83' lang='grc' dir='ltr'>ὅπλοις</span> 
     </span>
    </p>
   </div>
   <div class='ocr_carea' id='block_1_88' title="bbox 202 5180 1777 5260">
    <p class='ocr_par' dir='ltr' id='par_1_88' title="bbox 202 5180 1777 5260">
     <span class='ocr_line' id='line_1_88' title="bbox 202 5180 1777 5260; baseline 0.014 -33"><span class='ocrx_word' id='word_1_660' title='bbox 202 5184 436 5247; x_wconf 76' lang='grc' dir='ltr'>χορηγεῖ</span> <span class='ocrx_word' id='word_1_661' title='bbox 466 5181 567 5249; x_wconf 77' lang='grc' dir='ltr'>τὴν</span> <span class='ocrx_word' id='word_1_662' title='bbox 606 5183 854 5251; x_wconf 76' lang='grc' dir='ltr'>εἰρήνην,</span> <span class='ocrx_word' id='word_1_663' title='bbox 891 5180 955 5253; x_wconf 80' lang='grc' dir='ltr'>ἧς</span> <span class='ocrx_word' id='word_1_664' title='bbox 992 5189 1144 5240; x_wconf 71' lang='grc' dir='ltr'>οὐδὲν</span> <span class='ocrx_word' id='word_1_665' title='bbox 1182 5193 1290 5251; x_wconf 86' lang='grc' dir='ltr'>τοῖς</span> <span class='ocrx_word' id='word_1_666' title='bbox 1332 5194 1596 5260; x_wconf 87' lang='grc' dir='ltr'>κρατοῦσι</span> <span class='ocrx_word' id='word_1_667' title='bbox 1626 5198 1777 5249; x_wconf 83' lang='grc' dir='ltr'>λυσι·</span> 
     </span>
    </p>
   </div>
   <div class='ocr_carea' id='block_1_89' title="bbox 200 5273 1776 5358">
    <p class='ocr_par' dir='ltr' id='par_1_89' title="bbox 200 5273 1776 5358">
     <span class='ocr_line' id='line_1_89' title="bbox 200 5273 1776 5358; baseline 0.01 -35"><span class='ocrx_word' id='word_1_668' title='bbox 200 5273 549 5338; x_wconf 80' lang='grc' dir='ltr'>τελέστερον,</span> <span class='ocrx_word' id='word_1_669' title='bbox 589 5273 710 5326; x_wconf 77' lang='grc' dir='ltr'>ἑλοῦ</span> <span class='ocrx_word' id='word_1_670' title='bbox 749 5278 951 5342; x_wconf 80' lang='grc' dir='ltr'>μᾶλλον</span> <span class='ocrx_word' id='word_1_671' title='bbox 984 5279 1123 5350; x_wconf 79' lang='grc' dir='ltr'>ὑπὲρ</span> <span class='ocrx_word' id='word_1_672' title='bbox 1164 5282 1264 5349; x_wconf 86' lang='grc' dir='ltr'>τῆς</span> <span class='ocrx_word' id='word_1_673' title='bbox 1298 5285 1513 5337; x_wconf 84' lang='grc' dir='ltr'>ἐσάπαν</span> <span class='ocrx_word' id='word_1_674' title='bbox 1546 5289 1776 5358; x_wconf 81' lang='grc' dir='ltr'>εἰρήνης</span> 
     </span>
    </p>
   </div>
   <div class='ocr_carea' id='block_1_90' title="bbox 201 5361 1773 5449">
    <p class='ocr_par' dir='ltr' id='par_1_90' title="bbox 201 5361 1773 5449">
     <span class='ocr_line' id='line_1_90' title="bbox 201 5361 1773 5449; baseline 0.012 -37"><span class='ocrx_word' id='word_1_675' title='bbox 201 5362 566 5431; x_wconf 70' lang='grc' dir='ltr'>φιλοπόλεμος</span> <span class='ocrx_word' id='word_1_676' title='bbox 600 5361 764 5428; x_wconf 85' lang='grc' dir='ltr'>εἶναι,</span> <span class='ocrx_word' id='word_1_677' title='bbox 816 5368 848 5436; x_wconf 82' lang='grc' dir='ltr'>ἢ</span> <span class='ocrx_word' id='word_1_678' title='bbox 881 5374 1110 5438; x_wconf 80' lang='grc' dir='ltr'>ταυτηνὶ</span> <span class='ocrx_word' id='word_1_679' title='bbox 1158 5374 1329 5442; x_wconf 81' lang='grc' dir='ltr'>μόνην</span> <span class='ocrx_word' id='word_1_680' title='bbox 1359 5374 1592 5441; x_wconf 82' lang='grc' dir='ltr'>διώκων,</span> <span class='ocrx_word' id='word_1_681' title='bbox 1636 5381 1773 5449; x_wconf 84' lang='grc' dir='ltr'>μήτε</span> 
     </span>
    </p>
   </div>
   <div class='ocr_carea' id='block_1_91' title="bbox 199 5454 1772 5538">
    <p class='ocr_par' dir='ltr' id='par_1_91' title="bbox 199 5454 1772 5538">
     <span class='ocr_line' id='line_1_91' title="bbox 199 5454 1772 5538; baseline 0.011 -33"><span class='ocrx_word' id='word_1_682' title='bbox 199 5454 407 5520; x_wconf 80' lang='grc' dir='ltr'>ταύτης</span> <span class='ocrx_word' id='word_1_683' title='bbox 465 5456 735 5524; x_wconf 81' lang='grc' dir='ltr'>μετέχειν,</span> <span class='ocrx_word' id='word_1_684' title='bbox 770 5459 865 5510; x_wconf 83' lang='grc' dir='ltr'>καὶ</span> <span class='ocrx_word' id='word_1_685' title='bbox 917 5462 1143 5527; x_wconf 78' lang='grc' dir='ltr'>προσέτι</span> <span class='ocrx_word' id='word_1_686' title='bbox 1196 5466 1476 5533; x_wconf 81' lang='grc' dir='ltr'>πράγματ’</span> <span class='ocrx_word' id='word_1_687' title='bbox 1513 5468 1661 5538; x_wconf 76' lang='grc' dir='ltr'>ἔχειν</span> <span class='ocrx_word' id='word_1_688' title='bbox 1707 5474 1772 5522; x_wconf 85' lang='grc' dir='ltr'>ἐκ</span> 
     </span>
    </p>
   </div>
   <div class='ocr_carea' id='block_1_92' title="bbox 197 5544 1771 5625">
    <p class='ocr_par' dir='ltr' id='par_1_92' title="bbox 197 5544 1771 5625">
     <span class='ocr_line' id='line_1_92' title="bbox 197 5544 1771 5625; baseline 0.013 -32"><span class='ocrx_word' id='word_1_689' title='bbox 197 5544 500 5611; x_wconf 73' lang='grc' dir='ltr'>πολεμίων.</span> <span class='ocrx_word' id='word_1_690' title='bbox 574 5547 728 5600; x_wconf 79' lang='grc' dir='ltr'>Ἐπεὶ</span> <span class='ocrx_word' id='word_1_691' title='bbox 786 5550 842 5601; x_wconf 77' lang='grc' dir='ltr'>δὲ</span> <span class='ocrx_word' id='word_1_692' title='bbox 896 5552 988 5603; x_wconf 79' lang='grc' dir='ltr'>τὸν</span> <span class='ocrx_word' id='word_1_693' title='bbox 1060 5553 1201 5605; x_wconf 75' lang='grc' dir='ltr'>οὕτω</span> <span class='ocrx_word' id='word_1_694' title='bbox 1254 5563 1771 5625; x_wconf 84' lang='grc' dir='ltr'>παρεσκευασμένον</span> 
     </span>
    </p>
   </div>
   <div class='ocr_carea' id='block_1_93' title="bbox 197 5635 1769 5718">
    <p class='ocr_par' dir='ltr' id='par_1_93' title="bbox 197 5635 1769 5718">
     <span class='ocr_line' id='line_1_93' title="bbox 197 5635 1769 5718; baseline 0.012 -33"><span class='ocrx_word' id='word_1_695' title='bbox 197 5635 419 5703; x_wconf 69' lang='grc' dir='ltr'>ἀνάγκη</span> <span class='ocrx_word' id='word_1_696' title='bbox 451 5638 605 5689; x_wconf 76' lang='grc' dir='ltr'>πᾶσα</span> <span class='ocrx_word' id='word_1_697' title='bbox 637 5639 733 5691; x_wconf 82' lang='grc' dir='ltr'>καὶ</span> <span class='ocrx_word' id='word_1_698' title='bbox 765 5635 839 5694; x_wconf 84' lang='grc' dir='ltr'>ὧν</span> <span class='ocrx_word' id='word_1_699' title='bbox 881 5644 1314 5712; x_wconf 83' lang='grc' dir='ltr'>παρεσκεύαστο,</span> <span class='ocrx_word' id='word_1_700' title='bbox 1343 5647 1548 5699; x_wconf 84' lang='grc' dir='ltr'>τούτων</span> <span class='ocrx_word' id='word_1_701' title='bbox 1579 5654 1769 5718; x_wconf 82' lang='grc' dir='ltr'>πρότε-</span> 
     </span>
    </p>
   </div>
   <div class='ocr_carea' id='block_1_94' title="bbox 204 5729 1767 5811">
    <p class='ocr_par' dir='ltr' id='par_1_94' title="bbox 204 5729 1767 5811">
     <span class='ocr_line' id='line_1_94' title="bbox 204 5729 1767 5811; baseline 0.015 -37"><span class='ocrx_word' id='word_1_702' title='bbox 204 5742 294 5794; x_wconf 82' lang='grc' dir='ltr'>ρον</span> <span class='ocrx_word' id='word_1_703' title='bbox 348 5729 663 5798; x_wconf 70' lang='grc' dir='ltr'>ἐπιστήμην</span> <span class='ocrx_word' id='word_1_704' title='bbox 704 5733 1024 5800; x_wconf 84' lang='grc' dir='ltr'>κεκτῆσθαι,</span> <span class='ocrx_word' id='word_1_705' title='bbox 1084 5736 1144 5787; x_wconf 81' lang='grc' dir='ltr'>σὲ</span> <span class='ocrx_word' id='word_1_706' title='bbox 1195 5737 1240 5788; x_wconf 85' lang='grc' dir='ltr'>δ’</span> <span class='ocrx_word' id='word_1_707' title='bbox 1288 5735 1428 5791; x_wconf 82' lang='grc' dir='ltr'>εἶναι</span> <span class='ocrx_word' id='word_1_708' title='bbox 1478 5742 1767 5811; x_wconf 76' lang='grc' dir='ltr'>πολεμικὸν</span> 
     </span>
    </p>
   </div>
   <div class='ocr_carea' id='block_1_95' title="bbox 197 5819 1761 5901">
    <p class='ocr_par' dir='ltr' id='par_1_95' title="bbox 197 5819 1761 5901">
     <span class='ocr_line' id='line_1_95' title="bbox 197 5819 1761 5901; baseline 0.014 -35"><span class='ocrx_word' id='word_1_709' title='bbox 197 5820 359 5885; x_wconf 74' lang='grc' dir='ltr'>ἡμεῖς</span> <span class='ocrx_word' id='word_1_710' title='bbox 414 5819 696 5889; x_wconf 76' lang='grc' dir='ltr'>ἀξιοῦμεν,</span> <span class='ocrx_word' id='word_1_711' title='bbox 735 5824 800 5875; x_wconf 80' lang='grc' dir='ltr'>ἶν’</span> <span class='ocrx_word' id='word_1_712' title='bbox 858 5827 975 5893; x_wconf 82' lang='grc' dir='ltr'>εῖης</span> <span class='ocrx_word' id='word_1_713' title='bbox 1025 5829 1318 5897; x_wconf 79' lang='grc' dir='ltr'>εἰρηνικὸς,</span> <span class='ocrx_word' id='word_1_714' title='bbox 1374 5833 1667 5901; x_wconf 76' lang='grc' dir='ltr'>πολεμικὸς</span> <span class='ocrx_word' id='word_1_715' title='bbox 1706 5837 1761 5888; x_wconf 75' lang='grc' dir='ltr'>δὲ</span> 
     </span>
    </p>
   </div>
   <div class='ocr_carea' id='block_1_96' title="bbox 562 5918 1259 5983">
    <p class='ocr_par' dir='ltr' id='par_1_96' title="bbox 562 5918 1259 5983">
     <span class='ocr_line' id='line_1_96' title="bbox 562 5918 1259 5983; baseline 0.013 -9"><span class='ocrx_word' id='word_1_716' title='bbox 562 5918 831 5978; x_wconf 64' lang='grc' dir='ltr'>Ρετιιοιη</span> <span class='ocrx_word' id='word_1_717' title='bbox 871 5922 915 5978; x_wconf 74' lang='grc' dir='ltr'><strong>(ἱ</strong></span> <span class='ocrx_word' id='word_1_718' title='bbox 928 5940 983 5977; x_wconf 84' lang='grc' dir='ltr'>ιι.</span> <span class='ocrx_word' id='word_1_719' title='bbox 1030 5924 1121 5981; x_wconf 78' lang='lat' dir='ltr'>CX</span> <span class='ocrx_word' id='word_1_720' title='bbox 1137 5922 1232 5981; x_wconf 72' lang='grc' dir='ltr'>ω’</span> <span class='ocrx_word' id='word_1_721' title='bbox 1246 5968 1259 5983; x_wconf 93' lang='grc'><strong>.</strong></span> 
     </span>
    </p>
   </div>
   <div class='ocr_carea' id='block_1_97' title="bbox 1889 4640 3455 4737">
    <p class='ocr_par' dir='ltr' id='par_1_97' title="bbox 1889 4640 3455 4737">
     <span class='ocr_line' id='line_1_97' title="bbox 1889 4640 3455 4737; baseline 0.022 -47"><span class='ocrx_word' id='word_1_722' title='bbox 1889 4640 2033 4691; x_wconf 85' lang='lat' dir='ltr'><strong>enim</strong></span> <span class='ocrx_word' id='word_1_723' title='bbox 2079 4643 2222 4697; x_wconf 87' lang='lat' dir='ltr'><strong>illam</strong></span> <span class='ocrx_word' id='word_1_724' title='bbox 2255 4648 2373 4699; x_wconf 84' lang='lat' dir='ltr'><strong>sine</strong></span> <span class='ocrx_word' id='word_1_725' title='bbox 2412 4650 2497 4702; x_wconf 88' lang='lat' dir='ltr'>his</span> <span class='ocrx_word' id='word_1_726' title='bbox 2528 4658 2918 4724; x_wconf 77' lang='lat' dir='ltr'><strong>consequeris;</strong></span> <span class='ocrx_word' id='word_1_727' title='bbox 2950 4662 3059 4715; x_wconf 90' lang='lat' dir='ltr'>imo</span> <span class='ocrx_word' id='word_1_728' title='bbox 3104 4665 3175 4718; x_wconf 91' lang='lat' dir='ltr'>ob</span> <span class='ocrx_word' id='word_1_729' title='bbox 3224 4669 3455 4737; x_wconf 83' lang='lat' dir='ltr'><strong>idipsum</strong></span> 
     </span>
    </p>
   </div>
   <div class='ocr_carea' id='block_1_98' title="bbox 1889 4749 3458 4847">
    <p class='ocr_par' dir='ltr' id='par_1_98' title="bbox 1889 4749 3458 4847">
     <span class='ocr_line' id='line_1_98' title="bbox 1889 4749 3458 4847; baseline 0.023 -49"><span class='ocrx_word' id='word_1_730' title='bbox 1889 4749 2123 4804; x_wconf 91' lang='lat' dir='ltr'><strong>hostium</strong></span> <span class='ocrx_word' id='word_1_731' title='bbox 2166 4769 2450 4809; x_wconf 87' lang='lat' dir='ltr'><strong>numerum</strong></span> <span class='ocrx_word' id='word_1_732' title='bbox 2484 4754 2732 4829; x_wconf 76' lang='lat' dir='ltr'><strong>augebis,</strong></span> <span class='ocrx_word' id='word_1_733' title='bbox 2766 4774 2822 4818; x_wconf 91' lang='lat' dir='ltr'>et</span> <span class='ocrx_word' id='word_1_734' title='bbox 2848 4766 3052 4825; x_wconf 77' lang='lat' dir='ltr'><strong>invitus</strong></span> <span class='ocrx_word' id='word_1_735' title='bbox 3088 4789 3236 4829; x_wconf 82' lang='lat' dir='ltr'><strong>arma</strong></span> <span class='ocrx_word' id='word_1_736' title='bbox 3268 4793 3458 4847; x_wconf 83' lang='lat' dir='ltr'><strong>capes-</strong></span> 
     </span>
    </p>
   </div>
   <div class='ocr_carea' id='block_1_99' title="bbox 1884 4858 3453 4948">
    <p class='ocr_par' dir='ltr' id='par_1_99' title="bbox 1884 4858 3453 4948">
     <span class='ocr_line' id='line_1_99' title="bbox 1884 4858 3453 4948; baseline 0.023 -41"><span class='ocrx_word' id='word_1_737' title='bbox 1884 4870 2006 4909; x_wconf 87' lang='lat' dir='ltr'><strong>sere</strong></span> <span class='ocrx_word' id='word_1_738' title='bbox 2039 4858 2289 4924; x_wconf 88' lang='lat' dir='ltr'><strong>debebis,</strong></span> <span class='ocrx_word' id='word_1_739' title='bbox 2319 4864 2360 4917; x_wconf 88' lang='lat' dir='ltr'>si</span> <span class='ocrx_word' id='word_1_740' title='bbox 2395 4881 2494 4933; x_wconf 79' lang='lat' dir='ltr'><strong>pax</strong></span> <span class='ocrx_word' id='word_1_741' title='bbox 2531 4869 2627 4921; x_wconf 87' lang='lat' dir='ltr'><strong>tibi</strong></span> <span class='ocrx_word' id='word_1_742' title='bbox 2658 4872 2812 4928; x_wconf 91' lang='lat' dir='ltr'><strong>cordi</strong></span> <span class='ocrx_word' id='word_1_743' title='bbox 2845 4887 2948 4931; x_wconf 89' lang='lat' dir='ltr'><strong>est.</strong></span> <span class='ocrx_word' id='word_1_744' title='bbox 2982 4879 3153 4948; x_wconf 79' lang='lat' dir='ltr'><strong>Igitur</strong></span> <span class='ocrx_word' id='word_1_745' title='bbox 3184 4886 3227 4937; x_wconf 88' lang='lat' dir='ltr'>si</span> <span class='ocrx_word' id='word_1_746' title='bbox 3254 4889 3453 4943; x_wconf 65' lang='lat' dir='ltr'><strong>bellum</strong></span> 
     </span>
    </p>
   </div>
   <div class='ocr_carea' id='block_1_100' title="bbox 1883 4965 3446 5053">
    <p class='ocr_par' dir='ltr' id='par_1_100' title="bbox 1883 4965 3446 5053">
     <span class='ocr_line' id='line_1_100' title="bbox 1883 4965 3446 5053; baseline 0.026 -40"><span class='ocrx_word' id='word_1_747' title='bbox 1883 4965 2127 5029; x_wconf 79' lang='lat' dir='ltr'><strong>gerimus</strong></span> <span class='ocrx_word' id='word_1_748' title='bbox 2161 4979 2215 5021; x_wconf 93' lang='lat' dir='ltr'>ut</span> <span class='ocrx_word' id='word_1_749' title='bbox 2256 4986 2444 5038; x_wconf 88' lang='lat' dir='ltr'><strong>pacem</strong></span> <span class='ocrx_word' id='word_1_750' title='bbox 2493 4976 2827 5049; x_wconf 73' lang='lat' dir='ltr'><strong>habeamus;</strong></span> <span class='ocrx_word' id='word_1_751' title='bbox 2866 4986 2911 5038; x_wconf 90' lang='lat' dir='ltr'>si</span> <span class='ocrx_word' id='word_1_752' title='bbox 2953 4988 3024 5042; x_wconf 87' lang='lat' dir='ltr'>ob</span> <span class='ocrx_word' id='word_1_753' title='bbox 3051 5006 3173 5046; x_wconf 90' lang='lat' dir='ltr'>cam</span> <span class='ocrx_word' id='word_1_754' title='bbox 3225 5010 3446 5053; x_wconf 87' lang='lat' dir='ltr'><strong>causam</strong></span> 
     </span>
    </p>
   </div>
   <div class='ocr_carea' id='block_1_101' title="bbox 1883 5080 3453 5177">
    <p class='ocr_par' dir='ltr' id='par_1_101' title="bbox 1883 5080 3453 5177">
     <span class='ocr_line' id='line_1_101' title="bbox 1883 5080 3453 5177; baseline 0.027 -52"><span class='ocrx_word' id='word_1_755' title='bbox 1883 5080 2080 5144; x_wconf 66' lang='lat' dir='ltr'><strong>quovis</strong></span> <span class='ocrx_word' id='word_1_756' title='bbox 2116 5094 2394 5138; x_wconf 87' lang='lat' dir='ltr'><strong>momento</strong></span> <span class='ocrx_word' id='word_1_757' title='bbox 2426 5102 2576 5144; x_wconf 83' lang='lat' dir='ltr'><strong>arma</strong></span> <span class='ocrx_word' id='word_1_758' title='bbox 2607 5108 2894 5162; x_wconf 75' lang='lat' dir='ltr'><strong>capessere</strong></span> <span class='ocrx_word' id='word_1_759' title='bbox 2927 5106 3099 5169; x_wconf 87' lang='lat' dir='ltr'><strong>parati</strong></span> <span class='ocrx_word' id='word_1_760' title='bbox 3133 5121 3345 5177; x_wconf 84' lang='lat' dir='ltr'><strong>sumus,</strong></span> <span class='ocrx_word' id='word_1_761' title='bbox 3381 5116 3453 5167; x_wconf 87' lang='lat' dir='ltr'><strong>si-</strong></span> 
     </span>
    </p>
   </div>
   <div class='ocr_carea' id='block_1_102' title="bbox 1878 5187 3444 5283">
    <p class='ocr_par' dir='ltr' id='par_1_102' title="bbox 1878 5187 3444 5283">
     <span class='ocr_line' id='line_1_102' title="bbox 1878 5187 3444 5283; baseline 0.027 -49"><span class='ocrx_word' id='word_1_762' title='bbox 1878 5187 2100 5252; x_wconf 86' lang='lat' dir='ltr'><strong>quidem</strong></span> <span class='ocrx_word' id='word_1_763' title='bbox 2142 5192 2276 5246; x_wconf 88' lang='lat' dir='ltr'><strong>nihil</strong></span> <span class='ocrx_word' id='word_1_764' title='bbox 2312 5211 2443 5262; x_wconf 89' lang='lat' dir='ltr'><strong>pace</strong></span> <span class='ocrx_word' id='word_1_765' title='bbox 2499 5201 2685 5257; x_wconf 89' lang='lat' dir='ltr'><strong>utilius</strong></span> <span class='ocrx_word' id='word_1_766' title='bbox 2711 5216 2813 5269; x_wconf 88' lang='lat' dir='ltr'><strong>est,</strong></span> <span class='ocrx_word' id='word_1_767' title='bbox 2848 5210 3052 5265; x_wconf 65' lang='lat' dir='ltr'><strong>bellum</strong></span> <span class='ocrx_word' id='word_1_768' title='bbox 3098 5218 3281 5283; x_wconf 87' lang='lat' dir='ltr'><strong>potius</strong></span> <span class='ocrx_word' id='word_1_769' title='bbox 3330 5238 3444 5275; x_wconf 84' lang='lat' dir='ltr'><strong>ant-</strong></span> 
     </span>
    </p>
   </div>
   <div class='ocr_carea' id='block_1_103' title="bbox 1880 5295 3444 5385">
    <p class='ocr_par' dir='ltr' id='par_1_103' title="bbox 1880 5295 3444 5385">
     <span class='ocr_line' id='line_1_103' title="bbox 1880 5295 3444 5385; baseline 0.026 -40"><span class='ocrx_word' id='word_1_770' title='bbox 1880 5295 2151 5365; x_wconf 78' lang='lat' dir='ltr'><strong>plectere;</strong></span> <span class='ocrx_word' id='word_1_771' title='bbox 2189 5302 2266 5356; x_wconf 89' lang='lat' dir='ltr'>sic</span> <span class='ocrx_word' id='word_1_772' title='bbox 2292 5307 2438 5358; x_wconf 90' lang='lat' dir='ltr'><strong>enim</strong></span> <span class='ocrx_word' id='word_1_773' title='bbox 2476 5310 2567 5363; x_wconf 84' lang='lat' dir='ltr'><strong>liet</strong></span> <span class='ocrx_word' id='word_1_774' title='bbox 2607 5320 2663 5365; x_wconf 88' lang='lat' dir='ltr'>ut</span> <span class='ocrx_word' id='word_1_775' title='bbox 2706 5331 2837 5383; x_wconf 88' lang='lat' dir='ltr'><strong>pace</strong></span> <span class='ocrx_word' id='word_1_776' title='bbox 2869 5335 2979 5373; x_wconf 94' lang='lat' dir='ltr'>non</span> <span class='ocrx_word' id='word_1_777' title='bbox 3024 5322 3311 5382; x_wconf 89' lang='lat' dir='ltr'><strong>l&#39;rustrcris</strong></span> <span class='ocrx_word' id='word_1_778' title='bbox 3339 5346 3444 5385; x_wconf 94' lang='lat' dir='ltr'>ncc</span> 
     </span>
    </p>
   </div>
   <div class='ocr_carea' id='block_1_104' title="bbox 1877 5405 3446 5501">
    <p class='ocr_par' dir='ltr' id='par_1_104' title="bbox 1877 5405 3446 5501">
     <span class='ocr_line' id='line_1_104' title="bbox 1877 5405 3446 5501; baseline 0.027 -44"><span class='ocrx_word' id='word_1_779' title='bbox 1877 5405 2061 5461; x_wconf 86' lang='lat' dir='ltr'><strong>hostes</strong></span> <span class='ocrx_word' id='word_1_780' title='bbox 2097 5420 2147 5464; x_wconf 89' lang='lat' dir='ltr'>te</span> <span class='ocrx_word' id='word_1_781' title='bbox 2179 5414 2345 5469; x_wconf 86' lang='lat' dir='ltr'><strong>nimis</strong></span> <span class='ocrx_word' id='word_1_782' title='bbox 2386 5418 2681 5479; x_wconf 86' lang='lat' dir='ltr'><strong>lacessant.</strong></span> <span class='ocrx_word' id='word_1_783' title='bbox 2715 5426 2819 5481; x_wconf 87' lang='lat' dir='ltr'><strong>Sed</strong></span> <span class='ocrx_word' id='word_1_784' title='bbox 2859 5445 2983 5484; x_wconf 94' lang='lat' dir='ltr'>cum</span> <span class='ocrx_word' id='word_1_785' title='bbox 3016 5450 3239 5492; x_wconf 84' lang='lat' dir='ltr'><strong>necesse</strong></span> <span class='ocrx_word' id='word_1_786' title='bbox 3273 5441 3345 5494; x_wconf 86' lang='lat' dir='ltr'>sit</span> <span class='ocrx_word' id='word_1_787' title='bbox 3381 5450 3446 5501; x_wconf 81' lang='lat' dir='ltr'>ut</span> 
     </span>
    </p>
   </div>
   <div class='ocr_carea' id='block_1_105' title="bbox 1875 5512 3440 5612">
    <p class='ocr_par' dir='ltr' id='par_1_105' title="bbox 1875 5512 3440 5612">
     <span class='ocr_line' id='line_1_105' title="bbox 1875 5512 3440 5612; baseline 0.025 -48"><span class='ocrx_word' id='word_1_788' title='bbox 1875 5512 1919 5564; x_wconf 92' lang='lat' dir='ltr'>is</span> <span class='ocrx_word' id='word_1_789' title='bbox 1958 5518 2050 5582; x_wconf 82' lang='lat' dir='ltr'>qui</span> <span class='ocrx_word' id='word_1_790' title='bbox 2102 5524 2340 5575; x_wconf 88' lang='lat' dir='ltr'><strong>animum</strong></span> <span class='ocrx_word' id='word_1_791' title='bbox 2395 5527 2460 5579; x_wconf 89' lang='lat' dir='ltr'>ad</span> <span class='ocrx_word' id='word_1_792' title='bbox 2511 5529 2692 5586; x_wconf 90' lang='lat' dir='ltr'><strong>simile</strong></span> <span class='ocrx_word' id='word_1_793' title='bbox 2724 5536 2856 5603; x_wconf 89' lang='lat' dir='ltr'><strong>quid</strong></span> <span class='ocrx_word' id='word_1_794' title='bbox 2891 5537 3028 5592; x_wconf 86' lang='lat' dir='ltr'><strong>bene</strong></span> <span class='ocrx_word' id='word_1_795' title='bbox 3074 5557 3440 5612; x_wconf 66' lang='lat' dir='ltr'><strong>praeparatum</strong></span> 
     </span>
    </p>
   </div>
   <div class='ocr_carea' id='block_1_106' title="bbox 1873 5622 3434 5714">
    <p class='ocr_par' dir='ltr' id='par_1_106' title="bbox 1873 5622 3434 5714">
     <span class='ocr_line' id='line_1_106' title="bbox 1873 5622 3434 5714; baseline 0.022 -41"><span class='ocrx_word' id='word_1_796' title='bbox 1873 5622 2039 5677; x_wconf 87' lang='lat' dir='ltr'><strong>habet</strong></span> <span class='ocrx_word' id='word_1_797' title='bbox 2066 5624 2205 5680; x_wconf 85' lang='lat' dir='ltr'><strong>bene</strong></span> <span class='ocrx_word' id='word_1_798' title='bbox 2241 5630 2498 5703; x_wconf 72' lang='lat' dir='ltr'><strong>fnngendi</strong></span> <span class='ocrx_word' id='word_1_799' title='bbox 2532 5637 2707 5693; x_wconf 77' lang='lat' dir='ltr'><strong>cilicio</strong></span> <span class='ocrx_word' id='word_1_800' title='bbox 2738 5655 2908 5697; x_wconf 89' lang='lat' dir='ltr'><strong>artem</strong></span> <span class='ocrx_word' id='word_1_801' title='bbox 2944 5648 3100 5714; x_wconf 89' lang='lat' dir='ltr'><strong>sciat,</strong></span> <span class='ocrx_word' id='word_1_802' title='bbox 3130 5662 3184 5705; x_wconf 87' lang='lat' dir='ltr'>et</span> <span class='ocrx_word' id='word_1_803' title='bbox 3216 5668 3344 5705; x_wconf 89' lang='lat' dir='ltr'>cum</span> <span class='ocrx_word' id='word_1_804' title='bbox 3382 5667 3434 5708; x_wconf 67' lang='grc' dir='ltr'>ιιι</span> 
     </span>
    </p>
   </div>
   <div class='ocr_carea' id='block_1_107' title="bbox 1874 5727 3437 5817">
    <p class='ocr_par' dir='ltr' id='par_1_107' title="bbox 1874 5727 3437 5817">
     <span class='ocr_line' id='line_1_107' title="bbox 1874 5727 3437 5817; baseline 0.022 -38"><span class='ocrx_word' id='word_1_805' title='bbox 1874 5727 2189 5783; x_wconf 81' lang='lat' dir='ltr'><strong>bellicosum</strong></span> <span class='ocrx_word' id='word_1_806' title='bbox 2219 5750 2338 5787; x_wconf 85' lang='lat' dir='ltr'><strong>esse</strong></span> <span class='ocrx_word' id='word_1_807' title='bbox 2370 5739 2530 5791; x_wconf 87' lang='lat' dir='ltr'><strong>velim</strong></span> <span class='ocrx_word' id='word_1_808' title='bbox 2566 5753 2622 5795; x_wconf 93' lang='lat' dir='ltr'>ut</span> <span class='ocrx_word' id='word_1_809' title='bbox 2658 5760 2788 5813; x_wconf 87' lang='lat' dir='ltr'><strong>pace</strong></span> <span class='ocrx_word' id='word_1_810' title='bbox 2825 5748 3047 5817; x_wconf 82' lang='lat' dir='ltr'><strong>fruaris,</strong></span> <span class='ocrx_word' id='word_1_811' title='bbox 3091 5767 3147 5809; x_wconf 88' lang='lat' dir='ltr'>ct</span> <span class='ocrx_word' id='word_1_812' title='bbox 3173 5774 3295 5810; x_wconf 89' lang='lat' dir='ltr'>cum</span> <span class='ocrx_word' id='word_1_813' title='bbox 3319 5760 3437 5812; x_wconf 75' lang='lat' dir='ltr'><strong>hel-</strong></span> 
     </span>
    </p>
   </div>
   <div class='ocr_carea' id='block_1_108' title="bbox 1870 5842 3431 5925">
    <p class='ocr_par' dir='ltr' id='par_1_108' title="bbox 1870 5842 3431 5925">
     <span class='ocr_line' id='line_1_108' title="bbox 1870 5842 3431 5925; baseline 0.021 -34"><span class='ocrx_word' id='word_1_814' title='bbox 1870 5842 2069 5894; x_wconf 75' lang='lat' dir='ltr'><strong>chusus</strong></span> <span class='ocrx_word' id='word_1_815' title='bbox 2101 5860 2219 5897; x_wconf 69' lang='lat' dir='ltr'><strong>esse</strong></span> <span class='ocrx_word' id='word_1_816' title='bbox 2260 5863 2419 5899; x_wconf 81' lang='lat' dir='ltr'><strong>neruo</strong></span> <span class='ocrx_word' id='word_1_817' title='bbox 2459 5855 2628 5918; x_wconf 66' lang='lat' dir='ltr'><strong>possit</strong></span> <span class='ocrx_word' id='word_1_818' title='bbox 2658 5857 2749 5923; x_wconf 91' lang='lat' dir='ltr'>qui</span> <span class='ocrx_word' id='word_1_819' title='bbox 2780 5874 2886 5912; x_wconf 87' lang='lat' dir='ltr'><strong>non</strong></span> <span class='ocrx_word' id='word_1_820' title='bbox 2924 5862 2975 5915; x_wconf 92' lang='lat' dir='ltr'>in</span> <span class='ocrx_word' id='word_1_821' title='bbox 3005 5881 3284 5918; x_wconf 80' lang='lat' dir='ltr'><strong>armorum</strong></span> <span class='ocrx_word' id='word_1_822' title='bbox 3330 5888 3431 5925; x_wconf 73' lang='lat' dir='ltr'>usu</span> 
     </span>
    </p>
   </div>
   <div class='ocr_carea' id='block_1_109' title="bbox 3048 5961 3119 6019">
    <p class='ocr_par' dir='ltr' id='par_1_109' title="bbox 3048 5961 3119 6019">
     <span class='ocr_line' id='line_1_109' title="bbox 3048 5961 3119 6019; baseline 0.056 -4"><span class='ocrx_word' id='word_1_823' title='bbox 3048 5961 3119 6019; x_wconf 77' lang='grc'>15</span> 
     </span>
    </p>
   </div>
  </div>
