4232 6432
225 408 329 473 461

1312 410 1593 471 ORATIO
1633 412 1729 470 DE
1778 407 2008 468 REGIS
2046 404 2395 464 OFFICIIS.

3374 391 3478 454 462

228 521 587 585 σκοποῦντες,
642 520 747 582 ἕως
790 520 887 590 μὲν
922 518 989 573 ἂν
1032 519 1177 588 ἡμᾶς
1220 518 1281 571 εὖ
1337 522 1676 588 πράττοντας
1706 519 1801 571 καὶ

1845 521 1875 578 Α
1903 530 1992 571 res
2013 524 2229 569 nostras
2250 511 2451 572 salvas,
2472 521 2681 577 nosque
2706 506 2858 575 ipsos
2880 504 3136 561 hostibus
3163 500 3481 571 superiores

224 618 334 669 τῶν
366 614 643 683 πολεμίων
676 613 960 683 κρείττους
1004 615 1198 680 ὁρῶσι,
1220 615 1318 683 τὴν
1349 614 1679 682 γιγνομένην
1708 611 1802 662 καὶ

224 706 375 760 οὗτοι
414 704 651 765 σώζουσι
675 701 849 765 τάξιν.
898 702 1068 755 Ἐπὰν
1101 702 1157 755 δέ
1194 719 1324 755 ποτε
1354 701 1496 772 τύχῃ
1527 701 1631 753 τινὶ
1665 717 1802 767 σφα-

224 798 432 867 λῶμεν,
467 799 561 850 καὶ
612 797 879 850 τάκείνων
924 795 1196 866 ὑπέρσχῃ,
1229 793 1389 855 εὐθὺς
1432 794 1622 861 ὥσπερ
1679 793 1805 845 τινὰ

227 890 601 957 κρουσάμεναι
662 887 942 956 πρύμναν,
1002 884 1396 954 αὐτομολοῦσιν
1451 887 1656 948 ἐκεῖσε,
1710 886 1806 937 καὶ

228 984 369 1051 πρὸς
404 982 497 1043 οὓς
558 982 679 1050 μεθ’
734 982 893 1050 ἡμῶν
926 982 1353 1051 παρετάττοντο,
1407 981 1546 1048 μετὰ
1601 980 1807 1033 τούτων

228 1080 366 1146 ἡμῖν
400 1078 640 1141 ἐπίασιν,
693 1074 828 1144 δμοῦ
866 1076 966 1143 μὲν
1016 1072 1389 1145 θρασυτέρους
1438 1073 1684 1135 ἐκείνους
1723 1074 1809 1125 ἐν·

232 1167 427 1220 τε-ἰθεν
476 1165 992 1235 παρασκευάζοντες
1049 1165 1175 1217 καθ’
1214 1166 1394 1235 ἡμῶν,
1441 1165 1579 1232 ὁμοῦ
1627 1164 1810 1217 δὲκαὶ

231 1261 342 1320 τοῖς
374 1260 669 1328 ἡμετέροις
696 1258 900 1310 δειλίαν
941 1258 1174 1317 ἐνιέντες
1210 1258 1306 1311 καὶ
1355 1257 1544 1324 φόϐον,
1597 1258 1692 1311 καὶ
1726 1257 1811 1310 ἳνα

236 1352 314 1417 μὴ
343 1351 504 1414 λέγω,
539 1350 803 1410 πολλάκις
835 1350 931 1401 καὶ
977 1349 1221 1401 κίνδυνον
1243 1366 1257 1378 ·
1290 1349 1529 1416 ἐπίδοξοί
1551 1367 1693 1412 τινες
1725 1350 1812 1401 δυο

235 1458 327 1500 τες
362 1441 463 1491 οὒκ
508 1439 758 1505 ὀλιγάκις
795 1439 860 1491 ἂν
892 1439 1043 1491 ταῦτ’
1074 1441 1368 1510 εἰργάσθαι
1409 1442 1550 1494 κατὰ
1582 1442 1810 1509 τοξυμ-

235 1532 425 1582 6>ῖνον
474 1530 573 1598 τῆς
625 1530 839 1599 τύχης·
890 1530 1062 1592 οὕτως
1116 1533 1375 1593 ἀπιστίας
1430 1533 1526 1583 καὶ
1575 1531 1812 1593 πίστεως

237 1627 479 1690 ἔχοντες,
533 1623 648 1685 πῶς
696 1624 793 1692 τὴν
834 1625 1114 1693 ἡμετέραν
1164 1625 1427 1690 στρατιὰν
1474 1628 1538 1677 ἐκ
1580 1624 1810 1687 τούτων,

237 1719 354 1769 αλλ’
389 1717 487 1769 οὐκ
520 1716 578 1779 ἐξ
607 1711 681 1769 ὧν
714 1715 849 1783 ἔφην
885 1717 1031 1778 εἰκὸς
1059 1716 1481 1785 συγκροτεῖσοαι
1511 1733 1525 1780 ;
1563 1718 1673 1769 Καὶ
1706 1718 1812 1785 μὴν

235 1812 287 1861 εἰ
317 1810 667 1879 πολυχειρίαν
700 1808 798 1876 μὲν
833 1808 1097 1877 εὐψυχίας
1129 1809 1369 1877 ἀκούσης
1415 1811 1514 1879 οὐχ
1543 1810 1689 1871 ὅπως
1724 1809 1816 1861 ού-

236 1900 413 1969 διμοῦ
465 1901 687 1952 πώποτε
754 1900 1192 1969 περιγενομένην
1248 1901 1358 1953 οὐδ’
1410 1900 1475 1953 ἂν
1527 1897 1606 1962 εἷς
1640 1903 1815 1952 εἰπεῖν

238 1994 377 2062 ἔχοι,
434 1994 569 2045 ἀλλὰ
612 1993 708 2045 καὶ
735 1994 843 2045 πᾶν
872 1993 1185 2044 τούναντίον
1227 1993 1536 2063 ἐπισταχοῦ
1583 1994 1819 2060 νικωμέ-

239 2104 379 2155 νην·
408 2087 671 2155 εὐψυχίας
698 2087 780 2148 δὲ,
822 2087 918 2139 καὶ
966 2086 1065 2155 τῆς
1100 2088 1311 2140 ἐκεῖθεν
1346 2088 1665 2159 συμμαχίας
1712 2107 1820 2158 χω-

244 2182 332 2249 ρίς
354 2196 367 2207 ⁸
398 2179 863 2247 παραδειγμάτων
900 2178 1042 2241 ἅπας
1076 2180 1103 2230 ὁ
1152 2179 1265 2245 βίος
1305 2180 1532 2249 μεστός·
1582 2182 1704 2233 οὐδὲ
1736 2183 1818 2233 σοί

239 2271 295 2337 γ’
324 2271 498 2341 αὐτῷ,
531 2270 779 2340 βασιλεῦ,
811 2271 948 2339 πρὸς
988 2268 1069 2334 οἷς
1102 2273 1247 2341 ἔχεις
1292 2273 1689 2344 στρατεύμασι,
1725 2274 1820 2326 καὶ

244 2362 462 2427 ξενικοῦ
500 2380 645 2422 τινος
692 2365 884 2433 ἑτέρου
938 2366 1194 2434 προσδεῖ·
1231 2366 1547 2436 ἀποχρῶσεν
1596 2365 1656 2420 εὖ
1702 2362 1819 2420 οἶδα

240 2455 460 2518 τούτοις
508 2457 603 2509 καὶ
656 2455 894 2526 πλήθους
935 2458 1124 2510 εἵνεκα
1169 2462 1264 2512 καὶ
1318 2462 1679 2530 παρασκευῆς
1728 2462 1822 2513 καὶ

241 2548 346 2616 τῆς
372 2550 504 2616 περὶ
532 2547 630 2610 τὰς
658 2549 836 2617 μάχας
866 2548 1130 2618 εὐψυχίας
1157 2549 1250 2601 καὶ
1281 2550 1488 2620 τόλμης
1513 2551 1639 2614 τοὺς
1668 2552 1824 2604 πολε-

249 2641 412 2709 μίους
438 2641 766 2712 ἐκπλήττειν
802 2659 860 2694 τε
905 2644 999 2696 καὶ
1026 2646 1234 2713 φοόεϊν.

322 2807 380 2855 ι’,
413 2802 525 2853 Καὶ
561 2802 781 2870 μάλιστ’
804 2796 939 2857 ’ὅταν
970 2806 1034 2856 ὲκ
1056 2804 1375 2873 περιουσίας
1399 2808 1622 2871 τούτους
1662 2811 1823 2871 αὐτὸς

240 2888 307 2946 εὖ
341 2894 518 2946 ποιῶν
687 2896 830 2947 οὕτω
853 2896 962 2966 γὰρ
986 2896 1052 2951 ἂν
1085 2899 1527 2969 προθυμοτέρους
1560 2900 1827 2968 ἐργάσαιο

245 2990 383 3055 περὶ
408 2986 591 3056 μάχας
619 2988 715 3040 καὶ
755 2989 994 3058 χρῆσθαι
1042 2990 1293 3054 καλλίους
1318 3006 1332 3020 ⁸
1370 2992 1463 3053 οὓς
1489 2993 1627 3062 χρῆν
1648 2995 1702 3045 ὲν
1728 2996 1827 3063 μὲν

245 3079 446 3149 εἰρήνῃ
498 3079 572 3149 μὴ
614 3084 754 3147 σφᾶς
787 3081 982 3153 αὐτοὺς
1022 3085 1260 3149 ἀγνοεῖν,
1310 3085 1433 3152 μηδ’
1462 3086 1685 3153 ἀμελεῖν
1732 3086 1826 3138 τοῦ

249 3174 674 3241 προτερήματος.
705 3174 793 3239 ἐφ’
842 3174 877 3227 ἃ
912 3174 987 3244 μὴ
1033 3176 1277 3245 προσῆκε
1308 3176 1625 3246 χωροῦντας
1653 3195 1667 3209 ⁸

249 3266 393 3334 ὅπερ
420 3267 560 3317 εἰσὶν
589 3265 927 3329 ἐννοοῦντας,
959 3268 1225 3334 πράττειν
1250 3268 1459 3321 ἐθέλειν
1491 3272 1688 3333 αὐτοὺς
1719 3288 1828 3324 τοι-

244 3356 446 3418 ούτους
486 3359 656 3420 εἰκὸς,
700 3358 1015 3428 πολεμικῶς
1053 3361 1449 3429 ἀσκουμένους,
1486 3365 1581 3415 καὶ
1618 3364 1829 3430 μετιόν-

247 3468 352 3513 τας
402 3451 471 3503 τὰ
521 3453 793 3505 τακτικά⁶
834 3454 930 3504 καὶ
978 3455 1038 3503 τὸ
1073 3453 1297 3521 σύμπαν
1353 3456 1551 3517 εἰπεῖν,
1610 3455 1697 3507 διὰ
1729 3458 1827 3524 τῆς

254 3545 519 3610 συνεχοῦς
572 3544 708 3614 πρὸς
736 3546 1002 3614 ἀλλήλους
1048 3547 1305 3615 ἁμίλλης,
1335 3547 1395 3599 τὸ
1427 3548 1657 3615 θυμικὸν
1701 3548 1831 3599 ἀνά-

253 3654 492 3700 πτοντας
526 3641 700 3705 σφίσι,
736 3642 832 3692 καὶ
859 3642 1020 3692 οῖονεὶ
1057 3639 1198 3708 πρὸς
1241 3641 1561 3707 συμπλοκὰς
1599 3642 1831 3709 ἑτοίμως

252 3733 402 3800 ἔχειν
435 3732 811 3792 διανιστάντας
838 3748 853 3763 ’
886 3733 1013 3783 ὅταν
1042 3730 1085 3782 δ’
1122 3728 1187 3782 αὖ
1234 3731 1468 3799 πόλεμος
1499 3734 1697 3801 ἐπιστῇ
1737 3733 1831 3785 καὶ

257 3821 531 3892 μάχεσθαι
556 3822 671 3891 δὲῃ,
705 3820 849 3874 οὕτω
880 3824 1236 3890 παρασκευῆς
1282 3826 1377 3874 καὶ
1404 3823 1629 3890 γνώμης
1677 3826 1829 3893 ἐχόν-

250 3933 389 3974 των,
437 3914 511 3975 ὡς
545 3915 737 3981 πρῶτα
763 3917 863 3979 μὲν
892 3913 1015 3984 μηδ’
1065 3915 1132 3967 ἂν
1164 3917 1215 3965 si
1254 3931 1307 3965 τι
1337 3916 1429 3966 καὶ
1454 3915 1686 3967 πάθοιεν
1731 3915 1831 3985 τὴν

252 4008 411 4071 τὲξιν
442 4007 622 4057 λιπεῖν
652 4006 928 4075 ἐθελήσαι,
958 4008 1095 4059 ἀλλὰ
1131 4011 1225 4062 καὶ
1254 4007 1517 4069 πολλάκις
1549 4009 1597 4060 εί
1630 4003 1742 4061 οἷόν
1772 4026 1828 4061 τε

256 4103 353 4151 καὶ
402 4100 503 4167 τῆς
529 4099 707 4167 ψυχῆς
752 4100 920 4168 αὐτῆς
968 4102 1226 4152 ἐκπεσεῖν
1267 4101 1391 4169 μηδ’
1442 4101 1510 4153 ἂν
1560 4104 1829 4171 παραιτή-

257 4191 497 4243 σασθαι·
533 4191 724 4244 ἔπειτα
754 4194 822 4245 τὰ
859 4193 955 4259 μὲν
985 4193 1093 4244 τῶν
1134 4194 1409 4259 πολεμίων
1469 4196 1645 4246 οἰκεῖα
1680 4194 1829 4261 σφίσι

254 4282 527 4349 νομίζειν,
560 4283 595 4336 ἃ
631 4283 686 4334 δὲ
715 4283 970 4353 “up/necf
1003 4286 1207 4344 αὐτοῖς,
1248 4283 1450 4352 μηδένα
1482 4285 1686 4338 τούτων
1716 4302 1833 4337 ποι-

254 4374 440 4426 εῖσθαι
491 4374 684 4440 λόγον’
722 4376 794 4435 ὼς
826 4374 891 4427 ἂν
931 4378 1063 4444 μήτε
1115 4375 1202 4426 διὰ
1253 4373 1426 4427 ταῦτα
1469 4375 1828 4443 φιλοψυχῶσι,

254 4467 532 4518 κάκείνων
557 4466 701 4527 ὅπως
728 4468 970 4530 γένοιντο
993 4465 1195 4532 κύριοι,
1222 4468 1333 4526 τοῖς
1360 4466 1641 4533 πολεμίοις
1668 4468 1831 4535 ὁμόσε

1711 3180 1825 3232 ἀλλ’
1853 3203 1898 3263 C

1907 628 2194 690 videbunt,
2236 635 2417 693 partes
2443 629 2659 675 nostras
2683 628 2868 690 agent.
2914 616 3012 673 Ubi
3045 618 3284 687 primum
3299 622 3482 667 autem

1907 749 2135 795 adversa
2165 749 2384 794 utemur
2414 737 2656 799 fortuna,
2683 736 2982 803 hostesque
3015 732 3255 786 victores
3295 736 3480 790 erunt,

1923 854 2070 909 illico
2094 867 2313 923 proram
2344 860 2561 906 vertent
2586 860 2642 906 et
2666 850 2732 903 ad
2767 863 2863 904 eos
2888 844 3273 914 transfugient,
3294 850 3485 897 contra

1915 984 2053 1039 quos
2087 968 2252 1040 paulo
2282 976 2445 1023 antea
2481 972 2883 1036 pugnaverant,
2912 970 3107 1015 contra
3141 971 3239 1011 nos
3263 954 3485 1025 iamiam

1912 1081 2229 1152 pugnaturi.
2276 1079 2367 1135 Sic
2390 1078 2537 1133 enim
2583 1076 2675 1131 ﬂet
2697 1084 2756 1129 ut
2789 1084 2845 1129 et
2878 1073 2992 1128 illis
3011 1070 3227 1125 animos
3258 1076 3494 1137 augeant

1913 1212 1977 1251 ac
2015 1195 2221 1249 nostris
2272 1202 2481 1248 metum
2521 1207 2587 1247 ac
2621 1205 2882 1262 pavorem
2926 1186 3179 1255 injiciant
3221 1183 3493 1250 nobisque

1915 1307 2159 1378 pericula
2193 1306 2517 1376 gravissima
2557 1313 2772 1359 creent.
2805 1302 2945 1357 llinc
2996 1300 3145 1356 enim
3178 1313 3301 1352 cum
3346 1304 3495 1350 recte

1918 1419 2192 1490 suspicari
2225 1419 2402 1488 possis
2432 1434 2528 1473 eos
2562 1427 2750 1485 postea
2773 1430 2995 1485 quoque
3028 1413 3110 1468 sic
3157 1409 3498 1480 temporibus

1918 1537 2062 1591 bona
2120 1536 2330 1589 malave
2372 1533 2477 1588 fide
2526 1533 2896 1588 inservituros
2939 1544 3099 1585 esse:
3135 1529 3251 1597 qui,
3288 1540 3497 1595 qua:so,

1918 1650 2234 1719 huiusmodi
2285 1647 2604 1703 hominibus
2651 1645 2955 1699 exercitum
3008 1652 3263 1697 constare
3304 1639 3498 1693 voles?

1918 1758 2048 1824 Qua:
2082 1774 2205 1813 cum
2242 1758 2312 1811 ita
2341 1759 2473 1822 sint,
2512 1770 2673 1810 nemo
2701 1768 2833 1809 sane
2865 1751 3278 1806 multitudinem
3308 1749 3500 1803 imbel-

1845 1864 2024 1927 Blem
2079 1873 2365 1928 victricem
2408 1872 2747 1942 praedicabit,
2807 1870 2916 1923 imo
2962 1881 3137 1937 usque
3187 1875 3500 1936 superatam

1926 1986 2279 2041 confitebitur
2311 2006 2322 2051 ;
2358 1987 2515 2057 cujus
2547 1988 2624 2039 rei
2652 1986 2763 2038 vita
2785 1982 2963 2037 onmis
2993 1981 3230 2035 humana
3252 1980 3503 2048 exempla

1920 2102 2141 2157 exhibet
2179 2102 2487 2155 innumera.
2532 2099 2615 2153 Tu
2644 2099 2863 2169 quidem
2886 2138 2900 2164 ,
2943 2112 3059 2157 rex.
3088 2109 3196 2149 non
3231 2101 3315 2147 est
3357 2092 3504 2162 quod

1921 2216 1985 2270 ad
2038 2216 2225 2285 c0pias
2268 2229 2408 2283 quas
2454 2212 2708 2283 possides
2745 2253 2759 2276 ,
2810 2209 3188 2266 mercenaries
3233 2206 3499 2277 adiicias;

1924 2332 2058 2385 satis
2092 2330 2236 2384 enim
2280 2341 2587 2382 numerosa:
2641 2341 2704 2380 ae
2749 2326 2887 2380 bene
2934 2326 3213 2380 instructu:
3258 2330 3407 2385 sunt,
3450 2331 3506 2373 et

1924 2444 1978 2497 ia
2013 2440 2303 2511 pugnando
2345 2439 2476 2494 satis
2502 2438 2670 2492 fortes
2695 2449 2853 2505 atque
2886 2435 3143 2500 audaces,
3165 2442 3224 2488 ut
3251 2429 3506 2487 hostibus

1928 2540 2293 2613 terrore-mae
2318 2563 2527 2612 metum
2568 2553 2840 2626 ittji-‘tiant.

1999 2811 2088 2864 it).
2122 2808 2280 2875 Quod
2308 2809 2533 2878 quidem
2567 2805 2876 2871 prmsertim
2905 2803 3210 2869 continget,
3233 2798 3282 2855 si
3309 2799 3377 2853 de
3409 2812 3507 2852 su-

1930 2917 2137 2987 perfluo
2161 2927 2255 2970 tuo
2294 2914 2567 2971 beneficia
2601 2917 2655 2969 in
2695 2916 2843 2984 ipsos
2882 2913 3119 2976 confers,
3145 2922 3333 2979 eoque
3381 2904 3504 2960 anl-

1930 3030 2197 3084 mosiores
2230 3028 2378 3097 ipsos
2418 3041 2480 3080 ac
2511 3041 2674 3079 manu
2733 3023 2994 3077 fortiores
3046 3022 3113 3075 ad
3150 3016 3499 3089 pugnandum

1933 3137 2139 3193 reddis.
2168 3136 2266 3193 llic
2292 3148 2443 3193 certe
2468 3138 2523 3192 in
2550 3151 2679 3206 pace
2706 3137 2750 3190 si
2783 3151 2840 3189 se
2866 3134 3117 3205 cognitos
3152 3130 3497 3196 habuissent,

1931 3265 2027 3306 eos
2059 3265 2165 3304 non
2205 3250 2509 3305 audiisseat
2530 3248 2622 3319 qui
2654 3263 2765 3319 quo
2784 3264 2891 3303 non
2924 3248 3217 3317 oportebat
3248 3244 3502 3314 progredi

1934 3358 2320 3413 hortabantur.
2362 3357 2478 3412 lino
2504 3357 2538 3411 ii
2569 3357 2671 3426 ipsi
2701 3356 2833 3425 quid
2858 3357 3074 3410 valeant
3105 3351 3321 3407 humeri
3359 3350 3501 3403 haud

1932 3470 2251 3541 ignorantes
2294 3485 2393 3537 pro
2424 3468 2651 3522 militari
2698 3483 2805 3537 qua
2848 3466 3130 3536 pollebant
3164 3460 3505 3533 experientia

1933 3581 2131 3648 pugnis
2172 3593 2230 3632 se
2262 3592 2325 3632 ac
2351 3577 2753 3632 certaminibus
2804 3578 3035 3629 miseere
3083 3573 3401 3635 debebunt;
3450 3580 3510 3623 ut

1934 3688 2123 3758 pauiis
2190 3687 2413 3745 tlieatn.
2474 3686 2752 3739 coutinuis
2807 3685 3039 3739 invicem
3113 3680 3510 3737 certaminibus

1933 3798 2152 3850 animus
2182 3796 2250 3850 iis
2274 3805 2559 3867 angeseet,
2595 3806 2649 3849 et
2681 3810 2877 3848 manus
2905 3808 3198 3847 conserere
3231 3805 3508 3859 nunquam

1935 3922 2044 3960 non
2076 3908 2255 3975 parati
2298 3917 2484 3960 erunt.
2531 3906 2659 3959 Dein
2685 3906 2776 3958 ubi
2814 3904 2957 3957 bello
2992 3911 3189 3956 exorto
3233 3898 3512 3970 pugnandi

1933 4015 2235 4067 necessitas
2260 4015 2459 4078 aderit,
2482 4015 2553 4068 ita
2569 4013 2794 4067 animati
2818 4021 2980 4066 erunt
3011 4021 3068 4065 ut
3095 4025 3193 4064 nec
3222 4010 3276 4062 in
3296 4023 3511 4063 summo

1936 4136 2116 4174 rerum
2154 4120 2477 4175 discrimine
2500 4130 2679 4174 castra
2701 4120 2975 4182 deserant,
3020 4118 3129 4172 imo
3162 4118 3331 4172 vitam
3380 4134 3505 4171 cum

1936 4229 2203 4300 sanguine
2229 4230 2415 4284 efﬂare
2463 4230 2655 4284 velint.
2687 4229 2806 4283 llnc
2846 4229 3059 4283 accedit
3100 4229 3247 4297 quod
3282 4242 3368 4281 res
3411 4227 3512 4280 lm-

1938 4341 2103 4392 stium
2145 4355 2272 4394 suas
2312 4355 2433 4394 esse
2492 4352 2745 4404 censent,
2802 4356 3024 4393 suarum
3066 4348 3250 4393 autent
3300 4339 3505 4391 nullan:

1939 4451 2208 4504 rationem
2260 4450 2516 4503 habeant.
2563 4450 2752 4519 Neque
2779 4464 2846 4502 eo
2882 4450 3052 4517 magis
3100 4448 3263 4501 vitam
3304 4461 3510 4510 ainant,

254 4556 554 4625 χωροῦσιν,
606 4557 667 4607 ού
704 4557 1012 4625 φρονήματι
1053 4558 1232 4624 μόνον,
1259 4556 1393 4607 ἀλλὰ
1427 4556 1522 4608 καὶ
1556 4574 1827 4625 καταφρο·

1862 4556 1910 4616 D
1937 4557 2031 4611 sed
2067 4558 2249 4610 hostes
2290 4564 2351 4607 ut
2405 4554 2660 4623 subigam.
2713 4554 3127 4624 aggrediuntur,
3165 4564 3397 4607 mortem
3450 4569 3516 4607 ac

257 4647 501 4712 νήματι·
554 4645 831 4707 τοιούτους
863 4647 919 4697 δέ
963 4664 1116 4707 τινας
1151 4646 1373 4708 τούτους
1414 4644 1555 4709 ἕξεις
1584 4648 1679 4699 καὶ
1706 4646 1833 4697 πολ-

258 4736 352 4787 λοῦ
392 4754 457 4800 γε
489 4736 765 4798 καλλίους,
816 4737 910 4790 ἐὰν
955 4736 1014 4788 εὖ
1043 4737 1278 4802 εἰδῶσιν,
1328 4738 1400 4799 ὡς
1430 4738 1465 4789 ἃ
1497 4734 1594 4805 μὲν
1624 4738 1832 4791 ἀποδα-

258 4828 450 4879 λούσιν
480 4832 539 4880 ἐν
571 4831 647 4895 τῷ
674 4829 920 4897 πολέμῳ,
954 4828 1128 4881 ταῦτα
1162 4829 1326 4889 αὐτὸς
1365 4831 1470 4881 ἀπὸ
1504 4830 1698 4881 πολλοῦ
1734 4828 1830 4881 τοῦ

258 4924 573 4988 κρείττονος
622 4922 1110 4991 ἀντικαταστήσεις
1158 4922 1364 4982 αὐτοῖς.
1397 4921 1457 4972 Εἰ
1503 4921 1559 4973 δὲ
1592 4922 1686 4973 καὶ
1711 4920 1834 4973 τού-

257 5032 371 5075 τοις
406 5017 595 5064 πεσεῖν
645 5012 881 5066 ἐνταῦθα
912 5013 1277 5081 ξυμϐήσεται,
1322 5012 1387 5064 σὺ
1419 5013 1474 5064 δὲ
1506 5013 1697 5081 πρῶτα
1734 5014 1833 5081 μὲν

260 5106 487 5167 τούτους
522 5106 599 5167 ὡς
626 5107 852 5173 νικητὰς
888 5109 1117 5173 νομιεῖς,
1156 5104 1300 5158 οὕτω
1327 5105 1553 5175 γνώμης
1589 5106 1831 5175 ἔχοντας,

262 5198 359 5247 καὶ
388 5194 535 5247 οὕτω
565 5197 1141 5265 παρεσκευασμένους,
1186 5200 1252 5266 τῇ
1288 5197 1445 5263 φύσει
1489 5197 1544 5249 δὲ
1571 5198 1646 5258 ὡς
1688 5199 1835 5260 εἰκὸς

261 5288 516 5351 εἴξαντας
544 5302 557 5315 ο
588 5288 755 5338 ἔπειτ’
786 5288 864 5348 εἰς
903 5290 1025 5349 τους
1063 5288 1242 5340 αὐτῶν
1272 5288 1467 5349 παῖδας
1507 5289 1834 5357 ἀπομνημο-

262 5382 475 5438 νεύσει;
530 5379 630 5449 τὴν
663 5380 846 5448 χάριν,
894 5383 988 5432 καὶ
1034 5379 1239 5432 τούτων
1291 5382 1365 5441 ὼς
1415 5381 1634 5432 οἰκείων
1692 5398 1836 5433 εντι-

263 5476 489 5540 ποιήσῃ,
518 5468 577 5523 εὖ
612 5473 782 5524 ποιῶν
807 5472 872 5522 τά
898 5489 957 5523 τε
976 5473 1112 5525 ἄλλα
1142 5478 1234 5524 καὶ
1263 5472 1360 5542 τὴν
1388 5470 1650 5541 πατρῴαν
1680 5470 1835 5535 τάξιν

262 5566 588 5627 ἁπνιδιίούςο
627 5564 879 5633 καθάπερ
920 5565 1169 5632 Ἀθήναις
1224 5566 1332 5617 τῶν
1378 5566 1436 5615 ἐν
1490 5563 1566 5630 τῷ
1616 5564 1836 5631 πολέμῳ

262 5659 738 5726 τετελευτηκότων
785 5661 909 5719 τοὺς
944 5659 1140 5720 παῖδας
1183 5658 1421 5720 ἐποίουν,
1454 5656 1690 5725 δημοσίᾳ
1717 5656 1836 5724 τρέ-

264 5767 455 5816 gena;
499 5755 655 5820 αχρις
690 5750 851 5820 ἧόης,
901 5752 994 5803 καὶ
1038 5750 1147 5803 τότ’
1190 5749 1362 5801 οἴκαδ’
1409 5749 1833 5815 ἀποπέμποντες

266 5850 404 5911 μετὰ.
439 5846 544 5898 τῶν
569 5845 879 5911 πανσπλιῶι
903 5861 917 5875 ·
948 5843 1141 5907 καῖτίς
1172 5846 1269 5896 ούκ
1301 5844 1363 5896 ἂν
1393 5841 1703 5909 agat-Sipus
1735 5840 1833 5908 τὴς

1935 4666 2102 4718 vitam
2126 4666 2280 4733 juxta
2306 4663 2594 4716 habentes.
2628 4661 2787 4716 Tales
2809 4676 2906 4716 eos
2938 4673 2994 4717 et
3024 4663 3198 4716 multo
3245 4664 3504 4717 meliores

1935 4778 2182 4840 habebis,
2237 4776 2327 4830 ubi
2379 4776 2615 4844 primum
2678 4790 2999 4844 persuasum
3068 4776 3135 4829 iis
3195 4776 3303 4830 erit
3361 4778 3506 4844 quod

1936 4886 1989 4940 in
2019 4887 2162 4941 bello
2190 4885 2570 4955 perdiderunt,
2600 4896 2687 4938 tua
2722 4900 2886 4954 opera
2920 4886 3054 4954 ipsis
3091 4885 3144 4938 in
3172 4885 3370 4940 melius
3422 4901 3512 4937 τοι·

1939 4998 2193 5051 stitutum
2233 4997 2324 5049 iri.
2346 4995 2550 5061 Quodsi
2579 5011 2706 5050 casu
2732 4996 2881 5050 fatali
2913 5006 3268 5065 superantur,
3304 5006 3360 5050 tu
3390 4998 3514 5065 quir

1938 5102 2061 5156 dem
2102 5116 2198 5156 eos
2234 5117 2342 5155 non
2378 5102 2560 5155 minus
2595 5116 2694 5171 pro
2721 5102 3031 5156 victoribus
3070 5103 3327 5167 habebis,
3358 5102 3515 5156 forti-

1939 5208 2144 5262 tudinis
2176 5222 2364 5261 eorum
2411 5208 2620 5263 ratione
2672 5206 2854 5262 habita
2882 5247 2897 5271 ,
2932 5223 3243 5279 quanquam
3303 5208 3357 5263 in
3390 5208 3513 5263 fatis

1936 5318 2094 5370 aliter
2124 5317 2249 5377 fuit,
2280 5326 2336 5370 et
2358 5316 2661 5370 liberorum
2682 5319 2752 5373 ab
2783 5318 2917 5387 ipsis
2944 5318 3266 5395 relictorum
3300 5335 3512 5374 menior

1937 5438 2032 5477 eos
2070 5435 2127 5479 ut
2186 5432 2307 5479 tuos
2359 5423 2643 5493 adoptabis
2681 5433 2735 5477 et
2784 5425 3023 5479 honores
3074 5425 3277 5494 quibus
3330 5436 3512 5495 putres

1936 5530 2084 5582 fruiti
2132 5532 2370 5591 fuerant,
2404 5528 2456 5581 in
2500 5544 2595 5583 cos
2638 5530 2911 5594 eonferes,
2950 5530 3094 5585 sicut
3122 5531 3509 5595 Athenienses,

1936 5631 2027 5699 qui
2061 5630 2113 5682 in
2167 5630 2310 5683 bello
2343 5645 2609 5684 caesorum
2642 5642 2797 5685 natos
2848 5631 2915 5684 ad
2954 5632 3299 5700 pubertatem
3334 5649 3507 5703 usque

1938 5735 2168 5804 publicis
2218 5736 2479 5803 impensis
2525 5736 2825 5797 educatos,
2880 5748 3157 5806 postremo
3200 5741 3369 5792 armis
3431 5742 3512 5793 in.

1939 5852 2174 5895 Structus
2229 5844 2295 5896 ad
2343 5857 2474 5897 suos
2532 5844 2900 5898 remittebant.
2954 5845 3089 5916 Quis
3134 5847 3349 5902 tandem
3402 5862 3513 5900 non
