4232 6432
289 386 399 448 465

1380 396 1667 458 ORATIO
1714 399 1807 460 DE
1846 400 2075 463 REGIS
2111 404 2459 466 OFFICIIS.

3432 404 3538 471 466

284 520 461 572 μενον
490 504 575 556 διὰ
615 503 836 558 πάντων
873 505 1138 577 σώζηται,
1179 509 1271 563 σοῦ
1304 528 1359 563 τε
1384 514 1533 577 δντος
1567 514 1865 583 βελτίστου,

1916 516 2228 584 tauspieiis
2276 531 2362 570 res
2405 517 2567 570 salta:
2626 526 2808 583 erunt,
2842 516 3002 574 urbes
3036 526 3093 573 et
3142 529 3335 590 gentes
3375 521 3540 577 belus

283 594 559 646 κάκείνων
587 596 680 649 ἰπὶ
711 596 785 666 τῷ
812 598 1082 661 σώζεσθαι
1119 602 1211 653 καὶ
1253 603 1436 666 πόλεις
1460 609 1553 657 καὶ
1583 606 1733 675 ἔθνη,
1764 610 1858 662 καὶ

281 686 384 755 τῆς
410 688 617 753 ἀγαθῆς
668 689 742 752 ὡς
769 691 945 743 εἰπεῖν
976 693 1145 761 τύχης
1198 694 1338 763 μετὰ
1385 697 1581 751 πολλοῦ
1631 702 1723 753 τοῖα
1757 719 1856 753 πε-

283 777 497 845 ριόντος
545 777 682 830 πᾶσι
723 783 988 859 μετεῖναι.
1023 783 1196 835 ὐταν
1247 784 1306 837 δὲ
1357 787 1420 840 σὺ
1476 788 1577 856 μὲν
1612 790 1688 859 τῷ
1743 793 1858 845 δντι

284 867 568 936 βέλτιστος
607 867 696 940 ᾗς,
740 873 790 924 oi
842 854 896 925 δὲ
953 877 1071 953 πᾶν¹
1121 878 1436 931 τούναντίον
1457 854 1487 941 ,⁷
1530 854 1708 934 νοσείν
1762 886 1860 953 μὲν

280 960 500 1029 ἀνάγκη
540 964 638 1024 τὰς
670 964 854 1027 πόλεις
884 968 978 1017 καὶ
1009 950 1142 1032 πρὸς
1181 970 1242 1021 τὸ
1293 972 1465 1039 μηδὲν
1508 975 1606 1042 ἤδη
1636 950 1855 1046 χωρεῖν,

284 1054 345 1103 σὲ
373 1055 429 1104 δὲ
462 1056 541 1116 εἰς
580 1056 810 1124 αι’νιγμα
846 1059 1087 1123 πίπτειν,
1125 1061 1214 1113 διὰ
1256 1064 1357 1131 μὲν
1386 1068 1583 1119 σαυτὸν
1616 1071 1706 1120 καὶ
1729 1070 1858 1123 ὄντα

284 1144 568 1209 βέλτιστον
598 1150 689 1201 καὶ
724 1149 1037 1218 λεγόμενον,
1066 1151 1153 1205 διὰ
1181 1153 1236 1206 δὲ
1274 1156 1399 1218 τοὺς
1443 1158 1504 1209 οὐ
1537 1160 1718 1223 καλῶς
1749 1166 1859 1215 τῶν

283 1238 631 1302 πραγμάτων
680 1240 1131 1305 ἐπιστατοῦντας,
1165 1245 1201 1299 ἃ
1239 1246 1313 1316 μὴ
1350 1253 1595 1319 προσῆκε
1644 1256 1859 1323 νομιζό-

282 1342 448 1393 μενον
474 1330 568 1379 καὶ
599 1330 916 1400 λεγόμενον.
959 1336 1022 1387 El
1057 1338 1157 1404 μὲν
1196 1338 1305 1408 γὰρ
1335 1335 1445 1393 οἷόν
1491 1343 1541 1393 τ’
1569 1338 1638 1411 ἦν
1668 1344 1858 1417 ὥσπερ

281 1418 595 1489 ὑπόπτερον
638 1423 974 1494 ἑκασταχόσε
1016 1431 1235 1497 χωρεῖν,
1267 1432 1360 1483 καὶ
1407 1433 1498 1485 διὰ
1541 1436 1645 1503 γῆς
1674 1438 1855 1506 πάσης

282 1508 421 1561 ἱέναι
455 1511 602 1573 οἴους
637 1515 762 1575 τοὺς
799 1516 1209 1588 Τριπτολέμους
1239 1522 1489 1586 διαύλους
1534 1527 1669 1593 φασὶ
1700 1545 1857 1599 ποιη-

278 1602 392 1664 ταὶ,
431 1603 583 1655 οὐδὲν
637 1606 707 1658 ἂν
753 1602 820 1676 ἦν
851 1611 1103 1687 πρᾶγμα,
1156 1613 1274 1665 ἀλλ’
1315 1614 1514 1668 ἅπαντ’
1561 1617 1627 1670 ἂν
1684 1621 1857 1686 ῥᾷστα

278 1698 376 1746 καὶ
431 1699 567 1762 μετὰ
604 1701 803 1759 παντὸς
850 1702 945 1754 τοῦ
986 1706 1309 1772 γιγνομένου
1352 1707 1418 1759 δι’
1462 1709 1627 1762 αὑτὸν
1662 1714 1855 1766 σαυτὸν

277 1788 674 1856 κατειργάζου,
704 1792 798 1845 καὶΙ
841 1794 1196 1864 μηδεντινοῦν
1225 1802 1290 1869 τῇ
1337 1802 1506 1871 κακία
1538 1801 1721 1872 χώραν
1748 1822 1853 1858 παι

277 1879 482 1946 ρεῖχες,
516 1880 650 1935 ἀλλὰ
689 1886 828 1953 πρὸς
850 1887 931 1955 τῷ
966 1888 1127 1941 πάνθ’
1178 1889 1214 1943 ἃ
1245 1893 1490 1963 προσῆκε
1528 1899 1724 1964 ποιεῖν,
1758 1898 1853 1951 καὶ

276 1968 482 2018 σαυτὸν
510 1974 622 2032 τοῖς
651 1974 750 2025 οὐκ
778 1975 976 2029 εἰδόσιν
1004 1978 1266 2047 ἑδείκνυς,
1300 1982 1410 2035 ἀπὸ
1438 1985 1602 2050 μόνου
1636 1984 1729 2039 νῦν
1757 1987 1851 2040 τοῦ

275 2063 675 2129 προσρήματπ
728 2070 1191 2140 γιγνωσκόμενος,
1236 2076 1538 2144 τηνικαῦτα
1586 2078 1634 2131 δ’
1685 2080 1851 2145 αὐτὸς

273 2148 583 2217 ὁρώμενοςο
615 2154 706 2206 ὅτε
735 2155 793 2209 δὲ
838 2158 999 2212 τοῦτο
1046 2163 1149 2215 οὐκ
1190 2163 1290 2229 ἔνι,
1321 2165 1603 2237 ἀρχόντων
1653 2168 1736 2221 δεῖ
1767 2186 1851 2223 σοι

273 2237 557 2328 χρηστῶν,
588 2244 683 2294 καὶ
712 2243 789 2313 μὴ
817 2246 1165 2319 ψευδομινων
1195 2252 1455 2325 τοῦνομα,
1490 2258 1615 2328 μηδ’
1647 2254 1730 2323 οἷς
1758 2260 1852 2312 ἀν-

277 2325 520 2393 θρώπων
549 2331 737 2401 ἄρχειν
766 2334 1035 2403 δοκοῦσιν,
1066 2342 1247 2397 αὐτῶν
1274 2344 1379 2397 ὑπὸ
1421 2325 1730 2418 λημμάτων
1757 2353 1851 2405 καὶ

274 2421 340 2471 οὐ
386 2424 568 2477 καλῶν
614 2428 925 2499 ἐπιθυμιῶν
966 2434 1216 2499 ἐλεεινῶς
1267 2440 1607 2509 ἀρχομένων,
1665 2446 1750 2498 ῐνα
1780 2446 1848 2499 δι’

271 2514 459 2565 αὐτῶν
488 2515 637 2569 ῶσπε
647 2536 680 2589 ρ
706 2523 869 2575 τινῶν
913 2524 1180 2595 ὀμμάτων
1208 2530 1347 2585 οἴκοι
1392 2533 1723 2605 καθήμενος.
1754 2541 1848 2593 καὶ

269 2607 343 2658 τὰ
370 2609 513 2660 πάνυ
544 2628 627 2663 τοι
659 2614 849 2685 πόρῤω
878 2619 1057 2673 πάντα
1084 2620 1317 2698 διορὼῃς
1348 2643 1428 2692 τε,
1458 2631 1552 2680 καὶ
1583 2635 1849 2704 κοσμοίης

270 2698 516 2750 ἐπαίνων
540 2702 745 2769 ἀξίους,
773 2708 864 2759 καὶ
891 2709 966 2771 ὡς
991 2710 1055 2763 ἄν
1081 2729 1164 2775 τις
1190 2716 1381 2785 παρὼν
1413 2720 1507 2771 καὶ
1534 2721 1641 2774 τῶν
1669 2698 1849 2792 γιγνο-

272 2792 457 2859 μένων
481 2794 684 2849 ἕκαστα
710 2799 923 2866 βλέπων
950 2819 963 2832 ·
993 2802 1055 2855 οὐ
1086 2806 1195 2876 μὴν
1209 2808 1422 2873 τούτοις
1443 2812 1845 2882 ἑπιτιτραφότα

268 2883 355 2974 τὸΔ
388 2888 514 2952 πᾶν,
552 2889 926 2963 ῥᾳθυμότερόν
976 2912 1091 2960 πως
1145 2900 1312 2954 αὐτὸν
1359 2903 1464 2974 χρὴ
1512 2904 1843 2974 διακεῖσθαι,

263 2972 382 3026 οὐδ’
412 2974 585 3038 οὕτως
615 2979 1151 3053 ἑρῤᾳστωνευμένως
1176 2987 1245 3040 δι’
1278 2972 1479 3055 αὐτοὺς
1518 2996 1633 3057 τοῖς
1664 2972 1843 3067 πράγἐ

268 3082 409 3133 μασι
435 3069 695 3137 χρῆσθαι,
714 3073 788 3134 ὡς
813 3077 951 3143 μήτε
984 3077 1164 3146 λόγοις
1199 3081 1326 3151 μήτ’
1356 3083 1540 3154 ἔργοις
1569 3088 1695 3160 μηδ’
1726 3086 1842 3145 οἷσ-

264 3175 410 3210 τισιν
470 3164 799 3231 τοπαράπαν
837 3169 974 3236 πρὶς
1028 3172 1231 3243 ἀρετὴν
1274 3174 1482 3231 ἐθέλειν
1525 3181 1623 3244 τὰς
1665 3183 1846 3249 πόλεις
1872 3182 1917 3241 C

262 3257 621 3325 προτρέπειν,
667 3258 785 3312 ἀλλ’
805 3259 996 3332 ὥσπερ
1024 3263 1092 3317 ἂν
1116 3268 1164 3319 εί
1197 3266 1273 3338 μή
1316 3269 1524 3325 τούτων
1552 3276 1835 3345 παρόντων

261 3349 516 3417 ἀνάγκην
541 3348 701 3419 ἔσχες
739 3353 921 3419 αὐτὸς,
951 3354 1142 3426 ῶσπερ
1168 3353 1263 3413 οὖν
1289 3361 1383 3415 καὶ
1409 3362 1505 3417 νῦν
1545 3365 1709 3438 ἔχεις,
1740 3369 1835 3423 ἅτε

262 3440 464 3504 xor-:6);
494 3443 751 3497 ἁπάντων
797 3445 1095 3515 μελεδωνδς
1122 3451 1218 3506 καὶ
1258 3456 1571 3527 προστάτης
1608 3460 1836 3525 ταύταις

264 3536 612 3599 εἰσηγεῖσθαι
640 3536 704 3588 τὸ
728 3535 847 3589 δέον
876 3542 971 3594 καὶ
1001 3540 1181 3594 πάντα
1209 3544 1413 3613 τρόπον
1441 3551 1598 3619 χεῖρα
1630 3551 1838 3616 σώζου-

265 3642 375 3679 σαν
428 3626 766 3697 ὑπερίσχειν.
797 3628 953 3683 Οὕτω
1002 3634 1286 3703 παρόντων
1337 3640 1430 3692 καὶ
1481 3642 1604 3709 μάλ’
1645 3644 1838 3715 ἄρχειν

266 3718 512 3782 εἰδότων,
545 3721 639 3771 καὶ
690 3720 852 3774 αὐτὸν
883 3723 952 3775 τὰ
991 3726 1145 3795 παρὰ
1200 3732 1405 3784 σαυτοῦ
1457 3740 1837 3807 συνεισφέρειν

266 3814 364 3865 καὶ
400 3814 826 3882 συμφροντέζειν
881 3815 1070 3887 ῶσπερ
1106 3821 1272 3884 εἰκὸς,
1301 3825 1396 3875 νῦν
1441 3826 1542 3895 μὲν
1580 3834 1699 3894 ταῖς
1737 3834 1837 3884 πό-

266 3905 389 3957 λεσι
418 3903 487 3955 δι’
521 3906 821 3960 ἐπιστολῶν
868 3909 1116 3975 ὁμονοεῖν
1167 3916 1699 3989 παρακελευόμενον,
1745 3926 1840 3977 καὶ

266 3999 387 4058 τοῖς
426 4000 845 4067 προϊσταμένοις
878 3998 954 4062 ὠς
1001 4003 1217 4071 μάλιστ’
1254 4006 1525 4077 ὑπείκειν,
1576 4016 1670 4067 καὶ
1700 4016 1836 4081 ὅλως

264 4086 343 4144 ὧν
390 4091 486 4159 μὲν
515 4090 735 4160 ἔχεσθαι
768 4093 897 4163 χρὴ,
929 4086 1003 4147 ὧν
1031 4094 1076 4147 δ’
1104 4098 1422 4167 ἀπέχεσθαι,
1459 4103 1553 4157 νῦν
1580 4105 1637 4160 δὲ
1669 4112 1834 4163 σπεύ-

264 4184 458 4245 δοντας
490 4184 585 4235 καὶ
610 4182 808 4246 αὐτοὺς
832 4187 971 4237 κατὰ
1000 4186 1061 4238 τό
1085 4186 1213 4249 ἔπος
1241 4189 1555 4261 ὀτρύνοντα,
1586 4198 1679 4249 καὶ
1709 4217 1839 4267 προ.

268 4275 608 4343 θυμοτὲρους
642 4274 792 4342 σφῶν
820 4276 1001 4329 αὐτῶν
1051 4278 1387 4335 καθιστάντα
1412 4300 1425 4313 ·
1458 4287 1581 4340 ἐπεὶ
1622 4289 1680 4342 δὲ
1713 4295 1838 4356 τοὺς

266 4366 520 4437 ἡνιόχους
556 4366 772 4437 ὁρῶμεν
800 4369 860 4420 οὐ
894 4372 1013 4432 ταῖς
1054 4370 1160 4422 τῶν
1194 4374 1375 4426 ἵππων
1412 4379 1636 4445 ἀρεταῖς
1678 4384 1839 4451 μόνον

266 4460 610 4527 χρωμένους,
662 4459 799 4512 ἀλλὰ
829 4463 922 4514 καὶ
960 4461 1103 4532 λόγῳ
1145 4465 1235 4515 καὶ
1273 4465 1423 4536 ἔργῳ
1458 4471 1524 4523 τὰ
1550 4473 1680 4540 παρ’
1714 4476 1839 4527 ἐκ-

266 4552 378 4602 τῶν
411 4550 826 4617 προστιθέντας.
864 4552 975 4605 Καὶ
1006 4552 1161 4607 τοῦτο
1194 4557 1292 4623 μὲν
1321 4557 1384 4626 δὴ
1409 4560 1670 4622 τοιοῦτον.

343 4649 433 4709 ιγ’.
470 4644 784 4711 Χρημάτων
812 4644 867 4696 δὲ
913 4648 1040 4715 πέρι
1087 4648 1201 4709 πῶς
1236 4651 1300 4700 ἂν
1351 4650 1496 4720 ἔχειν
1544 4654 1743 4723 χρῆναί
1779 4673 1836 4707 σε

266 4736 488 4803 φῶμεν,
523 4734 554 4803 ῆ
585 4735 830 4801 δηλονότι
864 4735 1159 4803 βασιλικῶς
1190 4754 1249 4790 τε
1278 4743 1370 4794 καὶ
1404 4743 1838 4814 μεγαλοπρεπῶς

246 4830 362 4880 καὶ
388 4826 463 4887 ὡς
493 4826 641 4888 εἰκὸς
684 4826 923 4896 ἄρχοντα
956 4829 1161 4896 ἀγαθὸν
1204 4834 1299 4885 καὶ
1327 4832 1552 4902 γνώμης
1582 4837 1668 4903 ἐφ’
1696 4838 1838 4892 οὕτω

260 4938 346 4972 τοι
374 4920 471 4972 καὶ
508 4920 743 4987 σπουδῆς
771 4920 995 4989 ἥκοντα,
1029 4920 1104 4983 ὡς
1132 4925 1298 4975 πᾶσιν
1320 4924 1546 4990 ἀγαθοῖς
1582 4929 1748 4981 αὐτόν
1776 4947 1835 4981 τε

262 5012 666 5079 κεκοσμῆσθαι,
709 5014 818 5073 τοῖς
841 5029 898 5063 τε
932 5011 1113 5075 ἄλλοις
1140 5015 1363 5077 καὶτοῖς
1388 5019 1659 5088 παροῦσιν
1695 5022 1835 5089 λέγω

262 5108 359 5158 καὶ
395 5106 507 5165 τοῖς
557 5105 995 5172 ἐπιγιγνομένοις
1030 5105 1192 5158 καλοῦ
1234 5110 1430 5169 παντὸς
1459 5111 1526 5162 ἄν
1579 5114 1835 5179 γενέσθαι

263 5197 663 5266 παράδειγμα;
696 5195 940 5248 τουτέστι
974 5196 1049 5264 μὴ
1098 5199 1178 5259 είς
1209 5198 1524 5264 πλεονεξίας
1572 5205 1664 5255 καὶ
1703 5222 1834 5273 τρυ-

258 5292 367 5358 φὰς
399 5288 491 5338 καὶ
522 5288 620 5347 τὰς
647 5287 747 5338 οὐκ
770 5287 1173 5356 ἐπαινουμένας
1202 5290 1394 5359 ἡδονὰς
1421 5293 1682 5362 χρήματα,
1715 5296 1833 5348 διώ.

259 5398 380 5433 κείν
411 5378 709 5449 αἱρεῖσθαι,
738 5381 833 5432 καὶ
858 5377 971 5447 βίον
1007 5379 1106 5448 ζῇν
1132 5380 1296 5451 ὑγρόν
1332 5398 1392 5434 τε
1427 5385 1520 5436 καὶ
1548 5386 1834 5455 ἀνειμένον

256 5475 353 5527 καὶ
378 5472 599 5540 χαμᾶζε
630 5471 865 5539 φέροντα
886 5484 901 5500 ·
929 5470 1046 5525 ἀλλ’
1079 5471 1219 5524 ὥστε
1266 5473 1336 5524 δι’
1367 5475 1546 5528 αὐτῶν
1584 5478 1832 5541 ἅπαντας

256 5561 318 5618 εὖ
376 5565 551 5615 ποιεῖν
584 5562 731 5631 ἔχειν
782 5562 1107 5631 Θαυμαστῆς
1156 5564 1469 5634 ἐλευθερίας
1512 5570 1607 5621 καὶ
1660 5588 1829 5638 μεγα.

254 5656 522 5723 λσᾷυχίας
568 5654 779 5720 ἑφόδιον
820 5653 1143 5725 ποιούμενον
1172 5656 1365 5723 ταῦτα,
1417 5661 1511 5713 καὶ
1552 5662 1831 5733 χρώμενον

257 5750 394 5817 πρὶς
424 5746 460 5800 ἃ
485 5746 591 5799 δεῖ.
620 5748 681 5799 Ei
718 5750 815 5815 μὲν
844 5742 938 5799 οὖν
982 5748 1283 5817 χρημάτων
1310 5749 1454 5803 οὕτω
1496 5753 1649 5819 λόγον
1678 5762 1824 5826 ποιῇ,

251 5840 314 5891 οὐ
349 5838 512 5910 μόνον
559 5839 785 5908 ἀγαθῶν
826 5839 1083 5894 ἁπάντων
1137 5842 1484 5919 ἀντιποιήση,
1534 5848 1670 5903 ἀλλὰ
1724 5852 1825 5906 κὰν

1960 630 2221 683 omnibus
2253 629 2771 686 circumﬂuentibus
2818 631 3117 689 ﬂorebunt.
3144 634 3351 701 Qluodsi
3399 652 3532 690 vero

1961 746 2019 789 tu
2051 736 2273 805 quidem
2308 738 2553 807 optimus
2584 754 2666 804 es,
2691 741 2842 796 cives
2870 754 3055 797 autem
3087 759 3117 798 e
3147 754 3336 799 contra
3375 750 3531 816 pravi

1958 855 2110 911 sunt,
2148 848 2397 904 civitates
2446 850 2694 907 labantes
2740 853 2794 907 in
2820 855 3050 908 exitium
3082 867 3283 925 ruent;
3328 866 3383 912 tu
3418 860 3533 929 ipse

1959 972 2140 1019 autem
2171 980 2271 1034 per
2299 968 2583 1023 hominum
2605 984 2700 1024 ora
2721 969 2829 1027 ibis
2855 971 3155 1028 dicentium
3182 984 3232 1030 te
3260 977 3537 1045 Optimum

1959 1079 2182 1149 quidem
2212 1081 2390 1136 virum
2424 1082 2787 1139 inﬁrmiorem
2815 1100 2935 1140 esse
2960 1102 3123 1156 quam
3158 1096 3217 1142 ut
3246 1091 3532 1159 magistra-

1961 1198 2049 1245 tus
2080 1204 2109 1243 a
2135 1193 2544 1261 pravaricando
2578 1194 2870 1264 impedias.
2916 1196 2971 1253 Si
3015 1200 3164 1253 enim
3201 1200 3317 1256 ﬁeri
3348 1214 3533 1269 posset

1958 1310 2019 1355 ut
2039 1303 2245 1358 semita
2274 1319 2409 1374 quas
2438 1315 2611 1375 poeta:
2637 1306 2957 1378 Triptolemi
2990 1313 3213 1368 nomine
3246 1313 3530 1380 decoram,

1961 1424 2128 1471 totam
2164 1430 2365 1473 terram
2395 1422 2784 1490 pervaderent.
2817 1426 2967 1480 nulla
2990 1428 3103 1497 jam
3126 1427 3417 1485 dlﬂicnltas
3443 1445 3533 1484 es-

1958 1539 2063 1593 set,
2090 1532 2187 1585 sed
2223 1534 2407 1587 omnia
2444 1535 2676 1603 pedibus
2716 1537 2984 1595 subderes
3037 1540 3169 1607 tuis,
3211 1544 3533 1613 nullumque

1955 1644 2148 1700 sceleri
2177 1646 2357 1701 locum
2393 1648 2569 1715 dares,
2601 1651 2743 1706 sicut
2774 1662 2933 1708 antea
2968 1654 3237 1710 bonarum
3278 1667 3331 1713 te
3363 1660 3534 1715 aCtiu-

1958 1774 2087 1812 num
2122 1762 2401 1831 exemplar
2430 1763 2755 1820 exbibuisti.
2781 1766 2889 1822 Sed
2912 1783 3035 1823 cum
3062 1769 3114 1823 id
3145 1771 3262 1825 fieri
3287 1774 3396 1843 jam
3424 1791 3531 1828 unu

1884 1858 1927 1911 Β
1958 1871 2147 1939 possit,
2174 1872 2333 1928 bouis
2364 1874 2463 1928 tibi
2504 1889 2582 1940 re,
2608 1891 2715 1929 nou
2745 1877 2967 1933 nomine
3002 1888 3213 1934 tantum
3242 1882 3530 1953 magistra-

1960 1984 2105 2038 tibus
2133 1999 2273 2055 opus
2303 1996 2412 2052 est,
2452 1996 2510 2041 et
2548 1989 2643 2058 qui
2701 1990 2959 2047 homines
2989 1993 3299 2062 gubernare
3326 2012 3534 2065 pracsu-

1956 2108 2135 2163 munt,
2167 2098 2298 2154 dum
2340 2100 2442 2171 ipsi
2476 2104 2662 2171 pravis
2690 2105 3101 2175 cupiditatibus
3125 2108 3325 2164 misere
3352 2110 3531 2164 laces-

1954 2218 2173 2277 suntur,
2215 2211 2347 2266 dum
2379 2222 2436 2267 tu
2471 2214 2591 2284 ipse
2625 2216 2806 2270 bonos
2838 2217 3013 2287 aequis
3054 2219 3233 2273 oculis
3256 2220 3529 2276 discernis

1951 2332 2010 2376 et
2044 2323 2302 2380 laudibus
2351 2326 2537 2383 eﬂ‘ers.
2592 2327 2711 2383 Non
2765 2329 2912 2384 enim
2972 2332 3283 2388 committes
3337 2344 3395 2388 ut
3440 2349 3529 2388 res

1952 2435 2093 2489 male
2128 2450 2187 2490 se
2246 2437 2501 2504 habeant,
2550 2453 2881 2510 semperque
2915 2442 2970 2497 id
3008 2457 3135 2512 ages
3172 2452 3232 2498 ut
3273 2444 3526 2501 civitates

1955 2561 2090 2601 voce
2112 2556 2166 2600 et
2203 2552 2456 2619 exemplo
2486 2550 2555 2605 ad
2588 2551 2814 2607 virtutis
2851 2553 3180 2610 exercitium
3228 2550 3524 2626 propellas,

1948 2675 2270 2729 persuasum
2295 2663 2501 2719 habens
2533 2665 2767 2734 quod,si
2813 2669 3153 2723 contrarium
3185 2670 3406 2736 accidit,
3435 2687 3524 2727 re-

1949 2786 2066 2824 rum
2088 2774 2353 2842 angustiis
2370 2778 2719 2843 premereris,
2745 2788 2804 2832 ut
2824 2794 2969 2834 nunc
3002 2781 3258 2850 quidem;
3280 2785 3525 2839 omnium

1947 2884 2095 2941 enim
2129 2896 2185 2940 tu
2207 2897 2486 2957 protector
2520 2907 2585 2946 ac
2617 2903 2805 2949 custos
2838 2909 3033 2950 omnes
3056 2897 3189 2965 quid
3220 2900 3419 2968 cuique
3447 2900 3526 2955 [ες

1953 2998 2218 3055 ciendum
2258 3002 2330 3058 sit
2362 3004 2590 3060 docebis
2622 3022 2958 3079 manumque
2989 3010 3309 3067 auxiliarem
3347 3018 3527 3083 porri-

1950 3126 2065 3182 ges.
2099 3112 2259 3179 Quod
2300 3115 2346 3171 si
2384 3131 2473 3171 res
2504 3117 2579 3173 ita
2624 3134 2683 3174 se
2718 3120 2949 3185 habent,
3001 3132 3058 3177 tu
3093 3139 3207 3179 rem
3250 3126 3526 3195 publicam

1952 3242 2052 3298 pro
2078 3227 2223 3284 virili
2253 3240 2403 3299 parte
2432 3232 2862 3302 administrabis,
2888 3235 3035 3293 cives
3055 3238 3276 3307 quidem
3298 3240 3363 3293 ad
3391 3256 3524 3295 cou-

1942 3340 2185 3396 eordiam
2225 3353 2280 3398 et
2314 3344 2383 3399 ad
2425 3344 2751 3416 obsequium
2790 3363 2893 3418 per
2922 3349 3137 3405 litteras
3158 3351 3519 3415 exhortando,

1941 3458 2147 3521 etquae
2199 3454 2564 3523 observanda,
2614 3471 2739 3526 quae
2781 3456 3037 3512 evitanda
3070 3458 3301 3514 veniunt
3338 3474 3526 3516 osten-

1944 3561 2152 3631 dendo,
2179 3580 2327 3621 nunc
2350 3566 2706 3632 stimulando,
2752 3580 2806 3623 et
2845 3570 3091 3625 animum
3128 3570 3196 3625 iis
3248 3574 3520 3642 augendo,

1947 3676 2217 3745 siquidem
2237 3680 2456 3750 aurigas
2483 3697 2703 3751 quoque
2719 3699 2828 3737 non
2851 3692 3058 3738 tantum
3071 3699 3338 3754 equorum
3353 3687 3524 3741 virtu-

1949 3788 2098 3843 tibus
2134 3792 2211 3845 uti
2236 3791 2505 3858 videmus,
2531 3794 2738 3863 quippe
2767 3795 2863 3864 qui
2896 3794 3063 3853 verbo
3092 3810 3157 3850 ac
3184 3810 3242 3850 re
3269 3795 3514 3852 adhibita

1948 3905 2276 3973 procedunt.
2305 3902 2410 3960 Sed
2454 3905 2569 3961 haec
2599 3906 2888 3961 hactenus.

2019 4643 2104 4696 13.
2143 4644 2261 4699 1am
2296 4646 2590 4703 dicendum
2623 4660 2708 4705 est
2733 4653 2948 4721 qualem
2975 4664 3026 4709 te
3056 4655 3199 4711 circa
3232 4653 3515 4725 pecuniam

1941 4755 2204 4810 exhibere
2236 4758 2440 4813 debeas
2473 4780 2486 4816 :
2528 4762 2734 4832 regium
2766 4764 2976 4821 scilicet
2997 4773 3052 4820 et
3090 4767 3437 4837 magniﬁcum
3460 4776 3518 4819 ut
3564 4770 3567 4771 ⁷

1941 4868 2177 4936 probum
2220 4886 2403 4940 regem
2446 4872 2717 4929 condecet
2749 4876 2844 4944 qui
2880 4892 2944 4931 ea
2982 4878 3209 4943 sentire,
3242 4879 3308 4933 iis
3355 4879 3517 4932 rebus

1940 4982 2166 5036 studere
2197 4983 2363 5038 debet
2392 5002 2513 5055 qua:
2547 4990 2726 5057 ipsum
2744 5001 3017 5044 exornant
3049 5000 3103 5044 et
3128 4991 3328 5060 quibus
3351 5000 3514 5045 caue-

1941 5093 2014 5147 ris
2042 5097 2375 5163 exemplaris
2410 5097 2542 5151 loco
2572 5100 2698 5153 erit.
2729 5098 2783 5153 Id
2830 5099 2949 5164 ﬁet,
2987 5101 3032 5155 si
3066 5101 3134 5154 ab
3191 5101 3418 5154 avaritia
3462 5110 3518 5154 et

1938 5205 2154 5258 luxurie
2181 5221 2337 5274 :rque
2365 5217 2610 5262 remotus
2641 5210 2827 5278 pravis
2862 5209 3238 5280 voluptatibus
3278 5225 3387 5263 non
3433 5210 3517 5262 iu-

1938 5311 2152 5379 dulges,
2189 5327 2310 5380 qua:
2335 5322 2587 5367 naturam
2622 5314 2915 5369 humanam
2953 5315 3252 5385 depravant
3280 5330 3341 5368 ac
3360 5314 3511 5368 bumi

1924 5433 2211 5489 sternunt,
2246 5425 2355 5478 imo
2389 5426 2442 5479 in
2474 5426 2736 5482 omnibus
2783 5428 3089 5483 liberaliter
3133 5443 3197 5483 ac
3234 5427 3515 5497 magnani-

1935 5526 2084 5579 mitel
2122 5530 2388 5596 agendum
2412 5538 2495 5583 est
2516 5541 2573 5585 et
2609 5542 2667 5584 ut
2699 5546 2829 5585 sana
2860 5532 2998 5585 ratio
3023 5532 3292 5601 praecipit.
3321 5532 3377 5585 Si
3406 5531 3514 5585 hoc

1937 5637 2099 5688 modo
2141 5651 2253 5689 rem
2281 5638 2659 5703 pecuniariam
2688 5638 2971 5702 tractabis,
2996 5654 3100 5692 non
3138 5640 3301 5691 modo
3322 5638 3511 5693 omnia

1939 5745 2082 5797 houa
2116 5732 2491 5813 counsequeris,
2520 5746 2613 5799 sed
2649 5748 2814 5801 etiam
2850 5749 2902 5801 iu
2935 5746 3220 5818 exigendis
3251 5749 3319 5802 ab
3353 5748 3506 5801 urbi-

1936 5854 2035 5909 bus
2071 5855 2430 5926 \ccligalibus
2460 5857 2758 5914 humanum
2792 5867 2841 5913 te
2877 5859 3149 5927 praebebis
3178 5872 3230 5914 et
3275 5860 3500 5913 minime
