4232 6432
718 370 817 431 471

1941 369 2337 430 THEODULI
2381 370 2726 430 MONAtllll

3861 368 3968 431 δίἷέ

721 479 1022 534 οὺεάὶι.8‹ιά
1069 483 1155 537 qui
1202 497 1287 537 rer
1336 498 1389 535 se
1437 497 1618 546 parum
1683 483 1949 551 intelligit,
2003 502 2093 539 nec
2159 484 2289 537 alte-
2319 487 2355 551 Α

2319 487 2363 551 Α
2400 483 2501 551 Ὃς
2533 484 2585 534 δ’
2617 479 2695 536 αὖ
2725 482 2865 549 μήθ’
2903 482 3061 547 αὖτῴ
3111 482 3250 551 νοέῃ
3283 482 3423 551 μήτ’
3456 482 3651 536 ἄλλοι*
3702 484 3968 540 ἀκούων.

718 569 834 605 tum
866 552 1039 615 audit,
1078 552 1120 603 is
1152 567 1278 605 sane
1306 552 1384 604 vir
1423 562 1496 605 est
1528 552 1841 607 imbecillus.

720 666 779 722 lu
809 667 1124 721 universum
1160 683 1378 735 semper
1416 681 1446 721 e
1476 666 1637 721 bonis
1672 669 1919 723 consiliis
1949 669 2159 723 utilitas
2191 666 2288 721 ali-

718 798 824 849 qua
858 780 912 835 in
946 783 1163 852 negotia
1212 782 1518 849 redundat,
1554 782 1684 837 dum
1716 799 1747 839 e
1776 783 1933 839 falsis
1982 784 2289 839 ratiociniis

714 900 898 950 nnmia
930 899 1242 953 necessario
1268 898 1543 969 perditum
1576 908 1732 955 eunt.
1769 900 1861 957 Sic
1911 902 2147 956 militqu
2181 899 2286 954 du-

714 1025 827 1074 ces,
862 1009 942 1063 sic
974 1010 1130 1064 navis
1166 1019 1409 1066 rectores
1433 1052 1447 1077 ,
1481 1012 1562 1067 sic
1590 1013 1907 1083 quicunque
1937 1013 2099 1079 alius,
2133 1023 2287 1068 ante-

712 1141 875 1191 quam
900 1140 1041 1194 opus
1061 1126 1480 1199 aggrediuntur,
1504 1112 1836 1193 deliberant,
1859 1128 1988 1185 licet
2010 1128 2078 1183 de
2101 1129 2287 1197 parvis

711 1254 858 1307 saepe
884 1240 1101 1307 agitur;
1132 1240 1228 1294 tibi
1251 1251 1435 1296 autem
1465 1243 1636 1297 totius
1653 1240 1806 1296 orbis
1826 1256 1958 1297 cura
1991 1242 2279 1297 incumbit.

715 1352 794 1403 'I‘u
848 1353 1011 1404 urbes
1057 1367 1120 1406 ac
1152 1353 1384 1421 populos
1427 1369 1490 1407 ac
1531 1354 1819 1409 thesauros
1850 1356 1976 1425 jure
2004 1355 2284 1425 subjectos

712 1466 807 1517 tibi
838 1466 1034 1531 habes;
1071 1482 1242 1534 quare
1270 1478 1448 1522 tecum
1472 1469 1738 1534 delibera,
1762 1486 1866 1525 nec
1890 1487 2129 1541 unquam
2155 1488 2281 1526 cum

711 1580 868 1631 bouis
892 1579 1022 1633 viris
1049 1583 1363 1635 conversari
1392 1584 1611 1648 desiste,
1645 1594 1701 1637 et
1722 1600 1820 1651 pro
1854 1595 1943 1639 tua
1970 1598 2121 1653 parte
2150 1602 2281 1654 ope-

710 1706 825 1746 ram
861 1690 927 1745 da
966 1701 1023 1746 ut
1054 1708 1284 1763 scopum
1320 1696 1558 1765 attingas
1586 1697 1954 1765 propositum,
1995 1708 2047 1752 te
2083 1698 2136 1751 in
2170 1700 2283 1767 pri-

710 1806 814 1859 mis
868 1806 1047 1873 ipsum
1087 1808 1380 1864 vincendo.
1416 1811 1520 1865 Sed
1581 1811 1887 1867 deliberare
1920 1814 1987 1867 de
2022 1815 2282 1884 gravissi-
2316 1817 2355 1871 Β

706 1918 813 1970 mis
856 1916 1024 1971 rebus
1055 1936 1163 1973 non
1226 1923 1360 1976 satis
1407 1934 1514 1986 est,
1555 1924 1649 1977 sed
1712 1942 1833 1993 qua:
1873 1925 2054 1980 facere
2092 1927 2277 1981 animo

702 2036 970 2099 statuisti,
1007 2048 1236 2091 caeteros
1284 2038 1455 2093 latere
1511 2039 1790 2105 conducit,
1845 2041 1897 2093 id
1958 2041 2103 2109 quod
2160 2041 2277 2095 sine

706 2164 899 2218 magna
934 2151 1225 2219 prudentia
1262 2151 1378 2209 ﬁcri
1416 2154 1644 2222 nequit;
1675 2170 1802 2207 nam
1859 2154 2085 2207 consilia
2112 2165 2276 2220 atque

702 2279 870 2331 opera
906 2274 1060 2317 arcto
1095 2264 1314 2318 vinculo
1340 2266 1527 2334 juncta
1556 2281 1675 2319 esse
1706 2265 1930 2329 debent,
1964 2267 2091 2335 quia
2139 2267 2275 2321 alte-

702 2396 824 2439 rum
867 2381 1099 2440 alterius
1125 2391 1267 2448 eget.
1298 2382 1471 2435 Omne
1504 2380 1692 2451 utique
1721 2381 1888 2437 animi
1911 2382 2274 2450 propositum,

706 2498 834 2551 licet
865 2496 1283 2551 callidissimum
1326 2498 1416 2561 sit,
1448 2506 1505 2551 et
1528 2511 1559 2551 e
1589 2495 1865 2566 profundo
1889 2496 2097 2565 judicio
2119 2511 2274 2550 exor-

706 2624 848 2672 tum,
882 2610 1097 2665 caeteris
1130 2611 1374 2679 ignotum
1415 2609 1489 2664 sit
1533 2625 1758 2665 necesse
1816 2620 1921 2674 est,
1956 2612 2001 2666 si
2034 2610 2275 2666 fructum

708 2730 837 2782 inde
870 2729 1157 2797 percipere
1185 2727 1289 2781 vis.
1343 2727 1445 2783 Ubi
1476 2732 1716 2798 primum
1746 2738 1929 2782 autem
1989 2730 2044 2782 in
2080 2727 2277 2796 vulgus

700 2844 857 2908 exiit,
905 2844 1258 2899 metuendum
1297 2854 1383 2900 est
1428 2858 1498 2899 ne
1546 2860 1654 2899 non
1683 2845 2007 2899 succedatet
2025 2845 2091 2897 ad
2116 2844 2277 2901 linem

704 2960 989 3027 perveniat
1022 2958 1385 3029 pmpositum.
1411 2958 1530 3024 Quo
1558 2969 1615 3013 ut
1649 2959 1961 3028 pervenias,
1984 2956 2275 3028 prudentia

702 3094 917 3136 summa
947 3093 1087 3148 Opus
1116 3087 1218 3132 est.
1261 3076 1430 3147 Igitur
1448 3077 1494 3133 si
1523 3087 1719 3133 contra
1742 3076 1938 3131 Persas
1966 3074 2269 3130 exercitum

701 3198 904 3253 dueere
943 3196 996 3248 in
1061 3196 1247 3250 animo
1287 3183 1481 3262 habes,
1513 3192 1808 3263 Ethiopas
1841 3194 2172 3264 pratexito;
2225 3191 2273 3246 si

706 3311 868 3379 Mysis
894 3312 1096 3365 bellant
1130 3312 1212 3365 vis
1242 3309 1466 3375 inferre,
1495 3317 1685 3364 contra
1712 3308 1983 3363 Triballos
2007 3308 2061 3362 id
2086 3306 2270 3361 facere

705 3424 842 3478 velle
875 3424 1070 3477 simula
1110 3443 1123 3476 :
1157 3424 1235 3477 sic
1259 3424 1461 3478 etenim
1481 3423 1626 3492 quod
1664 3422 1885 3490 quaeris,
1916 3421 2074 3476 facile
2093 3420 2276 3477 obtin-

703 3555 819 3607 εις,
850 3551 905 3593 ct
942 3540 1088 3594 felici
1120 3555 1302 3593 rerum
1335 3549 1551 3594 tuarum
1582 3552 1839 3595 successu
1868 3537 2096 3595 frueris.

774 3964 861 4022 16.
909 3965 964 4019 ld
996 3966 1050 4019 in
1089 3966 1285 4033 primls
1308 3980 1441 4021 cura
1491 3980 1589 4029 ne,
1629 3980 1771 4037 quos
1818 3965 2033 4023 amicos
2066 3965 2271 4031 credis,

701 4090 797 4130 eos
822 4076 1132 4132 adulatores
1160 4077 1383 4145 habeas,
1413 4090 1471 4134 et
1502 4092 1601 4135 eos
1619 4079 1678 4134 in
1708 4080 2103 4136 commercium
2133 4079 2275 4135 deli-

700 4208 795 4261 gas
818 4192 911 4261 qui
938 4208 1003 4248 eo
1038 4193 1247 4260 honore
1266 4193 1493 4249 minime
1524 4194 1675 4265 digni
1701 4202 1856 4251 sunt.
1887 4196 2007 4253 Non
2036 4196 2184 4251 enim
2208 4195 2277 4249 iis

702 4310 794 4377 qui
830 4308 1000 4362 rebus
1027 4309 1136 4363 tuis
1174 4308 1401 4362 student
1468 4309 1677 4379 tibique
1706 4310 2073 4367 blandiuntur
2099 4312 2271 4366 conli-

702 4422 940 4475 dendum
975 4432 1061 4475 est
1089 4432 1253 4490 atque
1284 4423 1700 4477 adhaeret-dum.
1723 4424 1831 4478 Sed
1861 4424 1953 4478 ubi
1979 4425 2270 4494 quemdam

699 4540 922 4592 obvium
966 4540 1227 4595 habueris
1256 4540 1349 4610 qui
1391 4541 1460 4595 de
1497 4541 1665 4596 rebus
1692 4542 1801 4596 tuis
1848 4542 2105 4596 secundis
2135 4558 2269 4612 gau-

700 4654 813 4718 det,
846 4654 913 4706 de
970 4653 1218 4708 adversis
1261 4663 1481 4720 mwret,
1516 4654 1610 4723 qui
1644 4654 1918 4711 laudanda
1947 4656 2159 4721 laudat,
2192 4657 2273 4710 vi-

704 4767 1006 4837 tuperanda
1032 4768 1329 4838 vituperat,
1352 4768 1447 4839 qui
1468 4767 1693 4822 consilia
1711 4766 1803 4822 dat
1823 4766 2108 4832 salutaria,
2126 4783 2189 4823 ac
2216 4767 2271 4822 in

703 4884 978 4954 loquendo
1006 4885 1305 4952 .agendove
1342 4885 1619 4943 sincerum
1666 4894 1841 4939 semet
1866 4885 2095 4953 praebet,
2145 4900 2271 4939 eum

701 5001 939 5055 arnicum
971 5017 1033 5056 ac
1066 5000 1391 5057 familiarem
1416 5016 1654 5057 assume.
1682 5001 1785 5067 Qui
1812 5011 1997 5055 autem
2027 5017 2149 5072 quae
2179 5011 2271 5054 tua

698 5124 846 5179 sunt,
882 5130 949 5169 eo
988 5116 1107 5184 ipso
1148 5131 1366 5186 semper
1401 5116 1713 5171 collaudant
1767 5115 2269 5180 indiscriminatim,

699 5230 905 5296 quique
929 5230 1256 5284 muneribus
1274 5229 1610 5300 accipiendis
1641 5228 1876 5296 inhiant,
1909 5245 2006 5284 eos
2028 5246 2180 5301 mque
2211 5245 2273 5284 ac

700 5344 1019 5400 adulatores
1047 5346 1417 5413 tergiversare
1454 5361 1521 5400 ac
1548 5346 1679 5401 odio
1708 5346 1870 5401 habe.
1906 5346 2083 5401 Probe
2122 5344 2269 5399 enim

701 5459 847 5514 nosti
880 5460 1022 5527 quod
1046 5460 1138 5513 alii
1161 5460 1380 5528 quidem
1413 5475 1558 5529 aegre
1593 5460 1777 5513 ferunt
1805 5459 1851 5514 si
1884 5474 1993 5512 non
2024 5456 2270 5526 quotidie

700 5571 969 5626 beneﬁcia
996 5573 1289 5641 recipiunt,
1314 5572 1429 5638 alii,
1452 5573 1579 5626 licet
1603 5587 1813 5627 summa
1841 5570 2039 5642 injuria
2067 5569 2269 5633 affecti,

700 5684 930 5740 minime
980 5696 1333 5757 queruntur,
1370 5687 1481 5741 imo
1515 5686 1671 5756 quasi
1729 5685 1996 5741 beneﬁcia
2056 5683 2267 5755 experti

700 5808 855 5868 tuum
889 5802 1278 5859 commercium
1310 5803 1470 5872 inire,
1505 5812 1683 5859 tecum
1719 5802 1917 5859 bonam
1980 5817 2042 5857 ac
2076 5800 2269 5856 malam

2353 546 2359 552 ’
2405 550 2507 603 Ἐν
2535 551 2699 621 υυμῷ
2725 546 3058 618 βάλληται,
3095 556 3127 604 ό
3154 546 3373 607 6⁸⁷αὗτ³
3411 553 3659 621 ἀχρήϊος
3693 554 3871 622 ἁνήρ.

2388 664 2573 733 Χωρὶς
2599 664 2656 716 δέ
2677 664 2907 730 τούτων,
2942 668 2998 719 ἐν
3032 666 3133 735 μὲν
3158 667 3235 737 τῷ
3265 668 3530 722 κάλλιστα
3559 669 3654 721 καὶ
3694 668 3769 731 ὡς
3797 670 3968 737 ἐχρῆν

2390 753 2780 823 βεϐουλεῦσθαι
2826 756 3058 827 μεγίστη
3114 759 3196 821 τίς
3229 761 3347 811 ἐστι
3372 760 3485 821 τοῖς
3526 759 3822 828 πράγμασι
3856 777 3965 811 σω-

2388 848 2552 916 τηρία
2574 863 2587 877 ·
2619 851 2677 900 ἐν
2706 849 2761 901 δέ
2796 850 2874 919 τῷ
2905 852 3030 916 τοὺς
3055 854 3358 922 λογισμοὺς
3414 853 3763 922 ἡμαρτῆσθαι
3808 854 3968 907 πάντ’

2387 938 2449 1003 ἐξ
2483 940 2728 1010 ἀνάγκης
2754 942 3020 1011 ἐφθάρθαι
3041 961 3056 976 ο
3093 945 3239 1001 o'wtn
3265 947 3360 998 καὶ
3393 947 3691 1015 στρατηγοὶ
3735 947 3830 997 καὶ
3861 964 3961 996 κυ-

2388 1032 2654 1101 ϐερνῆται
2685 1034 2900 1087 ποιοῦσι
2934 1036 3030 1087 καὶ
3070 1038 3176 1098 πᾶς
3205 1053 3289 1098 τις
3339 1036 3525 1102 ἕτερος
3547 1053 3560 1068 ν
3588 1037 3798 1089 τούτων
3831 1038 3960 1090 ’ἑκα-

2388 1141 2515 1189 στος
2543 1126 2605 1178 οὐ
2650 1128 2782 1196 πρὶν
2809 1127 2985 1181 ὁτιοῦν
3016 1129 3259 1194 ἀξιοῦσιν
3297 1130 3582 1199 εἰργάσθαι
3612 1129 3740 1196 πρὶν
3773 1130 3822 1197 ἦ,
3856 1147 3956 1181 κα-

2385 1216 2493 1279 λῶς
2524 1217 2911 1285 βεϐουλεῦσθαι
2941 1234 2954 1247 ⁰
2989 1218 3168 1273 καίτοι
3207 1221 3254 1291 οἱ
3284 1219 3385 1289 μὲν
3440 1220 3579 1287 ὑπὲρ
3608 1220 3860 1288 σμικρῶν
3890 1220 3953 1287 δή

2383 1322 2547 1358 τινων
2571 1311 2667 1360 καὶ
2689 1309 2796 1361 τῶν
2825 1310 2882 1362 ἐν
2910 1311 3069 1380 μέρει
3105 1311 3468 1380 πραγμάτων,
3500 1310 3580 1361 σοὶ
3626 1310 3682 1362 δὲ
3715 1305 3793 1371 εἷς
3819 1311 3957 1378 ὑπὲρ

2387 1396 2607 1468 ἁπάσης
2653 1401 2752 1468 τῆς
2803 1400 3127 1467 οἰκουμένης
3181 1401 3439 1472 ἔρριπται
3486 1401 3649 1462 κύϐος
3678 1416 3691 1429 ·
3748 1400 3822 1462 ὡς
3871 1398 3963 1452 οὖν

2387 1487 2577 1554 κύριος
2606 1485 2682 1539 ὢν
2711 1487 2769 1540 εὖ
2802 1506 2859 1541 τε
2880 1491 2973 1540 καὶ
2996 1489 3071 1550 ὼς
3101 1491 3304 1559 ἑτέρως
3329 1492 3424 1543 καὶ
3456 1490 3638 1552 πόλεις
3668 1491 3838 1556 ἴσχειν
3869 1491 3961 1541 καὶ

2385 1576 2512 1646 ἔθνη
2545 1580 2637 1629 καὶ
2674 1578 2850 1631 πάντα
2888 1581 3166 1648 χρήματα,
3202 1580 3380 1631 πάντα
3420 1581 3486 1631 τά
3534 1578 3767 1647 βέλτιστ’
3800 1579 3961 1638 afui;

2385 1672 2478 1720 καὶ
2531 1669 2791 1738 βουλεύου
2845 1672 2939 1723 καὶ
2974 1673 3209 1741 πρᾶττε,
3267 1674 3361 1726 καὶ
3392 1674 3527 1739 μήτε
3572 1676 3686 1727 τοῖς
3738 1671 3957 1735 ἀγαθοῖς

2385 1760 2611 1829 ἀνδράσι
2660 1762 2841 1832 παύσῃ
2895 1762 3087 1826 ξυνὼν,
3149 1765 3274 1833 μήτ’
3328 1766 3541 1816 οἴκοθεν
3594 1765 3753 1827 aia-.5;
3803 1764 3960 1815 άνευ-

2384 1852 2588 1922 ρίσκων
2616 1852 2677 1905 τὸ
2722 1853 2839 1905 δέον
2870 1854 2964 1906 καὶ
3005 1856 3502 1925 κατεργαζόμενος,
3549 1858 3641 1907 καὶ
3678 1855 3873 1906 σαυτῆν
3906 1857 3958 1905 ἐλ

2377 1944 2594 2008 τούτοις
2631 1946 2753 1998 ὅσαι
2799 1959 2938 2013 ωραι
2973 1947 3163 2000 νικῶν.
3204 1948 3311 1999 Καὶ
3346 1947 3451 2015 μὴν
3485 1949 3546 1999 οὐ
3596 1947 3655 1998 τὸ
3710 1946 3959 2015 βουλεύε-

2382 2036 2507 2088 σθαι
2543 2040 2704 2106 μόνον
2740 2037 3001 2109 περὶτῶν
3033 2038 3305 2106 μεγίστων
3342 2040 3580 2107 ἀπόχρη,
3616 2037 3752 2091 ἀλλὰ
3780 2038 3873 2089 καὶ
3901 2037 3959 2089 τὶ

2379 2128 2447 2179 τὰ
2478 2128 2878 2197 βεὸουλευμένα
2908 2130 3037 2199 πρὶν
3076 2130 3109 2200 ἢ
3147 2131 3463 2200 πεπρᾶχθαι
3523 2122 3806 2183 λανθάνειν
3833 2131 3960 2191 τοῦς

2379 2221 2570 2282 ἄλλους
2600 2224 2885 2290 προσεῖναι
2922 2222 3020 2284 δεῖ,
3074 2223 3170 2274 καὶ
3200 2224 3426 2274 σκοπεῖν
3473 2222 3572 2291 οὐχ
3599 2224 3743 2285 ὅπως
3781 2224 3959 2273 ἐκεῖνο

2383 2313 2584 2377 μᾶλλον
2615 2312 2788 2378 ἔσται,
2815 2313 2847 2381 ἦ
2879 2312 3025 2375 ὅπως
3052 2314 3241 2383 ἐκείνῳ
3270 2313 3427 2366 τοῦτο
3468 2315 3800 2383 προσέσται,
3830 2314 3959 2366 xiv-

2378 2403 2568 2455 τεῦθεν
2595 2404 2753 2456 τοῦτο
2790 2406 3035 2473 μείζονος
3069 2403 3254 2469 ἀξιοῦν
3288 2407 3388 2474 τῆς
3422 2406 3677 2476 προνοίας
3702 2423 3714 2435 ⁸
3755 2406 3830 2468 ὡς
3862 2407 3958 2458 ἐὰν

2384 2496 2482 2565 μὲν
2529 2496 2684 2549 τοῦτο
2735 2501 2933 2568 προσῇ,
2968 2499 3191 2550 κάκεῖνο
3252 2496 3446 2550 πολλοῦ
3485 2516 3627 2560 τινος
3676 2496 3824 2560 ἀξιον
3862 2498 3953 2549 δν·

2379 2588 2570 2640 τούτου
2602 2588 2647 2641 δ’
2678 2589 2930 2654 ἀπόντος,
2970 2589 3071 2642 κᾶν
3099 2589 3360 2659 μυριάκις
3394 2591 3566 2641 ἐκεῖνο
3595 2591 3769 2656 παρῇ,
3801 2588 3955 2640 οὐδὲν

2382 2679 2582 2748 μᾶλλον
2613 2680 2657 2731 δ’
2687 2680 2900 2742 οὐδενὸς
2941 2680 3091 2746 ἄξιον
3120 2681 3181 2733 ὅν
3208 2695 3224 2711 ο
3256 2681 3504 2743 εἰκότως.
3536 2681 3692 2733 Πᾶσα
3722 2681 3831 2750 γάρ
3859 2680 3954 2747 δή·

2380 2786 2486 2823 που
2523 2770 2707 2839 βουλὴ,
2741 2772 2847 2830 κᾶν
2878 2770 2951 2833 ὡς
2982 2773 3180 2840 ἄριστα
3212 2771 3333 2843 ἔχῃ,
3363 2772 3465 2824 κᾶν
3500 2776 3563 2823 ἐκ
3593 2771 3814 2839 βαθεῖα-ἶ
3844 2772 3958 2842 ἥκῃ

2380 2861 2599 2931 φρενὸς,
2642 2866 2754 2924 τοῖς
2786 2861 2885 2932 μὲν
2918 2863 3131 2927 πολλοῖς
3161 2864 3439 2931 ἄγνωστος
3464 2862 3622 2927 οὖσα,
3645 2864 3712 2915 τά
3740 2863 3953 2931 μέγιστ’

2377 2952 2586 3021 ὀνίνησι
2616 2956 2743 3017 τοὺς
2768 2956 3114 3025 χρωμένους·
3147 2957 3243 3008 καὶ
3273 2956 3565 3025 θαυμαστή
3597 2972 3680 3018 τις
3723 2955 3861 3024 πρὸς
3891 2957 3952 3007 τὸ

2380 3046 2681 3115 κατορθοῦν
2714 3048 2832 3098 ἐστι
2886 3046 3029 3118 ῥοπὴ
3061 3050 3121 3098 τὸ
3154 3048 3359 3117 μηδένα
3416 3048 3524 3099 τῶν
3569 3048 3779 3100 πολλῶν
3818 3066 3956 3101 ταυ-

2298 3155 2343 3214 C
2379 3136 2504 3206 tqvi.
2561 3133 2866 3200 ξυνειδέναι
2893 3152 2909 3166 ·
2942 3136 3165 3206 ἔκδηλος
3192 3138 3249 3189 δέ
3294 3139 3593 3208 γενομένη,
3640 3122 3836 3192 πολλοῦ
3888 3156 3957 3208 γε

2377 3228 2474 3281 καὶ
2502 3226 2596 3281 τοῦ
2632 3228 2837 3291 παντὸς
2883 3229 2962 3282 δεῖ
2991 3229 3126 3298 πρὸς
3158 3229 3319 3299 ἔργον
3349 3229 3597 3301 ἀφῖχθαι,
3640 3234 3738 3283 καὶ
3778 3233 3836 3285 τὸ
3862 3248 3955 3299 γι-

2378 3317 2642 3386 γνόμενον
2672 3317 2927 3385 δέξασθαι
2972 3319 3166 3390 πέρας,
3212 3320 3370 3389 εἴπερ
3402 3322 3496 3374 τοῦ
3542 3323 3800 3392 πράττειν)
3852 3325 3955 3391 μὲν

2377 3408 2561 3475 εἵνεκα
2594 3407 2958 3477 βουλευόμεθα
2983 3421 3001 3438 ⁶
3028 3408 3185 3461 τοῦτο
3206 3407 3250 3460 δ’
3297 3409 3398 3462 οὐκ
3441 3408 3509 3462 ἂν
3550 3409 3725 3472 ἄλλως
3755 3410 3838 3478 εἴη
3876 3421 3953 3480 μη

2377 3499 2487 3553 τῶν
2512 3498 2975 3569 βεϐουλευμένων,
3005 3499 3195 3567 ὥσπερ
3231 3500 3392 3571 ἔφην,
3410 3502 3754 3571 προῦάντων.
3784 3502 3952 3555 ὐθεν

2379 3592 2473 3646 ἐπὶ
2508 3593 2725 3663 Πέρσας
2758 3591 3024 3655 ἐλαύνων,
3073 3592 3335 3655 Αἰθίοπας
3363 3591 3605 3662 προῦχου
3632 3610 3644 3623 ·
3682 3592 3953 3664 μάχεσθαι

2380 3685 2435 3737 δέ
2464 3686 2674 3750 Μυσοῖς
2708 3683 2929 3751 ἐθέλων,
2964 3685 3028 3738 σὺ
3059 3684 3116 3737 δέ
3158 3684 3235 3747 ὡς
3272 3686 3416 3738 κατὰ
3450 3684 3952 3754 Τριόαλλῶνηέτοι-

2382 3776 2599 3846 μάζουν·
2652 3776 2797 3831 οὕτω
2822 3776 2931 3846 γάρ
2976 3775 3005 3828 δ
3052 3775 3255 3845 βούλει,
3290 3777 3489 3848 ῥᾳδίως
3532 3778 3808 3847 ἐργάζοιο,
3856 3778 3951 3829 καὶ

2379 3868 2503 3923 κατ’
2532 3867 2698 3939 εὐχὴν
2726 3870 2837 3931 τοῖς
2861 3868 3152 3938 πράγμασι
3181 3868 3351 3938 χρῷο.

2452 3961 2551 4025 ις’.
2585 3961 2788 4014 Σκόπει
2814 3961 2899 4026 δὲ,
2926 3962 3026 4031 ὅση
3055 3978 3138 4014 σοι
3164 3961 3419 4032 δύναμις,
3460 3963 3609 4027 ὅπως
3643 3964 3718 4033 μὴ
3759 3963 3950 4031 φίλους

2376 4055 2618 4125 οἰόμενος
2673 4054 2839 4125 ἐχειν,
2868 4054 3063 4108 ἔπειτα
3113 4055 3282 4125 λάθῃς
3334 4058 3787 4125 κολακευόμενος,
3854 4059 3949 4108 καὶ

2378 4148 2572 4201 σαυτὸν
2603 4142 2683 4212 οἷς
2714 4149 2814 4201 οὐκ
2841 4148 2948 4201 ἐδει
2971 4147 3165 4212 διδοὺς,
3192 4150 3253 4201 ἐν
3282 4149 3359 4218 τῷ
3387 4150 3566 4202 δοκεῖν
3596 4149 3631 4202 1
3666 4150 3948 4218 προσῆκεν

2377 4241 2670 4310 αἱρεῖσθαι.
2704 4240 2835 4292 υύδὲ
2879 4241 2985 4308 γὰρ
3016 4241 3127 4301 τοῖς
3161 4240 3230 4293 τὰ
3272 4241 3337 4293 σα
3370 4243 3541 4312 δήπου
3591 4243 3842 4310 στέργειν
3886 4258 3947 4292 τε

2378 4333 2471 4384 καὶ
2497 4333 2669 4399 φιλεῖν
2707 4332 2941 4401 μάλιστα
2972 4331 3415 4400 διατεινομένοις,
3455 4334 3731 4385 πιστεύειν
3761 4333 3946 4392 ἁπλῶς

2379 4426 2553 4479 ἆπασι
2582 4426 2709 4495 χρὴ,
2741 4426 2837 4477 καὶ
2877 4424 2976 4493 τὴν
3005 4425 3176 4493 αὐτὴν
3210 4426 3337 4492 περὶ
3381 4425 3588 4477 τούτων
3648 4423 3805 4488 δόξαν
3850 4440 3945 4475 κε-

2304 4493 2349 4547 D
2378 4493 2653 4585 xtijaeatc
2677 4493 2812 4570 dn’
2843 4515 2934 4578 οὓς
2966 4516 3065 4585 μὲν
3110 4515 3188 4575 ἂν,
3228 4515 3344 4585 ἴδῃς
3391 4517 3486 4567 ἐπὶ
3524 4516 3620 4584 μὲν
3677 4517 3789 4576 τοῖς
3829 4519 3945 4576 σοῖς

2374 4607 2600 4677 ἀγαθοῖς
2651 4608 2966 4689 ἡδομένους,
3002 4608 3097 4659 ἐπὶ
3142 4606 3197 4659 δὲ
3244 4610 3359 4669 τοῖς
3403 4609 3501 4677 οὐχ
3528 4607 3701 4667 οὕτως
3725 4608 3941 4675 ἔχουσιν

2374 4700 2732 4773 ἀχθομένους,
2765 4701 2860 4753 καὶ
2904 4699 2971 4753 τά
3015 4699 3114 4768 μὲν
3148 4699 3532 4762 ἐπαινοῦντας,
3562 4702 3673 4762 τοῖς
3712 4700 3758 4751 δ’
3789 4700 3945 4750 ἐλευ-

2375 4790 2548 4857 θέρως
2573 4792 2945 4860 ἐπιτιμῶντας
2982 4791 3077 4843 καὶ
3119 4790 3593 4859 συμϐουλεύοντας
3626 4792 3695 4843 τά
3728 4790 3942 4860 βελτίω,

2374 4885 2468 4936 καὶ⁸
2526 4883 2660 4945 ὅλως
2714 4883 2851 4951 μετά
2910 4880 3007 4934 τοῦ
3071 4882 3467 4949 λελογισμένοι)
3512 4884 3606 4935 καὶ
3667 4884 3945 4951 σώφρονος

2374 4974 2553 5027 πάντα
2602 4974 2696 5025 καὶ
2730 4975 2913 5040 λέγειν
2954 4975 3049 5027 καὶ
3080 4976 3258 5025 ποιεῖν
3304 4976 3691 5043 αἱρουμένους,
3720 4976 3941 5036 τούτους

2374 5068 2468 5120 καὶ
2503 5066 2687 5135 φίλους
2728 5068 2947 5129 πάντως
2989 5068 3264 5136 ἡγεῖσθαι,
3301 5068 3397 5120 καὶ
3444 5068 3518 5128 ὡς
3571 5067 3942 5135 ἐταιροτάτοις

2374 5159 2441 5211 τά
2474 5158 2728 5210 πλείστου
2767 5160 2932 5227 φησὶν
2956 5159 3080 5223 ἄξια
3114 5160 3384 5227 χρῆσθαι·
3419 5157 3510 5221 οῦς
3544 5159 3588 5209 δ’
3615 5159 3745 5210 αὐτὸ
3783 5158 3944 5209 τοῦτο

2378 5252 2539 5319 μόνον
2598 5250 2813 5303 πάντων
2867 5250 3160 5313 ἐπαινέτας
3225 5250 3331 5303 τῶν
3382 5250 3511 5311 σῶν,
3544 5251 3637 5301 καὶ
3687 5249 3761 5318 μὴ
3808 5249 3945 5302 διαι-

2377 5342 2601 5410 ροῦντας
2626 5343 2741 5396 ἃττ’
2783 5343 3013 5406 ἔξεστιν,
3052 5343 3144 5395 ἆτε
3181 5341 3276 5411 μὴ,
3305 5342 3438 5394 ἀλλὰ
3485 5345 3609 5407 τοὺς
3650 5346 3849 5405 αὐτοὺς
3882 5345 3938 5394 ἐν

2374 5433 2578 5486 ἅπασιν
2621 5435 2802 5496 ὂντα-ς,
2837 5434 2929 5484 καὶ
2984 5434 3121 5502 πρὸς
3164 5435 3225 5485 τὸ
3264 5432 3453 5483 λαϐεῖν
3501 5434 3820 5486 παντάπασι
3848 5451 3939 5485 κε-

2374 5528 2622 5595 χηνότας,
2653 5527 2872 5589 τούτους
2922 5524 3161 5594 ἀτεχνῶς
3207 5523 3343 5593 μετὰ
3372 5524 3481 5576 τῶν
3520 5525 3771 5576 κολάκων
3800 5526 3943 5577 dm-

2375 5618 2703 5686 στρέφεσθαι
2760 5618 2850 5668 καί
2902 5620 3104 5685 μισεῖν,
3166 5615 3261 5667 καὶ
3308 5616 3407 5683 τῆς
3457 5614 3633 5685 ἀρχῆς
3687 5615 3933 5685 νομίζειν

2371 5708 2646 5761 δεκὲλειαν
2678 5725 2691 5739 ο
2726 5709 2847 5761 ἐπεί
2883 5725 2967 5760 τοι
2996 5707 3087 5759 καὶ
3129 5705 3306 5767 άλλως
3348 5706 3603 5759 τοσοῦτον
3632 5708 3783 5759 ἐστὶν
3804 5708 3939 5759 ἐκα-

2371 5802 2544 5874 τέρων
2584 5803 2643 5855 τὸ
2696 5802 2971 5873 διάφορον,
3008 5800 3137 5854 ὥσθ’
3192 5799 3240 5851 οἱ
3283 5799 3383 5869 μὲν
3428 5800 3519 5853 ἐὰν
3574 5799 3647 5870 μὴ
3698 5799 3941 5853 καθεκά-
