4232 6432
239 408 356 473 473

1327 410 1612 470 ORATIO
1663 410 1756 468 DE
1800 411 2032 471 REGIS
2074 417 2422 475 UFFlCllS.

3391 411 3495 474 474

239 535 394 586 στην,
431 517 505 579 ῶς
554 519 749 577 εἰπεῖν.
793 518 857 571 είί
897 520 1202 588 πάσχωσιν,
1256 520 1370 571 οὐχ’
1411 522 1728 589 ἀνέχονται·
1762 519 1811 571 οἱ

1864 531 1887 580 ι
1915 520 2195 576 fortunam
2243 522 2574 592 participare
2607 521 2813 584 volent,
2846 521 3009 576 aliter
3040 537 3200 590 quam
3238 521 3490 575 adulato-

235 609 285 660 δ’
327 609 442 660 οὐδ’
479 608 908 678 ὲπηρεασθέντες
954 611 1042 674 ἂν,
1083 606 1263 679 οἶμαι,
1298 611 1389 663 καὶ
1420 611 1488 662 τὰ
1526 611 1813 663 δεινότατα

235 700 594 763 πεπονθότες,
620 701 1064 769 δυσχερανοῦσιν,
1096 701 1213 754 ἀλλ’
1244 703 1484 754 οἴσουσιν
1528 703 1681 754 οὐδὲν
1718 697 1816 771 ἦτ-

234 808 352 856 τον,
378 791 410 860 ἥ
435 794 484 842 εί
518 786 576 844 εὖ
612 794 911 861 πάσχοντες
937 787 1078 862 ἦσαν
1128 792 1220 844 τὸν
1261 794 1480 846 ἅπαντα
1514 794 1708 862 χρόνον
1740 793 1816 862 τῷ

237 888 324 936 col
353 887 475 937 κατ’
503 886 676 953 ἄκρας
711 884 974 952 ἡνῶσθαι,
1007 885 1102 936 καὶ⁵
1147 884 1310 938 πάνθ’
1358 887 1451 938 ὑπ’
1477 885 1713 949 εὐνοίας,
1742 886 1816 947 ὡς

236 979 416 1044 λόγος,
448 977 637 1044 φέρειν
707 978 1196 1045 παρεσκευάσθαι,
1249 978 1359 1029 τῶν
1424 995 1482 1028 τε
1534 976 1817 1046 δυσχερῶν

236 1069 621 1129 κοινωνοῦντες
667 1067 996 1137 ὲξίσης,ούχ
1041 1069 1232 1139 ῶσπερ
1277 1071 1326 1122 οι
1378 1070 1608 1133 κόλακες
1646 1071 1818 1139 μόνης

233 1165 390 1222 ιντες
431 1163 532 1231 τῆς
578 1164 924 1232 εὐδαιμονίας
951 1168 1045 1219 καὶ
1076 1165 1170 1216 τοῦ
1206 1164 1439 1233 καιροῦ·
1491 1164 1818 1233 δυσχερείας

235 1255 292 1306 δὲ
325 1256 498 1325 τύχης
535 1257 626 1306 καὶ
671 1256 976 1322 μεταὸολὰς
1028 1257 1374 1326 πραγμάτων
1418 1256 1531 1309 οὐδ’
1579 1257 1646 1308 ἂν
1685 1255 1818 1324 ὄναρ

236 1347 520 1413 ἐνέγκοιεν
548 1364 561 1377 ·
589 1346 718 1398 ὥστ’
743 1348 809 1399 ἂν
850 1348 1161 1414 ἀναγκαίως
1195 1348 1316 1418 ἔχῃ,
1346 1348 1474 1408 τοὺς
1509 1347 1610 1416 μὲν
1642 1345 1817 1407 οὕτως

237 1441 466 1504 ἔχοντας
515 1440 730 1508 χαίρειν
783 1441 899 1508 ὲᾷν,
933 1442 1028 1492 καὶ
1079 1440 1282 1492 σαυτοῦ
1336 1440 1478 1492 πάνυ
1507 1455 1592 1490 τοι
1626 1438 1818 1508 πόρρω

237 1534 452 1584 ποιεῖν·
495 1535 606 1592 τοῖς
656 1531 703 1584 δ’
756 1531 1016 1592 ἐπιεικῶς
1074 1533 1220 1599 μάλα
1260 1531 1360 1599 τῆς
1394 1530 1819 1600 εὐγνωμοσύνης

238 1622 578 1690 συγχαίρειν,
608 1623 702 1673 καὶ
744 1621 986 1689 νομίζειν
1032 1622 1222 1690 ῶσπερ
1273 1623 1427 1683 τινὰς
1479 1621 1704 1684 τούτους
1735 1623 1821 1674 ai-

238 1716 462 1780 σθήσεις
502 1714 594 1765 τοῦ
626 1715 724 1781 τῆς
769 1714 945 1784 ἀρχῆς
975 1714 1249 1778 σώματος,
1282 1714 1352 1766 δι’
1380 1709 1455 1766 ὧν
1500 1713 1660 1767 πάνθ’
1687 1716 1822 1785 ὸρᾷν

238 1805 334 1854 καὶ
370 1804 524 1854 πάντ’
553 1802 776 1855 ἀκούειν
810 1805 948 1869 ἐστὶ,
991 1804 1086 1855 καὶ
1137 1807 1304 1857 πᾶσιν
1335 1802 1395 1858 εὖ
1439 1806 1584 1875 μάλα
1619 1806 1822 1876 κεχρῆ-

238 1896 386 1955 σθαι,
420 1896 513 1947 καὶ
561 1899 674 1956 τοῖς
715 1897 946 1964 ἔγγιστα
991 1902 1087 1950 καὶ
1135 1900 1249 1960 τοῖς
1301 1899 1508 1967 πόρρω.
1544 1898 1637 1962 Είς
1664 1898 1824 1951 τοῦτο

236 1988 367 2054 γὰρ,
399 1981 580 2054 οἶμαι,
612 1988 766 2055 φέρει
809 1989 902 2040 καὶ
931 1989 990 2040 τὸ
1020 1989 1176 2050 Φίλος
1214 1989 1374 2051 ἄλλος
1410 1991 1595 2048 αὐτός·
1624 1991 1826 2059 μᾶλλον

235 2081 292 2132 δὲ
329 2080 420 2131 καὶ
459 2080 648 2132 τούτου
682 2080 846 2132 πλέον
877 2081 942 2132 ὲκ
976 2083 1085 2134 τῶν
1127 2083 1473 2150 πραγμάτων
1501 2079 1644 2134 εἶναι
1686 2100 1826 2152 συμ-

240 2171 444 2224 εαίνει.
483 2174 548 2224 ’Δ
589 2174 696 2243 γὰρ
743 2174 838 2244 ούχ
887 2169 991 2226 οἶοί
1033 2177 1080 2226 τ’
1129 2177 1297 2245 ἐσμεν
1327 2175 1397 2228 δι’
1430 2177 1590 2244 ἡμῶν
1622 2177 1825 2242 αὐτῶν,

237 2264 329 2315 διὰ
359 2263 569 2316 τούτων
602 2263 676 2325 ὡς
709 2267 882 2334 ῥᾷστα
912 2266 1198 2334 περαίνειν
1227 2267 1449 2336 ἔχομεν.
1490 2267 1708 2336 ’Λμέλει
1745 2287 1825 2322 τοι

240 2357 341 2408 καὶ
385 2357 736 2426 Ἀλέξανδρος
783 2357 812 2408 6
851 2358 1123 2411 Φιλίππου
1156 2360 1283 2421 τοὺς
1319 2359 1630 2429 θησαυροὺς
1681 2362 1826 2428 ἐρω-

239 2448 429 2516 τηθεὶς
484 2449 613 2508 τοὺς
662 2446 848 2513 αύτοῦ,
885 2448 1130 2502 δείκνυσι
1179 2450 1306 2512 τοὺς
1335 2450 1623 2518 ἑταίρους·
1655 2452 1730 2514 ὡς
1772 2454 1830 2504 τὸ

245 2542 349 2609 μὲν
377 2541 605 2603 τούτους
661 2541 967 2609 κεκτῆσθαι
998 2541 1287 2595 κάλλιστον
1316 2544 1412 2596 καὶ
1453 2543 1832 2597 λυσιτελέστα-

239 2650 338 2686 τον
383 2634 726 2703 τυγχάνοντα
770 2633 1038 2686 πλοῦτον·
1092 2635 1222 2687 ἄνευ
1268 2636 1325 2688 δὲ
1366 2636 1573 2689 τούτων
1607 2639 1698 2689 καὶ
1731 2638 1831 2705 τὴν

247 2731 518 2796 μεγίστην
541 2729 598 2779 ἐν
628 2726 935 2796 ἀνθρώποις
972 2729 1297 2795 περιουσίαν
1343 2731 1482 2799 πρὸς
1513 2730 1573 2783 τὺ
1605 2729 1763 2782 πάνθ’
1795 2730 1830 2785 ἆ

243 2822 531 2890 προσῆκεν
588 2822 880 2890 εἰργάσθαι
938 2822 1136 2892 μικρὸν
1181 2823 1214 2893 ἢ
1274 2823 1428 2875 οὐδὲν
1477 2824 1828 2894 δυναμένην·

243 2914 425 2976 οὕτως
473 2914 624 2966 ούδὲν
656 2917 911 2984 κρεῖσσον
958 2917 1080 2967 κατ’
1125 2915 1495 2987 Εύριπίδηνῆ
1535 2917 1687 2986 φίλος
1740 2935 1835 2969 σα-

244 3006 382 3072 φὴς,
418 3006 480 3057 οὑ
529 3005 779 3069 πλοῦτος,
837 3006 898 3057 ού
929 3005 1221 3071 τυραννίς·
1258 3006 1546 3074 ἀλόγιστον
1573 3007 1634 3060 δέ
1681 3025 1734 3060 τι
1770 3009 1834 3062 τὸ

243 3095 458 3164 πλῆθος
480 3097 838 3165 ἀντάλλαγμα
884 3097 1138 3164 γενναίου
1171 3097 1327 3166 φίλου
1348 3139 1362 3162 ,
1422 3099 1520 3152 καὶ
1550 3100 1664 3153 οἴου
1693 3101 1832 3168 μηδὲ

245 3189 435 3242 θανεῖν
457 3187 524 3241 ἂν
553 3189 694 3258 ὑπὲρ
719 3189 828 3240 τῶν
873 3189 1147 3242 παιδικῶν
1182 3191 1516 3260 ἀποκνῆσαι,
1547 3189 1685 3243 ἀλλὰ
1733 3190 1830 3244 καὶ
1860 3192 1904 3248 C

247 3281 347 3335 τοῦ
381 3283 651 3350 περιεῖναι
687 3282 780 3336 καὶ
829 3283 930 3353 ζῇν
987 3282 1136 3335 τοῦθ’
1175 3281 1250 3345 ῶς
1278 3283 1498 3352 ἀληθῶς
1528 3284 1679 3353 ἥδιον
1710 3288 1833 3354 κρῖ-

247 3392 364 3435 ναι,
403 3373 648 3442 καθάπερ
695 3378 722 3426 ὁ
781 3375 1066 3438 νεανίσκος
1117 3374 1205 3443 ἐφ’
1255 3375 1315 3428 ὃν
1360 3375 1456 3428 καὶ
1497 3377 1645 3446 τᾶπη
1677 3378 1833 3430 ταυτὶ

248 3464 532 3534 ξυνετέθη.

323 3556 410 3618 ιζ’.
451 3547 614 3609 ’Ᾰλλὰ
644 3557 770 3608 ἐπεὶ
816 3559 945 3620 τοὺς
987 3557 1088 3626 μὲν
1117 3558 1310 3627 φίλους
1342 3554 1401 3612 εὖ
1439 3561 1617 3612 ποιεῖν
1661 3559 1832 3613 καθά-

247 3647 364 3713 παξ
392 3648 618 3716 οἰόμεθα
648 3650 780 3714 δεῖν,
821 3651 919 3702 καὶ
950 3651 1078 3702 καθ⁹
1113 3653 1262 3722 ἡμᾶς
1289 3653 1487 3715 αὐτοὺς
1515 3653 1697 3722 ἄγειν,
1739 3657 1834 3708 καὶ

247 3743 412 3794 πάντ’
459 3742 788 3809 ἀπέχεσθαι
822 3743 1029 3810 τρόπον
1051 3759 1070 3777 ·
1103 3746 1231 3807 τοὺς
1272 3745 1317 3798 δ’
1363 3740 1429 3798 αὖ
1461 3746 1712 3816 ἐχθροὺς,
1739 3748 1834 3800 ἐὰν

251 3837 352 3902 μὲν
390 3835 758 3904 μεγαλόψυχοι
791 3852 937 3898 τινες
966 3835 1278 3906 ῶμεν,οὖτε
1311 3840 1520 3896 κακοῦν
1548 3838 1663 3892 οὔθ’
1696 3840 1834 3902 ὅλως

246 3926 342 3977 τὸν
393 3926 521 3978 νοῦν
557 3929 850 3997 προσέχειν
875 3946 889 3959 ·
940 3929 1038 3982 ἐὰν
1065 3928 1121 3981 δὲ
1173 3931 1271 4000 μὴ,
1313 3933 1405 3983 καὶ
1452 3930 1710 4000 πολεμεῖν
1741 3933 1834 3985 καὶ

253 4018 528 4087 μάχεσθαι
555 4019 770 4082 τούτοις
809 4024 904 4075 καὶ
949 4020 1088 4090 μετὰ
1121 4022 1369 4088 μείζονος
1399 4021 1705 4091 ἀμύνεσθαι
1738 4025 1836 4092 τῆς

247 4109 614 4179 παρασκευῆς
645 4125 660 4140 ⁶
708 4110 894 4162 ὁποῖόν
941 4112 1063 4164 τινὰ
1112 4129 1170 4164 σε
1210 4114 1316 4182 χρὴ
1351 4114 1479 4182 περὶ
1508 4113 1663 4166 ταῦτ’
1696 4109 1835 4166 εἶναι

249 4203 307 4253 εῖ
339 4216 472 4252 ποτε
533 4200 756 4263 τούτους
804 4199 1058 4270 ἀλληλοις
1110 4203 1204 4256 ἐπὶ
1265 4203 1360 4256 σοῦ
1416 4208 1546 4275 περὶ
1599 4201 1835 4258 ὧντινων

247 4294 574 4356 δικάζεσθαι
645 4296 775 4350 δέοι.
809 4297 907 4347 ’Ἂν
966 4299 1067 4366 μὲν
1121 4297 1231 4365 γὰρ
1277 4297 1352 4360 ὡς
1394 4299 1690 4366 δυσμενέσι
1744 4303 1836 4352 καὶ

250 4387 432 4452 φίλοις
473 4387 568 4438 καὶ
600 4388 709 4439 τότ’
753 4389 937 4448 αὐτοῖς
979 4390 1332 4461 ἀπαντήσῃς,
1364 4390 1539 4454 δόξεις
1571 4394 1680 4444 ἀπὸ
1726 4393 1835 4444 τῶν

248 4480 436 4546 νόμων
480 4479 805 4548 εἰργάσθαι·
839 4481 906 4533 ἂν
953 4481 1010 4533 δὲ
1063 4481 1275 4534 τοιοῦτό
1308 4499 1360 4536 τι
1409 4488 1518 4536 πεῖν
1566 4487 1628 4536 ὲκ
1661 4485 1832 4550 μέσου

248 4573 650 4640 πεποιημένος,
685 4574 847 4641 μόνου
889 4573 983 4627 τοῦ
1016 4574 1184 4626 καλοῦ
1226 4579 1318 4628 καὶ
1351 4576 1564 4628 δικαίου
1617 4580 1838 4647 φροντί-

253 4683 372 4734 σῃς,
404 4665 625 4716 πάντων
652 4664 864 4734 ἀνδρῶν
895 4665 1120 4735 ἄριστος
1144 4661 1282 4719 εῖναι
1325 4668 1464 4735 μήτε
1499 4672 1610 4732 τοῖς
1641 4669 1838 4738 φίλοις,

247 4761 320 4826 ἦν
374 4757 660 4820 ἀδικῶσιν,
717 4758 1018 4827 συγχωρῶν
1075 4757 1164 4810 ἐπ’
1220 4759 1432 4821 εὐνοίας
1496 4761 1565 4812 τὰ
1617 4763 1843 4814 τοιαῦτα

252 4850 627 4918 καρποῦσθαι,
669 4850 805 4916 μήτε
837 4849 962 4910 τοὺς
994 4848 1225 4917 ἐχθροὺς
1275 4850 1370 4900 ὑπ’
1408 4851 1707 4918 ἀπεχθείας
1738 4851 1845 4903 τῶν

253 4943 652 5013 προσηκόντων
687 4941 912 4994 δικαίων
939 4943 1260 5010 ἀποστερῶν
1284 4958 1298 4972 ·
1327 4943 1465 4997 ἀλλὰ
1500 4945 1596 4995 καὶ
1629 4945 1844 5008 τούτοις

252 5035 398 5086 κατὰ
456 5034 585 5094 τοὺς
641 5033 840 5098 νόμους
901 5037 1292 5102 συμπράττων,
1345 5036 1634 5096 κάκείνους
1700 5039 1840 5104 μετὰ

252 5126 362 5180 τῶν
418 5126 603 5192 νόμων
659 5125 894 5193 ἀνόμους
922 5125 1184 5192 ἐλέγχων.
1216 5127 1276 5177 El
1335 5128 1440 5193 γὰρ
1469 5127 1531 5196 δὴ
1566 5127 1660 5178 καὶ
1693 5127 1840 5194 φίλοι

255 5220 626 5288 τυγχάνουσιν
672 5217 843 5284 ὄντες,
876 5219 1013 5270 ἀλλὰ
1062 5220 1153 5271 καὶ
1204 5218 1409 5271 τούτων
1456 5221 1838 5288 ἡδικαιοσύνη

255 5315 402 5366 κατὰ
427 5314 520 5365 τὸν
557 5313 873 5380 Νικόμαχον
922 5311 1189 5381 φιλτέρα·
1231 5315 1322 5365 καὶ
1366 5315 1479 5377 ἅμα
1537 5314 1689 5380 φίὶον
1747 5315 1848 5382 μά·-

253 5406 396 5460 >.ιστ’
424 5407 492 5458 ἂν
526 5406 689 5474 ἔργον
721 5405 974 5474 δράσαις,
1003 5405 1189 5472 φίλους
1240 5408 1440 5467 κακίας
1474 5405 1803 5474 ἁπηλλαχώς
1827 5421 1845 5438 ο

255 5499 283 5549 ὃ
319 5501 586 5567 πράττειν
639 5497 736 5564 ούχ
771 5492 873 5547 οἷοί
920 5513 980 5547 τε
1027 5497 1180 5559 ὄντες
1225 5499 1530 5561 Νεοκλέους
1581 5501 1848 5566 Θεμιστο-

257 5590 395 5660 κλῆς
428 5589 527 5642 καὶ
559 5587 748 5640 Κλέων
786 5589 814 5638 6
841 5587 1168 5639 Κλεαινέτου
1199 5589 1226 5640 ὁ
1262 5591 1340 5662 (1)
1381 5589 1480 5660 μὲν
1527 5591 1688 5659 ἡνίκα
1747 5590 1845 5642 τοῦ

1919 651 2009 691 res
2039 639 2204 707 quite
2233 637 2446 691 felicem
2464 637 2850 700 sectabuntur,
2875 636 2928 689 in
2965 649 3152 687 rerum
3179 633 3496 688 discrimine

1919 763 2104 807 autem
2162 754 2440 808 deserent.
2481 753 2545 805 Hi
2583 751 2750 821 igitur
2783 765 3010 820 prorsus
3041 765 3069 802 a
3100 748 3289 801 limine
3345 748 3492 800 salu-

1920 864 2070 919 tandi
2105 875 2162 918 et
2199 864 2480 934 rejicieudi
2535 873 2745 927 erunt;
2803 863 2880 915 illi
2919 874 3104 915 autem
3169 859 3384 914 colendi
3434 874 3498 912 ac

1922 994 2024 1034 ceu
2051 979 2297 1048 corporis
2321 992 2528 1046 organa
2567 992 2664 1045 per
2689 991 2811 1046 quae
2857 976 3111 1028 audimus
3151 988 3215 1026 ac
3241 973 3493 1026 videmus

1918 1089 2076 1160 longe
2130 1089 2345 1157 lateque
2375 1089 2594 1142 fovendi
2633 1096 2782 1141 sunt.
2821 1085 2938 1138 lluc
2973 1085 3140 1147 facit,
3176 1099 3263 1136 me
3287 1082 3494 1152 judice,

1921 1202 2176 1265 multum,
2201 1202 2422 1255 Amicus
2457 1201 2619 1262 alter,
2660 1201 2785 1268 plus
2821 1213 2948 1252 vero
2987 1197 3248 1264 temporis
3283 1195 3498 1262 locique

1920 1315 2184 1371 conditio.
2223 1315 2358 1371 Cum
2383 1331 2450 1369 ex
2493 1313 2796 1367 Alexandro
2823 1312 3050 1378 Philippi
3082 1309 3190 1362 lilio
3221 1323 3497 1376 quaerere-

1925 1437 2034 1491 tur,
2073 1427 2163 1480 uhi
2197 1427 2485 1481 thesauros
2517 1439 2650 1479 suos
2709 1423 2843 1476 sitns
2873 1422 3115 1484 haberet,
3139 1421 3343 1476 amicos
3372 1435 3501 1476 suos

1925 1550 2113 1610 utpote
2143 1539 2363 1594 divitias
2398 1536 2802 1608 pulcherrimas
2847 1549 2908 1589 ac
2946 1535 3180 1588 maxime
3219 1533 3492 1602 parabiles

1926 1653 2298 1716 monstravit;
2335 1651 2452 1704 sine
2484 1650 2690 1717 quibus
2751 1647 2852 1699 vel.
2891 1646 3142 1698 maxima!
3197 1661 3329 1714 opes
3361 1645 3497 1697 nihil

1927 1777 2021 1823 aut
2051 1783 2242 1838 parum
2278 1765 2597 1836 proficiunt.
2629 1763 2946 1819 Secundum
3003 1761 3324 1830 Euripidem
3391 1776 3500 1814 nou

1854 1854 1897 1912 Β
1928 1897 2080 1951 opes,
2114 1897 2220 1935 non
2242 1879 2545 1933 dominatio
2591 1876 2948 1946 aaquipolleus
2973 1886 3056 1928 est
3088 1874 3280 1938 amici;
3318 1874 3506 1926 multi-

1931 1996 2065 2050 tudo
2094 1996 2269 2048 amico
2301 2009 2566 2063 generoso
2597 1993 2756 2061 longe
2795 1990 3170 2060 postponenda
3226 1989 3374 2042 venit
3409 1990 3503 2057 qui

1930 2125 2033 2180 pro
2065 2109 2209 2163 natis
2265 2107 2403 2160 mori
2441 2122 2549 2160 non
2603 2113 2860 2169 recusat;
2917 2105 3025 2156 imo
3080 2102 3206 2156 vita:
3272 2110 3504 2155 mortem

1931 2223 2150 2297 praefert
2181 2221 2259 2274 uti
2314 2221 2638 2281 dulciorem.
2683 2220 2825 2274 sicut
2886 2217 3208 2273 adolescens
3242 2216 3308 2270 ad
3341 2231 3503 2286 quem

1931 2345 2111 2397 haece
2144 2336 2310 2392 verba
2345 2347 2611 2404 spectant.

2020 3548 2108 3604 l7.
2146 3547 2251 3602 Sed
2284 3561 2408 3601 cum
2459 3547 2603 3616 apud
2639 3561 2742 3602 nos
2774 3546 2827 3601 id
2860 3555 3080 3601 constat
3132 3545 3276 3616 quod
3315 3543 3509 3600 amicis

1939 3657 2081 3712 bene
2117 3657 2426 3710 faciendum
2465 3657 2644 3725 iisque
2702 3656 2924 3711 fortiter
2952 3655 3343 3709 adhaerendum
3399 3661 3508 3716 est,

1939 3763 1993 3817 id
2043 3778 2261 3832 quoque
2295 3764 2349 3817 iu
2405 3772 2588 3818 mente
2619 3749 2976 3819 condendum
3014 3763 3160 3834 quod
3211 3759 3511 3816 dummodo

1938 3873 2185 3943 generosi
2217 3875 2410 3935 simus,
2445 3873 2685 3929 inimicis
2722 3873 2863 3928 nihil
2920 3873 3046 3927 mali
3083 3872 3368 3936 faciamus,
3402 3871 3511 3923 imo

1939 3992 2000 4035 ut
2034 3983 2415 4051 ignoscamus;
2442 3985 2526 4036 sin
2568 3986 2771 4050 minus,
2808 3984 3011 4038 bellum
3059 3993 3114 4037 et
3148 3997 3356 4053 pugnas
3385 3995 3510 4034 cum

1940 4090 2408 4160 majoriapparatu
2431 4090 2495 4144 iis
2524 4090 2841 4146 iuferemus.
2882 4091 3066 4145 Talem
3097 4100 3148 4145 te
3163 4103 3379 4160 quoque
3394 4102 3513 4142 esse

1939 4197 2235 4266 Oportebit,
2261 4198 2350 4252 ubi
2384 4198 2678 4252 vindictam
2703 4213 2920 4254 sumere
2950 4199 3018 4252 de
3053 4198 3380 4252 adversariis
3420 4212 3516 4249 vo-

1938 4303 2039 4360 les.
2070 4303 2204 4358 Nam
2235 4305 2277 4358 si
2311 4306 2570 4360 inimicos
2617 4315 2710 4360 aut
2739 4307 2946 4361 amicos
2986 4307 3179 4361 obvios
3208 4305 3402 4365 habes.
3432 4303 3513 4359 le-

1938 4398 1988 4467 gi
2020 4397 2534 4466 obtemperandum,
2573 4410 2626 4453 et
2657 4399 2786 4453 boni
2852 4414 2916 4453 ac
2960 4399 3190 4470 iustitiae
3251 4399 3393 4451 ratio
3423 4397 3517 4449 ha-

1874 4537 1914 4592 υ
1945 4505 2122 4585 heuda
2159 4517 2263 4568 est,
2291 4507 2430 4562 adeo
2460 4517 2519 4561 ut
2548 4523 2745 4563 omnes
2771 4508 2939 4562 animi
2968 4508 3210 4562 bonitate
3242 4507 3429 4561 vincas
3459 4515 3516 4560 et

1940 4631 2041 4671 nec
2081 4617 2291 4680 amicis,
2346 4617 2390 4670 si
2451 4619 2593 4673 male
2645 4626 2838 4688 agunt,
2898 4618 3184 4687 permittas
3248 4626 3307 4670 ut
3375 4617 3516 4670 male

1940 4722 2207 4777 factorum
2244 4724 2458 4780 fructus
2512 4735 2832 4795 reportent;
2868 4726 3055 4780 itidem
3107 4725 3362 4779 inimicos
3408 4739 3516 4777 non

1944 4832 2212 4902 impedies
2284 4835 2581 4902 quominus
2649 4834 2952 4904 privilegiis
3013 4833 3181 4902 justis
3240 4831 3514 4896 fruantur,

1943 4958 2161 5011 semper
2192 4943 2316 4996 illos
2349 4943 2649 4997 secundum
2682 4943 2828 5012 leges
2856 4939 3185 5004 secundans,
3207 4940 3306 4994 hos
3342 4951 3401 4994 ut
3424 4956 3520 4993 ex-

1945 5051 2095 5121 leges
2124 5053 2464 5121 vituperans.
2504 5053 2558 5106 Si
2607 5053 2752 5106 enim
2785 5051 2947 5105 amici
2984 5063 3133 5116 sunt,
3170 5066 3358 5104 eorum
3400 5050 3519 5117 jus-

1947 5164 2244 5232 titiajuxta
2276 5165 2668 5220 Nicomachum
2709 5163 2888 5232 potior
2945 5163 3074 5223 erit,
3141 5169 3199 5215 et
3231 5160 3520 5229 pulchrius

1944 5281 2094 5325 certe
2122 5287 2260 5340 opus
2295 5287 2400 5324 non
2431 5271 2599 5325 facies
2635 5286 2797 5339 quam
2855 5271 2899 5324 si
2937 5270 3143 5323 amicos
3186 5284 3215 5320 a
3249 5267 3520 5338 perversi-

1946 5389 2055 5432 tate
2079 5380 2297 5432 reducis
2320 5399 2334 5445 ;
2354 5379 2499 5448 quod
2523 5379 2704 5434 facere
2731 5379 2918 5432 datum
2945 5395 3051 5432 nou
3078 5377 3180 5430 fuit
3206 5376 3522 5431 Themisto-

1945 5487 2016 5541 cli
2059 5487 2294 5554 Neuelis,
2326 5499 2385 5542 et
2421 5487 2608 5543 Cleoni
2669 5488 2926 5543 Clezcneti
2969 5488 3114 5552 filio;
3150 5503 3384 5556 quorum
3429 5487 3520 5540 hio

1947 5591 2193 5662 quidem,
2254 5609 2381 5648 cum
2449 5594 2842 5663 rempublicam
2900 5607 3180 5662 capessere
3237 5592 3515 5661 cmpisset,

331 5777 410 5839 (1)
443 5776 606 5829 Deest
661 5776 714 5830 iu
747 5776 940 5831 codice
1004 5776 1107 5830 hoc
1183 5789 1408 5843 nomen,
1444 5772 1633 5829 relicta
1686 5772 1900 5827 lacuna.
1968 5772 2070 5829 Sed
2134 5783 2314 5831 tamen
2367 5774 2698 5831 Cleaenetum
2747 5773 2965 5830 Cleonis
3012 5785 3292 5843 parentem
3351 5769 3517 5833 fuisse

260 5848 488 5903 scimus.
