4232 6432
286 355 390 417 ἄῗἹ

281 464 426 518 οὕτω
466 466 702 537 σπουδῆς
742 469 1027 541 ἀξιόχρεω,
1056 473 1131 536 ὡς

279 647 445 701 λάσαι
496 652 771 719 καθάπαξ,
807 655 942 708 ἀλλά
976 658 1071 711 καὶ
1097 661 1259 729 νόμον
1301 663 1479 717 θεῖναι
1539 669 1729 734 μηδενὶ
1755 670 1847 722 τοῦ

276 735 468 791 λοιποῦ
491 739 640 793 ταῦτ’
671 741 870 805 ἐξεῖναι
903 747 1175 814 παράγειν
1205 750 1261 812 ἐς
1292 752 1477 817 μέσον,
1516 752 1547 823 ἢ
1580 754 1848 808 πλείστων

274 831 597 899 χρημάτων,
625 832 724 885 ἐὰν
763 835 864 903 μὲν
902 837 1120 907 ίδίωτης
1154 837 1210 914 ᾖ,
1244 842 1419 913 τούτῳ
1450 846 1749 911 τιμᾶσθαι·
1797 850 1845 901 εἰ

271 919 319 971 δ’
348 921 525 983 ἄλλως
551 923 690 993 ἔχων
710 927 801 977 καὶ
835 930 1104 996 κρείττων
1134 931 1166 1000 ἢ
1193 934 1368 987 ταῦτα
1393 936 1608 1003 παθεῖν,
1642 940 1844 1004 πάσαις

270 1016 437 1082 ἀραῖς
468 1016 806 1074 ὑποκεῖσθαι.
829 1023 935 1073 Δύο
963 1023 1069 1092 γὰρ
1098 1027 1166 1079 τα
1199 1026 1373 1081 πάντα
1407 1030 1627 1084 κάκιστ’
1656 1033 1841 1084 ἐντεῦ-

271 1104 365 1155 θεν
419 1107 728 1173 συμϐαίνει,
774 1113 833 1163 τό
884 1130 945 1165 τε
992 1115 1180 1179 πόλεις
1234 1118 1454 1183 ἁπάσας
1502 1124 1595 1174 καὶ
1654 1122 1842 1194 χώρας

266 1195 647 1265 ἑπιτρίόεσθαι
699 1203 794 1254 καὶ
841 1205 1071 1275 πάσχειν
1104 1210 1293 1272 κακῶς
1335 1211 1441 1264 ὑπὸ
1470 1215 1697 1266 τουτωνὶ
1730 1217 1839 1268 τῶν

265 1288 604 1355 θαυμαστῶν
650 1296 943 1367 ῶνητόρων
987 1301 1175 1371 σφόδρ’
1206 1305 1602 1374 ⁴ἐπικειμένων
1637 1324 1690 1361 τε
1744 1312 1837 1363 καὶ

262 1385 733 1450 παρανομούντων
757 1406 773 1421 ⁸
804 1393 893 1444 καὶ
936 1394 992 1445 τί
1033 1395 1144 1464 γὰρ
1177 1396 1237 1448 οὑ
1270 1398 1589 1467 ποιούντων,
1630 1401 1834 1473 μᾶλλον

258 1472 319 1562 δὲ
377 1476 596 1530 πάντων
650 1484 743 1533 καὶ
785 1487 960 1537 ποιεῖν
1004 1488 1098 1541 καὶ
1144 1488 1326 1556 λέγειν
1365 1493 1506 1562 ὑπὲρ
1538 1495 1632 1547 τοῦ
1662 1497 1834 1551 πλείω

261 1560 448 1617 λαϐεῖν
494 1562 570 1621 ὧν
622 1572 809 1626 ἔδοσαν
838 1576 1154 1639 ἀξιούντων.
1178 1582 1240 1633 τό
1281 1598 1339 1634 τε
1390 1584 1482 1636 τὸν
1532 1589 1832 1656 κρατοῦντα

260 1659 483 1713 πάντων
532 1663 738 1717 τούτων
790 1668 1090 1723 ὑπεύθυνον
1140 1670 1301 1738 εἶναι,
1331 1675 1409 1742 τῷ
1440 1684 1827 1747 πεπρακέναις

1373 370 1655 431 ORATIO
1677 375 1776 434 DE
1820 376 2048 437 REGIS
2090 380 2442 446 OFFlCIlS.

1169 478 1241 545 μὴ
1280 478 1440 543 μόνον
1493 482 1590 548 τὴν
1654 482 1853 537 ἄτοπον
1886 496 1927 545 Λ
1958 504 2065 542 non
2108 499 2316 545 tantum
2353 496 2507 549 istam
2551 499 2840 557 venalilalc

1848 505 1853 529 ν
1886 496 1927 545 Α
1958 504 2065 542 non
2108 499 2316 545 tantum
2353 496 2507 549 istam
2551 499 2901 557 venalitatem
2938 510 2999 558 ut
3029 504 3251 574 pessimi
3281 510 3519 580 exempli

277 557 509 625 ταυτηνὶ
543 561 844 627 καπηλείαν
875 562 1066 634 ὥσπερ
1097 567 1226 634 ἄγος
1262 570 1361 637 τῆς
1411 573 1687 638 πολιτείας
1738 579 1851 641 iis-

3413 396 3520 459 478

1955 618 2065 654 rem
2102 619 2133 657 e
2191 606 2469 673 republica
2502 610 2708 678 ejicies,
2742 612 2853 668 imo
2888 614 3059 685 legem
3122 606 3269 674 feres
3296 631 3519 678 contra-

1948 717 2230 771 venientes
2259 721 2547 778 dirissimis
2578 726 2757 794 pmnis
2787 729 3193 798 subjicientem.
3229 734 3345 788 Duo
3366 736 3514 789 enim

1951 829 2186 882 maxime
2223 831 2349 885 inde
2395 836 2720 902 proveniunt
2785 856 2803 893 :
2864 843 3080 897 urbium
3115 860 3178 899 ac
3226 846 3513 915 regionum

1953 940 2128 997 tristis
2167 946 2346 1009 ruina,
2382 948 2450 1000 ab
2484 951 2796 1006 inhumanis
2829 954 2948 1010 istis
2982 960 3352 1021 exactoribus,
3380 960 3517 1029 ?qui-

1943 1056 2045 1110 bus
2077 1058 2211 1111 nihil
2253 1062 2469 1127 durius,
2500 1064 2716 1123 ell'ecta.
2753 1067 2892 1135 Quid
2920 1071 3066 1124 enim
3100 1074 3229 1127 mali
3278 1075 3369 1129 isti
3427 1076 3514 1129 in-

1939 1178 2209 1226 tentatum
2252 1176 2610 1247 relinquent?
2638 1182 2731 1249 qui
2790 1183 2842 1237 id
2874 1200 3043 1238 unum
3085 1202 3181 1240 ore
3230 1196 3287 1241 et
3340 1205 3505 1244 manu

1937 1294 2107 1353 agunt
2142 1295 2199 1339 ut
2233 1288 2355 1356 plus
2388 1291 2653 1359 recipiant
2690 1310 2852 1362 quam
2892 1296 3185 1363 dederunt,
3221 1309 3277 1355 et
3318 1311 3376 1354 ut
3409 1305 3504 1371 qui

1930 1397 2055 1466 jure
2083 1401 2331 1467 possidet
2368 1405 2747 1459 usurariorum
2782 1408 3007 1463 victima
3060 1413 3264 1466 cadat?
3308 1412 3437 1479 Quae
3459 1417 3502 1469 sl

1933 1524 2041 1563 non
2072 1522 2198 1566 ante
2232 1515 2420 1569 oculos
2448 1526 2664 1571 nostros
2688 1519 2901 1585 ﬂerent,
2926 1536 3033 1575 non
3064 1532 3307 1593 segetum
3340 1524 3503 1578 simul

1934 1636 1998 1676 ac
2034 1622 2336 1687 fructuum,
2398 1636 2457 1679 ut
2490 1628 2566 1681 ait
2603 1629 3017 1693 Demosthenes,
3070 1632 3283 1701 jactura
3317 1635 3503 1703 deplo-

254 1749 321 1804 Εί
371 1756 480 1821 γαρ
536 1756 708 1809 ταῦτα
772 1759 872 1827 μὲν
920 1762 1019 1815 ούκ
1078 1764 1145 1816 ἂν
1199 1739 1443 1836 ἐγεγόνει
1494 1739 1571 1841 μη
1621 1739 1829 1828 τούτων
1864 1797 1903 1850 Β

1864 1797 1903 1850 Β
1935 1748 2167 1791 raretur.
2195 1739 2374 1803 Quare
2396 1741 2541 1795 salve
2557 1750 2613 1795 et
2632 1749 2683 1795 te
2709 1751 2765 1796 et
2786 1757 2914 1807 nos;
2949 1757 3047 1797 nos
3072 1743 3317 1811 quidem.
3349 1753 3500 1799 tanto

253 1847 601 1915 ἐωνημένων,
637 1850 901 1919 ἐώνηνται
944 1853 999 1907 δὲ
1057 1858 1274 1912 τουτουῖ
1326 1860 1680 1933 βουλομένου,
1708 1868 1735 1919 ό
1770 1870 1829 1921 τὸ

250 1941 482 2009 σπέρμα
531 1946 852 2013 παρασχὼν,
903 1949 1037 2017 φησὶ
1084 1952 1458 2025 Δημοσθένης,
1525 1950 1682 2019 οὗτος
1733 1962 1827 2014 καὶ

247 2029 361 2081 τῶν
392 2032 608 2099 φίντων
649 2035 839 2098 αἴτιος.
873 2037 1148 2108 Βοήθησον
1174 2043 1356 2096 τοίνυν
1384 2050 1475 2098 καὶ
1517 2049 1699 2114 σαυτῷ
1733 2054 1825 2103 καὶ

241 2126 432 2200 ήμῖνη
474 2127 620 2195 ἡμᾶς
676 2129 775 2195 μὲν
827 2147 1099 2201 τοσαυττ,ς
1152 2136 1540 2208 ἐξαιρούμενος
1595 2142 1819 2212 βλάϐης,

242 2218 449 2270 σαυτὸν
475 2219 531 2269 δὲ
565 2219 659 2272 τοῦ
694 2237 748 2273 τε
782 2223 967 2286 κακῶς
997 2226 1239 2294 ἀκούειν,
1260 2230 1354 2283 τοῦ
1390 2249 1447 2284 τε
1479 2233 1586 2286 τῶν
1606 2236 1822 2287 οἰκείων

236 2306 421 2361 δοκεῖν
448 2306 584 2363 εἶναι
622 2313 905 2383 προδότην.

310 2401 379 2454 κ’.
413 2403 484 2455 Συ
509 2404 565 2457 δὲ
596 2407 688 2457 καὶ
722 2406 877 2459 τοῦτο
911 2413 1109 2475 παντὸς
1147 2414 1351 2480 μᾶλλον
1378 2419 1632 2486 φύλαξαι,
1662 2422 1817 2489 βασι-

233 2494 356 2558 ἰεῦ,
390 2498 484 2549 καὶ
517 2498 590 2567 μὴ
620 2503 734 2562 τοῖς
770 2502 876 2569 πρὸ
921 2503 1015 2556 σοῦ
1050 2506 1330 2574 βασιλεῦσι
1383 2511 1562 2581 πάθῃς
1596 2514 1810 2575 ταυτὸν,

235 2590 378 2656 μηδὲ
431 2590 538 2641 τῶν
596 2593 911 2659 ὁπηδήποτε
968 2597 1070 2664 γῆς
1121 2597 1413 2669 θησαυρῶν
1485 2603 1809 2671 εὑρημένων

232 2680 477 2751 ἀξιώσῃς
509 2683 669 2745 αὐτος
698 2685 819 2738 ἀντὶ
851 2688 958 2737 τῶν
996 2689 1265 2757 εὑρόντων
1304 2691 1493 2762 κύριος
1545 2693 1714 2746 εἶναι’
1750 2696 1809 2748 ὃν

232 2785 295 2834 γε
334 2771 432 2821 καὶ
466 2769 735 2840 θησαυρὸν
764 2777 878 2836 τοῖς
916 2775 1018 2826 ὑπὸ
1051 2779 1211 2847 χεῖρα
1246 2780 1450 2845 μᾶλλον
1476 2782 1613 2849 χρῆν
1640 2776 1802 2844 εἶναι,

226 2862 289 2911 τό
318 2876 379 2910 τε
425 2860 697 2923 πλείστοις
733 2863 879 2925 ὅσοις
912 2867 1161 2935 χρήμασι
1199 2871 1601 2939 περιρρεῖσθαι,
1631 2871 1710 2940 τῷ
1756 2872 1804 2923 θ’

229 2950 485 3013 ἅπαντας
531 2948 589 3005 εὖ
626 2956 801 3006 ποιεῖν
851 2956 942 3006 τὸν
994 2958 1210 3011 ἅπαντα
1267 2962 1460 3029 χρόνον
1513 2962 1664 3031 παρά
1704 2963 1804 3031 τῆς

227 3037 409 3105 ἀρχῆς
447 3040 842 3094 ἀπαιτεῖσθαι·
895 3045 1163 3115 τοσαύτης
1195 3049 1303 3117 γάρ
1350 3050 1499 3102 ἐστιν
1545 3052 1797 3115 ἀτοπίας,

226 3132 304 3192 ὡς
344 3134 505 3202 μόνον
562 3134 719 3188 τοῦτο
753 3136 861 3187 τῶν
911 3138 1131 3192 πάντων
1193 3141 1553 3211 μηδηντινοῦν
1603 3145 1800 3215 παραί-
1831 3142 1875 3200 C

222 3241 386 3294 τησιν
415 3227 607 3295 ἴσχειν,
636 3227 751 3278 ἀλλ’
781 3223 923 3282 εἶναι
954 3230 1211 3298 καθάπαξ
1256 3233 1532 3303 θεομισὲς,
1563 3238 1659 3291 καὶ
1689 3243 1800 3303 τοῖς

223 3317 423 3387 ἐκείνῳ
447 3317 665 3371 δοκοῦσι
712 3321 1039 3389 μαχόμενον.
1074 3323 1135 3375 El
1184 3327 1293 3396 γάρ
1324 3328 1422 3397 οὐχ
1472 3325 1585 3382 οἷόν
1614 3348 1673 3382 τε
1706 3331 1802 3401 θη-

221 3414 435 3483 σαυρὸν
502 3415 563 3466 τὸ
623 3417 884 3479 παράπαν
955 3418 1211 3489 εὑρέσθαι
1284 3422 1360 3491 μὴ
1433 3422 1799 3494 χορηγοῦντος

218 3504 380 3566 Θεοῦ,
403 3502 586 3557 δίδωσι
624 3506 680 3558 δὲ
712 3506 771 3558 ὃν
798 3507 863 3559 ἂν
893 3509 1058 3573 αὐτὸς
1089 3512 1385 3583 δοκιμάσῃ,
1420 3514 1580 3579 ὑμεῖς
1617 3515 1674 3576 δὶ
1703 3518 1797 3568 καὶ

219 3596 378 3659 πρὶν,
428 3596 506 3656 ὡς
567 3599 762 3663 είπεῖν,
812 3603 1173 3668 καταθέσθαι,
1222 3606 1445 3669 τούτους
1494 3607 1794 3677 ἀρπάζετε,

218 3688 339 3751 πῶς
368 3690 430 3741 ού
453 3692 573 3754 ταῖς
600 3692 770 3755 θείαις
798 3695 1034 3765 ἀτεχνῶς
1051 3698 1524 3753 ἀντιπολιτεύεσθε
1551 3700 1752 3770 ψήφοις
1778 3717 1792 3765 ;

215 3779 251 3833 Ξ
282 3784 463 3842 γεῖνος
503 3783 705 3848 ὁτῳοῦν
758 3785 866 3854 ἰδία
917 3789 1180 3858 παρέσχε,
1216 3791 1370 3844 ταῦθ’
1405 3796 1566 3859 ἡμεῖς
1606 3792 1794 3860 βιαίως

216 3872 665 3941 σφετεριξάμενοι
693 3892 707 3906 ·
741 3875 931 3947 ῶσπερ
962 3881 1063 3950 τὴν
1116 3884 1244 3951 περὶ
1283 3881 1489 3935 τούτων
1522 3882 1618 3934 τοῦ
1653 3884 1791 3936 Θεοῦ

214 3962 535 4031 Ξιαγνώμην
592 3966 1087 4035 ἐπανορθούμενοι,
1150 3973 1245 4023 καὶ
1295 3972 1455 4041 μόνον
1512 3973 1573 4026 ού
1629 3974 1788 4028 τοῦτο

214 4053 472 4119 βοῶντες,
502 4056 584 4109 ὅτι
617 4057 737 4115 Τῶν
764 4058 1055 4130 θησαυρῶν
1083 4064 1217 4132 ἡμῖν
1248 4065 1657 4133 προσηκόντων.
1689 4070 1716 4120 ό
1742 4067 1789 4120 δ’

209 4146 425 4214 ἑτέροις
479 4148 718 4218 παρέσχε
749 4167 764 4181 ·
814 4152 842 4203 ὃ
891 4152 986 4204 καὶ
1041 4154 1307 4224 θαυμάζω
1338 4160 1386 4209 εἰ
1416 4161 1531 4221 τοῖς
1557 4158 1656 4227 μὲν
1695 4160 1786 4226 ὑφ’

207 4238 368 4301 ὑμῶν
417 4234 479 4291 εὖ
533 4242 828 4295 πεπονθόσι
857 4246 952 4297 ἐάν
997 4262 1081 4307 τις
1110 4248 1397 4320 ἐπηρεάζῃ
1445 4251 1678 4303 καὶτῶν
1703 4253 1787 4305 δο-

205 4330 416 4382 θέντων
436 4332 735 4403 ἀποστερῇ,
768 4334 1024 4404 πολέμιον
1056 4337 1244 4391 τοῦτον
1276 4341 1519 4409 ἡγεῖσθε,
1548 4344 1698 4394 αὐτοὶ
1727 4342 1782 4395 δὲ

202 4422 275 4469 τὰ
301 4421 477 4487 χείρω
506 4420 740 4487 δρῶντες
794 4423 890 4475 καὶ
922 4425 1060 4492 πρὸς
1102 4425 1235 4478 Θεὸν
1265 4429 1509 4493 ὡσπερεὶ
1534 4430 1624 4483 διὰ
1659 4432 1781 4483 τού-

199 4524 314 4558 των
368 4508 720 4575 ἀνταίροντες
774 4514 987 4579 χεῖρας,
1043 4514 1105 4565 οὐ
1160 4518 1487 4583 προτιμᾶτε.
1543 4519 1615 4569 Ού
1670 4519 1780 4585 γὰρ
1814 4507 1857 4564 υ

198 4597 346 4666 ὑπὲρ
386 4597 481 4649 τοῦ
513 4602 662 4668 κοινῇ
700 4599 1105 4667 λυσιτελοῦντος
1138 4606 1293 4659 ταῦτ’
1340 4609 1516 4677 ἐρεῖτε
1562 4608 1776 4676 λαμϐά-

193 4701 332 4749 νειν,
357 4686 478 4737 οὐδὲ
515 4690 855 4755 στρατόπεδα
878 4694 973 4743 καὶ
1001 4695 1304 4762 πρεσϐείας
1339 4698 1433 4749 καὶ
1461 4698 1647 4761 πόλεις
1681 4699 1773 4750 καὶ

190 4781 331 4831 ἄττα
367 4779 547 4832 τοιάδε
578 4784 951 4850 προστήσεσθε
981 4804 995 4817 θ
1028 4788 1163 4841 ἀλλὰ
1194 4791 1427 4857 μάλιστα
1465 4793 1565 4860 μὲν
1597 4793 1771 4855 οὐδεὶς

189 4870 345 4938 ὑμῖν,
369 4866 545 4938 οἴμαι,
568 4872 677 4924 τῶν
696 4876 911 4928 πάντων
937 4878 1193 4946 προσέξει
1218 4882 1306 4932 τὸν
1328 4882 1473 4944 νοῦν,
1504 4885 1569 4935 ἂν
1596 4884 1769 4936 ταῦτά

185 4976 252 5026 γε
296 4959 463 5028 φῆτε,
500 4963 608 5015 τῶν
638 4967 914 5034 δημοσίων
941 4971 1245 5037 χρημάτων
1277 4973 1375 5024 καὶ
1415 4974 1596 5043 φόρων
1626 4975 1764 5043 πρὸς

183 5049 286 5119 τὴν
342 5052 549 5104 τούτων
597 5056 903 5110 συντέλειαν
943 5061 1037 5112 καὶ
1084 5063 1441 5132 παρασκευὴν
1496 5067 1588 5117 καὶ
1641 5067 1765 5134 μάλ’

181 5141 559 5210 ἀποχρώντων
623 5148 792 5200 πάλαι
856 5166 915 5201 τε
978 5156 1331 5221 τεταγμένων
1414 5156 1603 5208 τοῦτον
1672 5160 1763 5211 τὸν

182 5235 413 5301 τρόπον,
461 5236 555 5288 καὶ
591 5238 760 5291 ὄντων
805 5242 911 5305 ἀεὶ,
948 5243 1039 5295 καὶ
1076 5247 1173 5312 τὴν
1204 5248 1508 5312 ἀναγκαίαν
1552 5253 1762 5316 μήποτε

180 5325 395 5394 ταύτην
442 5326 836 5382 ἐκλελοιπότων
877 5334 1090 5403 φοράν·
1132 5331 1202 5406 ἧς
1232 5337 1511 5401 ἀδυνάτως
1558 5344 1760 5395 παντά-

179 5432 353 5469 πασιν
406 5419 683 5488 ίσχούσης,
714 5422 998 5491 θησαυροὶ,
1039 5426 1113 5495 τῷ
1160 5445 1219 5480 τε
1265 5433 1407 5482 κατὰ
1450 5434 1553 5502 γῆν
1599 5437 1759 5489 πάντ’

178 5504 322 5560 εἶναι
351 5509 446 5561 τὸν
480 5513 692 5580 χρόνον,
722 5515 802 5583 τῷ
838 5516 884 5568 τ’
914 5518 1181 5587 ἐμφανεῖς
1235 5525 1565 5579 οἱστισινοῦν
1600 5545 1758 5597 γεγο-

178 5601 332 5662 νότες
389 5603 545 5665 πᾶσι,
580 5606 673 5656 καὶ
728 5606 902 5671 οὕτως
932 5611 1087 5663 οὐδὲν
1133 5608 1298 5683 ἦττον
1353 5616 1584 5683 ἀφανεῖς
1614 5617 1754 5674 εἶναι

178 5694 289 5754 τοῖς
320 5692 506 5754 ἄλλοις
535 5696 627 5748 καὶ
652 5698 945 5764 φανθέντες
969 5702 1250 5758 λανθάνειν
1276 5724 1291 5740 ο
1319 5707 1493 5776 ὀλίγοι
1518 5712 1574 5763 δέ
1607 5730 1756 5776 τινες

180 5783 374 5863 κομιδῆ
430 5785 526 5837 καὶ
570 5788 725 5856 μόλις
770 5792 897 5845 ποτὲ
936 5792 967 5863 ἧ
1000 5794 1087 5847 ὂιά
1142 5796 1394 5851 πλείστου
1444 5804 1556 5863 τοῖς
1588 5806 1752 5856 πᾶσιν

1933 1853 2076 1906 malo
2132 1850 2397 1921 eripiens,
2430 1863 2482 1907 te
2542 1853 2742 1921 ipsum,
2804 1853 3003 1908 bonam
3037 1855 3239 1909 famam
3279 1871 3501 1912 conser-

1929 1979 2063 2017 vans
2126 1975 2183 2018 et
2215 1962 2455 2034 perfidia
2510 1966 2882 2036 suspicionem
2913 1966 3192 2036 rejiciens.

1985 2411 2077 2469 20.
2104 2412 2184 2466 Tu
2206 2427 2359 2479 vero,
2382 2430 2496 2480 rex,
2515 2416 2566 2470 id
2586 2427 2710 2472 ante
2737 2417 2919 2472 omnia
2951 2417 3179 2478 vide.ne
3211 2416 3356 2471 idem
3389 2409 3490 2466 tibi

1915 2522 2059 2589 quod
2094 2523 2589 2593 praedecessoribus
2623 2527 2731 2581 tuis
2755 2528 2986 2584 accidat.
3018 2528 3074 2583 Si
3111 2528 3258 2583 enim
3286 2515 3485 2580 alicubi

1914 2649 2181 2692 terrarum
2242 2641 2483 2696 thesauri
2542 2645 2909 2714 reperiuntur,
2954 2654 3012 2701 tu
3076 2646 3288 2715 primus
3323 2656 3490 2698 occu-

1909 2767 2046 2822 pans
2085 2771 2207 2810 esse
2251 2756 2439 2811 debes.
2475 2758 2579 2812 Iste
2612 2762 2756 2813 enim
2794 2760 3085 2816 thesaurus
3137 2760 3191 2814 in
3228 2766 3483 2830 promptu

1907 2880 2029 2920 esse
2058 2866 2221 2921 debet
2251 2876 2307 2922 et
2332 2869 2480 2922 tradi
2504 2872 2701 2923 aerario
2742 2872 2918 2939 regio,
2979 2872 3124 2927 unde
3152 2871 3219 2926 ad
3277 2871 3483 2926 auxilia

1905 2980 2127 3036 ferenda
2188 2998 2443 3051 promere
2474 2985 2669 3053 possis.
2722 2985 3073 3042 Contrarium
3106 2987 3252 3042 enim
3284 2985 3481 3041 absur-

1911 3092 2065 3161 dum,
2086 3096 2314 3165 impium
2346 3106 2431 3151 est
2460 3106 2518 3152 et
2549 3100 2669 3152 usui
2700 3110 2925 3170 recepto
2942 3110 3230 3171 repugnat.
3258 3099 3315 3155 Si
3331 3100 3477 3156 enim

1905 3205 2027 3259 ﬁeri
2066 3222 2175 3259 non
2236 3216 2417 3276 potest
2470 3218 2531 3263 ut
2569 3209 2861 3265 thesaurus
2892 3212 3012 3266 sine
3071 3211 3167 3266 Dei
3198 3211 3478 3266 voluntate

1901 3317 2237 3387 ell‘odiatur;
2287 3331 2343 3375 et
2375 3337 2499 3376 eum
2537 3322 2682 3379 Deus
2744 3324 2831 3379 cui
2866 3326 2984 3379 vult
3014 3324 3340 3390 distribuit,
3378 3341 3477 3379 vos

1898 3442 2079 3488 autem
2105 3451 2231 3488 eum
2273 3435 2359 3489 vix
2392 3436 2703 3506 depositum
2745 3437 2958 3507 rapitis,
3015 3454 3197 3493 nonne
3220 3439 3476 3494 Numinis

1898 3545 2064 3599 divini
2098 3546 2366 3602 voluntati
2405 3547 2737 3604 contraius?
2789 3547 2945 3615 Quod
2999 3549 3146 3607 enim
3185 3549 3327 3603 Deus
3355 3550 3472 3603 sin-

1896 3660 2040 3727 gulis
2071 3661 2383 3730 impertitus
2412 3672 2519 3728 est,
2572 3678 2672 3717 nos
2707 3663 2757 3717 vi
2811 3664 3057 3720 adhibita
3118 3665 3172 3718 iu
3216 3674 3469 3719 nostrum

1892 3777 2162 3830 vertimus
2194 3791 2375 3843 usum,
2429 3776 2668 3831 divinam
2700 3778 2779 3833 sic
2807 3778 3139 3833 voluntatem
3168 3778 3467 3832 correclnri

1893 3907 1958 3946 ac
1990 3900 2201 3946 tantum
2227 3907 2337 3946 non
2365 3893 2475 3948 alta
2519 3910 2653 3950 voce
2686 3896 2985 3951 clamantes
3014 3895 3161 3964 quod
3218 3893 3465 3947 thesauri

1892 4005 2019 4074 jure
2047 4007 2218 4059 nostri
2237 4005 2359 4062 aliis
2384 4007 2495 4062 sint
2526 4007 2733 4066 traditi.
2763 4007 2943 4075 Quare
2976 4009 3147 4061 miror
3165 4010 3310 4077 quod
3337 4023 3464 4063 eum

1891 4117 1987 4186 qui
2021 4118 2262 4190 aliquem
2295 4123 2617 4176 vestratium
2647 4122 2940 4177 oli'enderit
2972 4122 3179 4176 inimici
3211 4122 3334 4177 loco
3366 4121 3463 4175 ha-

1888 4229 2053 4294 betis,
2084 4231 2189 4299 ipsi
2214 4246 2344 4286 vero
2366 4232 2459 4301 qui
2492 4233 2678 4303 pejora
2706 4234 3036 4303 operamini,
3069 4249 3167 4303 pro
3191 4234 3316 4288 istis
3348 4248 3461 4287 ma-

1886 4356 1993 4395 nus
2035 4341 2101 4395 ad
2132 4341 2302 4396 Deum
2335 4344 2639 4414 porrigitis.
2683 4345 2801 4399 Non
2829 4347 2975 4399 enim
3041 4362 3140 4415 pro
3171 4347 3317 4401 bono
3348 4362 3448 4413 pu-

1886 4454 2030 4510 blico
2060 4456 2175 4511 bzec
2201 4472 2300 4511 vos
2325 4457 2510 4513 facere
2531 4460 2736 4524 dicitis,
2762 4474 2871 4513 non
2900 4472 2960 4515 ut
2992 4460 3179 4524 legati,
3219 4461 3454 4514 militum

1883 4566 2055 4621 duces
2113 4570 2332 4622 urbium
2370 4571 2610 4639 praefecti
2662 4572 2928 4626 evadatis.
2987 4573 3235 4628 Attamen
3296 4588 3455 4628 nemo

1878 4684 2038 4737 vobis
2067 4683 2181 4738 haac
2207 4684 2519 4738 dicentibus
2542 4684 2703 4739 ﬁdem
2744 4685 2983 4739 habebit.
3023 4685 3156 4740 Nam
3192 4687 3317 4740 inde
3380 4686 3450 4741 ab

1877 4796 2025 4848 omni
2060 4806 2303 4863 tempore
2336 4796 2565 4865 pecunia
2603 4797 2890 4851 tributaria
2936 4798 2990 4851 in
3020 4800 3277 4852 aerarium
3309 4801 3449 4853 redi-

1873 4905 2064 4964 bat.et
2118 4921 2392 4974 nunquam
2441 4907 2721 4976 vectigalia
2770 4909 2904 4962 solvi
2956 4920 3260 4963 cessarunt.
3306 4908 3448 4965 The-

1871 5020 2019 5073 sauri
2072 5020 2238 5087 igitur
2274 5019 2479 5087 ubique
2505 5029 2769 5074 terrarum
2792 5031 2848 5075 et
2884 5022 3036 5076 nullo
3065 5039 3171 5076 non
3200 5032 3447 5092 tempore

1872 5130 1927 5183 in
1976 5132 2267 5185 manifesto
2293 5141 2348 5186 et
2376 5132 2428 5186 in
2460 5134 2679 5189 occulto
2717 5149 2841 5189 esse
2873 5146 3101 5204 possunt
3143 5137 3286 5205 apud
3323 5154 3442 5191 Oltl-

1870 5258 1984 5295 nes.
2014 5240 2354 5296 Thesaurum
2408 5243 2589 5312 itaque
2637 5244 2905 5299 incertum
2940 5247 3063 5316 quis
3116 5247 3181 5301 ad
3239 5250 3444 5303 bonum

1863 5370 2156 5409 commune
2190 5355 2457 5424 prolicere
2482 5357 2783 5412 declarabit
2809 5359 2832 5411 ‘l
2859 5358 2979 5426 Quo
3003 5372 3161 5429 pacto
3195 5362 3317 5416 deiu
3342 5378 3439 5417 eos

1860 5466 1954 5533 qui
1985 5468 2064 5520 sic
2098 5482 2156 5522 se
2206 5467 2430 5535 habent,
2484 5469 2693 5525 bonum
2749 5473 3030 5542 publicum
3085 5476 3344 5546 adjuvare
3376 5487 3433 5532 et

1858 5579 2073 5634 civibus
2105 5581 2219 5637 suis
2254 5582 2415 5637 utiles
2463 5598 2583 5639 esse
2614 5585 2853 5641 dixerit?
2878 5587 3121 5645 Minime.
3178 5591 3283 5646 Sed
3347 5590 3439 5648 {ac

1859 5702 1919 5747 ut
1966 5694 2099 5747 illud
2134 5694 2311 5751 facere
2340 5698 2574 5767 possint,
2630 5716 2761 5755 num
2797 5718 2921 5758 cum
2958 5703 3099 5759 bona
3138 5721 3236 5776 spe
3276 5707 3425 5778 juste

1856 5817 1908 5861 et
1946 5809 2116 5877 probe
2146 5811 2354 5880 agendo
2386 5815 2708 5884 precedent,
2771 5834 2838 5874 an
2888 5820 3243 5891 iniustissima
3278 5836 3419 5892 quo-
