4232 6432
261 367 362 435 481

264 573 403 633 λέως
447 571 850 639 ἐξελήλεγκται,
901 573 975 635 ὠς
1025 573 1161 642 μηδὲ
1225 570 1336 638 τοῖς
1392 577 1830 646 ἐπιγιγνομένοις

261 663 466 728 ἐξεῖναι
496 664 796 718 λανθάνειν.

336 756 443 812 κα’.
486 758 593 809 Καὶ
631 758 739 825 μὴν
773 757 862 807 καὶ
890 757 949 808 τὸ
977 757 1084 818 τοῖς
1115 757 1400 826 ὑπηκόοις,
1437 759 1656 811 ἐπειδὰν
1684 761 1835 829 ἡστι-

262 849 458 901 νοσοῦν
487 847 903 920 καταλαὸούσης
929 850 1173 918 ἀνάγκης
1207 852 1454 921 ἀπορῆτε
1502 853 1830 924 χρημάτων,

261 943 437 995 ἔπειτ’
471 943 731 1012 εἰσφορὰς
754 943 1084 1005 ἐπιτάττειν,
1116 943 1209 995 καὶ
1235 943 1303 994 δι’
1346 943 1527 996 αὐτῶν
1559 943 1831 1012 αἱρεῖσθαι

260 1039 332 1087 τὰ
397 1037 587 1088 δέοντα
647 1038 928 1104 πράττειν,
965 1035 1082 1096 πῶς
1130 1036 1230 1088 οὐκ
1286 1036 1527 1104 ἀτεχνῶς
1551 1035 1750 1105 βίαιον,
1797 1037 1829 1103 ἢ

262 1131 382 1191 πῶς
415 1131 512 1180 οὐκ
549 1128 652 1194 ἔξω
684 1131 778 1195 τῆς
831 1127 961 1196 παρ’
1005 1129 1160 1196 ὑμῶν
1189 1128 1548 1198 ὀφειλομένης
1594 1130 1833 1181 τουτοισὶ

265 1219 650 1288 προμηθείας;
695 1220 788 1270 καὶ
831 1219 858 1270 ὃ
907 1218 1097 1270 τούτου
1143 1219 1349 1286 μεῖζον,
1386 1219 1516 1287 πρίν
1547 1219 1598 1285 γ’
1640 1218 1706 1270 ἂν
1737 1217 1834 1270 αὐ-

262 1315 389 1369 τους
420 1306 477 1362 εὖ
527 1309 774 1376 ποιῆσαι,
808 1308 874 1359 δι’
904 1303 977 1359 ὧν
1017 1307 1156 1375 ὑπὲρ
1187 1307 1366 1358 αὐτῶν
1399 1307 1555 1358 ταῦτ’
1585 1310 1834 1359 ἀπαιτεῖν

260 1400 621 1460 διατείνεσθε,
655 1400 882 1466 φθάνετε
917 1399 1102 1460 κακῶς
1133 1397 1354 1460 τούτους
1406 1396 1686 1458 ποιοῦντες
1717 1399 1834 1460 ταῖς

260 1500 547 1564 εἰσφοραῖς
576 1514 590 1528 ο
622 1499 671 1547 εί
708 1497 806 1564 μὲν
831 1495 940 1564 γὰρ
967 1495 1068 1546 οὐκ
1109 1489 1196 1561 ἦν,
1231 1496 1330 1546 οὐκ
1381 1494 1506 1560 ὲνῆν
1529 1493 1748 1546 ὁθενοῦν
1774 1492 1834 1545 τὸ

264 1593 532 1657 παράπαν
555 1593 812 1659 χρήματα
857 1586 1208 1656 πεπορίσθαι,
1243 1585 1469 1646 είκότως
1513 1586 1579 1638 ἂν
1625 1585 1836 1652 εἰσέφε-

267 1704 359 1754 ρον
389 1679 552 1736 οὗτοι.
588 1682 646 1732 Εἰ
680 1682 725 1732 δ’
761 1682 875 1732 ἔστι
928 1675 1026 1747 μὲν
1062 1680 1228 1739 πολὺς
1265 1681 1321 1730 ὲν
1357 1678 1666 1747 κειμηλίοις
1696 1695 1834 1746 χρυ-

265 1782 380 1837 σὸς.
418 1777 532 1826 ἔστι
579 1776 633 1826 δὲ
679 1775 914 1841 ἄργυρος
947 1776 1037 1823 καὶ
1062 1771 1224 1823 λίθων
1277 1771 1561 1838 ὑπερφυὴς
1603 1770 1834 1837 ἀφθονία

265 1866 602 1927 πολυτελῶν,
638 1867 818 1917 πάντα
847 1865 903 1914 δὲ
930 1862 1085 1914 ταῦθ’
1119 1863 1257 1931 ὑπὲρ
1287 1859 1380 1912 τοῦ
1420 1863 1573 1931 κοινῇ
1623 1859 1836 1917 λυσὶτεο

258 1961 485 2018 λοῦντος
533 1961 588 2010 ἐν
633 1957 708 2023 τῷ
753 1957 845 2008 τοῦ
881 1955 1077 2024 καιροῦ
1122 1954 1372 2006 καλοῦντι
1408 1952 1834 2023 παρεσκευάσθη

259 2052 588 2120 τοεξαρχῆς,
629 2047 732 2102 ποῦ
783 2050 991 2101 δίκαιον
1046 2045 1204 2099 ταῦθ’
1257 2046 1624 2113 ὑπερϐάντας,
1668 2045 1703 2098 ἃ
1760 2047 1835 2115 μὴ

262 2145 511 2212 προσῆκε
548 2142 784 2204 διώκειν,
812 2142 903 2191 καὶ
933 2139 1006 2208 μὴ
1033 2140 1154 2200 ταῖς
1176 2137 1420 2205 εὐλόγοις
1445 2140 1537 2190 καὶ
1569 2139 1837 2204 τεταγμέ-

258 2255 383 2299 ναις
433 2236 711 2303 ἀφορμαῖς
763 2231 970 2285 ἐθέλειν
1017 2229 1358 2299 κεχρῆσθαι,
1389 2230 1506 2283 ἀλλ’
1570 2231 1836 2300 ἑτέρωθεν

260 2330 447 2396 ζητεῖν
482 2327 540 2378 τὸ
574 2326 674 2394 τῆς
704 2324 892 2395 χρείας
932 2323 1165 2393 ἑστηκὸς
1192 2321 1559 2390 θεραπεύειν;
1588 2323 1700 2375 Καὶ
1727 2323 1837 2393 μὴν

258 2424 309 2474 εί
340 2421 416 2489 μὴ
445 2418 654 2479 τούτοις
688 2417 921 2470 ἐνταῦθα
947 2416 1269 2486 χρησόμεθα
1308 2415 1501 2486 δήπου,
1532 2415 1708 2482 ἔγωγε
1737 2415 1837 2485 οὐχ

257 2513 391 2581 ὁρῶ.
431 2511 586 2577 Παρὰ
626 2510 800 2562 πάντα
830 2509 877 2562 δ’
906 2510 1086 2561 ἐκεῖνο
1111 2508 1274 2575 λέγω,
1302 2509 1376 2571 ὡς
1408 2508 1457 2559 εί
1490 2508 1588 2576 μὲν
1617 2506 1721 2576 τῆς
1751 2509 1832 2572 είς

258 2605 434 2659 ἔπειθ’
467 2605 653 2655 εῖνεκα
685 2601 872 2672 χρείας
901 2601 1061 2654 ταυτὶ
1090 2600 1330 2670 πρόσθεν
1366 2600 1704 2665 συνείλεκτο,
1737 2599 1833 2652 καὶ

260 2699 400 2768 πρὸς
426 2697 588 2748 τοῦτο
617 2694 740 2762 ἔσχε
785 2693 883 2761 τὴν
935 2693 1236 2763 ἀναφορὰν,
1277 2693 1492 2763 ἀνάγκη
1527 2694 1676 2746 πᾶσα
1700 2695 1831 2746 ταύ-

256 2809 361 2858 της
385 2789 507 2840 νυνὶ
535 2786 1011 2856 παραγενομένης,
1044 2786 1213 2854 μηδὲν
1241 2786 1303 2838 τὸ
1329 2786 1595 2854 παράπαν
1619 2786 1832 2850 τούτοις

260 2883 636 2944 ἐνδοιάζοντας
699 2878 956 2946 χρῆσθαι,
990 2879 1078 2930 ῐνα
1123 2877 1220 2930 καὶ
1269 2878 1330 2930 τὸ
1364 2879 1687 2948 γιγνόμενον
1729 2877 1829 2930 σώ-

260 2977 446 3043 ζηται,
482 2974 577 3025 καὶ
611 2970 994 3041 μηδειστισοῦν
1022 2970 1298 3040 εἰσφέρων
1329 2971 1470 3040 ἀλγῇ
1498 2986 1511 3000 ⁸
1535 2973 1632 3024 καὶ
1664 2988 1833 3042 προσ-

261 3071 342 3121 έτι
386 3066 769 3134 παρελθούσης
806 3063 903 3131 τῆς
957 3063 1148 3132 χρείας
1211 3063 1310 3114 καὶ
1345 3064 1453 3116 τῶν
1483 3065 1831 3132 πραγμάτων

259 3161 318 3213 εῦ
347 3159 734 3214 καθεστώτων,
765 3158 902 3225 μετά
936 3156 1404 3224 περιφανεστέρας
1435 3157 1530 3208 καὶ
1582 3157 1829 3225 μείζονος
1855 3189 1901 3246 c

255 3253 357 3316 τῆς
387 3250 705 3317 προσθήκης
733 3248 888 3308 αὖθις
933 3248 1142 3300 τούτων
1197 3246 1514 3317 πλησθῶσιν
1545 3249 1594 3300 οί
1627 3248 1836 3318 θησαυ-

258 3341 363 3411 ροί.
388 3342 449 3392 Εἰ
486 3341 529 3393 δ’
559 3339 710 3391 οἰδὲν
740 3337 981 3390 τοιοῦτόν
1011 3338 1185 3400 ἐστιν,
1203 3337 1339 3405 ὅπερ
1365 3337 1668 3407 ἀμήχανον,
1694 3336 1831 3390 ἀλλὰ

526 3449 609 3492 τις
649 3430 825 3500 ἄλλως
853 3427 953 3497 ῦλη
987 3430 1050 3480 εκ
1084 3429 1410 3498 περιουσίας
1442 3429 1525 3481 ὅτι
1564 3429 1831 3494 πλείστης

253 3530 334 3589 είς
365 3526 518 3577 οὐδὲν
545 3524 663 3576 δέον
697 3524 961 3588 ξυστᾶσα,
993 3521 1088 3573 καὶ
1118 3521 1262 3573 οὕτω
1293 3522 1430 3573 πολὺ
1465 3521 1666 3590 μᾶλλον
1696 3538 1832 3589 χρη-

253 3619 412 3671 στέον
450 3616 611 3684 αὐτῇ,
639 3615 714 3677 ὡς
746 3616 812 3667 ἂν
836 3613 1134 3684 ἁσυντελής
1163 3631 1244 3674 τις
1271 3612 1428 3676 οὖσα,
1462 3614 1720 3682 συντελὴς
1751 3615 1826 3676 ὡς

254 3711 492 3778 μάλιστα
534 3709 758 3776 γένηται
823 3705 916 3758 καὶ
967 3707 1080 3767 τοῖς
1129 3706 1454 3774 πράγμασιν
1503 3708 1560 3757 ἐν
1602 3705 1820 3774 καιρῷ·

249 3799 595 3868 πανταχόθεν
624 3794 716 3850 οὖν
740 3799 856 3850 ἐστι
888 3797 1069 3865 δῆλον,
1105 3796 1180 3858 ὡς
1211 3796 1324 3866 ἄρα
1349 3796 1562 3860 τούτοις
1584 3797 1823 3865 ἀνάγκη,

247 3894 380 3942 οταν
420 3892 634 3955 ἀνάγκη
664 3906 749 3950 τις
781 3889 933 3958 ἐπίῃ,
966 3887 1296 3956 κεχρῆσθαι.

322 3981 429 4049 κβ’.
468 3974 536 4052 ᾯ
560 3980 617 4031 δὲ
649 3981 883 4048 μάλιστα
940 3980 1161 4032 πάντων
1218 3980 1536 4049 ἀχθόμενος,
1589 3981 1824 4049 μάλιστα

246 4075 469 4126 πάντων
516 4072 829 4124 πεπαῦσθαι
887 4072 1146 4140 βούλομαι
1195 4073 1282 4125 διὰ
1335 4071 1452 4137 σοῦ,
1512 4073 1669 4126 τοῦτο
1721 4075 1820 4144 ἤδη

245 4165 549 4234 προσθήσω
576 4166 690 4226 τοῖς
725 4167 1041 4234 εἰρημένοις
1062 4205 1076 4224 ,
1107 4166 1206 4233 τῆς
1248 4166 1345 4232 μὲν
1390 4166 1559 4234 αὐτῆς
1590 4166 1822 4228 ἐκείνοις

243 4260 419 4327 δήπου
445 4254 785 4326 διορθώσεως
839 4255 1041 4324 χρῇζον
1070 4258 1165 4307 καὶ
1196 4255 1297 4322 τῆς
1345 4257 1601 4325 σπουδῆς,
1643 4274 1821 4325 παρα-

244 4351 440 4418 νομίας
480 4350 536 4400 δὲ
567 4349 750 4400 εῖνεκα
776 4347 992 4398 τοσοῦτ’
1047 4349 1213 4399 ἐκεῖν’
1246 4350 1566 4414 ἀπολεῖπον,
1600 4351 1674 4411 ὡς
1725 4353 1818 4402 καὶ

244 4441 434 4511 θηρῶν
466 4441 820 4510 ἀγριωτάτων
846 4439 992 4491 τοῦτ’
1023 4435 1164 4491 εἶναι
1196 4441 1367 4508 φῆσαι
1410 4441 1610 4507 μᾶλλον
1645 4443 1676 4508 ἢ
1721 4441 1815 4493 τοῦ

243 4533 366 4586 καθ’
405 4533 553 4601 ἡμᾶς
587 4532 889 4599 πεφυκότος
916 4547 928 4560 ·
960 4530 1021 4583 τὸ
1050 4532 1157 4599 γὰρ
1200 4532 1326 4593 τοὺς
1366 4533 1436 4584 τὰ
1473 4532 1692 4601 σφέτερ’
1721 4534 1818 4585 αὐ-

239 4625 349 4678 τῶν
385 4625 569 4693 σκάφη
608 4625 739 4693 παρ’
767 4622 1089 4676 ἁστινασοῦν
1135 4624 1245 4675 τῶν
1274 4624 1460 4675 άκτῶν
1509 4628 1817 4690 καταγνύν-

239 4735 340 4779 τας
386 4717 484 4768 καὶ
527 4715 796 4779 ναυαγίας
844 4714 1217 4782 πειρωμένους
1255 4714 1482 4778 ἀτόπου,
1512 4714 1681 4768 ἔπειτ’
1719 4717 1818 4786 οὐχ

239 4812 367 4863 ὅσον
423 4807 682 4878 προνοίας
710 4805 863 4873 παρά
894 4807 1003 4858 τῶν
1034 4807 1374 4875 προσχώρων
1406 4807 1438 4876 ἢ
1467 4807 1599 4873 γοῦν
1631 4824 1814 4875 παρα-

241 4901 447 4969 μυθίας
499 4898 820 4967 ἡστινοσοῦν
869 4897 1185 4962 ἀπολαύειν,
1217 4897 1353 4951 ἀλλὰ
1403 4900 1496 4951 καὶ
1538 4917 1813 4952 συνεπιτι-

237 4993 501 5059 θεμένους
545 4991 768 5053 τούτους
825 4991 1018 5059 ἴσχειν,
1043 4993 1142 5043 καὶ
1198 4994 1639 5062 συγκροτοῦντας
1689 4994 1808 5054 πῶς

237 5085 304 5136 ἂν
327 5084 508 5144 εἴποις
537 5082 634 5151 τὴν
661 5082 854 5151 τύχην,
895 5080 1096 5150 μᾶλλον
1135 5081 1191 5133 δὲ
1228 5082 1320 5134 καὶ
1372 5083 1550 5152 πολλῷ
1587 5085 1812 5153 παριόν-

235 5193 354 5238 τας,
392 5175 550 5242 εῖπερ
597 5173 633 5226 ἃ
691 5175 874 5243 ἐκείνη
932 5178 1187 5243 παρεῖχε,
1241 5174 1394 5226 ταῦθ’
1459 5171 1604 5228 οὗτοι
1660 5177 1812 5243 παρὰ

235 5269 414 5320 πάντα
468 5265 862 5334 διαρπάζουσιν
920 5261 1119 5330 οἶκτον,
1165 5267 1460 5336 ὑπερφυῶς
1520 5268 1691 5320 δεινόν
1750 5285 1809 5319 τε

233 5361 325 5410 καὶ
354 5353 424 5427 ἦς
455 5358 556 5409 οὐκ
596 5357 663 5409 ἂν
695 5358 870 5410 είπεῖν
915 5359 1182 5428 δυναίμην
1231 5360 1428 5421 κακίας
1461 5361 1560 5428 (1).
1591 5361 1658 5411 Τί
1700 5363 1806 5430 γὰρ

228 5450 293 5503 ἂν
322 5450 510 5502 οὐτοσὶ
561 5449 721 5500 πλέον
781 5453 840 5500 ἐν
895 5452 1120 5518 πελάγει
1181 5452 1536 5514 κινδυνεύσας
1593 5453 1800 5523 ὑπέστη

227 5542 376 5593 ὁπότ’
407 5538 469 5604 ἐξ
498 5542 758 5608 ἡμισείας
786 5541 1083 5609 βεϐὶάφθαι
1123 5543 1208 5594 διὰ
1241 5543 1331 5596 τὸν
1355 5546 1524 5596 τόπον
1553 5545 1801 5612 νομίσας,

295 5721 371 5787 (l)
402 5718 710 5777 Scelestum
746 5721 894 5775 hunc
925 5739 1130 5777 morem
1183 5723 1250 5777 ab
1295 5725 1611 5782 Andronico
1644 5730 1664 5784 ι
1694 5746 1791 5785 οη-

229 5791 498 5858 liquatum
539 5790 707 5844 fuisse
752 5792 828 5843 ait
886 5791 1223 5859 Epltrmmius
1257 5814 1307 5850 v.
1358 5796 1498 5851 5285
1531 5814 1652 5869 sqq.
1683 5801 1787 5855 Sed

1336 371 1617 434 ORATIO
1660 375 1757 435 DE
1789 375 2016 436 REGIS
2058 377 2407 442 OFFICllS.

266 479 362 533 σοῦ
395 478 570 542 καλῶς
603 478 694 532 τοῦ
724 479 881 534 πάντ’
925 482 1153 550 ἀρίστου
1201 482 1296 534 καὶ
1328 481 1645 552 θαυμαστοῦ
1679 485 1834 554 βασι-
1865 492 1907 548 Α

2001 779 2090 831 2|.
2147 776 2282 832 Illud
2315 791 2556 846 quoque,
2587 776 2734 847 quod
2787 777 2841 832 in
2873 779 3123 848 pecunia:
3165 784 3394 851 penuria
3436 784 3504 839 ad

1936 892 2286 946 subditorum
2319 907 2452 961 Opes
2503 892 2813 958 recurritis,
2850 908 2959 948 non
3010 895 3130 950 sine
3184 899 3237 952 vi
3269 901 3509 968 quadam

1936 1005 2053 1058 lleri
2093 1005 2379 1068 solet,nee
2402 1020 2548 1058 cura:
2578 1014 2822 1073 paterna:
2873 1022 3034 1075 quam
3097 1008 3214 1062 istis
3273 1009 3510 1071 debetis,

1934 1121 2209 1174 convenit.
2263 1119 2413 1173 Adde
2444 1118 2590 1187 quod
2640 1119 2795 1188 prius
2841 1134 3005 1188 quam
3043 1120 3176 1188 ipsis
3207 1120 3345 1175 bene
3383 1121 3510 1174 faci-

1935 1234 2028 1297 tis,
2053 1233 2431 1288 exactionibus
2475 1232 2671 1287 vestris
2715 1234 2853 1288 male
2885 1234 2951 1288 iis
2982 1231 3186 1300 facitis,
3221 1233 3368 1303 quod
3423 1236 3506 1287 vel

1933 1363 2043 1401 non
2077 1347 2251 1401 coacti
2284 1346 2548 1399 tributum
2571 1345 2865 1399 solverent.
2901 1344 3004 1399 Ubi
3036 1353 3217 1398 autem
3251 1360 3506 1414 magnum

1935 1464 2053 1518 auri
2089 1461 2322 1530 pondus,
2356 1458 2566 1528 argenti
2589 1467 2645 1512 et
2665 1457 2908 1526 lapidum
2941 1459 3311 1526 pretiosorum
3335 1459 3510 1510 abun-

1934 1568 2117 1622 dantia
2139 1567 2203 1620 ad
2232 1569 2508 1636 publicum
2541 1581 2699 1620 usum
2720 1575 2805 1620 est
2836 1567 3129 1629 destinata,
3157 1568 3402 1636 ubiprim
3417 1585 3504 1620 um

1938 1697 2124 1736 rerum
2154 1680 2422 1750 angustia
2464 1687 2675 1748 urgent,
2709 1677 2790 1732 fas
2818 1695 2925 1734 nou
2956 1689 3042 1733 est
3071 1679 3194 1733 aliis
3230 1695 3393 1748 quam
3426 1680 3504 1733 le-
3536 1675 3540 1678 “

1864 1796 2142 1886 Bgitimis
2198 1793 2508 1848 rationibus
2538 1807 2569 1846 a
2630 1793 2843 1846 civibus
2899 1793 3199 1861 pecuniam
3245 1808 3497 1862 poscere.

1937 1907 2203 1976 Equidem
2239 1915 2392 1960 certe
2421 1919 2534 1958 rem
2564 1913 2624 1957 ut
2656 1904 2900 1972 iniquam
2947 1905 3315 1973 reprehendo.
3351 1902 3506 1969 Quod

1936 2023 1981 2076 si
2017 2023 2137 2076 ista:
2173 2019 2418 2090 pecunia
2467 2017 2666 2071 futuris
2699 2018 3124 2072 necessitatibus
3178 2034 3207 2072 a
3243 2019 3510 2087 principio

1940 2145 2230 2190 reservatze
2287 2141 2436 2198 sunt,
2497 2132 2756 2201 praesenti
2813 2147 2997 2186 rerum
3057 2132 3380 2188 discrimine
3441 2135 3509 2188 iis

1937 2251 2200 2306 utendum
2220 2259 2325 2315 est,
2350 2251 2420 2302 ita
2446 2257 2506 2303 ut
2527 2263 2710 2302 rerum
2738 2247 3018 2317 angustias
3034 2247 3350 2304 aboleamus
3372 2264 3510 2304 uno-

1934 2381 2153 2437 quoque
2170 2366 2291 2420 late
2313 2365 2558 2420 debitum
2588 2365 2859 2419 solvente.
2885 2363 3070 2420 Rebus
3087 2363 3236 2419 enim
3263 2365 3332 2421 de
3361 2381 3505 2420 novo

1932 2482 2214 2553 prosperis
2241 2495 2370 2546 gaza
2403 2495 2628 2550 quoque
2677 2478 2837 2540 novis
2868 2477 3148 2534 thesauris
3177 2479 3502 2551 replebitur.

1934 2598 1992 2654 Si
2021 2613 2154 2651 vero
2177 2605 2406 2651 econtra
2454 2608 2588 2663 opes
2644 2591 2936 2646 inaccessae
3003 2600 3058 2645 et
3089 2606 3508 2661 supervacanea:

1931 2714 2136 2784 iacent.
2170 2728 2199 2765 a
2235 2711 2446 2766 fortiori
2489 2709 2751 2764 utendum
2779 2709 2862 2765 eis
2908 2717 2994 2764 est
3025 2724 3094 2763 ne
3127 2709 3318 2764 inutile
3369 2728 3507 2781 pcn-

1933 2829 2038 2884 dus
2061 2834 2403 2897 putrescant,
2439 2825 2550 2879 imo
2587 2823 2824 2894 publicis
2879 2825 3302 2881 necessitatibus
3334 2828 3506 2881 inser-

1933 2940 2104 2993 viant.
2137 2937 2293 2993 Unde
2322 2946 2472 3007 patet
2506 2934 2654 3007 quod
2697 2934 2927 2990 istarum
2979 2936 3185 2991 auxilio
3219 2954 3316 2994 nos
3368 2957 3506 3010 ργα-

1935 3053 2150 3108 munire
2196 3052 2480 3107 debemus.

1993 3987 2084 4044 22.
2111 3989 2248 4048 Huic
2269 3995 2344 4049 rei
2375 3994 2671 4052 fastidiosae
2689 3998 2905 4055 tandem
2926 4001 3084 4057 linem
3113 4003 3492 4075 impositurus,

1923 4101 1975 4154 id
2007 4120 2171 4159 unum
2208 4109 2488 4177 adjiciam,
2518 4112 2662 4181 quod
2698 4115 3010 4170 emendatio
3039 4133 3100 4172 ac
3130 4119 3370 4173 studium
3404 4138 3498 4190 ap-

1921 4234 2127 4287 ponere
2159 4221 2317 4277 decet
2367 4240 2690 4296 summaque
2720 4230 2994 4293 cautione,
3027 4240 3136 4285 uta
3170 4234 3306 4299 fera,
3339 4245 3498 4288 uten-

1918 4330 2068 4384 dum.
2111 4331 2264 4400 Saape
2301 4336 2448 4389 enim
2500 4348 2687 4392 contra
2755 4339 2912 4395 littus
2949 4344 3256 4397 naviculam
3313 4347 3495 4400 allidi-

1920 4459 2041 4497 mus
2075 4461 2138 4498 ac
2165 4446 2512 4518 naufragium
2571 4450 2824 4517 facimus,
2859 4454 2991 4520 quin
3025 4456 3223 4512 accola:
3254 4458 3493 4526 regionis

1843 4554 1897 4612 D
1923 4557 2164 4610 solamen
2201 4560 2514 4627 prmbeant;
2553 4575 2776 4618 econtra
2800 4568 2945 4635 quod
2980 4569 3198 4624 fortuna
3234 4570 3348 4639 ipsa
3383 4589 3492 4626 non

1918 4671 2118 4738 rapuit,
2179 4673 2282 4741 ipsi
2311 4674 2684 4731 inhumaniter
2732 4680 2978 4750 eripiunt
3007 4698 3070 4736 ac
3097 4684 3223 4740 vita:
3263 4689 3480 4756 capiam

1913 4797 1976 4834 ac
2034 4781 2352 4839 facultatem
2389 4790 2756 4856 praecluduut.
2803 4793 2944 4858 Quid
2977 4797 3124 4849 enim
3168 4797 3257 4853 hic
3288 4800 3341 4853 in
3380 4817 3476 4868 pe-

1912 4893 2154 4946 rleuloso
2183 4895 2320 4948 mari
2372 4897 2592 4965 gravius
2621 4900 2765 4965 tulit,
2803 4911 2896 4956 aut
2953 4904 3046 4960 ille
3080 4910 3173 4976 qui
3227 4912 3490 4966 monstris

1911 5005 2142 5059 marinis
2166 5008 2349 5075 prada
2384 5009 2560 5066 factus
2593 5013 2716 5067 est?
2769 5014 2836 5069 At
2868 5027 3188 5073 contentum
3254 5037 3374 5077 sese
3405 5024 3490 5078 di-

1909 5131 2034 5171 cere
2065 5117 2146 5172 fas
2179 5129 2283 5186 est,
2310 5120 2610 5179 dummodo
2653 5127 2787 5181 solis
2817 5129 3002 5184 lumen
3060 5131 3246 5189 videre
3300 5136 3485 5199 detur.

1909 5243 2010 5282 nec
2049 5229 2198 5284 aliud
2225 5247 2492 5299 quan-ere.
2532 5234 2799 5304 Equidem
2846 5255 3108 5310 perquam
3143 5238 3488 5316 scire'cupio

1907 5341 1978 5403 si,
2020 5340 2074 5394 in
2100 5342 2266 5395 simili
2297 5356 2450 5406 casu,
2493 5343 2634 5399 idem
2664 5349 2967 5414 sentiretis,
3005 5360 3100 5406 aut
3156 5355 3316 5422 plane
3349 5374 3483 5411 con-

1912 5457 2163 5521 trarium,
2196 5466 2250 5511 et
2275 5473 2374 5527 per
2405 5468 2691 5530 utramque
2730 5462 3000 5520 fortunam
3051 5467 3118 5522 ad
3154 5470 3484 5540 resipiscen-

1912 5569 2043 5623 tiam
2091 5583 2155 5623 ac
2182 5570 2452 5626 rationem
2487 5577 2891 5633 reverterimini
2934 5581 3001 5636 ad
3048 5582 3264 5639 facilius
3299 5583 3483 5639 feren-

1897 5733 2026 5816 bine
2062 5736 2829 5816 apparetlatrocinioiterum
2867 5741 3161 5800 indulsisse
3194 5758 3366 5816 usque
3401 5740 3476 5800 ad

1898 5807 2269 5861 Andronicum
2309 5809 2346 5860 ll
2381 5807 2613 5864 Graecos.
