4232 6432
773 375 871 444 491

1986 384 2092 444 ΤΠ
2108 382 2394 447 EODULI
2433 392 2780 457 MONACHI

3904 402 4021 464 492

770 491 996 556 lissima,
1037 493 1373 562 dignissima,
1408 496 1531 563 quia
1567 494 1806 552 hominis
1851 499 2171 569 dignitatem
2229 517 2335 558 ma-
2374 520 2416 576 Α

2451 529 2572 575 ποις
2609 515 2666 566 oi
2715 515 2886 584 λόγοι,
2919 515 2988 568 τά
3016 518 3063 568 τ’
3094 516 3226 571 ἄλλα
3256 518 3364 571 καὶ·
3389 515 3470 570 ὅτι
3507 516 3686 586 πολλῷ
3710 515 3948 585 βελτίους
3983 520 4017 586 ἦ

774 601 1050 671 ximopere
1074 614 1254 674 auget,
1287 619 1501 675 semper
1522 616 1703 661 autem
1730 609 1942 664 fauture
1967 625 2031 665 ac
2054 612 2342 670 Mmcenate

771 730 909 784 opus
935 715 1119 782 habet,
1153 717 1330 786 qualis
1362 726 1440 785 tu,
1471 720 1562 788 qui
1600 722 1930 778 auctoritate
1987 727 2138 795 regia
2176 728 2345 796 pluri-

774 841 923 881 mum
950 842 1125 897 pctes,
1158 829 1420 900 majorem
1452 832 1586 901 ipsis
1642 833 1871 903 gratiam
1903 851 1970 893 ac
2009 839 2334 908 dignitatem

772 938 928 994 indas
955 956 1166 1008 precor,
1221 950 1278 995 ut
1319 941 1611 996 hominum
1643 945 1865 1002 utilitati
1921 949 2094 1020 magis
2149 952 2347 1020 magis-

768 1066 877 1121 que
923 1052 1205 1106 inserviat.

839 1165 929 1218 28.
967 1165 1023 1219 Si
1057 1166 1173 1220 haec
1201 1166 1274 1220 ita
1307 1181 1364 1220 se
1406 1166 1633 1235 habent,
1657 1178 1710 1224 et
1743 1171 1787 1224 si
1847 1172 1914 1226 ad
1953 1188 2120 1227 unum
2157 1188 2347 1230 omnes

773 1280 875 1332 hac
905 1278 973 1332 de
1009 1294 1066 1333 re
1099 1281 1472 1345 consentiunt,
1512 1290 1567 1336 tu
1609 1285 1745 1352 ipse,
1777 1300 1894 1347 rex,
1921 1286 2192 1355 ejusmodi
2218 1295 2346 1339 stu-

773 1395 860 1446 dia
894 1394 1149 1449 ardenter
1184 1397 1568 1466 complecteris
1598 1413 1722 1452 eum
1748 1398 1802 1452 in
1829 1398 2013 1466 ﬁnem,
2053 1409 2112 1454 ut
2145 1403 2349 1472 ubique

774 1506 1018 1573 gentium
1057 1520 1339 1561 sermones
1391 1507 1722 1577 sapientium
1773 1510 1955 1578 magni
2006 1510 2174 1566 facias
2221 1528 2345 1567 cum

774 1620 1016 1688 ipsisque
1046 1628 1324 1676 certamen
1354 1622 1524 1677 ineas.
1556 1623 1624 1678 Ut
1646 1638 1773 1678 vere
1793 1623 1994 1689 dicam,
2025 1640 2343 1680 sermonum

775 1731 1129 1786 serendorum
1183 1732 1559 1804 librorumque
1592 1735 1945 1805 legendorum
1979 1738 2197 1792 occasio
2229 1753 2340 1793 non

772 1855 989 1909 semper
1019 1852 1120 1904 est,
1157 1857 1335 1912 neque
1363 1844 1618 1906 victorias
1653 1845 1909 1901 Pindaric
1937 1861 2088 1902 more
2121 1858 2341 1904 cantare
2377 1871 2416 1925 Β

775 1952 1010 2008 facultas
1032 1954 1211 2010 datur.
1238 1956 1319 2009 Tu
1341 1972 1471 2012 vero
1491 1957 1543 2011 in
1560 1973 1628 2012 eo
1655 1974 1871 2028 quoque
1889 1959 2160 2030 sapientei
2192 1976 2342 2032 ages,

774 2076 834 2121 ut
887 2083 1078 2123 omnes
1142 2070 1286 2124 cives
1341 2070 1645 2125 studiorum
1699 2072 1894 2127 ardore
1945 2074 2161 2128 imbuas
2191 2084 2339 2130 etut

773 2180 1082 2250 sapientum
1140 2184 1471 2238 commercio
1533 2183 1791 2254 gaudeas,
1831 2185 2129 2254 siquidem,
2165 2197 2226 2242 ut
2261 2197 2346 2243 est

774 2300 829 2352 in
877 2298 1192 2368 proverbio,
1229 2300 1444 2368 tyranni
1473 2299 1574 2368 ipsi
1610 2300 1915 2368 sapientum
1939 2301 2339 2356 consuetudine

774 2412 1096 2482 sapientiam
1138 2413 1451 2481 acquirunt.
1483 2411 1556 2466 lta
1589 2412 1679 2467 [iet
1716 2423 2110 2467 utsermonum
2165 2415 2345 2483 gravi-

774 2532 858 2577 tas
876 2538 940 2577 ac
968 2521 1204 2593 dignitas
1229 2537 1324 2592 per
1343 2532 1394 2576 te
1417 2531 1705 2591 augeatur.
1728 2520 1959 2587 Quando
1983 2522 2129 2577 enim
2154 2538 2346 2578 omnes

773 2650 1095 2704 persuasum
1130 2621 1426 2699 habebunt,
1460 2644 1513 2689 te
1540 2633 1810 2704 ejusmodi
1870 2636 2033 2689 rebus
2066 2635 2345 2701 delectari,

772 2764 1052 2803 musarum
1082 2749 1238 2803 amici
1261 2747 1356 2803 tibi
1374 2748 1479 2817 ipsi
1506 2763 1726 2817 quoque
1742 2747 2028 2812 favebunt,
2046 2759 2102 2803 et
2130 2749 2346 2804 caeteris

772 2863 1004 2932 negotiis
1055 2862 1386 2932 posthabitis
1417 2862 1520 2915 arti
1554 2862 1806 2915 oratoriae
1842 2862 1896 2916 in
1945 2861 2137 2930 primis
2169 2861 2349 2916 stude.

771 2974 931 3039 bunt,
963 2975 1090 3044 quia
1129 2975 1186 3029 in
1233 2989 1296 3030 ea
1329 2988 1611 3028 musarum
1664 2972 1924 3042 templum
1950 3013 1964 3038 ,
2016 2971 2345 3041 eloquentia

771 3092 974 3157 locum,
1010 3089 1189 3146 omnis
1224 3089 1504 3158 sapientia:
1528 3086 1859 3142 curriculum
1890 3086 2094 3149 vident,
2138 3085 2343 3138 Deum-

2448 604 2568 656 κατ’
2591 604 2909 675 ἀνθρώπους
2928 607 3249 662 καθιστᾶσιν
3279 608 3621 678 ἀνθρώπους,
3642 609 3855 661 δέονται
3883 607 3933 660 δ’
3965 611 4025 672 ἐς

2448 696 2536 748 ἀεὶ
2561 696 2802 749 τοιούτου
2839 697 3244 765 συναγωνιστοῦ
3283 698 3376 750 καὶ
3417 700 3743 767 προστάτου,
3775 691 3888 760 οἷος
3926 699 4020 750 αὖ·

2447 787 2538 850 τὸς
2585 784 2654 854 εἷ,
2717 788 2862 856 μέγα
2890 789 3184 859 δυνάμενος
3235 789 3323 842 διὰ
3365 790 3465 861 τὴν
3503 789 3702 860 ἀρχὴν,
3737 790 3840 856 οὐχ
3875 789 4021 856 ὑπὲρ

2448 879 2626 931 αὑτῶν
2660 879 2859 948 μᾶλλον
2886 881 2918 948 ἢ
2949 881 3096 942 ὅπως
3120 880 3250 933 αὐτὸ
3280 880 3426 933 τοῦθ’
3447 882 3585 950 ὅπερ
3605 881 3710 933 είσὶ
3740 882 3835 932 καὶ
3860 882 4023 947 νομί-

2451 970 2632 1034 ζονται
2662 972 2802 1039 μετὰ
2849 971 3093 1041 μείζονος
3140 971 3480 1048 ἐργάζωνται
3513 973 3611 1041 τῆς
3639 974 4020 1042 παρασκευῆς,

2449 1064 2545 1114 καὶ
2592 1063 2729 1133 πρὸς
2760 1064 2944 1133 κοινὴν
2970 1064 3272 1134 ἀνθρώπων
3297 1065 3483 1134 ὄνησιν
3514 1061 3666 1121 ὦσιν.

2518 1161 2627 1226 κη’.
2663 1155 2725 1208 Et
2749 1154 2906 1209 ταῦθ’
2958 1156 3102 1209 οὕτω
3133 1157 3226 1210 καὶ
3265 1156 3452 1210 τοῦτον
3499 1157 3615 1228 εχει
3657 1157 3750 1210 τὸν
3791 1157 4016 1228 τρόπον,

2446 1247 2542 1300 καὶ
2569 1247 2764 1310 πάντες
2789 1248 2856 1301 ἂν
2878 1247 3094 1309 πάντως
3121 1249 3187 1302 τὰ
3213 1247 3418 1301 τοιαῦτ’
3446 1246 3697 1317 ἀλλήλοις
3722 1231 4017 1319 ξυμφαῖεν,

2447 1339 2650 1401 δίκαιος
2684 1338 2751 1392 ἂν
2802 1341 2920 1411 εἴης
2967 1341 3062 1393 καὶ
3111 1330 3296 1406 αὐτὸς,
3324 1335 3370 1394 ὦ
3420 1341 3664 1410 βασιλεῦ,
3709 1342 3806 1395 ἆτε
3838 1344 4022 1396 κοινὸν

2448 1430 2675 1497 ὀφείλων
2695 1429 2884 1498 ὅφελος
2905 1427 3066 1495 εἶναι,
3103 1433 3245 1486 οὕτω
3291 1433 3498 1486 τούτων
3546 1433 3890 1503 ἀντέχεσθαι,
3927 1437 4022 1487 καὶ

2447 1521 2717 1590 τοσαύτην
2760 1521 2900 1591 ὑπὲρ
2955 1523 3137 1577 αὐτῶν
3166 1524 3446 1592 εἰσφέρειν
3495 1522 3753 1594 σπουδὴν,
3797 1524 3877 1585 ὡς
3943 1523 4019 1592 μὴ

2451 1615 2611 1681 μόνον
2648 1615 2950 1684 ἑκασταχοῦ
2992 1617 3090 1685 τῆς
3123 1616 3449 1686 οἰκουμένης
3484 1617 3624 1684 μετὰ
3667 1615 3869 1668 πολλοῦ
3917 1615 4019 1668 τοῦ

2446 1709 2730 1778 περιόντος
2757 1708 3040 1761 ἀσκεῖσθαι
3070 1708 3263 1775 λόγους
3290 1708 3556 1773 κελεύειν,
3576 1709 3674 1761 καὶ
3699 1709 3868 1778 natqu
3891 1710 4018 1770 τοὺς

2449 1802 2693 1870 ἔχοντας,
2722 1801 2861 1853 ἀλλὰ
2906 1802 3000 1854 καὶ
3050 1801 3110 1854 σέ
3164 1803 3216 1870 γ’
3265 1801 3431 1856 αὑτὸν
3469 1802 3777 1870 ἀγωνιστὴν
3808 1801 4019 1853 τούτων

2448 1891 2587 1946 εἶναι
2617 1895 2710 1948 καὶ
2739 1895 3081 1963 σπουδαστήν
3113 1895 3209 1963 (Ι).
3239 1895 3302 1947 Et
3335 1895 3391 1947 δὲ
3429 1893 3697 1947 τοσούτων
3738 1893 3834 1946 καὶ
3864 1891 4020 1962 τηλι-

2449 1984 2657 2036 κούτων
2686 1985 2743 2036 ὲν
2772 1974 3093 2054 μεσημϐρία
3128 1985 3468 2053 πραγμάτων
3489 1984 3584 2053 οὐχ
3605 1980 3715 2035 οἶόν
3736 2000 3793 2035 τε
3822 1983 4016 2050 λόγους

2450 2075 2851 2144 μεταχειρίζειν
2905 2076 2996 2128 καὶ
3057 2074 3285 2144 βιϐλίοις
3337 2074 3632 2140 ὲγκύπτειν
3699 2076 3793 2126 καὶ
3848 2075 4016 2126 τᾶλλα

2446 2170 2707 2237 πράττειν
2734 2168 2770 2223 ἃ
2793 2169 3058 2239 μεγίστης
3078 2168 3194 2221 ἐστὶ
3223 2167 3461 2237 σπουδῆς
3497 2167 3591 2220 καὶ
3611 2161 3784 2235 λόγων
3815 2167 3973 2230 ἀξίας
3999 2184 4011 2196 ·

2443 2260 2562 2314 οὐδὲ
2592 2261 2699 2332 γὰρ
2737 2262 2829 2312 τὸν
2870 2262 3174 2328 ἱπποσύνην
3198 2260 3418 2312 δεδαότα
3445 2259 3592 2329 ᾄδειν
3623 2261 3763 2311 κατὰ
3797 2258 3857 2310 τὸ
3884 2259 4014 2320 ἔπος

2443 2347 2557 2407 οἷόν
2605 2371 2664 2407 τε
2699 2353 2814 2422 (2)°
2879 2355 2943 2406 σὺ
2992 2352 3048 2406 δὲ
3087 2353 3182 2406 καὶ
3223 2351 3396 2416 οῦτως
3434 2353 3530 2423 ἔσῃ
3568 2352 3752 2419 σοφὸς.
3779 2351 3881 2414 τὰς
3917 2351 4015 2420 μὲν

2446 2447 2626 2509 πόλεις
2660 2447 2896 2510 ἁπάσας.
2935 2449 3010 2509 ὡς
3045 2448 3201 2516 ἔφην,
3243 2447 3444 2516 μεστάς
3479 2441 3619 2499 εἶναι
3650 2445 4014 2514 παρασκευάς

2446 2541 2554 2603 ζων
2581 2540 2848 2605 παιδείας,
2874 2540 3033 2602 αὐτὸς
3085 2540 3143 2593 δὲ
3182 2541 3242 2592 τό
3286 2556 3344 2608 γε
3392 2540 3576 2606 σοφοῖς
3627 2539 3868 2590 συνεῖναι
3919 2536 4014 2587 καὶ

2445 2633 2788 2701 διαλέγεσθαι
2835 2632 3035 2685 πολλοῦ
3111 2649 3254 2695 τινος
3305 2631 3496 2698 ἄγω-ιο
3542 2631 3666 2683 ἐπεὶ
3719 2631 3809 2682 καὶ
3859 2629 4014 2696 σοσοὶ

2444 2724 2696 2793 τύραννοι
2729 2727 2793 2793 τῇ
2850 2723 3028 2792 σοφῶν
3076 2723 3354 2792 συνουσίᾳ,
3380 2722 3546 2789 φασὶν
3590 2722 3641 2772 οξ
3679 2721 3831 2788 σοφοί
3887 2720 4008 2788 (5)·

2445 2817 2513 2870 δι’
2544 2817 2604 2870 οῦ
2643 2817 2776 2888 δῆτα
2800 2816 2892 2867 καὶ
2928 2816 3126 2884 μᾶλλον
3174 2815 3448 2884 ζηλωτοὺς
3478 2814 3596 2876 πῶς
3631 2814 3732 2866 οίει
3763 2815 3888 2874 τοὺς
3923 2814 4011 2865 λό-

2445 2926 2571 2978 γους
2624 2910 2832 2979 ἐργάσῃ
2871 2909 2963 2961 ml.
3016 2909 3249 2978 σπουδῆς
3285 2908 3498 2977 ἁπάσης
3548 2906 3753 2971 ἀξίους.
3787 2907 3848 2958 Εἰ
3903 2914 4010 2974 γαρ

2443 3003 2506 3071 δὴ
2536 3004 2735 3062 πάντες
2779 3002 3047 3055 πεισθεῖεν
3078 3003 3161 3055 ὅτι
3213 3003 3438 3055 τοσοῦτο
3472 3003 3712 3056 τουτοισὶ
3773 3002 4007 3070 χαίρεις,

2444 3094 2585 3147 οὕτω
2614 3095 2817 3164 σφόδρα
2848 3097 2909 3147 τὸ
2937 3095 3058 3149 κατ’
3105 3095 3302 3158 αὐτοὺς
3326 3095 3559 3155 τίθεσαι,
3588 3095 3662 3158 ὡς
3709 3097 3835 3157 τοὺς
3883 3112 4012 3163 μου.

771 3220 876 3274 que
909 3219 1007 3273 pro
1033 3218 1129 3257 sua
1157 3201 1446 3272 prudentia
1475 3214 1706 3270 regnum
1759 3208 1912 3253 tuum
1932 3198 2151 3252 ﬁrmare
2177 3212 2344 3267 agno-
2370 3215 2412 3274 ο

2449 3187 2556 3241 σῶν
2599 3188 2852 3256 ἑταίρους
2906 3190 2998 3243 καὶ
3053 3190 3249 3242 σαυτοῦ
3296 3189 3536 3258 νομίζειν
3590 3191 3862 3260 ἑτα’ρους,
3923 3194 4012 3244 καὶ

772 3327 953 3371 scunt.
995 3315 1075 3369 Tu
1109 3315 1226 3384 ipse
1255 3316 1307 3368 in
1345 3313 1710 3368 admiratione
1728 3313 1862 3377 eris,
1900 3313 2030 3382 quia
2063 3312 2118 3365 in
2153 3326 2344 3381 perpe-

771 3439 864 3484 tua
921 3432 1199 3498 voluptate
1262 3429 1490 3498 positus,
1535 3426 1664 3480 dum
1702 3427 1885 3481 caateri
1923 3441 2020 3496 per
2080 3426 2338 3494 ignoran-

771 3543 899 3596 tiam
952 3542 1332 3619 languescunt,
1372 3548 1428 3593 tu
1459 3539 1614 3607 phari
1656 3539 1829 3591 instar
1857 3536 1980 3591 luce
2027 3545 2116 3589 tua
2172 3551 2343 3605 genus

771 3657 1070 3708 humanum
1099 3653 1341 3707 illustras
1363 3666 1428 3705 ac
1455 3665 1773 3719 regeneras;
1805 3665 1912 3718 qua
1933 3649 1986 3703 in
2004 3663 2062 3704 re
2085 3649 2342 3718 praeclare

770 3769 907 3838 agis,
935 3781 1054 3830 rex,
1086 3777 1140 3820 et
1170 3767 1468 3835 sapienter.
1503 3764 1585 3818 En
1625 3765 1935 3834 exemplum
1970 3763 2337 3834 prob‘ativum.

770 3880 1138 3933 Athenienses
1176 3876 1320 3930 inter
1377 3889 1568 3929 omnes
1608 3890 1720 3928 non
1763 3873 2040 3928 Barbaros
2097 3884 2336 3937 tantum,

769 3993 863 4048 sed
889 3991 1108 4048 (ἔτερος
1130 3990 1414 4044 universos
1427 3987 1787 4043 celeberrima
1816 4001 1881 4042 ac
1899 3986 2338 4057 splendidissima

771 4119 970 4175 tropaea
1025 4111 1360 4167 erexerunt,
1427 4100 1683 4156 omnibus
1751 4099 2084 4155 founidandi
2115 4099 2338 4167 Graecis,

771 4225 821 4274 in
863 4235 1002 4290 quos
1045 4229 1190 4272 terra
1236 4215 1480 4283 marique
1501 4212 1920 4267 dominabantur
1939 4211 2157 4265 nemine
2184 4226 2342 4282 pror-

768 4354 860 4389 sus
911 4335 1232 4396 resistente;
1288 4330 1397 4382 imo
1451 4340 1644 4381 omnes
1693 4325 1750 4379 in
1803 4325 1953 4394 ipsos
2006 4334 2066 4378 ut.
2094 4340 2339 4379 commu-

770 4464 865 4500 nes
887 4447 1241 4514 sospitatores
1263 4441 1455 4496 oculos
1485 4437 1892 4506 dirigebaut,et
1925 4437 1981 4490 in
2010 4449 2196 4489 rerum
2226 4434 2339 4487 dis-

2443 3280 2650 3341 τούτοις
2665 3277 2977 3350 ἁπανταχοῦ
2996 3280 3103 3334 τῶν
3125 3281 3469 3350 πραγμάτων
3486 3282 3552 3335 τὰ
3571 3282 3824 3334 πλείστου
3850 3287 4012 3349 φασὶν

2443 3369 2567 3436 ἄξια
2614 3371 2874 3442 χρῆσθαι,
2906 3374 3042 3425 πᾶσι
3069 3375 3181 3435 τοῖς
3223 3371 3402 3435 ἄλλοις
3433 3373 3491 3426 εῦ
3532 3369 3646 3426 οἶδα
3691 3380 3904 3444 χαίρειν
3936 3378 4013 3426 sl-

2443 3465 2660 3526 πάντες,
2692 3465 3050 3532 προσέξουσιν
3080 3466 3157 3526 ὡς
3189 3465 3421 3533 μάλιστα
3451 3467 3655 3535 λόγοις⁶
3707 3469 3802 3520 καὶ
3833 3469 4011 3521 πάντα

2444 3554 2605 3607 πόνον
2635 3555 2774 3623 ὑπὲρ
2806 3555 2897 3607 τοῦ
2930 3556 3232 3625 κτήσασθαι
3256 3557 3478 3621 τούτους
3528 3558 3773 3628 νομιοῦσι
3799 3563 4015 3630 ῥᾳστώ-

2443 3663 2561 3715 νην,
2591 3645 2667 3708 ὡς
2712 3647 2865 3709 ἐντὸς
2899 3648 3079 3715 ὀλίγου
3123 3648 3339 3718 μουσῶν
3389 3650 3636 3720 θέατρον.
3688 3653 3778 3703 καὶ
3833 3654 4012 3720 λόγων

2439 3735 2649 3800 ἑστίαν,
2677 3738 2771 3790 καὶ
2799 3737 3094 3807 ξυμπάσης
3125 3737 3200 3801 ὡς
3225 3739 3405 3790 είπεῐν
3451 3739 3638 3806 ἀγῶνα
3667 3741 3880 3807 σοφίας,
3917 3742 4014 3794 καὶ

2436 3828 2619 3882 πάντα
2644 3830 2714 3881 τὰ
2741 3829 2968 3883 τοιαῦτα
2997 3827 3134 3881 Θεοῦ
3165 3829 3418 3897 διδόντος,
3445 3831 3545 3900 τὴν
3572 3832 3669 3902 σὴν
3700 3833 3874 3902 ἀρχὴν
3906 3852 4007 3887 κα-

2424 3919 2703 3986 ταστῆναι
2724 3935 2738 3948 ⁸
2773 3920 2870 3972 καί
2910 3935 2966 3971 σε
3000 3918 3313 3990 θαυμαστὸν
3338 3921 3588 3974 ἐντεῦθεν
3621 3923 3824 3990 μᾶλλον
3858 3926 4011 3992 γενέ-

2442 4010 2590 4072 σθαι,
2617 4011 2699 4064 ὅτι
2727 4012 2789 4062 τὸ
2817 4012 3108 4064 θεσπέσιον
3131 4013 3488 4082 τουτιχρῆμα
3506 4015 3605 4066 καὶ
3623 4015 3823 4085 ἡδονῆς
3845 4017 4009 4086 κόρον

2441 4102 2538 4156 οὐκ
2565 4102 2709 4173 ἔχον,
2737 4101 2904 4155 πολὺν
2929 4103 3028 4173 ἤδη
3059 4104 3249 4172 χρόνον
3275 4107 3340 4174 τῇ
3363 4105 3469 4156 τῶν
3488 4105 3833 4174 κρατούντων
3855 4109 4006 4176 ἅμα·

2441 4191 2554 4260 θίᾳ,
2587 4193 2677 4262 ὑφ’
2709 4185 2785 4246 ὧν
2835 4193 2944 4246 ἔδει
2999 4195 3199 4263 μᾶλλον
3241 4195 3570 4265 ἐκλάμπειν,
3614 4198 4005 4261 κατσσόεσθὲν,

2439 4285 2703 4354 καὶπρὸς
2733 4287 2793 4337 τὸ
2825 4287 2990 4355 μηδὲν
3031 4288 3129 4357 ἥδη
3161 4287 3441 4357 χωρῆσαν,
3481 4289 3547 4342 σὺ
3583 4289 3742 4357 μόνος
3792 4292 4006 4360 πυρσοῦ

2438 4374 2596 4445 δίκην
2623 4376 2733 4428 δεῖν
2759 4376 2945 4447 ᾠήθης
2968 4379 3192 4446 ἀνάψαι,
3234 4379 3326 4430 καὶ
3353 4380 3494 4448 μετὰ
3519 4380 3628 4434 τῶν
3652 4380 3833 4435 ἄλλων
3864 4385 4008 4448 ἀγαο

2441 4466 2551 4518 θῶν
2606 4468 2700 4520 καὶ
2754 4467 2902 4520 τοῦτ’
2965 4468 3271 4538 ἀνθρώποις
3303 4470 3379 4531 ὡς
3423 4469 3637 4539 μάλιστ’
3692 4473 4010 4525 ἀνανεώσα-

767 4565 882 4617 crin
907 4562 994 4614 ine
1041 4559 1181 4628 apud
1218 4559 1366 4626 ipsos
1431 4553 1699 4622 refugium
1744 4552 2085 4620 quaerebant,
2146 4558 2335 4617 utpote
2368 4548 2410 4602 D

2441 4557 2600 4610 cOat'
2636 4559 2816 4622 καλῶς
2843 4575 2908 4628 γε
2933 4560 3125 4625 ποιῶν,
3156 4555 3201 4614 ὦ
3229 4562 3472 4630 βασιλεῦ,
3503 4563 3598 4615 καὶ
3619 4563 3799 4632 σαυτῷ
3831 4581 4008 4633 προσ-

768 4678 862 4744 qui
915 4674 1015 4728 soli
1082 4670 1383 4738 prudenter
1428 4668 1597 4720 rebus
1666 4665 1980 4724 inservire,
2037 4677 2189 4715 arma
2246 4675 2337 4713 ca-

771 4800 1008 4856 pessere.
1031 4798 1140 4838 uno
1159 4782 1345 4841 verbo,
1371 4779 1488 4847 qui,
1511 4789 1567 4831 ut
1593 4776 1670 4828 ait
1691 4774 1957 4828 llomerus
1978 4781 2030 4827 et
2053 4785 2335 4826 sermones

768 4912 952 4954 serere
1009 4905 1066 4950 et
1109 4908 1272 4962 Opera
1322 4889 1545 4958 exsequi
1611 4887 1882 4942 sciebant.
1947 4885 2104 4953 Apud
2185 4885 2332 4954 ipsos

767 5010 914 5063 enim
947 5006 1132 5060 schola
1161 5002 1398 5056 Eleatica
1443 5002 1495 5053 in
1533 5000 1836 5051 litterarum
1870 4997 2048 5049 studia
2069 5003 2125 5047 et
2151 5008 2330 5046 armo-

767 5138 886 5176 rum
912 5117 1238 5174 exercitium
1289 5115 1464 5168 divisa
1515 5120 1653 5167 erat.
1706 5109 1814 5164 Sed
1862 5119 1922 5162 ut
1974 5108 2112 5162 nihil
2158 5107 2333 5162 dicam

765 5248 833 5292 de
885 5237 1252 5290 Themistocle
1279 5243 1336 5287 et
1356 5229 1854 5293 Pericle,lliltiade
1899 5238 1956 5282 et
1997 5228 2225 5283 Cimone
2273 5242 2335 5280 ac

766 5355 831 5405 de
852 5361 927 5404 tot
948 5350 1072 5404 aliis
1101 5349 1332 5404 ducibus
1353 5356 1408 5400 et
1430 5344 1742 5398 rhetoribus
1769 5343 1862 5410 qui
1887 5342 2142 5395 virtutem
2167 5355 2329 5408 supra

766 5463 944 5517 (omnia
976 5461 1292 5523 laudabant,
1327 5460 1533 5528 quique
1566 5455 1780 5511 czeteris
1828 5453 2092 5506 virtutum
2145 5469 2331 5506 exem-

2440 4651 2680 4720 ηκόντως
2706 4666 2720 4680 ’
2768 4651 2927 4720 δῆλον
2967 4651 3013 4705 δ’
3043 4653 3272 4708 ἐκεῖθεν.
3310 4652 3579 4722 Ἀθηναῖοι
3609 4653 3740 4720 γοῦν
3770 4657 4006 4722 μέγιστα

2443 4742 2541 4809 μὲν
2574 4742 2668 4793 καὶ
2725 4743 2990 4795 κάλλιστα
3044 4744 3155 4796 τῶν
3189 4745 3445 4797 ἁπάντων
3483 4745 3702 4798 πάντων
3741 4747 3843 4797 οῦκ
3897 4749 4009 4798 sua

2436 4831 2733 4902 βαρϐάρων
2779 4835 2979 4903 μόνων,
3003 4835 3146 4888 ἀλλὰ
3191 4837 3288 4889 καὶ
3317 4839 3536 4890 πάντων
3582 4837 3856 4907 Ἑλλήνων
3886 4841 4008 4889 ἀνέ-

2434 4940 2644 4992 στησαν
2688 4926 2930 4994 τρόπαια
2954 4942 2968 4956 ·
3022 4927 3242 4996 φοσεροὶ
3281 4927 3335 4979 δὲ
3364 4927 3571 4980 ἅπασιν
3609 4924 3770 4999 ἦσαν,
3807 4930 3916 4982 τῶν
3953 4933 4007 4983 δὲ

2449 5012 2715 5083 Ἐλλήνων
2743 5018 2837 5069 καὶ
2874 5020 3013 5070 κατὰ
3059 5021 3162 5087 γῆν
3195 5020 3288 5070 καὶ
3318 5019 3460 5071 κατὰ
3484 5019 3764 5078 ,θάλατταν
3788 5016 3963 5091 ἦρχον
3991 5040 4005 5052 ο

2438 5108 2533 5159 καὶ
2578 5107 2772 5171 οὐδεὶς,
2819 5108 2894 5170 ὡς
2947 5109 3144 5170 εἰπεῖν,
3179 5110 3457 5174 ἀντισχεῖν
3502 5108 3720 5176 ἡδύνατ“
3773 5113 3959 5163 αὐτοῖς
3989 5129 4001 5140 ·

2436 5199 2639 5258 πάντες
2672 5198 2729 5250 δὲ
2760 5200 2838 5260 είς
2879 5200 3074 5260 αὐτοὺς
3121 5199 3196 5261 ὡς
3239 5202 3453 5260 κοινοὺς
3496 5203 3745 5270 σωτῆρας
3790 5202 4004 5268 ἑώρων,

2436 5291 2527 5341 καὶ
2559 5289 2778 5350 τούτους
2824 5291 2880 5340 ἐν
2918 5292 3031 5350 τοῖς
3067 5291 3349 5351 σκοπέλοις
3384 5292 3478 5358 τῆς
3516 5291 3686 5359 τύχης
3721 5291 4008 5343 ἐποιεῦντο

2435 5379 2775 5448 καταφυγὴν,
2808 5381 2894 5432 διὰ
2927 5381 2984 5431 τὸ
3019 5381 3214 5447 μόνους
3242 5383 3348 5433 τῶν
3394 5384 3613 5435 πάντων
3644 5385 3778 5448 μετὰ
3812 5401 4006 5449 σος-ας

2433 5474 2525 5524 καὶ
2552 5473 2645 5522 τοῦ
2675 5475 3073 5541 λελογισμένως
3105 5477 3216 5534 τοῖς
3265 5474 3554 5542 πράγμασι
3586 5477 3821 5545 χρῆσθαι
3866 5476 4005 5542 πρὸς

770 5588 912 5642 pum
933 5571 1300 5636 exhibebant;
1358 5579 1420 5622 ut
1473 5575 1797 5636 praeteream
1835 5564 2206 5633 Pythagoreos
2237 5566 2329 5633 qui

2430 5568 2566 5618 ὅπλα
2628 5572 2846 5636 χωρεῖν,
2880 5570 2968 5620 καὶ
3002 5569 3128 5631 τσὺς
3161 5570 3376 5631 αὑτοὶς,
3411 5571 3484 5632 ὡς
3539 5571 3786 5640 Ὅμηρος
3827 5570 4003 5637 λέγει,

831 5758 904 5821 (ιι
943 5758 998 5809 ln
1032 5757 1268 5820 margine
1304 5773 1393 5822 γρ.
1426 5754 1769 5821 φροντιστήν.

834 5827 907 5893 (Ξ)
939 5827 1121 5879 Εκειει
1159 5821 1504 5895 proverbium
1541 5826 1680 5892 apud
1720 5824 2000 5876 Schottutu
2033 5821 2113 5876 St.
2145 5822 2230 5875 6i.
2265 5872 2272 5878 .

2505 5755 2577 5822 ᾧ)
2617 5755 2921 5824 Euripides.
