4232 6432
757 383 868 447 499

1970 379 2071 437 Tll
2086 378 2371 437 EODULI
2416 379 2766 438 MONACHI

3879 365 3996 429 500

758 501 995 550 tiaiuus,
1036 489 1099 541 de
1144 487 1334 543 iisdem
1393 488 1751 557 gaudeamus.
1805 488 1862 540 lu
1917 471 2322 557 gubernatores
2354 492 2400 549 Α

2429 491 2650 567 ὁμονοίᾳ
2673 487 2996 559 κεχρῆσθαι,
3031 486 3106 549 ὡς
3141 484 3270 552 μίαν
3305 482 3520 543 ἁπάσας
3551 477 3687 534 εἶναι
3720 477 3892 530 δοκεῖν
3915 475 3996 543 τῷ

759 597 885 652 dein
930 614 997 652 eo
1042 613 1258 666 semper
1307 599 1485 653 animo
1533 599 1724 662 simus,
1755 608 1812 651 ut
1841 601 1987 667 ipsos
2011 613 2116 652 non
2151 597 2333 651 minus

762 727 923 783 quam
974 713 1117 781 ipsas
1170 712 1316 781 leges
1397 712 1743 776 recolamus,
1819 720 1878 764 ut
1937 725 2122 764 eorum
2181 718 2330 780 gesta

758 842 909 896 aequa
973 839 1153 883 meme
1200 827 1552 895 recipiamus,
1613 828 1723 879 imo
1769 827 1934 879 vitam
1995 827 2166 893 ipsam
2230 839 2333 894 pro

763 941 832 996 iis
891 940 1115 994 fundere
1165 941 1337 1009 parati
1376 942 1608 1004 erimus,
1657 939 1858 1008 quippe
1907 938 2001 1008 qui
2050 952 2326 1006 nunquam

762 1068 874 1106 non
910 1068 1011 1122 pro
1039 1053 1200 1105 nobis
1231 1052 1491 1122 vigilant,
1521 1052 1697 1105 nostri
1729 1067 1920 1106 curaui
1949 1059 2153 1122 gerunt
2176 1059 2231 1104 et
2257 1050 2334 1103 la-

763 1163 928 1218 bores
968 1164 1327 1234 periculaque
1363 1179 1464 1233 pro
1497 1164 1659 1218 nobis
1689 1164 1874 1218 subite
1905 1179 2014 1218 non
2047 1162 2322 1218 dubitant.

764 1278 938 1332 Aliter
961 1278 1108 1331 enim
1138 1293 1244 1332 non
1269 1279 1491 1348 regibus
1514 1277 1718 1333 nostris
1754 1276 2002 1342 studere,
2030 1276 2127 1330 sed
2153 1274 2330 1330 nostri

777 1392 1024 1459 ipsorum
1057 1405 1241 1444 curam
1272 1389 1475 1444 habere
1507 1387 1843 1451 videremur,
1873 1400 2144 1440 memores
2168 1386 2336 1456 quod,

773 1504 820 1557 si
855 1503 930 1554 illi
963 1501 1329 1570 prosperitate
1357 1501 1615 1554 fruuntur
1640 1539 1655 1566 ,
1686 1513 1787 1553 nos
1819 1512 2040 1567 quoque
2071 1497 2212 1552 bene
2243 1496 2339 1550 ha-

768 1613 1044 1667 bebimus.
1110 1611 1501 1682 Theopompus
1550 1611 1773 1682 quidem
1825 1625 1920 1665 rex
1973 1609 2330 1664 Lacedaemo-

774 1727 1018 1791 niorum,
1052 1726 1265 1782 cuidam
1305 1724 1507 1780 dicenti
1536 1727 1682 1793 quod
1722 1723 1918 1794 Sparta
1942 1723 2212 1778 bonorum
2247 1737 2333 1776 re-

2428 581 2601 635 ταῦτα
2634 583 2853 650 φρονεῖν
2879 577 2975 631 καὶ
2999 578 3208 647 χαίρειν
3231 578 3344 636 τοῖς
3373 575 3505 635 ῐσοις
3529 590 3543 605 ·
3566 573 3708 624 οὔτω
3735 570 3780 622 δ’
3805 567 3998 629 εὔνους

2427 676 2540 734 τοῖς
2566 674 2828 742 ἄρχουσιν
2859 667 3025 734 εἶναι,
3065 670 3140 730 ὡς
3195 668 3270 735 μὴ
3303 666 3464 735 μόνον
3498 662 3652 715 πάντ’
3682 661 3865 719 αὐτοῖς
3901 657 3998 708 τὸν

2432 768 2652 822 ἅπαντα
2686 765 2880 833 χρόνον
2904 764 3097 821 είκειν,
3123 760 3217 812 καὶ
3249 757 3384 826 μετὰ
3419 755 3543 815 τοὺς
3566 755 3763 821 νόμους
3789 748 3880 800 καὶ
3903 747 4002 799 αὑ-

2431 860 2556 920 τοὺς
2600 858 2800 925 νόμους
2852 853 3124 925 ἡγεῖσθαι,
3158 851 3253 906 καὶ
3303 849 3554 916 στέργειν
3601 840 3854 904 καθάπαξ
3904 840 4002 890 καὶ

2431 951 2598 1019 τιμᾷν
2626 948 2696 1001 τὰ
2723 948 3022 1015 γιγνόμενα
3045 960 3060 976 ·
3096 942 3234 999 ἀλλὰ
3264 941 3358 994 καὶ
3389 939 3490 1004 τὴν
3522 934 3702 1003 ψυχὴν
3746 931 3811 984 ἂν
3858 930 4001 996 ὑπὲρ

2434 1041 2635 1102 αὑτῶν,
2669 1042 2719 1091 εί
2746 1039 2938 1108 δεήσῃ,
2971 1033 3256 1105 προέσθαι,
3301 1029 3616 1096 ὀφείλοντας
3665 1024 3762 1091 μὲν
3791 1024 4002 1077 τούτοις

2433 1130 2664 1197 ταυτηνὶ
2685 1130 2783 1198 τὴν
2829 1127 3001 1197 φορὰν
3027 1127 3126 1193 τῆς
3157 1119 3412 1188 συνεχοῦς
3438 1114 3604 1168 εἵνεκ’
3631 1113 3807 1165 αὑτῶν
3824 1114 4006 1195 ,ἀγρυ-

2437 1224 2600 1283 πνίας
2631 1221 2723 1273 καὶ
2752 1221 2860 1271 τῶν
2893 1215 3211 1287 φροντίδων,
3245 1213 3341 1264 καὶ
3374 1209 3468 1262 τοῦ
3503 1210 3677 1258 πάντα
3707 1205 3866 1254 πόνον
3907 1200 4001 1251 καὶ

2437 1313 2685 1366 κίνδυνον
2720 1309 2968 1363 ἑκάστοθ’
2996 1307 3140 1374 ὑπὲρ
3162 1292 3368 1356 τούτων
3395 1299 3688 1368 αἱρεῖσθαι,
3709 1295 3796 1347 διὰ
3823 1295 3878 1343 τὸ
3902 1293 4002 1358 τῆς

2436 1405 2613 1474 ἀρχῆς
2647 1400 2992 1472 ἠναγκάσθαι
3016 1416 3031 1429 ·
3067 1397 3237 1469 χωρὶς
3266 1394 3323 1448 δὲ
3364 1391 3578 1452 τούτου,
3611 1388 3672 1441 τὸ
3723 1388 3849 1454 περὶ
3876 1386 4002 1443 τοὺς

2437 1493 2776 1566 κρατοῦντας
2808 1490 3007 1542 οὑτωσὶ
3029 1484 3332 1540 διακεῖσθαι
3362 1481 3457 1535 καὶ
3487 1480 3661 1551 ταύτῃ
3691 1491 4003 1543 παρεσκευ-

2439 1563 2624 1646 άσθαι,
2659 1584 2756 1652 οὑχ
2789 1582 2930 1649 ὑπὲρ
2955 1580 3177 1632 ἐκείνων
3210 1575 3409 1644 μᾶλλον
3435 1572 3469 1642 ἦ
3519 1569 3658 1638 ὑπὲρ
3716 1566 3865 1634 σφῶν
3901 1563 4005 1616 αὑ-

2437 1677 2548 1729 τῶν
2600 1677 2718 1726 ἐστι
2758 1669 3234 1742 παρεσκευάσθαι,
3270 1665 3429 1734 είπερ
3476 1661 3701 1715 ἐκείνων
3738 1655 3798 1710 εὖ
3834 1673 4015 1725 πρατ-

2440 1768 2667 1828 τόντων,
2695 1764 2786 1816 καὶ
2811 1762 3007 1821 αὑτοὺς
3035 1755 3098 1812 εὖ
3129 1757 3392 1826 πράττειν
3413 1753 3649 1820 ἀνάγκη.
3682 1749 4011 1814 Θεόπομπος

771 1856 898 1909 gum
928 1841 1192 1894 beneﬁcio
1213 1855 1469 1908 prospera
1496 1847 1659 1903 esset,
1680 1837 1776 1892 Dic
1793 1837 1995 1906 potius,
2023 1835 2335 1905 respondit,
2368 1847 2415 1906 Β

2405 1850 2574 1926 ῐγοῦν
2610 1859 2637 1906 ό
2677 1851 3096 1921 Λακεδαμονίων
3151 1847 3404 1916 βασιλεὺς
3451 1842 3588 1913 πρὸς
3639 1842 3728 1893 τὸν
3786 1840 4013 1892 εἰπόντα

772 1953 917 2021 quod
958 1953 1352 2007 Lacedaemonii
1385 1953 1533 2007 dicto
1570 1953 1858 2006 audientes
1884 1959 2034 2005 sunt.
2061 1950 2207 2004 Bene
2238 1957 2324 2003 est

773 2066 819 2119 si
864 2066 1120 2118 civitates
1170 2064 1224 2117 in
1257 2065 1572 2118 universum
1611 2063 1683 2116 ita
1732 2069 1859 2116 sunt
1903 2060 2209 2129 dispositae,
2238 2057 2333 2113 sed

777 2187 901 2230 ante
929 2177 1109 2230 omnia
1147 2192 1268 2245 quas
1304 2176 1449 2229 inter
1493 2184 1721 2229 caeteras
1748 2172 2028 2228 excellunt
2058 2187 2338 2241 nunquam

775 2292 1014 2344 minores
1039 2297 1416 2352 contemnent,
1443 2287 1580 2341 adeo
1604 2297 1664 2341 ut
1694 2287 1761 2339 iis
1792 2296 1842 2339 ut
1869 2286 2047 2340 servis
2071 2285 2149 2337 uti
2180 2295 2235 2338 et
2268 2285 2337 2336 ad

775 2419 1134 2474 quascunque
1171 2418 1258 2457 res
1287 2403 1494 2466 volent,
1532 2400 1795 2454 adhibere
1843 2405 2202 2468 praesumant,
2236 2397 2340 2448 im-

777 2531 1049 2571 memores
1078 2515 1221 2585 quod
1267 2528 1363 2567 eos
1413 2513 1616 2582 quibus
1666 2512 1884 2565 fortuna
1940 2511 2122 2564 minus
2176 2509 2341 2573 favet,

781 2629 921 2681 male
967 2636 1203 2680 tractare
1254 2625 1480 2680 minime
1535 2626 1701 2680 liceat
1751 2635 1805 2678 et
1844 2625 2120 2678 silentium
2165 2623 2232 2678 iis
2282 2638 2344 2678 ac

787 2741 1137 2795 formidinem
1170 2742 1460 2809 imperare.
1498 2737 1602 2792 Sed
1630 2753 1731 2792 nec
1757 2736 2052 2792 multitudo
2078 2748 2336 2806 proceres

785 2855 990 2908 invidia
1022 2862 1186 2922 atque
1217 2854 1345 2907 odio
1387 2862 1749 2921 persequatur
1777 2891 1793 2917 ,
1823 2851 1920 2907 sed
1952 2847 2252 2906 seditiones
2279 2866 2344 2905 ac

788 2972 978 3024 turbas
1025 2967 1250 3022 vitando
1286 2968 1622 3038 primoribus
1652 2967 1896 3021 animum
1941 2975 2156 3036 gratum
2193 2966 2348 3021 exhi-

789 3089 974 3151 beant,
1013 3083 1214 3137 intimis
1257 3096 1392 3135 vero
1443 3095 1677 3138 manum.
1707 3077 2002 3133 beneficam
2051 3075 2347 3146 perrigaut,

790 3217 980 3256 eorum
1026 3198 1182 3268 quasi
1215 3208 1568 3265 cognatorum
1614 3203 1674 3250 et
1712 3193 1964 3250 afﬁnium
2016 3207 2202 3248 curam
2257 3208 2351 3262 ge-
2382 3179 2423 3235 C

793 3325 934 3370 rant.

875 3789 931 3840 5.
972 3783 1056 3840 ille
1090 3786 1310 3854 quidem
1342 3783 1526 3854 judice
1573 3795 1602 3834 a
1633 3778 1904 3849 principio
1938 3775 2102 3830 urbes
2151 3775 2361 3829 habita-

807 3911 938 3955 runt
981 3901 1263 3962 mortales,
1292 3908 1349 3952 et
1374 3896 1592 3951 -mmnia
1624 3901 2057 3948 construxerunt
2085 3891 2364 3961 vitamque

805 4022 1149 4067 communem
1204 4012 1489 4082 elegerunt
1535 4026 1596 4063 ea
1637 4009 1755 4079 lege
1787 4023 1854 4063 ac
1888 4006 2203 4062 conditione
2235 4046 2250 4067 ,
2307 4017 2367 4061 ut

807 4143 915 4180 ιιιεη
937 4126 1192 4179 domicilii
1213 4125 1303 4179 sed
1332 4123 1640 4177 studiorum
1680 4120 1939 4176 societate
1974 4120 2286 4174 fruerentur
2313 4129 2368 4173 et

809 4251 869 4290 ut
898 4238 1078 4290 unitas
1103 4238 1155 4288 in
1178 4235 1490 4305 pluralitate
1522 4233 1831 4289 exsisteret.
1880 4229 2040 4297 Quod
2067 4231 2112 4286 si
2134 4233 2370 4301 majores

811 4351 988 4405 nostri
1023 4349 1186 4402 urbes
1216 4346 1626 4402 cxwdiﬁcarunt
1660 4354 1719 4398 ut
1749 4358 1859 4397 una
1894 4345 2159 4402 viverent,
2190 4353 2370 4393 nonne

811 4479 1042 4532 prorsus
1074 4461 1371 4517 absurdum
1394 4467 1502 4522 est,
1535 4457 1580 4510 si
1611 4463 1880 4510 nostrates
1903 4468 2013 4508 non
2033 4452 2100 4507 ad
2121 4451 2368 4506 eumdem

816 4577 977 4628 tinem
1019 4570 1398 4626 sociabilitatis
1433 4568 1524 4622 sed
1562 4567 1685 4621 ideo
1733 4567 1900 4621 urbes
1930 4573 2278 4628 construunt,
2312 4572 2372 4617 ut

815 4688 868 4741 in
905 4684 1256 4754 opinionibus
1289 4693 1344 4734 et
1392 4681 1592 4734 mentis
1625 4679 1876 4747 cogitatis
1923 4679 2068 4732 inter
2109 4692 2169 4731 se
2213 4677 2371 4730 ditl'e-

818 4800 978 4854 rant?
1012 4798 1176 4851 Miror
1216 4795 1418 4850 deinde
1454 4794 1498 4848 si
1532 4793 1698 4846 salem
1733 4805 2079 4846 communem
2127 4791 2192 4843 ad
2247 4806 2365 4843 mo-

820 4927 938 4966 rum
971 4910 1387 4972 similitudinem
1440 4906 1774 4976 probandam
1825 4907 2142 4960 invocamus
2188 4903 2371 4973 potius

819 5040 982 5093 quam
1015 5022 1264 5090 eiusdem
1296 5018 1452 5073 urbis
1476 5017 1891 5082 habitationem,
1913 5017 2059 5086 quod
2082 5031 2372 5072 comnnme

825 5144 967 5197 intra
1001 5138 1201 5194 mmnia
1233 5135 1573 5192 domicilium
1607 5133 1780 5202 magis
1809 5131 2181 5187 necessarium
2214 5147 2374 5200 quam

826 5253 958 5306 salis
987 5249 1301 5304 communio
1317 5261 1437 5300 esse
1451 5247 1697 5308 videtur;
1724 5243 1868 5311 quod
1895 5253 2202 5298 monstratu
2233 5242 2376 5296 haud

825 5365 1046 5421 difﬁcile
1075 5372 1179 5418 est.
1231 5360 1384 5414 Parvi
1422 5368 1588 5419 certe,
1627 5359 1748 5411 sine
1796 5357 2029 5426 magnis,
2079 5356 2379 5410 secundum

825 5475 1179 5546 Sophoclem,
1242 5472 1435 5526 fortem
1492 5469 1682 5522 turrim
1726 5482 1911 5522 creare
1942 5477 2189 5535 possunt.
2225 5466 2378 5532 Quod

825 5589 973 5643 enim
1017 5586 1275 5654 exiguum
1299 5594 1410 5648 est,
1450 5599 1479 5636 a
1513 5581 1696 5651 parvis
1744 5584 1798 5634 in
1854 5579 2199 5636 altitudinem
2244 5580 2379 5647 erigi

825 5703 991 5756 valet.
1029 5701 1217 5754 Parvis
1250 5698 1395 5751 enim
1433 5705 1494 5749 ut
1536 5694 1751 5749 fortiter
1785 5693 2109 5770 consistant,
2145 5707 2250 5745 non
2283 5692 2382 5744 mi-

829 5830 932 5871 tius
962 5829 1024 5868 ac
1051 5811 1509 5882 gubernatoribus
1556 5823 1619 5862 ac
1653 5808 1832 5860 nautis
1864 5806 2079 5866 expedit
2111 5845 2125 5867 ,
2161 5815 2213 5860 ut
2265 5822 2382 5858 inu-

2442 1945 2714 2011 σώζεσθαι
2758 1945 2866 2014 τὴν,
2895 1943 3153 2011 Σπάρτην
3198 1939 3282 1992 διὰ
3329 1938 3458 1998 τοὺς
3489 1931 3825 2003 κρατοῦντας
3858 1933 4017 1998 ἀρχι-

2441 2043 2572 2104 κοὺς
2606 2039 2789 2103 ὄντας,
2825 2036 3024 2105 μᾶλλον
3052 2036 3156 2102 ἔφη
3185 2032 3271 2085 διὰ
3306 2031 3432 2092 τοὺς
3466 2027 3693 2087 πολλοὺς
3720 2023 4015 2091 πειθαρχι-

2443 2134 2571 2192 κοὺς
2597 2132 2779 2192 ὄντας.
2811 2129 2976 2196 Κοινῇ
3015 2126 3114 2196 μὲν
3135 2123 3227 2176 οὖν
3261 2123 3317 2176 αἱ
3348 2121 3529 2180 πόλεις
3554 2118 3726 2178 οὕτως
3749 2115 4012 2182 ἑχόντων.

2447 2225 2551 2292 ibi;
2586 2223 2642 2275 δὲ
2673 2225 2774 2275 κάν
2802 2220 2879 2287 τῷ
2906 2216 3308 2276 πολιτεύεσθαι,
3360 2212 3520 2273 min;
3551 2208 3700 2277 Μήθ⁹
3733 2207 3784 2259 oi
3843 2204 4018 2273 προῦ-

2445 2332 2559 2385 χειν
2596 2314 2853 2382 λαχόντες
2881 2310 3398 2379 ὑπερφρονείτωσαν
3418 2303 3528 2355 τῶν
3557 2300 3767 2353 milth
3792 2298 3886 2349 καὶ
3912 2295 4014 2364 τῆς

2445 2406 2849 2476 ἐλασσουμένης
2886 2404 3126 2473 μερίδος,
3158 2400 3232 2460 ὡς
3267 2398 3343 2467 μὴ
3387 2396 3548 2464 μόνον
3580 2395 3637 2444 ὲν
3661 2389 4016 2458 ἀνδραπόδων

2441 2502 2614 2580 μοίρᾳ
2643 2500 2854 2559 τούτοις
2887 2495 3189 2566 κεχρῆσθαι
3215 2492 3309 2543 καὶ
3341 2489 3514 2541 ποιεῖν
3550 2487 3679 2538 ὅταν
3712 2483 4016 2551 βούλωνται

2449 2571 2660 2650 κακῶς,
2692 2585 2830 2640 ἀλὶὰ
2854 2584 2948 2637 καὶ
2971 2581 3157 2649 σφίσιν
3186 2579 3372 2640 αὑτοῖς
3404 2576 3492 2628 διὰ
3520 2575 3581 2640 τὸ
3607 2573 3795 2641 σχῆμα
3833 2571 3930 2623 καδ⁵
3957 2571 4019 2621 τὸ

2451 2678 2938 2751 συγκεχωρηκέναι
2983 2675 3082 2743 τῆς
3112 2672 3281 2741 τύχης
3325 2670 3624 2739 προσήκειν
3672 2664 3922 2734 ἡγεῖσθαι
3953 2664 4019 2713 τὰ

2449 2777 2675 2831 τοιαῦτα
2707 2770 2923 2841 μάλισθ’
2959 2766 3201 2838 ὑϐρίζειν
3229 2763 3323 2817 καὶ
3365 2760 3673 2831 μαίνεσθαι,
3716 2758 3944 2816 ἐκείνοις
3975 2754 4021 2804 δ’

2453 2864 2823 2937 ὑπεπτηχέναι
2849 2863 2944 2918 καὶ
2971 2860 3212 2931 τρέμειν,
3245 2858 3340 2909 καὶ
3373 2853 3498 2924 μηδ’
3533 2853 3568 2906 ἃ
3610 2853 3910 2918 πάσχουσιν
3942 2847 4024 2897 λέ·

2451 2979 2568 3029 γειν
2597 2960 2701 3011 ὑπὸ
2729 2957 2881 3019 δέους
2913 2955 3132 3017 ἐξεῖναι,
3171 2949 3298 3019 μήτ’
3337 2946 3403 3000 αὖ
3429 2947 3476 2998 οἱ
3509 2943 3693 2996 πολλοὶ
3727 2941 3864 3010 πρδς
3893 2941 4020 2996 τοὺς

2454 3051 2818 3122 ὑπερέχοντας
2873 3045 3075 3100 οὑτωσὶ
3124 3037 3468 3100 διακείσθων,
3529 3037 3603 3099 ὠς
3654 3034 3760 3086 ὑπὸ
3819 3033 4024 3100 βασκα-

2456 3144 2572 3204 νίας
2600 3142 2695 3196 καὶ
2722 3140 2916 3208 φθόνου
2968 3135 3180 3196 τούτοις
3234 3127 3638 3200 ἀπεχθάνεσθαι
3691 3125 3783 3178 καὶ
3819 3125 4017 3192 μισεῖν,

2459 3236 2595 3303 πρὶς
2645 3229 2896 3291 διαϐολὰς
2943 3229 3037 3279 καὶ
3093 3225 3310 3283 στάσεις
3341 3220 3454 3272 ἔσθ’
3503 3221 3589 3271 ὅτε
3643 3217 3844 3285 χωρεῖν
3882 3213 4022 3269 δέον.

2455 3327 2580 3386 τοὺς
2619 3324 2716 3392 μὲν
2764 3320 2876 3374 τῶν
2901 3316 3253 3385 ὑπαρχόντων
3302 3313 3528 3371 ἐκείνοις
3580 3307 3895 3374 ξυγχαίρειν
3933 3307 4025 3353 καὶ

2460 3413 2812 3483 συνεύχεσθαι
2841 3410 2910 3463 τὰ
2941 3408 3153 3476 βελτίω,
3195 3401 3434 3463 ἐκείνους
3465 3401 3510 3452 δ’
3546 3398 3699 3459 αὖθις
3735 3401 3792 3448 ἐν
3824 3398 4024 3447 ἅπαντι

2465 3510 2543 3577 τῷ
2565 3508 2747 3576 χρείας
2771 3502 3059 3570 ἱσταμένφν
3090 3499 3299 3558 τούτοις
3336 3496 3722 3562 ξυμπράττειν,
3751 3490 3844 3540 καὶ
3872 3489 4025 3552 χεῖρα

2464 3602 2744 3661 σώζουσαν
2785 3593 3123 3664 ὑπερίσχειν,
3177 3591 3263 3641 καὶ
3300 3587 3532 3647 συνόλως
3575 3583 3649 3644 ὡς
3690 3579 3905 3632 οἰκείων
3937 3596 4026 3628 κα.

2465 3693 2591 3763 μάλ’
2624 3692 2803 3750 αὐτοῖς
2823 3685 3204 3754 προσηκόντων
3224 3676 3544 3747 ἀντέχεσθαι
3567 3674 3660 3727 καὶ
3695 3669 4022 3740 φροντίζειν,

2535 3784 2602 3851 γ’.
2647 3782 2771 3835 Ἐπὶ
2802 3781 2908 3847 γὰρ
2938 3777 3083 3830 τοῦτ’
3121 3769 3277 3842 οἶμαι
3313 3773 3408 3824 καὶ
3463 3767 3643 3826 πόλεις
3683 3763 4028 3830 τοκαταρχὰς

2462 3875 2685 3946 ᾤκησαν
2718 3872 3018 3937 ἄνθρωποι,
3047 3867 3140 3919 καὶ
3160 3865 3311 3933 τείχη
3342 3857 3722 3930 περιεϐάλοντο
3745 3854 3836 3905 καὶ
3865 3854 4030 3946 πρού-

2465 3939 2712 4025 ῦάλοντο,
2745 3962 2836 4014 καὶ
2869 3958 2986 4028 μετ’
3012 3956 3259 4026 ἀλλήλων
3299 3953 3537 4021 ἠξίωσαν
3561 3947 3724 4010 εἶναι,
3766 3946 3850 4014 ἐφ’
3875 3939 3920 4010 ᾧ
3955 3945 4030 4012 μὴ

2464 4058 2615 4126 τόπῳ
2653 4054 2852 4124 μᾶλλον
2903 4052 2937 4120 ἢ
2974 4049 3168 4120 γνώμῃ
3215 4048 3472 4113 ξυνεῖναι,
3524 4041 3615 4093 καὶ
3669 4039 3802 4099 ὅλως
3855 4036 3912 4086 ἓν
3944 4036 4031 4088 δαὶ

2467 4150 2683 4202 πάντων
2705 4143 3052 4197 παντάπασιν
3081 4136 3238 4194 εἶναι.
3269 4136 3389 4197 Πῶς
3411 4130 3503 4188 οῦν
3531 4133 3631 4185 οὑκ
3655 4131 3853 4184 ἄτοπον
3905 4127 4033 4187 τοὺς

2474 4241 2574 4309 μὲν
2604 4237 2842 4307 πρόσθεν
2871 4235 2956 4302 ἐφ’
2989 4229 3032 4301 ᾧ
3066 4232 3183 4301 μετ’
3209 4229 3450 4297 ἀλλήλων
3487 4223 3627 4279 εἶναι
3662 4222 3848 4281 πόλεις
3879 4220 4032 4282 ἐξευ-

2477 4304 2587 4398 ρεῖν
2617 4304 2713 4381 καὶ
2757 4321 3144 4395 τεχνήσασθαι,
3181 4318 3305 4379 τοὺς
3334 4317 3388 4368 δὲ
3444 4315 3560 4365 νυνὶ
3597 4311 3784 4370 πόλεις
3821 4304 4036 4358 οίκοῦν-

2473 4438 2589 4482 τας,
2621 4420 2681 4470 οὑ
2709 4418 2775 4470 δι’
2822 4415 2950 4467 αὑτὸ
2979 4413 3135 4465 τοῦτο
3179 4409 3409 4468 καὶτοῖς
3450 4404 3728 4471 λογισμοῖς
3780 4400 3838 4450 ἒν
3872 4393 4033 4459 εἶναι,

2405 4524 2446 4577 ι)
2476 4509 2592 4562 ἀλλ’
2624 4506 2765 4561 οὓτω
2811 4504 2977 4573 χωρὶς
3026 4496 3164 4551 εἶναι
3192 4498 3305 4557 ταῖς
3353 4493 3618 4560 γνώμαις,
3651 4488 3836 4549 ὥσπερ
3889 4485 3954 4536 iv
3989 4487 4035 4534 εἰ

2477 4605 2570 4656 καὶ
2624 4601 2700 4667 τῷ
2745 4597 2908 4668 χώρῳ
2938 4594 3243 4652 διίσταντος
3290 4586 3567 4654 Θαυμάζω
3603 4582 3646 4634 δ’
3682 4582 3731 4632 εί
3760 4581 3884 4638 τοίς
3934 4577 4037 4643 μὲν

2475 4695 2686 4754 κοινοὺς
2713 4691 2848 4749 ἃλας
2873 4687 3015 4752 ὑπὲρ
3041 4681 3134 4736 τοῦ
3159 4680 3330 4734 ταυτα
3368 4671 3649 4729 του).οιποῦ
3681 4671 3895 4738 φρονεῖν
3951 4667 4039 4716 αἰ-

2475 4785 2681 4840 δεῖσθαι
2713 4783 2957 4850 φήσομεν
2986 4779 3209 4847 χρῆναι,
3245 4773 3305 4823 τὸ
3351 4771 3410 4821 δὲ
3439 4767 3536 4835 τὴν
3563 4764 3728 4831 αὑτὴν
3775 4761 3926 4812 πόλιν
3959 4764 4037 4809 οῖ-

2463 4877 2593 4927 .κείν
2639 4871 2770 4940 πρὸς
2803 4870 2861 4921 τὺ
2911 4865 3076 4919 ταυτδ
3120 4862 3277 4914 τοῦτο
3338 4854 3769 4927 παρασκευάζειν
3817 4850 4037 4900 ἔλαττον

2477 4965 2626 5031 ἔχειν
2653 4959 2880 5012 τουτωνὶ
2913 4953 3223 5024 νομιοῦμεν,
3267 4946 3558 5000 τουσοῦτον
3611 4937 4040 5005 ἀναγκαιότερον

2479 5056 2560 5116 ὃν,
2597 5055 2718 5105 ὅσον
2748 5051 2801 5101 αί
2857 5047 2955 5116 μὲν
3001 5045 3108 5096 τῶν
3155 5041 3347 5092 κοινῶν
3391 5036 3556 5102 εἵνεχ’
3595 5034 3756 5091 ἁλῶν,
3809 5026 3903 5079 καὶ
3945 5023 4040 5076 τοῦ

2487 5146 2602 5216 μετ’
2630 5143 2875 5212 ἀλλήλων
2906 5138 3054 5206 ἡμᾶς
3087 5130 3248 5190 εἶναι,
3288 5131 3544 5196 γεγόνασι
3568 5125 3737 5192 δήπου
3773 5134 4045 5184 ποκα-εαρ-

2483 5240 2604 5308 χὰς,
2651 5235 2860 5295 κοινοὺς
2908 5231 2965 5282 δὲ
3017 5228 3146 5287 ἃλας
3197 5218 3603 5288 σύδηστινοσοῦν
3653 5230 3783 5264 ποτε
3833 5210 4042 5261 τούτων

2484 5327 2863 5399 ἡγησαμένους
2891 5319 2998 5373 οὐδ’
3035 5320 3100 5372 ἂν
3130 5314 3207 5379 εἷς
3233 5314 3517 5377 ἐπιδείξαι.
3543 5310 3725 5376 Χωρὶς
3755 5305 3809 5355 δὲ
3834 5304 4043 5355 τούτων

2487 5394 2708 5488 σμικροὶ
2746 5415 2995 5484 μεγάλων
3033 5410 3221 5480 χωρὶς,
3266 5407 3402 5460 κατὰ
3446 5399 3740 5469 Σοφοκλέα,
3777 5394 4044 5462 σφαλερὸν

2488 5512 2699 5580 πύργου
2751 5505 2897 5574 ῥῦμα
2939 5503 3187 5554 πέλονται
3213 5516 3226 5528 ·
3265 5499 3401 5566 μετὰ
3436 5495 3543 5564 γὰρ
3597 5489 3849 5559 μεγάλων
3896 5487 4041 5555 βαιὸς

2485 5577 2660 5672 ἄριστ’
2691 5600 2757 5652 ἂν
2787 5599 2878 5650 καὶ
2923 5595 3094 5663 μέγας
3126 5591 3325 5654 ὸρθοῖθ⁵
3360 5587 3464 5640 ὑπὸ
3495 5583 3892 5654 σμικροτέρων.
3929 5577 4039 5642 Τῆς

2486 5695 2594 5758 γὰρ
2629 5689 2899 5756 ἑκατέρων
2950 5685 3256 5742 συντελείας
3287 5679 3380 5732 καὶ
3425 5676 3520 5729 τοῦ
3567 5669 3919 5739 συναίρεσθαι
3964 5668 4043 5719 δεῖ

2493 5788 2704 5840 παντως
2733 5779 3010 5853 ἑκατέροις
3044 5776 3191 5828 οὐδὲν
3220 5770 3380 5842 ἦττον
3405 5770 3437 5842 ἢ
3461 5766 3772 5855 κυϐερνήτῃ)
3799 5763 3895 5816 καὶ
3925 5757 4044 5815 vctit-
