4232 6432
245 403 350 464 509
1166 415 1450 476 ORATIO
1491 420 1584 478 DE
1619 419 2122 485 SUBDITORUM
2170 429 2514 492 OFFlClIS.
3379 433 3482 496 510

240 514 388 582 μάλα
418 519 834 588 συναίρομένην,
871 522 984 584 πῶς
1016 523 1114 576 οὐκ
1159 526 1222 577 ἂν
1252 531 1479 594 εἰκότως
1513 533 1646 586 πολὺ
1684 535 1792 602 πρό

1838 540 1883 596 Α
1914 540 2180 592 rationem
2220 549 2469 596 tenemus
2493 584 2506 606 ,
2544 543 2827 611 prudentia
2856 545 3155 600 exercenda
3177 557 3282 602 est
3332 550 3476 616 quod

235 623 398 674 τερον
424 609 582 675 σοφία
617 611 843 680 τιμῷτο,
877 615 945 667 δι’
986 610 1052 685 ἧς
1090 617 1227 686 αῦτη
1277 624 1591 676 συνίσταται
1621 642 1633 688 ;
1667 625 1805 678 ὥστε

231 697 286 748 εί
329 697 490 763 λόγος
541 701 678 770 ήμῐν
719 704 946 773 ἀρετῆς,
978 707 1252 778 ἀσκητέον
1295 712 1360 764 ἂν
1407 714 1494 782 εἴη
1552 715 1808 783 καθάπαξ

233 788 434 855 σοφίαν
468 791 727 859 χρήματα
764 787 1082 862 είσὲρέρουσι
1123 800 1214 852 καὶ
1253 801 1477 869 μισθοὺς
1522 807 1810 858 κατατιθε-

234 880 425 947 μένοις
469 882 704 952 ἑτοίμως
729 901 742 914 ·
796 888 1031 954 μάλιστα
1066 891 1165 958 μὲν
1205 894 1292 946 διὰ
1321 897 1381 947 τὸ
1416 899 1582 966 μηδέν
1615 917 1666 951 τι
1703 901 1810 952 τῶν

228 970 459 1036 ἀγαθῶν
488 974 719 1042 ἄμισθον
751 973 913 1043 εἶναι,
949 981 1084 1033 ἀλλὰ
1134 984 1360 1052 μισθοὺς
1395 989 1654 1041 ἁπάντων
1685 990 1809 1054 ἐξα-

229 1061 450 1129 νάγκης
501 1064 770 1131 ὡρίσθαι·
832 1068 1007 1123 ἔπειθ’
1057 1073 1138 1125 ὅτι
1211 1077 1301 1127 καὶ
1361 1080 1549 1133 τούτου
1611 1082 1808 1150 χωρὶς,

231 1149 467 1244 μισθοὺς
503 1155 640 1225 ὑπὲρ
673 1157 780 1210 τῶν
807 1159 980 1226 λόγων
1009 1165 1359 1229 καταϐαλεῖν,
1397 1172 1530 1240 τιμὴ
1639 1149 1812 1240 λόγων

227 1241 437 1305 αὐτῶν,
465 1244 556 1296 καὶ
607 1249 831 1302 τοσοῦτο
876 1253 1098 1320 μείζων,
1127 1256 1252 1308 ὅσον
1312 1261 1408 1311 καὶ
1452 1263 1669 1325 πλείους
1721 1267 1812 1317 καὶ

228 1335 465 1400 προσέτι
527 1334 782 1406 εὔλογος·
833 1343 892 1394 οὐ
950 1348 1059 1414 μὴν
1103 1349 1238 1402 ἀ).λά
1289 1351 1384 1404 καὶ
1432 1354 1514 1406 ὅτι
1556 1356 1813 1423 μάλιστα

230 1423 398 1476 τοῦτο
443 1429 556 1490 τοῖς
598 1447 656 1482 τε
703 1431 851 1485 δοῦσι
900 1440 1015 1500 τοῖς
1049 1456 1108 1492 τε
1137 1441 1362 1496 λαϐοῦσι
1392 1445 1691 1510 λυσιτελὲς.
1719 1450 1812 1502 καὶ

233 1517 385 1568 πάνυ
413 1536 493 1571 τοι
538 1522 673 1592 πρὸς
707 1527 855 1592 σφῶν
897 1529 1097 1585 αὐτῶν.
1145 1534 1312 1588 Ὅταν
1343 1538 1450 1605 γάρ
1481 1539 1529 1591 oi
1561 1541 1660 1608 μὲν
1693 1541 1722 1593 ὅ
1760 1559 1812 1593 τι

234 1609 592 1678 παρέξονται,
625 1617 674 1666 oi
701 1617 746 1669 δ’
772 1619 798 1670 ὃ
823 1636 876 1672 τι
918 1616 1176 1691 λήψονται
1200 1628 1342 1680 κατά
1369 1631 1493 1682 νοῦν
1523 1633 1628 1683 αἰεὶ
1660 1634 1813 1702 στρέ-

235 1717 418 1766 φωσι,
484 1707 891 1780 προθυμότερον
947 1714 1086 1782 ἄγαν
1137 1718 1388 1789 ἑκάτεροι
1446 1725 1559 1786 τοῖς
1627 1725 1810 1793 ἔργοις

232 1794 594 1860 προσέξουσιν
619 1815 632 1828 ·
666 1801 713 1852 oi
765 1802 885 1871 μὲν,
919 1803 1056 1858 ὥστε
1095 1810 1437 1876 μεταδιδόναι
1476 1816 1666 1883 σοφίας
1701 1819 1811 1870 τῶν

1913 649 2322 705 retributionem
2342 663 2396 706 et
2417 655 2635 720 praimia
2664 656 2887 723 tribuit;
2908 657 3040 711 nihil
3064 658 3209 712 enim
3231 675 3290 712 ex
3316 661 3479 713 rebus

1910 777 2035 817 vere
2060 764 2236 827 bonis,
2255 767 2474 834 ρι-αιιιιίο
2490 779 2654 830 caret,
2671 771 3060 838 quagoninibus
3073 772 3478 826 conditionibus

1912 878 2197 944 praeposita
2233 887 2382 933 sunt.
2413 880 2761 951 Caeteroquin
2817 884 3046 937 scientia
3081 899 3300 954 quoque
3334 900 3477 938 mer-

1912 990 2099 1043 cedem
2157 1005 2309 1045 suam
2365 993 2552 1058 habet,
2614 1004 2762 1048 tanto
2815 997 3073 1066 majorem
3105 996 3310 1066 quanto
3360 1000 3475 1066 ipsa

1913 1118 2106 1173 reapse
2150 1099 2447 1172 processit;
2483 1123 2606 1160 nam
2640 1109 2731 1177 qui
2764 1108 2896 1162 dant
2930 1124 3083 1180 mque
3113 1126 3178 1165 ac
3211 1113 3302 1180 qui
3337 1114 3474 1166 reci-

1915 1217 2094 1284 piunt,
2130 1217 2487 1287 sibimetipsis
2520 1230 2768 1289 prosunt.
2803 1220 2856 1274 Si
2885 1222 3030 1276 enim
3060 1223 3149 1276 alii
3187 1224 3314 1292 quid
3345 1224 3478 1278 dent

1912 1335 2076 1396 alque
2114 1328 2204 1382 alii
2241 1329 2370 1397 quid
2401 1332 2673 1400 accipiant
2704 1330 3084 1386 indesinenter
3125 1345 3254 1387 ante
3285 1334 3477 1386 oculos

1913 1440 2132 1504 habent,
2171 1441 2385 1511 utrique
2417 1458 2552 1510 opus
2581 1459 2741 1496 suum
2767 1445 3049 1499 ardentius
3071 1456 3474 1514 exsequemur;

1915 1554 1970 1607 hi
2017 1565 2073 1608 ut
2104 1556 2426 1626 sapientiam
2455 1573 2614 1626 quam
2671 1557 2774 1627 ipsi
2816 1559 3101 1626 possident
3127 1601 3140 1622 ,
3173 1559 3295 1613 aliis
3329 1575 3478 1613 com-

1914 1669 2227 1735 municent;
2264 1670 2339 1724 illi
2373 1679 2430 1724 ut
2478 1686 2744 1741 generoso
2781 1673 2962 1726 animo
3006 1674 3303 1742 accipiant.
3376 1673 3476 1728 Ni-

1916 1783 1992 1836 hil
2024 1797 2154 1836 sane
2191 1784 2466 1852 acceptius
2495 1800 2657 1852 quam
2697 1801 2864 1852 parvo
2901 1786 3078 1854 pretio
3107 1786 3474 1855 eloquentiam

231 1887 371 1952 παρ’
407 1887 582 1951 αὐτοῖς
613 1891 833 1957 ἀγαθῶν
853 1933 868 1958 ,
896 1898 945 1950 οί
976 1899 1020 1951 δ’
1058 1899 1188 1953 ὥστ’
1214 1905 1393 1957 αὐτῶν
1422 1909 1784 1979 μετειληφέναι

1843 1886 1882 1941 Β
1913 1907 2251 1959 comparare,
2291 1902 2344 1946 et
2377 1894 2462 1948 his
2485 1909 2550 1948 ex
2591 1897 2754 1950 rebus
2804 1897 2951 1950 fraus
2984 1913 3070 1951 res
3114 1880 3201 1952 est
3251 1899 3476 1955 minime

232 1979 480 2040 γνησίως
504 1996 518 2009 ο
540 1973 600 2032 οὗ
632 1983 818 2050 μεῖζον
846 1986 998 2040 οὐδὲν
1037 1989 1096 2041 ὲν
1127 1973 1462 2060 ἀνθρώποις,
1500 1973 1697 2068 μικροῦ
1731 2017 1811 2051 τι-

232 2083 328 2126 νος
365 2069 627 2138 ἀργυρίου
656 2073 751 2141 τὴν
798 2076 861 2126 ἐκ
907 2077 1018 2128 τῶν
1069 2077 1242 2145 λόγων
1275 2084 1622 2152 εὐδαιμονίαν
1650 2087 1809 2156 πρία-

233 2159 364 2210 σθαι
392 2176 405 2188 ·
432 2159 571 2213 ὥστε
604 2165 696 2216 καὶ
728 2167 754 2216 ὀ
789 2169 1017 2234 μισθοὺς
1051 2171 1373 2244 ἀποστερῶν
1404 2177 1636 2242 τουτουῒ,
1679 2181 1809 2232 θαυς-

233 2244 396 2338 μάξω
426 2249 472 2299 εί
505 2251 578 2318 μή
637 2268 720 2314 τις
758 2255 908 2325 αὖτῷ
956 2257 1107 2329 λάχοι
1141 2265 1494 2334 παρανομίας
1545 2269 1803 2338 ἐσχάτης.

230 2336 301 2388 Ei
341 2340 446 2404 γάρ
474 2342 597 2404 τοὺς
623 2343 716 2397 ἐπὶ
739 2346 845 2399 τῶν
875 2350 1050 2403 ἀλλων
1082 2355 1284 2424 τεχνῶν
1317 2374 1374 2410 τε
1413 2361 1504 2411 καὶ
1542 2336 1804 2430 πραγμά-

226 2443 358 2529 των⁸
384 2432 543 2529 ταυτὶ
578 2435 1031 2508 πλημμελοῦντας
1089 2449 1422 2518 παρανόμων
1456 2455 1802 2522 γραφόαεθα,

230 2519 418 2590 πολλῷ
473 2525 672 2592 μᾶλλον
721 2532 815 2583 ἐπὶ
871 2535 980 2586 τῶν
1029 2535 1202 2604 λόγων
1250 2544 1428 2595 αὐτῶν
1467 2546 1619 2598 ταῦτ’
1650 2547 1804 2616 οἶμαι

230 2612 450 2709 χρῆναι.
485 2619 729 2686 νομίζειν
751 2635 766 2651 ⁸
798 2625 1038 2681 τοιοῦτον
1082 2632 1189 2699 γάρ
1238 2634 1440 2699 ἀγαθὸν
1468 2640 1548 2700 εἰς
1598 2612 1806 2709 ἀνθρώ-

228 2703 452 2778 πους,ᾖ
487 2727 618 2777 φησι
655 2714 896 2783 Πλάτων,
928 2718 1042 2772 οὔθ’
1078 2718 1211 2793 ⁴ἧκεν
1246 2725 1356 2777 οὗθ’
1385 2729 1502 2798 ἥξει
1539 2733 1666 2784 ποτὲ
1700 2734 1801 2787 δω-

233 2797 406 2864 ρηθὲν
433 2802 494 2852 ὲκ
525 2803 680 2859 Θεοῦ.

303 2896 372 2955 η’.
405 2891 521 2944 Ἵνα
556 2893 611 2945 δὲ
663 2899 709 2948 οἱ
739 2900 837 2960 τὰς
865 2903 1056 2971 τέχνας
1087 2905 1355 2975 δήπουθεν
1394 2912 1670 2978 μετιόντες
1728 2917 1800 2984 μὴ

227 2979 380 3031 τοῦτ’
407 2983 537 3035 αὐτὸ
575 2987 733 3055 μόνον
766 2991 1116 3061 εῦδοκιμῶσι,
1152 2998 1276 3065 μηδ’
1308 3000 1365 3064 ἐξ
1405 3003 1660 3070 ἡμισείας
1699 2998 1801 3056 ὦσι

223 3076 296 3142 τῇ
325 3076 474 3127 πόλει
500 3084 748 3148 χρηστοὶ,
775 3082 810 3135 ἃ
840 3085 1008 3155 μόνης
1034 3089 1257 3157 είρήνης
1294 3092 1440 3144 ἐστὶν
1472 3093 1607 3162 ἔργα
1644 3095 1797 3147 πολιο

223 3169 538 3234 τευόμενοι,
572 3172 686 3224 ἀλλ’
730 3174 892 3242 ἔχωσι
928 3179 1026 3230 κάν
1079 3183 1142 3251 τῇ
1187 3183 1380 3254 γνώμῃ
1431 3187 1679 3239 νεανικὸν
1705 3187 1797 3240 καὶ

229 3265 753 3333 παρεσκευασμένον
796 3271 874 3330 εἰς
909 3271 1108 3340 μάχας,
1137 3275 1324 3345 ἐπειδὴ
1354 3277 1448 3330 καὶ
1480 3279 1670 3330 τούτου
1706 3280 1800 3347 μέ-

232 3367 361 3418 ρους
392 3354 525 3421 ἡμῖν
557 3355 654 3426 οὐχ
687 3358 886 3427 ἥκιστα
913 3362 1011 3424 δεῖ,
1039 3366 1125 3417 διά
1172 3365 1232 3417 τὸ
1266 3367 1357 3419 τὸν
1392 3369 1508 3436 βίον
1547 3373 1623 3433 εἰς
1649 3373 1799 3440 εἰρή-

228 3462 332 3513 νην
387 3445 483 3497 καὶ
532 3449 770 3517 πόλεμον
824 3453 1140 3524 διῃρῆσθαι,
1191 3459 1341 3511 ταῦτ’
1391 3461 1496 3528 ἀρα
1549 3464 1639 3514 καὶ
1698 3465 1798 3526 τὰς

228 3537 496 3598 γυναῖκας
536 3535 678 3601 άξιοῖ
730 3538 952 3593 Πλάτων
993 3541 1178 3614 ὥσπερ
1211 3547 1307 3607 τὰς
1348 3546 1492 3614 ὄρνις
1521 3550 1658 3617 ὑπὲρ
1692 3551 1798 3601 τῶν

226 3625 485 3690 νεοσσῶν,
505 3626 673 3688 οὕτως
707 3628 798 3683 καί
825 3635 1028 3697 ταύτας
1052 3637 1188 3706 ὑπὲρ
1218 3638 1327 3688 τῶν
1357 3638 1570 3690 οἰκείων
1595 3641 1798 3692 τέκνων

228 3716 582 3784 ἀμυνομένας
631 3720 1001 3778 διανίστασθαι
1038 3730 1131 3778 καὶ
1166 3729 1350 3795 φέρειν
1392 3729 1530 3782 ὅπλα
1563 3734 1655 3782 καί
1691 3751 1798 3783 πα-

232 3809 619 3876 ρατάττεσθαι,
656 3812 684 3864 ὃ
715 3816 849 3866 κάπὶ
892 3817 1002 3868 τῶν
1060 3819 1280 3871 Σκυθῶν
1332 3821 1426 3873 νῦν
1472 3823 1616 3877 ἔστιν
1646 3825 1795 3893 όρᾷν.

229 3899 437 3952 Τούτου
474 3902 634 3971 χάριν
685 3903 892 3956 κελεύω
945 3906 1146 3960 τούτων
1198 3907 1428 3962 ἕκαστον
1479 3912 1798 3964 παντοδαπά

229 3991 403 4059 δήπου
457 3996 804 4063 κτησάμενον
846 3997 1006 4062 ὅπλα,
1032 4001 1144 4061 τοῖς
1175 3999 1272 4068 μὲν
1318 4001 1374 4066 ἐξ
1416 4001 1571 4064 ἔθους
1615 4002 1797 4069 ἔργοις

230 4085 410 4136 πάντα
444 4085 615 4154 δήπου
666 4087 756 4139 τὸν
791 4089 982 4157 χρόνον
1033 4091 1307 4159 ἐπιμελῶς
1355 4094 1494 4159 ἄγαν
1545 4097 1798 4162 προσκεῖ-

232 4177 378 4239 σθαι,
410 4178 502 4228 καὶ
536 4179 704 4246 μηδὲν
754 4183 960 4234 ἀνιέναι
1012 4185 1244 4252 σπουδῆς
1272 4199 1283 4212 ·
1346 4186 1483 4236 ὲπάν
1507 4185 1561 4236 δὲ
1589 4186 1797 4238 τούτων

231 4270 431 4340 σχολὴν
457 4271 651 4337 ἄγωσι,
684 4274 793 4325 τότ’
830 4275 928 4345 ήδη
957 4280 1069 4338 τοῖς
1122 4278 1308 4340 ὅπλοις
1345 4279 1646 4347 κεχρῆσθαι
1702 4280 1798 4330 καὶ

233 4365 466 4434 μελετᾷν
495 4367 597 4418 κάν
628 4369 748 4429 ταῖς
781 4368 985 4436 μάχαις
1010 4378 1025 4396 ⁸
1071 4371 1156 4439 ἐφ’
1187 4365 1230 4439 ᾧ
1253 4373 1529 4441 πολεμίων
1574 4375 1705 4426 ποτ’
1733 4373 1797 4426 ἂν

229 4455 514 4519 ἐπιόντων,
547 4459 640 4509 καὶ
675 4457 989 4528 πολιορκίας
1022 4462 1310 4530 ἐνστάσης,
1343 4463 1516 4525 οὕτως
1551 4464 1798 4534 ἐρρωμέ-

230 4563 336 4608 νως
379 4550 472 4599 καὶ
533 4549 672 4615 μετὰ
726 4553 997 4621 τοσαύτης
1054 4553 1409 4606 ἀνθίστασθαι
1457 4557 1556 4621 τῆς
1615 4572 1794 4624 παρα-

231 4637 452 4704 σκευῆς,
486 4638 561 4700 ὠς
598 4641 830 4693 είσάπαν
863 4644 1144 4712 ἀντέχειν,
1174 4645 1265 4696 καὶ
1299 4646 1421 4712 μηδ’
1456 4645 1521 4696 ἂν
1544 4646 1597 4697 εί
1618 4663 1670 4695 τι
1701 4647 1793 4697 καὶ

231 4723 455 4777 πάθοιεν
488 4728 588 4798 τὴν
640 4728 795 4792 τάξιν
850 4730 1027 4784 λιπεῖν
1077 4731 1352 4802 ἐθελῆσαι,
1386 4732 1510 4802 μηδ’
1561 4732 1792 4801 ὑφέσθαι

225 4817 322 4869 τοῦ
356 4820 512 4870 τόνου
549 4822 642 4872 καὶ
690 4824 789 4890 τῆς
835 4823 1144 4891 προθέσεως
1171 4839 1185 4854 ⁸
1219 4825 1354 4876 ἀλλά
1385 4824 1517 4893 πρὸς
1569 4819 1649 4886 οἷς
1679 4823 1792 4893 εχει

204 4912 614 4977 στρατοπέδοις
663 4915 695 4983 ὴ
758 4915 931 4977 πόλις,
958 4915 1052 4968 καὶ
1079 4917 1302 4977 τούτους
1333 4916 1659 4985 εὐδοκιμεῖν,
1700 4919 1792 4968 καὶ

227 5001 366 5069 χεῖρ’
404 5004 576 5071 αὐτῆς
602 5005 878 5067 σώζουσαν
938 5008 1258 5077 ὑπερίσχειν
1283 5025 1298 5040 ⁸
1342 5011 1515 5063 καίτοι
1556 5015 1650 5063 καὶ
1682 5010 1790 5061 τῶν

230 5096 582 5161 στρατιωτῶν
614 5098 739 5158 τοὺς
774 5098 847 5167 μὴ
876 5102 969 5150 καὶ
1009 5103 1299 5173 περιουσίᾳ
1325 5103 1640 5172 λαμπροὺς,
1677 5103 1789 5154 ἀλλ’

225 5186 404 5246 ἄλλως
435 5191 532 5254 τῆς
558 5189 727 5258 τύχης
762 5191 1010 5260 ἔχοντας,
1040 5192 1337 5263 ἀξιώσαιμ’
1380 5195 1446 5247 ἂν
1477 5195 1652 5261 ἔγωγε
1699 5196 1791 5248 καὶ

222 5279 430 5347 τεχνῶν
453 5280 823 5349 ἐπιστήμονας
851 5279 1011 5349 εἶναι,
1034 5287 1127 5339 καὶ
1155 5288 1290 5356 μηδὲ
1319 5287 1524 5341 τούτων
1555 5288 1790 5356 ἀφεστά-

224 5387 311 5422 ναι
343 5371 450 5422 τῶν
478 5373 676 5434 ὅπλων,
712 5374 780 5425 ἵν’
815 5377 908 5428 ἐάν
939 5376 986 5428 τ’
1019 5377 1111 5430 ἐπὶ
1161 5379 1450 5446 στρατείας
1493 5381 1790 5431 ἑπιλίπωσι

222 5463 545 5531 τάπιτήδεια
607 5466 778 5533 σερίσι,
829 5467 905 5536 μὴ
967 5469 1268 5537 περιιόντες
1324 5471 1483 5531 εὐθὺς
1528 5471 1639 5523 ἄνω
1695 5473 1789 5523 καὶ

223 5557 375 5606 κάτω
425 5555 631 5610 τούτων
691 5559 875 5611 εἵνεκα
925 5560 1244 5614 διατιθείντο
1289 5562 1358 5616 τά
1404 5563 1562 5627 ὅπλα,
1603 5563 1697 5615 ἐάν
1730 5579 1786 5615 τε

222 5651 331 5709 τοῖς
364 5649 640 5716 πολεμίοις
685 5652 877 5717 ἁλῶσι,
913 5654 1066 5720 ξυνὶς
1114 5656 1222 5725 γὰρ
1275 5656 1567 5719 Ἐνυάλιος,
1613 5657 1788 5726 ἔχοιεν

221 5739 341 5791 ὅθεν
367 5740 425 5792 εὖ
449 5743 594 5810 μάλα
628 5744 958 5808 διαιτᾶσθαι,
990 5751 1081 5801 καὶ
1117 5748 1322 5814 διάγειν
1354 5749 1528 5817 ἔχοιεν
1569 5749 1655 5810 ἂν,
1692 5751 1785 5801 καὶ

227 5831 300 5900 μὴ
332 5839 462 5907 πρὸς
492 5840 600 5899 ταῖς
632 5841 860 5918 τριόδοις
888 5843 1130 5897 ἐπαιτεῖν
1164 5845 1470 5912 ἑστηκότες.
1517 5845 1678 5927 ὀρεῖς
1709 5845 1784 5904 ὡς

1909 2011 2074 2079 justa.
2103 2010 2156 2064 Si
2187 2010 2332 2063 enim
2367 2025 2464 2065 eos
2494 2013 2585 2080 qui
2616 2011 2765 2067 circa
2797 2023 2944 2068 artes
2967 2024 3020 2067 et
3049 2014 3276 2083 profana
3307 2031 3475 2086 nego-

1915 2125 1984 2177 tia
2023 2133 2291 2192 peccant,
2325 2137 2455 2180 ante
2489 2127 2726 2180 tribunal
2757 2129 3038 2193 sistimus,
3071 2140 3276 2198 quanto
3306 2133 3476 2201 magis

1912 2238 1965 2289 id
2003 2237 2210 2291 faciens
2244 2238 2298 2291 in
2323 2239 2554 2293 scientia
2581 2239 2814 2296 facultas
2844 2243 2973 2297 erit.
3004 2242 3230 2298 Platone
3254 2246 3474 2314 quidem

1911 2363 2070 2416 teste,
2109 2360 2320 2406 tantum
2353 2353 2556 2407 bonum
2596 2371 2871 2426 nunquam
2901 2356 3096 2429 obtigit
3131 2359 3472 2428 hominibus,

1909 2482 2092 2537 neque
2126 2466 2374 2540 obtinget
2397 2469 2681 2524 divinitus.

1979 2911 2033 2966 8.
2075 2913 2152 2968 Ne
2183 2909 2366 2970 autem
2405 2916 2442 2972 ii
2491 2919 2588 2986 qui
2631 2928 2776 2973 artes
2810 2921 3000 2975 colunt
3048 2922 3119 2975 ub
3176 2921 3229 2973 id
3292 2916 3466 2970 solum

1903 3027 2206 3094 glorientur
2237 3045 2300 3085 ac
2338 3030 2544 3085 civitati
2580 3033 2758 3086 minus
2786 3049 2946 3102 quam
2978 3033 3176 3087 debent
3212 3028 3440 3097 prosim.

1901 3141 2121 3195 nonnisi
2153 3144 2305 3210 pacis
2352 3145 2580 3212 negotia
2612 3156 2954 3210 exercentes,
2988 3145 3095 3198 imo
3124 3145 3187 3196 ad
3228 3158 3339 3196 rem
3371 3141 3469 3192 mi-

1825 3224 1867 3280 ε
1902 3248 2114 3303 litarem
2140 3267 2360 3321 quoque
2404 3257 2784 3325 accingamur.
2837 3255 3106 3326 siquidem
3155 3254 3356 3308 bellum
3394 3252 3466 3306 ita

1901 3361 2036 3424 vult,
2073 3365 2199 3429 quia
2225 3365 2334 3416 vita
2373 3365 2426 3418 in
2464 3366 2664 3420 bellum
2697 3383 2758 3420 ac
2781 3381 2984 3436 pacem
3018 3365 3190 3420 divisa
3217 3374 3323 3428 est,
3348 3364 3466 3418 Pla-

1903 3483 1956 3526 to
1993 3476 2108 3529 vult
2145 3485 2203 3528 ut
2235 3476 2446 3532 feminae
2481 3495 2697 3548 quoque
2746 3483 2888 3534 sicut
2933 3494 3060 3533 aves
3111 3481 3296 3550 pullos
3339 3494 3465 3532 suos

1899 3586 2252 3642 defendentes
2281 3605 2376 3657 pro
2426 3590 2617 3644 liberis
2647 3607 2794 3644 arma
2827 3591 3025 3655 ferant,
3054 3591 3198 3652 quod
3242 3607 3298 3644 re
3337 3605 3462 3643 vera

1902 3702 2084 3755 videre
2116 3711 2199 3756 est
2223 3704 2364 3771 apud
2401 3703 2654 3773 Scythas.
2692 3703 2798 3756 Has
2826 3703 2998 3772 igitur
3032 3703 3101 3756 ob
3146 3716 3343 3755 causas
3371 3701 3461 3769 ju~

1903 3815 2002 3867 beo
2035 3824 2092 3866 ut
2126 3816 2504 3884 unusquisque
2531 3816 2686 3884 plura
2717 3832 2992 3869 armorum
3019 3830 3218 3885 genera
3251 3823 3464 3868 coeniat

1901 3931 1954 3984 in
1988 3932 2162 3999 iisque
2208 3944 2265 3984 se
2298 3931 2610 3984 exercendo
2663 3939 2878 4000 tempus
2911 3931 3178 3999 transigat
3203 3967 3218 3991 ,
3257 3928 3463 3982 indesi-

1901 4054 2092 4098 nenter
2143 4058 2435 4113 pugnans,
2487 4053 2545 4096 ut
2589 4045 2808 4114 quando
2861 4045 3047 4097 hostes
3101 4045 3464 4112 irruptionem

1900 4155 2127 4209 fecerint
2151 4165 2206 4209 ct
2227 4154 2439 4209 obsidio
2460 4155 2759 4220 immineat,
2791 4155 2856 4208 ad
2914 4155 3279 4209 resistendum
3310 4171 3465 4222 para-

1901 4270 1936 4321 ti
1967 4269 2095 4332 sint,
2131 4283 2231 4322 nec
2259 4278 2438 4322 castra
2469 4268 2727 4322 deserant
2773 4278 2868 4322 aut
2893 4283 3014 4320 cum
3057 4265 3294 4321 inimicis
3321 4268 3465 4336 paci-

1906 4390 2166 4444 scantur;
2205 4381 2353 4434 cives
2383 4382 2533 4434 enim
2562 4382 2702 4435 bene
2728 4383 3019 4452 praeparati
3072 4381 3208 4434 nihil
3242 4382 3463 4435 civitate

1905 4491 2190 4559 indignum
2217 4493 2584 4546 committent.
2635 4494 2900 4562 Equidem
2941 4509 3035 4548 eos
3066 4509 3284 4563 quoque
3319 4495 3465 4546 mili-

1829 4586 1868 4640 D
1902 4610 1982 4652 tcs
2013 4600 2213 4667 quibus
2244 4599 2460 4654 fortuna
2498 4617 2606 4654 non
2664 4602 2869 4655 arridet
2891 4641 2904 4663 ,
2934 4602 3293 4655 nihilominus
3337 4603 3465 4654 volo

1896 4711 2095 4764 artium
2124 4713 2327 4780 peritos
2353 4729 2495 4780 esse,
2516 4730 2691 4783 neque
2718 4731 2993 4768 armorum
3021 4732 3122 4768 usu
3157 4717 3459 4782 abstinuere,

1896 4838 1962 4875 ne
1991 4824 2044 4876 in
2080 4840 2261 4877 rerum
2296 4835 2437 4879 statu
2474 4827 2730 4895 ambiguo
2777 4828 3113 4896 trepidantes
3160 4843 3308 4882 arma
3359 4831 3456 4882 de-

1894 4948 2119 5007 ponant,
2152 4954 2288 4994 neve
2315 4941 2532 5009 quando
2550 4942 2615 4994 ab
2636 4943 2882 4994 hostibus
2911 4942 3051 5009 capti
3075 4941 3279 4996 fuerint
3307 4942 3460 5008 (belli

1895 5066 2128 5116 namque
2162 5067 2285 5105 sors
2315 5051 2645 5120 communis)
2703 5057 2865 5105 rebus
2901 5051 2968 5105 ad
3008 5053 3172 5105 vitam
3208 5069 3458 5107 necessaq

1893 5163 1988 5214 riis
2015 5163 2260 5216 destituti
2290 5164 2343 5216 in
2372 5162 2547 5217 triviis
2580 5163 2817 5232 denique
2852 5164 3046 5232 stipem
3073 5175 3314 5232 erogeut.
3340 5165 3454 5218 1am

1893 5275 2049 5328 vides
2097 5275 2242 5344 quod
2297 5275 2428 5344 ipsis
2459 5255 2728 5329 militibus
2759 5276 2960 5329 artium
2998 5278 3185 5345 peritia
3219 5294 3303 5330 res
3341 5277 3455 5331 fieri

1892 5399 2074 5458 potest
2109 5388 2598 5457 opportunissima,
2657 5389 2766 5440 imo
2816 5389 2959 5456 quod
2991 5405 3078 5443 res
3126 5390 3377 5443 militaris
3404 5399 3458 5447 et

1891 5517 2172 5556 armorum
2205 5517 2359 5566 usus,
2398 5511 2454 5556 et
2487 5504 2672 5557 hostes
2712 5503 2957 5573 aggredi.
2999 5519 3218 5556 manum
3252 5520 3452 5572 oppor-

1892 5628 2024 5669 tuno
2069 5626 2311 5684 tempore
2351 5630 2665 5680 conserere,
2712 5632 2809 5684 per
2859 5631 2918 5670 se
2978 5631 3067 5667 ars
3097 5627 3181 5668 est
3223 5615 3459 5669 admira-

1893 5733 2038 5783 tione
2087 5729 2269 5797 digna.
2349 5728 2577 5796 Semper
2627 5730 2774 5781 enim
2825 5739 2878 5781 et
2931 5727 3136 5796 ubique
3181 5725 3454 5795 ejusmodi

1892 5844 1992 5896 viri
2034 5843 2343 5912 adjumento
2393 5850 2589 5904 erunt,
2633 5849 2692 5894 ut
2741 5855 2900 5894 nemo
2948 5856 3092 5894 same
3137 5842 3332 5896 mentis
3367 5842 3451 5899 ci-
