  <div class='ocr_page' id='page_1' title='image "/cluster/home/n/w/nwhite01/storage/ocr_20150623/145/nnc1.0046980679/282.png"; bbox 0 0 4232 6432; ppageno 0'>
   <div class='ocr_carea' id='block_1_1' title="bbox 179 366 284 429">
    <p class='ocr_par' dir='ltr' id='par_1_1' title="bbox 179 366 284 429">
     <span class='ocr_line' id='line_1_1' title="bbox 179 366 284 429; baseline 0.01 -2"><span class='ocrx_word' id='word_1_1' title='bbox 179 366 284 429; x_wconf 83' lang='lat'><strong>513</strong></span> 
     </span>
    </p>
   </div>
   <div class='ocr_carea' id='block_1_2' title="bbox 1157 350 2505 418">
    <p class='ocr_par' dir='ltr' id='par_1_2' title="bbox 1157 350 2505 418">
     <span class='ocr_line' id='line_1_2' title="bbox 1157 350 2505 418; baseline -0.008 -2"><span class='ocrx_word' id='word_1_2' title='bbox 1157 356 1444 418; x_wconf 74' lang='lat' dir='ltr'><strong>ORATIO</strong></span> <span class='ocrx_word' id='word_1_3' title='bbox 1487 356 1583 416; x_wconf 89' lang='lat' dir='ltr'><strong>DE</strong></span> <span class='ocrx_word' id='word_1_4' title='bbox 1618 353 2121 416; x_wconf 71' lang='lat' dir='ltr'><strong>SUBDl&#39;l‘OltUM</strong></span> <span class='ocrx_word' id='word_1_5' title='bbox 2159 350 2505 410; x_wconf 82' lang='lat' dir='ltr'><strong>OFFlCllS.</strong></span> 
     </span>
    </p>
   </div>
   <div class='ocr_carea' id='block_1_3' title="bbox 3328 343 3430 406">
    <p class='ocr_par' dir='ltr' id='par_1_3' title="bbox 3328 343 3430 406">
     <span class='ocr_line' id='line_1_3' title="bbox 3328 343 3430 406; baseline -0.01 0"><span class='ocrx_word' id='word_1_6' title='bbox 3328 343 3430 406; x_wconf 74' lang='grc'><strong>514</strong></span> 
     </span>
    </p>
   </div>
   <div class='ocr_carea' id='block_1_4' title="bbox 170 456 1841 542">
    <p class='ocr_par' dir='ltr' id='par_1_4' title="bbox 170 463 1817 542">
     <span class='ocr_line' id='line_1_4' title="bbox 170 463 1817 542; baseline -0.009 -14"><span class='ocrx_word' id='word_1_7' title='bbox 170 493 277 538; x_wconf 89' lang='grc' dir='ltr'>σιν,</span> <span class='ocrx_word' id='word_1_8' title='bbox 333 472 476 542; x_wconf 78' lang='grc' dir='ltr'>ὑμᾶς</span> <span class='ocrx_word' id='word_1_9' title='bbox 528 469 699 533; x_wconf 79' lang='grc' dir='ltr'>οὕτως</span> <span class='ocrx_word' id='word_1_10' title='bbox 757 467 998 538; x_wconf 78' lang='grc' dir='ltr'>ἔχοντας,</span> <span class='ocrx_word' id='word_1_11' title='bbox 1029 467 1363 534; x_wconf 71' lang='grc' dir='ltr'><strong>κακοηθείας</strong></span> <span class='ocrx_word' id='word_1_12' title='bbox 1422 463 1742 518; x_wconf 74' lang='grc' dir='ltr'><strong>ἁλίσκεσθαι</strong></span> <span class='ocrx_word' id='word_1_13' title='bbox 1777 471 1817 522; x_wconf 76' lang='grc' dir='ltr'><strong>Α</strong></span> 
     </span>
    </p>
   </div>
   <div class='ocr_carea' id='block_1_5' title="bbox 1757 456 3428 542">
    <p class='ocr_par' dir='ltr' id='par_1_5' title="bbox 1777 456 3428 523">
     <span class='ocr_line' id='line_1_5' title="bbox 1777 456 3428 523; baseline -0.001 -11"><span class='ocrx_word' id='word_1_14' title='bbox 1777 471 1817 522; x_wconf 74' lang='grc' dir='ltr'><strong>Α</strong></span> <span class='ocrx_word' id='word_1_15' title='bbox 1849 475 2134 523; x_wconf 66' lang='lat' dir='ltr'><strong>excusare,</strong></span> <span class='ocrx_word' id='word_1_16' title='bbox 2173 460 2310 511; x_wconf 82' lang='lat' dir='ltr'><strong>alios</strong></span> <span class='ocrx_word' id='word_1_17' title='bbox 2338 471 2624 522; x_wconf 81' lang='lat' dir='ltr'><strong>accusare,</strong></span> <span class='ocrx_word' id='word_1_18' title='bbox 2681 456 2733 511; x_wconf 92' lang='lat' dir='ltr'><strong>in</strong></span> <span class='ocrx_word' id='word_1_19' title='bbox 2771 456 3005 510; x_wconf 82' lang='lat' dir='ltr'><strong>humana</strong></span> <span class='ocrx_word' id='word_1_20' title='bbox 3038 463 3234 508; x_wconf 80' lang='lat' dir='ltr'><strong>natura</strong></span> <span class='ocrx_word' id='word_1_21' title='bbox 3264 457 3428 511; x_wconf 76' lang='lat' dir='ltr'><strong>situm</strong></span> 
     </span>
    </p>
   </div>
   <div class='ocr_carea' id='block_1_6' title="bbox 167 557 1746 636">
    <p class='ocr_par' dir='ltr' id='par_1_6' title="bbox 167 557 1746 636">
     <span class='ocr_line' id='line_1_6' title="bbox 167 557 1746 636; baseline -0.008 -14"><span class='ocrx_word' id='word_1_22' title='bbox 167 569 262 622; x_wconf 76' lang='grc' dir='ltr'><strong>καὶ</strong></span> <span class='ocrx_word' id='word_1_23' title='bbox 294 564 599 636; x_wconf 71' lang='grc' dir='ltr'>μισεῖσθαιο</span> <span class='ocrx_word' id='word_1_24' title='bbox 649 561 770 616; x_wconf 76' lang='grc' dir='ltr'>οὐδὲ</span> <span class='ocrx_word' id='word_1_25' title='bbox 803 563 911 631; x_wconf 71' lang='grc' dir='ltr'><strong>γὰρ</strong></span> <span class='ocrx_word' id='word_1_26' title='bbox 946 563 1125 615; x_wconf 80' lang='grc' dir='ltr'>ἐκεῖνο</span> <span class='ocrx_word' id='word_1_27' title='bbox 1171 560 1374 630; x_wconf 72' lang='grc' dir='ltr'>φήσετε</span> <span class='ocrx_word' id='word_1_28' title='bbox 1415 559 1638 627; x_wconf 76' lang='grc' dir='ltr'>δήποτε,</span> <span class='ocrx_word' id='word_1_29' title='bbox 1672 557 1746 619; x_wconf 83' lang='grc' dir='ltr'><strong>ῶς</strong></span> 
     </span>
    </p>
   </div>
   <div class='ocr_carea' id='block_1_7' title="bbox 167 650 1742 726">
    <p class='ocr_par' dir='ltr' id='par_1_7' title="bbox 167 650 1742 726">
     <span class='ocr_line' id='line_1_7' title="bbox 167 650 1742 726; baseline -0.008 -14"><span class='ocrx_word' id='word_1_30' title='bbox 167 663 262 714; x_wconf 67' lang='grc' dir='ltr'><strong>ἐὰν</strong></span> <span class='ocrx_word' id='word_1_31' title='bbox 298 657 397 726; x_wconf 74' lang='grc' dir='ltr'>μὲν</span> <span class='ocrx_word' id='word_1_32' title='bbox 419 658 542 712; x_wconf 75' lang='grc' dir='ltr'>τοὺς</span> <span class='ocrx_word' id='word_1_33' title='bbox 575 655 769 716; x_wconf 76' lang='grc' dir='ltr'>ἄλλους</span> <span class='ocrx_word' id='word_1_34' title='bbox 805 654 960 721; x_wconf 73' lang='grc' dir='ltr'>ὑμεῖς</span> <span class='ocrx_word' id='word_1_35' title='bbox 1012 653 1258 720; x_wconf 83' lang='grc' dir='ltr'>ἀδικῆτε,</span> <span class='ocrx_word' id='word_1_36' title='bbox 1294 652 1529 720; x_wconf 77' lang='grc' dir='ltr'>πρᾶγμα</span> <span class='ocrx_word' id='word_1_37' title='bbox 1563 650 1742 710; x_wconf 74' lang='grc' dir='ltr'>οὐδὲν,</span> 
     </span>
    </p>
   </div>
   <div class='ocr_carea' id='block_1_8' title="bbox 165 741 1751 817">
    <p class='ocr_par' dir='ltr' id='par_1_8' title="bbox 165 741 1751 817">
     <span class='ocr_line' id='line_1_8' title="bbox 165 741 1751 817; baseline -0.006 -16"><span class='ocrx_word' id='word_1_38' title='bbox 165 751 266 802; x_wconf 72' lang='grc' dir='ltr'>ἐὰν</span> <span class='ocrx_word' id='word_1_39' title='bbox 296 749 342 800; x_wconf 80' lang='grc' dir='ltr'>δ’</span> <span class='ocrx_word' id='word_1_40' title='bbox 378 749 518 817; x_wconf 75' lang='grc' dir='ltr'>ὑμᾶς</span> <span class='ocrx_word' id='word_1_41' title='bbox 545 746 676 798; x_wconf 80' lang='grc' dir='ltr'>αὐτὸ</span> <span class='ocrx_word' id='word_1_42' title='bbox 714 744 860 796; x_wconf 77' lang='grc' dir='ltr'>τοῦθ’</span> <span class='ocrx_word' id='word_1_43' title='bbox 900 745 1080 812; x_wconf 73' lang='grc' dir='ltr'>ἕτεροι</span> <span class='ocrx_word' id='word_1_44' title='bbox 1108 743 1330 813; x_wconf 80' lang='grc' dir='ltr'>δρῶσιν,</span> <span class='ocrx_word' id='word_1_45' title='bbox 1365 743 1644 810; x_wconf 81' lang='grc' dir='ltr'>ἀφόρητον</span> <span class='ocrx_word' id='word_1_46' title='bbox 1671 741 1751 792; x_wconf 79' lang='grc' dir='ltr'><strong>δεῖ</strong></span> 
     </span>
    </p>
   </div>
   <div class='ocr_carea' id='block_1_9' title="bbox 164 821 1747 910">
    <p class='ocr_par' dir='ltr' id='par_1_9' title="bbox 164 831 1747 910">
     <span class='ocr_line' id='line_1_9' title="bbox 164 831 1747 910; baseline -0.006 -16"><span class='ocrx_word' id='word_1_47' title='bbox 164 841 341 894; x_wconf 72' lang='grc' dir='ltr'>τοῦτο</span> <span class='ocrx_word' id='word_1_48' title='bbox 362 838 604 910; x_wconf 72' lang='grc' dir='ltr'>νομίζειν</span> <span class='ocrx_word' id='word_1_49' title='bbox 638 842 732 891; x_wconf 76' lang='grc' dir='ltr'><strong>καὶ</strong></span> <span class='ocrx_word' id='word_1_50' title='bbox 762 839 915 891; x_wconf 72' lang='grc' dir='ltr'>οὐδὲν</span> <span class='ocrx_word' id='word_1_51' title='bbox 946 839 1096 905; x_wconf 80' lang='grc' dir='ltr'>ὑγιές</span> <span class='ocrx_word' id='word_1_52' title='bbox 1131 855 1144 867; x_wconf 82' lang='grc'><em>’</em></span> <span class='ocrx_word' id='word_1_53' title='bbox 1204 837 1310 889; x_wconf 76' lang='grc' dir='ltr'>οὐδ’</span> <span class='ocrx_word' id='word_1_54' title='bbox 1343 837 1408 890; x_wconf 81' lang='grc' dir='ltr'><strong>ἂν</strong></span> <span class='ocrx_word' id='word_1_55' title='bbox 1441 831 1521 896; x_wconf 76' lang='grc' dir='ltr'>εἷς</span> <span class='ocrx_word' id='word_1_56' title='bbox 1575 834 1747 886; x_wconf 76' lang='grc' dir='ltr'>ταῦτα</span> 
     </span>
    </p>
   </div>
   <div class='ocr_carea' id='block_1_10' title="bbox 166 927 1747 1002">
    <p class='ocr_par' dir='ltr' id='par_1_10' title="bbox 166 927 1747 1002">
     <span class='ocr_line' id='line_1_10' title="bbox 166 927 1747 1002; baseline -0.004 -17"><span class='ocrx_word' id='word_1_57' title='bbox 166 937 425 1002; x_wconf 69' lang='grc' dir='ltr'>φήσειεν,</span> <span class='ocrx_word' id='word_1_58' title='bbox 447 933 595 985; x_wconf 78' lang='grc' dir='ltr'>,ἀλλὰ</span> <span class='ocrx_word' id='word_1_59' title='bbox 623 932 718 1002; x_wconf 73' lang='grc' dir='ltr'>τῆς</span> <span class='ocrx_word' id='word_1_60' title='bbox 754 931 924 1000; x_wconf 79' lang='grc' dir='ltr'>αὐτῆς</span> <span class='ocrx_word' id='word_1_61' title='bbox 953 931 1121 1000; x_wconf 78' lang='grc' dir='ltr'>ἄμφω</span> <span class='ocrx_word' id='word_1_62' title='bbox 1169 930 1350 1000; x_wconf 77' lang='grc' dir='ltr'>ψήφου</span> <span class='ocrx_word' id='word_1_63' title='bbox 1388 929 1485 980; x_wconf 76' lang='grc' dir='ltr'><strong>καὶ</strong></span> <span class='ocrx_word' id='word_1_64' title='bbox 1523 927 1616 979; x_wconf 75' lang='grc' dir='ltr'>τοῦ</span> <span class='ocrx_word' id='word_1_65' title='bbox 1648 943 1747 979; x_wconf 83' lang='grc' dir='ltr'>κα-</span> 
     </span>
    </p>
   </div>
   <div class='ocr_carea' id='block_1_11' title="bbox 164 1027 445 1090">
    <p class='ocr_par' dir='ltr' id='par_1_11' title="bbox 164 1027 445 1090">
     <span class='ocr_line' id='line_1_11' title="bbox 164 1027 445 1090; baseline 0.007 -12"><span class='ocrx_word' id='word_1_66' title='bbox 164 1027 445 1090; x_wconf 74' lang='grc' dir='ltr'>κίζεσθαι.</span> 
     </span>
    </p>
   </div>
   <div class='ocr_carea' id='block_1_12' title="bbox 241 1110 1747 1189">
    <p class='ocr_par' dir='ltr' id='par_1_12' title="bbox 241 1110 1747 1189">
     <span class='ocr_line' id='line_1_12' title="bbox 241 1110 1747 1189; baseline -0.007 -15"><span class='ocrx_word' id='word_1_67' title='bbox 241 1127 297 1174; x_wconf 88' lang='grc' dir='ltr'><strong>ι’.</strong></span> <span class='ocrx_word' id='word_1_68' title='bbox 333 1121 518 1189; x_wconf 79' lang='grc' dir='ltr'>Χωρὶς</span> <span class='ocrx_word' id='word_1_69' title='bbox 544 1119 600 1171; x_wconf 80' lang='grc' dir='ltr'>δὲ</span> <span class='ocrx_word' id='word_1_70' title='bbox 631 1119 860 1179; x_wconf 78' lang='grc' dir='ltr'>τούτοιν,</span> <span class='ocrx_word' id='word_1_71' title='bbox 912 1119 959 1170; x_wconf 80' lang='grc' dir='ltr'>ει</span> <span class='ocrx_word' id='word_1_72' title='bbox 985 1117 1085 1186; x_wconf 77' lang='grc' dir='ltr'><strong>μὲν</strong></span> <span class='ocrx_word' id='word_1_73' title='bbox 1106 1110 1181 1170; x_wconf 80' lang='grc' dir='ltr'><strong>ὧν</strong></span> <span class='ocrx_word' id='word_1_74' title='bbox 1210 1114 1530 1185; x_wconf 72' lang='grc' dir='ltr'>ὑπὲρ-ὑμῶν</span> <span class='ocrx_word' id='word_1_75' title='bbox 1552 1110 1747 1165; x_wconf 79' lang='grc' dir='ltr'>πονοῦ-</span> 
     </span>
    </p>
   </div>
   <div class='ocr_carea' id='block_1_13' title="bbox 163 1206 1744 1280">
    <p class='ocr_par' dir='ltr' id='par_1_13' title="bbox 163 1206 1744 1280">
     <span class='ocr_line' id='line_1_13' title="bbox 163 1206 1744 1280; baseline -0.006 -14"><span class='ocrx_word' id='word_1_76' title='bbox 163 1232 252 1266; x_wconf 91' lang='grc' dir='ltr'>σιν</span> <span class='ocrx_word' id='word_1_77' title='bbox 285 1213 567 1275; x_wconf 76' lang='grc' dir='ltr'>ἑκάστοτε,</span> <span class='ocrx_word' id='word_1_78' title='bbox 599 1213 802 1266; x_wconf 65' lang='grc' dir='ltr'>τούτων</span> <span class='ocrx_word' id='word_1_79' title='bbox 831 1211 1056 1280; x_wconf 78' lang='grc' dir='ltr'>μισθοὺς</span> <span class='ocrx_word' id='word_1_80' title='bbox 1093 1211 1192 1262; x_wconf 71' lang='grc' dir='ltr'>οὐκ</span> <span class='ocrx_word' id='word_1_81' title='bbox 1227 1209 1439 1278; x_wconf 75' lang='grc' dir='ltr'>ἔχοντες</span> <span class='ocrx_word' id='word_1_82' title='bbox 1459 1207 1637 1276; x_wconf 75' lang='grc' dir='ltr'>δήπου</span> <span class='ocrx_word' id='word_1_83' title='bbox 1664 1222 1678 1236; x_wconf 88' lang='grc'><strong>·</strong></span> <span class='ocrx_word' id='word_1_84' title='bbox 1713 1206 1744 1275; x_wconf 78' lang='grc' dir='ltr'>ἢ</span> 
     </span>
    </p>
   </div>
   <div class='ocr_carea' id='block_1_14' title="bbox 161 1298 1744 1377">
    <p class='ocr_par' dir='ltr' id='par_1_14' title="bbox 161 1298 1744 1377">
     <span class='ocr_line' id='line_1_14' title="bbox 161 1298 1744 1377; baseline -0.006 -17"><span class='ocrx_word' id='word_1_85' title='bbox 161 1309 388 1377; x_wconf 74' lang='grc' dir='ltr'>ἔχοντες</span> <span class='ocrx_word' id='word_1_86' title='bbox 437 1307 553 1374; x_wconf 78' lang='grc' dir='ltr'>μὲν,</span> <span class='ocrx_word' id='word_1_87' title='bbox 586 1308 686 1359; x_wconf 75' lang='grc' dir='ltr'>οὐκ</span> <span class='ocrx_word' id='word_1_88' title='bbox 719 1305 1017 1374; x_wconf 64' lang='grc' dir='ltr'>ἀξιΰχρεως</span> <span class='ocrx_word' id='word_1_89' title='bbox 1063 1303 1120 1355; x_wconf 80' lang='grc' dir='ltr'>δέ</span> <span class='ocrx_word' id='word_1_90' title='bbox 1148 1317 1161 1332; x_wconf 77' lang='grc'><strong>⁸</strong></span> <span class='ocrx_word' id='word_1_91' title='bbox 1210 1301 1240 1369; x_wconf 77' lang='grc' dir='ltr'>ἢ</span> <span class='ocrx_word' id='word_1_92' title='bbox 1290 1301 1590 1368; x_wconf 76' lang='grc' dir='ltr'><strong>ἀξιόχρεως</strong></span> <span class='ocrx_word' id='word_1_93' title='bbox 1625 1298 1744 1366; x_wconf 81' lang='grc' dir='ltr'>μὲν,</span> 
     </span>
    </p>
   </div>
   <div class='ocr_carea' id='block_1_15' title="bbox 162 1391 1746 1466">
    <p class='ocr_par' dir='ltr' id='par_1_15' title="bbox 162 1391 1746 1466">
     <span class='ocr_line' id='line_1_15' title="bbox 162 1391 1746 1466; baseline -0.006 -14"><span class='ocrx_word' id='word_1_94' title='bbox 162 1402 268 1452; x_wconf 83' lang='grc' dir='ltr'>οὐκ</span> <span class='ocrx_word' id='word_1_95' title='bbox 300 1401 390 1451; x_wconf 71' lang='grc' dir='ltr'><strong>ἀεὶ</strong></span> <span class='ocrx_word' id='word_1_96' title='bbox 426 1399 482 1452; x_wconf 77' lang='grc' dir='ltr'>δέ</span> <span class='ocrx_word' id='word_1_97' title='bbox 507 1415 522 1430; x_wconf 77' lang='grc' dir='ltr'><strong>ο</strong></span> <span class='ocrx_word' id='word_1_98' title='bbox 547 1400 661 1453; x_wconf 66' lang='grc' dir='ltr'>ἀλλ’</span> <span class='ocrx_word' id='word_1_99' title='bbox 693 1401 749 1449; x_wconf 80' lang='grc' dir='ltr'>ἐν</span> <span class='ocrx_word' id='word_1_100' title='bbox 781 1398 963 1466; x_wconf 84' lang='grc' dir='ltr'>μόνοις</span> <span class='ocrx_word' id='word_1_101' title='bbox 983 1397 1096 1457; x_wconf 85' lang='grc' dir='ltr'>τοῖς</span> <span class='ocrx_word' id='word_1_102' title='bbox 1126 1395 1220 1447; x_wconf 85' lang='grc' dir='ltr'>τοῦ</span> <span class='ocrx_word' id='word_1_103' title='bbox 1253 1394 1495 1462; x_wconf 84' lang='grc' dir='ltr'>πολέμου</span> <span class='ocrx_word' id='word_1_104' title='bbox 1535 1391 1746 1459; x_wconf 83' lang='grc' dir='ltr'>καιροῖς</span> 
     </span>
    </p>
   </div>
   <div class='ocr_carea' id='block_1_16' title="bbox 161 1485 1744 1562">
    <p class='ocr_par' dir='ltr' id='par_1_16' title="bbox 161 1485 1744 1562">
     <span class='ocr_line' id='line_1_16' title="bbox 161 1485 1744 1562; baseline -0.006 -18"><span class='ocrx_word' id='word_1_105' title='bbox 161 1511 224 1544; x_wconf 84' lang='grc' dir='ltr'><strong>τε</strong></span> <span class='ocrx_word' id='word_1_106' title='bbox 279 1493 374 1546; x_wconf 74' lang='grc' dir='ltr'>καὶ</span> <span class='ocrx_word' id='word_1_107' title='bbox 411 1493 758 1562; x_wconf 64' lang='grc' dir='ltr'>πράγμασιν,</span> <span class='ocrx_word' id='word_1_108' title='bbox 791 1491 982 1544; x_wconf 74' lang='grc' dir='ltr'>ἔπειτα</span> <span class='ocrx_word' id='word_1_109' title='bbox 1028 1489 1202 1541; x_wconf 77' lang='grc' dir='ltr'>ταῦτα</span> <span class='ocrx_word' id='word_1_110' title='bbox 1237 1488 1502 1558; x_wconf 72' lang='grc' dir='ltr'>πράττειν</span> <span class='ocrx_word' id='word_1_111' title='bbox 1526 1485 1744 1554; x_wconf 75' lang='grc' dir='ltr'>αἱροῦν-</span> 
     </span>
    </p>
   </div>
   <div class='ocr_carea' id='block_1_17' title="bbox 164 1575 1742 1655">
    <p class='ocr_par' dir='ltr' id='par_1_17' title="bbox 164 1575 1742 1655">
     <span class='ocr_line' id='line_1_17' title="bbox 164 1575 1742 1655; baseline -0.003 -18"><span class='ocrx_word' id='word_1_112' title='bbox 164 1604 283 1646; x_wconf 81' lang='grc' dir='ltr'>ται,</span> <span class='ocrx_word' id='word_1_113' title='bbox 313 1581 386 1654; x_wconf 86' lang='grc' dir='ltr'>ἦν</span> <span class='ocrx_word' id='word_1_114' title='bbox 415 1583 486 1637; x_wconf 63' lang='grc' dir='ltr'><strong>ὃν</strong></span> <span class='ocrx_word' id='word_1_115' title='bbox 533 1601 586 1636; x_wconf 94' lang='grc' dir='ltr'><strong>τι</strong></span> <span class='ocrx_word' id='word_1_116' title='bbox 637 1584 795 1636; x_wconf 82' lang='grc' dir='ltr'>τοῦτο</span> <span class='ocrx_word' id='word_1_117' title='bbox 823 1582 1044 1655; x_wconf 60' lang='grc' dir='ltr'>καῖοὺκ</span> <span class='ocrx_word' id='word_1_118' title='bbox 1076 1581 1142 1633; x_wconf 77' lang='grc' dir='ltr'>ἂν</span> <span class='ocrx_word' id='word_1_119' title='bbox 1182 1580 1311 1640; x_wconf 79' lang='grc' dir='ltr'>[σως</span> <span class='ocrx_word' id='word_1_120' title='bbox 1350 1575 1496 1647; x_wconf 68' lang='grc' dir='ltr'>εἶχον</span> <span class='ocrx_word' id='word_1_121' title='bbox 1546 1577 1742 1632; x_wconf 73' lang='grc' dir='ltr'>αἰτίαν.</span> 
     </span>
    </p>
   </div>
   <div class='ocr_carea' id='block_1_18' title="bbox 164 1670 1743 1745">
    <p class='ocr_par' dir='ltr' id='par_1_18' title="bbox 164 1670 1743 1745">
     <span class='ocr_line' id='line_1_18' title="bbox 164 1670 1743 1745; baseline -0.006 -16"><span class='ocrx_word' id='word_1_122' title='bbox 164 1678 229 1729; x_wconf 79' lang='lat' dir='ltr'><strong>Ei.</strong></span> <span class='ocrx_word' id='word_1_123' title='bbox 259 1676 304 1728; x_wconf 80' lang='grc' dir='ltr'>δ’</span> <span class='ocrx_word' id='word_1_124' title='bbox 340 1675 550 1745; x_wconf 64' lang='grc' dir='ltr'>ἴσχουσι</span> <span class='ocrx_word' id='word_1_125' title='bbox 587 1675 686 1744; x_wconf 84' lang='grc' dir='ltr'>μὲν</span> <span class='ocrx_word' id='word_1_126' title='bbox 737 1675 889 1743; x_wconf 76' lang='grc' dir='ltr'>παρὰ</span> <span class='ocrx_word' id='word_1_127' title='bbox 931 1673 1196 1743; x_wconf 84' lang='grc' dir='ltr'>βασιλέως</span> <span class='ocrx_word' id='word_1_128' title='bbox 1237 1673 1332 1725; x_wconf 78' lang='grc' dir='ltr'><strong>ἐάν</strong></span> <span class='ocrx_word' id='word_1_129' title='bbox 1371 1688 1429 1723; x_wconf 79' lang='grc' dir='ltr'><strong>τε</strong></span> <span class='ocrx_word' id='word_1_130' title='bbox 1460 1670 1743 1738; x_wconf 79' lang='grc' dir='ltr'><strong>πολεμῶσι</strong></span> 
     </span>
    </p>
   </div>
   <div class='ocr_carea' id='block_1_19' title="bbox 1857 584 1960 625">
    <p class='ocr_par' dir='ltr' id='par_1_19' title="bbox 1857 584 1960 625">
     <span class='ocr_line' id='line_1_19' title="bbox 1857 584 1960 625; baseline 0 0"><span class='ocrx_word' id='word_1_131' title='bbox 1857 584 1960 625; x_wconf 76' lang='grc' dir='ltr'><strong>ει.</strong></span> 
     </span>
    </p>
   </div>
   <div class='ocr_carea' id='block_1_20' title="bbox 1925 1111 3427 1187">
    <p class='ocr_par' dir='ltr' id='par_1_20' title="bbox 1925 1111 3427 1187">
     <span class='ocr_line' id='line_1_20' title="bbox 1925 1111 3427 1187; baseline -0.001 -21"><span class='ocrx_word' id='word_1_132' title='bbox 1925 1113 2009 1167; x_wconf 75' lang='grc'><strong>10.</strong></span> <span class='ocrx_word' id='word_1_133' title='bbox 2047 1115 2194 1170; x_wconf 88' lang='lat' dir='ltr'><strong>Scitu</strong></span> <span class='ocrx_word' id='word_1_134' title='bbox 2233 1131 2398 1185; x_wconf 90' lang='lat' dir='ltr'><strong>porro</strong></span> <span class='ocrx_word' id='word_1_135' title='bbox 2425 1116 2648 1187; x_wconf 75' lang='lat' dir='ltr'><strong>dignum</strong></span> <span class='ocrx_word' id='word_1_136' title='bbox 2671 1123 2754 1167; x_wconf 82' lang='lat' dir='ltr'><strong>est</strong></span> <span class='ocrx_word' id='word_1_137' title='bbox 2779 1111 2923 1182; x_wconf 84' lang='lat' dir='ltr'><strong>quod</strong></span> <span class='ocrx_word' id='word_1_138' title='bbox 2968 1112 3000 1164; x_wconf 89' lang='lat' dir='ltr'><strong>ii</strong></span> <span class='ocrx_word' id='word_1_139' title='bbox 3028 1111 3118 1181; x_wconf 89' lang='lat' dir='ltr'><strong>qui</strong></span> <span class='ocrx_word' id='word_1_140' title='bbox 3180 1127 3276 1166; x_wconf 82' lang='lat' dir='ltr'><strong>vos</strong></span> <span class='ocrx_word' id='word_1_141' title='bbox 3329 1126 3427 1180; x_wconf 79' lang='lat' dir='ltr'><strong>ag-</strong></span> 
     </span>
    </p>
   </div>
   <div class='ocr_carea' id='block_1_21' title="bbox 1849 1223 3429 1293">
    <p class='ocr_par' dir='ltr' id='par_1_21' title="bbox 1849 1223 3429 1293">
     <span class='ocr_line' id='line_1_21' title="bbox 1849 1223 3429 1293; baseline 0.001 -19"><span class='ocrx_word' id='word_1_142' title='bbox 1849 1223 2176 1292; x_wconf 74' lang='lat' dir='ltr'><strong>grediuntur</strong></span> <span class='ocrx_word' id='word_1_143' title='bbox 2231 1242 2338 1279; x_wconf 89' lang='lat' dir='ltr'><strong>non</strong></span> <span class='ocrx_word' id='word_1_144' title='bbox 2367 1226 2675 1279; x_wconf 77' lang='lat' dir='ltr'><strong>mercedem</strong></span> <span class='ocrx_word' id='word_1_145' title='bbox 2737 1223 3033 1293; x_wconf 82' lang='lat' dir='ltr'><strong>aliquando</strong></span> <span class='ocrx_word' id='word_1_146' title='bbox 3067 1223 3285 1288; x_wconf 82' lang='lat' dir='ltr'><strong>ferunt;</strong></span> <span class='ocrx_word' id='word_1_147' title='bbox 3334 1231 3429 1276; x_wconf 81' lang='lat' dir='ltr'><strong>aut</strong></span> 
     </span>
    </p>
   </div>
   <div class='ocr_carea' id='block_1_22' title="bbox 1849 1336 3426 1409">
    <p class='ocr_par' dir='ltr' id='par_1_22' title="bbox 1849 1336 3426 1409">
     <span class='ocr_line' id='line_1_22' title="bbox 1849 1336 3426 1409; baseline 0.002 -20"><span class='ocrx_word' id='word_1_148' title='bbox 1849 1336 1893 1389; x_wconf 87' lang='lat' dir='ltr'><strong>si</strong></span> <span class='ocrx_word' id='word_1_149' title='bbox 1941 1337 2143 1398; x_wconf 82' lang='lat' dir='ltr'><strong>ferunt,</strong></span> <span class='ocrx_word' id='word_1_150' title='bbox 2172 1356 2279 1392; x_wconf 92' lang='lat' dir='ltr'><strong>non</strong></span> <span class='ocrx_word' id='word_1_151' title='bbox 2313 1355 2650 1409; x_wconf 84' lang='lat' dir='ltr'><strong>congruam;</strong></span> <span class='ocrx_word' id='word_1_152' title='bbox 2698 1350 2791 1393; x_wconf 81' lang='lat' dir='ltr'><strong>aut</strong></span> <span class='ocrx_word' id='word_1_153' title='bbox 2849 1340 2893 1392; x_wconf 82' lang='lat' dir='ltr'><strong>si</strong></span> <span class='ocrx_word' id='word_1_154' title='bbox 2942 1353 3264 1407; x_wconf 76' lang='lat' dir='ltr'><strong>congruam,</strong></span> <span class='ocrx_word' id='word_1_155' title='bbox 3315 1353 3426 1392; x_wconf 89' lang='lat' dir='ltr'><strong>non</strong></span> 
     </span>
    </p>
   </div>
   <div class='ocr_carea' id='block_1_23' title="bbox 1847 1446 3426 1519">
    <p class='ocr_par' dir='ltr' id='par_1_23' title="bbox 1847 1446 3426 1519">
     <span class='ocr_line' id='line_1_23' title="bbox 1847 1446 3426 1519; baseline 0.004 -21"><span class='ocrx_word' id='word_1_156' title='bbox 1847 1460 2086 1515; x_wconf 84' lang='lat' dir='ltr'><strong>semper.</strong></span> <span class='ocrx_word' id='word_1_157' title='bbox 2121 1446 2524 1504; x_wconf 75' lang='lat' dir='ltr'><strong>Tantummodo</strong></span> <span class='ocrx_word' id='word_1_158' title='bbox 2550 1450 2693 1504; x_wconf 89' lang='lat' dir='ltr'><strong>inter</strong></span> <span class='ocrx_word' id='word_1_159' title='bbox 2719 1449 2858 1504; x_wconf 89' lang='lat' dir='ltr'><strong>bella</strong></span> <span class='ocrx_word' id='word_1_160' title='bbox 2886 1465 2984 1519; x_wconf 87' lang='lat' dir='ltr'><strong>pro</strong></span> <span class='ocrx_word' id='word_1_161' title='bbox 3014 1449 3173 1502; x_wconf 89' lang='lat' dir='ltr'><strong>libitu</strong></span> <span class='ocrx_word' id='word_1_162' title='bbox 3203 1460 3259 1504; x_wconf 84' lang='lat' dir='ltr'><strong>et</strong></span> <span class='ocrx_word' id='word_1_163' title='bbox 3289 1465 3426 1519; x_wconf 81' lang='lat' dir='ltr'><strong>qua-</strong></span> 
     </span>
    </p>
   </div>
   <div class='ocr_carea' id='block_1_24' title="bbox 1846 1560 3490 1644">
    <p class='ocr_par' dir='ltr' id='par_1_24' title="bbox 1846 1560 3427 1626">
     <span class='ocr_line' id='line_1_24' title="bbox 1846 1560 3427 1626; baseline 0.005 -17"><span class='ocrx_word' id='word_1_164' title='bbox 1846 1571 2061 1626; x_wconf 92' lang='lat' dir='ltr'><strong>cunque</strong></span> <span class='ocrx_word' id='word_1_165' title='bbox 2084 1574 2149 1612; x_wconf 79' lang='lat' dir='ltr'><strong>ex</strong></span> <span class='ocrx_word' id='word_1_166' title='bbox 2173 1575 2336 1613; x_wconf 88' lang='lat' dir='ltr'><strong>causa</strong></span> <span class='ocrx_word' id='word_1_167' title='bbox 2365 1561 2542 1614; x_wconf 81' lang='lat' dir='ltr'><strong>facere</strong></span> <span class='ocrx_word' id='word_1_168' title='bbox 2561 1561 2785 1615; x_wconf 89' lang='lat' dir='ltr'><strong>audent.</strong></span> <span class='ocrx_word' id='word_1_169' title='bbox 2821 1560 2874 1616; x_wconf 91' lang='lat' dir='ltr'><strong>Si</strong></span> <span class='ocrx_word' id='word_1_170' title='bbox 2903 1562 3051 1615; x_wconf 90' lang='lat' dir='ltr'><strong>enim</strong></span> <span class='ocrx_word' id='word_1_171' title='bbox 3080 1561 3134 1614; x_wconf 91' lang='lat' dir='ltr'><strong>in</strong></span> <span class='ocrx_word' id='word_1_172' title='bbox 3159 1561 3301 1616; x_wconf 90' lang='lat' dir='ltr'><strong>bello</strong></span> <span class='ocrx_word' id='word_1_173' title='bbox 3330 1572 3427 1618; x_wconf 87' lang='lat' dir='ltr'><strong>aut</strong></span> 
     </span>
    </p>
   </div>
   <div class='ocr_carea' id='block_1_25' title="bbox 1850 1668 3412 1743">
    <p class='ocr_par' dir='ltr' id='par_1_25' title="bbox 1850 1668 3412 1743">
     <span class='ocr_line' id='line_1_25' title="bbox 1850 1668 3412 1743; baseline 0.003 -23"><span class='ocrx_word' id='word_1_174' title='bbox 1850 1668 1901 1720; x_wconf 90' lang='lat' dir='ltr'><strong>in</strong></span> <span class='ocrx_word' id='word_1_175' title='bbox 1933 1685 2066 1737; x_wconf 82' lang='lat' dir='ltr'><strong>pace</strong></span> <span class='ocrx_word' id='word_1_176' title='bbox 2100 1671 2240 1724; x_wconf 88' lang='lat' dir='ltr'><strong>ultra</strong></span> <span class='ocrx_word' id='word_1_177' title='bbox 2271 1672 2415 1740; x_wconf 89' lang='lat' dir='ltr'><strong>quod</strong></span> <span class='ocrx_word' id='word_1_178' title='bbox 2456 1684 2737 1728; x_wconf 80' lang='lat' dir='ltr'><strong>merentur</strong></span> <span class='ocrx_word' id='word_1_179' title='bbox 2773 1674 2864 1726; x_wconf 90' lang='lat' dir='ltr'><strong>alii</strong></span> <span class='ocrx_word' id='word_1_180' title='bbox 2896 1689 2926 1726; x_wconf 89' lang='lat' dir='ltr'><strong>a</strong></span> <span class='ocrx_word' id='word_1_181' title='bbox 2956 1688 3083 1743; x_wconf 74' lang='lat' dir='ltr'><strong>rege</strong></span> <span class='ocrx_word' id='word_1_182' title='bbox 3110 1673 3412 1736; x_wconf 87' lang='lat' dir='ltr'><strong>domicilia,</strong></span> 
     </span>
    </p>
   </div>
   <div class='ocr_carea' id='block_1_26' title="bbox 165 1764 1836 1880">
    <p class='ocr_par' dir='ltr' id='par_1_26' title="bbox 165 1764 1826 1880">
     <span class='ocr_line' id='line_1_26' title="bbox 165 1764 1826 1880; baseline -0.004 -60"><span class='ocrx_word' id='word_1_183' title='bbox 165 1769 262 1821; x_wconf 68' lang='lat' dir='ltr'><strong>éiv</strong></span> <span class='ocrx_word' id='word_1_184' title='bbox 286 1786 352 1822; x_wconf 70' lang='grc' dir='ltr'>τι</span> <span class='ocrx_word' id='word_1_185' title='bbox 385 1770 482 1837; x_wconf 85' lang='grc' dir='ltr'>μὴ,</span> <span class='ocrx_word' id='word_1_186' title='bbox 526 1767 702 1837; x_wconf 77' lang='grc' dir='ltr'>πολλῷ</span> <span class='ocrx_word' id='word_1_187' title='bbox 735 1767 955 1836; x_wconf 78' lang='grc' dir='ltr'>μείζους</span> <span class='ocrx_word' id='word_1_188' title='bbox 980 1767 1091 1821; x_wconf 86' lang='grc' dir='ltr'><strong>τῶν</strong></span> <span class='ocrx_word' id='word_1_189' title='bbox 1117 1765 1319 1828; x_wconf 89' lang='grc' dir='ltr'>πόνων,</span> <span class='ocrx_word' id='word_1_190' title='bbox 1356 1765 1406 1817; x_wconf 81' lang='grc' dir='ltr'><strong>οῖ</strong></span> <span class='ocrx_word' id='word_1_191' title='bbox 1431 1764 1531 1833; x_wconf 84' lang='grc' dir='ltr'>μὲν</span> <span class='ocrx_word' id='word_1_192' title='bbox 1563 1781 1742 1816; x_wconf 86' lang='grc' dir='ltr'>συνοι-</span> <span class='ocrx_word' id='word_1_193' title='bbox 1778 1821 1826 1880; x_wconf 67' lang='grc' dir='ltr'><strong>Β</strong></span> 
     </span>
     <span class='ocr_line' id='line_1_27' title="bbox 168 1857 1709 1880; baseline 0 0"><span class='ocrx_word' id='word_1_194' title='bbox 277 1878 291 1880; x_wconf 72' lang='lat'><strong><em>_</em></strong></span> <span class='ocrx_word' id='word_1_195' title='bbox 323 1861 411 1880; x_wconf 38' lang='grc' dir='ltr'><strong>ωε</strong></span> <span class='ocrx_word' id='word_1_196' title='bbox 632 1878 644 1880; x_wconf 91' lang='lat'>_</span> <span class='ocrx_word' id='word_1_197' title='bbox 683 1862 769 1880; x_wconf 44' lang='grc' dir='ltr'><strong>ηηι</strong></span> <span class='ocrx_word' id='word_1_198' title='bbox 814 1862 853 1880; x_wconf 54' lang='grc' dir='ltr'><strong>,η</strong></span> <span class='ocrx_word' id='word_1_199' title='bbox 881 1860 1117 1880; x_wconf 50' lang='lat' dir='ltr'><strong>._L,_._</strong></span> <span class='ocrx_word' id='word_1_200' title='bbox 1176 1859 1217 1880; x_wconf 77' lang='lat'><strong>_.</strong></span> <span class='ocrx_word' id='word_1_201' title='bbox 1249 1858 1290 1880; x_wconf 72' lang='grc' dir='ltr'><strong>ν</strong></span> <span class='ocrx_word' id='word_1_202' title='bbox 1325 1857 1601 1880; x_wconf 72' lang='grc' dir='ltr'><strong>ι..--ι--.-</strong></span> <span class='ocrx_word' id='word_1_203' title='bbox 1628 1857 1709 1880; x_wconf 77' lang='grc' dir='ltr'><strong>ι..</strong></span> 
     </span>
    </p>
   </div>
   <div class='ocr_carea' id='block_1_27' title="bbox 1753 1764 3424 1880">
    <p class='ocr_par' dir='ltr' id='par_1_27' title="bbox 1778 1784 3424 1880">
     <span class='ocr_line' id='line_1_28' title="bbox 1778 1784 3424 1880; baseline 0.003 -46"><span class='ocrx_word' id='word_1_204' title='bbox 1778 1821 1826 1880; x_wconf 68' lang='grc' dir='ltr'><strong>Β</strong></span> <span class='ocrx_word' id='word_1_205' title='bbox 1856 1797 2038 1851; x_wconf 78' lang='lat' dir='ltr'><strong>agros,</strong></span> <span class='ocrx_word' id='word_1_206' title='bbox 2071 1798 2257 1838; x_wconf 85' lang='lat' dir='ltr'><strong>servos</strong></span> <span class='ocrx_word' id='word_1_207' title='bbox 2280 1784 2567 1850; x_wconf 88' lang='lat' dir='ltr'><strong>obtinent;</strong></span> <span class='ocrx_word' id='word_1_208' title='bbox 2604 1786 2697 1838; x_wconf 90' lang='lat' dir='ltr'><strong>alii</strong></span> <span class='ocrx_word' id='word_1_209' title='bbox 2723 1786 2969 1854; x_wconf 67' lang='lat' dir='ltr'><strong>pecunia</strong></span> <span class='ocrx_word' id='word_1_210' title='bbox 2996 1801 3265 1839; x_wconf 79' lang='lat' dir='ltr'><strong>summam</strong></span> <span class='ocrx_word' id='word_1_211' title='bbox 3327 1800 3424 1839; x_wconf 80' lang='lat' dir='ltr'><strong>an-</strong></span> 
     </span>
    </p>
   </div>
   <div class='ocr_carea' id='block_1_28' title="bbox 165 1857 1746 1930">
    <p class='ocr_par' dir='ltr' id='par_1_28' title="bbox 165 1857 1746 1930">
     <span class='ocr_line' id='line_1_29' title="bbox 165 1857 1746 1930; baseline -0.004 -18"><span class='ocrx_word' id='word_1_212' title='bbox 165 1861 293 1924; x_wconf 68' lang='grc' dir='ltr'>κίες</span> <span class='ocrx_word' id='word_1_213' title='bbox 320 1861 418 1913; x_wconf 68' lang='grc' dir='ltr'>καὶ</span> <span class='ocrx_word' id='word_1_214' title='bbox 441 1862 646 1928; x_wconf 81' lang='grc' dir='ltr'>ἀγροὺς</span> <span class='ocrx_word' id='word_1_215' title='bbox 681 1862 775 1914; x_wconf 77' lang='grc' dir='ltr'><strong>καὶ</strong></span> <span class='ocrx_word' id='word_1_216' title='bbox 808 1860 1145 1930; x_wconf 77' lang='grc' dir='ltr'>ἀνδράποδα,</span> <span class='ocrx_word' id='word_1_217' title='bbox 1169 1859 1221 1912; x_wconf 79' lang='grc' dir='ltr'><strong>οῖ</strong></span> <span class='ocrx_word' id='word_1_218' title='bbox 1244 1858 1290 1912; x_wconf 83' lang='grc' dir='ltr'>δ’</span> <span class='ocrx_word' id='word_1_219' title='bbox 1322 1857 1601 1919; x_wconf 78' lang='grc' dir='ltr'>ἐπετείους</span> <span class='ocrx_word' id='word_1_220' title='bbox 1626 1857 1746 1908; x_wconf 83' lang='grc' dir='ltr'><strong>ὲπι-</strong></span> 
     </span>
    </p>
   </div>
   <div class='ocr_carea' id='block_1_29' title="bbox 161 1947 1746 2020">
    <p class='ocr_par' dir='ltr' id='par_1_29' title="bbox 161 1947 1746 2020">
     <span class='ocr_line' id='line_1_30' title="bbox 161 1947 1746 2020; baseline -0.003 -17"><span class='ocrx_word' id='word_1_221' title='bbox 161 1952 346 2014; x_wconf 61' lang='grc' dir='ltr'>υβεις</span> <span class='ocrx_word' id='word_1_222' title='bbox 396 1952 715 2020; x_wconf 69' lang='grc' dir='ltr'>χρημάτων,</span> <span class='ocrx_word' id='word_1_223' title='bbox 750 1953 985 2018; x_wconf 79' lang='grc' dir='ltr'>πόλεμος</span> <span class='ocrx_word' id='word_1_224' title='bbox 1032 1952 1090 2004; x_wconf 79' lang='grc' dir='ltr'>δὲ</span> <span class='ocrx_word' id='word_1_225' title='bbox 1145 1951 1243 2003; x_wconf 81' lang='grc' dir='ltr'>καὶ</span> <span class='ocrx_word' id='word_1_226' title='bbox 1301 1951 1494 2020; x_wconf 71' lang='grc' dir='ltr'><strong>εἰρήνη</strong></span> <span class='ocrx_word' id='word_1_227' title='bbox 1543 1947 1746 2001; x_wconf 81' lang='grc' dir='ltr'>ταυτὸν</span> 
     </span>
    </p>
   </div>
   <div class='ocr_carea' id='block_1_30' title="bbox 169 2040 1746 2115">
    <p class='ocr_par' dir='ltr' id='par_1_30' title="bbox 169 2040 1746 2115">
     <span class='ocr_line' id='line_1_31' title="bbox 169 2040 1746 2115; baseline -0.004 -18"><span class='ocrx_word' id='word_1_228' title='bbox 169 2045 359 2106; x_wconf 80' lang='grc' dir='ltr'>αὐτοῖς</span> <span class='ocrx_word' id='word_1_229' title='bbox 403 2046 542 2110; x_wconf 65' lang='grc' dir='ltr'>προς</span> <span class='ocrx_word' id='word_1_230' title='bbox 580 2047 640 2098; x_wconf 85' lang='grc' dir='ltr'>τὸ</span> <span class='ocrx_word' id='word_1_231' title='bbox 669 2045 822 2098; x_wconf 81' lang='grc' dir='ltr'>ταῦτ’</span> <span class='ocrx_word' id='word_1_232' title='bbox 857 2047 1000 2115; x_wconf 82' lang='grc' dir='ltr'>ἔχειν</span> <span class='ocrx_word' id='word_1_233' title='bbox 1034 2044 1331 2111; x_wconf 79' lang='grc' dir='ltr'>λαμϐάνειν</span> <span class='ocrx_word' id='word_1_234' title='bbox 1385 2044 1662 2103; x_wconf 73' lang='grc' dir='ltr'>δύνανται,</span> <span class='ocrx_word' id='word_1_235' title='bbox 1697 2040 1746 2091; x_wconf 87' lang='grc' dir='ltr'><strong>τί</strong></span> 
     </span>
    </p>
   </div>
   <div class='ocr_carea' id='block_1_31' title="bbox 170 2135 1746 2207">
    <p class='ocr_par' dir='ltr' id='par_1_31' title="bbox 170 2135 1746 2207">
     <span class='ocr_line' id='line_1_32' title="bbox 170 2135 1746 2207; baseline -0.003 -17"><span class='ocrx_word' id='word_1_236' title='bbox 170 2138 440 2205; x_wconf 73' lang='grc' dir='ltr'>ποταμῶν</span> <span class='ocrx_word' id='word_1_237' title='bbox 471 2140 604 2202; x_wconf 63' lang='grc' dir='ltr'>ἅλω,</span> <span class='ocrx_word' id='word_1_238' title='bbox 633 2139 840 2206; x_wconf 74' lang='grc' dir='ltr'>καὶτῆς</span> <span class='ocrx_word' id='word_1_239' title='bbox 873 2139 1006 2206; x_wconf 64' lang='grc' dir='ltr'>πρὸς</span> <span class='ocrx_word' id='word_1_240' title='bbox 1030 2139 1169 2207; x_wconf 83' lang='grc' dir='ltr'>ὑμᾶς</span> <span class='ocrx_word' id='word_1_241' title='bbox 1197 2138 1373 2190; x_wconf 82' lang='grc' dir='ltr'>αὐτῶν</span> <span class='ocrx_word' id='word_1_242' title='bbox 1403 2135 1746 2204; x_wconf 77' lang='grc' dir='ltr'><strong>ὑποσχέσεως</strong></span> 
     </span>
    </p>
   </div>
   <div class='ocr_carea' id='block_1_32' title="bbox 171 2229 1748 2300">
    <p class='ocr_par' dir='ltr' id='par_1_32' title="bbox 171 2229 1748 2300">
     <span class='ocr_line' id='line_1_33' title="bbox 171 2229 1748 2300; baseline -0.003 -18"><span class='ocrx_word' id='word_1_243' title='bbox 171 2231 322 2282; x_wconf 74' lang='grc' dir='ltr'>οὕτω</span> <span class='ocrx_word' id='word_1_244' title='bbox 353 2230 752 2300; x_wconf 66' lang='grc' dir='ltr'>Θρασύνονταιξς</span> <span class='ocrx_word' id='word_1_245' title='bbox 781 2231 837 2282; x_wconf 85' lang='grc' dir='ltr'><strong>οῖ</strong></span> <span class='ocrx_word' id='word_1_246' title='bbox 858 2247 921 2298; x_wconf 80' lang='grc' dir='ltr'>γε</span> <span class='ocrx_word' id='word_1_247' title='bbox 963 2231 1057 2282; x_wconf 68' lang='grc' dir='ltr'><strong>κοιλ⁸</strong></span> <span class='ocrx_word' id='word_1_248' title='bbox 1081 2233 1226 2292; x_wconf 80' lang='grc' dir='ltr'>ὅπως</span> <span class='ocrx_word' id='word_1_249' title='bbox 1256 2233 1311 2281; x_wconf 85' lang='grc' dir='ltr'><strong>ὲν</strong></span> <span class='ocrx_word' id='word_1_250' title='bbox 1335 2229 1590 2297; x_wconf 82' lang='grc' dir='ltr'>πολέμοις</span> <span class='ocrx_word' id='word_1_251' title='bbox 1613 2244 1748 2296; x_wconf 84' lang='grc' dir='ltr'>κρα-</span> 
     </span>
    </p>
   </div>
   <div class='ocr_carea' id='block_1_33' title="bbox 170 2316 1748 2389">
    <p class='ocr_par' dir='ltr' id='par_1_33' title="bbox 170 2316 1748 2389">
     <span class='ocr_line' id='line_1_34' title="bbox 170 2316 1748 2389; baseline -0.003 -20"><span class='ocrx_word' id='word_1_252' title='bbox 170 2321 317 2370; x_wconf 86' lang='grc' dir='ltr'>τοῖεν</span> <span class='ocrx_word' id='word_1_253' title='bbox 347 2320 447 2371; x_wconf 71' lang='grc' dir='ltr'>καὶ</span> <span class='ocrx_word' id='word_1_254' title='bbox 476 2319 878 2389; x_wconf 60' lang='grc' dir='ltr'>περιγίγνοιντο</span> <span class='ocrx_word' id='word_1_255' title='bbox 911 2318 1018 2370; x_wconf 91' lang='grc' dir='ltr'><strong>τῶν</strong></span> <span class='ocrx_word' id='word_1_256' title='bbox 1050 2318 1286 2387; x_wconf 83' lang='grc' dir='ltr'><strong>ἐχθρῶν,</strong></span> <span class='ocrx_word' id='word_1_257' title='bbox 1313 2318 1410 2370; x_wconf 70' lang='grc' dir='ltr'><strong>καὶ</strong></span> <span class='ocrx_word' id='word_1_258' title='bbox 1439 2317 1595 2370; x_wconf 75' lang='grc' dir='ltr'>αὐτοὶ</span> <span class='ocrx_word' id='word_1_259' title='bbox 1625 2316 1748 2384; x_wconf 86' lang='grc' dir='ltr'>σφί-</span> 
     </span>
    </p>
   </div>
   <div class='ocr_carea' id='block_1_34' title="bbox 173 2405 1747 2482">
    <p class='ocr_par' dir='ltr' id='par_1_34' title="bbox 173 2405 1747 2482">
     <span class='ocr_line' id='line_1_35' title="bbox 173 2405 1747 2482; baseline -0.003 -18"><span class='ocrx_word' id='word_1_260' title='bbox 173 2429 258 2464; x_wconf 92' lang='grc' dir='ltr'><strong>σιν</strong></span> <span class='ocrx_word' id='word_1_261' title='bbox 283 2414 496 2475; x_wconf 81' lang='grc' dir='ltr'>αὐτοῖς,</span> <span class='ocrx_word' id='word_1_262' title='bbox 526 2414 618 2465; x_wconf 78' lang='grc' dir='ltr'><strong>καὶ</strong></span> <span class='ocrx_word' id='word_1_263' title='bbox 652 2413 810 2480; x_wconf 81' lang='grc' dir='ltr'>ὑμεῖς</span> <span class='ocrx_word' id='word_1_264' title='bbox 839 2409 996 2465; x_wconf 82' lang='grc' dir='ltr'>ταῦτ’</span> <span class='ocrx_word' id='word_1_265' title='bbox 1026 2412 1176 2464; x_wconf 78' lang='grc' dir='ltr'>οὐδὲν</span> <span class='ocrx_word' id='word_1_266' title='bbox 1201 2405 1364 2482; x_wconf 83' lang='grc' dir='ltr'>ἦττον</span> <span class='ocrx_word' id='word_1_267' title='bbox 1394 2409 1747 2479; x_wconf 69' lang='grc' dir='ltr'>συνευχόμεθ*</span> 
     </span>
    </p>
   </div>
   <div class='ocr_carea' id='block_1_35' title="bbox 172 2502 1750 2572">
    <p class='ocr_par' dir='ltr' id='par_1_35' title="bbox 172 2502 1750 2572">
     <span class='ocr_line' id='line_1_36' title="bbox 172 2502 1750 2572; baseline -0.002 -15"><span class='ocrx_word' id='word_1_268' title='bbox 172 2505 383 2566; x_wconf 79' lang='grc' dir='ltr'>αὐτοῖς.</span> <span class='ocrx_word' id='word_1_269' title='bbox 415 2504 512 2558; x_wconf 81' lang='grc' dir='ltr'>ἇτε</span> <span class='ocrx_word' id='word_1_270' title='bbox 551 2503 732 2557; x_wconf 78' lang='grc' dir='ltr'>κοινοῦ</span> <span class='ocrx_word' id='word_1_271' title='bbox 761 2504 854 2556; x_wconf 86' lang='grc' dir='ltr'>τοῦ</span> <span class='ocrx_word' id='word_1_272' title='bbox 892 2503 1101 2572; x_wconf 79' lang='grc' dir='ltr'>ἀγῶνος</span> <span class='ocrx_word' id='word_1_273' title='bbox 1131 2503 1283 2566; x_wconf 72' lang='grc' dir='ltr'>ὄντος</span> <span class='ocrx_word' id='word_1_274' title='bbox 1307 2519 1320 2534; x_wconf 78' lang='grc'><strong><em>⁸</em></strong></span> <span class='ocrx_word' id='word_1_275' title='bbox 1357 2503 1435 2571; x_wconf 84' lang='grc' dir='ltr'>τῷ</span> <span class='ocrx_word' id='word_1_276' title='bbox 1467 2502 1511 2556; x_wconf 87' lang='grc' dir='ltr'>δ’</span> <span class='ocrx_word' id='word_1_277' title='bbox 1539 2502 1750 2554; x_wconf 78' lang='grc' dir='ltr'><strong>ἀδικεῖν</strong></span> 
     </span>
    </p>
   </div>
   <div class='ocr_carea' id='block_1_36' title="bbox 173 2597 1753 2668">
    <p class='ocr_par' dir='ltr' id='par_1_36' title="bbox 173 2597 1753 2668">
     <span class='ocr_line' id='line_1_37' title="bbox 173 2597 1753 2668; baseline -0.002 -17"><span class='ocrx_word' id='word_1_278' title='bbox 173 2599 385 2652; x_wconf 71' lang='grc' dir='ltr'>ἐθέλειν</span> <span class='ocrx_word' id='word_1_279' title='bbox 413 2601 509 2650; x_wconf 73' lang='grc' dir='ltr'><strong>καὶ</strong></span> <span class='ocrx_word' id='word_1_280' title='bbox 535 2598 623 2668; x_wconf 74' lang='grc' dir='ltr'><strong>βία</strong></span> <span class='ocrx_word' id='word_1_281' title='bbox 658 2597 986 2668; x_wconf 81' lang='grc' dir='ltr'>κεχρῆσθαι.</span> <span class='ocrx_word' id='word_1_282' title='bbox 1033 2600 1132 2650; x_wconf 79' lang='grc' dir='ltr'><strong>καὶ</strong></span> <span class='ocrx_word' id='word_1_283' title='bbox 1168 2601 1281 2659; x_wconf 89' lang='grc' dir='ltr'>τοῖς</span> <span class='ocrx_word' id='word_1_284' title='bbox 1318 2597 1468 2660; x_wconf 73' lang='grc' dir='ltr'>ἰδίοις</span> <span class='ocrx_word' id='word_1_285' title='bbox 1495 2600 1568 2658; x_wconf 84' lang='grc' dir='ltr'>ὡς</span> <span class='ocrx_word' id='word_1_286' title='bbox 1598 2598 1753 2649; x_wconf 81' lang='grc' dir='ltr'>ἁλλο-</span> 
     </span>
    </p>
   </div>
   <div class='ocr_carea' id='block_1_37' title="bbox 173 2689 1749 2761">
    <p class='ocr_par' dir='ltr' id='par_1_37' title="bbox 173 2689 1749 2761">
     <span class='ocr_line' id='line_1_38' title="bbox 173 2689 1749 2761; baseline -0.002 -19"><span class='ocrx_word' id='word_1_287' title='bbox 173 2693 350 2760; x_wconf 77' lang='grc' dir='ltr'>τρίοις</span> <span class='ocrx_word' id='word_1_288' title='bbox 403 2690 659 2758; x_wconf 70' lang='grc' dir='ltr'>καθάπερ</span> <span class='ocrx_word' id='word_1_289' title='bbox 710 2692 768 2742; x_wconf 83' lang='grc' dir='ltr'><strong>ὲν</strong></span> <span class='ocrx_word' id='word_1_290' title='bbox 815 2691 1103 2761; x_wconf 77' lang='grc' dir='ltr'>πολιορκίᾳ</span> <span class='ocrx_word' id='word_1_291' title='bbox 1151 2690 1358 2752; x_wconf 79' lang='grc' dir='ltr'>πόλεως</span> <span class='ocrx_word' id='word_1_292' title='bbox 1387 2689 1749 2750; x_wconf 74' lang='grc' dir='ltr'>ἐπιτίθεσθαι,</span> 
     </span>
    </p>
   </div>
   <div class='ocr_carea' id='block_1_38' title="bbox 168 2780 1754 2851">
    <p class='ocr_par' dir='ltr' id='par_1_38' title="bbox 168 2780 1754 2851">
     <span class='ocr_line' id='line_1_39' title="bbox 168 2780 1754 2851; baseline -0.003 -15"><span class='ocrx_word' id='word_1_293' title='bbox 168 2784 272 2836; x_wconf 71' lang='grc' dir='ltr'><strong>καὶ</strong></span> <span class='ocrx_word' id='word_1_294' title='bbox 297 2783 498 2843; x_wconf 75' lang='grc' dir='ltr'>κακῶς</span> <span class='ocrx_word' id='word_1_295' title='bbox 527 2785 721 2847; x_wconf 81' lang='grc' dir='ltr'>ποιεῖν,</span> <span class='ocrx_word' id='word_1_296' title='bbox 755 2783 1109 2836; x_wconf 74' lang='grc' dir='ltr'><strong>λανθάνουσιν</strong></span> <span class='ocrx_word' id='word_1_297' title='bbox 1131 2784 1190 2836; x_wconf 84' lang='grc' dir='ltr'>οὑ</span> <span class='ocrx_word' id='word_1_298' title='bbox 1227 2783 1387 2851; x_wconf 82' lang='grc' dir='ltr'>μόνον</span> <span class='ocrx_word' id='word_1_299' title='bbox 1413 2781 1507 2845; x_wconf 82' lang='grc' dir='ltr'>οὓς</span> <span class='ocrx_word' id='word_1_300' title='bbox 1536 2780 1754 2834; x_wconf 80' lang='grc' dir='ltr'>ἀδικοῦ-</span> 
     </span>
    </p>
   </div>
   <div class='ocr_carea' id='block_1_39' title="bbox 177 2874 1754 2942">
    <p class='ocr_par' dir='ltr' id='par_1_39' title="bbox 177 2874 1754 2942">
     <span class='ocr_line' id='line_1_40' title="bbox 177 2874 1754 2942; baseline 0.001 -16"><span class='ocrx_word' id='word_1_301' title='bbox 177 2891 254 2936; x_wconf 92' lang='grc' dir='ltr'><strong>σι,</strong></span> <span class='ocrx_word' id='word_1_302' title='bbox 293 2874 394 2926; x_wconf 73' lang='grc' dir='ltr'><strong>καὶ</strong></span> <span class='ocrx_word' id='word_1_303' title='bbox 426 2876 653 2942; x_wconf 80' lang='grc' dir='ltr'>προσέτι</span> <span class='ocrx_word' id='word_1_304' title='bbox 676 2877 806 2938; x_wconf 85' lang='grc' dir='ltr'>τοὺς</span> <span class='ocrx_word' id='word_1_305' title='bbox 850 2875 1042 2936; x_wconf 81' lang='grc' dir='ltr'>ἄλλους</span> <span class='ocrx_word' id='word_1_306' title='bbox 1065 2875 1307 2938; x_wconf 74' lang='grc' dir='ltr'>ἅπαντας</span> <span class='ocrx_word' id='word_1_307' title='bbox 1326 2875 1393 2927; x_wconf 86' lang='grc' dir='ltr'>δι’</span> <span class='ocrx_word' id='word_1_308' title='bbox 1417 2875 1614 2936; x_wconf 81' lang='grc' dir='ltr'>αὐτοὺς</span> <span class='ocrx_word' id='word_1_309' title='bbox 1644 2889 1754 2928; x_wconf 77' lang='grc' dir='ltr'><strong>πα-</strong></span> 
     </span>
    </p>
   </div>
   <div class='ocr_carea' id='block_1_40' title="bbox 179 2967 1752 3036">
    <p class='ocr_par' dir='ltr' id='par_1_40' title="bbox 179 2967 1752 3036">
     <span class='ocr_line' id='line_1_41' title="bbox 179 2967 1752 3036; baseline 0.003 -19"><span class='ocrx_word' id='word_1_310' title='bbox 179 2967 619 3036; x_wconf 70' lang='grc' dir='ltr'>ρασκευάζοντες</span> <span class='ocrx_word' id='word_1_311' title='bbox 667 2967 844 3036; x_wconf 86' lang='grc' dir='ltr'>δήπου</span> <span class='ocrx_word' id='word_1_312' title='bbox 891 2969 960 3021; x_wconf 80' lang='grc' dir='ltr'>τὰ</span> <span class='ocrx_word' id='word_1_313' title='bbox 1021 2970 1198 3022; x_wconf 82' lang='grc' dir='ltr'>πάντα</span> <span class='ocrx_word' id='word_1_314' title='bbox 1255 2969 1518 3021; x_wconf 80' lang='grc' dir='ltr'><strong>δεινότατ’</strong></span> <span class='ocrx_word' id='word_1_315' title='bbox 1566 2968 1752 3030; x_wconf 83' lang='grc' dir='ltr'>αὐτοῖς</span> 
     </span>
    </p>
   </div>
   <div class='ocr_carea' id='block_1_41' title="bbox 177 3059 1751 3130">
    <p class='ocr_par' dir='ltr' id='par_1_41' title="bbox 177 3059 1751 3130">
     <span class='ocr_line' id='line_1_42' title="bbox 177 3059 1751 3130; baseline 0.002 -20"><span class='ocrx_word' id='word_1_316' title='bbox 177 3059 499 3127; x_wconf 77' lang='grc' dir='ltr'>ὲπαρᾶσθαί</span> <span class='ocrx_word' id='word_1_317' title='bbox 530 3076 591 3111; x_wconf 87' lang='grc' dir='ltr'><strong>τε</strong></span> <span class='ocrx_word' id='word_1_318' title='bbox 622 3059 718 3112; x_wconf 77' lang='grc' dir='ltr'>καὶ</span> <span class='ocrx_word' id='word_1_319' title='bbox 761 3060 1122 3130; x_wconf 77' lang='grc' dir='ltr'>κατεύχεσθαι</span> <span class='ocrx_word' id='word_1_320' title='bbox 1142 3075 1159 3092; x_wconf 84' lang='grc'>⁶</span> <span class='ocrx_word' id='word_1_321' title='bbox 1196 3061 1335 3115; x_wconf 80' lang='grc' dir='ltr'><strong>ἀλλὰ</strong></span> <span class='ocrx_word' id='word_1_322' title='bbox 1387 3064 1480 3116; x_wconf 73' lang='grc' dir='ltr'><strong>καὶ</strong></span> <span class='ocrx_word' id='word_1_323' title='bbox 1505 3061 1532 3113; x_wconf 78' lang='grc' dir='ltr'><strong>δ</strong></span> <span class='ocrx_word' id='word_1_324' title='bbox 1558 3062 1751 3115; x_wconf 83' lang='grc' dir='ltr'>τούτου</span> 
     </span>
    </p>
   </div>
   <div class='ocr_carea' id='block_1_42' title="bbox 1853 1885 3425 1968">
    <p class='ocr_par' dir='ltr' id='par_1_42' title="bbox 1853 1885 3425 1968">
     <span class='ocr_line' id='line_1_43' title="bbox 1853 1885 3425 1968; baseline 0.002 -18"><span class='ocrx_word' id='word_1_325' title='bbox 1853 1912 2020 1951; x_wconf 88' lang='lat' dir='ltr'><strong>nuam</strong></span> <span class='ocrx_word' id='word_1_326' title='bbox 2046 1897 2341 1964; x_wconf 88' lang='lat' dir='ltr'><strong>recipiunt,</strong></span> <span class='ocrx_word' id='word_1_327' title='bbox 2378 1897 2582 1951; x_wconf 87' lang='lat' dir='ltr'><strong>bellum</strong></span> <span class='ocrx_word' id='word_1_328' title='bbox 2634 1907 2729 1952; x_wconf 89' lang='lat' dir='ltr'><strong>aut</strong></span> <span class='ocrx_word' id='word_1_329' title='bbox 2784 1915 2883 1967; x_wconf 76' lang='lat' dir='ltr'><strong>pax</strong></span> <span class='ocrx_word' id='word_1_330' title='bbox 2944 1899 3014 1953; x_wconf 85' lang='lat' dir='ltr'><strong>iis</strong></span> <span class='ocrx_word' id='word_1_331' title='bbox 3065 1885 3284 1968; x_wconf 84' lang='lat' dir='ltr'><strong>eripere</strong></span> <span class='ocrx_word' id='word_1_332' title='bbox 3335 1898 3425 1953; x_wconf 85' lang='lat' dir='ltr'><strong>illa</strong></span> 
     </span>
    </p>
   </div>
   <div class='ocr_carea' id='block_1_43' title="bbox 1848 2006 3426 2077">
    <p class='ocr_par' dir='ltr' id='par_1_43' title="bbox 1848 2006 3426 2077">
     <span class='ocr_line' id='line_1_44' title="bbox 1848 2006 3426 2077; baseline 0.003 -18"><span class='ocrx_word' id='word_1_333' title='bbox 1848 2006 2240 2077; x_wconf 71' lang='lat' dir='ltr'><strong>possunt.Quae</strong></span> <span class='ocrx_word' id='word_1_334' title='bbox 2257 2022 2421 2062; x_wconf 85' lang='lat' dir='ltr'><strong>causa</strong></span> <span class='ocrx_word' id='word_1_335' title='bbox 2445 2009 2509 2061; x_wconf 92' lang='lat' dir='ltr'><strong>de</strong></span> <span class='ocrx_word' id='word_1_336' title='bbox 2529 2008 2691 2063; x_wconf 85' lang='lat' dir='ltr'><strong>rebus</strong></span> <span class='ocrx_word' id='word_1_337' title='bbox 2704 2009 2928 2064; x_wconf 87' lang='lat' dir='ltr'><strong>caducis</strong></span> <span class='ocrx_word' id='word_1_338' title='bbox 2949 2010 3339 2077; x_wconf 76' lang='lat' dir='ltr'><strong>superbiendi?</strong></span> <span class='ocrx_word' id='word_1_339' title='bbox 3361 2011 3426 2065; x_wconf 85' lang='lat' dir='ltr'><strong>lli</strong></span> 
     </span>
    </p>
   </div>
   <div class='ocr_carea' id='block_1_44' title="bbox 1848 2119 3424 2191">
    <p class='ocr_par' dir='ltr' id='par_1_44' title="bbox 1848 2119 3424 2191">
     <span class='ocr_line' id='line_1_45' title="bbox 1848 2119 3424 2191; baseline 0.001 -19"><span class='ocrx_word' id='word_1_340' title='bbox 1848 2119 2090 2188; x_wconf 80' lang='lat' dir='ltr'><strong>quidem,</strong></span> <span class='ocrx_word' id='word_1_341' title='bbox 2116 2129 2171 2175; x_wconf 92' lang='lat' dir='ltr'><strong>et</strong></span> <span class='ocrx_word' id='word_1_342' title='bbox 2193 2136 2290 2175; x_wconf 88' lang='lat' dir='ltr'><strong>nos</strong></span> <span class='ocrx_word' id='word_1_343' title='bbox 2324 2136 2444 2175; x_wconf 90' lang='lat' dir='ltr'><strong>cum</strong></span> <span class='ocrx_word' id='word_1_344' title='bbox 2473 2121 2562 2186; x_wconf 90' lang='lat' dir='ltr'><strong>iis,</strong></span> <span class='ocrx_word' id='word_1_345' title='bbox 2595 2129 2719 2174; x_wconf 81' lang='lat' dir='ltr'><strong>vota</strong></span> <span class='ocrx_word' id='word_1_346' title='bbox 2747 2121 2956 2174; x_wconf 78' lang='lat' dir='ltr'><strong>faciunt</strong></span> <span class='ocrx_word' id='word_1_347' title='bbox 2992 2130 3072 2186; x_wconf 89' lang='lat' dir='ltr'><strong>ut,</strong></span> <span class='ocrx_word' id='word_1_348' title='bbox 3096 2137 3254 2191; x_wconf 63' lang='lat' dir='ltr'><strong>aquo</strong></span> <span class='ocrx_word' id='word_1_349' title='bbox 3278 2122 3424 2176; x_wconf 74' lang='lat' dir='ltr'><strong>Mar-</strong></span> 
     </span>
    </p>
   </div>
   <div class='ocr_carea' id='block_1_45' title="bbox 1851 2233 3417 2301">
    <p class='ocr_par' dir='ltr' id='par_1_45' title="bbox 1851 2233 3417 2301">
     <span class='ocr_line' id='line_1_46' title="bbox 1851 2233 3417 2301; baseline -0.001 -15"><span class='ocrx_word' id='word_1_350' title='bbox 1851 2244 1924 2297; x_wconf 88' lang='lat' dir='ltr'><strong>te,</strong></span> <span class='ocrx_word' id='word_1_351' title='bbox 1960 2233 2148 2287; x_wconf 86' lang='lat' dir='ltr'><strong>hostes</strong></span> <span class='ocrx_word' id='word_1_352' title='bbox 2179 2242 2460 2301; x_wconf 89' lang='lat' dir='ltr'><strong>superent.</strong></span> <span class='ocrx_word' id='word_1_353' title='bbox 2502 2233 2606 2288; x_wconf 86' lang='lat' dir='ltr'><strong>Ubi</strong></span> <span class='ocrx_word' id='word_1_354' title='bbox 2633 2244 2815 2286; x_wconf 89' lang='lat' dir='ltr'><strong>autem</strong></span> <span class='ocrx_word' id='word_1_355' title='bbox 2847 2233 2897 2287; x_wconf 81' lang='lat' dir='ltr'><strong>vi</strong></span> <span class='ocrx_word' id='word_1_356' title='bbox 2921 2233 3166 2288; x_wconf 88' lang='lat' dir='ltr'><strong>adhibita</strong></span> <span class='ocrx_word' id='word_1_357' title='bbox 3195 2233 3417 2286; x_wconf 82' lang='lat' dir='ltr'><strong>hostili-</strong></span> 
     </span>
    </p>
   </div>
   <div class='ocr_carea' id='block_1_46' title="bbox 1851 2347 3418 2418">
    <p class='ocr_par' dir='ltr' id='par_1_46' title="bbox 1851 2347 3418 2418">
     <span class='ocr_line' id='line_1_47' title="bbox 1851 2347 3418 2418; baseline 0.002 -19"><span class='ocrx_word' id='word_1_358' title='bbox 1851 2355 1932 2400; x_wconf 86' lang='lat' dir='ltr'><strong>tcr</strong></span> <span class='ocrx_word' id='word_1_359' title='bbox 1961 2348 2193 2417; x_wconf 82' lang='lat' dir='ltr'><strong>agendo,</strong></span> <span class='ocrx_word' id='word_1_360' title='bbox 2231 2360 2290 2401; x_wconf 88' lang='lat' dir='ltr'><strong>ut</strong></span> <span class='ocrx_word' id='word_1_361' title='bbox 2318 2349 2372 2401; x_wconf 91' lang='lat' dir='ltr'><strong>in</strong></span> <span class='ocrx_word' id='word_1_362' title='bbox 2431 2347 2568 2402; x_wconf 89' lang='lat' dir='ltr'><strong>urbe</strong></span> <span class='ocrx_word' id='word_1_363' title='bbox 2616 2347 2860 2412; x_wconf 85' lang='lat' dir='ltr'><strong>obsessa,</strong></span> <span class='ocrx_word' id='word_1_364' title='bbox 2910 2348 3168 2418; x_wconf 82' lang='lat' dir='ltr'><strong>injuriam</strong></span> <span class='ocrx_word' id='word_1_365' title='bbox 3211 2348 3418 2402; x_wconf 77' lang='lat' dir='ltr'><strong>inferre</strong></span> 
     </span>
    </p>
   </div>
   <div class='ocr_carea' id='block_1_47' title="bbox 1850 2462 3414 2532">
    <p class='ocr_par' dir='ltr' id='par_1_47' title="bbox 1850 2462 3414 2532">
     <span class='ocr_line' id='line_1_48' title="bbox 1850 2462 3414 2532; baseline 0.001 -17"><span class='ocrx_word' id='word_1_366' title='bbox 1850 2462 2089 2531; x_wconf 74' lang='lat' dir='ltr'><strong>cogitant</strong></span> <span class='ocrx_word' id='word_1_367' title='bbox 2117 2463 2219 2516; x_wconf 83' lang='lat' dir='ltr'><strong>sibi</strong></span> <span class='ocrx_word' id='word_1_368' title='bbox 2248 2463 2381 2531; x_wconf 88' lang='lat' dir='ltr'><strong>ipsis</strong></span> <span class='ocrx_word' id='word_1_369' title='bbox 2439 2462 2677 2532; x_wconf 76' lang='lat' dir='ltr'><strong>graviter</strong></span> <span class='ocrx_word' id='word_1_370' title='bbox 2710 2463 2946 2528; x_wconf 90' lang='lat' dir='ltr'><strong>obsunt;</strong></span> <span class='ocrx_word' id='word_1_371' title='bbox 2995 2479 3117 2516; x_wconf 89' lang='lat' dir='ltr'><strong>nam</strong></span> <span class='ocrx_word' id='word_1_372' title='bbox 3158 2463 3294 2517; x_wconf 89' lang='lat' dir='ltr'><strong>alios</strong></span> <span class='ocrx_word' id='word_1_373' title='bbox 3347 2477 3414 2516; x_wconf 90' lang='lat' dir='ltr'><strong>eo</strong></span> 
     </span>
    </p>
   </div>
   <div class='ocr_carea' id='block_1_48' title="bbox 1852 2574 3419 2646">
    <p class='ocr_par' dir='ltr' id='par_1_48' title="bbox 1852 2574 3419 2646">
     <span class='ocr_line' id='line_1_49' title="bbox 1852 2574 3419 2646; baseline 0.003 -19"><span class='ocrx_word' id='word_1_374' title='bbox 1852 2574 2059 2629; x_wconf 90' lang='lat' dir='ltr'><strong>ducunt</strong></span> <span class='ocrx_word' id='word_1_375' title='bbox 2091 2584 2150 2627; x_wconf 92' lang='lat' dir='ltr'><strong>ut</strong></span> <span class='ocrx_word' id='word_1_376' title='bbox 2187 2575 2427 2644; x_wconf 85' lang='lat' dir='ltr'><strong>pessima</strong></span> <span class='ocrx_word' id='word_1_377' title='bbox 2479 2575 2546 2627; x_wconf 88' lang='lat' dir='ltr'><strong>iis</strong></span> <span class='ocrx_word' id='word_1_378' title='bbox 2569 2585 2884 2642; x_wconf 87' lang='lat' dir='ltr'><strong>precentur,</strong></span> <span class='ocrx_word' id='word_1_379' title='bbox 2938 2586 2997 2631; x_wconf 91' lang='lat' dir='ltr'><strong>ut</strong></span> <span class='ocrx_word' id='word_1_380' title='bbox 3031 2587 3237 2632; x_wconf 83' lang='lat' dir='ltr'><strong>taceam</strong></span> <span class='ocrx_word' id='word_1_381' title='bbox 3271 2577 3419 2646; x_wconf 87' lang='lat' dir='ltr'><strong>quod</strong></span> 
     </span>
    </p>
   </div>
   <div class='ocr_carea' id='block_1_49' title="bbox 1858 2689 3423 2749">
    <p class='ocr_par' dir='ltr' id='par_1_49' title="bbox 1858 2689 3423 2749">
     <span class='ocr_line' id='line_1_50' title="bbox 1858 2689 3423 2749; baseline 0.001 -6"><span class='ocrx_word' id='word_1_382' title='bbox 1858 2689 2070 2744; x_wconf 79' lang='lat' dir='ltr'><strong>Numen</strong></span> <span class='ocrx_word' id='word_1_383' title='bbox 2100 2690 2342 2744; x_wconf 82' lang='lat' dir='ltr'><strong>divinum</strong></span> <span class='ocrx_word' id='word_1_384' title='bbox 2368 2690 2467 2746; x_wconf 89' lang='lat' dir='ltr'><strong>abs</strong></span> <span class='ocrx_word' id='word_1_385' title='bbox 2492 2706 2551 2745; x_wconf 91' lang='lat' dir='ltr'><strong>se</strong></span> <span class='ocrx_word' id='word_1_386' title='bbox 2581 2692 2841 2746; x_wconf 88' lang='lat' dir='ltr'><strong>alienant.</strong></span> <span class='ocrx_word' id='word_1_387' title='bbox 2884 2690 2940 2745; x_wconf 91' lang='lat' dir='ltr'><strong>Si</strong></span> <span class='ocrx_word' id='word_1_388' title='bbox 2972 2701 3152 2746; x_wconf 91' lang='lat' dir='ltr'><strong>autem</strong></span> <span class='ocrx_word' id='word_1_389' title='bbox 3178 2691 3423 2749; x_wconf 80' lang='lat' dir='ltr'><strong>sibi,ini-</strong></span> 
     </span>
    </p>
   </div>
   <div class='ocr_carea' id='block_1_50' title="bbox 1855 2796 3414 2870">
    <p class='ocr_par' dir='ltr' id='par_1_50' title="bbox 1855 2796 3414 2870">
     <span class='ocr_line' id='line_1_51' title="bbox 1855 2796 3414 2870; baseline 0 -14"><span class='ocrx_word' id='word_1_390' title='bbox 1855 2803 2030 2858; x_wconf 82' lang='lat' dir='ltr'><strong>micos</strong></span> <span class='ocrx_word' id='word_1_391' title='bbox 2069 2802 2308 2856; x_wconf 89' lang='lat' dir='ltr'><strong>reddunt</strong></span> <span class='ocrx_word' id='word_1_392' title='bbox 2335 2816 2432 2855; x_wconf 88' lang='lat' dir='ltr'><strong>eos</strong></span> <span class='ocrx_word' id='word_1_393' title='bbox 2455 2817 2592 2870; x_wconf 85' lang='lat' dir='ltr'><strong>quos</strong></span> <span class='ocrx_word' id='word_1_394' title='bbox 2627 2802 2836 2856; x_wconf 86' lang='lat' dir='ltr'><strong>amicos</strong></span> <span class='ocrx_word' id='word_1_395' title='bbox 2865 2802 3066 2857; x_wconf 84' lang='lat' dir='ltr'><strong>habere</strong></span> <span class='ocrx_word' id='word_1_396' title='bbox 3116 2796 3414 2868; x_wconf 85' lang='lat' dir='ltr'><strong>deberent,</strong></span> 
     </span>
    </p>
   </div>
   <div class='ocr_carea' id='block_1_51' title="bbox 1852 2919 3428 2992">
    <p class='ocr_par' dir='ltr' id='par_1_51' title="bbox 1852 2919 3428 2992">
     <span class='ocr_line' id='line_1_52' title="bbox 1852 2919 3428 2992; baseline 0.001 -18"><span class='ocrx_word' id='word_1_397' title='bbox 1852 2920 2151 2992; x_wconf 87' lang='lat' dir='ltr'><strong>quomodo,</strong></span> <span class='ocrx_word' id='word_1_398' title='bbox 2185 2919 2294 2984; x_wconf 89' lang='lat' dir='ltr'><strong>dic,</strong></span> <span class='ocrx_word' id='word_1_399' title='bbox 2334 2919 2473 2973; x_wconf 86' lang='lat' dir='ltr'><strong>bene</strong></span> <span class='ocrx_word' id='word_1_400' title='bbox 2497 2933 2716 2990; x_wconf 87' lang='lat' dir='ltr'><strong>sperare</strong></span> <span class='ocrx_word' id='word_1_401' title='bbox 2747 2928 3005 2988; x_wconf 89' lang='lat' dir='ltr'><strong>poterunt</strong></span> <span class='ocrx_word' id='word_1_402' title='bbox 3030 2921 3097 2974; x_wconf 88' lang='lat' dir='ltr'><strong>in</strong></span> <span class='ocrx_word' id='word_1_403' title='bbox 3120 2922 3338 2991; x_wconf 76' lang='lat' dir='ltr'><strong>pugnis,</strong></span> <span class='ocrx_word' id='word_1_404' title='bbox 3371 2930 3428 2975; x_wconf 87' lang='lat' dir='ltr'><strong>et</strong></span> 
     </span>
    </p>
   </div>
   <div class='ocr_carea' id='block_1_52' title="bbox 1853 3032 3428 3104">
    <p class='ocr_par' dir='ltr' id='par_1_52' title="bbox 1853 3032 3428 3104">
     <span class='ocr_line' id='line_1_53' title="bbox 1853 3032 3428 3104; baseline 0.001 -17"><span class='ocrx_word' id='word_1_405' title='bbox 1853 3048 1965 3103; x_wconf 88' lang='lat' dir='ltr'><strong>quo</strong></span> <span class='ocrx_word' id='word_1_406' title='bbox 1992 3043 2153 3104; x_wconf 89' lang='lat' dir='ltr'><strong>pacto</strong></span> <span class='ocrx_word' id='word_1_407' title='bbox 2195 3032 2340 3086; x_wconf 85' lang='lat' dir='ltr'><strong>inter</strong></span> <span class='ocrx_word' id='word_1_408' title='bbox 2365 3047 2465 3085; x_wconf 84' lang='lat' dir='ltr'><strong>nos</strong></span> <span class='ocrx_word' id='word_1_409' title='bbox 2490 3041 2546 3086; x_wconf 89' lang='lat' dir='ltr'><strong>et</strong></span> <span class='ocrx_word' id='word_1_410' title='bbox 2587 3033 2738 3101; x_wconf 89' lang='lat' dir='ltr'><strong>ipsos</strong></span> <span class='ocrx_word' id='word_1_411' title='bbox 2792 3049 2881 3088; x_wconf 77' lang='lat' dir='ltr'><strong>res</strong></span> <span class='ocrx_word' id='word_1_412' title='bbox 2923 3036 3088 3089; x_wconf 66' lang='lat' dir='ltr'><strong>salva:</strong></span> <span class='ocrx_word' id='word_1_413' title='bbox 3130 3045 3276 3088; x_wconf 79' lang='lat' dir='ltr'><strong>stare</strong></span> <span class='ocrx_word' id='word_1_414' title='bbox 3333 3050 3428 3104; x_wconf 89' lang='lat' dir='ltr'><strong>po-</strong></span> 
     </span>
    </p>
   </div>
   <div class='ocr_carea' id='block_1_53' title="bbox 183 3145 1854 3234">
    <p class='ocr_par' dir='ltr' id='par_1_53' title="bbox 183 3151 1824 3234">
     <span class='ocr_line' id='line_1_54' title="bbox 183 3151 1824 3234; baseline 0.002 -31"><span class='ocrx_word' id='word_1_415' title='bbox 183 3151 397 3218; x_wconf 76' lang='grc' dir='ltr'>μεῖζον,</span> <span class='ocrx_word' id='word_1_416' title='bbox 431 3153 644 3213; x_wconf 75' lang='grc' dir='ltr'>ἑαυτοῖς</span> <span class='ocrx_word' id='word_1_417' title='bbox 686 3151 1123 3221; x_wconf 73' lang='grc' dir='ltr'>ἐκπολεμοῦντες</span> <span class='ocrx_word' id='word_1_418' title='bbox 1173 3153 1234 3206; x_wconf 84' lang='grc' dir='ltr'>τὸ</span> <span class='ocrx_word' id='word_1_419' title='bbox 1276 3153 1442 3207; x_wconf 85' lang='grc' dir='ltr'>θεῖον.</span> <span class='ocrx_word' id='word_1_420' title='bbox 1479 3153 1543 3208; x_wconf 75' lang='lat' dir='ltr'><strong>Ei</strong></span> <span class='ocrx_word' id='word_1_421' title='bbox 1573 3154 1629 3206; x_wconf 69' lang='grc' dir='ltr'>δὲ</span> <span class='ocrx_word' id='word_1_422' title='bbox 1658 3152 1752 3217; x_wconf 80' lang='grc' dir='ltr'>οὓς</span> <span class='ocrx_word' id='word_1_423' title='bbox 1781 3177 1824 3234; x_wconf 76' lang='lat' dir='ltr'>c</span> 
     </span>
    </p>
   </div>
   <div class='ocr_carea' id='block_1_54' title="bbox 1762 3145 3433 3234">
    <p class='ocr_par' dir='ltr' id='par_1_54' title="bbox 1781 3145 3433 3234">
     <span class='ocr_line' id='line_1_55' title="bbox 1781 3145 3433 3234; baseline 0.001 -34"><span class='ocrx_word' id='word_1_424' title='bbox 1781 3177 1824 3234; x_wconf 65' lang='grc' dir='ltr'>ο</span> <span class='ocrx_word' id='word_1_425' title='bbox 1858 3146 2078 3200; x_wconf 87' lang='lat' dir='ltr'><strong>terunt?</strong></span> <span class='ocrx_word' id='word_1_426' title='bbox 2141 3145 2297 3212; x_wconf 76' lang='lat' dir='ltr'><strong>Quod</strong></span> <span class='ocrx_word' id='word_1_427' title='bbox 2353 3145 2683 3199; x_wconf 74' lang='lat' dir='ltr'><strong>sifacientes</strong></span> <span class='ocrx_word' id='word_1_428' title='bbox 2737 3145 2882 3214; x_wconf 89' lang='lat' dir='ltr'><strong>quod</strong></span> <span class='ocrx_word' id='word_1_429' title='bbox 2959 3147 3189 3211; x_wconf 80' lang='lat' dir='ltr'><strong>faciunt,</strong></span> <span class='ocrx_word' id='word_1_430' title='bbox 3228 3148 3433 3201; x_wconf 87' lang='lat' dir='ltr'><strong>amicos</strong></span> 
     </span>
    </p>
   </div>
   <div class='ocr_carea' id='block_1_55' title="bbox 180 3239 1755 3312">
    <p class='ocr_par' dir='ltr' id='par_1_55' title="bbox 180 3239 1755 3312">
     <span class='ocr_line' id='line_1_56' title="bbox 180 3239 1755 3312; baseline 0.001 -18"><span class='ocrx_word' id='word_1_431' title='bbox 180 3241 323 3308; x_wconf 75' lang='grc' dir='ltr'>ὑπὲρ</span> <span class='ocrx_word' id='word_1_432' title='bbox 368 3241 551 3294; x_wconf 82' lang='grc' dir='ltr'>αὐτῶν</span> <span class='ocrx_word' id='word_1_433' title='bbox 608 3243 773 3312; x_wconf 75' lang='grc' dir='ltr'>ἐχρῆν</span> <span class='ocrx_word' id='word_1_434' title='bbox 813 3245 978 3312; x_wconf 78' lang='grc' dir='ltr'>ἔχειν,</span> <span class='ocrx_word' id='word_1_435' title='bbox 1013 3247 1239 3308; x_wconf 75' lang='grc' dir='ltr'>τούτους</span> <span class='ocrx_word' id='word_1_436' title='bbox 1286 3246 1410 3298; x_wconf 80' lang='grc' dir='ltr'>κατ’</span> <span class='ocrx_word' id='word_1_437' title='bbox 1441 3245 1624 3298; x_wconf 82' lang='grc' dir='ltr'>αὐτῶν</span> <span class='ocrx_word' id='word_1_438' title='bbox 1673 3239 1755 3306; x_wconf 77' lang='grc' dir='ltr'>οἷς</span> 
     </span>
    </p>
   </div>
   <div class='ocr_carea' id='block_1_56' title="bbox 181 3332 1756 3407">
    <p class='ocr_par' dir='ltr' id='par_1_56' title="bbox 181 3332 1756 3407">
     <span class='ocr_line' id='line_1_57' title="bbox 181 3332 1756 3407; baseline 0.003 -23"><span class='ocrx_word' id='word_1_439' title='bbox 181 3334 520 3400; x_wconf 71' lang='grc' dir='ltr'>πράττουσιν</span> <span class='ocrx_word' id='word_1_440' title='bbox 571 3332 776 3402; x_wconf 76' lang='grc' dir='ltr'>ἔχουσι,</span> <span class='ocrx_word' id='word_1_441' title='bbox 832 3336 949 3399; x_wconf 84' lang='grc' dir='ltr'><strong>πῶς</strong></span> <span class='ocrx_word' id='word_1_442' title='bbox 1009 3337 1159 3400; x_wconf 76' lang='grc' dir='ltr'>εἰκὸς</span> <span class='ocrx_word' id='word_1_443' title='bbox 1209 3337 1454 3406; x_wconf 78' lang='grc' dir='ltr'>χρηστάς</span> <span class='ocrx_word' id='word_1_444' title='bbox 1512 3338 1564 3406; x_wconf 88' lang='grc' dir='ltr'><strong>γ’</strong></span> <span class='ocrx_word' id='word_1_445' title='bbox 1611 3336 1756 3407; x_wconf 75' lang='grc' dir='ltr'><strong>ἔχειν</strong></span> 
     </span>
    </p>
   </div>
   <div class='ocr_carea' id='block_1_57' title="bbox 180 3424 1754 3499">
    <p class='ocr_par' dir='ltr' id='par_1_57' title="bbox 180 3424 1754 3499">
     <span class='ocr_line' id='line_1_58' title="bbox 180 3424 1754 3499; baseline 0.003 -24"><span class='ocrx_word' id='word_1_446' title='bbox 180 3424 407 3484; x_wconf 75' lang='grc' dir='ltr'>ἐλπίδας</span> <span class='ocrx_word' id='word_1_447' title='bbox 438 3425 500 3478; x_wconf 75' lang='grc' dir='ltr'><strong>ἐν</strong></span> <span class='ocrx_word' id='word_1_448' title='bbox 531 3425 756 3495; x_wconf 76' lang='grc' dir='ltr'>μάχαις,</span> <span class='ocrx_word' id='word_1_449' title='bbox 787 3429 881 3478; x_wconf 73' lang='grc' dir='ltr'>καὶ</span> <span class='ocrx_word' id='word_1_450' title='bbox 917 3427 1130 3490; x_wconf 79' lang='grc' dir='ltr'>αὐτοὺς</span> <span class='ocrx_word' id='word_1_451' title='bbox 1163 3428 1301 3499; x_wconf 82' lang='grc' dir='ltr'>ὑπὲρ</span> <span class='ocrx_word' id='word_1_452' title='bbox 1357 3429 1508 3497; x_wconf 87' lang='grc' dir='ltr'>σφῶν</span> <span class='ocrx_word' id='word_1_453' title='bbox 1553 3429 1754 3493; x_wconf 85' lang='grc' dir='ltr'>αὐτῶν,</span> 
     </span>
    </p>
   </div>
   <div class='ocr_carea' id='block_1_58' title="bbox 180 3516 1755 3590">
    <p class='ocr_par' dir='ltr' id='par_1_58' title="bbox 180 3516 1755 3590">
     <span class='ocr_line' id='line_1_59' title="bbox 180 3516 1755 3590; baseline 0.001 -22"><span class='ocrx_word' id='word_1_454' title='bbox 180 3516 275 3568; x_wconf 70' lang='grc' dir='ltr'>καὶ</span> <span class='ocrx_word' id='word_1_455' title='bbox 328 3517 482 3585; x_wconf 77' lang='grc' dir='ltr'>ἡμᾶς</span> <span class='ocrx_word' id='word_1_456' title='bbox 510 3519 609 3585; x_wconf 83' lang='grc' dir='ltr'><strong>οὐχ</strong></span> <span class='ocrx_word' id='word_1_457' title='bbox 646 3518 788 3586; x_wconf 74' lang='grc' dir='ltr'><strong>ὑπὲρ</strong></span> <span class='ocrx_word' id='word_1_458' title='bbox 828 3519 1011 3572; x_wconf 81' lang='grc' dir='ltr'>αὐτῶν</span> <span class='ocrx_word' id='word_1_459' title='bbox 1039 3519 1240 3588; x_wconf 79' lang='grc' dir='ltr'>μᾶλλον</span> <span class='ocrx_word' id='word_1_460' title='bbox 1297 3521 1328 3590; x_wconf 84' lang='grc' dir='ltr'>ἢ</span> <span class='ocrx_word' id='word_1_461' title='bbox 1365 3521 1523 3590; x_wconf 80' lang='grc' dir='ltr'>ἡμῶν</span> <span class='ocrx_word' id='word_1_462' title='bbox 1552 3520 1755 3583; x_wconf 78' lang='grc' dir='ltr'>αὐτῶν,</span> 
     </span>
    </p>
   </div>
   <div class='ocr_carea' id='block_1_59' title="bbox 179 3608 1759 3681">
    <p class='ocr_par' dir='ltr' id='par_1_59' title="bbox 179 3608 1759 3681">
     <span class='ocr_line' id='line_1_60' title="bbox 179 3608 1759 3681; baseline 0.003 -21"><span class='ocrx_word' id='word_1_463' title='bbox 179 3608 322 3660; x_wconf 71' lang='grc' dir='ltr'>ἀλλὰ</span> <span class='ocrx_word' id='word_1_464' title='bbox 349 3608 511 3661; x_wconf 80' lang='grc' dir='ltr'>τοῦτο</span> <span class='ocrx_word' id='word_1_465' title='bbox 533 3611 631 3661; x_wconf 74' lang='grc' dir='ltr'>καὶ</span> <span class='ocrx_word' id='word_1_466' title='bbox 656 3610 1024 3678; x_wconf 70' lang='grc' dir='ltr'>μᾶλλον,ὂσον</span> <span class='ocrx_word' id='word_1_467' title='bbox 1055 3612 1150 3664; x_wconf 76' lang='grc' dir='ltr'>καὶ</span> <span class='ocrx_word' id='word_1_468' title='bbox 1177 3610 1403 3674; x_wconf 82' lang='grc' dir='ltr'>τούτους</span> <span class='ocrx_word' id='word_1_469' title='bbox 1435 3610 1574 3681; x_wconf 78' lang='grc' dir='ltr'>ὑπὲρ</span> <span class='ocrx_word' id='word_1_470' title='bbox 1602 3611 1759 3680; x_wconf 80' lang='grc' dir='ltr'>ήμῶν</span> 
     </span>
    </p>
   </div>
   <div class='ocr_carea' id='block_1_60' title="bbox 182 3695 1758 3776">
    <p class='ocr_par' dir='ltr' id='par_1_60' title="bbox 182 3695 1758 3776">
     <span class='ocr_line' id='line_1_61' title="bbox 182 3695 1758 3776; baseline 0.002 -27"><span class='ocrx_word' id='word_1_471' title='bbox 182 3696 612 3766; x_wconf 73' lang='grc' dir='ltr'>προὸαλλόμεθα</span> <span class='ocrx_word' id='word_1_472' title='bbox 633 3717 647 3763; x_wconf 85' lang='grc'>;</span> <span class='ocrx_word' id='word_1_473' title='bbox 671 3698 826 3751; x_wconf 83' lang='grc' dir='ltr'>Ὠσθ’</span> <span class='ocrx_word' id='word_1_474' title='bbox 854 3700 982 3752; x_wconf 82' lang='grc' dir='ltr'>ὅταν</span> <span class='ocrx_word' id='word_1_475' title='bbox 1011 3695 1091 3762; x_wconf 74' lang='grc' dir='ltr'>οἷς</span> <span class='ocrx_word' id='word_1_476' title='bbox 1120 3700 1491 3776; x_wconf 39' lang='grc' dir='ltr'>ποιοῦσι,τοιὺς</span> <span class='ocrx_word' id='word_1_477' title='bbox 1523 3702 1758 3762; x_wconf 84' lang='grc' dir='ltr'>οἰκείους</span> 
     </span>
    </p>
   </div>
   <div class='ocr_carea' id='block_1_61' title="bbox 179 3789 1762 3863">
    <p class='ocr_par' dir='ltr' id='par_1_61' title="bbox 179 3789 1762 3863">
     <span class='ocr_line' id='line_1_62' title="bbox 179 3789 1762 3863; baseline 0.002 -22"><span class='ocrx_word' id='word_1_478' title='bbox 179 3789 456 3853; x_wconf 80' lang='grc' dir='ltr'>λυπῶσιν,</span> <span class='ocrx_word' id='word_1_479' title='bbox 488 3790 658 3858; x_wconf 66' lang='grc' dir='ltr'>εὐχὰς</span> <span class='ocrx_word' id='word_1_480' title='bbox 679 3793 790 3852; x_wconf 84' lang='grc' dir='ltr'>τοῖς</span> <span class='ocrx_word' id='word_1_481' title='bbox 819 3791 1098 3861; x_wconf 81' lang='grc' dir='ltr'>πολεμίοις</span> <span class='ocrx_word' id='word_1_482' title='bbox 1122 3792 1415 3862; x_wconf 85' lang='grc' dir='ltr'>πληροῦσι,</span> <span class='ocrx_word' id='word_1_483' title='bbox 1450 3795 1541 3846; x_wconf 79' lang='grc' dir='ltr'><strong>καὶ</strong></span> <span class='ocrx_word' id='word_1_484' title='bbox 1578 3793 1762 3863; x_wconf 84' lang='grc' dir='ltr'>προδι-</span> 
     </span>
    </p>
   </div>
   <div class='ocr_carea' id='block_1_62' title="bbox 179 3881 1761 3953">
    <p class='ocr_par' dir='ltr' id='par_1_62' title="bbox 179 3881 1761 3953">
     <span class='ocr_line' id='line_1_63' title="bbox 179 3881 1761 3953; baseline 0.002 -18"><span class='ocrx_word' id='word_1_485' title='bbox 179 3882 372 3937; x_wconf 75' lang='grc' dir='ltr'>δόασιν</span> <span class='ocrx_word' id='word_1_486' title='bbox 406 3881 626 3943; x_wconf 76' lang='grc' dir='ltr'>ἑκόντες</span> <span class='ocrx_word' id='word_1_487' title='bbox 653 3883 796 3950; x_wconf 69' lang='grc' dir='ltr'>σφᾶς</span> <span class='ocrx_word' id='word_1_488' title='bbox 816 3885 1016 3949; x_wconf 77' lang='grc' dir='ltr'>αὐτοὺς</span> <span class='ocrx_word' id='word_1_489' title='bbox 1060 3885 1249 3938; x_wconf 82' lang='grc' dir='ltr'>τοῦτον</span> <span class='ocrx_word' id='word_1_490' title='bbox 1273 3886 1363 3939; x_wconf 84' lang='grc' dir='ltr'><strong>τὸν</strong></span> <span class='ocrx_word' id='word_1_491' title='bbox 1387 3886 1608 3953; x_wconf 84' lang='grc' dir='ltr'>τρόπον.</span> <span class='ocrx_word' id='word_1_492' title='bbox 1642 3885 1761 3939; x_wconf 79' lang='grc' dir='ltr'><strong>Κᾶν</strong></span> 
     </span>
    </p>
   </div>
   <div class='ocr_carea' id='block_1_63' title="bbox 183 3970 1763 4046">
    <p class='ocr_par' dir='ltr' id='par_1_63' title="bbox 183 3970 1763 4046">
     <span class='ocr_line' id='line_1_64' title="bbox 183 3970 1763 4046; baseline 0.002 -23"><span class='ocrx_word' id='word_1_493' title='bbox 183 3972 299 4041; x_wconf 66' lang='grc' dir='ltr'><strong>γὰρ</strong></span> <span class='ocrx_word' id='word_1_494' title='bbox 325 3971 433 4039; x_wconf 79' lang='grc' dir='ltr'>τὴν</span> <span class='ocrx_word' id='word_1_495' title='bbox 478 3970 770 4040; x_wconf 72' lang='grc' dir='ltr'>Ἀχιλλέως</span> <span class='ocrx_word' id='word_1_496' title='bbox 824 3972 990 4042; x_wconf 75' lang='grc' dir='ltr'>ἔχωσι</span> <span class='ocrx_word' id='word_1_497' title='bbox 1029 3976 1234 4044; x_wconf 78' lang='grc' dir='ltr'>τόλμαν</span> <span class='ocrx_word' id='word_1_498' title='bbox 1273 3977 1370 4028; x_wconf 76' lang='grc' dir='ltr'><strong>καὶ</strong></span> <span class='ocrx_word' id='word_1_499' title='bbox 1409 3975 1621 4046; x_wconf 79' lang='grc' dir='ltr'>ῥώμην,</span> <span class='ocrx_word' id='word_1_500' title='bbox 1661 3976 1763 4028; x_wconf 72' lang='grc' dir='ltr'><strong>κᾶν</strong></span> 
     </span>
    </p>
   </div>
   <div class='ocr_carea' id='block_1_64' title="bbox 182 4059 1762 4133">
    <p class='ocr_par' dir='ltr' id='par_1_64' title="bbox 182 4059 1762 4133">
     <span class='ocr_line' id='line_1_65' title="bbox 182 4059 1762 4133; baseline 0.004 -19"><span class='ocrx_word' id='word_1_501' title='bbox 182 4063 375 4125; x_wconf 72' lang='grc' dir='ltr'>ὅπλοις</span> <span class='ocrx_word' id='word_1_502' title='bbox 393 4063 515 4125; x_wconf 82' lang='grc' dir='ltr'>τοῖς</span> <span class='ocrx_word' id='word_1_503' title='bbox 547 4059 759 4116; x_wconf 74' lang='grc' dir='ltr'>ὲκείνου</span> <span class='ocrx_word' id='word_1_504' title='bbox 797 4065 1035 4133; x_wconf 84' lang='grc' dir='ltr'>χρῶνται</span> <span class='ocrx_word' id='word_1_505' title='bbox 1069 4068 1163 4119; x_wconf 78' lang='grc' dir='ltr'><strong>καὶ</strong></span> <span class='ocrx_word' id='word_1_506' title='bbox 1205 4067 1416 4130; x_wconf 75' lang='grc' dir='ltr'>ἵπποις,</span> <span class='ocrx_word' id='word_1_507' title='bbox 1448 4069 1551 4121; x_wconf 82' lang='grc' dir='ltr'><strong>κᾶν</strong></span> <span class='ocrx_word' id='word_1_508' title='bbox 1579 4071 1762 4122; x_wconf 80' lang='grc' dir='ltr'>πᾶσαν</span> 
     </span>
    </p>
   </div>
   <div class='ocr_carea' id='block_1_65' title="bbox 186 4155 1762 4230">
    <p class='ocr_par' dir='ltr' id='par_1_65' title="bbox 186 4155 1762 4230">
     <span class='ocr_line' id='line_1_66' title="bbox 186 4155 1762 4230; baseline 0.004 -24"><span class='ocrx_word' id='word_1_509' title='bbox 186 4155 502 4224; x_wconf 73' lang='grc' dir='ltr'>πολεμικὴν</span> <span class='ocrx_word' id='word_1_510' title='bbox 544 4157 840 4226; x_wconf 52' lang='grc' dir='ltr'>ἐμπειρὴν</span> <span class='ocrx_word' id='word_1_511' title='bbox 867 4159 962 4210; x_wconf 76' lang='grc' dir='ltr'><strong>καὶ</strong></span> <span class='ocrx_word' id='word_1_512' title='bbox 1007 4159 1204 4227; x_wconf 83' lang='grc' dir='ltr'>τέχνην</span> <span class='ocrx_word' id='word_1_513' title='bbox 1244 4161 1301 4211; x_wconf 85' lang='grc' dir='ltr'><strong>ὲν</strong></span> <span class='ocrx_word' id='word_1_514' title='bbox 1326 4163 1395 4230; x_wconf 79' lang='grc' dir='ltr'>τῇ</span> <span class='ocrx_word' id='word_1_515' title='bbox 1426 4162 1571 4230; x_wconf 75' lang='grc' dir='ltr'>ψυχῇ</span> <span class='ocrx_word' id='word_1_516' title='bbox 1607 4177 1762 4230; x_wconf 84' lang='grc' dir='ltr'>περι-</span> 
     </span>
    </p>
   </div>
   <div class='ocr_carea' id='block_1_66' title="bbox 181 4247 1763 4322">
    <p class='ocr_par' dir='ltr' id='par_1_66' title="bbox 181 4247 1763 4322">
     <span class='ocr_line' id='line_1_67' title="bbox 181 4247 1763 4322; baseline 0.005 -25"><span class='ocrx_word' id='word_1_517' title='bbox 181 4247 455 4315; x_wconf 74' lang='grc' dir='ltr'>φέρωσιν,</span> <span class='ocrx_word' id='word_1_518' title='bbox 487 4247 637 4300; x_wconf 79' lang='grc' dir='ltr'>οὐδὲν</span> <span class='ocrx_word' id='word_1_519' title='bbox 662 4251 848 4311; x_wconf 87' lang='grc' dir='ltr'>αὺτοῖς</span> <span class='ocrx_word' id='word_1_520' title='bbox 877 4250 1030 4302; x_wconf 68' lang='grc' dir='ltr'>ἔσται</span> <span class='ocrx_word' id='word_1_521' title='bbox 1066 4251 1229 4303; x_wconf 79' lang='grc' dir='ltr'>πλέον</span> <span class='ocrx_word' id='word_1_522' title='bbox 1273 4268 1763 4322; x_wconf 76' lang='grc' dir='ltr'>καταστρατηγουο</span> 
     </span>
    </p>
   </div>
   <div class='ocr_carea' id='block_1_67' title="bbox 192 4340 1760 4414">
    <p class='ocr_par' dir='ltr' id='par_1_67' title="bbox 192 4340 1760 4414">
     <span class='ocr_line' id='line_1_68' title="bbox 192 4340 1760 4414; baseline 0.004 -23"><span class='ocrx_word' id='word_1_523' title='bbox 192 4342 384 4408; x_wconf 79' lang='grc' dir='ltr'>μένοις</span> <span class='ocrx_word' id='word_1_524' title='bbox 431 4340 524 4410; x_wconf 82' lang='grc' dir='ltr'>ὑφ’</span> <span class='ocrx_word' id='word_1_525' title='bbox 575 4342 810 4396; x_wconf 80' lang='grc' dir='ltr'>ἑαυτῶν.</span> <span class='ocrx_word' id='word_1_526' title='bbox 848 4343 922 4395; x_wconf 78' lang='grc' dir='ltr'><strong>Οὐ</strong></span> <span class='ocrx_word' id='word_1_527' title='bbox 972 4344 1083 4414; x_wconf 70' lang='grc' dir='ltr'><strong>γὰρ</strong></span> <span class='ocrx_word' id='word_1_528' title='bbox 1135 4345 1190 4397; x_wconf 86' lang='grc' dir='ltr'><strong>οῖ</strong></span> <span class='ocrx_word' id='word_1_529' title='bbox 1226 4344 1279 4412; x_wconf 85' lang='grc' dir='ltr'><strong>γ’</strong></span> <span class='ocrx_word' id='word_1_530' title='bbox 1325 4345 1496 4403; x_wconf 74' lang='grc' dir='ltr'>οὕτως</span> <span class='ocrx_word' id='word_1_531' title='bbox 1523 4346 1760 4414; x_wconf 79' lang='grc' dir='ltr'>ἔχοντες,</span> 
     </span>
    </p>
   </div>
   <div class='ocr_carea' id='block_1_68' title="bbox 185 4434 1765 4506">
    <p class='ocr_par' dir='ltr' id='par_1_68' title="bbox 185 4434 1765 4506">
     <span class='ocr_line' id='line_1_69' title="bbox 185 4434 1765 4506; baseline 0.003 -22"><span class='ocrx_word' id='word_1_532' title='bbox 185 4434 301 4485; x_wconf 71' lang='grc' dir='ltr'>οὐδ’</span> <span class='ocrx_word' id='word_1_533' title='bbox 331 4434 383 4484; x_wconf 77' lang='grc' dir='ltr'><strong>οῖ</strong></span> <span class='ocrx_word' id='word_1_534' title='bbox 419 4436 667 4498; x_wconf 85' lang='grc' dir='ltr'>πλατεῖς,</span> <span class='ocrx_word' id='word_1_535' title='bbox 698 4436 885 4504; x_wconf 71' lang='grc' dir='ltr'>φησὶν,</span> <span class='ocrx_word' id='word_1_536' title='bbox 911 4437 1018 4488; x_wconf 75' lang='grc' dir='ltr'>οὐδ’</span> <span class='ocrx_word' id='word_1_537' title='bbox 1045 4437 1340 4506; x_wconf 81' lang='grc' dir='ltr'>εὐρύνωτοι</span> <span class='ocrx_word' id='word_1_538' title='bbox 1373 4438 1571 4505; x_wconf 83' lang='grc' dir='ltr'>φῶτες,</span> <span class='ocrx_word' id='word_1_539' title='bbox 1591 4441 1765 4506; x_wconf 84' lang='grc' dir='ltr'>ἀσφα-</span> 
     </span>
    </p>
   </div>
   <div class='ocr_carea' id='block_1_69' title="bbox 187 4524 1759 4599">
    <p class='ocr_par' dir='ltr' id='par_1_69' title="bbox 187 4524 1759 4599">
     <span class='ocr_line' id='line_1_70' title="bbox 187 4524 1759 4599; baseline 0.006 -25"><span class='ocrx_word' id='word_1_540' title='bbox 187 4524 470 4586; x_wconf 81' lang='grc' dir='ltr'>λέστατοι,</span> <span class='ocrx_word' id='word_1_541' title='bbox 502 4525 616 4577; x_wconf 80' lang='grc' dir='ltr'>ἀλλ’</span> <span class='ocrx_word' id='word_1_542' title='bbox 647 4527 697 4578; x_wconf 71' lang='grc' dir='ltr'>οἱ</span> <span class='ocrx_word' id='word_1_543' title='bbox 725 4525 1047 4596; x_wconf 75' lang='grc' dir='ltr'>φρονοῦντες</span> <span class='ocrx_word' id='word_1_544' title='bbox 1077 4528 1136 4581; x_wconf 81' lang='grc' dir='ltr'>εὖ</span> <span class='ocrx_word' id='word_1_545' title='bbox 1170 4528 1393 4580; x_wconf 80' lang='grc' dir='ltr'>νικῶσιν</span> <span class='ocrx_word' id='word_1_546' title='bbox 1429 4529 1709 4599; x_wconf 80' lang='grc' dir='ltr'>πανταχοῦ</span> <span class='ocrx_word' id='word_1_547' title='bbox 1747 4547 1759 4561; x_wconf 82' lang='lat'><strong>&#39;</strong></span> 
     </span>
    </p>
   </div>
   <div class='ocr_carea' id='block_1_70' title="bbox 189 4612 1764 4689">
    <p class='ocr_par' dir='ltr' id='par_1_70' title="bbox 189 4612 1764 4689">
     <span class='ocr_line' id='line_1_71' title="bbox 189 4612 1764 4689; baseline 0.003 -22"><span class='ocrx_word' id='word_1_548' title='bbox 189 4612 253 4668; x_wconf 82' lang='grc' dir='ltr'>εὖ</span> <span class='ocrx_word' id='word_1_549' title='bbox 287 4617 347 4667; x_wconf 76' lang='grc' dir='ltr'>δὲ</span> <span class='ocrx_word' id='word_1_550' title='bbox 383 4615 720 4682; x_wconf 78' lang='grc' dir='ltr'>φρονοῦντας</span> <span class='ocrx_word' id='word_1_551' title='bbox 773 4616 1012 4680; x_wconf 71' lang='grc' dir='ltr'>ἅπαντες</span> <span class='ocrx_word' id='word_1_552' title='bbox 1044 4620 1204 4686; x_wconf 83' lang='grc' dir='ltr'>ίσμεν</span> <span class='ocrx_word' id='word_1_553' title='bbox 1244 4622 1367 4682; x_wconf 77' lang='grc' dir='ltr'>τοὺς</span> <span class='ocrx_word' id='word_1_554' title='bbox 1417 4620 1764 4689; x_wconf 83' lang='grc' dir='ltr'>δικαιοσύνης</span> 
     </span>
    </p>
   </div>
   <div class='ocr_carea' id='block_1_71' title="bbox 189 4702 1764 4777">
    <p class='ocr_par' dir='ltr' id='par_1_71' title="bbox 189 4702 1764 4777">
     <span class='ocr_line' id='line_1_72' title="bbox 189 4702 1764 4777; baseline 0.003 -17"><span class='ocrx_word' id='word_1_555' title='bbox 189 4709 458 4776; x_wconf 66' lang='grc' dir='ltr'><strong>ἐργάτας.</strong></span> <span class='ocrx_word' id='word_1_556' title='bbox 491 4709 584 4760; x_wconf 78' lang='grc' dir='ltr'><strong>καὶ</strong></span> <span class='ocrx_word' id='word_1_557' title='bbox 629 4702 710 4770; x_wconf 74' lang='grc' dir='ltr'>οἷς</span> <span class='ocrx_word' id='word_1_558' title='bbox 769 4709 922 4777; x_wconf 69' lang='grc' dir='ltr'>μόνιι</span> <span class='ocrx_word' id='word_1_559' title='bbox 974 4710 1083 4761; x_wconf 85' lang='grc' dir='ltr'><strong>τῶν</strong></span> <span class='ocrx_word' id='word_1_560' title='bbox 1131 4711 1352 4763; x_wconf 82' lang='grc' dir='ltr'>πάντων</span> <span class='ocrx_word' id='word_1_561' title='bbox 1407 4711 1554 4764; x_wconf 83' lang='grc' dir='ltr'>οὗτοι</span> <span class='ocrx_word' id='word_1_562' title='bbox 1611 4714 1764 4767; x_wconf 79' lang='grc' dir='ltr'>ταῦτ’</span> 
     </span>
    </p>
   </div>
   <div class='ocr_carea' id='block_1_72' title="bbox 190 4796 1759 4874">
    <p class='ocr_par' dir='ltr' id='par_1_72' title="bbox 190 4796 1759 4874">
     <span class='ocr_line' id='line_1_73' title="bbox 190 4796 1759 4874; baseline 0 -19"><span class='ocrx_word' id='word_1_563' title='bbox 190 4803 345 4855; x_wconf 77' lang='grc' dir='ltr'>ἴσασι</span> <span class='ocrx_word' id='word_1_564' title='bbox 375 4800 529 4870; x_wconf 81' lang='grc' dir='ltr'>δρᾷν,</span> <span class='ocrx_word' id='word_1_565' title='bbox 557 4802 652 4854; x_wconf 79' lang='grc' dir='ltr'><strong>καὶ</strong></span> <span class='ocrx_word' id='word_1_566' title='bbox 677 4796 756 4861; x_wconf 72' lang='grc' dir='ltr'>οἷς</span> <span class='ocrx_word' id='word_1_567' title='bbox 786 4801 938 4853; x_wconf 79' lang='grc' dir='ltr'>ταῦτ’</span> <span class='ocrx_word' id='word_1_568' title='bbox 973 4800 1281 4871; x_wconf 76' lang='grc' dir='ltr'>ἐξανάγκης</span> <span class='ocrx_word' id='word_1_569' title='bbox 1312 4803 1525 4855; x_wconf 68' lang='grc' dir='ltr'>ἐκεῖθεν</span> <span class='ocrx_word' id='word_1_570' title='bbox 1566 4804 1759 4874; x_wconf 79' lang='grc' dir='ltr'>περαίο</span> 
     </span>
    </p>
   </div>
   <div class='ocr_carea' id='block_1_73' title="bbox 203 4891 1767 4964">
    <p class='ocr_par' dir='ltr' id='par_1_73' title="bbox 203 4891 1767 4964">
     <span class='ocr_line' id='line_1_74' title="bbox 203 4891 1767 4964; baseline 0.002 -20"><span class='ocrx_word' id='word_1_571' title='bbox 203 4910 369 4945; x_wconf 84' lang='grc' dir='ltr'>.εται.</span> <span class='ocrx_word' id='word_1_572' title='bbox 405 4891 468 4944; x_wconf 78' lang='grc' dir='ltr'>Ει</span> <span class='ocrx_word' id='word_1_573' title='bbox 504 4893 610 4962; x_wconf 77' lang='grc' dir='ltr'><strong>γὰρ</strong></span> <span class='ocrx_word' id='word_1_574' title='bbox 636 4895 696 4944; x_wconf 76' lang='grc' dir='ltr'>τὸ</span> <span class='ocrx_word' id='word_1_575' title='bbox 719 4895 788 4945; x_wconf 69' lang='grc' dir='ltr'>τὶ</span> <span class='ocrx_word' id='word_1_576' title='bbox 817 4893 997 4944; x_wconf 83' lang='grc' dir='ltr'>δίκαια</span> <span class='ocrx_word' id='word_1_577' title='bbox 1024 4896 1305 4963; x_wconf 74' lang='grc' dir='ltr'>πράττειν,</span> <span class='ocrx_word' id='word_1_578' title='bbox 1330 4893 1365 4947; x_wconf 78' lang='grc' dir='ltr'><strong>ἃ.</strong></span> <span class='ocrx_word' id='word_1_579' title='bbox 1393 4895 1474 4947; x_wconf 85' lang='grc' dir='ltr'><strong>δεῖ</strong></span> <span class='ocrx_word' id='word_1_580' title='bbox 1505 4897 1767 4964; x_wconf 77' lang='grc' dir='ltr'>πράττειν</span> 
     </span>
    </p>
   </div>
   <div class='ocr_carea' id='block_1_74' title="bbox 194 4982 1766 5055">
    <p class='ocr_par' dir='ltr' id='par_1_74' title="bbox 194 4982 1766 5055">
     <span class='ocr_line' id='line_1_75' title="bbox 194 4982 1766 5055; baseline -0.002 -15"><span class='ocrx_word' id='word_1_581' title='bbox 194 4989 339 5051; x_wconf 77' lang='grc' dir='ltr'>ἐστὶ,</span> <span class='ocrx_word' id='word_1_582' title='bbox 371 4987 432 5037; x_wconf 80' lang='grc' dir='ltr'>τὸ</span> <span class='ocrx_word' id='word_1_583' title='bbox 459 4986 518 5037; x_wconf 81' lang='grc' dir='ltr'>δὲ</span> <span class='ocrx_word' id='word_1_584' title='bbox 568 4987 830 5054; x_wconf 78' lang='grc' dir='ltr'>πράττειν</span> <span class='ocrx_word' id='word_1_585' title='bbox 857 4983 893 5037; x_wconf 73' lang='grc' dir='ltr'><strong>ἆ</strong></span> <span class='ocrx_word' id='word_1_586' title='bbox 925 4985 1026 5048; x_wconf 89' lang='grc' dir='ltr'>δεῖ,</span> <span class='ocrx_word' id='word_1_587' title='bbox 1065 4986 1275 5055; x_wconf 75' lang='grc' dir='ltr'>φρενῶν</span> <span class='ocrx_word' id='word_1_588' title='bbox 1311 4982 1369 5038; x_wconf 84' lang='grc' dir='ltr'>εὖ</span> <span class='ocrx_word' id='word_1_589' title='bbox 1407 4985 1553 5054; x_wconf 78' lang='grc' dir='ltr'>ἔχειν</span> <span class='ocrx_word' id='word_1_590' title='bbox 1595 4988 1766 5049; x_wconf 74' lang='grc' dir='ltr'>ἐστὶν,</span> 
     </span>
    </p>
   </div>
   <div class='ocr_carea' id='block_1_75' title="bbox 191 5076 1769 5147">
    <p class='ocr_par' dir='ltr' id='par_1_75' title="bbox 191 5076 1769 5147">
     <span class='ocr_line' id='line_1_76' title="bbox 191 5076 1769 5147; baseline -0.003 -15"><span class='ocrx_word' id='word_1_591' title='bbox 191 5082 223 5132; x_wconf 82' lang='grc' dir='ltr'><strong><em>ὸ</em></strong></span> <span class='ocrx_word' id='word_1_592' title='bbox 258 5081 329 5132; x_wconf 71' lang='grc' dir='ltr'>τὰ</span> <span class='ocrx_word' id='word_1_593' title='bbox 373 5078 560 5130; x_wconf 75' lang='grc' dir='ltr'>δίκαια</span> <span class='ocrx_word' id='word_1_594' title='bbox 609 5078 866 5146; x_wconf 75' lang='grc' dir='ltr'>πράττων</span> <span class='ocrx_word' id='word_1_595' title='bbox 895 5079 987 5129; x_wconf 83' lang='grc' dir='ltr'><strong>καὶ</strong></span> <span class='ocrx_word' id='word_1_596' title='bbox 1034 5078 1248 5144; x_wconf 81' lang='grc' dir='ltr'>φρονῶν</span> <span class='ocrx_word' id='word_1_597' title='bbox 1283 5076 1364 5142; x_wconf 78' lang='grc' dir='ltr'>εὖ,</span> <span class='ocrx_word' id='word_1_598' title='bbox 1398 5078 1552 5140; x_wconf 78' lang='grc' dir='ltr'>οὗτος</span> <span class='ocrx_word' id='word_1_599' title='bbox 1592 5078 1656 5130; x_wconf 83' lang='grc' dir='ltr'><strong>ἂν</strong></span> <span class='ocrx_word' id='word_1_600' title='bbox 1685 5080 1769 5147; x_wconf 79' lang='grc' dir='ltr'><strong>εἴη</strong></span> 
     </span>
    </p>
   </div>
   <div class='ocr_carea' id='block_1_76' title="bbox 194 5166 1770 5239">
    <p class='ocr_par' dir='ltr' id='par_1_76' title="bbox 194 5166 1770 5239">
     <span class='ocr_line' id='line_1_77' title="bbox 194 5166 1770 5239; baseline -0.001 -15"><span class='ocrx_word' id='word_1_601' title='bbox 194 5173 412 5233; x_wconf 82' lang='grc' dir='ltr'>δίκαιος</span> <span class='ocrx_word' id='word_1_602' title='bbox 439 5172 512 5239; x_wconf 91' lang='lat' dir='ltr'><strong>(a)</strong></span> <span class='ocrx_word' id='word_1_603' title='bbox 544 5186 556 5198; x_wconf 80' lang='lat'><strong>&#39;</strong></span> <span class='ocrx_word' id='word_1_604' title='bbox 591 5168 788 5222; x_wconf 80' lang='grc' dir='ltr'>οὐκοῦν</span> <span class='ocrx_word' id='word_1_605' title='bbox 816 5169 937 5221; x_wconf 73' lang='grc' dir='ltr'>οὔτε</span> <span class='ocrx_word' id='word_1_606' title='bbox 967 5170 1316 5238; x_wconf 83' lang='grc' dir='ltr'>δικαιοσύνην</span> <span class='ocrx_word' id='word_1_607' title='bbox 1354 5173 1544 5223; x_wconf 85' lang='grc' dir='ltr'>ἀσκεῖν</span> <span class='ocrx_word' id='word_1_608' title='bbox 1576 5166 1685 5223; x_wconf 76' lang='grc' dir='ltr'>οἷόν</span> <span class='ocrx_word' id='word_1_609' title='bbox 1716 5188 1770 5223; x_wconf 83' lang='grc' dir='ltr'><strong>τε</strong></span> 
     </span>
    </p>
   </div>
   <div class='ocr_carea' id='block_1_77' title="bbox 198 5262 1776 5334">
    <p class='ocr_par' dir='ltr' id='par_1_77' title="bbox 198 5262 1776 5334">
     <span class='ocr_line' id='line_1_78' title="bbox 198 5262 1776 5334; baseline -0.002 -19"><span class='ocrx_word' id='word_1_610' title='bbox 198 5265 523 5334; x_wconf 62' lang='grc' dir='ltr'>φρονήσεως</span> <span class='ocrx_word' id='word_1_611' title='bbox 573 5263 740 5314; x_wconf 79' lang='grc' dir='ltr'>ἄνευ·</span> <span class='ocrx_word' id='word_1_612' title='bbox 778 5262 896 5323; x_wconf 87' lang='grc' dir='ltr'><strong>πῶς</strong></span> <span class='ocrx_word' id='word_1_613' title='bbox 946 5263 1054 5330; x_wconf 81' lang='grc' dir='ltr'><strong>γὰρ</strong></span> <span class='ocrx_word' id='word_1_614' title='bbox 1112 5263 1322 5314; x_wconf 83' lang='grc' dir='ltr'>ἐκεῖθεν</span> <span class='ocrx_word' id='word_1_615' title='bbox 1369 5263 1466 5323; x_wconf 72' lang='grc' dir='ltr'>τὰς</span> <span class='ocrx_word' id='word_1_616' title='bbox 1521 5263 1776 5330; x_wconf 73' lang='grc' dir='ltr'>ἀφορμὰς</span> 
     </span>
    </p>
   </div>
   <div class='ocr_carea' id='block_1_78' title="bbox 197 5353 1773 5427">
    <p class='ocr_par' dir='ltr' id='par_1_78' title="bbox 197 5353 1773 5427">
     <span class='ocr_line' id='line_1_79' title="bbox 197 5353 1773 5427; baseline -0.004 -17"><span class='ocrx_word' id='word_1_617' title='bbox 197 5362 440 5427; x_wconf 78' lang='grc' dir='ltr'>ἔχουσαν</span> <span class='ocrx_word' id='word_1_618' title='bbox 472 5354 566 5406; x_wconf 80' lang='grc' dir='ltr'>τοῦ</span> <span class='ocrx_word' id='word_1_619' title='bbox 600 5357 648 5406; x_wconf 82' lang='grc' dir='ltr'>τ’</span> <span class='ocrx_word' id='word_1_620' title='bbox 678 5355 740 5408; x_wconf 85' lang='grc' dir='ltr'>εὖ</span> <span class='ocrx_word' id='word_1_621' title='bbox 766 5354 1117 5423; x_wconf 80' lang='grc' dir='ltr'>φρονοῦντος,</span> <span class='ocrx_word' id='word_1_622' title='bbox 1149 5353 1322 5415; x_wconf 71' lang='grc' dir='ltr'>οὗτος</span> <span class='ocrx_word' id='word_1_623' title='bbox 1349 5354 1480 5406; x_wconf 80' lang='grc' dir='ltr'>ἴδιον</span> <span class='ocrx_word' id='word_1_624' title='bbox 1511 5355 1570 5406; x_wconf 85' lang='grc' dir='ltr'>τὸ</span> <span class='ocrx_word' id='word_1_625' title='bbox 1603 5355 1773 5423; x_wconf 75' lang='grc' dir='ltr'>ταύτῃ</span> 
     </span>
    </p>
   </div>
   <div class='ocr_carea' id='block_1_79' title="bbox 196 5447 1774 5520">
    <p class='ocr_par' dir='ltr' id='par_1_79' title="bbox 196 5447 1774 5520">
     <span class='ocr_line' id='line_1_80' title="bbox 196 5447 1774 5520; baseline -0.007 -13"><span class='ocrx_word' id='word_1_626' title='bbox 196 5450 531 5520; x_wconf 75' lang='grc' dir='ltr'>κεχρῆσθαι.</span> <span class='ocrx_word' id='word_1_627' title='bbox 568 5448 708 5501; x_wconf 84' lang='grc' dir='ltr'>ὥστε</span> <span class='ocrx_word' id='word_1_628' title='bbox 761 5449 864 5509; x_wconf 77' lang='grc' dir='ltr'>ἕως</span> <span class='ocrx_word' id='word_1_629' title='bbox 923 5448 1022 5509; x_wconf 82' lang='grc' dir='ltr'>μὲν</span> <span class='ocrx_word' id='word_1_630' title='bbox 1068 5447 1132 5497; x_wconf 79' lang='grc' dir='ltr'>ἂν</span> <span class='ocrx_word' id='word_1_631' title='bbox 1174 5447 1396 5514; x_wconf 73' lang='grc' dir='ltr'>χρῆται,</span> <span class='ocrx_word' id='word_1_632' title='bbox 1434 5448 1526 5498; x_wconf 78' lang='grc' dir='ltr'><strong>καὶ</strong></span> <span class='ocrx_word' id='word_1_633' title='bbox 1573 5448 1666 5497; x_wconf 76' lang='grc' dir='ltr'>τοῦ</span> <span class='ocrx_word' id='word_1_634' title='bbox 1713 5463 1774 5512; x_wconf 73' lang='grc' dir='ltr'>γε</span> 
     </span>
    </p>
   </div>
   <div class='ocr_carea' id='block_1_80' title="bbox 201 5536 1775 5610">
    <p class='ocr_par' dir='ltr' id='par_1_80' title="bbox 201 5536 1775 5610">
     <span class='ocr_line' id='line_1_81' title="bbox 201 5536 1775 5610; baseline -0.003 -18"><span class='ocrx_word' id='word_1_635' title='bbox 201 5544 433 5610; x_wconf 63' lang='grc' dir='ltr'>φρονεῖν</span> <span class='ocrx_word' id='word_1_636' title='bbox 471 5539 684 5609; x_wconf 64' lang='grc' dir='ltr'>μέτωπ’</span> <span class='ocrx_word' id='word_1_637' title='bbox 733 5537 884 5606; x_wconf 77' lang='grc' dir='ltr'><strong>αὑτῷ</strong></span> <span class='ocrx_word' id='word_1_638' title='bbox 910 5555 923 5567; x_wconf 91' lang='grc'><strong>·</strong></span> <span class='ocrx_word' id='word_1_639' title='bbox 962 5536 1184 5590; x_wconf 72' lang='grc' dir='ltr'>ἐπειδὰν</span> <span class='ocrx_word' id='word_1_640' title='bbox 1212 5537 1266 5587; x_wconf 78' lang='grc' dir='ltr'>δὲ</span> <span class='ocrx_word' id='word_1_641' title='bbox 1301 5536 1634 5604; x_wconf 78' lang='grc' dir='ltr'>παλινῳδίαν</span> <span class='ocrx_word' id='word_1_642' title='bbox 1669 5537 1775 5606; x_wconf 78' lang='grc' dir='ltr'><strong>ᾄσῃ</strong></span> 
     </span>
    </p>
   </div>
   <div class='ocr_carea' id='block_1_81' title="bbox 199 5628 1776 5704">
    <p class='ocr_par' dir='ltr' id='par_1_81' title="bbox 199 5628 1776 5704">
     <span class='ocr_line' id='line_1_82' title="bbox 199 5628 1776 5704; baseline -0.004 -19"><span class='ocrx_word' id='word_1_643' title='bbox 199 5639 313 5696; x_wconf 79' lang='grc' dir='ltr'>τοῖς</span> <span class='ocrx_word' id='word_1_644' title='bbox 367 5637 612 5704; x_wconf 71' lang='grc' dir='ltr'>τρόποις,</span> <span class='ocrx_word' id='word_1_645' title='bbox 658 5633 750 5682; x_wconf 68' lang='grc' dir='ltr'><strong>καὶ</strong></span> <span class='ocrx_word' id='word_1_646' title='bbox 801 5630 937 5697; x_wconf 71' lang='grc' dir='ltr'>μετὰ</span> <span class='ocrx_word' id='word_1_647' title='bbox 985 5629 1093 5681; x_wconf 88' lang='grc' dir='ltr'><strong>τῶν</strong></span> <span class='ocrx_word' id='word_1_648' title='bbox 1142 5628 1473 5681; x_wconf 75' lang='grc' dir='ltr'>ἀδικούντων</span> <span class='ocrx_word' id='word_1_649' title='bbox 1528 5630 1776 5698; x_wconf 62' lang='grc' dir='ltr'>γένηται,</span> 
     </span>
    </p>
   </div>
   <div class='ocr_carea' id='block_1_82' title="bbox 276 5789 798 5859">
    <p class='ocr_par' dir='ltr' id='par_1_82' title="bbox 276 5789 798 5859">
     <span class='ocr_line' id='line_1_83' title="bbox 276 5789 798 5859; baseline 0.002 -20"><span class='ocrx_word' id='word_1_650' title='bbox 276 5795 353 5859; x_wconf 70' lang='grc' dir='ltr'><strong>(ιι)</strong></span> <span class='ocrx_word' id='word_1_651' title='bbox 389 5791 524 5846; x_wconf 84' lang='lat' dir='ltr'><strong>Cod.</strong></span> <span class='ocrx_word' id='word_1_652' title='bbox 555 5789 798 5852; x_wconf 68' lang='grc' dir='ltr'>δικαᾱως.</span> 
     </span>
    </p>
   </div>
   <div class='ocr_carea' id='block_1_83' title="bbox 1855 3237 3428 3330">
    <p class='ocr_par' dir='ltr' id='par_1_83' title="bbox 1855 3257 3428 3330">
     <span class='ocr_line' id='line_1_84' title="bbox 1855 3257 3428 3330; baseline 0.001 -17"><span class='ocrx_word' id='word_1_653' title='bbox 1855 3260 2121 3330; x_wconf 74' lang='lat' dir='ltr'><strong>aﬂligunt,</strong></span> <span class='ocrx_word' id='word_1_654' title='bbox 2152 3257 2494 3312; x_wconf 87' lang='lat' dir='ltr'><strong>inimicorum</strong></span> <span class='ocrx_word' id='word_1_655' title='bbox 2531 3268 2651 3311; x_wconf 86' lang='lat' dir='ltr'><strong>vota</strong></span> <span class='ocrx_word' id='word_1_656' title='bbox 2685 3258 2904 3327; x_wconf 77' lang='lat' dir='ltr'><strong>explent</strong></span> <span class='ocrx_word' id='word_1_657' title='bbox 2929 3270 2985 3313; x_wconf 90' lang='lat' dir='ltr'><strong>et</strong></span> <span class='ocrx_word' id='word_1_658' title='bbox 3011 3274 3070 3313; x_wconf 84' lang='lat' dir='ltr'><strong>se</strong></span> <span class='ocrx_word' id='word_1_659' title='bbox 3106 3259 3160 3312; x_wconf 92' lang='lat' dir='ltr'><strong>in</strong></span> <span class='ocrx_word' id='word_1_660' title='bbox 3185 3270 3428 3315; x_wconf 81' lang='lat' dir='ltr'><strong>extrema</strong></span> 
     </span>
    </p>
   </div>
   <div class='ocr_carea' id='block_1_84' title="bbox 1858 3371 3430 3444">
    <p class='ocr_par' dir='ltr' id='par_1_84' title="bbox 1858 3371 3430 3444">
     <span class='ocr_line' id='line_1_85' title="bbox 1858 3371 3430 3444; baseline -0.001 -17"><span class='ocrx_word' id='word_1_661' title='bbox 1858 3375 2100 3444; x_wconf 87' lang='lat' dir='ltr'><strong>pericula</strong></span> <span class='ocrx_word' id='word_1_662' title='bbox 2134 3374 2504 3427; x_wconf 87' lang='lat' dir='ltr'><strong>committunt.</strong></span> <span class='ocrx_word' id='word_1_663' title='bbox 2542 3371 2611 3427; x_wconf 86' lang='lat' dir='ltr'><strong>Ut</strong></span> <span class='ocrx_word' id='word_1_664' title='bbox 2636 3372 2778 3425; x_wconf 85' lang='lat' dir='ltr'><strong>enim</strong></span> <span class='ocrx_word' id='word_1_665' title='bbox 2810 3373 3040 3426; x_wconf 81' lang='lat' dir='ltr'><strong>Achillis</strong></span> <span class='ocrx_word' id='word_1_666' title='bbox 3066 3373 3348 3426; x_wconf 84' lang='lat' dir='ltr'><strong>audaciam</strong></span> <span class='ocrx_word' id='word_1_667' title='bbox 3373 3383 3430 3426; x_wconf 84' lang='lat' dir='ltr'><strong>et</strong></span> 
     </span>
    </p>
   </div>
   <div class='ocr_carea' id='block_1_85' title="bbox 1861 3484 3436 3556">
    <p class='ocr_par' dir='ltr' id='par_1_85' title="bbox 1861 3484 3436 3556">
     <span class='ocr_line' id='line_1_86' title="bbox 1861 3484 3436 3556; baseline -0.001 -15"><span class='ocrx_word' id='word_1_668' title='bbox 1861 3487 2031 3541; x_wconf 87' lang='lat' dir='ltr'><strong>robur</strong></span> <span class='ocrx_word' id='word_1_669' title='bbox 2066 3485 2420 3555; x_wconf 86' lang='lat' dir='ltr'><strong>possideant;</strong></span> <span class='ocrx_word' id='word_1_670' title='bbox 2457 3493 2516 3538; x_wconf 94' lang='lat' dir='ltr'><strong>ut</strong></span> <span class='ocrx_word' id='word_1_671' title='bbox 2547 3484 2799 3556; x_wconf 85' lang='lat' dir='ltr'><strong>ejusdem</strong></span> <span class='ocrx_word' id='word_1_672' title='bbox 2825 3485 2994 3539; x_wconf 87' lang='lat' dir='ltr'><strong>armis</strong></span> <span class='ocrx_word' id='word_1_673' title='bbox 3013 3496 3071 3540; x_wconf 89' lang='lat' dir='ltr'><strong>et</strong></span> <span class='ocrx_word' id='word_1_674' title='bbox 3096 3487 3256 3553; x_wconf 79' lang='lat' dir='ltr'><strong>equis</strong></span> <span class='ocrx_word' id='word_1_675' title='bbox 3278 3497 3436 3541; x_wconf 86' lang='lat' dir='ltr'><strong>utan-</strong></span> 
     </span>
    </p>
   </div>
   <div class='ocr_carea' id='block_1_86' title="bbox 1862 3597 3435 3664">
    <p class='ocr_par' dir='ltr' id='par_1_86' title="bbox 1862 3597 3435 3664">
     <span class='ocr_line' id='line_1_87' title="bbox 1862 3597 3435 3664; baseline -0.001 -10"><span class='ocrx_word' id='word_1_676' title='bbox 1862 3611 1987 3664; x_wconf 88' lang='lat' dir='ltr'><strong>tur;</strong></span> <span class='ocrx_word' id='word_1_677' title='bbox 2033 3609 2091 3653; x_wconf 91' lang='lat' dir='ltr'><strong>ut</strong></span> <span class='ocrx_word' id='word_1_678' title='bbox 2119 3613 2342 3653; x_wconf 86' lang='lat' dir='ltr'><strong>onmem</strong></span> <span class='ocrx_word' id='word_1_679' title='bbox 2373 3598 2600 3652; x_wconf 80' lang='lat' dir='ltr'><strong>Achillis</strong></span> <span class='ocrx_word' id='word_1_680' title='bbox 2640 3607 2812 3651; x_wconf 88' lang='lat' dir='ltr'><strong>artem</strong></span> <span class='ocrx_word' id='word_1_681' title='bbox 2861 3597 3114 3652; x_wconf 86' lang='lat' dir='ltr'><strong>bellicam</strong></span> <span class='ocrx_word' id='word_1_682' title='bbox 3144 3598 3200 3652; x_wconf 91' lang='lat' dir='ltr'><strong>in</strong></span> <span class='ocrx_word' id='word_1_683' title='bbox 3251 3598 3435 3652; x_wconf 89' lang='lat' dir='ltr'><strong>animo</strong></span> 
     </span>
    </p>
   </div>
   <div class='ocr_carea' id='block_1_87' title="bbox 1861 3713 3436 3783">
    <p class='ocr_par' dir='ltr' id='par_1_87' title="bbox 1861 3713 3436 3783">
     <span class='ocr_line' id='line_1_88' title="bbox 1861 3713 3436 3783; baseline 0.001 -15"><span class='ocrx_word' id='word_1_684' title='bbox 1861 3713 2251 3768; x_wconf 78' lang='lat' dir='ltr'><strong>circumferant</strong></span> <span class='ocrx_word' id='word_1_685' title='bbox 2280 3732 2293 3768; x_wconf 89' lang='lat'><strong>:</strong></span> <span class='ocrx_word' id='word_1_686' title='bbox 2322 3714 2458 3767; x_wconf 77' lang='lat' dir='ltr'><strong>nilnil</strong></span> <span class='ocrx_word' id='word_1_687' title='bbox 2493 3714 2801 3783; x_wconf 81' lang='lat' dir='ltr'><strong>proﬁcient,</strong></span> <span class='ocrx_word' id='word_1_688' title='bbox 2861 3715 2906 3769; x_wconf 85' lang='lat' dir='ltr'><strong>si</strong></span> <span class='ocrx_word' id='word_1_689' title='bbox 2969 3715 3177 3783; x_wconf 84' lang='lat' dir='ltr'><strong>seipsos</strong></span> <span class='ocrx_word' id='word_1_690' title='bbox 3215 3715 3436 3769; x_wconf 89' lang='lat' dir='ltr'><strong>domare</strong></span> 
     </span>
    </p>
   </div>
   <div class='ocr_carea' id='block_1_88' title="bbox 1863 3825 3432 3895">
    <p class='ocr_par' dir='ltr' id='par_1_88' title="bbox 1863 3825 3432 3895">
     <span class='ocr_line' id='line_1_89' title="bbox 1863 3825 3432 3895; baseline 0.001 -15"><span class='ocrx_word' id='word_1_691' title='bbox 1863 3829 2134 3880; x_wconf 82' lang='lat' dir='ltr'><strong>nesciunt.</strong></span> <span class='ocrx_word' id='word_1_692' title='bbox 2173 3825 2292 3880; x_wconf 85' lang='lat' dir='ltr'><strong>Non</strong></span> <span class='ocrx_word' id='word_1_693' title='bbox 2332 3826 2477 3880; x_wconf 90' lang='lat' dir='ltr'><strong>enim</strong></span> <span class='ocrx_word' id='word_1_694' title='bbox 2521 3826 2614 3895; x_wconf 88' lang='lat' dir='ltr'><strong>qui</strong></span> <span class='ocrx_word' id='word_1_695' title='bbox 2643 3841 2876 3895; x_wconf 88' lang='lat' dir='ltr'><strong>corpore</strong></span> <span class='ocrx_word' id='word_1_696' title='bbox 2900 3836 3030 3880; x_wconf 92' lang='lat' dir='ltr'><strong>sunt</strong></span> <span class='ocrx_word' id='word_1_697' title='bbox 3087 3829 3277 3894; x_wconf 83' lang='lat' dir='ltr'><strong>fortes,</strong></span> <span class='ocrx_word' id='word_1_698' title='bbox 3334 3828 3432 3883; x_wconf 87' lang='lat' dir='ltr'><strong>sed</strong></span> 
     </span>
    </p>
   </div>
   <div class='ocr_carea' id='block_1_89' title="bbox 1864 3938 3438 4009">
    <p class='ocr_par' dir='ltr' id='par_1_89' title="bbox 1864 3938 3438 4009">
     <span class='ocr_line' id='line_1_90' title="bbox 1864 3938 3438 4009; baseline 0.003 -18"><span class='ocrx_word' id='word_1_699' title='bbox 1864 3941 1957 4009; x_wconf 90' lang='lat' dir='ltr'><strong>qui</strong></span> <span class='ocrx_word' id='word_1_700' title='bbox 1989 3938 2118 3993; x_wconf 76' lang='lat' dir='ltr'><strong>forti</strong></span> <span class='ocrx_word' id='word_1_701' title='bbox 2139 3947 2268 3993; x_wconf 87' lang='lat' dir='ltr'><strong>sunt</strong></span> <span class='ocrx_word' id='word_1_702' title='bbox 2291 3938 2497 4004; x_wconf 87' lang='lat' dir='ltr'><strong>animo,</strong></span> <span class='ocrx_word' id='word_1_703' title='bbox 2519 3938 2722 4008; x_wconf 84' lang='lat' dir='ltr'><strong>ubique</strong></span> <span class='ocrx_word' id='word_1_704' title='bbox 2744 3940 2963 4004; x_wconf 67' lang='lat' dir='ltr'><strong>vicere;</strong></span> <span class='ocrx_word' id='word_1_705' title='bbox 2996 3941 3230 3996; x_wconf 83' lang='lat' dir='ltr'><strong>audaces</strong></span> <span class='ocrx_word' id='word_1_706' title='bbox 3254 3951 3438 3996; x_wconf 90' lang='lat' dir='ltr'><strong>autem</strong></span> 
     </span>
    </p>
   </div>
   <div class='ocr_carea' id='block_1_90' title="bbox 1863 4049 3438 4120">
    <p class='ocr_par' dir='ltr' id='par_1_90' title="bbox 1863 4049 3438 4120">
     <span class='ocr_line' id='line_1_91' title="bbox 1863 4049 3438 4120; baseline 0.004 -18"><span class='ocrx_word' id='word_1_707' title='bbox 1863 4049 2111 4104; x_wconf 84' lang='lat' dir='ltr'><strong>videmus</strong></span> <span class='ocrx_word' id='word_1_708' title='bbox 2143 4049 2459 4120; x_wconf 88' lang='lat' dir='ltr'><strong>quicunque</strong></span> <span class='ocrx_word' id='word_1_709' title='bbox 2486 4051 2758 4119; x_wconf 87' lang='lat' dir='ltr'><strong>justitiam</strong></span> <span class='ocrx_word' id='word_1_710' title='bbox 2791 4064 3051 4107; x_wconf 79' lang='lat' dir='ltr'><strong>exercent</strong></span> <span class='ocrx_word' id='word_1_711' title='bbox 3082 4062 3138 4108; x_wconf 91' lang='lat' dir='ltr'><strong>et</strong></span> <span class='ocrx_word' id='word_1_712' title='bbox 3169 4070 3438 4109; x_wconf 84' lang='lat' dir='ltr'><strong>veneran-</strong></span> 
     </span>
    </p>
   </div>
   <div class='ocr_carea' id='block_1_91' title="bbox 1867 4163 3435 4233">
    <p class='ocr_par' dir='ltr' id='par_1_91' title="bbox 1867 4163 3435 4233">
     <span class='ocr_line' id='line_1_92' title="bbox 1867 4163 3435 4233; baseline 0.004 -15"><span class='ocrx_word' id='word_1_713' title='bbox 1867 4173 1979 4220; x_wconf 90' lang='lat' dir='ltr'><strong>tur.</strong></span> <span class='ocrx_word' id='word_1_714' title='bbox 2010 4163 2066 4218; x_wconf 91' lang='lat' dir='ltr'><strong>Si</strong></span> <span class='ocrx_word' id='word_1_715' title='bbox 2101 4164 2249 4218; x_wconf 87' lang='lat' dir='ltr'><strong>enim</strong></span> <span class='ocrx_word' id='word_1_716' title='bbox 2275 4164 2542 4233; x_wconf 83' lang='lat' dir='ltr'><strong>justitiam</strong></span> <span class='ocrx_word' id='word_1_717' title='bbox 2570 4167 2752 4220; x_wconf 88' lang='lat' dir='ltr'><strong>colere</strong></span> <span class='ocrx_word' id='word_1_718' title='bbox 2782 4165 2962 4220; x_wconf 78' lang='lat' dir='ltr'><strong>oﬂicio</strong></span> <span class='ocrx_word' id='word_1_719' title='bbox 2988 4167 3305 4222; x_wconf 80' lang='lat' dir='ltr'><strong>satisfacere</strong></span> <span class='ocrx_word' id='word_1_720' title='bbox 3328 4178 3435 4231; x_wconf 75' lang='lat' dir='ltr'><strong>est.</strong></span> 
     </span>
    </p>
   </div>
   <div class='ocr_carea' id='block_1_92' title="bbox 1863 4281 3437 4353">
    <p class='ocr_par' dir='ltr' id='par_1_92' title="bbox 1863 4281 3437 4353">
     <span class='ocr_line' id='line_1_93' title="bbox 1863 4281 3437 4353; baseline 0.002 -19"><span class='ocrx_word' id='word_1_721' title='bbox 1863 4281 1969 4335; x_wconf 83' lang='lat' dir='ltr'><strong>hoc</strong></span> <span class='ocrx_word' id='word_1_722' title='bbox 2003 4290 2189 4334; x_wconf 88' lang='lat' dir='ltr'><strong>autem</strong></span> <span class='ocrx_word' id='word_1_723' title='bbox 2247 4295 2438 4336; x_wconf 90' lang='lat' dir='ltr'><strong>rursus</strong></span> <span class='ocrx_word' id='word_1_724' title='bbox 2480 4283 2683 4336; x_wconf 88' lang='lat' dir='ltr'><strong>mentis</strong></span> <span class='ocrx_word' id='word_1_725' title='bbox 2716 4283 3008 4337; x_wconf 81' lang='lat' dir='ltr'><strong>sanitatem</strong></span> <span class='ocrx_word' id='word_1_726' title='bbox 3047 4282 3274 4350; x_wconf 89' lang='lat' dir='ltr'><strong>indicat,</strong></span> <span class='ocrx_word' id='word_1_727' title='bbox 3340 4286 3437 4353; x_wconf 90' lang='lat' dir='ltr'><strong>qui</strong></span> 
     </span>
    </p>
   </div>
   <div class='ocr_carea' id='block_1_93' title="bbox 1861 4393 3442 4467">
    <p class='ocr_par' dir='ltr' id='par_1_93' title="bbox 1861 4393 3442 4467">
     <span class='ocr_line' id='line_1_94' title="bbox 1861 4393 3442 4467; baseline 0.001 -18"><span class='ocrx_word' id='word_1_728' title='bbox 1861 4393 2134 4464; x_wconf 84' lang='lat' dir='ltr'><strong>justitiam</strong></span> <span class='ocrx_word' id='word_1_729' title='bbox 2158 4395 2290 4448; x_wconf 71' lang='lat' dir='ltr'><strong>facit</strong></span> <span class='ocrx_word' id='word_1_730' title='bbox 2321 4404 2379 4448; x_wconf 88' lang='lat' dir='ltr'><strong>et</strong></span> <span class='ocrx_word' id='word_1_731' title='bbox 2431 4410 2562 4449; x_wconf 87' lang='lat' dir='ltr'><strong>sana</strong></span> <span class='ocrx_word' id='word_1_732' title='bbox 2592 4409 2658 4448; x_wconf 87' lang='lat' dir='ltr'><strong>eo</strong></span> <span class='ocrx_word' id='word_1_733' title='bbox 2696 4396 2811 4462; x_wconf 92' lang='lat' dir='ltr'><strong>ipso</strong></span> <span class='ocrx_word' id='word_1_734' title='bbox 2863 4405 3046 4450; x_wconf 88' lang='lat' dir='ltr'><strong>mente</strong></span> <span class='ocrx_word' id='word_1_735' title='bbox 3104 4405 3209 4461; x_wconf 84' lang='lat' dir='ltr'><strong>est,</strong></span> <span class='ocrx_word' id='word_1_736' title='bbox 3257 4399 3442 4467; x_wconf 88' lang='lat' dir='ltr'><strong>justus</strong></span> 
     </span>
    </p>
   </div>
   <div class='ocr_carea' id='block_1_94' title="bbox 1799 4506 3438 4580">
    <p class='ocr_par' dir='ltr' id='par_1_94' title="bbox 1799 4506 3438 4580">
     <span class='ocr_line' id='line_1_95' title="bbox 1799 4506 3438 4580; baseline 0.002 -21"><span class='ocrx_word' id='word_1_737' title='bbox 1799 4509 1840 4565; x_wconf 83' lang='grc' dir='ltr'><strong>ι)</strong></span> <span class='ocrx_word' id='word_1_738' title='bbox 1872 4517 2020 4560; x_wconf 87' lang='lat' dir='ltr'><strong>recte</strong></span> <span class='ocrx_word' id='word_1_739' title='bbox 2049 4507 2362 4561; x_wconf 88' lang='lat' dir='ltr'><strong>habebitur.</strong></span> <span class='ocrx_word' id='word_1_740' title='bbox 2389 4506 2597 4561; x_wconf 79' lang='lat' dir='ltr'><strong>idcirco</strong></span> <span class='ocrx_word' id='word_1_741' title='bbox 2624 4523 2722 4562; x_wconf 90' lang='lat' dir='ltr'><strong>nec</strong></span> <span class='ocrx_word' id='word_1_742' title='bbox 2739 4509 2950 4577; x_wconf 88' lang='lat' dir='ltr'><strong>justitia</strong></span> <span class='ocrx_word' id='word_1_743' title='bbox 2971 4523 3104 4563; x_wconf 83' lang='lat' dir='ltr'><strong>sana</strong></span> <span class='ocrx_word' id='word_1_744' title='bbox 3125 4519 3305 4564; x_wconf 87' lang='lat' dir='ltr'><strong>mente</strong></span> <span class='ocrx_word' id='word_1_745' title='bbox 3324 4511 3438 4580; x_wconf 89' lang='lat' dir='ltr'><strong>pri-</strong></span> 
     </span>
    </p>
   </div>
   <div class='ocr_carea' id='block_1_95' title="bbox 1876 4620 3443 4693">
    <p class='ocr_par' dir='ltr' id='par_1_95' title="bbox 1876 4620 3443 4693">
     <span class='ocr_line' id='line_1_96' title="bbox 1876 4620 3443 4693; baseline 0.003 -20"><span class='ocrx_word' id='word_1_746' title='bbox 1876 4631 1998 4674; x_wconf 83' lang='lat' dir='ltr'><strong>vata</strong></span> <span class='ocrx_word' id='word_1_747' title='bbox 2023 4629 2110 4674; x_wconf 90' lang='lat' dir='ltr'><strong>est</strong></span> <span class='ocrx_word' id='word_1_748' title='bbox 2154 4620 2384 4690; x_wconf 89' lang='lat' dir='ltr'><strong>aliquid.</strong></span> <span class='ocrx_word' id='word_1_749' title='bbox 2411 4621 2651 4690; x_wconf 78' lang='lat' dir='ltr'><strong>Utraque</strong></span> <span class='ocrx_word' id='word_1_750' title='bbox 2673 4621 2820 4675; x_wconf 87' lang='lat' dir='ltr'><strong>enim</strong></span> <span class='ocrx_word' id='word_1_751' title='bbox 2843 4624 3033 4693; x_wconf 86' lang='lat' dir='ltr'><strong>juncta</strong></span> <span class='ocrx_word' id='word_1_752' title='bbox 3063 4623 3284 4677; x_wconf 88' lang='lat' dir='ltr'><strong>demum</strong></span> <span class='ocrx_word' id='word_1_753' title='bbox 3310 4639 3443 4678; x_wconf 87' lang='lat' dir='ltr'><strong>con-</strong></span> 
     </span>
    </p>
   </div>
   <div class='ocr_carea' id='block_1_96' title="bbox 1873 4735 3443 4807">
    <p class='ocr_par' dir='ltr' id='par_1_96' title="bbox 1873 4735 3443 4807">
     <span class='ocr_line' id='line_1_97' title="bbox 1873 4735 3443 4807; baseline 0.001 -17"><span class='ocrx_word' id='word_1_754' title='bbox 1873 4736 2103 4790; x_wconf 90' lang='lat' dir='ltr'><strong>cordare</strong></span> <span class='ocrx_word' id='word_1_755' title='bbox 2130 4735 2349 4803; x_wconf 90' lang='lat' dir='ltr'><strong>poterit.</strong></span> <span class='ocrx_word' id='word_1_756' title='bbox 2381 4736 2483 4790; x_wconf 93' lang='lat' dir='ltr'><strong>Ubi</strong></span> <span class='ocrx_word' id='word_1_757' title='bbox 2505 4746 2685 4790; x_wconf 75' lang='lat' dir='ltr'><strong>autem</strong></span> <span class='ocrx_word' id='word_1_758' title='bbox 2713 4736 2885 4789; x_wconf 91' lang='lat' dir='ltr'><strong>bonos</strong></span> <span class='ocrx_word' id='word_1_759' title='bbox 2915 4752 3096 4791; x_wconf 85' lang='lat' dir='ltr'><strong>mores</strong></span> <span class='ocrx_word' id='word_1_760' title='bbox 3119 4738 3443 4807; x_wconf 78' lang='lat' dir='ltr'><strong>tergiversa-</strong></span> 
     </span>
    </p>
   </div>
   <div class='ocr_carea' id='block_1_97' title="bbox 1879 4825 3442 4918">
    <p class='ocr_par' dir='ltr' id='par_1_97' title="bbox 1879 4848 3442 4918">
     <span class='ocr_line' id='line_1_98' title="bbox 1879 4848 3442 4918; baseline 0.003 -15"><span class='ocrx_word' id='word_1_761' title='bbox 1879 4848 2030 4903; x_wconf 84' lang='lat' dir='ltr'><strong>bcris</strong></span> <span class='ocrx_word' id='word_1_762' title='bbox 2063 4860 2116 4902; x_wconf 90' lang='lat' dir='ltr'><strong>et</strong></span> <span class='ocrx_word' id='word_1_763' title='bbox 2152 4849 2480 4918; x_wconf 83' lang='lat' dir='ltr'><strong>injustorum</strong></span> <span class='ocrx_word' id='word_1_764' title='bbox 2514 4851 2908 4904; x_wconf 84' lang='lat' dir='ltr'><strong>commercium</strong></span> <span class='ocrx_word' id='word_1_765' title='bbox 2930 4853 3253 4916; x_wconf 83' lang='lat' dir='ltr'><strong>sectaberis.</strong></span> <span class='ocrx_word' id='word_1_766' title='bbox 3290 4854 3442 4908; x_wconf 89' lang='lat' dir='ltr'><strong>nullo</strong></span> 
     </span>
    </p>
   </div>
   <div class='ocr_carea' id='block_1_98' title="bbox 1878 4961 3442 5034">
    <p class='ocr_par' dir='ltr' id='par_1_98' title="bbox 1878 4961 3442 5034">
     <span class='ocr_line' id='line_1_99' title="bbox 1878 4961 3442 5034; baseline 0.005 -20"><span class='ocrx_word' id='word_1_767' title='bbox 1878 4961 2043 5015; x_wconf 91' lang='lat' dir='ltr'><strong>modo</strong></span> <span class='ocrx_word' id='word_1_768' title='bbox 2078 4978 2207 5015; x_wconf 85' lang='lat' dir='ltr'><strong>sana</strong></span> <span class='ocrx_word' id='word_1_769' title='bbox 2269 4972 2319 5017; x_wconf 87' lang='lat' dir='ltr'><strong>te</strong></span> <span class='ocrx_word' id='word_1_770' title='bbox 2350 4974 2531 5018; x_wconf 88' lang='lat' dir='ltr'><strong>mcnte</strong></span> <span class='ocrx_word' id='word_1_771' title='bbox 2573 4965 2679 5017; x_wconf 81' lang='lat' dir='ltr'><strong>frui</strong></span> <span class='ocrx_word' id='word_1_772' title='bbox 2719 4967 3074 5021; x_wconf 82' lang='lat' dir='ltr'><strong>asscrucrim.</strong></span> <span class='ocrx_word' id='word_1_773' title='bbox 3133 4968 3278 5034; x_wconf 84' lang='lat' dir='ltr'><strong>Quid</strong></span> <span class='ocrx_word' id='word_1_774' title='bbox 3330 4969 3442 5022; x_wconf 80' lang='lat' dir='ltr'><strong>ita?</strong></span> 
     </span>
    </p>
   </div>
   <div class='ocr_carea' id='block_1_99' title="bbox 1877 5072 3442 5147">
    <p class='ocr_par' dir='ltr' id='par_1_99' title="bbox 1877 5072 3442 5147">
     <span class='ocr_line' id='line_1_100' title="bbox 1877 5072 3442 5147; baseline 0.008 -23"><span class='ocrx_word' id='word_1_775' title='bbox 1877 5072 2128 5142; x_wconf 90' lang='lat' dir='ltr'><strong>quianon</strong></span> <span class='ocrx_word' id='word_1_776' title='bbox 2156 5075 2300 5143; x_wconf 89' lang='lat' dir='ltr'><strong>quod</strong></span> <span class='ocrx_word' id='word_1_777' title='bbox 2329 5077 2485 5129; x_wconf 90' lang='lat' dir='ltr'><strong>decet</strong></span> <span class='ocrx_word' id='word_1_778' title='bbox 2512 5077 2603 5129; x_wconf 90' lang='lat' dir='ltr'><strong>sed</strong></span> <span class='ocrx_word' id='word_1_779' title='bbox 2629 5079 2771 5147; x_wconf 82' lang='lat' dir='ltr'><strong>quod</strong></span> <span class='ocrx_word' id='word_1_780' title='bbox 2797 5080 3044 5146; x_wconf 86' lang='lat' dir='ltr'><strong>dedecet,</strong></span> <span class='ocrx_word' id='word_1_781' title='bbox 3072 5081 3222 5136; x_wconf 80' lang='lat' dir='ltr'><strong>facit.</strong></span> <span class='ocrx_word' id='word_1_782' title='bbox 3255 5082 3310 5137; x_wconf 91' lang='lat' dir='ltr'><strong>Si</strong></span> <span class='ocrx_word' id='word_1_783' title='bbox 3345 5099 3442 5136; x_wconf 85' lang='lat' dir='ltr'><strong>an-</strong></span> 
     </span>
    </p>
   </div>
   <div class='ocr_carea' id='block_1_100' title="bbox 1883 5188 3440 5266">
    <p class='ocr_par' dir='ltr' id='par_1_100' title="bbox 1883 5188 3440 5266">
     <span class='ocr_line' id='line_1_101' title="bbox 1883 5188 3440 5266; baseline 0.008 -27"><span class='ocrx_word' id='word_1_784' title='bbox 1883 5196 1989 5240; x_wconf 89' lang='lat' dir='ltr'><strong>tem</strong></span> <span class='ocrx_word' id='word_1_785' title='bbox 2048 5203 2076 5240; x_wconf 89' lang='lat' dir='ltr'><strong>e</strong></span> <span class='ocrx_word' id='word_1_786' title='bbox 2113 5188 2314 5241; x_wconf 79' lang='lat' dir='ltr'><strong>mentis</strong></span> <span class='ocrx_word' id='word_1_787' title='bbox 2346 5190 2661 5244; x_wconf 86' lang='lat' dir='ltr'><strong>conditione</strong></span> <span class='ocrx_word' id='word_1_788' title='bbox 2697 5193 2968 5262; x_wconf 64' lang='lat' dir='ltr'><strong>provenit,</strong></span> <span class='ocrx_word' id='word_1_789' title='bbox 3005 5194 3051 5247; x_wconf 90' lang='lat' dir='ltr'><strong>si</strong></span> <span class='ocrx_word' id='word_1_790' title='bbox 3092 5209 3202 5248; x_wconf 87' lang='lat' dir='ltr'><strong>non</strong></span> <span class='ocrx_word' id='word_1_791' title='bbox 3253 5198 3440 5266; x_wconf 89' lang='lat' dir='ltr'><strong>utique</strong></span> 
     </span>
    </p>
   </div>
   <div class='ocr_carea' id='block_1_101' title="bbox 1880 5296 3436 5372">
    <p class='ocr_par' dir='ltr' id='par_1_101' title="bbox 1880 5296 3436 5372">
     <span class='ocr_line' id='line_1_102' title="bbox 1880 5296 3436 5372; baseline 0.008 -24"><span class='ocrx_word' id='word_1_792' title='bbox 1880 5296 2120 5350; x_wconf 81' lang='lat' dir='ltr'><strong>victores</strong></span> <span class='ocrx_word' id='word_1_793' title='bbox 2152 5312 2364 5364; x_wconf 86' lang='lat' dir='ltr'><strong>sumus,</strong></span> <span class='ocrx_word' id='word_1_794' title='bbox 2389 5298 2522 5351; x_wconf 84' lang='lat' dir='ltr'><strong>bene</strong></span> <span class='ocrx_word' id='word_1_795' title='bbox 2555 5301 2758 5354; x_wconf 63' lang='lat' dir='ltr'><strong>sentire.</strong></span> <span class='ocrx_word' id='word_1_796' title='bbox 2793 5310 2975 5356; x_wconf 81' lang='lat' dir='ltr'><strong>autem</strong></span> <span class='ocrx_word' id='word_1_797' title='bbox 3003 5303 3221 5372; x_wconf 86' lang='lat' dir='ltr'><strong>etjusta</strong></span> <span class='ocrx_word' id='word_1_798' title='bbox 3251 5304 3436 5361; x_wconf 84' lang='lat' dir='ltr'><strong>facere</strong></span> 
     </span>
    </p>
   </div>
   <div class='ocr_carea' id='block_1_102' title="bbox 1875 5408 3440 5487">
    <p class='ocr_par' dir='ltr' id='par_1_102' title="bbox 1875 5408 3440 5487">
     <span class='ocr_line' id='line_1_103' title="bbox 1875 5408 3440 5487; baseline 0.006 -24"><span class='ocrx_word' id='word_1_799' title='bbox 1875 5408 2069 5463; x_wconf 86' lang='lat' dir='ltr'><strong>eodem</strong></span> <span class='ocrx_word' id='word_1_800' title='bbox 2111 5411 2362 5474; x_wconf 81' lang='lat' dir='ltr'><strong>redeunt,</strong></span> <span class='ocrx_word' id='word_1_801' title='bbox 2396 5412 2509 5464; x_wconf 86' lang='lat' dir='ltr'><strong>ticri</strong></span> <span class='ocrx_word' id='word_1_802' title='bbox 2540 5429 2643 5466; x_wconf 87' lang='lat' dir='ltr'><strong>non</strong></span> <span class='ocrx_word' id='word_1_803' title='bbox 2671 5427 2848 5482; x_wconf 68' lang='lat' dir='ltr'><strong>pmest</strong></span> <span class='ocrx_word' id='word_1_804' title='bbox 2872 5416 3002 5484; x_wconf 89' lang='lat' dir='ltr'><strong>quin</strong></span> <span class='ocrx_word' id='word_1_805' title='bbox 3036 5419 3128 5487; x_wconf 89' lang='lat' dir='ltr'><strong>qui</strong></span> <span class='ocrx_word' id='word_1_806' title='bbox 3167 5419 3240 5474; x_wconf 87' lang='lat' dir='ltr'><strong>ita</strong></span> <span class='ocrx_word' id='word_1_807' title='bbox 3288 5428 3440 5482; x_wconf 82' lang='lat' dir='ltr'><strong>sunt.</strong></span> 
     </span>
    </p>
   </div>
   <div class='ocr_carea' id='block_1_103' title="bbox 1879 5522 3442 5595">
    <p class='ocr_par' dir='ltr' id='par_1_103' title="bbox 1879 5522 3442 5595">
     <span class='ocr_line' id='line_1_104' title="bbox 1879 5522 3442 5595; baseline 0.009 -23"><span class='ocrx_word' id='word_1_808' title='bbox 1879 5536 2073 5590; x_wconf 88' lang='lat' dir='ltr'><strong>nempe</strong></span> <span class='ocrx_word' id='word_1_809' title='bbox 2107 5522 2293 5592; x_wconf 78' lang='lat' dir='ltr'><strong>injusti</strong></span> <span class='ocrx_word' id='word_1_810' title='bbox 2324 5524 2393 5576; x_wconf 88' lang='lat' dir='ltr'><strong>ob</strong></span> <span class='ocrx_word' id='word_1_811' title='bbox 2424 5525 2842 5595; x_wconf 76' lang='lat' dir='ltr'><strong>intprudnnt‘am</strong></span> <span class='ocrx_word' id='word_1_812' title='bbox 2888 5529 2956 5583; x_wconf 88' lang='lat' dir='ltr'><strong>ab</strong></span> <span class='ocrx_word' id='word_1_813' title='bbox 2988 5531 3221 5584; x_wconf 86' lang='lat' dir='ltr'><strong>inimicis</strong></span> <span class='ocrx_word' id='word_1_814' title='bbox 3271 5535 3442 5586; x_wconf 85' lang='lat' dir='ltr'><strong>casti-</strong></span> 
     </span>
    </p>
   </div>
   <div class='ocr_carea' id='block_1_104' title="bbox 1878 5626 3451 5717">
    <p class='ocr_par' dir='ltr' id='par_1_104' title="bbox 1878 5626 3451 5717">
     <span class='ocr_line' id='line_1_105' title="bbox 1878 5626 3451 5717; baseline 0.008 -27"><span class='ocrx_word' id='word_1_815' title='bbox 1878 5645 2072 5706; x_wconf 79' lang='lat' dir='ltr'><strong>gentur</strong></span> <span class='ocrx_word' id='word_1_816' title='bbox 2111 5647 2166 5692; x_wconf 92' lang='lat' dir='ltr'><strong>et</strong></span> <span class='ocrx_word' id='word_1_817' title='bbox 2221 5626 2886 5711; x_wconf 22' lang='lat' dir='ltr'><strong>graviter.periclitentur.</strong></span> <span class='ocrx_word' id='word_1_818' title='bbox 2928 5645 3067 5711; x_wconf 88' lang='lat' dir='ltr'><strong>Quid</strong></span> <span class='ocrx_word' id='word_1_819' title='bbox 3127 5648 3325 5717; x_wconf 72' lang='lat' dir='ltr'><strong>plura?</strong></span> <span class='ocrx_word' id='word_1_820' title='bbox 3385 5646 3451 5702; x_wconf 82' lang='lat' dir='ltr'><strong>Et</strong></span> 
     </span>
    </p>
   </div>
  </div>
