4232 6432
791 374 904 440 515

2006 385 2402 445 THEODULI
2447 386 2794 447 MONACIH

3918 386 4025 453 516
4069 374 4071 376 ’

795 486 958 538 robur
980 495 1033 540 et
1059 486 1362 555 ingenium,
1388 497 1440 543 et
1469 490 1734 561 quidquid
1776 492 1983 548 dixeris
2012 498 2189 564 parvi,
2249 499 2358 551 imo
2389 507 2430 560 Α
2460 518 2466 531 ·

2389 498 2746 567 Ατηνικαῦτ⁹
2797 497 2916 552 οὐδὲ
2964 501 3180 567 φρονεῖν
3241 498 3380 560 ὅλως
3441 498 3671 567 φήσαιμ’
3729 498 3795 551 ἀν
3856 500 4034 567 ἔγωγε

796 610 980 649 coram
1007 595 1240 652 Numine
1280 599 1465 653 divino
1489 601 1689 655 nullius
1718 612 1803 656 est
1830 605 2116 672 momenti,
2174 609 2262 661 cui
2296 623 2355 662 se

795 707 1100 763 subducere
1123 718 1420 780 nequeunt,
1456 710 1566 766 imo
1598 712 1652 767 in
1678 728 1736 768 se
1771 715 1994 769 trahunt
2017 717 2113 786 qui
2142 719 2355 789 injusti-

798 821 928 876 tiam
957 833 1270 890 operantur.

874 1697 959 1750 tl.
990 1696 1058 1752 Ut
1092 1696 1397 1765 exemplum
1432 1696 1486 1750 in
1528 1694 1764 1751 medium
1787 1696 2147 1766 proferamus,
2177 1691 2366 1747 Acha:-

807 1809 1043 1862 menidae
1069 1818 1210 1862 terra
1264 1810 1508 1876 marique
1533 1809 1884 1876 gravissimas
1934 1806 2360 1863 Atheniensibus
2393 1826 2432 1880 Β

801 1933 991 1985 [pinnas
1011 1918 1303 1984 dederunt,
1325 1920 1468 1989 quod
1489 1920 1750 1974 Graeciam
1788 1919 2016 1989 perdere
2039 1918 2356 1982 voluerant;

801 2043 970 2092 quare
1003 2029 1201 2083 misere
1225 2029 1391 2082 vitam
1426 2029 1747 2084 amiserunt.
1788 2029 1892 2096 Qui
1927 2043 2119 2082 verum
2167 2027 2362 2081 imbel-

802 2136 906 2191 lem
943 2138 1089 2194 hunc
1121 2140 1423 2216 exercitum
1457 2147 1655 2194 terram
1717 2148 1774 2194 et
1831 2152 1981 2192 mare
2030 2139 2285 2208 quatiens
2311 2147 2366 2190 et

802 2251 1000 2306 mentis
1037 2252 1178 2307 male
1211 2267 1357 2308 same
1391 2240 1721 2323 signadans
1747 2269 1872 2307 eum
1907 2253 1962 2307 in
1997 2252 2158 2306 finem
2191 2252 2367 2306 addu-

802 2376 956 2418 xerat
996 2375 1054 2420 ut
1083 2365 1345 2421 Graeciam
1370 2366 1545 2436 prima
1579 2369 1926 2437 aggressione
1951 2367 2285 2438 subjugaret,
2324 2368 2368 2421 is

804 2488 993 2533 contra
1026 2495 1241 2535 omnem
1266 2497 1420 2552 spem
1456 2484 1600 2553 turpi
1640 2484 1766 2553 fuga
1813 2483 2040 2537 salutem
2095 2483 2366 2553 quaesivit.

805 2592 1095 2660 lnterjecto
1129 2593 1329 2649 deinde
1361 2605 1610 2666 tempore
1659 2598 2079 2654 Atheniensium
2104 2599 2286 2657 clades
2313 2601 2368 2656 in

810 2707 1000 2761 Sicilia
1065 2716 1122 2763 et
1182 2719 1438 2764 extrema:
1486 2710 1591 2765 illa:
1638 2712 1977 2768 calamitates
2028 2714 2368 2776 acciderunt.

805 2823 1005 2890 quibus
1039 2823 1172 2876 nihil
1204 2823 1441 2887 tristius,
1491 2835 1546 2881 et
1587 2842 1723 2896 quas
1757 2827 1916 2884 siccis
1942 2831 2112 2884 oculis
2172 2831 2371 2885 referre

807 2937 1009 3001 posteri
1037 2938 1361 3005 nequibant.
1381 2939 1524 3004 Quid
1544 2940 1784 3011 denique
1813 2943 1870 2997 in
1901 2958 2066 2998 causa
2097 2943 2198 2999 fuit
2226 2947 2372 3015 quod

805 3046 925 3099 Chii
954 3047 1058 3101 sub
1086 3047 1513 3119 Smyrnaaorum,
1567 3051 1964 3110 Lacedaemonii
2006 3057 2110 3112 sub
2158 3057 2374 3112 Theba-

2457 590 2647 644 τοῦτον
2676 590 2831 643 τοῦτο
2866 591 2926 642 τὸ
2971 592 3153 660 μέρος.
3203 590 3302 642 Διά
3346 590 3432 654 τί;
3467 590 3546 642 ὅτι
3577 590 3678 660 οὐχ
3708 590 3743 643 ἃ.
3775 591 3876 654 δεῖ,
3909 590 4035 642 ἀλλ’

2456 683 2493 736 ἃ
2526 685 2600 753 μὴ
2640 683 2720 735 δεῖ
2752 684 3012 751 πράττειν
3058 681 3194 751 ᾤετο
3235 682 3365 734 δεῖν.
3405 683 3469 736 ΕΙ
3505 681 3560 733 δὲ
3589 681 3650 733 τὸ
3696 681 3772 752 μὴ
3820 700 4034 735 παντα-

2459 774 2556 844 χοῦ
2618 776 2840 842 κρατεῖν
2896 775 2956 826 ἐκ
2988 772 3084 825 τοῦ
3120 775 3337 842 φρονεῖν
3368 774 3773 846 περιγίγνεται,
3804 775 3864 826 τὸ
3893 775 3939 826 δ’
3974 770 4034 826 εὖ

2461 868 2677 936 φρονεῖν
2731 870 2825 918 καὶ
2883 856 3067 917 δίκαια
3118 867 3388 934 πρᾴσσειν
3433 866 3514 927 είς
3561 868 3760 918 ταυτὸν
3787 868 4033 935 ἔρχεται,

2459 957 2674 1026 ἀνάγκη
2731 959 2878 1010 πᾶσα
2927 957 3052 1018 τοὺς
3099 955 3174 1026 μὴ
3232 956 3403 1027 ταύτῃ
3458 957 3858 1025 διακειμένους,
3910 956 4032 1010 ἀλλ’

2460 1048 2819 1113 ἀδικοῦντας,
2879 1047 2955 1110 ὡς
2998 1048 3238 1117 ἄφρονας
3296 1049 3603 1117 ἑκασταχοῦ
3649 1052 3762 1111 τοῖς
3807 1051 4030 1120 ἐχθροῖς

2460 1141 2603 1195 νῶτα
2624 1141 2844 1202 διδόναι,
2882 1142 2975 1194 καὶ⁴
3021 1141 3351 1192 κινδυνεύειν
3394 1141 3583 1210 ὥσπερ
3617 1143 3784 1203 εἰκός.
3824 1143 3936 1196 Καὶ
3975 1143 4031 1194 τί

2465 1235 2544 1286 δεῖ
2586 1231 2758 1287 ταῦτα
2801 1232 3018 1299 λέγειν;
3050 1231 3141 1284 καὶ
3180 1232 3339 1302 ῥώμη
3367 1233 3536 1300 δήπου
3567 1235 3660 1284 καὶ
3692 1233 3905 1295 σύνεσις
3934 1235 4035 1286 καὶ

2466 1329 2495 1381 ὅ
2523 1345 2576 1381 τι
2608 1329 2676 1381 ἂν
2719 1328 2862 1380 εῐποι
2898 1343 3002 1390 τις,
3028 1327 3187 1381 πάντ’
3216 1317 3426 1379 ἐλάττω
3472 1327 3674 1390 μᾶλλον
3702 1326 3758 1379 δὲ
3788 1326 3882 1379 τοῦ
3921 1345 4034 1396 μη-

2463 1418 2609 1481 δενὸς
2656 1415 2782 1482 ἀξια
2832 1417 2929 1486 τῆς
2963 1415 3114 1479 θείας
3149 1417 3353 1487 ροπῆςο
3386 1410 3453 1485 ἦς
3481 1416 3579 1486 οὐχ
3609 1417 3758 1479 ὅπως
3793 1417 4036 1468 ἀποστε-

2468 1507 2653 1577 ροῦσιν
2697 1506 3115 1570 ἐαυτοὺς,ἀλλά
3172 1508 3266 1560 καὶ
3322 1507 3562 1560 κινοῦσιν
3609 1503 3667 1562 εὖ
3712 1507 3856 1578 μάλα
3910 1509 4037 1560 καθ’

2466 1598 2673 1651 ἑαυτῶν
2702 1598 2750 1650 οί
2783 1599 3145 1668 προσέχοντες
3176 1598 3382 1669 ἀδικίᾳ.

2538 1696 2627 1746 ια’.
2671 1689 2948 1742 Ἐντεῦθεν
3004 1691 3304 1760 Ἀθηναίοις
3349 1691 3718 1759 Ἀχαιμενίδαι
3769 1692 4039 1760 μεγίστην

2467 1783 2576 1836 τῶν
2607 1784 2669 1835 ἐκ
2713 1781 2807 1834 τοῦ
2857 1782 3058 1844 παντὸς
3093 1781 3289 1845 αἰῶνος
3333 1784 3424 1835 καὶ
3455 1783 3600 1836 κατά
3627 1784 3732 1851 γῆν
3765 1784 3860 1836 καὶ
3892 1785 4041 1835 κατὶ

2465 1873 2738 1928 θάλατταν
2765 1871 2921 1942 δίκην
2967 1872 3222 1940 ὑπέσχον,
3257 1869 3375 1923 ἀνθ’
3409 1863 3485 1922 ὧν
3517 1871 3704 1932 κακῶς
3753 1869 4041 1939 ἐπεθύμηο

2467 1983 2565 2018 σαν
2597 1964 2697 2034 τῆς
2732 1962 2978 2024 Ἑλλάδος
3004 1977 3018 1991 ⁸
3049 1963 3096 2014 oi
3127 1961 3226 2030 μὲν
3251 1963 3412 2014 κακοὶ
3433 1963 3622 2026 κακῶς
3657 1962 3895 2015 ἐνταῦθα
3932 1980 4038 2015 πε-

2467 2061 2650 2117 σῦντες
2669 2070 2683 2083 ·
2708 2056 2736 2108 ό
2761 2054 2817 2107 δὶ
2848 2055 2949 2123 τὴν
2985 2052 3198 2121 ἄμαχον
3226 2052 3432 2121 ταύτην
3464 2053 3559 2105 καὶ
3588 2053 3826 2122 πλήθους
3849 2052 4038 2106 εἵνεκα

2465 2147 2608 2213 λέγω
2658 2147 2751 2199 καὶ
2802 2144 2991 2214 ῥώμης
3043 2147 3138 2198 καὶ
3191 2143 3508 2214 θαυμαστῆς
3542 2144 3628 2198 διὰ
3677 2147 3898 2201 πάντων
3930 2163 4041 2196 πα-

2471 2237 2743 2306 ρασκευῆς
2769 2238 3110 2305 ἐπαγόμενος
3142 2238 3427 2305 στρατιὰν,
3469 2237 3562 2289 καὶ
3594 2237 3731 2307 πρὸς
3760 2238 3820 2290 τὸ
3846 2237 4042 2291 δοκοῦν

2468 2310 2663 2397 ἐαυτῷ
2696 2327 2790 2380 καὶ
2840 2325 2946 2395 γῆν
3002 2327 3096 2378 καὶ
3147 2325 3417 2379 θάλατταν
3458 2326 3737 2396 μεθιστὰς,
3777 2331 3870 2382 καὶ
3921 2331 4044 2389 ταῖς

2468 2420 2690 2482 ἀτόποις
2751 2417 3078 2488 ὑπερϐολαῖς
3131 2418 3339 2480 πάντας
3378 2417 3714 2489 ἐκπλήττων,
3771 2421 3867 2471 καὶ
3933 2424 4034 2490 τὴν

2477 2511 2704 2565 Ἐλλάδα
2739 2513 2918 2564 πᾶσαν
2948 2512 3185 2580 νομίζων
3217 2511 3465 2565 αύτοόοεὶ
3511 2511 3857 2582 διαρπάσειν,
3885 2512 4043 2575 οὗτος

2469 2603 2644 2666 οὕτως
2674 2604 2914 2673 αἰσχρῶς
2947 2603 3258 2668 ἀπαλλάξας
3306 2605 3400 2656 καὶ
3442 2605 3592 2673 παρὰ
3643 2606 3826 2657 πᾶσαν
3878 2606 4039 2668 ἠντι-

2472 2698 2598 2750 νοῦν
2631 2698 2956 2768 προσδοκίαν
2986 2698 3061 2761 ὡς
3109 2700 3204 2752 καὶ
3249 2701 3393 2768 φυγῇ
3426 2699 3524 2768 τὴν
3555 2699 3830 2768 σωτηρίαν
3857 2697 4044 2765 ἑαυτῷ

2475 2790 2804 2860 πεπορίσθαι
2830 2805 2845 2820 ο
2889 2791 3138 2843 ἐντεῦθεν
3184 2793 3217 2860 ἡ
3248 2791 3356 2843 τῶν
3399 2790 3700 2859 Ἀθηναίων
3730 2792 3787 2840 ἐν
3821 2789 4045 2859 Σικελία

2477 2883 2750 2952 συμφορὰ,
2791 2883 2886 2934 καὶ
2941 2883 3008 2934 τὰ
3071 2883 3354 2935 δεινότατα
3407 2884 3586 2933 ἐκεῖνα
3643 2884 3736 2933 καὶ
3793 2880 4046 2950 ἀφόρητα

2477 2975 2648 3044 πάθη,
2689 2979 2782 3028 καὶ
2814 2977 2993 3028 πᾶσαν
3026 2975 3423 3044 ὑπερὸαίνοντα
3453 2974 3785 3042 τραγῳδίαν,
3813 2966 3888 3024 ὦν
3934 2972 4048 3023 οὐδ’

2479 3067 2742 3136 ἀδακρυτὶ
2794 3067 3104 3135 μεμνῆσθαι
3147 3068 3255 3127 τοῖς
3294 3064 3462 3118 ἔπειτ’
3509 3067 3652 3133 ἐξῆν.
3709 3063 4049 3129 Δακεδαιμο-

809 3177 1002 3215 norum
1034 3174 1158 3232 post
1213 3165 1557 3233 Leuctricam
1622 3171 1829 3226 cladem
1887 3170 2150 3230 ditionem
2210 3170 2480 3230 vene-.C'

2389 3170 2444 3230 ,ο
2477 3159 2623 3223 νίους
2674 3159 2731 3212 δέ
2784 3163 2878 3212 καὶ
2931 3159 3092 3219 Χίους
3137 3159 3190 3210 τί
3242 3157 3303 3210 τὸ
3354 3157 3591 3225 ποιῆσαν
3649 3157 3774 3218 τοὺς
3813 3156 3912 3226 μὲν
3945 3156 4051 3210 ὑπὸ

810 3280 979 3333 runt?
1025 3281 1216 3335 Nonne
1246 3282 1391 3350 quod
1427 3283 1518 3338 alii
1554 3300 1773 3355 gravem
1811 3287 1865 3339 in
1927 3288 2149 3343 modum
2188 3305 2377 3358 pecca-

812 3404 958 3455 rnnt,
986 3402 1042 3446 et
1075 3393 1298 3464 insuper
1326 3395 1465 3452 filias
1489 3409 1671 3468 raptas
1691 3400 1743 3453 in
1779 3409 1975 3470 puteos
2021 3402 2379 3472 dejecerunt?

809 3502 930 3556 Chii
955 3504 1180 3572 quidem
1219 3507 1272 3559 in
1298 3506 1571 3578 Dionysiis
1601 3511 1910 3580 Symrna'os
1938 3528 2090 3567 sacra
2117 3514 2380 3570 facientes

810 3630 1084 3671 armorum
1103 3621 1152 3672 vi
1171 3619 1289 3675 sine
1301 3623 1981 3696 causajustagsubegerunt.
1999 3628 2255 3684 Utautem
2273 3631 2382 3686 Eu-

814 3729 1090 3797 rystheum
1111 3729 1354 3786 Stheneli
1382 3732 1556 3788 ﬁlium
1582 3737 1848 3804 omittam,
1880 3739 1972 3806 qui
1994 3740 2381 3811 ingratitudinc

811 3853 992 3896 motus
1029 3843 1342 3902 Heraclidas
1369 3861 1400 3901 e
1429 3856 1539 3902 tota
1568 3848 1774 3905 Graecia
1798 3855 2053 3922 expulsos
2105 3872 2372 3928 nusquam

811 3959 1011 4036 morari
1037 3959 1269 4026 sinebat,
1306 3969 1359 4016 et
1386 3960 1452 4017 iis
1483 3964 1576 4032 qui
1607 3964 1729 4020 illos
1756 3967 1991 4037 hospitio
2030 3972 2379 4042 excipiebant

808 4079 1083 4126 extremas
1120 4073 1298 4130 minas
1331 4074 1658 4142 intentabat,
1702 4089 1756 4134 et
1781 4089 1982 4137 sortem
2017 4085 2152 4140 adeo
2188 4087 2378 4141 duram

810 4193 1070 4252 expertus
1097 4197 1180 4242 est
1219 4197 1278 4241 ut
1303 4184 1358 4243 in
1391 4206 1569 4262 pugna
1597 4209 1772 4250 caesus
1797 4213 1905 4251 non
1940 4209 2148 4255 tantum
2192 4208 2381 4274 sepul-

809 4313 926 4363 cro,
1141 4314 1195 4358 et
1254 4306 1443 4364 liberis
1499 4310 1748 4379 privatus
1790 4314 1882 4378 sit,
1938 4326 1994 4370 et
2055 4318 2246 4374 nolens
2273 4319 2378 4374 lle-

810 4413 1063 4482 raclidas,
1101 4432 1240 4487 quos
1282 4429 1442 4476 antea
1483 4423 1536 4477 in
1594 4440 1878 4482 servorum
1919 4430 2043 4486 loco
2091 4433 2380 4498 habuerat,

2478 3253 2822 3321 Σμυρναίων,
2870 3251 3331 3319 Λακεδαιμονίους
3382 3248 3439 3300 δὲ
3499 3247 3605 3300 ὑπὸ
3669 3247 3924 3316 Θηϐαίων
3994 3249 4049 3299 ἐν

2477 3344 2778 3410 Λεύκτροις
2837 3344 2937 3414 τῆς
2993 3342 3254 3404 Βοιωτίας
3300 3340 3502 3411 ἐσχάτῃ
3561 3341 3879 3408 περιπεσ.ῖν
3914 3356 4054 3408 συμ-

2480 3441 2654 3510 φορᾷς
2682 3440 2779 3508 οὐχ
2820 3439 2902 3491 ὅτι
2941 3438 3009 3489 τά
3063 3437 3296 3505 μέγιστα
3337 3435 3552 3487 πάντων
3581 3435 3629 3486 oi
3665 3433 3760 3502 μὲν
3810 3433 4054 3501 παρηνό·

2483 3548 2636 3599 μουν,
2675 3530 2766 3583 καὶ
2802 3524 2882 3590 οἷς
2911 3528 3007 3581 τὰς
3033 3527 3201 3597 κόρας
3235 3523 3373 3592 μετά
3406 3524 3496 3576 τὸν
3538 3523 3653 3594 βὶον
3699 3523 3932 3584 ἀνεῖλον,
3959 3523 4051 3574 καὶ

2480 3617 2560 3686 οἷς
2591 3620 2794 3684 ταύτας
2827 3622 2906 3684 εις
2934 3620 3111 3691 φρέαρ
3139 3619 3428 3683 ἐνέΰαλον;
3460 3618 3577 3669 Χῖοι
3603 3616 3646 3668 δ’
3679 3619 3734 3668 ἐν
3749 3618 4049 3677 Διονυσίοις

2480 3713 2732 3782 ἠσέϐουν,
2776 3711 3102 3782 βακχεύουσι
3129 3710 3239 3772 τοῖς
3279 3708 3613 3778 Σμυρναίοις
3644 3707 3894 3770 ἐπιόντες
3929 3705 4050 3774 μεθ’

2479 3805 2680 3867 ὅπλων,
2717 3804 2811 3856 καὶ
2832 3801 2984 3856 ταῦτ’
3020 3800 3171 3854 οὐδὲν
3201 3801 3306 3853 τῶν
3340 3799 3598 3853 ἀπάντων
3637 3797 3850 3868 ἔχοντες
3885 3800 4052 3865 ἐγκα-

2481 3898 2612 3951 λεῖν.
2646 3897 2763 3949 Ἵνα
2805 3895 2852 3948 δ’
2901 3894 3187 3962 Εὐρυσθέα
3235 3894 3327 3946 τὸν
3383 3891 3638 3944 Σθενέλου
3692 3892 3874 3961 παρῶ,
3909 3891 4054 3944 οὕτω

2480 3988 2572 4041 διὰ
2726 3987 2804 4048 είς
2850 3982 3206 4053 Ἡρακλείδας
3251 3979 3669 4050 ἀγνωμοσύνην,
3696 3981 3790 4032 καὶ
3836 3980 3898 4032 τὸ
3940 3998 4050 4046 μηο

2481 4081 2652 4148 δαμοῦ
2694 4080 2792 4147 τῆς
2831 4077 3079 4138 Ἑλλάδος
3119 4073 3339 4136 τούτους
3371 4075 3487 4143 ἐᾷν,
3516 4071 3653 4125 ἀλλά
3699 4073 3794 4123 καὶ
3821 4071 4050 4140 δεξομέ-

2481 4190 2591 4234 νοις
2616 4171 2686 4224 τά
2712 4171 2912 4240 ἔσχατα
2940 4169 3204 4229 ἀπειλεῖν,
3236 4164 3296 4218 οὔ
3309 4185 3379 4218 τω
3407 4164 3670 4218 δυσκόλου
3709 4163 4048 4232 πειραθέντα

2482 4266 2574 4317 τοῦ
2603 4265 2878 4333 δαίμονος,
2908 4262 2986 4324 ὡς
3017 4259 3092 4330 μὴ
3129 4261 3289 4328 μόνον
3328 4259 3483 4328 ἐργον
3519 4255 3682 4309 αὑτὸν
3721 4255 4054 4324 γεγενῆσθαι

2485 4357 2746 4426 πολέμου,
2782 4357 2877 4408 καὶ
2931 4354 3066 4421 πρὸς
3116 4355 3229 4414 τοῖς
3269 4349 3388 4403 οὖσι
3430 4351 3525 4401 καὶ
3557 4351 3657 4417 τῆς
3689 4346 3825 4400 οῐκοι
3875 4347 4055 4414 ταφῆς

2483 4449 2754 4510 ἐκπεσεῖν,
2791 4444 2926 4497 ἀλλά
2956 4449 3052 4496 καὶ
3105 4442 3213 4495 τῶν
3247 4438 3414 4495 αὑτῦ
3463 4439 3691 4499 παίδων,
3723 4440 3818 4491 καὶ
3851 4440 4054 4493 ἄκοντα

810 4543 959 4583 nunc
1009 4528 1260 4588 dominos
1307 4520 1544 4593 instituit
1575 4555 1638 4595 ac
1693 4544 1986 4614 principes.
2027 4547 2158 4612 Quis
2207 4552 2382 4604 nescit
2416 4541 2456 4591 ι)

2381 4590 2382 4599 η
2416 4541 2456 4591 ι)
2486 4541 2610 4600 τοὺς
2639 4535 2998 4607 -Ἢρακλείδας
3036 4533 3376 4601 καταστῆσαι
3405 4531 3651 4602 κυρεους,
3679 4530 3773 4593 οὓς
3815 4531 4052 4600 πρόσθεν

812 4645 958 4713 quod
993 4646 1169 4717 Troja:
1203 4651 1477 4706 excidium
1509 4655 1798 4712 Alexandri
1820 4661 2152 4740 dementiam
2181 4679 2380 4718 evoca-

819 4764 920 4827 vit,
963 4762 1058 4830 qui
1092 4765 1285 4818 urbem
1308 4778 1362 4820 et
1391 4767 1537 4823 cives
1567 4772 1874 4841 etseipsum
1902 4776 2217 4831 interemit?
2247 4780 2382 4844 Quis

815 4873 1030 4942 ignorat
1074 4878 1220 4947 quod
1260 4879 1452 4935 barum
1491 4885 1861 4942 calamitatum
1913 4891 2233 4945 memoriam
2283 4908 2381 4960 per

815 5002 980 5042 omne
1006 4999 1219 5059 tempus
1243 4992 1426 5062 durat,
1452 5006 1506 5052 et
1533 4998 1676 5066 quod
1709 4999 1762 5052 id
1783 5001 1928 5069 quod
1952 5002 2272 5058 mortalibus
2296 5005 2382 5058 di-

819 5101 1092 5155 rissimum
1126 5104 1375 5160 accidere
1403 5118 1599 5177 potest,
1643 5113 1910 5168 malorum
1941 5115 2070 5171 Ilias
2115 5119 2383 5174 vocatur?

818 5223 876 5267 ut
917 5216 1103 5284 paucis
1139 5219 1415 5275 absolvam
1469 5226 1614 5292 quod
1647 5226 1758 5280 sola
1789 5227 1972 5284 Iliadis
2012 5246 2142 5286 voce
2181 5248 2381 5286 terum-

817 5349 1009 5387 narnm
1036 5335 1308 5405 fastigium
1339 5338 1610 5394 indicatur
1637 5343 1659 5395 ’ἶ

887 5541 972 5594 12.
1002 5540 1148 5594 Nihil
1173 5541 1354 5611 itaque
1385 5543 1747 5612 perniciosius
1781 5546 2066 5616 injustitia,
2099 5549 2234 5601 nihil
2267 5565 2387 5602 ma-

817 5647 898 5697 gis
953 5637 1266 5701 fugiendum
1309 5647 1412 5700 est,
1471 5636 1536 5689 iis
1563 5638 1853 5706 praecipue,
1903 5641 1995 5705 qui
2036 5641 2231 5692 armati
2263 5641 2385 5690 vita:

818 5728 1120 5793 periculum
1160 5730 1309 5782 omni
1366 5730 1494 5784 hora
1525 5730 1751 5795 faciunt,
1799 5747 2014 5800 semper
2067 5732 2122 5783 in
2170 5747 2383 5786 summo

817 5821 1132 5877 discuiminc
1171 5837 1477 5889 versantur,
1509 5827 1563 5890 ii,
1590 5828 1830 5896 inquam,
1865 5827 2233 5895 potissimum.
2263 5842 2382 5891 Ino-

2485 4628 2558 4688 ὡς
2610 4627 2829 4687 δούλους
2876 4624 3154 4703 ἀπήλαυνε
3181 4635 3198 4654 ⁸
3243 4621 3327 4684 τίς
3370 4621 3471 4674 οὐκ
3521 4616 3630 4673 οἵδε
3657 4622 3767 4672 τῶν
3799 4620 4056 4672 ἁπάντων

2481 4722 2610 4789 ὼςή
2643 4721 2740 4789 τῆς
2783 4719 2942 4772 Ἰλίου
2963 4716 3293 4786 κατασκαφὴ
3337 4715 3437 4783 τῆς
3479 4713 3829 4782 Ἀλεξάνδρου
3874 4730 4054 4782 παρα-

2486 4813 2685 4882 νομίας
2745 4811 3002 4879 ἐξῆπται,
3028 4810 3284 4871 κάκεῖνος
3327 4806 3654 4869 αἰτιώτατος
3684 4806 3931 4872 ἐγεγόνει
3963 4805 4053 4856 τοῦ

2481 4908 2578 4959 καὶ
2602 4906 2809 4976 ταύτην
2846 4905 2942 4957 καὶ
2974 4904 3128 4969 γένος
3171 4900 3321 4953 ἀπαν
3355 4901 3451 4953 καὶ
3483 4899 3670 4952 τοῦτον
3702 4899 3866 4951 αὐτὸν
3902 4899 4049 4948 "'2:-

2483 5000 2703 5067 τρίφθαι
2761 4995 3058 5060 καθάπαξς
3109 4993 3208 5063 τὴν
3261 4992 3319 5046 δὲ
3365 4993 3569 5045 τούτων
3621 4993 3843 5059 μνήμην
3886 5005 4052 5050 ουτως

2484 5090 2750 5144 ἀθάνατον
2800 5086 2943 5147 κατά
2979 5085 3182 5143 παντὸς
3233 5085 3457 5138 ἐστάναι
3485 5081 3580 5135 τοῦ
3613 5084 3830 5150 χρόνου,
3858 5080 3936 5141 ὡς
3968 5082 4059 5131 καὶ

2485 5185 2552 5233 τὰ
2584 5181 2808 5234 πλείστα
2837 5178 2932 5231 καὶ
2976 5176 3192 5246 μέγισθ’
3221 5175 3482 5229 ἑκάστοτε
3514 5175 3621 5226 τῶν
3655 5176 3714 5224 ἐν
3750 5172 4059 5239 ἀνθρώποις

2484 5271 2834 5340 ἀδικημάτων
2889 5267 3137 5321 ἐντεῦθεν
3194 5268 3338 5334 ἔχειν
3393 5264 3653 5328 ἀκούειν,
3691 5265 3788 5315 καὶ
3858 5263 4058 5314 Ἰλιάδα

2485 5361 2670 5413 κακῶν
2704 5357 3128 5428 προσειρῆσθαιο
3161 5358 3233 5420 ὼς
3266 5359 3424 5425 μόνον
3455 5353 3783 5422 ἀποχρῶσαν
3828 5355 4060 5419 ταυτηνὶ

2483 5453 2582 5518 τὴν
2610 5453 2792 5503 εἰκόνα
2824 5451 2962 5519 πρὸς
2995 5448 3222 5511 ἔνδειξιν
3250 5448 3348 5514 τῆς
3382 5445 3586 5498 τούτων
3617 5443 3951 5511 ὑπερϐολῆς.

2559 5542 2642 5612 ιβ’.
2675 5542 2859 5602 Οὕτως
2905 5542 3056 5593 οὐδὲν
3098 5541 3459 5605 ἐξωλέστερον
3502 5537 3772 5606 δήπουθεν
3824 5535 4060 5594 ἀδικίας,

2485 5637 2591 5688 038’
2625 5635 2652 5687 ὃ
2706 5635 2909 5702 μᾶλλον
2951 5634 3172 5700 φεύγειν
3221 5634 3386 5700 ἐχρῆν
3415 5648 3426 5660 ’
3462 5634 3557 5682 καὶ
3593 5630 3801 5688 πάντας
3854 5626 4060 5692 μένογε

2486 5730 2612 5790 τοὺς
2646 5729 2858 5790 ἄλλους,
2876 5726 3103 5778 τοσοῦτο
3132 5725 3188 5776 δὲ
3215 5725 3372 5777 πλέον
3400 5723 3524 5785 τούς
3550 5722 3600 5790 γ’
3630 5725 3688 5774 ἐν
3711 5723 3822 5781 τοῖς
3846 5719 4060 5781 ὅπλοις,

2490 5825 2614 5876 ὅσον
2646 5824 2739 5876 καὶ
2775 5822 2925 5890 μόνοι
2957 5821 3052 5887 τὴν
3087 5818 3302 5870 πάντων
3326 5819 3415 5868 τὸν
3441 5834 3504 5868 πε
3519 5816 3568 5884 pi.
3596 5814 3772 5883 ψυχῆς
3800 5812 4062 5864 ἑκάστοτε
