4232 6432
165 376 275 436 517

1131 377 1412 436 OllATiO
1458 380 1548 437 DE
1591 381 2088 442 SUBDITURUM
2136 384 2480 445 OFFICIIS.

3313 387 3416 452 518

165 494 410 556 θέοντες,
436 494 528 544 καὶ
567 491 671 545 τῶν
699 491 790 544 τοῦ
816 492 930 563 βίου
959 493 1111 560 σφίσι
1142 495 1484 564 πραγμάτων
1517 497 1611 548 ἐπὶ
1643 496 1734 559 ξυ-
1769 506 1787 557 Δ

1769 506 1810 558 Α
1842 497 2007 551 nendi
2043 507 2172 552 sunt
2200 514 2269 554 ne
2297 501 2403 554 vim
2440 501 2563 556 aliis
2586 502 2837 570 inferant,
2868 507 2961 561 sed
2994 520 3025 559 a
3057 504 3200 560 tristi
3242 508 3425 560 avari-

170 585 266 653 ροῦ
316 583 696 648 καθεστώτων,
740 585 986 655 ἀνάγκην
1031 586 1240 657 ἴσχουσι
1275 586 1362 640 διά
1408 588 1579 640 ταῦτα
1637 589 1736 654 μά-

162 677 326 730 λιστα
369 679 588 730 πάντων
613 676 743 745 περὶ
784 677 1030 738 πλείονος
1065 677 1358 740 ποιεῖσθαι,
1394 678 1595 744 μηδένα
1621 678 1737 747 βιά-

164 770 358 832 ζεσθαι
395 769 532 836 μηδὲ
562 769 842 832 διασείειν,
875 768 950 829 ὡς
997 767 1174 835 λόγος,
1205 769 1341 821 ἀλλά
1381 770 1480 837 τῆς
1521 770 1736 822 κάκιστ’

164 862 554 930 ἀπολουμένης
587 847 921 923 πλεονεξίας,
945 859 1041 912 καὶ
1086 859 1180 911 τοῦ
1227 862 1338 922 τοῖς
1368 859 1737 928 ταλαιπώροις

163 953 428 1021 ἀγρόταις
455 954 768 1020 ἐπιχειρεῖν,
799 949 1098 1018 ἀπέχεσθαι
1136 949 1234 1018 μὲν
1285 950 1598 1002 παντάπασι
1642 951 1737 1000 καὶ

168 1047 348 1111 μισεῖν
384 1043 536 1110 ὁμῶς
567 1043 720 1095 ἀΐδαο
751 1042 1001 1111 πύλῃσιν,
1036 1040 1254 1108 ἔχεσθαι
1289 1039 1345 1092 δὲ
1389 1037 1735 1107 δικαιοσύνης

165 1137 258 1187 καὶ
303 1138 416 1196 τοῖς
467 1131 614 1188 οὖσιν
647 1132 967 1203 ἀρκεῖσθαι·
1007 1133 1330 1203 θαυμαστήν
1377 1149 1500 1185 τινα
1531 1131 1734 1198 ταύτην

165 1229 241 1295 τῷ
295 1228 412 1278 ὄντι
460 1226 760 1278 πανοπλίαν
803 1223 1135 1292 νομίζοντες,
1163 1225 1258 1277 καὶ
1293 1224 1472 1291 πάσης
1517 1225 1733 1294 ἡστινο-

165 1319 296 1369 σοῦν
345 1319 512 1385 ἄλλης
560 1317 1005 1386 λυσιτελεστέραν
1050 1333 1108 1368 τε
1160 1315 1256 1368 καὶ
1300 1315 1537 1367 καλλίω·
1578 1316 1732 1382 εῖπερ

164 1404 328 1462 αὗται
395 1412 496 1478 μὲν
548 1410 894 1474 δικαιοσύνης
950 1408 1218 1476 ἀπούσης.
1263 1407 1532 1476 σφαλερὸν
1593 1406 1758 1482 κατὰ.

164 1504 444 1570 Σοφοκλέα
480 1497 628 1571 ῥῦμα
661 1502 917 1554 πέλονται
940 1484 1018 1567 ’.ἡ
1051 1500 1107 1550 δὲ
1153 1499 1248 1551 καὶ
1287 1497 1491 1551 τούτων
1543 1499 1733 1566 χωρὶς,

165 1598 261 1649 ᾰτε
299 1594 551 1661 θεοφιλὴς
581 1589 734 1656 οὖσα,
773 1593 870 1644 καὶ
896 1591 990 1644 τοῦ
1023 1591 1222 1652 παντὸς
1250 1590 1397 1658 αὐτῷ
1425 1590 1733 1659 τιμωμένη,

163 1689 254 1740 οἵα
297 1688 344 1739 τ’
379 1688 499 1739 ἐστὶ
539 1687 662 1748 τοὺς
709 1673 1024 1754 χρωμένους
1049 1686 1141 1737 καὶ
1188 1677 1257 1736 lx
1295 1683 1462 1752 πυρὸς
1494 1682 1558 1735 ἂν
1591 1682 1738 1734 αἰθο-

169 1781 377 1846 μένοιο,
430 1779 524 1830 καὶ
584 1778 706 1828 ὅτου
760 1793 844 1837 τις
892 1775 958 1828 ἂν
1015 1778 1088 1845 φῇ
1145 1773 1466 1844 δυσχεροῦς,
1489 1774 1732 1843 εὐχερῶς

166 1870 519 1938 ἀφαρπάζειν
547 1884 560 1896 ·
589 1867 807 1928 ὁποίους
834 1867 895 1935 δή
927 1884 1077 1924 τινας
1117 1865 1356 1927 ἅπαντες
1392 1863 1572 1933 ίσμεν,
1606 1865 1732 1916 πολ-

165 1964 294 2025 λούς
344 1980 402 2013 τε
452 1961 645 2021 ἄλλους
681 1960 877 2020 καλοὺς
911 1958 1184 2026 κάγαθούς
1207 1974 1223 1990 ο
1271 1958 1363 2012 καὶ
1389 1957 1453 2026 δὴ
1485 1959 1577 2010 καὶ
1612 1959 1737 2018 τοὺς

167 2057 472 2122 ἀπογόνους
502 2055 598 2124 μὲν
636 2054 878 2117 Ἐζεκίου
912 2052 998 2104 διὰ
1038 2052 1097 2103 δὲ
1129 2049 1348 2120 τρόπων
1386 2049 1737 2117 δικαιοσύνης

168 2149 585 2215 εἰςποιηϐἑντας
633 2145 784 2214 Θεῷ·
815 2145 903 2197 τὸν
939 2144 1037 2212 μὲν
1066 2145 1318 2206 λεόντων,
1349 2146 1474 2205 τοὺς
1506 2143 1550 2194 δ’
1576 2143 1732 2207 ἐξάν-

165 2255 278 2300 τεις
303 2237 501 2304 φλογὸς
537 2236 832 2302 γεγονότας
855 2249 867 2264 ⁸
900 2234 994 2286 καὶ
1014 2231 1269 2285 τοσοῦτον
1303 2230 1396 2284 ὑπ’
1440 2230 1737 2299 Ἀσσυρίων

165 2331 261 2380 καὶ
292 2329 389 2380 τοῦ
420 2329 570 2393 σφῶν
603 2328 862 2395 ἄρχοντος
914 2323 1349 2392 Θαυμασθέντας,
1372 2322 1446 2386 ὡς
1477 2323 1602 2384 τοὺς
1637 2322 1740 2389 μὲν

165 2424 263 2489 τὴν
327 2420 507 2474 αὐτῶν
557 2418 772 2472 ἃπασαν
819 2417 1002 2487 χώραν
1052 2415 1404 2486 δημαγωγεῖν
1446 2416 1734 2486 ἠξιῶσθαι,

167 2517 260 2567 καὶ
310 2512 581 2582 ζηλωτοὺς
630 2511 721 2563 διὰ
769 2510 985 2563 πάντων
1019 2507 1220 2561 ἅπασιν
1253 2503 1429 2559 εἶναι·
1464 2507 1554 2559 τὸν
1586 2506 1628 2557 δ’
1679 2507 1737 2558 ὲν

169 2609 398 2674 ἀ-τόροις
429 2605 662 2671 πόριμον
691 2601 950 2671 Δανίηλον
992 2601 1083 2652 τὸν
1121 2597 1353 2668 χρηστὸν
1387 2599 1478 2650 καὶ
1528 2601 1605 2658 είς
1638 2616 1741 2650 πα-

168 2700 306 2763 τέρα
334 2696 409 2764 τῷ
449 2695 662 2765 βασιλεῖ
691 2692 1048 2761 καταστῆναι.
1087 2690 1274 2753 Οὕτως
1325 2686 1406 2754 οἷς
1441 2691 1545 2755 ἔξω
1573 2691 1736 2758 φόϐου

171 2789 262 2839 τον
306 2787 415 2839 τῶν
450 2786 587 2837 ὅλων
635 2783 769 2835 Θεὸν
805 2783 1028 2844 δικαίως
1065 2783 1232 2852 τιμᾷν
1271 2779 1442 2851 ᾤοντο
1482 2782 1612 2846 δεῖν,
1643 2784 1738 2833 καὶ

171 2877 283 2933 τοῖς
321 2872 500 2932 ἄλλοις
551 2870 866 2939 κηρύττειν,
898 2868 1223 2938 μισηθέντες
1268 2867 1489 2929 ἀδίκως,
1515 2860 1591 2930 οἷς
1639 2866 1738 2936 τῆς

171 2969 368 3017 τοᾲτου
425 2962 679 3031 προνοίας
728 2961 949 3023 δικαίως
987 2961 1324 3024 ἀπέλαυσαν,
1351 2960 1413 3012 ού
1459 2961 1622 3029 μόνον
1660 2961 1742 3013 δι-

174 3059 336 3117 nia;
376 3059 469 3108 καὶ
518 3055 615 3121 τῆς
666 3057 796 3123 παρ’
835 3053 1018 3106 αὐτῶν
1046 3053 1234 3122 ἔτυχον
1258 3050 1462 3122 ψήφου,
1493 3051 1738 3121 μεῖζονῆ

172 3147 291 3199 κατ’
319 3144 607 3213 ἄνθρωπον
648 3142 988 3212 νομισθέντες
1019 3143 1111 3196 καὶ
1140 3140 1460 3210 τιμηθέντες
1496 3141 1638 3202 εἰκὸς
1670 3141 1738 3191 τά

170 3239 494 3305 γιγνόμενα.
527 3235 664 3288 ἀλλᾶ
719 3237 811 3287 καὶ
857 3232 948 3285 τοῦ
979 3234 1047 3286 τὰ
1075 3232 1258 3285 δίκαια
1302 3235 1493 3296 ποιεῖν,
1527 3234 1737 3299 καιροῖς

170 3330 379 3394 ὁμοίοις
408 3325 596 3397 ὥσπερ
623 3343 703 3385 τις
735 3325 1120 3393 οὐρανομήκης
1151 3322 1320 3391 στήλη
1366 3323 1736 3382 καταστάντες

170 3420 248 3488 τῷ
280 3420 382 3488 βίῳ
403 3435 416 3448 ·
449 3414 580 3472 εἷεν.
617 3418 680 3471 Et
733 3417 907 3469 τοίνυν
953 3415 1267 3477 ἀδικοῦντες
1303 3413 1422 3482 μὲν,
1454 3407 1498 3466 ὦ
1528 3413 1736 3481 ἄνδρες,

171 3515 252 3566 δεῖ
278 3513 388 3582 γὰρ
413 3514 510 3565 καὶ
533 3511 698 3564 πάλιν
727 3512 863 3579 πρὸς
894 3510 1038 3578 ὑμᾶς
1080 3508 1275 3577 τρέψαι
1316 3509 1408 3559 τὸν
1439 3506 1615 3575 λόγον,
1648 3523 1736 3557 τοι

177 3608 404 3668 σοᾲτους
468 3607 555 3657 καὶ
616 3602 968 3672 τηλικούτους
1001 3600 1256 3666 ἐνέξεσεΥ,
1293 3598 1329 3653 ἃ
1373 3599 1430 3652 δδ
1476 3601 1740 3667 προσήκει

173 3698 481 3760 ποιοῦντες,
543 3695 624 3746 δτι
679 3692 948 3745 πλείστων
1004 3691 1243 3743 ἐπαίνων
1296 3688 1576 3754 τεύξεσθε,
1647 3687 1738 3739 τοῦ

175 3789 486 3855 κρείττονος
515 3783 758 3850 γένεσθε,
791 3782 884 3835 τοῦ
921 3782 1267 3834 πλεονεκτεῖν
1299 3780 1632 3841 ἀποστάντες
1659 3795 1673 3809 ο
1704 3778 1736 3847 ἢ

176 3881 254 3949 μὴ
283 3878 445 3948 μόνον
478 3877 692 3937 ἀδικίας
718 3875 855 3943 πρὸς
876 3875 1012 3934 τοὺς
1033 3873 1290 3937 οἰκείους,
1311 3872 1456 3924 ἀλλά
1484 3871 1582 3923 καὶ
1612 3886 1744 3940 προ-

171 3976 358 4035 δωιις
390 3973 574 4025 αὐτῶν
612 3971 755 4040 πρὸς
785 3969 913 4032 τοὺς
953 3967 1230 4031 ἐναντίους
1269 3967 1504 4036 ἑτοίμως
1537 3964 1740 4018 ἁλώσε-

173 4064 302 4113 σθε·
338 4060 519 4124 δόξετε
552 4058 660 4127 γάρ
715 4052 797 4118 οἷς
850 4055 920 4108 τὰ
970 4054 1177 4108 τούτων
1224 4054 1396 4123 ἡδέως
1440 4050 1738 4122 ἀρπάζετε,

175 4154 302 4222 μηδ’
349 4152 418 4204 ἄν
463 4149 641 4202 αὐτῶν
682 4146 940 4215 ὲθελῆσαι
989 4145 1304 4215 φείσασθαι,
1340 4147 1476 4213 ἀλλά
1505 4145 1741 4207 καὶτοῖς

172 4246 396 4313 ἐχθροῖς
436 4242 500 4294 ἂν
533 4241 763 4309 ἑτοίμως
804 4237 1106 4309 χρημάτων
1141 4237 1326 4291 εἵνεκα
1356 4239 1576 4300 τούτους
1609 4253 1730 4306 προ-

173 4338 354 4389 έςθαι.
396 4334 455 4385 Ὀ
483 4333 591 4400 γάρ
637 4332 745 4382 τῶν
781 4327 990 4399 μικρῶν
1019 4332 1114 4383 καὶ
1161 4329 1380 4396 φαύλων
1425 4325 1597 4388 οὓτως
1647 4328 1713 4394 ήτ

171 4431 425 4495 τώμενος
481 4422 659 4492 πολλῷ
694 4422 895 4490 μᾶλλον
923 4421 988 4472 ἂν
1019 4418 1164 4472 τοῦτ’
1183 4421 1243 4471 ἑν
1271 4421 1382 4480 τοῖς
1408 4417 1740 4487 ὑπερέχουσι

175 4519 382 4568 πάθον
414 4513 564 4566 ταῦτ’
619 4511 705 4580 ἀρ’
762 4510 812 4562 εί
845 4510 966 4562 καθ’
1009 4510 1156 4578 ὑμᾶς
1205 4509 1402 4572 αὐτοὺς
1451 4509 1739 4573 λογιεῖσθε,
1774 4524 1817 4578 ι)

175 4611 271 4661 καὶ
305 4610 391 4659 ὅτι
430 4606 490 4658 τὸ
537 4605 660 4666 τοὺς
695 4603 889 4664 ἄλλους
927 4601 1130 4664 ἀδικεῖν
1189 4601 1381 4654 ἑαυτὸν
1426 4603 1483 4652 ὲν
1509 4602 1620 4662 τοῖς
1654 4615 1747 4666 με-

173 4703 392 4768 γίστοις
437 4697 532 4748 καὶ
585 4695 965 4765 καιριωτάτοις
1004 4695 1154 4746 ἐστὶν
1206 4694 1435 4759 ἀδικεῖν,
1482 4690 1746 4760 ἀφέξεσθε

179 4812 280 4862 μεν
312 4790 371 4841 εὖ
410 4785 507 4842 οἷδ’
541 4788 624 4839 ὅτι
674 4786 910 4853 ταυτησὶ
943 4783 1040 4854 τῆς
1071 4785 1267 4854 μανίας
1308 4785 1401 4837 καὶ
1434 4783 1530 4836 τοῦ
1564 4783 1749 4845 κακῶς

175 4885 324 4947 ὑμᾶς
361 4880 558 4939 αὐτοὺς
586 4880 643 4930 ὲν
664 4877 740 4947 τῷ
772 4879 896 4939 τοὺς
929 4877 1120 4939 ἄλλους
1147 4879 1320 4930 ποιεῖν
1345 4893 1358 4906 ·
1390 4878 1659 4946 ἀσκήσετε
1692 4877 1748 4929 δὲ

173 4977 294 5027 δικο
414 4973 553 5041 τνην,
597 4971 690 5023 καὶ
730 4969 790 5023 τὸ
845 4970 1079 5039 μετρίως
1131 4971 1224 5023 καὶ
1272 4971 1530 5032 ἐπιεικῶς
1577 4969 1746 5022 ἀπασι

177 5045 423 5136 χρῆσθαι
449 5081 461 5093 ·
493 5065 551 5115 ἐν
586 5062 762 5130 τούτῳ
816 5063 926 5129 γάρ
958 5064 1071 5113 ἐστι
1104 5063 1195 5114 καὶ
1225 5062 1283 5113 τὸ
1308 5063 1592 5129 τυγχάνειν
1622 5061 1750 5112 ἐσά-

179 5178 290 5211 παν
325 5157 726 5223 συναιρομένου
757 5153 892 5206 Θεοῦ
913 5170 926 5183 ο
958 5155 1019 5206 οὑ
1051 5155 1226 5205 τοίνυν
1254 5155 1379 5214 τοὺς
1413 5155 1508 5221 μὲν
1533 5155 1620 5203 ἐπὶ
1643 5154 1749 5202 τῶν

178 5252 366 5303 ἱπλων
390 5248 566 5308 οὕτως
598 5247 741 5314 ἔχειν
785 5246 880 5298 καὶ
912 5248 1081 5315 ταύτῃ
1113 5245 1316 5298 κελεύω
1333 5247 1443 5307 τοῖς
1462 5246 1748 5314 πράγμασι.

179 5342 447 5411 χρῆσθαμ

256 5440 333 5499 ιγ’
384 5431 774 5500 Ἀγορανόμοις
801 5431 855 5483 δὲ
886 5435 979 5483 καὶ
1022 5431 1347 5499 ἀστυνόμοις
1388 5432 1478 5484 καὶ
1508 5433 1620 5495 τοῖς
1656 5433 1750 5485 ἄλ-

181 5525 288 5585 λως
322 5523 433 5574 τῶν
462 5523 669 5576 πόλεων
697 5525 1000 5593 ἁρμοσταῖς
1045 5522 1239 5576 πολλοῦ
1289 5524 1394 5575 δέω
1437 5525 1503 5576 τά
1547 5524 1752 5578 τοιαῦτ’

181 5613 533 5682 εἰσηγεῖσθαι
561 5631 574 5644 ·
621 5614 758 5668 ἀλλά
807 5617 899 5667 καὶ
932 5616 1139 5676 τούτοις
1195 5615 1348 5667 οὐδὲν
1400 5611 1562 5686 ἧττον
1607 5619 1749 5686 φημὶ

179 5708 291 5758 δεῖν
327 5707 439 5758 τῶν
470 5707 723 5759 τοιούτων
748 5723 762 5738 ο
791 5709 884 5759 καὶ
918 5708 1061 5775 μάλα
1090 5707 1141 5774 γ’
1171 5707 1423 5768 εἰκότως·
1470 5709 1598 5759 ὅταν
1643 5714 1747 5778 γὰρ

181 5802 308 5868 περὶ
355 5800 630 5851 τοσούτων
682 5804 772 5851 καὶ
806 5801 1135 5874 τηλικούτων
1185 5803 1280 5870 τὴν
1313 5803 1547 5870 σπουδὴν
1585 5805 1742 5859 uti-

1846 608 1916 660 tia
1959 618 2014 661 et
2048 609 2100 662 in
2144 609 2375 665 miseros
2402 613 2725 668 crudelitate
2763 616 2919 686 longe
2955 603 3148 672 remoti
3179 617 3294 672 hrec
3325 618 3408 672 νὶ-

1843 721 1916 775 tia
1951 731 2011 776 ut
2039 723 2342 778 inferorum
2399 735 2585 794 portas
2611 739 2937 784 aversentur
2971 739 3026 784 et
3051 731 3318 801 justitiam
3352 742 3406 786 et

1838 850 2048 903 mquam
2077 847 2314 892 mentem
2347 848 2693 904 conservent,
2743 856 2852 909 quo
2877 842 3010 896 nihil
3045 843 3407 911 praestantius,

1840 947 1978 1001 nihil
2031 949 2347 1018 pulchrius;
2375 966 2523 1018 nam,
2564 952 2869 1008 secundum
2920 952 3274 1024 Sephoclem,
3315 958 3422 1008 vita

1838 1059 1957 1114 sine
1983 1060 2196 1130 justitia
2231 1061 2412 1130 gravis
2436 1061 2620 1116 evadit
2641 1071 2888 1128 torrens;
2917 1065 3030 1133 ipsa
3070 1076 3254 1120 autem
3289 1069 3410 1120 sine

1841 1155 2199 1224 auxiliaribus
2228 1179 2282 1224 et
2306 1169 2415 1224 Deo
2445 1179 2595 1240 grata
2616 1172 2794 1242 justus
2825 1188 2890 1226 ex
2934 1175 3054 1244 igne
3086 1175 3422 1232 inflammato

1851 1289 1909 1334 et
1942 1295 1973 1334 e
2003 1282 2231 1335 summis
2259 1283 2525 1352 angustiis
2554 1287 2769 1354 eripere
2803 1296 2999 1354 potest,
3031 1287 3081 1341 id
3134 1289 3280 1358 quod
3318 1305 3418 1343 nos

1843 1395 1945 1464 ipsi
1973 1395 2314 1464 experientia
2358 1395 2541 1451 edocti
2601 1396 2808 1451 scimus
2873 1397 2941 1451 de
2989 1398 3292 1454 Ezechielis
3323 1401 3410 1454 di-

1835 1510 2081 1580 scipulis,
2107 1512 2198 1581 qui
2225 1527 2434 1566 morum
2454 1510 2758 1582 integritate
2781 1511 2873 1565 Dei
2895 1513 3190 1567 amicitiam
3213 1514 3395 1581 adepti

1840 1633 1992 1689 sunt,
2011 1640 2244 1695 quorum
2280 1641 2422 1680 unus
2460 1641 2487 1679 a
2538 1627 2810 1690 leonibus,
2871 1629 3055 1681 caeteri
3104 1643 3135 1681 c
3175 1627 3408 1683 ﬂammis

1837 1737 2026 1808 erepti
2051 1736 2192 1792 adeo
2229 1739 2297 1791 ab
2312 1737 2565 1808 Assyriis
2595 1740 2649 1793 in
2676 1739 3038 1796 admiratione
3060 1741 3235 1796 habiti
3256 1751 3408 1807 sunt,

1767 1844 1809 1902 Β
1840 1861 1898 1906 ut
1935 1853 2105 1907 totius
2133 1853 2286 1922 regni
2317 1853 2848 1909 administrationem
2882 1855 2951 1909 iis
2973 1857 3412 1920 committerent,

1845 1957 2128 2015 Danielem
2168 1975 2301 2015 vero
2329 1961 2549 2031 justum‘
2573 1971 2631 2015 ut
2653 1971 2859 2030 patrem
2894 1965 3007 2031 regi
3057 1965 3414 2017 commenda-

1840 2085 1987 2130 rent.
2026 2075 2139 2131 Hac
2165 2077 2375 2132 ratione
2403 2078 2494 2147 qui
2515 2077 2685 2131 Deum
2712 2077 2958 2132 omnium
2985 2089 3288 2134 creatorem
3324 2096 3414 2133 vc-

1837 2188 2020 2243 nerari
2047 2197 2103 2243 et
2128 2189 2339 2245 cmteris
2365 2189 2661 2258 praedicare
2692 2189 2990 2256 audebant,
3033 2207 3178 2247 nunc
3213 2193 3414 2262 injuste

1837 2303 1966 2358 odio
2001 2303 2170 2358 habiti
2205 2310 2355 2367 sunt,
2379 2319 2526 2359 nunc
2553 2304 2762 2358 honore
2793 2305 2915 2374 plus
2950 2322 3110 2376 quam
3165 2307 3408 2364 humano

1842 2419 1992 2489 digni
2018 2417 2187 2472 habiti
2224 2426 2278 2472 et
2313 2419 2470 2488 quasi
2500 2419 2554 2473 in
2593 2420 2845 2474 columna
2904 2421 3167 2476 altissima
3220 2427 3413 2492 positi.

1840 2528 1992 2583 Esto.
2028 2527 2084 2583 Si
2116 2529 2282 2599 igitur
2341 2530 2567 2600 (iterum
2599 2531 2749 2584 enim
2789 2529 2855 2582 ad
2903 2546 3000 2586 vos
3049 2547 3231 2588 sermo
3284 2536 3421 2589 diri-

1841 2641 2073 2711 gendus)
2117 2643 2318 2713 injuste
2352 2643 2562 2711 agendo
2594 2651 2672 2697 tot
2701 2644 2952 2699 homines
2975 2644 3232 2709 offendis.
3260 2647 3408 2716 juste

1840 2764 2020 2806 autem
2078 2753 2333 2807 faciendo
2375 2756 2606 2809 summis
2636 2756 2891 2811 laudibus
2935 2758 3290 2822 exaltaheris,
3322 2760 3402 2814 sic

1852 2864 2094 2918 araritize
2125 2865 2505 2921 renuntiantes
2553 2866 2811 2921 meliores
2837 2867 3015 2933 fletis;
3047 2868 3133 2922 sin
3197 2868 3407 2933 minus,

1844 2994 1953 3032 non
1993 2979 2155 3032 modo
2185 2979 2462 3050 injustitize
2494 2994 2620 3049 erga
2644 2978 2996 3043 domesticos,
3024 2981 3120 3036 sed
3155 2982 3413 3038 traditio-

1849 3095 1936 3147 nis
1968 3094 2393 3148 convincemini.
2424 3093 2481 3148 Si
2513 3095 2660 3148 enim
2692 3094 2888 3148 horum
2921 3109 3010 3149 res
3039 3095 3249 3151 lubenti
3296 3098 3417 3149 ani-

1768 3183 1810 3240 θ
1847 3223 1936 3261 mo
1966 3208 2312 3270 subtrahitis,
2339 3208 2587 3262 hostibus
2617 3224 2857 3279 quoque,
2890 3213 3121 3280 pecunia
3141 3211 3291 3277 data,
3321 3227 3416 3267 eos

1841 3314 2172 3371 immolaturi
2206 3317 2487 3370 videmini.
2517 3315 2619 3382 Qui
2648 3317 2796 3370 enim
2835 3321 2889 3371 in
2936 3319 3116 3386 parvis
3170 3318 3415 3371 inﬁdelis

1839 3439 1944 3495 est,
1975 3429 2027 3482 in
2050 3428 2260 3495 magnis
2291 3429 2461 3498 magis
2485 3430 2590 3483 erit
2614 3429 2879 3498 perﬁdus.
2909 3429 3030 3484 ιιεερ
3055 3434 3097 3484 si
3137 3431 3189 3484 in
3232 3444 3414 3484 mente

1841 3541 2059 3595 volvitis
2079 3549 2135 3594 et
2159 3541 2412 3608 cogitatis
2431 3543 2576 3608 quod
2606 3541 2744 3593 alios
2770 3541 2990 3605 laedere,
3015 3541 3291 3596 offendere
3320 3554 3404 3598 est

1840 3655 2078 3724 seipsum
2118 3695 2134 3720 ,
2194 3654 2263 3708 ab
2321 3654 2422 3707 hac
2481 3655 2750 3707 dementia
2816 3667 2968 3709 certo
3017 3658 3220 3712 certius
3273 3666 3328 3710 et
3381 3676 3408 3708 ιι

1841 3776 2022 3822 mente
2054 3767 2178 3821 aliis
2230 3767 2369 3821 male
2398 3765 2650 3829 faciendi,
2683 3783 2791 3837 qua
2818 3785 2876 3822 re
2909 3772 3061 3822 vobis
3089 3769 3219 3838 ipsis
3249 3787 3409 3823 noce-

1842 3880 2292 3943 tis,abstinebitis
2315 3896 2331 3945 ;
2357 3895 2388 3935 e
2413 3887 2601 3934 contra
2621 3882 2889 3947 justitiam
2912 3883 3237 3936 exercebitis
3267 3894 3322 3936 et
3355 3886 3406 3937 in

1841 3993 2100 4048 omnibus
2167 3992 2337 4046 rebus
2381 3991 2814 4047 moderationem
2865 3994 3222 4050 adhibebitis.
3289 3996 3405 4050 Hac

1841 4110 1986 4162 enim
2020 4106 2337 4161 conditione
2359 4106 2532 4161 Deum
2570 4122 2788 4176 quoque
2823 4123 3041 4175 semper
3076 4122 3405 4180 cooperato-

1846 4233 1964 4273 rem
1999 4217 2252 4273 habebis.
2278 4217 2442 4273 Vides
2469 4233 2580 4288 quo
2611 4219 2774 4275 modo
2797 4222 2963 4277 armis
2993 4224 3066 4276 uti
3112 4233 3167 4278 et
3193 4229 3405 4296 negotia

1843 4345 2170 4401 componere
2205 4341 2255 4385 te
2275 4331 2463 4401 jubeo.

1922 5454 2312 5512 £5.1Edilibus
2360 5469 2541 5514 autem
2607 5461 2927 5528 exterisque
2994 5465 3217 5518 urbanis
3249 5463 3419 5533 magi-

1849 5570 2111 5624 stratibus
2137 5582 2400 5642 praecepta
2417 5575 2543 5628 dare
2579 5590 2607 5627 a
2642 5589 2725 5629 me
2754 5576 2924 5630 absit!
2961 5579 3085 5630 licet
3115 5579 3259 5630 circa
3290 5578 3420 5630 liasv

1851 5694 1912 5733 ce
1938 5698 2021 5736 res
2048 5683 2296 5751 inptimis
2323 5687 2571 5742 instructi
2590 5703 2707 5743 esse
2733 5689 2986 5743 debeant.
3012 5690 3240 5754 Quando
3265 5694 3416 5743 enim

1853 5792 2118 5859 ejusmodi
2159 5798 2325 5851 rebus
2351 5813 2571 5864 operam
2603 5811 2799 5854 natant
2835 5804 3104 5865 civitates,
3150 5799 3266 5854 ﬁeri
3300 5815 3412 5854 non
