4212 6430
182 412 288 480 εει

1097 407 1384 470 ORATIO
1425 408 1525 468 DE
1566 402 2078 469 SUBDITORUM
2120 397 2471 461 OFFICIIS.

3345 394 3456 464 522

179 525 362 578 ταῦτα
403 524 536 595 πρὸς
570 522 876 597 εὖπραγῖαν
907 521 1147 593 ἀπόχρη,
1186 521 1301 576 ἀλλ’
1347 523 1508 593 εἴπερ
1532 538 1626 575 του
1652 517 1763 573 τῶν

1885 515 1946 571 'ia
1973 522 2115 579 erat,
2142 511 2450 568 incolarum
2483 507 2750 575 fortitudo
2797 507 3059 565 omnibus
3113 524 3213 566 eos
3258 507 3455 566 form.-

176 615 404 669 πάντων
466 618 558 667 καὶ
614 614 708 668 τοῦ
769 632 832 683 γε
886 620 1082 684 τειχῶν
1129 612 1188 666 εὖ
1224 612 1391 683 ἔχειν,
1421 613 1516 665 καὶ
1554 612 1758 682 σφόδρι

177 708 444 777 ἀσφαλῶς
476 708 621 778 ἔχειν
650 708 839 761 πόλεσι
870 706 1107 777 μάλιστα
1127 706 1245 760 δεῖ·
1286 708 1427 775 μετὰ
1458 706 1515 758 δὲ
1557 706 1760 765 παντὸς

182 801 393 869 μᾶλλον
422 801 516 869 τῆς
544 800 800 869 τοιαύτης
832 792 1084 872 προνοίας
1112 802 1380 852 τουτοισὶν
1410 799 1485 861 ώς
1516 798 1761 870 προστά-

175 911 324 956 ταις,
361 894 457 944 καὶ
490 891 633 944 τοῦτ’
677 892 742 945 ἂν
782 893 966 955 αὐτοῖς
1002 891 1200 960 ἄριστα
1241 888 1335 944 καὶ
1379 890 1517 961 μετὰ
1562 892 1761 953 παντὸς

173 985 274 1038 τοῦ
329 985 655 1054 γιγνομένου
704 984 909 1051 νομίζω
958 981 1297 1053 πεπρᾶχθαι,
1357 982 1453 1036 ἐὰν
1502 983 1762 1036 ἑκάστοτε

176 1074 337 1129 ταῦθ’
399 1077 548 1138 ὅπως
590 1074 708 1143 ἔχει
761 1074 1070 1143 περιιόντες
1123 1076 1394 1140 σκοπῶσι,
1447 1075 1543 1128 καὶ
1593 1073 1764 1144 μηδὶν

176 1168 323 1235 ὑπὲρ
367 1167 577 1218 τούτων
620 1166 815 1218 ἀνιῶσι
869 1165 1130 1236 σπουδῆς,
1172 1164 1608 1237 οἰκοδομοῦντες,
1639 1167 1763 1219 ιπι-

179 1258 567 1323 σκευάζοντες,
602 1259 757 1336 πάντ’
791 1258 1122 1329 ἀσκούμενοι
1159 1260 1382 1331 τρόπον,
1414 1258 1503 1329 ἐφ’
1534 1252 1578 1327 ᾧ
1604 1254 1764 1311 ταῦθ’

175 1354 252 1414 ῶς
314 1352 777 1423 ἐρρωμενέστατα
843 1355 938 1405 καὶ
994 1351 1382 1420 στεγανώτατα
1441 1352 1538 1405 καὶ
1584 1353 1765 1421 ἀσφα-

175 1447 440 1510 λέστατα,
468 1445 563 1498 καὶ
598 1445 783 1498 πᾶσαν
821 1445 890 1498 ἂν
935 1444 1176 1515 εὐχερῶς
1218 1446 1517 1514 ἐνεγκόντα
1543 1445 1767 1515 πολιορ-

176 1536 309 1587 κίαν
340 1536 648 1603 εἰργάσθαι,
699 1534 791 1586 καὶ
816 1534 953 1596 ἐλως
989 1535 1176 1605 ἄμαχα
1210 1537 1325 1597 τοῖς
1362 1536 1664 1604 πολεμιοις,
1688 1533 1765 1605 τῷ

175 1645 239 1679 τε
292 1628 467 1696 ταύτῃ
516 1620 1002 1695 παρασκευάσθαι,
1036 1630 1130 1679 καὶ
1178 1626 1403 1697 προσέ0’
1444 1626 1632 1689 ὅπλοις
1687 1627 1767 1690 ώς

178 1724 462 1782 πλείστοις
494 1720 827 1791 πεφράχθαι,
854 1720 934 1788 τῷ
962 1737 1019 1773 τε
1071 1720 1295 1783 πολίτας
1349 1720 1525 1790 [σχειν
1559 1718 1766 1790 φρονή-

180 1830 357 1880 ματος
380 1815 655 1881 γέμοντας
682 1812 775 1866 καὶ
808 1812 1147 1882 μελετῶντας
1177 1814 1245 1867 τὰ
1272 1812 1510 1865 τακτικά
1528 1811 1765 1881 ’ταύτης

182 1871 287 1973 μὲν
452 1871 710 1973 ᾖοηθείνας
750 1871 1021 1974 ἀπούσης,
1061 1871 1269 1974 μιιιράν
1316 1898 1485 1957 οὖσαν
1520 1871 1766 1969 εκείνην,
1802 1871 1854 1934 Β

181 1997 471 2066 παρούσης
530 1997 713 2065 μέντοι
761 1999 857 2049 καὶ
907 1998 1047 2050 πάνυ
1110 1998 1413 2064 μεγίστην
1468 1996 1606 2049 ὅπου
1658 1995 1771 2064 γάρ

180 2091 500 2157 ἀτειχίστου
548 2091 645 2159 τῆς
695 2088 953 2160 Σπάρτης
1006 2087 1196 2158 οὕσης,
1243 2087 1304 2141 τδ
1354 2088 1616 2158 φρόνημα
1660 2085 1773 2141 τῶν

180 2181 543 2235 ἐνοικούντων
597 2182 692 2235 καὶ
743 2184 906 2252 μόνον
967 2181 1179 2253 ῖσχυσε,
1244 2182 1339 2249 καῖ
1382 2180 1605 2251 φοδεροὶ
1658 2181 1773 2243 τοῖς

180 2276 395 2329 eum
431 2270 600 2345 ἦσαν’
653 2274 729 2339 ὡς
768 2275 907 2343 πρὸς
956 2278 1080 2337 τοὺς
1129 2274 1424 2344 ἐρομένους
1451 2274 1577 2326 ὅτου
1609 2273 1773 2343 χάριν

182 2364 295 2419 εἷεν
327 2368 643 2437 ἀτείχιστοι,
685 2367 837 2421 ταῦτ’
866 2365 927 2421 εὖ
964 2368 1089 2437 μάλ’
1129 2365 1555 2437 ἀποκρίνασθαι,
1587 2364 1640 2419 τι
1662 2364 1771 2436 χρὴ

179 2460 432 2528 νομιζειν
461 2463 665 2529 ἀμφοῖν
700 2462 1008 2527 συνόντοιν;

262 2551 353 2602 ιδ’.
394 2550 502 2602 Καὶ
534 2550 753 2618 μάλισϋ’
799 2551 931 2603 ὅταν
964 2554 1012 2603 oi
1054 2551 1348 2619 φυλάττειν
1394 2549 1649 2621 λαχόντες
1696 2546 1773 2616 μὴ

182 2642 610 2712 τριωσολιμαῖοι
654 2646 751 2697 καὶ
787 2643 1020 2712 πένητες
1073 2660 1165 2696 και
1209 2640 1306 2695 τοῦ
1345 2642 1574 2712 μηδενὸς
1629 2638 1771 2703 ἄξιοι

185 2736 540 2804 τυγχάνωσιν
591 2736 767 2801 ὄντες,
819 2736 936 2789 ἀλλ’
978 2732 1079 2789 οἷοι
1132 2736 1227 2790 καὶ
1262 2736 1441 2798 οἰκίας
1493 2733 1644 2801 σφῶν
1677 2730 1772 2785 καὶ

183 2828 397 2897 άγροὺ;
430 2831 488 2880 ἐν
518 2828 672 2881 πόλει
713 2831 808 2881 καὶ⁵
839 2829 1045 2897 τάφους
1076 2829 1366 2899 πατρῴους
1397 2844 1454 2880 τε
1498 2827 1594 2880 καὶ
1621 2842 1774 2879 πατι-

186 2922 405 2991 τιῲους,
439 2923 534 2974 καὶ
565 2921 626 2973 τὸ
658 2922 913 2991 μέγιστον
941 2922 1166 2992 γνώμης
1214 2921 1490 2992 εὐθύτητα
1524 2922 1620 2973 καὶ
1648 2920 1767 2988 τρὸο

188 3031 334 3077 πούς
363 3016 635 3085 χρηστούς
660 3033 719 3068 τε
762 3020 853 3068 καὶ
882 3018 1188 3085 σώφρονας,
1234 3016 1330 3068 καὶ
1354 3016 1532 3069 πάντα
1560 3014 1631 3066 τὰ
1662 3029 1777 3065 τοι·

188 3110 335 3162 αὖτα
384 3110 697 3164 δεικνύναι’
730 3109 822 3163 τὸν
858 3112 968 3180 γὰρ
1019 3114 1146 3173 τοὺς
1200 3108 1394 3172 ἄλλους
1441 3109 1535 3161 καὶ
1579 3105 1776 3167 αὐτοὺς

190 3206 286 3257 iul.
311 3204 384 3255 τά
414 3204 594 3257 αὐτῶν
625 3203 769 3257 πάνυ
802 3203 1111 3272 φυλάξοντα
1138 3204 1302 3258 αὑτὸν
1326 3204 1591 3273 πρότερον
1621 3199 1774 3254 ταῦτ’
1802 3231 1847 3291 c
1881 3258 1914 3311 Ρ

188 3298 340 3366 ἔχειν
376 3296 477 3362 δεῖ,
502 3295 576 3359 ὡς
602 3296 668 3350 ἂν
701 3296 770 3351 δι’
802 3299 944 3367 άπερ
983 3298 1147 3360 αὐτὸς
1175 3295 1310 3367 ἔχει,
1339 3298 1436 3349 καὶ
1480 3298 1626 3365 ἅπερ
1654 3296 1776 3348 ἔτει

192 3407 279 3459 ροι
312 3392 614 3460 κέκτηνται
648 3390 710 3454 ἐξ
740 3391 989 3460 ἀνάγκης
1040 3390 1213 3460 δήπου
1245 3389 1459 3459 φυλάξῃ
1489 3406 1503 3421 ·
1536 3389 1649 3458 ἔχει
1678 3391 1782 3456 γὰρ

187 3483 369 3545 οὕτως
396 3501 411 3515 ο
445 3486 495 3535 εἰ
527 3485 627 3554 μὲν
658 3485 726 3536 τὰ
758 3483 865 3537 τῶν
904 3484 1082 3538 ἄλλων
1113 3483 1433 3552 φυλάξεται,
1474 3483 1567 3536 καὶ
1589 3483 1659 3535 τὰ
1689 3482 1785 3534 αύ-

188 3578 288 3631 τοῡ
324 3578 548 3639 πάντως
600 3575 938 3643 φυλάξεται·
988 3580 1037 3631 εἰ
1080 3578 1127 3631 δ’
1169 3578 1413 3640 ἐκείνους
1457 3576 1782 3645 προήσεται,

190 3676 290 3726 καὶ
321 3672 491 3725 αὑτὸν
521 3675 935 3744 συμπροήσεται
959 3687 973 3702 ³
995 3664 1098 3725 Διιαί
1122 3672 1179 3725 τί
1209 3660 1413 3740 μᾶλλον
1459 3673 1574 3735 τοῖς
1599 3672 1782 3732 ἄλλοις

196 3768 455 3821 ἐντεῦθεν
486 3767 519 3839 ἢ
554 3768 705 3837 αύτῴ
729 3752 1091 3839 λυμανεῖταις
1132 3766 1269 3821 ὥστ*
1290 3767 1340 3819 εἰ
1369 3767 1467 3834 μὲν
1496 3767 1565 3819 τὰ
1604 3756 1787 3817 οἰκεῖα
1838 3805 1844 3813 .

198 3859 402 3923 σώζειν
440 3858 700 3928 αἱρεῖται,
724 3861 820 3912 καὶ
848 3857 917 3910 τὰ
939 3857 1053 3918 τῶν,
1073 3858 1250 3912 ἄλλων
1279 3857 1473 3921 σώζειν
1503 3857 1595 3910 τὸν
1620 3856 1783 3911 αὑτὸν

191 3951 496 4017 αἱρήσεται
526 3949 731 4015 τρόπον
757 3964 771 3979 ο
799 3948 848 4001 ει
871 3948 927 4001 δὲ
962 3950 1029 4000 τὰ
1061 3948 1161 4018 μὲν
1192 3947 1343 4016 παρά
1378 3946 1584 4016 φαῦλον
1614 3950 1781 4000 ποιεῖ-

190 4059 311 4102 ται,
355 4040 498 4108 μόνα
548 4040 606 4093 δὲ
658 4040 729 4093 τὰ
777 4042 955 4094 οἰκεῖα
991 4041 1207 4107 σώζειν
1262 4043 1438 4096 οῖεται
1484 4041 1613 4102 δεῖν,
1662 4040 1784 4093 οὐδὲ

191 4130 351 4183 τοῦθ’
388 4129 526 4191 ὅλως
557 4129 690 4194 ἔξει,
716 4129 905 4198 ἐπειδὴ
929 4128 1006 4199 μὴ
1038 4131 1132 4181 καὶ
1159 4129 1228 4182 τά
1252 4129 1359 4183 τῶν
1393 4129 1568 4182 ἄλλων
1591 4127 1748 4199 ᾠήθη
1766 4142 1778 4155 ⁸

192 4220 279 4279 τις
333 4212 431 4269 οὖν
462 4216 625 4268 ἕλοιτ’
654 4216 722 4269 ἂν
779 4212 839 4271 εὖ
876 4217 1115 4287 φρονῶν,
1166 4219 1263 4271 καὶ
1315 4219 1479 4272 αὑτὸν
1518 4220 1612 4272 καὶ
1658 4220 1784 4281 τοὺς

192 4313 399 4372 ἄλλους
434 4308 725 4379 προέσθαι,
766 4309 801 4379 ἢ
853 4310 981 4372 τούς
1014 4326 1074 4363 τε
1103 4309 1297 4375 ἄλλους
1327 4312 1521 4374 σῶσαι,
1563 4311 1658 4365 καὶ
1682 4312 1784 4364 αύ-

193 4406 293 4457 τδν
329 4402 475 4474 μετὰ
498 4402 609 4456 τῶν
636 4402 817 4477 ἄλλων
844 4403 1118 4457 σεσῶσθαι
1144 4419 1159 4470 ;
1198 4404 1260 4456 El
1288 4404 1345 4457 δὲ
1373 4408 1499 4468 τοὺς
1521 4404 1609 4457 διὰ
1649 4405 1787 4458 πάν-

194 4516 309 4550 των
346 4493 425 4549 ὧν
456 4494 592 4563 ἔφην
617 4496 817 4549 οὑτωσὶ
850 4497 1397 4567 συγκεκροτημένως
1440 4497 1787 4565 ἀσφαλεστάο

1866 630 2079 689 dandos
2101 626 2362 685 reddidit.
2396 624 2540 679 Bene
2566 624 2733 695 igitur
2766 625 2835 681 iis
2874 627 2966 697 qui
3018 626 3455 702 interrogabant,

1866 760 1966 799 cur
1994 744 2076 798 sic
2104 744 2223 799 sine
2264 739 2438 796 muris
2459 748 2664 804 essent,
2722 753 3046 811 responsum
3082 743 3209 810 fuit.
3238 748 3287 807 ai
3325 765 3452 805 mu.

1868 858 1945 913 ris
1971 856 2238 913 fortitudo
2259 853 2578 921 adderetur,
2607 866 2677 911 eo
2700 853 2873 926 magis
2902 855 3137 915 invictos
3175 859 3300 920 fore
3349 865 3457 923 La-

1866 969 2253 1028 cedaamonios.

1948 2554 2038 2612 14.
2060 2553 2218 2623 Quod
2247 2552 2471 2626 quidem
2503 2560 2620 2608 tum
2646 2552 2917 2623 praecipue
2954 2552 3066 2620 fiet,
3091 2552 3186 2608 υιιι
3233 2551 3328 2623 qui
3364 2565 3460 2603 ur-

1878 2668 2002 2723 bem
2048 2666 2371 2723 custodiunt
2425 2682 2533 2722 non
2558 2683 2627 2721 ex
2677 2668 2877 2723 misera
2933 2682 3235 2740 egenorum
3289 2669 3463 2723 classe

1878 2785 2052 2841 trium
2099 2784 2391 2840 obolorum
2448 2786 2625 2854 pretio
2669 2784 2970 2856 eliguntur.
3020 2786 3114 2842 sed
3164 2786 3464 2849 domicilia,

1880 2911 2047 2965 agros
2070 2905 2128 2951 et
2157 2895 2407 2966 sepulcra
2431 2906 2648 2966 patrum
2679 2906 2737 2951 et
2760 2912 2990 2954 avorum
3014 2898 3269 2969 religiose
3296 2914 3468 2953 vene-

1880 3019 2067 3066 rantes
2095 3011 2341 3082 integros
2363 3024 2507 3075 sese
2532 3018 2590 3065 et
2620 3010 2823 3080 probos
2854 3010 3138 3066 exhibent.
3172 3010 3276 3077 Qui
3314 3012 3462 3065 enim

1880 3134 2110 3180 caeteros
2136 3134 2193 3182 et
2222 3141 2347 3196 qua:
2377 3125 2626 3196 ipsorum
2674 3133 2806 3181 sunt
2855 3125 3219 3181 custodiendo
3258 3133 3463 3191 servat,

1920 3242 2036 3296 rius
2074 3242 2189 3311 ipse
2234 3242 2337 3297 ista
2381 3241 2566 3296 omnia
2626 3239 2910 3311 possidere
2961 3240 3162 3307 debet;
3219 3253 3289 3295 en
3335 3255 3473 3310 quo-

1882 3358 2044 3411 modo
2077 3369 2167 3410 res
2222 3370 2282 3410 se
2331 3355 2519 3410 habet.
2573 3353 2817 3414 Simulat:
2868 3355 3105 3411 aliorum
3164 3370 3254 3411 res
3290 3366 3467 3419 curat,

1881 3485 2011 3525 suas
2051 3470 2227 3539 ipsius
2252 3470 2460 3539 pariter
2485 3469 2747 3536 curabit;
2781 3469 2826 3525 si
2875 3478 3061 3525 autem
3093 3470 3194 3525 ista
3223 3470 3468 3541 negligit,

1883 3599 2107 3639 suarum
2133 3598 2352 3654 quoque
2386 3598 2570 3639 rerum
2589 3598 2778 3639 curam
2807 3584 3031 3641 habebit
3055 3586 3294 3653 nullam;
3320 3588 3468 3641 unde

1884 3698 1986 3754 sibi
2017 3714 2125 3753 non
2153 3698 2335 3754 minus
2363 3713 2528 3768 quam
2561 3699 2670 3755 illis
2719 3715 2915 3755 noxam
2942 3700 3124 3756 εσσε-ι.
3165 3700 3299 3757 Inde
3335 3716 3471 3756 sane

1892 3828 2086 3868 verum
2114 3821 2202 3867 est
2230 3813 2377 3883 quod
2396 3813 2492 3884 qui
2520 3829 2669 3882 suas,
2698 3816 2931 3871 aliorum
2960 3832 3181 3888 quoque
3228 3833 3317 3873 res
3347 3826 3471 3871 tuc-

1888 3926 2059 3981 bitur.
2094 3926 2151 3980 Si
2179 3935 2361 3980 autem
2401 3925 2506 3981 ista
2538 3928 2863 3998 negligenda
2892 3918 2992 3985 sua
3039 3941 3252 3985 tantum
3279 3932 3469 3986 obser-

1888 4048 2003 4105 vat,
2032 4053 2196 4108 quam
2235 4038 2363 4094 inde
2410 4039 2704 4095 utilitatem
2748 4042 3053 4112 percipiet?
3085 4042 3221 4110 Quis
3286 4054 3473 4098 autem

1886 4154 2017 4209 dum
2056 4168 2205 4209 sanae
2236 4155 2438 4210 mentis
2481 4162 2589 4219 est,
2618 4170 2677 4209 se
2725 4165 2781 4210 et
2830 4156 2968 4210 alios
3003 4157 3242 4226 perdere
3284 4157 3469 4212 volet?

1888 4267 2081 4322 Nonne
2110 4281 2223 4322 sua
2244 4275 2300 4322 et
2328 4267 2564 4322 aliorum
2605 4268 2768 4323 saluti
2803 4268 3140 4339 prospiciet?
3194 4266 3253 4324 Si
3279 4281 3465 4324 autem

1890 4379 1993 4436 viri
2024 4380 2097 4435 ita
2151 4388 2211 4435 ut
2265 4379 2377 4435 dixi
2444 4380 2737 4457 compositi
2791 4382 2982 4451 optimi
3038 4382 3132 4436 diu
3196 4392 3474 4452 noctuque

1892 4493 2109 4548 urbium
2153 4493 2415 4549 custodes
2452 4493 2695 4550 habendi
2742 4503 2896 4560 sunt,
2958 4496 3134 4565 major
3184 4498 3378 4565 utique
3417 4497 3475 4551 in

194 4605 328 4649 τους
375 4587 596 4655 νύκτωρ
645 4587 742 4638 καὶ
776 4586 1093 4656 μεθημέραν
1142 4587 1251 4640 τῶν
1284 4588 1493 4641 πόλεων
1538 4587 1783 4656 φύλακας

1894 4609 1962 4664 iis
1994 4606 2131 4663 fides
2150 4606 2405 4678 ponenda
2432 4607 2541 4663 erit
2577 4622 2741 4677 quam
2761 4609 2817 4662 in
2848 4607 3167 4665 fortissimis
3197 4610 3477 4664 moenibus

197 4683 312 4752 χρὴ
350 4683 621 4747 νομίζειν,
661 4679 759 4732 καὶ
793 4680 975 4749 μόνοις
1004 4680 1219 4744 τούτοις
1263 4682 1364 4753 οὑχ
1400 4683 1526 4735 ὅσον
1561 4684 1630 4734 τὰ
1674 4699 1788 4735 τοι.

198 4774 349 4827 αὕτα
384 4772 688 4835 πιστεύειν,
717 4770 857 4824 ἀλλὰ.
886 4772 978 4825 καὶ
999 4771 1222 4843 θαρρεῖν
1260 4775 1396 4827 πολὺ
1429 4774 1664 4844 πλέον,ἥ
1694 4792 1791 4845 με·

198 4870 420 4936 γίστοις
451 4867 547 4918 καὶ
590 4864 925 4931 θαυμαστοῖς
975 4865 1183 4934 τείχεσι
1236 4866 1332 4917 καὶ
1380 4866 1667 4934 προϐόλοις
1699 4869 1793 4921 καὶ

198 4957 295 5013 οἷα
317 4960 391 5012 τὰ
427 4952 996 5027 Σεμιράμ.δος,,ἦπου
1027 4957 1155 5020 τούς
1200 4975 1264 5025 γε
1289 4959 1549 5012 τάναντία
1583 4960 1791 5012 τούιων

199 5054 398 5113 ὄντας,
431 5050 528 5102 καὶ
554 5052 667 5111 τοῖς
692 5048 835 5112 ὅλοις
862 5048 1122 5119 ἀπόρους,
1158 5050 1260 5102 οὐκ
1284 5050 1348 5103 ἂν
1378 5050 1674 5121 φθάνοιμεν
1704 5053 1796 5105 οὐ·

201 5148 345 5198 τωσ“ι
396 5143 795 5211 διαγράφοντες
828 5141 966 5210 πρὸς
1010 5140 1069 5193 τὸ
1102 5140 1255 5194 ταῦθ’
1299 5142 1594 5211 ὑπηρετεῖν
1649 5144 1792 5206 οἴους

204 5237 254 5288 τ’
290 5233 461 5293 εἶναι.
519 5233 593 5296 ῶς
646 5233 785 5301 μηδὲ
840 5233 1036 5302 χρῆναι
1103 5232 1311 5285 τούτων
1360 5234 1687 5303 τοπαράπαν
1737 5236 1795 5286 ἐν

203 5326 431 5386 τούτοις
468 5322 803 5392 μεμνῆσθαι.
858 5321 1026 5374 Πόθεν
1075 5323 1169 5374 καὶ
1217 5321 1326 5392 γὰρ
1360 5321 1539 5384 ἕξουσι
1588 5325 1648 5375 τὸ
1703 5342 1792 5376 πι-

207 5412 514 5467 στεύεσθαι
542 5428 558 5476 ;
592 5412 823 5479 πότερον
868 5409 959 5477 ἀφ’
986 5403 1061 5462 ὧν
1098 5411 1393 5479 κέκτηνται
1421 5428 1437 5475 ;
1479 5411 1617 5464 Ἀλλ’
1642 5414 1797 5465 οὐδὲν

202 5506 551 5574 τοπαράπαν
583 5503 879 5573 κέκτηνται
906 5519 921 5533 ·
949 5501 1088 5573 πλὴν
1112 5502 1243 5555 εἰτὸ
1274 5504 1441 5573 μηδὲν
1471 5504 1795 5573 κεκτῆσθαι,

206 5603 507 5670 φήσουσιν,
577 5597 779 5667 ὑπέρου
850 5596 1175 5665 γυμνότεροι
1237 5598 1377 5648 κατὰ
1433 5598 1532 5668 τὴν
1591 5598 1797 5667 ἀγορὰν

204 5693 469 5751 ειῖὸοτες,
494 5691 587 5740 καὶ
618 5689 755 5757 πρὸς
785 5687 1217 5757 ἀνδραποδώδεις
1252 5690 1345 5741 καὶ
1374 5689 1583 5757 φαύλας
1610 5692 1798 5742 διακο-

206 5790 354 5844 νιας,
386 5782 557 5849 τριῶν
591 5779 625 5849 ἢ
676 5780 955 5849 τεττάρων
983 5778 1191 5831 ὀόολῶν
1234 5780 1431 5848 χάριν,
1464 5783 1577 5844 τοῖς
1611 5778 1795 5849 βουλο-

212 5892 406 5947 μενοις
464 5872 792 5938 ἐκκείμενοι.
843 5868 1086 5923 Τοιοῦτοι
1128 5871 1238 5939 γάρ
1278 5888 1423 5936 τινες
1463 5872 1557 5929 νῦν
1607 5874 1653 5928 οἱ
1688 5872 1796 5929 τῶν

549 5970 821 6031 lumen.
866 5968 983 6030 GR.
1028 5966 1253 6034 CXLV.

1896 4737 1962 4778 ac
1984 4720 2165 4785 vallis,
2184 4720 2368 4791 qualia
2408 4719 2789 4775 Semiramidis
2813 4721 3188 4787 celebrantur,
3229 4722 3355 4776 dum
3383 4724 3476 4791 qui

1895 4835 2031 4890 tales
2048 4848 2157 4889 non
2183 4842 2314 4887 sunt
2339 4847 2369 4887 a
2414 4831 2604 4887 limine
2632 4831 2906 4887 salutandi
2931 4843 3112 4887 erunt.
3144 4833 3299 4889 Unde
3327 4836 3476 4889 enim

1898 4947 2001 5004 ﬁde
2022 4947 2175 5016 digni
2198 4945 2362 5001 sunt?
2398 4962 2528 5000 num
2556 4944 2685 5015 quia
2706 4944 3011 5014 locupletes
3043 4945 3212 5000 sunt?
3242 4946 3312 5001 At
3339 4947 3477 5000 nihil

1899 5073 2127 5129 prorsus
2158 5057 2467 5127 possident,
2504 5066 2562 5112 et
2598 5057 2668 5111 ob
2700 5054 2753 5109 id
2788 5055 2965 5125 ipsum
2997 5059 3161 5111 trium
3189 5058 3477 5112 obolorum

1900 5173 2074 5242 pretio
2145 5172 2507 5227 humillimam
2572 5185 2637 5225 ac
2711 5170 3076 5240 turpissimam
3156 5173 3477 5227 servitutem

1899 5289 2125 5344 obeunt.
2164 5287 2323 5341 Tales
2349 5302 2499 5342 nunc
2526 5287 2749 5356 quidem
2781 5296 2913 5341 sunt
2945 5285 3164 5339 urbium
3198 5288 3475 5342 custodes.

1900 5399 2007 5455 Sed
2034 5414 2217 5453 nonne
2249 5409 2307 5454 ut
2335 5398 2649 5469 proditores
2677 5408 2733 5453 et
2761 5399 3009 5453 omnium
3033 5400 3192 5468 egeni
3228 5414 3482 5468 compre-

1905 5515 2219 5570 hendentur
2241 5514 2264 5566 ?
2290 5527 2473 5569 nonne
2500 5514 2732 5584 pecunia
2772 5513 2899 5567 data
2933 5524 3114 5566 castra
3170 5521 3357 5565 nostra
3388 5512 3484 5567 dc-

1904 5627 2127 5683 serent?
2155 5623 2263 5682 Ubi
2316 5627 2462 5681 enim
2498 5627 2642 5681 inter
2682 5627 2828 5697 ipsos
2868 5625 3068 5681 divites
3123 5626 3479 5695 reperiuntur

1902 5755 2041 5810 quos
2070 5755 2183 5795 rem
2213 5740 2537 5794 familiarem
2590 5739 2824 5807 augendi
2886 5754 3038 5808 ergo,
3102 5738 3281 5808 turpia
3323 5753 3484 5807 agere

1907 5872 2013 5912 non
2047 5855 2249 5926 pudet,
2282 5862 2491 5924 quanto
2516 5853 2687 5925 magis
2730 5853 2763 5907 ii
2796 5854 2889 5923 qui
2914 5853 3033 5909 sine
3077 5853 3187 5906 ulla
3218 5867 3314 5923 spe
3365 5866 3483 5905 me-

3078 5970 3147 6030 17
