4212 6430
227 381 336 446 525

1158 385 1445 448 ORATIO
1486 386 1584 448 DE
1626 386 2144 448 SUBDlTORUM
2183 387 2534 450 OFFICIIS.

3389 389 3498 453 526

223 496 400 564 δήπου
435 491 675 558 δέδοικα,
716 491 792 563 μὴ
839 495 951 557 τοῖς
997 494 1282 566 πολεμίοις
1328 496 1619 566 περίπολοί
1669 512 1813 560 τινες

1922 497 2213 563 recedere,
2251 497 2306 552 id
2340 497 2397 552 bi
2423 499 2509 553 vel
2549 497 2790 554 molliter
2813 499 3026 571 agendo
3057 501 3407 569 obtinebunt,
3429 514 3500 559 eet

222 582 326 640 ῶσι
365 586 566 654 μᾶλλον
602 587 633 650 ἦ
665 588 780 648 τοῖς
823 585 1050 647 οίκείοις
1077 602 1090 616 ·
1135 587 1170 640 ἃ
1201 589 1308 656 γὰρ
1341 589 1558 656 μάλιστ’
1604 589 1802 640 ἐκεῖνοι

226 679 580 744 συνεύξαιντο
611 677 798 745 σφίσιν
827 680 1031 742 αὐτοῖς.
1064 679 1160 734 καὶ
1191 680 1396 734 τούτων
1426 679 1804 745 κατεύξαιντο,

219 771 296 832 ῶς
327 773 462 823 ὃταν
493 770 794 838 βούλωνται
836 772 1033 842 ῥᾳδίως
1066 775 1210 842 σφᾶς
1253 773 1456 837 ἐξελεῖν
1483 775 1807 843 δεδυνῆσθαι

221 876 256 911 κ
281 865 319 916 ιι
375 864 698 930 κατασχεῖν,
749 864 905 916 ταῦθ’
941 858 1088 918 οὗτοι
1116 867 1186 919 δι’
1232 860 1308 918 ῶν
1345 868 1543 921 οὑτωσὶ
1594 870 1806 938 ῥᾳστω-

219 952 532 1014 νεύσονται,
570 957 1038 1023 κατεργάσονται·
1069 958 1162 1010 καὶ
1209 954 1284 1010 ῶν
1329 959 1670 1029 κατέστησαν
1709 960 1810 1029 φύ-

222 1046 434 1106 λακες,
497 1046 721 1109 τούτους
794 1048 1014 1111 ἑκόντες
1070 1051 1225 1113 ὄντες
1291 1055 1622 1119 προήσονται
1697 1055 1809 1114 τοῖς

221 1138 442 1206 ἐχθροῖς
470 1154 484 1166 ·
515 1139 675 1208 είπερ
706 1139 825 1205 ἐεδν
860 1139 896 1192 ἃ
931 1140 1038 1209 χρὴ
1093 1142 1439 1210 πράττοντας
1487 1142 1581 1195 καὶ
1615 1157 1808 1194 νυκτο-

222 1226 627 1294 φυλακοῦντας,
660 1228 850 1300 ῶσπερ
876 1229 1034 1298 ἔφην,
1066 1232 1142 1292 είς
1174 1231 1347 1295 τέλος.
1383 1231 1573 1286 ἔπειτα
1601 1233 1809 1285 τούτων

222 1320 489 1384 καθάπαξ
527 1321 895 1390 ὑπερφρονεῖν
933 1323 1026 1374 καὶ
1079 1326 1292 1394 χαίρειν
1322 1327 1437 1387 τοῖς
1481 1326 1624 1386 ὅλοις
1669 1328 1764 1397 ἐᾷν
1793 1345 1806 1359 ο

220 1413 273 1460 oi
301 1410 345 1463 δ’
381 1411 488 1462 ὑπὸ
522 1412 614 1463 τοῦ
651 1415 727 1481 μὴ
758 1416 941 1467 πονεῖν
979 1415 1185 1470 ἐθέλειν
1223 1421 1316 1469 καὶ
1348 1418 1660 1488 τρίϐεσθαι,
1691 1419 1810 1472 ἀλλ’

221 1502 381 1570 ὕπνῳ
417 1505 510 1556 καὶ
545 1503 747 1574 νωθείᾳ
782 1505 1078 1571 δουλεύειν,
1130 1508 1226 1561 καὶ
1261 1511 1360 1579 τὴν
1396 1511 1577 1562 αὐτῶν
1615 1511 1810 1582 ἡδονὴν

224 1597 508 1665 προτέραν
535 1596 627 1649 τοῦ
655 1600 812 1668 κοινῇ
837 1598 1207 1670 ξυμφέροντος
1231 1609 1461 1672 κρίνειν,
1488 1605 1555 1656 τὰ
1583 1604 1810 1658 τοιαῦτα

219 1689 681 1743 λειποτακτοῦσιν
705 1704 721 1720 ⁸
755 1691 883 1744 ἄνευ
918 1692 974 1744 δέ
1019 1694 1228 1748 τούτων
1258 1696 1358 1748 οὐκ
1389 1694 1454 1748 ἂν
1483 1696 1600 1765 ἐχοι
1629 1696 1807 1763 λόγον,

220 1780 325 1849 τῆς
360 1780 461 1846 μέν
493 1781 743 1848 φυλακῆς
789 1784 914 1846 τοὺς
950 1785 1180 1853 μισθοὺς
1227 1785 1464 1850 ἐντελεῖς
1510 1786 1812 1858 λαμϐάνειν

1912 611 2329 682 quoruanrius
2353 611 2613 667 custodes
2638 611 2880 678 fuerant,
2916 627 3014 669 eos
3054 614 3293 671 libenter
3317 616 3497 670 hosti-

1913 727 2016 781 bus
2051 725 2292 788 tradent,
2324 735 2438 778 tum
2469 739 2594 778 cum
2619 726 2951 795 permissum
2974 737 3059 781 est
3101 728 3293 784 oﬂiciis
3324 730 3502 784 satis-

1918 839 2123 902 facere,
2149 839 2415 893 excubias
2455 853 2614 908 agere
2641 853 2816 908 usque
2843 839 2908 893 ad
2934 839 3237 906 fastidium,
3273 841 3404 897 dein
3437 843 3505 896 iis

1914 953 2248 1008 valedicere.
2281 952 2320 1006 Ii
2349 951 2552 1007 deinde
2580 952 2676 1022 qui
2705 966 2908 1022 corpus
2934 952 3243 1008 laborando
3267 953 3498 1026 fatigare

1913 1069 2129 1129 nolunt,
2158 1079 2413 1120 somnum
2432 1074 2618 1120 autem
2637 1074 2694 1120 et
2718 1064 3079 1120 indolentiam
3109 1067 3282 1137 magis
3312 1077 3501 1122 amant

1911 1195 1968 1238 et
1993 1181 2088 1252 qui
2126 1181 2459 1251 voluptatem
2496 1180 2765 1250 privatam
2822 1181 3044 1235 utilitati
3078 1181 3315 1251 publica
3340 1191 3501 1236 antc-

1917 1301 2154 1364 pouunt,
2184 1293 2380 1348 ordine
2408 1291 2712 1357 excedent;
2748 1291 2902 1346 nefas
2925 1291 3074 1346 enim
3099 1302 3247 1347 esset
3281 1306 3496 1348 merce-

1918 1405 2042 1458 dem
2063 1404 2330 1472 integram
2367 1404 2648 1472 postulare
2689 1417 2790 1472 pro
2821 1402 3008 1457 labore
3043 1419 3184 1473 pene
3217 1404 3500 1460 inchoato.

1918 1517 1976 1571 Si
2000 1516 2148 1572 enim
2169 1514 2435 1571 custodiae
2459 1530 2635 1584 usque
2655 1515 2724 1570 ad
2745 1516 2910 1570 linem
2931 1530 3156 1585 operam
3179 1516 3312 1571 dare
3345 1531 3502 1572 recu-

1915 1643 2061 1698 sant,
2095 1633 2371 1702 quomodo
2424 1629 2734 1687 mercedem
2762 1629 3032 1700 integram
3090 1629 3503 1701 eﬂlagitabuntl
3540 1603 3543 1606 ν

1922 1744 2081 1812 Quod
2107 1745 2154 1801 si
2183 1755 2368 1800 autem
2392 1759 2541 1800 nunc
2579 1743 2755 1799 olllcio
2787 1751 2985 1799 vacant
3016 1743 3163 1814 quod
3195 1743 3360 1814 paulo
3380 1753 3503 1815 post

219 1874 458 1938 ἐθέλειν,
485 1874 657 1944 αὐτὴν
690 1874 747 1927 δέ
769 1875 974 1946 ταύτην
1008 1878 1179 1948 ἀτελῆ
1208 1855 1597 1933 καταλείπειν.-
1620 1880 1682 1932 El
1715 1877 1813 1946 μέν

1919 1859 2375 1929 tergiversantur,
2407 1857 2562 1913 nullo
2602 1857 2729 1928 jure
2758 1857 3090 1912 alterutrum
3119 1855 3353 1921 faciunt,
3391 1856 3504 1911 imo

218 1967 333 2035 γάρ
368 1966 432 2018 οὐ
463 1967 721 2035 μέλλουσι
745 1966 833 2020 διὰ
862 1968 1052 2031 τέλους
1081 1973 1400 2038 φυλάττειν,
1434 1973 1486 2025 τί
1530 1972 1658 2041 περὶ
1683 1974 1809 2032 τοὺς

223 2055 458 2124 μισθοὺς
483 2057 969 2127 ἁκριὸολογοῦνται
996 2078 1012 2128 ;
1037 2065 1087 2115 εί
1115 2063 1162 2116 δ’
1192 2065 1250 2117 ἐν
1281 2064 1426 2134 λόγῳ
1447 2063 1606 2118 τοῦτο
1635 2065 1812 2117 ποιεῖν

220 2149 436 2201 οἴονται
475 2149 608 2213 δεῖν,
639 2146 722 2212 οἷς
751 2153 810 2202 ἐν
839 2153 1035 2221 ἐκείνῳ
1057 2155 1154 2208 τοῦ
1182 2157 1555 2226 προσήκοντος
1581 2155 1812 2224 άλογοῦ-

223 2257 335 2298 σιν.
369 2240 491 2292 ούδέ
521 2241 712 2294 τοῦτον
746 2244 804 2295 ἐν
833 2244 977 2313 λόγῳ
1019 2249 1200 2300 ποιεῖν
1237 2245 1648 2319 μαρτυροῦσιν·
1676 2246 1810 2299 ἀλλὰ

225 2335 327 2385 καὶ
356 2333 457 2401 τὴν
508 2335 664 2386 πόλιν
701 2337 758 2387 ἐν
791 2336 851 2388 οὐ
903 2340 1124 2409 μικροῖς
1164 2340 1394 2403 ἀδικεῖν,
1443 2341 1584 2410 ὑπὲρ
1615 2336 1684 2412 ἧς
1721 2358 1812 2408 μι-

226 2422 596 2493 σθοφοροῦσιν
648 2427 750 2479 οὑκ
789 2427 1010 2495 ἐνδεῶς,
1065 2430 1276 2501 ταύτην
1329 2432 1695 2500 φυλάττοντες
1729 2433 1811 2484 ἐν·

220 2517 386 2580 δεῶς,
423 2518 720 2572 κάντεῦθεν
750 2520 808 2574 ὃν
835 2521 975 2590 ἐφην
1003 2524 1206 2593 τρόπον
1236 2527 1350 2584 τοῖς
1381 2525 1592 2594 ἐχθροῖ;
1621 2523 1810 2592 προδι-

223 2611 452 2674 δόντες·
501 2613 577 2674 ὼς
607 2612 703 2666 οὖν
737 2615 796 2667 ἐν
840 2615 1052 2678 τούτοις
1103 2616 1214 2668 τῶν
1269 2616 1406 2668 ὅλων
1457 2617 1810 2684 πραγμάτων

223 2700 588 2770 ὑπαρχόντων
627 2704 693 2772 τῇ
746 2702 921 2764 πόλει.
967 2703 1062 2756 καὶ
1094 2703 1196 2773 τῆς
1241 2704 1433 2774 κοινῆς
1482 2704 1809 2772 ἀσφαλείας,

224 2797 272 2844 εὶ
311 2793 394 2844 δεῖ
423 2794 705 2863 συντόμως
743 2796 940 2858 εἰπεῖν,
979 2795 1232 2848 ἐντεῦθεν
1275 2791 1418 2848 εἶναι
1469 2795 1811 2849 κινδυνευού-

224 2902 331 2958 σης
362 2887 459 2940 καὶ
509 2886 609 2958 μὴ,
659 2886 870 2940 κελεύω
915 2889 1011 2941 καὶ
1059 2888 1286 2950 τούτους
1325 2888 1417 2940 καὶ
1465 2887 1561 2950 οὓς
1608 2888 1809 2958 ἀρτίως

223 2980 536 3050 ἐμνήσθην,
575 2981 926 3033 παντάπασιν
968 2985 1334 3052 ἐγρηγορέναι
1364 2983 1460 3035 καὶ
1507 2983 1700 3050 νήφειν
1732 2984 1808 3044 είς

225 3075 419 3127 ἂπανο
453 3076 544 3126 καὶ
593 3074 738 3128 οὕτω
776 3077 904 3146 περὶ
954 3076 1055 3144 τὴν
1103 3074 1352 3146 φυλακὴν
1406 3075 1808 3138 διανίστασθαι,

222 3167 303 3230 ὡς
344 3167 512 3236 μηδὲν
548 3162 712 3238 ἦττον
741 3169 1090 3239 κυϐερνητῶν
1122 3169 1297 3237 ἴσχειν
1330 3168 1398 3222 τά
1429 3185 1494 3236 γε
1529 3169 1761 3222 τοιαῦτα
1790 3185 1804 3198 ο

226 3262 327 3313 καὶ
348 3261 456 3330 γὰρ
478 3263 675 3314 ἐκεῖνοι
695 3264 790 3314 καὶ
813 3264 962 3331 παρὰ
985 3264 1161 3316 πάντα
1185 3263 1286 3331 μὲν
1308 3263 1480 3332 δήπου
1501 3263 1595 3316 τὸν
1619 3262 1807 3326 πλοῦν,

224 3354 328 3422 οὐχ
374 3354 574 3423 ἣκιστα
600 3354 657 3406 δὲ
711 3353 982 3418 κλύδωνος
1032 3357 1300 3420 ἐπιόντος,
1333 3356 1442 3409 οὐδ’
1488 3358 1579 3407 ἐπὶ
1618 3355 1814 3423 μικρὸν

227 3448 560 3516 ἀφίστανται
593 3448 703 3499 τῶν
737 3449 962 3510 οἰάκων.
990 3448 1101 3502 οὐδ’
1128 3443 1204 3503 ῶν
1231 3452 1262 3518 ἡ
1301 3451 1463 3518 τέχνη
1506 3451 1599 3501 καὶ
1624 3449 1688 3500 τὸ
1715 3447 1813 3516 τῆς

226 3542 424 3610 χρείας
453 3541 766 3608 ἀναγκάζον
798 3542 1032 3611 παρέχει
1058 3558 1072 3572 ⁸
1103 3542 1242 3595 ἀλλὰ
1293 3543 1390 3595 καὶ
1415 3543 1654 3610 νύκτωρ,
1696 3541 1813 3591 ἐστι

226 3634 276 3686 δ’
318 3634 410 3686 ὅτε
459 3635 553 3686 καὶ
599 3635 697 3703 τῆς
735 3637 1161 3706 ἐπιγιγνομένης
1191 3637 1429 3706 ἡμέρας,
1479 3634 1640 3687 πάνθ’
1672 3633 1815 3701 ὑπὲρ

226 3728 328 3794 τῆς
363 3725 473 3775 τῶν
513 3727 862 3793 ἐμπλεόντων
892 3725 1171 3796 σωτηρίας
1203 3729 1382 3779 ποιεῖν
1425 3727 1630 3778 οἴονται
1674 3723 1812 3793 χρῆ-

226 3838 346 3884 ναι,
385 3819 521 3888 όμοῦ
554 3836 613 3871 τε
650 3819 786 3888 πρὸς
815 3819 966 3886 κῦμα
1003 3816 1509 3886 παραϐαλλόμενοι,
1544 3817 1639 3868 καὶ
1679 3819 1814 3884 πρὸς

224 3914 472 3981 ἀστέρας
506 3911 750 3980 συνεχῶς
782 3909 1121 3978 ἀφορῶντες,
1151 3909 1412 3963 κάκεῖθεν
1441 3905 1815 3977 λαμϐάνοντες

223 4003 323 4057 τοῦ
348 4004 611 4070 ποιητέου
637 4001 698 4051 τδ
727 3999 1000 4068 σύνθημα.
1029 3993 1164 4050 Εἶτα
1189 3996 1560 4067 κυϐερνήταις
1595 3994 1696 4063 μὲν
1722 3992 1814 4044 οὺ-

223 4099 365 4152 τωσὶ
400 4096 550 4164 μέλει
578 4093 716 4145 νεῶν
741 4093 837 4146 καὶ
868 4093 962 4145 τοῦ
995 4091 1117 4144 κατ’
1146 4091 1318 4152 αὐτάς
1349 4089 1623 4158 σωτηρίου
1644 4102 1659 4115 ·
1689 4089 1813 4148 τοὺς

223 4191 285 4242 δὲ
322 4192 436 4239 τῶν
491 4187 701 4239 πόλεων
752 4185 1004 4254 φύλακας
1049 4186 1111 4236 οὺ
1165 4181 1350 4252 πολλῷ
1400 4181 1602 4250 μᾶλλον
1655 4184 1816 4232 ταυτὶ

224 4278 501 4346 πράττειν
548 4275 799 4343 φήσομεν
844 4272 1082 4344 χρῆναι;
1136 4271 1264 4324 ὅσον
1300 4270 1410 4340 γάρ
1469 4268 1737 4339 μειζόνων
1780 4268 1812 4336 ἢ

225 4368 420 4419 ’κεῖνοι
471 4364 855 4434 προΐστανται,
911 4359 1138 4414 τοσοῦτο
1199 4358 1371 4429 μείζω
1414 4358 1510 4411 καὶ
1541 4361 1642 4428 τὴν
1685 4374 1816 4424 περι

225 4458 410 4512 ταῦτα
437 4455 686 4524 φυλακὴν
717 4454 1028 4521 ὀφείλουσιν
1057 4451 1252 4520 ἴσχειν,
1288 4450 1510 4520 πτηνῶν
1547 4449 1706 4517 δίκην
1727 4449 1815 4500 διὰ

1918 1972 2111 2028 urbem
2148 1985 2348 2039 magna
2403 1970 2608 2040 injuria
2638 1967 2904 2034 alliciunt,
2928 1966 3171 2038 pretium
3225 1966 3502 2036 integrum

1915 2102 2016 2158 pro
2047 2084 2300 2142 custodia
2359 2082 2683 2155 imperfecta
2735 2090 3116 2152 exposcentes.
3172 2079 3312 2147 Quia
3336 2080 3502 2149 igitur

1915 2208 2028 2253 tota
2088 2195 2325 2252 civitatis
2370 2210 2504 2250 cura
2569 2195 2623 2249 in
2685 2194 2753 2250 iis
2797 2193 3036 2264 reposita
3083 2203 3190 2258 est,
3222 2193 3316 2264 qui
3373 2207 3503 2263 pro-

1913 2313 2073 2367 desse
2088 2319 2146 2365 et
2170 2310 2368 2365 obesse
2398 2317 2654 2380 possunt,
2683 2317 2741 2363 et
2769 2317 2880 2362 tota
2912 2322 3098 2362 rerum
3131 2307 3282 2362 salus
3323 2321 3495 2378 penes

1914 2442 2012 2482 eos
2035 2425 2331 2497 est,jubeo
2359 2423 2618 2495 equidem
2657 2431 2717 2477 ut
2767 2435 3118 2489 summopere
3164 2419 3393 2490 vigilcnt
3437 2435 3503 2474 ac

1917 2539 2092 2596 sobrii
2134 2539 2268 2603 sint,
2293 2553 2399 2592 nec
2429 2537 2611 2592 minus
2650 2550 2716 2590 ac
2742 2537 3142 2605 gubernatores
3171 2534 3377 2605 navigii
3407 2549 3503 2586 ru-

1914 2671 2030 2710 ram
2085 2664 2248 2724 agant
2303 2653 2398 2723 qui
2465 2668 2563 2723 per
2624 2661 2792 2707 totam
2829 2651 3237 2722 navigationem
3279 2649 3503 2720 quando

1920 2776 2224 2838 tempestas
2251 2769 2432 2830 irruit,
2451 2782 2520 2822 ne
2541 2767 2826 2821 minimum
2846 2766 3068 2836 quidem
3088 2763 3502 2835 agubernaculo

1912 2884 2144 2950 recedit,
2170 2882 2469 2953 nihilquod
2500 2898 2588 2938 ars
2612 2882 2826 2946 suadet,
2847 2882 3177 2936 intentatum
3215 2878 3500 2948 relinquit,

1913 3001 2025 3055 imo
2059 3008 2225 3053 noctu
2252 2998 2455 3066 diuque
2494 2993 2624 3049 facit
2662 2993 2810 3063 quod
2856 2993 2910 3046 in
2937 2991 3312 3062 navigantium
3361 2991 3503 3043 salu-

1914 3124 2022 3168 tem
2075 3112 2334 3182 adjuvare
2388 3117 2585 3180 potest,
2619 3109 2796 3162 undas
2852 3122 3198 3172 mensurans,
3239 3105 3308 3159 ad
3355 3115 3498 3158 astra

1836 3222 1880 3280 Ο
1915 3227 2240 3297 suspiciens,
2275 3235 2333 3281 et
2374 3225 2498 3280 inde
2524 3225 2646 3295 ejus
2677 3223 2821 3294 quod
2875 3223 3184 3277 faciendum
3233 3233 3340 3289 est,
3374 3237 3505 3276 con-

1918 3341 2100 3397 silium
2137 3341 2379 3411 capiens.
2407 3339 2564 3405 Quod
2603 3341 2646 3393 si
2684 3339 3146 3409 gubernatoribus
3197 3339 3320 3392 talia
3359 3353 3504 3393 cura:

1918 3465 2068 3518 sunt,
2106 3469 2217 3524 quo
2244 3465 2402 3524 pacto
2437 3453 2589 3507 urbis
2610 3452 2869 3507 edilibus
2902 3451 3086 3506 minus
3113 3452 3381 3507 sollicitos
3416 3469 3503 3507 es-

1917 3580 1976 3620 se
2002 3566 2169 3619 licere
2191 3565 2480 3619 dicemus?
2506 3566 2625 3629 Quo
2651 3563 2920 3634 majorum
2950 3564 3099 3618 enim
3123 3579 3312 3619 rerum
3342 3581 3494 3620 curae

1920 3675 2198 3746 praepositi
2224 3685 2379 3739 sunt,
2405 3676 2668 3744 u.ajorem
2691 3674 2857 3728 etiam
2885 3672 2941 3727 in
2971 3675 3038 3729 iis
3068 3675 3503 3731 sollicitudinem

1918 3806 2124 3863 ponere
2153 3789 2436 3845 debebunt
2464 3798 2542 3852 ct,
2568 3790 2862 3844 volucrum
2907 3790 3102 3855 instar,
3159 3793 3362 3847 muenia
3396 3793 3506 3848 cir-

1919 3903 2322 3968 cumvolantes,
2351 3917 2460 3956 una
2487 3917 2611 3956 cum
2671 3902 2824 3957 urbis
2861 3903 3119 3974 praefecto
3169 3903 3237 3959 ad
3270 3905 3502 3976 vigilan-

1919 4017 2048 4072 dum
2079 4027 2136 4072 et
2162 4017 2593 4088 cooperandum,
2626 4030 2766 4087 quos
2796 4031 2894 4087 par
2937 4027 3046 4083 est,
3076 4019 3396 4076 admonere.

223 4555 420 4621 πάσης
437 4549 633 4610 νυκτὸς
657 4544 1130 4618 περισκοποῦντες
1151 4545 1220 4596 τὰ
1243 4544 1400 4614 τείχη
1428 4544 1522 4596 καὶ
1544 4541 1818 4612 περιθέον-
1852 4563 1896 4616 D

223 4660 327 4705 τες
368 4641 591 4708 σύναμα
617 4638 696 4705 τῷ
730 4636 1025 4704 άστννόμῳ
1055 4633 1133 4703 τῷ
1163 4649 1222 4686 τε
1256 4633 1354 4701 τῆς
1401 4633 1609 4693 πόλεως
1641 4632 1818 4700 ἁρμο-

227 4734 334 4808 στῇ
375 4733 710 4802 διεγείρουσι
740 4731 884 4796 σφᾶς
916 4729 1009 4781 καὶ
1038 4726 1486 4796 προθυμοτέρους
1532 4725 1609 4794 τῷ
1641 4726 1820 4776 συνεῖ-

225 4847 322 4882 ναι
344 4829 442 4879 καὶ
481 4823 696 4877 συνθεῖν
726 4821 1069 4875 καθιστᾶσιν.

305 4927 407 4985 ις’.
453 4919 606 4970 Ἐπεὶ
630 4917 675 4969 δ’
714 4915 770 4981 ἐξ
802 4915 1063 4968 ἁπάντων
1092 4913 1299 4966 τούτων
1332 4911 1690 4965 συνίστασθαι
1718 4909 1816 4978 μέν

224 5017 329 5071 καὶ
363 5015 627 5083 πράττειν
668 5007 732 5063 εὖ
775 5009 996 5062 πόλεσιν
1026 5010 1129 5075 ἔνι,
1180 5008 1276 5062 καὶ
1316 5006 1539 5078 προσέτ¹
1578 5005 1815 5074 ἀσφαλέ-

225 5124 411 5162 στατα
438 5106 633 5175 ῖσχειν,
668 5102 967 5156 ἐπιδιδόναι
993 5102 1050 5155 δὲ
1085 5100 1375 5155 τουλοιποῦ
1407 5102 1502 5154 καὶ
1550 5096 1814 5163 αὔξεσθαι

221 5204 447 5262 τούτοις
479 5199 666 5252 οὐκέτι
690 5212 705 5226 °
755 5195 839 5248 δεῖ
870 5195 929 5248 δέ
961 5196 1056 5248 καὶ
1103 5197 1297 5246 τούτου
1328 5193 1424 5245 τοῦ
1478 5193 1679 5263 μέρους
1715 5193 1813 5260 οὐχ

219 5295 416 5368 ἥκιστ’
446 5294 661 5355 αὑταῖς.
709 5289 786 5343 οὗ
815 5290 924 5359 γὰρ
962 5287 1021 5342 εὖ
1066 5289 1327 5359 πράττειν
1367 5288 1529 5357 μόνον
1571 5287 1813 5358 ἀπόχρη,

217 5387 369 5443 ἀλλὰ
407 5386 502 5439 καὶ
533 5385 670 5456 πρὸς
720 5385 787 5437 τά
819 5384 1058 5454 κρείττω
1082 5384 1178 5435 καὶ
1233 5381 1406 5450 μείζω
1448 5381 1652 5449 χωρεῖν
1682 5381 1814 5430 ἐκά-

221 5497 391 5536 στστε
427 5479 508 5532 δεῖ
545 5479 642 5533 καὶ
673 5478 866 5547 πρόσω
909 5476 1152 5544 βαίνεινθ
1185 5477 1280 5525 καὶ
1309 5473 1448 5535 ὅλως
1488 5473 1632 5542 μετὰ
1677 5487 1815 5521 παν-

216 5581 320 5638 τ¹>ς
348 5576 440 5629 ἀεὶ
463 5572 557 5626 τοῦ
602 5573 872 5644 βελτίονος
900 5573 991 5623 τὸν
1033 5570 1206 5622 αἰῶνα
1238 5569 1449 5635 διάγειν
1471 5582 1484 5595 °
1523 5567 1633 5618 δεῖν
1675 5563 1814 5617 εἶναι

217 5671 328 5724 καὶ
357 5669 504 5720 πάνυ
550 5667 696 5736 φημὶ
742 5667 872 5724 τοὺς
904 5664 1012 5718 τῶν
1064 5662 1501 5731 πολιτευομένων
1557 5661 1814 5729 ἀρίστους

217 5767 296 5816 τά.
323 5763 370 5813 τ’
399 5761 538 5813 ἄλλα
566 5762 661 5812 καὶ
697 5757 875 5811 ὁτιοῦν
920 5757 1158 5827 χρηστὸν
1191 5757 1590 5826 εἰργασμένους
1626 5757 1813 5824 διαφε-

220 5860 441 5921 ρόντως
458 5856 696 5909 ἐπαινεῖν
717 5853 1127 5921 καὶθαυμάζειν
1155 5852 1245 5905 καὶ
1269 5853 1392 5919 περῖ
1420 5852 1660 5915 πλείονος
1692 5869 1813 5904 ποι-

1993 4911 2078 4964 lli.
2114 4909 2375 4977 Quamvis
2411 4927 2507 4983 per
2549 4914 2666 4969 haec
2704 4918 2887 4970 omnia
2929 4917 3127 4974 civitas
3159 4920 3337 4988 aliqua
3373 4935 3502 4989 pro-

1918 5036 2181 5103 speritate
2207 5050 2271 5089 ac
2320 5036 2616 5090 securitate
2665 5036 2772 5091 frui
2804 5037 2998 5107 possit,
3033 5036 3085 5091 id
3121 5054 3286 5106 porro
3325 5055 3493 5108 agen-

1915 5147 2047 5200 dum
2082 5148 2445 5203 restatutista
2481 5151 2818 5218 prosperitas
2842 5162 3078 5207 maneat.
3107 5151 3319 5208 Felices
3347 5155 3496 5209 enim

1915 5258 2063 5312 cives
2097 5274 2220 5313 esse
2269 5275 2373 5313 uon
2409 5260 2606 5316 suﬂicit
2629 5302 2643 5326 ,
2678 5262 2787 5317 imo
2823 5264 3080 5321 meliores
3109 5267 3166 5320 iu
3201 5267 3347 5322 diem
3380 5269 3501 5325 ﬁeri

1917 5387 2152 5444 oportet,
2194 5385 2249 5430 et
2285 5377 2412 5431 inde
2456 5379 2509 5432 in
2544 5378 2754 5434 honore
2784 5391 2948 5451 atque
2979 5381 3345 5438 admiratione
3376 5400 3500 5440 esse

1918 5493 2060 5561 apud
2093 5492 2338 5561 vulgum,
2381 5492 2426 5547 si
2455 5493 2656 5547 virtute
2681 5495 2980 5548 excellunt.
3012 5495 3078 5549 Et
3113 5513 3171 5550 re
3207 5511 3336 5552 vera
3362 5499 3502 5553 civi-

1917 5615 1999 5659 tas
2029 5606 2132 5659 isto
2163 5608 2324 5660 modo
2369 5606 2695 5676 procedens,
2731 5623 2829 5662 nec
2855 5608 3027 5678 gloria
3070 5626 3171 5665 nec
3203 5612 3327 5667 vita:
3350 5630 3502 5668 com-

1920 5721 2098 5774 modis
2131 5721 2363 5788 carcbit,
2398 5721 2616 5790 quando
2642 5719 2767 5775 boui
2819 5739 3001 5778 mores
3035 5725 3218 5794 vigent
3251 5736 3306 5779 ct
3346 5729 3498 5794 pravi

1921 5836 2332 5905 pet-domamur.
2366 5836 2444 5890 lla
2472 5836 2617 5892 cnim
2654 5838 2829 5892 virtus
2868 5838 2934 5892 ad
2975 5839 3302 5896 altissimum
3347 5841 3502 5898 {asti-
