4212 6430
781 373 885 439 521

2021 373 2418 437 THEODULI
2460 374 2819 437 MONACHI

3965 376 4070 443 528

775 489 926 558 gium
974 483 1240 544 evehetur
1295 493 1352 540 et
1397 499 1693 542 numerosa
1745 495 2083 546 sectatorum
2135 489 2347 546 CObOTlt

2472 488 2655 544 εῖσθαι
2687 490 2796 542 τῶν
2822 485 3024 552 ἄλλων,
3064 485 3158 539 καὶ
3189 486 3360 539 πᾶσιν
3399 480 3482 550 οἷς
3509 485 3655 548 εἰκὸς
3687 489 3942 540 τουτουσὶ
3977 489 4069 541 Θε-

769 597 1090 666 stipabitur.
1122 596 1178 652 Si
1210 598 1355 652 enim
1382 598 1436 652 in
1469 613 1557 666 eo,
1581 608 1641 653 ut
1665 600 1745 654 ait
1773 601 2088 671 Euripides,
2110 603 2369 672 plurima:

770 711 1020 764 civitates
1048 720 1279 779 peccant
1297 711 1443 780 quod
1466 710 1746 767 hominem
1778 714 2037 782 probum,
2062 723 2350 770 strenuum

771 835 878 875 non
915 823 1201 889 patiuntur
1248 822 1461 876 meliori
1500 838 1664 894 quam
1696 826 1901 880 malum
1931 842 1997 881 ac
2031 843 2356 896 perversum

769 936 898 1000 frui,
937 937 1051 989 ﬁcri
1075 952 1183 988 non
1211 945 1394 1004 potest
1417 937 1549 1005 quin
1577 937 1742 1000 idem,
1777 939 1822 993 si
1853 951 2079 1010 propter
2109 958 2200 997 res
2222 943 2364 999 bene

768 1063 951 1117 gestas
977 1065 1006 1103 a
1039 1050 1254 1104 civibus
1299 1049 1626 1117 honoratur,
1670 1053 1860 1121 patrize
1905 1056 2212 1110 commodis
2242 1068 2368 1111 stu-

772 1165 932 1229 deat;
967 1165 1100 1233 quin
1139 1164 1324 1233 quivis
1358 1165 1538 1218 bonus
1582 1165 1754 1219 citato
1782 1168 1953 1236 gradu
1985 1171 2053 1222 ad
2098 1169 2239 1226 bene
2289 1170 2370 1226 fa-

773 1276 1056 1337 ciendum,
1115 1277 1244 1331 inde
1293 1293 1551 1332 coronam
1583 1280 1743 1350 pretii
1797 1282 1919 1336 loco
1960 1293 2359 1354 reportaturus,

767 1391 1106 1458 accingatur.
1127 1389 1237 1444 Nec
1265 1391 1486 1446 mirum.
1507 1391 1719 1462 Spartae
1748 1395 1970 1464 quidem
1997 1406 2079 1451 tot
2103 1408 2160 1452 et
2185 1399 2357 1454 tan.is

780 1499 940 1552 bonis
991 1499 1098 1553 frui
1155 1500 1344 1555 datum
1393 1501 1497 1556 fuit
1532 1518 1564 1558 a
1599 1504 1845 1576 Lycurgo
1904 1508 2216 1578 legislatore
2263 1513 2358 1582 qui

767 1628 987 1667 omnem
1047 1624 1248 1669 terram
1311 1615 1481 1684 gloria
1543 1633 1643 1672 sua
1681 1619 1926 1689 :eplevit
1988 1622 2349 1689 sempiterna.

772 1729 909 1782 llinc
937 1730 1002 1781 ad
1056 1739 1245 1784 nostra
1275 1746 1451 1800 usque
1501 1740 1746 1800 tempora
1778 1748 1940 1787 nemo
2001 1732 2355 1789 Lacedaemo-

2481 582 2787 652 ραπεύεινο
2843 582 2982 650 πρδς
3033 580 3142 648 γὰρ
3193 578 3272 648 τῷ
3329 578 3430 647 τὴν
3488 578 3666 632 ταῦτα
3707 579 4068 649 πράσσουσαν

2478 673 2634 726 πόλιν
2683 672 2922 742 μάλιστα
2956 671 3083 725 νοῦν
3114 672 3263 742 ἔχειν
3291 672 3495 734 δοκεῖν,
3525 671 3624 723 καὶ
3669 672 3829 735 δόξαν
3859 672 4070 738 εὐγνω-

2478 765 2721 835 μοσύνης
2753 765 3046 836 φέρεσθαι,
3078 765 3175 820 καὶ
3207 764 3359 818 πόλλ’
3387 764 3528 834 αὐτῇ
3569 764 3640 817 τὰ
3667 762 3937 817 κάλλιστα
3965 780 4066 816 πε-

2476 860 2802 927 ριγίγνεται,
2851 860 2951 927 τῆς
2979 874 3039 909 τε
3096 857 3414 927 προσούσης
3457 855 3668 926 ἀρετῆς
3715 858 4061 924 τιμωμένης.

2472 951 2572 1018 τῆς
2605 968 2663 1003 τε
2703 951 2906 1011 κακίας
2953 947 3226 1012 καθάπαξ
3253 949 3672 1018 άνειργομένης,
3699 948 3776 1010 ὡς
3821 948 3926 1018 τὴν
3963 949 4065 1017 μὲν

2477 1041 2834 1110 μεταϐάλλειν
2862 1037 2924 1094 εὖ
2952 1041 3120 1111 μάλα,
3148 1043 3245 1111 τὴν
3267 1039 3314 1092 δ’
3339 1040 3420 1103 είς
3447 1040 3576 1093 ὅσον
3601 1038 3780 1104 ἔξεστι
3806 1039 4066 1092 πλεῖστον

2473 1134 2793 1201 ιπιδιδόναι,
2829 1136 2932 1187 καὶ
2975 1133 3265 1195 πλείστους
3317 1131 3571 1200 ζηλωτὰς
3615 1132 3973 1186 καθιστάναι.
4002 1131 4063 1183 Εἰ

2474 1229 2587 1296 γὰρ
2617 1229 2675 1279 ὲν
2702 1227 2839 1295 τῷδε
2865 1225 2986 1278 κατ’
3019 1225 3324 1295 Εὐριπίδην
3353 1225 3406 1275 αἱ
3436 1223 3631 1276 πολλαὶ
3658 1210 3938 1292 κάμνουσι
3969 1226 4068 1276 πό-

2473 1319 2606 1383 λεις,
2649 1319 2778 1372 ὅταν
2806 1335 2891 1381 τις
2917 1317 3110 1379 ἐσθλὸς
3144 1307 3554 1386 καῖπρόθυμος
3583 1315 3660 1368 ὢν
3697 1315 3860 1386 ἀνὴρ,
3888 1316 4062 1386 μηδὲν

2474 1411 2714 1479 φέρηται
2745 1411 2855 1463 τῶν
2887 1410 3154 1462 κακιόνων
3181 1407 3367 1471 πλέον,
3400 1405 3623 1476 εὔδηλον
3646 1405 3722 1468 ὡς
3746 1407 3881 1459 ὅταν
3903 1400 4063 1469 οὗτος

2471 1503 2636 1565 αὐτὸς
2679 1504 2774 1555 καὶ
2812 1503 2952 1571 ὑπὲρ
2978 1503 3045 1554 τὰ
3086 1501 3390 1570 γιγνόμενα
3430 1501 3732 1569 στέργηται
3767 1499 3864 1552 καὶ
3897 1500 4060 1569 φιλῆ-

2469 1613 2582 1660 ται,
2638 1595 2896 1648 τοσοῦτον
2947 1595 3102 1646 ἐσται
3132 1597 3195 1664 τῇ
3238 1592 3483 1662 λαχούσῃ
3530 1591 3686 1643 πόλει
3738 1592 3802 1643 τὸ
3841 1592 4057 1660 κέρδος,

2471 1689 2545 1751 ὼς
2583 1689 2659 1757 μὴ
2690 1688 2852 1757 μόνον
2896 1689 3024 1748 τοὺς
3060 1686 3233 1756 αὐτῆς
3280 1689 3490 1747 πάντας
3533 1683 3693 1752 λόγον
3723 1685 3936 1753 ἀρετῆς
3983 1685 4058 1746 ὡς

2479 1783 2714 1851 μάλιστα
2749 1782 2943 1848 [σχειν.
2998 1779 3090 1831 καὶ
3138 1780 3206 1829 τὰ
3242 1777 3456 1847 μεγάλα
3501 1777 3568 1847 τῇ
3602 1776 3823 1845 πατρίδι
3854 1777 4058 1844 φιλοτι-

768 1843 986 1895 niorurn
1018 1845 1137 1898 sine
1165 1844 1327 1898 laude
1357 1854 1412 1898 et
1440 1845 1810 1900 admiratione
1838 1847 2178 1903 mentionem
2207 1849 2340 1904 facit

2471 1842 2692 1943 μεῖσθαι
2727 1842 3038 1940 βούλεσθαι,
3065 1869 3203 1922 ἀλλὰ
3235 1842 3336 1920 {ut
3351 1867 3478 1930 τοὺς
3511 1842 3824 1937 mea.“
3852 1842 4055 1928 καλοὺς

765 1956 1023 2027 Alioquin
1071 1957 1477 2027 Epaminondas
1532 1960 1824 2016 Thebanos
1882 1977 1952 2015 eo
2003 1965 2260 2030 perduxit
2292 1974 2355 2018 ut

767 2081 892 2141 post
951 2086 1187 2141 pugnam
1236 2071 1577 2127 Leuctricam
1609 2072 1679 2126 ab
1715 2073 1989 2128 universis
2039 2086 2357 2130 metueren-

772 2197 882 2250 tur,
921 2200 1028 2236 non
1057 2185 1189 2251 quin
1223 2184 1363 2240 altos
1411 2185 1513 2239 sibi
1546 2185 1771 2254 spiritus
1820 2199 2122 2242 sumerent.
2170 2189 2356 2245 Altera

763 2314 832 2352 ex
878 2309 1035 2368 parte
1079 2299 1470 2369 Amphipolim:
1525 2299 1764 2356 Brasidte
1807 2313 1866 2355 ut
1897 2302 2054 2358 heroi
2090 2314 2149 2358 et
2177 2306 2358 2359 consi-

764 2410 923 2464 liario
960 2427 1112 2467 sacra
1162 2413 1345 2469 facere
1378 2414 1588 2486 dignati
1621 2424 1775 2484 sunt,
1805 2418 1952 2488 quod
1982 2435 2080 2474 eos
2112 2436 2144 2476 a
2174 2423 2350 2477 socie-

763 2534 873 2579 tate
901 2525 1324 2582 Atheniensium
1359 2528 1682 2584 abduxerat.
1723 2531 1816 2587 Sic
1869 2533 2036 2602 igitur
2088 2533 2345 2603 Spartani

760 2637 1094 2710 Lycurgum,
1138 2639 1386 2696 Thebani
1437 2643 1901 2712 Epaminondam,
1955 2645 2027 2700 ob
2080 2649 2342 2716 praeiere

760 2751 830 2807 ah
893 2752 1026 2822 ipsis
1071 2762 1194 2809 acta
1240 2765 1299 2809 ut
1330 2755 1479 2810 viros
1513 2756 1958 2825 shprabumanos
1988 2757 2098 2814 diis
2147 2775 2346 2817 accen-

761 2879 946 2929 suere,
1004 2867 1277 2922 extremis
1322 2883 1421 2923 eos
1471 2867 1778 2926 honoribus
1807 2871 2202 2940 gratificantes.
2264 2875 2356 2930 Sic

763 2993 933 3048 porro
970 2983 1237 3051 Smyrnaei
1277 2982 1598 3047 Homerum,
1653 2982 2044 3054 Hippocratem
2075 2987 2198 3054 Coi,
2253 2989 2358 3044 De'

760 3092 1018 3146 metrium
1077 3093 1376 3157 Abderitae,
1424 3093 1591 3149 Samii
1643 3094 2030 3166 Pythagoram,
2100 3099 2353 3167 Ajantem

761 3201 1074 3267 Salaminii,
1129 3203 1351 3274 Troiani
1390 3203 1704 3272 Hectorem,
1745 3204 1840 3260 alii
1872 3207 2012 3262 alios
2062 3209 2261 3262 mirum
2298 3210 2353 3264 in
2382 3210 2424 3266 (Ξ

761 3317 989 3373 modum
1019 3317 1334 3372 coluerunt.
1381 3318 1532 3372 inter
1561 3335 1703 3390 quos
1742 3328 1929 3375 tamen
1975 3320 2352 3380 Athenienses

763 3431 821 3484 in
861 3447 1077 3486 summo
1133 3431 1258 3486 loco
1307 3432 1548 3500 ponendi
1577 3443 1733 3488 sunt.
1779 3431 1896 3488 Soli
1929 3434 2079 3489 enim
2139 3447 2350 3492 murta-

755 3545 888 3600 lium
940 3547 1239 3600 maximum
1286 3562 1576 3602 numerum
1634 3548 1882 3602 virorum
1947 3552 2341 3609 excellentium

752 3660 957 3715 virtute
983 3668 1040 3715 et
1093 3658 1252 3714 factis
1286 3674 1392 3713 non
1451 3659 1503 3712 in
1543 3658 1875 3725 Graecorum,
1931 3661 2032 3716 sed
2081 3666 2335 3719 omnium

753 3785 978 3839 prorsus
1012 3771 1294 3825 hominum
1351 3771 1640 3826 utilitatem
1701 3774 2014 3842 progenuit.
2041 3775 2080 3830 li
2117 3778 2342 3846 potissi-

749 3895 901 3935 mum
931 3882 996 3935 ad
1027 3880 1217 3950 patriae
1254 3881 1618 3936 necessitates
1655 3880 1966 3949 implendas
2018 3887 2344 3942 contribue-

749 3999 920 4057 runt;
949 4001 1170 4046 exteros
1215 3990 1461 4060 hospitio
1485 3995 1843 4063 exceperunt,
1869 3996 2117 4065 pramiis
2138 3999 2334 4067 dignos

748 4100 1116 4167 decorantes;
1148 4100 1264 4156 sive
1301 4101 1611 4167 sacrificiis,
1667 4104 1784 4159 sive
1828 4106 2180 4170 sacerdotiis.
2215 4111 2336 4165 sive

747 4216 990 4269 carmine
1017 4222 1112 4269 aut
1159 4215 1358 4270 statuis
1413 4214 1778 4284 decoravere;
1812 4219 2079 4288 quosdam
2119 4237 2327 4278 corona

745 4345 913 4384 aurea
945 4329 1142 4400 dignos
1171 4330 1508 4394 habuerunt,
1547 4332 1640 4386 tali
1668 4333 1831 4388 modo
1871 4336 2021 4391 viros
2051 4338 2334 4394 laureatos

743 4449 1008 4492 ornantes
1056 4451 1113 4492 et
1145 4439 1211 4492 ad
1265 4455 1453 4494 rerum
1500 4441 1772 4496 bonarum
1809 4455 2092 4501 certamen
2124 4463 2334 4518 provo-

2468 1964 2748 2032 κάγαθοὺς
2782 1963 2848 2016 ὲκ
2878 1964 3032 2015 δυοῖν
3070 1961 3253 2013 ποδοῖν
3300 1959 3537 2012 ἐνταῦθα
3588 1962 3810 2030 χωρεῖν,
3847 1961 4058 2012 ἐπιδεί-

2467 2056 2603 2119 ξεως
2654 2056 2838 2108 εἵνεκα
2887 2055 3003 2126 καί,
3033 2053 3340 2120 στεφάνων.
3393 2051 3567 2120 Δῆλον
3599 2051 3678 2103 δέ.
3728 2051 3807 2119 Τῇ
3855 2069 3918 2103 τε
3950 2053 4058 2120 γάρ

2465 2149 2692 2217 Σπάρτῃ
2721 2147 2995 2199 τοσούτων
3023 2145 3116 2198 καὶ
3141 2144 3477 2211 τηλικο·.’των
3499 2143 3720 2211 ἀγαθῶν
3742 2140 4060 2198 ἀπολαῦσαι

2465 2240 2560 2292 καὶ
2597 2237 2744 2291 οὓτω
2775 2237 3112 2305 θαυμαστοῖς
3150 2252 3290 2287 τισιν
3324 2234 3469 2300 ἄγαν
3513 2233 3900 2302 κεκοσμῆσθαι
3931 2251 4061 2302 τρο·

2465 2333 2649 2391 παίοις
2681 2329 2771 2382 διὰ
2821 2327 3140 2398 Λυκοῦργον
3185 2327 3280 2380 καὶ
3319 2329 3418 2389 τὰς
3469 2327 3787 2396 Λυκούργου
3819 2327 4056 2396 νομοθεο

2465 2423 2585 2485 σίας
2617 2419 2882 2490 ὑπῆρξεν,
2925 2421 3001 2483 ὡς
3045 2418 3274 2483 καὶτῆς
3325 2419 3654 2487 οἰκουμένης
3706 2419 4054 2488 ἑκασταχόσε

2461 2511 2697 2581 ταυτησὶ
2725 2512 2788 2562 τὸ
2811 2509 2968 2573 κλέος
2991 2509 3203 2574 ὲλάσαι,
3230 2511 3324 2561 καὶ
3351 2509 3580 2577 προσέτι
3610 2509 3871 2578 ἀκίνητον
3904 2515 4051 2564 κατὰ

2462 2604 2664 2666 παντὸς
2699 2603 2922 2656 ἑστάναι
2960 2602 3059 2656 τοῧ
3104 2604 3300 2672 χρόνον
3326 2621 3340 2635 ο
3369 2602 3566 2657 οῠκουν
3600 2603 3714 2655 ἐστι
3755 2620 3821 2671 γε
3872 2604 4052 2667 οὐδεὶς

2460 2697 2590 2766 ἄχρι
2625 2699 2720 2750 τοῦ
2752 2698 2936 2766 δεῦρο,
2981 2697 3041 2760 ὃς
3081 2699 3532 2766 Λακεδαιμονίων
3577 2698 3861 2767 μνησθεζ,
3915 2701 4049 2752 ἄνευ

2459 2787 2756 2856 ἐγκωμίων
2789 2787 3057 2856 ἐμνήσθη,
3090 2787 3206 2841 ἀλλ’
3243 2789 3360 2856 ᾰμα
3380 2786 3459 2856 τῷ
3495 2785 3827 2857 μεμνῆσθαι,
3863 2789 3966 2840 καὶ
3988 2789 4051 2839 τὸ

2461 2878 2840 2947 θαυμάζεσθαι
2891 2879 3339 2949 συνεισέρχεται·
3381 2880 3509 2941 τούς
3551 2896 3610 2933 τε
3641 2879 3918 2951 Θηϐαίους
3963 2884 4051 2936 ἰν-

2459 2971 2636 3025 ταῦθα
2664 2971 2825 3040 δόξης
2873 2971 3318 3040 Ἐπαμεινώνδας
3345 2975 3687 3043 προήγαγεν,
3719 2973 3797 3038 ὡς
3826 2982 3922 3029 καὶ
3949 2994 4048 3045 φοι

2460 3064 2656 3133 σεροὺς
2681 3066 2797 3127 τοῖς
2837 3066 2973 3118 πᾶσι
3006 3065 3146 3132 μετὰ
3175 3066 3274 3135 τὴν
3303 3067 3362 3118 ὲν
3394 3067 3695 3137 Λεύκτροις
3724 3071 3908 3138 μάχην
3954 3087 4045 3136 γε-

2459 3158 2672 3224 νέσθαι,
2714 3160 2808 3213 καὶ
2860 3159 3046 3228 μεῖζον
3082 3159 3114 3228 ἢ
3151 3158 3275 3211 καθ’
3303 3159 3503 3222 αὐτοὺς
3554 3162 3809 3231 φρόνημα
3849 3166 4040 3232 σχεῖνο

2456 3250 2575 3305 ἀνθ’
2597 3246 2674 3305 ὧν
2696 3249 2886 3321 ὥσπερ
2925 3251 3317 3319 Ἀμφιπολῖται
3341 3251 3580 3323 Βρασίδᾳ
3609 3255 3863 3325 καθάπερ
3896 3257 4045 3326 ἡρωῖ

2449 3344 2549 3399 καὶ
2567 3347 2783 3417 οἰκιστῇ
2814 3343 2970 3397 θύειν
2996 3344 3204 3415 ἠξίουν,
3231 3345 3313 3398 ὄτι
3337 3347 3538 3410 αὐτοὺς
3572 3347 3874 3420 ’Δθηναξων
3898 3354 4042 3406 ἀττέ-

2446 3455 2652 3506 ιπησεν
2674 3454 2688 3469 ·
2723 3436 2868 3492 οὕτω
2897 3437 3220 3506 Λυκοῦργον
3248 3440 3347 3507 μὲν
3390 3439 3760 3508 Σπαρτιᾶται,
3803 3443 4039 3511 Θτσσαίοι

2449 3530 2507 3582 δὲ
2560 3529 3024 3600 Ἐπαμεινώνδαν,
3078 3530 3149 3584 δι’
3195 3530 3342 3600 ἅπερ
3391 3536 3472 3595 είς
3521 3534 3720 3597 αὐτοὺς
3773 3535 4037 3604 ἔδρασαν,

2449 3621 2697 3684 ίσοθέους
2741 3624 3062 3692 νομίσαντες
3098 3618 3242 3677 εῖναι
3277 3626 3374 3677 καὶ
3405 3624 3508 3694 τῆς
3545 3627 3894 3696 ἀνθρωπείας
3930 3630 4037 3697 φύς

2452 3731 2591 3777 σεως
2629 3717 2939 3784 κρείττους,
2968 3716 3036 3770 τὰ
3068 3717 3307 3786 μέγιστα
3353 3718 3572 3771 πάντων
3598 3722 3693 3774 καὶ
3733 3725 3907 3792 τιμᾷν
3934 3727 4038 3777 αὑ-

2449 3804 2580 3866 τοὺς
2608 3804 2776 3875 ᾤοντο
2815 3807 3014 3875 χρῆναι
3039 3823 3053 3838 ⁸
3087 3806 3261 3871 οὕτως
3296 3811 3548 3878 Ὅμηρον
3583 3812 3680 3879 μὲν
3703 3813 4030 3882 Σμυρναῖοι,

2447 3895 2601 3948 Κῶοι
2656 3896 2713 3948 δὲ
2757 3898 3151 3967 Ἱπποκράτην,
3179 3901 3277 3951 καὶ
3305 3902 3658 3971 Δημόκριτον
3683 3903 4030 3974 Ἀδδηρῖται,

2445 3985 2547 4038 καὶ
2593 3986 2790 4054 Σάμιοι
2839 3986 3186 4058 Πυθαγόραν,
3241 3989 3449 4043 Αἴαντα
3499 3991 3555 4043 δὲ
3597 3993 3880 4061 Σαλαμὶς,
3937 4001 4031 4050 καὶ

2447 4075 2638 4144 Τρῶες
2669 4076 2934 4146 Ἕκτορα,
2962 4079 3056 4128 καὶ
3100 4077 3326 4146 ἑτέρους
3351 4077 3535 4148 ἕτεροι
3557 4095 3574 4110 ο
3615 4079 3938 4151 ’Δθηναίους
3971 4085 4030 4136 δὲ

2437 4167 2680 4238 ἐξαιρῶν
2709 4167 2806 4221 τοῦ
2842 4168 3028 4236 λόγον
3057 4169 3208 4238 μόνοι
3236 4169 3350 4239 γάρ
3378 4170 3459 4241 τῷ
3493 4171 3586 4240 ὑφ’
3620 4172 3750 4243 ἡλίῳ
3780 4177 4029 4239 πάντων,

2442 4257 2494 4308 εί
2533 4255 2616 4309 δεῖ
2641 4256 2933 4326 συντόμως
2957 4257 3158 4322 εἰπεῖν,
3189 4257 3477 4320 πλείστους
3506 4277 3563 4312 τε
3588 4264 3692 4314 καὶ
3712 4262 4030 4328 βελτίστους

2439 4348 2542 4400 καὶ
2564 4348 2679 4408 τοῖς
2709 4347 2850 4410 ὅλοις
2871 4349 3199 4417 κρατίστους
3226 4351 3324 4401 καὶ
3346 4352 3648 4418 γεγονότας
3673 4353 3772 4421 οὐχ
3795 4354 4030 4426 Ἕλλησι

2442 4439 2609 4508 μόνον
2637 4437 2782 4491 am
2807 4443 2904 4490 καὶ
2934 4439 3104 4491 πᾶσιν
3130 4438 3310 4490 είπεῖν
3356 4439 3668 4510 ἀνθρώποις
3705 4444 3780 4506 ὡς
3804 4445 4030 4515 ἁληῢῶς

744 4563 953 4616 cantes,
993 4562 1050 4606 et
1071 4553 1267 4608 eodem
1300 4564 1424 4607 actu
1468 4554 1710 4610 civitatis
1744 4556 2027 4612 fortunam
2057 4573 2337 4632 augentes

2454 4533 2501 4582 tv
2527 4530 2711 4600 καιρῷ
2733 4546 2749 4560 ο
2779 4534 2877 4583 καὶ
2901 4530 3060 4582 αὐτοὶ
3088 4533 3244 4602 παρὰ
3266 4531 3421 4598 σφῶν
3451 4533 3636 4585 αὐτῶν
3663 4535 3746 4597 είς
3785 4537 3887 4597 τὰς
3912 4556 4000 4589 xu

742 4674 798 4716 et
827 4663 1124 4717 virtutibus
1150 4663 1475 4720 exercendis
1517 4664 1701 4720 locum
1733 4667 2024 4735 facientes,
2075 4672 2324 4737 ipsorum

743 4774 808 4824 azl
864 4772 1093 4840 gloriam
1154 4780 1433 4839 utcunque
1463 4786 1574 4825 non
1626 4787 1820 4841 parum
1870 4776 2323 4834 contribuerunt.

740 4883 896 4950 Quod
930 4885 973 4937 si
1033 4883 1272 4961 honores
1305 4897 1516 4937 merces
1557 4893 1688 4936 sunt
1714 4884 1900 4938 debita
1951 4886 2166 4956 virtuti,
2227 4906 2329 4947 nos

741 4996 784 5048 si
823 4995 1018 5065 ingrati
1049 5010 1259 5061 sumus,
1300 5008 1514 5048 summa
1547 4994 1743 5064 dignos
1786 4995 1934 5050 viros
1965 4996 2163 5068 injuria
2213 5001 2330 5054 alli-

740 5111 942 5177 cimus,
967 5126 1035 5165 eo
1065 5113 1210 5181 quod
1255 5112 1335 5165 eis
1387 5109 1642 5176 debetur,
1691 5109 2007 5180 spoliantes.
2040 5111 2149 5167 Nec
2198 5129 2332 5169 sane

740 5224 864 5277 novi
925 5239 988 5278 ac
1025 5224 1259 5277 inauditi
1293 5224 1522 5277 facimus
1558 5222 1604 5277 si
1657 5223 1798 5292 quod
1835 5223 2103 5282 debemus
2154 5229 2325 5283 solvi-

740 5353 898 5403 mus;
933 5337 1091 5391 l'actis
1116 5339 1263 5391 enim
1297 5339 1414 5391 suis
1439 5351 1498 5391 se
1525 5336 1591 5389 iis
1621 5335 1740 5390 istis
1765 5338 2091 5394 muneribus
2125 5341 2324 5412 dignos

740 5454 1134 5521 prmstilerunl,
1159 5467 1280 5522 quae
1309 5452 1413 5506 sibi
1449 5451 1582 5523 ipsis
1611 5451 1784 5520 magis
1810 5466 1974 5521 quam
2001 5455 2164 5510 nobis
2191 5457 2323 5510 dan-

741 5566 889 5620 tibus
911 5567 1212 5622 attribuerc
1249 5578 1500 5638 possunt.

2441 4623 2536 4682 νὰς
2566 4621 2894 4690 παρείχοντο
2915 4621 3129 4692 χρείας,
3155 4623 3403 4684 καὶτοὺς
3421 4624 3695 4693 ἑτέρωθεν
3720 4626 3795 4689 ὡς
3822 4631 4026 4693 αὐτοὺς

2437 4715 2696 4784 ἥκοντας,
2728 4717 3010 4778 τοιούτους
3033 4718 3096 4787 δή
3129 4735 3282 4781 τινας
3311 4719 3738 4786 ἀποφαίνοντες,
3770 4727 3868 4777 καὶ
3897 4730 4027 4778 τοι-

2436 4825 2565 4869 τους
2603 4809 2893 4872 κάκείνους
2939 4810 3050 4862 τῶν
3080 4811 3423 4878 γιγνομένων
3459 4814 3643 4883 γερῶν
3686 4817 3764 4877 ὡς
3801 4818 4026 4884 μάλιστ’

2434 4897 2646 4968 ἠξίουν,
2680 4901 2807 4962 τοὺς
2854 4901 2952 4969 μὲν
2980 4905 3039 4954 ἐν
3079 4903 3246 4971 ἱεροῖς
3285 4919 3346 4955 τε
3378 4905 3477 4957 καὶ
3515 4906 3772 4971 τελεταῖς
3801 4911 3898 4962 καὶ
3929 4911 4021 4963 θυ-

2440 4993 2606 5059 σίαις,
2663 4994 2790 5055 τοὺς
2817 4993 2863 5046 δ’
2899 4995 2960 5045 ἐν
3008 4995 3399 5064 ἐπιγράμμασι
3438 4998 3537 5050 καὶ
3579 5001 3759 5053 εἰκότι
3802 5005 3905 5055 καὶ
3940 5001 4021 5068 οἷς

2435 5081 2644 5147 ἔξεστιν
2671 5097 2686 5112 ο
2724 5082 2840 5135 ἔστι
2867 5082 2912 5133 δ’
2937 5082 3035 5145 οὓς
3057 5084 3155 5136 καὶ
3181 5087 3295 5148 τοῖς
3323 5087 3467 5152 μετὰ
3497 5088 3704 5156 χρυσοῦ
3731 5096 4021 5158 στεφάνοις

2433 5175 2704 5242 ἐκόσμουν
2727 5190 2745 5207 ο
2774 5174 2910 5243 ὁμοῦ
2965 5178 3064 5244 μὲν
3087 5177 3317 5240 τούτους
3361 5172 3445 5239 οἷς
3477 5178 3627 5248 ἔφην
3649 5182 4019 5254 δωρούμενος,

2432 5266 2566 5335 ὁμοῦ
2607 5267 2663 5320 δὲ
2695 5270 2792 5320 καὶ
2823 5269 2949 5332 τοὺς
2977 5269 3180 5332 ἄλλους
3202 5271 3301 5322 ἐπὶ
3323 5270 3397 5323 τὰ
3422 5273 3518 5324 [σα
3533 5277 4016 5343 παρακαλοῦντες,

2430 5359 2492 5411 οὐ
2531 5360 2736 5428 μᾶλλον
2761 5363 2865 5430 τὴν
2886 5363 2989 5430 τῆς
3019 5363 3230 5427 πόλεως
3262 5363 3642 5435 εὐδαιμονίαν,
3679 5370 3710 5438 ἢ
3753 5372 3815 5423 τὸ
3849 5375 4017 5426 καλὸν

2427 5454 2524 5505 καὶ
2547 5453 2646 5523 τὴν
2665 5454 2873 5524 ἀρετὴν
2912 5458 2977 5508 ὲκ
3006 5457 3232 5510 πάντων
3265 5459 3502 5511 τουτων)¹
3543 5465 4013 5530 συγκῳτοῦντες·

2432 5541 2688 5596 τοσοῦτον
2723 5542 2789 5613 ἦν
2823 5548 2935 5608 τοῖς
2980 5551 3246 5610 τοιούτος
3274 5548 3335 5600 τὸ
3377 5549 3528 5616 παρὰ
3567 5552 3787 5618 μάλιστ’
3834 5560 4019 5609 αὐτῶν

2433 5636 2895 5704 συγκεχωρηκόςο
2931 5637 3114 5690 δίκαιά
3154 5656 3213 5701 τε
3263 5643 3569 5695 ποιούντων
3609 5646 3703 5696 καὶ
3745 5647 3843 5713 τῆς
3882 5666 4016 5715 σφε-

2429 5729 2597 5795 τέρας
2629 5728 2810 5780 αὑτῶν
2840 5729 3107 5799 ἀξιόχρεω
3135 5731 3316 5800 δόξης,
3345 5738 3442 5789 καὶ
3487 5735 3584 5788 τοῦ
3619 5738 3750 5808 περὶ
3776 5741 3846 5792 τά
3870 5742 4014 5797 καλὰ

2430 5820 2981 5901 συγκεκληρωμὲνου.
3039 5825 3230 5880 Καίτοι
3277 5827 3323 5878 εἰ
3377 5827 3435 5879 τὸ
3482 5831 3608 5893 τοὺς
3643 5832 3884 5900 suam,
3935 5851 4014 5885 τι.
