4212 6430
209 400 320 468 529

208 609 416 671 ῖσσσιν,
467 607 686 675 εὓδηλον
717 607 791 668 ὡς
823 607 917 658 ἐὰν
969 607 1043 675 μὴ
1089 605 1249 659 τοῦτο
1294 605 1560 672 ποιῶμεν,
1592 606 1660 656 τὰ
1695 606 1787 673 μέν

207 699 357 764 γιστ’
387 699 586 762 αὐτοὺς
616 699 936 765 ἀδικοῦμεν,
979 700 1088 750 τῶν
1127 701 1518 768 προσηκόντων
1558 700 1787 750 ἀποστε-

210 787 458 856 ροῦντες.
487 789 601 842 Νῦν
619 788 663 843 δ’
678 789 829 841 οὐδὲν
853 791 1064 862 καινὸν,
1087 784 1266 858 οἶμαι,
1296 788 1534 857 δρῶμεν,
1559 789 1620 838 τὸ
1641 787 1784 849 εἰκὸς

209 882 559 944 ἑκτιννύντες
585 901 598 916 ο
639 885 734 934 καὶ
763 882 791 932 ὃ
825 881 1010 950 σφίσιν
1049 882 1236 944 αὐτοῖς
1266 880 1332 932 δι’
1357 874 1434 932 ὧν
1459 879 1692 932 τοιοῦτοι
1723 879 1785 946 δή

209 991 356 1034 τινες
408 975 659 1041 ἔγνωσαν
703 974 877 1036 ὄντες,
933 974 1457 1042 παρεσκευάκασιν·
1514 972 1654 1024 ῶστε
1705 965 1786 1032 οἷς

210 1065 437 1133 ἀκριόεῖ
481 1065 624 1132 λόγῳ
654 1067 784 1133 παρ’
829 1066 1041 1118 ἑαυτῶν
1095 1065 1155 1116 οὐ
1185 1064 1315 1131 παρ’
1352 1063 1509 1132 ἡμῶν
1557 1061 1788 1128 ταυτηνὶ

211 1163 536 1226 κομίζονται
566 1163 666 1231 τὴν
699 1148 1032 1223 συντέλειαν,
1069 1162 1296 1222 εἰκότως
1326 1163 1392 1213 ἂν
1426 1159 1618 1212 τούτου
1661 1158 1787 1225 σφί-

213 1271 295 1304 σιν
325 1254 535 1315 αὐτοῖς,
569 1255 666 1322 οὐχ
699 1255 827 1322 ἡμῖν
857 1254 1031 1322 ἔχοιεν
1064 1255 1245 1322 χάριν.

284 1346 375 1406 ιζ’.
409 1348 485 1398 Οὐ
534 1349 643 1416 μὴν
689 1347 826 1399 ἀλλὰ
861 1349 951 1399 καὶ
992 1347 1117 1409 τοὺς
1165 1347 1406 1413 ἀγαθοὺς
1441 1347 1561 1413 μὲν,
1598 1348 1697 1399 οὐκ
1730 1348 1788 1411 ιε

212 1439 442 1504 ἀγαθῶν
473 1440 531 1491 δὶ
569 1443 884 1506 γεγονότας,
933 1441 1034 1492 οὐκ
1081 1441 1556 1508 ἀποδοκιμαστέον
1605 1439 1693 1491 διὰ
1729 1440 1790 1492 τὸ

210 1531 374 1596 γένος
410 1532 579 1593 ἐστὶν,
617 1533 753 1584 ἀλλὰ
804 1533 874 1584 δι’
909 1533 1108 1594 αὐτοὺς
1141 1533 1342 1593 αὐτοὺς
1385 1531 1786 1584 σπουδαστέον

209 1621 442 1674 τοσοῦτο
490 1623 743 1686 καλλίους
789 1624 972 1689 ὄντας,
1001 1627 1080 1686 είς
1129 1625 1436 1691 παράδοξον
1469 1626 1636 1692 φάναι
1683 1624 1791 1676 τῶν

209 1715 334 1767 κατ’
366 1716 536 1784 ἄμφω
565 1719 983 1786 σεμνυνομένων
1003 1762 1017 1782 ,
1053 1719 1180 1772 ὅσον
1203 1721 1250 1771 oi
1289 1720 1388 1788 μὲν
1423 1720 1575 1774 οὐδὲν
1605 1721 1792 1774 καινὸν

209 1803 362 1874 οἶμαι
391 1808 587 1875 δρῶσι,
623 1808 904 1873 ποιοῦντες
937 1811 974 1864 ἃ
1003 1813 1104 1875 δεῖ,
1123 1813 1216 1863 καὶ
1237 1809 1275 1865 ἃ
1296 1812 1422 1872 τοὺς
1444 1813 1508 1864 ἐκ
1535 1814 1790 1865 τοιούτων

209 1902 359 1964 εἰκός
383 1919 398 1934 ·
429 1905 553 1956 ἐπεὶ
576 1906 670 1957 καὶ
694 1909 806 1968 τοῖς
842 1910 1100 1976 πονηροῖς
1132 1907 1242 1958 κάκ
1263 1906 1518 1974 πονηρῶν
1550 1906 1793 1972 πεφυκό-

210 2012 295 2046 σιν
324 1995 487 2048 ούδὲν
521 1998 710 2064 ἕτερον
743 2000 882 2068 πρδς
920 2000 1048 2060 τοὺς
1077 1997 1452 2067 ἐγκαλοῦντας
1494 1998 1672 2050 ἔνεστι
1700 2000 1794 2051 λέ-

209 2099 350 2148 γειν,
369 2084 454 2133 ὅτι
483 2083 559 2152 μὴ
583 2085 644 2137 τὸ
672 2085 829 2149 γένος
858 2087 951 2138 καί
981 2085 1042 2138 τὸ
1077 2086 1231 2154 παρὰ
1255 2084 1350 2138 τοῦ
1373 2085 1567 2154 γένους
1596 2085 1795 2137 οὑτωσὶ

209 2174 550 2239 διακεῖσθαι,
596 2177 672 2238 ὡς
709 2178 877 2245 μόνην
912 2184 1120 2248 ταύτην
1153 2178 1339 2239 αὐτοῖς
1387 2176 1556 2229 οὖσαν
1588 2178 1794 2242 παραί-

210 2283 372 2333 τησιν
408 2267 505 2318 καὶ
549 2271 898 2339 καταφυγήν.
936 2271 1000 2322 Oi
1034 2270 1078 2321 δ’
1115 2273 1179 2323 ἐκ
1224 2273 1450 2339 φαύλων
1480 2269 1796 2339 ὁρμώμενοι

211 2359 320 2410 τῶν
365 2361 862 2430 παραδειγμάτων,
890 2365 950 2416 οὐ
986 2363 1084 2435 τὴν
1131 2364 1304 2432 αὐτὴν
1335 2367 1450 2425 τοῖς
1497 2367 1795 2434 πατράσιν,

211 2452 354 2504 ἀλλὰ
407 2458 699 2526 περιουσίᾳ
753 2457 974 2525 φύσεως
1026 2458 1226 2526 ἑτέραν
1268 2459 1592 2526 ἐτράποντο,
1643 2457 1800 2510 καλοὶ

214 2546 454 2612 κάγαθοὶ
487 2549 800 2614 γεγονότες,
839 2552 933 2604 καὶ
963 2550 1223 2603 τοσούτου
1261 2550 1425 2619 ζήλου
1462 2551 1552 2601 καὶ
1581 2549 1797 2619 θαύμα-

212 2655 304 2697 τος
340 2639 509 2704 ἄξιοι,
544 2643 668 2695 ὅσον
690 2643 861 2712 ψόγου
896 2644 992 2698 καὶ
1024 2645 1361 2714 κατηγορίας
1392 2643 1441 2696 οί
1463 2644 1564 2711 τὴν
1599 2643 1800 2697 ὑπόθε-

216 2746 300 2781 σιν
325 2732 766 2801 διαφθείραντες,
792 2736 887 2789 καὶ
917 2737 1041 2800 τοὺς
1079 2737 1480 2805 γεγεννηκότας
1512 2736 1800 2805 αίσχύνανο

215 2836 309 2883 τες
360 2827 476 2885 τοῖς
527 2828 660 2890 παρ’
718 2828 952 2882 ἑαυτῶν.
1003 2828 1240 2889 Τούτους
1280 2823 1375 2881 οὖν
1425 2827 1543 2880 δέον
1599 2829 1802 2897 μᾶλλον

215 2911 454 2961 ἐκείνων
496 2914 786 2980 τιμᾶσθαι,
823 2917 984 2986 ἡμεῖς
1019 2916 1074 2968 δὲ
1125 2917 1359 2969 καὶτῶν
1408 2918 1799 2985 προσηκόντων

220 3003 555 3072 ἀποστερεῖν
590 3006 788 3068 αὐτοὺς
818 3007 1119 3075 οἰησόμεθα
1158 3009 1272 3060 δεῖν
1311 3009 1399 3061 διὰ
1429 3009 1528 3078 τὴν
1557 3010 1667 3062 τῶν
1696 3026 1804 3062 πα-

219 3095 398 3164 τέρων
432 3095 780 3166 φαυλότητας
815 3102 908 3152 καὶ
931 3101 1049 3163 πῶς
1071 3102 1170 3154 οὐκ
1201 3103 1314 3156 ἄνω
1334 3104 1597 3171 ποταμῶν
1625 3103 1800 3157 ταῦτα

1129 401 1418 462 ΟῙὶΑΤῐΟ
1463 403 1558 462 DE
1602 401 2105 464 SUBDITORUM
2147 403 2472 467 OFFICIIS

214 516 349 586 μᾷν.
374 508 440 585 ἦς
473 513 717 583 ἴσχουσιν
746 514 969 584 ἀρετῆς,
1007 513 1197 582 μισθός
1237 515 1412 577 ἐστιν,
1445 514 1520 574 ὡς
1555 513 1794 572 ἅπαντες
1822 519 1870 577 Α

1965 1269 2056 1323 17.
2083 1269 2218 1323 Boni
2247 1269 2396 1325 cives
2424 1284 2591 1341 porro
2608 1269 2813 1324 vilibus
2843 1268 2985 1325 [orte
3015 1267 3337 1340 parentibus
3367 1266 3476 1323 orti

1891 1397 2001 1436 non
2031 1398 2096 1437 ex
2131 1383 2641 1454 originejudicandi
2676 1391 2826 1448 sunt,
2854 1382 2950 1438 sed
2989 1381 3300 1439 secundum
3331 1379 3480 1450 quod

1892 1505 2022 1551 sunt
2050 1506 2140 1552 aut
2172 1497 2445 1568 fecerunt,
2471 1515 2539 1554 eo
2567 1499 2745 1569 magis
2768 1497 2987 1552 scilicet
3032 1495 3342 1552 honorandi
3370 1508 3482 1564 quo

1893 1609 2067 1678 magis
2119 1625 2150 1665 a
2198 1610 2502 1690 majoribus
2532 1612 2820 1668 differunt.
2873 1611 3012 1666 Nam
3053 1610 3149 1680 qui
3204 1625 3236 1664 e
3296 1608 3482 1678 pravis
3535 1684 3539 1688 ~

1896 1720 2046 1788 pravi
2073 1721 2241 1792 geniti
2270 1732 2421 1785 sunt,
2459 1725 2589 1794 quid
2636 1723 2785 1778 aliud
2836 1725 3350 1794 reprehensoribus
3389 1741 3484 1799 re-

1822 1847 1867 1906 Β
1895 1833 2243 1901 spondebant
2302 1836 2408 1890 nisi
2441 1836 2587 1905 quod
2628 1837 2856 1908 ignobili
2909 1853 3109 1907 genere
3151 1839 3263 1892 nati
3322 1839 3486 1893 aliter

1895 1943 2076 1998 facere
2111 1958 2218 1998 non
2254 1947 2522 2014 possunt?
2548 1945 2688 2002 Sunt
2724 1965 2887 2017 porro
2915 1960 2972 2004 et
2998 1950 3223 2005 filerunt
3249 1952 3343 2021 qui
3372 1967 3484 2006 ma-

1895 2055 2010 2110 lum
2044 2059 2312 2129 majorum
2351 2061 2662 2132 exemplum
2694 2063 2920 2118 minime
2972 2065 3168 2130 secuti,
3213 2065 3353 2119 bona
3407 2065 3491 2118 in-

1896 2170 2018 2226 dole
2069 2173 2224 2238 moti,
2276 2174 2416 2244 frugi
2477 2175 2727 2230 homines
2777 2176 2928 2242 facti,
2970 2178 3333 2235 admiratione
3362 2194 3485 2234 sese

1900 2284 2100 2354 dignos
2132 2287 2492 2344 reddiderunt
2532 2300 2589 2343 et
2636 2291 2855 2360 iniquos
2901 2291 3244 2347 detractores
3277 2301 3332 2347 et
3395 2308 3496 2362 pa-

1899 2408 2086 2455 rentes
2131 2400 2280 2472 ipsos
2333 2403 2544 2473 pudore
2595 2405 2899 2473 replerunt.
2949 2404 3132 2472 Quare
3193 2422 3292 2463 eos
3339 2410 3490 2464 omni

1901 2511 2060 2566 laude
2143 2514 2470 2582 cumulare,
2524 2515 2723 2570 nedum
2778 2516 2849 2572 ob
2925 2528 3214 2588 parentum
3282 2521 3494 2576 scelera

1899 2625 2255 2695 proscindere
2283 2627 2567 2683 debemus.
2604 2627 2869 2683 Periclem
2901 2631 3149 2700 quidem,
3184 2628 3487 2702 Xanthippi

1901 2737 2093 2802 ﬁliuni,
2131 2746 2188 2792 et
2218 2752 2469 2807 magnum
2504 2737 2820 2803 Pompeium
2845 2738 2938 2809 qui
2963 2738 3109 2794 circa
3138 2740 3321 2794 omnia
3349 2738 3493 2793 inter

1901 2863 2093 2903 omnes
2126 2850 2509 2904 excelluerunt
2544 2861 2600 2904 et
2629 2851 2953 2920 reipublicae
2986 2852 3218 2907 salutem
3250 2867 3497 2906 summo~

1902 2976 2032 3032 pcre
2061 2973 2355 3026 auxerunt,
2387 2963 2618 3017 Romani
2655 2963 2875 3017 maximi
2910 2963 3196 3029 facientes,
3221 2964 3323 3019 sibi
3358 2965 3492 3034 ipsis

1908 3074 2031 3128 item
2081 3075 2265 3128 animo
2297 3084 2776 3144 anteposuerunt;
2811 3085 3022 3146 patrem
3055 3087 3263 3145 autem,
3307 3079 3492 3134 homio

221 3187 537 3255 δράσομενς
569 3191 842 3260 Περικλέα
865 3194 1000 3260 γοῦν
1030 3195 1121 3246 τὸν
1149 3193 1489 3262 Ξανθίππου,
1518 3197 1613 3248 καὶ
1657 3199 1804 3266 Πομ-

1909 3201 2034 3239 nem
2071 3186 2262 3240 rudem
2296 3187 2434 3242 adeo
2456 3187 2511 3241 in
2548 3189 2676 3242 odio
2705 3189 3042 3255 habuerunt,
3069 3202 3130 3244 ut
3154 3207 3253 3245 nec
3281 3203 3497 3247 mortuo

222 3283 392 3350 πηῖον
422 3281 670 3350 Μάγνον,
717 3279 799 3347 οἷς
849 3285 933 3337 ὅτι
967 3285 1056 3337 διὰ
1085 3287 1304 3339 πάντων
1351 3285 1460 3338 τῶν
1507 3287 1810 3340 καλλίστων

226 3373 452 3426 πάντων
497 3375 786 3443 ἐκράτουν,
827 3379 922 3429 καὶ
977 3376 1045 3429 τὰ
1095 3377 1252 3429 κοινὰ
1301 3376 1538 3445 μάλιστα
1589 3377 1810 3429 πάντων

228 3466 424 3529 αὖξειν
455 3468 768 3534 ὲπὶσταντο,
798 3468 886 3521 τὸν
922 3470 1020 3538 μὲν
1062 3468 1330 3537 μεγίστης
1365 3469 1459 3520 καὶ
1489 3468 1811 3536 Θαυμαστῆς

227 3559 476 3626 ἠξίωσαν
511 3560 673 3630 δόξης
717 3562 1001 3629 Ῥωμαῖοι,
1038 3561 1135 3614 καὶ
1171 3561 1320 3630 σφῶν
1350 3560 1530 3614 αὐτῶν
1563 3557 1622 3614 εὖ
1665 3561 1811 3628 μάλα

228 3654 654 3723 προύστήσαντο
680 3671 693 3685 ο
724 3654 948 3707 τοσοῦτο
977 3653 1114 3723 πρὸς
1137 3655 1231 3706 τὸν
1262 3653 1428 3706 αὑτοῦ
1449 3654 1660 3722 πατέρα
1685 3654 1813 3723 τρέ,⁴

228 3763 427 3814 (ροντες
462 3749 640 3815 μῖσος,
668 3745 737 3799 δι’
769 3749 835 3815 ἥν
865 3743 1012 3812 εἶχεν
1054 3744 1338 3816 ὡμότητα,
1370 3745 1447 3808 ὡς
1499 3746 1634 3815 μηδὲ
1673 3744 1812 3814 μετὰ

225 3839 501 3906 τελευτὴν
532 3840 828 3905 φείσασθαι
859 3839 1078 3901 τούτου,
1121 3838 1261 3891 ἀλλὰ
1291 3840 1385 3891 καὶ
1418 3838 1611 3907 νεκρὸν
1641 3836 1810 3891 ἐκσα-

228 3932 442 3991 λόντες,
477 3931 546 3983 τὰ
597 3932 814 3984 πάντων
845 3932 994 4000 αὐτῷ
1042 3932 1325 3984 δεινότατα
1356 3931 1702 4001 χρήσασθαι·
1752 3931 1812 3995 ἐξ

228 4021 464 4089 ἐναγοῦς
491 4022 545 4075 δὲ
576 4022 677 4092 τῆς
713 4024 890 4085 οἰκίας
921 4022 994 4075 ὢν
1029 4022 1300 4090 Περικλῆς
1343 4023 1494 4074 οὐδέν
1523 4041 1570 4074 τι
1608 4023 1813 4091 μᾶλλον

241 4116 560 4184 Ἀθηναίοις
594 4114 876 4185 ἁπηξίωτο
910 4116 1000 4169 διὰ
1027 4115 1222 4178 ταῦτα,
1266 4115 1380 4166 ἀλλ’
1410 4114 1605 4168 ἅπαντ’
1628 4115 1815 4179 αὐτοῖς

225 4207 324 4280 ἦν,
345 4213 443 4264 καὶ
472 4213 805 4280 δημαγωγὸς
831 4211 922 4263 καὶ
949 4210 1204 4280 κηδεμὼν
1227 4209 1320 4260 καὶ
1353 4210 1688 4276 προστάτης,
1720 4211 1816 4261 καὶ

232 4300 541 4368 ξυλλήῦδην
581 4302 780 4363 εἰπεῖν,
815 4298 1034 4371 ἁπάσης
1078 4297 1378 4366 ἀσφαλείας
1413 4300 1505 4349 καὶ
1541 4297 1814 4364 σωτηρίας

233 4389 530 4458 πρόόολος.
556 4391 668 4442 Καὶ
691 4391 800 4458 μὴν
821 4389 1008 4457 ὥσπερ
1031 4391 1142 4451 τοῖς
1167 4389 1525 4458 φαυλοτάτοις
1549 4389 1660 4440 τῶν
1687 4387 1816 4440 παί-

232 4485 343 4537 δων
363 4484 465 4535 οὐκ
493 4481 753 4550 ἀξιοῦμεν
782 4479 921 4534 εῐναι
944 4482 1079 4550 πρὸς
1095 4481 1255 4545 δόξαν
1281 4482 1380 4550 τὴν
1403 4479 1664 4552 πατρῴαν
1686 4483 1817 4551 ἀρε-

229 4577 356 4643 τὴν,
386 4575 493 4627 οὐδ’
519 4574 970 4627 ὲπαινεῖσθαιδιά
989 4572 1163 4626 ταῦτα
1197 4575 1380 4641 σφίσιν
1414 4573 1651 4638 ἐξέσται,
1682 4574 1815 4626 ἀλλὰ

230 4668 331 4721 καὶ
355 4666 530 4735 μείζω
551 4666 708 4718 ταῦτ’
732 4667 913 4728 αὐτοῖς
936 4668 1093 4734 φέρει
1112 4666 1210 4735 τὴν
1234 4664 1465 4733 μέμψιν,
1485 4665 1546 4716 τό
1563 4681 1620 4716 τε
1648 4681 1815 4732 πονη-

237 4761 368 4829 ροὺς
406 4755 570 4822 εἶναι,
603 4760 662 4810 τό
691 4773 750 4810 τε
789 4758 864 4827 μὴ
895 4756 971 4825 τῷ
1002 4757 1149 4822 γένει
1194 4754 1533 4822 ξυμϐαίνειν,
1570 4754 1740 4816 οὕτως
1768 4755 1817 4806 οἱ

237 4851 526 4920 σώφρονες
545 4853 639 4902 καὶ
655 4851 940 4909 ἐπιεικεῖς,
965 4850 1062 4900 ἐὰν
1085 4847 1180 4901 οὖν
1202 4850 1626 4916 ἐπαινουμένους
1647 4849 1817 4918 σχῶσι

236 4948 513 5014 πατέρας,
565 4945 724 4998 οὐδὲν
759 4938 925 5014 ἦττον
952 4942 1169 5009 ἕξουσιν
1199 4941 1234 4994 ἃ
1274 4945 1400 5002 τοὺς
1429 4942 1706 5005 τοιούτους
1743 4944 1822 4993 el-

235 5041 361 5104 κὸς,
383 5037 652 5107 τιμᾶσθαι
679 5039 824 5103 λέγω
848 5039 938 5089 καὶ
956 5035 1247 5104 τυγχάνειν
1279 5033 1541 5087 ἐπαίνων⁹
1567 5034 1816 5095 εἰκότως⁶

237 5131 357 5184 οὔτ’
388 5131 564 5199 ἀρετὴ
594 5129 702 5198 γὰρ
736 5128 861 5180 οὔτε
889 5128 1056 5180 κακία
1085 5125 1244 5194 φύσει
1284 5126 1553 5196 δήπουθεν
1587 5129 1698 5186 τοῖς
1725 5127 1820 5176 ἀν-

236 5225 511 5293 θρώποις,
549 5222 687 5276 ἀλλὰ
716 5222 795 5291 τῷ
840 5220 1225 5291 προαιρεῖσθαι
1257 5219 1350 5270 καὶ
1379 5219 1562 5268 πονεῖν
1589 5218 1822 5285 προσγί-

235 5316 476 5383 γνεσθαι
523 5315 762 5383 πέφυκε.
813 5314 921 5366 Καὶ
954 5311 1110 5382 δῆλον
1153 5313 1217 5363 ὲκ
1251 5309 1344 5362 τοῦ
1373 5311 1483 5370 τοῖς
1532 5308 1632 5377 μὲν
1660 5308 1820 5377 γέρα.

237 5409 357 5469 τοῖς
382 5408 440 5459 δὲ
473 5407 726 5469 κολάσεις
750 5403 1008 5474 ὡρίσθαι.
1044 5403 1105 5455 Εἰ
1132 5401 1188 5454 δέ
1220 5418 1282 5468 γε
1316 5399 1475 5468 φύσει
1501 5401 1636 5467 πρὸς
1669 5399 1825 5451 ταῦτ’

239 5500 594 5570 ἐχωροῦμεν,
625 5499 722 5551 καὶ
763 5497 906 5550 κατὰ
935 5498 1090 5564 γένος
1120 5492 1319 5562 ἁγαθοὶ
1346 5492 1441 5545 καὶ
1486 5491 1646 5544 κακοί
1680 5506 1824 5552 τινες

237 5587 419 5663 ἦμεν,
452 5591 603 5644 οὐδὲν
632 5591 698 5643 ἂν
744 5588 948 5643 τούτων
985 5588 1204 5659 ἀπήντα
1231 5601 1245 5616 ο
1285 5585 1356 5637 τὰ
1393 5584 1504 5654 γὰρ
1545 5584 1697 5653 παρὰ
1726 5583 1826 5650 τῆς

244 5686 474 5754 φύσεως
511 5683 790 5751 ὁποτέρως
820 5682 886 5734 ἂν
929 5681 1066 5750 ἔχοι,
1093 5680 1187 5732 καὶ
1220 5673 1309 5733 οἷά
1354 5675 1472 5730 ποτ’
1514 5675 1578 5729 ἂν
1613 5672 1670 5749 ᾗ,
1714 5674 1826 5726 οὔτ’

245 5777 496 5830 ἐπαίνων
519 5773 633 5826 οὔτ’
654 5774 723 5828 αὗ
745 5774 930 5844 ψόγων
952 5774 1239 5842 τυγχάνεν
1268 5769 1363 5822 νῦν
1383 5757 1446 5822 δὲ
1468 5763 1548 5830 οἷς
1567 5767 1634 5820 ἂν
1653 5768 1797 5834 πρὰτ
1815 5792 1833 5806 ι

245 5887 460 5939 τωμεν,
490 5871 557 5920 τὰ
591 5870 688 5938 μὲν
721 5864 1156 5937 στεφανούμεθα,
1183 5863 1248 5916 τὰ
1272 5862 1315 5916 δ’
1349 5862 1620 5932 ὑπέχομεν
1651 5859 1796 5927 δίκηι
1819 5895 1828 5902 η

1913 3299 2284 3368 perpecerint,
2315 3300 2409 3354 sed
2462 3316 2494 3355 e
2556 3301 2853 3371 sepulchro
2894 3304 3201 3374 projectum
3258 3307 3496 3374 pessime

1915 3413 2218 3467 tractarint.
2275 3413 2511 3469 Pericles
2546 3431 2577 3469 e
2612 3426 2804 3484 contra
2839 3432 2906 3471 ex
2948 3418 3292 3474 infortunato
3341 3431 3498 3491 patre

1913 3529 2182 3585 oriundus
2210 3548 2490 3603 nunquam
2541 3532 2975 3588 Atheniensibus
3009 3535 3318 3603 despicatui
3355 3548 3498 3602 erat,

1914 3645 2023 3698 imo
2073 3645 2256 3698 omnia
2309 3646 2388 3701 eis
2417 3655 2556 3711 erat,
2615 3646 2910 3716 publicola,
2959 3647 3275 3716 praefectus,
3318 3655 3500 3704 omnis

1914 3756 2155 3827 denique
2187 3758 2501 3813 securitatis
2527 3767 2584 3814 et
2630 3759 2823 3814 salutis
2870 3759 3185 3829 sospitator.
3219 3760 3500 3827 Quemad-

1914 3867 2134 3920 modum
2164 3883 2329 3938 porro
2363 3869 2622 3923 uolumus
2652 3884 2854 3938 pravos
2899 3885 3100 3939 pueros
3127 3887 3158 3925 e
3195 3871 3365 3942 gloria
3405 3889 3501 3942 pi-

1918 3990 2070 4033 terna
2108 3980 2346 4034 fructum
2383 3997 2673 4050 usurpare,
2735 3983 2847 4034 imo
2901 3985 3070 4054 magis
3118 3984 3498 4053 vituperamus

1917 4107 2041 4145 cum
2097 4091 2420 4161 parentibus
2476 4104 2898 4162 comparantes;
2971 4097 3052 4151 sic
3112 4096 3497 4152 adolescentes

1917 4205 2057 4260 bene
2119 4208 2338 4272 morati,
2374 4208 2421 4262 si
2478 4209 2728 4276 patribus
2756 4211 3066 4266 illustribus
3097 4212 3207 4264 uati
3265 4223 3416 4276 sunt,
3446 4213 3498 4266 id

1920 4337 2089 4374 unum
2128 4331 2292 4390 agent
2347 4333 2404 4374 ut
2442 4338 2550 4376 non
2583 4323 2765 4377 minus
2797 4339 2961 4392 quam
3019 4326 3297 4392 genitores
3324 4326 3500 4378 hono-

1919 4442 2130 4492 rentur.
2165 4443 2220 4487 et
2256 4443 2402 4487 recte
2433 4435 2674 4503 quidem.
2705 4435 2836 4489 Nam
2885 4452 2986 4489 nec
3025 4436 3197 4491 virtus
3245 4453 3344 4493 nec
3371 4439 3501 4492 vitia

1848 4553 1892 4607 ι)
1922 4547 2238 4602 hominibus
2269 4564 2298 4602 a
2343 4559 2535 4603 natura
2572 4552 2813 4620 ingenita
2845 4561 3008 4616 sunt,
3049 4554 3144 4606 sed
3176 4553 3418 4606 studiqu
3446 4565 3503 4608 et

1926 4663 2080 4715 iabor
2130 4662 2424 4732 genuinus,
2481 4662 2630 4732 quod
2681 4663 2869 4717 videre
2905 4663 3032 4717 inde
3073 4675 3160 4718 est
3211 4667 3354 4733 quod
3409 4667 3503 4720 alit

1927 4775 2250 4829 muneribus
2278 4774 2614 4837 honoriﬁcis,
2651 4775 2829 4843 poenis
2847 4775 2935 4828 alii
2973 4774 3287 4830 aﬂiciuntur
3313 4795 3326 4840 ;
3355 4782 3501 4847 quod

1929 4885 2043 4939 fieri
2097 4901 2205 4939 non
2251 4897 2435 4956 posset
2458 4887 2501 4940 si
2533 4887 2708 4940 virtus
2737 4895 2792 4938 et
2825 4885 2952 4938 vitia
2993 4895 3184 4940 natura
3230 4890 3390 4943 nobis
3421 4893 3504 4944 in-

1929 4996 2040 5049 dita
2098 4995 2296 5050 forent.
2335 4996 2474 5050 llinc
2527 5004 2736 5050 natura:
2768 4994 2911 5048 dona
2957 5011 3058 5049 nec
3108 4996 3361 5051 laudibus
3406 5017 3505 5053 nec

1931 5110 2335 5178 titupcratione
2363 5109 2527 5178 digna
2559 5118 2724 5172 sunt;
2757 5122 2857 5176 pro
2893 5107 2960 5161 iis
3005 5117 3188 5160 autem
3221 5124 3342 5178 quae
3374 5129 3503 5181 pro—

1933 5222 2052 5290 prio
2088 5221 2256 5276 Marte
2303 5221 2539 5291 agimus,
2571 5229 2665 5276 aut
2708 5234 3042 5277 coronamur
3071 5229 3167 5274 aut
3200 5224 3365 5276 etiam
3413 5243 3503 5280 ea-

1933 5338 2217 5407 stigatnur.
