4212 6430
250 379 361 442 533

317 493 406 549 tO'.
457 494 650 565 Ἐχόμε
667 517 748 552 θον
779 502 826 554 δ’
856 502 923 556 ἂν
975 505 1062 575 ετη

238 583 540 654 εἰληχότων
580 587 616 640 ἃ
649 590 731 642 δεῖ
761 593 1032 649 διελθεῖν·
1082 601 1178 652 καὶ
1227 603 1337 672 γὰρ
1376 603 1443 673 δὴ
1487 605 1595 658 τῶν
1641 609 1823 663 αὐτῶν

239 679 339 728 καὶ
390 671 536 732 οὗτοι
586 683 699 744 τοῖς
753 685 858 754 πρὸ
910 690 1092 744 αὐτῶν
1141 671 1334 762 ἁμίλει
1376 671 1697 765 πειρῶνται,
1727 701 1822 754 καί

232 948 429 1018 θερίαν
457 953 532 1017 ὡς
561 956 626 1009 ἂν
652 975 735 1022 τις
773 963 904 1032 είπῃ
941 969 1362 1038 πεπηρωμένοι,
1403 973 1499 1026 καὶ
1533 976 1686 1044 παρὰ
1717 976 1818 1038 τὰς

227 1041 333 1109 τῆς
366 1043 580 1110 φύσεως
612 1050 959 1115 δουλεύοντες
1001 1058 1221 1128 ψήφους
1247 1076 1262 1092 ⁸
1309 1065 1342 1132 ἡ
1382 1064 1482 1131 μὲν
1529 1041 1637 1132 γὰρ
1669 1067 1820 1120 ἐλευ-

229 1132 433 1203 θέρους
464 1141 674 1204 πάντας
718 1146 1047 1216 ἀνθρώπους
1081 1151 1346 1222 εἴργαστο
1368 1159 1466 1224 τὴν
1505 1160 1703 1231 ἀρχὴν,
1738 1163 1817 1231 τῷ

228 1227 308 1292 μὴ
334 1229 432 1279 τὸν
477 1232 575 1299 μὲν
611 1236 836 1302 μᾶλλον,
870 1241 962 1293 τὸν
1009 1243 1056 1295 δ’
1089 1240 1277 1317 ἧττον,
1311 1249 1449 1304 ἀλλὰ
1499 1227 1712 1316 πάντας
1756 1227 1817 1318 ἐξ

226 1316 349 1369 loco
410 1321 521 1374 τῶν
573 1329 710 1397 παρ’
767 1332 936 1398 αὐτῆς
986 1316 1218 1400 ἀξιῶσαι
1272 1343 1369 1393 καὶ
1416 1345 1558 1396 κατὰ
1614 1347 1814 1400 ταυτὸν

221 1410 450 1481 ἑκάστῳ
487 1414 550 1483 δὴ
583 1418 861 1487 διανεῖμαι
885 1442 898 1456 ο
932 1430 998 1498 τῇ
1030 1429 1171 1501 τύχῃ
1209 1431 1264 1485 δέ
1296 1434 1391 1487 καὶ
1417 1439 1539 1498 ταῖς
1585 1437 1687 1503 τῆς
1715 1438 1813 1490 τύο

218 1521 328 1571 κης
361 1513 627 1576 στροφαῖς
664 1516 757 1566 καὶ
787 1517 865 1585 τῷ
898 1521 1164 1588 μηδέποτ’
1209 1525 1268 1577 ἐν
1309 1528 1499 1596 ταυτῷ
1533 1530 1601 1580 τὰ
1634 1530 1814 1597 πράγ-

221 1611 376 1660 ματα
408 1597 616 1664 μένειν,
645 1603 764 1656 ἀλλ’
799 1607 912 1660 ἄνω
943 1608 1038 1672 καὶ
1079 1611 1236 1665 κάτω
1273 1614 1539 1684 φέρεσθαι
1571 1618 1666 1668 καὶ
1706 1633 1814 1685 χω-

223 1688 364 1754 ρεῖν,
397 1690 427 1740 ό
459 1691 561 1757 μὲν
588 1694 860 1765 δεσπότης
887 1700 914 1750 ό
945 1698 1002 1752 δὲ
1032 1700 1220 1767 δοῦλος
1259 1706 1499 1775 κατέστη
1525 1721 1540 1735 ·
1572 1706 1810 1772 ἐπίδοξοί

216 1793 373 1842 τινες
404 1781 578 1848 ὄντες,
612 1790 706 1838 καὶ
760 1791 917 1843 αὐτοὶ
961 1794 1145 1860 σφίσιν
1178 1797 1364 1860 αὐτοῖς
1401 1800 1510 1851 τῶν
1547 1802 1810 1856 ἐναντίων

1177 397 1465 462 ORATIO
1505 403 1603 464 DE
1648 405 2162 475 SUBDITORUM
2203 415 2556 483 OFFICIIS.

1114 509 1206 562 καὶ
1239 513 1368 581 περὶ
1411 513 1522 566 τῶν
1555 516 1796 573 δουλεύει

1901 586 1904 597 ι
2003 524 2090 579 l9.
2130 524 2170 578 Ε
2200 542 2257 582 re
2293 530 2480 600 utique
2508 538 2591 585 est
2623 531 2726 589 hoc
2755 534 2878 591 loco
2907 536 2974 592 de
3005 539 3181 594 servis
3211 539 3383 611 loqui,
3415 540 3514 610 qui

3418 429 3523 504 534

1928 638 2120 694 eadem
2180 651 2331 698 sorte
2379 660 2489 714 qua
2524 647 2760 719 majores
2789 662 3040 718 utuntur,
3083 665 3138 710 et
3178 631 3317 726 qui,
3345 656 3392 711 si
3431 656 3520 712 isti

1924 764 2189 823 corpore,
2245 755 2500 814 libertate
2549 775 2648 816 sua
2710 765 2944 819 mutilati
3001 767 3176 822 videri
3244 779 3514 838 possunt,

1925 873 2114 935 utpote
2153 879 2348 924 contra
2379 881 2594 930 natura
2639 875 2790 947 leges
2821 877 2876 932 in
2899 880 3224 936 servitutem
3277 881 3512 938 redacti.

1923 969 2046 1026 llaec
2097 988 2290 1030 omnes
2343 979 2597 1038 homines
2627 999 2658 1037 a
2694 985 2966 1056 principio
3017 989 3224 1045 liberos
3273 993 3503 1059 creavit,

1920 1096 2025 1138 nec
2052 1083 2151 1138 ulli
2203 1087 2574 1160 privilegium,
2616 1094 2711 1150 sed
2747 1099 3116 1166 aequalitatem
3167 1103 3502 1159 conditionis

1919 1197 2135 1251 cunctis
2189 1197 2530 1269 impertivit;
2583 1205 2678 1260 sed
2740 1207 2976 1264 fortuna
3028 1211 3507 1272 vicissitudinibus

1917 1321 2038 1374 quae
2067 1323 2155 1363 res
2185 1326 2465 1382 nunquam
2520 1318 2715 1372 eodem
2767 1319 2890 1374 loco
2938 1323 3244 1379 consistere
3297 1327 3506 1390 sinunt.

1915 1420 2056 1476 alius
2083 1422 2362 1491 dominus,
2395 1429 2537 1485 alius
2583 1446 2779 1487 servus
2821 1435 3015 1490 evasit.
3049 1435 3192 1491 Sunt
3246 1454 3377 1494 sane
3407 1443 3502 1508 qui

1915 1535 2054 1590 mala
2083 1536 2185 1606 ipsi
2233 1541 2379 1608 passi
2414 1552 2546 1597 sunt
2591 1554 2648 1598 et
2694 1546 2833 1600 alios
2865 1557 2924 1600 ut
2953 1549 3136 1604 minus
3183 1560 3503 1618 paterentur

1913 1641 2314 1713 impedierunt;
2347 1649 2558 1706 domini
2588 1664 2739 1709 certe
2782 1654 3125 1722 privilegium
3171 1673 3354 1721 nemo,
3390 1675 3506 1713 ser-

1912 1757 2106 1813 vitutis
2132 1761 2509 1819 conditionem
2539 1783 2735 1824 omnes
2765 1771 3248 1829 demonstrabunt.
3278 1773 3500 1829 Etiamsi

217 1873 345 1922 ποτ⁹
376 1871 445 1926 ἂν
490 1881 887 1947 πεπειρᾶσθαι,
920 1886 1013 1937 καὶ
1042 1886 1144 1956 τὴν
1187 1887 1438 1959 ἀλλήλων
1467 1891 1798 1957 ἀλλάξασθαι

1911 1869 2058 1924 enim
2093 1887 2322 1930 summa:
2363 1891 2548 1931 rerum
2592 1880 2803 1950 potitus
2841 1884 2940 1951 sis,
2974 1885 3331 1942 nihilominus
3363 1886 3502 1942 liber

213 1962 397 2030 τύχην
428 1967 570 2020 κατὰ
602 1969 664 2022 τδ
691 1972 801 2025 τῶν
828 1978 1174 2045 πραγμάτων
1220 1981 1522 2050 ξυμσαῖνον
1549 2001 1561 2014 ·
1605 1987 1809 2049 μᾶλλον

212 2055 274 2108 δὲ
322 2056 596 2126 δεσπότην
631 2064 728 2130 μὲν
765 2067 830 2118 ἂν
876 2069 1008 2121 αὐτὸ
1053 2072 1213 2126 τοῦτο
1267 2076 1430 2144 μόνον
1470 2077 1808 2133 οὐδοντινοῦν

211 2150 329 2202 τῶν
383 2153 643 2206 ἁπάντων
685 2157 797 2210 οὐδ’
827 2160 894 2213 ἂν
935 2159 1017 2225 εἷς
1060 2165 1282 2220 δύναιτο
1323 2170 1495 2234 δεῖξαι
1527 2187 1542 2202 ο
1581 2171 1807 2237 δούλους

210 2242 261 2295 δ’
291 2242 562 2308 ἅπαντας,
591 2248 817 2313 πάντες.
848 2254 968 2306 Κᾶν
1001 2257 1110 2326 γὰρ
1139 2259 1240 2330 τὴν
1269 2261 1502 2315 ἀπασῶν
1534 2265 1805 2337 μεγίστην

210 2333 396 2403 ἄρχῃς
442 2336 642 2405 λαχὼν.
679 2343 775 2394 au".
825 2345 1001 2410 οὕτως
1055 2349 1209 2404 οὐδὲν
1259 2354 1463 2422 μᾶλλον
1517 2356 1806 2427 ἐλεύθερος

216 2427 285 2478 ἂν
333 2427 475 2496 εἴης.
512 2430 626 2481 ἀλλ’
677 2435 759 2496 εἰς
805 2436 1026 2497 δούλους
1060 2442 1274 2506 τελεῖς·
1323 2447 1467 2517 ἀρχῇ
1512 2449 1802 2517 δουλεύων,

211 2521 312 2569 καὶ
367 2519 447 2588 τῷ
500 2526 653 2593 κοινῇ
711 2527 931 2582 πάντων
989 2532 1199 2587 ἐθέλειν
1247 2538 1655 2606 προΐστασθαιο
1711 2545 1805 2597 καὶ

214 2609 413 2658 σιωπῶ
458 2615 678 2680 τρυφήν
727 2631 786 2666 τε
841 2620 934 2669 καὶ
968 2619 1067 2682 τὰς
1100 2622 1203 2675 οὐκ
1237 2625 1648 2695 ἐπαινουμένας
1676 2631 1802 2699 ἠδο-

211 2696 336 2758 νὰς,
370 2697 468 2750 καὶ
494 2701 652 2752 πάνθ’
684 2704 848 2773 ἕτερα
887 2703 971 2769 οἷς
1002 2711 1218 2782 ἀνάγκη
1256 2714 1530 2770 δουλεύειν
1556 2696 1806 2782 τοὺς-οὖ-

210 2807 328 2849 τως
354 2790 602 2859 ἔχοντας.
633 2797 773 2865 Φησὶ
803 2799 934 2865 γοῦν
966 2802 1268 2876 Εὐριπίδης
1307 2809 1494 2872 καλῶς
1525 2828 1588 2876 γε
1627 2813 1802 2880 λέγων

212 2885 310 2931 καὶ
335 2882 436 2950 τῆς
463 2886 649 2951 κοινῆς
669 2886 826 2958 δὸξης
857 2893 1049 2956 ἀξίως·
1088 2914 1108 2946 ι
1137 2899 1243 2950 Φεῦ
1273 2901 1284 2952 !
1319 2903 1418 2954 οὐκ
1449 2903 1565 2956 ἔστι
1591 2905 1801 2974 Θνητῶν

211 2971 272 3032 ὃς
321 2973 436 3024 ἐστ’
485 2975 769 3044 ἐλεύθερος
793 2995 808 3011 ο
852 3002 869 3030 ι
905 2984 937 3053 ἦ
976 2990 1279 3056 χρημάτων
1331 2994 1441 3064 γάρ
1466 2995 1584 3047 ἐστι
1615 2971 1800 3061 δούλος

209 3063 242 3130 ἢ
297 3064 472 3134 τύχης
525 3067 556 3135 ἢ
602 3069 741 3120 ὅτων
790 3072 855 3123 ἄν
893 3091 974 3136 τις
1019 3079 1114 3130 καὶ
1157 3081 1364 3149 φήσαι·
1401 3087 1448 3135 εί
1498 3084 1553 3137 δὲ
1597 3090 1800 3154 τρόπον

208 3156 404 3224 ἕτερον
460 3156 762 3226 ἄρχοντες,
813 3163 1001 3233 ἕτερον
1053 3170 1258 3239 τρόπον
1316 3172 1637 3243 ἀρχόμεθα,
1702 3181 1798 3232 καὶ

210 3247 361 3300 τοῦθ’
403 3248 480 3301 ὼν
515 3250 731 3321 ἀληθῶς
773 3257 979 3323 μᾶλλον
1027 3260 1079 3329 ἢ⁹
1132 3265 1300 3326 κεῖνο,
1337 3265 1540 3320 δίκαιοι
1575 3270 1793 3334 πάντως

211 3339 381 3406 ἐσμὲν
432 3335 507 3402 ὧς
559 3345 715 3414 παρὰ
768 3345 932 3412 φύσιν
990 3352 1336 3423 κατέστημεν
1385 3357 1670 3428 ἄρχοντες,
1716 3363 1796 3433 τῷ

213 3446 426 3493 παντας
455 3433 797 3505 ἐλευθέρους,
829 3440 903 3502 ὡς
927 3441 1095 3512 ἔφην,
1125 3445 1183 3512 ἐξ
1215 3449 1392 3519 ἀρχῆς
1422 3453 1755 3524 γεγενῆσθαι
1777 3475 1793 3491 ο

209 3523 422 3577 τούτων
453 3528 548 3580 καὶ
588 3529 654 3598 δὴ
699 3532 841 3585 κατὰ
876 3534 1040 3601 φύσιν
1075 3536 1234 3606 λόγον
1263 3543 1564 3611 ποιεῖσθαι,
1599 3523 1693 3603 διαὶ
1726 3549 1792 3603 τὰ

207 3619 516 3686 γιγνόμενα
572 3621 845 3690 χρῆσθαι,
901 3627 996 3679 καὶ
1053 3630 1129 3699 μὴ
1190 3635 1546 3690 παντάπασιν
1607 3640 1794 3704 αὐτοῖς

209 3709 547 3773 ἐπικεῖσθαι,
595 3715 722 3783 μηδ’
750 3717 1061 3785 ἐπιτρίϐειν
1108 3723 1318 3777 ἐθέλειν
1366 3727 1456 3780 διὰ
1499 3730 1601 3799 τὴν
1633 3731 1791 3801 ἡμῶν

207 3814 267 3848 τε
304 3800 573 3852 κάκείνων
610 3803 907 3858 ἀντίπαλον
957 3809 1151 3879 τύχην,
1181 3813 1301 3865 ἀλλ’
1351 3816 1431 3868 ὄσ’
1463 3800 1793 3886 αύτοῖςέξε-

209 3905 300 3940 στι
324 3891 418 3942 καὶ
455 3891 635 3946 δίδωσι
667 3895 728 3947 τὸ
755 3898 904 3960 εἰκὸς
951 3901 1360 3971 ἐπιτάττοντες,
1392 3911 1562 3979 μηδὲν
1596 3912 1789 3967 ἔπειτα

207 3986 846 4054 προσπεριεργαζεσθαι,
882 3991 1009 4060 μηδ’
1040 3996 1260 4059 ἀγνοεῖν
1291 3998 1397 4051 ὑπὸ
1445 4002 1546 4069 τῆς
1587 4004 1788 4058 δεσπο·

201 4077 361 4136 τείας
390 4077 488 4144 τὴν
531 4079 715 4146 φύσιν,
747 4081 938 4154 ὥσπερ
983 4089 1030 4138 οἱ
1070 4090 1367 4156 μεθύοντες
1406 4095 1535 4156 τοὺς
1565 4097 1747 4150 αὐτῶν
1771 4117 1785 4131 ο

202 4168 344 4221 ἀλλὰ
374 4171 432 4221 τὸ
467 4172 562 4240 μὲν
590 4174 1029 4245 ἀφιλανϐρὼπως
1061 4183 1258 4244 αὐτοὺς
1292 4185 1468 4252 ἴσχειν
1505 4193 1598 4241 καὶ
1635 4196 1788 4260 παρὰ

202 4263 263 4311 τὸ
315 4262 436 4312 δέον
468 4265 751 4336 ἐπιτιμᾷν,
785 4273 877 4321 καὶ
928 4270 1119 4338 ὕϐρεσι
1171 4276 1416 4337 πλύνειν,
1450 4283 1546 4330 καὶ
1581 4284 1648 4334 τὰ
1680 4285 1787 4336 δεί-

203 4355 406 4404 νότατα
442 4357 710 4423 ἀπειλεῖν,
743 4365 835 4422 καὶ
883 4366 1183 4432 μαστιγοῦν
1217 4370 1310 4420 καὶ
1349 4370 1462 4422 δεῖν
1494 4375 1586 4426 καὶ
1633 4393 1790 4445 στρε-

201 4445 367 4498 ϐλοῦν
409 4450 502 4500 καὶ
538 4451 745 4513 ξαίνειν
774 4456 917 4508 κατὰ
966 4458 1059 4511 τοῦ
1092 4460 1265 4514 νώτου
1297 4464 1520 4530 πολλὰς,
1551 4469 1644 4520 καὶ
1677 4470 1786 4540 μὴν

201 4538 295 4586 καὶ
354 4540 467 4598 τοῖς
527 4540 670 4609 ὑπὲρ
715 4544 949 4613 δύναμιν
1001 4548 1278 4619 ἐγχειρεῖν
1333 4554 1563 4616 τούτους
1613 4575 1784 4609 κιτα-
1823 4578 1866 4628 υ

199 4628 521 4692 ναγκὶζειν,
552 4633 598 4681 εἰ
636 4637 730 4683 καί
759 4635 869 4687 τῶν
905 4637 1047 4689 πάνυ
1078 4657 1162 4691 τοι
1209 4642 1384 4695 ταῦτα
1417 4644 1632 4710 δεινῶν,
1666 4650 1781 4701 ἀλλ’

198 4714 293 4770 οὖν
335 4723 549 4788 φορητά
595 4724 710 4787 πώς
743 4727 861 4778 ἐστι
897 4729 982 4782 διὰ
1020 4733 1122 4800 τὴν
1146 4733 1352 4802 τύχην’
1390 4754 1408 4786 ι
1449 4733 1518 4789 Αἵ
1555 4735 1611 4790 αἶ
1650 4742 1779 4809 γὰρ,

198 4815 357 4878 φησὶ,
387 4812 448 4863 τὸ
476 4813 661 4866 δοῦλον
690 4817 765 4878 ὡς
796 4821 980 4883 κακῶς
1013 4826 1317 4892 πεφυκέναι
1343 4844 1357 4856 ·
1389 4828 1618 4898 τολμᾶθ⁹
1638 4831 1674 4885 ἃ.
1705 4834 1785 4903 μὴ

198 4905 304 4972 χρὴ
338 4908 403 4972 τῇ
436 4905 526 4974 βίᾳ
557 4908 883 4976 νικώμενον.
917 4929 946 4965 ‘n

271 4994 343 5049 κ’.
380 4998 546 5049 Ὅταν
605 4999 662 5052 δέ
719 5004 812 5054 καὶ
865 5005 976 5057 τῶν
1025 5009 1303 5063 δεσποτῶν
1354 5015 1506 5067 ἐστιν
1555 5019 1606 5070 οἳ
1651 5022 1779 5080 τοὺς

196 5090 560 5157 γιγνομένους
611 5095 720 5145 τῶν
768 5097 946 5150 πόνων
994 5102 1243 5169 μισθοὺς,
1277 5106 1403 5169 τοὺς
1437 5111 1535 5177 μὲν
1561 5110 1622 5173 ἐξ
1653 5113 1780 5180 ἡμι-

196 5181 374 5242 σείας,
418 5185 544 5244 τοὺς
591 5185 646 5236 δὲ
707 5189 804 5239 καὶ
864 5192 1122 5260 καθάπαξ
1177 5197 1505 5268 ἀποστερεῖν
1553 5203 1777 5256 οἴωνται

191 5272 330 5333 δεῖν,
365 5278 458 5325 καὶ
503 5276 726 5340 δούλους
757 5281 900 5349 λέγω
952 5288 1044 5336 καὶ
1079 5288 1254 5350 ἄλλως
1307 5291 1624 5360 ἐλευθέρους
1653 5299 1773 5366 μὲν,

193 5365 303 5417 ὑπὸ
333 5366 392 5418 δὲ
437 5369 629 5432 πενίας
660 5373 753 5424 καὶ
789 5375 848 5426 τὸ
883 5378 1050 5445 μηδὲν
1096 5380 1245 5448 ἔχειν
1289 5365 1775 5455 ἀναγκαζομένους

197 5459 558 5527 μισθοφορεῖν
604 5463 868 5518 ἑκάστοτε
916 5473 1008 5521 καὶ
1064 5477 1268 5536 πονεῖν,
1299 5478 1393 5529 καὶ
1437 5481 1598 5532 πάνθ’
1630 5483 1773 5554 ὑπὲρ

189 5552 287 5605 τοῦ
339 5555 462 5605 καθ’
507 5558 723 5627 ἡμέραν
762 5561 878 5627 βίου
931 5567 1022 5616 καὶ
1081 5566 1371 5636 βούλεσθαι
1425 5575 1516 5626 καὶ
1573 5582 1769 5643 ποιεῖν,

185 5644 322 5697 ὅταν
355 5644 450 5697 οὖν
483 5655 821 5720 παρανομεῖν
850 5657 919 5710 τὰ
950 5660 1176 5712 τοιαῦτα
1217 5664 1594 5732 προάγωνται,
1622 5671 1771 5722 τοῦτ’

189 5737 304 5789 En:
358 5739 414 5790 τὸ
471 5741 708 5808 μάλιστα
749 5745 968 5800 πάντων
1015 5752 1411 5824 ἀπηχθημένον
1453 5759 1594 5830 Θεῷ,
1625 5765 1715 5814 καὶ
1744 5764 1771 5815 ὃ

192 5831 319 5900 μηδ’
350 5831 415 5884 ἂν
448 5827 523 5896 εἷς
572 5851 661 5905 μοι
712 5839 860 5892 δοκεῖ
914 5843 987 5915 μὴ
1037 5844 1117 5897 ὅτι
1171 5848 1360 5902 παθεῖν
1411 5852 1765 5922 ἀνασχέσθαι,

1912 2000 2024 2039 non
2051 2000 2224 2053 esses,
2258 1987 2371 2044 imo
2392 1992 2634 2048 servires
2654 2004 2709 2049 et
2732 1997 2873 2065 ipse,
2904 1997 3034 2067 quia
3067 1999 3298 2065 imperio
3326 2001 3502 2054 servis

1909 2105 1967 2151 et
2011 2099 2141 2168 quia
2191 2102 2454 2160 omnibus
2493 2120 2727 2175 pmesse
2782 2110 2889 2165 vis.
2929 2111 3230 2166 Luxuriem
3266 2111 3414 2168 enim
3446 2119 3502 2167 et

1907 2212 2240 2283 voluptatem
2266 2226 2320 2272 et
2342 2229 2535 2276 caetera
2569 2223 2752 2278 omnia
2777 2225 3000 2282 silentio
3049 2236 3340 2298 praetereo,
3369 2230 3499 2298 qui-

1907 2327 2013 2383 bus
2065 2332 2243 2386 virum
2291 2335 2345 2388 in
2407 2337 2500 2392 tali
2541 2340 2862 2396 conditione
2884 2342 3248 2398 constitutum
3285 2343 3499 2398 servire

1905 2460 2129 2502 necesse
2148 2458 2250 2503 est.
2294 2450 2525 2523 Egregie
2566 2454 2732 2524 igitur
2783 2456 3112 2527 Euripides:
3145 2459 3288 2513 Proh
3315 2459 3494 2527 dolor,

1907 2560 2110 2629 inquit,
2167 2577 2331 2617 nemo
2377 2573 2465 2620 est
2517 2562 2818 2623 liber.‘Aut
2846 2569 2994 2624 enim
3029 2567 3350 2624 divitiarum
3399 2581 3497 2625 aut

1902 2691 2016 2732 sua
2059 2678 2227 2736 sortis
2273 2691 2370 2737 aut
2397 2684 2698 2754 cujuslibet
2742 2687 2821 2742 rei
2857 2703 3054 2743 servus
3081 2696 3188 2743 est.
3215 2686 3272 2741 Si
3306 2697 3490 2742 autem

1903 2807 2015 2846 uno
2047 2796 2211 2850 modo
2257 2797 2652 2867 gubernamus,
2726 2802 2902 2856 altero
2936 2802 3312 2872 gubernamur
3364 2805 3494 2874 (hoc

1900 2915 2082 2960 autem
2120 2908 2304 2976 potius
2342 2925 2506 2979 qttam
2557 2910 2738 2982 illud),
2765 2922 2821 2967 et
2847 2913 2928 2968 sic
2953 2914 3040 2968 vel
3071 2924 3265 2970 contra
3330 2925 3492 2970 natu-

1902 3035 2016 3073 ram
2059 3021 2461 3090 gubernatores
2503 3026 2894 3081 constituimus
2931 3027 3086 3097 quia.
3118 3036 3176 3081 ut
3223 3027 3485 3095 diximus,

1899 3149 1929 3186 a
1955 3134 2226 3205 principio
2257 3152 2452 3194 omnes
2484 3138 2645 3193 liberi
2677 3142 2790 3194 nati
2829 3157 3043 3196 sumus.
3073 3142 3232 3197 Absit
3265 3158 3294 3197 a
3329 3144 3489 3198 nobis

1822 3233 1865 3290 (ἶ
1897 3249 2064 3302 sortis
2091 3250 2537 3319 superioritatem
2597 3263 2948 3319 usurpantes,
2984 3256 3230 3324 regimen
3281 3255 3356 3308 in-
3387 3269 3486 3309 eos

1897 3374 2152 3415 exercere
2204 3376 2409 3431 eosque
2463 3364 2797 3432 opprimere,
2827 3367 2924 3420 sed
2960 3366 3288 3434 obsequium
3319 3368 3487 3421 ratio-

1895 3474 2076 3527 uabile
2103 3475 2169 3528 iis
2209 3474 2578 3544 imponamus.
2624 3493 2725 3533 nec
2773 3479 3026 3548 'gubernii
3061 3480 3269 3534 limites
3300 3490 3482 3535 trans-

1894 3585 2228 3654 grediamur,
2285 3603 2395 3641 non
2431 3589 2542 3658 jam
2605 3589 2779 3642 nostri
2843 3601 3149 3660 compotes,
3207 3603 3264 3645 ut
3315 3592 3478 3648 ebrii.

1894 3699 2103 3753 lntcrea
2135 3716 2264 3755 vero
2299 3718 2489 3756 servos
2518 3703 2819 3760 inhumane
2865 3715 3122 3772 tractant,
3173 3709 3296 3777 plus
3331 3710 3480 3776 justo

1897 3814 2082 3866 verbis
2130 3815 2423 3882 castigant,
2492 3816 2782 3882 insultant,
2815 3822 3120 3881 minantur.
3180 3821 3475 3891 ﬂagellant,

1894 3928 2185 3981 tormentis
2225 3939 2446 3993 vexant,
2499 3931 2666 3985 dorso
2717 3933 2906 4002 plagas
2961 3935 3226 4002 plurimas
3273 3935 3479 4006 impin-

1889 4052 2046 4110 gunt,
2093 4043 2166 4095 ab
2203 4043 2272 4096 iis
2304 4045 2449 4111 quod
2498 4047 2644 4100 vires
2676 4049 3018 4103 transcendit
3047 4052 3295 4120 exigunt.
3328 4053 3473 4118 Quid

1889 4155 2074 4209 enim?
2108 4157 2454 4211 tolerandum
2489 4171 2594 4224 est,
2629 4169 2776 4215 sorte
2801 4161 2873 4215 ita
2911 4163 3150 4215 volente.
3194 4163 3471 4229 Quantum

1890 4270 2112 4333 malum,
2141 4271 2277 4339 proli
2316 4271 2493 4337 dolor,
2519 4272 2588 4327 ad
2614 4275 2938 4330 servitutem
2957 4278 3108 4331 nasci
3136 4279 3148 4331 l
3186 4281 3470 4337 I‘eretnlunt

1889 4390 1970 4435 cst
2004 4382 2152 4450 quod
2193 4383 2244 4436 vi
2279 4386 2454 4438 averti
2489 4388 2696 4455 nequit.

1953 5033 2045 5087 20.
2085 5033 2314 5099 Quando
2351 5037 2597 5106 despotae
2649 5043 2820 5113 aliqui
2863 5046 3129 5101 mercedis
3160 5062 3263 5117 pro
3314 5047 3462 5101 labo-

1884 5156 2037 5209 ribus
2071 5161 2331 5226 praestitis
2358 5161 2556 5217 debita:
2618 5176 2713 5220 aut
2757 5177 2966 5236 partem
3008 5182 3103 5225 aut
3140 5182 3312 5226 totum
3371 5191 3457 5227 re-

1879 5277 2166 5340 scindunt,
2220 5282 2335 5336 sive
2365 5297 2557 5339 servos
2607 5288 2722 5342 sive
2770 5289 2978 5346 liberos
3023 5308 3090 5347 eo
3127 5294 3273 5362 quod
3326 5296 3460 5364 ipsis

1878 5398 2110 5452 debetur
2144 5402 2442 5470 puivantes,
2476 5409 2569 5477 qui
2607 5420 2785 5465 tamen
2812 5414 2882 5466 ob
2913 5423 3212 5481 egestatem
3244 5433 3457 5472 rerum—

1876 5537 1981 5590 que
2019 5525 2305 5591 penuriam
2332 5527 2584 5584 laborare
2625 5534 2674 5586 vi
2731 5537 2906 5589 coacti
2943 5538 3184 5605 debent;
3218 5543 3336 5611 qui,
3376 5547 3459 5598 in-

1874 5652 2060 5704 quam,
2130 5636 2214 5691 his
2262 5640 2315 5692 in
2373 5643 2536 5695 rebus
2595 5644 2796 5712 injuste
2853 5662 3042 5716 agunt,
3083 5667 3197 5706 rem
3232 5654 3454 5711 Numini

1878 5749 2066 5801 divino
2114 5751 2517 5807 odiosissitnam
2552 5755 2782 5823 facium,
2820 5772 2876 5815 et
2913 5780 3077 5832 quam
3123 5782 3222 5819 nec
3257 5771 3451 5833 oculis.

1874 5874 1974 5912 nec
2021 5859 2249 5917 auribus
2303 5863 2547 5932 pcrl'crre
2583 5871 2743 5925 vulct.
2793 5870 3082 5938 Quomodo
3121 5878 3270 5934 enim
3320 5898 3448 5936 cum
