4212 6430
755 386 862 451 535

1977 382 2374 444 THEODULI
2415 384 2755 447 MONACHI

3905 378 4015 441 536

750 506 963 560 ratione
994 505 1077 558 vel
1109 505 1224 574 ipsa
1258 504 1594 559 humanitate
1627 503 1878 572 congruit
1923 503 2151 556 miseros
2184 503 2319 555 istos

2430 502 2677 555 ἀλλὀύδ*
2726 504 2804 564 εἰς
2852 500 3027 568 ἀκοὴν
3075 499 3214 559 ὅλως
3253 497 3538 567 δεδέχθαι·
3593 493 3696 549 ποῦ
3747 495 3855 562 γάρ
3887 495 4009 546 ἔστι

748 618 1034 673 laboribus
1085 617 1378 671 molestare
1414 626 1471 671 et
1514 632 1675 686 supra
1719 631 1882 686 quam
1939 615 2018 669 fas
2073 626 2157 669 est
2209 625 2325 668 tor-

749 749 940 802 quere,
1001 733 1112 785 imo
1152 732 1348 801 pugnis
1403 730 1655 785 cadere?
1682 728 1898 783 Siccine
1948 729 2198 781 homines
2229 727 2325 795 qui

750 858 848 911 pro
887 843 1135 911 improbo
1163 842 1352 896 labore
1379 842 1626 896 meritam
1647 841 1953 896 mercedem
1983 847 2325 906 exspectant,

748 959 903 1024 quasi
935 973 994 1010 re
1026 959 1165 1010 male
1199 970 1348 1027 gesta
1389 973 1590 1012 vacuos
1612 957 1931 1010 dimittere?
1970 953 2192 1008 Siccine
2227 965 2328 1005 eos

749 1069 841 1138 qui
877 1069 1008 1122 nulli
1042 1069 1308 1138 ejusmodi
1340 1069 1491 1139 operi
1522 1079 1740 1138 tempus
1770 1083 1836 1122 ac
1869 1067 2018 1120 vires
2049 1064 2326 1118 dederunt

747 1192 1010 1244 prospera
1061 1178 1111 1230 in
1149 1179 1364 1232 lcruma
1397 1193 1622 1248 ponere,
1654 1186 1709 1232 et
1733 1178 1858 1231 vitm
1901 1175 2165 1230 arumnis
2205 1174 2326 1227 exi-

750 1308 898 1346 mere
933 1302 980 1346 et
1035 1294 1149 1345 otio
1197 1294 1362 1346 vitam
1400 1294 1633 1348 inertem
1686 1289 2022 1358 transigere;
2052 1287 2326 1341 modestos

746 1421 880 1459 vero
905 1406 1038 1459 istos
1077 1407 1448 1461 mercenarios
1480 1413 1667 1460 contra
1699 1405 1790 1473 jus
1819 1401 2015 1471 fasque
2047 1400 2113 1454 ad
2157 1400 2323 1454 imam

748 1517 1024 1570 miseriam
1089 1516 1470 1570 crudelissime
1529 1515 1808 1580 detrusos,
1843 1512 2097 1567 mercede
2127 1510 2325 1572 debila

747 1629 965 1697 privare
1006 1628 1268 1682 ?Horum
1324 1629 1546 1697 quidem
1605 1627 1892 1682 hominum
1941 1627 1985 1680 si
2041 1625 2325 1679 adversam

748 1738 1023 1791 fortunam
1079 1740 1242 1794 nobis
1275 1740 1646 1794 commiserari
1674 1741 1822 1806 licet,
1873 1747 2108 1794 tortores
2134 1752 2323 1791 eorum

746 1861 896 1905 certe
926 1852 1052 1905 odio
1081 1852 1301 1917 habere,
1325 1853 1592 1908 malorum
1627 1852 1935 1906 daemonum
1967 1851 2090 1904 loco
2122 1864 2324 1918 ponere

748 1964 1076 2031 permissum
1137 1975 1244 2030 est,
1277 1964 1372 2034 qui
1427 1961 1678 2020 subditos
1733 1964 1874 2018 male
1907 1972 2142 2017 tractare
2173 1960 2328 2014 haud

746 2078 1105 2142 erubescunt,
1137 2079 1341 2132 nullam
1364 2077 1470 2132 sibi
1495 2076 1765 2132 rationem
1795 2073 2130 2128 reddendam
2161 2081 2324 2125 autu-

747 2197 930 2253 mant;
956 2202 1116 2244 versa
1140 2190 1285 2244 enim
1312 2191 1428 2244 vice
1455 2189 1811 2243 humaniores
1839 2202 1896 2242 se
1919 2202 1988 2240 ac
2014 2186 2328 2240 misericor-

752 2301 938 2356 diores
961 2309 1303 2371 prazstarent.
1329 2301 1501 2355 Parva
1537 2301 1687 2367 enim
1731 2309 1787 2354 et
1829 2315 2022 2369 parum
2057 2299 2322 2354 duratura

748 2423 878 2469 sunt
905 2431 1027 2484 qua:
1055 2414 1435 2470 fraudulenter
1463 2414 1637 2468 servis
1692 2413 1808 2468 suis
1837 2413 2050 2482 eripere
2083 2411 2322 2477 audent;

748 2530 983 2584 maxima
1013 2537 1195 2584 autem
1239 2537 1368 2583 sunt
1416 2528 1558 2582 bona
1595 2526 1797 2596 quibus
1827 2525 1927 2594 ipsi
1957 2525 2236 2588 excidunt,
2269 2535 2324 2580 et

749 2643 890 2700 mala
924 2657 1046 2710 quae
1075 2643 1130 2695 in
1167 2643 1396 2696 istorum
1418 2643 1598 2697 locum
1630 2639 1948 2706 succedent,
1980 2649 2036 2693 et
2061 2655 2182 2709 quae
2213 2654 2321 2693 non

749 2775 849 2829 per
897 2768 1111 2827 tempus
1141 2756 1363 2826 aliquod
1413 2756 1574 2808 ﬁxum
1611 2754 1909 2822 durabunt,
1939 2754 2032 2810 sed
2061 2764 2320 2808 aeternam

749 2874 916 2925 vitam
946 2869 1208 2932 reddent,
1251 2866 1397 2936 quod
1432 2875 1581 2922 certe
1620 2875 1881 2921 extrema:
1926 2849 2207 2922 felicitatis
2249 2866 2324 2920 si-

750 2999 917 3053 gnum
943 2993 1047 3046 est,
1072 2997 1194 3051 qua:
1218 2981 1448 3035 summis
1481 2979 1536 3032 in
1565 2979 1676 3034 Deo
1717 2978 1879 3034 bonis
1910 2978 2020 3033 lrui
2051 2977 2228 3042 dabit,
2265 2986 2323 3031 et

749 3097 1030 3152 doloribus
1059 3104 1225 3165 atque
1255 3096 1516 3152 aerumnis
1543 3096 1771 3160 liberat,
1805 3096 1861 3147 in
1907 3107 2046 3162 quas
2072 3091 2324 3147 homines

749 3209 995 3284 perversi
1019 3217 1076 3263 et
1104 3207 1357 3263 crudeles
1395 3208 1663 3262 incidunt.
1696 3206 1752 3262 Si
1779 3206 1927 3261 enim
1965 3206 2112 3260 Deus
2139 3207 2191 3260 ei
2228 3207 2323 3274 qui

753 3327 821 3379 de
849 3340 950 3379 suo
1003 3324 1136 3379 dare
1183 3323 1392 3393 aliquid
1434 3321 1687 3393 proximo
1723 3336 1836 3375 non
1873 3321 2008 3385 vult,
2042 3321 2325 3386 irascitur,

752 3443 1029 3512 quomodo
1053 3443 1207 3498 illum
1235 3441 1464 3497 habebit
1498 3439 1595 3509 qui
1629 3438 1785 3505 alios,
1816 3446 1876 3492 ut
1909 3437 2019 3504 l‘ur,
2052 3436 2250 3505 spoliat
2273 3446 2330 3490 et

755 3560 1022 3632 operariis
1071 3557 1382 3613 mercedem
1423 3564 1661 3623 recusat,
1707 3569 1820 3625 quo
1871 3552 2015 3609 nihil
2064 3551 2328 3623 injustius

757 3674 985 3747 reperiri
1023 3671 1243 3742 potest?

825 4590 918 4647 21.
977 4583 1245 4655 Equidem
1320 4593 1522 4635 censeo
1575 4573 1875 4642 unicuique
1951 4579 2197 4626 vestrum
2265 4565 2334 4620 ad

758 4717 899 4772 opus
951 4696 1170 4766 aliquod
1240 4709 1300 4749 se
1354 4692 1672 4747 accinctum
1725 4685 1836 4740 duo
1873 4684 2055 4737 inesse
2097 4678 2332 4739 debere,

757 4819 997 4892 primum
1029 4814 1171 4867 bona
1201 4820 1258 4864 et
1287 4810 1515 4863 honesta
1557 4817 1754 4872 capere
1777 4795 2006 4852 consilia
2035 4807 2136 4847 suo
2165 4790 2336 4860 ipsius

758 4924 982 4980 nomine
1005 4931 1059 4977 et
1092 4930 1321 4975 caeteros
1360 4918 1429 4972 ad
1454 4916 1599 4970 idem
1625 4909 1927 4973 cohortari,
1948 4917 2006 4962 et
2049 4906 2130 4960 sic
2182 4919 2335 4957 men-

760 5048 869 5094 tem
892 5045 947 5093 et
964 5035 1208 5090 animum
1237 5031 1304 5085 ad
1338 5032 1601 5084 honestas
1621 5023 1972 5094 operationes
1997 5031 2334 5087 provocare;

761 5154 961 5208 deinde
1009 5151 1076 5204 iis
1108 5164 1230 5218 quae
1274 5153 1402 5215 post
1437 5150 1711 5197 maturam
1758 5133 2212 5190 deliberationem
2245 5129 2339 5184 de-

761 5276 910 5321 creta
959 5272 1108 5327 sunt,
1154 5275 1350 5315 manus
1396 5256 1762 5311 industriosas
1810 5251 2070 5320 injicere,
2108 5259 2340 5314 seseque

760 5379 923 5436 laude
956 5378 1181 5447 dignum
1212 5373 1444 5429 reddere
1478 5368 1719 5439 expedit.
1777 5365 2014 5435 Legibus
2063 5364 2341 5431 obtempe-

774 5509 904 5550 rare
933 5504 990 5550 et
1023 5507 1192 5563 opera
1229 5489 1496 5560 perﬁcere
1525 5483 1858 5557 gratitudine
1881 5476 2283 5548 compensanda
2310 5490 2342 5529 c

765 5629 824 5670 re
893 5610 1030 5673 erit;
1084 5606 1412 5674 nullumque
1467 5599 1749 5669 injustitize
1789 5598 1968 5651 locum
2039 5592 2342 5647 concedere

768 5725 1036 5781 malarum
1071 5720 1349 5774 actionum
1383 5714 1545 5771 matri
1575 5725 1631 5768 et
1665 5710 1903 5766 fautrici.
1927 5710 2057 5779 Ejus
2078 5710 2156 5763 rei
2190 5707 2343 5762 testi-

2431 595 2588 662 λόγον
2623 594 2815 658 σῶζον,
2846 593 3049 661 μᾶλλον
3087 591 3143 644 δὲ
3189 591 3305 653 πῶς
3336 590 3436 642 οὐκ
3465 589 3668 642 ἀτοπον
3705 588 3800 639 καὶ
3831 587 4013 652 ὑπερ·

2430 685 2586 754 φυὲς,
2615 686 2743 745 τοὺς
2788 683 2885 752 μὲν
2927 680 3312 750 ταλαιπώρους
3363 681 3592 741 τούτους
3637 681 4015 746 κατατρύχειν

2429 777 2539 833 τοῖς
2568 771 2774 842 ἔργοις,
2811 770 2908 822 καὶ
2941 769 3107 840 μηδὲν
3139 770 3386 837 ἀνάγκης
3418 764 3832 836 μηδοπωστιοῦν
3860 766 4016 817 ἀνιές

2429 883 2542 927 ναι,
2570 863 2718 930 ,ἀλλὰ
2743 866 2837 916 καὶ
2866 861 3200 924 κονδυλίζειν
3236 861 3384 913 ἐστιν
3429 861 3518 912 ὅτε
3553 859 3648 911 καὶ
3679 857 3864 909 παίειν
3887 871 3902 886 ο
3934 850 4015 905 ὧν

2427 956 2483 1008 δὲ
2531 955 2691 1024 χάριν
2741 953 2991 1018 πονοῦσι,
3027 955 3103 1024 μὴ
3152 952 3307 1013 ταῦτ’
3359 953 3545 1012 αὐτοῖς
3601 950 3867 1018 παρέχειν
3915 949 4011 999 αἱ-

2431 1050 2660 1118 ρεῖσθαι,
2699 1048 2836 1099 ἀλλὰ
2868 1047 2973 1112 πρὸ
3009 1046 3108 1113 μὲν
3158 1043 3269 1096 τῶν
3305 1044 3481 1113 ἔργων
3523 1041 3752 1109 μισθοὺς
3799 1057 4015 1108 μνημοο

2430 1141 2605 1193 νεύειν
2652 1140 2746 1193 καὶ
2779 1139 3116 1206 καταθήσειν
3153 1138 3390 1203 φάσκειν
3427 1135 3682 1202 ἑτοίμως,
3717 1131 3916 1182 ἔπειτα
3951 1131 4012 1181 δὲ

2427 1233 2498 1294 ὡς
2553 1232 2888 1302 ἠδικηκότας
2946 1231 3141 1292 κενοὺς
3190 1229 3585 1296 ἀποπέμπεινς
3638 1224 3733 1286 οὖς
3783 1208 3847 1289 γε
3908 1225 4010 1273 καὶ

2431 1321 2595 1392 μηδέν
2640 1339 2695 1373 τι
2736 1321 2979 1374 τοιοῦτον
3002 1323 3070 1373 τὸ
3111 1307 3376 1389 παράπαν
3428 1317 3858 1385 ἐργαζομένους,
3891 1313 4013 1365 ἀλλ’

2429 1414 2560 1466 αὐτὸ
2590 1412 2750 1465 τοῦτο
2799 1413 2960 1482 μόνον
2993 1412 3159 1481 πενίᾳ
3189 1409 3493 1472 συζῶντας.
3525 1407 3585 1458 εὖ
3625 1408 3859 1472 πάσχειν
3898 1404 4008 1455 ὑπὸ

2427 1506 2535 1556 τῶν
2563 1505 2798 1573 ἐχόντων
2823 1503 3016 1574 ἐχρῆν,
3054 1504 3147 1556 καὶ
3184 1502 3262 1571 μὴ
3310 1499 3675 1569 περιοράσθαι
3702 1513 3718 1527 °
3769 1497 4014 1563 μάλιστα

2433 1597 2532 1663 μὲν
2575 1597 2663 1650 διά
2709 1597 2806 1665 τὴν
2839 1595 2983 1648 οὕτω
3012 1594 3346 1648 κελεύουσαν
3389 1591 3633 1660 ἐντολὴν,
3673 1591 3773 1658 οὐχ
3801 1591 4012 1657 ἣκιστα

2428 1689 2484 1740 δὲ
2521 1695 2613 1741 καὶ
2648 1689 2738 1740 διὰ
2781 1689 2882 1756 τὴν
2920 1684 3481 1755 ὲπαμφοτερίζουσαν
3529 1684 3790 1734 ἑκάστοτε
3836 1681 4014 1746 τύχην

2431 1785 2525 1832 καὶ⁴
2570 1781 2697 1842 τοὺς
2728 1779 2823 1831 τοῦ
2876 1780 2993 1848 βίου
3023 1777 3379 1847 στροϐίλουςο
3415 1779 3464 1828 οἱ
3495 1775 3588 1838 δὲ,
3621 1773 3761 1841 πρὸς
3788 1772 3867 1838 τῷ
3903 1787 4012 1838 μη-

2430 1871 2581 1933 δενός
2611 1888 2755 1931 τινος
2793 1869 3080 1933 ἀξιοῦσθαι
3111 1869 3382 1933 τοιούτου,
3423 1867 3521 1919 καὶ
3544 1859 3621 1918 ὧν
3653 1866 3794 1930 σφᾶς
3823 1860 4011 1927 ἀξιοῦ-

2434 1983 2518 2016 σιν
2562 1966 2611 2016 οι
2662 1960 2814 2016 πόνοὶ
2860 1964 2956 2016 καὶ
2999 1963 3062 2015 τὸ
3113 1958 3605 2028 ταλαιπωρεῖσθαι,
3653 1959 3748 2008 καὶ
3796 1955 4010 2006 τούτων

2431 2058 2584 2125 παρά
2616 2057 2829 2116 πάντας
2875 2056 3002 2117 τοὺς
3039 2055 3242 2122 νόμους
3286 2051 3715 2120 ἀποστεροῦνται
3771 2046 4011 2115 μισθῶν.

2431 2151 2596 2204 Ὅσον
2654 2146 2750 2202 οὖν
2778 2149 2990 2210 τούτοις
3023 2165 3084 2200 τε
3115 2147 3207 2198 καὶ
3249 2149 3361 2207 τοῖς
3407 2145 3582 2205 ἄλλως
3626 2137 4014 2207 ἀδικουμένοις

2431 2239 2794 2309 συνάχθεσθαι
2841 2239 2936 2292 καὶ
2986 2237 3276 2302 συναλγεῖν
3329 2234 3578 2294 ἅπαντας
3628 2232 3728 2296 δεῖ,
3781 2228 4016 2281 τοσοῦτο

2429 2335 2523 2388 καὶ
2566 2332 2644 2385 ἔτι
2679 2332 2882 2398 μᾶλλον
2933 2334 3042 2392 τοῖς
3081 2328 3290 2383 ἀδικεῖν
3341 2325 3714 2395 αἱρουμένοις,
3761 2319 4012 2388 ἀπεχθά-

2430 2425 2619 2478 νεσθαι
2661 2424 2755 2476 καὶ
2802 2424 3007 2491 μισεῖν,
3035 2423 3132 2473 καὶ
3163 2422 3303 2472 πάνυ
3350 2436 3432 2470 τοι
3467 2410 4014 2481 κακοδαιμονοῦντας

2427 2518 2507 2587 τῷ
2543 2519 2659 2571 ὄντι
2685 2517 2948 2587 νομίζειν,
2981 2515 3042 2567 ού
3079 2514 3239 2582 μόνον
3271 2507 3352 2573 οἷς
3384 2509 3527 2562 οὕτω
3558 2503 4014 2573 παρανομοῦντες

2428 2612 2530 2664 οὐκ
2564 2609 2937 2679 αἰσχύνονται,
2975 2606 3084 2660 οὐδ’
3115 2607 3324 2658 οἴονται
3351 2603 3509 2671 δίκην
3553 2597 3796 2665 ὑφέξειν,
3827 2592 3863 2664 ἦ
3899 2599 4013 2662 γὰρ

2427 2698 2493 2750 ἂν
2518 2696 2952 2766 κακουργοῦντες
2983 2693 3269 2754 ἐπαύοντο,
3291 2691 3426 2744 ἀλλά
3455 2688 3551 2740 καὶ
3573 2679 3654 2747 οἷς
3687 2685 3791 2736 ούκ
3819 2684 4010 2751 ἔχουσι

2430 2789 2660 2858 ξυνορᾷν
2689 2803 2701 2817 ο
2733 2787 2806 2848 ὠς
2843 2785 2877 2838 ἃ
2923 2785 3023 2854 μὲν
3070 2784 3166 2835 νῦν
3203 2781 3480 2851 ἁρπάζειν
3521 2777 3615 2831 καὶ
3661 2775 4014 2827 πλεονεκτεῖν

2427 2882 2629 2934 οῖονται
2674 2881 2806 2944 δεῖν,
2832 2878 3010 2930 ταῦτα
3047 2876 3229 2928 πάντα
3270 2873 3440 2941 μικρά
3487 2872 3548 2922 τέ
3591 2872 3733 2931 ἐστι,
3768 2869 3864 2919 καὶ
3909 2867 4012 2917 οὐκ

2428 2976 2507 3036 είς
2539 2975 2685 3025 ἅπαν
2727 2969 3026 3039 μενοῦνταο
3058 2959 3134 3020 ὧν
3172 2965 3218 3018 δ’
3265 2961 3439 3016 ἔπειτ’
3480 2959 3702 3028 ἀγαθῶν
3733 2958 3820 3010 διά
3854 2953 4013 3008 ταῦτ’

2429 3061 2813 3123 ἐκπεσοῦνται,
2867 3060 2965 3110 καὶ
3019 3051 3102 3118 οἷς
3165 3054 3221 3118 ἐξ
3275 3053 3528 3120 ἀνάγκης
3574 3047 4010 3118 περι-πεσοῦνται

2352 3159 2395 3218 C
2427 3157 2645 3217 δεινοῖς,
2675 3152 2830 3204 ταῦθ’
2878 3151 3024 3204 οῦτω
3055 3150 3154 3217 μὲν
3186 3149 3308 3200 ἔστι
3352 3145 3608 3215 μέγιστα,
3642 3143 3718 3203 ὼς
3771 3140 3895 3210 μηδ’
3928 3143 4013 3191 εξ-

2431 3251 2598 3304 κάσαι
2641 3248 2702 3300 τὸ
2748 3245 3011 3314 παράπαν
3053 3242 3274 3306 ἐξεῖναι,
3316 3241 3389 3308 μή
3438 3239 3490 3290 τί
3522 3253 3586 3303 γε
3623 3236 3833 3303 φάναι·
3866 3233 4014 3284 οὕτω

2429 3341 2485 3393 δὲ
2532 3339 2681 3392 κατά
2735 3336 2938 3398 παντὸς
2987 3335 3201 3386 ἵσταται
3260 3331 3474 3401 χρόνου,
3520 3328 3596 3388 ὡς
3648 3323 4013 3397 μηδηντινοῦν

2430 3432 2682 3502 δέχεσθαι
2722 3429 2896 3497 λῆξιν,
2926 3426 3042 3480 ἀλλ’
3091 3428 3172 3487 εἰς
3215 3424 3525 3492 ἀπέραντον
3573 3421 3752 3489 ἥκειν,
3782 3418 3879 3470 καὶ
3910 3417 4011 3486 τὴν

2431 3521 2688 3590 τελευτὴν
2719 3520 2892 3587 ῖσχειν
2939 3516 3210 3570 ἀθάνατον
3230 3530 3244 3543 ·
3276 3515 3337 3566 οὐ
3391 3513 3498 3582 μὴν
3525 3513 3659 3564 ἀλλά
3689 3510 3784 3561 καὶ
3810 3509 3870 3560 τὸ
3915 3524 4012 3558 τυ-

2432 3615 2550 3684 χεῖν
2583 3607 2934 3678 ἀμφοτέρων,
2963 3605 3024 3657 τὸ
3061 3604 3160 3673 μὲν
3199 3602 3347 3655 ἐστιν
3379 3601 3618 3669 ἐσχάτης
3663 3598 4010 3665 εὐδαιμονίας

2433 3702 2530 3755 καὶ
2566 3700 2685 3759 οῖας
2737 3697 2863 3758 τοὺς
2899 3694 2987 3746 διὰ
3028 3692 3380 3763 χρηστότητα
3429 3690 3646 3758 τρόπων
3702 3689 3840 3755 μετὰ
3870 3686 4011 3739 Θεοῦ

2427 3791 2798 3860 τεταγμένους
2829 3786 3129 3840 ἀπολαύειν
3158 3784 3328 3847 εἰκὸς,
3355 3784 3418 3835 τὺ
3447 3783 3491 3833 δ’
3525 3781 3834 3850 ἀφορήτους
3861 3778 4010 3844 ἔχειν

2433 3886 2529 3939 καὶ
2573 3884 2872 3953 ὑπερφυεῖς
2918 3880 3017 3941 τὰς
3065 3878 3287 3939 ὀδύναςο
3320 3877 3414 3929 καὶ
3459 3878 3595 3927 πᾶσι
3633 3874 3734 3942 μέν
3785 3889 3844 3938 γε
3893 3873 4010 3932 τοῖς

2432 3978 2606 4048 κακίᾳ
2644 3975 2901 4039 συξῶσιν,
2933 3973 3036 4041 οὐχ
3078 3971 3282 4039 ἥκιστα
3322 3968 3378 4020 δὲ
3424 3967 3520 4020 καὶ
3556 3968 3665 4026 τοῖς
3696 3965 3902 4017 ἀδικεῖν
3932 3966 4015 4015 αἱ-

2437 4070 2742 4140 ρουμένοις.
2774 4066 2839 4118 Εἰ
2865 4064 2973 4132 γάρ
3015 4061 3093 4130 τῷ
3139 4061 3214 4129 μὴ
3247 4059 3358 4112 τῶν
3387 4058 3606 4110 οἰκείων
3661 4055 4013 4124 μεταδιδόντι

2435 4159 2572 4228 τιμᾷ
2626 4156 2736 4209 τῶν
2783 4155 3030 4224 ἐσχάτων
3077 4152 3232 4214 Θεὸς,
3277 4150 3358 4221 τῷ
3405 4151 3504 4202 καὶ
3548 4148 3618 4201 τὰ
3665 4148 3774 4200 τῶν
3835 4146 4016 4199 ἄλλων

2433 4247 2849 4316 ἀφαιρουμένῳ.
2891 4247 2989 4298 καὶ
3038 4244 3164 4305 τοὺς
3216 4242 3328 4295 τῶν
3385 4241 3564 4293 πόνων
3617 4237 4017 4307 ἀποστεροῦντι

2439 4342 2688 4412 μισθοὺς,
2719 4338 2748 4390 ὃ
2793 4337 3046 4408 μείζονος
3075 4334 3295 4396 ἀδικίας
3335 4334 3456 4386 ἐστὶ
3482 4331 3796 4400 γνώρισμα,
3831 4331 3885 4382 τί
3923 4332 4018 4382 καὶ

2433 4435 2702 4506 χρήσεται
2723 4448 2738 4495 ;

2510 4529 2616 4578 ια’.
2655 4521 2930 4590 Ἥγοῦμαι
2975 4519 3020 4571 δ’
3051 4517 3268 4585 ἑκάστῳ
3311 4514 3363 4580 γ’
3398 4511 3554 4583 ὑμῶν
3597 4514 3705 4564 τῶν
3753 4510 4022 4578 πράττειν

2438 4617 2619 4670 ὁτιοῦν
2645 4614 3045 4685 ἐγχειρούντων
3079 4611 3172 4663 δύο
3222 4607 3379 4662 ταῦτ’
3432 4605 3492 4671 ἐξ
3523 4605 3768 4671 ἀνάγκης
3819 4604 4019 4672 χρῆναι

2439 4706 2978 4780 προσεῖναιοπρῶτον
3003 4704 3100 4771 μὲν
3123 4702 3182 4754 τὸ
3206 4697 3558 4768 βουλεύεσθαι
3587 4697 3770 4759 καλῶς
3798 4696 3893 4748 καὶ
3921 4696 4023 4746 αὖ.

2439 4803 2530 4856 τὸν
2548 4802 2634 4869 ἐρ’
2652 4799 2850 4852 ἑαυτοῦ
2875 4796 2969 4850 καὶ
2997 4796 3092 4847 σὺν
3113 4793 3316 4856 ἄλλοις,
3337 4791 3384 4842 εξ
3404 4789 3597 4841 τούτου
3625 4788 3833 4854 δεήσει’
3858 4786 4021 4837 τοῦτο

2439 4897 2483 4948 δ’
2506 4896 2572 4948 ἂν
2597 4895 2681 4963 εἴη
2704 4893 2763 4944 τὸ
2784 4893 2846 4944 οὐ
2869 4891 3029 4959 μόνον
3058 4888 3244 4939 πᾶσαν
3269 4881 3520 4953 ἡντινοῦν
3552 4879 3695 4949 ὑπὲρ
3723 4879 3816 4931 τοῦ
3851 4879 4023 4931 καλοῦ

2440 4993 2536 5042 καὶ
2574 4987 2784 5040 δικαίου
2821 4983 3050 5050 γνώμην
3097 4979 3289 5035 κινεῖν.
3328 4975 3465 5026 ἀλλά
3519 4975 3610 5025 καὶ
3656 4974 3756 5033 τάς
3806 4973 4024 5038 ψήφους

2440 5081 2548 5132 τῶν
2579 5075 2923 5145 πραγμάτων
2964 5072 3071 5122 ἀπὸ
3099 5068 3194 5121 τοῦ
3238 5067 3421 5126 τέλους
3464 5065 3671 5118 ἐθέλειν
3703 5063 3981 5115 ποιεῖσθαι
4006 5079 4021 5093 ο

2440 5171 2633 5222 ἔπειτα
2656 5167 2718 5218 τὸ
2748 5166 2860 5226 τοῖς
2883 5162 3058 5229 ὀρθῶς
3089 5157 3534 5228 βεϐουλευμένοις
3569 5155 3849 5220 ἐπιμελῶς
3881 5155 4024 5217 ἄγαν

2442 5264 2536 5316 καὶ
2559 5257 2864 5317 σπουδαίως
2899 5250 3283 5323 προσκεῖσθαι,
3323 5250 3417 5302 καὶ
3455 5249 3564 5316 ὅλῳ
3611 5264 3676 5314 γε
3720 5247 3817 5297 καὶ
3853 5249 4018 5298 παντὶ

2441 5354 2573 5423 δρᾷν
2605 5350 2683 5420 τῷ
2725 5347 2901 5416 θυμῷ,
2928 5346 3003 5406 ὡς
3054 5345 3119 5396 ἂν
3159 5344 3251 5394 καὶ
3287 5339 3587 5409 κατορθοῦν
3641 5339 3801 5406 ἔχητε
3846 5339 4022 5406 ῥᾷστα

2443 5448 2533 5500 καὶ
2572 5442 2865 5510 τυγχάνειν
2919 5437 3160 5488 ἐπαίνων
3190 5450 3204 5464 ο
3242 5434 3302 5484 τὸ
3345 5433 3446 5500 μὲν
3479 5431 3567 5485 διά
3598 5431 3660 5482 τὸ
3688 5433 3803 5492 τοῖς
3834 5431 4022 5497 νόμοις

2445 5537 2704 5605 ἐμμένειν
2754 5530 3065 5600 βούλεσθαι,
3095 5528 3156 5579 τὸ
3183 5526 3241 5579 δὲ
3275 5524 3380 5592 τῆς
3403 5524 3537 5592 περὶ
3578 5525 3647 5575 τά
3687 5523 3829 5590 ἔργα
3859 5525 4020 5591 χάριν

2446 5628 2712 5695 σπουδῆς·
2760 5625 2834 5682 ὡς
2889 5623 2949 5673 τό
2999 5638 3062 5688 γε
3112 5618 3234 5671 καθ’
3261 5620 3521 5685 ὁπότερον
3573 5616 3782 5668 τούτων
3825 5614 4018 5673 ἐνδεῖν,

2445 5724 2537 5775 καὶ
2565 5718 2775 5771 ἀδικίαν
2807 5717 3115 5784 προσεῖναι,
3146 5712 3246 5762 οὐκ
3283 5709 3491 5776 ἀγαθάς
3541 5708 3652 5760 οὐδ’
3689 5708 4020 5772 ἑπαινουμὲο

774 5837 1018 5898 monium
1080 5833 1368 5907 perhibent
1419 5829 1782 5888 Athenienses
1824 5827 1913 5896 qui
1949 5825 2093 5880 bello
2141 5822 2332 5876 Medic:

2443 5833 2534 5878 νας
2568 5811 2737 5894 tam?)
2776 5805 3185 5887 παρασκευάζει
3221 5805 3315 5864 τὰς
3365 5802 3612 5882 πράξεις.
3649 5801 3947 5868 Μάρτυρες
3976 5799 4018 5849 δ’
