4212 6430
256 405 366 468 537

1164 409 1452 469 ORATIO
1495 411 1592 470 DE
1633 411 2145 478 SUBDlTORUM
2189 416 2542 479 OFFICIIS.

3408 419 3524 488 538

256 530 466 597 ἀμφοῖν
507 527 780 597 Ἀθηναῖοι
809 529 868 579 ὲν
918 528 996 598 τῷ
1044 530 1274 599 Μηδικῷ
1317 531 1559 600 πολέμῳ,
1591 534 1730 600 μετὰ
1758 534 1819 585 δι⁴

1937 531 2232 592 fortissime
2263 537 2556 606 pugnando
2588 535 3036 606 praclarissimas
3077 545 3202 606 post
3227 509 3514 594 hominum

257 621 562 690 καιοσύνης
605 622 700 673 καὶ
729 620 1044 690 προθυμίας
1082 625 1399 692 ὑπερφυοῦς
1447 623 1711 678 κάλλιστα
1740 626 1836 678 ἁν-

255 712 497 783 θρώπων
544 712 764 766 πάντων
810 715 1214 783 ἠγωνισμένοι,
1279 717 1370 768 καὶ
1418 716 1516 780 τὰς
1572 720 1838 788 μεγίστας

253 804 352 856 καὶ
411 804 736 868 θαυμαστὰς
785 806 894 856 τῶν
950 807 1208 859 ἁπάντων
1255 809 1451 860 πασῶν
1483 811 1586 861 οὐκ
1618 812 1676 862 ὲν
1721 816 1835 873 τοῖς

251 896 574 962 ἔμπροσθεν
633 896 812 963 μόνον,
848 898 985 950 ἀλλὰ
1029 900 1128 950 κάν
1172 903 1285 962 τοῖς
1332 900 1522 952 ἔπειτα
1581 903 1834 970 χρόνοις,

251 987 556 1060 προσθήσω
585 987 641 1038 δὲ
668 989 761 1039 καὶ
791 989 881 1040 τὸν
911 989 1107 1041 ἅπαντ’
1149 990 1320 1042 αἰῶνα
1355 993 1511 1054 νίκας
1557 995 1836 1064 ἀνῃρημέ-

247 1097 329 1128 νοι
355 1097 370 1109 ο
407 1080 565 1132 τοῦτο
591 1080 633 1131 δ’
662 1083 756 1132 ἐπὶ
779 1083 886 1132 τῶν
914 1083 1215 1136 Σικελικῶν
1238 1088 1304 1136 τὰ
1332 1086 1551 1138 πάντων
1574 1088 1833 1156 αῐσχιστα

249 1170 342 1223 διὰ
391 1175 489 1241 τὴν
532 1177 625 1226 τοῦ
678 1177 1115 1242 στρατηγοῦντος
1165 1177 1417 1241 νωθείαν,
1468 1181 1565 1233 καὶ
1608 1183 1832 1250 προσέτι

249 1264 406 1328 σφῶν
460 1265 638 1316 αὐτῶν
704 1265 1021 1331 πλεονεξίαν
1079 1269 1458 1337 ἡτυχηκότες’
1520 1272 1615 1324 καὶ
1675 1271 1832 1324 ταῦθ’

247 1354 396 1408 οῦτω
440 1358 680 1425 πλήθους
724 1359 820 1410 καὶ
875 1344 1148 1425 μεγέθουξ
1191 1362 1552 1430 παρασκευῆς
1587 1363 1827 1430 ἔχοντες,

246 1448 325 1509 ῶς
368 1450 461 1500 καὶ
499 1451 598 1514 τῆς
648 1450 918 1519 Εὐρώπης
963 1453 1183 1520 ἁπάσης
1213 1452 1467 1506 ἐντεῦθεν
1507 1455 1573 1507 ἂν
1610 1472 1832 1524 περιγε-

245 1541 438 1593 νέσθαι
470 1542 674 1595 δοκεῖν.
707 1543 770 1596 Ei
802 1545 982 1597 τοίνυν
1011 1546 1046 1598 ἃ
1096 1547 1358 1613 πράττειν
1387 1549 1654 1614 αἱρεῖσθε,
1674 1550 1829 1603 ταῦθ’

241 1632 318 1693 ὡς
355 1634 622 1686 κάλλιστα
655 1633 804 1702 ἔχειν
832 1636 1101 1703 αἱρεῖσθε,
1134 1638 1229 1689 καὶ
1263 1638 1401 1706 πρὸς
1437 1639 1591 1707 ὑμῶν
1627 1641 1826 1708 μᾶλλον

242 1722 277 1790 ἢ
329 1725 451 1775 καθ’
498 1725 671 1792 ὑμῶν,
704 1723 787 1787 οἷς
830 1727 969 1796 ἔφην
999 1728 1142 1781 οὕτω
1184 1730 1468 1799 χρηστέον,
1495 1731 1571 1793 ὡς
1620 1735 1827 1802 ταύτην

241 1816 508 1869 ἑκάστοτε
538 1817 732 1881 σώζειν
763 1820 861 1888 τὴν
884 1821 1056 1887 τάξιν.
1098 1823 1159 1874 ΕΞ
1193 1822 1293 1890 μὲν
1319 1825 1426 1891 γάρ
1469 1827 1528 1877 ὲν
1565 1827 1668 1893 ῐσῳ
1711 1831 1824 1891 τοῖς

1941 649 2259 702 memoriam
2303 652 2562 705 victorias
2611 658 3001 720 reportatum;
3041 665 3220 722 quas,
3275 661 3334 706 ut
3381 653 3520 709 nihil

1938 766 2209 832 omittam,
2268 767 2568 822 fmdissima
2631 769 2683 821 in
2737 766 2923 822 Sicilia
2980 767 3167 822 clades
3228 767 3299 823 ob
3353 768 3521 837 primi

1940 886 2174 939 militum
2203 886 2359 941 ducis
2391 885 2664 956 ignaviam
2714 895 2772 939 et
2811 884 3060 954 ipsorum
3087 884 3256 939 malas
3299 883 3522 955 cupidi-

1938 1008 2076 1052 tates
2101 1010 2287 1053 secuta
2320 1010 2438 1064 est;
2476 1000 2729 1067 quamvis
2778 1008 2910 1052 tunc
2942 997 3182 1052 maxime
3231 997 3517 1054 hominum

1935 1114 2289 1168 multitudine
2313 1125 2367 1167 et
2421 1114 2619 1182 opibus
2647 1113 2713 1166 ad
2757 1111 2961 1166 bellum
2999 1111 3299 1181 gerendum
3333 1129 3522 1168 neces-

1933 1232 2092 1286 sariis
2112 1245 2329 1285 omnem
2350 1228 2628 1296 Europam
2648 1225 2816 1280 armis
2846 1226 3140 1296 subjugare
3169 1240 3330 1295 posse
3366 1226 3520 1280 vide-

1932 1355 2140 1398 rentur.
2184 1342 2563 1412 Quodcunque
2616 1340 2783 1408 igitur
2833 1337 3016 1393 facere
3062 1339 3517 1410 vobis.proposi-

1933 1469 2045 1512 tum
2075 1470 2178 1520 est,
2219 1459 2292 1511 ita
2339 1455 2499 1510 facile
2549 1463 2610 1510 ut
2643 1455 2822 1508 bonus
2871 1452 2996 1507 inde
3032 1453 3154 1508 finis
3211 1457 3516 1522 proveniat.

1931 1575 1984 1629 Si
2018 1575 2164 1628 enim
2199 1573 2499 1627 bestiarum
2525 1585 2678 1625 more
2697 1570 2906 1626 nullius
2927 1569 3006 1623 rei
3034 1585 3226 1624 curam
3251 1569 3520 1626 habentes

1930 1686 2102 1756 ignari
2153 1683 2472 1738 sederemus
2526 1680 2868 1751 temporique
2925 1680 3240 1736 indolenter
3293 1680 3520 1736 cedere-

1929 1813 2072 1864 mus,
2138 1798 2271 1851 nihil
2332 1812 2465 1851 sane
2512 1794 2924 1865 perficeremus.
2974 1792 3124 1849 Huic‘
3171 1794 3337 1864 igitur
3373 1796 3518 1850 male

240 1909 461 1973 ἀλόγοις
511 1912 836 1978 γεγόναμεν.
859 1913 934 1976 ὡς
986 1915 1082 1967 καὶ
1127 1889 1428 1983 φροντίδων
1469 1889 1819 1988 ἀπηλλάχθαι

1931 1911 2202 1966 reinederi
2249 1925 2350 1963 nos
2374 1908 2703 1977 oportetqui
2740 1907 2809 1962 de
2865 1906 3032 1963 rebus
3086 1905 3430 1962 deliberandi
3459 1920 3518 1964 et

236 2000 524 2066 καθάπαξ,
555 2006 652 2055 καὶ
693 2007 922 2072 μηδενὸς
949 2008 1174 2060 ὁτουοῦν
1204 2009 1314 2060 τῶν
1352 2010 1609 2063 ἁπάντων
1639 2012 1824 2079 μέλειν

238 2093 394 2158 ὑμῖν,
434 2095 551 2146 ἀλλ’
582 2096 772 2160 ἁπλῶς
803 2098 947 2150 οὓτω
984 2100 1262 2168 καθῆσθαι
1307 2105 1420 2165 τοῖς
1465 2105 1822 2174 ἐπιτυχοῦσιν

236 2181 542 2249 χρώμενοι,
570 2185 671 2237 οὐκ
698 2186 764 2237 ἂν
797 2188 1018 2255 εἴχομεν
1049 2189 1351 2257 πράγματα
1373 2207 1388 2221 ⁶
1419 2191 1732 2262 ἀνθρώποις
1762 2197 1821 2248 δὶ

232 2274 362 2328 οὖσι
395 2278 489 2328 καὶ
510 2277 820 2344 λογίζεσθαι
847 2283 1136 2347 πεφυκόσι,
1163 2285 1260 2335 καὶ
1284 2285 1380 2336 τοῦ
1417 2284 1824 2350 λυσιτελοῦντος

233 2370 298 2430 ὲς
327 2372 412 2422 ἀεὶ
446 2372 706 2437 πρόνοιαν
741 2374 936 2442 ῖσχειν,
971 2375 1180 2429 τούτων
1220 2377 1349 2448 ὑμῖν
1377 2379 1487 2429 τῶν
1515 2382 1824 2450 φαρμάκων

234 2462 460 2526 πάντως
499 2465 619 2515 δεῖ·
655 2466 779 2518 ὅθεν
805 2469 906 2518 οὐκ
944 2467 1013 2520 ἄν
1051 2485 1141 2537 μοι
1177 2468 1390 2523 δοκεῖτε
1425 2471 1521 2523 τοῦ
1547 2473 1822 2544 ποθουμέ-

237 2572 333 2606 νου
361 2558 706 2626 διαμαρτεῖν,
724 2559 841 2611 ἀλλ’
861 2559 1052 2613 ἔσεσθε
1085 2562 1186 2629 μὲν
1211 2565 1269 2625 ἐς
1295 2564 1383 2616 ἀεὶ
1402 2567 1820 2635 κατορθοῦντες.

239 2647 345 2700 Ἠν
363 2651 408 2703 δ’
432 2651 540 2719 ἄρα
562 2652 695 2704 ποτὲ
717 2653 786 2705 τά
816 2654 1103 2723 πράγμαθ’
1129 2657 1260 2723 ὑμῖν
1289 2657 1385 2708 καὶ
1406 2660 1556 2726 παρὰ
1586 2659 1645 2710 τὸ
1673 2661 1823 2723 είκὺς

235 2743 536 2814 ἀπαντήσῃ
575 2746 670 2797 καὶ
705 2746 815 2798 τῶν
841 2747 1076 2801 ἐλπίδων
1108 2751 1408 2819 ἐκπέσητε,
1441 2751 1601 2817 ὑμεῖς
1633 2752 1691 2804 δὲ
1724 2753 1824 2806 καὶ

235 2833 417 2896 οὓτως
462 2836 616 2886 οὐδὲν
648 2831 814 2907 ἧττον
867 2837 1056 2891 ἔσεσθε
1102 2840 1524 2908 κατορθοῦντες,
1559 2842 1637 2911 τῷ
1689 2845 1822 2896 κάλ-

232 2925 398 2978 λιστα
442 2930 540 2980 καὶ
581 2930 652 2991 ὡς
686 2932 856 3000 ἐχρῆν
902 2932 1030 3000 περὶ
1063 2933 1247 2984 αὐτῶν
1279 2932 1697 3001 βεϐουλεῦσθαι,
1727 2937 1821 2988 καὶ

237 3021 411 3089 μηδὲν
435 3037 487 3073 τι
516 3023 626 3075 τῶν
652 3026 879 3078 εἰκότων
909 3025 1282 3079 ὲλλελοιπέναι
1311 3028 1510 3084 δοκεῖν.

308 3113 415 3180 κβ’.
452 3116 516 3167 Ὃ
546 3114 602 3166 δέ
650 3133 717 3184 με
752 3117 990 3186 πρόσθεν
1032 3118 1298 3183 διέλαθεν,
1339 3121 1436 3174 νῦν
1480 3123 1527 3174 δ’
1570 3118 1709 3194 ἧκεν
1738 3129 1822 3188 είς

1932 2024 2349 2080 commodorum
2377 2032 2692 2078 nostrorum
2719 2024 2992 2076 rationem
3025 2019 3252 2075 ineundi
3282 2021 3517 2076 faculta-

1934 2152 2041 2197 tem
2075 2142 2361 2205 habemus,
2393 2148 2450 2194 et
2472 2138 2525 2194 id
2565 2137 2713 2208 quod
2748 2137 3028 2193 tendimus
3053 2136 3430 2192 obtinebimus
3458 2144 3518 2192 et

1929 2272 2054 2312 eum
2088 2255 2327 2309 secunda
2361 2253 2579 2309 fortuna
2616 2253 2882 2307 vivemus.
2915 2251 2972 2305 Si
3004 2258 3248 2306 econtra
3296 2264 3384 2304 res
3407 2249 3512 2304 li-

1928 2387 2035 2426 nus
2060 2370 2200 2426 bene
2224 2368 2526 2425 succedent
2547 2375 2602 2422 et
2624 2367 2670 2423 si
2702 2365 2850 2437 quod
2892 2364 3200 2436 sperabatis
3251 2380 3358 2417 nun
3385 2378 3513 2418 eve-

1929 2483 2032 2550 nit,
2055 2498 2152 2537 vos
2178 2482 2248 2536 ob
2283 2480 2338 2534 id
2365 2496 2475 2536 non
2507 2480 2663 2536 vobis
2693 2479 2941 2542 deeritis,
2971 2487 3030 2532 et
3069 2476 3207 2530 nihil
3248 2478 3514 2531 omiuetis

1929 2613 2030 2666 pro
2081 2598 2226 2652 virili
2265 2605 2421 2668 parte
2458 2596 2606 2668 quod
2636 2610 2728 2652 res
2761 2593 3085 2664 desperatus
3133 2593 3510 2663 redintegrare

1928 2716 2129 2773 valeat.

1999 3131 2089 3185 22.
2113 3131 2268 3198 Quod
2290 3145 2381 3186 me
2418 3129 2596 3201 pridie
2621 3127 2856 3198 fugerat.
2891 3118 3000 3196 jam
3052 3125 3107 3180 in
3151 3132 3388 3178 mentem
3425 3136 3510 3176 re-

237 3207 485 3274 μνήμην,
518 3209 815 3273 ἀναγκαῖον
856 3209 913 3261 δὲ
961 3213 1074 3272 τοῖς
1118 3214 1436 3281 εἰρημένοις
1475 3217 1813 3286 προσθεῖναι,

1929 3248 2113 3312 venit;
2143 3260 2337 3316 quare,
2374 3243 2520 3314 quod
2548 3242 2766 3313 publico
2794 3255 2918 3296 esse
2945 3239 3234 3296 commodo
3264 3237 3506 3301 videtur,

229 3301 334 3352 ἆτε
361 3299 595 3365 μάλιστα
628 3300 850 3352 πάντων
873 3301 1184 3368 ἀνθρώποις
1209 3305 1512 3372 προσῆκον,
1542 3305 1689 3359 τοῦτ’
1714 3310 1813 3379 ἤδη

231 3393 396 3445 δώσω
437 3392 513 3461 τῷ
555 3392 700 3462 λόγῳ
727 3409 742 3422 ·
797 3396 921 3464 ἐμοὶ
961 3396 1070 3465 γὰρ
1115 3397 1246 3450 ἔνιοι
1281 3398 1390 3451 τῶν
1435 3402 1690 3469 πατέρων
1730 3403 1818 3454 δο-

229 3486 448 3547 κοῦσιν,
477 3483 558 3549 οἷς
588 3487 687 3554 μὲν
723 3487 922 3554 μᾶλλον
952 3490 1133 3540 αὐτῶν
1169 3491 1347 3555 φιλεῖν
1373 3493 1662 3558 νομίζουσι
1687 3495 1816 3557 τοὺς

230 3582 393 3640 υἱεῖς,
428 3581 521 3631 καὶ
573 3581 825 3652 στέργειν
882 3582 1024 3651 ὑπὲρ
1079 3585 1180 3646 τὰς
1226 3585 1377 3652 σφῶν
1409 3587 1673 3652 κεφαλὰς,
1711 3607 1818 3640 πα-

226 3673 410 3740 τέρων
433 3675 652 3739 ἀγαθῶν
681 3674 755 3736 ὡς
787 3675 1001 3742 ἀληθῶς
1035 3676 1196 3746 ἔργον
1223 3680 1404 3731 ποιεῖν
1427 3695 1442 3710 ο
1485 3675 1567 3741 οἷς
1611 3681 1669 3732 δὲ
1708 3682 1815 3734 τῶν

233 3762 341 3829 μὲν
365 3763 543 3814 ἄλλων
569 3763 850 3825 ἁπάντων,
873 3756 946 3814 ὧν
979 3763 1022 3816 δ’
1062 3758 1249 3827 aduri;
1282 3765 1523 3832 μάλιστα
1548 3769 1648 3830 δεῖ,
1686 3771 1814 3823 τού-

228 3873 344 3906 των
375 3856 475 3907 οὐκ
510 3855 696 3919 ἀξιοῦν
727 3857 930 3916 αὐτοὺς
956 3858 1161 3909 οἴονται
1187 3857 1318 3921 δεῖν,
1355 3860 1417 3910 οὐ
1445 3860 1606 3925 μόνον
1632 3863 1816 3915 αὐτῶν

227 3949 290 4008 ἐξ
329 3946 586 4015 ἡμισείας
633 3949 962 4015 φροντίζειν,
990 3950 1126 4001 άλλά
1165 3951 1298 4019 μηδὲ
1347 3950 1526 4018 φιλεῖν
1571 3954 1710 4018 ὅλως
1738 3956 1815 4018 ὠς

227 4039 314 4088 δεῖ
351 4039 552 4100 παῖδας
593 4040 793 4091 εἰδέναι
821 4039 918 4091 τοῦ
961 4043 1181 4093 πάντων
1215 4043 1477 4109 μεγίστου
1516 4047 1613 4098 καὶ
1650 4063 1814 4099 σπου-

228 4132 520 4183 δαιοτάτου
551 4133 649 4183 καὶ
678 4133 821 4184 κατὰ
851 4133 1013 4200 φύσιν
1057 4134 1376 4205 ἀνθρώποις
1409 4137 1649 4206 ἔχοντος,
1684 4143 1815 4193 τοῦ·

223 4239 360 4284 τους
391 4223 861 4289 ἀποστεροῦντεςο
894 4227 1198 4293 χρημάτων
1241 4228 1342 4294 μὲν
1375 4230 1484 4297 γὰρ
1516 4230 1684 4296 δγκον
1715 4233 1813 4286 καὶ

226 4315 440 4381 πλῆθος
479 4316 780 4384 κτημάτων
830 4318 926 4369 καὶ
980 4317 1192 4386 πλέθρα
1237 4320 1343 4386 γῆς
1365 4323 1496 4373 τόσα
1540 4323 1635 4375 καὶ
1677 4326 1812 4378 τόσα

228 4406 331 4458 καὶ
357 4408 588 4474 προσέτι
615 4407 972 4459 παντοδαπῶν
999 4407 1365 4477 βοσκημάτων
1393 4413 1616 4478 ἀγέλας,
1641 4415 1812 4468 ταῦτα

231 4497 334 4565 μὲν
366 4498 513 4549 δπωτ
542 4499 698 4549 παισὶ
729 4499 1100 4561 καταλίποιεν,
1135 4501 1314 4553 πάντα
1341 4503 1588 4556 ποιοῦσιν
1616 4522 1629 4536 ·
1664 4507 1811 4571 ὃπως

227 4589 284 4640 δὲ
315 4589 411 4639 καὶ
452 4589 700 4647 παιδείας
753 4589 846 4641 καὶ
893 4590 1066 4655 λόγων
1107 4591 1444 4661 ἐργάσαιντο
1490 4601 1803 4665 κοινωνοὺς,
1839 4599 1884 4657 D

227 4681 328 4733 καὶ
368 4681 504 4748 πρὸς
539 4683 640 4748 τὴν
672 4681 902 4733 ἁπασῶν
931 4683 1134 4751 ταύτην
1175 4684 1469 4755 καλλίστην
1501 4693 1592 4741 καὶ
1643 4707 1812 4744 σπον-

225 4774 522 4840 δαιοτάτην
567 4775 635 4825 τὰ
687 4773 901 4840 μέγιστ’
948 4775 1132 4836 αὐτοῖς
1195 4778 1523 4844 συνάραιντο
1589 4782 1806 4851 κτῆσιν,

223 4865 294 4916 δι’
325 4859 390 4934 ἦς
428 4867 606 4917 πάντα
649 4867 748 4932 μὲν
792 4865 965 4918 ταῦτα
992 4869 1085 4918 καὶ
1132 4868 1329 4930 σώζειν
1377 4871 1471 4920 καὶ
1517 4874 1810 4938 συναύξειν

224 4958 443 5020 ἕξουσιν
481 4959 655 5022 ἐσαεὶ,
685 4959 842 5012 αὐτοὶ
887 4959 944 5011 δὲ
972 4959 1068 5011 καὶ
1103 4959 1255 5025 σφῶν
1289 4961 1472 5013 αὐτῶν
1512 4965 1607 5017 καὶ
1644 4967 1810 5019 πατέ-

228 5066 342 5117 ρων
371 5046 511 5100 εἶναι
539 5049 786 5117 βελτίους
807 5065 820 5078 ·
855 5051 953 5104 καὶ
984 5052 1172 5119 φίλους
1207 5057 1306 5124 μὲν
1337 5055 1587 5125 ὠφελεῖν,
1620 5057 1717 5118 τὰς
1754 5057 1807 5109 δὲ

222 5137 407 5188 αὐτῶν
434 5139 702 5202 πατρίδας
747 5142 806 5191 ὲν
857 5139 936 5208 τῷ
969 5146 1308 5213 παρασχόντι
1349 5149 1524 5198 ποιεῖν
1555 5145 1614 5198 εὖ
1638 5162 1651 5175 °
1685 5148 1809 5199 τού-

219 5249 334 5283 των
375 5230 712 5283 οὑδοντινοῦν
755 5233 816 5285 τὸ
862 5235 1127 5302 παράπαν
1169 5238 1384 5305 ἴσχουσι
1418 5239 1591 5306 λόγον,
1618 5234 1662 5307 ᾦ
1707 5242 1809 5307 μά-

221 5321 385 5373 λιστα
417 5321 634 5374 πάντων
677 5321 834 5387 λόγον
881 5324 1029 5393 ἔχειν
1081 5327 1266 5396 ἐχρῆν.
1311 5329 1508 5381 Καίτοι
1537 5333 1564 5381 ὀ
1594 5333 1692 5398 μὲν
1718 5333 1805 5383 λό-

221 5431 358 5482 γους
408 5413 565 5477 είδὼς
613 5417 842 5468 κάκεῖνα
892 5420 1303 5487 προσκτήσεται
1349 5420 1522 5490 δήπου
1550 5437 1562 5449 °
1606 5424 1806 5494 καὶμὴ

221 5507 574 5575 κτησάμενος
620 5509 838 5575 μέντοι,
887 5511 1153 5576 γενναίως
1199 5511 1259 5565 εὗ
1319 5514 1466 5581 μάλα
1512 5515 1607 5566 καὶ
1667 5522 1806 5584 μετά

223 5606 580 5667 φρονήματος
609 5604 699 5652 τὸν
732 5603 946 5654 ἅπαντα
986 5603 1229 5666 διάξεται
1271 5605 1466 5673 χρόνον
1489 5624 1501 5636 ·
1529 5611 1554 5660 ὁ
1593 5609 1648 5659 δὲ
1679 5613 1802 5662 τού-

218 5711 334 5745 των
365 5695 714 5761 ἁφεστηκὼς,
750 5694 852 5746 κᾶν
888 5697 1098 5766 εὐπορῇ
1137 5697 1244 5748 τῶν
1277 5697 1438 5750 Μίδου
1477 5703 1801 5768 χρημάτων,

222 5787 568 5854 θαυμάσαιμ’
597 5787 664 5839 ἂν
689 5790 735 5840 εί
765 5791 900 5856 μετᾶ
922 5789 1014 5841 τοῦ
1044 5793 1382 5858 τεταγμένου
1410 5794 1502 5844 καὶ
1529 5795 1802 5862 σώφρονος

219 5881 307 5931 διὲ
330 5883 518 5943 τέλους
541 5881 699 5958 ﬁndi-.7.
725 5882 860 5935 ἀλλὰ
986 5882 1118 5954 πρὸς
1145 5883 1576 5952 ἀνδραποδώδεις
1610 5889 1802 5953 ἡδονὰς

1928 3359 1984 3413 in
2033 3358 2272 3413 medium
2321 3356 2618 3426 proferam.
2687 3353 2844 3409 Multi
2878 3363 3059 3423 patres
3112 3352 3319 3406 liberos
3372 3364 3506 3403 suos

1925 3475 2048 3544 plus
2079 3489 2240 3542 quam
2271 3487 2333 3527 se
2363 3469 2759 3541 ipsosamando
2779 3478 2992 3538 patrum
3027 3470 3298 3521 bonorum
3326 3465 3504 3519 oilicio

1926 3589 2239 3643 satisfacere
2277 3587 2381 3641 sibi
2419 3585 2693 3650 \identur,
2720 3584 2982 3654 neglectis
3001 3584 3211 3638 caeteris
3239 3582 3352 3636 fere
3386 3598 3508 3636 om-

1923 3702 2086 3756 nibus
2119 3716 2256 3770 quos
2285 3715 2393 3769 prae
2417 3700 2608 3754 liberis
2631 3712 2814 3752 amare
2845 3698 3064 3760 volunt;
3091 3705 3330 3749 attamen
3367 3695 3503 3764 ipsis

1923 3814 2115 3868 liberis
2147 3813 2200 3867 in
2237 3812 2570 3884 gravissimis
2611 3811 2777 3866 rebus
2827 3823 3013 3864 curam
3049 3823 3210 3876 quam
3265 3808 3501 3861 maxime

1921 3939 2141 3996 oportet
2185 3944 2294 3982 non
2324 3929 2668 3996 impendunt.
2695 3923 2840 3979 Nihil
2868 3922 3015 3977 enim
3041 3922 3367 3975 intentatum
3419 3937 3504 3974 re-

1921 4046 2179 4113 linquunt
2209 4053 2269 4097 ut
2294 4043 2414 4098 auri
2439 4043 2639 4113 grande
2677 4040 2913 4110 pondus,
2933 4052 3124 4110 greges
3146 4046 3200 4092 et
3217 4052 3376 4108 agros
3394 4037 3502 4090 im-

1919 4170 2140 4210 mensos
2164 4157 2308 4210 natis
2336 4156 2390 4208 in
2413 4155 2648 4208 articulo
2675 4152 2871 4208 mortis
2903 4153 3162 4217 tradant;
3187 4152 3255 4205 de
3282 4165 3500 4204 summo

1919 4281 2100 4325 autem
2153 4271 2396 4338 ipsorum
2436 4269 2601 4333 bono,
2647 4269 2788 4322 bona
2832 4262 3174 4322 institutione
3225 4279 3280 4321 et
3329 4268 3501 4321 disi-i-

1919 4385 2064 4454 plina
2104 4383 2318 4439 liberali
2349 4393 2405 4437 et
2455 4382 2738 4452 praeceptis
2767 4397 2998 4450 quorum
3047 4381 3206 4434 venia
3249 4396 3365 4435 rem
3422 4383 3503 4436 fa-

1921 4497 2192 4552 miliarem
2246 4510 2446 4564 augere
2493 4509 2556 4548 ac
2589 4508 2917 4547 conservare
2977 4503 3218 4561 possent,
3273 4477 3500 4548 minime

1911 4623 2128 4668 curant.
2195 4611 2330 4665 Item
2378 4625 2488 4662 non
2539 4617 2845 4663 monstrant
2881 4609 3155 4676 quomodo
3209 4608 3372 4661 amici
3440 4619 3500 4662 et

1912 4729 2060 4782 cives
2089 4724 2380 4794 adjuvandi
2416 4723 2547 4777 sint.
2579 4723 2835 4776 Attamen
2875 4723 2967 4788 qui
3021 4721 3218 4775 litteris
3254 4722 3500 4776 imbutus

1910 4850 1994 4895 est
2022 4881 2037 4904 ,
2083 4841 2312 4894 fortuna:
2341 4836 2699 4892 nihilominus
2751 4836 3085 4906 prospicere,
3135 4846 3191 4890 et
3248 4836 3498 4905 quamvis

1911 4971 2116 5026 pauper
2145 4956 2236 5017 sit,
2273 4954 2560 5008 honestam
2593 4951 2894 5021 transigere
2928 4951 3094 5005 vitam
3141 4953 3361 5020 poterit.
3389 4950 3492 5018 Qui

1909 5071 2054 5124 enim
2103 5070 2305 5124 virtute
2357 5079 2527 5127 caret.
2560 5067 2688 5121 licet
2751 5066 2906 5119 Mida:
2942 5081 3138 5122 aurum
3190 5066 3490 5136 possideat,

1910 5187 2095 5239 nescio
2143 5201 2210 5238 au
2243 5185 2471 5239 honeste
2504 5185 2674 5248 vivat,
2717 5185 2828 5237 imo
2868 5183 2924 5236 in
2969 5181 3182 5237 servilis
3212 5182 3335 5237 viue
3377 5193 3490 5236 tur-

1909 5298 2214 5365 pitudinem
2240 5294 2561 5358 descendat,
2588 5295 2794 5366 quippe
2813 5293 2908 5364 qui
2933 5291 3236 5348 secundum
3258 5293 3490 5355 rationis

1911 5423 2178 5483 praecepta
2207 5414 2389 5468 vivere
2421 5428 2532 5467 non
2565 5386 2780 5466 didicit.
