4212 6430
763 374 870 437 539

816 663 908 719 23.
940 663 1281 734 Pauperibus
1318 666 1446 722 dein
1482 679 1538 723 et
1567 670 1831 728 divitibus
1876 685 2066 730 auctor
2095 693 2215 732 sum
2269 695 2340 734 ne

749 777 890 831 ﬁlios
925 776 979 830 in
1019 779 1337 848 arleualiqua
1370 780 1722 838 instruendos
1758 786 1973 842 tradant
2017 789 2336 858 priusquam

747 902 777 940 a
813 897 999 941 tenera
1033 899 1190 942 a~tate
1234 889 1475 947 Litteras
1503 910 1689 950 sacras
1710 898 2002 953 didicerint
2035 911 2091 955 et
2116 904 2196 957 sic
2217 906 2336 958 ani-

751 1012 900 1050 mum
926 999 1288 1067 spiritualiter
1318 1005 1669 1062 nutriverint.
1719 1008 1810 1063 Sic
1843 1010 1989 1064 enim
2045 1012 2202 1068 bonae
2252 1014 2337 1068 in-

747 1111 886 1164 dolis
925 1111 1190 1167 beneﬁcio
1217 1114 1356 1171 bene
1387 1116 1455 1170 de
1488 1118 1556 1171 iis
1585 1135 1807 1189 sperare
1840 1133 2100 1190 poterunt
2136 1143 2333 1195 parcn-

749 1229 851 1282 tes,
870 1221 1165 1276 dummodo
1192 1224 1289 1290 ipsi
1318 1239 1683 1296 cooperentur
1701 1233 1844 1286 idem
1869 1236 2024 1302 quasi
2051 1247 2329 1291 certamen

750 1331 1002 1386 ineuntes
1049 1343 1107 1387 ut
1140 1337 1300 1389 ﬁnem
1335 1338 1667 1394 laudabilem
1691 1344 2097 1414 altingant;sin
2125 1348 2326 1411 minus,

746 1439 939 1493 saltem
976 1441 1027 1492 in
1059 1442 1251 1496 litteris
1284 1454 1339 1498 et
1379 1448 1590 1503 artibus
1640 1451 1912 1507 elementa
1960 1454 2328 1524 degustarint,

744 1547 885 1603 bene
915 1554 1157 1618 persuasi
1190 1556 1336 1623 quod
1367 1561 1556 1615 istbmc
1580 1561 1645 1614 ad
1679 1563 1815 1617 bene
1843 1566 2132 1621 vivendum
2159 1570 2330 1638 pluri~

745 1676 893 1714 mum
928 1666 1325 1734 contribuunt,
1369 1673 1671 1740 praesertim
1715 1676 1807 1730 ubi
1851 1678 2156 1734 litterarum
2211 1694 2329 1736 stu.

744 1771 894 1825 dium
942 1774 1155 1829 artibus
1211 1781 1536 1836 associatur.
1599 1783 1689 1839 Sic
1741 1785 2109 1846 Athenienses
2177 1793 2319 1846 ﬁlios

743 1884 880 1937 mari
916 1889 1324 1955 assuescebant,
1373 1904 1430 1947 ut
1485 1897 1622 1952 artis
1678 1900 1948 1955 maritimae
2009 1879 2398 1972 peritissimiB

741 1995 956 2049 ﬁerent.
973 1997 1082 2052 Nos
1100 2002 1374 2071 pmcipue
1401 2021 1530 2060 vero
1559 2010 1651 2078 qui
1676 2010 1880 2066 Christi
1905 2016 2102 2070 fratres
2133 2032 2324 2074 sumus

742 2112 801 2158 et
831 2106 925 2174 qui
958 2112 1277 2177 praeclarum
1310 2130 1373 2169 ac
1421 2119 1731 2175 mirandum
1751 2138 1950 2178 nomen
1971 2124 2322 2182 Christiano-

744 2232 871 2272 rum
904 2236 1308 2292 nuncupamus,
1354 2245 1462 2283 non
1492 2240 1701 2288 tantum
1735 2236 1933 2306 istbazc
1956 2249 2083 2294 ante
2142 2242 2324 2296 omnia

743 2331 922 2388 facere
943 2345 998 2389 et
1029 2337 1168 2392 ﬁlios
1189 2350 1408 2397 nostros
1440 2359 1758 2403 assuescere
1801 2350 2090 2419 debemus,
2127 2355 2226 2408 sed
2256 2364 2315 2410 ut

746 2449 962 2504 initium
988 2462 1044 2506 et
1096 2453 1256 2508 finem
1286 2461 1674 2526 ope-rationum
1716 2473 2028 2521 nostrarum
2081 2469 2305 2524 intueri.

748 2563 842 2618 Sic
871 2565 1016 2619 enim
1053 2569 1396 2636 potissimum
1447 2589 1841 2645 cognoscemus
1868 2582 1962 2650 qui
1994 2583 2169 2639 simus
2199 2602 2213 2649 ;
2245 2585 2327 2640 sic

746 2683 1007 2737 virtutem
1056 2687 1449 2754 amplerlemur
1492 2700 1548 2744 et
1599 2695 1978 2751 exercebimus
2024 2697 2327 2753 secundum

745 2795 946 2848 excelsi
976 2795 1220 2852 doctoris
1262 2801 1600 2856 mandatum.
1633 2803 1739 2868 Qui
1789 2806 1958 2871 enim,
1995 2815 2054 2861 ut
2097 2808 2327 2885 debent,

745 2911 959 2963 artibus
985 2911 1297 2967 ediscendis
1335 2929 1558 2983 operam
1600 2929 1803 2972 navant
1837 2929 1894 2975 et
1937 2919 2169 2976 feliciter
2199 2939 2329 2994 pro-

745 3023 1090 3092 grediuntur,
1157 3025 1222 3078 iis
1248 3027 1434 3080 datum
1482 3037 1566 3082 est
1596 3030 1663 3082 ad
1712 3044 1990 3085 summum
2044 3032 2326 3105 fastigium

746 3135 1047 3190 ascendere
1077 3145 1132 3190 et
1161 3139 1373 3193 caeteris
1403 3141 1660 3196 omnibus
1688 3142 1876 3212 gloria?
1908 3146 2145 3214 palmam
2181 3162 2326 3215 prae-

746 3250 950 3320 ripere.
976 3252 1115 3318 Quia
1154 3253 1300 3306 enim
1353 3255 1406 3308 in
1441 3254 1598 3310 libris
1624 3256 1909 3312 historiam
1957 3271 2331 3330 cognoverunt

2435 3279 2662 3334 νὼσκειν
2709 3280 2974 3351 ἀκριϐῶς,

747 3359 816 3413 de
870 3368 1175 3430 temporum
1237 3372 1293 3417 et
1343 3365 1589 3420 locorum
1642 3371 2051 3438 opportunitate
2106 3372 2330 3442 quando

746 3473 889 3527 bella
933 3484 1061 3528 sunt
1115 3477 1348 3546 gerenda
1395 3492 1738 3548 cognoscunt
1792 3485 2107 3554 optimeque
2146 3486 2329 3540 sciunt

746 3597 939 3641 contra
970 3603 1106 3657 quos
1154 3588 1559 3659 dimicandum,
1583 3605 1638 3649 et
1666 3606 1856 3651 contra
1889 3613 2030 3666 quos
2078 3616 2188 3654 non
2222 3610 2325 3662 est,

745 3711 803 3755 et
835 3701 980 3771 quod
1021 3703 1275 3758 faciendo
1309 3717 1404 3759 aut
1437 3707 1673 3761 victores
1716 3717 1814 3763 aut
1845 3709 1972 3764 victi
1994 3720 2180 3764 erunt.
2220 3711 2326 3778 Qui

747 3832 952 3881 autem,
995 3820 1178 3874 minus
1209 3820 1349 3874 bene
1376 3820 1639 3886 instituti,
1681 3823 1757 3878 nil
1791 3824 1895 3879 nisi
1937 3841 2086 3879 arma
2122 3825 2327 3887 sciunt,

747 3933 785 3986 ii
812 3933 1049 3986 ferarum
1074 3933 1236 3986 modo
1262 3933 1317 3986 in
1341 3934 1834 3992 deliberationibus
1862 3947 1917 3993 et
1944 3935 2000 3992 in
2033 3937 2331 4008 pugnando

745 4064 902 4117 azque
920 4047 1334 4116 praecipitanter
1361 4058 1547 4117 agunt,
1571 4059 1628 4105 et
1658 4059 1838 4104 tamen
1869 4053 2071 4119 saepius
2095 4052 2331 4105 victores

747 4162 1038 4225 recedunt,
1081 4162 1137 4216 in
1175 4176 1306 4228 pace
1341 4162 1526 4217 rudes.
1558 4163 1859 4234 Eurydices
1880 4167 2191 4234 exemplum
2229 4165 2332 4218 mi-

750 4273 1006 4338 randum,
1035 4275 1146 4327 imo
1175 4275 1496 4328 imitandum
1525 4277 1788 4345 reperias,
1820 4292 1944 4346 qua:
1977 4292 2100 4330 cum
2124 4277 2331 4331 liberos

746 4408 879 4448 suos
924 4394 1122 4445 mirum
1196 4391 1250 4445 in
1305 4393 1528 4444 modum
1577 4399 1828 4454 amaret,
1887 4391 2331 4460 sapientiamque

746 4521 939 4558 eorum
989 4504 1187 4558 animis
1243 4503 1531 4558 infundere
1564 4513 1814 4574 cuperet,
1848 4506 2108 4573 magistro
2147 4516 2330 4560 amoto

748 4617 864 4684 ipsa
894 4615 1026 4684 ipsis
1068 4615 1328 4684 magistra
1362 4630 1482 4669 esse
1544 4616 1737 4679 voluit,
1768 4618 1914 4684 quod
1954 4632 2076 4670 cum
2126 4633 2221 4685 per
2249 4617 2330 4671 fe-

748 4729 953 4783 minam
987 4729 1250 4799 illyricam
1305 4728 1708 4798 barbaramque
1748 4728 1933 4797 perﬁci
1965 4733 2095 4782 non'
2125 4742 2330 4799 posset,

751 4855 858 4893 una
891 4853 1014 4892 cum
1047 4841 1187 4892 natis
1213 4838 1594 4894 adolescentiae
1622 4841 1800 4894 studia
1833 4842 2151 4909 renovavit;
2184 4844 2328 4913 quod

751 4952 972 5019 quidem
1002 4950 1139 5005 adeo
1170 4951 1306 5006 bene
1345 4954 1533 5018 cessit,
1568 4963 1626 5006 ut
1688 4954 1860 5008 musis
1893 4955 2060 5008 bocce
2105 4971 2330 5010 carmen

753 5062 1017 5117 obtulerit
1048 5073 1107 5118 ut
1130 5074 1185 5119 et
1216 5080 1317 5134 pro
1341 5081 1398 5118 se
1429 5067 1544 5134 ipsa
1579 5068 1782 5136 gratias
1809 5079 1993 5136 ageret
2020 5078 2077 5123 et
2101 5081 2329 5126 eteteros

757 5186 1009 5231 moneret
1043 5187 1101 5230 ut
1143 5192 1356 5231 summo
1379 5194 1504 5232 cum
1555 5180 1751 5234 ardore
1780 5181 2080 5236 liberorum
2127 5185 2331 5238 cdnca-

759 5292 893 5346 tioni
936 5292 1337 5347 incumberent.
1370 5293 1468 5346 Est
1501 5304 1686 5349 autem
1725 5295 2106 5365 hujuscemodi
2136 5315 2150 5350 :

1989 387 2394 449 TllEODULI
2437 390 2785 455 MONACHI

2359 510 2753 579 Αὰποκλίνας,
2822 515 3029 585 ὑπέρου
3089 519 3426 590 γυμνότερος
3482 522 3542 574 ἐν
3602 522 3798 592 βραχεῖ
3853 539 4034 578 κατα-

3928 404 4038 470 διο

2447 604 2633 673 σταίη,
2677 607 2752 676 μὴ
2796 607 2955 675 λόγον
2996 611 3163 679 ῐσχων
3197 616 3602 683 σωφρονιστήν.

2521 698 2626 764 κγ’.
2665 699 2832 752 Ταῦτ’
2858 701 2967 771 ἄρα
2997 707 3093 758 καὶ
3121 705 3320 774 πένησι
3353 707 3449 759 καὶ
3493 707 3778 770 πλουσίοις
3816 707 4034 760 κελεύω

2444 794 2519 864 μὴ
2553 794 2819 864 πρότερον
2863 795 2943 856 είς
2986 796 3185 865 τέχνας
3231 798 3295 868 δή
3331 815 3484 861 τινας
3514 801 3644 861 τοὺς
3675 802 3813 863 υἱεῖς
3845 817 4032 868 παρα·

2439 887 2705 953 πέμπειν,
2736 885 2866 952 πρὶν
2896 887 2964 938 ἂν
2995 888 3196 950 αὐτοὺς
3227 888 3391 958 ἄχρις
3424 891 3590 960 ἥϐης,
3619 893 3650 959 ἢ
3684 893 3777 945 καὶ
3821 895 4030 961 μικρὸν

2441 981 2548 1041 πρὸ
2588 979 2689 1044 τῆς
2736 978 2898 1048 ἥϐης,
2929 980 3259 1048 γράμμασιν
3303 983 3466 1051 ίεροῖς
3525 983 3899 1044 ἐκπαιδεύειν,
3932 988 4035 1038 καὶ

2437 1069 2580 1123 οὓτω
2613 1069 2711 1140 τὴν
2760 1073 2911 1140 σφῶν
2955 1071 3136 1142 ψυχὴν
3185 1075 3618 1144 καταρτίζοντας
3668 1079 3764 1130 καὶ
3813 1095 4032 1146 προκα-

2437 1162 2755 1225 θιστάντας,
2805 1162 2901 1216 ἑὰν
2960 1164 3060 1232 μὲν
3117 1164 3179 1218 εὖ
3223 1166 3389 1233 ἔχωσι
3436 1169 3676 1235 φύσεως,
3735 1172 3836 1238 καὶ,
3887 1171 4031 1224 Gau-

2439 1255 2654 1326 μαστάς
2679 1271 2830 1317 τινας
2858 1256 3109 1309 ἐντεῦθεν
3165 1258 3494 1335 ὑποτείνωσι
3543 1263 3642 1325 τας
3677 1262 3928 1324 ἐλπίδας,
3965 1265 4029 1317 οὗ

2438 1347 2600 1413 μόνον
2628 1346 2826 1407 αὐτοὺς
2859 1347 2954 1415 ὲᾷν
2975 1345 3184 1416 ταύτην
3211 1350 3290 1410 είς
3316 1349 3471 1411 τέλος
3496 1352 3694 1415 σώζειν
3715 1353 3816 1421 τὴν
3841 1355 4028 1418 τάξι-ι,

2434 1439 2568 1490 ἀλλὰ
2601 1440 2707 1491 -καί
2755 1440 2856 1501 ἕως
2905 1439 3084 1504 ἔξεστι
3119 1441 3415 1509 ξυμπονείν
3468 1445 3564 1497 καὶ
3616 1446 4025 1514 ξυμπραττειν,

2431 1534 2525 1581 καὶ
2555 1530 2711 1583 πάντ’
2760 1531 2944 1592 αὐτοῖς
2995 1533 3464 1598 συναγωνίζεσθαι
3505 1536 3711 1604 τρόπον
3738 1553 3752 1568 ο
3784 1539 3862 1599 ὡς
3898 1538 4027 1605 μέγ’

2431 1621 2634 1687 ἀγαθὸν
2679 1622 2959 1690 ἐσομένοις
3004 1623 3084 1691 τῷ
3131 1624 3230 1692 βίῳ
3287 1625 3509 1693 φύσεώς
3547 1645 3606 1678 τε
3675 1627 3873 1698 ῥώμης
3927 1631 4028 1680 καὶ

2432 1714 2692 1779 σπουδῆς,
2725 1715 2822 1766 καὶ
2860 1710 2937 1767 ὧν
2992 1715 3140 1778 εἰκὸς
3192 1717 3602 1771 συνελθόντωνσ
3655 1721 3754 1773 ὲὰν
3804 1721 3861 1774 δὲ
3919 1722 4023 1790 μὴ,

2428 1807 2537 1858 τότ’
2567 1807 2666 1877 ήδη
2714 1809 2809 1860 καὶ
2836 1808 2900 1861 τὸ
2943 1807 3055 1860 τῶν
3084 1811 3293 1879 τεχνῶν
3323 1813 3382 1864 ἐν
3427 1812 3630 1882 καιρῷ,
3671 1813 3744 1875 ὡς
3777 1814 3844 1866 ἂν
3877 1816 4009 1866 ἑκα-

2431 1900 2667 1967 τέρωθεν
2711 1899 2805 1952 τοῦ
2858 1918 2918 1952 τε
2958 1901 3104 1969 λόγῳ
3158 1883 3254 1955 καὶ
3304 1903 3527 1974 παιδείᾳ
3577 1907 4022 1974 στοιχειωθῆναιο

2433 1986 2524 2040 τοῦ
2554 2005 2610 2039 τε
2643 1987 2710 2040 τὰ
2739 1982 2875 2057 πρὸς
2901 1989 3117 2043 δίαιταν
3140 1987 3198 2044 εὖ
3239 1992 3384 2060 μάλα
3411 1993 3598 2060 σφίσιν
3623 1997 3814 2058 αὐτοῖς
3853 1999 4026 2048 ἐκπο-

2435 2078 2608 2148 ρίζειν
2658 2079 2882 2144 ειδέναι,
2912 2081 3178 2135 κάλλιστα
3221 2085 3316 2138 καὶ
3345 2085 3421 2148 ὡς
3457 2087 3624 2156 ἐχρῆν
3676 2089 3922 2157 χρῶνται
3948 2088 4028 2156 τῷ

2434 2171 2536 2241 βίῳ
2563 2187 2577 2201 ο
2612 2174 2707 2225 καὶ
2739 2173 2962 2240 μάλισθ’
3007 2175 3138 2228 ὅταν
3184 2182 3319 2242 μετά
3347 2177 3447 2244 τὴν
3479 2178 3589 2230 τῶν
3615 2162 3827 2247 τεχνῶν
3857 2180 4026 2246 ἀσχο-

2433 2264 2555 2316 λίαν
2598 2267 2998 2336 ἑνασχολῶνται
3054 2269 3303 2338 βιϐλίοις.
3359 2271 3551 2324 Καίτοι
3603 2275 3651 2324 εί
3689 2273 3840 2335 ὅπως
3887 2275 4029 2339 κρά-

2432 2359 2609 2410 τιστοί
2656 2376 2804 2423 τινες
2833 2355 2944 2412 εἶεν
2986 2361 3264 2428 Ἀθηναῖοι
3318 2361 3387 2414 τε
3444 2366 3698 2429 ναυτικὰ,
3727 2366 3887 2416 πλεῖν
3918 2365 4028 2432 πρὸ

2433 2449 2544 2504 τῶν
2588 2451 2766 2505 ἄλλων
2817 2451 2942 2514 τοὺς
3001 2454 3196 2517 παῖδας
3233 2454 3550 2519 ἐδίδασκον,
3601 2457 3698 2509 καὶ
3746 2457 4028 2511 θάλατταν

2435 2543 2730 2611 προοίμιον
2761 2545 3037 2597 ποιεῖσθαι
3065 2545 3161 2597 τοῦ
3190 2545 3309 2612 βίου
3341 2561 3355 2575 ⁸
3408 2544 3443 2617 ἦ
3482 2547 3576 2602 τοῦ
3607 2567 3670 2616 γε
3706 2550 3844 2602 πολὺ
3884 2551 4028 2618 μᾶλα

2434 2634 2526 2686 λον
2556 2636 2716 2702 ἡμεῖς
2766 2636 2817 2686 οί
2862 2637 2958 2688 τοῦ
2992 2637 3235 2704 Χριστοῦ
3278 2642 3551 2707 κοινωνοὶ,
3585 2643 3676 2694 καὶ
3723 2641 3822 2711 τὴν
3867 2643 4029 2710 μεγί-

2436 2742 2569 2795 στην
2594 2730 2690 2780 καὶ
2720 2727 3048 2798 θαυμαστὴν
3083 2730 3290 2799 ταύτην
3319 2731 3486 2784 αὑτοῦ
3513 2734 3825 2803 πρόσρησιν
3861 2750 4026 2803 περι-

2435 2819 2704 2887 κείμενοι,
2730 2821 3029 2889 ὑφείλομεν
3078 2824 3173 2874 καὶ
3224 2823 3424 2876 δίκαιοι
3463 2825 3683 2887 πάντως
3718 2827 3913 2895 ἐσμὲν,
3950 2827 4025 2895 μὴ

2438 2911 2599 2978 μόνον
2634 2913 3070 2982 προύργιαίτερα
3115 2915 3385 2967 ποιεῖσθαι
3418 2917 3487 2970 τὰ
3533 2916 3748 2978 τούτου,
3778 2920 3871 2970 καὶ
3907 2920 4025 2980 τοῖς

2437 3002 2593 3053 παισὶ
2633 3002 2740 3069 πρὸ
2771 3003 2880 3053 τῶν
2911 3003 3088 3056 ἄλλων
3140 3003 3295 3057 ταῦτ’
3343 3007 3710 3075 εἰσηγεῖσθαι.
3741 3008 3882 3061 ἀλλὰ
3926 3011 4026 3061 καὶ

2437 3091 2633 3161 πρῶτα
2657 3093 2766 3146 τῶν
2792 3093 2968 3146 ἄλλων
2995 3094 3274 3157 ἁπάντων,
3304 3099 3400 3150 καὶ
3431 3102 3572 3166 μέσα
3601 3101 3696 3152 καὶ
3728 3100 4024 3152 τελευταῖα

2436 3185 2610 3238 ταῦτα
2664 3184 2983 3238 ποιεῖσθαιο
3040 3190 3098 3238 ἐν
3156 3189 3335 3255 τούτῳ
3382 3192 3491 3259 γὰρ
3527 3190 3644 3242 ἐστι
3697 3191 3790 3243 καὶ
3837 3193 3901 3244 τὸ
3939 3212 4023 3259 γι-

3028 3282 3167 3351 δπερ
3190 3284 3381 3351 ἐσμὲν,
3415 3285 3510 3336 καὶ
3545 3285 3682 3354 πρὸς
3722 3287 3929 3355 ἀρετὴν
3959 3287 4019 3340 εὖ

2432 3368 2756 3432 διακεῖσθαι,
2791 3369 2887 3422 καὶ
2915 3370 3123 3439 ταύτης
3163 3371 3383 3440 μάλιστ’
3418 3373 3823 3427 ἀντιποιεῖσθαι
3868 3377 4016 3428 κατᾶ

2431 3465 2492 3515 τὸ
2533 3462 2741 3514 ἐκείνου
2787 3461 3009 3514 κελεῦον
3033 3478 3046 3492 °
3095 3464 3220 3516 ἐπεὶ
3261 3465 3357 3516 καὶ
3402 3466 3517 3527 τοῖς
3552 3467 3620 3517 τὰ
3647 3469 3888 3518 τακτικὰ
3916 3484 4019 3534 μεθ

2432 3550 2662 3614 τιοῦσιν,
2692 3546 2773 3612 οἷς
2828 3552 3236 3621 μὲνάττῆρχθαι
3264 3554 3476 3607 τούτων
3527 3556 3709 3610 αὐτῶν
3759 3559 4017 3610 ἐντεῦθεν

2433 3643 2663 3713 ὑπῆρξε,
2688 3643 2901 3706 τούτοις
2959 3645 3058 3712 μὲν
3105 3647 3353 3712 ἀρίστοις
3412 3643 3555 3701 εἶναι
3610 3651 3858 3716 περίεστι
3920 3655 4017 3703 καὶ

2433 3739 2657 3804 κρατεῖν
2714 3736 3038 3806 ἑκασταχοῦ.
3071 3738 3153 3789 Δι’
3196 3731 3270 3791 ὧν
3316 3739 3426 3808 γὰρ
3471 3739 3730 3793 ἑκάστοτε
3781 3741 4016 3810 βιϐλίοις

2433 3830 2526 3881 καὶ
2557 3831 2796 3896 γραφαῖς
2832 3828 3138 3897 ὁμιλοῦσιν,
3178 3830 3324 3882 ἴσασι
3357 3832 3498 3884 πάνυ
3541 3834 3768 3902 καιροὺς
3799 3837 3896 3886 καὶ
3929 3836 4014 3886 τό-

2433 3936 2568 3982 πους
2626 3921 2884 3988 πολέμου,
2921 3920 3016 3973 καὶ
3059 3921 3170 3974 τίσι
3221 3923 3303 3975 δεῖ
3352 3925 3728 3992 μεμαχῆσθαι,
3763 3927 3859 3978 καὶ
3901 3928 4015 3978 τίσι

2435 4013 2531 4082 μὴ,
2561 4015 2656 4065 καὶ
2682 4013 2756 4075 ὡς
2791 4014 2858 4065 τὰ
2886 4016 2979 4065 καὶ
3014 4014 3083 4066 τὰ
3117 4014 3424 4077 ποιοῦντες,
3466 4016 3563 4069 νῦν
3595 4017 3695 4085 μὲν
3725 4021 4016 4084 περιέσον-

2431 4123 2542 4168 ut,
2566 4105 2661 4157 νῦν
2694 4105 2736 4157 δ’
2765 4107 3090 4174 ἡττήσονται
3111 4123 3125 4137 ’
3157 4108 3282 4170 τοὺς
3307 4108 3363 4160 δὲ
3398 4108 3474 4178 μὴ
3511 4112 3691 4181 ταύτῃ
3731 4111 4010 4179 δακειμέο

2430 4214 2576 4259 νους,
2611 4198 2704 4248 καὶ
2751 4197 2912 4248 πλέον
2971 4197 3124 4250 οὐδὲν
3189 4199 3373 4251 ὃπλων
3429 4201 3660 4263 εἰδότας,
3701 4202 3819 4255 ἀλλ’
3867 4205 4016 4270 ἀμφὶ

2431 4287 2583 4339 ταῦτ’
2614 4287 2837 4355 ἔχοντας
2866 4289 3048 4355 μόνον,
3081 4288 3212 4352 ἴδοις
3247 4289 3314 4340 ἂν
3346 4290 3529 4360 ἀλόγῳ
3563 4294 3757 4362 θράσει
3795 4298 4020 4362 χρωμέ-

2432 4394 2555 4439 νους
2598 4379 2691 4429 καὶ
2727 4378 2847 4445 περὶ
2904 4376 3098 4445 βουλάς
3155 4395 3214 4430 τε
3249 4381 3342 4432 καὶ
3378 4381 3608 4450 πράξεις
3659 4382 3755 4434 τοῦ
3804 4385 4020 4446 δέοντος

2434 4473 2829 4543 ὑστεροῦντας⁶
2883 4473 2942 4536 ἐξ
2985 4466 3061 4525 ὧν
3106 4473 3182 4535 ὡς
3231 4477 3302 4528 τὰ
3336 4475 3508 4528 πολλὰ
3551 4478 3882 4541 σφάλλεσθαι
3923 4483 4020 4532 καὶ

2368 4585 2409 4639 D
2437 4563 2690 4617 νικᾶσθαι
2741 4563 3028 4630 ξυμϐαίνει
3054 4579 3067 4594 ’
3103 4567 3151 4617 εί
3185 4566 3240 4618 δὲ
3280 4568 3373 4618 καὶ
3421 4569 3722 4635 κατορθοῦν
3773 4572 4014 4639 ἕλουσιν,

2434 4657 2568 4708 ἀλλα
2617 4655 2802 4721 μεῖζον
2847 4655 2912 4707 ἂν
2958 4651 3027 4725 ἦν
3070 4658 3258 4720 αὐτοῖς
3293 4663 3836 4729 παρεσκευασμένοις
3870 4667 4020 4716 εκεί-

2433 4766 2559 4810 νως.
2585 4750 2658 4800 Τὸ
2706 4750 2763 4801 δὲ
2821 4751 2918 4816 τῆς
2961 4751 3267 4820 Εὐρυδίκης
3303 4753 3399 4805 καὶ
3451 4757 3636 4822 μεῖζον
3677 4759 4013 4829 ἀτεχνῶς,ῆ

2433 4842 2572 4896 ὥστε
2612 4843 2914 4910 Θαυμὰζειν
2948 4845 3095 4912 ἔχειν
3135 4845 3324 4909 ἀξίως,
3365 4852 3439 4918 μή
3484 4850 3539 4901 τί
3583 4867 3646 4916 γε
3693 4854 3789 4904 καὶ
3834 4857 4021 4919 μιμεῖ-

2435 4940 2599 4988 σθαι’
2646 4937 2864 5003 λέγεται
2919 4943 3030 5007 γαρ
3083 4937 3157 5000 ὡς
3213 4941 3400 5008 ἐπειδὴ
3451 4942 3796 5007 φιλοτεχνίας
3842 4944 4017 5004 οὕτως

2429 5026 2596 5096 εἶχεν,
2646 5029 2719 5089 ὡς
2777 5033 2866 5081 καὶ
2900 5031 3094 5097 σοφίαν
3155 5036 3273 5092 ταῖς
3317 5032 3496 5084 αὐτῶν
3544 5035 3782 5087 ἐνθεῖναι
3814 5035 4018 5105 ψυχῆς

2434 5122 2564 5186 περὶ
2595 5120 2846 5172 πλείστου
2871 5123 3160 5187 ποιεῖσοαι,
3189 5124 3440 5177 ἐϐούλετο
3469 5127 3569 5195 μὲν
3602 5129 3662 5179 οὐ
3689 5129 4014 5194 magn-ua;

2433 5212 2678 5274 τούτους,
2706 5212 2820 5263 ἀλλ’
2857 5214 2997 5282 αὑτὴ
3027 5215 3200 5282 δήπου
3231 5217 3300 5268 τὰ
3329 5219 3558 5272 τοιαῦτα
3585 5209 3797 5285 διδάξαι
3821 5239 3836 5252 ·
3869 5226 4018 5291 ama-

2433 5323 2596 5374 χανον
2639 5307 2694 5358 δὲ
2735 5309 3086 5362 παντάπασιν
3135 5308 3203 5382 ἦν
3267 5313 3528 5384 Ἰλλυρίδα
3587 5319 3684 5370 καὶ
3734 5318 4016 5387 βάρϐαρον

2432 5394 2621 5460 οὖσαν,
2648 5399 2747 5468 ὀψὲ
2795 5401 2894 5469 τῆς
2937 5403 3155 5471 ἡλικίας
3186 5401 3360 5474 ἧφθαι
3405 5409 3661 5472 παιδείας
3689 5427 3700 5440 ·
3747 5416 3845 5463 καὶ
3873 5413 4016 5465 οὕτω

2434 5492 2494 5542 τὸ
2554 5491 2996 5560 σπουδαζόμενον
3055 5495 3298 5549 κάλλιστ’
3358 5499 3577 5561 ὰνῦσαι,
3620 5502 3697 5562 ὡς
3744 5504 3842 5554 καὶ
3897 5509 4015 5567 ταῖς

2437 5581 2670 5651 μούσαις
2712 5583 2865 5636 ταῦτ’
2920 5585 3200 5640 ἀναθεῖναι
3245 5587 3315 5641 τὰ
3349 5589 3477 5660 ἔπη,
3511 5591 3650 5660 ὁμοῦ
3689 5594 3787 5659 μὲν
3820 5596 4015 5658 αὐταῖς

2437 5675 2596 5745 χάριν
2622 5675 2812 5741 εἰδυῖα,
2839 5677 2978 5745 ὁμοῦ
3005 5679 3060 5731 δὲ
3101 5682 3196 5733 καὶ
3225 5685 3610 5753 προτρέπουσα
3651 5688 3778 5747 τοὺς
3814 5687 4014 5751 ἄλλους

2434 5766 2620 5820 πᾶσαν
2649 5767 2790 5836 ὑπὲρ
2825 5768 2934 5821 τῶν
2959 5770 3165 5824 παίδων
3196 5774 3465 5841 είσςέρειν
3492 5776 3756 5847 σπουδήν,
