4212 6430
267 418 383 484 διι

267 537 576 617 Εὐρυδίκη
616 541 1047 617 Ἱεραπολιῆτις
1077 549 1240 602 τόνδ’
1268 550 1525 617 ἀνέθηκε

340 612 640 685 Μούσαις,
671 614 920 670 εὔιστον
942 612 1126 685 ψυχῇ
1159 621 1392 674 ἑλοῦσα
1423 612 1632 678 πόθον.

267 678 595 763 Γριίμέίατα
625 678 774 763 χείρ,
804 678 1323 763 μνημεῖάᾚόγων,
1355 693 1554 759 μήτηρ
1603 696 1846 763 γεγαυῖα

342 751 580 805 Μαίδων
610 751 1283 829 ὴόώντωνςξὲξεπόγήσε
1315 751 1534 832 λιάθεῖὗ
1564 751 1666 834 (ί).

337 887 439 941 κδ’.
473 889 592 941 Ἔτι
621 893 802 946 τοίνυν
834 895 1136 962 φυλακτέον
1171 901 1302 965 ὑμῖν
1330 900 1446 952 ἐστι
1474 902 1672 962 παντὸς
1707 902 1846 969 μᾶλ-

263 974 384 1038 λον,
424 981 500 1051 μὴ
530 981 731 1050 λάθητε
764 988 889 1048 τοὺς
939 990 1136 1051 παῖδας
1169 984 1250 1054 οἷς
1281 992 1382 1044 οὐκ
1420 993 1589 1062 ἐχρῆν
1630 994 1849 1062 ἐπιτρέ-

263 1067 470 1133 ψαντες
517 1079 841 1142 σοφισταῖς·
890 1079 1010 1132 ἀλλ’
1051 1082 1211 1150 εἴπερ
1267 1085 1449 1136 αὐτῶν
1506 1085 1638 1153 ὑμῖν
1695 1086 1845 1154 μέλει

263 1162 418 1224 ὅπως
467 1165 592 1227 τούς
645 1185 706 1220 τε
763 1171 957 1236 λόγους
990 1171 1090 1241 τήν
1122 1191 1180 1226 τε
1215 1175 1394 1245 ψυχὴν
1425 1177 1639 1229 ἔσονται
1674 1178 1846 1247 βέλτι-

265 1269 406 1314 στοι,
437 1258 531 1307 καὶ
555 1256 957 1325 λυσιτελοῦντες
985 1266 1136 1331 σφίσι
1165 1284 1222 1318 τε
1257 1269 1438 1329 αὐτοῖς
1471 1269 1564 1319 καὶ
1603 1270 1715 1331 τοίς
1746 1269 1843 1321 ἀλ-

263 1348 401 1412 λοις.
430 1352 672 1406 ἔστωσαν
697 1351 866 1423 οὗτοι,
889 1363 950 1412 οὐ
980 1362 1260 1414 παιδεύειν
1291 1364 1388 1432 μὲν
1413 1367 1629 1426 ἀγαθοὶ.
1661 1365 1846 1418 σκαιοὶ

257 1441 308 1492 δ’
355 1442 533 1506 ἄλλως
583 1447 676 1499 καὶ
727 1449 1069 1519 διεφθορότες
1126 1457 1250 1523 τοὺς
1306 1456 1563 1522 τρόπους,
1614 1455 1722 1506 οὐδ’
1775 1450 1842 1508 αὖ

256 1535 493 1602 χρηστοὶ
522 1537 621 1602 μὲν
650 1539 744 1592 καὶ
770 1543 1051 1604 ἐπιεικεῖς,
1077 1544 1182 1596 ὑπδ
1212 1546 1267 1598 δὲ
1301 1546 1639 1615 φαυλότητος
1669 1547 1845 1614 λόγων

253 1623 652 1696 λυμαινόμενοι
701 1631 873 1702 δήπου
923 1638 1031 1698 τοῖς
1079 1637 1216 1701 νέοις
1244 1654 1258 1668 ·
1300 1638 1416 1690 ἀλλ’
1467 1638 1560 1702 οὓς
1603 1641 1843 1705 ἅπαντες

256 1715 414 1770 ίσασι
446 1723 542 1772 καὶ
574 1721 748 1790 λόγων
793 1725 947 1793 ίσχὺν
973 1726 1069 1780 καὶ
1119 1729 1234 1797 βίον
1276 1731 1617 1800 κατάλληλον
1647 1749 1845 1801 κεκτη-

256 1812 460 1880 μένους
490 1816 598 1878 τοίς
635 1817 842 1885 λόγοις·
880 1824 974 1875 καὶ
1005 1822 1103 1874 οὐκ
1131 1822 1197 1875 ἂν
1227 1823 1404 1885 ἄλλως
1434 1825 1520 1894 εἴη
1561 1825 1839 1892 γενέσθαι,

1175 433 1464 494 ORATIO
1505 435 1611 494 DE
1659 436 2171 499 SUBDITORUM
2211 439 2558 504 OFFICIIS.

3424 450 3533 516 5-12

1885 561 1929 614 Α
2036 557 2302 628 Eurydice
2361 558 2773 628 Hkropolitana
2843 566 2995 618 hosce
3042 581 3220 619 versus
3264 585 3535 628 consecrat

1952 651 2144 701 musis:
2183 651 2263 703 Ex
2294 652 2552 704 laudabili
2582 654 2841 707 desiderio
2873 655 3100 721 litteras,
3141 661 3396 716 orationis
3417 665 3535 731 fun-

1949 739 2200 794 damenta
2232 758 2340 795 una
2368 759 2484 795 cum
2522 745 2662 797 natis
2685 745 2919 802 edidicit.

2017 909 2106 964 24.
2142 910 2274 965 Illud
2312 918 2616 982 prtescrtim
2657 919 2958 973 cavendum
2993 931 3098 986 est,
3128 939 3234 976 non
3272 926 3537 994 suphisla-

1948 1039 2068 1077 rum
2113 1026 2319 1081 scholis
2351 1028 2490 1081 filios
2518 1030 2963 1097 committamus;
3014 1044 3067 1087 at
3099 1033 3143 1086 si
3176 1034 3335 1089 nobis
3379 1038 3532 1090 cordi

1945 1146 2109 1190 estut
2159 1138 2210 1190 in
2245 1138 2442 1193 litteris
2488 1154 2551 1192 ac
2589 1142 2836 1195 moribus
2878 1159 3040 1212 quam
3085 1145 3320 1199 maxime
3368 1147 3533 1215 proli-

1944 1250 2110 1312 cianl,
2144 1261 2200 1305 et
2246 1253 2346 1307 sibi
2405 1263 2460 1307 et
2512 1255 2635 1309 aliis
2671 1271 2833 1324 quam
2883 1259 3157 1312 utilissimi
3204 1260 3354 1326 ﬁant,
3394 1277 3535 1330 prm-

1945 1373 2194 1428 Ceptm'es
2226 1380 2330 1418 non
2365 1365 2399 1419 ii
2427 1377 2719 1421 sumantur
2753 1369 2845 1438 qui
2885 1370 3026 1424 bene
3055 1371 3280 1438 quidem
3319 1372 3532 1426 litteras

1946 1475 2166 1538 docent,
2216 1478 2396 1546 pravis
2448 1491 2630 1536 autem
2693 1491 2845 1547 sunt,
2912 1484 3187 1550 moribus;
3242 1496 3335 1540 aut
3401 1488 3529 1540 dum

1945 1589 2123 1658 quoad
2172 1606 2354 1647 mores
2381 1593 2575 1665 integri
2599 1607 2953 1667 sunt,parum
2987 1599 3167 1655 idonei
3196 1601 3262 1654 ad
3288 1599 3532 1671 discipli-

1944 1715 2070 1752 nam
2132 1700 2575 1760 adolescentibus
2630 1705 2995 1771 tradendam;
3048 1707 3159 1759 imo
3198 1705 3236 1760 ii
3288 1707 3525 1777 eligendi

1943 1825 2107 1868 erunt
2135 1830 2368 1882 quorum
2406 1815 2713 1871 doctrinam
2758 1819 3004 1874 moribus
3033 1819 3365 1889 respondere
3399 1837 3531 1874 con-

252 1909 354 1960 καὶ
382 1907 461 1971 ὡς
504 1910 604 1980 οὐχ
656 1911 795 1980 ὑπὲρ
823 1913 933 1966 τῶν
963 1916 1172 1969 παίδων
1209 1917 1411 1986 μᾶλλον
1445 1918 1478 1987 ἢ
1514 1917 1654 1988 ὑπὲρ
1681 1919 1823 1986 sua»

1941 1939 2085 1993 stat;
2148 1929 2226 1984 sic
2258 1930 2404 1984 enim
2437 1939 2494 1985 et
2517 1929 2820 1999 discipulis,
2848 1939 2905 1986 et
2945 1927 3105 1988 nobis
3143 1918 3198 1986 et
3247 1935 3525 2003 magistris

250 2000 441 2053 αὐτῶν
484 2003 583 2055 καὶ
623 2005 845 2074 προσέτ’
890 2007 1077 2060 αὐτῶν
1125 2008 1487 2074 διδασκάλων,
1522 2011 1729 2079 γνοίητ’
1769 2012 1838 2064 ἂν

249 2093 374 2146 ὡδί.
411 2093 472 2146 Et
513 2095 622 2164 γὰρ
673 2096 742 2150 τὰ
785 2099 882 2167 μὲν
914 2101 1110 2169 πρῶτα
1149 2101 1259 2152 τῶν
1293 2103 1641 2172 μαθημάτων
1677 2103 1835 2156 δυνά-

252 2206 380 2258 μεις
409 2190 547 2242 είσὶν
578 2192 842 2260 ἑκατέρου
879 2193 1022 2262 βίου.
1054 2193 1149 2248 καὶ
1181 2189 1295 2248 οἷον
1346 2196 1632 2258 ὑποθέσεις
1657 2191 1731 2267 δη
1753 2214 1836 2248 τι-

248 2299 345 2344 νες
375 2285 468 2335 καὶ
494 2287 844 2352 παρασκευαὶ
869 2285 965 2338 τοῦ
997 2286 1134 2354 πρὶς
1161 2287 1362 2356 ἀρετὴν
1389 2289 1422 2359 ἢ
1455 2291 1655 2343 κακίαν
1682 2292 1832 2352 ὅπως

243 2375 318 2427 ἄν
345 2375 504 2445 τύχοι
541 2379 812 2448 χωρῆσαι,
855 2381 956 2441 τὰς
995 2381 1053 2432 δὲ
1086 2381 1194 2434 τῶν
1220 2383 1354 2435 νέων
1383 2383 1560 2453 ψυχὰς
1592 2387 1831 2452 μάλιστα

248 2469 355 2535 μὲν
398 2472 496 2525 καὶ
533 2471 622 2524 διὰ
667 2472 729 2524 τὸ
779 2472 954 2541 κηροῦ
984 2474 1144 2544 δίκην
1192 2476 1548 2546 ἁπαλωτέρας
1579 2475 1830 2550 εἶναιτῷ

242 2562 565 2633 χρόνῳ.οὑχ
596 2566 801 2632 ἥκιστα
821 2566 878 2619 δὲ
905 2567 1002 2621 καὶ
1034 2568 1121 2620 διὰ
1158 2571 1219 2621 τὸ
1248 2571 1712 2640 μηδουστινασοῡν
1742 2593 1829 2628 πω

239 2656 356 2707 τῶν
379 2656 642 2710 ἐναντίων
667 2659 995 2728 χαρακτῆρα
1023 2659 1290 2730 δεδέχθαι,
1311 2663 1455 2716 οὕτω
1482 2665 1582 2732 μιν
1616 2667 1823 2737 ῥᾳδίας,

240 2748 394 2801 οὓτω
429 2749 476 2801 δ’
505 2754 587 2814 είς
626 2751 898 2821 ὑποδοχὴν
929 2753 1184 2822 ἑτοίμους
1224 2751 1367 2808 εἶναι
1402 2756 1713 2825 ξυμσαίνει,
1749 2761 1825 2823 ὡς

241 2841 414 2901 εὐθὺς
449 2842 663 2906 τούτοις
693 2845 1001 2912 ινίσχεσθαι
1031 2847 1125 2898 καὶ
1155 2849 1499 2915 παραμένειν
1533 2853 1614 2912 είς
1649 2853 1821 2912 ἆπαν.

239 2934 471 3002 εὔδηλον
515 2937 591 2998 ὡς
634 2938 733 2990 ἐὰν
788 2938 888 3006 μὲν
932 2940 1120 2998 αὐτοῖς
1168 2942 1384 3010 χρηστὰ
1437 2947 1820 3015 προσαγάγῃς.

239 3029 520 3094 χρηστοὺς
547 3029 770 3083 ἔσεσθαί
811 3047 894 3084 σει
932 3034 1026 3085 καὶ
1070 3033 1349 3096 τοιούτους
1396 3037 1689 3106 προσδόκα,
1727 3039 1824 3091 καί

239 3138 330 3173 σοι
355 3123 515 3188 δόξαν
539 3124 638 3192 οὐχ
677 3117 840 3194 ἦττον
881 3128 1146 3195 φέροντας
1166 3143 1181 3158 ’
1215 3128 1310 3180 ἐὰν
1340 3128 1395 3181 δὲ
1422 3132 1517 3198 μὴ,
1545 3133 1647 3199 τῆς
1690 3134 1819 3202 περὶ
1846 3162 1890 3220 G

236 3217 418 3270 ταῦτα
458 3219 793 3289 διαμαρτίας
836 3221 1008 3284 αὐτὸς
1041 3222 1107 3274 σὺ
1155 3223 1355 3274 ταυτὸν
1384 3224 1548 3275 αίττῶ
1573 3241 1588 3254 ·
1620 3226 1715 3276 καὶ
1751 3227 1817 3278 σὺ

240 3311 451 3379 μᾶλλον
479 3311 671 3374 δώσεις
697 3314 796 3383 τὴν
829 3316 986 3381 δίκην
1021 3315 1096 3384 μὴ
1122 3315 1476 3383 θαυμαστούς
1507 3336 1660 3380 τινας
1689 3319 1819 3371 τού-

231 3419 371 3464 τους
399 3405 702 3474 ὲπιστήσας
747 3407 874 3468 τοὺς
909 3407 1177 3469 πλάστας.
1214 3409 1365 3474 Ἐξὸν
1393 3408 1487 3461 οὖν
1537 3412 1633 3464 καὶ
1665 3413 1820 3466 παιδὶ

231 3499 338 3551 καὶ
363 3497 554 3567 σαυτῷ
584 3498 652 3550 δι’
691 3492 765 3551 ὦν
793 3500 932 3568 ἔφην
970 3502 1036 3553 τὰ
1086 3500 1334 3568 βέλτιστα
1377 3504 1686 3572 χρήσασθαι
1721 3507 1818 3557 καὶ
1865 3509 1868 3513 ’

233 3591 383 3661 μέγα
411 3593 841 3660 παρασκευάσαι
875 3597 1116 3661 φρονεῖν,
1150 3592 1251 3646 εἶτ’
1281 3597 1376 3665 οὐχ
1413 3597 1650 3666 αίρήσῃς
1686 3597 1816 3651 Ὀτε

225 3683 347 3749 γὰρ
377 3683 498 3734 οὐδὲ
526 3687 642 3746 τοῖς
690 3684 921 3752 τυχοῦσι
954 3685 1064 3736 τῶν
1101 3687 1288 3754 μύθων
1323 3687 1458 3754 πρὸς
1508 3688 1577 3740 τὰ
1625 3690 1816 3741 παιδία

221 3773 542 3841 κεχρῆσθαι
585 3774 822 3828 Πλάτων
869 3777 967 3837 τάς
1017 3776 1206 3839 τίτθας
1237 3779 1319 3849 ἑᾷ,
1345 3778 1432 3830 διὰ.
1476 3781 1534 3831 τὸ
1585 3781 1662 3848 μὴ
1703 3783 1814 3843 τοῖς

222 3866 466 3933 φαύλοις
495 3866 734 3936 ὲξτρχῆς
780 3867 1099 3929 ἐνειθίσθαι,
1133 3869 1192 3929 ὃς
1235 3886 1298 3936 γε
1332 3871 1454 3922 οὐδὲ
1501 3871 1815 3942 βαρϐάρους

221 3957 354 4010 ἀλλ’
391 3957 706 4027 Ἑλληνίδας
731 3959 941 4018 ταύτας
977 3955 1122 4010 εἶναι
1162 3958 1403 4024 κελεύει,
1427 3957 1579 4030 ἦπου
1608 3962 1719 4016 τῶν
1749 3981 1813 4031 γε

219 4052 540 4103 παιδευτῶν
559 4053 675 4113 τοῖς
702 4052 766 4103 οὐ
804 4051 987 4113 καλῶς
1018 4052 1201 4121 ἔχουσι
1235 4055 1367 4115 τοὺς
1413 4057 1550 4116 υίεῖς
1581 4059 1812 4124 ἐπιτρέ-

217 4161 357 4194 πειν
398 4144 508 4194 τῶν
564 4146 932 4197 ἀτοπωτάτων
975 4147 1039 4197 ἂν
1089 4145 1212 4214 εἴη·
1255 4148 1362 4216 χρὴ
1409 4149 1518 4215 γὰρ
1559 4151 1699 4201 κατὰ
1751 4151 1814 4202 τὸ

223 4235 359 4296 ἔπος
393 4253 414 4285 ι
451 4234 595 4287 παῖδ’
625 4235 699 4287 ἔτ’
729 4235 886 4287 ἐόντα
907 4236 1052 4288 καλὰ
1077 4238 1426 4308 διδασκέμεν.
1458 4258 1474 4288 ι
1516 4241 1676 4294 Ἀλλά
1705 4242 1811 4312 μὴν

222 4331 467 4390 καὶτοῖς
522 4329 866 4382 διδάσκουσιν
920 4333 1101 4393 αὐτοῖς
1148 4333 1247 4401 οὐχ
1298 4335 1422 4385 ὅσον
1463 4336 1541 4396 εἰς
1586 4333 1812 4389 ἔπαινον

225 4421 386 4482 φέρει
451 4419 548 4467 καὶ
599 4419 794 4486 κέρδος
845 4437 862 4467 ι
917 4420 1104 4487 μύθων
1163 4438 1223 4473 τε
1280 4425 1522 4491 ρητῆρας
1575 4425 1809 4493 ἔμμεναι

219 4509 558 4576 πρηκτῆράς
596 4508 642 4560 τ’
677 4508 854 4578 ἔργων
881 4525 896 4538 ⁶

221 4597 502 4656 τοιούτους
531 4598 596 4665 δή
625 4616 781 4658 τινας
811 4601 1013 4661 αὐτοὺς
1056 4597 1217 4659 εἶναι.
1244 4603 1278 4672 ἢ
1317 4604 1545 4672 μηδενὸς
1590 4607 1652 4657 τὸ
1701 4625 1805 4660 πα-

225 4695 407 4759 ράπαν
443 4691 632 4755 ἀξίους
674 4688 838 4754 εἶναι,
872 4692 996 4760 μηδ’
1023 4693 1244 4746 ἀκούειν
1286 4695 1424 4757 ὅλως
1454 4698 1480 4749 δ
1521 4701 1804 4770 προῄρην-

222 4782 316 4832 ταί
353 4798 414 4832 τε
449 4784 544 4835 καὶ
577 4783 850 4849 λέγονται.
884 4783 1053 4837 Ὅταν
1107 4788 1214 4854 γὰρ
1252 4787 1403 4838 τουτὶ
1449 4788 1536 4840 διὰ
1583 4791 1803 4842 πάντων

223 4876 500 4944 κρατήσῃ,
540 4876 614 4936 ὡς
667 4875 850 4944 μόνοις
887 4875 1061 4946 δήπου
1111 4881 1225 4939 τοῖς
1269 4880 1438 4947 ἄμφω
1487 4885 1802 4951 κρατίστοις

217 4967 404 5018 δοτέον
451 4969 570 5019 ἐστὶ
615 4970 743 5028 τοὺς
793 4970 1010 5032 παῖδας,
1061 4972 1384 5041 αἱρήσονται
1434 4977 1530 5027 καὶ
1579 4977 1802 5041 ἄκοντες

218 5052 391 5121 οὗτοι,
429 5059 638 5126 ἐάνπερ
694 5058 795 5111 οὐκ
837 5054 964 5123 ὦσι,
994 5061 1229 5113 τοιοῦτοι
1259 5062 1322 5133 δή
1377 5081 1523 5126 τινες
1570 5071 1801 5137 γεγενῆ-

217 5153 350 5203 σθαι
414 5153 508 5203 καὶ
553 5154 734 5204 πᾶσαν
767 5154 909 5221 ὑπὲρ
949 5155 1115 5207 αὐτοῦ
1163 5156 1360 5209 τούτου
1410 5162 1645 5230 σπουδὴν
1689 5167 1802 5218 εἱσ-

217 5245 466 5309 ενέγκαι,
503 5245 710 5306 ειδότες
759 5247 831 5308 ὡς
877 5248 1028 5299 οὐδὲν
1074 5249 1257 5311 αὐτοῖς
1305 5253 1458 5303 ἔσται
1506 5255 1670 5306 πλέον
1722 5259 1798 5327 μὴ

215 5339 394 5407 ταύτῃ
455 5339 859 5409 δἀκειμένοιςο
896 5341 1037 5394 ὥστε
1101 5348 1195 5395 καὶ
1255 5343 1314 5408 ἐξ
1368 5340 1442 5399 ὧν
1496 5347 1802 5417 βελτῐστους

213 5429 395 5487 οὕτως
445 5429 595 5495 ἕξετε
641 5434 768 5492 τοὺς
836 5435 996 5498 υἱεῖς,
1028 5437 1121 5488 καὶ
1173 5437 1231 5501 ἐξ
1289 5434 1364 5492 ὧν
1413 5443 1598 5507 αὐτοῖς
1645 5445 1800 5513 ὑμεῖς

212 5520 647 5588 συειητθήσεσθε,
684 5524 777 5576 καὶ
820 5520 900 5587 οἷς
932 5530 1042 5590 τοῖς
1072 5529 1417 5584 διδάσκουσιν
1447 5534 1620 5596 οὕτως
1652 5538 1802 5607 ἔχου-

213 5627 300 5660 σιν
335 5612 534 5663 ἅπανθ’
562 5613 670 5680 ἕξει
701 5616 905 5684 καλῶς,
938 5620 1031 5671 καὶ
1055 5615 1133 5682 οἷς
1175 5623 1224 5673 εί
1255 5625 1328 5687 μὴ
1379 5624 1552 5689 οὕτως
1583 5629 1800 5696 ἔλουσεν

1942 2041 2080 2095 bene
2111 2044 2421 2098 consultum
2445 2044 2566 2098 erit.
2611 2043 2666 2098 Si
2694 2044 2840 2099 enim
2877 2045 3146 2100 doctrinae
3176 2047 3428 2116 primitize
3455 2062 3520 2101 ac

1939 2158 2287 2212 l'iiinlamema
2321 2171 2608 2231 utramque
2629 2160 2793 2216 vitam
2820 2172 3131 2217 sustentant
3165 2172 3221 2217 et
3256 2165 3515 2217 virtutem

1935 2280 2029 2324 aut
2056 2273 2186 2326 vitia
2240 2273 2447 2340 fovent,
2495 2275 2548 2328 id
2603 2285 2821 2330 nonest
2881 2277 3320 2332 obliviscendum
3373 2280 3520 2347 quod

1935 2400 2228 2452 puerorum
2264 2388 2430 2441 animi
2479 2403 2660 2443 ceram
2704 2389 2928 2445 mollitie
2989 2400 3208 2459 aequant
3258 2401 3310 2445 et
3363 2391 3520 2447 facile

1932 2500 2337 2555 conviventium
2369 2501 2660 2572 imaginem
2695 2513 2752 2558 et
2791 2505 3108 2575 exemplum
3138 2505 3429 2560 imitantur
3465 2515 3520 2560 et

1931 2615 2166 2671 ﬁdeliter
2190 2618 2529 2689 exprimunt.
2554 2620 2692 2675 Ilinc
2719 2629 2870 2691 patet
2899 2622 3044 2692 quod
3079 2622 3124 2676 si
3162 2623 3350 2678 isthmc
3373 2623 3517 2678 bona

1926 2735 2075 2792 sunt,
2127 2728 2256 2784 boni
2318 2739 2373 2784 et
2415 2731 2518 2800 ipsi
2567 2744 2750 2796 erunt,
2772 2742 2825 2787 et
2854 2743 3002 2789 tuam
3061 2735 3236 2804 ipsius
3288 2737 3516 2805 gloriam

1925 2839 2224 2909 augebunt.
2256 2840 2349 2896 Sin
2376 2844 2558 2915 minus
2590 2843 2774 2898 lzetum
2811 2845 3052 2902 fructum
3080 2848 3207 2904 inde
3242 2851 3508 2919 percipis,

1927 2957 1980 3002 te
2013 2949 2127 3019 ipse
2145 2963 2399 3006 accusata
2415 2954 2509 3022 qui
2534 2955 2714 3010 minus
2727 2955 2901 3011 bonos
2925 2968 3292 3027 przeceptores
3315 2961 3510 3016 liberis

1924 3064 2036 3115 tuis
2091 3061 2402 3131 praefecisti.
2449 3064 2607 3130 Quod
2651 3068 2695 3120 si
2726 3077 2783 3122 et
2825 3067 2922 3123 tibi
2952 3077 3009 3122 et
3053 3069 3513 3128 adolescentibus

1923 3191 2072 3229 nunc
2102 3177 2442 3245 potissimum
2476 3188 2720 3250 tempore
2740 3198 2827 3236 res
2845 3194 3150 3252 praesentes
3173 3186 3228 3238 in
3265 3197 3513 3240 vestrum

1921 3299 2244 3346 convertere
2287 3292 2636 3347 commodum
2693 3295 2842 3359 licet,
2878 3312 2978 3351 cur
3033 3314 3142 3351 non
3204 3301 3508 3353 consilium

1919 3412 2136 3466 aequum
2207 3402 2441 3470 capitis?
2497 3403 2632 3458 Dum
2662 3405 2816 3470 Plato
2848 3407 3107 3476 prohibet
3138 3425 3205 3464 ne
3267 3412 3512 3466 nutrices

1918 3522 2146 3567 teneros
2175 3514 2470 3570 infantium
2497 3518 2714 3573 animos
2738 3521 2995 3575 absurdis
3011 3521 3227 3578 fabellis
3257 3526 3510 3580 imbuant

1919 3640 1986 3680 ue
2024 3627 2106 3679 sic
2155 3629 2423 3683 malarum
2475 3647 2660 3685 rerum
2712 3634 2956 3702 germina
3013 3645 3291 3699 serantur,
3321 3647 3380 3692 et
3451 3642 3501 3693 si

1924 3751 2051 3789 eum
2083 3739 2136 3792 in
2167 3741 2330 3794 linem
2355 3741 2571 3798 Graecas
2597 3759 2712 3809 eas,
2748 3761 2855 3800 non
2889 3745 3154 3804 Barbaras
3177 3749 3334 3818 jubet
3359 3767 3503 3816 esse,

1915 3849 2057 3903 nihil
2087 3867 2220 3905 sane
2271 3854 2564 3910 absurdius
2601 3868 2872 3926 estquam
2918 3861 3058 3916 ﬁlios
3091 3873 3318 3919 nostros
3376 3882 3495 3919 ma-

1905 3964 2103 4032 gistris
2135 3967 2442 4034 reprobatis
2487 3971 2788 4026 conlidere.
2842 3972 3004 4040 Nam,
3030 3986 3088 4029 ut
3139 3988 3224 4030 est
3271 3979 3328 4032 in
3379 3995 3504 4048 pro-

1916 4076 2132 4139 verbio,
2186 4078 2239 4131 in
2278 4088 2464 4134 tenera
2517 4092 2676 4138 tetate
2729 4087 2972 4139 animum
3022 4089 3266 4144 honestis
3331 4093 3501 4148 rebus

1911 4192 2256 4246 assuefacere
2278 4203 2516 4260 Oportet,
2549 4197 2694 4252 sicut
2718 4203 3152 4271 prmeeptoribus
3177 4222 3282 4260 non
3308 4221 3500 4275 parum

1913 4303 2056 4356 laudi
2081 4315 2166 4359 est
2191 4307 2457 4361 doctrinm
2481 4312 2908 4368 concordantem
2931 4315 3133 4385 degere
3159 4321 3359 4380 vitam.
3394 4323 3500 4375 nisi

1914 4418 1967 4470 in
1997 4418 2245 4471 omnium
2291 4432 2672 4490 contemptum
2719 4427 2914 4480 cadere
2953 4431 3164 4484 volunt.
3214 4433 3501 4503 llisigitur

962 4529 980 4560 ι
1039 4512 1177 4564 ἀλλὰ
1227 4514 1322 4563 καὶ
1379 4517 1537 4566 πᾶσα
1591 4517 1804 4587 ἀνάγκη

1922 4534 2325 4588 conditionibus
2357 4537 2581 4604 optimis
2609 4552 2827 4608 semper
2865 4544 3138 4611 magistris
3167 4551 3321 4614 pueri
3359 4554 3497 4602 edu-

1908 4651 2070 4702 candi
2093 4651 2391 4718 dabuntur,
2415 4654 2507 4720 qui
2540 4655 2957 4710 educandorum
2987 4675 3177 4714 curam
3215 4664 3495 4721 habebunt

1907 4777 2028 4813 eam
2051 4779 2174 4830 quae
2218 4764 2429 4820 fructus
2451 4767 2589 4821 ferat
2626 4770 2824 4838 iustos.
2877 4773 2953 4826 Ita
2987 4775 3078 4828 lict
3104 4785 3164 4829 ut
3189 4776 3285 4832 ﬁlii
3323 4783 3492 4836 vestri

1905 4874 2121 4932 favente
2151 4879 2388 4935 Minerva
2414 4883 2521 4938 lzeti
2555 4898 2872 4955 augescunt,
2901 4902 2954 4943 et
2985 4902 3044 4945 ut
3068 4909 3164 4947 vos
3192 4894 3295 4964 ipsi
3336 4899 3494 4954 vobis

1905 4994 2354 5058 congrutulemini
2385 4999 2582 5053 talibus
2628 5001 2792 5054 vitam
2833 5004 3073 5072 dedisse,
3113 5019 3168 5061 et
3198 5017 3254 5062 ut
3284 5026 3495 5079 praece-

1904 5109 2087 5166 ptores
2116 5103 2362 5159 laborum
2389 5124 2618 5164 suorum
2661 5117 2968 5169 mercedem
2994 5117 3245 5173 auferant
3275 5133 3331 5176 et
3361 5125 3481 5178 lau-

1901 5207 2064 5264 dibus
2091 5215 2352 5268 cumulati
2379 5217 2428 5270 id
2458 5237 2625 5274 unum
2666 5236 2824 5292 agant
2851 5235 2907 5278 ut
2940 5227 3194 5284 alumnos
3221 5232 3401 5292 bonis.
3429 5245 3490 5290 ut

1903 5315 2037 5377 dixi,
2063 5321 2275 5375 artibus
2305 5327 2474 5395 adjuti
2529 5345 2694 5398 quam
2731 5335 2962 5387 maxime
3000 5347 3322 5405 provehant.
3361 5343 3478 5397 llue

1900 5428 2110 5480 accedit
2139 5432 2281 5498 quod
2331 5451 2435 5487 non
2474 5437 2695 5492 obvium
2760 5458 3143 5514 quemcunque
3184 5464 3484 5520 praecepto-

1900 5548 2016 5586 rem
2070 5539 2274 5605 eligere
2329 5547 2583 5612 expedit,
2620 5551 2712 5616 qui
2771 5552 2994 5607 nomine
3045 5565 3254 5610 tantum
3301 5569 3386 5613 est
3428 5573 3485 5617 ct

1899 5644 2080 5710 specie
2104 5661 2354 5717 externa,
2388 5656 2589 5725 quippe
2619 5660 2712 5724 qui
2764 5662 3065 5728 prudentes
3095 5677 3150 5720 et
3181 5673 3334 5737 puris
3367 5688 3484 5724 mo-

285 5777 367 5899 ΩΙ)
431 5779 622 5834 Emi"
672 5783 777 5839 hoc
808 5787 1145 5870 epigramma
1208 5793 1349 5848 inter
1389 5797 1661 5867 Adespota
1725 5801 1778 5855 in
1822 5802 2079 5864 Brunckii
2143 5812 2419 5873 Analectis
2451 5821 2513 5874 Τ.
2539 5823 2627 5890 lll,
2665 5841 2715 5894 p.
2753 5827 2874 5896 l85,
2910 5841 3188 5903 sumptum
3219 5849 3284 5890 ex
3343 5835 3474 5892 Plu-

301 5871 328 5901 ι
357 5867 409 5903 ιο
447 5853 516 5903 De
545 5868 847 5903 nuerorum
878 5860 1208 5903 minimum”.

211 5850 409 5904 tarcho
447 5853 516 5908 De
545 5850 857 5921 puerorum
878 5850 1230 5919 educatione.
