4212 6430
746 374 853 440 543

1980 395 2380 460 THEODULI
2425 403 2780 467 MONACIII

3910 411 4023 474 544

743 484 897 543 ribus
933 496 988 543 et
1019 488 1315 549 virtutibus
1361 496 1540 550 ornati
1594 512 1718 553 esse
1765 496 1968 556 debent
2002 517 2053 559 ιιι
2093 524 2180 562 res
2212 510 2326 579 ipsa

2437 515 2534 583 οὐχ
2573 518 2712 587 ὅπερ
2762 518 2982 588 ἔχουσιν
3028 519 3230 586 ἕξουσι,
3279 523 3497 576 πάντων
3548 523 3730 576 εἵνεκα
3781 527 4024 578 σπουδα-

739 603 1011 670 exposcit.
1059 604 1331 676 lmpedire
1387 613 1535 666 enim
1593 617 1892 684 quominus
1945 623 2331 682 adolescentes

743 714 902 768 t‘mdis
956 715 1280 775 libidinibus
1332 723 1649 795 indulgeant
1705 744 1760 788 et
1813 734 1880 788 ad
1924 737 2184 793 virtutem
2237 758 2332 798 eos

740 827 1061 893 perducere,
1126 830 1312 899 fugere
1369 837 1564 901 otium,
1623 842 1835 900 litteras
1885 857 1942 902 et
2006 861 2152 906 artes
2202 871 2332 910 vcre

739 954 923 993 amare
983 950 1038 995 et
1088 946 1268 1000 studia
1321 949 1453 1004 aleze
1498 962 1555 1007 et
1583 962 1913 1025 spectaculis
1963 976 2326 1036 anteponere,

739 1064 849 1102 uno
881 1054 1047 1106 verbo
1081 1057 1245 1111 rebus
1270 1062 1434 1118 salvis
1455 1065 1561 1120 frui
1598 1068 1667 1124 ab
1696 1069 1819 1127 istis
1841 1077 2063 1143 pendet.
2095 1080 2250 1142 Quod
2280 1084 2326 1139 si

740 1173 971 1233 utraque
1033 1185 1118 1225 res
1165 1172 1346 1228 locum
1403 1176 1568 1234 habet
1607 1193 1663 1237 et
1714 1186 1948 1243 invicem
1999 1198 2327 1261 concordat,

736 1293 836 1332 vos
893 1282 1116 1349 quidem
1168 1290 1426 1346 omnibus
1505 1298 1750 1353 numeris
1798 1301 2034 1359 absoluti
2087 1308 2132 1361 si
2194 1312 2329 1365 estis

737 1393 969 1447 multum
1013 1407 1170 1454 natos
1206 1401 1584 1474 honorabitis;
1617 1419 1856 1468 vestrum
1890 1418 2039 1472 enim
2069 1431 2154 1475 est
2177 1439 2322 1491 quo-

736 1507 872 1560 tidie
901 1509 970 1562 ab
1006 1509 1070 1565 iis
1104 1515 1372 1571 rationem
1427 1533 1651 1588 poscere
1692 1540 1998 1600 eorumque
2047 1531 2187 1589 facta
2239 1537 2331 1591 in-

735 1619 1029 1690 vestigare.
1079 1623 1233 1691 Quod
1262 1630 1353 1684 ubi
1399 1643 1655 1701 parentes
1686 1648 1741 1692 et
1772 1653 2141 1712 praeceptores
2187 1653 2314 1702 ani-

739 1734 1191 1805 madverterunt,
1233 1757 1300 1796 eo
1337 1745 1623 1805 ardentius
1661 1752 1727 1806 ad
1755 1768 1896 1823 opus
1941 1758 2322 1829 aceingentur.

742 1848 951 1916 Volupe
979 1851 1124 1906 enim
1176 1853 1246 1908 iis
1271 1866 1378 1911 -est
1433 1861 1783 1920 alumnorum
1819 1867 2100 1938 ingenium
2157 1889 2323 1929 orna-
2361 1857 2397 1909 Β

739 1961 886 2016 visse
904 1973 957 2017 et
983 1963 1306 2036 illustrasse,
1352 1983 1639 2044 postquam
1675 1978 1778 2049 ipsi
1821 1981 1891 2038 ab
1929 1982 2121 2040 iisdem
2149 1986 2324 2043 initiis

740 2077 945 2144 egressi
973 2089 1120 2134 sunt.

808 3007 903 3062 25.
942 3006 1070 3066 Haec
1132 3011 1322 3068 eadem
1366 3029 1479 3071 non
1525 3016 1705 3073 solum
1749 3019 1818 3077 de
1853 3020 2076 3090 litteris,
2109 3022 2206 3079 sed
2255 3022 2324 3079 de

735 3123 995 3180 omnibus
1042 3127 1254 3184 artibus
1287 3128 1434 3186 dico.
1470 3132 1578 3188 Vos
1618 3145 1802 3191 autem
1838 3148 2172 3195 mementote
2207 3155 2318 3195 non

737 3236 794 3291 in
823 3238 1143 3294 divitiarum
1175 3257 1240 3297 ac
1271 3259 1438 3313 opum
1473 3249 1813 3305 abundantia
1839 3260 1898 3306 et
1929 3252 2076 3307 inani
2108 3253 2278 3325 gloria
2304 3271 2319 3320 ;

735 3350 834 3404 sed
859 3349 912 3404 in
939 3366 1151 3407 morum
1194 3354 1509 3427 integritate
1546 3369 1604 3416 et
1633 3361 1758 3419 vita:
1805 3365 2102 3422 sanctitate
2155 3365 2320 3422 ﬁnem

736 3465 1007 3518 bonorum
1063 3465 1229 3520 situm
1269 3483 1391 3524 esse
1434 3480 1490 3525 et
1526 3471 1594 3526 iis
1639 3476 1987 3542 propositum
2037 3477 2130 3545 qui
2191 3491 2321 3531 vere

736 3576 957 3645 sapiunt
1002 3587 1060 3633 et
1092 3579 1352 3647 pietatem
1396 3583 1605 3639 colunt.
1658 3585 1795 3640 Illud
1854 3602 1986 3641 vero
2014 3588 2322 3658 voluptatis

737 3698 1036 3744 sectatores
1069 3701 1196 3745 ante
1230 3693 1413 3748 omnia
1465 3709 1775 3766 sequuntur
1807 3707 1868 3753 ut
1911 3699 2194 3756 luxuriose
2239 3703 2322 3755 vi-

740 3811 892 3857 vant.
931 3802 1084 3867 Quod
1130 3804 1175 3858 si
1209 3805 1384 3861 virtus
1414 3807 1562 3863 vitiis
1601 3819 1842 3879 prastat,
1874 3821 1933 3867 ut
1962 3815 2144 3868 anima
2205 3830 2326 3870 cor-

740 3915 858 3984 pori
916 3919 1139 3984 quoqt'te
1189 3917 1446 3986 superior
1493 3927 1615 3987 est,
1679 3922 1895 3978 meliori
1962 3924 2137 3979 nostri
2182 3925 2323 3995 parti

743 4029 920 4098 major
989 4044 1123 4084 cura
1171 4030 1422 4088 debetur.
1473 4033 1601 4088 Ideo
1664 4035 1837 4091 Deum
1903 4039 1957 4092 in
2011 4040 2324 4095 actionibus

741 4144 949 4200 nostris
981 4145 1249 4210 colamus,
1285 4161 1388 4201 nec
1421 4147 1640 4203 divitias
1683 4149 1749 4204 ad
1781 4151 2095 4222 voluptates
2128 4131 2330 4208 absur:

741 4259 842 4315 das
884 4260 1292 4329 impendamus,
1336 4267 1524 4330 utpote
1552 4277 1674 4331 qua:
1697 4264 2057 4321 abutentibus
2104 4281 2324 4320 omnem

743 4375 1003 4445 peccandi
1036 4389 1226 4429 ansam
1274 4375 1404 4428 dant
1435 4374 1669 4444 ideoque
1716 4376 1991 4445 fugiendae
2019 4388 2168 4432 sunt.
2203 4379 2320 4432 Non

741 4491 892 4544 enim
935 4490 990 4543 in
1019 4489 1229 4543 divitiis
1262 4488 1438 4543 virlus
1477 4489 1580 4544 sita
1609 4499 1710 4553 est,
1741 4491 1836 4545 sed
1887 4492 2094 4546 virtute
2120 4493 2324 4548 divitiae

749 4612 882 4658 sunt
914 4601 1284 4671 acquirendat.
1317 4600 1431 4655 Hoc
1455 4611 1638 4658 autem
1666 4603 1798 4673 quid
1823 4605 1971 4659 aliud
2007 4615 2092 4660 est
2121 4607 2226 4660 nisi
2257 4623 2326 4662 ex

746 4717 890 4771 bona
921 4715 1125 4778 indole,
1157 4730 1278 4785 qua:
1302 4715 1588 4783 debemus,
1617 4716 1818 4780 facere,
1847 4727 1904 4772 et
1932 4717 2083 4773 bene‘
2102 4734 2202 4774 nos
2226 4721 2328 4773 lia-

743 4830 873 4884 bere
907 4830 1075 4883 etiam
1103 4828 1223 4883 sine
1253 4828 1491 4898 opibus;
1548 4830 1593 4884 si
1626 4831 1751 4900 quis
1783 4841 1965 4886 autem
1995 4834 2328 4900 pecuniosus

746 4955 855 5008 est,
883 4942 1095 4998 felicior
1110 4957 1232 4996 esse
1253 4942 1457 5012 poterit
1478 4953 1769 5014 propterea
1790 4944 1936 5014 quod
1967 4946 2092 5002 aliis
2109 4963 2327 5017 quoque

742 5060 887 5114 bene
919 5056 1100 5110 facere
1124 5064 1327 5124 potest.
1357 5053 1513 5120 Quod
1554 5057 1598 5111 si
1639 5057 1898 5112 virtutem
1929 5060 2184 5114 secundae
2217 5061 2327 5115 for-

744 5185 888 5227 tuna:
917 5173 1249 5240 conjungere
1270 5170 1454 5232 vultis,
1484 5185 1598 5224 rem
1622 5171 1784 5225 laude
1811 5171 2036 5242 dignam
2059 5173 2325 5228 feceritis.

748 5288 1005 5342 Felicitas
1033 5287 1180 5338 enim
1211 5292 1297 5339 est
1341 5284 1596 5339 aetivitas
1639 5284 1806 5338 animi
1841 5299 1938 5354 per
1968 5286 2225 5340 virtutem
2257 5286 2324 5340 ad

747 5404 915 5456 vitam
941 5395 1265 5469 perfectam.
1302 5396 1359 5452 Si
1391 5405 1574 5452 autem
1624 5399 1830 5452 virtute
1874 5400 2076 5454 omissa
2128 5415 2326 5469 argen-

745 5522 858 5563 tum
911 5506 1292 5562 tantummodo
1322 5506 1624 5570 veuamini,
1653 5506 1769 5560 fieri
1805 5521 1916 5560 non
1971 5518 2152 5578 potest
2192 5511 2325 5580 quin

748 5634 831 5676 ter
886 5621 1136 5676 infelices
1179 5619 1308 5673 facti
1347 5620 1400 5673 in
1444 5619 1741 5674 duiaturas
1796 5622 2054 5676 labamini
2101 5625 2326 5678 calami-

750 5744 923 5796 tntes;
990 5745 1114 5785 nam
1168 5745 1274 5783 non
1319 5729 1420 5783 nisi
1479 5730 1868 5785 semihomines
1914 5733 2087 5799 eritis,
2133 5736 2326 5788 anima:

751 5846 964 5902 ratione
1021 5843 1244 5910 emissa,
1278 5845 1526 5915 corporis
1589 5855 1797 5900 tantum
1852 5863 2036 5903 curam
2079 5861 2320 5920 agentes,

3059 560 3085 586 Ὅ

2437 607 2589 660 στέον
2625 609 2755 676 περὶ
2785 609 2894 662 τῶν
2925 609 3130 662 παίδων
3162 610 3220 664 ὂν
3251 613 3452 682 εἴρηκα
3483 614 3699 683 τρόπον.
3725 616 3845 668 Ἔτι
3880 617 4026 679 πῶς

2434 699 2643 762 τούτοις
2698 700 2801 770 χρὴ
2864 702 2939 771 μὴ
2985 704 3112 764 τοὺς
3163 704 3428 771 τυχόντας
3489 707 3764 760 ποιεῖσθαι
3816 708 4024 759 παιδα-

2435 795 2670 859 γωγοὺς,
2699 795 2805 846 οὐδ’
2836 795 3097 863 ὀνόματος
3147 797 3334 860 ἀπὶῶς
3378 801 3890 865 ἀντιποιουμένους,
3923 803 4026 852 καὶ

2434 883 2592 938 τοῦτο
2641 887 2799 953 μόνον
2852 887 3165 955 δοκοῦντας,
3187 891 3330 951 ἀλλά
3366 893 3505 945 κατᾶ
3552 892 3726 945 ταῦτα
3774 896 3889 953 τοῖς
3941 893 4026 944 δι-

2434 978 2728 1038 δασκάλοις
2773 981 2867 1033 καὶ
2917 982 3204 1052 σώφρονας
3246 985 3340 1035 καὶ
3385 986 3649 1053 κοσμίους
3675 986 3772 1037 καὶ
3805 985 4025 1052 φρενῶν

2432 1071 2494 1124 εὖ
2542 1073 2804 1142 ἥκοντας,
2837 1077 2933 1129 καὶ
2994 1077 3162 1146 μηδὲν
3206 1077 3488 1140 ὲνδέοντας
3538 1080 3762 1131 ἐκείνων
3796 1082 3865 1148 τῇ
3911 1078 4024 1129 τῶν

2433 1165 2651 1232 τρόπων
2681 1170 2872 1238 ἀρετῇ,
2911 1171 2961 1223 εί
3003 1171 3078 1239 μὴ
3128 1173 3223 1224 καὶ
3267 1172 3447 1242 πολλῷ
3484 1174 3704 1242 μείζους
3733 1173 3917 1239 ὄνταξς
3946 1173 4023 1234 ὡς

2433 1259 2598 1326 ἔγωγ’
2626 1260 2692 1314 ἂν
2728 1267 2915 1329 φαίην,
2945 1265 3039 1316 καὶ
3070 1263 3130 1315 τὸ
3159 1265 3307 1336 εἰκὸς
3352 1267 3596 1318 ἀπαιτεῖ.
3635 1267 3710 1318 Τὸ
3741 1266 3849 1333 γὰρ
3892 1270 4025 1327 τοὶς

2433 1353 2587 1414 νέους
2612 1355 2948 1422 ἀφίστασθαι
2977 1358 3080 1424 μὲν
3118 1358 3229 1410 τῶν
3259 1359 3320 1410 οὐ
3355 1359 3538 1412 καλῶν
3587 1361 3812 1428 ἡδονῶν,
3846 1363 4021 1429 ἀρετῇ

2430 1443 2487 1496 δὲ
2513 1445 2729 1514 χαίρειν
2765 1450 2858 1500 καὶ
2892 1450 3015 1519 τοῖς
3054 1448 3154 1516 τῆς
3204 1451 3406 1519 ἀρετῆς
3462 1451 3710 1511 κάλλεσι,
3749 1453 3928 1518 μισεῖν
3965 1452 4022 1502 δὲ

2431 1537 2656 1604 ἀργίαν,
2687 1538 2794 1590 τῶν
2824 1539 2880 1591 δὲ
2909 1539 3083 1607 λόγων
3111 1537 3169 1594 εὖ
3205 1542 3354 1608 μάλα
3397 1541 3557 1609 λόγον
3592 1543 3890 1604 ποιεῖσθαι,
3927 1544 4024 1594 καὶ

2430 1630 2557 1690 τοὺς
2591 1633 2718 1699 περὶ
2758 1631 2933 1684 ταῦτα
2983 1633 3179 1694 πόνους
3213 1633 3396 1704 ἡδίους
3441 1635 3685 1704 νομίζειν
3734 1636 3921 1686 κύϐων
3961 1652 4021 1685 τε

2431 1722 2525 1773 καὶ
2552 1721 2818 1791 θεάτρων,
2853 1724 2950 1776 καὶ
2995 1725 3056 1778 τὸ
3091 1725 3312 1793 ξύμπαν
3345 1728 3544 1789 εἰπεῖν,
3577 1727 3666 1780 διὰ
3698 1728 3925 1779 πάντων
3959 1726 4020 1778 εὖ

2429 1812 2596 1882 ἔχειν.
2635 1815 2692 1867 ὲν
2722 1814 2937 1879 τούτοις
2981 1817 3221 1884 μάλιστα
3252 1820 3431 1872 κεῖται
3455 1835 3469 1849 ·
3521 1819 3790 1871 τοιούτοιν
3831 1819 3879 1870 δ’
3914 1827 4021 1883 αμ-

2429 1907 2548 1970 φοῖν
2589 1905 2788 1968 ὄντοιν,
2826 1907 2921 1959 καὶ
2971 1908 3116 1960 οὕτω
3169 1909 3403 1978 μάλιστα
3448 1909 4016 1978 συγκεκροτημένοιν,

2426 1992 2640 2060 ἀνάγκη
2678 1981 2831 2046 πᾶσα
2853 1995 2956 2046 -καὶ
2991 1995 3061 2047 τά
3086 1996 3218 2066 παρ’
3250 1997 3410 2065 ὑμῶν
3442 1997 3655 2060 τούτοις
3687 1999 3977 2067 προσεῖναι
4003 2014 4016 2026 ·

2426 2083 2488 2133 οὐ
2518 2083 2628 2151 γὰρ
2670 2083 2808 2152 πρὸς
2849 2084 2949 2155 τὴν
2979 2086 3087 2139 τῶν
3132 2088 3342 2142 παίδων
3391 2089 3745 2156 εὐδοκίμησιν
3786 2091 4018 2168 ⁷ἀπόχρη

2431 2175 2567 2243 μόνα
2594 2177 2661 2228 τὰ
2692 2178 2928 2241 ’κείνων,
2963 2177 3100 2233 ἀλλά
3142 2184 3237 2236 καὶ
3267 2181 3366 2247 τῆς
3396 2182 3670 2252 ὑμετέρας
3703 2184 4018 2243 συντεὶείας

2429 2268 2685 2335 προσδεῖ·
2715 2269 2957 2337 συνεχῶς
3001 2271 3186 2329 αὐτοῖς
3217 2272 3555 2338 ἐνορώντων,
3587 2272 3684 2324 τού
3717 2273 3843 2324 παῦ’
3881 2274 4016 2326 ἐκα-

2429 2374 2566 2427 στην
2613 2358 2688 2420 ὼς
2737 2361 2914 2413 εἰπεῖν
2957 2359 3340 2413 ἀπαιτούντων
3387 2361 3621 2425 εὐθύνας
3649 2380 3662 2393 ι
3717 2364 3862 2416 ἐπὰν
3908 2369 4016 2432 γαρ

2427 2453 2519 2501 καὶ
2549 2451 2888 2518 παιδαγωγοὶ
2911 2452 3006 2504 καὶ
3025 2453 3341 2507 διδάσκαλοι
3370 2456 3546 2509 ταῦτα
3583 2458 4014 2517 συναέσθωνται.

2430 2541 2837 2611 σπουδαιότεροι
2870 2545 3090 2605 πάντως
3137 2548 3270 2615 περὶ
3323 2549 3525 2613 αὐτοὺς
3577 2552 3831 2605 ἔσονταιο
3871 2553 4015 2621 μᾶλ-

2429 2633 2517 2684 λον
2555 2635 2612 2687 δὲ
2665 2635 2845 2687 πάντα
2891 2636 3054 2688 πόνον
3095 2641 3345 2707 νομιοῦσι
3381 2645 3670 2713 ῥαστώνην
3710 2646 3852 2710 ὑπὲρ
3919 2644 4014 2696 τοῦ

2426 2726 2598 2788 λόγων
2623 2724 2845 2785 τούτους
2872 2727 3152 2795 ἐμπλῆσαι
3181 2733 3275 2782 καὶ
3299 2734 3639 2802 καταστῆσαι
3663 2741 4011 2802 περιφανεῖς,

2427 2816 2640 2869 οἴκοθεν
2682 2819 2777 2870 καὶ
2811 2817 3011 2880 αὐτοὺς
3058 2821 3167 2873 ἀπὸ
3214 2822 3323 2875 τῶν
3369 2825 3501 2876 ἴσων
3528 2827 3795 2895 ἀφορμῶν
3823 2830 4014 2895 ὁρμω-

2429 2910 2646 2978 μένους.

2500 3017 2583 3053 κε.
2613 2999 2801 3054 Ταυτά
2839 3001 2895 3053 δὲ
2939 3001 3117 3055 ταῦτα
3148 3003 3292 3071 λέγω
3321 3004 3417 3058 καὶ
3454 3006 3586 3075 περὶ
3612 3007 3806 3058 πασῶν
3832 3005 4012 3076 δήπου

2426 3092 2634 3161 τεχνῶν
2677 3093 2738 3146 οὺ
2779 3093 2955 3162 λόγων
3007 3096 3189 3164 μόνων
3214 3114 3228 3128 ο
3263 3097 3421 3167 ὑμεῖς
3469 3098 3548 3162 δὲ,
3587 3098 3656 3151 ἶν’
3687 3098 3864 3167 εἰδῆτε
3915 3102 4013 3151 καὶ

2349 3195 2393 3252 c
2426 3183 2607 3250 τοῦτο,
2670 3185 2744 3255 μὴ
2801 3189 3049 3259 χρήμασι
3104 3191 3493 3262 περιρρεῖσθαι
3550 3192 3645 3244 καὶ
3711 3193 4012 3261 κτημάτων

2426 3277 2788 3329 παντοδαπῶν
2814 3278 3092 3349 εὐπορεῖν,
3119 3280 3216 3332 καὶ
3255 3280 3412 3350 δόξης
3458 3282 3732 3350 μετέχειν,
3762 3281 4012 3350 ζηλωτὸν

2429 3366 2631 3435 μᾶλλον
2687 3368 2930 3437 ἡγεῖσθε,
2991 3371 3023 3442 ἢ
3078 3371 3307 3440 τρόποις
3364 3378 3623 3442 χρηστοῖς
3676 3377 3768 3427 καὶ
3825 3377 4014 3445 ἔργοις

2425 3460 2604 3528 κομᾷν
2647 3460 2743 3511 καὶ
2797 3460 2977 3513 πάντα
3020 3462 3302 3532 διαφέρειν
3336 3466 3430 3516 τὸν
3483 3464 3637 3533 βίονο
3679 3467 3739 3518 τὸ
3771 3469 3869 3534 μὲν
3902 3472 4013 3533 γάρ

2426 3551 2574 3603 ἐστιν
2609 3546 2667 3603 εὖ
2694 3552 3037 3620 φρονούντων
3066 3555 3140 3616 ὼς
3172 3554 3411 3623 ἀληθῶς,
3451 3557 3548 3610 καὶ
3597 3556 3743 3619 ὅπως
3789 3558 4013 3610 ἔσονται

2428 3645 2698 3714 Θεοφιλεῖς
2734 3651 2828 3699 καὶ
2869 3646 2964 3700 νῦν
3006 3650 3099 3702 καὶ
3131 3650 3211 3711 εἰς
3243 3645 3404 3713 αὖθις
3457 3651 3834 3704 σπευδόντων·
3871 3655 3932 3703 τὸ
3968 3651 4013 3705 δ’

2426 3732 2624 3802 ἡδονὴν
2659 3734 2820 3803 μόνον
2849 3733 3159 3804 ζητούντων
3186 3738 3284 3789 καὶ
3311 3742 3525 3809 τρυφᾷν
3550 3741 3696 3810 ἔχειν
3722 3744 3786 3794 ὲκ
3823 3761 4014 3812 περιτο

2425 3824 2520 3877 τοῦ
2571 3825 2632 3888 ἐξ
2679 3819 2752 3878 ὧν
2794 3826 2830 3880 ἃ
2865 3828 3000 3895 μηδὲ
3047 3828 3227 3896 λέγειν
3274 3828 3483 3894 ἔξεστιν
3541 3834 3786 3902 ἀπαντᾷ.
3844 3835 3906 3886 Εἰ
3953 3836 4012 3888 δὲ

2427 3917 2576 3970 τοῦτ’
2612 3918 2821 3970 ἐκείνου
2852 3922 3035 3988 χεῖρον
3065 3921 3342 3985 τοσοῦτον,
3383 3924 3508 3976 ὅσον
3559 3924 3705 3994 ψυχὴ
3754 3927 4013 3996 σώματος

2427 4011 2716 4076 κρείττων,
2748 4013 3088 4066 ἀποστατέον
3118 4013 3184 4066 ἂν
3211 4016 3297 4083 εῖη
3332 4017 3528 4069 τούτου
3567 4018 3850 4080 τοσοῦτον,
3880 4023 4012 4073 ὅσον

2426 4102 2606 4172 ψυχῆς
2654 4105 3004 4171 φροντιστέον
3027 4123 3043 4142 ο
3086 4108 3181 4159 καὶ
3213 4109 3499 4178 πειρατέον
3530 4111 3788 4177 καθάπαξ
3826 4115 4015 4182 050;.“-

2426 4194 2537 4256 λεῖς
2570 4189 2707 4246 εἶναι
2743 4193 2832 4248 διὰ
2866 4194 2934 4246 τὰ
2967 4195 3130 4264 ἔργα,
3163 4198 3254 4249 καὶ
3309 4197 3384 4268 μὴ
3419 4199 3621 4253 ’κείνου
3655 4204 4015 4257 παντάπασιν

2427 4287 2833 4357 ἀποστρόφους,
2866 4289 2942 4358 τῷ
2990 4293 3128 4360 πρὸς
3180 4292 3416 4355 ἀτόπους
3464 4295 3656 4364 ἡδονὰς
3691 4298 3761 4348 δι’
3806 4301 4017 4367 ἀρετῆς

2427 4385 2697 4437 ἀπουσίαν
2723 4385 2960 4452 χρῆσθαι
2991 4385 3072 4454 τῷ
3096 4386 3315 4454 πλούτῳ
3337 4404 3350 4418 ⁸
3387 4389 3447 4450 ὃς
3474 4391 3534 4441 ού
3579 4394 3741 4458 μόνον
3769 4394 3846 4462 τῷ
3877 4398 4018 4460 πρὸς

2430 4477 2613 4529 πᾶσαν
2673 4477 2874 4529 κακίαν
2926 4481 3038 4539 τοῖς
3079 4480 3142 4531 ού
3199 4480 3383 4542 καλῶς
3439 4485 3742 4551 χρωμένοις
3797 4487 4017 4552 ἐφόδιον

2359 4563 2400 4616 D
2430 4570 2734 4637 γίγνεσῦαι,
2769 4573 3028 4637 φευκτέος
3061 4572 3127 4625 ἂν
3182 4573 3268 4640 εἴη
3318 4575 3520 4641 μᾶλλον
3559 4578 3589 4644 ἢ
3622 4578 4014 4644 σπουδαστέος,

2433 4659 2552 4710 ἀλλ’
2600 4659 2684 4711 ὅτι
2734 4659 2829 4710 καὶ
2881 4660 3072 4712 τούτου
3124 4667 3316 4730 χωρὶς,
3365 4665 3464 4718 ούκ
3521 4667 3578 4717 ἑν
3629 4670 3708 4735 τῷ
3758 4671 4017 4722 πλουτεῖν

2431 4750 2620 4814 ἁπλῶς
2655 4754 2774 4805 ἐστι
2820 4751 2881 4804 τὸ
2914 4751 2976 4803 εὖ
3006 4755 3292 4821 πράττειν,
3322 4756 3440 4810 ἀλλ’
3468 4761 3526 4810 ὲν
3557 4760 3631 4827 τῴ
3658 4755 3716 4824 εὖ
3750 4765 4018 4831 πράττειν

2430 4844 2488 4896 τό
2529 4861 2593 4911 γε
2633 4844 2908 4897 πλουτεῖν.
2946 4840 3017 4898 Εύ
3050 4845 3108 4896 δὲ
3150 4847 3412 4915 πράττειν
3463 4850 3515 4901 τί
3553 4851 3619 4903 ἂν
3654 4852 3744 4920 εἴη
3783 4855 4014 4921 μᾶλλον,

2431 4932 2462 5002 ἢ
2498 4934 2638 4986 κατὰ
2684 4933 2864 5004 ψυχὴν
2909 4934 2969 4987 εὖ
3023 4939 3327 5004 πεφυκέναι
3372 4942 3466 4992 καὶ
3517 4941 3785 5010 πράττειν
3817 4946 3854 4998 ἃ.
3897 4948 4012 5010 δεῖς

2429 5027 2504 5087 ὡς
2548 5028 2576 5080 ὃ
2621 5043 2686 5094 γε
2720 5026 2965 5090 τοιοῦτος
3023 5028 3119 5080 καὶ
3174 5031 3478 5098 χρημάτων
3528 5033 3661 5088 ἄνευ
3704 5031 3786 5098 οἷς
3838 5037 4014 5104 οὕτως

2429 5118 2562 5185 ἔχει,
2607 5117 2827 5169 πάντων
2861 5117 3128 5170 κάλλιστα
3160 5118 3312 5187 ἔχει’
3357 5124 3449 5174 καὶ
3482 5123 3691 5175 τούτων
3724 5126 3806 5177 ἔτι
3847 5144 4014 5194 προσο

2427 5209 2617 5267 όντων,
2652 5206 3140 5275 εὐδαιμονέστερος
3190 5208 3257 5262 ἂν
3290 5209 3374 5278 εἴη
3408 5210 3504 5261 καὶ
3540 5212 3722 5278 πολὶῴ
3757 5213 4012 5280 βελτέων,

2427 5295 2503 5360 τῷ
2539 5297 2631 5347 καὶ
2661 5296 2788 5357 τοὺς
2821 5295 3014 5357 ἄλλους
3043 5291 3102 5348 εὖ
3148 5299 3322 5350 ποιεῖν
3356 5298 3633 5353 δύνασθαι.
3672 5301 3734 5353 Εἰ
3780 5302 3884 5367 μὲν
3916 5305 4011 5357 οὖν

2431 5388 2568 5455 μετὰ
2607 5385 2701 5437 τοῦ
2740 5389 3000 5456 πράττειν
3054 5390 3087 5439 ’i
3134 5388 3214 5440 δεῖ
3247 5390 3340 5441 καὶ
3371 5391 3623 5442 πλουτεῖν
3658 5393 3843 5446 οἴεσθε
3874 5394 4006 5459 δεῖν,

2428 5482 2522 5531 καὶ¹
2560 5478 2652 5529 τοῦ
2683 5477 2970 5530 καλλίστου
2993 5480 3146 5530 τοῦδε
3177 5481 3417 5533 ποιεῖσθε
3444 5481 3599 5549 λόγον
3633 5485 4006 5554 συνδυασμοῦ,

2427 5570 2660 5636 ζηλωτοὶ
2695 5569 2910 5630 πάντως
2941 5568 3062 5620 ἐστὲ
3101 5570 3196 5621 καὶ
3225 5570 3480 5623 πλεέστου
3521 5573 3666 5632 τινδς
3699 5572 3846 5636 ἄξιοι
3871 5593 3883 5604 ·
3922 5578 4010 5628 εύ-

2426 5661 2677 5727 δαιμονὶα
2719 5661 2826 5727 γάρ
2861 5661 2976 5712 ἐστι
3013 5662 3263 5729 ἐνέργεια
3303 5663 3482 5730 ψυχῆς
3535 5663 3659 5715 κατ’
3695 5665 3903 5734 ἀρετὴν
3953 5671 4009 5719 ὲν

2429 5755 2527 5822 βῖῳ
2589 5753 2813 5820 τελείῳ·
2872 5753 2923 5805 εί
2989 5752 3033 5805 δ’
3092 5754 3293 5820 ἀρετῆς
3357 5755 3682 5822 ἀλογοῦντες
3744 5760 4006 5826 καθάπαξ

2427 5849 2599 5898 ἐκεῖνο
2662 5846 2824 5916 μόνον
2878 5844 3131 5912 διώκετε,
3173 5847 3264 5900 καὶ
3322 5851 3470 5912 ὅπως
3528 5850 3676 5916 ἕξετε
3735 5853 4003 5920 χρήματα
