4212 6430
237 402 359 464 545

1176 413 1460 474 ORATIO
1502 417 1598 476 DE
1644 419 2152 481 SUBDITOHUM
2192 423 2550 485 OFFlClIS.

3403 437 3508 503 546

231 522 518 590 προῦργου
567 523 834 588 ποιεῖσθε,
874 528 1088 596 ἀνάγκη
1149 532 1298 583 πᾶσα
1352 534 1698 600 τρισαθλίους
1747 554 1776 588 τ

1914 533 2170 605 illamque
2203 553 2304 604 pro
2336 539 2638 594 accessoria
2680 550 2774 594 aut
2828 542 2984 612 plane
3022 547 3187 610 nulla
3216 549 3499 614 habentes.

226 613 376 681 ὑμᾶς
427 609 704 667 εἷναι-καὶ
764 619 1184 686 κακοδαίμονας,
1233 626 1326 676 καὶ
1375 627 1602 695 προσέτι
1660 628 1806 681 δυοῖν

220 707 538 780 ἐνίσχεσθαι
580 711 693 761 τείν
729 715 1036 777 κακίστοιν,
1066 715 1146 781 τῷ
1180 717 1227 769 θ’
1257 717 1294 770 ἀ
1339 719 1417 786 μὴ
1449 721 1695 785 πέφυκεν
1727 723 1806 785 είς

221 799 378 852 ᾶπαν
408 802 616 866 μενεῖν,
638 801 757 854 ἀλλ’
784 805 906 858 ὅσον
938 807 1003 859 ἃν
1039 809 1236 862 αὐτίκα
1269 812 1605 878 πεπαῦσθαι,
1629 813 1805 866 ταῦτα

219 893 352 960 περὶ
384 893 626 957 πλείονος
656 896 809 962 ἀγειν
847 900 958 951 τῶν
983 901 1060 961 είς
1091 902 1237 955 ἁπαν
1275 907 1606 972 μενούντων,
1638 908 1716 978 τῷ
1746 907 1805 972 ἐξ

216 984 484 1048 ἡμισείας
518 986 711 1056 ὥσπερ
752 991 830 1052 είς
878 991 1206 1062 ἀνθρώπους
1239 997 1417 1051 τελεῖν
1456 1001 1802 1068 νομίζεσθαι,

214 1072 290 1123 6.‘
312 1065 390 1124 ῶν
430 1073 645 1143 σώματι
689 1078 790 1145 μὲν
820 1082 915 1131 καὶ
940 1084 1051 1144 τοῖς
1081 1085 1160 1145 είς
1188 1083 1348 1153 σῶμα
1377 1065 1603 1156 φέρουσι
1629 1065 1800 1159 δήπου

214 1166 518 1233 προσέχετε
558 1167 741 1234 μόνον,
782 1169 958 1241 ψυχὴν
988 1173 1042 1225 δὲ
1075 1175 1267 1244 ῶσπερ
1302 1177 1334 1246 ἢ
1374 1178 1569 1247 μηκέτ’
1611 1175 1800 1244 οὖσαν,

214 1255 248 1322 ἢ
287 1251 457 1308 οὖσαν
501 1260 622 1326 μὲν,
665 1263 950 1329 τηνάλλως
984 1265 1040 1318 δὲ
1072 1268 1166 1319 καὶ
1214 1265 1325 1322 οἷον
1361 1271 1615 1338 ἐφόλκιον
1649 1275 1801 1342 παρὰ

213 1346 427 1412 φαῦλον
456 1353 709 1405 πονεῖσθε
733 1373 746 1385 ·
784 1355 851 1425 ἢν
883 1358 1074 1428 ἐπειδὴ
1100 1362 1242 1413 κατὰ
1276 1363 1404 1426 τοὺς
1442 1365 1540 1432 τῆς
1581 1365 1796 1431 φύσεως

211 1444 461 1511 θεσμοὺς
508 1444 646 1514 ἴσχει
697 1448 758 1498 τὸ
796 1452 1019 1518 κράτος,
1050 1452 1172 1505 δέον
1205 1457 1298 1507 καὶ
1332 1456 1461 1525 παρ’
1503 1459 1638 1526 ἡμῖν
1677 1460 1797 1525 μεί-

209 1538 367 1599 ζονος
395 1539 682 1604 ἀξιοῦσθαι
721 1546 1007 1610 προνοίας,
1043 1549 1137 1599 καὶ
1165 1551 1230 1601 τά
1262 1552 1528 1620 πρεσϐεῖα
1571 1552 1647 1622 τῷ
1675 1553 1787 1604 δντι

208 1628 486 1698 φέρεσθαι
507 1649 520 1662 ·
552 1633 600 1684 oi
629 1633 672 1684 δ’
711 1631 792 1697 οἷς
824 1639 1109 1706 ποιοῦμεν,
1145 1641 1532 1712 κινδυνεύομεν
1565 1646 1796 1714 ἀνατρέ-

206 1739 339 1774 πειν
373 1722 470 1791 τὴν
522 1725 698 1789 τάξιν,
739 1727 818 1796 τῷ
875 1730 1078 1798 χείρονι
1135 1733 1238 1804 τὴν
1289 1736 1595 1804 ἠγεμονίαν
1641 1739 1795 1808 παρά

206 1814 379 1878 φύσιν
430 1814 687 1879 διδόντες,
736 1821 834 1873 καὶ
888 1823 1155 1891 ποταμῶν
1204 1825 1318 1878 ἀνω
1368 1827 1435 1879 τὰ
1485 1829 1793 1898 πράγματα

204 1906 513 1973 κρίνοντι..

277 1999 397 2062 κς’.
434 2001 647 2052 Ἐπειτ’
684 2003 860 2071 εἰμὲν
888 2002 1004 2055 ἐστι
1030 2005 1175 2075 ψυχὴ
1212 2006 1466 2075 σώματος
1507 2010 1790 2077 σύστασις,

201 2082 403 2154 ὥσπερ
454 2085 548 2139 οὖν
596 2090 771 2150 ἐστιν,
809 2093 948 2160 αὐτὴ
997 2094 1055 2146 δὲ
1106 2096 1322 2160 οὐδενὸς
1380 2099 1571 2169 ἐτέρου
1619 2102 1792 2157 δεῖται

200 2181 345 2247 πρὸς
381 2180 664 2247 σύστασιν,
701 2184 842 2237 άλλά
887 2189 1030 2239 κινεῖ
1064 2189 1165 2256 μὲν
1195 2192 1291 2243 καὶ
1342 2192 1599 2254 ζωοποιεῖ
1631 2193 1792 2249 τοῦτο

202 2271 473 2334 συνοῦσα,
495 2273 714 2337 ἐξιοῦσα
743 2275 798 2328 δὲ
821 2279 880 2330 τὸ
907 2281 1007 2348 μὲν
1035 2281 1196 2339 εὐθὺς
1225 2285 1430 2352 οἴχεται
1461 2287 1556 2338 καὶ
1581 2292 1789 2357 καταρ-

199 2365 310 2432 ρεῖ,
346 2367 445 2416 καὶ
477 2366 613 2434 πρὸς
644 2369 706 2420 τὸ
738 2370 906 2438 μηδὲν
939 2373 1041 2441 ἥδη
1075 2377 1264 2444 χωρεῖ,
1302 2378 1334 2445 ἡ
1365 2377 1410 2428 δ’
1444 2378 1598 2431 οὐδὲν
1621 2374 1788 2449 ἦττον

196 2459 296 2507 καὶ
325 2456 504 2520 οὕτως
523 2461 652 2512 tut
676 2462 846 2533 ψυχὴ,
880 2465 1096 2536 ἀνάγκη
1133 2468 1187 2520 δὲ
1214 2469 1316 2538 τὴν
1346 2470 1524 2535 οὕτως
1555 2473 1787 2542 ἔχουσαν

193 2552 462 2604 τοσοῦτον
495 2553 669 2621 μείζω
693 2559 785 2608 καὶ
808 2559 1143 2627 τιμιωτέραν
1177 2561 1396 2614 τουτουί
1427 2564 1782 2630 καθεστάναι,

193 2640 327 2692 ὅσον
359 2641 454 2694 τοῦ
481 2648 882 2714 συνισταμένου
912 2650 971 2699 τὸ
999 2653 1275 2720 συνιστᾷν,
1313 2660 1407 2707 καὶ
1435 2654 1530 2707 τοῦ
1565 2656 1659 2708 νῦν
1683 2661 1784 2728 μὲν

193 2733 379 2795 δντος,
417 2733 514 2788 νῦν
565 2737 610 2789 δ’
660 2739 762 2791 οὐκ
814 2739 990 2807 ὄντος,
1022 2744 1083 2794 τό
1117 2743 1167 2810 γ’
1200 2743 1468 2808 ὡσαύτως
1511 2749 1640 2817 ἕχον
1669 2753 1780 2815 ἀεὶ,

193 2826 444 2895 κάκείνῳ
472 2826 679 2880 τούτων
710 2830 887 2884 αἴτιον
934 2831 1016 2899 ὃν,
1048 2835 1288 2905 ἐσχάτης
1316 2838 1504 2901 ἀνοίας
1533 2841 1600 2894 ἂν
1632 2843 1718 2911 εἴη
1748 2843 1780 2905 ἢ

192 2920 530 2987 παρανοίας,
569 2921 602 2991 ἢ
639 2922 740 2976 οὐκ
777 2921 874 2977 οἶδ’
913 2926 940 2978 δ
970 2941 1024 2978 τι
1067 2929 1162 2982 καὶ
1211 2930 1316 2998 φῶ,
1368 2933 1574 3002 ταύτην
1621 2934 1784 3004 θερα-

191 3017 390 3066 πεύειν
415 3017 678 3083 ἀφέντας,
715 3017 904 3072 τούτου
935 3022 1326 3090 φροντίζοντας
1351 3025 1660 3092 φαίνεσθαι,
1688 3031 1782 3082 καὶ

191 3105 297 3174 τῆς
336 3107 536 3175 ἀλόγου
564 3127 623 3162 τε
656 3111 747 3162 καὶ
781 3111 984 3182 θνητῆς
1031 3116 1130 3182 τὴν
1158 3115 1382 3189 λογικήν
1413 3136 1470 3171 τε
1522 3122 1615 3173 καὶ
1645 3122 1780 3174 ἀθά-

190 3217 358 3252 νατον
395 3203 526 3271 περὶ
560 3202 842 3265 ἐλάττονος
875 3208 1068 3276 μοῖραν
1121 3211 1415 3264 ποιεῖσθαι.
1455 3212 1516 3267 Ὀ
1551 3216 1652 3282 μὲν
1680 3215 1774 3268 οῦν

1917 643 1972 698 in
2017 662 2215 702 vanum
2262 650 2598 706 laborabitis.
2657 653 2760 710 Ubi
2810 671 2991 714 autem
3035 662 3150 725 illa,
3196 675 3254 718 ut
3306 677 3501 722 natura

1915 764 2246 829 praescribit,
2294 765 2632 833 dominatur,
2680 774 2866 827 omnia
2921 774 3060 830 bene
3098 779 3314 843 cedent,
3399 799 3501 836 nec

1914 879 2268 932 metuendum
2320 891 2406 936 est
2449 899 2513 937 ne
2554 884 2806 942 ordinem
2855 889 3226 949 intervertatis
3267 906 3322 950 et
3356 899 3499 953 malo

1913 988 2188 1058 principio
2219 1002 2410 1044 contra
2455 1001 2712 1051 naturam
2769 998 3100 1071 indulgeatis
3130 1013 3185 1058 et
3216 1010 3498 1079 pravoju-

1914 1103 2062 1158 dicio
2088 1105 2273 1160 omnia
2304 1106 2678 1164 confundatis.

1892 2269 2074 2315 movet
2096 2270 2153 2317 et
2187 2265 2450 2337 viviﬁcat,
2491 2287 2522 2328 ο
2551 2291 2784 2347 corpore
2815 2294 2998 2340 autem
3029 2289 3219 2345 exiens
3255 2290 3386 2349 facit
3420 2305 3480 2349 ut

1889 2371 1996 2430 hoc
2053 2392 2256 2450 corpus
2308 2385 2491 2443 subito
2525 2388 2858 2452 dissolvatur
2903 2412 2960 2456 et
3002 2402 3057 2456 in
3102 2405 3336 2462 nihilum
3389 2425 3476 2464 re-

1886 2486 2052 2556 deat;
2086 2494 2268 2548 anima
2297 2506 2476 2554 tamen
2504 2501 2869 2564 nihilominus
2912 2513 3204 2581 perdurat,
3250 2526 3307 2573 et
3345 2511 3476 2575 cor4

1885 2616 2022 2672 pore
2081 2614 2232 2660 tanto
2291 2613 2463 2681 major
2512 2624 2619 2680 est,
2678 2631 2886 2689 quanto
2943 2628 3174 2698 simplex
3221 2643 3476 2691 creatura

1885 2722 2060 2790 major
2077 2734 2162 2778 est
2191 2730 2516 2796 composita,
2543 2749 2664 2802 qua:
2690 2752 2837 2792 nunc
2863 2751 2965 2806 est,
2996 2757 3144 2798 nunc
3170 2750 3471 2812 evanescit,

1883 2830 2344 2891 absurdissimum
2375 2855 2507 2897 sane
2532 2857 2678 2900 esset
2703 2858 2761 2901 et
2791 2851 3202 2921 stultissimum,
3230 2859 3471 2913 animam

1883 2944 1940 2997 in
1971 2948 2296 3006 servitutem
2334 2957 2604 3027 redigere,
2650 2960 2844 3032 reique
2883 2965 3191 3024 irrationali
3225 2985 3281 3026 et
3318 2989 3471 3028 mor-

1885 3056 2000 3123 tali,
2037 3061 2259 3128 corpori
2285 3062 2531 3134 inquam,
2577 3083 2691 3124 rem
2738 3072 3059 3129 rationalem
3095 3089 3151 3133 et
3177 3079 3470 3136 immorta-

1879 3170 1989 3228 lem
2024 3175 2319 3246 subjicere.
2373 3179 2620 3240 Plotinus
2663 3187 2889 3256 quidem
2921 3187 3213 3263 Egyptius
3251 3197 3347 3265 qui
3395 3200 3466 3254 de

189 3294 250 3356 ἐξ
285 3294 572 3360 Δίγύπτου
627 3296 897 3360 Πλωτῖνος
948 3299 1077 3368 μήθ’
1123 3302 1262 3372 ὑπὲρ
1296 3305 1388 3356 τοῦ
1417 3277 1571 3369 ὄντος
1607 3307 1775 3370 ὅντως

1886 3300 2075 3340 rerum
2099 3293 2346 3348 essentia
2378 3297 2632 3355 eruditus
2669 3310 2730 3356 ut
2759 3319 2924 3361 nemo
2970 3311 3146 3378 magis
3190 3310 3291 3366 fuit
3347 3329 3467 3368 cor-

188 3385 350 3456 δόξης
380 3388 538 3449 είδῶς
572 3389 608 3443 ἃ
633 3393 733 3456 δεῖ,
765 3392 893 3461 μήθ’
923 3388 998 3447 ὦν
1035 3396 1196 3463 ἡμεῖς
1235 3398 1404 3466 μηδὲν
1437 3401 1773 3468 προσδοκῶν,

186 3482 451 3534 τοσοῦτον
485 3485 677 3554 ἀπεῖχε
732 3484 828 3537 τοῦ
888 3486 1141 3556 σώματος
1182 3492 1384 3559 ὁρμαῖς
1435 3494 1528 3547 καὶ
1567 3495 1775 3566 ὀπηοῦν

185 3576 434 3642 ἐφιέναι,
466 3575 590 3627 ὅσον
638 3574 736 3628 τοῦ
786 3577 884 3644 τῆς
936 3581 1112 3650 ψυχῆς
1145 3582 1354 3649 κόσμου
1406 3585 1500 3636 καὶ
1545 3586 1773 3650 κάλλους

185 3665 406 3718 ὲτίθετο
435 3666 590 3733 λόγον
617 3686 630 3699 ·
667 3667 813 3721 οὕτω
846 3670 903 3722 δὲ
931 3675 1139 3742 ταύτην
1161 3674 1274 3725 τῶν
1309 3677 1585 3745 μεγίστων
1616 3680 1772 3746 ἠξίου

187 3763 286 3811 καὶ
330 3755 408 3813 ῶν
449 3762 691 3828 μάλιστα
731 3765 862 3834 χρὴ,
888 3763 1020 3817 ὥσθ’
1053 3767 1136 3818 ὅτι
1175 3767 1250 3837 μὴ
1283 3770 1421 3841 μόνῃ
1448 3773 1645 3844 ταυτῃ)⁵
1680 3790 1775 3824 πε-

192 3855 346 3923 ριῆν.
399 3859 429 3908 ὁ
474 3856 520 3907 δ’
562 3855 754 3925 ῶσπερ
800 3859 983 3927 ἑαυτῴ
1032 3860 1432 3931 δυσχεραίνειν,
1483 3866 1576 3917 καὶ
1635 3869 1772 3934 πρὸς

183 3948 457 4017 αἰσχύνης
486 3950 738 4019 ἡγεῖσθαι
759 3953 860 4020 τὴν
888 3955 1023 4020 μετά
1047 3954 1299 4020 σώματος
1328 3957 1540 4010 δίαιταν
1558 3974 1574 3989 ⁹
1601 3964 1771 4013 ταυτά

181 4035 364 4087 ταῦτα
396 4037 707 4104 φιλοσοφῶν
733 4037 813 4107 τῷ
839 4040 933 4091 τοῦ
979 4039 1195 4105 Ἰεσσαὶ,
1233 4043 1608 4114 δεσμωτήριον
1633 4048 1773 4098 ἀπο-

180 4129 446 4181 καλοῦντι
463 4130 525 4182 τὸ
549 4130 730 4199 σῶμα,
752 4132 847 4185 καὶ
873 4133 961 4185 διὰ
989 4135 1149 4186 τοῦτο
1175 4139 1274 4205 τὴν
1295 4137 1472 4202 ἔξοδον
1503 4142 1772 4195 ἐπισπεύ-

179 4221 330 4272 δοντι
357 4238 372 4250 ο
423 4224 585 4291 ἡμεῖς
615 4223 694 4288 δὲ,
741 4222 786 4275 ῶ
820 4223 981 4277 κενοῦ
1023 4226 1226 4291 πάθους
1253 4229 1265 4280 l
1295 4232 1394 4298 τὴν
1447 4232 1769 4286 δεσποτείαν

180 4316 276 4368 τοῦ
316 4316 410 4367 νοῦ
449 4319 782 4384 κατάγοντες
821 4323 900 4381 είς
929 4321 1199 4386 δουλείαν,
1236 4327 1329 4378 καὶ
1362 4327 1421 4378 τὸ
1454 4328 1771 4394 θαυμαστὸν

184 4414 281 4462 καὶ
325 4410 619 4463 θεσπέσιον
673 4413 824 4464 τουτὶ
875 4415 1063 4483 χρῆμα
1106 4416 1198 4467 καὶ
1242 4417 1341 4484 τῆς
1389 4420 1651 4471 ἀνωτάτω
1676 4423 1770 4475 καὶ

207 4505 415 4574 ,ρώτης
444 4505 624 4566 αίτίας
672 4507 908 4572 μάλιστα
964 4509 1248 4576 ξυγγενὲς,
1297 4511 1622 4578 μολύνοντες
1658 4518 1770 4576 τοῖς

180 4600 491 4667 αἰσχίστοις
535 4599 690 4651 οὐδὲν
743 4601 804 4652 th
849 4601 1110 4669 παράπαν
1159 4604 1388 4667 οἰόμεθα
1438 4606 1606 4676 δρᾷν·
1660 4607 1768 4660 οὐδ’
1803 4636 1847 4690 D

178 4694 331 4761 ἡμᾶς
378 4693 583 4753 αὐτοὺς
625 4695 1011 4763 καταισχύνειν
1059 4695 1234 4759 οὕτως
1281 4698 1518 4766 ἔχοντες,
1569 4701 1768 4769 μᾶλλον

183 4787 285 4854 μὲν
317 4781 412 4838 οῦν
443 4787 536 4838 καὶ
570 4785 658 4838 διὰ
689 4787 908 4840 πάντων
943 4788 1015 4851 ὡς
1042 4784 1154 4842 οἷόν
1184 4807 1242 4842 τε
1273 4795 1499 4860 ταυτηνὶ
1533 4812 1766 4865 συγκρο-

177 4881 390 4948 τοῦμεν
441 4879 544 4950 τὴν
600 4874 797 4951 ἦτταν,
830 4882 1022 4950 ῶσπερ
1056 4884 1088 4954 ἢ
1139 4885 1347 4952 μηδένα
1380 4887 1509 4956 περὶ
1542 4889 1768 4956 μηδενὸς

177 4972 450 5034 δώσοντες
498 4972 742 5042 λόγον,ἥ
796 4974 976 5043 γερῶν
1025 4979 1261 5045 οἰόμενοι
1308 4978 1630 5043 τεύξεσθαιο
1676 4985 1769 5033 καὶ

184 5065 296 5134 μὴν
327 5061 409 5126 οἷς
446 5065 547 5132 μὲν
600 5065 744 5138 λόγῳ
789 5068 884 5121 καὶ
932 5069 1144 5141 διανοίᾳ
1189 5072 1324 5141 πρὸς
1358 5072 1577 5124 ἅπαντα
1628 5074 1769 5142 χρώ-

183 5159 350 5227 μεθα,
382 5161 478 5212 καὶ
511 5162 655 5230 μετά
683 5160 778 5213 τοῦ
806 5162 1139 5216 διανοεῖσθαί
1173 5182 1230 5216 τε
1280 5165 1376 5218 καὶ
1407 5170 1624 5235 φρονεῖν
1657 5169 1767 5228 τοῖς

177 5256 512 5321 πράγμασιν
570 5253 932 5323 ἐγχειροῦμεν
980 5257 1060 5318 εὶς
1109 5255 1430 5327 ἀνθρώπους
1461 5257 1761 5326 τελοῦμεν·

177 5343 378 5410 ἀμέλει
408 5343 503 5394 καὶ
550 5343 773 5397 Πλάτων
797 5345 991 5415 ὅτιπερ
1014 5347 1114 5398 οὐκ
1135 5347 1352 5415 ἄλογος,
1383 5349 1519 5402 ἀλλά
1547 5350 1765 5416 λογικὸς

177 5431 450 5498 ἐγεγόνει,
483 5432 1000 5503 μεγαλαυχούμενος
1055 5433 1159 5506 ἦν·
1195 5434 1275 5500 οἷς
1321 5439 1366 5491 δ’
1396 5438 1572 5503 οὕτως
1607 5441 1766 5511 ἀνοή-

175 5543 286 5586 τως
326 5525 536 5591 ἀλόγων
572 5526 729 5593 δίκην
761 5531 868 5590 τοῖς
909 5529 1136 5582 πάθεσιν
1167 5532 1508 5602 ὑποκείμεθα
1540 5537 1632 5587 καὶ
1664 5536 1762 5605 τὴν

180 5614 442 5666 ὑπόθεσιν
494 5617 932 5686 παρασαίνομεν,
969 5623 1069 5689 τὴν
1124 5623 1288 5690 φύσιν
1344 5625 1696 5694 ἀρνούμεθαο
1736 5625 1764 5677 ὃ

180 5709 273 5758 καὶ
324 5708 593 5771 (θαυμάζω
642 5711 692 5761 εί
744 5710 972 5777 ἀλόγους
1025 5714 1126 5782 μέν
1173 5731 1316 5776 τινος
1354 5717 1501 5784 ἡμᾶς
1541 5733 1764 5785 προσει-

179 5801 377 5861 πιῦιοεος
423 5803 522 5852 οὐκ
572 5803 636 5853 ἂν
685 5805 1047 5872 ἠνεσχόμεθα.
1081 5807 1234 5858 αὐτοὶ
1282 5807 1335 5858 δὲ
1373 5804 1450 5869 οἶδ
1500 5809 1760 5878 ποίοῦμεν

178 5897 410 5965 ἀλογίαν
437 5896 749 5963 νοσοῦντες,
773 5900 873 5950 οὐκ
908 5901 1315 5979 αἰσθανόμεθα·
1351 5898 1412 5957 οὗ
1451 5904 1636 5978 μεῖζον
1664 5907 1756 5958 οὺ-

1885 3403 2037 3470 poris
2069 3405 2360 3474 minorem,
2401 3413 2596 3468 animae
2629 3418 2891 3486 majorem
2927 3423 3118 3477 habuit
3163 3428 3464 3496 rationem;

1883 3528 2056 3583 quare
2110 3518 2251 3573 hanc
2304 3524 2527 3577 maximi
2593 3531 2926 3602 astimavit,
2979 3539 3226 3605 corporis
3279 3554 3466 3599 autem

1882 3628 2258 3685 exsistentiam
2307 3633 2360 3687 in
2426 3636 2672 3693 inferiori
2707 3641 2832 3697 loco
2866 3647 3068 3714 posuit,
3117 3660 3178 3704 ut
3232 3653 3466 3711 Davides

1882 3753 2085 3810 corpus
2109 3759 2386 3802 carcerem
2409 3753 2711 3823 appellans,
2743 3757 2888 3812 unde
2911 3762 3063 3817 exire
3091 3767 3468 3840 maximopere

1879 3852 2303 3914 desiderandum
2362 3872 2467 3917 est.
2522 3865 2655 3932 Nos,
2686 3871 3074 3931 ostultitiaml
3107 3883 3307 3938 mentis
3364 3886 3465 3941 do-

1879 3969 2238 4028 minationem
2271 3976 2325 4030 in
2354 3980 2680 4038 servitutem
2711 3988 3114 4060 redegimus,et
3146 3995 3224 4051 sic
3246 4012 3462 4056 summa

1879 4082 2006 4139 imis
2037 4087 2440 4147 confundentes
2477 4097 2634 4163 quasi
2673 4113 2731 4153 re
2764 4101 2904 4157 bene
2935 4115 3084 4174 gesta
3125 4109 3460 4179 gloriamur!

1878 4216 1980 4255 nos
2010 4203 2146 4257 citra
2193 4220 2419 4262 amntem
2450 4211 2715 4279 pudorem
2741 4231 2847 4272 nos
2867 4219 3003 4276 sitos
3033 4224 3350 4293 opinantes,
3386 4231 3456 4285 de

1878 4313 2032 4368 clade
2075 4318 2412 4375 exsultamus
2439 4324 2595 4390 quasi
2639 4329 2849 4384 nemini
2881 4335 3151 4392 rationem
3180 4341 3454 4399 reddituri

1877 4436 1973 4479 aut
2019 4429 2441 4487 retributionem
2480 4436 2778 4505 aliquando
2843 4451 3146 4516 accepturi.
3200 4455 3457 4512 Attamen

1879 4542 2153 4597 ratiocinii
2176 4547 2348 4602 solius
2375 4565 2476 4617 ope
2512 4553 2616 4608 rite
2647 4565 2704 4608 et
2737 4557 3022 4616 hominum
3078 4582 3230 4622 more
3285 4585 3451 4640 agerc

1876 4653 2140 4707 valemus.
2166 4655 2306 4710 Num
2355 4659 2512 4715 Plato
2539 4665 2611 4718 ob
2660 4667 2712 4721 id
2754 4673 2901 4734 quod
2933 4677 3218 4734 rationalis
3248 4697 3349 4737 nec
3383 4686 3458 4738 ir-

1874 4759 2157 4817 rationalis
2185 4777 2331 4820 esset
2366 4773 2670 4839 superbivit
2698 4777 2720 4830 ?
2752 4777 2861 4835 Nos
2905 4795 3086 4840 autem
3119 4792 3211 4859 qui
3249 4793 3453 4848 bestia-

1872 4887 1993 4926 rum
2029 4875 2200 4929 instar
2246 4885 2427 4947 pravis
2452 4888 2722 4944 servimus
2752 4896 3164 4967 cupiditatibus,
3199 4919 3448 4964 naturam

1873 4999 2157 5054 negamus.
2213 4992 2373 5046 Certe
2409 4996 2454 5049 si
2482 4999 2607 5066 quis
2642 5005 2859 5073 stnpide
2914 5026 3012 5064 nos
3051 5013 3448 5085 alloqueretur,

1869 5117 2011 5169 aegre
2065 5103 2356 5172 ferremus,
2407 5127 2510 5166 nec
2539 5114 2787 5172 videmus
2844 5137 2946 5176 nos
3002 5125 3150 5196 ipsos
3203 5134 3450 5189 stultitia:

1871 5217 2064 5269 morbo
2108 5219 2403 5288 laborare;
2448 5241 2558 5294 quo
2610 5230 2745 5284 nihil
2815 5237 3046 5305 turpius.
3104 5243 3242 5297 Dum
3300 5250 3450 5304 enim

1869 5325 2008 5392 parti
2050 5328 2245 5381 anima:
2279 5333 2420 5385 male
2469 5347 2615 5389 sana:
2661 5343 3019 5411 attendimus,
3054 5351 3253 5404 mentis
3302 5368 3449 5410 same

1866 5442 2136 5496 rationem
2163 5447 2368 5499 nullam
2421 5449 2710 5514 habemus,
2748 5455 2797 5508 id
2836 5461 2980 5527 quod
3013 5463 3150 5518 nihil
3184 5467 3330 5522 aliud
3363 5484 3448 5524 est

1866 5556 1970 5609 nisi
2012 5557 2309 5626 dementia,
2338 5564 2512 5633 caligo
2559 5583 2681 5636 qua:
2719 5587 2748 5623 e
2795 5576 3144 5640 passionibus
3185 5596 3449 5639 emanans

1861 5673 2128 5740 judicium
2160 5679 2416 5732 obsutrat
2450 5691 2506 5733 ct
2537 5684 2779 5736 animum
2818 5687 2882 5738 ad
2919 5704 3205 5746 servorum
3240 5693 3446 5751 [tedam

1865 5789 2237 5844 conditionem
2269 5791 2534 5847 de'truilit.
2569 5796 2624 5850 ln
2653 5802 2910 5857 omnibus
2958 5805 3119 5874 igitur
3152 5813 3290 5864 ratio
3321 5826 3450 5881 ope-

1869 5913 2041 5968 retur,
2080 5912 2131 5956 ει
2163 5918 2248 5957 res
2289 5905 2450 5960 salvze
2485 5919 2665 5961 erunt.
