4212 6430
1103 369 3411 406 mw

1392 552 1569 631 ANNO
1613 565 1840 612 boum
1866 566 2232 611 Ἥρωσιν

468 745 1867 931 NICEPHORUS
2003 741 3197 933 CALLISTUS

1314 1069 2370 1189 XANTHOPULUS

1159 1466 1675 1562 NOTITIA
1744 1470 1909 1560 EX
1982 1468 2544 1562 FABRICIO

1207 1668 1479 1731 (Biblioth.
1508 1672 1591 1722 Cr.
1618 1673 1700 1721 ed.
1725 1671 1921 1727 Harles,
1955 1675 2074 1718 tom.
2102 1668 2236 1731 Vill,
2268 1684 2317 1733 p.
2344 1671 2477 1735 J37.)

1796 1846 1865 1859 —

274 1968 628 2036 Nicephorus
665 1971 923 2027 Callistus
966 1971 1376 2045 Xanthopulus,
1414 1976 1727 2033 Callistides
1780 1980 1895 2032 sive
1946 1976 2158 2031 Callisti
2195 1974 2529 2047 Xanthopuli
2563 1976 2730 2041 illius,
2762 1974 3057 2033 Historiam
3087 1991 3241 2033 suam
3269 1976 3475 2037 obtulit

200 2060 525 2117 Andronico
557 2063 863 2136 Paleologo
896 2067 1213 2139 imperatori
1240 2071 1350 2139 jam
1381 2068 1499 2123 seni
1534 2069 1636 2138 (a),
1668 2069 1760 2139 qui
1790 2068 1855 2122 Α.
1893 2068 1953 2123 C.
1996 2069 2134 2123 1527
2160 2071 2583 2137 scptuagenario
2615 2070 2790 2141 major
2823 2071 2963 2126 obiit
2994 2091 3008 2127 :
3042 2072 3272 2144 ipseque
3303 2082 3473 2128 testa-

200 2163 301 2207 tur
326 2170 453 2208 eam
500 2172 557 2210 se
614 2158 668 2211 in
699 2159 988 2228 juventute
1048 2162 1295 2216 scribere
1358 2178 1701 2233 aggressum,
1736 2162 2040 2216 absolvisse
2076 2177 2202 2216 cum
2237 2177 2443 2216 annum
2494 2164 2671 2219 aetatis
2704 2164 2773 2218 36
2820 2166 3066 2220 nomium
3094 2181 3359 2223 emensus
3395 2168 3471 2237 (ι)

200 2258 376 2312 esset.
433 2251 794 2321 acljutumque
846 2255 1185 2311 bibliotheca
1236 2256 1450 2311 Sanctre
1504 2254 1724 2325 Sophia:
1756 2255 1916 2310 CPoli
1955 2255 2047 2322 (ε),
2113 2255 2168 2309 in
2234 2270 2340 2324 qua
2403 2255 2593 2309 ﬂorem
2636 2257 2812 2312 aetatis
2863 2261 3150 2331 transegit.
3194 2261 3478 2319 Michaelis

201 2341 502 2413 Palaeologi
543 2343 889 2413 imperatoris
917 2355 972 2402 et
994 2346 1296 2402 Andronici
1323 2350 1539 2417 nepotis
1572 2347 1823 2402 meminit
1863 2348 1917 2401 in
1952 2346 2202 2416 catalogo
2236 2345 2632 2415 imperatorum
2666 2345 2833 2405 CPol.
2859 2348 2980 2418 (d):

1152 2492 1423 2561 Λαμπρὸς
1452 2490 1697 2561 Μιχαὴλ,
1733 2490 2101 2561 Παλᾳιολὸγος
2131 2490 2315 2557 τρίτος

1150 2563 1359 2623 Ὄντως
1398 2560 1651 2628 βασιλεὺς
1675 2564 1769 2612 καὶ
1798 2560 1982 2627 λόγοις
2012 2562 2107 2611 καὶ
2145 2560 2469 2626 πρακτέοις.

1148 2631 1494 2700 ’Δνδρόνικος
1525 2633 1656 2692 παῖς
1692 2630 1969 2701 συνδρομὴ
1992 2631 2103 2683 τῶν
2136 2631 2397 2699 χαρίτων.

282 2773 435 2840 Quin
465 2773 534 2829 ad
570 2775 706 2845 imp.
754 2773 985 2834 Joannis
1012 2772 1381 2829 Cantacuzeni
1416 2781 1663 2842 tempora
1711 2772 2029 2842 pervenisse
2058 2780 2225 2842 atque
2259 2772 2400 2827 adeo
2454 2772 2601 2828 circa
2648 2772 2894 2829 medium
2938 2777 3123 2831 szeculi
3176 2793 3265 2831 xuv
3304 2778 3486 2833 adhuc

206 2866 445 2928 vixisse.
489 2881 558 2922 ex
585 2867 845 2937 Catalogo
871 2867 1331 2936 patriarcharum,
1361 2866 1428 2921 de
1460 2881 1572 2936 quo
1602 2866 1766 2931 infra,
1794 2880 2115 2937 cognoscas.
2155 2865 2387 2920 Exstant
2430 2866 2683 2922 Historia'
2721 2868 3109 2925 Ecclesiasticw
3135 2870 3258 2925 libri
3298 2872 3348 2926 X
3362 2871 3484 2927 γιιι

210 2965 422 3027 (neque
456 2958 641 3027 plures
678 2967 811 3013 tunc
833 2958 1005 3012 libros
1031 2958 1318 3026 scripsisse
1348 2974 1408 3011 se
1437 2973 1564 3028 pag.
1602 2957 1672 3013 '58
1733 2956 2080 3027 Nieephorus
2111 2957 2227 3026 ipse
2256 2942 2450 3013 auctor
2472 2958 2580 3029 est)
2618 2974 2650 3013 a
2679 2972 2810 3014 nato
2835 2960 3057 3016 Christo
3095 2962 3163 3016 ad
3196 2964 3483 3019 interitum

210 3070 395 3124 usque
427 3055 644 3121 Phocae,
675 3056 734 3109 h.
764 3070 815 3109 e.
848 3055 916 3109 ad
946 3055 1011 3109 A.
1046 3054 1109 3110 C.
1135 3054 1262 3119 610,
1296 3070 1362 3107 ex
1393 3054 1656 3115 Eusebio.
1689 3054 2020 3118 Sozomeno,
2051 3054 2300 3119 Socrate,
2345 3054 2723 3122 Theodoreto,
2771 3056 3158 3129 Philostorgio,
3191 3059 3486 3118 Theodoro

207 3149 474 3217 Lectore,
504 3151 710 3206 Basilio
737 3150 929 3216 Cilice,
960 3150 1193 3221 Evagrio
1223 3153 1385 3219 (quos
1421 3166 1544 3219 pag.
1593 3151 1664 3206 55
1716 3152 2048 3206 nominatim
2093 3144 2306 3219 laudat)
2334 3150 2570 3219 aliisque
2608 3151 2874 3206 contexti.
2898 3150 3067 3222 Igitur
3095 3169 3220 3223 qua:
3249 3166 3372 3222 post
3398 3172 3490 3210 ar-

208 3256 480 3315 gumenta
534 3246 802 3300 librorum
856 3244 1023 3299 XVIII
1083 3252 1395 3313 sequuntur
1425 3258 1545 3314 pag.
1600 3244 1671 3298 42
1720 3255 2041 3313 argumenta
2088 3243 2215 3299 libri
2271 3243 2388 3297 XIX
2434 3258 2489 3297 et
2519 3245 2868 3313 sequentium
2904 3262 3080 3314 usque
3108 3248 3174 3301 ad
3207 3247 3400 3314 XXIII,
3433 3260 3491 3304 ct

208 3348 457 3394 mortem
492 3338 693 3393 Leonis
726 3338 1044 3408 Philosophi
1095 3338 1211 3392 sive
1267 3340 1332 3390 A.
1389 3335 1452 3391 C.
1502 3336 1628 3401 9H,
1660 3338 1727 3392 ah
1762 3338 1870 3390 alio
1900 3348 2132 3392 auctore
2169 3353 2236 3390 an
2297 3336 2608 3406 Nicephoro
2653 3342 2774 3406 ipso
2830 3339 3067 3394 additam
3102 3358 3203 3397 nec
3255 3345 3494 3413 amplius

210 3442 531 3487 exstantem
588 3432 845 3487 Historia
881 3433 1361 3488 continuationem
1398 3432 1726 3502 respiciunt,
1760 3432 1908 3488 etab
1945 3435 2245 3503 interprete
2290 3434 2487 3487 Latino
2514 3432 2602 3487 Jo.
2636 3431 2819 3503 Longo
2850 3445 2979 3489 sunt
3032 3436 3233 3505 rejecta
3270 3438 3336 3492 ad
3380 3441 3492 3495 cal-

211 3544 342 3584 cem
378 3530 585 3599 operis.
618 3530 1093 3596 Quemadmodum
1128 3545 1294 3600 porro
1320 3530 1391 3583 ob
1441 3530 1567 3599 styli
1604 3532 1934 3598 elegantiam
1984 3531 2304 3600 Thucydides
2358 3530 2744 3584 ecclesiasticus
2797 3531 2887 3586 hic
2937 3532 3283 3601 Nicephorus
3336 3539 3493 3590 audit

212 3622 438 3676 clariss.
477 3622 960 3687 Schurzﬂeischio,
1003 3622 1078 3676 ita
1110 3639 1139 3676 a
1170 3622 1231 3677 Β.
1257 3622 1469 3677 Joanne
1496 3621 1781 3676 Gerhardo
1809 3624 1882 3677 ob
1928 3623 2143 3677 fabulas
2180 3627 2250 3692 (ε)
2277 3639 2410 3691 quas
2445 3623 2637 3676 miscet
2664 3664 2677 3688 ,
2718 3623 3095 3693 Tlteologorum
3124 3624 3360 3682 Plinium
3391 3643 3492 3695 ap-

216 3716 418 3785 pellari
461 3715 623 3770 video
652 3730 777 3784 pag.
829 3714 936 3769 238
967 3714 1202 3769 Methodi
1229 3716 1393 3768 studii
1435 3715 1593 3769 theol.
1624 3715 1776 3770 Illius
1809 3726 1990 3769 tamen
2030 3717 2225 3784 pannis
2259 3730 2558 3784 purpuram
2588 3714 2920 3784 quandoque
2948 3717 3211 3771 intextam
3238 3734 3303 3773 ex
3338 3720 3497 3775 bonis

214 3814 315 3883 qui
351 3814 569 3883 periere
599 3814 986 3882 scriptoribus,
1021 3822 1171 3868 recte
1195 3824 1385 3867 monet
1414 3810 1690 3876 Labheus,
1728 3822 1769 3869 t.
1808 3813 1877 3875 ll,
1912 3814 1985 3868 De
2016 3813 2078 3867 S.
2121 3814 2183 3867 Ε.
2218 3831 2271 3882 p.
2306 3814 2428 3867 102.

292 3910 565 3966 Prodiere
590 3911 713 3965 libri
747 3909 823 3963 illi
855 3909 1044 3970 XVIII,
1082 3925 1319 3978 quorum
1355 3910 1548 3979 primae
1581 3909 1778 3964 littera:
1832 3926 1955 3964 nom

1832 3925 2035 3965 nomen
2096 3909 2409 3980 Νικηφόρου
2437 3908 2743 3962 Καλλίστου
2782 3907 3073 3968 referunt.
3101 3924 3167 3964 ex
3189 3909 3280 3964 Jo.
3323 3909 3492 3979 Langi

220 4006 663 4075 Erphurdiensis
681 4005 941 4059 versione
975 4002 1192 4065 Latine.
1223 4004 1390 4060 Basil.
1427 4005 1586 4066 1553,
1623 4004 1743 4066 fol.,
1769 4014 1826 4060 et
1853 4021 1920 4060 ex
1950 4009 2125 4060 altera
2164 4007 2285 4073 ejus
2320 4006 2697 4075 recognitione
2727 4004 2860 4060 ibid.
2884 4005 3041 4071 1561,
3074 4005 3192 4070 fol.,
3220 4020 3343 4059 cum
3374 4008 3496 4074 ejus

222 4099 484 4160 scholiis,
514 4112 631 4152 tum
661 4099 943 4166 Antwerp.
973 4097 1151 4161 1560;
1186 4098 1362 4152 Paris.
1395 4098 1554 4161 1562,
1582 4097 1761 4161 1575;
1798 4098 2057 4153 Francol‘.
2098 4098 2270 4164 1588;
2305 4097 2425 4161 ful.,
2464 4099 2639 4153 Paris.
2671 4098 2832 4163 1566,
2863 4099 2927 4165 8;
2979 4100 3198 4154 duobus
3236 4099 3369 4163 vo|.;
3401 4098 3499 4152 sed

219 4207 280 4252 et
315 4192 529 4249 Gallice
560 4194 864 4262 interprete
920 4191 1010 4247 Jo.
1054 4192 1281 4257 Gilloto,
1314 4193 1491 4249 Paris.
1528 4194 1688 4257 1567,
1720 4194 1837 4259 1υ1.;
1867 4196 2105 4264 denique
2135 4193 2322 4249 Graece
2382 4205 2440 4249 et
2496 4193 2690 4249 Latine
2725 4196 2900 4249 Paris.
2962 4196 3122 4260 1630,
3157 4195 3251 4249 fol.
3284 4196 3339 4248 2.
3377 4194 3501 4249 Vol.

222 4308 353 4349 cum
403 4290 575 4360 [angi
613 4290 908 4353 versione,
956 4304 1055 4359 per
1084 4289 1419 4344 Frontonem
1467 4291 1750 4355 Ducaeum,
1785 4301 1844 4345 ut
1892 4291 2057 4344 habet
2116 4290 2330 4352 titulus,
2377 4290 2693 4359 recognita;
2729 4289 2825 4343 sed
2858 4288 3223 4344 Combelisius
3253 4288 3306 4341 in
3362 4287 3502 4342 Bibl.

225 4392 669 4451 Coacionatoria,
713 4389 905 4457 Langi,
947 4388 1159 4457 inquit,
1196 4389 1617 4458 recognoscenda
1665 4389 1903 4442 versione
1938 4396 1985 4439 et
2009 4386 2328 4453 castigandis
2357 4385 2552 4437 notulis
2587 4400 2706 4453 quae
2738 4384 2934 4453 passim
2957 4398 3188 4453 aspersa!
3217 4391 3361 4446 sunt,
3391 4399 3504 4435 ma.

216 4486 399 4554 jorem
449 4483 633 4535 Durati
660 4481 989 4549 diligentiam
1039 4478 1248 4542 vellem,
1294 4482 1349 4533 ni
1400 4481 1534 4548 forte
1568 4481 1881 4550 tgpograplii
1910 4482 1963 4532 in
2001 4496 2121 4532 eum
2174 4478 2495 4532 liberaliora
2550 4478 2716 4547 fuere,
2777 4478 2995 4547 ejusque
3033 4475 3252 4545 νηινρπο
3295 4477 3507 4531 numine

228 4577 518 4631 voluerunt
550 4574 671 4626 libri
696 4574 923 4641 pretium
955 4570 1373 4638 augere.Gra:ca
1410 4586 1439 4624 a
1469 4570 1663 4625 Ducaao
1686 4573 1959 4639 descripta
1984 4581 2107 4623 sunt
2133 4587 2162 4624 e
2194 4571 2381 4625 codice
2411 4587 2520 4639 quo
2547 4571 2678 4624 oiim
2715 4585 2843 4622 usus
2866 4568 3172 4639 l.angus,et
3197 4569 3288 4637 qui
3313 4569 3507 4621 unicus

227 4667 487 4722 creditur
522 4666 687 4720 hodie
719 4680 1006 4733 superare,
1039 4664 1245 4733 quique
1280 4679 1345 4717 ex
1392 4663 1631 4717 Matthia:
1656 4663 1880 4719 Corvini
1916 4664 2048 4717 bibl.
2080 4662 2320 4716 Bmlensi
2364 4663 2613 4731 direptus
2639 4662 2770 4715 olim
2805 4677 2832 4713 a
2868 4659 3086 4724 Turcis,
3115 4669 3171 4714 at
3215 4659 3373 4714 CPoli
3426 4677 3508 4712 re-

230 4764 495 4832 demptus
521 4763 592 4815 ab
620 4759 843 4813 homine
867 4757 1184 4812 Christiano
1211 4757 1435 4811 devertit
1460 4757 1515 4810 in
1541 4757 1676 4811 bibl.
1712 4757 2016 4812 Caesaream
2070 4758 2134 4826 (ι’)
2174 4756 2677 4820 Vimlobonensem,
2716 4752 2806 4807 ubi
2870 4752 3142 4821 hodieque
3170 4764 3506 4807 assertatur.

307 4950 390 5016 (al
425 4945 769 5014 Nicephorus
810 4943 864 4997 in
906 4941 1254 5016 dedicatione
1306 4940 1444 5016 Hist.
1489 4940 1812 5016 Eircles._ad
1920 4939 2057 4994 Hist.
2102 4939 2251 5008 liga...
2280 4955 2312 5007 p
2364 4940 2432 4992 54
2466 4959 2477 4993 :
2517 4957 2641 4995 nam
2678 4939 2769 5007 qui
2811 4939 2882 4993 ibi
2938 4941 3005 5016 tie
3038 4938 3367 5016 junioribus
3406 4938 3476 5016 im

232 5009 390 5072 hunc
417 5009 793 5071 Andronicum
828 5030 948 5082 pag.
980 5012 1051 5065 20
1070 5031 1082 5063 :
1104 5014 1212 5065 Καὶ
1232 5029 1290 5065 σε
1317 5013 1498 5078 οἴομαι
1523 5011 1610 5062 διὰ
1639 5010 1815 5063 ταῦτα

1923 5017 2267 5079 μϊειῑωηὶψξ
2296 5021 2608 5077 sequuntur
2650 5026 2863 5073 versus,
2908 5014 2974 5082 ab
3001 5011 3110 5082 alio
3145 5009 3371 5082 fuerunt
3410 5012 3509 5059 ad-

234 5089 332 5142 καὶ
360 5089 421 5149 ἐς
468 5087 735 5152 μήκιστόν
761 5079 842 5135 σοί
879 5079 1145 5152 βιώσιμον
1179 5082 1599 5150 προσγενέσθαι.
1630 5082 1815 5150 Itaque

1923 5082 2044 5152 diti,
2080 5082 2264 5147 itaque
2302 5096 2483 5152 neque
2517 5082 2568 5133 in
2606 5082 2782 5152 altero
2824 5081 3017 5133 codice
3074 5079 3244 5146 liegio
3275 5120 3288 5142 ,
3331 5094 3509 5145 llt'qttc

237 5175 291 5229 p.
328 5160 362 5210 7
392 5174 404 5213 :
449 5149 625 5229 ivbes
654 5156 803 5223 ὧρας
856 5149 974 5229 non
1015 5149 1351 5229 reddendum
1394 5153 1585 5229 «etatis
1615 5152 1713 5229 tios
1741 5158 1817 5229 _ct
1923 5151 1975 5204 in
2012 5152 2253 5229 ullonqun
2279 5167 2408 5229 usus
2434 5150 2674 5229 Joannes
2707 5149 2945 5229 La_ngus,
2985 5152 3265 5229 leguntur.

235 5217 411 5296 uigor,
461 5225 555 5280 sed
587 5217 1002 5296 ﬂosj'venustatis
1032 5224 1110 5290 (l)
1136 5238 1153 5287 ;
1202 5225 1277 5275 uti
1328 5238 1381 5290 p.
1417 5222 1517 5281 14.
1563 5217 1818 5296 ὀξἈρίᾳ-
1935 5217 2299 5296 __(c)nconl'er
2320 5220 2732 5296 Casaubonum,
2762 5217 2955 5296 Exiere.
2984 5221 3037 5281 1,
3063 5219 3117 5272 ἰη
3146 5217 3344 5296 liaruu.
3372 5224 3512 5296 seet.

234 5286 411 5359 τῶνοζ
436 5286 857 5349 male'redditur
902 5286 1199 5358 Aristonus,
1230 5286 1354 5347 cum
1388 5286 1713 5345 vertendum
1746 5293 1819 5345 sit
1928 5286 2346 5349 iiiCanwrar,
2377 5290 2445 5343 ad
2474 5289 2636 5344 Joan.
2675 5286 2749 5355 xi,
2787 5295 2806 5343 1
2836 5306 2855 5355 ;
2883 5290 3074 5345 Bezam
3100 5290 3165 5341 ad
3201 5294 3323 5340 Act.
3356 5303 3391 5343 I.
3422 5286 3507 5347 15,

237 5368 506 5426 Aristonis
537 5364 630 5428 F.,
660 5379 854 5432 nempe
879 5362 1052 5417 Plato.
1927 5373 1981 5414 et
2016 5361 2279 5414 Blondelii
2313 5361 2825 5429 Speudolsidorum,
2856 5378 2907 5429 p.
2936 5362 3034 5427 δῖε
3063 5359 3426 5413 Possevinum
3454 5370 3510 5406 ιιι

304 5439 382 5503 (bl
422 5436 543 5489 Lib.
575 5446 613 5497 I,
644 5450 764 5502 cap.
802 5434 851 5494 1,
888 5449 1009 5501 pag.
1041 5432 1130 5485 43.
1930 5433 2227 5503 App/irata,
2263 5443 2368 5503 etc.

312 5497 386 5577 (ε)
431 5505 552 5559 Lib.
586 5520 621 5577 t.
652 5497 785 5577 cap.
824 5497 1030 5577 l.'ua'g_
1065 5504 1151 5577 5_7_.
1361 5574 1371 5577 _
1497 5575 1519 5577 _
1745 5574 1755 5577 Α
1976 5497 2061 5569 ’(Ῑι
2088 5501 2292 5577 Confer
2343 5501 2721 5577 Lambecium,
2769 5503 2849 5577 de
2882 5498 3018 5554 Bibl.
3068 5498 3282 5553 Viudob.
3330 5497 3429 5549 lib.
3472 5507 3510 5556 ι,

313 5571 397 5647 (d)
437 5576 595 5644 Apud
652 5574 958 5643 Philippum
1013 5572 1293 5627 Labbeum
1358 5574 1413 5627 in
1487 5574 1817 5645 Protreptico
1928 5589 2051 5641 pag.
2081 5573 2181 5624 108
2203 5589 2345 5641 seq.,
2385 5574 2484 5625 152
2526 5588 2681 5641 seqq.
2706 5581 2758 5625 ct
2792 5571 2891 5625 lib.
2918 5587 3036 5625 vni.

307 5736 383 5798 (l)
408 5732 542 5785 Nihil
564 5733 852 5783 mutandum
874 5744 1166 5791 censemus;
1194 5731 1285 5780 hoc.
1319 5732 1506 5780 etenim
1530 5730 1637 5779 loco
1675 5738 1845 5780 auctor
1865 5730 2008 5777 dotes
2031 5737 2289 5778 enumerat
2330 5742 2441 5791 quae
2468 5728 2799 5779 Andronicum
2820 5728 3059 5792 juvenem
3084 5725 3341 5777 ornabant.
3365 5722 3506 5774 Εοιτ.
