4212 6430
748 387 856 448 559
1966 386 2382 448 NICEPHORI
2425 387 2769 450 CALLISTI
3881 390 3989 454 550

749 504 858 582 qui
901 500 1171 581 publicis
1214 502 1501 563 invidens
1536 503 1903 578 commodis,
1942 523 2120 564 suum
2158 506 2377 582 fecisse
2404 504 2759 577 videbatur,
2805 523 2880 564 ne
2925 512 3075 566 esset
3120 505 3415 565 aliorum.
3446 505 3571 567 Sed
3607 504 3857 565 tandem
3902 504 3983 565 ab

749 606 983 684 injusto
1017 605 1266 665 domino
1306 604 1374 664 in
1409 605 1720 683 familiam
1755 607 2155 685 imperatoris
2182 608 2463 679 transiit,
2492 627 2562 666 ac
2586 607 2981 683 postliminio
3011 608 3339 668 restitutus
3369 626 3434 666 eo
3468 617 3557 667 est
3581 606 3745 667 unde
3769 607 3986 685 fuerat

747 705 996 766 ablatus
1035 728 1055 767 :
1104 714 1323 765 auctor
1356 707 1659 784 siquidem
1694 708 1822 785 ipse
1854 707 2246 786 Nicephorus
2300 726 2479 767 suum
2518 712 2891 785 imperatore
2924 708 3182 786 dignum
3226 727 3450 769 munus
3466 708 3892 788 judicaverat,
3926 715 3986 765 et

744 807 1119 884 Palaologo,
1151 808 1247 867 uti
1284 809 1554 885 suspicio
1585 819 1699 880 est,
1732 811 2060 870 historiam
2090 817 2507 869 consecrarat.
2534 810 2808 869 Joannes
2836 811 3113 887 Longus,
3143 811 3244 870 vir
3276 810 3350 870 de
3385 809 3705 888 republica
3735 809 3984 869 littera-

744 907 848 968 ria
892 909 1119 985 optime
1168 909 1452 980 meritus,
1488 928 1623 968 eum
1650 912 1893 987 primus
1941 930 1969 969 e
2002 911 2407 971 Bibliotheca:
2451 911 2718 970 vinculis
2751 909 3037 985 exsolvit,
3070 931 3142 971 ac
3179 906 3359 971 Latio
3388 913 3671 983 donavit,
3709 930 3829 991 quo
3860 908 3987 970 sibi

746 1010 994 1068 nomine
1034 1012 1151 1069 etsi
1181 1008 1525 1069 obstrinxit
1564 1013 1910 1084 universos,
1948 1031 2075 1072 non
2117 1023 2320 1071 tamen
2351 1013 2552 1093 effecit
2584 1022 2652 1071 ut
2685 1014 2886 1090 ipsum
2924 1033 2953 1072 e
2995 1004 3621 1091 vultu‘Nicephorum
3650 1032 3828 1071 nosse
3859 1030 3989 1071 non

750 1120 1041 1189 cuperent
1074 1111 1123 1171 ii
1157 1109 1381 1190 quibus
1410 1114 1810 1191 antiquitatis
1837 1114 2115 1174 studium
2146 1126 2203 1174 et
2235 1114 2460 1175 Greca:
2483 1114 2798 1192 facundia:
2830 1114 3109 1191 dignitas
3165 1124 3317 1174 esset
3372 1116 3439 1173 in
3480 1115 3711 1191 pretio.
3747 1114 3988 1173 Prcter

749 1221 1001 1273 cateros
1047 1223 1248 1272 autem
1301 1213 1524 1274 Jacobi
1574 1216 1627 1273 Τ
1626 1214 1821 1275 huani
1863 1218 1931 1275 in
1966 1224 2185 1275 senatu
2224 1217 2576 1277 Parisiensi
2600 1216 2914 1293 prmsidis,
2951 1226 3006 1274 et
3046 1217 3211 1275 inter
3250 1217 3490 1294 egregie
3536 1216 3753 1276 doctos
3795 1202 3987 1290 facile

748 1315 1084 1394 principis,
1124 1319 1191 1377 in
1226 1317 1385 1378 hanc
1418 1321 2200 1397 curam-animus‘exarsit,
2230 1323 2654 1399 pugnavitque
2696 1322 2863 1380 omni
2898 1338 3019 1399 qua
3051 1299 3292 1378 valebat
3322 1322 3556 1397 gratia,
3594 1330 3650 1379 et
3689 1320 3985 1397 perfecit,

745 1427 814 1477 ut
846 1437 873 1475 e
906 1417 1277 1479 bibliotheca
1310 1420 1712 1499 imperatoris
1747 1423 2061 1500 exemplar
2093 1424 2291 1493 ipsum
2325 1423 2604 1485 Gracum
2634 1422 2813 1481 nobis
2849 1420 3059 1482 liceret
3092 1420 3467 1495 exscribere,
3500 1420 3665 1501 quod
3694 1429 3986 1481 accurate

740 1525 1173 1600 prastitimus.
1207 1527 1415 1605 Hujus
1451 1537 1653 1587 autem
1690 1529 1771 1589 ad
1817 1531 2187 1604 transcripti
2221 1529 2401 1607 fidem
2442 1528 2669 1588 Latina
2712 1529 2914 1587 versio
2968 1527 3294 1605 explorata
3334 1528 3774 1605 commissaque
3816 1535 3908 1584 est
3946 1544 3986 1583 a

750 1627 824 1686 [ἶ.
866 1627 932 1684 Ρ.
970 1628 1289 1687 Frontone
1323 1632 1543 1689 Βασωο
1597 1650 1624 1687 e
1663 1633 1954 1690 societate
1990 1635 2166 1701 Jesu,
2206 1633 2312 1710 qui
2345 1650 2475 1690 eam
2506 1629 2908 1706 interpolavit
2949 1648 3185 1688 omnem
3244 1638 3298 1687 et
3328 1629 3659 1688 recensuit.
3692 1627 3828 1688 Non
3866 1626 3984 1685 du-

749 1729 1020 1791 bitamus
1058 1742 1263 1793 autem
1304 1734 1422 1794 isto
1462 1753 1778 1811 sponsore,
1815 1736 2233 1814 Nicephorum
2274 1737 2433 1795 hunc
2464 1745 2744 1795 nostrum
2784 1753 3147 1813 germanum
3179 1750 3476 1803 asserere,
3513 1740 3567 1790 et
3604 1730 3700 1791 vel
3726 1730 3986 1791 Callisto

742 1836 919 1913 patri
959 1836 1037 1909 (si
1064 1837 1274 1897 redeat
1322 1840 1387 1898 in
1420 1840 1601 1917 vivis)
1643 1842 2207 1917 recognoscendum
2252 1841 2424 1900 dare.
2456 1842 2636 1901 Nunc
2677 1839 2877 1911 illum,
2921 1838 3353 1899 Illustrissime
3391 1838 3781 1903 Cardinalis,
3812 1833 3988 1895 orbis

754 1940 1159 2001 Christianus
1204 1944 1421 2004 Gallice
1460 1943 1785 2004 debiturus
1820 1956 1930 2016 est,
1963 1948 2075 2023 qui
2105 1964 2219 2022 per
2261 1956 2317 2003 te
2341 1947 2479 2023 jam
2510 1944 2607 2004 illi
2633 1944 2829 2003 multd
2861 1943 3060 2003 debet.
3101 1944 3296 2020 Atque
3335 1943 3434 2001 hic
3465 1960 3644 2019 quam
3687 1944 3773 1998 sit
3808 1944 3984 2008 (atus,

750 2043 885 2116 ipsa
916 2043 1186 2101 nominis
1220 2044 1522 2103 iudicatio
1556 2046 1958 2105 demonstrat.
1993 2046 2183 2119 Quem
2216 2048 2375 2104 enim
2409 2045 2675 2123 appellet
2710 2043 2903 2103 alium
2940 2053 3283 2121 Νικηφόρος,
3323 2060 3502 2121 quam
3535 2060 3670 2100 eum
3698 2040 3807 2118 qui
3834 2057 3990 2117 qua-

752 2163 991 2224 cunque
1022 2150 1143 2208 iter
1171 2149 1323 2226 fecit
1357 2152 1687 2211 victoriam
1723 2150 2174 2211 circumtulisse
2207 2153 2372 2210 visus
2410 2160 2521 2210 est.
2560 2152 2683 2225 Qui
2722 2149 3090 2209 rebellantes
3126 2150 3487 2227 provincias
3517 2164 3643 2204 non
3677 2154 3800 2203 tam
3834 2156 3951 2221 par

745 2247 943 2321 sibus,
982 2268 1166 2328 quam
1212 2251 1499 2311 victoriis
1532 2254 1896 2331 peragravit
1927 2270 1939 2312 :
1974 2255 2081 2332 qui
2110 2252 2439 2329 felicitate,
2474 2252 2830 2329 vigilantia,
2873 2252 3105 2310 virtute
3155 2250 3463 2329 quidquid
3493 2247 3788 2307 hactenus
3828 2244 3978 2304 Gal-

749 2350 851 2410 liw
873 2350 1160 2414 beatitati
1189 2348 1537 2428 obstiterat,
1564 2356 1784 2415 evertit
1836 2356 2222 2435 disjecitque.
2250 2357 2471 2432 Pergis
2496 2364 2699 2433 autem
2722 2356 2903 2412 etiam
2933 2354 3121 2422 'nune,
3146 2351 3575 2412 Illustrissime
3598 2344 3985 2414 Cardinalis,

749 2457 913 2515 alias
964 2457 1029 2516 in
1072 2476 1215 2517 oras
1261 2460 1389 2519 vim
1425 2459 1695 2519 eamdem
1738 2457 2065 2537 beneﬁcam
2101 2462 2511 2537 invictamque
2550 2459 2869 2519 deducere.
2902 2457 3231 2530 Exstabit,
3271 2476 3345 2517 ne
3388 2456 3629 2526 dubita,
3666 2454 3827 2513 alter
3867 2451 3989 2511 ali-

747 2562 997 2642 quando
1031 2562 1447 2641 Nicephorus,
1490 2566 1598 2643 qui
1628 2573 1878 2625 tuarum
1907 2566 2312 2626 victoriarum
2338 2583 2583 2625 cursum
2611 2564 2883 2641 posteris
2937 2562 3304 2641 explicabit,
3338 2578 3687 2640 quanquam
3717 2570 3787 2618 ut
3816 2559 3991 2635 facta

751 2676 859 2723 tua
905 2684 1080 2723 nemo
1121 2667 1376 2743 scriptis
1413 2667 1700 2740 celebret,
1731 2668 1901 2743 fama
1940 2679 2145 2727 tamen
2176 2666 2463 2745 loquetur
2508 2668 2673 2744 ipsa,
2716 2684 2909 2743 neque
2940 2674 3201 2724 ventura
3233 2664 3305 2722 de
3342 2674 3398 2721 te
3437 2674 3583 2721 a'tas
3610 2660 3736 2719 ulla
3773 2671 3990 2737 postea

750 2770 1141 2832 conticescet.
1184 2770 1312 2832 Nos
1346 2781 1508 2831 certe
1537 2771 1742 2851 quoad
1772 2773 1902 2833 vita
1932 2782 2237 2849 suppetet,
2285 2772 2411 2833 tuis
2443 2770 2728 2831 obstricti
2767 2773 3097 2849 ornatique
3128 2766 3468 2845 beneﬁciis,
3499 2765 3717 2844 quiqui
3753 2781 3986 2836 sumus,

751 2870 937 2947 ﬁdam
966 2889 1202 2949 semper
1231 2870 1611 2951 obsequendi
1639 2872 2017 2933 voluntatem
2048 2872 2334 2950 proﬁteri
2363 2891 2489 2933 non
2533 2872 2903 2941 desinemus,

1386 2998 1715 3059 Illustriss.
1750 3008 1804 3057 ct
1836 2996 2260 3057 Reverendiss.
2296 2995 2681 3068 Cardinalis,

2326 3122 2711 3182 Deditissimi
2750 3118 3198 3198 humillimiquc
3232 3116 3530 3187 Clientes,

2179 3255 2603 3315 SEBASTIANUS
2642 3269 2720 3312 ET
2762 3253 3040 3313 GABRIEL
3083 3250 3403 3308 Casuoxsv
3444 3259 3739 3305 rus-rues.

759 3402 3967 3452 Μ

1630 3428 3189 3440 W
3244 3428 3271 3429 κ

1838 3561 2909 3677 ΠΡΟΣΦΩΝΗΜΑ

2030 3759 2120 3812 ΕΝ
2157 3757 2331 3810 ΕΙΔΕΙ
2370 3756 2722 3811 ΕΓΚΩΜιΟΥ

968 3910 1061 3965 ,ΙΣ
1100 3906 1241 3960 ΤΟΝ
1269 3901 1848 3957 ΕΥΣΕΒΕΣΤΑΤΟΝ
1884 3901 2009 3953 ΚΑΙ
2040 3898 2275 3952 APION
2296 3894 2513 3949 ΗΜΩΝ
2546 3894 3083 3948 ΔΥΤΟΚΡΔῚὉΡΔ
3118 3894 3323 3947 ΥΠΕΡ
3367 3894 3501 3947 HIS
3542 3894 3821 3946 ΒΙΒΛΟΥ

1776 4015 1916 4071 ΤΗΣ
1938 4012 2599 4068 WHITwa
2629 4011 2986 4064 ΙΣΤΟΡΙΔΣ.

1405 4292 2212 4407 ALLOCUTIO
2272 4288 3351 4402 ENCOMIASTICA

1152 4527 1255 4582 AD
1303 4524 1759 4581 PIISSIMUM
1835 4522 1923 4576 ET
1973 4519 2378 4577 SANCTUM
2461 4518 3099 4575 IMI’ERATOREM
3174 4518 3586 4576 NOSTRUM

1284 4682 1601 4761 SUPER
1683 4666 1986 4758 ΜΒΒο
2064 4677 2572 4755 HISTOBIIE
2650 4676 3463 4755 ECCLESIASTICIE.

857 4987 900 5054 1
938 4978 1311 5039 Ecclesiasma
1354 4974 1591 5028 Historia
1626 4972 1949 5041 composita,
1999 4971 2332 5027 multorum-
2364 4978 2412 5033 Α

2364 4978 2412 5033 Α
2525 4972 2681 5039 Ἐμοὶ
2724 4972 2780 5024 δὲ
2827 4972 2937 5039 ἄρα
2984 4970 3441 5037 ἑκκλησιαπικὴν
3472 4971 3714 5039 ἱπορέαν
3742 4970 4004 5041 ᾑρημένῳ

776 5093 882 5148 que
922 5086 977 5129 et
1017 5068 1461 5126 admirandorum
1496 5065 1739 5118 virorum
1758 5064 1921 5118 rebus
1943 5063 2110 5132 gestis
2165 5078 2195 5115 τι
2251 5076 2338 5115 mc

2440 5063 2803 5125 συντάττειν,
2863 5062 2957 5113 καὶ
3018 5060 3229 5113 πολλῶν
3283 5063 3377 5111 καὶ
3426 5059 3731 5112 Θεσπεςῑων
3781 5063 4005 5127 πρᾶξεις

777 5170 1016 5237 script's,
1046 5162 1252 5218 nemini
1295 5160 1542 5229 proiecto
1561 5172 1700 5226 opus
1752 5156 1828 5219 id,
1860 5171 2023 5225 quam
2074 5156 2193 5219 tibi,
2253 5171 2339 5210 re-
2436 5193 2440 5202 λ

2436 5154 2651 5223 ἀνδρῶν
2686 5152 3021 5221 πειρωμένῳ
3068 5152 3130 5220 δὴ
3186 5151 3544 5220 ξυγγράφειν,
3595 5151 3697 5202 tiu:
3749 5168 3823 5217 γε,
3865 5152 4006 5220 ἄλλῳ

777 5265 920 5315 elius
951 5253 1339 5317 conscernrim,
1382 5251 1697 5317 imperator,
1728 5247 2037 5316 principum
2092 5248 2339 5300 omnium
2434 5266 2440 5279 ε

2434 5246 2645 5314 ταύτην
2675 5246 2953 5299 ἀναθεῖναι
2972 5244 3272 5314 προσῆκεν,
3304 5245 3337 5313 ἢ
3366 5243 3471 5309 σοὶ,
3498 5243 3762 5311 βασιλέων
3786 5246 4007 5297 πάντων

775 5353 976 5405 Christi
1007 5344 1379 5401 amantissimo
1408 5352 1572 5410 alque
1604 5339 2002 5394 humanissimo
2025 5378 2040 5402 ,
2098 5341 2190 5408 qui
2225 5354 2343 5393 om-

2442 5340 2891 5407 φιλοχριστύτατε
2920 5339 3012 5389 καὶ
3046 5336 3550 5404 φιλανθρωπότατε,
3602 5336 3786 5397 πάσας
3841 5337 4008 5405 ἄρδιν

788 5464 883 5499 nos
930 5458 1150 5512 prorsus
1184 5440 1414 5491 virtutes
1454 5434 1786 5503 complexus,
1820 5433 1954 5486 nihil
1994 5448 2178 5486 rerum
2220 5432 2343 5501 pur-
2444 5433 2451 5481 ἓ

2444 5431 2538 5482 az:
2573 5430 2897 5483 συλλαϐόντι
2936 5430 3032 5491 τὰς
3077 5430 3301 5496 ἀρετὰς,
3339 5428 3435 5479 καὶ
3462 5428 3731 5497 μηδεμίαν
3772 5428 4009 5496 ὑπερθν-

780 5541 1173 5593 clicurimarum
1206 5540 1260 5582 et
1306 5526 1887 5583 excellentissimarnm
1914 5524 2337 5592 praetermisisti.

2444 5524 2542 5591 λὴν
2564 5524 2678 5575 τῶν
2708 5524 2963 5592 χρηστῶν
2988 5524 3043 5575 ὲν
3071 5523 3244 5575 οὐδενὶ
3268 5520 3717 5582 καταλελοιπότις
3753 5520 3815 5572 οὗ
3846 5521 4010 5572 πο).ὶὰ

777 5630 992 5684 Etcum
1056 5621 1323 5691 permulia
1366 5630 1529 5686 alque
1589 5618 1725 5669 adeo
1779 5615 2196 5669 innumerabilia
2251 5626 2339 5669 tua

2450 5616 2547 5684 μὲν
2578 5616 2669 5665 καὶ
2718 5614 2853 5668 ἄλλα
2892 5615 2960 5667 τὰ
3005 5612 3431 5682 κατορθώματα,
3469 5613 3563 5664 καὶ
3593 5613 3667 5674 ὡς
3696 5606 3811 5664 οἷον
3840 5615 4009 5663 εἰπεῖν

775 5724 887 5777 sint
918 5725 1172 5787 priet-lare
1200 5715 1358 5774 facta,
1386 5713 1691 5767 orationem
1729 5720 1966 5761 nostram
1991 5708 2147 5777 longe
2175 5725 2342 5777 supe-

2447 5710 2674 5776 ἆπειρα,
2709 5708 2799 5757 καὶ
2847 5707 3002 5773 λόγον
3057 5705 3381 5757 ἐκϐαίνοντα
3414 5707 3504 5759 τὸν
3556 5704 3847 5781 ἡμέτερον,
3880 5703 4012 5757 θ’)εεῦ

781 5811 979 5868 rentia.
1008 5824 1169 5862 manu
1203 5805 1385 5857 divina
1425 5803 1713 5858 consilium
1741 5816 1901 5853 omne
1943 5810 2094 5853 tuum
2158 5812 2211 5880 et
2266 5800 2342 5854 la-

2450 5805 2585 5874 χενρί
2612 5801 2754 5875 πρὸς
2782 5800 2966 5850 πᾶσαν
3021 5800 3113 5849 καὶ
3173 5798 3371 5880 βουλὴν
3412 5797 3503 5849 καὶ
3548 5795 3750 5863 πρᾶξιν
3790 5796 4012 5863 (Lf.th-
