4212 6430
754 378 856 442 567

1975 402 2394 465 NICEPHORI
2456 409 2803 471 CALLISTI

3901 409 4004 475 ω
4056 400 4059 401 ,

751 501 898 546 clum
935 496 1028 548 tibi
1053 500 1257 567 optime
1286 515 1453 563 esset.
1477 507 1542 560 ad
1573 507 1786 575 imperii
1817 512 2130 576 praesidium
2160 515 2326 567 solum
2356 521 2401 575 Α

2356 521 2401 575 Α
2436 520 2619 571 πολιτε
2632 522 2715 572 ίαν
2748 523 3061 591 γενόμενος,
3094 522 3178 575 ἆτ’
3215 522 3428 575 οἴκοθεν
3455 519 3785 592 ἁποχρώσας
3821 536 4001 589 παρα-

752 585 1008 652 pietatem
1069 599 1122 643 ct
1173 594 1248 647 rei
1281 595 1479 652 divina:
1501 600 1750 654 sedulum
1784 603 1990 657 cultum
2049 604 2320 670 sufﬁcere,

755 679 958 746 reliqua
1002 692 1181 737 autem
1209 701 1333 740 cum
1371 690 1454 742 his
1481 704 1790 760 comparata
1822 694 1957 749 nihil
2005 711 2149 758 esse.
2187 698 2324 750 divi-

750 786 874 823 nam
901 774 1056 840 plane
1076 786 1130 828 et
1153 780 1612 847 sapiemissimam
1643 789 1938 852 concepisti
1969 791 2320 844 sententiam.

749 859 987 916 Proinde
1049 881 1148 934 per
1198 871 1467 933 ejusmodi
1524 891 1707 929 rerum
1763 877 2319 944 administrationem,

753 967 1003 1021 magnam
1037 975 1064 1012 a
1101 960 1212 1015 Deo
1242 963 1411 1018 iniisti
1444 967 1707 1036 gratiam:
1733 978 1788 1023 et
1825 985 1855 1028 a
1879 971 2053 1041 teipso
2084 972 2159 1025 illi
2187 973 2323 1028 satis

750 1046 1033 1112 praebuisti
1077 1065 1275 1117 causae,
1327 1066 1382 1109 ut
1409 1058 1666 1124 perfacile
1698 1065 1943 1128 precanti
1998 1064 2094 1118 tibi
2129 1060 2320 1124 aurem

751 1151 905 1190 suam
965 1139 1279 1205 inclinaret,
1315 1147 1625 1204 actionibus
1654 1152 1912 1206 omnibus
1947 1154 2053 1208 tuis
2081 1157 2319 1225 praeiret,

751 1228 1151 1303 imperiumque
1173 1237 1268 1291 tibi
1303 1237 1542 1295 firmaret
1566 1251 1729 1310 atque
1747 1246 2103 1301 constitueret
2127 1264 2140 1300 :
2169 1248 2323 1303 vide-

750 1319 1291 1391 liectntrectissime,
1317 1343 1478 1399 atque
1513 1335 1705 1388 ordine
1736 1336 1944 1404 optimo
1973 1337 2322 1393 administra-

750 1413 827 1468 tio
857 1417 972 1485 cjus
1006 1423 1348 1488 procederet,
1390 1425 1441 1477 in
1466 1426 1629 1480 rebus
1662 1429 1922 1483 omnibus
1953 1439 2002 1483 te
2038 1431 2321 1496 aptissime

750 1506 1021 1579 dirigens,
1044 1524 1232 1581 atque,
1264 1525 1323 1568 ut
1359 1518 1560 1584 aliquis
1583 1519 1752 1585 dicat,
1783 1522 1960 1575 vivam
2006 1523 2318 1593 imaginem,

748 1607 805 1651 et
830 1608 1064 1658 statuam
1088 1605 1305 1675 imperii
1325 1610 1610 1676 pulchram
1625 1613 1850 1666 omnino
1873 1623 1925 1667 et
1956 1615 2318 1683 imperialem,

749 1691 816 1744 ad
870 1693 1250 1751 incredibilem
1304 1711 1358 1752 et
1415 1703 1933 1760 excellentissimam
1977 1715 2318 1761 venustatem

751 1787 1057 1851 expoliens.
1093 1787 1182 1842 Sic
1214 1791 1361 1844 enim
1396 1805 1549 1861 puto.
1594 1795 1687 1848 Dei
1715 1796 2103 1865 benignitatem
2139 1799 2320 1852 homi-

749 1878 914 1934 nibus
946 1896 1054 1934 non
1113 1884 1451 1954 contingere,
1493 1887 1598 1940 nisi
1651 1887 1862 1956 seipsos
1906 1889 2062 1943 factis
2115 1892 2320 1950 suisea

749 1968 942 2039 dignos
969 1971 1367 2050 exhibuerint:
1412 1991 1532 2044 quze
1579 1987 1656 2043 tu,
1692 1979 1838 2048 quod
1872 1982 2076 2049 optima
2113 1984 2324 2050 praesti-

749 2061 885 2125 tisti,
915 2064 971 2115 in
1007 2064 1197 2132 primis
1236 2077 1294 2119 ut
1343 2069 1616 2136 gratiosus
1649 2071 1793 2140 apud
1830 2071 1998 2126 Deum
2040 2074 2135 2134 sis,
2192 2091 2323 2128 con-

749 2165 973 2209 secutus
999 2173 1080 2211 es.
1113 2157 1457 2228 Quapropter
1481 2177 1706 2218 cernere
1725 2174 1866 2227 erat,
1884 2166 2150 2235 quidquid
2176 2176 2322 2222 esset

749 2249 962 2313 mali,id
985 2266 1014 2304 e
1037 2251 1216 2306 medio
1236 2253 1350 2306 tolli
1378 2254 1541 2308 :bona
1562 2266 1743 2309 autem
1766 2258 2020 2312 universa
2044 2261 2108 2312 ad
2128 2275 2322 2316 manus

749 2357 896 2405 esse,
928 2344 1216 2399 utilitatem
1262 2347 1536 2415 publicam
1591 2365 1701 2404 non
1744 2353 2044 2414 morari,et
2076 2363 2323 2422 tempora

751 2438 866 2505 ipsa
896 2437 996 2492 sub
1052 2449 1101 2492 te
1120 2455 1262 2494 novo
1293 2451 1457 2510 atque
1481 2443 1770 2497 commodo
1793 2443 2129 2513 imperatore
2162 2463 2323 2501 reno-

750 2532 862 2582 vari
889 2533 1340 2601 ctrepubcscerc.
1372 2537 1548 2605 Atque
1577 2538 1832 2606 equidem
1850 2555 2030 2593 rerum
2053 2540 2320 2595 bonarum

747 2624 1020 2693 pleraeque
1041 2641 1136 2678 sua
1157 2637 1351 2694 Sponte
1371 2630 1622 2693 aderant,
1643 2631 1912 2700 pleraeque
1932 2647 2057 2687 mox
2075 2634 2324 2690 aﬂutura:

745 2723 926 2766 erant.
953 2713 1185 2768 Accessit
1205 2732 1330 2785 spes
1353 2719 1518 2773 rebus
1538 2723 1899 2789 praesentibus
1923 2725 2082 2795 longe
2106 2730 2321 2784 melior.

747 2804 881 2860 Nam
903 2807 1060 2860 sicuti
1077 2808 1240 2876 jnbar
1254 2810 1526 2878 quoddam
1545 2828 1574 2867 e
1595 2814 1815 2869 sublimi
1832 2816 2105 2883 relucens,
2122 2821 2325 2891 ubique

749 2907 1044 2962 terrarum,
1091 2900 1408 2956 afﬂuentem
1459 2905 1554 2958 tibi
1575 2906 1846 2964 divinitus
1859 2912 2087 2979 gratiam
2107 2915 2325 2969 abunde

750 2989 1046 3056 demisisti,
1071 3007 1307 3062 eamque
1343 3009 1571 3065 propter
1589 3001 1899 3056 caalestium
1947 3009 2215 3059 donorqu
2236 3023 2326 3060 va-

753 3081 1001 3135 rictatem
1043 3085 1275 3152 perinde
1301 3096 1468 3157 atque
1491 3089 1693 3146 ﬂumen
1713 3096 1991 3164 cepiosum
2009 3097 2324 3166 profudisti.

2429 611 2572 680 σχὼν
2605 613 2803 682 ἐκείνῳ
2833 613 2929 676 τὰς
2961 615 3218 682 ἀφορμάς
3238 631 3252 645 ’
3285 611 3416 667 ὥστ’
3436 611 3716 683 εὖχομὲνῳ
3749 629 3836 665 σοι
3868 628 4002 681 προ-

2426 706 2625 773 χείρως
2669 706 2982 760 ὑποκλενειν
3043 706 3191 773 ἔχειν
3240 707 3302 757 τὸ
3337 705 3452 770 οὓς,
3489 707 3602 765 τοῖς
3637 721 3694 756 τε
3741 704 3827 755 σοὶ
3857 719 4000 772 πρα-

2425 798 2603 858 κτέοις
2642 797 2814 851 ἅπασι
2851 799 3250 867 προηγεῖσθαι,
3296 799 3392 851 καὶ
3449 800 3517 851 τὰ
3551 797 3650 865 τῆς
3699 798 4003 867 ἡγεμονίας

2423 890 2786 959 ὲγκαθιστᾷν’
2817 893 2892 952 ὡς
2923 890 2990 943 ἂν
3017 890 3222 957 ἄριστά
3256 907 3326 963 γε
3364 892 3463 944 καὶ
3488 891 3546 942 ὲν
3574 889 3771 958 κόσμῳ
3797 889 3867 940 τὰ
3900 889 4002 953 τῆς

2422 982 2596 1051 ἀρχῆς
2645 980 2944 1048 διεξάγοιτο
2999 979 3269 1051 ῥυθμίσας
3303 981 3386 1047 ἐφ’
3421 981 3616 1044 ἅπασι,
3658 980 3754 1032 καὶ
3799 979 3878 1040 ὡς
3936 978 4002 1030 ἄν

2424 1089 2509 1135 τις
2541 1071 2688 1129 εἴποι
2716 1111 2731 1134 ,
2786 1072 2896 1136 ζῶν
2950 1073 3198 1139 ἄγαλμα,
3241 1072 3336 1126 καὶ
3372 1071 3653 1141 βασιλείας
3683 1069 3999 1139 ἀνδριάντα,

2424 1164 2653 1233 κόσμιον
2693 1164 2772 1234 τῷ
2843 1163 2959 1217 ὄντι
2999 1150 3106 1218 ’καὶ
3142 1163 3425 1233 βασιλικὸν
3465 1165 3546 1224 είς
3575 1162 3774 1224 κάλλος
3814 1163 4003 1229 ἄφρα-

2426 1272 2550 1308 στον
2587 1256 2682 1308 καὶ
2730 1257 3012 1324 ἀμήχανον
3051 1255 3346 1320 ἁποξὲσας.
3392 1254 3592 1323 υῐομαι
3644 1243 3788 1322 γάῤ,
3829 1241 3904 1320 μὴ
3937 1253 4006 1306 ἂν

2425 1345 2547 1398 ποτ’
2586 1346 2902 1414 ἀνθρώποις
2946 1347 3004 1398 τδ
3041 1338 3289 1412 θεοφιλὲς
3337 1344 3742 1413 παραγίνεσθαι
3766 1383 3783 1408 ,
3819 1343 3888 1410 ἦν
3925 1346 4004 1412 μὴ

2425 1445 2565 1510 σφᾶς
2607 1444 2790 1508 ἀξίους
2843 1443 3046 1511 ταύτης
3099 1445 3300 1495 ἰκεῖνοι
3349 1443 3437 1495 διὰ
3472 1443 3581 1496 τῶν
3611 1443 3792 1513 ἔργων
3827 1443 4004 1512 παρὲ-

2424 1551 2614 1603 χωσιν.
2652 1528 2752 1588 Ὧν
2793 1535 2856 1586 σὺ
2892 1535 2960 1586 τὰ
2993 1535 3265 1603 κράτιστα
3297 1533 3624 1603 παρασχὼν,
3652 1533 3715 1585 τὸ
3749 1531 3873 1601 Θεῷ
3908 1550 4004 1584 κε-

2424 1628 2755 1696 χαρισμένος
2786 1622 2926 1681 εἶναι
2964 1629 3070 1697 πρὸ
3099 1626 3302 1688 παντὸς
3338 1626 3663 1695 ἐκληρώσω.
3717 1623 4004 1677 Ἐντεῦθεν

2421 1717 2491 1792 ἦν
2533 1723 2657 1776 ἰδεῖν
2708 1721 2932 1791 σύμπαν
2983 1722 3187 1787 φαῦλον
3234 1724 3335 1789 μὲν
3386 1720 3651 1783 ἐκποδὼν,
3681 1718 3922 1790 χρηστὸν
3954 1718 4003 1770 δ’

2356 1852 2397 1906 Β
2424 1811 2570 1864 ἅπαν
2614 1815 2670 1864 ἐν
2699 1814 2883 1881 χεροῖν
2932 1813 3206 1880 κείμενον.
3251 1811 3327 1864 Τδ
3368 1810 3414 1864 δ’
3442 1811 3510 1864 αὖ
3547 1811 3854 1880 συμφέρον,
3895 1811 4002 1862 οὐκ

2425 1905 2484 1959 ἐν
2531 1903 2830 1964 ἁναῦολαῑς
2867 1904 2931 1974 δή
2975 1920 3107 1967 τισι,
3142 1903 3406 1967 νεάξοντα
3433 1904 3478 1955 δ’
3513 1903 3704 1972 ὥσπερ
3738 1903 3833 1954 καὶ
3862 1902 4000 1968 ἀνη-

2428 1995 2608 2049 6ῶντα
2655 1995 2748 2048 τὸν
2784 1991 2977 2065 ίρόνον
3017 1995 3123 2048 ὑπὸ
3161 1997 3243 2048 σοὶ
3282 1995 3362 2064 τῷ
3397 1995 3499 2065 νέῳ
3528 1995 3622 2047 καὶ
3654 1993 3877 2064 χρηστῷ
3907 1992 4002 2062 βα-

2425 2091 2586 2144 σιλεῖ.
2624 2090 2734 2142 Καὶ
2782 2089 2851 2141 τὰ
2891 2089 2988 2157 μὲν
3031 2088 3140 2140 τῶν
3172 2088 3356 2140 καλῶν
3408 2089 3601 2141 ἑκόντα
3628 2087 3832 2156 παρῆν,
3856 2087 3926 2139 τὰ
3955 2086 4000 2139 δ’

2423 2181 2669 2250 ἔμελλεν·
2693 2182 2723 2250 ἡ
2751 2182 2797 2234 δ’
2829 2181 2981 2243 ἐλπὶς
3027 2182 3121 2233 καὶ
3154 2181 3355 2248 μείζων
3383 2182 3528 2250 ᾗπερ
3569 2180 3640 2234 τὰ
3669 2170 3998 2250 πράγματα.

2435 2274 2651 2325 Ὠσανεὶ
2696 2275 2787 2326 καὶ
2826 2275 2934 2343 γάρ
2987 2292 3071 2337 τις
3125 2275 3337 2342 πυρσὸς
3369 2273 3719 2343 ἀναλάμψας,
3753 2275 4004 2326 ἅπαντα·

2424 2366 2522 2436 χοῦ
2578 2369 2678 2435 τῆς
2727 2370 2852 2435 γῆς,
2910 2365 3008 2430 τὰς
3071 2365 3277 2420 ἄνωθεν
3326 2366 3711 2434 ὲπεισρυείσας
3763 2380 3844 2416 σοι
3891 2362 4001 2414 τῶν

2426 2459 2667 2527 χαρίτων
2702 2457 2950 2524 ἀφθόνως
2988 2458 3367 2526 κατέπεμπες,
3411 2451 3500 2510 οἷὰ
3541 2455 3722 2516 τιναςξ
3750 2453 3996 2521 δαψιὶαίς

2427 2547 2638 2618 ῥύακας
2671 2547 2920 2617 προχέων
2960 2546 3038 2616 τῷ
3075 2546 3309 2616 ποικίλῳ
3345 2545 3454 2598 τῶν
3503 2544 3748 2615 δωρεῶν.
3783 2541 3999 2602 Misce;

2426 2640 2537 2710 γὰρ
2567 2636 2644 2691 ὢν
2673 2639 2828 2708 δόξης
2855 2680 2868 2702 ,
2922 2639 2984 2690 οὐ
3031 2641 3170 2708 πρὸς
3213 2639 3272 2690 τὸ
3321 2640 3521 2706 ῥᾷστον
3555 2637 3877 2690 ἀναπίπτων
3907 2635 4004 2685 καὶ

2425 2733 2488 2785 τὺ
2516 2733 2609 2785 τοῦ
2645 2731 2764 2801 βίου
2816 2730 3223 2800 μαλακώτερον,
3266 2731 3395 2800 περί
3439 2749 3490 2783 τι
3538 2730 3646 2781 τῶν
3683 2729 4000 2781 σπουδαίων

2426 2826 2664 2877 διέκεισο
2686 2867 2698 2890 ,
2734 2825 2846 2876 οὐδ’
2893 2824 3084 2892 ἄρχειν
3115 2823 3313 2877 ἑαυτοῦ
3361 2822 3630 2875 ἐπελάθου
3669 2822 3769 2888 τὴν
3801 2822 3998 2888 ἁλουρ-

2427 2917 2552 2985 γίδα
2611 2916 3094 2986 περιϐαλλόμενος.
3149 2914 3366 2982 Χαλινῷ
3405 2914 3452 2967 δ’
3482 2912 3670 2982 ὥσπερ
3721 2912 3801 2980 τῷ
3858 2912 4002 2980 λόγῳ

2428 3009 2743 3077 χρώμενος,
2778 3009 2877 3077 τὴν
2910 3007 3085 3077 ἀρχὴν
3129 3006 3409 3076 φιλοσόφῳ
3460 3006 3642 3075 διαίτῃ
3680 3005 3997 3072 ἀνέκρουες,

2429 3101 2669 3170 φρουρὸν
2709 3101 2773 3168 δή
2810 3117 2930 3152 τινα
2958 3099 3052 3151 καὶ
3085 3099 3446 3168 παραστάτην
3475 3099 3565 3149 τὸν
3593 3096 3687 3148 τοῦ
3727 3096 3866 3147 Θεοῦ
3909 3096 4002 3159 φή-

751 3172 1005 3243 thuum
1031 3177 1202 3245 gloria
1225 3179 1560 3243 abundares.
1581 3201 1924 3255 nequaquam
1962 3190 2026 3241 ad
2051 3191 2318 3244 desidiam
2351 3197 2396 3255 (ζ

2351 3197 2396 3255 C
2427 3194 2523 3245 δον
2551 3193 2659 3262 πρὸ
2701 3193 2903 3252 παντὸς
2930 3191 3066 3260 αὐτῇ
3097 3192 3418 3259 ἐπιστήσας.
3453 3189 3526 3241 Οὐ
3567 3189 3674 3257 μὴν
3697 3186 3810 3238 ἀλλ’
3843 3185 4001 3245 εἰδὼς

750 3277 804 3319 et
837 3268 1000 3321 vitam
1035 3271 1342 3325 molliorem
1373 3284 1425 3328 te
1459 3275 1750 3341 demisisti,
1793 3281 1888 3333 sed
1923 3281 2087 3333 rebus
2151 3282 2323 3336 hone-

751 3357 851 3414 stis
873 3359 1152 3415 dedidisti.
1191 3362 1378 3432 Neque
1411 3380 1649 3435 purpura
1682 3378 1923 3438 sumpta,
1954 3371 2321 3440 imperiumin

753 3451 990 3518 teipsum
1051 3467 1310 3508 exercere
1344 3457 1625 3512 omisisti:
1676 3469 1732 3512 et
1787 3463 1999 3516 ratione
2064 3473 2323 3531 tanquam

752 3542 909 3596 freno
944 3560 1093 3606 usus.
1125 3546 1338 3615 imperii
1368 3549 1902 3605 administrationem
1927 3554 2326 3621 pbiIOSOphicis

753 3637 1024 3692 institutis
1072 3642 1413 3708 temperasti,
1440 3643 1635 3696 timore
1665 3643 1761 3697 Dei
1787 3645 1862 3698 illi
1927 3656 2183 3716 tanquam
2233 3665 2328 3701 eu—

756 3730 914 3784 stodc
942 3740 996 3783 et
1020 3733 1076 3805 6
1104 3733 1437 3799 opitulatore
1485 3734 1759 3803 imposito.
1788 3738 1961 3790 Porro
2002 3755 2126 3791 cum
2157 3742 2326 3808 probe

755 3823 853 3876 tibi
889 3824 1166 3892 cognitum
1202 3834 1369 3888 esset.
1402 3826 1674 3894 principes
1706 3830 1852 3882 viros
1873 3846 1978 3883 non
2021 3830 2177 3884 facile
2228 3833 2326 3884 ad-

757 3918 963 3971 moneri
998 3933 1055 3970 se
1092 3919 1228 3987 pati,
1265 3935 1442 3986 neque
1475 3922 1779 3974 doctrinam
1825 3932 1988 3991 atque
2021 3925 2325 3979 institutio-

756 4029 880 4067 nem
911 4014 1237 4080 admittere;
1286 4031 1408 4070 eam
1432 4026 1488 4070 tu
1549 4018 1600 4070 in
1668 4018 1861 4087 primis
1916 4020 2014 4073 tibi
2076 4021 2130 4074 in
2190 4037 2326 4075 con-

753 4105 940 4158 silium
975 4105 1300 4171 adhibuisti,
1348 4117 1405 4160 et
1457 4109 1672 4176 imperii
1728 4109 1829 4172 tui,
1881 4111 2110 4178 perinde
2164 4122 2327 4181 atque

758 4198 957 4251 domus
989 4198 1294 4259 custodem,
1320 4211 1376 4254 et
1405 4201 1722 4270 magistrum
1772 4203 2062 4270 optimum,
2122 4205 2296 4257 consti
2317 4233 2331 4243 -

756 4291 934 4344 tuisti.
965 4291 1105 4355 Quin
1137 4291 1319 4359 potius
1349 4291 1444 4345 tibi
1474 4292 1575 4346 hac
1610 4294 1836 4347 minime
1867 4309 2007 4362 opus
2037 4295 2159 4348 fuit.
2185 4294 2328 4361 Quid

753 4386 903 4438 enim
937 4384 1083 4452 apud
1115 4392 1171 4437 te
1203 4387 1305 4442 cst.
1343 4383 1488 4450 quod
1524 4385 1745 4439 aliunde
1787 4385 2069 4450 didiceris,
2101 4395 2196 4440 aut
2231 4388 2330 4440 im-

756 4487 1032 4545 portalum
1065 4477 1392 4546 acceperis?
1425 4476 1518 4544 qui
1574 4476 1786 4546 ingenii
1852 4490 2170 4546 natumque
2223 4489 2327 4531 tua:

2428 3283 2670 3354 ἀκριϐῶς
2699 3326 2710 3345 ,
2763 3284 2840 3343 ὡς
2887 3281 3310 3350 δυσνουθέτητον
3375 3279 3596 3347 σύμπαν
3661 3278 3868 3345 ἄρχον,
3911 3278 4005 3326 καὶ

2428 3376 2676 3436 παιδείας
2708 3373 2902 3444 ῥᾳδίως
2934 3375 3031 3425 οὐκ
3065 3375 3415 3441 ἀνεχόμενον,
3459 3371 3736 3439 συμϐουλή
3769 3385 3854 3420 σοι
3893 3370 4004 3435 πρδ

2427 3467 2534 3518 τῶν
2573 3466 2750 3519 ἄλλων
2790 3461 2878 3535 ἦν,
2904 3463 2993 3519 οἷά
3027 3483 3111 3526 τις
3151 3463 3401 3532 οἰκουρὸς
3436 3462 3862 3531 προΰεΰλημένη
3907 3464 4003 3511 καὶ

2428 3559 2746 3622 διδάσκαλος
2791 3561 3033 3627 ἄριστος.
3071 3558 3289 3612 Μᾶλλον
3339 3557 3384 3610 δ’
3414 3555 3620 3626 ἥκιστά
3670 3572 3753 3606 σοι
3795 3553 4006 3605 τούτων

2428 3647 2535 3700 ἔδει
2560 3667 2575 3678 ·
2611 3648 2662 3698 τί
2711 3648 2816 3716 γὰρ
2857 3647 3009 3717 παρὰ
3050 3649 3134 3699 σοὶ
3197 3645 3451 3699 διδακτὸν
3493 3645 3591 3696 καὶ
3640 3643 4001 3700 ἐπείσακτον,

2431 3743 2491 3794 ὲκ
2544 3742 2761 3809 φύσεως
2812 3740 2971 3793 πάντ’
3001 3741 3282 3801 ὠδίνοντι,
3319 3740 3416 3789 καὶ
3457 3735 3698 3803 τάγαθὸν
3739 3733 3896 3785 ἅπαν
3927 3733 4005 3793 είς

2430 3835 2546 3903 φῶς
2577 3836 2831 3900 καθάπαξ
2861 3834 3158 3903 προάγοντι
3192 3833 3340 3884 καθὰ
3368 3848 3492 3881 τινα
3524 3829 3682 3880 τόκον
3722 3824 3922 3892 εὐγενῆ
3951 3839 4006 3872 τε

2431 3929 2523 3979 καὶ
2573 3927 2812 3995 ὅιριμον;
2883 3927 3024 3978 ’Δ>.λ“
3078 3925 3188 3977 οὐδ’
3234 3925 3474 3992 ἄκρατος
3519 3915 4006 3992 ἑγχειρισθξντιςδ

2430 4019 2629 4084 κράτος
2667 4018 2830 4085 φόϐος
2862 4020 2928 4068 ὲκ
2960 4016 3065 4068 τῶν
3096 4015 3201 4066 ὑπὸ
3225 4015 3386 4084 χεῖρᾶ
3419 4013 3500 4064 σοί
3530 4011 3582 4078 γ’
3607 4006 4002 4068 ἐσπουδάζετο.

2429 4109 2719 4178 Συμμιγὴς
2760 4109 2816 4161 δὲ
2852 4109 2996 4178 μάλα
3025 4107 3121 4159 καὶ
3163 4107 3326 4166 πόθος
3359 4099 3449 4174 ἦν’
3481 4103 3574 4156 καὶ
3606 4101 3830 4169 ἠγάπας
3869 4096 4007 4165 μᾶλ-

2429 4201 2518 4252 λον
2576 4201 2672 4253 σὺν
2710 4200 2950 4265 θαύματι
3003 4200 3390 4265 ἀγαπώμενος.
3445 4196 3544 4245 οὐκ
3594 4194 3658 4243 ἐκ
3695 4190 3864 4258 μόνου
3913 4185 4006 4239 τοῦ

2431 4293 2660 4361 φοὸερὺς
2691 4292 2872 4344 δοκεῖν
2924 4291 3017 4344 καὶ
3056 4289 3414 4348 αὐθέκαστος.
3467 4285 3575 4337 Καὶ
3613 4279 3683 4352 ἧς
3713 4283 3836 4341 ταῖς
3863 4279 4004 4348 ἀλη-

2432 4385 2605 4446 Οείαις
2657 4385 2854 4451 πατὴρ
2903 4383 2983 4446 ὡς
3027 4381 3228 4449 ἤπιος,
3260 4382 3404 4432 κατὰ
3445 4379 3536 4428 τὸν
3566 4375 3798 4428 εἰπόντα.
3821 4389 3835 4402 ·
3873 4371 3908 4439 ἦ
3945 4371 4004 4424 τό

2431 4494 2494 4543 γε
2527 4479 2631 4546 πρό
2641 4495 2832 4547 ςφορον
2855 4519 2870 4544 ,

756 4571 1001 4626 bonitate
1055 4574 1238 4626 omnia
1276 4574 1567 4641 producas,
1621 4582 1675 4626 et
1715 4573 1982 4642 quidquid
2037 4574 2164 4627 boni
2219 4582 2326 4640 est,
2366 4576 2534 4629 veluti
2567 4574 2804 4629 fructum
2868 4576 3180 4644 quempiam
3257 4585 3579 4642 generosum
3615 4577 3673 4621 et.
3708 4575 4006 4619 malumm-

753 4665 809 4716 in
839 4667 1014 4719 lucem
1046 4665 1328 4735 proferas?
1378 4665 1483 4719 Sed
1510 4681 1612 4720 nec
1637 4666 1770 4720 illud
1799 4666 2029 4735 imperio
2045 4677 2300 4736 suscepto
2338 4668 2499 4737 egisti
2562 4679 2617 4721 ut
2643 4678 2693 4722 te
2726 4671 2875 4724 cives
2931 4681 2987 4722 et
3010 4668 3220 4721 subditi
3289 4665 3368 4720 tui
3402 4669 3718 4715 metuerent
3748 4667 3964 4710 tantum
3992 4670 4005 4705 :

752 4775 945 4812 verum
978 4761 1228 4812 timorem
1273 4775 1397 4812 eum
1430 4759 1694 4812 cbaritate
1728 4769 2094 4827 temperatum
2143 4777 2264 4816 esse
2301 4763 2545 4816 voluisti.
2569 4763 2804 4816 Proinde
2833 4779 2960 4816 cum
2993 4772 3042 4814 te
3089 4760 3345 4814 homines
3400 4757 3623 4810 tuicum
3641 4751 4008 4805 admiratione

753 4853 1025 4916 dilexere,
1062 4852 1206 4921 quod
1281 4850 1466 4905 minus
1510 4867 1633 4907 esse
1685 4853 1969 4916 terribilis,
2038 4869 2217 4923 neque
2283 4855 2516 4909 arbitrio
2572 4864 2666 4909 tuo
2719 4856 2924 4919 vivere,
2965 4865 3021 4910 et
3086 4857 3348 4923 pleraque
3405 4851 3588 4904 omnia
3644 4856 3891 4900 statuere
3931 4841 4006 4894 vi-

753 4943 977 5002 derere.
1012 4954 1124 4996 tum
1151 4944 1266 5009 ipse
1298 4959 1393 4996 eos
1443 4941 1616 5011 magis
1644 4944 1812 4996 etiam
1869 4944 2148 5001 dilexisti:
2203 4946 2404 5015 quibus
2472 4963 2661 5002 revera
2713 4949 2974 5004 exstitisti
3047 4947 3208 4999 veluti
3240 4954 3391 5016 pater
3447 4943 3713 5009 optimus;
3745 4937 4009 5009 quemad-

753 5035 976 5088 modum
1014 5035 1103 5088 ille
1129 5035 1297 5089 dixit:
1351 5044 1467 5100 aut,
1496 5037 1640 5103 quod
1669 5038 1841 5106 magis
1868 5037 1921 5091 in
1957 5047 2008 5092 te
2039 5042 2319 5107 competit,

821 5155 932 5208 Rex
962 5153 1144 5218 bonus,
1174 5163 1333 5224 atque
1362 5155 1498 5208 idem
1521 5157 1669 5225 fortis
1692 5154 1917 5209 bellator
1950 5157 2008 5210 in
2035 5160 2198 5213 armis
2233 5158 2332 5228 (l).
2367 5160 2418 5222 Ι)
2455 5167 2484 5217 ἐ

2367 5160 2418 5222 υ
2455 5160 2837 5230 Ἀμφότεροη
2885 5155 3186 5219 βασιλεύς
3235 5154 3282 5205 τ’
3336 5152 3577 5219 ἀγαθὸς,
3624 5155 3917 5230 ,κρατερός
3960 5153 4005 5205 τ’

3624 5221 3968 5292 [αἰχμητής.

752 5335 888 5404 Nam
958 5336 1109 5404 quod
1151 5347 1428 5406 sceptrum
1487 5338 1768 5407 imperiale
1813 5340 2105 5430 splendidi
2146 5343 2336 5409 cujus-

2426 5340 2688 5392 Δουλείαν
2735 5337 2827 5389 καὶ
2873 5337 2980 5405 γὰρ
3011 5333 3222 5398 ἔνδοξον
3252 5334 3314 5386 τὸ
3353 5333 3637 5401 σκῆπτρον
3671 5332 4001 5400 ἡγούμενος.

755 5427 883 5479 dam
924 5427 1137 5481 servitii
1171 5429 1386 5497 signum
1421 5443 1562 5491 esse,
1597 5439 1653 5481 et
1693 5444 1953 5483 coronam
2006 5427 2331 5499 prétiosissi-

757 5532 922 5580 niam,
963 5517 1102 5570 nihil
1130 5533 1158 5570 a
1196 5517 1421 5585 lapillis,
1461 5533 1582 5585 quae
1619 5517 1674 5569 in
1728 5518 1914 5571 littore
1964 5519 2129 5572 maris
2178 5527 2328 5584 sunt,

758 5607 979 5662 diﬂ‘erre
1001 5620 1258 5678 putares:
1291 5609 1544 5678 quamvis
1561 5610 1697 5672 hac,
1719 5611 1918 5664 divina:
1940 5611 2185 5678 quiedam
2218 5628 2327 5681 res,

757 5709 815 5754 ct
841 5700 1234 5764 immensarum
1265 5715 1710 5769 arcanorumque
1764 5701 2151 5773 mysteriorum
2189 5704 2328 5758 ima-

2428 5433 2524 5485 καὶ
2552 5432 2643 5482 τὶν
2691 5430 3072 5498 περιμάχητον
3125 5427 3388 5494 στέφανον
3420 5425 3530 5476 τῶν
3570 5423 3702 5491 παρ’
3739 5425 4005 5490 αἰγιαλοῖς

2427 5523 2676 5594 ψηφίδων
2725 5519 3004 5587 διαφέρειν
3054 5517 3238 5585 μηδὲν,
3285 5517 3391 5568 κᾶν
3435 5515 3610 5576 ἄλλως
3657 5515 3776 5567 Otia.
3807 5515 4001 5576 ταῦτα,

2430 5615 2524 5668 καί
2557 5630 2721 5664 τινων
2763 5610 3080 5679 μυστηρίων
3113 5609 3442 5678 ἀπορρήτων
3479 5607 3816 5676 εἰκάσματα,
3857 5608 4000 5676 ὅμως

2429 5704 2645 5765 εὐτελές
2671 5720 2721 5755 τι
2755 5702 2922 5771 ῥάκος
2948 5702 3048 5768 τὴν
3073 5697 3366 5768 πορφύραν
3391 5693 3557 5767 εἶχες,
3584 5699 3678 5750 καὶ
3703 5699 3765 5750 τὸ
3786 5699 3992 5765 ταύτης

835 5835 914 5911 (Ι)
969 5836 1126 5892 Hunc
1168 5851 1386 5891 versum
1445 5835 1753 5890 Alexander
1792 5835 2022 5904 Magnus
2073 5837 2318 5891 omnium
2361 5834 2774 5891 llomericorum
2818 5832 3122 5888 carminum
3157 5829 3422 5900 judicavit
3460 5843 3581 5886 esse
3613 5828 3907 5898 optimum.
