4212 6430
224 381 334 449 569

1638 384 2076 448 DEDICA'NO.

3384 384 3494 447 570

225 497 388 558 ἁνθος
421 499 652 563 στυγνὸν
685 498 907 566 κρίνων,
950 497 1139 566 ἕτερον
1179 498 1378 566 τρόπον
1421 495 1803 566 μετριοπαθῶν

1910 499 2065 563 gines
2084 497 2213 558 sint,
2245 513 2550 566 purpuram
2587 498 2758 565 ipsam
2797 514 2894 564 pro
2930 496 3134 550 vilibus
3159 497 3353 564 pannis
3395 510 3492 553 na-

225 590 352 649 ταῖς
379 589 707 657 εὐπραγίαις
735 588 936 654 μᾶλλον
963 584 1050 654 ἧς,
1075 591 1170 656 οὐχ
1196 591 1272 651 ὡς
1295 592 1343 640 οί
1375 589 1579 648 πολλοι,
1599 587 1808 649 τούτοις

228 677 701 746 πιριγαννύμενός
736 695 794 730 τε
835 681 930 730 καὶ
971 679 1400 746 φρυαττόμενος,
1433 679 1500 731 δι’
1535 673 1609 730 ὧν
1658 680 1808 745 ἔρῤει

229 771 332 836 μὲν
362 770 500 821 πολὺ
535 771 656 839 Θεῴ
699 772 760 821 τὸ
796 771 1146 844 εύχάριστονο
1184 772 1480 839 φαιδρότης
1506 771 1552 824 δ’
1577 768 1644 839 ἦν
1672 769 1808 839 ὁμοῦ

230 864 328 914 καὶ
361 865 691 932 πανήγυρις,
721 864 858 915 πολὺ
885 865 944 913 τὸ
973 863 1135 929 γάνος
1161 866 1281 920 ταῖς
1311 865 1571 918 ἁπάντων
1601 865 1806 914 ίνιείσα

227 950 456 1019 ψυχαῖς.
501 953 621 1004 Τῶν
659 953 767 1020 γάρ
819 954 1059 1020 ἁρίστων
1101 954 1194 1004 καὶ
1227 957 1491 1020 γενναίων
1532 954 1689 1022 είπερ
1726 970 1808 1012 τις

233 1043 473 1110 μάλιστα
494 1043 591 1106 ὢν,
615 1045 827 1112 οὐδαμῆ
854 1045 899 1095 τ’
923 1045 1184 1097 ἐκκλίνων
1204 1049 1313 1108 τοῖς
1346 1046 1419 1117 μὴ
1450 1045 1804 1113 καθήκουσιν,

225 1135 346 1189 ἀλλ’
368 1137 600 1205 ἑδραίως
634 1137 779 1204 μάλα
809 1137 944 1204 προς
969 1136 1119 1189 ἅπαν
1140 1137 1280 1205 εχων
1309 1137 1368 1188 τὸ
1389 1137 1804 1204 ἐπαινούμενον,

227 1228 416 1297 λόγοις
443 1230 760 1298 φρονήσεώς
790 1246 845 1281 τε
877 1230 991 1298 ἁμα
1025 1231 1118 1282 καὶ
1155 1231 1417 1297 κρίσεως,
1457 1231 1594 1298 πρὸς
1626 1231 1681 1282 δὲ
1715 1232 1808 1282 καὶ

222 1322 303 1391 τῷ
330 1324 600 1390 φιλοτίμῳ
627 1322 844 1390 περὶτὰ
875 1323 1138 1375 κάλλιστα
1169 1323 1344 1375 πάντα
1372 1318 1517 1392 ἦσθα
1542 1323 1807 1390 διαπρατ-

223 1414 477 1479 τόμενος,
502 1410 640 1475 εἶδος
669 1414 768 1481 μὲν
795 1414 954 1476 εὐθὺς
973 1415 1415 1484 προϐεϐλημένος
1439 1415 1588 1478 ἁξιον
1611 1433 1807 1484 τυραν-

223 1507 388 1573 νίδος,
413 1508 592 1576 ψυχὴν
618 1507 673 1559 δὲ
708 1508 851 1575 μάλα
878 1509 1039 1579 ἡπμός
1068 1526 1150 1570 τις
1173 1509 1248 1562 ῶν
1274 1512 1366 1562 καὶ
1396 1511 1802 1580 φιλάνθρωπος,

223 1601 388 1663 εὐθὺς
417 1601 524 1654 ἀπὸ
550 1601 864 1670 βλέμματος
897 1602 1105 1672 πάντας
1129 1603 1203 1664 ὡς
1233 1603 1408 1655 είπεῖν
1438 1603 1803 1672 δεξιούμενος*

222 1691 347 1759 ἤθει
378 1692 442 1759 δή
490 1709 596 1744 τινι
626 1691 766 1761 ξένῳ
797 1690 893 1743 καῖ
920 1695 1042 1748 ταῖς
1076 1694 1140 1744 ἐκ
1180 1692 1290 1744 τῶν
1321 1693 1496 1758 λόγων
1531 1693 1715 1762 χάρισί
1743 1708 1804 1743 τε

224 1783 322 1834 καὶ
365 1782 566 1847 ῐῦγξιν,
603 1783 695 1834 ῖσα
728 1785 820 1835 καὶ
858 1785 1124 1850 ποταμοῖς
1158 1784 1364 1851 ῥέουσι,
1401 1784 1608 1845 πάντας
1639 1782 1801 1850 ἐξαρ-

1914 593 2073 653 bcns,
2111 591 2412 657 ﬂoremque
2435 590 2558 657 ejus
2577 591 2868 644 molestum
2903 600 2954 644 et
2983 591 3193 644 tristem
3214 591 3491 660 judicans.

1913 683 2252 736 moderatum
2290 697 2432 734 novo
2468 682 2704 750 quodam
2743 681 2904 735 modo
2953 682 3005 734 in
3038 681 3203 735 rebus
3234 682 3494 735 secundis

1913 773 2160 825 animant
2189 772 2519 826 obtinuisti:
2555 787 2898 841 nequaquam
2952 773 3053 827 cis.
3101 773 3260 826 siculi
3327 772 3493 840 pleri-

1912 879 2047 934 que.
2115 865 2398 918 exsultans
2437 874 2602 932 atque
2634 864 2984 932 superbiens.
3010 863 3142 929 Quae
3180 874 3269 916 tua
3305 864 3491 916 mode-

1912 956 2052 1010 ratio
2073 957 2306 1010 maxime
2331 956 2442 1010 Deo
2462 967 2612 1026 grata
2643 956 2746 1009 fuit
2774 956 2994 1010 :eadem
3013 971 3232 1024 quoque
3261 956 3491 1024 ριιιιιὶιω

1911 1047 2116 1100 lzetitia:
2155 1057 2212 1101 et
2244 1049 2962 1103 solemnibus'conventibus
2987 1063 3206 1101 causam
3234 1047 3490 1114 prmbuil.

1912 1142 2138 1194 multaut
2158 1142 2357 1198 animis
2375 1143 2620 1194 omnium
2641 1143 2977 1210 voluptatem
3001 1141 3324 1194 immittens.
3351 1137 3488 1192 Cum

1910 1249 2148 1301 namque
2173 1233 2416 1300 Optimus
2442 1244 2496 1286 et
2521 1249 2690 1301 supra
2721 1234 2862 1287 alios
2920 1233 3162 1286 maxime
3193 1245 3492 1301 generosus

1908 1342 2082 1388 esses,
2111 1326 2534 1396 haudquaquam
2573 1328 2642 1379 ad
2705 1341 2790 1378 res
2824 1329 3006 1378 minus
3039 1329 3298 1378 decentes
3322 1322 3493 1376 decli-

1910 1422 2050 1474 nasti
2073 1439 2086 1473 :
2113 1435 2298 1473 verum
2322 1429 2643 1474 constanter
2665 1418 2719 1472 in
2737 1418 2896 1473 factis
2920 1418 3157 1472 laudatis
3176 1415 3490 1485 perstitisti,

1909 1513 2207 1579 prudentise
2227 1511 2438 1566 scilicet
2455 1510 2714 1580 etjudicii
2741 1511 3048 1565 rationibus
3075 1510 3370 1564 adductus.
3399 1507 3487 1561 ln-

1907 1620 2075 1672 super
2103 1618 2232 1656 vero
2247 1602 2394 1656 circa
2435 1603 2834 1672 pulcherrimas
2853 1617 3096 1671 quasque
3127 1617 3214 1655 res
3239 1600 3495 1653 ambitio-

1908 1710 2022 1756 sus.
2079 1696 2182 1749 rite
2249 1697 2432 1749 omnia
2477 1706 2642 1764 atque
2687 1695 2883 1749 ordine
2911 1694 3202 1763 peregisti.’
3243 1693 3492 1746 Formam

1905 1787 2180 1850 siquidem
2230 1797 2399 1855 atque
2444 1788 2691 1840 habitum
2720 1802 2830 1854 pra:
2885 1795 2936 1839 te
2991 1785 3174 1839 terens
3206 1784 3492 1854 tyrannide

224 1876 359 1938 τῶν,
390 1875 645 1946 καθάπερ
675 1893 758 1938 τις
792 1876 936 1932 λίθος
967 1847 1258 1945 μάγνησσα
1289 1881 1356 1930 τὶ
1393 1878 1632 1946 σιδήρια.
1662 1847 1803 1929 Κάλ-

1914 1878 2160 1944 dignum,
2188 1880 2370 1930 animo
2404 1877 2860 1931 mitisadmudutn
2886 1887 3049 1946 atque
3085 1878 3359 1929 humanus
3407 1891 3490 1936 es,
3521 1949 3529 1955 ﬁ

227 1971 410 2022 λιστον
442 1970 496 2021 δέ
524 1985 605 2021 σοι
637 1971 729 2022 καὶ
763 1969 824 2021 τὺ
854 1970 1009 2040 σῶμα
1057 1971 1435 2040 προσέπλασεν
1461 1973 1492 2039 ὴ
1528 1971 1634 2023 τῶν
1665 1971 1803 2024 ὅλων

225 2063 414 2131 φύσις,
442 2063 537 2116 καὶ
569 2066 627 2124 ις
659 2063 937 2134 ὑπεροχὴν
968 2064 1294 2133 διαπρέπον,
1325 2065 1398 2122 ὡς
1434 2067 1501 2118 ἁν
1537 2082 1620 2126 τις
1649 2063 1802 2116 εἰκά-

225 2170 396 2218 σειεν,
426 2155 488 2206 ού
519 2154 788 2223 βασιλέων
829 2155 1013 2224 μόνον,
1047 2157 1182 2208 ἀλλὰ
1216 2156 1310 2210 καὶ
1343 2156 1562 2209 πάντων
1596 2155 1804 2224 ἀνθρώ-

223 2262 347 2296 πων
377 2245 582 2313 σχεδόν.
617 2245 860 2306 Κάλλους
908 2246 1055 2299 ίδέαν
1092 2241 1247 2298 εἶπεν
1296 2247 1362 2300 ἁν
1405 2247 1463 2300 σέ
1511 2264 1614 2311 τις,
1660 2246 1802 2298 κατὰ

225 2335 517 2398 Πλάτωνα,
551 2340 729 2406 πάσης
764 2337 1071 2406 ἀρχέτυπον
1095 2338 1450 2409 ὡραιότητος.
1488 2339 1664 2407 Ἰσχὺς
1694 2338 1801 2408 γάρ

220 2431 319 2482 καὶ
349 2429 533 2499 ῥώμη,
563 2430 656 2482 καὶ
682 2431 992 2500 συμμετρία
1025 2431 1228 2500 μερῶν,
1250 2433 1342 2485 καὶ
1369 2433 1574 2502 ῥυθμὸς
1601 2432 1798 2500 μελῶ-ι,

221 2521 314 2574 καὶ
347 2520 508 2583 ὄνθος
539 2521 686 2591 ῶρας
724 2523 1036 2593 ἁπανταχοῦ
1077 2525 1476 2593 συνδραμόντα,
1508 2525 1800 2592 ὑπερφυῶς

217 2614 455 2684 ἀρίστην
486 2615 684 2682 κρᾶσιν
723 2613 816 2666 καὶ
856 2616 1124 2686 ἁρμονίαν
1159 2632 1239 2668 σοι
1273 2615 1658 2682 διασώζουσιν,
1691 2618 1797 2669 (bc-

220 2723 331 2775 περ
361 2706 420 2759 ιν
453 2706 670 2774 ἑκάστῳ
704 2723 787 2758 σοι
813 2708 1288 2777 παρακαθημένης
1312 2707 1411 2778 τῆς
1442 2710 1677 2776 φύσεως,
1709 2713 1800 2761 καὶ

220 2797 422 2865 λόγους
475 2800 689 2868 μέτρων
740 2799 834 2851 καὶ
884 2800 1152 2867 μεγεθῶν,
1208 2802 1474 2870 εὐτέχνως
1515 2802 1663 2854 ἁπαν
1708 2805 1798 2853 xxi

219 2889 365 2942 κατὰ
395 2889 564 2958 λύραν
599 2890 762 2955 δῆθεν
793 2891 891 2962 τὴν
925 2893 1202 2962 συνθήκην
1237 2893 1642 2963 ἁρμοζομένης,
1669 2893 1797 2946 ῶττ⁶

223 2985 318 3035 ἐπὶ
349 2986 427 3035 σοὶ
463 2984 525 3053 δὴ
555 2985 648 3037 καὶ
679 2986 824 3054 μόνῳ
851 2988 943 3039 καὶ
965 2987 1064 3056 τὴν
1095 2987 1280 3059 κοινὴν
1304 2988 1466 3054 φύσιν
1491 2990 1798 3056 κομπάζειν

223 3076 391 3145 ἔχειν,
427 3071 508 3137 οἷς
555 3079 832 3139 τοσούτοις
875 3079 1055 3148 βρύων
1094 3082 1206 3141 τοῖς
1241 3080 1464 3147 ἀγαθοῖς
1503 3080 1793 3148 προῆλθες,

1921 1980 2222 2036 conspectu
2253 1971 2370 2037 ipso
2411 1972 2824 2032 statim:omncs.
2855 1981 2910 2024 ut
2935 1981 3003 2022 tta
3027 1970 3231 2029 dicant,
3258 1967 3492 2034 benigne

1912 2063 2700 2130 excipiens,etnovoquodam
2745 2077 2917 2125 more,
2960 2061 3335 2128 orationisque
3387 2068 3493 2111 tua:

1910 2154 2081 2221 gratia
2101 2161 2263 2221 atque
2287 2153 2580 2220 illecebris,
2608 2154 2849 2208 ﬂuminis
2883 2153 3490 2222 instarprollueutibus,

1913 2246 2227 2308 universos,
2245 2246 2475 2314 perinde
2499 2257 2897 2316 atquemagnes
2942 2246 3081 2315 lapis
3105 2246 3340 2310 ferrum,
3369 2261 3490 2299 sus-

1911 2353 2112 2408 pensos
2147 2338 2821 2392 tenens.Decentissimum
2849 2353 2982 2392 vero
3009 2353 3227 2406 quoque
3253 2338 3344 2390 tibi
3367 2354 3487 2387 ('ur-

1911 2449 2013 2502 pus
2036 2434 2635 2487 etexcellentissimum
2675 2448 2861 2486 rerum
2907 2432 3478 2486 universarunt’arclu-

1910 2523 2102 2578 lectrix
2124 2531 2313 2577 natura
2328 2522 2777 2588 conformavit,ut
2796 2537 2927 2577 sane
2949 2522 3217 2591 quispiam
3244 2519 3476 2590 7existi-

1909 2625 2040 2676 met,
2073 2630 2180 2668 non
2201 2615 2510 2685 principum
2536 2616 2737 2679 solum,
2771 2615 2866 2670 sed
2881 2616 3045 2670 etiam
3067 2617 3347 2669 hominum
3379 2616 3492 2668 fere

1909 2708 2155 2760 omnium
2187 2717 2235 2762 te
2264 2709 2532 2762 absolute
2566 2710 2756 2762 forma:
2781 2707 2960 2762 ideant
2986 2719 3153 2777 atque
3181 2708 3489 2776 specimen,

1909 2802 2060 2870 iuxta
2087 2802 2394 2860 Platonem.
2414 2812 2471 2854 et
2503 2801 2813 2855 venustatis
2835 2801 3017 2855 omnis
3032 2803 3392 2871 archetypum
3413 2811 3492 2856 at-

1907 2910 2015 2961 que
2045 2895 2368 2961 primarium
2384 2894 2670 2961 exemplar
2691 2894 3030 2948 esse.Robur
3055 2894 3280 2961 insuper
3302 2903 3355 2946 et
3379 2892 3492 2945 for-

1910 2985 2366 3056 titudocorporis,
2394 2987 2744 3055 partiumque
2763 2988 3007 3040 onmium
3027 2996 3083 3040 et
3110 2989 3486 3040 membrorum

1906 3079 2214 3148 proportio,
2244 3088 2478 3148 aptaque
2513 3089 2563 3132 et
2599 3090 2899 3148 temperata
2923 3080 3271 3144 constitutio,
3312 3081 3488 3133 aztatis

220 3168 319 3222 τοῦ
352 3171 542 3237 γένους
582 3171 657 3230 ὡς
688 3173 863 3224 εἰπεῖν
897 3173 1260 3245 φιλοτίμημα.
1300 3177 1408 3227 Καὶ
1442 3178 1624 3227 τοίνυν
1673 3174 1792 3226 επί-

1908 3186 2125 3241 quoque
2143 3169 2241 3226 llos
2260 3180 2315 3224 et
2331 3171 2503 3240 vigor,
2519 3172 2697 3226 omnia
2718 3171 2878 3225 simul
2898 3170 3302 3234 concurrentia,
3319 3185 3485 3238 supra

225 3280 390 3326 μονον
435 3264 670 3332 ἄσκησιν
726 3264 822 3317 σὺν
848 3268 946 3318 οὐκ
984 3267 1204 3334 ἀγεννεῖ
1243 3266 1523 3338 προθυμία
1557 3269 1666 3318 τῶν
1698 3285 1796 3319 κα-

223 3356 333 3408 λῶν
380 3374 439 3408 τε
499 3358 757 3425 κάγαθῶν
799 3358 1021 3429 προθεὶς
1065 3359 1265 3430 ἑαυτῷ,
1308 3361 1418 3429 πῦρ
1447 3357 1512 3432 ἦς
1542 3361 1800 3430 ἄντικρυς

221 3451 445 3519 φλέγον,
501 3450 532 3519 ἦ
592 3450 825 3515 πέλεκυς
880 3451 1118 3518 κόπτων,
1164 3452 1199 3522 ἡ
1255 3471 1340 3515 τις
1393 3456 1600 3521 σφαῖρα
1659 3451 1801 3505 κατᾶ

222 3541 490 3612 πρανοῦςο
533 3543 706 3596 ἅπασι
762 3543 861 3611 μὲν
899 3545 1202 3614 προσέχων,
1251 3545 1428 3597 πάντα
1475 3543 1519 3595 δ’
1560 3543 1802 3612 εὐχερῶς

222 3636 290 3703 τῇ
329 3634 540 3704 διανοίᾳ
571 3634 925 3704 παραδιδούς.
971 3637 1036 3687 ’Δ
1083 3635 1128 3687 δ’
1157 3635 1396 3698 είσὰπαξ
1436 3634 1663 3688 διελθεῖν
1704 3635 1799 3701 γέ-

222 3745 392 3790 νοιτο,
435 3729 580 3782 οὕτω
611 3731 678 3798 τῇ
719 3730 909 3802 μνήμῃ
951 3730 1315 3800 διακατεῖχες,
1355 3730 1431 3792 ὡς
1467 3732 1523 3782 ὲν
1575 3729 1802 3797 χαλκαῖς

221 3822 402 3873 δοκεῖν
436 3821 620 3884 πίναξι
645 3821 798 3874 ταῦτ’
831 3821 1213 3892 ἐγγεγράφθαι
1251 3826 1367 3884 ταῖς
1402 3824 1499 3888 τῆς
1536 3822 1634 3890 σῆς
1665 3839 1803 3890 καρ-

222 3917 344 3977 δίας
380 3915 594 3979 πλαξίν·
633 3915 778 3968 οὕτω
827 3933 906 3968 σοι
941 3916 1002 3968 τὸ
1047 3917 1144 3984 τῆς
1181 3917 1401 3985 μνήμης
1431 3917 1690 3985 ἔρρωται.
1722 3918 1800 3985 Ἰῇ

222 4007 269 4059 δ’
307 4004 374 4058 αὖ
428 4009 670 4076 προσοχῇ
703 4023 761 4059 τε
814 4007 908 4059 καὶ
937 4007 1192 4077 ἀγχινοίᾳ
1221 4010 1532 4075 ἐπιστήμης
1583 4007 1802 4074 ἁπάσης

228 4101 496 4168 κρείττων
543 4101 601 4150 ὲν
661 4098 859 4167 βραχεῖ
906 4099 1259 4162 διεδείκνυσο,
1314 4100 1537 4167 μεγέθει
1587 4098 1800 4167 φύσεως

227 4195 411 4254 πάσας
440 4194 497 4246 ἐν
522 4191 700 4262 ἑαυτῷ
732 4193 825 4245 καὶ
853 4191 1055 4256 ταύτας
1084 4192 1266 4260 ἔργοις
1291 4192 1678 4260 παραδεικνὺς,
1709 4193 1805 4243 καὶ

224 4289 478 4357 κρεῖττον
523 4287 668 4356 ἥπερ
700 4287 748 4336 oi
779 4285 1033 4337 πλεῖστον
1063 4286 1255 4353 χρόνον
1297 4284 1523 4344 ταύταις
1562 4282 1805 4333 ἐκδαπα-

223 4381 513 4449 νήσαντες,
577 4377 863 4432 Ἐντεῦθεν
915 4394 997 4431 σοι
1056 4378 1120 4432 τὸ
1173 4378 1643 4448 περιεσκεμμένον
1711 4373 1805 4426 καὶ

227 4471 457 4524 σύννουν
499 4470 576 4532 ῶς
619 4469 690 4520 τὰ
737 4468 934 4534 πολλὰ,
969 4469 1064 4523 καὶ
1097 4469 1160 4522 τὸ
1191 4469 1288 4522 σὺν
1319 4468 1440 4539 seu
1484 4468 1675 4536 χάριεν
1711 4465 1804 4517 καὶ

1903 3279 2065 3333 quam
2099 3263 2208 3318 dici
2233 3264 2722 3333 potest,0ptimam
2749 3264 2801 3316 in
2843 3274 2893 3316 te
2928 3263 3232 3316 coniiciunt
3279 3273 3486 3330 tempe-

1905 3363 2147 3407 raturam
2171 3364 2227 3408 et
2247 3356 2626 3408 harmoniam:
2659 3355 2804 3407 haud
2826 3356 2985 3407 aliter
3004 3370 3167 3422 quam
3188 3354 3302 3407 siin
3333 3362 3486 3422 parte

1903 3448 2150 3516 qualibet
2205 3457 2397 3501 natura
2437 3447 2533 3500 tibi
2589 3464 2830 3515 praesens
2881 3447 3139 3510 insideat,
3202 3462 3489 3500 mensura-

1905 3556 2137 3610 rumque
2193 3550 2250 3594 et
2302 3542 2744 3612 magnitudinum
2806 3543 3117 3596 rationibus
3143 3541 3486 3595 artiﬁciosis-

1905 3633 2044 3688 sime
2104 3635 2313 3698 omnia,
2355 3644 2411 3689 et
2447 3636 2695 3704 ;perinde
2729 3644 2894 3704 atque
2946 3636 3120 3705 lyram
3141 3645 3490 3703 coagmenta-

1906 3726 2054 3790 tione
2067 3727 2576 3796 compositioneque
2603 3743 2704 3783 con
2713 3728 3120 3782 venientissime
3134 3727 3377 3782 conlorm
3388 3735 3443 3779 et
3467 3744 3481 3779 :

1904 3817 2044 3872 adeo
2081 3819 2227 3872 utin
2264 3828 2317 3871 te
2353 3835 2486 3882 uno,
2516 3830 2741 3888 propter
2786 3830 2864 3872 tot
2894 3829 2951 3873 et
3001 3828 3169 3882 tanta,
3193 3835 3316 3886 quae
3351 3820 3404 3871 in
3431 3828 3483 3869 te

1905 3909 2176 3962 scatentia
2210 3908 2490 3976 protulisti
2518 3908 2684 3970 bona,
2704 3910 3016 3963 communis
3047 3918 3243 3965 natura
3271 3910 3482 3976 jactare

1906 4017 1965 4056 se
2045 4011 2102 4055 et
2153 4001 2375 4070 gloriari
2445 4002 2638 4070 possit,
2706 4011 2962 4070 tanquam
3022 4000 3483 4054 excellentissimo

1905 4095 2128 4164 generis
2148 4093 2348 4159 nostri,
2377 4103 2440 4147 ut
2498 4093 2574 4147 ita
2598 4094 2801 4159 dicam,
2854 4093 3106 4154 dOnario,
3149 4093 3203 4146 in
3238 4108 3348 4161 quo
3393 4092 3481 4145 illa

1908 4186 2350 4240 muniﬁcentiam
2401 4201 2556 4240 suam
2612 4185 2922 4240 ostentarit.
2955 4184 3144 4252 Itaque
3208 4184 3483 4238 consumti

1909 4278 2171 4333 exercitio
2229 4293 2414 4333 rerum
2469 4277 2828 4333 honestarum
2851 4287 2908 4332 et
2962 4278 3482 4348 pulcherrimarum,

1909 4386 2031 4426 cum
2055 4385 2322 4440 generosa
2351 4371 2521 4425 animi
2546 4370 2829 4424 alacritate
2855 4371 2950 4424 tibi
2996 4371 3301 4440 proposito,
3341 4370 3486 4438 ignis

1911 4464 2070 4531 plane
2096 4463 2317 4522 ardens.
2369 4474 2463 4517 aut
2520 4464 2732 4517 securis
2774 4464 3075 4525 dissecatis,
3128 4463 3484 4529 autspluera,

223 4564 578 4633 εὐπρόσιτον.
623 4561 909 4615 Ἐντεῦθεν
933 4564 966 4632 ἡ
998 4563 1142 4615 κατὰ
1172 4563 1281 4614 τῶν
1307 4563 1408 4632 τῆς
1438 4562 1652 4629 φύσεως
1684 4560 1803 4611 θεσ-

1909 4556 2056 4624 quod
2086 4555 2311 4617 dicitur,
2341 4569 2439 4608 seu
2468 4554 2667 4624 globus
2706 4556 2929 4624 quidam
2971 4571 3066 4622 per
3125 4555 3484 4623 praecipitium

230 4657 349 4724 μῶν
373 4656 471 4708 καὶ
497 4657 596 4722 τῆς
625 4654 950 4723 σωματικῆς
985 4654 1237 4723 ἀνάγκης
1265 4653 1376 4707 τῶν
1409 4654 1598 4721 βιαίων
1627 4652 1805 4703 πόνων

226 4746 261 4813 ή
297 4743 556 4812 τυραννίς
582 4759 641 4794 τε
671 4742 766 4794 καὶ
797 4742 1144 4810 ἐπικράτεια,
1179 4741 1275 4793 καὶ
1303 4742 1336 4810 ή
1378 4743 1476 4808 τῆς
1515 4739 1805 4808 βασιλικῆς

227 4833 532 4902 θεραπείας
557 4832 851 4901 ὑπεροψία,
882 4832 976 4884 καὶ
1005 4831 1175 4884 τᾶλλα
1205 4848 1287 4884 σοι
1316 4832 1424 4884 τῶν
1456 4831 1806 4900 προτερημά-

222 4944 358 4986 των,
375 4926 516 4995 ὑπὲρ
540 4925 888 4993 ἀνθρωπίνην
910 4925 1073 4991 φύσιν
1095 4924 1189 4976 καὶ
1212 4924 1420 4976 ἔννοιαν
1455 4921 1639 4974 θεόθεν
1687 4923 1805 4974 ὲπι-

225 5016 535 5084 σπαρένταο
573 5019 792 5076 στάσεις
837 5014 1099 5082 πάννυχοι
1123 5030 1184 5066 τε
1222 5015 1316 5066 καὶ
1355 5013 1706 5082 πανημέριοι·
1737 5011 1804 5061 τὰ

229 5110 332 5180 μὲν
365 5107 713 5176 ίλασκομένῳ
738 5107 894 5171 Θεὸν,
913 5107 982 5158 τὰ
1004 5107 1060 5158 δὲ
1084 5105 1178 5158 τοῦ
1205 5105 1386 5159 κοινοῦ
1413 5104 1803 5176 προασπίζοντί

225 5219 284 5254 τε
311 5203 408 5254 καὶ
440 5198 1013 5268 θεμιστεύοντι.Ὧστε
1052 5216 1111 5251 σε
1148 5199 1276 5262 τοὺς
1304 5200 1543 5267 ὁρῶντας
1581 5199 1681 5250 ούκ
1715 5200 1806 5248 αν·

221 5296 310 5364 δρὶ
370 5293 742 5361 παραϐάλλειν
787 5293 951 5364 ἔχειν,
996 5291 1115 5344 ἁλλ’
1143 5293 1422 5362 ἀνδριάντι
1472 5291 1691 5360 μᾶλλον,
1728 5289 1804 5358 τῷ

218 5390 364 5457 πρὸς
395 5390 551 5456 ῥῖγος
573 5391 671 5439 καὶ
697 5386 874 5454 φλόγα
906 5387 1333 5454 διαμαχόμενον,
1352 5385 1448 5436 ἕνα
1470 5386 1567 5436 καλ.
1590 5385 1681 5436 τὸν
1709 5385 1797 5436 αύ-

216 5481 312 5534 τὸν
341 5481 402 5532 ἐν
422 5479 590 5531 πᾶιην
608 5475 750 5530 εἶναι
769 5477 1076 5546 ἀκάματον,
1111 5477 1300 5545 ῶσπερ
1319 5477 1412 5527 καὶ
1436 5475 1568 5544 πρὸ;
1590 5477 1688 5537 τὰς
1704 5475 1802 5542 τῆς

221 5573 444 5640 φύσεως
487 5572 658 5641 ῥοπάς
697 5569 1121 5638 ἀπαρέγκλιτον,
1162 5569 1297 5621 πᾶσι
1332 5567 1430 5637 μὲν
1480 5566 1796 5635 ὁμιλοῦντα,

215 5665 331 5724 τοῖς
363 5663 501 5714 πᾶσι
526 5661 583 5714 δὲ
614 5664 682 5714 ea
704 5661 882 5713 πάντα
904 5664 999 5713 καὶ
1027 5665 1285 5713 παντοῖον
1323 5660 1634 5727 γινόμενονο
1676 5658 1802 5723 ῃδῦν

222 5756 372 5823 μάλα
405 5759 496 5807 καὶ
527 5757 708 5824 ἤπιον,
738 5745 950 5826 πολλήν
971 5771 1028 5807 τε
1061 5758 1154 5808 καὶ
1184 5756 1444 5824 ἄκρατον,
1486 5753 1627 5805 κατὰ
1663 5753 1802 5804 Πλά-

223 5864 393 5912 una,
450 5846 546 5916 τὴν
599 5843 911 5917 ἐλευθερίαν
975 5847 1082 5910 τοῖς
1119 5846 1383 5916 ὑπηκόοις
1435 5843 1798 5901 οίιονοεῦντο.

1911 4645 2109 4700 fuisti:
2167 4644 2425 4698 omnibus
2452 4645 2852 4713 cognoscendis
2903 4646 3247 4709 incumbens,
3303 4636 3484 4698 omnia

1908 4738 2072 4793 etiam
2097 4738 2253 4791 tacile
2283 4747 2465 4791 mente
2489 4736 2830 4804 concipiens.
2858 4738 2923 4790 Et
2958 4753 3077 4801 quae
3102 4737 3271 4791 semel
3298 4737 3483 4793 audita

1909 4831 1991 4884 vel
2026 4831 2163 4883 lecta
2186 4830 2374 4891 discis,
2412 4839 2520 4882 tam
2546 4830 2723 4882 tenaci
2755 4830 3018 4883 memoria
3069 4830 3479 4898 complet-teris.

1912 4923 2039 4976 utin
2066 4921 2263 4974 terreis
2294 4922 2677 4990 pugillaribus,
2715 4937 2836 4989 quae
2858 4922 2910 4973 in
2959 4921 3143 4973 cordis
3169 4922 3245 4974 tui
3285 4922 3485 4977 tabulis

1909 5017 2315 5085 conscripsisti,
2370 5018 2542 5070 incisa
2601 5031 2723 5070 esse
2785 5015 3103 5068 videantur:
3143 5025 3249 5068 tam
3309 5016 3484 5070 solida

1912 5111 2177 5177 tirntaque
2237 5109 2332 5161 tibi
2378 5120 2461 5162 est
2511 5109 2798 5161 memoria.
2858 5108 3032 5162 Porro
3064 5109 3371 5162 attentione
3429 5119 3486 5164 et

1911 5202 2113 5255 mentis
2190 5201 2509 5269 sagacitate,
2595 5199 2882 5254 scientiam
2966 5211 3022 5254 et
3117 5200 3484 5254 eruditionem

1910 5310 2128 5347 omnem
2171 5292 2322 5346 brevi
2363 5295 2664 5362 superavi,
2699 5303 2910 5347 natura:
2949 5295 3326 5363 magnitudine
3390 5310 3486 5347 eas

1910 5387 2141 5439 virtutes
2195 5395 2420 5438 cunctas
2475 5401 2532 5438 re
2567 5386 2682 5453 ipsa
2719 5386 3028 5439 exhibens:
3073 5388 3238 5454 idque
3289 5387 3485 5451 melius

1909 5478 2102 5538 multo,
2141 5491 2303 5544 quam
2333 5476 2426 5544 qui
2454 5475 2774 5545 longissimo
2797 5482 2961 5530 etiam
2998 5487 3237 5546 tempore
3259 5494 3484 5546 Operam

1906 5569 2016 5622 illis
2066 5575 2354 5620 naval-unt.
2408 5566 2557 5621 Unde
2600 5569 2807 5621 illatua
2860 5579 2943 5622 est
3009 5570 3353 5637 providentia
3427 5579 3486 5624 et

1908 5662 2109 5714 usitata
2167 5662 2368 5714 mentis
2450 5660 2844 5722 consideratio,
2911 5675 3124 5714 necnon
3188 5660 3485 5729 singularis

1907 5770 2121 5808 morum
2155 5754 2324 5820 gratia
2381 5763 2435 5807 ct
2467 5752 2785 5807 affabilitas.
2825 5752 2975 5808 Unde
3031 5753 3486 5807 ctiamviolento-

1913 5863 2028 5902 t‘um
2091 5847 2336 5901 laborum
2402 5859 2588 5903 contra
2644 5857 2850 5904 natura:
2913 5849 3059 5918 leges
3127 5857 3181 5903 ct
3234 5849 3480 5916 corporis
