4212 6430
709 379 808 447 £71

715 590 979 660 rialisque
1006 607 1127 660 qum
1159 594 1255 647 tibi
1293 604 1585 662 praestatur
1642 599 2010 655 observantia!
2036 615 2287 659 contem-

720 690 869 745 ptus,
902 691 1069 751 atque
1120 684 1239 737 alizr
1267 685 1492 755 insuper
1522 688 1799 757 primaria:
1829 691 2086 759 virtutes,
2124 713 2290 767 supra

718 783 932 828 naturae
963 775 1216 831 lnnnanae
1239 788 1460 846 captum
1489 781 1756 837 divinitus
1784 783 1880 838 tibi
1911 784 2108 842 insitae.
2138 788 2290 856 Qua-

713 867 797 921 les
834 877 1038 923 suntet
1072 879 1363 924 nocturnze
1392 881 1448 926 et
1482 873 1692 929 diurna:
1714 878 2001 943 stationes,
2032 896 2157 935 cum
2202 884 2288 938 vel

715 960 886 1013 Deum
913 962 1263 1017 orationibus
1289 966 1495 1033 placas,
1534 968 1618 1022 vel
1652 984 1750 1037 pro
1782 972 2065 1039 republica
2099 974 2292 1030 defeno

711 1053 892 1108 «lenda
955 1056 1333 1119 excubas,vel
1386 1061 1554 1114 etiam
1603 1064 1729 1134 jura
1785 1065 2003 1120 civibus
2055 1068 2289 1125 reddis:

712 1147 786 1200 ita
822 1155 880 1199 ut
925 1148 1020 1216 qni
1078 1157 1132 1203 te
1166 1150 1537 1219 conspiciunt,
1575 1170 1685 1209 non
1712 1155 1835 1210 viro
1866 1164 1938 1221 te,
1975 1158 2071 1213 sed
2108 1162 2292 1228 potius

710 1239 814 1292 viri
844 1248 1039 1293 statuae
1096 1242 1405 1305 conferant,
1466 1246 1636 1317 frigus
1678 1265 1742 1302 ex
1774 1264 1934 1318 atque
1981 1259 2037 1303 et
2096 1260 2290 1306 :rstum

714 1331 984 1385 toleranti.
1029 1332 1208 1403 Usque
1233 1338 1371 1389 adeo
1395 1346 1445 1391 te
1474 1355 1640 1392 unum
1663 1320 1827 1409 atque
1847 1342 2101 1396 eumdem
2128 1342 2179 1397 in
2213 1346 2296 1399 eis

713 1423 969 1477 omnibus
1004 1425 1234 1492 prtebes,
1274 1438 1528 1499 tanquam
1556 1432 1839 1496 invictum,
1875 1446 1931 1488 et
1972 1437 2036 1490 ad
2084 1446 2295 1493 natura:

716 1526 989 1569 momenta
1019 1517 1355 1574 immobilem
1387 1539 1400 1575 :
1431 1538 1554 1576 eum
1604 1527 1860 1583 omnibus
1888 1530 2105 1598 quidem
2134 1532 2293 1586 fami-

714 1606 905 1662 liarius
953 1610 1255 1671 viventem,
1314 1616 1573 1669 omnibus
1616 1628 1799 1673 autem
1867 1629 1918 1675 te
1974 1624 2183 1685 omnia,
2239 1632 2297 1680 et

716 1702 1077 1771 omnigenum
1112 1705 1169 1774 8
1211 1721 1545 1779 suavemque
1575 1710 1870 1766 admodum
1900 1722 1956 1767 et
2017 1716 2293 1784 placidum

716 1795 1089 1860 exhibentem,
1144 1801 1487 1872 multamque
1556 1814 1720 1873 atque
1776 1822 1897 1860 eam
1954 1824 2164 1864 meram
2207 1822 2294 1866 at-

715 1903 823 1957 que
855 1892 1147 1952 sinceram,
1181 1902 1238 1945 nt
1269 1894 1411 1963 apud
1453 1895 1730 1951 l'latonem
1780 1908 1908 1962 est,
1972 1902 2292 1959 libertatem

718 1980 975 2043 subditis,
1028 1984 1258 2051 perinde
1302 1995 1467 2055 atque
1510 1988 1697 2042 vinum
1750 2001 2171 2063 temperantem.
2219 1998 2297 2052 Ac

721 2073 885 2127 veluti
922 2074 1066 2129 inter
1089 2091 1252 2130 curas
1280 2087 1336 2130 et
1366 2077 1585 2133 labores
1622 2090 1804 2147 natus,
1836 2092 2091 2155 tauquam
2143 2090 2300 2144 habi-

720 2175 809 2219 tus
834 2182 1027 2220 eorum
1080 2169 1133 2221 in
1163 2179 1414 2224 naturam
1468 2171 1689 2238 abierit,
1744 2176 1919 2246 magis
1969 2178 2134 2234 etiam
2191 2182 2299 2238 illis

716 2259 1035 2322 delectaris.
1071 2278 1233 2331 quam
1267 2263 1360 2318 alii
1396 2266 1670 2331 socordia,
1711 2268 1929 2326 deliciis
1980 2282 2145 2344 atque
2176 2276 2300 2331 aliis

718 2350 1012 2418 ejusmodi,
1062 2352 1264 2420 quibus
1314 2366 1699 2422 assueverunt,
1791 2361 2016 2418 minime
2064 2364 2301 2424 laudatis

719 2442 938 2496 studiis.
975 2442 1129 2509 Quod
1166 2444 1210 2499 si
1244 2445 1361 2502 haec
1405 2464 1628 2519 quoque
1678 2450 1912 2509 dicenda
1970 2466 2123 2521 sunt,
2172 2475 2301 2529 per-

719 2547 871 2601 saepe
914 2549 1017 2603 ego
1045 2543 1098 2587 te
1148 2534 1258 2588 vidi
1318 2550 1427 2591 non
1470 2538 1717 2607 quotidie
1753 2542 1937 2598 cibum
1970 2556 2300 2613 sumentem,

718 2640 912 2680 verum
934 2635 990 2680 et
1030 2626 1195 2683 binos
1223 2636 1278 2683 et
1319 2639 1504 2685 ternos
1531 2635 1903 2692 transmittere
1938 2638 2077 2703 dies,
2134 2641 2206 2696 ita
2241 2650 2303 2697 ut

720 2734 1115 2790 nonnunquam
1143 2720 1366 2792 quidem
1395 2723 1515 2777 solo
1539 2739 1678 2793 pane
1703 2735 1759 2779 et
1778 2726 2024 2784 oleribus
2046 2731 2298 2801 incoctis,

720 2812 1021 2881 aliquando
1054 2829 1185 2868 vero
1240 2817 1418 2885 pomis
1472 2818 1804 2887 quibusdam
1861 2826 2178 2897 vescereris.
2235 2827 2302 2883 Et

724 2916 977 2976 tempore
1006 2907 1247 2977 plurimo
1273 2909 1387 2964 sola
1422 2925 1563 2981 aqua
1592 2912 1689 2967 tibi
1724 2923 1888 2984 potus
1934 2916 2057 2972 fuit.
2088 2917 2302 2985 Quibus

719 2999 980 3053 omnibus
1010 3014 1119 3054 non
1172 3000 1239 3055 ad
1308 3001 1688 3060 sufﬁcientiam
1754 3020 1849 3064 aut
1895 3011 2199 3068 satietatem
2244 3030 2305 3070 es

723 3106 881 3159 usus,
916 3094 1012 3149 sed
1042 3095 1297 3150 celeriter
1315 3099 1540 3153 omnino
1566 3116 1629 3155 ea
1656 3101 1937 3173 degustata
1966 3122 2090 3162 mox
2125 3124 2303 3165 remo-

1908 394 2336 462 NICEPIIORI
2374 403 2728 469 CALLISTI

713 495 1092 562 necessitates,
1123 498 1371 569 tyrannis
1395 501 1644 571 quaedam
1694 513 1751 558 et
1780 505 2084 562 dominatio
2117 512 2287 583 impe-

2401 519 2618 573 Ὠαανεὶ
2650 522 2759 594 γάρ
2790 541 2904 588 πως
2937 527 3057 590 ταῖς
3089 530 3340 597 φροντίσι

3873 420 3984 485 512

3373 533 3467 586 καὶ
3503 533 3693 598 κόποις
3729 535 3983 603 ἐμπεφυο

2394 614 2523 677 κὼς,
2556 617 2636 678 εἰς
2676 619 2839 684 φύσιν
2883 619 3076 688 ὥσπερ
3114 622 3205 675 ἐπὶ
3237 624 3411 677 ταῦτά
3442 643 3522 679 σοι
3557 630 3981 697 μεταπεσούσης

2391 705 2491 772 τῆς
2514 704 2700 771 ἕξεως,
2722 708 2942 780 ἔχαιρες
2965 711 3173 776 τούτοις
3199 714 3400 781 μᾶλλον
3424 716 3569 787 ἥπερ
3588 717 3737 771 ἄλλοι
3763 720 3981 790 ῥαστώ-

2394 812 2460 867 νῃ
2490 798 2584 850 καὶ
2614 803 2797 871 τρυφῇ
2829 801 2925 856 καὶ
2953 805 3067 866 τοῖς
3099 805 3366 869 τοιούτοις
3402 809 3885 878 κατατριϐόμενοι.
3915 810 3980 864 Et

2392 889 2448 943 δὲ
2480 890 2560 943 δεῖ
2578 896 2673 945 καὶ
2705 895 2878 948 ταῦτα
2909 896 3109 964 λέγειν,
3138 892 3281 967 εἶδον
3310 900 3423 967 ἐγώ
3456 916 3516 952 σε
3556 888 3821 964 πολλάκις
3852 905 3980 973 μηδ’

2394 981 2480 1052 ἐφ’
2512 983 2747 1056 ἑκάστης
2784 988 2999 1059 ἡμέρας
3039 986 3250 1061 τροφὴν
3291 991 3682 1062 προσιέμενον,
3715 992 3851 1047 ἀλλά
3883 994 3981 1047 καὶ

2394 1076 2592 1131 σύνδυο
2641 1082 2739 1134 καὶ
2782 1081 3033 1151 σύντρεις
3081 1085 3348 1157 προῆγες*
3379 1083 3457 1149 ὥς
3488 1103 3620 1139 ποτε
3668 1088 3768 1157 μὲν
3821 1090 3979 1159 ἄρτῳ

2397 1170 2544 1241 μόνῳ
2587 1170 2844 1242 λαχάνοις
2895 1177 2941 1228 τ’
2972 1177 3229 1247 ἀπύροις,
3265 1177 3438 1230 ἐνίοτε
3481 1177 3540 1231 δέ
3583 1178 3680 1232 καὶ
3726 1178 3980 1250 ὀπῴραις

2393 1260 2457 1329 δὴ
2506 1279 2617 1316 τισι
2665 1264 2998 1319 διαιτᾶσθαι·
3032 1268 3131 1322 καὶ
3164 1269 3330 1323 ποτόν
3361 1287 3445 1323 σοι
3490 1272 3650 1337 μόνον
3700 1271 3847 1341 ὕδωρ
3886 1275 3981 1329 ἐπὶ

2396 1354 2651 1408 πλεῖστον
2703 1358 2896 1426 χρόνον
2953 1362 3262 1429 γινόμενονο
3327 1364 3423 1415 καὶ
3476 1364 3683 1416 τούτων
3734 1366 3834 1416 οὐκ
3896 1370 3977 1428 είς

2394 1448 2555 1516 κόρον
2611 1450 2722 1502 οὐδ’
2782 1452 3072 1522 αὐτάρκως
3142 1456 3449 1524 μετέχοντι,
3514 1456 3653 1510 ἀλλά
3723 1457 3978 1527 βραχέως

2396 1542 2632 1607 πάμπαν
2681 1543 3098 1616 ἀπογευομένῳ’
3151 1541 3272 1599 εἶτα
3323 1547 3565 1615 μεθιέντι
3613 1551 3779 1618 τάχος
3827 1552 3977 1603 δσονο

2398 1631 2519 1706 ἴν“ᾗ
2557 1651 2643 1687 σοι
2695 1636 2797 1705 μὲν
2828 1640 2922 1691 καὶ
2949 1640 2978 1691 ὁ
3007 1638 3130 1701 νοῦς
3156 1639 3518 1703 διειδεστατος
3556 1642 3652 1695 καὶ
3683 1641 3978 1704 ἀθόλωτος,

2398 1724 2578 1796 βρύων
2611 1729 2773 1796 νοερά
2817 1730 2912 1781 καὶ
2959 1729 3078 1783 θεῖα
3125 1732 3395 1799 νοήματα·
3437 1735 3637 1802 ῥᾷστον
3664 1733 3710 1786 δ’
3740 1733 3853 1802 ἔχοι
3882 1736 3980 1786 καὶ

2398 1818 2460 1869 τὸ
2503 1819 2832 1889 ἐγρηγορός.
2858 1819 3023 1873 Ὥστε
3069 1822 3135 1893 δὴ
3178 1822 3449 1891 θεοφιλῶς
3502 1823 3857 1895 διαχειρίζειν
3909 1826 3980 1877 τά

2402 1908 2730 1978 πράγματα,
2763 1909 2987 1980 δρθριός
3026 1928 3085 1964 τε
3125 1914 3220 1965 καὶ
3256 1914 3652 1983 μεσημϐρινῆς,
3690 1918 3785 1969 καὶ
3822 1915 3980 1969 οὐδέν

2400 2016 2455 2054 τι
2480 1995 2643 2071 ἦττον
2670 1990 3058 2067 ἐπινῦκτίδιος.
3087 2005 3214 2058 Ἐπὶ
3238 2008 3429 2078 πόρρω
3459 2008 3565 2077 γὰρ
3597 2008 3812 2072 νυκτὸς⁹
3840 2009 3981 2079 μᾶλ⁶

2402 2091 2493 2144 λον
2516 2091 2572 2145 δέ
2599 2091 2660 2166 τό
2678 2109 2742 2161 γε
2772 2096 3027 2147 πλεῖστον
3056 2095 3183 2165 ὅρτι
3218 2094 3621 2166 διαυγαζούσης
3655 2099 3873 2179 ἡμέρας
3899 2101 3980 2161 εἰς

2403 2184 2592 2253 κοίτην
2624 2185 2737 2250 ἰὼν,
2769 2185 2966 2239 θᾶττον
2994 2182 3152 2249 αὖθις
3190 2188 3472 2250 ἀνίστασο,
3503 2189 3692 2258 ὥσπερ
3722 2191 3981 2259 χαλεπῶς

2403 2277 2515 2337 τοῖς
2544 2274 2863 2345 στρώμασιν
2907 2277 3068 2348 ἔχων,
3096 2280 3202 2332 κᾶν
3233 2279 3353 2333 οὑδέ
3389 2280 3511 2333 τότε
3558 2298 3640 2335 σοι
3667 2283 3763 2335 τοῦ
3796 2287 3981 2335 πονεῖν

2404 2368 2589 2430 ἄνεσις
2622 2364 2712 2441 ἦν,
2749 2370 2940 2434 ὕπνοις
2974 2371 3093 2442 δῆτ’
3122 2374 3181 2425 ἐν
3231 2373 3417 2436 αὑτοῖς
3467 2376 3560 2428 καὶ
3602 2375 3847 2444 ὀνείρασι
3881 2379 3981 2429 κά-

2408 2477 2616 2530 μνοντι,
2645 2463 2741 2515 καὶ
2785 2461 2885 2533 τὴν
2918 2464 3010 2515 ἐπὶ
3046 2463 3190 2532 μέγα
3226 2463 3387 2533 δόξης
3433 2464 3662 2533 αὑξησιν
3694 2465 3852 2537 ἡμῶν
3886 2468 3983 2519 καὶ

2406 2554 2647 2608 ἐπίδοσιν
2677 2556 2986 2625 ἀκαμάτοις
3023 2558 3218 2626 ῥοπαῖς
3261 2558 3358 2610 καὶ
3390 2560 3718 2626 φαντασίαις
3747 2559 3841 2613 τοῦ
3887 2559 3980 2612 νοῦ

2406 2646 2863 2718 ὀνειροπολοῦντι,
2900 2650 2995 2703 καὶ
3026 2649 3101 2712 ὡς
3130 2648 3413 2721 ἐγχωροῦν
3440 2650 3856 2720 διεργαζομένῳ
3884 2651 3984 2705 καὶ

2408 2740 2824 2811 αὑτουργοῦυτι·
2854 2741 2929 2805 ὡς
2973 2743 3066 2794 καὶ
3097 2741 3287 2811 θαῦμα
3318 2742 3581 2813 παρέχειν
3625 2743 3700 2814 μὴ
3750 2744 3859 2812 ἄρα
3895 2762 3983 2807 τις

2408 2834 2527 2902 εῖης
2551 2833 2799 2904 θειοτέρα
2828 2834 2989 2903 φύσις
3018 2836 3222 2897 ἀῦπνος
3248 2837 3344 2888 καὶ
3372 2835 3678 2905 ἀκάματος.
3703 2836 3848 2889 Πολῦ
3872 2838 3983 2907 γὰρ

2407 2926 2655 2996 ἀπέχων,
2682 2928 2777 2980 καὶ
2812 2926 2888 2989 ὡς
2926 2928 2991 2982 ἄν
3024 2944 3108 2989 τις
3137 2927 3306 2992 εἴποι,
3351 2928 3491 2981 κατά
3538 2928 3836 2996 διάμετρον
3883 2930 3983 2982 καὶ

2408 3020 2621 3089 τρυφῆς
2672 3020 2767 3073 καὶ
2815 3020 3101 3091 ῥᾳστώνης
3132 3019 3450 3091 διεστηκὼς,
3485 3020 3547 3073 τὸ
3587 3023 3717 3091 περὶ
3762 3021 3980 3073 δίαιταν

2407 3110 2679 3180 ἐγκρατὲς
2705 3111 2801 3164 καὶ
2836 3111 3238 3180 κεκολασμένον
3274 3112 3477 3180 μᾶλλον
3496 3110 3831 3180 ἐθαύμαζες.
3866 3113 3983 3165 Ἑν-

720 3185 835 3239 veri
870 3187 1106 3255 jussisti,
1138 3196 1198 3242 ut
1232 3191 1443 3265 scilicet
1474 3208 1627 3248 mens
1655 3195 1752 3249 tibi
1784 3196 1993 3268 absque
2040 3201 2298 3257 sordibus

2403 3202 2599 3257 τεῦθεν
2632 3203 2717 3256 σοὶ
2743 3202 2839 3256 καὶ⁸
2868 3203 3051 3270 εὐεξία
3081 3205 3177 3257 κα)⁵
3203 3203 3387 3271 ὑγίεια
3425 3202 3574 3273 μάλα
3598 3202 3837 3273 προσῆν.
3871 3203 3983 3258 Καὶ

724 3277 961 3332 maxime
988 3294 1123 3348 pura
1153 3288 1521 3348 permaneret,
1550 3285 2015 3344 intellectualibus
2044 3293 2303 3361 spititua-

724 3370 980 3439 .ibusque
1004 3381 1059 3424 et
1087 3371 1290 3427 divinis
1306 3373 1621 3431 redundans
1637 3379 2086 3449 cogitationibus,
2111 3382 2306 3442 simul?

723 3477 831 3529 que
877 3471 938 3515 ut
1006 3462 1221 3519 facilius
1272 3466 1550 3536 vigilantia
1620 3481 1922 3538 constaret,
1988 3476 2306 3548 rectiusque

726 3556 945 3625 negotia
995 3558 1277 3627 pleraque,
1300 3574 1367 3613 ex
1417 3564 1738 3633 praescripto
1793 3566 1998 3628 divino,
2037 3570 2307 3627 matutino

726 3646 894 3700 simul
956 3657 1012 3700 et
1046 3649 1373 3714 meridiano,
1417 3667 1519 3707 nec
1582 3655 1765 3710 minus
1802 3666 2079 3713 nocturno
2140 3663 2306 3718 etiam

733 3751 980 3809 tempore
1002 3756 1307 3812 perageres.
1342 3743 1402 3797 In
1434 3746 1660 3801 multam
1707 3764 1945 3819 namque
1977 3762 2217 3816 noctem,
2246 3772 2309 3811 ac

731 3833 940 3902 potius,
1028 3841 1087 3887 ut
1145 3834 1469 3903 plurimum,
1534 3839 1602 3893 ad
1666 3840 2081 3900 illucescentem
2136 3862 2311 3919 usque

731 3927 877 3979 diem
909 3926 1176 3995 vigilans,
1223 3937 1279 3983 et
1335 3927 1557 3985 demum
1598 3933 1845 3989 cubitum
1873 3938 2100 4004 vadens,
2127 3942 2307 3997 statim

732 4032 925 4072 rursus
972 4017 1186 4073 excitus
1213 4021 1522 4087 surrexisti,
1556 4024 1698 4077 baud
1724 4026 1885 4081 aliter
1908 4044 2071 4098 quam
2121 4032 2173 4086 si
2211 4032 2309 4087 tibi

733 4120 1006 4164 nocturna
1057 4112 1384 4168 vestimenta
1425 4116 1611 4184 gravia
1649 4127 1813 4187 atque
1848 4121 2073 4175 molesta
2103 4134 2307 4178 essent.

734 4199 843 4255 Sed
869 4202 1018 4255 enim
1047 4216 1116 4256 ne
1150 4213 1265 4257 tum
1293 4204 1518 4272 quidem
1544 4224 1572 4261 a
1597 4208 1884 4265 laboribus
1918 4212 2013 4266 tibi
2055 4216 2310 4272 remissio

733 4295 860 4360 fuit,
927 4311 1027 4364 per
1072 4310 1326 4350 somnum
1360 4296 1620 4351 nimirum
1674 4308 1732 4354 et
1759 4300 2107 4359 insomniate
2148 4320 2310 4361 exer-

733 4386 903 4450 centi,
982 4396 1037 4441 et
1094 4388 1332 4444 nominis
1391 4390 1685 4461 glorireque
1756 4402 1960 4449 nostra:
2019 4408 2310 4465 augmenta

734 4486 901 4548 atque
922 4479 1262 4535 incrementa
1296 4480 1730 4552 infatigabilibus
1762 4488 2056 4543 momentis
2078 4497 2133 4543 et
2167 4490 2309 4545 ima-

2405 3294 2571 3365 λῆρος
2598 3295 2861 3361 ἄντικρυς
2892 3291 3035 3367 ἦσαν
3075 3295 3125 3348 οἱ
3163 3295 3290 3365 περὶ
3319 3294 3493 3349 ταῦτα
3542 3294 3981 3363 διαπονούμενοι,

2420 3385 2816 3454 Ἀσκληπιάδαι
2842 3387 3018 3453 τινὲς,
3052 3384 3437 3455 Ἰπποκράτεις
3470 3384 3770 3453 αὐχοῦντες
3808 3399 3982 3451 προσ-

2406 3477 2596 3540 τάταςο
2615 3478 2713 3530 οὑκ
2738 3476 2997 3545 ἐλάχιστα
3019 3475 3065 3529 δ’
3083 3475 3553 3545 ἐκμελετήσαντες
3572 3474 3667 3527 καὶ
3689 3473 3983 3543 Γαλήνεια·

2406 3568 2457 3622 εἳ
2512 3568 2675 3638 δῆθεν
2722 3567 2823 3637 τῆς
2863 3568 3052 3633 ὑγείας
3112 3583 3195 3619 σοι
3246 3566 3555 3636 προμηθεῖς
3612 3564 3983 3627 καθεστῶτες.

2408 3658 2648 3722 ἐξάντεις
2669 3657 2778 3711 τῶν
2802 3657 3079 3727 σφετέρων
3111 3656 3317 3725 μᾶλλον
3338 3652 3482 3727 ἦσαν
3512 3655 3681 3708 νόσων
3706 3670 3791 3707 σοι
3816 3669 3989 3723 προσυ-

2411 3751 2605 3814 ιόντες,
2630 3750 2725 3804 ἅτε
2759 3750 2874 3819 δῆτ’
2908 3750 2989 3812 είς
3015 3748 3186 3819 ἄκρον
3215 3746 3513 3816 τάκριόοῦς
3544 3747 3878 3816 ἐφικομένῳ·
3911 3746 3985 3808 ὡς

2413 3845 2488 3916 μή
2519 3844 2600 3898 τοι
2633 3861 2698 3913 γε
2725 3846 2887 3913 σφᾶς,
2919 3843 3055 3897 ἀλλά
3084 3841 3204 3912 μηδ’
3233 3841 3432 3904 αὑτοὺς
3457 3839 3699 3903 ἐκείνους
3728 3840 3860 3902 τοὺς
3890 3841 3987 3907 τῆς

2407 3932 2607 4002 τέχνης
2655 3934 2930 4003 ἡγεμόνας
2986 3933 3191 3997 αὑτοῖς,
3242 3932 3401 4000 εἴπερ
3446 3924 3607 4000 ἦσαν,
3662 3930 3987 3981 ἀντιτείνειν

2407 4026 2546 4089 ὅλως
2569 4026 2715 4097 ἔχειν
2742 4025 2879 4096 πρὸς
2909 4024 2971 4077 τὸ
3001 4024 3082 4077 σοὶ
3115 4023 3523 4093 παριστάμενόν
3548 4038 3610 4074 τε
3645 4022 3743 4075 καὶ
3764 4020 3988 4075 διαιτὼο

2414 4133 2594 4188 μενον.
2647 4116 2736 4185 Τῷ
2785 4116 2886 4183 μὲν
2922 4114 3017 4168 οὖν
3064 4115 3347 4185 Χαιρωνεῖ
3382 4113 3714 4182 Πλουτάρχῳ
3765 4112 3837 4163 τά
3888 4110 3988 4178 τῆς

2421 4209 2637 4279 Ῥώμης
2689 4208 2979 4280 ἐξαίροντι,
3020 4207 3201 4267 καλῶς
3244 4207 3482 4275 ἐπῆλθεν
3530 4207 3735 4269 εἰπεῖν,
3784 4205 3990 4273 ἀρετὴν

2409 4303 2504 4356 καὶ
2556 4302 2728 4370 τύχην
2790 4300 2927 4371 πρὸς
2984 4300 3221 4370 ἀλλήλας
3275 4299 3508 4352 ἔκπαλαι
3559 4299 3985 4369 διαφερομένας,

2409 4397 2617 4458 δεινούς
2660 4395 2709 4448 τ’
2753 4396 2971 4463 ἀγῶνας
3018 4394 3251 4463 ἐχούσας
3296 4393 3391 4446 καὶ
3435 4391 3793 4461 διαταραχὰς,
3832 4393 3988 4460 μόλις

2406 4487 2544 4542 ποτὲ
2578 4487 2666 4540 διὰ
2698 4486 2903 4555 ταύτην
2953 4487 3125 4556 μόνην
3161 4484 3487 4538 σπείσασθαι
3522 4485 3616 4537 καὶ
3651 4484 3732 4546 εις
3766 4483 3822 4534 ἒν
3859 4500 3987 4535 συνο

736 4571 1116 4642 ginationibus
1142 4572 1335 4633 animi,
1361 4573 1777 4646 visionibusque
1808 4578 2097 4634 nocturnis
2134 4580 2303 4637 medi-

2411 4580 2658 4650 δραμεῖν·
2686 4579 2778 4631 καί
2807 4578 2859 4645 γ’
2888 4581 2945 4640 ἐς
2973 4580 3137 4630 ταυτὸ
3172 4576 3557 4639 συνελθούσας,
3598 4575 3988 4628 ἐπιτελειῶσαι

737 4664 899 4725 tanti,
948 4670 1003 4715 et
1031 4664 1209 4732 quoad
1257 4664 1380 4732 ejus
1412 4665 1527 4720 fieri
1565 4667 1761 4736 potuit,
1817 4670 2111 4738 eomplenti
2151 4679 2316 4741 atque

734 4755 1045 4824 perficienti
1072 4774 1083 4808 :
1113 4756 1248 4809 adeo
1279 4766 1337 4810 ut
1362 4757 1740 4811 admirationis
1764 4774 1980 4813 causam
2005 4758 2316 4817 hominibus

743 4846 1045 4915 praeberes.
1074 4846 1402 4900 diviniorcm
1428 4848 1719 4916 quamdam
1751 4860 2004 4904 naturam
2031 4861 2104 4916 te,
2138 4854 2314 4908 somni

739 4950 909 5008 atque
944 4937 1281 5018 fatigationis
1300 4949 1581 5008 expertem
1604 4956 1749 5004 esse,
1788 4944 2218 5013 suspicantibus.
2250 4946 2319 5001 Et

738 5045 866 5084 cum
900 5045 1063 5100 quam
1096 5030 1435 5099 longissime,
1472 5039 1549 5094 et,
1580 5042 1639 5084 ut
1689 5034 1889 5102 aliquis
1945 5036 2114 5098 dicat,
2160 5038 2316 5107 juxta

738 5122 1099 5186 diametrum,
1148 5136 1177 5175 a
1234 5121 1611 5190 voluptatibus
1665 5133 1717 5177 et
1774 5125 1986 5194 ignavia
2054 5127 2315 5196 abfuisti;

742 5223 859 5264 tnm
893 5213 1232 5281 quotidiana:
1285 5216 1411 5267 vita!
1458 5215 1804 5284 disciplinam
1860 5226 1914 5270 et
1968 5221 2315 5273 severitatem

746 5307 984 5359 maxime
1029 5322 1090 5361 es
1138 5316 1509 5362 consuetatus.
1540 5308 1692 5363 Unde
1739 5309 1835 5362 tibi
1894 5310 2031 5363 bona
2073 5313 2321 5383 corporis

743 5396 1008 5450 babtudo
1056 5407 1112 5450 et
1180 5400 1441 5453 valetudo
1501 5400 1738 5453 secunda
1789 5402 2020 5456 maxime
2072 5402 2192 5456 fuit.
2252 5404 2324 5458 Et

747 5493 840 5559 qui
875 5492 972 5543 hac
1008 5492 1060 5543 in
1090 5505 1151 5545 re
1180 5492 1489 5557 elaborant,
1522 5504 1819 5562 litigatores
1869 5497 2002 5548 meri
2036 5498 2135 5550 visi
2170 5507 2316 5561 sunt,

746 5584 1087 5652 Asvlepiada:
1121 5586 1342 5654 quidam
1371 5588 1439 5641 de
1470 5586 1799 5656 Hippocrate
1833 5600 2167 5659 praeceptore
2208 5596 2323 5661 glo-

754 5675 982 5733 riantes.
1028 5692 1127 5730 nec
1160 5677 1343 5731 minus
1383 5680 1476 5747 qui
1516 5679 1703 5732 Galeni
1740 5683 2147 5739 lucubrationes
2173 5692 2323 5740 evol-

752 5777 910 5820 vunt.
926 5768 1029 5833 Qui
1045 5785 1174 5824 sane
1192 5787 1317 5825 eum
1343 5771 1669 5826 valetudinis
1686 5782 1789 5825 ιιιςι·
1806 5786 2090 5831 curatores
2114 5790 2319 5844 essent,

753 5880 788 5919 ο
818 5866 935 5921 suis
960 5864 1061 5934 ipsi
1095 5866 1298 5920 morbis
1327 5872 1383 5921 et
1422 5867 1841 5938 mgritndinibus
1898 5872 2087 5939 magis,
2148 5875 2213 5926 τιεί
2270 5882 2320 5927 te

2417 4672 2512 4722 καὶ
2547 4668 3070 4739 συναπεργάσασθαι
3120 4668 3229 4720 τῶν
3280 4666 3644 4735 ἀνθρωπίνων
3700 4664 3882 4733 ἔργων
3932 4662 3991 4714 τὸ

2416 4764 2719 4817 κάλλιστον.
2766 4761 2909 4829 Ἐγὼ
2942 4760 2986 4812 δ’
3031 4761 3275 4813 ὑπονοεῖν
3306 4757 3486 4827 ὀρθῶς
3534 4756 3739 4824 οἴομαι,
3784 4754 3864 4817 ὡς
3897 4754 3991 4805 καὶ

2417 4856 2510 4908 ἐπὶ
2541 4855 2624 4907 σοὶ
2653 4856 2717 4922 δὴ
2752 4853 2920 4923 μόνῳ,
2955 4852 3237 4921 κράτιστε,
3262 4848 3544 4902 θεοσέδειά
3579 4864 3639 4900 τε
3670 4846 3767 4898 καὶ
3808 4846 3993 4898 εὐδαι-

2421 4944 2580 5011 μονία
2614 4942 2949 5012 συνηλθέτην
2989 4940 3249 5008 ἀλλήλαις
3302 4938 3547 5007 ἐφάπαξ.
3580 4935 3667 4988 ἀεί
3704 4953 3758 4988 τι
3788 4935 3989 5004 διαμα-

2416 5035 2671 5104 χόμεναι,
2713 5035 2812 5104 τῆς
2842 5032 3151 5096 θεοσεϐείας
3183 5032 3383 5084 ὠσανεὶ
3431 5029 3768 5099 βιασαμένης
3811 5030 3871 5079 τὸ
3903 5029 3993 5080 εἰ·

2416 5127 2631 5193 δαιμον,
2654 5129 2750 5182 καὶ
2772 5124 3199 5196 περιτρέπεσθαι
3222 5123 3572 5176 παντάπασιν
3590 5121 3689 5172 ούκ
3710 5119 3989 5189 ἐνδούσηςο

2423 5222 2625 5291 μᾶλλον
2652 5222 2707 5274 δὲ
2740 5220 2878 5273 Θεοῦ
2922 5216 3076 5288 οἶμαι
3114 5234 3218 5270 που
3255 5216 3480 5278 ταύταις
3518 5215 3765 5281 ἀνάγκην
3795 5213 3995 5265 ἐπισα-

2418 5314 2623 5378 λόντος,
2662 5313 3024 5377 συζεύξαντός
3065 5328 3123 5364 τε
3160 5312 3274 5378 ἃμα
3325 5308 3536 5369 ταύτας
3582 5306 3677 5358 καὶ
3720 5304 3999 5374 συγκερά-ο

2422 5421 2636 5467 σαντος,
2668 5405 2743 5466 ὡς
2783 5404 2849 5456 ἂν
2878 5402 3221 5471 ἑκατέρωθεν
3266 5399 3329 5453 τὸ
3372 5400 3572 5452 οἰκεῖον
3618 5394 3821 5458 λαϐὼν,
3859 5395 3996 5447 πᾶσι

2418 5500 2533 5567 δῆτ’
2575 5497 2885 5563 ἀνθρώποις
2938 5496 3094 5565 ξένην
3146 5494 3452 5563 ἐργάσηται
3495 5491 3704 5557 ὄνησιν.
3760 5490 3857 5541 καὶ
3915 5488 3993 5549 ὡς

2420 5589 2636 5659 ἀληθῶς
2661 5589 3003 5659 θαυμαστήν·
3029 5587 3238 5656 πεῖσμά
3258 5603 3309 5639 τι
3332 5587 3581 5655 μόνιμον,
3609 5584 3706 5635 καὶ
3730 5582 3994 5651 στοιχεῖον

2421 5686 2602 5750 ἕκτον,
2635 5684 2702 5737 ἵν’
2736 5684 2904 5746 οὕτως
2940 5682 3175 5751 εἴποιμι,
3210 5680 3303 5733 καὶ
3332 5679 3523 5741 ἀΐδιον,
3564 5675 3865 5743 ναυαγοῦσι
3900 5674 3995 5728 καὶ

2424 5776 2854 5846 ὑποφερομένοις
2893 5777 3006 5837 τοῖς
3035 5774 3200 5834 θείοις
3238 5772 3525 5842 πράγμασι
3557 5770 3652 5822 καὶ
3699 5766 3994 5820 διολιςθιιίὲ

2425 5887 2575 5924 νουσι
2602 5869 2693 5921 τοῦ
2734 5867 2986 5922 τοσούτου
3025 5867 3185 5921 σάλου
3222 5868 3311 5918 καὶ
3353 5864 3575 5927 ali-111;,
3618 5861 3867 5927 μεγάλην
3897 5859 3992 5914 καὶ
