4212 6430
211 376 318 440 573

1628 383 2061 447 DEDICATIO.

3365 390 3483 453 5H

207 491 532 545 τελευταίαν
581 489 835 560 ἄγκυραν
864 490 1021 564 ἱερὰν
1072 492 1150 563 τῷ
1196 493 1309 549 ὖντι
1342 495 1445 547 κᾶν
1474 495 1585 556 τοῖς
1639 496 1795 564 ῑεροῐς

1907 497 2249 559 accedentes.
2280 498 2440 555 liberi
2472 511 2637 570 atque
2666 500 2864 571 integri
2890 501 3235 559 diam:
3273 506 3479 573 quippe

209 585 308 638 καὶ
331 583 509 645 ἄλλως
539 583 747 653 ἔχουσι,
778 585 839 638 at
864 587 1189 655 παρασχών⁸
1215 586 1283 638 ἵν’
1311 589 1370 639 ἑν
1395 587 1479 640 σοι
1499 604 1620 640 τινα
1647 587 1793 656 ἵδρυ-

211 693 300 730 σιν
327 677 428 730 καὶ
452 678 565 739 τοῖς
604 676 789 739 ἄλλοις
827 678 959 747 περὶ
995 679 1053 733 σι
1094 679 1333 748 μάλιστα
1360 680 1501 746 δοίη.
1543 679 1652 733 Καὶ
1678 680 1793 747 δῆτ’

210 768 340 839 εσχι
384 770 651 837 μεγίστην
692 769 856 839 ῑδραν
880 786 941 823 τε
989 772 1085 823 καὶ
1121 771 1442 839 ἀσφάλειαν,
1478 772 1555 833 al;
1589 772 1795 838 κόσμον

211 862 440 930 εἰρήνης
477 861 597 924 ἕνα,
626 864 721 914 καὶ
755 843 955 916 κύκλον
1003 862 1334 933 ὀρθοδοξίας,
1376 867 1553 917 εῐτουν
1584 865 1791 933 ἠγεμο-

214 953 340 1013 νίας
371 953 675 1006 ἀπταιστόν
710 970 771 1006 σι
812 957 1190 1024 περιαγόμενα
1228 962 1322 1009 καὶ
1356 956 1791 1026 περιφερόμενα.

214 1046 328 1100 Καί
356 1048 412 1111 γ’
442 1047 782 1109 ὲσπούδασας
814 1048 1086 1110 ἐντεῦθεν,
1131 1051 1232 1103 οὐκ
1266 1053 1323 1100 ὲν
1355 1049 1572 1119 σώματι
1624 1050 1793 1118 μόνῳ,

216 1138 360 1192 ἀλλὰ
386 1154 451 1201 γε
476 1138 542 1201 δὴ
570 1140 669 1191 καὶ
696 1142 754 1192 ὲν
783 1143 850 1211 τῇ
879 1139 1027 1211 ψυχῇ
1058 1141 1455 1209 περιϐαλέσθαι
1483 1141 1583 1211 τὴν
1604 1142 1798 1211 ἁλουρ-

213 1229 363 1294 γίδα.
398 1230 471 1282 Σὺ
504 1230 616 1298 γάρ
664 1246 752 1283 τοι
798 1231 893 1284 καὶ
945 1232 1109 1301 μόνος
1143 1233 1253 1284 τῶν
1288 1233 1481 1301 πρώην
1527 1232 1797 1301 βασιλέων

215 1324 412 1392 σχεδὸν
435 1326 695 1379 ἁπάντων
725 1325 923 1380 ἑαυτοῦ
956 1327 1375 1398 βεσεισῑλενκας⁸
1407 1330 1503 1382 καὶ
1530 1329 1797 1397 αὐτοκρά-

210 1434 330 1485 τωρ
356 1417 439 1487 τῷ
480 1418 595 1471 ὄντι
636 1420 960 1490 γενόμενος,
1002 1421 1103 1487 τὴν
1136 1421 1234 1489 μὲν
1266 1421 1376 1474 τῶν
1412 1421 1601 1473 παθῶν
1642 1422 1795 1489 ὀχλο-

213 1512 483 1577 γράτειαν
510 1510 611 1579 τῆς
658 1512 868 1573 οἰκείας
910 1513 1150 1565 ἀπεώσω
1194 1512 1567 1583 ξενηλατήσας
1595 1513 1794 1582 ψυχῆς

210 1604 329 1665 τοῖς
354 1603 411 1655 δὲ
444 1603 645 1657 σαυτοῦ
671 1604 955 1677 λογισμοῖς
984 1605 1417 1675 ἀριστοκρατίαν
1447 1608 1801 1675 καταστησά-

216 1713 405 1759 μενος,
440 1696 550 1757 ζῶν
600 1698 806 1767 ἀρετῆς
845 1698 1069 1766 ἄγαλμα
1115 1700 1344 1752 σεαυτὸν
1386 1700 1684 1769 παρέσχες,
1720 1702 1798 1762 είς

211 1788 419 1857 ἀκριϐῆ
458 1788 695 1858 μίμησιν
738 1789 800 1842 τὸ
855 1791 1097 1859 ὑπήκοον
1140 1790 1502 1846 ἑκπαιδεὺων.
1534 1791 1639 1843 Τὸν
1688 1793 1796 1859 γὰρ

214 1880 469 1949 ἐγκρατῆ
502 1880 767 1950 λογισμὸν
812 1882 1105 1946 ἀντιτάξας
1143 1886 1209 1953 τῇ
1246 1885 1527 1956 ῥᾳστώνῃ,
1566 1886 1793 1944 εἰκότως

212 1974 276 2023 οὔ
306 1972 470 2042 μόνον
493 1972 802 2041 ἀνθρώπων
830 1975 1189 2045 αὐτοκράτωρ
1218 1975 1437 2045 νομίζῃ,
1474 1976 1611 2029 ἀλλά
1636 1993 1697 2042 γε
1728 1975 1794 2046 δὴ

214 2069 314 2116 καὶ
357 2064 551 2116 παθῶν
596 2066 878 2126 ἁπάντων,
918 2068 1019 2119 ὅσα
1050 2067 1230 2137 ψυχῆς
1274 2086 1333 2120 τι
1372 2070 1465 2121 καὶ
1516 2068 1791 2137 σώματος.

214 2155 331 2207 Καὶ
356 2155 420 2223 δὴ
450 2154 583 2221 γοῦν
617 2157 750 2210 ἰδεῖν
771 2158 923 2210 ἔστιν
951 2162 1009 2221 ις
1041 2160 1352 2231 ὑπερϐολὴν
1379 2162 1441 2214 τὸ
1474 2162 1579 2231 τῆς
1609 2162 1797 2231 φιλαν-

214 2246 469 2313 θρωπίας
500 2265 584 2301 σοι
611 2250 823 2317 περιόν.
858 2252 1152 2322 Ἀντικρυς
1182 2253 1293 2323 γὰρ
1328 2254 1422 2307 καὶ⁸
1464 2255 1529 2307 τὸ
1565 2256 1796 2321 πολεμι-

214 2339 316 2394 κόν
346 2356 439 2393 σου
471 2341 879 2412 φιλάνθρωπον,
909 2346 1002 2398 καὶ
1029 2346 1093 2398 τὸ
1122 2347 1300 2417 πρᾶον
1330 2346 1622 2417 ἀνδρῶδεςο
1650 2348 1713 2400 τὸ
1737 2347 1793 2400 δὲ

210 2432 321 2500 τῆς
348 2432 674 2501 εὐεργεσίας
719 2434 795 2496 ὡς
832 2436 1069 2503 μάλιστα
1117 2437 1485 2507 οἰκονομικόν·
1517 2438 1578 2491 τδ
1625 2438 1683 2491 δέ
1728 2455 1794 2506 γε

214 2520 456 2589 θυμικὸν
480 2520 884 2578 εὐδιάλλακτον.
920 2523 1123 2593 Στιίρα
1146 2525 1275 2593 γὰρ,
1311 2525 1386 2589 ὡς
1415 2526 1482 2578 ἄν
1508 2544 1593 2587 τις
1625 2527 1791 2590 εἴποι,

215 2614 361 2682 πρὸς
406 2612 580 2682 ὀργὴν
606 2615 639 2683 ἠ
678 2613 748 2685 σὴ
777 2614 1021 2684 κατέστη
1055 2617 1223 2689 ψυχή’
1267 2616 1363 2671 καὶ
1401 2617 1537 2690 πρὸς
1584 2619 1686 2687 τὴν
1731 2620 1796 2670 εκ

215 2704 402 2775 fluitet?
454 2706 651 2775 φλόγα,
710 2708 897 2777 σχεδον
954 2710 1349 2773 ἀσυνδύαστος,
1402 2711 1612 2780 καίπερ
1658 2711 1794 2780 πρὸς

218 2799 374 2850 aut“
398 2798 507 2851 τῶν
527 2798 752 2866 ἀγαθῶν
781 2803 1007 2870 γόνιμος
1032 2797 1171 2855 οὖσα
1198 2802 1298 2855 καὶ
1320 2803 1621 2873 ἔγκαρπος.
1645 2801 1719 2855 Τὸ
1738 2802 1796 2855 δὲ

216 2881 318 2960 τῆς
349 2892 634 2960 εὐνομίας,
671 2894 797 2946 ὅσον
826 2894 926 2956 τὰς
952 2893 1063 2946 τῶν
1094 2895 1301 2948 ἀδίκων
1336 2894 1515 2964 ὁρμὰς
1537 2896 1657 2957 ταῖς
1689 2895 1795 2945 τῶν

215 2984 451 3037 δικαίων
506 2986 849 3057 ὑφηγήσεσιν
908 2986 1314 3051 ἀναστέλλοντι,
1376 2988 1473 3040 καὶ
1530 2986 1631 3056 τῆς
1691 2988 1796 3055 γῆς

222 3078 544 3146 ἁπανταχοῦ
577 3079 816 3145 τάγαθὸν
844 3081 1288 3150 κατασπείροντι,
1321 3082 1418 3151 οὐχ
1458 3075 1621 3151 ἦττον
1650 3080 1795 3151 ἥπερ

217 3170 247 3218 ό
278 3166 683 3236 θρυλλούμενος
735 3170 935 3230 ἐκεῖνος
986 3168 1389 3237 Τριπτόλεμος,
1418 3173 1489 3239 τῇ
1531 3171 1601 3239 γῇ
1627 3186 1795 3221 κατα-

222 3259 443 3312 δαλιων
468 3260 535 3311 τὰ
573 3260 888 3329 σπέρματα.
923 3261 1020 3322 Τίς
1060 3256 1154 3314 οὖν
1195 3262 1439 3315 ἀδικοῦσι
1472 3262 1671 3330 μᾶλλον
1703 3261 1795 3313 σοῦ

221 3350 637 3419 λυπηρότεροςς
688 3352 1030 3420 ἢδυστυχῶς
1082 3353 1300 3422 ἔχουσιν
1344 3354 1697 3423 ήμερὼτερός
1741 3372 1801 3406 τε

222 3443 318 3495 καὶ
375 3444 849 3512 προσηνέστεροςς
912 3446 944 3514 ἢ
998 3445 1275 3513 δεομένοις
1329 3446 1651 3513 εὐγνώμων,
1711 3448 1804 3498 καὶ

1896 590 1991 657 qui
2044 590 2109 643 ad
2163 605 2431 645 summam
2508 594 3091 665 neciiratissimamque
3125 596 3481 650 "valetudinis

1897 678 2114 731 tuendm
2153 681 2423 732 rationem
2452 684 2797 750 perveneris.
2823 684 2892 737 Et
2920 699 3099 754 neque
3131 686 3330 740 medici
3378 689 3479 747 tui,

1900 782 2080 837 neque
2113 771 2189 826 illi
2230 774 2331 839 ipsi
2364 775 2456 841 qui
2492 774 2571 827 eis
2596 776 2733 828 artis
2764 789 2879 829 sua:
2908 787 3179 845 prtecepta
3216 788 3482 845 tanquam

1898 864 2140 931 magistri
2172 876 2227 920 et
2249 867 2417 920 duces
2445 868 2502 937 9
2536 868 2901 932 tradiderunt,
2929 886 3155 937 prorsus
3181 874 3483 943 quidquam

1898 956 2235 1019 habuerunt,
2288 961 2433 1028 quod
2484 961 2751 1015 adversus
2788 964 3173 1032 pra-scriptum
3225 966 3484 1035 degenda».

1894 1051 1967 1105 ad
2022 1050 2407 1104 salubritatem
2431 1052 2555 1105 vita:
2583 1062 2736 1105 tuum
2762 1064 3127 1121 Opponerent.
3160 1055 3485 1110 Plutarchus

1896 1143 2121 1213 quidem
2149 1142 2484 1198 Cliaernnens
2538 1146 2846 1199 Romanum
2884 1148 3178 1216 imperium
3218 1149 3476 1205 laudibus

1897 1236 2129 1299 vehens,
2165 1237 2398 1305 pulchre
2447 1238 2607 1299 dixit.
2659 1252 2752 1291 eas
2804 1254 2926 1305 qua:
2986 1240 3221 1294 antehae.
3274 1241 3483 1296 dudum

1898 1342 1999 1395 per
2030 1343 2222 1395 graves
2283 1340 2468 1383 motus
2514 1338 2569 1383 et
2626 1332 2931 1383 certamina
2967 1332 3113 1383 inter
3150 1348 3209 1385 se
3246 1334 3468 1386 dissen-

1898 1420 2119 1479 sissent.
2175 1422 2435 1475 virtutem
2477 1430 2533 1475 et
2554 1421 2854 1485 fortunam,
2892 1423 2979 1476 vix
3013 1424 3315 1492 aliquando
3357 1435 3485 1479 tan-

1900 1512 2045 1570 dem.
2078 1526 2299 1581 propter
2330 1513 2521 1567 urbem
2556 1515 2859 1569 Romanam
2918 1517 3113 1581 solam,
3152 1519 3329 1586 pactis
3356 1532 3489 1570 con-

1900 1605 2080 1658 ventis
2124 1620 2222 1673 pcr
2258 1604 2437 1658 foedus
2493 1606 2689 1660 initum
2740 1609 2794 1661 in
2829 1609 3058 1677 gratiam
3111 1608 3370 1668 rediisse,
3424 1617 3487 1661 ut

1901 1696 2149 1749 omnium
2176 1695 2540 1750 humanarum
2598 1714 2781 1751 rerum
2837 1700 2995 1768 longe
3053 1700 3485 1769 pulcherrimum

1903 1803 2042 1858 opus
2070 1790 2583 1859 absolverintatqne
2605 1792 2959 1860 perfecerint.
2984 1793 3113 1846 Mihi
3175 1808 3306 1845 vero
3338 1800 3486 1845 recte

1902 1895 2121 1949 quoque
2164 1880 2481 1935 existimare
2515 1883 2568 1935 in
2603 1892 2842 1937 mentem
2871 1884 3047 1944 venit,
3095 1884 3149 1937 in
3211 1894 3264 1938 te
3317 1887 3484 1939 etiam

1900 1989 2035 2036 uno,
2070 1974 2370 2044 imperator
2396 1974 2626 2043 optimc,
2656 1990 2843 2029 veram
2870 1975 3131 2044 pietatem
3158 1976 3485 2043 cultumque.

1904 2066 2021 2131 Dei,
2059 2077 2225 2135 atque
2254 2081 2388 2136 opes
2424 2067 2861 2137 felicitatemque
2883 2068 3210 2128 humanam.
3244 2083 3369 2135 quae
3397 2067 3486 2120 in-

1901 2170 2063 2214 terse
2095 2173 2314 2227 semper
2344 2159 2752 2229 depngnarunt.
2795 2159 2963 2213 semel
3015 2159 3082 2212 ad
3134 2157 3485 2212 concordiam

1900 2250 2155 2305 redactas
2203 2265 2360 2304 esse:
2414 2264 2482 2304 eo
2531 2250 2680 2319 quod
2729 2251 2907 2320 pietas
2962 2248 3283 2305 felicitatem
3314 2250 3489 2304 veluti

1898 2343 1952 2396 vi
1974 2342 2211 2413 quadam
2238 2341 2304 2395 ad
2323 2356 2381 2397 se
2399 2343 2750 2412 pertraxerit,
2770 2357 3004 2413 eamque
3021 2342 3247 2396 omnino
3265 2357 3486 2411 pessum

1904 2434 1985 2489 ire
2013 2449 2121 2488 non
2150 2432 2382 2489 siverit:
2416 2434 2530 2486 sive
2546 2433 2754 2501 potius.
2778 2444 2838 2487 ut
2866 2432 3124 2497 equidem
3156 2440 3310 2500 puto,
3339 2433 3487 2500 quod

1902 2525 2047 2579 Dens
2066 2524 2285 2577 tandem
2316 2522 2704 2576 necessitatem
2733 2524 2816 2576 eis
2842 2521 3176 2591 inposuerit,
3239 2530 3299 2574 ut
3322 2519 3491 2574 simul

1899 2618 2541 2687 eonjungerenturatque
2553 2622 2901 2684 contempera
2912 2623 3071 2668 reutn
3087 2630 3112 2664 r
3135 2632 3147 2667 :
3169 2616 3295 2677 etfnt
3315 2612 3490 2679 ille§ab

1903 2720 2155 2778 utraque.
2175 2723 2242 2763 eo
2263 2707 2409 2776 quod
2430 2710 2718 2777 utriusque
2735 2715 2885 2761 esset
2912 2708 3202 2776 proprium
3238 2715 3487 2773 recepto,

1904 2800 2226 2858 hominibus
2257 2798 2517 2852 omnibus
2540 2812 2743 2851 novum
2792 2807 2850 2852 et
2898 2814 3027 2852 vere
3094 2798 3487 2851 admirandum

1904 2892 2194 2965 perficeret
2222 2889 2659 2947 emolumentum
2677 2897 2739 2943 et
2763 2888 3049 2951 auxilium,
3080 2887 3489 2940 firmamentum

1902 2985 2167 3041 nimirum
2203 2982 2485 3053 quoddam
2562 2980 2782 3041 stabile.
2808 2988 2865 3032 et
2913 2980 3273 3041 elementum,
3329 2988 3390 3030 ut
3420 2978 3493 3031 ita

1903 3077 2105 3139 dicam,
2142 3084 2357 3129 sextum
2412 3083 2471 3128 et
2500 3072 2923 3141 sempiternum,
2972 3072 3028 3124 in
3080 3070 3285 3123 divinis
3328 3070 3495 3122 rebus

1824 3200 1869 3260 ς
1904 3168 2332 3236 labascentibus,
2360 3176 2410 3221 et
2438 3181 2533 3234 per
2564 3163 2911 3232 naufragium
2966 3162 3491 3232 pessuniettntiims.

1909 3274 2017 3316 tam
2055 3261 2345 3314 horrenda
2400 3257 2776 3312 fluctuationis
2830 3265 2887 3310 et
2926 3256 3135 3309 erroris
3189 3256 3495 3324 ingentem,

1910 3368 2244 3423 supremam,
2282 3366 2521 3420 vereque
2566 3364 2779 3403 sacram
2830 3350 3133 3402 anclioram
3197 3356 3271 3413 te,
3322 3347 3497 3399 sacris

1912 3448 2076 3502 simul
2106 3456 2161 3500 et
2189 3445 2437 3515 profanis
2484 3443 2775 3505 exhibens;
2818 3451 2878 3495 ut
2910 3444 2962 3495 in
3001 3452 3054 3495 te
3096 3441 3221 3495 aliis
3270 3454 3495 3509 quoque

226 3536 367 3603 πρὸς
410 3530 597 3587 οἶκτον
626 3537 1131 3608 ἐπιρῤεπέστεροςς
1164 3536 1304 3590 ὥστε
1336 3538 1401 3603 δὴ
1430 3541 1525 3589 καὶ
1552 3538 1624 3608 μή
1662 3546 1795 3598 τινος

1912 3540 2005 3606 qui
2035 3546 2216 3590 tecum
2249 3546 2399 3599 sunt,
2441 3535 2675 3589 solidam
2709 3534 3074 3589 stabilitatem
3133 3540 3493 3599 repraesenta-

222 3630 479 3697 ενᾶγκης
524 3630 779 3696 ἐμποδὼν
828 3630 1207 3699 καθεστώσης,
1242 3630 1339 3683 καὶ
1373 3631 1707 3699 προφθάνειν
1747 3647 1795 3682 σε

1914 3640 2021 3684 ret.
2062 3629 2132 3683 Et
2154 3628 2403 3698 profecto
2436 3643 2500 3681 ea
2533 3642 2659 3696 qua:
2697 3627 2807 3680 huc
2839 3636 3005 3694 atque
3034 3625 3164 3677 illuc
3217 3626 3495 3676 circuma-

222 3720 301 3789 τῷ
328 3723 488 3789 τάχει
512 3720 611 3791 τὴν
642 3723 850 3791 δέησιν.
954 3734 959 3739 '

1916 3722 2193 3791 gebantur
2227 3729 2285 3774 et
2334 3718 2890 3783 circumferebantur,
2913 3718 3206 3770 maximam
3241 3726 3293 3770 te
3332 3716 3496 3768 tutis-

224 3815 540 3884 simamque
578 3814 811 3886 perfugii
835 3816 1044 3881 sedem,
1069 3815 1417 3871 inmundum
1475 3816 1627 3886 pacis
1664 3831 1834 3869 unum
1874 3825 1932 3869 et
1963 3813 2229 3869 rectioris
2284 3812 2411 3867 fidei
2454 3811 2835 3882 professionis,
2898 3824 2998 3864 seu
3038 3823 3227 3862 rerum
3262 3807 3499 3861 admini-

225 3914 537 3979 strationis,
588 3914 812 3969 minime
878 3915 1306 3971 hallucinantem
1365 3925 1462 3969 aut
1519 3915 1797 3969 labantem
1827 3912 2017 3968 orbem
2038 3911 2315 3966 habuere.
2384 3909 2525 3976 Quin
2596 3908 2731 3963 illud
2764 3910 2928 3963 etiam
2964 3907 3245 3967 studuisti,
3298 3914 3352 3957 nt
3385 3918 3496 3957 non

230 4007 457 4075 corpori
494 4005 688 4069 modo,
721 4022 912 4061 verum
976 4008 1143 4063 etiam
1209 4009 1399 4064 animo
1439 4022 1740 4077 purpuram
1792 4005 2191 4061 circunidares.
2225 4002 2519 4072 Siquidem
2575 4012 2631 4055 tn
2664 4002 2909 4054 omnium
2942 4014 3110 4070 prope
3138 4000 3232 4067 qui
3266 4006 3318 4050 te
3352 4011 3497 4065 pra:-

231 4107 549 4165 cesserunt,
578 4100 977 4169 imperatorum
1036 4117 1202 4167 unus,
1244 4102 1347 4169 ipsi
1411 4102 1511 4155 tibi
1566 4101 1883 4170 imperasti:
1924 4108 1979 4153 et
2046 4112 2239 4152 revera
2336 4110 2564 4149 summa:
2618 4094 2907 4163 potestatis
2982 4092 3302 4161 imperator,
3370 4102 3496 4139 enm

230 4196 465 4251 vitiosas
531 4197 989 4251 tumultuantium
1060 4208 1227 4267 atque
1280 4199 1575 4267 imperium
1646 4197 1750 4253 sibi
1817 4195 2225 4251 vindicantium
2282 4192 2579 4247 aﬂectuum
2638 4188 3081 4261 perturbationes
3132 4202 3163 4241 e
3214 4184 3499 4239 domicilio

231 4288 403 4342 animi
435 4289 515 4344 tui
539 4288 794 4359 eiecisti:
849 4299 963 4344 tum
996 4291 1199 4345 rationi
1248 4291 1483 4361 imperio
1544 4305 1615 4346 eo
1660 4290 1809 4360 quod
1846 4304 2018 4359 penes
2076 4300 2281 4357 paucos
2303 4284 2597 4354 optimates
2655 4291 2738 4336 est
2793 4280 3017 4342 tradito,
3046 4280 3223 4333 vivam
3261 4278 3496 4345 teipsnm

236 4387 467 4442 virtutis
539 4366 857 4457 imaginem.
905 4388 972 4442 ad
1007 4398 1211 4443 certam
1242 4389 1394 4444 cives
1461 4398 1584 4444 tuos
1635 4386 1995 4441 imitationem
2050 4384 2368 4441 instituens,
2430 4379 2783 4450 proposuisti.
2832 4377 2967 4431 Nam
3002 4376 3168 4435 animi
3241 4374 3496 4427 modera-

234 4486 393 4539 tione
427 4484 484 4537 in
552 4482 669 4537 acie
737 4487 927 4537 contra
975 4481 1243 4549 ignaviam
1319 4482 1593 4553 Opposita,
1646 4483 1750 4552 ιο
1809 4495 1918 4535 non
1958 4479 2136 4533 solum
2190 4478 2498 4539 hominum,
2545 4489 2733 4527 verum
2800 4471 2966 4525 etiam
3018 4466 3495 4538 perturbationum

233 4573 408 4629 animi
435 4574 599 4629 simul
630 4583 687 4629 et
722 4572 970 4644 corporis
992 4574 1238 4629 omnium
1304 4575 1606 4644 imperator
1644 4573 1841 4627 merito
1878 4574 2143 4628 censeris.
2216 4571 2581 4635 Quamobrem
2627 4567 2944 4634 conspicere
3002 4564 3150 4623 licet,
3225 4563 3481 4614 humaui-

236 4677 410 4721 tatem
446 4675 595 4720 tuam
650 4668 713 4719 ad
779 4681 1054 4719 summum
1110 4666 1454 4736 pervenisse.
1506 4668 1642 4721 Nam
1681 4666 1821 4720 bella
1860 4680 2081 4734 quoque
2149 4681 2269 4733 qua:
2298 4662 2465 4729 peris,
2523 4660 2857 4729 perhnmana
2885 4667 3011 4712 sunt
3039 4676 3051 4709 :
3077 4668 3130 4710 et
3158 4656 3500 4723 placabilius

239 4761 464 4814 virilem
498 4775 609 4828 prae
632 4774 691 4813 se
723 4758 826 4813 fert
855 4758 1255 4816 fortitudinem.
1301 4760 1472 4817 Porro
1499 4760 1813 4832 benignitas
1846 4770 1902 4813 et
1967 4758 2345 4812 munificentia
2407 4770 2571 4824 quam
2610 4754 2843 4807 maxime
2870 4752 2937 4804 ad
2984 4751 3276 4804 utilitatem
3312 4749 3498 4817 publi-

236 4872 363 4910 cam
390 4862 665 4923 spectant.
698 4853 781 4907 lra
827 4862 1013 4908 autem
1062 4854 1357 4907 admodum
1393 4865 1479 4909 est
1508 4855 1811 4924 placabilis.
1852 4854 2083 4907 Animus
2103 4866 2340 4921 namque
2410 4859 2538 4903 tuus
2598 4849 2662 4901 ad
2699 4848 3059 4907 iracundiam,
3092 4847 3247 4899 utita
3288 4844 3493 4899 dicam.

240 4950 488 5011 sterilis,
517 4959 576 5003 et
620 4948 688 5002 ad
714 4948 968 5002 ardorem
999 4964 1125 5004 eum
1160 4950 1254 5019 qui
1319 4966 1385 5003 ex
1448 4950 1695 5017 ﬂagranti
1762 4950 2105 5004 vehementia
2158 4946 2437 5017 provenit,
2479 4945 2677 4999 caelebs
2708 4952 2765 4998 ct
2786 4943 3081 4997 immobilis
3132 4950 3237 5005 est,
3303 4954 3507 5008 quam:

238 5048 329 5100 vis
388 5044 661 5097 bonorum
718 5044 899 5097 omnis
937 5045 1155 5114 generis
1211 5046 1361 5099 ferax
1418 5056 1474 5099 et
1524 5046 1812 5101 fecundus.
1892 5045 2130 5115 Legibus
2179 5059 2307 5098 vero
2393 5042 2659 5107 ferendis,
2720 5039 3077 5105 moribusque
3156 5036 3508 5105 corrigendis-

239 5153 408 5209 quam
455 5148 604 5189 recta
638 5136 780 5205 apud
812 5144 863 5190 te
892 5135 1140 5189 instituta
1166 5148 1250 5189 est
1271 5138 1445 5197 ratio.
1479 5140 1572 5205 qui
1626 5137 2003 5205 improborum
2038 5139 2300 5204 impetum
2370 5134 2628 5201 legitimis
2688 5132 2917 5202 jus-tilia:
2987 5129 3279 5197 przeceptis
3334 5127 3495 5179 cohi-

238 5233 371 5287 bes:
444 5240 501 5283 et
544 5228 746 5297 ubique
797 5236 1067 5280 terrarum
1136 5229 1429 5282 honestum
1482 5231 1816 5299 bonumque,
1895 5229 2039 5283 haud
2084 5230 2243 5282 aliter
2298 5243 2460 5293 quam
2522 5226 2843 5279 decantatus
2876 5224 2966 5276 ille
3026 5222 3398 5289 Triptolemus
3441 5219 3493 5270 in

242 5337 450 5377 terram
482 5323 692 5375 semina
716 5322 971 5388 coniecit,
1003 5321 1183 5375 seris?
1230 5322 1366 5388 Quis
1400 5323 1568 5392 igitur
1593 5323 1909 5377 hominibus
1977 5321 2240 5391 improbis
2282 5330 2334 5375 te
2386 5328 2471 5374 est
2507 5318 2980 5379 formidalibilior,
3050 5325 3145 5367 aut
3171 5311 3496 5367 aerumnosis

245 5416 575 5485 placabilior
627 5424 791 5482 atque
847 5414 1218 5468 clementior?
1277 5416 1411 5482 Quis
1482 5416 1923 5487 supplicantibus
1961 5414 2272 5484 benignior.
2338 5423 2392 5466 et
2440 5412 2505 5465 ad
2554 5411 2981 5465 misericordiam
3014 5403 3367 5475 propensior?
3403 5404 3495 5468 qni

242 5509 438 5568 etiam,
476 5505 581 5557 nisi
608 5504 881 5573 quaepiam
917 5504 1100 5559 obstet
1128 5508 1448 5573 neceSsitas,
1472 5512 1816 5579 precantium
1858 5518 2045 5578 optata
2081 5507 2383 5577 praevenire
2414 5505 2611 5560 solitus
2642 5519 2722 5559 es.

326 5622 470 5675 Ἀλλ’
498 5622 559 5673 οὔ
597 5621 734 5689 πρὸς
765 5621 1002 5675 Οωπείαν
1033 5639 1124 5692 μοι
1151 5625 1322 5679 ταῦτα
1360 5631 1456 5683 καὶ
1485 5628 1622 5697 πρὸς
1655 5629 1795 5698 χάριε

1990 5628 2177 5695 Neque
2221 5642 2355 5680 vero
2398 5640 2428 5679 a
2477 5639 2563 5678 me
2590 5624 2690 5677 ista
2730 5622 2795 5676 ad
2829 5621 3080 5692 gratiam,
3114 5630 3210 5673 ant
3237 5635 3335 5688 per
3361 5618 3501 5674 ad’u-

245 5715 520 5784 εἰρημένα
573 5717 791 5775 παντως
820 5715 958 5766 ἐστι.
1014 5716 1135 5776 Πῶς
1184 5716 1314 5786 γὰρ,
1352 5712 1397 5785 ᾧ
1446 5719 1581 5787 μηδὲ
1610 5720 1795 5788 τάληοὶ

1924 5722 2182 5776 lationem
2228 5734 2454 5789 prorsus
2503 5718 2646 5771 dicta
2708 5726 2856 5770 sunt.
2915 5715 3200 5781 Quomodo
3239 5714 3386 5768 enim
3439 5711 3505 5767 id‘

250 5803 435 5874 λέγειν
466 5805 664 5869 ἔξεστι,
690 5806 1187 5877 κατατωνυζομένῳ
1215 5811 1337 5869 ταῖς
1364 5810 1691 5879 ὑπερϐολαῖς
1712 5813 1795 5863 τῶι

1926 5814 2143 5878 faciam,
2198 5827 2322 5868 cum
2373 5826 2551 5880 neque
2583 5825 2669 5865 res
2697 5810 2860 5880 ipsas,
2898 5817 2957 5861 ut
2988 5818 3135 5873 sunt,
3166 5822 3292 5861 vere
3314 5817 3487 5875 expo—
