4212 6430
171 397 270 461 581

1582 388 2010 449 DEDICATIO.

3329 373 3432 437 582

168 508 229 560 τὸ
283 507 512 575 ἀρχαῖον
557 504 930 573 ἑγκαθιστᾷς·
976 501 1301 564 ἀπελαύνεις
1351 498 1557 569 ταύτης
1604 502 1749 553 ἅπαν

1852 514 1972 567 qua:
2029 496 2247 566 pietatis
2286 509 2413 563 erga
2478 493 2647 547 Deum
2682 500 2790 545 tua:
2822 499 2973 554 sunt,
3003 488 3218 547 dixero,
3242 501 3434 554 quani-

170 587 326 651 νόθον
353 599 528 666 δόγμα
566 597 662 651 καὶ
693 597 953 667 βέϐηλονο
990 596 1351 666 ἐκκαθαίρεις
1391 594 1502 646 τῶν
1526 594 1744 647 θειοκα-

174 690 366 758 πήλων
411 690 475 742 τὸ
532 689 699 759 ἱερὸν,
737 689 800 740 ού
836 687 1120 755 τριπλόκῳ
1149 687 1210 755 δή
1254 703 1360 738 τινι
1407 684 1745 753 φραγγελίῳ,

170 782 289 834 ἀλλ’
311 781 574 850 ἀληθείας
604 782 770 849 λόγῳ,
798 780 978 832 εἶτουν
1008 779 1289 849 συμφυΐας
1317 777 1518 847 τριττῷ
1543 794 1557 809 ·
1609 775 1750 843 ὑπὲρ

170 874 270 942 τῆς
315 875 469 945 ἱερᾶς
498 875 592 927 καὶ
625 875 774 935 θείας
792 860 1078 941 ’τραπέζης
1112 872 1470 939 ζηλοτυπεῖς·
1521 868 1749 937 σφοδρόν

169 980 223 1015 τι
262 965 452 1027 πνέεις
482 965 621 1034 ὑπὲρ
649 964 742 1017 τοῦ
778 964 1094 1034 ῐινεύματος
1117 979 1135 996 ο
1171 965 1371 1031 ιμπνεῖ
1413 978 1495 1014 σοι
1526 962 1750 1013 κακεῖνο

170 1054 273 1122 τῆς
318 1053 583 1122 ἀκριὸούς
630 1053 912 1118 θεολογίας
953 1052 1054 1121 τὴν
1099 1050 1375 1119 δήλωσιν,
1406 1048 1550 1117 Ιάξίῳ
1607 1046 1750 1116 μάλα

172 1144 456 1211 γενομένῳ
484 1143 563 1213 τῷ
595 1143 775 1212 πολλῷ
805 1143 975 1211 ζήλῳ,
1028 1141 1270 1209 γνησίως
1299 1140 1371 1194 τά
1421 1156 1487 1207 γε
1523 1138 1751 1190 τοιαῦτα

169 1237 540 1304 ἐμπνεῖσθαι,
597 1236 874 1307 άσφαλίζη
918 1252 932 1266 ·
983 1234 1297 1305 νομοθετεῖς
1353 1233 1447 1285 ἐπὶ
1504 1232 1749 1291 τούτοιςο

172 1328 426 1396 θριγγοῖς
458 1326 716 1397 μεγάλοις
750 1328 814 1381 τὸ
838 1328 939 1395 τῆς
966 1325 1253 1389 εὐσεϐείας
1288 1325 1480 1395 χρῆμα
1519 1339 1751 1391 κατοχυ-

173 1422 290 1488 ροῖς
312 1435 327 1449 ’
356 1420 417 1471 τὸ
450 1419 755 1491 διερρωγὸς
788 1420 1085 1486 ἐπανάγεις
1110 1435 1124 1449 ·
1150 1420 1217 1488 τῇ
1264 1415 1553 1486 δλομελείᾳ
1588 1416 1753 1469 συνά-

173 1529 352 1574 πτεις.
378 1513 580 1565 Οὐκέτι
632 1510 765 1582 παρ’
807 1512 940 1581 ἡμῖν
967 1509 1063 1563 τοῦ
1104 1506 1297 1562 λοιποῦ
1348 1509 1415 1561 τά
1461 1509 1626 1562 καινὰ
1684 1507 1750 1577 δὴ

168 1605 349 1658 ταῦτα
382 1605 493 1657 τῶν
526 1605 831 1672 ὀνομάτων,
882 1604 1095 1665 Παῦλος
1150 1604 1247 1656 καὶ
1304 1603 1507 1669 Κηφᾶς
1560 1617 1619 1652 τε
1655 1601 1753 1653 καὶ

186 1696 462 1759 ’Δττολλὼς
484 1714 499 1726 ·
525 1694 644 1750 ἀλλ’
670 1689 750 1757 εἷς
778 1686 1097 1763 ἁπανταχοῦ
1129 1693 1224 1745 καὶ
1250 1694 1309 1743 ὲν
1332 1694 1467 1743 πᾶσι
1494 1690 1747 1757 Χριστός.

188 1788 321 1843 Ἐπὶ
358 1788 423 1856 δὴ
483 1787 693 1848 τούτοις
725 1786 1033 1854 ὑπόχαλκον
1084 1781 1195 1839 οἷον
1248 1783 1490 1852 ἡχοῦσαν
1518 1784 1619 1853 τὴν
1654 1784 1752 1852 τῆς

173 1881 481 1950 ἱερωσύνης
514 1884 717 1950 χρῖσιν,
749 1878 1039 1949 ἀκίδδηλον
1066 1878 1159 1929 καὶ
1188 1878 1411 1945 χρυσίου
1442 1876 1755 1945 λαμπροτέ-
1787 1866 1828 1922 Β

175 1994 279 2043 ραν
303 1974 382 2044 τῷ
413 1975 665 2044 διαπύρῳ
681 1972 830 2042 ζήλῳ
848 1973 1160 2040 ἐμφαίνεις,
1191 1971 1340 2038 νόμῳ
1364 1970 1427 2039 δὴ
1454 1970 1550 2021 καὶ
1571 1968 1754 2039 γράμ-

175 2084 316 2135 μασι
348 2065 411 2118 τὸ
444 2065 541 2118 τοῦ
575 2065 784 2134 τρόπου
832 2064 1206 2132 ἀφιλάργυρον
1257 2061 1754 2115 ἐκδιδάσκωννΚαὶ

174 2158 272 2209 νῦν
302 2157 449 2225 ἱερόν
481 2174 533 2209 τι
562 2156 639 2224 τῷ
669 2158 789 2209 ὄντι
838 2156 900 2208 τὸ
935 2156 1210 2225 ἱερᾶσθαι,
1235 2153 1314 2222 τῷ
1345 2153 1539 2219 πρώην
1575 2152 1754 2223 χρόνῳ

170 2251 295 2310 ταῖς
324 2248 676 2317 καταμικρὸν
696 2246 1025 2319 παραλόγοις
1053 2244 1409 2315 κιϐδηλευεὲν
1436 2245 1752 2315 ἐκτροπαῖς.

174 2341 475 2411 Σεμνύνεις
510 2341 570 2394 τὸ
603 2342 788 2412 σχῆμα
841 2344 942 2411 τῆς
979 2340 1333 2409 Ἐκκλησίας,
1369 2341 1455 2393 άεί
1501 2357 1554 2393 τι
1593 2339 1756 2392 πλέον

175 2435 437 2498 ἐπινοῶν,
468 2436 561 2486 καὶ
582 2433 867 2487 λεπτύνων
898 2434 1099 2502 ἄριστα
1141 2432 1241 2503 τὴν
1278 2433 1412 2502 πρὸς
1439 2434 1498 2486 τὺ
1526 2433 1759 2503 ἀρχέτυ-

179 2545 287 2580 πον
314 2528 680 2596 ἀφομοίωσιν.
705 2527 1068 2596 Φαιδροτέρας
1094 2525 1366 2596 ὲξεργάξῃ
1388 2526 1487 2588 τὰς
1517 2524 1761 2595 πανηγύ-

181 2638 324 2691 ρεις,
362 2620 424 2672 οὗ
472 2620 634 2689 μόνον
675 2618 1001 2689 πολυτελείᾳ
1038 2617 1233 2686 φώτων
1281 2616 1466 2686 κύκλῳ
1514 2617 1605 2672 διὰ
1648 2618 1758 2670 τῶν

175 2715 431 2768 ἁλύσεων
487 2712 833 2780 ἀνερπόντων
894 2713 990 2763 καὶ
1045 2710 1391 2780 διᾳττόντων,
1446 2710 1648 2780 νοερῶν
1699 2727 1758 2762 τε

178 2808 492 2875 ταγμάτων
541 2804 919 2869 είκονιξόντων
968 2805 1066 2857 καὶ
1104 2804 1339 2873 ἀριθμῆν
1370 2805 1464 2857 κα)⁵
1509 2803 1760 2877 λαμπρό-

180 2916 353 2968 τητα.
402 2900 497 2950 xui.
534 2898 737 2951 ὡσανεὶ
776 2896 1115 2966 κατάστερον
1151 2897 1209 2948 ἐν
1254 2899 1558 2967 ἀπορρήτῳ
1607 2899 1755 2950 νυκτῖ

179 2997 248 3043 το
282 2992 427 3058 μέγα
461 2990 619 3043 τοῦτο
648 2994 743 3044 καὶ
773 2990 1019 3059 αἰθέριον
1055 2992 1206 3059 χύμα
1246 2992 1341 3043 τοῦ
1375 2990 1651 3061 δευτέρου,
1686 2992 1761 3053 ὡς

185 3086 393 3143 εἰπεῖν,
426 3087 520 3135 καὶ
554 3082 745 3151 νοητοῦ
775 3081 1156 3152 περεὼματος
1200 3082 1655 3152 προδεικνύντων,
1686 3077 1761 3138 ὧν

1851 592 2090 659 primum
2147 588 2452 641 orationem
2518 588 2571 639 in
2620 597 2889 638 summam
2943 580 3215 649 redigere.
3244 578 3432 645 Itaque

1852 684 1929 751 (l)
1990 682 2290 736 Ecclesiam
2347 678 2671 732 catholicam
2741 686 2797 731 et
2844 672 3206 728 universalcm
3265 675 3433 724 rebus

1852 776 2007 828 novis
2043 775 2315 827 turbatam
2350 772 2404 825 in
2443 782 2678 824 veterem
2726 777 2928 823 statum
2964 765 3276 827 restituisti,
3300 764 3435 817 doc-

1854 871 2051 920 trinam
2110 866 2450 933 illegititnam
2496 872 2660 930 atque
2709 863 2976 929 impuram
3022 873 3238 912 omnem
3268 856 3336 910 ab
3366 873 3430 909 ea

1853 959 2101 1027 rcpulisti
2140 972 2152 1007 ε
2202 957 2462 1026 templum
2509 970 2537 1007 a
2571 955 2769 1007 divina:
2800 953 3062 1008 doctrinae
3090 950 3431 1015 cauponibus

1851 1061 1907 1105 et
1938 1050 2393 1117 depravatoribus
2424 1047 2716 1111 haereticis,
2764 1061 2872 1099 non
2912 1044 3131 1115 quidem
3160 1043 3434 1110 triplicato

1852 1144 2085 1213 ﬂagello,
2118 1143 2213 1197 sed
2245 1142 2490 1196 veritatis
2537 1139 2726 1200 verbo,
2768 1138 2882 1191 sive
2905 1149 3148 1206 cognatm
3174 1134 3438 1189 divinita-

1854 1239 1924 1291 tis
1976 1236 2294 1304 triplicitate
2348 1233 2680 1303 repurgasti,
2717 1232 2804 1301 pia
2826 1230 3179 1285 aemulatione
3213 1244 3310 1297 pro
3342 1227 3429 1281 di-

1851 1328 1979 1382 vina
2010 1342 2195 1381 mensa
2245 1325 2506 1394 ﬂagrasti,
2545 1322 2924 1378 vehementius
2958 1336 3056 1390 pro
3086 1320 3293 1389 Spiritu
3322 1319 3429 1387 spi-

1854 1421 1987 1475 rasti
2021 1438 2033 1473 :
2064 1434 2235 1488 quare
2264 1419 2355 1472 ille
2385 1432 2607 1485 quaque
2638 1414 2737 1468 tibi
2763 1424 3074 1468 accuratam
3110 1422 3429 1481 certamque

1853 1513 2157 1568 divinitatis
2208 1510 2578 1579 cognitionem
2631 1507 2950 1577 inspiravit;
2996 1504 3431 1560 doctrinamsla.

1856 1606 2104 1666 bilivisti.
2169 1604 2595 1659 constitutiones
2659 1602 2729 1656 de
2770 1616 2834 1655 ea
2888 1599 3084 1663 tulisti,
3115 1596 3431 1667 ingentibus

1854 1701 2026 1766 septis
2064 1713 2246 1751 veram
2274 1697 2533 1767 pietatem
2571 1694 2809 1756 vallasti,
2855 1693 3003 1762 quod
3036 1692 3279 1745 dirutum
3312 1690 3431 1744 lue-

1856 1800 1941 1843 rat
1968 1790 2280 1854 restituisti,
2311 1797 2477 1858 atque
2502 1788 2556 1841 id
2595 1793 2723 1855 apta
2768 1784 3141 1839 membrorum
3167 1785 3434 1852 partium-

1857 1897 1962 1951 que
1992 1882 2238 1936 onmium
2294 1880 2768 1950 coagmentatione
2803 1876 3214 1948 redintegrasti.
3244 1876 3433 1945 Neque

1857 1974 2119 2042 deinceps
2175 1971 2319 2043 apud
2373 1987 2473 2025 nos
2519 1988 2659 2026 nova
2710 1971 2799 2025 illa
2858 1971 3081 2025 nomina
3108 1968 3430 2031 audiuntur,

1860 2064 2063 2119 Paulus
2083 2073 2137 2119 et
2157 2064 2375 2133 Cephas
2399 2074 2453 2117 ct
2476 2064 2723 2133 Apollos,
2751 2061 2847 2118 sed
2868 2078 3011 2116 unus
3038 2071 3123 2116 est
3146 2062 3349 2129 ubique
3379 2071 3437 2114 et

1859 2157 1913 2210 in
1936 2157 2193 2211 omnibus
2230 2156 2505 2212 Christus.
2549 2156 2752 2210 Adbzc
2775 2155 3089 2210 unctionem
3115 2154 3419 2209 sacerdota-

1857 2249 1964 2303 lem
2018 2248 2389 2304 adulterinum
2431 2249 2691 2319 quiildam
2730 2290 2731 2293 η
2764 2259 3130 2309 resonantem.
3183 2247 3434 2317 ﬂagranti

1858 2342 2055 2395 ardore
2093 2341 2452 2395 sinceriorem
2518 2340 2619 2411 15
2646 2349 2701 2394 et
2754 2342 3031 2410 puriorem
3084 2354 3221 2393 auro
3250 2338 3439 2394 reddi-

1860 2434 1985 2488 disti
2012 2473 2027 2497 ,
2063 2443 2227 2503 atque
2261 2434 2379 2503 lege
2424 2442 2481 2488 et
2543 2432 2741 2487 litteris
2770 2432 3085 2502 propositis,
3142 2434 3436 2486 continen—

1862 2525 1992 2579 tiam
2039 2540 2256 2579 morum
2303 2533 2359 2579 et
2425 2525 2673 2594 pecunia:
2734 2532 3113 2593 contemptum
3174 2524 3432 2578 docuisti.

1861 2619 2207 2686 QuaprOpter
2260 2633 2406 2672 nunc
2450 2618 2768 2687 reipublicae
2817 2634 3036 2673 sacrum
3073 2627 3156 2673 est
3181 2620 3437 2674 sacerdo-

1863 2711 1968 2765 tale
2010 2712 2407 2777 ministerium,
2457 2711 2603 2781 quod
2658 2713 3039 2782 superioribus
3098 2713 3439 2783 temporibus

1862 2808 2125 2877 paulatim
2157 2808 2461 2877 disciplina:
2493 2820 2549 2865 et
2600 2826 2817 2866 morum
2854 2812 3170 2883 corruptela
3232 2812 3439 2865 adulto-

1865 2910 2045 2954 ratqu
2074 2900 2544 2970 depravatumque
2578 2901 2778 2957 fuerat.
2833 2904 3091 2979 Ecclesia:
3122 2907 3349 2959 formam
3384 2916 3440 2959 et

1862 2987 2142 3053 habitum,
2175 3005 2394 3059 semper
2425 2991 2663 3060 amplius
2694 2992 2959 3061 quiddam
3010 2993 3350 3062 excogitans,
3384 3003 3438 3045 ιι

1865 3082 2154 3151 imaginem
2174 3082 2542 3152 pulcherrime
2558 3083 2623 3138 ad
2645 3085 3436 3155 primariumexemplarexpu-

184 3178 349 3239 αὖτις
390 3177 449 3227 ὲν
485 3176 633 3245 μέσῳ
663 3171 754 3228 οἷά
793 3192 899 3239 τις,
929 3176 990 3228 τὸ
1016 3172 1163 3239 ξένον
1195 3178 1275 3238 είς
1316 3176 1507 3245 ἀκοὴν,
1557 3180 1760 3230 πανσέ-

1866 3176 2025 3239 liens,
2043 3177 2271 3231 ornasti.
2290 3175 2604 3231 Conventus
2621 3178 3023 3234 ecclesiasticos
3036 3180 3441 3249 splendidiores

186 3268 349 3337 ληνος
409 3268 561 3337 ἥλιος
619 3271 964 3338 φρυκτωρεῖς
988 3285 1002 3299 ·
1034 3268 1171 3321 ἀλλὰ
1205 3271 1294 3320 καὶ
1329 3273 1440 3331 τοῖς
1462 3270 1641 3330 ἄλλοις
1681 3265 1762 3334 οἷς

185 3361 246 3409 ττι
276 3359 431 3413 Θείον
457 3358 853 3427 ἐπιγάννυσθαι
876 3360 1056 3424 εἴωθε,
1090 3360 1301 3412 σκευῶν
1330 3360 1390 3431 δή
1424 3378 1584 3415 τινων
1607 3361 1764 3431 ξένην

188 3454 284 3504 καὶ
311 3452 435 3518 εςνιν
471 3453 565 3503 καὶ
600 3455 786 3521 σχῆμα
818 3454 1254 3521 προϊσχομένων,
1291 3453 1491 3523 φρίκης
1524 3456 1762 3522 ἀτεχνῶς

188 3544 494 3613 γέμουσαν.
539 3546 663 3609 Πῶς
694 3544 738 3598 δ’
766 3546 831 3599 άν
872 3562 955 3607 τις
988 3545 1269 3614 φράσειεν,
1307 3545 1459 3609 ὅσαις
1494 3547 1589 3615 τὴν
1644 3547 1764 3598 καθ’

186 3638 341 3705 ἡμᾶς
374 3637 663 3706 ίεραρχίαν
699 3635 941 3702 ὲξάλλοις
973 3638 1069 3689 καὶ
1100 3636 1374 3701 ποικίλαις
1420 3640 1637 3700 στολαῖς
1668 3656 1767 3691 κα-

188 3728 520 3799 τηγλάῐσας,
551 3728 720 3797 μηδὲν
750 3729 861 3782 τῶν
915 3730 995 3789 εἰς
1029 3728 1378 3781 πολυτέλειαν
1413 3730 1549 3800 αὐτῇ
1584 3747 1762 3798 παρα-

195 3820 487 3885 λελοιπὼς,
526 3820 715 3891 χρυσῷ
746 3821 794 3873 τ’
829 3820 1106 3892 ἀκιδδήλῳ
1151 3820 1439 3892 τιμαλφῶν
1489 3840 1547 3875 τε
1603 3822 1766 3875 λίθων

196 3915 296 3965 καὶ
328 3911 633 3983 μαργάρων
672 3912 786 3965 τισὶ
822 3913 1126 3979 διαυγείαις
1170 3915 1263 3966 καὶ
1301 3913 1670 3983 καθαρότησις
1699 3914 1766 3967 δι’

194 4001 268 4061 ῶν
324 4006 584 4059 ἁπάντων
626 4006 654 4057 ὁ
698 4006 792 4067 σὸς
836 4006 969 4075 περὶ
1013 4004 1115 4076 τὴν
1160 4006 1398 4075 Χριστοῦ
1438 4005 1766 4077 Ἐκκλησίαν

193 4102 477 4169 ἄφραστος
507 4099 599 4151 καὶ
624 4097 760 4162 ζέων
789 4098 1160 4168 διαφερόντως
1195 4100 1338 4168 μάλα
1362 4100 1637 4152 δείκνυται
1685 4100 1771 4151 πό-

193 4194 307 4254 θος.
339 4190 408 4245 Τί
448 4188 578 4254 οὖνς
618 4189 735 4243 ἀλλ’
768 4189 911 4243 οὕτω
941 4191 1042 4259 μὲν
1070 4190 1201 4259 περὶ
1234 4191 1333 4259 τὴν
1358 4190 1518 4244 άῦλον
1545 4194 1637 4245 καί
1663 4208 1769 4245 νοε-

200 4286 303 4355 ρᾶν
356 4282 701 4351 Ἐκκλησίαν,
747 4282 849 4351 τὴν
900 4280 1181 4333 εὐσέϐειαν
1233 4279 1397 4349 λέγω,
1437 4281 1766 4355 διαγωνίζη·

193 4380 261 4446 τῇ
316 4376 373 4429 δὲ
418 4375 475 4440 ἔξ
516 4374 647 4442 ὕλης
694 4372 867 4444 ταύτῃ
924 4373 988 4442 δὴ
1022 4374 1375 4445 συγκειμένῃ,
1408 4376 1468 4425 οὐ
1524 4376 1616 4426 τὸν
1658 4376 1769 4427 ῐσον

194 4472 324 4539 γίνῃ
364 4469 609 4537 τρόπον;
652 4466 852 4517 Πολλοῦ
885 4481 948 4533 γε
987 4467 1083 4518 καὶ
1115 4465 1212 4519 δεῖ.
1264 4466 1349 4527 Ὠς
1383 4468 1487 4536 γὰρ
1530 4469 1767 4538 ἐκείνην,

1870 3268 2122 3333 elfecisti,
2153 3285 2259 3321 non
2283 3269 2460 3323 solum
2492 3270 2703 3339 ingenti
2733 3271 3083 3327 lucernarum
3110 3275 3289 3343 copia,
3317 3290 3439 3342 qua-

1869 3360 1922 3413 in
1956 3359 2146 3413 orbem
2176 3376 2273 3427 per
2294 3371 2516 3417 catenas
2564 3374 2800 3433 serpunt
2832 3375 2888 3418 et
2920 3367 3184 3431 emicant,
3225 3369 3439 3423 intelle-

1868 3450 2250 3521 ctualiumque
2279 3454 2539 3508 ordinum
2589 3466 2645 3510 et
2678 3472 2967 3511 numerum
3000 3468 3055 3513 et
3085 3460 3435 3529 splendorem

1869 3548 2134 3610 referunt,
2168 3559 2224 3602 et
2255 3551 2399 3605 velui
2428 3552 2745 3606 astriferum
2773 3554 2829 3607 in
2866 3556 3036 3609 multa
3066 3566 3228 3612 nocte
3271 3570 3437 3629 atque

1867 3639 2146 3694 caelestem
2181 3651 2412 3697 tractum
2447 3646 2701 3714 secundi,
2734 3657 2791 3701 ut
2816 3648 2889 3700 ita
2917 3648 3123 3712 dicam,
3154 3660 3318 3719 atque
3356 3653 3439 3705 iu-

1870 3730 2169 3799 telligibilis
2196 3731 2526 3788 ﬁrmamenti
2574 3736 2839 3791 exhibent
2881 3755 2896 3792 :
2944 3738 2997 3792 in
3034 3754 3270 3809 quorum
3328 3759 3440 3796 nte--

1869 3822 1963 3879 dio
1990 3824 2105 3893 ipse
2137 3826 2361 3894 perinde
2398 3838 2583 3897 atque,
2611 3829 2757 3898 quod
2790 3831 2983 3883 auditu
3024 3847 3225 3885 novum
3275 3843 3436 3901 atqu:-

1872 3912 2072 3966 mirum
2103 3924 2207 3979 est,
2236 3914 2576 3983 plenilunius
2620 3919 2701 3972 sol
2735 3920 2949 3975 reluces
2986 3939 3000 3975 :
3039 3937 3233 3976 verum
3269 3925 3435 3977 etiam

1868 4004 2035 4059 rebus
2061 4007 2201 4069 aliis,
2237 4008 2436 4076 quibus
2467 4026 2671 4064 nutnen
2706 4012 2956 4067 divinum
2981 4013 3155 4069 lauari
3186 4015 3349 4080 solet,
3386 4030 3439 4068 ιι

1870 4098 2013 4151 vasis
2040 4098 2367 4168 quibusdam
2427 4117 2623 4157 novam
2668 4104 2909 4174 speciem
2977 4118 3144 4176 atque
3206 4107 3438 4169 fortnam

1872 4190 2098 4245 horrore
2135 4208 2361 4261 prorsus
2421 4197 2639 4265 plenam
2698 4214 2807 4268 pra:
2840 4214 2897 4253 se
2941 4199 3274 4256 ferentibus.
3308 4204 3439 4268 Quis

1872 4296 2034 4349 porro
2067 4285 2381 4353 eloquatur,
2432 4304 2594 4356 quam
2630 4292 3017 4357 priestantibus
3070 4304 3123 4347 et
3154 4294 3318 4348 variis
3350 4312 3439 4348 sa-

1871 4375 1979 4428 cris
2009 4376 2252 4429 vestibus
2280 4393 2416 4445 puro
2463 4394 2621 4442 auro,
2672 4383 3041 4451 pretiosisque
3088 4394 3144 4436 et
3200 4386 3442 4453 resplen-

1874 4466 2135 4521 dentibus
2160 4468 2362 4537 lapillis
2393 4481 2447 4523 et
2494 4473 2804 4542 margaritis
2830 4479 3063 4536 ornatis,
3113 4476 3248 4530 nihil
3284 4480 3441 4546 plane

196 4558 285 4613 οἵα
316 4560 418 4630 τὴν
448 4558 681 4625 δυνατὴν
715 4558 890 4627 ῥοπὴν
917 4559 1219 4622 ἀνατιθεὶς,
1261 4560 1488 4627 ῥέουσαν
1516 4561 1616 4630 ἤδη
1674 4563 1760 4616 καὶ

1873 4559 1938 4611 ad
1971 4560 2428 4628 magnilicentiam
2459 4564 2650 4633 reliqui
2683 4566 2909 4628 faciens,
2945 4569 3314 4627 bierarchiam
3345 4591 3440 4626 Seu

200 4653 686 4715 κατα-πίπτουσαν,
714 4650 778 4702 ού
801 4648 970 4711 λίθοις
1008 4650 1119 4703 τισὶ
1142 4652 1235 4703 καὶ
1268 4650 1507 4715 πλίνθοις
1538 4654 1769 4722 ⁴ἐκράτυ-

200 4760 331 4805 νας·
361 4742 499 4795 ἀλλὰ
537 4744 653 4803 τοῖς
698 4744 1092 4810 πνευματικοῖς
1146 4744 1464 4812 άντερείσας
1512 4746 1724 4809 στύλοις
1751 4763 1765 4775 ·

194 4837 307 4896 τοῖς
341 4833 453 4886 τῶν
483 4833 749 4903 Πατέρων
777 4834 927 4902 ὅροις
958 4838 1055 4886 καὶ
1080 4833 1348 4903 δόγμασιν
1380 4835 1646 4906 ὤρθωσαν
1678 4838 1766 4891 οὓς

195 4946 273 4979 τω
299 4928 398 4979 καὶ
429 4926 655 4994 ταύτην.
683 4925 755 4976 Τὸ
777 4926 1135 4995 ἁπερινόητον
1165 4927 1258 4977 καὶ
1281 4928 1563 4996 ἀμήχανον
1584 4928 1764 4998 ἔργον,

193 5018 253 5072 τὸ
282 5018 528 5088 ἄρρητον
562 5016 775 5079 κάλλος,
802 5017 902 5087 τὴν
928 5018 1115 5070 είκόνα
1144 5020 1243 5087 τῆς
1272 5020 1446 5071 ἀϊδίου
1485 5021 1675 5089 αύλῆς,
1711 5022 1770 5074 τὸ

193 5110 379 5163 κοινὸν
432 5108 760 5179 ἀνθρώπων,
796 5111 935 5162 εἴπω
965 5109 1011 5162 δ’
1036 5109 1119 5163 ὅτι
1176 5112 1268 5163 καὶ
1294 5112 1541 5177 ἀγγέλων
1577 5113 1759 5184 ἐντρύο

195 5219 361 5272 φημα
402 5207 499 5257 καὶ
524 5201 805 5271 ὠράῖσμα,
844 5202 903 5255 τὸ
936 5203 1035 5271 τῆς
1081 5202 1173 5256 τοῦ
1200 5204 1334 5257 Θεοῦ
1364 5206 1540 5272 Λόγου
1571 5206 1768 5273 Σοφίας

196 5298 344 5347 θεῖον
375 5295 570 5356 ὅντως.
606 5294 773 5362 λέγω,
795 5295 1098 5365 ἀνάκτορον
1120 5311 1134 5324 ·
1167 5298 1263 5348 καὶ
1306 5297 1515 5366 ταύτην
1538 5296 1613 5367 τῷ
1644 5298 1776 5368 θρά-

200 5404 281 5439 σει
314 5384 411 5439 τοῦ
458 5388 653 5455 χρόνον
683 5389 1025 5455 κάμνουσαν,
1082 5389 1178 5439 καὶ
1222 5390 1344 5449 ταῖς
1375 5388 1485 5440 τῶν
1516 5390 1792 5459 ὑπερκει-⁴

202 5480 375 5546 μένων
398 5479 501 5529 ύπε
513 5478 731 5544 ρύολαῐς
755 5480 810 5541 ἐς
834 5480 960 5545 γόνυ
982 5480 1267 5533 κλίνουσαν
1289 5482 1382 5533 καὶ
1403 5480 1737 5544 ὀκλάζουσαν
1757 5498 1771 5514 ·

194 5570 527 5634 εντιστὴσας
559 5567 735 5640 ταύτῃ
766 5568 863 5637 τὴν
888 5571 1101 5639 χρυσῆν
1129 5570 1332 5637 δεξιὰν,
1372 5573 1429 5624 ὲν
1458 5573 1534 5642 τῷ
1570 5572 1771 5643 βεὸαίῳ

264 5746 341 5811 (l;
365 5748 503 5801 Laus
538 5749 758 5817 pictatis
794 5749 1148 5811 institutar,1-t
1171 5750 1433 5805 doctrinm
1455 5753 1780 5809 Christiana:

196 5827 258 5869 ab
288 5822 317 5870 h
341 5820 561 5874 eietiris
585 5821 937 5888 opinionibus
964 5831 1285 5890 repurgatte.
1320 5822 1449 5877 ’λειω
1486 5824 1756 5879 Androni-

1872 4652 2248 4719 episcopatum
2278 4664 2525 4708 nostrum
2555 4656 2953 4713 illustraveris?
2984 4661 3088 4717 Per
3112 4680 3233 4733 qua:
3256 4670 3439 4718 omnia

1876 4744 2241 4810 incredibilis,
2276 4747 2689 4818 plurimumque
2725 4753 2961 4820 llagrans
3006 4766 3130 4809 tuus
3168 4758 3220 4808 in
3254 4758 3439 4811 Eccle—

1875 4836 2011 4889 siam
2051 4836 2257 4890 Christi
2288 4856 2443 4892 amor
2501 4850 2556 4894 et
2613 4842 2952 4897 desiderium
2988 4862 3316 4917 magnopere
3348 4851 3441 4903 dc-

1875 4930 2136 4985 claratur.
2171 4930 2312 4996 Quid
2345 4933 2508 5001 igitur
2535 4936 2656 4988 est?
2718 4936 2864 4990 Talis
2911 4949 2965 4991 tu
3001 4942 3223 5008 quidem
3262 4943 3315 4996 in
3351 4961 3442 4995 or-

1876 5022 2054 5074 nanda
2082 5034 2248 5091 atque
2307 5025 2648 5080 delendenda
2683 5043 2746 5080 ea
2793 5046 2914 5097 qua:
2966 5036 3209 5087 materia:
3244 5052 3443 5103 expers

1876 5122 1931 5166 ct
1962 5114 2351 5171 intellectualis
2380 5128 2462 5172 est
2494 5117 2758 5185 Ecclesia,
2796 5136 2977 5175 veram
3003 5126 3259 5193 ρίιι.ιιοω
3295 5128 3441 5191 dico,

1875 5221 2104 5274 appares
2142 5228 2155 5261 :
2197 5226 2325 5279 erga
2354 5226 2473 5264 eam
2510 5228 2638 5266 vero
2669 5229 2789 5281 qua:
2816 5231 2882 5268 ex
2917 5218 3144 5270 materia
3178 5218 3279 5271 ista
3316 5238 3445 5273 con-

1874 5307 2082 5349 structa
2107 5306 2211 5361 est,
2245 5316 2353 5352 non
2380 5302 2574 5355 eodem
2607 5320 2668 5356 es
2697 5306 2926 5358 allectus
2968 5307 3176 5360 modo?
3231 5308 3283 5361 Id
3314 5326 3444 5364 vero

1874 5385 2031 5455 longe
2064 5387 2237 5442 abest.
2276 5392 2749 5456 Quemadmodum
2782 5398 2926 5450 enim
2964 5398 3113 5451 illam
3135 5400 3246 5466 jam
3274 5403 3439 5455 colla-

1871 5478 2088 5534 bentem
2127 5494 2181 5535 et
2209 5500 2427 5552 pessum
2455 5498 2701 5554 euntem,
2722 5500 2987 5558 quantum
3018 5494 3244 5559 potuisti
3275 5512 3439 5564 opum

1869 5573 2178 5643 conferens,
2216 5594 2325 5632 non
2378 5579 2653 5649 lapidibus
2702 5598 2755 5637 et
2803 5583 3088 5649 lateribus,
3128 5586 3223 5639 sed
3277 5590 3440 5656 spiri-

1889 5773 2002 5881 cui
2035 5758 2205 5826 patris
2255 5760 2337 5815 sui
2399 5760 2678 5819 Michaels
2743 5764 2811 5821 de
2870 5766 3131 5837 religione
3181 5779 3298 5825 aeta
3357 5786 3445 5826 re-

1889 5844 1944 5879 μοι
1993 5840 2050 5881 ιι.

1870 5840 2050 5881 δεισιι.
