  <div class='ocr_page' id='page_1' title='image "/cluster/home/n/w/nwhite01/storage/ocr_20150623/145/nnc1.0046980679/322.png"; bbox 0 0 4212 6430; ppageno 0'>
   <div class='ocr_carea' id='block_1_1' title="bbox 263 378 372 443">
    <p class='ocr_par' dir='ltr' id='par_1_1' title="bbox 263 378 372 443">
     <span class='ocr_line' id='line_1_1' title="bbox 263 378 372 443; baseline 0.018 -2"><span class='ocrx_word' id='word_1_1' title='bbox 263 378 372 443; x_wconf 74' lang='lat'><strong>593</strong></span> 
     </span>
    </p>
   </div>
   <div class='ocr_carea' id='block_1_2' title="bbox 1669 384 2091 445">
    <p class='ocr_par' dir='ltr' id='par_1_2' title="bbox 1669 384 2091 445">
     <span class='ocr_line' id='line_1_2' title="bbox 1669 384 2091 445; baseline 0.002 -1"><span class='ocrx_word' id='word_1_2' title='bbox 1669 384 2091 445; x_wconf 75' lang='lat' dir='ltr'><strong>DEDiC.\&#39;i&#39;lO.</strong></span> 
     </span>
    </p>
   </div>
   <div class='ocr_carea' id='block_1_3' title="bbox 3414 377 3516 438">
    <p class='ocr_par' dir='ltr' id='par_1_3' title="bbox 3414 377 3516 438">
     <span class='ocr_line' id='line_1_3' title="bbox 3414 377 3516 438; baseline 0.02 -2"><span class='ocrx_word' id='word_1_3' title='bbox 3414 377 3516 438; x_wconf 57' lang='lat'><strong>59$</strong></span> 
     </span>
    </p>
   </div>
   <div class='ocr_carea' id='block_1_4' title="bbox 265 489 1854 565">
    <p class='ocr_par' dir='ltr' id='par_1_4' title="bbox 265 490 1844 565">
     <span class='ocr_line' id='line_1_4' title="bbox 265 490 1844 565; baseline 0.003 -22"><span class='ocrx_word' id='word_1_4' title='bbox 265 494 502 554; x_wconf 71' lang='grc' dir='ltr'>ὑστάτας</span> <span class='ocrx_word' id='word_1_5' title='bbox 530 491 793 562; x_wconf 76' lang='grc' dir='ltr'>διαθήκας</span> <span class='ocrx_word' id='word_1_6' title='bbox 831 490 1269 562; x_wconf 73' lang='grc' dir='ltr'>ὲπισφραγίζεις.</span> <span class='ocrx_word' id='word_1_7' title='bbox 1302 492 1366 546; x_wconf 77' lang='grc' dir='ltr'><strong>ΤΞ</strong></span> <span class='ocrx_word' id='word_1_8' title='bbox 1405 493 1461 546; x_wconf 71' lang='grc' dir='ltr'>δὲ</span> <span class='ocrx_word' id='word_1_9' title='bbox 1507 494 1595 565; x_wconf 71' lang='grc' dir='ltr'><strong>ἄρ’</strong></span> <span class='ocrx_word' id='word_1_10' title='bbox 1622 497 1679 546; x_wconf 79' lang='grc' dir='ltr'>ὲν</span> <span class='ocrx_word' id='word_1_11' title='bbox 1725 496 1844 547; x_wconf 76' lang='grc' dir='ltr'>τού-</span> 
     </span>
    </p>
   </div>
   <div class='ocr_carea' id='block_1_5' title="bbox 1962 489 3512 565">
    <p class='ocr_par' dir='ltr' id='par_1_5' title="bbox 1962 489 3512 562">
     <span class='ocr_line' id='line_1_5' title="bbox 1962 489 3512 562; baseline -0.003 -15"><span class='ocrx_word' id='word_1_12' title='bbox 1962 493 2030 548; x_wconf 78' lang='lat' dir='ltr'><strong>;ia</strong></span> <span class='ocrx_word' id='word_1_13' title='bbox 2055 495 2238 549; x_wconf 81' lang='lat' dir='ltr'><strong>dicere</strong></span> <span class='ocrx_word' id='word_1_14' title='bbox 2272 493 2470 552; x_wconf 84' lang='lat' dir='ltr'><strong>ausim.</strong></span> <span class='ocrx_word' id='word_1_15' title='bbox 2497 493 2642 562; x_wconf 86' lang='lat' dir='ltr'><strong>quod</strong></span> <span class='ocrx_word' id='word_1_16' title='bbox 2672 493 2748 546; x_wconf 84' lang='lat' dir='ltr'><strong>illi</strong></span> <span class='ocrx_word' id='word_1_17' title='bbox 2785 500 2943 545; x_wconf 89' lang='lat' dir='ltr'><strong>antea</strong></span> <span class='ocrx_word' id='word_1_18' title='bbox 2977 489 3042 544; x_wconf 89' lang='lat' dir='ltr'><strong>de</strong></span> <span class='ocrx_word' id='word_1_19' title='bbox 3069 489 3207 543; x_wconf 85' lang='lat' dir='ltr'><strong>Filio</strong></span> <span class='ocrx_word' id='word_1_20' title='bbox 3243 504 3336 558; x_wconf 89' lang='lat' dir='ltr'><strong>per</strong></span> <span class='ocrx_word' id='word_1_21' title='bbox 3387 506 3512 559; x_wconf 83' lang='lat' dir='ltr'><strong>gra-</strong></span> 
     </span>
    </p>
   </div>
   <div class='ocr_carea' id='block_1_6' title="bbox 260 582 1840 657">
    <p class='ocr_par' dir='ltr' id='par_1_6' title="bbox 260 582 1840 657">
     <span class='ocr_line' id='line_1_6' title="bbox 260 582 1840 657; baseline 0.004 -24"><span class='ocrx_word' id='word_1_22' title='bbox 260 597 376 642; x_wconf 86' lang='grc' dir='ltr'>τοις</span> <span class='ocrx_word' id='word_1_23' title='bbox 428 583 528 648; x_wconf 77' lang='grc' dir='ltr'>μὶν</span> <span class='ocrx_word' id='word_1_24' title='bbox 555 583 689 653; x_wconf 65' lang='grc' dir='ltr'>πρὸς</span> <span class='ocrx_word' id='word_1_25' title='bbox 724 584 785 635; x_wconf 80' lang='grc' dir='ltr'>τὸ</span> <span class='ocrx_word' id='word_1_26' title='bbox 812 582 925 636; x_wconf 87' lang='grc' dir='ltr'>ίσον</span> <span class='ocrx_word' id='word_1_27' title='bbox 957 584 1149 652; x_wconf 66' lang='grc' dir='ltr'>ἐκείνῳ</span> <span class='ocrx_word' id='word_1_28' title='bbox 1193 583 1469 655; x_wconf 79' lang='grc' dir='ltr'>διαμιλλᾷ,</span> <span class='ocrx_word' id='word_1_29' title='bbox 1498 586 1615 657; x_wconf 53' lang='lat' dir='ltr'><strong>seu</strong></span> <span class='ocrx_word' id='word_1_30' title='bbox 1663 587 1717 640; x_wconf 75' lang='grc' dir='ltr'>δὲ</span> <span class='ocrx_word' id='word_1_31' title='bbox 1748 588 1840 640; x_wconf 75' lang='grc' dir='ltr'><strong>καὶ</strong></span> 
     </span>
    </p>
   </div>
   <div class='ocr_carea' id='block_1_7' title="bbox 261 672 1841 746">
    <p class='ocr_par' dir='ltr' id='par_1_7' title="bbox 261 672 1841 746">
     <span class='ocr_line' id='line_1_7' title="bbox 261 672 1841 746; baseline 0.005 -22"><span class='ocrx_word' id='word_1_32' title='bbox 261 672 513 740; x_wconf 79' lang='grc' dir='ltr'>τρόποις,</span> <span class='ocrx_word' id='word_1_33' title='bbox 543 673 621 743; x_wconf 80' lang='grc' dir='ltr'>τῷ</span> <span class='ocrx_word' id='word_1_34' title='bbox 652 690 711 726; x_wconf 85' lang='grc' dir='ltr'><strong>τε</strong></span> <span class='ocrx_word' id='word_1_35' title='bbox 739 676 897 744; x_wconf 83' lang='grc' dir='ltr'>πράῳ</span> <span class='ocrx_word' id='word_1_36' title='bbox 920 674 1014 727; x_wconf 78' lang='grc' dir='ltr'><strong>καὶ</strong></span> <span class='ocrx_word' id='word_1_37' title='bbox 1046 673 1430 744; x_wconf 80' lang='grc' dir='ltr'><strong>μεγαλοψύχῳ,</strong></span> <span class='ocrx_word' id='word_1_38' title='bbox 1460 677 1628 746; x_wconf 75' lang='grc' dir='ltr'>οἴκτῳ</span> <span class='ocrx_word' id='word_1_39' title='bbox 1660 694 1718 731; x_wconf 88' lang='grc' dir='ltr'><strong>τε</strong></span> <span class='ocrx_word' id='word_1_40' title='bbox 1747 678 1841 732; x_wconf 79' lang='grc' dir='ltr'><strong>καὶ</strong></span> 
     </span>
    </p>
   </div>
   <div class='ocr_carea' id='block_1_8' title="bbox 266 760 1843 838">
    <p class='ocr_par' dir='ltr' id='par_1_8' title="bbox 266 760 1843 838">
     <span class='ocr_line' id='line_1_8' title="bbox 266 760 1843 838; baseline 0.005 -24"><span class='ocrx_word' id='word_1_41' title='bbox 266 764 676 837; x_wconf 76' lang='grc' dir='ltr'>φιλανθρωπίᾳ,</span> <span class='ocrx_word' id='word_1_42' title='bbox 724 768 861 832; x_wconf 83' lang='grc' dir='ltr'>πρὸς</span> <span class='ocrx_word' id='word_1_43' title='bbox 899 766 956 819; x_wconf 70' lang='grc' dir='ltr'>δὲ</span> <span class='ocrx_word' id='word_1_44' title='bbox 986 765 1065 835; x_wconf 84' lang='grc' dir='ltr'>τῷ</span> <span class='ocrx_word' id='word_1_45' title='bbox 1094 760 1450 835; x_wconf 60' lang='grc' dir='ltr'>Ἇνυποκρίτῳ</span> <span class='ocrx_word' id='word_1_46' title='bbox 1478 769 1575 837; x_wconf 83' lang='grc' dir='ltr'>τῆς</span> <span class='ocrx_word' id='word_1_47' title='bbox 1611 770 1739 838; x_wconf 71' lang='grc' dir='ltr'>περὶ</span> <span class='ocrx_word' id='word_1_48' title='bbox 1774 768 1843 823; x_wconf 77' lang='grc' dir='ltr'>τὰ</span> 
     </span>
    </p>
   </div>
   <div class='ocr_carea' id='block_1_9' title="bbox 267 842 1842 927">
    <p class='ocr_par' dir='ltr' id='par_1_9' title="bbox 267 842 1842 927">
     <span class='ocr_line' id='line_1_9' title="bbox 267 842 1842 927; baseline 0.003 -19"><span class='ocrx_word' id='word_1_49' title='bbox 267 856 387 908; x_wconf 84' lang='grc' dir='ltr'>θεῖα</span> <span class='ocrx_word' id='word_1_50' title='bbox 437 855 727 918; x_wconf 58' lang='lat' dir='ltr'><strong>adiuncta:</strong></span> <span class='ocrx_word' id='word_1_51' title='bbox 769 842 862 910; x_wconf 65' lang='grc' dir='ltr'>καί</span> <span class='ocrx_word' id='word_1_52' title='bbox 903 858 1030 920; x_wconf 79' lang='grc' dir='ltr'>τοὺς</span> <span class='ocrx_word' id='word_1_53' title='bbox 1058 857 1198 910; x_wconf 82' lang='grc' dir='ltr'>Θεοῦ</span> <span class='ocrx_word' id='word_1_54' title='bbox 1253 858 1634 927; x_wconf 77' lang='grc' dir='ltr'>λειτουργούς·</span> <span class='ocrx_word' id='word_1_55' title='bbox 1675 859 1753 911; x_wconf 77' lang='grc' dir='ltr'>ἔτι</span> <span class='ocrx_word' id='word_1_56' title='bbox 1784 858 1842 912; x_wconf 76' lang='grc' dir='ltr'>δι</span> 
     </span>
    </p>
   </div>
   <div class='ocr_carea' id='block_1_10' title="bbox 267 952 1843 1025">
    <p class='ocr_par' dir='ltr' id='par_1_10' title="bbox 267 952 1843 1025">
     <span class='ocr_line' id='line_1_10' title="bbox 267 952 1843 1025; baseline 0.002 -20"><span class='ocrx_word' id='word_1_57' title='bbox 267 952 346 1019; x_wconf 81' lang='grc' dir='ltr'>τῷ</span> <span class='ocrx_word' id='word_1_58' title='bbox 379 953 483 1005; x_wconf 86' lang='grc' dir='ltr'><strong>τῶν</strong></span> <span class='ocrx_word' id='word_1_59' title='bbox 515 952 769 1022; x_wconf 78' lang='grc' dir='ltr'>πράξεων</span> <span class='ocrx_word' id='word_1_60' title='bbox 793 954 1206 1025; x_wconf 77' lang='grc' dir='ltr'><strong>μεγαλοπρεπεῖ</strong></span> <span class='ocrx_word' id='word_1_61' title='bbox 1226 957 1321 1007; x_wconf 77' lang='grc' dir='ltr'><strong>καὶ</strong></span> <span class='ocrx_word' id='word_1_62' title='bbox 1343 952 1420 1022; x_wconf 84' lang='grc' dir='ltr'>τῷ</span> <span class='ocrx_word' id='word_1_63' title='bbox 1448 953 1714 1023; x_wconf 75' lang='grc' dir='ltr'><strong>φιλοτίμῳ</strong></span> <span class='ocrx_word' id='word_1_64' title='bbox 1735 955 1843 1008; x_wconf 87' lang='grc' dir='ltr'><strong>τῶν</strong></span> 
     </span>
    </p>
   </div>
   <div class='ocr_carea' id='block_1_11' title="bbox 266 1044 1843 1117">
    <p class='ocr_par' dir='ltr' id='par_1_11' title="bbox 266 1044 1843 1117">
     <span class='ocr_line' id='line_1_11' title="bbox 266 1044 1843 1117; baseline 0.003 -22"><span class='ocrx_word' id='word_1_65' title='bbox 266 1045 471 1113; x_wconf 75' lang='grc' dir='ltr'>εργων,</span> <span class='ocrx_word' id='word_1_66' title='bbox 524 1045 617 1098; x_wconf 77' lang='grc' dir='ltr'><strong>καὶ</strong></span> <span class='ocrx_word' id='word_1_67' title='bbox 665 1046 728 1097; x_wconf 81' lang='grc' dir='ltr'><strong>τὸ</strong></span> <span class='ocrx_word' id='word_1_68' title='bbox 778 1044 1059 1113; x_wconf 66' lang='grc' dir='ltr'>μέγιστον,</span> <span class='ocrx_word' id='word_1_69' title='bbox 1109 1044 1190 1115; x_wconf 86' lang='grc' dir='ltr'>τῷ</span> <span class='ocrx_word' id='word_1_70' title='bbox 1225 1046 1477 1115; x_wconf 75' lang='grc' dir='ltr'><strong>διαπύρῳ</strong></span> <span class='ocrx_word' id='word_1_71' title='bbox 1530 1048 1662 1117; x_wconf 67' lang='grc' dir='ltr'>πρὸς</span> <span class='ocrx_word' id='word_1_72' title='bbox 1709 1046 1843 1099; x_wconf 81' lang='grc' dir='ltr'>Θεὸν</span> 
     </span>
    </p>
   </div>
   <div class='ocr_carea' id='block_1_12' title="bbox 266 1135 1844 1208">
    <p class='ocr_par' dir='ltr' id='par_1_12' title="bbox 266 1135 1844 1208">
     <span class='ocr_line' id='line_1_12' title="bbox 266 1135 1844 1208; baseline 0.002 -20"><span class='ocrx_word' id='word_1_73' title='bbox 266 1136 436 1206; x_wconf 78' lang='grc' dir='ltr'>ερωτι</span> <span class='ocrx_word' id='word_1_74' title='bbox 456 1153 471 1165; x_wconf 78' lang='grc'><strong>⁸</strong></span> <span class='ocrx_word' id='word_1_75' title='bbox 495 1135 638 1190; x_wconf 85' lang='grc' dir='ltr'>ὥστε</span> <span class='ocrx_word' id='word_1_76' title='bbox 667 1136 744 1208; x_wconf 65' lang='grc' dir='ltr'><strong>δί’]Δ</strong></span> <span class='ocrx_word' id='word_1_77' title='bbox 762 1138 858 1190; x_wconf 76' lang='grc' dir='ltr'><strong>καὶ</strong></span> <span class='ocrx_word' id='word_1_78' title='bbox 892 1137 1075 1191; x_wconf 72' lang='grc' dir='ltr'>πάντα</span> <span class='ocrx_word' id='word_1_79' title='bbox 1108 1138 1311 1203; x_wconf 75' lang='grc' dir='ltr'>κάλων,</span> <span class='ocrx_word' id='word_1_80' title='bbox 1337 1137 1399 1190; x_wconf 78' lang='grc' dir='ltr'><strong>τὸ</strong></span> <span class='ocrx_word' id='word_1_81' title='bbox 1424 1138 1517 1190; x_wconf 80' lang='grc' dir='ltr'>τοῦ</span> <span class='ocrx_word' id='word_1_82' title='bbox 1546 1138 1731 1207; x_wconf 90' lang='grc' dir='ltr'>λόγου,</span> <span class='ocrx_word' id='word_1_83' title='bbox 1756 1156 1844 1191; x_wconf 76' lang='grc' dir='ltr'>κι-</span> 
     </span>
    </p>
   </div>
   <div class='ocr_carea' id='block_1_13' title="bbox 266 1229 1846 1307">
    <p class='ocr_par' dir='ltr' id='par_1_13' title="bbox 266 1229 1846 1307">
     <span class='ocr_line' id='line_1_13' title="bbox 266 1229 1846 1307; baseline 0.006 -26"><span class='ocrx_word' id='word_1_84' title='bbox 266 1231 382 1282; x_wconf 73' lang='grc' dir='ltr'>νεῖν</span> <span class='ocrx_word' id='word_1_85' title='bbox 414 1231 496 1290; x_wconf 83' lang='grc' dir='ltr'><strong>είς</strong></span> <span class='ocrx_word' id='word_1_86' title='bbox 522 1229 751 1301; x_wconf 77' lang='grc' dir='ltr'>αὔξησιν</span> <span class='ocrx_word' id='word_1_87' title='bbox 779 1232 841 1285; x_wconf 81' lang='grc' dir='ltr'>τὸ</span> <span class='ocrx_word' id='word_1_88' title='bbox 887 1233 1052 1298; x_wconf 67' lang='grc' dir='ltr'>σέϐας</span> <span class='ocrx_word' id='word_1_89' title='bbox 1091 1234 1411 1299; x_wconf 69' lang='grc' dir='ltr'>ὶπιδιδόναι,</span> <span class='ocrx_word' id='word_1_90' title='bbox 1455 1237 1550 1290; x_wconf 79' lang='grc' dir='ltr'><strong>καὶ</strong></span> <span class='ocrx_word' id='word_1_91' title='bbox 1586 1236 1846 1307; x_wconf 73' lang='grc' dir='ltr'>ῥυθμίζε-</span> 
     </span>
    </p>
   </div>
   <div class='ocr_carea' id='block_1_14' title="bbox 269 1321 1848 1399">
    <p class='ocr_par' dir='ltr' id='par_1_14' title="bbox 269 1321 1848 1399">
     <span class='ocr_line' id='line_1_14' title="bbox 269 1321 1848 1399; baseline 0.008 -26"><span class='ocrx_word' id='word_1_92' title='bbox 269 1321 398 1374; x_wconf 82' lang='grc' dir='ltr'>σθαι</span> <span class='ocrx_word' id='word_1_93' title='bbox 449 1323 585 1393; x_wconf 81' lang='grc' dir='ltr'>πρὸς</span> <span class='ocrx_word' id='word_1_94' title='bbox 620 1324 914 1395; x_wconf 68' lang='grc' dir='ltr'>ἀκρίϐειαν</span> <span class='ocrx_word' id='word_1_95' title='bbox 959 1328 1029 1380; x_wconf 69' lang='grc' dir='ltr'><strong>τὰ</strong></span> <span class='ocrx_word' id='word_1_96' title='bbox 1056 1328 1325 1399; x_wconf 69' lang='grc' dir='ltr'>ἡμέτερα,</span> <span class='ocrx_word' id='word_1_97' title='bbox 1358 1332 1451 1386; x_wconf 80' lang='grc' dir='ltr'>καὶ</span> <span class='ocrx_word' id='word_1_98' title='bbox 1500 1331 1705 1398; x_wconf 87' lang='grc' dir='ltr'>λόγοις,</span> <span class='ocrx_word' id='word_1_99' title='bbox 1752 1330 1848 1386; x_wconf 73' lang='grc' dir='ltr'><strong>καὶ</strong></span> 
     </span>
    </p>
   </div>
   <div class='ocr_carea' id='block_1_15' title="bbox 270 1415 1845 1490">
    <p class='ocr_par' dir='ltr' id='par_1_15' title="bbox 270 1415 1845 1490">
     <span class='ocr_line' id='line_1_15' title="bbox 270 1415 1845 1490; baseline 0.008 -28"><span class='ocrx_word' id='word_1_100' title='bbox 270 1415 482 1479; x_wconf 60' lang='grc' dir='ltr'>νόμας,</span> <span class='ocrx_word' id='word_1_101' title='bbox 536 1418 630 1466; x_wconf 76' lang='grc' dir='ltr'><strong>καὶ</strong></span> <span class='ocrx_word' id='word_1_102' title='bbox 680 1415 1112 1486; x_wconf 61' lang='grc' dir='ltr'>ὑποδείγμασιν</span> <span class='ocrx_word' id='word_1_103' title='bbox 1160 1421 1342 1490; x_wconf 72' lang='grc' dir='ltr'>ἥττων</span> <span class='ocrx_word' id='word_1_104' title='bbox 1373 1421 1588 1475; x_wconf 71' lang='lat' dir='ltr'><strong>ixzivou</strong></span> <span class='ocrx_word' id='word_1_105' title='bbox 1617 1423 1758 1476; x_wconf 78' lang='grc' dir='ltr'>κατὰ</span> <span class='ocrx_word' id='word_1_106' title='bbox 1788 1422 1845 1475; x_wconf 92' lang='grc' dir='ltr'><strong>τί</strong></span> 
     </span>
    </p>
   </div>
   <div class='ocr_carea' id='block_1_16' title="bbox 269 1506 1846 1583">
    <p class='ocr_par' dir='ltr' id='par_1_16' title="bbox 269 1506 1846 1583">
     <span class='ocr_line' id='line_1_16' title="bbox 269 1506 1846 1583; baseline 0.01 -29"><span class='ocrx_word' id='word_1_107' title='bbox 269 1506 408 1575; x_wconf 81' lang='grc' dir='ltr'>γένῃ</span> <span class='ocrx_word' id='word_1_108' title='bbox 437 1506 529 1557; x_wconf 71' lang='grc' dir='ltr'>καὶ</span> <span class='ocrx_word' id='word_1_109' title='bbox 563 1509 708 1578; x_wconf 62' lang='grc' dir='ltr'>φέρῃ</span> <span class='ocrx_word' id='word_1_110' title='bbox 728 1510 794 1561; x_wconf 73' lang='grc' dir='ltr'>τὰ</span> <span class='ocrx_word' id='word_1_111' title='bbox 816 1509 1074 1579; x_wconf 72' lang='grc' dir='ltr'>δεύτερας</span> <span class='ocrx_word' id='word_1_112' title='bbox 1105 1512 1385 1581; x_wconf 80' lang='grc' dir='ltr'>Ούμενοῦν</span> <span class='ocrx_word' id='word_1_113' title='bbox 1401 1514 1681 1583; x_wconf 78' lang='grc' dir='ltr'>οὺδαμῶςο</span> <span class='ocrx_word' id='word_1_114' title='bbox 1713 1514 1846 1569; x_wconf 79' lang='grc' dir='ltr'>ὥστ’</span> 
     </span>
    </p>
   </div>
   <div class='ocr_carea' id='block_1_17' title="bbox 270 1596 1845 1674">
    <p class='ocr_par' dir='ltr' id='par_1_17' title="bbox 270 1596 1845 1674">
     <span class='ocr_line' id='line_1_17' title="bbox 270 1596 1845 1674; baseline 0.009 -28"><span class='ocrx_word' id='word_1_115' title='bbox 270 1597 322 1647; x_wconf 77' lang='grc' dir='ltr'><strong>εί</strong></span> <span class='ocrx_word' id='word_1_116' title='bbox 378 1596 463 1666; x_wconf 79' lang='grc' dir='ltr'><strong>μὴ·</strong></span> <span class='ocrx_word' id='word_1_117' title='bbox 497 1598 591 1649; x_wconf 72' lang='lat' dir='ltr'><strong>aut</strong></span> <span class='ocrx_word' id='word_1_118' title='bbox 642 1600 831 1669; x_wconf 73' lang='grc' dir='ltr'>χρόνος</span> <span class='ocrx_word' id='word_1_119' title='bbox 861 1601 1176 1674; x_wconf 59' lang='grc' dir='ltr'>μιασλαδῶν</span> <span class='ocrx_word' id='word_1_120' title='bbox 1213 1604 1274 1657; x_wconf 80' lang='grc' dir='ltr'>τὸ</span> <span class='ocrx_word' id='word_1_121' title='bbox 1314 1604 1539 1668; x_wconf 75' lang='grc' dir='ltr'><strong>διεστὼς</strong></span> <span class='ocrx_word' id='word_1_122' title='bbox 1584 1607 1845 1674; x_wconf 72' lang='grc' dir='ltr'>ινεποίει,</span> 
     </span>
    </p>
   </div>
   <div class='ocr_carea' id='block_1_18' title="bbox 267 1684 1847 1769">
    <p class='ocr_par' dir='ltr' id='par_1_18' title="bbox 267 1684 1847 1769">
     <span class='ocr_line' id='line_1_18' title="bbox 267 1684 1847 1769; baseline 0.009 -30"><span class='ocrx_word' id='word_1_123' title='bbox 267 1687 425 1739; x_wconf 70' lang='grc' dir='ltr'>οὐδὲν</span> <span class='ocrx_word' id='word_1_124' title='bbox 478 1684 547 1758; x_wconf 81' lang='grc' dir='ltr'>ἦν</span> <span class='ocrx_word' id='word_1_125' title='bbox 579 1689 684 1758; x_wconf 74' lang='grc' dir='ltr'>ἄρα</span> <span class='ocrx_word' id='word_1_126' title='bbox 716 1692 778 1744; x_wconf 73' lang='grc' dir='ltr'><strong>τὸ</strong></span> <span class='ocrx_word' id='word_1_127' title='bbox 819 1695 1260 1764; x_wconf 70' lang='grc' dir='ltr'>προσιστάμενον</span> <span class='ocrx_word' id='word_1_128' title='bbox 1304 1697 1364 1749; x_wconf 65' lang='grc' dir='ltr'>ἂν</span> <span class='ocrx_word' id='word_1_129' title='bbox 1411 1698 1664 1767; x_wconf 76' lang='grc' dir='ltr'>ἀλλήλοις</span> <span class='ocrx_word' id='word_1_130' title='bbox 1703 1698 1847 1769; x_wconf 74' lang='grc' dir='ltr'>ὑμᾶς</span> 
     </span>
    </p>
   </div>
   <div class='ocr_carea' id='block_1_19' title="bbox 271 1776 1848 1859">
    <p class='ocr_par' dir='ltr' id='par_1_19' title="bbox 271 1776 1848 1859">
     <span class='ocr_line' id='line_1_19' title="bbox 271 1776 1848 1859; baseline 0.008 -30"><span class='ocrx_word' id='word_1_131' title='bbox 271 1776 488 1830; x_wconf 74' lang='grc' dir='ltr'>κεῖσθαι</span> <span class='ocrx_word' id='word_1_132' title='bbox 515 1782 611 1832; x_wconf 76' lang='grc' dir='ltr'><strong>καὶ</strong></span> <span class='ocrx_word' id='word_1_133' title='bbox 641 1782 769 1851; x_wconf 79' lang='grc' dir='ltr'>παρ’</span> <span class='ocrx_word' id='word_1_134' title='bbox 791 1781 1068 1852; x_wconf 79' lang='grc' dir='ltr'>ἀλλήλοις,</span> <span class='ocrx_word' id='word_1_135' title='bbox 1106 1789 1202 1839; x_wconf 81' lang='grc' dir='ltr'><strong>καὶ</strong></span> <span class='ocrx_word' id='word_1_136' title='bbox 1229 1786 1297 1840; x_wconf 87' lang='grc' dir='ltr'>δι’</span> <span class='ocrx_word' id='word_1_137' title='bbox 1326 1787 1576 1858; x_wconf 78' lang='grc' dir='ltr'>ἀλλήλων</span> <span class='ocrx_word' id='word_1_138' title='bbox 1610 1806 1848 1859; x_wconf 82' lang='grc' dir='ltr'>περιχω-</span> 
     </span>
    </p>
   </div>
   <div class='ocr_carea' id='block_1_20' title="bbox 276 1868 1846 1951">
    <p class='ocr_par' dir='ltr' id='par_1_20' title="bbox 276 1868 1846 1951">
     <span class='ocr_line' id='line_1_20' title="bbox 276 1868 1846 1951; baseline 0.011 -34"><span class='ocrx_word' id='word_1_139' title='bbox 276 1868 530 1936; x_wconf 73' lang='grc' dir='ltr'>ροῦντας,</span> <span class='ocrx_word' id='word_1_140' title='bbox 555 1872 630 1939; x_wconf 80' lang='grc' dir='ltr'>τῷ</span> <span class='ocrx_word' id='word_1_141' title='bbox 664 1875 1071 1947; x_wconf 77' lang='grc' dir='ltr'>ἀπσραλλάκτῳ</span> <span class='ocrx_word' id='word_1_142' title='bbox 1092 1879 1478 1947; x_wconf 73' lang='grc' dir='ltr'><strong>γνωρίζεσθαι,</strong></span> <span class='ocrx_word' id='word_1_143' title='bbox 1509 1880 1584 1943; x_wconf 84' lang='grc' dir='ltr'><strong>ὡς</strong></span> <span class='ocrx_word' id='word_1_144' title='bbox 1615 1884 1680 1951; x_wconf 78' lang='grc' dir='ltr'>τῇ</span> <span class='ocrx_word' id='word_1_145' title='bbox 1710 1898 1846 1935; x_wconf 76' lang='grc' dir='ltr'>ταυ-</span> 
     </span>
    </p>
   </div>
   <div class='ocr_carea' id='block_1_21' title="bbox 273 1959 1847 2042">
    <p class='ocr_par' dir='ltr' id='par_1_21' title="bbox 273 1959 1847 2042">
     <span class='ocr_line' id='line_1_21' title="bbox 273 1959 1847 2042; baseline 0.009 -32"><span class='ocrx_word' id='word_1_146' title='bbox 273 1959 462 2028; x_wconf 79' lang='grc' dir='ltr'>τότητι</span> <span class='ocrx_word' id='word_1_147' title='bbox 508 1960 792 2017; x_wconf 77' lang='grc' dir='ltr'><strong>λανθάνειν</strong></span> <span class='ocrx_word' id='word_1_148' title='bbox 847 1967 1127 2035; x_wconf 79' lang='grc' dir='ltr'>ὁπότερος,</span> <span class='ocrx_word' id='word_1_149' title='bbox 1159 1968 1318 2031; x_wconf 72' lang='grc' dir='ltr'>ἄλλος</span> <span class='ocrx_word' id='word_1_150' title='bbox 1365 1968 1529 2033; x_wconf 83' lang='grc' dir='ltr'>αὐτὸς</span> <span class='ocrx_word' id='word_1_151' title='bbox 1584 1971 1847 2042; x_wconf 74' lang='grc' dir='ltr'>ἑκάτερος</span> 
     </span>
    </p>
   </div>
   <div class='ocr_carea' id='block_1_22' title="bbox 276 2053 1848 2137">
    <p class='ocr_par' dir='ltr' id='par_1_22' title="bbox 276 2053 1848 2137">
     <span class='ocr_line' id='line_1_22' title="bbox 276 2053 1848 2137; baseline 0.008 -30"><span class='ocrx_word' id='word_1_152' title='bbox 276 2053 541 2119; x_wconf 73' lang='grc' dir='ltr'>ἄντικρυς</span> <span class='ocrx_word' id='word_1_153' title='bbox 586 2059 715 2125; x_wconf 81' lang='grc' dir='ltr'>παρ’</span> <span class='ocrx_word' id='word_1_154' title='bbox 746 2056 962 2129; x_wconf 80' lang='grc' dir='ltr'><strong>ἑκάστῳ</strong></span> <span class='ocrx_word' id='word_1_155' title='bbox 1003 2061 1347 2131; x_wconf 84' lang='grc' dir='ltr'>κρινόμενος,</span> <span class='ocrx_word' id='word_1_156' title='bbox 1400 2063 1650 2133; x_wconf 77' lang='grc' dir='ltr'>καθάπερ</span> <span class='ocrx_word' id='word_1_157' title='bbox 1706 2066 1848 2137; x_wconf 79' lang='grc' dir='ltr'>μέρη</span> 
     </span>
    </p>
   </div>
   <div class='ocr_carea' id='block_1_23' title="bbox 279 2146 1851 2226">
    <p class='ocr_par' dir='ltr' id='par_1_23' title="bbox 279 2146 1851 2226">
     <span class='ocr_line' id='line_1_23' title="bbox 279 2146 1851 2226; baseline 0.012 -33"><span class='ocrx_word' id='word_1_158' title='bbox 279 2146 377 2195; x_wconf 76' lang='grc' dir='ltr'>καὶ</span> <span class='ocrx_word' id='word_1_159' title='bbox 403 2147 563 2214; x_wconf 78' lang='grc' dir='ltr'>ἀέρος</span> <span class='ocrx_word' id='word_1_160' title='bbox 589 2149 682 2199; x_wconf 67' lang='grc' dir='ltr'>καὶ</span> <span class='ocrx_word' id='word_1_161' title='bbox 698 2147 890 2214; x_wconf 72' lang='grc' dir='ltr'>ὓδατος</span> <span class='ocrx_word' id='word_1_162' title='bbox 921 2152 978 2204; x_wconf 75' lang='grc' dir='ltr'>ἐν</span> <span class='ocrx_word' id='word_1_163' title='bbox 1010 2152 1264 2221; x_wconf 76' lang='grc' dir='ltr'>ἀλλήλοις</span> <span class='ocrx_word' id='word_1_164' title='bbox 1292 2156 1625 2226; x_wconf 83' lang='grc' dir='ltr'>μιγνύμενα.</span> <span class='ocrx_word' id='word_1_165' title='bbox 1659 2157 1765 2212; x_wconf 82' lang='grc' dir='ltr'>Καί</span> <span class='ocrx_word' id='word_1_166' title='bbox 1789 2174 1851 2225; x_wconf 78' lang='grc' dir='ltr'><strong>γε</strong></span> 
     </span>
    </p>
   </div>
   <div class='ocr_carea' id='block_1_24' title="bbox 276 2235 1850 2319">
    <p class='ocr_par' dir='ltr' id='par_1_24' title="bbox 276 2235 1850 2319">
     <span class='ocr_line' id='line_1_24' title="bbox 276 2235 1850 2319; baseline 0.009 -32"><span class='ocrx_word' id='word_1_167' title='bbox 276 2235 344 2304; x_wconf 81' lang='grc' dir='ltr'>δὴ</span> <span class='ocrx_word' id='word_1_168' title='bbox 392 2242 484 2289; x_wconf 82' lang='grc' dir='ltr'>καί</span> <span class='ocrx_word' id='word_1_169' title='bbox 528 2238 882 2295; x_wconf 75' lang='grc' dir='ltr'>τοῦτ’τίπεῖν</span> <span class='ocrx_word' id='word_1_170' title='bbox 930 2243 1068 2311; x_wconf 77' lang='grc' dir='ltr'>μετὰ</span> <span class='ocrx_word' id='word_1_171' title='bbox 1108 2244 1342 2316; x_wconf 69' lang='grc' dir='ltr'>θάρρους</span> <span class='ocrx_word' id='word_1_172' title='bbox 1386 2246 1487 2299; x_wconf 82' lang='grc' dir='ltr'><strong>οὐκ</strong></span> <span class='ocrx_word' id='word_1_173' title='bbox 1513 2248 1618 2301; x_wconf 68' lang='grc' dir='ltr'>ἀπὸ</span> <span class='ocrx_word' id='word_1_174' title='bbox 1649 2249 1850 2319; x_wconf 78' lang='grc' dir='ltr'>τρόπου</span> 
     </span>
    </p>
   </div>
   <div class='ocr_carea' id='block_1_25' title="bbox 275 2328 1847 2410">
    <p class='ocr_par' dir='ltr' id='par_1_25' title="bbox 275 2328 1847 2410">
     <span class='ocr_line' id='line_1_25' title="bbox 275 2328 1847 2410; baseline 0.007 -30"><span class='ocrx_word' id='word_1_175' title='bbox 275 2328 593 2395; x_wconf 79' lang='grc' dir='ltr'>είρήσεται·</span> <span class='ocrx_word' id='word_1_176' title='bbox 613 2330 686 2392; x_wconf 83' lang='grc' dir='ltr'><strong>ὡς</strong></span> <span class='ocrx_word' id='word_1_177' title='bbox 721 2337 815 2385; x_wconf 84' lang='grc' dir='ltr'><strong>καὶ</strong></span> <span class='ocrx_word' id='word_1_178' title='bbox 838 2334 946 2386; x_wconf 84' lang='grc' dir='ltr'><strong>τῶν</strong></span> <span class='ocrx_word' id='word_1_179' title='bbox 977 2335 1108 2389; x_wconf 76' lang='grc' dir='ltr'>ῑσων</span> <span class='ocrx_word' id='word_1_180' title='bbox 1143 2337 1204 2408; x_wconf 81' lang='grc' dir='ltr'>δὴ</span> <span class='ocrx_word' id='word_1_181' title='bbox 1234 2339 1413 2407; x_wconf 89' lang='grc' dir='ltr'>γερῶν</span> <span class='ocrx_word' id='word_1_182' title='bbox 1444 2339 1665 2410; x_wconf 54' lang='grc' dir='ltr'>ἐκείνῳ,</span> <span class='ocrx_word' id='word_1_183' title='bbox 1690 2340 1847 2409; x_wconf 74' lang='grc' dir='ltr'>δόξης</span> 
     </span>
    </p>
   </div>
   <div class='ocr_carea' id='block_1_26' title="bbox 272 2415 1846 2498">
    <p class='ocr_par' dir='ltr' id='par_1_26' title="bbox 272 2415 1846 2498">
     <span class='ocr_line' id='line_1_26' title="bbox 272 2415 1846 2498; baseline 0.011 -29"><span class='ocrx_word' id='word_1_184' title='bbox 272 2417 323 2469; x_wconf 81' lang='grc' dir='ltr'>τ’</span> <span class='ocrx_word' id='word_1_185' title='bbox 354 2415 423 2470; x_wconf 78' lang='grc' dir='ltr'>αὖ</span> <span class='ocrx_word' id='word_1_186' title='bbox 477 2421 569 2471; x_wconf 77' lang='grc' dir='ltr'><strong>καὶ</strong></span> <span class='ocrx_word' id='word_1_187' title='bbox 600 2426 901 2491; x_wconf 69' lang='grc' dir='ltr'>στεφάνων,</span> <span class='ocrx_word' id='word_1_188' title='bbox 955 2427 1194 2491; x_wconf 72' lang='grc' dir='ltr'>στάσεώς</span> <span class='ocrx_word' id='word_1_189' title='bbox 1225 2445 1284 2481; x_wconf 89' lang='grc' dir='ltr'><strong>τε</strong></span> <span class='ocrx_word' id='word_1_190' title='bbox 1316 2428 1433 2498; x_wconf 74' lang='grc' dir='ltr'>ἅμα</span> <span class='ocrx_word' id='word_1_191' title='bbox 1484 2433 1575 2483; x_wconf 76' lang='grc' dir='ltr'><strong>καὶ</strong></span> <span class='ocrx_word' id='word_1_192' title='bbox 1606 2431 1811 2496; x_wconf 73' lang='grc' dir='ltr'>τάξεως</span> <span class='ocrx_word' id='word_1_193' title='bbox 1831 2472 1846 2497; x_wconf 93' lang='grc'><strong>,</strong></span> 
     </span>
    </p>
   </div>
   <div class='ocr_carea' id='block_1_27' title="bbox 276 2511 1849 2597">
    <p class='ocr_par' dir='ltr' id='par_1_27' title="bbox 276 2511 1849 2597">
     <span class='ocr_line' id='line_1_27' title="bbox 276 2511 1849 2597; baseline 0.011 -36"><span class='ocrx_word' id='word_1_194' title='bbox 276 2512 373 2562; x_wconf 72' lang='grc' dir='ltr'><strong>καὶ</strong></span> <span class='ocrx_word' id='word_1_195' title='bbox 422 2511 519 2579; x_wconf 84' lang='grc' dir='ltr'>τῆς</span> <span class='ocrx_word' id='word_1_196' title='bbox 570 2515 929 2570; x_wconf 83' lang='grc' dir='ltr'>ίσαποστόλου</span> <span class='ocrx_word' id='word_1_197' title='bbox 981 2519 1250 2589; x_wconf 71' lang='grc' dir='ltr'>κλήσεως,</span> <span class='ocrx_word' id='word_1_198' title='bbox 1310 2524 1449 2592; x_wconf 76' lang='grc' dir='ltr'>μετὰ.</span> <span class='ocrx_word' id='word_1_199' title='bbox 1492 2524 1589 2592; x_wconf 84' lang='grc' dir='ltr'>τῆς</span> <span class='ocrx_word' id='word_1_200' title='bbox 1634 2527 1849 2597; x_wconf 77' lang='grc' dir='ltr'>μακρᾶς</span> 
     </span>
    </p>
   </div>
   <div class='ocr_carea' id='block_1_28' title="bbox 275 2602 1851 2688">
    <p class='ocr_par' dir='ltr' id='par_1_28' title="bbox 275 2602 1851 2688">
     <span class='ocr_line' id='line_1_28' title="bbox 275 2602 1851 2688; baseline 0.012 -35"><span class='ocrx_word' id='word_1_201' title='bbox 275 2602 612 2671; x_wconf 74' lang='grc' dir='ltr'><strong>ικεξνης.καὶ</strong></span> <span class='ocrx_word' id='word_1_202' title='bbox 650 2607 928 2679; x_wconf 67' lang='grc' dir='ltr'>ἁδιαδοχου</span> <span class='ocrx_word' id='word_1_203' title='bbox 966 2611 1244 2679; x_wconf 76' lang='grc' dir='ltr'>βασιλείας</span> <span class='ocrx_word' id='word_1_204' title='bbox 1273 2632 1331 2668; x_wconf 85' lang='grc' dir='ltr'><strong>τε</strong></span> <span class='ocrx_word' id='word_1_205' title='bbox 1364 2621 1457 2670; x_wconf 84' lang='grc' dir='ltr'><strong>καὶ</strong></span> <span class='ocrx_word' id='word_1_206' title='bbox 1488 2618 1687 2686; x_wconf 77' lang='grc' dir='ltr'>ἀρχῆς,</span> <span class='ocrx_word' id='word_1_207' title='bbox 1716 2621 1851 2688; x_wconf 71' lang='grc' dir='ltr'>πρὸς</span> 
     </span>
    </p>
   </div>
   <div class='ocr_carea' id='block_1_29' title="bbox 274 2694 1843 2781">
    <p class='ocr_par' dir='ltr' id='par_1_29' title="bbox 274 2694 1843 2781">
     <span class='ocr_line' id='line_1_29' title="bbox 274 2694 1843 2781; baseline 0.013 -36"><span class='ocrx_word' id='word_1_208' title='bbox 274 2694 413 2747; x_wconf 58' lang='lat' dir='ltr'><strong>Geo-5</strong></span> <span class='ocrx_word' id='word_1_209' title='bbox 435 2699 697 2767; x_wconf 80' lang='grc' dir='ltr'>λαμπρῶς</span> <span class='ocrx_word' id='word_1_210' title='bbox 726 2703 920 2772; x_wconf 77' lang='grc' dir='ltr'>επὶσης</span> <span class='ocrx_word' id='word_1_211' title='bbox 958 2706 1150 2773; x_wconf 80' lang='grc' dir='ltr'>ἐκείνῳ</span> <span class='ocrx_word' id='word_1_212' title='bbox 1186 2710 1278 2759; x_wconf 68' lang='lat' dir='ltr'><strong>xz&quot;.</strong></span> <span class='ocrx_word' id='word_1_213' title='bbox 1312 2708 1371 2761; x_wconf 81' lang='grc' dir='ltr'>σὲ</span> <span class='ocrx_word' id='word_1_214' title='bbox 1408 2710 1843 2781; x_wconf 75' lang='grc' dir='ltr'>καταξιωθῆναι.</span> 
     </span>
    </p>
   </div>
   <div class='ocr_carea' id='block_1_30' title="bbox 1944 581 3514 653">
    <p class='ocr_par' dir='ltr' id='par_1_30' title="bbox 1944 581 3514 653">
     <span class='ocr_line' id='line_1_30' title="bbox 1944 581 3514 653; baseline -0.004 -13"><span class='ocrx_word' id='word_1_215' title='bbox 1944 586 2073 643; x_wconf 83' lang='lat' dir='ltr'><strong>tiam</strong></span> <span class='ocrx_word' id='word_1_216' title='bbox 2100 585 2287 639; x_wconf 90' lang='lat' dir='ltr'><strong>datum</strong></span> <span class='ocrx_word' id='word_1_217' title='bbox 2322 593 2428 645; x_wconf 85' lang='lat' dir='ltr'><strong>est.</strong></span> <span class='ocrx_word' id='word_1_218' title='bbox 2468 584 2521 637; x_wconf 91' lang='lat' dir='ltr'><strong>id</strong></span> <span class='ocrx_word' id='word_1_219' title='bbox 2557 584 2651 638; x_wconf 90' lang='lat' dir='ltr'><strong>tibi</strong></span> <span class='ocrx_word' id='word_1_220' title='bbox 2688 593 2878 653; x_wconf 84' lang='lat' dir='ltr'><strong>postea</strong></span> <span class='ocrx_word' id='word_1_221' title='bbox 2909 583 2976 635; x_wconf 87' lang='lat' dir='ltr'><strong>de</strong></span> <span class='ocrx_word' id='word_1_222' title='bbox 3021 581 3233 650; x_wconf 76' lang='lat' dir='ltr'><strong>Spiritu</strong></span> <span class='ocrx_word' id='word_1_223' title='bbox 3276 581 3514 649; x_wconf 84' lang='lat' dir='ltr'><strong>inspira-</strong></span> 
     </span>
    </p>
   </div>
   <div class='ocr_carea' id='block_1_31' title="bbox 1944 674 3515 744">
    <p class='ocr_par' dir='ltr' id='par_1_31' title="bbox 1944 674 3515 744">
     <span class='ocr_line' id='line_1_31' title="bbox 1944 674 3515 744; baseline -0.004 -15"><span class='ocrx_word' id='word_1_224' title='bbox 1944 683 2058 729; x_wconf 90' lang='lat' dir='ltr'><strong>tum</strong></span> <span class='ocrx_word' id='word_1_225' title='bbox 2092 690 2214 729; x_wconf 87' lang='lat' dir='ltr'><strong>esse</strong></span> <span class='ocrx_word' id='word_1_226' title='bbox 2252 695 2265 726; x_wconf 88' lang='lat'><strong>:</strong></span> <span class='ocrx_word' id='word_1_227' title='bbox 2294 676 2366 729; x_wconf 90' lang='lat' dir='ltr'><strong>ita</strong></span> <span class='ocrx_word' id='word_1_228' title='bbox 2396 684 2455 729; x_wconf 92' lang='lat' dir='ltr'><strong>ut</strong></span> <span class='ocrx_word' id='word_1_229' title='bbox 2490 674 2543 729; x_wconf 92' lang='lat' dir='ltr'><strong>in</strong></span> <span class='ocrx_word' id='word_1_230' title='bbox 2601 675 2703 729; x_wconf 88' lang='lat' dir='ltr'><strong>hac</strong></span> <span class='ocrx_word' id='word_1_231' title='bbox 2734 687 2956 744; x_wconf 90' lang='lat' dir='ltr'><strong>quoque</strong></span> <span class='ocrx_word' id='word_1_232' title='bbox 3015 681 3192 741; x_wconf 89' lang='lat' dir='ltr'><strong>parte,</strong></span> <span class='ocrx_word' id='word_1_233' title='bbox 3247 682 3515 741; x_wconf 90' lang='lat' dir='ltr'><strong>quantum</strong></span> 
     </span>
    </p>
   </div>
   <div class='ocr_carea' id='block_1_32' title="bbox 1944 765 3504 839">
    <p class='ocr_par' dir='ltr' id='par_1_32' title="bbox 1944 765 3504 839">
     <span class='ocr_line' id='line_1_32' title="bbox 1944 765 3504 839; baseline -0.004 -16"><span class='ocrx_word' id='word_1_234' title='bbox 1944 768 2275 839; x_wconf 87' lang='lat' dir='ltr'><strong>permissum</strong></span> <span class='ocrx_word' id='word_1_235' title='bbox 2296 777 2400 833; x_wconf 88' lang='lat' dir='ltr'><strong>est,</strong></span> <span class='ocrx_word' id='word_1_236' title='bbox 2435 783 2647 837; x_wconf 63' lang='lat' dir='ltr'><strong>aquam</strong></span> <span class='ocrx_word' id='word_1_237' title='bbox 2677 767 2893 821; x_wconf 89' lang='lat' dir='ltr'><strong>laudem</strong></span> <span class='ocrx_word' id='word_1_238' title='bbox 2935 765 3209 825; x_wconf 88' lang='lat' dir='ltr'><strong>habeatis,</strong></span> <span class='ocrx_word' id='word_1_239' title='bbox 3241 765 3295 817; x_wconf 91' lang='lat' dir='ltr'><strong>in</strong></span> <span class='ocrx_word' id='word_1_240' title='bbox 3328 779 3504 834; x_wconf 72' lang='lat' dir='ltr'><strong>aequa-</strong></span> 
     </span>
    </p>
   </div>
   <div class='ocr_carea' id='block_1_33' title="bbox 1943 857 3515 926">
    <p class='ocr_par' dir='ltr' id='par_1_33' title="bbox 1943 857 3515 926">
     <span class='ocr_line' id='line_1_33' title="bbox 1943 857 3515 926; baseline -0.004 -12"><span class='ocrx_word' id='word_1_241' title='bbox 1943 859 2093 914; x_wconf 89' lang='lat' dir='ltr'><strong>libus</strong></span> <span class='ocrx_word' id='word_1_242' title='bbox 2125 860 2442 913; x_wconf 70' lang='lat' dir='ltr'><strong>cteisdem</strong></span> <span class='ocrx_word' id='word_1_243' title='bbox 2510 860 2676 914; x_wconf 80' lang='lat' dir='ltr'><strong>rebus</strong></span> <span class='ocrx_word' id='word_1_244' title='bbox 2725 859 2957 913; x_wconf 86' lang='lat' dir='ltr'><strong>mirifice</strong></span> <span class='ocrx_word' id='word_1_245' title='bbox 3016 857 3283 926; x_wconf 80' lang='lat' dir='ltr'><strong>:equalem</strong></span> <span class='ocrx_word' id='word_1_246' title='bbox 3351 865 3515 925; x_wconf 91' lang='lat' dir='ltr'><strong>atque</strong></span> 
     </span>
    </p>
   </div>
   <div class='ocr_carea' id='block_1_34' title="bbox 1943 947 3516 1018">
    <p class='ocr_par' dir='ltr' id='par_1_34' title="bbox 1943 947 3516 1018">
     <span class='ocr_line' id='line_1_34' title="bbox 1943 947 3516 1018; baseline -0.006 -12"><span class='ocrx_word' id='word_1_247' title='bbox 1943 950 2199 1006; x_wconf 89' lang='lat' dir='ltr'><strong>eumdem</strong></span> <span class='ocrx_word' id='word_1_248' title='bbox 2221 951 2503 1007; x_wconf 75' lang='lat' dir='ltr'><strong>consecuti</strong></span> <span class='ocrx_word' id='word_1_249' title='bbox 2535 952 2822 1013; x_wconf 84' lang='lat' dir='ltr'><strong>honorem,</strong></span> <span class='ocrx_word' id='word_1_250' title='bbox 2853 948 3051 1018; x_wconf 76' lang='lat' dir='ltr'><strong>insigni</strong></span> <span class='ocrx_word' id='word_1_251' title='bbox 3104 947 3362 1002; x_wconf 82' lang='lat' dir='ltr'><strong>nimirum</strong></span> <span class='ocrx_word' id='word_1_252' title='bbox 3389 961 3516 1015; x_wconf 80' lang='lat' dir='ltr'><strong>erga</strong></span> 
     </span>
    </p>
   </div>
   <div class='ocr_carea' id='block_1_35' title="bbox 1944 1045 3521 1107">
    <p class='ocr_par' dir='ltr' id='par_1_35' title="bbox 1944 1045 3521 1107">
     <span class='ocr_line' id='line_1_35' title="bbox 1944 1045 3521 1107; baseline -0.004 -7"><span class='ocrx_word' id='word_1_253' title='bbox 1944 1046 2192 1101; x_wconf 90' lang='lat' dir='ltr'><strong>divinum</strong></span> <span class='ocrx_word' id='word_1_254' title='bbox 2220 1047 2431 1101; x_wconf 75' lang='lat' dir='ltr'><strong>Numen</strong></span> <span class='ocrx_word' id='word_1_255' title='bbox 2459 1047 2641 1100; x_wconf 91' lang='lat' dir='ltr'><strong>studio</strong></span> <span class='ocrx_word' id='word_1_256' title='bbox 2694 1045 3081 1107; x_wconf 89' lang='lat' dir='ltr'><strong>etdesiderio,</strong></span> <span class='ocrx_word' id='word_1_257' title='bbox 3146 1056 3248 1097; x_wconf 90' lang='lat' dir='ltr'><strong>nec</strong></span> <span class='ocrx_word' id='word_1_258' title='bbox 3278 1056 3389 1096; x_wconf 81' lang='lat' dir='ltr'><strong>non</strong></span> <span class='ocrx_word' id='word_1_259' title='bbox 3433 1056 3521 1094; x_wconf 90' lang='lat' dir='ltr'><strong>re-</strong></span> 
     </span>
    </p>
   </div>
   <div class='ocr_carea' id='block_1_36' title="bbox 1946 1132 3517 1209">
    <p class='ocr_par' dir='ltr' id='par_1_36' title="bbox 1946 1132 3517 1209">
     <span class='ocr_line' id='line_1_36' title="bbox 1946 1132 3517 1209; baseline -0.006 -17"><span class='ocrx_word' id='word_1_260' title='bbox 1946 1153 2068 1192; x_wconf 91' lang='lat' dir='ltr'><strong>rum</strong></span> <span class='ocrx_word' id='word_1_261' title='bbox 2125 1148 2367 1193; x_wconf 86' lang='lat' dir='ltr'><strong>actarum</strong></span> <span class='ocrx_word' id='word_1_262' title='bbox 2429 1138 2826 1209; x_wconf 75' lang='lat' dir='ltr'><strong>magnitudine.</strong></span> <span class='ocrx_word' id='word_1_263' title='bbox 2881 1137 3070 1206; x_wconf 84' lang='lat' dir='ltr'><strong>Itaque</strong></span> <span class='ocrx_word' id='word_1_264' title='bbox 3127 1134 3263 1188; x_wconf 89' lang='lat' dir='ltr'><strong>nihil</strong></span> <span class='ocrx_word' id='word_1_265' title='bbox 3325 1147 3409 1186; x_wconf 94' lang='lat' dir='ltr'><strong>me</strong></span> <span class='ocrx_word' id='word_1_266' title='bbox 3447 1132 3517 1183; x_wconf 85' lang='lat' dir='ltr'><strong>ah</strong></span> 
     </span>
    </p>
   </div>
   <div class='ocr_carea' id='block_1_37' title="bbox 1946 1222 3519 1315">
    <p class='ocr_par' dir='ltr' id='par_1_37' title="bbox 1946 1222 3519 1315">
     <span class='ocr_line' id='line_1_37' title="bbox 1946 1222 3519 1315; baseline -0.007 -28"><span class='ocrx_word' id='word_1_267' title='bbox 1946 1230 2202 1287; x_wconf 86' lang='lat' dir='ltr'><strong>instituta</strong></span> <span class='ocrx_word' id='word_1_268' title='bbox 2244 1230 2498 1286; x_wconf 89' lang='lat' dir='ltr'><strong>veritatis</strong></span> <span class='ocrx_word' id='word_1_269' title='bbox 2534 1231 2744 1286; x_wconf 82' lang='lat' dir='ltr'><strong>ratione</strong></span> <span class='ocrx_word' id='word_1_270' title='bbox 2772 1229 3145 1315; x_wconf 74' lang='lat' dir='ltr'><strong>discessurum</strong></span> <span class='ocrx_word' id='word_1_271' title='bbox 3172 1236 3324 1296; x_wconf 88' lang='lat' dir='ltr'><strong>puto,</strong></span> <span class='ocrx_word' id='word_1_272' title='bbox 3359 1224 3404 1279; x_wconf 80' lang='lat' dir='ltr'><strong>si</strong></span> <span class='ocrx_word' id='word_1_273' title='bbox 3440 1222 3519 1277; x_wconf 86' lang='lat' dir='ltr'><strong>illi</strong></span> 
     </span>
    </p>
   </div>
   <div class='ocr_carea' id='block_1_38' title="bbox 1945 1314 3520 1391">
    <p class='ocr_par' dir='ltr' id='par_1_38' title="bbox 1945 1314 3520 1391">
     <span class='ocr_line' id='line_1_38' title="bbox 1945 1314 3520 1391; baseline -0.007 -14"><span class='ocrx_word' id='word_1_274' title='bbox 1945 1322 2167 1391; x_wconf 81' lang='lat' dir='ltr'><strong>quidem</strong></span> <span class='ocrx_word' id='word_1_275' title='bbox 2201 1322 2306 1378; x_wconf 86' lang='lat' dir='ltr'><strong>hoc</strong></span> <span class='ocrx_word' id='word_1_276' title='bbox 2342 1324 2610 1388; x_wconf 79' lang='lat' dir='ltr'><strong>tribuero,</strong></span> <span class='ocrx_word' id='word_1_277' title='bbox 2647 1322 3069 1377; x_wconf 82' lang='lat' dir='ltr'><strong>fundamentum</strong></span> <span class='ocrx_word' id='word_1_278' title='bbox 3112 1314 3520 1388; x_wconf 86' lang='lat' dir='ltr'><strong>quodammodo</strong></span> 
     </span>
    </p>
   </div>
   <div class='ocr_carea' id='block_1_39' title="bbox 1944 1414 3519 1485">
    <p class='ocr_par' dir='ltr' id='par_1_39' title="bbox 1944 1414 3519 1485">
     <span class='ocr_line' id='line_1_39' title="bbox 1944 1414 3519 1485; baseline -0.005 -17"><span class='ocrx_word' id='word_1_279' title='bbox 1944 1428 2072 1468; x_wconf 87' lang='lat' dir='ltr'><strong>eum</strong></span> <span class='ocrx_word' id='word_1_280' title='bbox 2104 1424 2381 1471; x_wconf 90' lang='lat' dir='ltr'><strong>rectorum</strong></span> <span class='ocrx_word' id='word_1_281' title='bbox 2422 1415 2679 1470; x_wconf 64' lang='lat' dir='ltr'><strong>Ecclesia</strong></span> <span class='ocrx_word' id='word_1_282' title='bbox 2710 1414 3027 1485; x_wconf 87' lang='lat' dir='ltr'><strong>dogmatum</strong></span> <span class='ocrx_word' id='word_1_283' title='bbox 3059 1418 3113 1465; x_wconf 86' lang='lat' dir='ltr'><strong>et</strong></span> <span class='ocrx_word' id='word_1_284' title='bbox 3147 1424 3270 1463; x_wconf 88' lang='lat' dir='ltr'><strong>esse</strong></span> <span class='ocrx_word' id='word_1_285' title='bbox 3305 1418 3359 1461; x_wconf 91' lang='lat' dir='ltr'><strong>et</strong></span> <span class='ocrx_word' id='word_1_286' title='bbox 3396 1422 3519 1475; x_wconf 86' lang='lat' dir='ltr'><strong>per—</strong></span> 
     </span>
    </p>
   </div>
   <div class='ocr_carea' id='block_1_40' title="bbox 1948 1498 3520 1577">
    <p class='ocr_par' dir='ltr' id='par_1_40' title="bbox 1948 1498 3520 1577">
     <span class='ocr_line' id='line_1_40' title="bbox 1948 1498 3520 1577; baseline -0.005 -18"><span class='ocrx_word' id='word_1_287' title='bbox 1948 1502 2171 1559; x_wconf 86' lang='lat' dir='ltr'><strong>hiberi:</strong></span> <span class='ocrx_word' id='word_1_288' title='bbox 2220 1515 2270 1561; x_wconf 77' lang='lat' dir='ltr'><strong>te</strong></span> <span class='ocrx_word' id='word_1_289' title='bbox 2299 1521 2429 1561; x_wconf 84' lang='lat' dir='ltr'><strong>vero</strong></span> <span class='ocrx_word' id='word_1_290' title='bbox 2464 1506 2683 1561; x_wconf 83' lang='lat' dir='ltr'><strong>cuidam</strong></span> <span class='ocrx_word' id='word_1_291' title='bbox 2743 1504 3121 1577; x_wconf 83' lang='lat' dir='ltr'><strong>pulcherrimo</strong></span> <span class='ocrx_word' id='word_1_292' title='bbox 3176 1498 3395 1571; x_wconf 82' lang='lat' dir='ltr'><strong>fastigio</strong></span> <span class='ocrx_word' id='word_1_293' title='bbox 3463 1508 3520 1551; x_wconf 81' lang='lat' dir='ltr'><strong>et</strong></span> 
     </span>
    </p>
   </div>
   <div class='ocr_carea' id='block_1_41' title="bbox 1947 1597 3521 1669">
    <p class='ocr_par' dir='ltr' id='par_1_41' title="bbox 1947 1597 3521 1669">
     <span class='ocr_line' id='line_1_41' title="bbox 1947 1597 3521 1669; baseline -0.006 -16"><span class='ocrx_word' id='word_1_294' title='bbox 1947 1597 2085 1653; x_wconf 90' lang='lat' dir='ltr'><strong>clavi</strong></span> <span class='ocrx_word' id='word_1_295' title='bbox 2120 1608 2286 1667; x_wconf 86' lang='lat' dir='ltr'><strong>atque</strong></span> <span class='ocrx_word' id='word_1_296' title='bbox 2315 1597 2497 1669; x_wconf 85' lang='lat' dir='ltr'><strong>sigillo</strong></span> <span class='ocrx_word' id='word_1_297' title='bbox 2528 1597 2741 1667; x_wconf 76' lang='lat' dir='ltr'><strong>integro</strong></span> <span class='ocrx_word' id='word_1_298' title='bbox 2760 1611 3072 1666; x_wconf 82' lang='lat' dir='ltr'><strong>comparem</strong></span> <span class='ocrx_word' id='word_1_299' title='bbox 3106 1611 3120 1648; x_wconf 91' lang='lat'><strong>:</strong></span> <span class='ocrx_word' id='word_1_300' title='bbox 3152 1602 3207 1648; x_wconf 88' lang='lat' dir='ltr'><strong>et</strong></span> <span class='ocrx_word' id='word_1_301' title='bbox 3230 1602 3521 1658; x_wconf 83' lang='lat' dir='ltr'><strong>utrumque</strong></span> 
     </span>
    </p>
   </div>
   <div class='ocr_carea' id='block_1_42' title="bbox 1949 1685 3520 1761">
    <p class='ocr_par' dir='ltr' id='par_1_42' title="bbox 1949 1685 3520 1761">
     <span class='ocr_line' id='line_1_42' title="bbox 1949 1685 3520 1761; baseline -0.006 -17"><span class='ocrx_word' id='word_1_302' title='bbox 1949 1688 2140 1761; x_wconf 84' lang='lat' dir='ltr'><strong>ingens</strong></span> <span class='ocrx_word' id='word_1_303' title='bbox 2164 1690 2310 1746; x_wconf 82' lang='lat' dir='ltr'><strong>istud</strong></span> <span class='ocrx_word' id='word_1_304' title='bbox 2336 1706 2478 1746; x_wconf 79' lang='lat' dir='ltr'><strong>vera:</strong></span> <span class='ocrx_word' id='word_1_305' title='bbox 2506 1690 2727 1761; x_wconf 88' lang='lat' dir='ltr'><strong>pietatis</strong></span> <span class='ocrx_word' id='word_1_306' title='bbox 2752 1695 3168 1744; x_wconf 86' lang='lat' dir='ltr'><strong>monumentum</strong></span> <span class='ocrx_word' id='word_1_307' title='bbox 3198 1701 3262 1741; x_wconf 79' lang='lat' dir='ltr'><strong>ex</strong></span> <span class='ocrx_word' id='word_1_308' title='bbox 3298 1685 3520 1739; x_wconf 82' lang='lat' dir='ltr'><strong>Patrum</strong></span> 
     </span>
    </p>
   </div>
   <div class='ocr_carea' id='block_1_43' title="bbox 1952 1777 3522 1855">
    <p class='ocr_par' dir='ltr' id='par_1_43' title="bbox 1952 1777 3522 1855">
     <span class='ocr_line' id='line_1_43' title="bbox 1952 1777 3522 1855; baseline -0.006 -15"><span class='ocrx_word' id='word_1_309' title='bbox 1952 1784 2269 1855; x_wconf 66' lang='lat' dir='ltr'><strong>praseripto</strong></span> <span class='ocrx_word' id='word_1_310' title='bbox 2297 1797 2659 1847; x_wconf 81' lang='lat' dir='ltr'><strong>conservare,</strong></span> <span class='ocrx_word' id='word_1_311' title='bbox 2684 1792 2852 1851; x_wconf 88' lang='lat' dir='ltr'><strong>atque</strong></span> <span class='ocrx_word' id='word_1_312' title='bbox 2883 1780 2936 1834; x_wconf 90' lang='lat' dir='ltr'><strong>id</strong></span> <span class='ocrx_word' id='word_1_313' title='bbox 2964 1794 3072 1833; x_wconf 91' lang='lat' dir='ltr'><strong>non</strong></span> <span class='ocrx_word' id='word_1_314' title='bbox 3114 1779 3169 1832; x_wconf 91' lang='lat' dir='ltr'><strong>in</strong></span> <span class='ocrx_word' id='word_1_315' title='bbox 3224 1777 3522 1847; x_wconf 86' lang='lat' dir='ltr'><strong>plerasque</strong></span> 
     </span>
    </p>
   </div>
   <div class='ocr_carea' id='block_1_44' title="bbox 1951 1873 3520 1947">
    <p class='ocr_par' dir='ltr' id='par_1_44' title="bbox 1951 1873 3520 1947">
     <span class='ocr_line' id='line_1_44' title="bbox 1951 1873 3520 1947; baseline -0.006 -16"><span class='ocrx_word' id='word_1_316' title='bbox 1951 1887 2110 1931; x_wconf 67' lang='lat' dir='ltr'><strong>terra:</strong></span> <span class='ocrx_word' id='word_1_317' title='bbox 2138 1885 2343 1947; x_wconf 89' lang='lat' dir='ltr'><strong>partes,</strong></span> <span class='ocrx_word' id='word_1_318' title='bbox 2370 1875 2465 1930; x_wconf 90' lang='lat' dir='ltr'><strong>sed</strong></span> <span class='ocrx_word' id='word_1_319' title='bbox 2499 1874 2615 1930; x_wconf 89' lang='lat' dir='ltr'><strong>loca</strong></span> <span class='ocrx_word' id='word_1_320' title='bbox 2648 1874 2850 1943; x_wconf 84' lang='lat' dir='ltr'><strong>ubique</strong></span> <span class='ocrx_word' id='word_1_321' title='bbox 2882 1873 3064 1926; x_wconf 86' lang='lat' dir='ltr'><strong>omnia</strong></span> <span class='ocrx_word' id='word_1_322' title='bbox 3095 1883 3431 1940; x_wconf 75' lang='lat' dir='ltr'><strong>propagare,</strong></span> <span class='ocrx_word' id='word_1_323' title='bbox 3463 1877 3520 1921; x_wconf 88' lang='lat' dir='ltr'><strong>et</strong></span> 
     </span>
    </p>
   </div>
   <div class='ocr_carea' id='block_1_45' title="bbox 1952 1958 3523 2038">
    <p class='ocr_par' dir='ltr' id='par_1_45' title="bbox 1952 1958 3523 2038">
     <span class='ocr_line' id='line_1_45' title="bbox 1952 1958 3523 2038; baseline -0.005 -16"><span class='ocrx_word' id='word_1_324' title='bbox 1952 1977 2212 2038; x_wconf 81' lang='lat' dir='ltr'><strong>tanquam</strong></span> <span class='ocrx_word' id='word_1_325' title='bbox 2246 1966 2476 2023; x_wconf 83' lang='lat' dir='ltr'><strong>buccina</strong></span> <span class='ocrx_word' id='word_1_326' title='bbox 2509 1966 2856 2037; x_wconf 81' lang='lat' dir='ltr'><strong>promulgare</strong></span> <span class='ocrx_word' id='word_1_327' title='bbox 2905 1965 3109 2020; x_wconf 90' lang='lat' dir='ltr'><strong>dicam.</strong></span> <span class='ocrx_word' id='word_1_328' title='bbox 3167 1958 3523 2030; x_wconf 80' lang='lat' dir='ltr'><strong>Quandoqui-</strong></span> 
     </span>
    </p>
   </div>
   <div class='ocr_carea' id='block_1_46' title="bbox 1952 2058 3522 2131">
    <p class='ocr_par' dir='ltr' id='par_1_46' title="bbox 1952 2058 3522 2131">
     <span class='ocr_line' id='line_1_46' title="bbox 1952 2058 3522 2131; baseline -0.004 -16"><span class='ocrx_word' id='word_1_329' title='bbox 1952 2064 2076 2117; x_wconf 91' lang='lat' dir='ltr'><strong>dem</strong></span> <span class='ocrx_word' id='word_1_330' title='bbox 2112 2062 2203 2115; x_wconf 86' lang='lat' dir='ltr'><strong>ille</strong></span> <span class='ocrx_word' id='word_1_331' title='bbox 2234 2071 2524 2131; x_wconf 88' lang='lat' dir='ltr'><strong>utramque</strong></span> <span class='ocrx_word' id='word_1_332' title='bbox 2557 2060 2763 2115; x_wconf 79' lang='lat' dir='ltr'><strong>Christi</strong></span> <span class='ocrx_word' id='word_1_333' title='bbox 2804 2058 3237 2128; x_wconf 73' lang='lat' dir='ltr'><strong>generationem,</strong></span> <span class='ocrx_word' id='word_1_334' title='bbox 3286 2064 3343 2109; x_wconf 92' lang='lat' dir='ltr'><strong>tu</strong></span> <span class='ocrx_word' id='word_1_335' title='bbox 3392 2069 3522 2109; x_wconf 85' lang='lat' dir='ltr'><strong>vero</strong></span> 
     </span>
    </p>
   </div>
   <div class='ocr_carea' id='block_1_47' title="bbox 1953 2148 3520 2220">
    <p class='ocr_par' dir='ltr' id='par_1_47' title="bbox 1953 2148 3520 2220">
     <span class='ocr_line' id='line_1_47' title="bbox 1953 2148 3520 2220; baseline -0.003 -16"><span class='ocrx_word' id='word_1_336' title='bbox 1953 2161 2290 2220; x_wconf 72' lang='lat' dir='ltr'><strong>postremum</strong></span> <span class='ocrx_word' id='word_1_337' title='bbox 2354 2160 2744 2207; x_wconf 84' lang='lat' dir='ltr'><strong>testamentum</strong></span> <span class='ocrx_word' id='word_1_338' title='bbox 2802 2148 2984 2220; x_wconf 88' lang='lat' dir='ltr'><strong>sigillo</strong></span> <span class='ocrx_word' id='word_1_339' title='bbox 3061 2148 3354 2217; x_wconf 89' lang='lat' dir='ltr'><strong>consiguas</strong></span> <span class='ocrx_word' id='word_1_340' title='bbox 3402 2153 3520 2200; x_wconf 91' lang='lat' dir='ltr'><strong>tuo.</strong></span> 
     </span>
    </p>
   </div>
   <div class='ocr_carea' id='block_1_48' title="bbox 1954 2238 3519 2314">
    <p class='ocr_par' dir='ltr' id='par_1_48' title="bbox 1954 2238 3519 2314">
     <span class='ocr_line' id='line_1_48' title="bbox 1954 2238 3519 2314; baseline -0.006 -14"><span class='ocrx_word' id='word_1_341' title='bbox 1954 2246 2251 2300; x_wconf 81' lang='lat' dir='ltr'><strong>Enimvero</strong></span> <span class='ocrx_word' id='word_1_342' title='bbox 2285 2261 2352 2299; x_wconf 90' lang='lat' dir='ltr'><strong>an</strong></span> <span class='ocrx_word' id='word_1_343' title='bbox 2393 2255 2449 2299; x_wconf 89' lang='lat' dir='ltr'><strong>tu</strong></span> <span class='ocrx_word' id='word_1_344' title='bbox 2484 2243 2709 2314; x_wconf 89' lang='lat' dir='ltr'><strong>quidem</strong></span> <span class='ocrx_word' id='word_1_345' title='bbox 2753 2242 2807 2297; x_wconf 91' lang='lat' dir='ltr'><strong>in</strong></span> <span class='ocrx_word' id='word_1_346' title='bbox 2836 2242 3002 2297; x_wconf 85' lang='lat' dir='ltr'><strong>rebus</strong></span> <span class='ocrx_word' id='word_1_347' title='bbox 3032 2256 3169 2310; x_wconf 80' lang='lat' dir='ltr'><strong>quas</strong></span> <span class='ocrx_word' id='word_1_348' title='bbox 3192 2238 3430 2294; x_wconf 77' lang='lat' dir='ltr'><strong>diximus</strong></span> <span class='ocrx_word' id='word_1_349' title='bbox 3452 2253 3519 2293; x_wconf 78' lang='lat' dir='ltr'><strong>ex</strong></span> 
     </span>
    </p>
   </div>
   <div class='ocr_carea' id='block_1_49' title="bbox 1954 2338 3525 2409">
    <p class='ocr_par' dir='ltr' id='par_1_49' title="bbox 1954 2338 3525 2409">
     <span class='ocr_line' id='line_1_49' title="bbox 1954 2338 3525 2409; baseline -0.006 -16"><span class='ocrx_word' id='word_1_350' title='bbox 1954 2354 2111 2409; x_wconf 61' lang='lat' dir='ltr'><strong>arquo</strong></span> <span class='ocrx_word' id='word_1_351' title='bbox 2138 2354 2263 2395; x_wconf 90' lang='lat' dir='ltr'><strong>cum</strong></span> <span class='ocrx_word' id='word_1_352' title='bbox 2308 2338 2402 2393; x_wconf 76' lang='lat' dir='ltr'><strong>illo</strong></span> <span class='ocrx_word' id='word_1_353' title='bbox 2457 2347 2660 2403; x_wconf 80' lang='lat' dir='ltr'><strong>certas,</strong></span> <span class='ocrx_word' id='word_1_354' title='bbox 2724 2352 2938 2391; x_wconf 92' lang='lat' dir='ltr'><strong>morum</strong></span> <span class='ocrx_word' id='word_1_355' title='bbox 2993 2344 3175 2390; x_wconf 86' lang='lat' dir='ltr'><strong>autem</strong></span> <span class='ocrx_word' id='word_1_356' title='bbox 3225 2342 3525 2388; x_wconf 81' lang='lat' dir='ltr'><strong>consuetu-</strong></span> 
     </span>
    </p>
   </div>
   <div class='ocr_carea' id='block_1_50' title="bbox 1955 2423 3520 2500">
    <p class='ocr_par' dir='ltr' id='par_1_50' title="bbox 1955 2423 3520 2500">
     <span class='ocr_line' id='line_1_50' title="bbox 1955 2423 3520 2500; baseline -0.006 -13"><span class='ocrx_word' id='word_1_357' title='bbox 1955 2433 2105 2498; x_wconf 87' lang='lat' dir='ltr'><strong>dine,</strong></span> <span class='ocrx_word' id='word_1_358' title='bbox 2129 2432 2446 2498; x_wconf 88' lang='lat' dir='ltr'><strong>ciementia,</strong></span> <span class='ocrx_word' id='word_1_359' title='bbox 2476 2429 2948 2500; x_wconf 85' lang='lat' dir='ltr'><strong>magnanimitate,</strong></span> <span class='ocrx_word' id='word_1_360' title='bbox 2981 2426 3385 2489; x_wconf 73' lang='lat' dir='ltr'><strong>misericordia,</strong></span> <span class='ocrx_word' id='word_1_361' title='bbox 3414 2423 3520 2477; x_wconf 87' lang='lat' dir='ltr'><strong>hu-</strong></span> 
     </span>
    </p>
   </div>
   <div class='ocr_carea' id='block_1_51' title="bbox 1957 2513 3521 2593">
    <p class='ocr_par' dir='ltr' id='par_1_51' title="bbox 1957 2513 3521 2593">
     <span class='ocr_line' id='line_1_51' title="bbox 1957 2513 3521 2593; baseline -0.009 -13"><span class='ocrx_word' id='word_1_362' title='bbox 1957 2527 2220 2580; x_wconf 84' lang='lat' dir='ltr'><strong>manitate</strong></span> <span class='ocrx_word' id='word_1_363' title='bbox 2248 2534 2509 2593; x_wconf 60' lang='lat' dir='ltr'><strong>prieterea</strong></span> <span class='ocrx_word' id='word_1_364' title='bbox 2546 2524 2757 2578; x_wconf 83' lang='lat' dir='ltr'><strong>sincera</strong></span> <span class='ocrx_word' id='word_1_365' title='bbox 2781 2533 2837 2576; x_wconf 88' lang='lat' dir='ltr'><strong>et</strong></span> <span class='ocrx_word' id='word_1_366' title='bbox 2860 2518 3227 2574; x_wconf 79' lang='lat' dir='ltr'><strong>simulationis</strong></span> <span class='ocrx_word' id='word_1_367' title='bbox 3248 2518 3434 2587; x_wconf 87' lang='lat' dir='ltr'><strong>ignara</strong></span> <span class='ocrx_word' id='word_1_368' title='bbox 3462 2513 3521 2567; x_wconf 89' lang='lat' dir='ltr'><strong>in</strong></span> 
     </span>
    </p>
   </div>
   <div class='ocr_carea' id='block_1_52' title="bbox 1959 2610 3520 2686">
    <p class='ocr_par' dir='ltr' id='par_1_52' title="bbox 1959 2610 3520 2686">
     <span class='ocr_line' id='line_1_52' title="bbox 1959 2610 3520 2686; baseline -0.007 -13"><span class='ocrx_word' id='word_1_369' title='bbox 1959 2619 2129 2673; x_wconf 87' lang='lat' dir='ltr'><strong>Deum</strong></span> <span class='ocrx_word' id='word_1_370' title='bbox 2196 2617 2484 2686; x_wconf 86' lang='lat' dir='ltr'><strong>religione,</strong></span> <span class='ocrx_word' id='word_1_371' title='bbox 2527 2625 2691 2685; x_wconf 69' lang='lat' dir='ltr'><strong>atque</strong></span> <span class='ocrx_word' id='word_1_372' title='bbox 2725 2616 2776 2668; x_wconf 89' lang='lat' dir='ltr'><strong>in</strong></span> <span class='ocrx_word' id='word_1_373' title='bbox 2818 2615 2912 2669; x_wconf 85' lang='lat' dir='ltr'><strong>Dei</strong></span> <span class='ocrx_word' id='word_1_374' title='bbox 2946 2613 3228 2667; x_wconf 89' lang='lat' dir='ltr'><strong>ministros</strong></span> <span class='ocrx_word' id='word_1_375' title='bbox 3274 2610 3520 2679; x_wconf 81' lang='lat' dir='ltr'><strong>pietate:</strong></span> 
     </span>
    </p>
   </div>
   <div class='ocr_carea' id='block_1_53' title="bbox 1960 2701 3521 2784">
    <p class='ocr_par' dir='ltr' id='par_1_53' title="bbox 1960 2701 3521 2784">
     <span class='ocr_line' id='line_1_53' title="bbox 1960 2701 3521 2784; baseline -0.008 -15"><span class='ocrx_word' id='word_1_376' title='bbox 1960 2716 2190 2784; x_wconf 87' lang='lat' dir='ltr'><strong>insuper</strong></span> <span class='ocrx_word' id='word_1_377' title='bbox 2218 2714 2496 2768; x_wconf 87' lang='lat' dir='ltr'><strong>actionum</strong></span> <span class='ocrx_word' id='word_1_378' title='bbox 2526 2711 2951 2784; x_wconf 81' lang='lat' dir='ltr'><strong>magnificentia,</strong></span> <span class='ocrx_word' id='word_1_379' title='bbox 2984 2720 3323 2779; x_wconf 88' lang='lat' dir='ltr'><strong>operumque</strong></span> <span class='ocrx_word' id='word_1_380' title='bbox 3344 2701 3521 2759; x_wconf 84' lang='lat' dir='ltr'><strong>ambi-</strong></span> 
     </span>
    </p>
   </div>
   <div class='ocr_carea' id='block_1_54' title="bbox 279 2790 3528 2880">
    <p class='ocr_par' dir='ltr' id='par_1_54' title="bbox 279 2790 3528 2880">
     <span class='ocr_line' id='line_1_54' title="bbox 279 2790 3528 2880; baseline 0.003 -38"><span class='ocrx_word' id='word_1_381' title='bbox 279 2790 430 2843; x_wconf 82' lang='lat' dir='ltr'><strong>tioso</strong></span> <span class='ocrx_word' id='word_1_382' title='bbox 496 2796 835 2862; x_wconf 75' lang='lat' dir='ltr'><strong>splendore:</strong></span> <span class='ocrx_word' id='word_1_383' title='bbox 888 2798 1147 2869; x_wconf 79' lang='lat' dir='ltr'><strong>denique,</strong></span> <span class='ocrx_word' id='word_1_384' title='bbox 1205 2802 1351 2870; x_wconf 84' lang='lat' dir='ltr'><strong>quod</strong></span> <span class='ocrx_word' id='word_1_385' title='bbox 1400 2806 1694 2860; x_wconf 78' lang='lat' dir='ltr'><strong>niaximum</strong></span> <span class='ocrx_word' id='word_1_386' title='bbox 1753 2814 1858 2871; x_wconf 90' lang='lat' dir='ltr'><strong>est,</strong></span> <span class='ocrx_word' id='word_1_387' title='bbox 1921 2807 2172 2879; x_wconf 77' lang='lat' dir='ltr'><strong>ﬂagranti</strong></span> <span class='ocrx_word' id='word_1_388' title='bbox 2235 2824 2362 2880; x_wconf 91' lang='lat' dir='ltr'><strong>erga</strong></span> <span class='ocrx_word' id='word_1_389' title='bbox 2398 2808 2564 2863; x_wconf 80' lang='lat' dir='ltr'><strong>Deum</strong></span> <span class='ocrx_word' id='word_1_390' title='bbox 2595 2823 2812 2875; x_wconf 83' lang='lat' dir='ltr'><strong>amore;</strong></span> <span class='ocrx_word' id='word_1_391' title='bbox 2846 2807 2982 2862; x_wconf 89' lang='lat' dir='ltr'><strong>adeo</strong></span> <span class='ocrx_word' id='word_1_392' title='bbox 3005 2819 3158 2869; x_wconf 80' lang='lat' dir='ltr'><strong>sane,</strong></span> <span class='ocrx_word' id='word_1_393' title='bbox 3188 2813 3243 2857; x_wconf 90' lang='lat' dir='ltr'><strong>ut</strong></span> <span class='ocrx_word' id='word_1_394' title='bbox 3277 2815 3528 2865; x_wconf 79' lang='lat' dir='ltr'><strong>omnem,</strong></span> 
     </span>
    </p>
   </div>
   <div class='ocr_carea' id='block_1_55' title="bbox 278 2886 3526 2975">
    <p class='ocr_par' dir='ltr' id='par_1_55' title="bbox 278 2886 3526 2975">
     <span class='ocr_line' id='line_1_55' title="bbox 278 2886 3526 2975; baseline 0.004 -38"><span class='ocrx_word' id='word_1_395' title='bbox 278 2886 445 2975; x_wconf 78' lang='lat' dir='ltr'><strong>sicuti</strong></span> <span class='ocrx_word' id='word_1_396' title='bbox 480 2889 535 2942; x_wconf 91' lang='lat' dir='ltr'><strong>in</strong></span> <span class='ocrx_word' id='word_1_397' title='bbox 567 2891 860 2959; x_wconf 79' lang='lat' dir='ltr'><strong>proverbio</strong></span> <span class='ocrx_word' id='word_1_398' title='bbox 889 2904 995 2954; x_wconf 86' lang='lat' dir='ltr'><strong>est,</strong></span> <span class='ocrx_word' id='word_1_399' title='bbox 1028 2904 1315 2964; x_wconf 66' lang='lat' dir='ltr'><strong>propterea</strong></span> <span class='ocrx_word' id='word_1_400' title='bbox 1353 2899 1589 2953; x_wconf 87' lang='lat' dir='ltr'><strong>moverit</strong></span> <span class='ocrx_word' id='word_1_401' title='bbox 1636 2899 1847 2968; x_wconf 90' lang='lat' dir='ltr'><strong>funem,</strong></span> <span class='ocrx_word' id='word_1_402' title='bbox 1883 2903 2252 2970; x_wconf 82' lang='lat' dir='ltr'><strong>orationibus,</strong></span> <span class='ocrx_word' id='word_1_403' title='bbox 2314 2903 2527 2975; x_wconf 80' lang='lat' dir='ltr'><strong>legibus</strong></span> <span class='ocrx_word' id='word_1_404' title='bbox 2588 2913 2644 2959; x_wconf 93' lang='lat' dir='ltr'><strong>et</strong></span> <span class='ocrx_word' id='word_1_405' title='bbox 2695 2902 2964 2970; x_wconf 82' lang='lat' dir='ltr'><strong>exemplis</strong></span> <span class='ocrx_word' id='word_1_406' title='bbox 3008 2899 3326 2970; x_wconf 88' lang='lat' dir='ltr'><strong>propositis,</strong></span> <span class='ocrx_word' id='word_1_407' title='bbox 3361 2906 3421 2950; x_wconf 91' lang='lat' dir='ltr'><strong>ut</strong></span> <span class='ocrx_word' id='word_1_408' title='bbox 3442 2911 3526 2950; x_wconf 91' lang='lat' dir='ltr'><strong>re-</strong></span> 
     </span>
    </p>
   </div>
   <div class='ocr_carea' id='block_1_56' title="bbox 278 2973 3531 3067">
    <p class='ocr_par' dir='ltr' id='par_1_56' title="bbox 278 2973 3531 3067">
     <span class='ocr_line' id='line_1_56' title="bbox 278 2973 3531 3067; baseline 0.002 -33"><span class='ocrx_word' id='word_1_409' title='bbox 278 2973 503 3049; x_wconf 70' lang='lat' dir='ltr'><strong>iigiouis</strong></span> <span class='ocrx_word' id='word_1_410' title='bbox 575 2985 755 3039; x_wconf 69' lang='lat' dir='ltr'><strong>cultus</strong></span> <span class='ocrx_word' id='word_1_411' title='bbox 817 2987 1157 3043; x_wconf 86' lang='lat' dir='ltr'><strong>incrementa</strong></span> <span class='ocrx_word' id='word_1_412' title='bbox 1205 3006 1302 3045; x_wconf 88' lang='lat' dir='ltr'><strong>sua</strong></span> <span class='ocrx_word' id='word_1_413' title='bbox 1367 3004 1612 3063; x_wconf 88' lang='lat' dir='ltr'><strong>caperet,</strong></span> <span class='ocrx_word' id='word_1_414' title='bbox 1682 3004 1739 3050; x_wconf 89' lang='lat' dir='ltr'><strong>et</strong></span> <span class='ocrx_word' id='word_1_415' title='bbox 1800 3010 1887 3051; x_wconf 91' lang='lat' dir='ltr'><strong>res</strong></span> <span class='ocrx_word' id='word_1_416' title='bbox 1927 3007 2132 3052; x_wconf 73' lang='lat' dir='ltr'><strong>nostra:</strong></span> <span class='ocrx_word' id='word_1_417' title='bbox 2189 3014 2352 3067; x_wconf 90' lang='lat' dir='ltr'><strong>quam</strong></span> <span class='ocrx_word' id='word_1_418' title='bbox 2408 2998 2715 3053; x_wconf 74' lang='lat' dir='ltr'><strong>rectissime</strong></span> <span class='ocrx_word' id='word_1_419' title='bbox 2764 2996 3175 3057; x_wconf 68' lang='lat' dir='ltr'><strong>ordinarentur,</strong></span> <span class='ocrx_word' id='word_1_420' title='bbox 3225 2992 3407 3061; x_wconf 90' lang='lat' dir='ltr'><strong>aliqua</strong></span> <span class='ocrx_word' id='word_1_421' title='bbox 3456 3005 3531 3043; x_wconf 70' lang='lat' dir='ltr'><strong>ex.</strong></span> 
     </span>
    </p>
   </div>
   <div class='ocr_carea' id='block_1_57' title="bbox 280 3075 3526 3160">
    <p class='ocr_par' dir='ltr' id='par_1_57' title="bbox 280 3075 3526 3160">
     <span class='ocr_line' id='line_1_57' title="bbox 280 3075 3526 3160; baseline 0.003 -35"><span class='ocrx_word' id='word_1_422' title='bbox 280 3086 434 3141; x_wconf 86' lang='lat' dir='ltr'><strong>parte</strong></span> <span class='ocrx_word' id='word_1_423' title='bbox 468 3075 563 3128; x_wconf 91' lang='lat' dir='ltr'><strong>illo</strong></span> <span class='ocrx_word' id='word_1_424' title='bbox 592 3077 820 3131; x_wconf 89' lang='lat' dir='ltr'><strong>inferior</strong></span> <span class='ocrx_word' id='word_1_425' title='bbox 850 3082 1124 3135; x_wconf 86' lang='lat' dir='ltr'><strong>secundas</strong></span> <span class='ocrx_word' id='word_1_426' title='bbox 1166 3083 1319 3137; x_wconf 86' lang='lat' dir='ltr'><strong>fers?</strong></span> <span class='ocrx_word' id='word_1_427' title='bbox 1380 3085 1433 3138; x_wconf 89' lang='lat' dir='ltr'><strong>id</strong></span> <span class='ocrx_word' id='word_1_428' title='bbox 1470 3101 1602 3140; x_wconf 84' lang='lat' dir='ltr'><strong>vero</strong></span> <span class='ocrx_word' id='word_1_429' title='bbox 1636 3095 1846 3141; x_wconf 89' lang='lat' dir='ltr'><strong>tantum</strong></span> <span class='ocrx_word' id='word_1_430' title='bbox 1887 3089 2066 3155; x_wconf 82' lang='lat' dir='ltr'><strong>abest,</strong></span> <span class='ocrx_word' id='word_1_431' title='bbox 2142 3098 2201 3143; x_wconf 90' lang='lat' dir='ltr'><strong>ut</strong></span> <span class='ocrx_word' id='word_1_432' title='bbox 2230 3090 2332 3144; x_wconf 81' lang='lat' dir='ltr'><strong>nisi</strong></span> <span class='ocrx_word' id='word_1_433' title='bbox 2361 3091 2505 3160; x_wconf 90' lang='lat' dir='ltr'><strong>quod</strong></span> <span class='ocrx_word' id='word_1_434' title='bbox 2535 3089 2773 3143; x_wconf 89' lang='lat' dir='ltr'><strong>medium</strong></span> <span class='ocrx_word' id='word_1_435' title='bbox 2811 3086 3119 3141; x_wconf 80' lang='lat' dir='ltr'><strong>intercessit</strong></span> <span class='ocrx_word' id='word_1_436' title='bbox 3144 3095 3381 3154; x_wconf 87' lang='lat' dir='ltr'><strong>tempus,</strong></span> <span class='ocrx_word' id='word_1_437' title='bbox 3442 3083 3526 3135; x_wconf 89' lang='lat' dir='ltr'><strong>iu-</strong></span> 
     </span>
    </p>
   </div>
   <div class='ocr_carea' id='block_1_58' title="bbox 280 3168 3525 3251">
    <p class='ocr_par' dir='ltr' id='par_1_58' title="bbox 280 3168 3525 3251">
     <span class='ocr_line' id='line_1_58' title="bbox 280 3168 3525 3251; baseline 0.004 -34"><span class='ocrx_word' id='word_1_438' title='bbox 280 3168 572 3221; x_wconf 77' lang='lat' dir='ltr'><strong>tervallum</strong></span> <span class='ocrx_word' id='word_1_439' title='bbox 605 3171 881 3236; x_wconf 85' lang='lat' dir='ltr'><strong>quoddam</strong></span> <span class='ocrx_word' id='word_1_440' title='bbox 914 3172 1160 3239; x_wconf 79' lang='lat' dir='ltr'><strong>fecisset,</strong></span> <span class='ocrx_word' id='word_1_441' title='bbox 1198 3175 1336 3228; x_wconf 91' lang='lat' dir='ltr'><strong>nihil</strong></span> <span class='ocrx_word' id='word_1_442' title='bbox 1366 3191 1591 3245; x_wconf 84' lang='lat' dir='ltr'><strong>prorsus</strong></span> <span class='ocrx_word' id='word_1_443' title='bbox 1639 3178 2023 3246; x_wconf 89' lang='lat' dir='ltr'><strong>impedimenti</strong></span> <span class='ocrx_word' id='word_1_444' title='bbox 2098 3182 2363 3243; x_wconf 80' lang='lat' dir='ltr'><strong>obstaret,</strong></span> <span class='ocrx_word' id='word_1_445' title='bbox 2428 3182 2726 3251; x_wconf 84' lang='lat' dir='ltr'><strong>quominus</strong></span> <span class='ocrx_word' id='word_1_446' title='bbox 2792 3180 2933 3234; x_wconf 73' lang='lat' dir='ltr'><strong>alter</strong></span> <span class='ocrx_word' id='word_1_447' title='bbox 2974 3179 3028 3233; x_wconf 92' lang='lat' dir='ltr'><strong>in</strong></span> <span class='ocrx_word' id='word_1_448' title='bbox 3068 3179 3241 3233; x_wconf 90' lang='lat' dir='ltr'><strong>altero</strong></span> <span class='ocrx_word' id='word_1_449' title='bbox 3265 3179 3404 3231; x_wconf 89' lang='lat' dir='ltr'><strong>situs</strong></span> <span class='ocrx_word' id='word_1_450' title='bbox 3433 3193 3525 3231; x_wconf 92' lang='lat' dir='ltr'><strong>es-</strong></span> 
     </span>
    </p>
   </div>
   <div class='ocr_carea' id='block_1_59' title="bbox 276 3251 3524 3353">
    <p class='ocr_par' dir='ltr' id='par_1_59' title="bbox 276 3251 3524 3353">
     <span class='ocr_line' id='line_1_59' title="bbox 276 3251 3524 3353; baseline -0.002 -25"><span class='ocrx_word' id='word_1_451' title='bbox 276 3268 407 3312; x_wconf 70' lang='grc' dir='ltr'><strong>εειῖ</strong></span> <span class='ocrx_word' id='word_1_452' title='bbox 449 3267 508 3312; x_wconf 78' lang='grc' dir='ltr'><strong>ει</strong></span> <span class='ocrx_word' id='word_1_453' title='bbox 543 3260 683 3313; x_wconf 56' lang='lat' dir='ltr'><strong>“uel”</strong></span> <span class='ocrx_word' id='word_1_454' title='bbox 713 3261 784 3314; x_wconf 66' lang='lat' dir='ltr'><strong>ab</strong></span> <span class='ocrx_word' id='word_1_455' title='bbox 809 3265 1207 3353; x_wconf 50' lang='lat' dir='ltr'><strong>a&quot;emisitque</strong></span> <span class='ocrx_word' id='word_1_456' title='bbox 1272 3266 1412 3320; x_wconf 91' lang='lat' dir='ltr'><strong>adeo</strong></span> <span class='ocrx_word' id='word_1_457' title='bbox 1473 3284 1571 3337; x_wconf 90' lang='lat' dir='ltr'><strong>per</strong></span> <span class='ocrx_word' id='word_1_458' title='bbox 1623 3270 1883 3335; x_wconf 79' lang='lat' dir='ltr'><strong>alterum,</strong></span> <span class='ocrx_word' id='word_1_459' title='bbox 1929 3272 2230 3341; x_wconf 89' lang='lat' dir='ltr'><strong>inpublieo</strong></span> <span class='ocrx_word' id='word_1_460' title='bbox 2281 3274 2667 3336; x_wconf 84' lang='lat' dir='ltr'><strong>obambulans,</strong></span> <span class='ocrx_word' id='word_1_461' title='bbox 2718 3272 2822 3342; x_wconf 72' lang='lat'><strong>23</strong></span> <span class='ocrx_word' id='word_1_462' title='bbox 2889 3280 3116 3343; x_wconf 76' lang='lat' dir='ltr'><strong>propter</strong></span> <span class='ocrx_word' id='word_1_463' title='bbox 3172 3251 3524 3325; x_wconf 78' lang='lat' dir='ltr'><strong>indiscretum</strong></span> 
     </span>
    </p>
   </div>
   <div class='ocr_carea' id='block_1_60' title="bbox 278 3353 3531 3438">
    <p class='ocr_par' dir='ltr' id='par_1_60' title="bbox 278 3353 3531 3438">
     <span class='ocr_line' id='line_1_60' title="bbox 278 3353 3531 3438; baseline 0.004 -31"><span class='ocrx_word' id='word_1_464' title='bbox 278 3353 709 3408; x_wconf 81' lang='lat' dir='ltr'><strong>similitudinem</strong></span> <span class='ocrx_word' id='word_1_465' title='bbox 739 3358 809 3410; x_wconf 88' lang='lat' dir='ltr'><strong>ita</strong></span> <span class='ocrx_word' id='word_1_466' title='bbox 835 3369 1263 3427; x_wconf 82' lang='lat' dir='ltr'><strong>cognosceretur</strong></span> <span class='ocrx_word' id='word_1_467' title='bbox 1284 3401 1298 3426; x_wconf 94' lang='lat'><strong>,</strong></span> <span class='ocrx_word' id='word_1_468' title='bbox 1336 3370 1396 3414; x_wconf 94' lang='lat' dir='ltr'><strong>ut</strong></span> <span class='ocrx_word' id='word_1_469' title='bbox 1421 3378 1518 3432; x_wconf 92' lang='lat' dir='ltr'><strong>per</strong></span> <span class='ocrx_word' id='word_1_470' title='bbox 1545 3379 1663 3418; x_wconf 84' lang='lat' dir='ltr'><strong>eam</strong></span> <span class='ocrx_word' id='word_1_471' title='bbox 1734 3365 2155 3424; x_wconf 86' lang='lat' dir='ltr'><strong>similitudinem</strong></span> <span class='ocrx_word' id='word_1_472' title='bbox 2183 3410 2197 3433; x_wconf 91' lang='lat'><strong>,</strong></span> <span class='ocrx_word' id='word_1_473' title='bbox 2268 3371 2395 3424; x_wconf 90' lang='lat' dir='ltr'><strong>dum</strong></span> <span class='ocrx_word' id='word_1_474' title='bbox 2431 3382 2659 3438; x_wconf 84' lang='lat' dir='ltr'><strong>uterque</strong></span> <span class='ocrx_word' id='word_1_475' title='bbox 2690 3369 2829 3423; x_wconf 87' lang='lat' dir='ltr'><strong>alter</strong></span> <span class='ocrx_word' id='word_1_476' title='bbox 2852 3368 2965 3437; x_wconf 89' lang='lat' dir='ltr'><strong>ipse</strong></span> <span class='ocrx_word' id='word_1_477' title='bbox 2994 3376 3236 3422; x_wconf 85' lang='lat' dir='ltr'><strong>vestrum</strong></span> <span class='ocrx_word' id='word_1_478' title='bbox 3302 3383 3531 3436; x_wconf 86' lang='lat' dir='ltr'><strong>prorsus</strong></span> 
     </span>
    </p>
   </div>
   <div class='ocr_carea' id='block_1_61' title="bbox 276 3448 3530 3531">
    <p class='ocr_par' dir='ltr' id='par_1_61' title="bbox 276 3448 3530 3531">
     <span class='ocr_line' id='line_1_61' title="bbox 276 3448 3530 3531; baseline 0.004 -31"><span class='ocrx_word' id='word_1_479' title='bbox 276 3461 403 3501; x_wconf 81' lang='lat' dir='ltr'><strong>esse</strong></span> <span class='ocrx_word' id='word_1_480' title='bbox 436 3465 465 3499; x_wconf 88' lang='lat' dir='ltr'><strong>a</strong></span> <span class='ocrx_word' id='word_1_481' title='bbox 524 3448 771 3518; x_wconf 88' lang='lat' dir='ltr'><strong>quolibet</strong></span> <span class='ocrx_word' id='word_1_482' title='bbox 820 3451 1189 3520; x_wconf 84' lang='lat' dir='ltr'><strong>judicaretur,</strong></span> <span class='ocrx_word' id='word_1_483' title='bbox 1246 3463 1498 3509; x_wconf 89' lang='lat' dir='ltr'><strong>uternam</strong></span> <span class='ocrx_word' id='word_1_484' title='bbox 1546 3467 1714 3523; x_wconf 86' lang='lat' dir='ltr'><strong>esset,</strong></span> <span class='ocrx_word' id='word_1_485' title='bbox 1743 3476 1851 3514; x_wconf 93' lang='lat' dir='ltr'><strong>non</strong></span> <span class='ocrx_word' id='word_1_486' title='bbox 1896 3462 2029 3517; x_wconf 89' lang='lat' dir='ltr'><strong>satis</strong></span> <span class='ocrx_word' id='word_1_487' title='bbox 2067 3472 2369 3526; x_wconf 68' lang='lat' dir='ltr'><strong>constaret,</strong></span> <span class='ocrx_word' id='word_1_488' title='bbox 2439 3452 2904 3531; x_wconf 82' lang='lat' dir='ltr'><strong>quemadmodum</strong></span> <span class='ocrx_word' id='word_1_489' title='bbox 2966 3462 3109 3517; x_wconf 83' lang='lat' dir='ltr'><strong>aeris</strong></span> <span class='ocrx_word' id='word_1_490' title='bbox 3132 3471 3358 3529; x_wconf 70' lang='lat' dir='ltr'><strong>ctaqum</strong></span> <span class='ocrx_word' id='word_1_491' title='bbox 3383 3460 3530 3513; x_wconf 82' lang='lat' dir='ltr'><strong>inter</strong></span> 
     </span>
    </p>
   </div>
   <div class='ocr_carea' id='block_1_62' title="bbox 277 3547 3525 3629">
    <p class='ocr_par' dir='ltr' id='par_1_62' title="bbox 277 3547 3525 3629">
     <span class='ocr_line' id='line_1_62' title="bbox 277 3547 3525 3629; baseline -0.002 -14"><span class='ocrx_word' id='word_1_492' title='bbox 277 3559 339 3598; x_wconf 68' lang='lat'><strong>5&quot;-</strong></span> <span class='ocrx_word' id='word_1_493' title='bbox 370 3547 676 3600; x_wconf 66' lang='grc' dir='ltr'><strong>εοῐηηιίειεε</strong></span> <span class='ocrx_word' id='word_1_494' title='bbox 706 3557 911 3617; x_wconf 68' lang='grc' dir='ltr'><strong>Ρεπιεεο</strong></span> <span class='ocrx_word' id='word_1_495' title='bbox 940 3550 1081 3614; x_wconf 73' lang='lat' dir='ltr'><strong>Quin</strong></span> <span class='ocrx_word' id='word_1_496' title='bbox 1112 3560 1167 3603; x_wconf 91' lang='lat' dir='ltr'><strong>et</strong></span> <span class='ocrx_word' id='word_1_497' title='bbox 1194 3550 1350 3617; x_wconf 90' lang='lat' dir='ltr'><strong>illud,</strong></span> <span class='ocrx_word' id='word_1_498' title='bbox 1388 3562 1552 3624; x_wconf 88' lang='lat' dir='ltr'><strong>atque</strong></span> <span class='ocrx_word' id='word_1_499' title='bbox 1590 3556 1855 3611; x_wconf 89' lang='lat' dir='ltr'><strong>audacter</strong></span> <span class='ocrx_word' id='word_1_500' title='bbox 1891 3559 2133 3628; x_wconf 90' lang='lat' dir='ltr'><strong>quidem,</strong></span> <span class='ocrx_word' id='word_1_501' title='bbox 2196 3577 2304 3614; x_wconf 89' lang='lat' dir='ltr'><strong>non</strong></span> <span class='ocrx_word' id='word_1_502' title='bbox 2340 3571 2516 3615; x_wconf 89' lang='lat' dir='ltr'><strong>tamen</strong></span> <span class='ocrx_word' id='word_1_503' title='bbox 2574 3570 2769 3629; x_wconf 72' lang='lat' dir='ltr'><strong>pra-ter</strong></span> <span class='ocrx_word' id='word_1_504' title='bbox 2805 3560 3026 3613; x_wconf 88' lang='lat' dir='ltr'><strong>modqu</strong></span> <span class='ocrx_word' id='word_1_505' title='bbox 3055 3558 3289 3621; x_wconf 88' lang='lat' dir='ltr'><strong>dicetur,</strong></span> <span class='ocrx_word' id='word_1_506' title='bbox 3315 3555 3525 3611; x_wconf 83' lang='lat' dir='ltr'><strong>eisdem</strong></span> 
     </span>
    </p>
   </div>
   <div class='ocr_carea' id='block_1_63' title="bbox 280 3639 3528 3720">
    <p class='ocr_par' dir='ltr' id='par_1_63' title="bbox 280 3639 3528 3720">
     <span class='ocr_line' id='line_1_63' title="bbox 280 3639 3528 3720; baseline 0.003 -29"><span class='ocrx_word' id='word_1_507' title='bbox 280 3647 334 3691; x_wconf 81' lang='lat' dir='ltr'><strong>te</strong></span> <span class='ocrx_word' id='word_1_508' title='bbox 364 3639 607 3692; x_wconf 89' lang='lat' dir='ltr'><strong>cumiilo</strong></span> <span class='ocrx_word' id='word_1_509' title='bbox 628 3640 816 3707; x_wconf 73' lang='lat' dir='ltr'><strong>gloriae</strong></span> <span class='ocrx_word' id='word_1_510' title='bbox 851 3651 909 3696; x_wconf 91' lang='lat' dir='ltr'><strong>et</strong></span> <span class='ocrx_word' id='word_1_511' title='bbox 964 3654 1440 3708; x_wconf 79' lang='lat' dir='ltr'><strong>ornamentorum,</strong></span> <span class='ocrx_word' id='word_1_512' title='bbox 1488 3646 1620 3701; x_wconf 85' lang='lat' dir='ltr'><strong>item</strong></span> <span class='ocrx_word' id='word_1_513' title='bbox 1670 3657 1848 3704; x_wconf 87' lang='lat' dir='ltr'><strong>status</strong></span> <span class='ocrx_word' id='word_1_514' title='bbox 1886 3651 2053 3705; x_wconf 91' lang='lat' dir='ltr'><strong>simul</strong></span> <span class='ocrx_word' id='word_1_515' title='bbox 2114 3660 2171 3706; x_wconf 93' lang='lat' dir='ltr'><strong>et</strong></span> <span class='ocrx_word' id='word_1_516' title='bbox 2232 3651 2468 3713; x_wconf 88' lang='lat' dir='ltr'><strong>ordinis,</strong></span> <span class='ocrx_word' id='word_1_517' title='bbox 2498 3650 2925 3720; x_wconf 64' lang='lat' dir='ltr'><strong>apostolicmque</strong></span> <span class='ocrx_word' id='word_1_518' title='bbox 2986 3651 3144 3719; x_wconf 87' lang='lat' dir='ltr'><strong>plane</strong></span> <span class='ocrx_word' id='word_1_519' title='bbox 3202 3650 3528 3702; x_wconf 57' lang='lat' dir='ltr'><strong>vocationis.</strong></span> 
     </span>
    </p>
   </div>
   <div class='ocr_carea' id='block_1_64' title="bbox 280 3737 3529 3817">
    <p class='ocr_par' dir='ltr' id='par_1_64' title="bbox 280 3737 3529 3817">
     <span class='ocr_line' id='line_1_64' title="bbox 280 3737 3529 3817; baseline 0.004 -32"><span class='ocrx_word' id='word_1_520' title='bbox 280 3750 389 3787; x_wconf 87' lang='lat' dir='ltr'><strong>una</strong></span> <span class='ocrx_word' id='word_1_521' title='bbox 422 3749 547 3788; x_wconf 91' lang='lat' dir='ltr'><strong>cum</strong></span> <span class='ocrx_word' id='word_1_522' title='bbox 578 3737 793 3790; x_wconf 90' lang='lat' dir='ltr'><strong>diutino</strong></span> <span class='ocrx_word' id='word_1_523' title='bbox 825 3738 940 3804; x_wconf 92' lang='lat' dir='ltr'><strong>illo,</strong></span> <span class='ocrx_word' id='word_1_524' title='bbox 990 3747 1048 3793; x_wconf 93' lang='lat' dir='ltr'><strong>et</strong></span> <span class='ocrx_word' id='word_1_525' title='bbox 1099 3740 1243 3809; x_wconf 91' lang='lat' dir='ltr'><strong>quod</strong></span> <span class='ocrx_word' id='word_1_526' title='bbox 1297 3744 1705 3798; x_wconf 85' lang='lat' dir='ltr'><strong>successionem</strong></span> <span class='ocrx_word' id='word_1_527' title='bbox 1760 3747 2017 3812; x_wconf 87' lang='lat' dir='ltr'><strong>nesciat,</strong></span> <span class='ocrx_word' id='word_1_528' title='bbox 2081 3762 2253 3817; x_wconf 87' lang='lat' dir='ltr'><strong>regno</strong></span> <span class='ocrx_word' id='word_1_529' title='bbox 2311 3754 2367 3803; x_wconf 88' lang='lat' dir='ltr'><strong>et</strong></span> <span class='ocrx_word' id='word_1_530' title='bbox 2430 3746 2682 3815; x_wconf 86' lang='lat' dir='ltr'><strong>imperio,</strong></span> <span class='ocrx_word' id='word_1_531' title='bbox 2716 3747 2957 3816; x_wconf 72' lang='lat' dir='ltr'><strong>praemiis</strong></span> <span class='ocrx_word' id='word_1_532' title='bbox 2980 3756 3036 3800; x_wconf 91' lang='lat' dir='ltr'><strong>ct</strong></span> <span class='ocrx_word' id='word_1_533' title='bbox 3069 3746 3371 3799; x_wconf 73' lang='lat' dir='ltr'><strong>honoribus</strong></span> <span class='ocrx_word' id='word_1_534' title='bbox 3396 3759 3529 3799; x_wconf 87' lang='lat' dir='ltr'><strong>sane</strong></span> 
     </span>
    </p>
   </div>
   <div class='ocr_carea' id='block_1_65' title="bbox 280 3837 1465 3911">
    <p class='ocr_par' dir='ltr' id='par_1_65' title="bbox 280 3837 1465 3911">
     <span class='ocr_line' id='line_1_65' title="bbox 280 3837 1465 3911; baseline 0.008 -25"><span class='ocrx_word' id='word_1_535' title='bbox 280 3851 451 3908; x_wconf 81' lang='lat' dir='ltr'><strong>quant</strong></span> <span class='ocrx_word' id='word_1_536' title='bbox 478 3837 769 3905; x_wconf 88' lang='lat' dir='ltr'><strong>splendide</strong></span> <span class='ocrx_word' id='word_1_537' title='bbox 804 3839 975 3894; x_wconf 85' lang='lat' dir='ltr'><strong>Deum</strong></span> <span class='ocrx_word' id='word_1_538' title='bbox 1006 3841 1289 3911; x_wconf 86' lang='lat' dir='ltr'><strong>dignatqu</strong></span> <span class='ocrx_word' id='word_1_539' title='bbox 1322 3858 1465 3898; x_wconf 85' lang='lat' dir='ltr'><strong>esse.</strong></span> 
     </span>
    </p>
   </div>
   <div class='ocr_carea' id='block_1_66' title="bbox 350 3953 1854 4038">
    <p class='ocr_par' dir='ltr' id='par_1_66' title="bbox 350 3953 1852 4038">
     <span class='ocr_line' id='line_1_66' title="bbox 350 3953 1852 4038; baseline 0.005 -26"><span class='ocrx_word' id='word_1_540' title='bbox 350 3953 481 4029; x_wconf 66' lang='grc' dir='ltr'>’Ἆρ’</span> <span class='ocrx_word' id='word_1_541' title='bbox 524 3958 617 4009; x_wconf 81' lang='grc' dir='ltr'>οὖν</span> <span class='ocrx_word' id='word_1_542' title='bbox 666 3958 862 4016; x_wconf 66' lang='grc' dir='ltr'>ίκσνῶς</span> <span class='ocrx_word' id='word_1_543' title='bbox 898 3960 926 4010; x_wconf 87' lang='grc' dir='ltr'><strong>ό</strong></span> <span class='ocrx_word' id='word_1_544' title='bbox 961 3958 1118 4027; x_wconf 87' lang='grc' dir='ltr'>λόγος</span> <span class='ocrx_word' id='word_1_545' title='bbox 1162 3961 1250 4012; x_wconf 71' lang='grc' dir='ltr'>τὸν</span> <span class='ocrx_word' id='word_1_546' title='bbox 1297 3962 1428 4029; x_wconf 68' lang='grc' dir='ltr'>ἐμὸν</span> <span class='ocrx_word' id='word_1_547' title='bbox 1474 3964 1852 4038; x_wconf 71' lang='grc' dir='ltr'>αὐτοκράτορι</span> 
     </span>
    </p>
   </div>
   <div class='ocr_carea' id='block_1_67' title="bbox 1962 3953 3530 4038">
    <p class='ocr_par' dir='ltr' id='par_1_67' title="bbox 2028 3959 3530 4033">
     <span class='ocr_line' id='line_1_67' title="bbox 2028 3959 3530 4033; baseline -0.013 -7"><span class='ocrx_word' id='word_1_548' title='bbox 2028 3969 2134 4027; x_wconf 88' lang='lat' dir='ltr'><strong>Sed</strong></span> <span class='ocrx_word' id='word_1_549' title='bbox 2176 3968 2326 4024; x_wconf 89' lang='lat' dir='ltr'><strong>enim</strong></span> <span class='ocrx_word' id='word_1_550' title='bbox 2363 3982 2493 4021; x_wconf 90' lang='lat' dir='ltr'><strong>num</strong></span> <span class='ocrx_word' id='word_1_551' title='bbox 2525 3978 2671 4019; x_wconf 90' lang='lat' dir='ltr'><strong>recte</strong></span> <span class='ocrx_word' id='word_1_552' title='bbox 2697 3973 2750 4019; x_wconf 89' lang='lat' dir='ltr'><strong>et</strong></span> <span class='ocrx_word' id='word_1_553' title='bbox 2780 3964 2943 4033; x_wconf 87' lang='lat' dir='ltr'><strong>digne</strong></span> <span class='ocrx_word' id='word_1_554' title='bbox 2982 3961 3114 4015; x_wconf 89' lang='lat' dir='ltr'><strong>satis</strong></span> <span class='ocrx_word' id='word_1_555' title='bbox 3145 3962 3323 4014; x_wconf 85' lang='lat' dir='ltr'><strong>oratio</strong></span> <span class='ocrx_word' id='word_1_556' title='bbox 3356 3959 3530 4026; x_wconf 75' lang='lat' dir='ltr'><strong>impe-</strong></span> 
     </span>
    </p>
   </div>
   <div class='ocr_carea' id='block_1_68' title="bbox 280 4052 1859 4131">
    <p class='ocr_par' dir='ltr' id='par_1_68' title="bbox 280 4052 1859 4131">
     <span class='ocr_line' id='line_1_68' title="bbox 280 4052 1859 4131; baseline 0.007 -27"><span class='ocrx_word' id='word_1_557' title='bbox 280 4056 374 4104; x_wconf 76' lang='grc' dir='ltr'><strong>καὶ</strong></span> <span class='ocrx_word' id='word_1_558' title='bbox 414 4052 647 4119; x_wconf 69' lang='grc' dir='ltr'>ἀρίστοις</span> <span class='ocrx_word' id='word_1_559' title='bbox 678 4052 1185 4122; x_wconf 71' lang='grc' dir='ltr'>ὑπεζωγράφησεν;</span> <span class='ocrx_word' id='word_1_560' title='bbox 1223 4055 1292 4106; x_wconf 83' lang='grc' dir='ltr'><em>Ἢ</em></span> <span class='ocrx_word' id='word_1_561' title='bbox 1331 4056 1430 4120; x_wconf 84' lang='grc' dir='ltr'>δεῖ,</span> <span class='ocrx_word' id='word_1_562' title='bbox 1458 4057 1710 4131; x_wconf 78' lang='grc' dir='ltr'>καθάπερ</span> <span class='ocrx_word' id='word_1_563' title='bbox 1734 4062 1859 4126; x_wconf 79' lang='grc' dir='ltr'>τοὺς</span> 
     </span>
    </p>
   </div>
   <div class='ocr_carea' id='block_1_69' title="bbox 279 4144 1860 4222">
    <p class='ocr_par' dir='ltr' id='par_1_69' title="bbox 279 4144 1860 4222">
     <span class='ocr_line' id='line_1_69' title="bbox 279 4144 1860 4222; baseline 0.008 -28"><span class='ocrx_word' id='word_1_564' title='bbox 279 4146 394 4194; x_wconf 80' lang='grc' dir='ltr'><strong>τῶν</strong></span> <span class='ocrx_word' id='word_1_565' title='bbox 443 4144 749 4212; x_wconf 75' lang='grc' dir='ltr'>ζωγράφων</span> <span class='ocrx_word' id='word_1_566' title='bbox 794 4146 1070 4210; x_wconf 79' lang='grc' dir='ltr'>ὲπιμενεῖς</span> <span class='ocrx_word' id='word_1_567' title='bbox 1121 4147 1325 4217; x_wconf 75' lang='grc' dir='ltr'>καὶμὴ</span> <span class='ocrx_word' id='word_1_568' title='bbox 1374 4150 1633 4217; x_wconf 73' lang='grc' dir='ltr'>φαύλους,</span> <span class='ocrx_word' id='word_1_569' title='bbox 1664 4170 1860 4222; x_wconf 82' lang='grc' dir='ltr'>προσε-</span> 
     </span>
    </p>
   </div>
   <div class='ocr_carea' id='block_1_70' title="bbox 285 4234 1861 4312">
    <p class='ocr_par' dir='ltr' id='par_1_70' title="bbox 285 4234 1861 4312">
     <span class='ocr_line' id='line_1_70' title="bbox 285 4234 1861 4312; baseline 0.008 -27"><span class='ocrx_word' id='word_1_570' title='bbox 285 4234 575 4287; x_wconf 71' lang='grc' dir='ltr'>πιδάλλειν</span> <span class='ocrx_word' id='word_1_571' title='bbox 610 4236 701 4288; x_wconf 79' lang='grc' dir='ltr'><strong>καὶ</strong></span> <span class='ocrx_word' id='word_1_572' title='bbox 745 4236 906 4301; x_wconf 74' lang='grc' dir='ltr'>ἕτερα</span> <span class='ocrx_word' id='word_1_573' title='bbox 942 4236 1243 4305; x_wconf 71' lang='grc' dir='ltr'>χρώματα;</span> <span class='ocrx_word' id='word_1_574' title='bbox 1291 4239 1449 4294; x_wconf 76' lang='grc' dir='ltr'>Ἀλλὰ</span> <span class='ocrx_word' id='word_1_575' title='bbox 1481 4240 1562 4305; x_wconf 92' lang='grc' dir='ltr'><strong>τίς</strong></span> <span class='ocrx_word' id='word_1_576' title='bbox 1594 4242 1661 4296; x_wconf 86' lang='grc' dir='ltr'>ἂν</span> <span class='ocrx_word' id='word_1_577' title='bbox 1705 4245 1861 4312; x_wconf 81' lang='grc' dir='ltr'>λόγος</span> 
     </span>
    </p>
   </div>
   <div class='ocr_carea' id='block_1_71' title="bbox 278 4327 1857 4404">
    <p class='ocr_par' dir='ltr' id='par_1_71' title="bbox 278 4327 1857 4404">
     <span class='ocr_line' id='line_1_71' title="bbox 278 4327 1857 4404; baseline 0.006 -26"><span class='ocrx_word' id='word_1_578' title='bbox 278 4328 481 4388; x_wconf 57' lang='grc' dir='ltr'>καλλος</span> <span class='ocrx_word' id='word_1_579' title='bbox 503 4327 758 4379; x_wconf 67' lang='grc' dir='ltr'>τοσοῦτον</span> <span class='ocrx_word' id='word_1_580' title='bbox 778 4330 871 4381; x_wconf 68' lang='grc' dir='ltr'><strong>καὶ</strong></span> <span class='ocrx_word' id='word_1_581' title='bbox 886 4329 1065 4397; x_wconf 72' lang='grc' dir='ltr'>ψυχῆς</span> <span class='ocrx_word' id='word_1_582' title='bbox 1086 4330 1179 4382; x_wconf 67' lang='grc' dir='ltr'><strong>καὶ</strong></span> <span class='ocrx_word' id='word_1_583' title='bbox 1198 4329 1445 4398; x_wconf 82' lang='grc' dir='ltr'>σώματος</span> <span class='ocrx_word' id='word_1_584' title='bbox 1468 4332 1857 4404; x_wconf 64' lang='grc' dir='ltr'>διαγράψειενς</span> 
     </span>
    </p>
   </div>
   <div class='ocr_carea' id='block_1_72' title="bbox 293 4416 1858 4492">
    <p class='ocr_par' dir='ltr' id='par_1_72' title="bbox 293 4416 1858 4492">
     <span class='ocr_line' id='line_1_72' title="bbox 293 4416 1858 4492; baseline 0.006 -21"><span class='ocrx_word' id='word_1_585' title='bbox 293 4420 440 4484; x_wconf 75' lang='grc' dir='ltr'><strong>Ἐγὼ</strong></span> <span class='ocrx_word' id='word_1_586' title='bbox 479 4418 581 4487; x_wconf 84' lang='grc' dir='ltr'>μὲν</span> <span class='ocrx_word' id='word_1_587' title='bbox 609 4420 707 4471; x_wconf 76' lang='grc' dir='ltr'><strong>οὐκ</strong></span> <span class='ocrx_word' id='word_1_588' title='bbox 736 4416 908 4485; x_wconf 71' lang='grc' dir='ltr'>οἶμαι,</span> <span class='ocrx_word' id='word_1_589' title='bbox 944 4422 1048 4474; x_wconf 79' lang='grc' dir='ltr'>κᾶν</span> <span class='ocrx_word' id='word_1_590' title='bbox 1077 4422 1278 4484; x_wconf 71' lang='grc' dir='ltr'>πάντες</span> <span class='ocrx_word' id='word_1_591' title='bbox 1303 4426 1378 4484; x_wconf 84' lang='grc' dir='ltr'><strong>εἰς</strong></span> <span class='ocrx_word' id='word_1_592' title='bbox 1410 4423 1469 4475; x_wconf 86' lang='grc' dir='ltr'>ἒν</span> <span class='ocrx_word' id='word_1_593' title='bbox 1502 4423 1700 4492; x_wconf 78' lang='grc' dir='ltr'>ἁθρόον</span> <span class='ocrx_word' id='word_1_594' title='bbox 1760 4431 1858 4481; x_wconf 80' lang='grc' dir='ltr'><strong>καὶ</strong></span> 
     </span>
    </p>
   </div>
   <div class='ocr_carea' id='block_1_73' title="bbox 279 4511 1857 4589">
    <p class='ocr_par' dir='ltr' id='par_1_73' title="bbox 279 4511 1857 4589">
     <span class='ocr_line' id='line_1_73' title="bbox 279 4511 1857 4589; baseline 0.007 -28"><span class='ocrx_word' id='word_1_595' title='bbox 279 4511 458 4562; x_wconf 65' lang='grc' dir='ltr'>ταν)τὰ</span> <span class='ocrx_word' id='word_1_596' title='bbox 500 4511 802 4577; x_wconf 78' lang='grc' dir='ltr'>γένωνται·</span> <span class='ocrx_word' id='word_1_597' title='bbox 835 4512 1064 4564; x_wconf 76' lang='grc' dir='ltr'>Πλάτων</span> <span class='ocrx_word' id='word_1_598' title='bbox 1104 4515 1312 4576; x_wconf 68' lang='grc' dir='ltr'>ἐκεῖνος</span> <span class='ocrx_word' id='word_1_599' title='bbox 1348 4518 1445 4583; x_wconf 81' lang='grc' dir='ltr'>τῆς</span> <span class='ocrx_word' id='word_1_600' title='bbox 1477 4519 1857 4589; x_wconf 80' lang='grc' dir='ltr'>μεγαληγόρου</span> 
     </span>
    </p>
   </div>
   <div class='ocr_carea' id='block_1_74' title="bbox 280 4604 1860 4681">
    <p class='ocr_par' dir='ltr' id='par_1_74' title="bbox 280 4604 1860 4681">
     <span class='ocr_line' id='line_1_74' title="bbox 280 4604 1860 4681; baseline 0.005 -24"><span class='ocrx_word' id='word_1_601' title='bbox 280 4606 375 4657; x_wconf 71' lang='grc' dir='ltr'><strong>καὶ</strong></span> <span class='ocrx_word' id='word_1_602' title='bbox 408 4605 608 4671; x_wconf 77' lang='grc' dir='ltr'>φρενὸς</span> <span class='ocrx_word' id='word_1_603' title='bbox 639 4604 733 4656; x_wconf 78' lang='grc' dir='ltr'><strong>καὶ</strong></span> <span class='ocrx_word' id='word_1_604' title='bbox 773 4604 1019 4671; x_wconf 81' lang='grc' dir='ltr'>γλώττης</span> <span class='ocrx_word' id='word_1_605' title='bbox 1045 4645 1060 4668; x_wconf 89' lang='grc'><strong>,</strong></span> <span class='ocrx_word' id='word_1_606' title='bbox 1099 4604 1131 4674; x_wconf 75' lang='grc' dir='ltr'>ἢ</span> <span class='ocrx_word' id='word_1_607' title='bbox 1166 4607 1297 4673; x_wconf 80' lang='grc' dir='ltr'>γοῦν</span> <span class='ocrx_word' id='word_1_608' title='bbox 1338 4609 1685 4681; x_wconf 82' lang='grc' dir='ltr'>Δημοσθένης</span> <span class='ocrx_word' id='word_1_609' title='bbox 1720 4614 1860 4679; x_wconf 76' lang='grc' dir='ltr'>μετὰ</span> 
     </span>
    </p>
   </div>
   <div class='ocr_carea' id='block_1_75' title="bbox 279 4692 1859 4767">
    <p class='ocr_par' dir='ltr' id='par_1_75' title="bbox 279 4692 1859 4767">
     <span class='ocr_line' id='line_1_75' title="bbox 279 4692 1859 4767; baseline 0.003 -21"><span class='ocrx_word' id='word_1_610' title='bbox 279 4698 378 4762; x_wconf 73' lang='grc' dir='ltr'>τῆς</span> <span class='ocrx_word' id='word_1_611' title='bbox 420 4692 849 4763; x_wconf 82' lang='grc' dir='ltr'>ύποκαθημένης</span> <span class='ocrx_word' id='word_1_612' title='bbox 891 4697 1003 4746; x_wconf 82' lang='grc' dir='ltr'>τοῖν</span> <span class='ocrx_word' id='word_1_613' title='bbox 1038 4695 1217 4762; x_wconf 83' lang='grc' dir='ltr'>λόγοιν</span> <span class='ocrx_word' id='word_1_614' title='bbox 1248 4694 1554 4764; x_wconf 85' lang='grc' dir='ltr'>δεινότητος</span> <span class='ocrx_word' id='word_1_615' title='bbox 1577 4735 1594 4759; x_wconf 86' lang='grc'><strong>,</strong></span> <span class='ocrx_word' id='word_1_616' title='bbox 1639 4698 1673 4767; x_wconf 74' lang='grc' dir='ltr'>ἢ</span> <span class='ocrx_word' id='word_1_617' title='bbox 1721 4701 1859 4751; x_wconf 68' lang='lat' dir='ltr'><strong>Bou-</strong></span> 
     </span>
    </p>
   </div>
   <div class='ocr_carea' id='block_1_76' title="bbox 281 4786 1858 4862">
    <p class='ocr_par' dir='ltr' id='par_1_76' title="bbox 281 4786 1858 4862">
     <span class='ocr_line' id='line_1_76' title="bbox 281 4786 1858 4862; baseline 0.003 -23"><span class='ocrx_word' id='word_1_618' title='bbox 281 4789 504 4856; x_wconf 69' lang='grc' dir='ltr'>κυῦίδης</span> <span class='ocrx_word' id='word_1_619' title='bbox 548 4787 644 4838; x_wconf 74' lang='grc' dir='ltr'><strong>καὶ</strong></span> <span class='ocrx_word' id='word_1_620' title='bbox 696 4786 1069 4857; x_wconf 79' lang='grc' dir='ltr'>’Δριστείδης·</span> <span class='ocrx_word' id='word_1_621' title='bbox 1104 4789 1132 4839; x_wconf 85' lang='grc' dir='ltr'>ὁ</span> <span class='ocrx_word' id='word_1_622' title='bbox 1163 4788 1262 4858; x_wconf 79' lang='grc' dir='ltr'>μὲν</span> <span class='ocrx_word' id='word_1_623' title='bbox 1305 4788 1386 4851; x_wconf 76' lang='grc' dir='ltr'><strong>είς</strong></span> <span class='ocrx_word' id='word_1_624' title='bbox 1428 4787 1594 4857; x_wconf 65' lang='grc' dir='ltr'>ὄγκον</span> <span class='ocrx_word' id='word_1_625' title='bbox 1623 4790 1858 4862; x_wconf 76' lang='grc' dir='ltr'>ἐξαίρειν</span> 
     </span>
    </p>
   </div>
   <div class='ocr_carea' id='block_1_77' title="bbox 282 4877 1852 4951">
    <p class='ocr_par' dir='ltr' id='par_1_77' title="bbox 282 4877 1852 4951">
     <span class='ocr_line' id='line_1_77' title="bbox 282 4877 1852 4951; baseline 0.001 -21"><span class='ocrx_word' id='word_1_626' title='bbox 282 4880 475 4946; x_wconf 70' lang='grc' dir='ltr'>λόγους</span> <span class='ocrx_word' id='word_1_627' title='bbox 508 4877 697 4944; x_wconf 80' lang='grc' dir='ltr'>εἰδὼς,</span> <span class='ocrx_word' id='word_1_628' title='bbox 721 4877 824 4930; x_wconf 81' lang='grc' dir='ltr'><strong>ὁδ’</strong></span> <span class='ocrx_word' id='word_1_629' title='bbox 858 4879 1123 4949; x_wconf 79' lang='grc' dir='ltr'>ἁμιμήτῳ</span> <span class='ocrx_word' id='word_1_630' title='bbox 1160 4879 1364 4948; x_wconf 82' lang='grc' dir='ltr'>φράσει</span> <span class='ocrx_word' id='word_1_631' title='bbox 1412 4881 1595 4948; x_wconf 75' lang='grc' dir='ltr'>λέγειν</span> <span class='ocrx_word' id='word_1_632' title='bbox 1628 4880 1810 4951; x_wconf 79' lang='grc' dir='ltr'>μαθών</span> <span class='ocrx_word' id='word_1_633' title='bbox 1839 4901 1852 4912; x_wconf 89' lang='grc'><strong>·</strong></span> 
     </span>
    </p>
   </div>
   <div class='ocr_carea' id='block_1_78' title="bbox 283 4966 1858 5038">
    <p class='ocr_par' dir='ltr' id='par_1_78' title="bbox 283 4966 1858 5038">
     <span class='ocr_line' id='line_1_78' title="bbox 283 4966 1858 5038; baseline -0.001 -17"><span class='ocrx_word' id='word_1_634' title='bbox 283 4971 375 5022; x_wconf 77' lang='grc' dir='ltr'>καί</span> <span class='ocrx_word' id='word_1_635' title='bbox 408 4971 462 5035; x_wconf 86' lang='grc' dir='ltr'>γ’</span> <span class='ocrx_word' id='word_1_636' title='bbox 498 4968 698 5030; x_wconf 81' lang='grc' dir='ltr'>εἰδότες</span> <span class='ocrx_word' id='word_1_637' title='bbox 729 4966 912 5037; x_wconf 68' lang='grc' dir='ltr'>ἄκρως</span> <span class='ocrx_word' id='word_1_638' title='bbox 945 4968 1113 5037; x_wconf 78' lang='grc' dir='ltr'>ἄμφω</span> <span class='ocrx_word' id='word_1_639' title='bbox 1139 4968 1202 5037; x_wconf 80' lang='grc' dir='ltr'>δὴ</span> <span class='ocrx_word' id='word_1_640' title='bbox 1225 4969 1318 5021; x_wconf 77' lang='grc' dir='ltr'><strong>καὶ</strong></span> <span class='ocrx_word' id='word_1_641' title='bbox 1351 4969 1503 5038; x_wconf 80' lang='grc' dir='ltr'>μόνοι</span> <span class='ocrx_word' id='word_1_642' title='bbox 1535 4969 1725 5036; x_wconf 81' lang='grc' dir='ltr'>λόγους</span> <span class='ocrx_word' id='word_1_643' title='bbox 1752 4970 1858 5032; x_wconf 75' lang='grc' dir='ltr'><strong>ἐξι-</strong></span> 
     </span>
    </p>
   </div>
   <div class='ocr_carea' id='block_1_79' title="bbox 284 5059 1858 5130">
    <p class='ocr_par' dir='ltr' id='par_1_79' title="bbox 284 5059 1858 5130">
     <span class='ocr_line' id='line_1_79' title="bbox 284 5059 1858 5130; baseline 0 -17"><span class='ocrx_word' id='word_1_644' title='bbox 284 5064 413 5113; x_wconf 70' lang='grc' dir='ltr'>σούν</span> <span class='ocrx_word' id='word_1_645' title='bbox 466 5062 820 5129; x_wconf 75' lang='grc' dir='ltr'>πράγμασιν·</span> <span class='ocrx_word' id='word_1_646' title='bbox 869 5060 984 5111; x_wconf 78' lang='grc' dir='ltr'>ἀλλ’</span> <span class='ocrx_word' id='word_1_647' title='bbox 1032 5059 1142 5112; x_wconf 63' lang='grc' dir='ltr'>οὐδ’</span> <span class='ocrx_word' id='word_1_648' title='bbox 1209 5060 1468 5130; x_wconf 76' lang='grc' dir='ltr'>Ἀπελλῆς</span> <span class='ocrx_word' id='word_1_649' title='bbox 1518 5063 1727 5123; x_wconf 74' lang='grc' dir='ltr'>ἐκεῖνος</span> <span class='ocrx_word' id='word_1_650' title='bbox 1763 5062 1858 5113; x_wconf 75' lang='grc' dir='ltr'><strong>καὶ</strong></span> 
     </span>
    </p>
   </div>
   <div class='ocr_carea' id='block_1_80' title="bbox 282 5154 1859 5224">
    <p class='ocr_par' dir='ltr' id='par_1_80' title="bbox 282 5154 1859 5224">
     <span class='ocr_line' id='line_1_80' title="bbox 282 5154 1859 5224; baseline -0.002 -15"><span class='ocrx_word' id='word_1_651' title='bbox 282 5156 596 5218; x_wconf 74' lang='grc' dir='ltr'>Λύσιππος,</span> <span class='ocrx_word' id='word_1_652' title='bbox 623 5154 673 5205; x_wconf 82' lang='grc' dir='ltr'>οἶ</span> <span class='ocrx_word' id='word_1_653' title='bbox 707 5156 1015 5224; x_wconf 76' lang='grc' dir='ltr'>χρωμάτων</span> <span class='ocrx_word' id='word_1_654' title='bbox 1045 5154 1245 5223; x_wconf 78' lang='grc' dir='ltr'>ἀρίστῃ</span> <span class='ocrx_word' id='word_1_655' title='bbox 1289 5154 1485 5223; x_wconf 75' lang='grc' dir='ltr'>κράσει</span> <span class='ocrx_word' id='word_1_656' title='bbox 1518 5155 1620 5222; x_wconf 81' lang='grc' dir='ltr'>τὴν</span> <span class='ocrx_word' id='word_1_657' title='bbox 1658 5170 1859 5223; x_wconf 78' lang='grc' dir='ltr'>γραφι-</span> 
     </span>
    </p>
   </div>
   <div class='ocr_carea' id='block_1_81' title="bbox 282 5242 1861 5315">
    <p class='ocr_par' dir='ltr' id='par_1_81' title="bbox 282 5242 1861 5315">
     <span class='ocr_line' id='line_1_81' title="bbox 282 5242 1861 5315; baseline -0.001 -16"><span class='ocrx_word' id='word_1_658' title='bbox 282 5250 386 5313; x_wconf 76' lang='grc' dir='ltr'><strong>κὴν</strong></span> <span class='ocrx_word' id='word_1_659' title='bbox 412 5242 559 5315; x_wconf 81' lang='grc' dir='ltr'>ἦραν</span> <span class='ocrx_word' id='word_1_660' title='bbox 587 5248 664 5307; x_wconf 80' lang='grc' dir='ltr'>εἰς</span> <span class='ocrx_word' id='word_1_661' title='bbox 700 5248 862 5313; x_wconf 77' lang='grc' dir='ltr'>μέγα,</span> <span class='ocrx_word' id='word_1_662' title='bbox 888 5244 1169 5313; x_wconf 74' lang='grc' dir='ltr'>ἐμψύχους</span> <span class='ocrx_word' id='word_1_663' title='bbox 1197 5244 1378 5312; x_wconf 77' lang='grc' dir='ltr'>ὀλίγου</span> <span class='ocrx_word' id='word_1_664' title='bbox 1408 5247 1518 5298; x_wconf 83' lang='grc' dir='ltr'>δεῖν</span> <span class='ocrx_word' id='word_1_665' title='bbox 1549 5248 1861 5315; x_wconf 77' lang='grc' dir='ltr'>ἐργασάμεο</span> 
     </span>
    </p>
   </div>
   <div class='ocr_carea' id='block_1_82' title="bbox 1964 4053 3526 4128">
    <p class='ocr_par' dir='ltr' id='par_1_82' title="bbox 1964 4053 3526 4128">
     <span class='ocr_line' id='line_1_82' title="bbox 1964 4053 3526 4128; baseline -0.01 -10"><span class='ocrx_word' id='word_1_666' title='bbox 1964 4073 2204 4118; x_wconf 88' lang='lat' dir='ltr'><strong>ratorem</strong></span> <span class='ocrx_word' id='word_1_667' title='bbox 2248 4076 2430 4115; x_wconf 89' lang='lat' dir='ltr'><strong>meum</strong></span> <span class='ocrx_word' id='word_1_668' title='bbox 2472 4058 2756 4128; x_wconf 81' lang='lat' dir='ltr'><strong>depinxit?</strong></span> <span class='ocrx_word' id='word_1_669' title='bbox 2794 4057 2875 4110; x_wconf 82' lang='lat' dir='ltr'><strong>An</strong></span> <span class='ocrx_word' id='word_1_670' title='bbox 2911 4055 3101 4118; x_wconf 83' lang='lat' dir='ltr'><strong>etiam,</strong></span> <span class='ocrx_word' id='word_1_671' title='bbox 3133 4054 3185 4106; x_wconf 91' lang='lat' dir='ltr'><strong>id</strong></span> <span class='ocrx_word' id='word_1_672' title='bbox 3223 4053 3365 4122; x_wconf 88' lang='lat' dir='ltr'><strong>quod</strong></span> <span class='ocrx_word' id='word_1_673' title='bbox 3398 4053 3526 4105; x_wconf 90' lang='lat' dir='ltr'><strong>dili-</strong></span> 
     </span>
    </p>
   </div>
   <div class='ocr_carea' id='block_1_83' title="bbox 1963 4145 3527 4225">
    <p class='ocr_par' dir='ltr' id='par_1_83' title="bbox 1963 4145 3527 4225">
     <span class='ocr_line' id='line_1_83' title="bbox 1963 4145 3527 4225; baseline -0.009 -17"><span class='ocrx_word' id='word_1_674' title='bbox 1963 4163 2155 4225; x_wconf 89' lang='lat' dir='ltr'><strong>gentes</strong></span> <span class='ocrx_word' id='word_1_675' title='bbox 2178 4163 2234 4206; x_wconf 90' lang='lat' dir='ltr'><strong>et</strong></span> <span class='ocrx_word' id='word_1_676' title='bbox 2267 4150 2472 4206; x_wconf 87' lang='lat' dir='ltr'><strong>laudati</strong></span> <span class='ocrx_word' id='word_1_677' title='bbox 2504 4151 2753 4219; x_wconf 85' lang='lat' dir='ltr'><strong>pictores</strong></span> <span class='ocrx_word' id='word_1_678' title='bbox 2782 4146 3011 4208; x_wconf 87' lang='lat' dir='ltr'><strong>faciunt,</strong></span> <span class='ocrx_word' id='word_1_679' title='bbox 3047 4146 3262 4199; x_wconf 80' lang='lat' dir='ltr'><strong>colores</strong></span> <span class='ocrx_word' id='word_1_680' title='bbox 3299 4145 3527 4212; x_wconf 85' lang='lat' dir='ltr'><strong>insuper</strong></span> 
     </span>
    </p>
   </div>
   <div class='ocr_carea' id='block_1_84' title="bbox 1962 4238 3533 4310">
    <p class='ocr_par' dir='ltr' id='par_1_84' title="bbox 1962 4238 3533 4310">
     <span class='ocr_line' id='line_1_84' title="bbox 1962 4238 3533 4310; baseline -0.005 -14"><span class='ocrx_word' id='word_1_681' title='bbox 1962 4242 2101 4296; x_wconf 89' lang='lat' dir='ltr'><strong>alios</strong></span> <span class='ocrx_word' id='word_1_682' title='bbox 2126 4241 2362 4310; x_wconf 76' lang='lat' dir='ltr'><strong>adjicere</strong></span> <span class='ocrx_word' id='word_1_683' title='bbox 2396 4254 2536 4308; x_wconf 83' lang='lat' dir='ltr'><strong>Opus</strong></span> <span class='ocrx_word' id='word_1_684' title='bbox 2570 4239 2691 4292; x_wconf 87' lang='lat' dir='ltr'><strong>est?</strong></span> <span class='ocrx_word' id='word_1_685' title='bbox 2730 4238 2796 4291; x_wconf 84' lang='lat' dir='ltr'><strong>At</strong></span> <span class='ocrx_word' id='word_1_686' title='bbox 2838 4252 3088 4305; x_wconf 72' lang='lat' dir='ltr'><strong>quamam</strong></span> <span class='ocrx_word' id='word_1_687' title='bbox 3124 4239 3284 4289; x_wconf 80' lang='lat' dir='ltr'><strong>verba</strong></span> <span class='ocrx_word' id='word_1_688' title='bbox 3320 4246 3533 4289; x_wconf 88' lang='lat' dir='ltr'><strong>tantam-</strong></span> 
     </span>
    </p>
   </div>
   <div class='ocr_carea' id='block_1_85' title="bbox 1963 4326 3529 4399">
    <p class='ocr_par' dir='ltr' id='par_1_85' title="bbox 1963 4326 3529 4399">
     <span class='ocr_line' id='line_1_85' title="bbox 1963 4326 3529 4399; baseline -0.004 -13"><span class='ocrx_word' id='word_1_689' title='bbox 1963 4343 2018 4387; x_wconf 93' lang='lat' dir='ltr'><strong>et</strong></span> <span class='ocrx_word' id='word_1_690' title='bbox 2065 4332 2232 4385; x_wconf 89' lang='lat' dir='ltr'><strong>animi</strong></span> <span class='ocrx_word' id='word_1_691' title='bbox 2280 4340 2335 4385; x_wconf 81' lang='lat' dir='ltr'><strong>et</strong></span> <span class='ocrx_word' id='word_1_692' title='bbox 2370 4329 2622 4399; x_wconf 88' lang='lat' dir='ltr'><strong>corporis</strong></span> <span class='ocrx_word' id='word_1_693' title='bbox 2668 4327 3136 4397; x_wconf 86' lang='lat' dir='ltr'><strong>pulchritudinem</strong></span> <span class='ocrx_word' id='word_1_694' title='bbox 3173 4326 3529 4379; x_wconf 84' lang='lat' dir='ltr'><strong>describent?</strong></span> 
     </span>
    </p>
   </div>
   <div class='ocr_carea' id='block_1_86' title="bbox 1963 4418 3525 4493">
    <p class='ocr_par' dir='ltr' id='par_1_86' title="bbox 1963 4418 3525 4493">
     <span class='ocr_line' id='line_1_86' title="bbox 1963 4418 3525 4493; baseline -0.004 -16"><span class='ocrx_word' id='word_1_695' title='bbox 1963 4424 2076 4493; x_wconf 81' lang='lat' dir='ltr'><strong>Ego</strong></span> <span class='ocrx_word' id='word_1_696' title='bbox 2107 4423 2328 4492; x_wconf 85' lang='lat' dir='ltr'><strong>quidem</strong></span> <span class='ocrx_word' id='word_1_697' title='bbox 2356 4421 2473 4476; x_wconf 85' lang='lat' dir='ltr'><strong>fieri</strong></span> <span class='ocrx_word' id='word_1_698' title='bbox 2505 4421 2557 4475; x_wconf 87' lang='lat' dir='ltr'><strong>id</strong></span> <span class='ocrx_word' id='word_1_699' title='bbox 2595 4435 2756 4490; x_wconf 86' lang='lat' dir='ltr'><strong>posse</strong></span> <span class='ocrx_word' id='word_1_700' title='bbox 2785 4435 2891 4473; x_wconf 88' lang='lat' dir='ltr'><strong>non</strong></span> <span class='ocrx_word' id='word_1_701' title='bbox 2925 4428 3079 4488; x_wconf 88' lang='lat' dir='ltr'><strong>puto,</strong></span> <span class='ocrx_word' id='word_1_702' title='bbox 3111 4418 3325 4472; x_wconf 90' lang='lat' dir='ltr'><strong>etiamsi</strong></span> <span class='ocrx_word' id='word_1_703' title='bbox 3360 4418 3525 4470; x_wconf 78' lang='lat' dir='ltr'><strong>simul</strong></span> 
     </span>
    </p>
   </div>
   <div class='ocr_carea' id='block_1_87' title="bbox 1962 4509 3529 4574">
    <p class='ocr_par' dir='ltr' id='par_1_87' title="bbox 1962 4509 3529 4574">
     <span class='ocr_line' id='line_1_87' title="bbox 1962 4509 3529 4574; baseline -0.004 -4"><span class='ocrx_word' id='word_1_704' title='bbox 1962 4532 2156 4570; x_wconf 84' lang='lat' dir='ltr'><strong>omnes</strong></span> <span class='ocrx_word' id='word_1_705' title='bbox 2206 4516 2259 4570; x_wconf 92' lang='lat' dir='ltr'><strong>iu</strong></span> <span class='ocrx_word' id='word_1_706' title='bbox 2296 4515 2479 4568; x_wconf 90' lang='lat' dir='ltr'><strong>locum</strong></span> <span class='ocrx_word' id='word_1_707' title='bbox 2520 4513 2777 4568; x_wconf 89' lang='lat' dir='ltr'><strong>eumdem</strong></span> <span class='ocrx_word' id='word_1_708' title='bbox 2827 4514 3180 4574; x_wconf 86' lang='lat' dir='ltr'><strong>conveniant,</strong></span> <span class='ocrx_word' id='word_1_709' title='bbox 3237 4509 3389 4564; x_wconf 86' lang='lat' dir='ltr'><strong>Plato</strong></span> <span class='ocrx_word' id='word_1_710' title='bbox 3437 4512 3529 4563; x_wconf 88' lang='lat' dir='ltr'><strong>ille</strong></span> 
     </span>
    </p>
   </div>
   <div class='ocr_carea' id='block_1_88' title="bbox 1962 4603 3532 4676">
    <p class='ocr_par' dir='ltr' id='par_1_88' title="bbox 1962 4603 3532 4676">
     <span class='ocr_line' id='line_1_88' title="bbox 1962 4603 3532 4676; baseline -0.003 -16"><span class='ocrx_word' id='word_1_711' title='bbox 1962 4622 2086 4661; x_wconf 92' lang='lat' dir='ltr'><strong>cum</strong></span> <span class='ocrx_word' id='word_1_712' title='bbox 2121 4605 2411 4676; x_wconf 83' lang='lat' dir='ltr'><strong>magnifica</strong></span> <span class='ocrx_word' id='word_1_713' title='bbox 2437 4614 2493 4658; x_wconf 89' lang='lat' dir='ltr'><strong>et</strong></span> <span class='ocrx_word' id='word_1_714' title='bbox 2517 4613 2700 4659; x_wconf 88' lang='lat' dir='ltr'><strong>mente</strong></span> <span class='ocrx_word' id='word_1_715' title='bbox 2730 4613 2786 4658; x_wconf 89' lang='lat' dir='ltr'><strong>et</strong></span> <span class='ocrx_word' id='word_1_716' title='bbox 2812 4604 3019 4670; x_wconf 85' lang='lat' dir='ltr'><strong>lingua.</strong></span> <span class='ocrx_word' id='word_1_717' title='bbox 3049 4611 3105 4655; x_wconf 93' lang='lat' dir='ltr'><strong>et</strong></span> <span class='ocrx_word' id='word_1_718' title='bbox 3130 4603 3532 4656; x_wconf 85' lang='lat' dir='ltr'><strong>Demosthenes</strong></span> 
     </span>
    </p>
   </div>
   <div class='ocr_carea' id='block_1_89' title="bbox 1960 4695 3523 4767">
    <p class='ocr_par' dir='ltr' id='par_1_89' title="bbox 1960 4695 3523 4767">
     <span class='ocr_line' id='line_1_89' title="bbox 1960 4695 3523 4767; baseline -0.004 -14"><span class='ocrx_word' id='word_1_719' title='bbox 1960 4713 2087 4753; x_wconf 89' lang='lat' dir='ltr'><strong>cum</strong></span> <span class='ocrx_word' id='word_1_720' title='bbox 2123 4713 2187 4753; x_wconf 83' lang='lat' dir='ltr'><strong>ea</strong></span> <span class='ocrx_word' id='word_1_721' title='bbox 2213 4713 2335 4767; x_wconf 72' lang='lat' dir='ltr'><strong>qua</strong></span> <span class='ocrx_word' id='word_1_722' title='bbox 2366 4695 2601 4752; x_wconf 85' lang='lat' dir='ltr'><strong>orationi</strong></span> <span class='ocrx_word' id='word_1_723' title='bbox 2634 4698 2755 4766; x_wconf 82' lang='lat' dir='ltr'><strong>ejus</strong></span> <span class='ocrx_word' id='word_1_724' title='bbox 2781 4695 3034 4749; x_wconf 86' lang='lat' dir='ltr'><strong>subsidet</strong></span> <span class='ocrx_word' id='word_1_725' title='bbox 3061 4695 3111 4748; x_wconf 90' lang='lat' dir='ltr'><strong>vi</strong></span> <span class='ocrx_word' id='word_1_726' title='bbox 3137 4705 3193 4749; x_wconf 92' lang='lat' dir='ltr'><strong>et</strong></span> <span class='ocrx_word' id='word_1_727' title='bbox 3216 4696 3480 4764; x_wconf 82' lang='lat' dir='ltr'><strong>gravitate</strong></span> <span class='ocrx_word' id='word_1_728' title='bbox 3511 4713 3523 4747; x_wconf 92' lang='lat'><strong>:</strong></span> 
     </span>
    </p>
   </div>
   <div class='ocr_carea' id='block_1_90' title="bbox 1961 4787 3524 4860">
    <p class='ocr_par' dir='ltr' id='par_1_90' title="bbox 1961 4787 3524 4860">
     <span class='ocr_line' id='line_1_90' title="bbox 1961 4787 3524 4860; baseline -0.004 -15"><span class='ocrx_word' id='word_1_729' title='bbox 1961 4800 2018 4845; x_wconf 88' lang='lat' dir='ltr'><strong>et</strong></span> <span class='ocrx_word' id='word_1_730' title='bbox 2087 4787 2439 4860; x_wconf 76' lang='lat' dir='ltr'><strong>Thucydides</strong></span> <span class='ocrx_word' id='word_1_731' title='bbox 2482 4795 2539 4842; x_wconf 86' lang='lat' dir='ltr'><strong>et</strong></span> <span class='ocrx_word' id='word_1_732' title='bbox 2581 4787 2870 4850; x_wconf 83' lang='lat' dir='ltr'><strong>Aristides,</strong></span> <span class='ocrx_word' id='word_1_733' title='bbox 2919 4801 3154 4854; x_wconf 89' lang='lat' dir='ltr'><strong>quorum</strong></span> <span class='ocrx_word' id='word_1_734' title='bbox 3209 4787 3347 4839; x_wconf 88' lang='lat' dir='ltr'><strong>alter</strong></span> <span class='ocrx_word' id='word_1_735' title='bbox 3400 4802 3524 4839; x_wconf 84' lang='lat' dir='ltr'><strong>cum</strong></span> 
     </span>
    </p>
   </div>
   <div class='ocr_carea' id='block_1_91' title="bbox 1964 4878 3525 4951">
    <p class='ocr_par' dir='ltr' id='par_1_91' title="bbox 1964 4878 3525 4951">
     <span class='ocr_line' id='line_1_91' title="bbox 1964 4878 3525 4951; baseline -0.003 -16"><span class='ocrx_word' id='word_1_736' title='bbox 1964 4882 2203 4951; x_wconf 87' lang='lat' dir='ltr'><strong>pondere</strong></span> <span class='ocrx_word' id='word_1_737' title='bbox 2228 4879 2397 4933; x_wconf 75' lang='lat' dir='ltr'><strong>verba</strong></span> <span class='ocrx_word' id='word_1_738' title='bbox 2424 4878 2698 4948; x_wconf 89' lang='lat' dir='ltr'><strong>proferre,</strong></span> <span class='ocrx_word' id='word_1_739' title='bbox 2734 4879 2873 4931; x_wconf 87' lang='lat' dir='ltr'><strong>alter</strong></span> <span class='ocrx_word' id='word_1_740' title='bbox 2900 4893 2963 4931; x_wconf 87' lang='lat' dir='ltr'><strong>ea</strong></span> <span class='ocrx_word' id='word_1_741' title='bbox 2990 4878 3332 4937; x_wconf 85' lang='lat' dir='ltr'><strong>elocutione,</strong></span> <span class='ocrx_word' id='word_1_742' title='bbox 3362 4894 3525 4945; x_wconf 89' lang='lat' dir='ltr'><strong>quam</strong></span> 
     </span>
    </p>
   </div>
   <div class='ocr_carea' id='block_1_92' title="bbox 1964 4971 3527 5040">
    <p class='ocr_par' dir='ltr' id='par_1_92' title="bbox 1964 4971 3527 5040">
     <span class='ocr_line' id='line_1_92' title="bbox 1964 4971 3527 5040; baseline -0.003 -14"><span class='ocrx_word' id='word_1_743' title='bbox 1964 4972 2166 5026; x_wconf 87' lang='lat' dir='ltr'><strong>imitari</strong></span> <span class='ocrx_word' id='word_1_744' title='bbox 2209 4987 2316 5025; x_wconf 89' lang='lat' dir='ltr'><strong>non</strong></span> <span class='ocrx_word' id='word_1_745' title='bbox 2367 4972 2461 5036; x_wconf 71' lang='lat' dir='ltr'><strong>sit,</strong></span> <span class='ocrx_word' id='word_1_746' title='bbox 2507 4971 2693 5025; x_wconf 86' lang='lat' dir='ltr'><strong>dicere</strong></span> <span class='ocrx_word' id='word_1_747' title='bbox 2744 4972 2945 5025; x_wconf 85' lang='lat' dir='ltr'><strong>novit:</strong></span> <span class='ocrx_word' id='word_1_748' title='bbox 2996 4972 3216 5040; x_wconf 89' lang='lat' dir='ltr'><strong>utrique</strong></span> <span class='ocrx_word' id='word_1_749' title='bbox 3261 4986 3418 5035; x_wconf 86' lang='lat' dir='ltr'><strong>sane,</strong></span> <span class='ocrx_word' id='word_1_750' title='bbox 3471 4980 3527 5024; x_wconf 87' lang='lat' dir='ltr'><strong>et</strong></span> 
     </span>
    </p>
   </div>
   <div class='ocr_carea' id='block_1_93' title="bbox 1962 5061 3527 5133">
    <p class='ocr_par' dir='ltr' id='par_1_93' title="bbox 1962 5061 3527 5133">
     <span class='ocr_line' id='line_1_93' title="bbox 1962 5061 3527 5133; baseline -0.001 -17"><span class='ocrx_word' id='word_1_751' title='bbox 1962 5080 2131 5133; x_wconf 89' lang='lat' dir='ltr'><strong>prope</strong></span> <span class='ocrx_word' id='word_1_752' title='bbox 2158 5062 2286 5128; x_wconf 89' lang='lat' dir='ltr'><strong>soli,</strong></span> <span class='ocrx_word' id='word_1_753' title='bbox 2313 5063 2380 5117; x_wconf 89' lang='lat' dir='ltr'><strong>ad</strong></span> <span class='ocrx_word' id='word_1_754' title='bbox 2414 5077 2688 5116; x_wconf 90' lang='lat' dir='ltr'><strong>summum</strong></span> <span class='ocrx_word' id='word_1_755' title='bbox 2724 5061 2866 5117; x_wconf 88' lang='lat' dir='ltr'><strong>facta</strong></span> <span class='ocrx_word' id='word_1_756' title='bbox 2898 5064 3080 5117; x_wconf 86' lang='lat' dir='ltr'><strong>verbis</strong></span> <span class='ocrx_word' id='word_1_757' title='bbox 3108 5077 3399 5131; x_wconf 65' lang='lat' dir='ltr'><strong>exaequare</strong></span> <span class='ocrx_word' id='word_1_758' title='bbox 3432 5078 3527 5131; x_wconf 85' lang='lat' dir='ltr'><strong>pe-</strong></span> 
     </span>
    </p>
   </div>
   <div class='ocr_carea' id='block_1_94' title="bbox 1962 5154 3525 5224">
    <p class='ocr_par' dir='ltr' id='par_1_94' title="bbox 1962 5154 3525 5224">
     <span class='ocr_line' id='line_1_94' title="bbox 1962 5154 3525 5224; baseline -0.003 -15"><span class='ocrx_word' id='word_1_759' title='bbox 1962 5156 2075 5211; x_wconf 86' lang='lat' dir='ltr'><strong>riti.</strong></span> <span class='ocrx_word' id='word_1_760' title='bbox 2114 5155 2220 5211; x_wconf 87' lang='lat' dir='ltr'><strong>Sed</strong></span> <span class='ocrx_word' id='word_1_761' title='bbox 2268 5170 2448 5223; x_wconf 83' lang='lat' dir='ltr'><strong>neque</strong></span> <span class='ocrx_word' id='word_1_762' title='bbox 2490 5155 2715 5223; x_wconf 74' lang='lat' dir='ltr'><strong>Apelles</strong></span> <span class='ocrx_word' id='word_1_763' title='bbox 2745 5165 2797 5208; x_wconf 87' lang='lat' dir='ltr'><strong>et</strong></span> <span class='ocrx_word' id='word_1_764' title='bbox 2841 5154 3134 5224; x_wconf 83' lang='lat' dir='ltr'><strong>Lysippus,</strong></span> <span class='ocrx_word' id='word_1_765' title='bbox 3181 5157 3276 5223; x_wconf 91' lang='lat' dir='ltr'><strong>qui</strong></span> <span class='ocrx_word' id='word_1_766' title='bbox 3316 5156 3525 5223; x_wconf 89' lang='lat' dir='ltr'><strong>optima</strong></span> 
     </span>
    </p>
   </div>
   <div class='ocr_carea' id='block_1_95' title="bbox 1961 5238 3526 5317">
    <p class='ocr_par' dir='ltr' id='par_1_95' title="bbox 1961 5238 3526 5317">
     <span class='ocr_line' id='line_1_95' title="bbox 1961 5238 3526 5317; baseline -0.001 -15"><span class='ocrx_word' id='word_1_767' title='bbox 1961 5249 2208 5303; x_wconf 87' lang='lat' dir='ltr'><strong>colorum</strong></span> <span class='ocrx_word' id='word_1_768' title='bbox 2257 5258 2628 5317; x_wconf 88' lang='lat' dir='ltr'><strong>temperatura</strong></span> <span class='ocrx_word' id='word_1_769' title='bbox 2673 5259 2847 5301; x_wconf 90' lang='lat' dir='ltr'><strong>artem</strong></span> <span class='ocrx_word' id='word_1_770' title='bbox 2887 5248 3145 5317; x_wconf 82' lang='lat' dir='ltr'><strong>pingendi</strong></span> <span class='ocrx_word' id='word_1_771' title='bbox 3193 5238 3526 5315; x_wconf 83' lang='lat' dir='ltr'><strong>magnopere</strong></span> 
     </span>
    </p>
   </div>
   <div class='ocr_carea' id='block_1_96' title="bbox 282 5338 1854 5410">
    <p class='ocr_par' dir='ltr' id='par_1_96' title="bbox 282 5338 1854 5408">
     <span class='ocr_line' id='line_1_96' title="bbox 282 5338 1854 5408; baseline -0.001 -15"><span class='ocrx_word' id='word_1_772' title='bbox 282 5358 363 5393; x_wconf 82' lang='grc' dir='ltr'><strong>νοι</strong></span> <span class='ocrx_word' id='word_1_773' title='bbox 392 5340 666 5401; x_wconf 71' lang='grc' dir='ltr'>πίνακας·</span> <span class='ocrx_word' id='word_1_774' title='bbox 701 5338 733 5407; x_wconf 83' lang='grc' dir='ltr'>ἦ</span> <span class='ocrx_word' id='word_1_775' title='bbox 766 5338 895 5404; x_wconf 72' lang='grc' dir='ltr'>γοῦν</span> <span class='ocrx_word' id='word_1_776' title='bbox 923 5339 1134 5400; x_wconf 75' lang='grc' dir='ltr'>Φειδίας</span> <span class='ocrx_word' id='word_1_777' title='bbox 1165 5339 1198 5408; x_wconf 85' lang='grc' dir='ltr'>ἢ</span> <span class='ocrx_word' id='word_1_778' title='bbox 1230 5339 1454 5408; x_wconf 81' lang='grc' dir='ltr'>Μύρων,</span> <span class='ocrx_word' id='word_1_779' title='bbox 1492 5339 1679 5401; x_wconf 78' lang='grc' dir='ltr'>δεινῶς</span> <span class='ocrx_word' id='word_1_780' title='bbox 1713 5341 1854 5408; x_wconf 71' lang='grc' dir='ltr'>μάλα</span> 
     </span>
    </p>
   </div>
   <div class='ocr_carea' id='block_1_97' title="bbox 1962 5338 3527 5410">
    <p class='ocr_par' dir='ltr' id='par_1_97' title="bbox 1962 5340 3527 5410">
     <span class='ocr_line' id='line_1_97' title="bbox 1962 5340 3527 5410; baseline -0.002 -16"><span class='ocrx_word' id='word_1_781' title='bbox 1962 5340 2304 5401; x_wconf 72' lang='lat' dir='ltr'><strong>extulerunt,</strong></span> <span class='ocrx_word' id='word_1_782' title='bbox 2327 5350 2384 5393; x_wconf 82' lang='lat' dir='ltr'><strong>et</strong></span> <span class='ocrx_word' id='word_1_783' title='bbox 2440 5355 2611 5409; x_wconf 91' lang='lat' dir='ltr'><strong>prope</strong></span> <span class='ocrx_word' id='word_1_784' title='bbox 2666 5344 2938 5394; x_wconf 71' lang='lat' dir='ltr'><strong>animante</strong></span> <span class='ocrx_word' id='word_1_785' title='bbox 2990 5348 3402 5410; x_wconf 88' lang='lat' dir='ltr'><strong>proposuerunt</strong></span> <span class='ocrx_word' id='word_1_786' title='bbox 3446 5347 3527 5391; x_wconf 89' lang='lat' dir='ltr'><strong>ta-</strong></span> 
     </span>
    </p>
   </div>
   <div class='ocr_carea' id='block_1_98' title="bbox 282 5433 1859 5503">
    <p class='ocr_par' dir='ltr' id='par_1_98' title="bbox 282 5433 1859 5503">
     <span class='ocr_line' id='line_1_98' title="bbox 282 5433 1859 5503; baseline 0 -17"><span class='ocrx_word' id='word_1_787' title='bbox 282 5439 515 5503; x_wconf 69' lang='grc' dir='ltr'>γρὰφειν</span> <span class='ocrx_word' id='word_1_788' title='bbox 545 5433 982 5501; x_wconf 77' lang='grc' dir='ltr'>ἐξεπιστάμενοι,</span> <span class='ocrx_word' id='word_1_789' title='bbox 1018 5433 1110 5485; x_wconf 78' lang='grc' dir='ltr'><strong>καὶ</strong></span> <span class='ocrx_word' id='word_1_790' title='bbox 1142 5433 1325 5502; x_wconf 84' lang='grc' dir='ltr'>χαλκῴ</span> <span class='ocrx_word' id='word_1_791' title='bbox 1365 5435 1456 5486; x_wconf 75' lang='grc' dir='ltr'><strong>καὶ</strong></span> <span class='ocrx_word' id='word_1_792' title='bbox 1484 5433 1652 5496; x_wconf 84' lang='grc' dir='ltr'>λίθοις</span> <span class='ocrx_word' id='word_1_793' title='bbox 1687 5451 1859 5487; x_wconf 77' lang='grc' dir='ltr'>κατα·</span> 
     </span>
    </p>
   </div>
   <div class='ocr_carea' id='block_1_99' title="bbox 284 5521 1880 5598">
    <p class='ocr_par' dir='ltr' id='par_1_99' title="bbox 284 5521 1880 5598">
     <span class='ocr_line' id='line_1_99' title="bbox 284 5521 1880 5598; baseline 0 -17"><span class='ocrx_word' id='word_1_794' title='bbox 284 5531 513 5598; x_wconf 62' lang='grc' dir='ltr'>μηνύειν</span> <span class='ocrx_word' id='word_1_795' title='bbox 554 5521 685 5596; x_wconf 82' lang='grc' dir='ltr'>ἦθος</span> <span class='ocrx_word' id='word_1_796' title='bbox 716 5525 947 5594; x_wconf 72' lang='grc' dir='ltr'>ἀνδρῶν,</span> <span class='ocrx_word' id='word_1_797' title='bbox 977 5527 1081 5577; x_wconf 67' lang='grc' dir='ltr'>κάν</span> <span class='ocrx_word' id='word_1_798' title='bbox 1149 5529 1270 5586; x_wconf 66' lang='grc' dir='ltr'>ταῖς</span> <span class='ocrx_word' id='word_1_799' title='bbox 1311 5526 1540 5594; x_wconf 75' lang='grc' dir='ltr'>γλυφαῖς</span> <span class='ocrx_word' id='word_1_800' title='bbox 1570 5526 1848 5594; x_wconf 77' lang='grc' dir='ltr'>ὑποκαθη-</span> <span class='ocrx_word' id='word_1_801' title='bbox 1867 5569 1880 5581; x_wconf 91' lang='grc'><strong>.</strong></span> 
     </span>
    </p>
   </div>
   <div class='ocr_carea' id='block_1_100' title="bbox 287 5614 1857 5687">
    <p class='ocr_par' dir='ltr' id='par_1_100' title="bbox 287 5614 1857 5687">
     <span class='ocr_line' id='line_1_100' title="bbox 287 5614 1857 5687; baseline -0.002 -16"><span class='ocrx_word' id='word_1_802' title='bbox 287 5623 453 5687; x_wconf 75' lang='grc' dir='ltr'>μένσς</span> <span class='ocrx_word' id='word_1_803' title='bbox 490 5620 600 5677; x_wconf 80' lang='grc' dir='ltr'>τοῖς</span> <span class='ocrx_word' id='word_1_804' title='bbox 635 5616 826 5677; x_wconf 84' lang='grc' dir='ltr'>τύποις</span> <span class='ocrx_word' id='word_1_805' title='bbox 881 5614 1236 5685; x_wconf 78' lang='grc' dir='ltr'>συνεκφέρειν</span> <span class='ocrx_word' id='word_1_806' title='bbox 1291 5632 1405 5678; x_wconf 85' lang='grc' dir='ltr'><strong>πως</strong></span> <span class='ocrx_word' id='word_1_807' title='bbox 1458 5619 1549 5669; x_wconf 83' lang='grc' dir='ltr'><strong>καὶ</strong></span> <span class='ocrx_word' id='word_1_808' title='bbox 1598 5617 1698 5681; x_wconf 74' lang='grc' dir='ltr'><strong>τὰς</strong></span> <span class='ocrx_word' id='word_1_809' title='bbox 1744 5617 1857 5670; x_wconf 83' lang='grc' dir='ltr'><strong>τῶν</strong></span> 
     </span>
    </p>
   </div>
   <div class='ocr_carea' id='block_1_101' title="bbox 288 5705 1858 5781">
    <p class='ocr_par' dir='ltr' id='par_1_101' title="bbox 288 5705 1858 5781">
     <span class='ocr_line' id='line_1_101' title="bbox 288 5705 1858 5781; baseline -0.001 -17"><span class='ocrx_word' id='word_1_810' title='bbox 288 5710 688 5781; x_wconf 74' lang='grc' dir='ltr'>μορφουμένων</span> <span class='ocrx_word' id='word_1_811' title='bbox 740 5708 943 5776; x_wconf 80' lang='grc' dir='ltr'>ἀρετὰς</span> <span class='ocrx_word' id='word_1_812' title='bbox 997 5707 1197 5769; x_wconf 81' lang='grc' dir='ltr'>ἱκανῶς</span> <span class='ocrx_word' id='word_1_813' title='bbox 1252 5705 1489 5776; x_wconf 82' lang='grc' dir='ltr'>ἔχοντες.</span> <span class='ocrx_word' id='word_1_814' title='bbox 1558 5709 1696 5762; x_wconf 78' lang='grc' dir='ltr'>Ἀλλ’</span> <span class='ocrx_word' id='word_1_815' title='bbox 1747 5709 1858 5762; x_wconf 75' lang='grc' dir='ltr'>οὐδ’</span> 
     </span>
    </p>
   </div>
   <div class='ocr_carea' id='block_1_102' title="bbox 285 5795 1859 5873">
    <p class='ocr_par' dir='ltr' id='par_1_102' title="bbox 285 5795 1859 5873">
     <span class='ocr_line' id='line_1_102' title="bbox 285 5795 1859 5873; baseline -0.003 -16"><span class='ocrx_word' id='word_1_816' title='bbox 285 5799 433 5857; x_wconf 69' lang='grc' dir='ltr'>οὗτοι</span> <span class='ocrx_word' id='word_1_817' title='bbox 484 5801 682 5864; x_wconf 71' lang='grc' dir='ltr'>πάντες</span> <span class='ocrx_word' id='word_1_818' title='bbox 735 5799 893 5869; x_wconf 79' lang='grc' dir='ltr'>εἴπερ</span> <span class='ocrx_word' id='word_1_819' title='bbox 925 5795 1063 5871; x_wconf 76' lang='grc' dir='ltr'>ἦσαν</span> <span class='ocrx_word' id='word_1_820' title='bbox 1086 5815 1098 5829; x_wconf 83' lang='grc'><em>’</em></span> <span class='ocrx_word' id='word_1_821' title='bbox 1132 5799 1231 5851; x_wconf 69' lang='grc' dir='ltr'>εῖτ*</span> <span class='ocrx_word' id='word_1_822' title='bbox 1261 5796 1353 5854; x_wconf 74' lang='grc' dir='ltr'>οὖν</span> <span class='ocrx_word' id='word_1_823' title='bbox 1388 5801 1561 5854; x_wconf 78' lang='grc' dir='ltr'>εἰκόσι</span> <span class='ocrx_word' id='word_1_824' title='bbox 1593 5804 1687 5856; x_wconf 74' lang='grc' dir='ltr'><strong>ιισὶ</strong></span> <span class='ocrx_word' id='word_1_825' title='bbox 1733 5803 1859 5873; x_wconf 79' lang='grc' dir='ltr'>στή-</span> 
     </span>
    </p>
   </div>
   <div class='ocr_carea' id='block_1_103' title="bbox 1963 5430 3523 5502">
    <p class='ocr_par' dir='ltr' id='par_1_103' title="bbox 1963 5430 3523 5502">
     <span class='ocr_line' id='line_1_103' title="bbox 1963 5430 3523 5502; baseline -0.002 -17"><span class='ocrx_word' id='word_1_826' title='bbox 1963 5432 2154 5486; x_wconf 88' lang='lat' dir='ltr'><strong>bulas:</strong></span> <span class='ocrx_word' id='word_1_827' title='bbox 2228 5446 2329 5486; x_wconf 85' lang='lat' dir='ltr'><strong>nec</strong></span> <span class='ocrx_word' id='word_1_828' title='bbox 2391 5447 2522 5487; x_wconf 78' lang='lat' dir='ltr'><strong>sane</strong></span> <span class='ocrx_word' id='word_1_829' title='bbox 2598 5433 2821 5486; x_wconf 85' lang='lat' dir='ltr'><strong>Phidias</strong></span> <span class='ocrx_word' id='word_1_830' title='bbox 2886 5443 2981 5487; x_wconf 90' lang='lat' dir='ltr'><strong>aut</strong></span> <span class='ocrx_word' id='word_1_831' title='bbox 3049 5434 3271 5502; x_wconf 80' lang='lat' dir='ltr'><strong>Myron,</strong></span> <span class='ocrx_word' id='word_1_832' title='bbox 3314 5441 3368 5484; x_wconf 90' lang='lat' dir='ltr'><strong>et</strong></span> <span class='ocrx_word' id='word_1_833' title='bbox 3420 5430 3523 5499; x_wconf 87' lang='lat' dir='ltr'><strong>ipsi</strong></span> 
     </span>
    </p>
   </div>
   <div class='ocr_carea' id='block_1_104' title="bbox 1961 5521 3529 5594">
    <p class='ocr_par' dir='ltr' id='par_1_104' title="bbox 1961 5521 3529 5594">
     <span class='ocr_line' id='line_1_104' title="bbox 1961 5521 3529 5594; baseline -0.001 -17"><span class='ocrx_word' id='word_1_834' title='bbox 1961 5524 2199 5577; x_wconf 72' lang='lat' dir='ltr'><strong>artiﬁces</strong></span> <span class='ocrx_word' id='word_1_835' title='bbox 2230 5525 2457 5593; x_wconf 84' lang='lat' dir='ltr'><strong>egregii,</strong></span> <span class='ocrx_word' id='word_1_836' title='bbox 2501 5525 2594 5594; x_wconf 92' lang='lat' dir='ltr'><strong>qui</strong></span> <span class='ocrx_word' id='word_1_837' title='bbox 2631 5541 2739 5580; x_wconf 53' lang='lat' dir='ltr'><strong>aere</strong></span> <span class='ocrx_word' id='word_1_838' title='bbox 2780 5535 2837 5582; x_wconf 89' lang='lat' dir='ltr'><strong>et</strong></span> <span class='ocrx_word' id='word_1_839' title='bbox 2892 5525 3039 5581; x_wconf 79' lang='lat' dir='ltr'><strong>saxis</strong></span> <span class='ocrx_word' id='word_1_840' title='bbox 3105 5538 3291 5578; x_wconf 86' lang='lat' dir='ltr'><strong>mores</strong></span> <span class='ocrx_word' id='word_1_841' title='bbox 3353 5533 3410 5578; x_wconf 89' lang='lat' dir='ltr'><strong>et</strong></span> <span class='ocrx_word' id='word_1_842' title='bbox 3443 5521 3529 5576; x_wconf 87' lang='lat' dir='ltr'><strong>in-</strong></span> 
     </span>
    </p>
   </div>
   <div class='ocr_carea' id='block_1_105' title="bbox 1960 5615 3526 5687">
    <p class='ocr_par' dir='ltr' id='par_1_105' title="bbox 1960 5615 3526 5687">
     <span class='ocr_line' id='line_1_105' title="bbox 1960 5615 3526 5687; baseline 0.001 -18"><span class='ocrx_word' id='word_1_843' title='bbox 1960 5616 2119 5685; x_wconf 88' lang='lat' dir='ltr'><strong>genia</strong></span> <span class='ocrx_word' id='word_1_844' title='bbox 2173 5616 2415 5670; x_wconf 79' lang='lat' dir='ltr'><strong>virorum</strong></span> <span class='ocrx_word' id='word_1_845' title='bbox 2482 5615 2751 5683; x_wconf 88' lang='lat' dir='ltr'><strong>indicare,</strong></span> <span class='ocrx_word' id='word_1_846' title='bbox 2802 5627 2859 5673; x_wconf 92' lang='lat' dir='ltr'><strong>et</strong></span> <span class='ocrx_word' id='word_1_847' title='bbox 2899 5619 2953 5673; x_wconf 93' lang='lat' dir='ltr'><strong>in</strong></span> <span class='ocrx_word' id='word_1_848' title='bbox 3000 5619 3304 5686; x_wconf 67' lang='lat' dir='ltr'><strong>sculpturis</strong></span> <span class='ocrx_word' id='word_1_849' title='bbox 3336 5616 3526 5687; x_wconf 83' lang='lat' dir='ltr'><strong>operi-</strong></span> 
     </span>
    </p>
   </div>
   <div class='ocr_carea' id='block_1_106' title="bbox 1962 5710 3623 5783">
    <p class='ocr_par' dir='ltr' id='par_1_106' title="bbox 1962 5710 3623 5783">
     <span class='ocr_line' id='line_1_106' title="bbox 1962 5710 3623 5783; baseline 0.002 -22"><span class='ocrx_word' id='word_1_850' title='bbox 1962 5710 2174 5779; x_wconf 89' lang='lat' dir='ltr'><strong>husque</strong></span> <span class='ocrx_word' id='word_1_851' title='bbox 2221 5713 2357 5772; x_wconf 89' lang='lat' dir='ltr'><strong>suis,</strong></span> <span class='ocrx_word' id='word_1_852' title='bbox 2394 5710 2748 5767; x_wconf 89' lang='lat' dir='ltr'><strong>subsidentes</strong></span> <span class='ocrx_word' id='word_1_853' title='bbox 2780 5712 2917 5782; x_wconf 88' lang='lat' dir='ltr'><strong>ipsis</strong></span> <span class='ocrx_word' id='word_1_854' title='bbox 2967 5712 3301 5783; x_wconf 81' lang='lat' dir='ltr'><strong>imaginibus</strong></span> <span class='ocrx_word' id='word_1_855' title='bbox 3329 5727 3522 5766; x_wconf 83' lang='lat' dir='ltr'><strong>eorum</strong></span> <span class='ocrx_word' id='word_1_856' title='bbox 3622 5778 3623 5783; x_wconf 20' lang='grc' dir='ltr'><strong>η</strong></span> 
     </span>
    </p>
   </div>
   <div class='ocr_carea' id='block_1_107' title="bbox 1964 5802 3525 5873">
    <p class='ocr_par' dir='ltr' id='par_1_107' title="bbox 1964 5802 3525 5873">
     <span class='ocr_line' id='line_1_107' title="bbox 1964 5802 3525 5873; baseline 0.001 -18"><span class='ocrx_word' id='word_1_857' title='bbox 1964 5817 2197 5873; x_wconf 87' lang='lat' dir='ltr'><strong>quorum</strong></span> <span class='ocrx_word' id='word_1_858' title='bbox 2241 5802 2446 5859; x_wconf 80' lang='lat' dir='ltr'><strong>formas</strong></span> <span class='ocrx_word' id='word_1_859' title='bbox 2477 5802 2898 5872; x_wconf 86' lang='lat' dir='ltr'><strong>adumbraruut,</strong></span> <span class='ocrx_word' id='word_1_860' title='bbox 2931 5805 3159 5861; x_wconf 70' lang='lat' dir='ltr'><strong>virtutes</strong></span> <span class='ocrx_word' id='word_1_861' title='bbox 3193 5804 3355 5861; x_wconf 89' lang='lat' dir='ltr'><strong>simul</strong></span> <span class='ocrx_word' id='word_1_862' title='bbox 3392 5804 3525 5859; x_wconf 62' lang='lat' dir='ltr'><strong>satis</strong></span> 
     </span>
    </p>
   </div>
  </div>
