4212 6430
707 409 816 479 599

1929 417 1972 473 Ν
1987 417 2001 474 ι
2016 417 2351 476 CEPIIORI
2393 415 2732 476 CALLISTI

3839 397 3951 462 600

705 536 925 595 ptamus
950 544 959 579 :
984 535 1249 596 quam,nt
1276 533 1644 596 putonngcns
1676 525 1839 580 etiam
1873 542 2071 590 aevum,
2102 528 2273 580 maxi-
2302 530 2341 587 Α

2384 524 2456 595 σῷ
2507 524 2571 593 δὴ
2618 524 2791 592 τούτῳ
2846 521 3057 590 κόσμῳ,
3091 518 3185 571 καὶ
3224 518 3289 587 τῇ
3345 513 3599 568 ἐντεῦθεν
3650 511 3951 580 ἑκπηδώσῃ

710 630 796 670 ma
838 625 930 672 tua
958 617 1257 671 certamina
1290 626 1345 671 et
1368 617 1588 671 labores
1629 618 1889 683 veritum,
1920 618 2271 672 conservabit

710 709 1248 764 inmarcescibilem.
1289 710 1515 764 Etiamsi
1557 711 1854 781 aliquando
1899 710 2085 781 lingua
2121 726 2274 780 qum-

711 805 853 871 piam
902 802 1197 870 impotens,
1242 810 1405 870 atque
1451 801 1742 872 castigatio
1786 812 1843 857 et
1880 817 2037 856 mens
2074 811 2274 857 contu-

712 892 959 954 meliosa,
997 901 1055 945 ut
1091 891 1375 960 Scriptura
1416 892 1616 961 inquit,
1652 893 1704 945 in
1731 892 1929 945 caelum
1961 891 2147 962 gloria:
2170 900 2277 945 tua!

711 982 1115 1050 hlasphemare,
1140 990 1305 1050 atque
1339 982 1442 1035 tela
1470 983 1521 1034 in
1551 996 1732 1035 aerem
1767 982 2010 1042 mittere,
2031 990 2087 1033 et
2108 980 2277 1034 verba

716 1074 910 1127 umbra
947 1073 1209 1142 quadam,
1245 1073 1390 1140 quod
1425 1070 1477 1125 in
1518 1072 1782 1141 tragaedia
1815 1080 1917 1137 est,
1956 1073 2150 1126 tollere
2190 1078 2278 1125 at-

712 1182 821 1234 que
853 1170 1067 1235 erigere
1097 1164 1352 1233 cmperit,
1387 1163 1531 1234 quod
1562 1152 1785 1233 quidem
1819 1165 2003 1218 minus
2037 1164 2279 1232 aliquem

714 1274 959 1328 unquam
987 1272 1252 1310 ausurum
1282 1270 1405 1310 esse
1442 1263 1574 1324 puto
1606 1273 1620 1308 :
1650 1255 1745 1311 sed
1773 1255 1867 1310 ubi
1900 1256 2103 1311 viderit
2137 1252 2189 1310 te
2217 1271 2278 1309 ea

713 1367 835 1406 esse
862 1359 1185 1405 coronatum
1208 1359 1263 1403 et
1291 1358 1643 1413 exornatum,
1667 1364 1729 1403 os
1759 1350 1880 1420 ejus
1907 1349 2279 1412 obturabitur,

714 1455 770 1496 et
808 1441 1137 1511 injustitiam
1168 1440 1222 1492 in
1260 1440 1497 1494 sublime
1529 1440 1678 1508 loqui
1716 1440 1831 1509 ipse
1866 1440 2053 1494 statim
2088 1439 2283 1494 redar-

715 1544 878 1604 gntus
909 1532 1319 1602 supersedebit,
1348 1543 1655 1601 captusque
1697 1532 1873 1586 oculis
1917 1531 2185 1602 prodiliit,
2219 1539 2280 1585 ut

716 1627 810 1696 qui
852 1626 1142 1679 intendere
1180 1638 1276 1678 eos
1303 1623 1358 1677 in
1394 1623 1661 1694 ejusmodi
1694 1632 2074 1677 ornamentum
2104 1632 2283 1687 tuum,

715 1726 772 1772 et
799 1733 921 1786 qua:
946 1716 1071 1770 inde
1105 1731 1228 1770 cum
1262 1716 1438 1784 gratia
1464 1714 1741 1783 prominet
1766 1725 1821 1769 et
1855 1714 2037 1769 lucem
2070 1723 2127 1768 et
2149 1715 2283 1777 vim,

721 1819 978 1879 nequeat.
1012 1808 1204 1862 Varios
1236 1807 1328 1860 illa
1363 1822 1497 1860 sane
1520 1815 1576 1860 et
1606 1806 1930 1875 omnigenus
1957 1804 2158 1858 ﬂorum
2188 1818 2284 1857 co-

2377 616 2515 685 μετὰ
2553 616 2778 685 χάριτος
2812 612 2974 682 αἰγλῃ
3024 610 3325 680 δυνάμενος
3352 620 3369 636 ο
3407 606 3627 659 ποικίλα
3683 603 3783 673 μὲν
3834 603 3952 669 γὰρ

2374 706 2523 775 αὐτῷ
2550 708 2647 760 καὶ
2689 706 2919 759 παντοῖα
2951 703 3019 755 τά
3052 703 3109 769 ἐξ
3142 700 3353 754 ἀνθέων
3383 697 3665 750 στίλϐοντα
3696 694 3793 746 καὶ
3824 694 3953 744 διὰ-

2375 814 2554 869 χρυσα
2584 795 2877 867 χρώματα,
2935 796 3081 847 εῐποι
3107 809 3191 855 τις
3226 791 3293 844 ἂν
3331 790 3655 859 προσφόρως
3688 785 3858 853 ἀγροῦ
3889 784 3957 834 τδ

2376 888 2750 957 παμδότανον.
2783 886 3036 939 Μάλιστα
3071 882 3128 934 δὲ
3176 880 3381 940 τούτων
3415 878 3709 947 ὑπερφυῶς
3749 873 3952 944 βρίθει.

2377 981 2478 1032 ὅσα
2508 995 2566 1033 τε
2609 978 2687 1047 τῷ
2712 976 2892 1045 λευκῷ
2920 966 3277 1042 τέθηλεντιοῖς
3307 989 3368 1023 τε
3399 971 3463 1023 τὸ
3491 968 3770 1037 φοινικοῦν
3796 965 3957 1027 ἐξακ-

2381 1071 2486 1132 θεῐ,
2516 1071 2609 1122 καὶ
2640 1066 2716 1123 ὧν
2749 1071 2809 1121 τὸ
2860 1070 3030 1139 μέλαν
3072 1067 3165 1118 τοῦ
3198 1064 3393 1125 ἄνθους
3430 1064 3485 1125 ἐς
3518 1060 3678 1131 βάθος
3717 1058 3957 1126 μάλιστα

2383 1163 2613 1216 στίλϐει.
2650 1158 2770 1216 Εἶεν
2800 1160 2846 1214 δ’
2874 1160 2940 1215 ἀν
2967 1159 3160 1222 ταῦτα,
3194 1158 3254 1222 ἐξ
3286 1151 3362 1209 ὧν
3386 1172 3469 1207 σοι
3500 1154 3596 1206 καὶ
3627 1154 3655 1205 ὁ
3688 1152 3958 1222 στέςοςανος

2382 1256 2458 1318 ὼς
2507 1255 2705 1326 ἄριστα
2755 1253 3013 1320 ὑφανθεὶς
3048 1249 3385 1322 συνεπλάκη,
3418 1246 3453 1315 ἦ
3489 1247 3534 1298 τ’
3567 1244 3626 1309 ἐξ
3673 1244 3959 1311 ίεραρχξας

2385 1347 2546 1417 στολὴ
2575 1348 2651 1416 τῷ
2679 1345 2779 1415 βίῳ
2810 1343 2949 1412 ὑπὲρ
2980 1342 3137 1411 ’ἣλιον
3182 1340 3498 1407 λάμπουσα,
3527 1338 3626 1390 καὶ
3658 1335 3767 1388 τῶν
3814 1353 3960 1404 μαρ-

2383 1438 2565 1509 τύρων
2601 1439 2634 1508 ή
2668 1436 2874 1508 ἀληθὴς
2924 1439 3016 1488 καὶ
3048 1436 3221 1506 σεμνὴ
3259 1435 3555 1505 πορξυρὶς,
3600 1431 3805 1493 iam};
3839 1431 3957 1489 τοῖς

2388 1530 2671 1599 σφετέροις
2698 1529 2895 1598 αἵμασι
2918 1527 3263 1598 βεϐαμμένη,
3287 1527 3383 1579 καί
3408 1542 3472 1592 γε
3493 1525 3555 1593 δὴ
3585 1522 3963 1589 καταὸεὸρεγ-

2391 1623 2566 1690 μὲνη’
2593 1620 2731 1687 πρὸς
2764 1619 2822 1671 δὲ
2855 1620 2950 1672 καὶ
2994 1618 3055 1670 τὸ
3105 1621 3280 1686 φωτὸς
3333 1614 3595 1687 πρόξενον
3651 1613 3819 1682 μέλαν
3862 1610 3962 1663 καὶ

2388 1714 2715 1780 θεοῢφαντον
2760 1710 2989 1777 ἔνδυμα,
3020 1711 3296 1781 προσῆκον
3331 1708 3477 1777 μάλα
3526 1708 3638 1768 τοῖς
3694 1703 3830 1773 πρὸς
3867 1702 3964 1753 τὸν

2389 1803 2682 1872 ἀγγελικδν
2719 1803 2833 1871 βίον
2862 1802 3299 1855 κατασπεύδουσι
3330 1803 3425 1855 καὶ
3454 1798 3830 1866 ἐπειγομένοις
3860 1812 3874 1824 ·
3904 1794 3966 1856 ἐξ

718 1909 1005 1955 ruscantes
1058 1908 1115 1953 et
1160 1914 1362 1953 aureos
1410 1899 1577 1952 habet
1615 1898 1851 1959 colores,
1883 1912 2049 1967 quam
2085 1896 2287 1965 aliquis
2319 1887 2341 1942 Ῑ

2390 1891 2465 1948 ὧν
2516 1898 2549 1964 ἠ
2604 1893 2844 1965 Χριστοῦ
2894 1894 3196 1964 Ἐκκλησία
3230 1894 3322 1946 τὸν
3359 1893 3649 1961 διάχρυσον
3700 1887 3964 1951 καθάπαξ

722 1995 1005 2063 aptissime
1030 1994 1142 2062 agri
1180 1993 1400 2045 hortum
1430 1990 1731 2045 herbarum
1767 1990 2013 2044 omnium
2046 1991 2287 2043 feracem

723 2089 943 2141 dixerit.
996 2085 1352 2140 Potissimum
1401 2099 1533 2137 vero
1580 2082 1691 2137 illis
1742 2082 1978 2138 miriﬁce
2020 2081 2288 2148 abundat,

723 2182 817 2250 qui
852 2180 1190 2249 pullulantes
1224 2176 1587 2237 candescunt,
1625 2184 1682 2230 et
1721 2176 1815 2245 qui
1849 2190 2128 2244 purpurea
2163 2190 2292 2244 spe-

724 2270 809 2324 cie
854 2268 1075 2328 ﬂorent.
1113 2266 1323 2335 quique
1376 2266 1560 2320 nitore
1612 2263 1678 2316 ad
1730 2262 2074 2333 nigredinem
2119 2263 2294 2332 magis

722 2368 1038 2428 vergentes,
1061 2373 1227 2426 quam
1258 2357 1493 2410 maxime
1524 2353 1966 2410 relucent.€unt
1988 2368 2123 2408 vero
2156 2353 2192 2407 ii
2224 2369 2291 2406 ex

725 2451 929 2520 quibus
978 2463 1185 2504 corona
1236 2447 1334 2501 tibi
1385 2460 1552 2517 quam
1608 2446 1980 2516 pulcherrime
2037 2455 2292 2501 contexta

726 2555 891 2612 atque
933 2552 1190 2596 conserta
1225 2551 1333 2605 est,
1367 2538 1788 2594 hierarcharum
1822 2539 1983 2604 stola,
2014 2541 2141 2592 vita;
2170 2553 2295 2592 san-

726 2634 916 2689 ctitatc
948 2649 1115 2703 supra
1142 2633 1311 2687 solem
1342 2632 1520 2701 ipsum
1545 2646 1881 2686 coruscans:
1905 2641 1962 2686 et
1991 2641 2293 2701 martyrum

727 2743 858 2781 vera
890 2734 946 2779 et
987 2703 1300 2778 veneranda
1341 2738 1609 2793 purpura,
1646 2724 1915 2793 sanguine
1944 2737 2139 2778 eorum
2172 2740 2298 2793 pro-

731 2820 836 2873 lixe
870 2818 1037 2871 tincta
1070 2826 1236 2885 atque
1270 2815 1483 2885 rigata:
1516 2816 1748 2884 insuper
1777 2815 1917 2870 lucis
1948 2816 2298 2870 conciliatrix

730 2911 1055 2981 nigrescens
1079 2922 1132 2962 et
1158 2908 1431 2963 divinitus
1458 2917 1715 2962 contexta
1743 2908 1934 2973 vestis,
1968 2908 2081 2962 illis
2108 2908 2298 2963 admo-

732 3003 860 3057 dum
895 3017 1229 3072 congruens,
1273 3001 1365 3072 qui
1412 3003 1481 3055 ad
1526 3001 1695 3055 vitam
1738 3000 2039 3070 angelicam
2073 3011 2301 3055 conten-

733 3096 873 3150 dunt
917 3104 1081 3164 atque
1114 3096 1383 3163 aspirant.
1426 3093 1504 3147 Ex
1546 3093 1752 3162 quibus
1780 3092 1985 3147 Christi
2027 3090 2300 3158 Ecclesia,

735 3202 963 3241 aureum
998 3203 1225 3254 prorsus
1257 3187 1555 3239 virtutibus
1580 3185 1996 3240 circumamicta
2020 3193 2299 3251 ornatum,
2333 3210 2341 3254 ;

2387 1989 2512 2049 ταῖς
2542 1970 3205 2057 ἀρεταίξπεριὸαλομένη
3241 1986 3474 2053 κόσμον,
3516 1977 3606 2035 οἷὰ
3634 1997 3717 2040 τις
3747 1984 3962 2045 νύμφη.

2390 2078 2672 2147 πάγκαλόν
2698 2096 2751 2131 τι
2781 2079 2972 2148 χρῆμα
3036 2080 3113 2148 τῷ
3163 2078 3271 2131 τῶν
3308 2078 3447 2129 ὅλων
3494 2076 3824 2151 παρίσταται
3867 2071 3967 2138 βα-

2393 2172 2534 2225 σιλεί
2553 2187 2567 2202 ⁶
2598 2165 2675 2224 ὧν
2701 2171 2767 2239 δὴ
2796 2173 2925 2234 τοὺς
2958 2169 3156 2234 ἀθλους
3187 2173 3281 2223 καὶ
3311 2173 3440 2233 τοὺς
3468 2169 3684 2236 ἀγῶνας
3710 2169 3744 2236 ἡ
3780 2166 3967 2235 βίόλος

2391 2263 2646 2328 διέξεισι·
2676 2261 2741 2316 δι’
2763 2257 2831 2335 ἧς
2869 2263 2945 2325 ὡς
2974 2264 3227 2333 ὁμοτίμῳ
3252 2262 3487 2326 τούτοις,
3510 2263 3605 2313 καὶ
3631 2261 3723 2312 τὸν
3754 2260 3817 2311 ὲκ
3843 2257 3972 2308 τοὺ-

2391 2374 2499 2409 των
2531 2358 2796 2425 στέφανον
2814 2357 3170 2427 περιτίθεμεν
3205 2373 3312 2417 σοι,
3342 2353 3421 2418 τῷ
3451 2351 3608 2405 πάντ’
3636 2351 3846 2419 ἀρίστῳ
3873 2347 3971 2397 xz‘t

2395 2449 2665 2521 βασιλικῷ
2696 2451 2797 2519 τὴν
2829 2450 2993 2519 φύσιν
3026 2466 3085 2502 τε
3123 2450 3239 2519 ἅμα
3274 2448 3372 2501 καὶ
3408 2446 3507 2516 τὴν
3535 2444 3736 2514 ψυχὴν,
3762 2440 3971 2508 ταύτην

2391 2541 2847 2610 προσφωνοῦντες
2896 2541 2961 2613 δὴ
3013 2541 3111 2595 καὶ
3144 2538 3519 2602 ἀνατιθέντες,
3554 2534 3851 2589 καὶταῦτα
3896 2532 3971 2599 τῷ

2392 2633 2493 2701 τῆς
2523 2630 2681 2702 δόξης
2710 2632 2960 2703 στεφάνῳ
3017 2632 3161 2702 μάλα
3193 2630 3683 2700 διακεκοσμημένῳ
3708 2643 3722 2657 ·
3752 2626 3812 2678 ὃν
3839 2626 3974 2676 κάν-

2395 2724 2593 2790 ταὶθα,
2628 2720 2742 2778 οἷόν
2779 2724 2882 2778 τιν’
2932 2726 3228 2796 ἀρραϐῶνα
3274 2723 3371 2777 τοῦ
3418 2724 3703 2795 μέλλοντος
3757 2721 3973 2772 ἐκείνου

2398 2819 2495 2871 καὶ
2522 2817 2893 2884 αἰωνίζοντος,
2921 2821 3017 2872 καὶ
3046 2820 3333 2890 προοίμιον
3363 2818 3511 2872 ὥσπε
3524 2836 3578 2887 ρ.
3606 2819 3699 2868 καὶ
3740 2816 3830 2867 τὸν
3877 2811 3976 2864 νῖν.-

2400 2912 2705 2982 ὑπέρτιμον
2752 2913 2853 2983 τῆς
2876 2915 3055 2983 ἀρχῆς
3088 2931 3233 2982 φημι
3262 2915 3552 2981 στέφανον,
3575 2909 3685 2962 τῶν
3714 2907 3823 2959 σῶν
3847 2908 3977 2975 ἀρε-

2398 3004 2528 3068 τῶν,
2562 3005 2860 3075 ὑπερφυῶν
2906 3006 2954 3058 τ’
3004 3006 3232 3074 ἀγώνων
3282 3008 3381 3059 καὶ
3430 3005 3606 3059 ἀθλών
3640 2994 3798 3071 οἶμαι
3832 2998 3976 3050 επα-

2403 3095 2552 3161 θλον,
2599 3098 2628 3150 ὁ
2682 3098 3010 3167 στεφοδότης
3058 3098 3296 3164 Χριστὸς
3352 3097 3687 3166 ἐδωρήσατο,
3734 3093 3981 3160 τρόπαια

2407 3187 2676 3257 κράτιστα
2728 3190 2824 3244 καὶ
2869 3190 3099 3260 λαμπρά
3147 3190 3375 3260 βραδεῖα
3426 3189 3583 3257 νίκης
3635 3184 3980 3255 φερωνὺμως

736 3280 906 3335 veluti
930 3279 1180 3349 quaedam
1203 3293 1425 3347 sponsa,
1455 3292 1569 3330 rem
1592 3275 1840 3330 omnium
1873 3274 2303 3352 pulcherrimam
2332 3274 2341 3288 ’

2406 3281 2674 3350 ἀραμένῳ
2698 3287 2794 3334 καὶ
2823 3284 3106 3353 στήσαντι.

736 3371 1119 3427 universitatis
1146 3370 1313 3439 hujus
1351 3368 1579 3423 exhibet
1626 3378 1792 3437 atque
1829 3376 2192 3436 reprmsentat
2225 3370 2343 3439 regi
2384 3381 2439 3426 et
2472 3373 2814 3441 imperatori.
2883 3378 3090 3433 Eorum
3135 3378 3355 3435 labores
3400 3388 3459 3433 et
3497 3376 3804 3432 certamina
3842 3374 3986 3426 liber

738 3470 843 3519 lste
875 3473 1269 3518 commemorat
1298 3479 1311 3515 :
1348 3462 1459 3530 27
1492 3477 1591 3529 per
1627 3475 1791 3528 quem
1822 3459 1922 3513 tibi
1960 3467 2020 3512 ut
2060 3459 2171 3514 illis
2239 3461 2450 3517 honore
2512 3477 2569 3520 et
2629 3468 2895 3537 dignitate
2934 3472 3160 3539 aaquali,
3186 3482 3244 3525 et
3290 3474 3434 3525 hanc
3459 3485 3527 3523 ex
3555 3469 3638 3523 eis
3667 3476 3982 3520 consertam

740 3572 1001 3625 coronam
1054 3556 1413 3625 imponimus,
1453 3554 1549 3622 qui
1583 3553 1743 3607 rebus
1776 3553 2041 3607 omnibus
2112 3554 2359 3616 optimus
2396 3573 2479 3623 es,
2544 3571 2600 3613 et
2629 3573 2825 3617 natura
2886 3564 3048 3618 simul
3092 3563 3257 3633 atque
3289 3566 3473 3618 anima
3505 3562 3687 3631 regius
3718 3569 3768 3612 et
3806 3560 3985 3625 impc-

740 3651 912 3705 rialis.
959 3651 1115 3705 llunc
1163 3651 1260 3704 tibi
1315 3662 1702 3716 nuncupamus
1746 3656 1911 3716 atque
1963 3645 2309 3711 dedicamus,
2348 3665 2474 3705 cum
2547 3655 2769 3721 quidem
2818 3666 2983 3711 antea
3028 3673 3229 3712 corona
3274 3657 3459 3727 gloriae
3500 3668 3831 3724 magnopere
3909 3654 3989 3705 sis

743 3752 1083 3800 exornatus:
1119 3758 1280 3811 quam
1333 3741 1423 3795 hic
1466 3741 1769 3795 etiamnum
1811 3740 1972 3807 quasi
2007 3742 2306 3808 quemdam
2348 3741 2547 3798 futurae
2621 3748 2769 3802 illius
2795 3759 2851 3801 et
2879 3752 3233 3818 sempiternae
3264 3750 3663 3808 arrhabonem,
3692 3757 3751 3801 et
3811 3747 3985 3800 veluti

749 3835 1104 3905 prooemium,
1138 3832 1302 3895 hanc,
1334 3831 1583 3899 inquam,
1612 3828 2063 3898 pretiosissimam
2127 3829 2346 3899 imperii
2387 3847 2674 3903 coronam,
2708 3840 3066 3893 miriﬁcarum
3140 3841 3433 3904 virtutum,
3477 3840 3839 3893 certaminum
3905 3849 3988 3890 at-

744 3944 854 3999 que
888 3928 1141 3982 laborum
1178 3936 1419 3989 tuorum,
1476 3922 1704 3992 perinde
1767 3930 1934 3990 atque
1978 3922 2257 3986 brevium,
2323 3940 2654 3983 coronarum
2700 3932 2931 4002 largitor
2976 3932 3230 3988 Christus
3275 3933 3401 3995 tibi,
3445 3934 3542 4002 qui
3614 3932 3988 4001 pulcherrima

746 4028 966 4091 tropica,
1017 4028 1072 4072 et
1118 4016 1484 4086 splendidam,
1538 4024 1633 4068 tuo
1684 4014 1857 4084 ipsius
1911 4013 2251 4082 respondens
2289 4018 2499 4073 nomini
2563 4022 2663 4091 (8),
2733 4025 2977 4079 victoriae
3042 4025 3349 4080 mercedem
3398 4025 3568 4079 tulisti
3637 4035 3801 4093 atque
3869 4038 3987 4078 sla-

745 4115 922 4175 tnisti,
949 4112 1195 4166 donavit.

818 4208 962 4274 Ergo
993 4218 1093 4273 age
1141 4214 1224 4266 tu,
1272 4203 1366 4272 qui
1418 4202 1569 4257 solus
1594 4210 1812 4265 natura,
1845 4202 1989 4257 sicut
2028 4201 2121 4258 ille
2154 4202 2317 4267 dixit,

746 4297 955 4361 omnia,
986 4310 1219 4363 quaeque
1260 4294 1482 4358 divinae,
1514 4309 1747 4363 quaeque
1776 4302 2017 4347 externa
2052 4306 2185 4348 sunt
2219 4293 2320 4347 do-

747 4389 964 4451 ctrinae,
1010 4386 1286 4456 praecipue
1322 4401 1455 4439 vero
1492 4395 1717 4455 propter
1746 4385 2009 4439 eximium
2060 4397 2116 4440 et
2146 4386 2318 4439 seciu—

749 4482 863 4535 lum
906 4481 959 4532 in
994 4494 1082 4533 res
1113 4494 1361 4547 quasque
1409 4477 1811 4548 pulcherrimas
1845 4476 2097 4530 studium
2132 4487 2315 4536 tuum,

748 4586 872 4641 qua:
900 4572 953 4624 in
973 4569 1285 4639 disciplinis
1312 4577 1443 4622 sunt
1469 4582 1670 4622 arcana
1697 4568 1869 4638 magis
1888 4578 1944 4622 et
1967 4568 2313 4633 sublimiora,

754 4662 921 4726 nosti,
956 4670 1111 4715 utere
1139 4661 1362 4730 ingenio
1393 4668 1509 4725 tuo,
1541 4670 1597 4713 et
1631 4661 1919 4713 materiam
1952 4660 2153 4737 adhibe
2200 4659 2315 4728 igni

753 4753 1208 4822 incomparabilis
1260 4763 1367 4806 tuae
1419 4753 1757 4807 eruditionis
1810 4761 1866 4806 et
1913 4752 2107 4822 judicii
2155 4767 2171 4806 :
2218 4768 2316 4807 seu

750 4845 936 4914 potius
970 4844 1036 4896 ad
1090 4843 1354 4897 anuissim
1406 4854 1554 4896 tuam
1596 4844 1955 4898 accommoda
1998 4852 2055 4898 et
2094 4844 2318 4914 explora

750 4936 1192 4990 lucubrationem
1226 4935 1413 4990 istam.
1440 4934 1703 5000 Quamvis
1731 4951 1949 5005 sperem
1976 4937 2127 5005 (nam
2169 4934 2319 5006 quod

750 5037 913 5081 antea
950 5028 1285 5093 recte-dixi,
1334 5027 1389 5082 id
1422 5043 1571 5082 nunc
1605 5043 1827 5097 quoque
1872 5044 1901 5082 a
1948 5042 2037 5082 me
2078 5026 2318 5097 dicetur)

759 5118 969 5171 nullum
999 5118 1115 5171 fore
1149 5128 1257 5171 tam
1285 5117 1633 5187 pra'lractum
1665 5130 1721 5173 et
1754 5118 2041 5183 audacem,
2072 5129 2132 5173 ut
2167 5118 2319 5173 scili-

761 5220 850 5264 cet
878 5217 1003 5279 post
1029 5224 1315 5264 censuram
1348 5220 1519 5274 tuam,
1548 5211 1632 5264 vel
1669 5211 1903 5280 digitum
1948 5212 2157 5281 scripto
2190 5212 2322 5266 huic

753 5300 1017 5354 adhibere
1041 5301 1259 5355 audeat.
1294 5299 1573 5369 Improbos
1599 5318 1731 5355 vero
1776 5311 1832 5356 et
1857 5302 2071 5355 invidas
2108 5301 2322 5371 linguas

754 5408 973 5446 veneno
1010 5393 1294 5461 parricida:
1351 5394 1628 5463 serpentis
1681 5394 1932 5447 consumi
1983 5403 2041 5448 et
2093 5393 2322 5447 interire

758 5485 1037 5551 permitte.
1067 5484 1203 5551 Quis
1232 5501 1493 5555 namque,
1522 5502 1675 5557 rogo,
1703 5488 1754 5539 in
1788 5497 1841 5540 te
1871 5487 2037 5541 rebus
2062 5487 2323 5541 omnibus

759 5577 1269 5645 incomparabilem,
1315 5579 1464 5649 quod
1514 5579 1917 5648 inualedicerct,
1993 5577 2229 5632 habuit?
2289 5596 2323 5633 υ

747 5667 942 5731 ,ιίινίιιο
994 5669 1258 5735 vindicta,
1308 5679 1364 5725 et
1421 5671 1666 5726 tonitrua
1706 5681 1759 5726 et
1817 5671 2047 5726 fulmina
2103 5673 2322 5727 coalitus

825 5835 902 5900 (l)
936 5832 1228 5888 Andronici
1260 5832 1534 5887 videlicet.

2497 4207 2631 4275 ’Δγε
2680 4207 2883 4272 τοίνυν,
2920 4201 2966 4261 ὧ
3001 4207 3066 4259 σὺ
3118 4208 3282 4276 μόνος
3325 4209 3440 4278 φυᾷ
3477 4207 3545 4260 τὰ
3596 4208 3775 4259 πάντα
3806 4209 3990 4271 εἰδὼς,

2420 4302 2566 4354 κατά
2604 4301 2695 4353 τὸν
2732 4301 2979 4367 είπόντα,
3021 4301 3121 4353 ὅσα
3158 4318 3218 4352 τε
3254 4299 3396 4363 θεῖα,
3445 4302 3541 4353 καὶ
3590 4302 3689 4353 ὅσα
3728 4302 3989 4361 παιὸεἰας

2422 4392 2568 4461 μάλα
2607 4393 2705 4459 τῆς
2738 4391 2992 4461 θύραθεν,
3031 4392 3128 4443 καὶ
3159 4391 3369 4444 τούτων
3398 4393 3499 4443 ὃσα
3546 4392 3772 4459 μαλιστ⁹
3814 4395 3990 4460 αττόρ-

2421 4484 2563 4550 ρητα
2610 4483 2717 4533 τῶν
2772 4482 3120 4551 μαθημάτων
3166 4482 3266 4534 καί
3319 4482 3647 4552 ὑψηλότερα,
3694 4487 3762 4549 τῇ
3814 4483 3989 4549 tolli

2421 4573 2625 4645 σπουδῇ
2647 4579 2740 4627 καὶ
2769 4572 2846 4642 τῷ
2882 4574 3159 4643 φιλοπόνῳ
3180 4575 3313 4641 περὶ
3340 4575 3406 4626 τὰ
3443 4574 3730 4636 κάλλιστα,
3770 4575 3888 4641 χρῶ
3921 4580 3987 4639 τῇ

2423 4668 2490 4734 σῇ
2529 4665 2713 4732 φύσει,
2739 4667 2835 4718 καὶ
2865 4667 2964 4734 τὴν
3007 4665 3141 4734 ὕλην
3185 4668 3431 4735 πρόσαγε
3466 4666 3542 4733 τῷ
3591 4666 3728 4729 πυρὶ
3760 4666 3857 4730 τῆς
3894 4667 3988 4729 σῆς

2423 4759 2806 4828 ἀπαραμίλλου
2842 4757 3098 4825 γνώσεώς
3132 4775 3191 4810 τε
3235 4760 3329 4810 καὶ
3374 4760 3642 4825 κρίσεων
3687 4759 3889 4824 μᾶλλον
3937 4760 3983 4808 6:

2420 4853 2488 4921 τῇ
2521 4853 2587 4920 σῇ
2629 4850 2850 4920 βασάνῳ
2882 4849 3192 4919 παρὰτριόε
3229 4850 3331 4915 τὴν
3366 4852 3587 4917 γραφὴν
3614 4852 3708 4901 καὶ
3742 4852 3987 4913 ἐξέταζε·

2423 4943 2518 4994 καὶ
2538 4943 2662 5009 ὃμοι
2682 4942 2954 5009 πρότερον
2969 4939 3353 5009 ὲπῶαλομένῳ
3372 4940 3553 5006 λέγειν
3566 4941 3745 5000 καλῶς
3767 4943 3990 5011 ὲῤῥεθη.

2423 5037 2519 5088 καὶ
2560 5033 2656 5088 νῦν
2689 5034 2975 5103 εἰρήσεται
3000 5049 3013 5062 ’
3043 5032 3219 5095 οὐδεὶς
3247 5032 3417 5094 οὕτως
3449 5033 3685 5100 αὐθάδης
3729 5038 3821 5085 καὶ
3861 5039 3967 5099 υρα

2423 5143 2551 5186 σους
2579 5125 2788 5192 γέμων,
2813 5122 2952 5176 ὥστε
2989 5126 3127 5191 μετὰ
3150 5122 3391 5192 βάσανον
3422 5121 3557 5188 δῆτα
3600 5139 3698 5188 την
3735 5125 3833 5187 σὴν
3881 5130 3969 5172 πολ

2427 5220 2533 5287 μᾷν
2564 5214 2827 5268 δάκτυλον
2852 5213 3012 5276 αὖθις
3038 5218 3159 5275 ταῖς
3192 5216 3427 5280 γραφαῖς
3458 5213 3726 5263 smitam:
3753 5228 3767 5241 '
3807 5229 3907 5265 τα..
3933 5214 3985 5262 οι

2426 5304 2665 5372 πονηρὰς
2701 5305 2794 5355 καὶ
2829 5302 3132 5370 βασκάνους
3184 5301 3431 5368 γλώσσας
3465 5305 3526 5353 Ea
3562 5303 3636 5368 τῷ
3669 5303 3732 5368 ἰῳ
3760 5300 3855 5352 τοῦ
3890 5320 3991 5352 πα-

2426 5395 2717 5465 τροκτόνου
2752 5392 3200 5447 συνδαπανᾶσθαι
3228 5396 3321 5444 καί
3345 5392 3762 5459 διαυθείρεσυαι
3789 5394 3990 5463 ὅτεῳ.-

2424 5491 2508 5550 τίς
2547 5487 2654 5556 γὰρ
2689 5486 2750 5538 σὲ
2777 5486 2869 5538 τὸν
2899 5484 3215 5553 ἐφ’ᾰπασιν
3240 5484 3625 5553 ἀπαριμιλ).ον
3660 5482 3842 5547 λεγειν
3881 5480 3993 5549 εἶχε

2427 5576 2610 5637 κακῶς
2634 5591 2652 5641 ;
2680 5570 2726 5628 ὦ
2758 5575 2881 5627 θεία
2908 5574 3051 5643 δίκη,
3079 5575 3179 5628 καὶ
3232 5575 3514 5641 κεραυνοὶ,
3544 5573 3640 5625 καὶ
3675 5572 3996 5640 πρηττῆρες

2429 5670 2634 5723 ἄνωθέν
2674 5670 2887 5739 ῥέοντες
2916 5683 2929 5697 ·
2965 5660 3027 5720 οὗ
3066 5666 3142 5737 τῷ
3172 5666 3398 5719 θιοιιδεί
3448 5667 3540 5718 καὶ
3578 5663 4000 5735 μεγαλοπρεαῖ
