4212 6430
236 429 334 494 601

1635 448 2058 511 DEDICATIO

3383 461 3496 522 602

233 548 334 614 τῆς
385 548 583 616 ψυχῆς,
630 552 722 602 καὶ
763 552 841 622 τῷ
875 554 985 606 τῶν
1037 558 1290 626 πράξεων
1324 563 1416 614 καὶ
1451 565 1670 632 μεγέθει
1711 567 1806 618 καί

1915 570 2192 626 cadentia!
2233 572 2306 625 De
2338 587 2470 639 quo,
2497 581 2718 641 propter
2776 570 3019 625 divinam
3056 581 3107 625 et
3140 572 3486 641 magniﬁcam

232 639 406 708 ὄγκῳ,
443 641 549 693 οὐδ’
580 644 855 714 ἐγκώμιον
880 649 1031 714 ἄξιον
1066 654 1156 703 καὶ
1184 657 1458 722 προσῆκον
1493 658 1636 724 μάλα
1661 659 1807 711 ἔστιν

232 731 441 794 εὑρεῖν,
494 733 762 786 πλείστων
797 737 859 806 δὴ
915 741 1006 790 καὶ
1047 741 1221 794 ταῦτα
1271 745 1480 796 πλεῖστ’
1513 749 1804 811 εἰπόντων,

234 823 440 892 πολλήν
466 841 525 876 τε
552 828 647 876 καὶ
684 833 902 898 μακρὰν
932 834 1057 902 περὶ
1083 834 1140 886 σέ
1174 840 1608 892 κατατεινάντων
1643 858 1807 891 cnos-

233 912 330 978 δήν
360 932 376 945 ο
404 917 508 967 κᾶν
540 919 740 980 πάντες
773 923 1083 990 ἀνακράτος
1110 927 1307 995 ἥττους
1333 930 1688 997 ἐλέγχωνται,
1717 933 1808 983 οὺ-

235 1006 401 1067 ρανοῦ
433 1009 736 1073 τολμῶντες
764 1014 1128 1080 ἐφάπτεσθαι,
1223 1021 1320 1089 τὴν
1349 1022 1619 1090 σφετέραν
1652 1024 1810 1074 σκιὰν

231 1114 264 1145 κ
309 1099 571 1152 ταλαὸεῐν
597 1105 972 1172 ἐπειγόμενοι,
1006 1111 1094 1162 ἀεὶ
1140 1111 1540 1180 προχωροῦσαν
1574 1116 1668 1166 καὶ
1695 1115 1810 1168 δια-

233 1191 549 1256 φεύγουσαν
597 1194 826 1247 καθόσον
863 1200 1196 1265 ἐπείγονται.
1233 1204 1298 1256 τί
1333 1205 1553 1272 λέγειςς
1587 1208 1810 1276 Μέμφιν

235 1283 360 1332 κατ’
402 1285 637 1350 ἐκείνου,
663 1288 759 1340 τοῦ
801 1290 1058 1360 ἄντικρυς
1093 1296 1389 1366 αὑτοδόξης
1425 1316 1483 1350 τε
1523 1301 1618 1352 καὶ
1649 1302 1809 1353 αὑτο-

224 1377 421 1444 τιμῆς,
452 1380 510 1431 ὃν
543 1383 676 1453 τιμὴ
717 1385 812 1436 καὶ
845 1386 967 1449 δόξα
990 1389 1226 1450 μάλιστα
1278 1392 1688 1462 δορυφοροῦσαι
1720 1395 1810 1446 δν)-

228 1468 488 1532 ξαζονται
513 1473 608 1525 καὶ
631 1475 990 1542 σεμνύνονται
1019 1493 1032 1541 ;
1066 1474 1108 1546 ᾧ
1143 1482 1266 1547 μηδ’
1294 1483 1358 1534 ἂν
1377 1485 1404 1535 ό
1427 1501 1498 1535 πα
1511 1486 1558 1555 ρ’
1579 1486 1810 1554 Ἕλλησι

224 1565 542 1633 τιμώμενος
575 1569 787 1630 ἐκεῖνος
842 1572 1049 1640 Μῶμος
1103 1574 1246 1639 θεὸς,
1298 1577 1389 1628 καὶ
1427 1580 1535 1628 τῶν
1594 1578 1810 1648 ὕϐρεων

225 1657 463 1728 εὑρετής
504 1677 562 1712 τε
603 1665 698 1715 καὶ
724 1663 974 1732 ἡγεμὼν,
1004 1671 1161 1736 μήτοι
1193 1669 1245 1735 γ’
1269 1669 1434 1736 ἐγγὺς
1462 1671 1659 1736 ἐλθεῖν,
1691 1672 1808 1725 ἀλλ’

227 1751 356 1800 οὐδὲ
412 1753 758 1822 προσὸλέψαι
801 1757 939 1819 ὅλως
990 1761 1302 1830 troianas;
1343 1764 1542 1831 μᾶλλον
1587 1765 1632 1815 δ’
1687 1766 1808 1818 οὐδὲ

223 1845 444 1912 Μῶμος
474 1849 563 1899 ἐπὶ
595 1850 690 1900 τοῦ
737 1849 948 1914 λοιποῦ,
984 1852 1212 1922 φθαρεὶς
1255 1858 1347 1906 καὶ
1386 1856 1684 1926 διαρρυεὶς,
1714 1859 1810 1910 ἆτε

1916 678 2180 727 mentem,
2216 667 2608 735 actionumque
2656 665 3094 733 magnitudinem
3137 674 3193 718 et
3246 665 3483 734 pondus,

1915 774 2092 827 neque
2123 759 2435 812 cncoruium
2476 757 2803 826 laudemque
2844 757 3174 824 condignam
3205 765 3261 809 et
3286 757 3488 809 decen-

1917 859 2022 904 tem
2077 850 2322 903 invenire
2377 849 2528 910 licet.
2563 864 2685 902 cum
2721 848 2946 917 quidem
2986 848 3205 916 plurimi
3245 848 3484 916 plurima

1915 942 2179 1004 dixerint,
2221 943 2567 1010 multumque
2601 942 2692 993 ditt
2723 957 2910 1010 opene
2940 951 2995 993 et
3026 940 3194 994 studii
3227 942 3279 993 in
3319 941 3488 993 rebus

1917 1032 2025 1084 tuis
2050 1033 2337 1100 posuerim
2371 1051 2382 1084 :
2410 1032 2503 1100 qui
2535 1047 2666 1084 sane
2701 1046 2894 1084 omnes
2930 1030 3222 1083 inferiores
3247 1032 3330 1082 eis
3362 1046 3486 1083 esse

1912 1135 2040 1179 sunt
2081 1125 2434 1192 deprehensi,
2481 1124 2682 1180 ccelum
2731 1124 3004 1194 attingere
3053 1134 3340 1186 conantes,
3391 1132 3488 1176 aut

1913 1232 2066 1272 suam
2125 1217 2366 1286 ipsorum
2419 1215 2673 1270 umbram
2726 1214 3204 1282 comprehendere
3257 1225 3485 1266 conten-

1914 1311 2149 1364 dentes:
2184 1326 2306 1378 quze
2354 1326 2463 1377 quo
2499 1310 2672 1378 magis
2713 1312 2765 1363 ei
2810 1308 3192 1378 impendeant,
3228 1323 3296 1361 eo
3328 1305 3489 1360 cedat

1916 1405 2086 1470 magis
2116 1412 2172 1455 et
2202 1401 2478 1470 diﬂugiat.
2531 1400 2674 1467 Quid
2713 1401 2837 1455 ais?
2893 1399 3392 1468 Reprehenderene
3433 1408 3491 1452 ct

1913 1509 2139 1562 carpere
2168 1494 2507 1547 constituisti
2542 1509 2668 1548 eum
2702 1493 2794 1562 qui
2825 1509 2892 1546 ex
2930 1495 3048 1559 ipso
3080 1507 3308 1559 prorsus
3344 1491 3486 1542 nati-

1912 1601 2034 1639 vam
2066 1586 2276 1640 obtinet
2309 1586 2539 1655 gloriam
2566 1595 2622 1640 et
2653 1585 3003 1654 dignitatem.
3032 1592 3091 1637 et
3120 1599 3281 1651 quem
3311 1583 3489 1635 honor

1912 1692 1966 1732 et
2001 1678 2305 1747 amplitudo
2354 1678 2588 1731 maxime
2621 1677 2883 1731 satellitio
2933 1675 3171 1744 quodam
3216 1675 3489 1741 stipantes

1915 1771 2192 1826 illustrant
2241 1781 2406 1839 atque
2457 1777 2776 1824 exornant:
2814 1769 2924 1838 28
2972 1768 3037 1820 ad
3089 1782 3253 1835 quem
3310 1780 3489 1833 neque

1915 1862 2004 1916 ille
2030 1864 2121 1930 qui
2154 1862 2298 1930 apud
2341 1861 2560 1917 Graecos
2609 1874 2707 1928 pro
2740 1861 2841 1912 deo
2875 1858 3057 1912 cultus
3090 1866 3176 1910 est
3204 1856 3482 1910 convicio-

231 1941 371 2005 μήτι
423 1939 671 2008 δυνηθεὶς
709 1942 876 1993 αὑτοῦ
927 1945 1019 1996 καὶ
1064 1946 1227 2012 μόνου
1282 1945 1484 2015 δηλαδὴ
1538 1948 1641 2000 κᾶν
1697 1948 1807 2000 οὐδ’

1917 1969 2036 2006 rum
2073 1955 2327 2007 inventor
2357 1963 2521 2021 atque
2549 1961 2743 2005 auctor
2775 1950 3004 2012 Momus,
3042 1965 3149 2003 non
3185 1949 3346 2001 modo
3376 1964 3485 2000 non

225 2031 483 2082 ὁπωσοῦν
517 2033 996 2102 προσεφὰψασθαι.
1041 2037 1183 2088 Ἀλλ’
1216 2038 1325 2103 ἐγὼ
1352 2038 1450 2107 μέν
1477 2040 1648 2091 ταῦτα
1669 2053 1684 2070 ·
1720 2042 1812 2092 σὸν

222 2124 270 2175 δ’
307 2124 377 2177 ἂν
407 2125 514 2194 ab},
559 2129 838 2196 κράτιστε,
867 2133 1246 2199 παραμετρεῖν
1301 2132 1531 2197 ἕκαστα,
1561 2134 1653 2185 καὶ
1712 2134 1810 2200 τὴν

228 2221 334 2286 σὴν
393 2219 574 2287 ψῆφον
603 2221 820 2290 ἀρρεπῆ
854 2238 942 2292 μοι
989 2222 1278 2292 βραὸεύειν
1303 2240 1318 2254 ⁸
1353 2224 1489 2278 Θεοῦ
1520 2226 1629 2294 γὰρ
1661 2225 1813 2278 ἄντι-

227 2329 371 2381 κρυς
399 2311 580 2380 ψῆφος
608 2315 640 2383 ή
666 2314 754 2382 σή.
781 2313 871 2384 Τῷ
895 2318 1003 2384 γὰρ
1030 2316 1272 2384 μεγίστῳ
1300 2317 1412 2369 τῶν
1438 2316 1616 2370 ἄθλων
1640 2320 1812 2387 ἐμαυ-

227 2406 321 2454 τὸν
354 2405 671 2474 ἐπιρὸξψας,
690 2405 785 2457 νῦν
810 2406 982 2470 ἐγνων
1003 2407 1171 2470 ὅντως
1192 2408 1406 2461 διώκων
1429 2415 1495 2460 τὰ
1518 2409 1808 2478 φεύγοντα,

227 2498 331 2547 καὶ
353 2499 583 2549 κατόπιν
602 2499 886 2567 ποταμίων
912 2501 1199 2567 ῥευμάτων
1223 2503 1538 2571 ἐρχόμενος·
1564 2504 1659 2555 καὶ
1684 2520 1813 2570 συγ-

223 2591 423 2657 γνώμη
462 2591 538 2657 τῷ
574 2589 734 2642 πάθει
762 2606 775 2619 ·
823 2588 852 2641 ὃ
885 2591 977 2642 καὶ
1021 2592 1126 2651 πᾶς
1165 2591 1258 2655 ἂν,
1282 2589 1459 2660 οἶμαι,
1503 2595 1688 2658 πάθοι,
1719 2597 1814 2648 ἐπὶ

223 2685 390 2732 τόσον
423 2682 608 2747 ἀγῶνα
635 2685 884 2735 καθεῖναι
915 2682 1259 2753 πειρώμενος
1294 2685 1487 2737 ἐαυτόν
1511 2701 1524 2716 ο
1552 2688 1627 2755 μὴ
1654 2687 1812 2757 δυνη-

226 2777 346 2835 θεὶς
383 2774 429 2825 δ’
485 2777 632 2841 ὅμως
668 2775 974 2839 ⁴ἐξικέσθαι
1015 2777 1093 2846 τῷ
1154 2778 1428 2846 ἀνεφίκτῳ
1480 2779 1667 2846 σχεδὸν
1719 2782 1813 2832 καὶ

223 2868 602 2935 ἀπαραμίλλῳ
629 2866 738 2919 τῶν
773 2867 1040 2937 πράξεων.
1104 2868 1161 2922 Ὀ
1190 2870 1243 2921 δὲ
1277 2871 1541 2932 Βασιλεὺς
1572 2871 1681 2925 τῶν
1714 2872 1812 2941 βα-

229 2961 578 3023 σιλευόντων,
612 2961 702 3011 καὶ
747 2961 951 3029 Κύριος
980 2962 1084 3012 τῶν
1116 2965 1502 3031 κυριευόντων,
1531 2967 1559 3016 ό
1589 2963 1668 3032 τῷ
1695 2966 1810 3032 ίδίῳ

227 3057 433 3122 αἵματι
459 3057 555 3124 τὴν
587 3055 752 3107 αὑτοῦ
794 3054 1122 3126 Ἐκκλησίαν
1147 3057 1514 3126 οίκοδομήσας
1541 3057 1807 3129 στερρῶς,

233 3151 291 3197 σε
331 3147 393 3198 δὲ
427 3148 518 3198 τὸν
554 3149 695 3198 κατὰ
732 3148 828 3216 τὴν
866 3147 1076 3199 ἐκείνου
1113 3150 1340 3218 καρδίαν
1372 3151 1685 3220 προστάτην
1717 3151 1811 3202 καὶ

1917 2047 2145 2117 propius
2190 2047 2474 2111 accedere,
2513 2046 2607 2100 sed
2645 2061 2714 2099 ne
2750 2046 3026 2112 respicere
3059 2043 3281 2112 quidem
3323 2059 3485 2111 pror-

1920 2156 2015 2194 sus
2060 2139 2296 2193 audeat?
2329 2137 2471 2204 Quin
2527 2138 2738 2207 potius;
2760 2136 2971 2190 Llomus
3003 2135 3264 2202 deinceps
3304 2134 3490 2187 nullus

1912 2242 2116 2294 exstat,
2163 2244 2224 2286 ut.
2260 2231 2354 2301 qui
2390 2231 2667 2286 interierit
2696 2240 2860 2299 atque
2906 2227 3228 2289 dimuxerit,
3280 2227 3334 2280 in
3385 2226 3489 2279 hoc

1915 2327 2034 2381 solo
2071 2342 2137 2380 ne
2172 2325 2446 2379 tantillum
2492 2323 2717 2392 quidem
2772 2319 2918 2390 quod
2952 2321 3348 2389 perstringeret
3388 2318 3487 2371 ha-

1914 2418 2072 2471 bens.
2125 2415 2399 2471 Cteterum
2455 2431 2556 2486 ego
2594 2414 2820 2484 quidem
2880 2413 3003 2468 ista.
3067 2411 3247 2465 Tuum
3297 2421 3485 2466 autem

1913 2507 2098 2570 fuerit,
2137 2508 2396 2576 princeps
2427 2507 2656 2574 Optime,
2698 2513 2757 2557 ut
2796 2503 3122 2557 consideres
3153 2511 3320 2570 atque
3362 2516 3490 2569 per-

1913 2602 2122 2671 pendas
2170 2601 2402 2654 seorsim
2439 2599 2642 2658 omnia,
2683 2606 2738 2650 et
2774 2610 2993 2664 aequum
3028 2604 3488 2661 constantemque

1910 2693 2103 2764 judicli
2137 2694 2214 2746 tui
2238 2692 2511 2746 calculum
2542 2690 2673 2742 mihi
2709 2689 2995 2742 adhibeas.
3022 2688 3118 2740 Dei
3150 2686 3296 2738 enim
3329 2685 3488 2753 plane

1916 2797 2008 2840 tua
2039 2785 2206 2840 fuerit
2245 2785 2543 2839 sententia.
2578 2782 2680 2849 Qui
2709 2797 2842 2836 vero
2873 2796 2958 2833 me
3002 2781 3182 2847 ipsum
3217 2779 3270 2831 in
3304 2785 3486 2830 certa-

1919 2895 2043 2933 men
2080 2878 2375 2932 maximum
2410 2875 2763 2946 conjecerim,
2798 2890 2945 2928 nunc
2975 2878 3192 2926 demum
3223 2870 3488 2938 fugientia

1917 2988 2005 3027 me
2055 2973 2335 3041 persequi,
2367 2979 2424 3024 et
2480 2985 2510 3021 a
2554 2979 2708 3036 tergo
2757 2966 3043 3021 ﬂuentium
3097 2976 3362 3031 aquaran
3409 2961 3490 3015 ire

1917 3064 2216 3132 comperio.
2257 3062 2388 3127 Quae
2424 3077 2510 3114 res
2566 3061 2782 3112 veniam
2839 3057 3089 3127 profecto
3125 3064 3390 3107 meretur.
3431 3050 3488 3104 In

1915 3174 2022 3225 qua
2055 3157 2340 3216 nimirum,
2380 3165 2440 3208 ut
2476 3152 2734 3222 equidem
2770 3161 2923 3221 puto,
2961 3148 3197 3218 quilibet
3243 3146 3487 3208 fallatur,

233 3244 564 3310 ὑπερμαχον
615 3242 836 3308 γνήσιον
868 3240 1150 3310 ταύτηηέν
1181 3244 1436 3310 ἐρυθραὶς
1461 3247 1811 3313 καταστήσας

1915 3250 2006 3317 qui
2031 3248 2323 3301 scilicetse
2346 3245 2398 3299 in
2425 3255 2710 3298 certamen
2744 3251 2956 3295 tantum
2999 3242 3291 3294 demittere
3320 3254 3488 3292 conc-

230 3333 456 3400 βαφαῖς,
493 3333 580 3399 εἴη
633 3333 730 3401 τὴν
771 3334 868 3401 σὴν
928 3334 1125 3403 εὐσεϐῆ
1179 3335 1461 3403 βασιλείαν
1497 3339 1576 3398 είς
1609 3337 1813 3405 ἄπειρα

229 3426 416 3479 κύκλα
436 3429 650 3478 αἰώνων
677 3427 1046 3495 διαφρουρῶν,
1082 3432 1138 3477 ἐν
1183 3430 1501 3500 ἀκλονήτοις
1526 3431 1812 3498 εὐθυμίαις

229 3521 345 3569 τῶν
403 3519 719 3588 περικύκλῳ
757 3521 973 3572 πάντων
1013 3521 1530 3590 κατευμεγεθοῦσαν
1579 3522 1809 3591 ἐχθρῶν,

230 3617 322 3664 καὶ
345 3614 454 3664 ὑπὸ
489 3614 653 3675 πόδας
677 3615 884 3675 πάντας
907 3615 1008 3676 ἕως
1027 3630 1091 3667 ου
1112 3617 1457 3666 παντάπασιν
1487 3617 1811 3683 ἐκτριὸεἰεν,

229 3709 429 3769 τιθεὶς,
465 3706 544 3757 ἔτι
576 3724 632 3757 τε
665 3706 974 3773 κρατύνων,
1006 3708 1100 3758 καὶ
1129 3706 1288 3770 δόξαν
1322 3707 1415 3758 ἐπὶ
1437 3706 1560 3777 δόξῃ
1591 3707 1814 3775 μείζονα

230 3800 513 3869 χορηγῶν,
543 3799 639 3850 καὶ
666 3798 735 3849 δι’
785 3799 986 3860 αἰῶνός
1036 3799 1096 3851 σέ
1133 3815 1193 3852 τε
1227 3800 1320 3851 καὶ
1351 3799 1572 3861 παῖδας.
1603 3804 1698 3852 καὶ
1730 3803 1816 3866 γέ-

229 3909 322 3952 νος
378 3891 553 3955 ἅπαν,
590 3893 685 3943 καὶ
724 3892 878 3952 τήνδε
921 3891 1096 3955 πόλιν,
1160 3886 1226 3961 ἧς
1273 3893 1436 3953 αὐτὸς
1474 3892 1564 3943 καὶ
1596 3890 1813 3942 πολιοῦ-

231 4001 330 4051 χος
393 3985 489 4035 καὶ
530 3986 796 4052 οἰκιστὴς,
856 3985 1067 4039 θάλλειν
1121 3986 1335 4046 διδούς·
1395 3984 1468 4045 ὡς
1522 3985 1589 4036 ἄν
1640 4001 1703 4052 γε
1738 3985 1814 4053 τῷ

229 4076 459 4144 ἀφθόνῳ
487 4077 595 4128 τῶν
650 4077 869 4143 ἀγαθῶν
920 4077 1013 4128 ἐπὶ
1041 4079 1140 4141 τὰς
1178 4078 1576 4146 θρυλλουμένας
1606 4080 1815 4147 χρυσᾶς

230 4172 458 4231 ὲκείνας
497 4172 692 4231 Ἐννας
747 4172 1010 4241 Ῥωμαῖοι
1051 4172 1363 4240 ἀνέλθωμεν
1388 4189 1402 4203 °
1435 4174 1572 4241 μετὰ
1598 4173 1652 4223 δὲ
1685 4173 1814 4241 χρό-

230 4279 326 4313 νον
383 4261 622 4331 μακρὸν,
673 4260 810 4329 βαθύ
842 4279 900 4314 τε
937 4265 1115 4331 γῆρας
1169 4265 1264 4316 καὶ
1302 4263 1555 4332 λιπαρὸν,
1589 4263 1816 4332 ἀπειρίᾳ

233 4353 435 4422 σχεδὸν
477 4352 995 4423 συνεξεταζόμενον,
1026 4355 1117 4405 καὶ
1151 4356 1250 4422 τῆς
1278 4355 1557 4423 ἁδιαδόχου
1585 4356 1679 4405 καὶ
1712 4355 1812 4422 ἀρ·-

235 4447 342 4515 χῆς
393 4447 491 4498 καὶ
521 4445 796 4514 βασιλείας
847 4447 1207 4510 καταξιώσειε
1232 4463 1246 4478 ⁸
1274 4450 1376 4501 κάν
1427 4451 1491 4517 τῇ
1527 4449 1634 4499 τῶν
1669 4466 1816 4516 πρω-

225 4540 475 4590 τοτόκων
521 4538 816 4608 Ἐκκλησία
853 4540 1039 4608 ἐκείνῃ
1072 4539 1149 4607 τῷ
1181 4540 1280 4607 τῆς
1310 4539 1546 4601 πίστεως
1581 4538 1814 4608 ἁρχηγῷ

232 4630 448 4697 βασιλεῖ
471 4630 760 4698 σύνθρονον
781 4631 876 4682 καὶ
913 4630 1199 4700 ίσάριθμον
1227 4629 1547 4694 ἀναδείξειε,
1573 4632 1638 4682 τὰ
1669 4637 1810 4698 γέρα

227 4718 341 4768 τῶν
382 4718 617 4786 μακρῶν
653 4721 857 4783 πόνων,
885 4719 1026 4788 ὑπὲρ
1064 4718 1161 4786 τῆς
1208 4717 1445 4786 Χριστοῦ
1485 4718 1812 4784 Ἐκκλησίας

229 4813 329 4861 καὶ
361 4812 623 4880 ποίμνης,
678 4811 752 4873 ὡς
786 4812 963 4882 χρεών
1003 4827 1089 4878 γε,
1131 4810 1251 4863 κατ’
1283 4811 1439 4875 ἀξίαν
1488 4814 1812 4882 καρπούμε-

229 4919 343 4955 νον.

231 5011 290 5056 et
368 4999 558 5064 molle,
616 4998 764 5069 quod
809 4998 875 5053 ad
947 4997 1222 5052 inﬁnitum
1299 5013 1471 5069 prope
1515 4999 1812 5068 pertingat,
1858 5003 2094 5063 senium,
2150 4999 2243 5054 illo
2306 5015 2545 5068 quoque,

1920 3352 2007 3395 tur
2032 3358 2044 3393 :
2075 3340 2219 3392 unde
2251 3348 2455 3400 tamen,
2482 3346 2708 3404 propter
2738 3349 2824 3387 res
2862 3348 3031 3403 prope
3059 3332 3488 3399 incomprehen-

1917 3435 2109 3488 sibiles
2157 3440 2324 3499 atque
2365 3427 2844 3498 inexpugnabiles,
2880 3425 3115 3479 evadere
3147 3439 3256 3477 non
3295 3423 3487 3490 possit.

1918 3527 2035 3594 ipse
2091 3539 2222 3577 vero
2276 3523 2388 3576 Rex
2438 3538 2629 3588 regum
2668 3531 2723 3573 et
2770 3520 3034 3572 Dominus
3083 3515 3486 3569 dominantium

1917 3619 2192 3680 Christus,
2226 3616 2319 3685 qui
2353 3615 2620 3684 sanguine
2648 3628 2749 3666 suo
2774 3611 3084 3664 Ecclesiam
3118 3624 3272 3662 suam
3304 3623 3488 3660 sat-ra-

1919 3712 2015 3774 vit,
2054 3719 2108 3763 et
2143 3709 2376 3762 ﬁrmiter
2416 3707 2750 3766 construxit,
2793 3714 2851 3758 et
2895 3715 2948 3758 te
2995 3703 3074 3757 illi
3122 3703 3300 3754 virum
3335 3698 3489 3770 juxta

1917 3819 2010 3856 cor
2038 3817 2200 3856 suum
2234 3800 2620 3854 auxiliatorem
2667 3809 2721 3850 et
2766 3796 3118 3863 defensorem
3166 3807 3487 3862 germanum

1919 3910 2161 3966 purpura
2213 3899 2533 3947 decoratum
2599 3891 2927 3955 constituit,
2974 3889 3122 3958 pium
3193 3886 3486 3954 imperium

1920 3999 2071 4043 tuum
2105 3988 2157 4041 in
2191 3988 2434 4040 inﬁnitos
2467 3985 2566 4039 αξνί
2594 4000 2770 4038 annos
2800 3982 3118 4035 custodiat:
3150 3990 3314 4046 atque
3349 3976 3400 4031 id
3432 3977 3488 4028 in

1918 4082 2102 4135 stabili
2136 4090 2190 4133 et
2223 4081 2445 4132 immota
2476 4079 2686 4139 l.etitia,
2722 4079 2864 4129 inter
2891 4090 3086 4126 otnnes
3122 4074 3217 4140 qui
3252 4072 3487 4123 circum-

1919 4176 2062 4228 circa
2091 4184 2240 4236 sunt,
2267 4172 2442 4225 donec
2470 4185 2693 4238 prorsus
2721 4169 2901 4222 cuncti
2931 4169 3035 4220 sub
3062 4165 3293 4234 pedibus
3323 4160 3486 4230 positi

1918 4256 2296 4327 conterantur,
2328 4266 2576 4317 inimicos
2605 4306 2618 4328 ,
2658 4264 2709 4316 in
2739 4265 2912 4331 majus
2928 4273 3251 4313 excrescens
3287 4265 3487 4317 servet,

1921 4359 2294 4428 maioremque
2326 4357 2490 4408 aliam
2543 4369 2712 4421 super
2747 4356 2909 4404 altam
2955 4351 3183 4420 gloriam
3221 4347 3493 4400 submini—

1922 4459 2102 4502 strans
2130 4447 2421 4502 conﬁrmet
2453 4462 2466 4499 :
2503 4456 2666 4513 atque
2698 4445 2834 4497 adeo
2880 4452 2951 4506 te,
2976 4443 3199 4495 liberos
3231 4450 3284 4491 et
3317 4453 3491 4506 genus

1922 4555 2105 4604 omne,
2154 4541 2438 4609 ipsamque
2488 4539 2630 4591 hanc
2691 4542 2903 4601 urbem,
2937 4538 3093 4603 cujus
3126 4551 3185 4588 es
3235 4543 3382 4585 tutor
3438 4543 3493 4584 ct

1920 4633 2193 4691 conditor,
2227 4633 2278 4684 in
2319 4641 2640 4700 perpetuum
2689 4629 2884 4681 ﬂorere
2918 4628 3099 4688 faciat,
3156 4631 3217 4677 ut
3269 4621 3487 4676 tandem

1923 4724 2080 4777 bonis
2118 4723 2374 4776 omnibus
2424 4721 2642 4775 abunde
2680 4718 3034 4780 accumulati,
3085 4717 3140 4768 in
3172 4715 3493 4768 decantatas

1925 4819 2043 4870 illas
2082 4831 2274 4868 aureas
2332 4814 2513 4866 Ennas
2562 4813 2791 4866 Romani
2851 4811 2961 4880 (1)
3029 4809 3490 4863 conscendamus.

1927 4907 2051 4960 Post
2074 4908 2293 4974 longum
2334 4921 2464 4958 vero
2502 4913 2715 4973 tempus
2744 4944 2755 4963 ,
2789 4909 3221 4970 provectumque.
3271 4900 3491 4950 demum

2618 4998 2764 5066 quod
2823 4999 3227 5051 successionem
3294 4995 3491 5060 nescit,

232 5099 582 5165 sempiterno
617 5108 788 5162 regno
827 5102 882 5147 et
936 5093 1168 5160 imperio
1193 5102 1243 5146 te
1294 5093 1594 5162 dignetur:
1646 5106 1809 5161 atque
1849 5096 1901 5148 in
1971 5094 2058 5147 illa
2101 5094 2592 5163 primogenitorum
2663 5091 2904 5145 Ecclesia
2951 5091 3002 5142 in
3045 5089 3302 5144 eumdem
3335 5090 3492 5142 thro-

232 5209 364 5245 num
400 5201 459 5245 et
500 5204 789 5242 numerum
823 5203 950 5241 cum
1015 5188 1138 5243 ﬁdei
1197 5190 1445 5258 principe
1478 5192 1808 5258 imperatore
1849 5191 2071 5252 referat,
2108 5191 2451 5244 diutinorum
2527 5205 2626 5258 pro
2660 5188 2865 5243 Christi
2914 5187 3156 5241 Ecclesia
3224 5201 3280 5240 et
3332 5200 3493 5256 grege

233 5297 624 5355 susceptorum
677 5287 952 5354 laborum,
1006 5286 1080 5340 ita
1147 5294 1206 5340 ut
1256 5287 1439 5349 decet,
1481 5285 1722 5338 honores
1765 5295 1818 5336 et
1857 5283 2070 5339 fructus
2104 5287 2404 5354 condignas
2438 5297 2857 5354 percepturum.

309 5425 384 5494 ti)
417 5427 627 5479 Novam
679 5434 732 5478 et
777 5426 1052 5478 caelestem
1116 5424 1443 5478 Jerusalem.
1501 5421 1593 5474 Est
1657 5421 1802 5494 apud

237 5498 418 5551 Cicer.
458 5497 512 5547 in
545 5497 763 5548 actione
812 5496 1038 5548 Verrina
1073 5497 1149 5549 6:
1193 5513 1208 5543 ι
1257 5495 1407 5546 Enna
1438 5493 1698 5560 oppidum
1751 5493 1839 5544 in.

237 5566 504 5622 umbilico
555 5566 758 5620 Sicilia:
809 5566 999 5630 situm,
1031 5567 1132 5620 soli
1167 5563 1490 5621 fertilissimi
1525 5572 1580 5617 et
1629 5562 1699 5616 ob
1753 5563 1805 5614 id

1915 5425 2100 5479 Cereri
2125 5441 2364 5479 sacrum.
2398 5444 2415 5475 ι
2443 5423 2738 5478 Christiani
2778 5439 2938 5491 porro
2963 5421 3028 5476 ad
3055 5436 3252 5476 aureas
3283 5420 3494 5484 Ennas,

1913 5496 2192 5551 cwlcstem
2219 5497 2474 5566 patriam,
2510 5497 2841 5564 aspir-auius.
