4212 6430
197 394 302 461 617

1146 388 1755 453 ECCLESIASTICE
1791 387 2174 457 HISTORL‘E
2219 388 2359 449 LIB.
2406 388 2452 449 Ι.

3335 388 3440 454 618

298 504 406 575 42
440 499 805 557 Postcriorum
831 501 1060 571 quinque
1106 508 1367 554 tantorum
1409 507 1720 568 argumenta
1750 497 1887 551 altus
1924 500 2153 551 auctoris
2205 514 2312 552 esse
2358 499 2612 552 videntur.
2640 498 2740 565 Qui
2767 502 2892 554 tomi
2933 503 2986 555 in
3041 502 3133 557 hac
3183 522 3336 573 opere

1624 583 1727 619 non
1779 578 2007 621 exstant.
3092 580 3101 587 '

282 669 343 721 Ὃ
376 668 421 720 δ’
454 664 937 724 ἐννεακαιδέκατος
974 662 1137 716 αὐτόν
1167 678 1225 714 τε
1266 660 1611 727 Ἡράκλειον,
1644 659 1769 721 τούς
1801 671 1842 723 Λ

194 781 255 816 τε
301 762 499 823 παῖδας
532 760 628 812 καὶ
679 758 939 826 ἐγγόνους
990 753 1158 807 αὐτοῦ
1206 754 1301 806 καὶ
1335 753 1404 805 τὰ
1444 753 1535 805 ἐπ’
1587 752 1771 812 αὐτοῖς

198 855 473 921 γενόμενα
518 842 797 919 περιέξειδ
834 849 901 901 τά
951 864 1010 899 τε
1069 846 1167 915 τῆς
1228 844 1457 915 Περσῶν
1497 842 1771 911 κινήσεως

199 946 326 997 καθ’
359 944 537 1013 ἡμῶν,
569 942 663 995 τοῦ
694 958 753 994 τε
785 939 1087 994 ἁκαθίστου
1120 935 1357 1007 ’Υμνου,
1412 935 1631 1001 καὶτῆς
1675 934 1773 985 Ἰε-

203 1036 521 1105 ροσολύμων
555 1033 811 1094 ἁλώσεως
839 1048 854 1063 ·
899 1016 991 1083 καὶ
1014 1029 1089 1091 ὡς
1120 1030 1147 1081 6
1181 1028 1425 1097 μυσαρος
1458 1025 1772 1096 τηνικαῦτα

200 1129 451 1197 ἀνεφάνη
476 1125 721 1194 Μωάμεθ
742 1142 755 1154 ·
794 1125 876 1176 ἔτι
911 1124 967 1176 δὲ
993 1120 1089 1174 καὶ
1120 1122 1188 1173 τὰ
1218 1120 1345 1188 περὶ
1376 1118 1475 1188 τῆς
1510 1119 1773 1189 αἱρέσεως

201 1220 315 1272 τῶν
368 1217 786 1287 Μονοθελητῶν,
836 1217 931 1267 καὶ
974 1215 1085 1267 τῶν
1124 1213 1213 1265 ἐπ’
1264 1213 1400 1281 αὑτῇ
1443 1211 1771 1280 γενομένων,

201 1314 439 1382 Σεργίου
490 1331 548 1366 τε
599 1311 697 1364 xui.
735 1310 975 1380 Πύρρου,
1035 1306 1249 1360 Παύλου
1291 1322 1348 1357 τε
1414 1306 1506 1357 καὶ
1540 1304 1771 1373 Πέτρου.

197 1408 463 1473 Μαξίμου
519 1421 577 1456 τε
634 1404 729 1455 τοῦ
780 1402 928 1453 θείου
962 1401 1060 1452 καὶ
1118 1396 1495 1464 ὁμολογητΟὖ·
1553 1394 1681 1462 περί
1715 1412 1773 1447 τε

195 1499 302 1565 τῆς
343 1497 603 1557 εὐσεϐοῦς
650 1496 929 1561 βασιλείας
974 1488 1385 1547 Κωνσταντίνου
1442 1486 1537 1538 τοῦ
1574 1487 1775 1553 Πωγω-

195 1593 368 1643 νὰτου
394 1605 407 1619 ·
442 1590 534 1639 καὶ
570 1587 639 1638 τὰ
674 1588 815 1639 κατὰ
846 1589 941 1653 τὴν
977 1585 1139 1650 ἁγίαν
1175 1582 1343 1650 ἕκτην
1379 1581 1474 1631 καὶ
1523 1582 1776 1647 οἰκουμε-

198 1680 367 1747 νικῆν
418 1678 657 1737 σύνοδον,
715 1679 810 1728 xa‘t
869 1662 939 1727 τὰ
993 1677 1050 1726 ὲν
1102 1674 1240 1742 αὐτῇ
1292 1670 1636 1739 πραχθέντα,
1680 1670 1776 1721 καὶ

206 1771 329 1838 μετ’
386 1768 575 1837 αὐτὴν,
635 1768 728 1819 ἐπὶ
791 1764 1174 1819 ’1ουττινιανοῦ
1234 1762 1327 1815 τοῦ
1393 1762 1773 1830 Ῥινοτμήτου,

205 1861 453 1916 καὶτῶν
501 1859 741 1922 καθεξῆς
793 1858 1085 1926 βασιλέων,
1154 1856 1282 1924 ἄχρι
1329 1852 1393 1923 δὴ
1457 1854 1553 1905 καὶ
1606 1852 1776 1918 αὐτῆς

204 1953 336 2019 ὅλης
368 1951 542 2019 ἀρχῆς
572 1949 930 2002 Ἀναστασίου
962 1945 1054 1999 τοῦ
1087 1946 1316 2010 Δικόρου
1351 1944 1447 1996 καὶ
1491 1942 1775 1995 Θεοδοσίου

198 2043 301 2093 τοῦ
355 2037 768 2109 Ἀτραμυτηνοῦ
801 2038 909 2089 τῶν
943 2037 1381 2105 αὐτοκρατόρων.

282 2133 581 2192 Ἢμέντοι
646 2129 877 2198 περιοχὴ
930 2124 1027 2179 τοῦ
1097 2124 1346 2177 εἰκοστοῦ
1406 2123 1575 2193 τόμον
1626 2122 1780 2175 ἔσται

201 2229 363 2280 Λέων
390 2226 576 2276 Κόνων
609 2225 637 2274 ὁ
664 2224 917 2289 Ἰσαυρος
967 2218 1064 2271 καὶ
1105 2216 1477 2286 Εἰκονομάχος
1501 2231 1516 2247 ·
1548 2215 1670 2268 ὅθεν
1721 2230 1780 2266 τε

202 2322 234 2382 ἡ
271 2316 387 2368 τῶν
415 2314 807 2382 Εἰκονομάχων
857 2310 1073 2380 αἵρεσις
1103 2306 1314 2375 ἁνεφύη
1342 2320 1359 2338 ’
1395 2306 1534 2376 πρὸς
1582 2306 1639 2359 δὲ
1692 2306 1783 2357 καὶ

202 2414 233 2461 6
264 2408 643 2475 Κοπρώνυμος
671 2404 1103 2463 Κωνσταντίνος,
1134 2403 1227 2452 καὶ
1276 2400 1345 2451 τὰ
1394 2399 1466 2451 δι’
1500 2397 1665 2451 αὐτοῦ
1694 2415 1785 2465 γε-

209 2501 500 2569 γενημένα
536 2497 747 2558 ἀθέως·
773 2498 829 2547 ὲν
870 2492 1051 2563 ταυτῷ
1083 2492 1140 2545 δὲ
1183 2493 1276 2544 καὶ
1333 2489 1643 2561 Γερμανοῦ,
1690 2490 1785 2542 καὶ

204 2591 309 2642 τοῦ
335 2588 693 2659 Δαμασκόθεν
763 2586 1039 2649 Ἰωάννου,
1073 2583 1350 2651 Στεφάνου
1383 2599 1441 2633 τε
1502 2580 1599 2633 τοῦ
1641 2580 1787 2645 νέου,

210 2684 450 2737 καὶτῶν
486 2681 693 2733 λοιπῶν
723 2677 996 2748 θεομισῶν
1036 2675 1199 2729 αὐτοῦ
1246 2676 1451 2746 ἔργων,
1515 2674 1789 2742 μεμνήσε-

209 2794 340 2830 ται*
384 2777 481 2828 καὶ
510 2776 583 2836 ὼς
623 2774 894 2841 διεφθάρη
931 2770 1093 2832 αὑτός
1119 2786 1176 2819 τε
1216 2771 1312 2820 καὶ
1340 2768 1368 2818 6
1411 2768 1539 2827 παῖς
1575 2764 1730 2817 Λέων
1762 2765 1790 2817 ὁ

209 2880 279 2928 ἐκ
330 2877 429 2943 τῆς
482 2871 740 2940 Χαζὰρας
801 2871 900 2937 τὴν
964 2864 1287 2931 ἐπωνυμίαν
1338 2862 1788 2931 κεκληρωμένος.

212 2970 344 3021 Ἔτι
373 2962 800 3032 συνδιαλήψεται
865 2961 957 3011 καὶ
991 2961 1059 3009 τὰ
1095 2955 1223 3019 περὶ
1259 2953 1357 3022 τῆς
1394 2951 1653 3013 εὐσεὸοῦς
1700 2950 1794 3021 βα-

214 3060 429 3119 σιλείας
471 3052 888 3109 Κωνσταντίνου
924 3049 1018 3101 καὶ
1073 3048 1348 3117 Εἰρήνης·
1403 3051 1498 3098 καὶ
1548 3044 1619 3096 τὰ
1653 3042 1793 3095 κατὰ

210 3159 323 3220 τὴν
344 3151 509 3215 ἁγίαν
558 3147 795 3214 ὲὸδ-ὃμην
823 3142 918 3194 καὶ
945 3138 1331 3208 οἰκουμενικὴν
1374 3135 1601 3189 σύνοδον
1630 3153 1643 3164 ·
1701 3134 1797 3187 καὶ

213 3244 318 3312 τῆς
351 3241 461 3293 τῶν
520 3238 693 3304 ἁγίων
732 3234 955 3286 εἰκόνων
988 3233 1188 3300 τιμῆς⁹
1234 3229 1371 3297 πρὸς
1428 3228 1482 3279 δὲ
1518 3226 1794 3297 Ταρασίον

1946 661 2004 714 In
2048 660 2265 716 decimo
2310 674 2460 714 nono
2502 669 2647 715 tomo
2679 671 2870 731 agetur
2918 662 2980 719 de
3016 664 3134 729 ipso
3166 666 3442 724 Heraclio.

1874 751 2175 821 liberisque
2198 761 2254 806 et
2274 751 2565 820 nepotibus
2587 752 2727 822 ejus,
2752 760 2807 807 et
2836 753 3001 810 rebus
3022 757 3128 810 sub
3150 758 3233 813 eis
3252 762 3438 829 gestis.

1874 842 2081 912 Agetur
2108 852 2373 909 przeterea
2398 844 2466 896 de
2494 842 2779 896 Persarum
2810 844 3075 900 adversus
3104 846 3449 903 Christianos

1876 944 2051 990 motu.
2100 934 2235 990 Item
2275 935 2343 988 de
2386 944 2740 990 sacrosancto
2771 936 2997 1014 hymno.
3046 947 3101 992 et
3133 939 3449 1010 Hierosoly-

1875 1042 2091 1082 morum
2139 1028 2479 1097 captivitate.
2535 1028 2602 1081 Et
2640 1036 2700 1082 nt
2731 1031 3087 1085 exsecrabilis
3139 1042 3194 1086 et
3237 1034 3450 1089 διιοῐηί-

1876 1123 2092 1177 nandus
2118 1138 2181 1177 ea
2217 1132 2373 1177 aetate
2408 1123 2796 1178 Mahomethus
2825 1134 3050 1180 coortus
3080 1125 3170 1181 sit.
3215 1128 3347 1183 Item
3380 1131 3447 1185 de

1878 1216 2072 1270 haeresi
2107 1216 2609 1280 Mouothelitarum,
2656 1228 2712 1272 et
2753 1220 2847 1288 qui
2881 1233 3001 1274 eam
3054 1221 3244 1276 sectati
3296 1233 3448 1290 sunt,

1880 1306 2095 1376 Sergio,
2135 1305 2367 1374 Pyrrho,
2402 1307 2571 1361 Paulo
2599 1316 2654 1361 et
2691 1309 2893 1373 Petro;
2934 1311 3064 1365 item
3098 1312 3164 1366 de
3195 1312 3451 1376 Maximo,

1878 1400 2063 1454 divino
2089 1400 2403 1454 confessore
2427 1417 2441 1463 ;
2482 1400 2610 1452 item
2636 1400 2700 1454 de
2722 1402 2814 1469 pio
2845 1401 3075 1472 imperio
3103 1404 3452 1461 Constantini

1878 1492 2142 1561 Pogonati
2182 1493 2299 1545 sive
2344 1491 2601 1557 Barbati;
2648 1492 2776 1546 item
2811 1496 2878 1549 de
2922 1504 3113 1550 sancto
3143 1506 3299 1552 sexto
3335 1497 3458 1553 uni-

1878 1585 2081 1637 versali
2120 1584 2382 1648 concilio,
2418 1584 2699 1654 rebusque
2734 1585 2792 1640 in
2827 1601 2895 1641 eo
2924 1596 2981 1642 et
3016 1597 3141 1658 post
3175 1588 3233 1644 id
3265 1588 3482 1659 gestis,

1880 1686 2128 1744 tempore
2176 1674 2476 1730 Justiniani
2524 1677 2888 1744 Rhinotmeti,
2936 1689 2992 1734 et
3036 1681 3456 1737 succedentium

1879 1767 2302 1837 imperatorum,
2332 1783 2509 1838 usque
2540 1769 2607 1822 ad
2637 1770 2912 1841 integrum
2964 1771 3259 1841 imperium
3308 1776 3459 1829 Ana-

1880 1859 2028 1915 stasii
2082 1858 2305 1925 Dieori,
2344 1867 2400 1913 et
2464 1858 2759 1917 Theodosii
2825 1864 3168 1935 Atramyteni
3226 1865 3462 1937 impera-

1881 1962 2036 2007 ῑΟΙΊΙ.

1955 2126 2213 2187 Vicesimi
2258 2116 2391 2189 tomi
2429 2135 2658 2189 materia
2703 2134 2811 2190 erit
2838 2134 2951 2191 Leo
2998 2135 3188 2191 Conon
3219 2135 3459 2202 lsaurus,

1888 2224 2183 2293 imaginum
2218 2225 2525 2280 debellator
2555 2243 2569 2280 :
2600 2226 2744 2282 unde
2774 2227 2940 2281 etiam
2970 2226 3196 2284 haeresis
3223 2239 3280 2285 et
3308 2239 3461 2284 secta

1888 2316 2153 2386 imagines
2200 2316 2594 2372 debellantium
2635 2328 2720 2375 est
2754 2328 2967 2375 exorta.
3016 2320 3283 2376 Pneterea
3316 2321 3466 2377 Con-

1887 2409 2163 2465 stantinus
2194 2411 2598 2481 Copronymus,
2649 2421 2708 2467 et
2754 2412 2994 2480 quae-ab
3035 2428 3103 2469 eo
3144 2415 3308 2483 impie
3354 2416 3467 2485 sint

1892 2501 2054 2554 facta.
2091 2502 2148 2554 In
2172 2500 2369 2556 eodem
2399 2513 2550 2557 ιοιιιο
2577 2504 2789 2558 mentio
2814 2518 3039 2575 quoque
3067 2506 3161 2559 [iet
3183 2507 3463 2575 Germani,

1889 2592 2117 2647 Joannis
2164 2592 2510 2656 Damasceni,
2553 2603 2611 2649 et
2661 2595 2926 2665 Stephani
2952 2597 3206 2667 iunioris,
3241 2607 3299 2655 et
3334 2602 3463 2655 item

1893 2683 2231 2754 reliquorum
2267 2686 2378 2747 Deo
2406 2686 2707 2741 invisorum
2744 2686 3015 2743 factorum
3047 2689 3292 2761 ejusdem
3321 2692 3469 2748 Con—

1893 2775 2119 2829 stantini
2154 2792 2169 2829 :
2198 2784 2254 2829 et
2295 2783 2355 2829 ut
2390 2776 2531 2845 ipse,
2558 2776 2821 2847 ﬁliusque
2852 2778 2973 2848 ejus
3007 2778 3137 2845 Leo,
3162 2795 3466 2851 cognomen

1894 2881 1921 2918 a
1957 2867 2222 2932 (.‘hazara,
2254 2868 2643 2934 sive-secessu,
2668 2868 2924 2940 adeptus,
2948 2870 3283 2939 interierint.
3309 2874 3470 2929 Com-

1897 2958 2171 3027 plectetur
2193 2958 2338 3013 idem
2367 2970 2547 3014 tomus
2573 2976 2659 3016 res
2678 2969 2859 3032 gestas
2880 2964 2953 3033 pii
2979 2964 3190 3033 imperii
3211 2964 3470 3021 Constan-

1899 3051 1998 3105 tini
2032 3061 2087 3105 et
2112 3051 2303 3117 Irenaa,
2339 3061 2395 3107 et
2418 3060 2621 3110 sancta:
2647 3055 2894 3124 septima:
2920 3058 3245 3113 universalis
3275 3060 3470 3127 synodi

1897 3152 2041 3208 acta,
2076 3153 2130 3198 et
2160 3145 2445 3201 restitutos
2479 3147 2653 3203 sacris
2685 3148 3017 3218 imaginibus
3043 3151 3299 3206 honores.
3334 3154 3468 3221 Age-

1902 3244 1991 3287 tur
2019 3251 2237 3305 quoque
2270 3236 2338 3293 de
2368 3238 2444 3293 Ta
2458 3241 2604 3294 rasio
2632 3248 2690 3296 et
2721 3240 3060 3307 Nicephoro,
3095 3242 3223 3295 item
3253 3242 3323 3297 de
3356 3243 3473 3298 Pla-

212 3337 315 3388 καὶ
344 3332 666 3400 Νικηφόρον
691 3343 704 3356 ·
740 3327 820 3379 ἔτι
847 3326 903 3377 δὲ
936 3324 1219 3383 Πλάτωνος
1256 3321 1351 3373 καὶ
1379 3319 1662 3390 Θεοδώρου
1695 3316 1792 3370 τοῦ

1900 3335 2048 3392 tone,
2073 3339 2125 3382 et
2146 3326 2434 3383 Theodoro
2457 3328 2696 3394 Studita,
2716 3338 2771 3384 et
2796 3343 2916 3399 qua
2941 3328 3137 3383 horum
3164 3338 3471 3400 temporum

215 3426 512 3483 Στουδίτου
539 3440 553 3454 ’
600 3421 694 3475 καί¹
719 3422 829 3473 τῶν
861 3418 1167 3488 γεγονότων
1206 3418 1264 3468 έν
1312 3414 1523 3475 τούτοις
1560 3411 1795 3482 σχισμά-

214 3538 366 3574 των·
418 3520 514 3570 καὶ
564 3515 636 3578 ὡς
667 3516 823 3567 ὸὰπδ
857 3510 1092 3579 γενικῶν
1155 3507 1493 3577 Νικηφόρος,
1552 3504 1795 3573 Στανρὰ-

219 3616 346 3677 κιὸς
376 3628 433 3665 τε
468 3610 561 3663 καὶ
614 3611 642 3661 6
684 3605 959 3673 Ῥαγκαὸὲ
996 3601 1239 3673 Μιχαὴλ,
1273 3602 1363 3652 τὸν
1426 3599 1541 3669 βίον
1597 3599 1796 3669 μετήλ-

218 3708 287 3758 λα
296 3707 417 3770 ξαν.

314 3801 377 3849 '0
409 3795 845 3862 εἰκοστόπρωτος
878 3790 945 3842 τὰ
984 3788 1129 3842 κατὰ
1173 3789 1265 3841 τὸν
1315 3787 1553 3856 δυσσεϐῆ
1593 3788 1797 3840 Λέοντα

216 3892 313 3943 τὸν
358 3887 650 3957 Ἀρμένιον
680 3885 1041 3953 διηγήσεταιο
1074 3881 1223 3939 ὅπως
1250 3896 1307 3932 τε
1354 3882 1386 3947 ἡ
1438 3878 1666 3949 δευτέρα
1706 3878 1799 3945 γέ-

217 4000 386 4051 γονεν
414 3978 804 4046 εἰκονομαχία*
846 3976 942 4027 καὶ
972 3973 1055 4036 τίς
1087 3973 1113 4025 6
1160 3974 1365 4041 ταύτης
1423 3974 1608 4039 πατὴρ
1632 3986 1647 4001 ·
1707 3972 1800 4023 καὶ

216 4078 293 4127 ὼ-
328 4074 629 4141 ὑπερόριος
671 4068 759 4121 διὰ
789 4066 995 4135 ταύτην
1025 4067 1052 4117 6
1092 4065 1439 4133 πατριάρχης
1490 4060 1800 4130 Νικηφόρος

217 4166 467 4232 ἐγένετο,
503 4165 596 4216 καὶ
626 4163 652 4213 6
683 4159 969 4228 Στονδίτης
1006 4156 1305 4224 θεόδωρος,
1331 4156 1428 4207 καὶ
1460 4155 1611 4209 ἁλλιι
1648 4155 1800 4205 πλεῖ-

222 4274 387 4313 στοι·
447 4258 576 4327 περί
644 4271 701 4306 τε
757 4252 856 4321 τῆς
911 4251 1188 4321 βασιλείας
1235 4248 1329 4319 τοῦ
1375 4248 1645 4318 Ἀμορέου
1698 4248 1803 4301 Μι-

221 4351 396 4421 χαὴλ,
429 4353 523 4401 καὶ
576 4347 706 4417 περὶ
737 4345 998 4397 Μεθοδίου
1031 4342 1125 4395 τοῦ
1178 4344 1551 4411 πατριάρχου·
1580 4340 1674 4392 καὶ
1733 4340 1802 4391 τὰ

224 4449 287 4495 ἑν
317 4448 386 4510 τῇ
423 4437 677 4508 βασιλεία
710 4436 975 4501 θεοφὶλου
1002 4433 1318 4503 πραχθέντα
1341 4448 1356 4463 ’
1389 4436 1483 4484 καί
1513 4433 1611 4502 τῆς
1662 4434 1806 4501 τταρ-

228 4537 435 4605 ῤηίας
486 4530 599 4582 τῶν
642 4525 949 4596 τηνικαῦτα
990 4526 1166 4593 ἁγίων
1223 4524 1456 4594 ἀνδρῶν,
1510 4526 1620 4577 τῶν
1672 4542 1808 4593 γρα-

227 4626 393 4678 πτὼν
448 4621 711 4691 μάλιστα,
746 4618 1157 4673 καλ-,Μεθοδίου
1186 4617 1279 4669 τοῦ
1332 4617 1503 4683 ἱεροῦ,
1549 4618 1645 4671 καὶ
1690 4619 1805 4671 Ἰω-

1901 3418 2112 3474 fuerint
2156 3420 2458 3476 schismata
2500 3432 2554 3475 et
2601 3421 2867 3487 dissidia;
2916 3430 2973 3476 et
3005 3423 3279 3489 quomodo
3317 3423 3448 3477 Nice

1903 3512 2112 3580 phorus
2158 3513 2380 3579 nobilis,
2434 3513 2776 3580 Stauracius,
2820 3522 2877 3569 et
2932 3514 3157 3569 M'cbacl
3206 3514 3479 3570 Raneaha

1902 3606 2072 3662 vitam
2106 3606 2369 3662 (inierint.

1982 3790 2294 3845 Vicesimus
2334 3788 2547 3860 primus
2580 3797 2761 3845 tomus
2806 3789 2956 3861 impii
3008 3791 3208 3846 Leonis
3232 3790 3473 3847 Armenii

1907 3893 2059 3953 gesta
2096 3898 2111 3936 :
2147 3891 2202 3935 et
2238 3881 2517 3952 quomodo
2546 3881 2853 3936 secundum
2900 3882 3231 3952 imaginibus
3273 3882 3476 3939 bellum

1909 3976 1979 4029 sit
2007 3976 2240 4038 illatum,
2265 3975 2390 4042 quis
2415 3974 2534 4044 ejus
2559 3972 2685 4028 belli
2711 3982 2937 4039 auctor;
2968 3985 3023 4029 et
3051 3985 3108 4028 ut
3136 3990 3199 4029 ea
3223 3975 3289 4029 de
3311 3991 3479 4031 causa

1908 4064 2257 4132 Nicephorus
2312 4064 2528 4131 patriar:
2551 4063 2661 4124 ha,
2719 4061 3045 4118 Theodorus
3095 4062 3369 4127 Studites,
3427 4075 3483 4118 et

1911 4156 2221 4224 complures
2269 4155 2361 4208 alii
2414 4156 2466 4208 in
2520 4155 2776 4208 exsilium
2813 4153 2924 4208 sint
2968 4155 3098 4220 acti,
3148 4155 3478 4211 recensebit.

1912 4248 2315 4317 Complectetur
2343 4261 2561 4316 quoque
2594 4246 2885 4315 imperium
2918 4242 3199 4299 Michaelis
3224 4247 3479 4308 Amorem,

1915 4352 1971 4396 et
2003 4358 2088 4395 res
2132 4339 2392 4393 Melltodii
2425 4339 2769 4408 patriarchae.
2802 4338 2935 4391 Item
2983 4348 3071 4391 res
3113 4337 3213 4390 sub
3246 4338 3477 4407 imperio

1916 4434 2205 4503 The0phili
2238 4441 2438 4502 gestas.
2488 4431 2619 4484 Item
2661 4430 2880 4485 dicendi
2916 4428 3228 4482 libertatem
3264 4443 3481 4485 saneto-

1918 4544 2040 4581 rum
2072 4542 2137 4581 eo
2173 4537 2417 4593 tempore
2451 4523 2719 4586 virorum,
2763 4522 3038 4590 praecipue
3071 4521 3120 4571 in
3153 4522 3314 4588 pictis
3342 4524 3479 4576 ima-

1919 4624 2138 4695 ginibus
2170 4618 2550 4676 defendendis.
2583 4621 2786 4688 Agetur
2816 4619 2941 4672 item
2975 4617 3041 4672 de
3067 4628 3255 4672 sancto
3280 4618 3486 4671 Metho-

230 4722 348 4786 σὴφ
407 4689 502 4766 τοῦ
575 4711 969 4780 ὑμνογρὰφουο
1006 4711 1100 4761 καὶ
1162 4708 1234 4771 ὡς
1288 4710 1342 4761 ἐν
1376 4709 1522 4761 τέλει
1584 4712 1800 4781 γενόμε-

1880 4702 1885 4733 ’
1917 4716 2028 4779 dio,
2064 4724 2121 4769 et
2154 4712 2391 4780 Jusepho
2425 4712 2750 4780 hymnorum
2782 4711 3087 4778 scriptore;
3121 4719 3173 4763 et
3207 4725 3264 4763 ut
3297 4711 3347 4762 in
3379 4711 3483 4762 line

228 4826 323 4867 νος
377 4809 406 4858 6
440 4805 726 4871 Θ;όφιλος,
780 4804 902 4863 ταῖς
937 4802 1111 4868 ἰεραίς
1159 4800 1336 4852 εἰκόσι
1365 4801 1684 4869 προσέθετο.

313 4899 413 4967 Τῷ
442 4898 498 4950 δὲ
536 4895 768 4963 εἰκοστῷ
796 4894 1038 4962 δευτέρῳ
1086 4892 1243 4944 ἔσται
1301 4891 1669 4961 διηγουμένῳ,
1717 4894 1813 4944 ὅσα

234 4997 334 5046 ἐπὶ
360 4987 585 5059 Μιχαὴλ
608 4991 703 5039 καὶ
741 4984 1023 5054 Θεοδώρας
1052 4984 1155 5052 τῆς
1201 4985 1363 5049 ἁγίας
1401 4984 1568 5036 αὑτοῦ
1613 4986 1817 5053 μητρὸς

232 5088 309 5153 τῇ
358 5082 659 5152 Ἐκκλησία
682 5076 969 5148 ἐπράχθη’
1034 5078 1130 5128 καὶ
1188 5078 1218 5145 ἡ
1265 5075 1640 5145 ἁναςτήλωσις
1711 5077 1819 5128 τῶν

231 5177 419 5243 ἁγίων
449 5176 674 5226 εἰκόνων
733 5170 987 5237 ἐγένετο*
1045 5168 1175 5237 περί
1229 5185 1286 5220 τε
1328 5168 1658 5221 Ὶωαννικίου
1720 5168 1815 5219 τοῦ

233 5269 511 5341 μεγάλου,
550 5268 647 5320 καὶ
688 5265 786 5334 τῆς
842 5263 1172 5330 διακρίσεως
1230 5261 1517 5321 Μεθοδίου,
1558 5264 1653 5313 καὶ
1716 5262 1819 5329 τῆς

225 5363 349 5414 τῶν
399 5359 637 5427 ἀνιέρων
694 5355 1070 5424 καθαιρέσεως
1118 5351 1331 5421 ἱερέων,
1394 5353 1487 5403 καὶ
1544 5351 1653 5403 τῶν
1700 5353 1820 5404 τότε

231 5451 606 5523 σχιςμὰτων·
639 5448 772 5516 περί
815 5465 870 5499 τε
918 5445 1255 5507 Λιζικιανῶν
1314 5446 1407 5496 καὶ
1452 5443 1776 5512 Μανιχαίων
1803 5459 1816 5472 ο

230 5551 338 5598 καὶ
396 5545 473 5604 ὡς
539 5542 601 5593 τὸ
638 5541 748 5593 τῶν
816 5538 1147 5606 Βουλτάρων
1180 5538 1332 5599 ἔθνος
1371 5536 1460 5589 τὸν
1495 5537 1817 5604 Χριστιανι-

232 5641 381 5706 σμὸν
416 5634 777 5704 προσεδέξατο
806 5647 817 5659 ·
850 5632 927 5681 ἔτι
958 5630 1015 5680 δὲ
1068 5629 1159 5681 καὶ
1221 5632 1347 5698 περί
1416 5628 1676 5696 Ἰγνατίον
1722 5627 1817 5679 καὶ

229 5735 454 5783 Gnosida
498 5729 603 5776 τών
632 5722 1025 5793 πατριαρχῶνο
1075 5723 1166 5773 καὶ
1216 5724 1284 5773 τὰ
1328 5721 1536 5789 μεταξὺ
1581 5722 1687 5771 τῶν
1727 5721 1828 5801 δύο.

228 5820 455 5875 τούτων
513 5817 799 5881 συμῦάντα
826 5830 839 5843 ’
877 5818 968 5865 καὶ
1001 5813 1068 5864 τὰ
1105 5811 1268 5880 μέσον
1325 5813 1531 5864 Φωτίου
1592 5813 1683 5864 καὶ
1725 5813 1819 5864 Νι-

458 5919 732 5972 ΡΑτκιιι..
766 5915 856 5972 UB
917 5909 1136 5972 CXLV

1878 4840 1883 4844 -
1917 4820 2087 4875 prope
2116 4805 2235 4855 vitae
2264 4801 2605 4870 Theophilus
2632 4815 2817 4853 sacras
2848 4800 3113 4869 imagines
3138 4802 3481 4870 approbarit.

1985 4896 2041 4950 In
2094 4894 2353 4947 vicesimo
2405 4892 2648 4945 secundo
2699 4892 3162 4954 recensebuntur,
3214 4907 3335 4961 qua:
3383 4893 3485 4946 sub

1921 4987 2151 5054 imperio
2195 4983 2497 5045 Michaelis,
2532 4992 2586 5036 et
2624 4981 2932 5035 Theodone
2967 4983 3155 5036 matris
3184 4984 3327 5052 ejus,
3361 4998 3481 5036 san-

1920 5089 2020 5133 ctae
2063 5077 2299 5137 nminat,
2331 5074 2586 5127 Ecclesiae
2631 5074 2953 5137 acciderint,
3003 5084 3057 5127 et
3097 5075 3370 5129 restitutio
3404 5091 3489 5129 sa-

1920 5183 2137 5224 crarum
2196 5168 2515 5236 imaginum.
2554 5165 2777 5219 Dicetur
2827 5182 3046 5235 quoque
3090 5166 3157 5220 de
3201 5166 3489 5221 Joannicio

1922 5259 2135 5327 Magno,
2170 5258 2236 5311 de
2270 5255 2716 5311 meditationibus
2758 5255 3016 5311 Methodii
3041 5296 3055 5320 ,
3092 5256 3158 5311 de
3196 5257 3486 5326 impiorum

1923 5351 2275 5419 abrogatione
2302 5348 2641 5403 sacerdotum
2673 5366 2685 5401 :
2718 5348 2787 5403 de
2810 5348 2930 5416 ejus
2959 5348 3221 5416 temporis
3252 5349 3491 5404 dissidns

1928 5455 1982 5496 et
2035 5442 2443 5502 schismatibus,
2502 5440 2776 5509 prt‘ecipue
2829 5455 2961 5493 vero
2996 5441 3063 5493 de
3100 5440 3388 5495 Liz?cianis
3436 5452 3489 5496 et

1926 5534 2258 5592 Manieneis.
2320 5541 2378 5583 ut
2422 5546 2552 5599 gens
2603 5529 2957 5599 Bulgnrorum
3005 5530 3487 5585 Christianismum

1927 5626 2231 5695 susceperit
2280 5643 2293 5677 :
2336 5624 2402 5676 de
2452 5623 2660 5691 lgnatio
2705 5632 2758 5675 et
2809 5622 3004 5676 Photio
3052 5622 3400 5691 patriarchis,
3436 5638 3491 5679 et

1928 5735 1998 5787 qn
2020 5736 2047 5765 1·
2096 5716 2273 5769 medio
2329 5720 2467 5769 inter
2514 5718 2647 5768 istos
2698 5724 2941 5782 tempore
2992 5713 3310 5767 acciderint.
3358 5715 3491 5769 Item

1928 5828 2047 5880 qum
2090 5813 2231 5863 inter
2277 5810 2529 5863 l’hotiunt
2562 5818 2612 5862 et
2650 5805 2929 5861 Nicolaum
2966 5822 3159 5877 papam
3206 5808 3313 5862 sint
3346 5822 3488 5865 acta.

3056 5908 3133 5969 20
