4212 6430
206 381 312 445 695

1160 390 1765 457 ECCLESIASTIC/E
1808 396 2204 459 IIlSTORIE
2248 400 2394 459 LIB.
2436 400 2484 461 Ι.

3349 406 3463 472 626

208 498 497 600 φιλοσοφία
528 498 655 569 παρ’
677 498 860 564 αὑτοῖς
883 500 1004 557 οὑδέ
1037 503 1230 575 μέχρις
1255 506 1522 574 ὀνόματος
1549 512 1775 581 ἐγνωρί-

1897 512 2152 568 loctrinis
2215 513 2573 585 scientiisque
2640 514 2858 587 Ingenia
2925 518 3236 600 excoluere.
3300 522 3460 595 longe

206 590 350 651 ζετο.
384 588 631 655 Νομάδες
654 590 712 644 δέ
746 608 892 655 τινες
939 594 1027 646 ἐπ’
1057 597 1295 665 ἐρημίας
1329 599 1540 668 διῆγον,
1580 602 1649 654 τὰ
1682 604 1781 671 μὲν

207 683 555 754 ἐνσπαρὲντα
588 686 652 753 τῇ
693 682 857 751 φύσει
887 686 1083 755 λογικά
1116 680 1409 760 σπέρματα
1437 692 1782 765 διαφθείρον-

202 791 337 841 τες,
384 776 584 829 κακίαν
616 775 674 829 δέ
718 778 901 853 πᾶσαν
932 778 992 844 ἐξ
1026 781 1495 853 αὑτοπροαιρέτου
1548 787 1781 855 γνώμης

202 869 704 938 ἀναπλαττόμενοι,
763 871 1027 941 σύμπαν,
1076 875 1215 945 ὅπερ
1264 876 1538 946 χείριστον
1572 879 1781 945 αὑτοῖς,

202 960 380 1023 ἀδεῶς
411 961 819 1032 διεπράττοντο·
870 964 947 1029 ὥς
1003 966 1132 1020 ποτέ
1180 968 1281 1036 μέν
1333 970 1565 1038 φθοραῖς
1590 988 1651 1025 τε
1688 974 1785 1026 καὶ

203 1054 390 1118 φόνοις
420 1056 534 1119 τοῖς
560 1056 683 1109 κατ’
717 1054 966 1127 ἀλλήλων
996 1058 1335 1132 ὁπλίζεσθαι,
1373 1063 1462 1117 ότέ
1488 1063 1547 1117 δέ
1581 1063 1785 1133 θεομα-

200 1147 324 1214 χεῖν
352 1146 651 1216 αίρεῖσθαι,
676 1147 772 1201 καὶ
799 1148 1005 1220 τολμᾷν
1027 1150 1389 1221 ἐπιτειχίζειν
1419 1156 1523 1221 γῆν
1542 1154 1782 1225 οὐρανῷ,

203 1238 451 1304 κάκείνῳ
488 1239 897 1308 προσαράσσειν
920 1240 1019 1309 τὴν
1047 1241 1295 1314 κεφαλήν
1322 1257 1336 1271 ⁸
1376 1244 1471 1299 καὶ
1501 1244 1594 1299 ἐπὶ
1626 1247 1785 1299 τόσον

200 1328 328 1377 κη’
357 1325 539 1378 αὐτῶν
566 1327 804 1397 ἐγείρειν
841 1329 939 1396 τὴν
967 1328 1182 1401 ἄμαχον
1226 1332 1456 1403 δύναμιν
1487 1335 1785 1403 μετιοῦσαν

200 1416 265 1468 τὸ
296 1415 532 1481 αὑθαδές
556 1435 616 1472 τε
646 1421 743 1472 καὶ
773 1421 1049 1492 ἄκαρπον,
1090 1423 1233 1477 καθά
1262 1441 1383 1477 τινα
1413 1425 1547 1494 ὑλην
1582 1427 1785 1495 ἀγρίαν

204 1513 353 1563 κατά
384 1512 564 1581 πάσης
600 1515 910 1584 κεχυμένην
938 1516 1039 1585 τῆς
1073 1517 1196 1587 γῆς·
1233 1518 1309 1581 ὼς
1351 1519 1483 1573 ποτέ
1520 1522 1619 1588 μὲν
1653 1520 1785 1573 Θεὸν

209 1602 553 1673 ὑπερϐολαῖς
609 1604 817 1659 ὑδάτων
858 1606 1087 1681 τούτους
1131 1609 1456 1678 ἀμύνεσθαι,
1512 1612 1702 1666 ἄλλοτε
1729 1613 1787 1667 δέ

203 1694 387 1763 πυρὸς
422 1695 629 1765 ὀχετοῖς
671 1696 768 1750 καὶ
801 1699 1085 1770 κεραυνῶν
1112 1702 1411 1772 ἀνημέροις
1439 1703 1623 1773 βολαῖς
1655 1706 1790 1759 ἀνα-

204 1786 455 1841 στέλλειν
488 1790 781 1859 πειρᾶσθαι
812 1792 911 1862 τὴν
943 1794 1170 1847 ἐκείνων
1199 1795 1299 1865 τῆς
1330 1795 1531 1861 κακίας
1556 1798 1787 1869 ἄσχετον

1886 605 2053 659 etiam
2090 621 2118 659 a
2148 606 2362 676 legibus
2404 607 2718 677 divinisque
2765 611 3003 667 cultibus
3034 624 3089 669 et
3116 615 3465 684 iustiﬁcatio-

1886 693 2056 749 nibus
2098 696 2343 750 abluere.
2376 696 2563 751 Virtus
2599 712 2765 767 porro
2798 708 2853 753 et
2888 700 3232 772 phil030phia
3282 719 3349 757 ne
3395 706 3464 759 de

1887 785 2116 841 nomine
2146 787 2369 856 quidem
2401 788 2543 857 apud
2576 803 2671 843 eos
2700 801 2844 845 notae
2875 791 3027 847 fuere
3060 809 3073 847 :
3110 794 3203 848 sed
3237 798 3464 864 perinde

1886 890 2055 947 atque
2108 880 2333 947 quidam
2378 881 2673 949 nomades,
2717 884 2970 952 palantes
3029 887 3083 941 in
3137 888 3268 942 solis
3327 888 3463 945 locis

1887 970 2099 1033 vixere,
2130 978 2187 1023 et
2214 970 2378 1024 insita
2411 971 2515 1025 sibi
2553 988 2582 1026 a
2613 983 2809 1027 natura
2841 976 3072 1030 rationis
3102 980 3310 1033 semina
3341 994 3464 1033 cor-

1887 1069 2227 1133 rumpentes,
2252 1078 2314 1118 ac
2345 1064 2702 1119 vitiositatem
2740 1066 3112 1136 malitiamque
3138 1085 3362 1124 omnem
3398 1084 3466 1124 ex

1886 1154 2046 1210 liberi
2079 1154 2297 1209 arbitrii
2328 1157 2601 1211 sententia
2636 1158 2991 1228 reﬁngentes.
3021 1158 3288 1231 quidquid
3321 1170 3469 1216 esset

1886 1243 2218 1314 pessimum,
2254 1248 2451 1302 timore
2482 1247 2735 1318 deposito
2765 1265 3026 1321 peregere
3056 1269 3069 1305 :
3103 1240 3279 1322 usque
3305 1252 3469 1317 adeo,

1888 1346 1951 1391 ut
1986 1338 2320 1408 quandoque
2363 1340 2589 1409 quidem
2624 1342 2688 1395 ad
2729 1354 2948 1396 mutuas
2986 1344 3161 1399 cavdes
3200 1358 3253 1399 et
3290 1346 3485 1417 homia

1890 1430 2034 1485 cidia
2070 1432 2216 1484 inter
2248 1448 2304 1485 se
2336 1434 2532 1486 armati
2564 1447 2984 1505 consurgerent,
3014 1437 3311 1505 aliquando
3341 1452 3473 1491 vero

1887 1522 2002 1576 Deo
2054 1522 2259 1576 bellum
2312 1523 2517 1577 inferre
2575 1524 2903 1594 inciperent,
2942 1543 3217 1596 superque
3267 1536 3469 1582 terram

1889 1613 2232 1668 munitiones
2269 1627 2324 1667 et
2362 1631 2551 1671 muros
2587 1627 2910 1673 construere
2949 1619 3215 1673 adversus
3248 1619 3495 1682 coelum,

1886 1716 1942 1759 et
1981 1716 2147 1774 caput
2190 1705 2259 1759 ad
2304 1705 2356 1759 id
2404 1706 2638 1773 illidere,
2676 1724 2739 1763 ac
2772 1709 2826 1763 in
2871 1718 3080 1764 tantum
3116 1709 3356 1779 denique
3388 1711 3473 1762 in-

1888 1802 2310 1870 expugnabilem
2354 1804 2462 1856 vim
2502 1812 2561 1857 et
2607 1805 2906 1873 potentiam
2957 1805 3012 1858 in
3060 1820 3118 1858 se
3167 1816 3471 1875 provocare

207 1880 420 1952 ῥύμην,
459 1880 638 1950 λιμοῐς
670 1898 730 1935 τε
778 1882 916 1953 ὁμοῦ
971 1887 1069 1938 καὶ
1110 1885 1342 1955 λοιμοῖς,
1377 1887 1544 1941 είδεσί
1576 1906 1637 1941 τε
1671 1888 1787 1943 δια-

1897 1899 2052 1959 atque
2080 1892 2324 1947 excitare
2356 1894 2644 1958 auderent,
2682 1907 2738 1949 ut
2782 1895 2849 1949 ad
2882 1896 3246 1951 coercendam
3277 1909 3469 1949 eorm-

204 1973 399 2043 φόρων
430 1972 709 2041 πολέμων,
740 1973 881 2045 πρὸς
903 1972 1005 2045 τὴν
1035 1974 1145 2028 τῶν
1169 1977 1358 2031 κακῶν
1410 1977 1676 2047 ἀνάλογον
1710 1979 1795 2032 κί-

1897 1982 2054 2037 simul
2084 1993 2141 2037 et
2171 1984 2517 2054 prmfractam
2549 1988 2941 2054 temeritatem,
2969 1999 3025 2043 et
3052 1987 3214 2042 inane
3247 1986 3475 2042 inutile-

206 2079 371 2131 νησιν
419 2063 724 2135 χρώμενον,
781 2071 875 2120 καὶ
929 2066 1008 2130 ὡς
1056 2064 1171 2121 οἷον
1220 2068 1421 2131 είπεῖν,
1473 2067 1576 2138 τὴν
1616 2067 1790 2131 οὑτως

1897 2090 1995 2144 que
2020 2085 2288 2147 emptum,
2315 2087 2575 2149 tanquam
2611 2080 2980 2150 perniciosam
3010 2081 3263 2136 nocentis
3290 2079 3475 2134 herbae

205 2156 438 2227 ἀπηνῶς
470 2158 871 2231 ἐπινεμομένην
899 2159 1011 2219 τῶν
1036 2160 1229 2231 ψυχῶν
1260 2162 1439 2229 νόσον,
1485 2162 1580 2214 καὶ
1600 2161 1791 2224 δεινῶς

1897 2170 2099 2239 sylvam
2134 2186 2232 2241 per
2264 2173 2580 2229 universam
2614 2184 2819 2229 terram
2852 2174 3106 2241 eﬂ‘usam,
3146 2173 3291 2227 Deus
3331 2187 3478 2226 nunc

208 2250 518 2319 ἐρπουσαν,
543 2250 1010 2323 δραστικωτέροις
1052 2252 1437 2324 κολαστηρίοις
1488 2252 1793 2308 ἀνακαθαί-

1897 2264 2168 2319 inmensis
2208 2280 2475 2335 aquarum
2520 2266 2745 2322 diluviis
2788 2268 3098 2333 vindicare,
3138 2282 3284 2321 nunc
3339 2266 3477 2319 bor—

211 2359 399 2411 pavm.
1881 2354 2072 2409 rendis
2114 2356 2257 2428 ignis
2303 2358 2579 2414 imbribus
2630 2376 3022 2430 compescere,
3066 2370 3124 2416 et
3169 2359 3476 2414 violentum

210 2440 575 2510 malignitatis
601 2456 798 2499 eorum
865 2444 1133 2515 impetum
1173 2444 1480 2515 reprimere
1543 2445 1979 2516 aggrederetur:
2048 2462 2106 2507 et
2141 2463 2406 2522 przeterea
2451 2455 2591 2511 fame
2648 2457 2813 2511 simul
2889 2468 2944 2512 et
2972 2466 3158 2527 peste,
3204 2464 3259 2511 et
3309 2453 3479 2509 variis

209 2537 487 2613 bellorum
518 2542 812 2611 generibus
841 2540 908 2597 ad
941 2542 1288 2599 indecentem
1324 2550 1381 2598 et
1414 2543 1787 2613 importunam
1831 2546 2099 2603 malorum
2166 2552 2509 2607 molitionem
2542 2553 2840 2608 tollendam
2874 2563 3125 2608 uteretur
3156 2571 3169 2609 :
3237 2562 3477 2606 tantam-

212 2648 327 2702 que'
346 2634 662 2688 animorum
696 2635 783 2705 (ut
811 2634 888 2690 ita
923 2634 1130 2705 dicam)
1168 2636 1314 2690 luem
1347 2635 1573 2705 impune
1607 2637 1792 2691 omnia
1831 2636 2245 2710 depascentem,
2304 2646 2652 2716 graviterque
2687 2646 3138 2711 invalesceutem,
3205 2645 3481 2700 edicacio—

208 2729 369 2783 ribus
404 2738 728 2799 repurgaret
753 2729 1017 2784 remediis
1044 2738 1103 2785 et
1130 2731 1332 2800 penis.

294 2820 565 2891 Ὁτι-ηνίκα
584 2822 768 2875 τοίνυν
794 2822 822 2875 6
835 2822 1090 2884 τοσοῦτος
1112 2821 1216 2890 τῆς
1240 2823 1437 2885 κακίας
1458 2822 1629 2892 κάρος
1648 2822 1791 2876 κατά

211 2916 439 2970 πάντων
487 2915 676 2985 σχεδὸν
726 2916 977 2986 ἐπιχεῖτο
1024 2909 1117 2968 οἷά
1169 2932 1254 2977 τις
1309 2915 1449 2984 μέθη
1484 2915 1657 2984 δεινὴ,
1691 2916 1791 2978 τὰς

214 3008 369 3078 σφῶν
399 3006 765 3062 ἐπισκοποῦσα
823 3006 1027 3076 ψυχὰς,
1079 3007 1243 3070 αὐτὸς
1281 3010 1310 3061 6
1335 3007 1650 3076 πανάγαθος
1694 3004 1791 3060 τοῦ

210 3100 353 3156 Θεοῦ
386 3102 560 3169 Λόγος
592 3100 925 3170 ὑπερϐολαῖς
948 3100 1051 3171 τῆς
1081 3100 1291 3165 οἰκείας
1320 3102 1624 3172 ἡττημένος
1662 3119 1795 3175 χρη-

214 3195 498 3265 στότητος,
546 3194 625 3264 τῷ
650 3210 711 3247 τε
752 3193 970 3262 φυσικῷ
1000 3193 1172 3264 νόμῳ,
1215 3193 1402 3247 ἄλλοτε
1447 3196 1494 3247 6‘
1539 3195 1790 3263 ἀγγέλων

213 3287 590 3351 ἐπιστασίαις,
620 3286 711 3340 ὸτέ
738 3286 795 3340 δέ
825 3288 920 3341 καὶ
957 3286 1023 3339 δι’
1062 3287 1260 3340 ἐαυτοῦ
1311 3290 1609 3356 μυστικαῖς
1650 3304 1792 3341 τισιν

214 3381 569 3451 ἐπιφανείαις
594 3379 706 3432 τῶν
735 3378 904 3434 πάλαι
933 3378 1282 3449 περιϐοήτων
1319 3380 1378 3431 ἐν
1419 3378 1666 3451 θεοφιλίᾳ
1698 3380 1794 3433 ἀν-

214 3474 365 3545 δρῶν
418 3474 623 3540 ὀλίγοις
672 3490 776 3526 που
833 3473 1175 3541 ἐπεφαίνετο,
1227 3471 1516 3542 ἀνθρώπου
1577 3473 1796 3542 μορφὴν

218 3569 423 3622 ὑπιὼν·
457 3568 541 3621 ὅτι
579 3583 644 3634 γε
682 3565 807 3636 μηδ’
847 3566 1024 3628 ἄλλως
1060 3561 1128 3635 ἦν
1160 3566 1294 3637 όρᾷν
1334 3566 1517 3626 αὐτοῖς
1550 3565 1792 3632 ἐφικτόν.

229 3661 323 3723 Ὠς
356 3659 404 3713 δ’
446 3659 761 3726 ἀρκούντως
809 3656 953 3711 οὕτω
990 3656 1078 3709 διὰ
1121 3657 1232 3710 τῶν
1262 3655 1423 3709 θείων
1446 3656 1672 3708 ἐκείνων
1703 3655 1798 3707 ἀν-

218 3752 367 3823 δρῶν
415 3750 488 3803 τὰ
528 3752 631 3819 τῆς
676 3747 995 3811 θεοσεϐείας
1047 3750 1127 3810 είς
1183 3748 1416 3811 πολλοὺς
1465 3747 1799 3800 κατεϐάλετο

222 3843 539 3911 σπέρματα·
574 3838 728 3901 ἔθνος
778 3853 837 3889 τε
871 3835 1156 3906 θεοσεϐείᾳ
1202 3835 1559 3906 προσανέχον,
1609 3837 1671 3887 ἐκ
1701 3833 1795 3887 τοῦ

220 3935 368 3988 κατά
401 3931 576 4001 βραχὺ
613 3929 909 3998 ὀλόκληρον
940 3928 1151 3997 ὑπέστη
1195 3932 1291 3983 καὶ
1320 3929 1655 3999 ἐγνωριζετο
1677 3944 1689 3958 .
1721 3928 1798 3991 ὡς

221 4030 303 4089 εἰς
336 4024 491 4095 ῥίζαν
512 4022 786 4090 ἀναφέρον
817 4020 1055 4091 βλάστης
1080 4021 1172 4073 τὸν
1203 4020 1480 4092 ’Δϐραάμ,
1509 4020 1670 4074 τοῦτο
1701 4020 1801 4091 μὲν

220 4122 428 4173 ὡσανεὶ
453 4119 573 4178 ταῖς
620 4114 792 4168 πάλαι
822 4116 916 4168 καὶ
950 4114 1055 4181 πρὸ
1089 4113 1319 4183 βραχέος
1351 4114 1583 4177 διαίταις
1619 4112 1801 4176 καλῶς

220 4207 687 4281 ἐντεθραμμένον,
714 4207 865 4276 νόμῳ
898 4208 975 4276 τῷ
1008 4206 1096 4258 διὰ
1132 4208 1376 4270 Μωσέως
1403 4204 1491 4260 οἷά
1529 4223 1638 4258 τινι
1684 4222 1800 4275 χει-

223 4302 469 4375 ραγωγῷ
495 4302 627 4371 πρδς
666 4298 887 4369 μείζονα
938 4299 1255 4350 Θεοσέϐειαν
1290 4298 1588 4366 ἐγχειρίζει
1610 4313 1625 4328 ⁸
1660 4297 1803 4367 σύμ-

222 4396 358 4448 eam
388 4411 444 4447 τε
480 4394 576 4444 καὶ
617 4392 832 4450 εἰκόνας
878 4390 1160 4442 Σαϐϐἀτου
1191 4390 1286 4441 καὶ
1336 4390 1667 4459 περιτομῆς,
1707 4390 1801 4442 καί

219 4500 381 4546 τενας
420 4483 615 4552 ἐτέρας
660 4482 973 4547 εἰσαγωγὰς
1027 4480 1321 4549 θειοτέρων
1368 4480 1659 4549 νοημάτων
1708 4480 1805 4533 καὶ

1970 2823 2340 2894 Posteaquam
2376 2826 2544 2896 igitur
2573 2834 2721 2881 tanta
2750 2825 3078 2897 malignitas,
3104 2825 3476 2895 vitiorumque

1898 2916 2143 2969 omnium
2177 2908 2436 2985 gravedo,
2464 2919 2694 2989 perinde
2730 2930 2893 2988 atque
2933 2919 3194 2973 damnosa
3227 2917 3475 2988 quaedam

1896 3007 2161 3069 ebrietas,
2184 3023 2277 3077 per
2307 3024 2497 3064 om::es
2528 3010 2643 3065 fere
2673 3021 2758 3064 est
2790 3020 3055 3080 grassata,
3076 3008 3477 3079 caligiucmque

1896 3114 2087 3153 eorum
2139 3101 2340 3155 animis
2386 3102 2613 3167 olludit,
2671 3104 2851 3172 ipsum
2910 3103 3159 3156 omnium
3210 3099 3481 3169 optimum

1897 3189 2008 3245 Deo
2047 3190 2319 3258 Verbum,
2367 3194 2747 3263 magnitudine
2794 3193 3057 3249 bonitatis
3103 3192 3342 3261 propriae
3390 3205 3483 3244 co-

1898 3294 2108 3347 actum,
2143 3300 2290 3338 nunc
2330 3301 2425 3355 per
2452 3296 2662 3340 natura:
2698 3288 2895 3354 legem,
2933 3299 3080 3339 nunc
3126 3299 3224 3352 per
3260 3281 3487 3349 angelo-

1904 3390 2023 3427 rum
2072 3374 2366 3430 adventum
2421 3387 2475 3430 et
2526 3376 2901 3444 praesentiam,
2942 3374 3275 3443 quandoque
3314 3373 3484 3426 etiam

1904 3482 2003 3536 per
2032 3483 2091 3521 se
2121 3468 2301 3536 ipsum
2336 3468 2582 3538 mysticis
2621 3451 2954 3537 quibusdam
2985 3477 3043 3520 et
3074 3465 3291 3519 arcanis
3317 3478 3486 3533 appa-

1908 3560 2226 3623 ritionibus,
2269 3561 2461 3629 paucis
2508 3560 2843 3629 quibusdam
2883 3560 2977 3629 qui
3016 3559 3324 3627 antiquitus
3366 3557 3485 3625 pie-

1907 3662 2014 3706 tate
2043 3662 2097 3707 et
2130 3668 2317 3707 amore
2352 3653 2442 3707 Dei
2476 3654 2610 3707 clari
2643 3655 2976 3708 exstiterunt
3003 3651 3160 3715 viris,
3188 3649 3389 3703 alicubi
3424 3662 3483 3703 se

1903 3746 2177 3810 exhibuit,
2213 3746 2454 3800 hominis
2486 3744 2656 3799 forma
2690 3755 2971 3814 assumpta
3002 3763 3014 3796 :
3054 3743 3201 3813 quod
3242 3742 3348 3812 47
3381 3740 3483 3794 ali—

1909 3849 1991 3893 ter
2038 3839 2094 3895 id
2136 3840 2271 3909 ipsis
2317 3828 2565 3909 aspicere
2615 3853 2937 3894 concessum
2985 3852 3096 3891 non
3139 3846 3305 3891 esset.
3345 3834 3484 3889 Cum

1908 3948 2075 4002 porro
2094 3933 2229 3987 satis
2257 3934 2322 3986 ad
2356 3948 2483 3987 eum
2517 3934 2740 3986 modum
2790 3946 2889 4000 per
2926 3930 3145 3983 divinos
3183 3928 3305 3981 illos
3339 3927 3490 3981 viros

1909 4024 1965 4079 in
2011 4024 2214 4079 multos
2263 4024 2515 4079 homines
2567 4023 2786 4092 pietatis
2831 4022 3121 4090 cultusque
3163 4021 3257 4075 Dei
3302 4021 3491 4088 conje-

1910 4119 2079 4174 cisset
2107 4118 2342 4182 semina,
2376 4126 2431 4171 et
2473 4132 2607 4186 gens
2650 4115 2743 4169 tali
2780 4114 2953 4168 cultui
2994 4113 3181 4167 dedita
3219 4112 3486 4181 paulatim

1910 4212 1965 4266 in
2003 4211 2122 4265 dies
2157 4210 2329 4280 magis
2367 4210 2651 4279 magisque
2691 4210 2742 4262 in
2782 4224 2950 4260 unum
2992 4207 3327 4260 coalesceret
3363 4222 3489 4258 cor-

1911 4320 2032 4374 pus,
2063 4313 2119 4357 et
2160 4304 2315 4372 quasi
2348 4318 2568 4372 germen
2617 4301 2894 4369 quoddam
2936 4301 3119 4352 radice
3159 4314 3280 4362 sua,
3316 4298 3490 4350 Abra—

1912 4396 2076 4449 hamo
2108 4396 2207 4449 niti
2240 4404 2666 4464 cognosceretur
2702 4410 2716 4445 :
2751 4393 2800 4446 ei
2832 4392 2977 4461 genti
3010 4406 3130 4460 qua
3159 4389 3213 4443 et
3249 4388 3492 4469 antiqui-

1914 4500 2027 4553 tus,
2056 4496 2110 4543 et
2137 4503 2246 4541 non
2277 4487 2349 4541 ita
2378 4485 2588 4555 pridem
2627 4488 2734 4539 vita
2771 4494 2827 4537 et
2862 4486 3106 4538 moribus
3140 4485 3244 4537 rite
3273 4483 3490 4535 exculta

225 4576 629 4646 μυσταγωγίας
684 4572 1096 4641 παραδεικνύει,
1151 4573 1249 4625 οὑκ
1290 4573 1545 4643 ἐναργεῖς
1595 4572 1797 4642 μέντοι1

1911 4589 2077 4644 esset,
2112 4580 2284 4649 legem
2320 4595 2418 4648 per
2462 4580 2675 4641 Mosen,
2717 4576 2943 4646 perinde
2990 4586 3155 4646 atque
3197 4575 3490 4644 quemdam

223 4671 345 4723 ἀλλ’
376 4669 628 4738 ἀμυδράς
653 4684 714 4720 τε
753 4668 847 4719 καὶ
882 4665 1134 4728 σκιώδεις
1178 4667 1273 4718 καὶ
1326 4664 1528 4728 ταύτας
1578 4665 1808 4733 παραδι-

223 4752 376 4820 δῄς.
410 4758 499 4819 Ὦς
526 4756 571 4808 δ’
619 4752 872 4808 ἐντεῦθεν
915 4752 1259 4823 πανταχόθεν
1292 4752 1486 4805 τούτου
1535 4752 1814 4805 διαδοθέν-

226 4869 346 4916 τος,
378 4852 443 4903 ἐκ
471 4848 565 4902 τοῦ
592 4846 832 4916 ἀπηνοῦς
854 4847 1061 4900 ἐκείνου
1099 4847 1195 4900 καὶ
1234 4846 1429 4915 ἀγρίου
1459 4845 1577 4914 βίου
1607 4845 1795 4915 ἡρέμα

233 4939 762 5013 μετερῤυθμίζοντο,
798 4937 1114 5007 φιλοσοφεῖν
1142 4955 1202 4991 τε
1230 4938 1520 5001 ἐπέϐαλον,
1552 4938 1646 4989 καὶ
1674 4937 1811 5005 πρὸς

229 5038 497 5105 ἀλλήλους
529 5035 713 5102 φιλίας
740 5050 800 5084 τε
831 5035 925 5083 καὶ
957 5030 1245 5100 ἐπιμιξίας
1277 5030 1421 5101 ἔχειν
1443 5032 1809 5101 κατήρχοντο·

224 5132 305 5200 τῷ
334 5128 673 5197 παιδαγωγῷ
713 5127 863 5196 νόμῳ
892 5120 1131 5179 οἷά-τινι
1181 5126 1367 5178 κανόνι
1407 5125 1682 5196 χρώμενοι
1717 5128 1813 5179 καὶ

229 5222 718 5286 ἑκπαιδευόμενοιο
752 5220 849 5273 καὶ
880 5219 983 5288 πρό
1014 5234 1078 5279 γε
1125 5220 1344 5271 πάντων
1391 5218 1625 5286 ἔμπεδος
1653 5221 1684 5287 ἡ
1716 5218 1811 5271 τοῦ

227 5315 364 5368 Θεοῦ
394 5314 606 5382 Πιτρὸς
643 5312 841 5379 γνῶσις
872 5312 1103 5373 ἐκείνοις
1127 5311 1537 5383 κατερῤιςοῦτο·
1559 5311 1721 5377 δεξιοί
1752 5328 1811 5363 τε

230 5410 327 5460 καὶ
356 5406 661 5473 ἐπιτήδειοι
689 5409 780 5456 καὶ
811 5404 950 5473 πρὸς
977 5404 1293 5473 παραδοχὴν
1336 5402 1600 5472 μειζόνων
1645 5419 1814 5472 σπερ-

233 5501 427 5570 μάτων
456 5496 793 5564 θεογνωσίας
822 5497 1027 5548 ὡσανεὶ
1056 5491 1217 5566 ἦσαν*
1254 5495 1559 5565 τηνικαῦτα
1590 5498 1617 5547 6
1650 5494 1812 5557 αὑτὸς

235 5593 409 5645 πάλιν
434 5589 545 5642 τῶν
575 5590 810 5660 πρώτων
844 5590 943 5658 τῆς
968 5588 1169 5658 ἀρετῆς
1208 5590 1538 5658 σπερμάτων
1572 5587 1813 5640 καταϐο-

229 5687 381 5750 ὶεῦς,
408 5684 439 5736 6
460 5682 556 5735 τοῦ
576 5681 712 5734 Θεοῦ
745 5682 919 5750 Λόγος
948 5684 974 5735 6
995 5681 1230 5750 ἀναρχός
1255 5698 1314 5733 τε
1341 5683 1432 5734 καὶ
1457 5679 1833 5751 προαιώνιος’ς

234 5781 356 5830 ἐπεὶ
403 5776 526 5846 μηδ’
560 5777 731 5839 ἄλλως
759 5771 825 5846 ἦν
860 5774 1142 5845 ἐγχωροῦν
1170 5776 1230 5828 τὸ
1262 5777 1532 5844 ἡμέτερον
1563 5777 1658 5844 τῆς
1687 5780 1811 5827 ἐπι-

234 5873 549 5938 κεχυμένης
578 5867 834 5934 καθάπαξ
879 5868 1258 5938 ἀπαλλαγῆναι
1311 5870 1467 5937 ἁρᾱ;’
1529 5870 1619 5920 καὶ
1681 5869 1812 5936 πρὸς

1911 4673 2108 4727 ducem
2137 4682 2190 4723 et
2222 4671 2701 4730 manuductorem,
2735 4669 2798 4721 ad
2839 4670 3273 4737 prmstanlinrcm
3319 4668 3492 4736 pieta-

1914 4770 2046 4821 tem,
2085 4760 2293 4827 Deique
2338 4760 2569 4822 cultum,
2613 4758 2842 4811 tradidit
2876 4776 2887 4810 :
2926 4758 3170 4828 symbola
3211 4766 3266 4811 et
3313 4760 3488 4828 signa,

1913 4852 2223 4922 ﬁgurasque
2266 4858 2322 4904 et
2370 4851 2635 4919 imagines
2674 4849 2897 4904 Sabbati
2934 4858 2989 4902 ct
3026 4850 3488 4913 circumcisionis,

1911 4954 1968 4997 et
2003 4944 2107 4996 alia
2142 4941 2391 5011 qumdam
2436 4944 2707 4995 elementa
2741 4958 2833 5006 seu
2869 4943 3137 5011 principia
3170 4942 3488 4995 divinorum

1913 5035 2273 5089 consiliorum
2298 5045 2353 5088 et
2380 5034 2934 5103 conleznplationum,
2955 5034 3325 5103 mysticasqne
3353 5052 3490 5102 prte-

1916 5139 2062 5181 terea
2096 5126 2473 5191 mercmouias,
2513 5142 2621 5179 non
2665 5135 2884 5196 apertas
2918 5126 3036 5179 illas
3068 5136 3122 5179 et
3164 5127 3361 5192 claras,
3393 5130 3487 5182 sed

1914 5222 2201 5277 obscuras.
2236 5230 2430 5272 tenues
2462 5229 2517 5273 et
2559 5219 2883 5274 umbratiles
2932 5218 3038 5272 illis
3079 5218 3396 5281 ostendens,
3435 5231 3489 5274 ct

1914 5311 2189 5381 praebens.
2231 5312 2297 5362 At
2346 5310 2438 5363 ubi
2482 5311 2745 5378 deinceps
2777 5310 2895 5379 lege
2942 5310 3146 5377 ubique
3185 5309 3488 5379 divulgata,

1913 5418 1978 5455 ex
2014 5402 2150 5455 dura
2186 5400 2276 5453 illa
2319 5411 2376 5475 et
2425 5402 2625 5469 agresti
2664 5402 2774 5453 vita
2821 5400 3071 5452 homines
3119 5400 3380 5468 paulatim
3422 5405 3488 5453 ad

1915 5496 2317 5548 humanitatem
2365 5504 2495 5547 sunt
2530 5494 2733 5547 exculti
2786 5502 2840 5546 et
2871 5492 2939 5546 ad
2990 5492 3488 5561 philosorthandnm

1915 5588 2159 5641 animum
2197 5587 2542 5656 adjecerunt,
2583 5586 2929 5652 invicemque
2971 5584 3244 5638 amicitias
3285 5587 3489 5646 colere,

1915 5690 1967 5735 ct
2006 5680 2465 5734 consuetudinem
2503 5679 2649 5732 inter
2691 5694 2749 5731 se
2798 5677 3004 5731 habere
3038 5685 3322 5745 coeperunt
3359 5675 3493 5747 (pne-

1916 5774 2121 5843 dagogo
2165 5782 2221 5826 ct
2254 5774 2481 5827 doctore
2528 5774 2644 5841 lege
2684 5773 2840 5841 quasi
2895 5773 3077 5841 regula
3126 5779 3363 5832 utentes,
3404 5787 3493 5825 se-

1917 5882 2022 5935 que
2058 5866 2399 5932 crudientcs)
2434 5876 2597 5930 atque
2644 5865 2697 5920 in
2744 5866 2936 5931 primis
2970 5865 3175 5919 ilrmier
3209 5862 3489 5920 Stabilior-
