4212 6430
717 303 921 420 631'

1933 354 2352 416 NICEPHORI
2398 354 2745 418 CALLISTI

3859 349 3981 414 632

720 475 835 528 tieri
875 471 1187 539 neutiquam
1224 485 1404 539 posse.
1437 478 1496 524 ut
1528 469 1609 524 vis
1649 477 1703 522 et
1747 468 1923 522 virtus
1970 470 2076 538 typi
2123 479 2287 538 atque

2399 470 2602 539 ἀχθεὶς,
2636 470 2759 522 οὔτε
2810 469 2916 540 μὴν
2951 467 3238 539 προφήτης
3267 466 3342 529 ὡς
3370 467 3417 518 οί
3449 466 3615 520 πάλαι
3648 466 3974 533 γενόμενος,

715 563 972 630 imaginis
1014 571 1224 614 tantum
1267 560 1536 628 perﬁciat,
1572 566 1838 629 quantum
1882 559 2140 612 nimirum
2187 575 2280 612 ve-

716 653 893 706 ritatis
925 651 1099 720 ipsius
1129 650 1543 719 repraesentatio
1577 659 1628 703 et
1657 649 1946 711 exhibitio,
1976 664 2038 702 ea
2072 664 2194 717 qua:
2231 649 2282 700 in

712 746 1007 800 Servatum
1055 756 1249 797 nostro
1303 750 1388 797 est
1443 752 1728 813 perspecta
1781 751 2056 810 potestas,
2107 741 2282 794 mani-

714 835 978 889 festisimc
1013 834 1340 904 comprobat
1373 844 1430 889 et
1473 834 1738 887 declarat.
1775 833 1877 898 Qui
1910 833 2129 901 quidem
2161 848 2283 886 cum

715 928 853 981 nihil
879 942 1071 982 eorum
1096 942 1219 996 quae
1239 927 1525 994 magniﬁca
1553 936 1605 977 et
1632 926 1962 994 priestabilia
1990 926 2284 990 habemur,

712 1035 743 1072 ο
766 1020 1027 1088 quopiam
1060 1019 1404 1087 accepisset:
1431 1017 1526 1073 sed
1552 1032 1730 1086 neque
1758 1033 1929 1086 genus
1960 1017 2192 1071 fortasse
2219 1033 2287 1072 ex

709 1112 1061 1166 sacerdotum
1099 1111 1294 1165 ordine
1328 1109 1600 1173 duxisset,
1644 1125 1828 1178 neque
1862 1109 2060 1178 opibus
2091 1109 2288 1178 aliqui-

714 1204 818 1258 bus
842 1204 908 1257 ad
938 1218 1166 1273 regnum
1197 1212 1420 1258 evectus
1445 1209 1593 1256 esset
1619 1219 1635 1254 :
1663 1216 1840 1271 neque
1867 1217 1966 1271 pro
1992 1201 2284 1272 propheta,

713 1304 776 1349 ut
798 1305 1012 1351 veteres
1048 1295 1149 1361 illi,
1184 1311 1241 1350 se
1274 1296 1552 1364 gessisset,
1585 1309 1766 1363 neque
1805 1293 2071 1364 dignitate
2105 1295 2285 1363 aliqua

711 1406 743 1442 a
768 1389 976 1443 Iudaeis
1017 1397 1213 1442 auctus
1259 1395 1436 1454 esset;
1479 1390 1734 1458 quamvis
1765 1402 1862 1456 per
1895 1401 1952 1440 se
1995 1387 2169 1454 ipsum
2203 1402 2290 1440 re—

712 1497 842 1535 vera
866 1479 1047 1534 omnia
1083 1496 1112 1533 a
1137 1480 1315 1543 Patre,
1348 1488 1404 1534 et
1433 1493 1544 1534 non
1576 1494 1675 1550 per
1697 1479 1942 1550 symbola
1968 1487 2062 1532 aut
2089 1478 2291 1547 ﬁguras

690 1571 946 1627 haberet
971 1590 982 1623 :
1008 1571 1268 1627 Christus
1294 1582 1476 1627 tamen
1506 1588 1616 1643 pra:
1644 1572 1903 1626 omnibus
1926 1570 2036 1624 illis
2056 1557 2290 1625 maxime

715 1674 801 1717 cst
850 1666 1222 1726 renuntiatus,
1265 1673 1431 1732 atque
1481 1664 1796 1719 declaratus
1831 1682 1844 1717 :
1877 1674 1934 1719 et
1986 1678 2112 1718 cum
2157 1660 2290 1717 orbe

2386 565 2504 618 ἀλλ’
2543 565 2662 618 οὐδέ
2696 581 2842 625 τινος
2875 563 3031 628 ἀξίας
3059 562 3212 632 παρὰ
3253 561 3531 622 Ἰουδαίοις
3563 560 3974 628 δνευπορήσας·

2387 660 2494 710 κάν
2524 660 2646 717 ταῖς
2668 657 2947 725 ἀληθείαις
2992 656 3168 710 πάντα
3207 649 3322 722 εἶχε
3367 654 3658 722 πατρόθεν,
3687 653 3734 703 εί
3765 654 3857 703 καὶ
3896 651 3978 720 μὴ

2389 748 2769 818 συμϐολικῶς,
2810 746 3042 814 Χριστὸς
3080 746 3280 814 μᾶλλον
3314 745 3540 797 ἐκείνων
3572 745 3796 798 πάντων
3832 746 3972 810 ἀνη-

2387 840 2661 909 γορεύθη·
2721 840 2814 892 καὶ
2868 840 3021 909 πάσῃ
3071 840 3139 908 τῇ
3177 837 3485 906 ,οἰκουμένῃ
3537 836 3636 906 τῆς
3695 828 3976 904 σφετέρη

2390 932 2762 1002 προσηγορίας
2795 933 2888 983 καὶ
2917 934 3015 1000 τῆς
3062 909 3268 1002 «sufﬁt;
3303 929 3577 990 πολιτείας
3624 930 3962 997 μετέδωκεν·

2385 1025 2447 1076 ού
2491 1022 2648 1084 σκιὰς
2680 1021 2775 1074 καὶ
2802 1021 3009 1083 τύπους
3060 1021 3156 1074 καὶ
3203 1020 3444 1083 εἰκόνας,
3477 1018 3554 1082 ὡς
3598 1021 3822 1086 τοπρὶν,
3855 1018 3974 1068 τῶν

2387 1115 2593 1177 καλῶν,
2623 1113 2738 1168 ἀλλ’
2773 1114 2942 1175 αὒτάς
2974 1113 3186 1182 γυμνὰς
3229 1113 3327 1173 τάς
3367 1111 3571 1180 ἀρετὰς
3621 1105 3931 1189 παρασχών
3954 1120 3971 1134 ·

2389 1208 2505 1278 βίον
2530 1207 2588 1260 τέ
2621 1223 2742 1259 τινα
2775 1206 3067 1275 διηρμένον
3093 1207 3193 1258 καὶ
3235 1203 3490 1272 οὐράνιον
3543 1201 3682 1270 μετά
3725 1201 3840 1252 τῶν
3871 1200 3976 1267 τῆς

2388 1302 2645 1369 ἀληθείας
2669 1299 2957 1368 δογμάτων
2990 1300 3106 1360 τοῖς
3142 1290 3440 1358 meum;
3471 1293 3821 1355 καταλιπὼν,
3875 1293 3973 1345 ἁτε

2389 1389 2463 1444 ὢν
2494 1389 2656 1451 αὐτὸς
2685 1390 2805 1449 ταῖς
2835 1386 3116 1456 ἀληθείαις
3157 1384 3410 1455 Χριστὸς,
3455 1384 3483 1436 ό
3522 1383 3616 1435 τοῦ
3645 1380 3788 1433 Θεοῦ
3828 1398 3975 1432 παν-

2387 1481 2595 1544 τέλειος
2621 1482 2816 1546 Λόγος,
2849 1482 2878 1532 ό
2910 1479 2985 1547 μὴ
3013 1477 3089 1546 τῷ
3125 1475 3431 1545 σκευαστῷ.
3462 1473 3655 1544 ὥσπερ
3686 1474 3826 1543 δῆτα
3876 1473 3974 1524 καὶ

2388 1576 2439 1629 oi
2474 1574 2671 1635 λοιποὶ,
2706 1570 2841 1626 ἀλλὰ
2867 1570 2943 1638 τῷ
2979 1569 3107 1637 θείῳ
3139 1567 3357 1637 φυσικῷ
3382 1566 3632 1637 χρισθεὶς
3661 1565 3972 1634 Πνεύματιο

2390 1669 2549 1736 εἴπερ
2576 1669 2750 1720 ἐκεῖνο
2776 1665 2870 1717 τοῦ
2916 1664 3144 1717 Ἡσαῖου
3174 1660 3272 1732 τὴν
3316 1660 3627 1731 μαρτυρίαν
3661 1659 3973 1725 παρέχεται

717 1754 1001 1808 habitabili
1037 1757 1296 1811 universo
1342 1771 1644 1826 cognomen
1693 1756 1855 1810 simul
1900 1771 2087 1819 suum,
2123 1755 2288 1809 simul

2399 1762 2733 1828 ἀξιόπιστον
2765 1757 3007 1825 Πνεῦμα
3048 1754 3270 1822 Κυρίου
3315 1753 3410 1806 ἐπ’
3438 1750 3566 1822 ἐμὲ.
3613 1747 3684 1805 οὗ
3737 1751 3981 1804 eiram

715 1857 770 1900 ct
812 1850 1126 1902 veneranda
1180 1859 1236 1903 et
1282 1856 1469 1903 sancta
1519 1850 1771 1904 instituta
1821 1863 2111 1920 moresque
2160 1865 2292 1905 suos

717 1941 1144 1994 communicavit
1177 1959 1190 1994 :
1223 1957 1333 1995 non
1368 1942 1609 2007 umbras,
1641 1951 1796 2012 typos
1825 1953 1880 1996 et
1912 1941 2195 2010 imagines,
2231 1948 2294 1994 ut

719 2043 879 2087 attica
929 2032 1132 2086 factum
1179 2034 1379 2095 luerat,
1419 2049 1604 2089 rerum
1645 2035 2164 2104 pulcherrimarum,
2193 2037 2291 2089 sed

721 2123 1041 2178 niauiiestas
1074 2125 1222 2194 ipsas
1252 2136 1306 2180 et
1338 2141 1498 2181 veras
1524 2127 1756 2181 virtutes
1785 2127 2069 2192 exhibens,
2094 2127 2294 2181 vitam-

717 2231 828 2283 oue
1538 2227 1629 2273 ,ειη
1649 2219 1966 2282 cmlestem,
2012 2233 2138 2273 una
2159 2233 2302 2276 cum.

721 2309 969 2362 veritatis
1010 2308 1382 2379 dogmatibus,
1411 2310 1493 2364 eis
1533 2310 1667 2379 ipsis
1701 2311 1794 2380 qui
1835 2311 2008 2364 sacris
2037 2311 2157 2382 ejus
2193 2311 2296 2363 ini-

724 2402 841 2454 tiati
891 2413 1099 2466 essent,
1139 2402 1477 2473 relinquens,
1517 2403 1828 2471 ipsissimus
1873 2404 2082 2456 scilicet
2125 2412 2181 2457 et
2209 2418 2299 2457 ve-

726 2495 980 2548 rissimus
1029 2493 1314 2560 Christus,
1363 2495 1826 2565 perfectissimum
1876 2495 1972 2550 Dei
2023 2494 2295 2562 Verbum,

727 2585 821 2651 qui
859 2599 968 2638 non
1000 2585 1212 2640 factitio
1245 2586 1470 2655 perinde
1501 2594 1665 2655 atque
1713 2587 1934 2655 reliqui,
1978 2587 2075 2641 sed
2109 2586 2300 2642 divino

729 2678 1054 2732 naturaliter
1089 2689 1287 2735 unctus
1332 2688 1478 2734 esset
1517 2679 1748 2750 Spiritu.
1794 2679 1962 2750 Cujus
1995 2681 2072 2734 rei
2108 2681 2300 2734 certis-

729 2771 922 2824 simam
976 2771 1135 2826 iidem
1185 2772 1314 2826 facit
1365 2771 1503 2827 illud
1555 2773 1707 2828 Isaite
1754 2773 1986 2827 verbum
2024 2793 2036 2827 :
2073 2772 2301 2843 Spiritus

735 2863 950 2918 Domini
989 2876 1148 2934 super
1183 2881 1284 2928 me,
1317 2875 1596 2937 prapterea
1627 2867 1762 2934 quod
1792 2867 1943 2919 unxit
1972 2882 2071 2928 me,
2098 2877 2154 2920 et
2183 2881 2302 2934 quae

732 2955 1099 3022 scquuntur'.
1131 2955 1342 3009 Rursus
1372 2955 1509 3009 illud
1532 2955 1698 3010 divini
1726 2956 1944 3010 Davidis
1970 2974 1983 3010 :
2013 2956 2302 3025 Propterea

2392 1855 2599 1925 ἕχρισέ
2643 1870 2740 1922 με,
2775 1853 2868 1906 καὶ
2923 1852 2991 1902 τὰ
3042 1850 3193 1918 ἑξῆς·
3226 1845 3320 1899 καὶ
3355 1846 3417 1898 τὸ
3463 1844 3558 1898 τοῦ
3610 1843 3758 1896 θείου
3810 1843 3979 1893 πάλιν

2393 1949 2571 1999 ἐκεῖνο
2601 1943 2921 2008 Δα6“ιδ,ίΔιὰ
2948 1942 3126 1994 τοῦτο
3159 1937 3370 2007 ἕχρισέ
3392 1953 3466 1991 σε
3503 1939 3538 1990 ὁ
3565 1937 3731 1998 Θεὸς,
3767 1938 3800 1988 d
3833 1933 3982 1996 Θεός

2393 2055 2532 2101 σου,
2560 2038 2765 2091 ἔλαιον
2801 2033 3223 2104 ἀγαλλιάσεως
3279 2032 3442 2098 παρὰ
3485 2031 3628 2093 τοὺς
3676 2028 3984 2096 μετόχους

2395 2147 2535 2188 σου.
2587 2132 2677 2184 Ἐν
2707 2126 2751 2198 ᾧ
2798 2132 2892 2182 καὶ
2947 2128 3010 2180 τὸ
3058 2127 3180 2180 καθ’
3215 2124 3528 2196 ὑπερῦολὴν
3574 2115 3828 2192 κρεῖττον
3869 2119 3982 2170 τῶν

2380 2225 2567 2278 ,πάλαι
2593 2221 2884 2283 sinovum;
2913 2219 3292 2289 κεχρημένων
3331 2215 3773 2283 καθυπογράφει.
3835 2211 3899 2265 Ὀ
3936 2207 3986 2262 δ’

2397 2321 2560 2381 αὐτὸς
2607 2318 2699 2371 καὶ
2743 2314 2998 2384 ἀλλαχοῦ·
3041 2314 3124 2368 Σὺ
3167 2309 3224 2366 εἷ
3264 2311 3460 2379 ἱερεὺς
3514 2312 3602 2375 είς
3651 2311 3760 2361 τὸν
3792 2306 3984 2360 altam

2398 2410 2548 2464 κατὰ
2585 2408 2699 2476 τὴν
2749 2406 2926 2468 τάξιν
2974 2401 3373 2472 Μελχισεδέκ.
3420 2403 3517 2464 Ὃς
3553 2399 3861 2465 εἰσάγεται,
3913 2397 3988 2467 μὴ

2398 2503 2478 2571 τῷ
2533 2499 2812 2566 σκευαστῷ
2863 2497 3028 2566 ὲλαίῳ
3078 2497 3155 2558 είς
3201 2494 3300 2564 τὴν
3347 2492 3622 2562 ἱερατείαν
3686 2489 3978 2558 χριτθεὶς,

2400 2600 2515 2654 ἀλλ’
2555 2598 2675 2651 οὐδὲ
2713 2599 2780 2664 τῇ
2818 2594 2940 2648 καθ’
2995 2592 3286 2663 Ἐϐραίους
3336 2589 3602 2660 ἱερωσύνῃ
3657 2587 3984 2654 προσήκων,

2401 2695 2502 2748 ὅσα
2535 2708 2599 2758 γε
2628 2693 2694 2760 τῇ
2726 2688 2820 2741 τοῦ
2854 2688 3046 2753 γένους
3102 2684 3260 2753 σειρᾷ
3291 2683 3714 2750 ἀναγέγραπται
3738 2697 3752 2710 ·
3795 2680 3988 2746 διόπερ

2402 2786 2545 2841 κατά
2571 2786 2669 2854 τὴν
2698 2781 2864 2835 αὐτοῦ
2891 2779 3065 2844 τάξιν,
3099 2777 3212 2830 ἀλλ’
3247 2777 3324 2858 ού.
3343 2776 3483 2828 κατά
3521 2773 3620 2843 τὴν
3657 2772 3770 2824 τῶν
3796 2771 3976 2823 ἄλλων

2403 2875 2513 2927 τῶν
2543 2872 2786 2941 σύμϐολα
2850 2869 2942 2922 καὶ
2996 2867 3204 2928 τύπους
3247 2865 3547 2935 εἰληφότων
3601 2863 3841 2932 Χριστὸς
3893 2862 3990 2912 καὶ

2406 2967 2694 3036 ἀρχιερεὺς
2730 2964 2867 3032 μετά
2893 2960 3256 3030 παραλήψεως
3297 2960 3475 3028 ὅρκων
3516 2959 3544 3010 ό
3586 2954 3779 3024 Σωτὴρ
3829 2954 3990 3023 ἡμῶν

730 3046 885 3098 unxit
916 3057 963 3099 te
985 3045 1146 3112 Deus,
1174 3045 1311 3100 Deus
1337 3034 1477 3114 tuus,
1498 3047 1612 3100 oleo
1640 3048 2031 3112 exsultatiouis,
2049 3063 2162 3116 pra?
2183 3064 2294 3102 con-

2409 3034 2799 3129 ἀνηγόρευται.
2823 3057 3018 3110 Ἔνθεν
3052 3072 3135 3107 τοι
3156 3054 3276 3106 οὐδὲ
3308 3051 3599 3120 χρισθέντα
3631 3047 3986 3114 σωματικῶς,

732 3138 958 3192 sortibus
985 3140 1089 3193 tuis
1118 3140 1182 3192 ‘°.
1220 3138 1320 3196 Ubi
1366 3141 1420 3196 id
1462 3143 1629 3198 etiam
1677 3144 1826 3213 quod
1869 3144 2185 3214 longissime
2225 3147 2294 3200 eit

2409 3153 2522 3206 οὐδ’
2552 3156 2616 3204 ὲκ
2669 3150 2841 3218 φυλῆς
2885 3148 3168 3219 ἱερατικῆς
3211 3147 3526 3214 γενόμενον,
3577 3140 3866 3208 προσεχῶς
3906 3156 3992 3200 τις

733 3239 974 3300 praestet,
1019 3233 1118 3301 qui
1166 3223 1443 3303 quondam
1495 3236 1813 3307 imaginarie
1861 3239 2008 3292 uncti
2065 3237 2305 3302 iuerant,

735 3323 872 3375 satis
891 3322 1209 3378 subindicat
1233 3322 1597 3382 et-describit.
1629 3326 1776 3382 Idem
1807 3328 1976 3382 David
2005 3329 2135 3384 alibi
2165 3345 2306 3399 quo-

734 3429 844 3483 que
879 3433 891 3468 :
926 3414 1005 3470 Tu
1034 3434 1086 3471 es
1111 3422 1356 3474 sacerdos
1386 3420 1440 3474 in
1466 3433 1724 3474 wternum
1750 3422 2042 3476 secundum
2068 3425 2308 3478 ordinem

726 3497 1106 3563 Melchisedech
1133 3510 1197 3565 “.
1231 3511 1334 3577 Qui
1369 3513 1762 3579 introducitur,
1789 3530 1897 3568 non
1930 3515 2150 3570 lacticio
2182 3515 2306 3570 oleo

737 3599 804 3651 a-J
835 3615 1115 3656 sacrorum
1149 3605 1516 3660 ministerium
1547 3617 1764 3673 unctus,
1793 3622 1973 3678 neque
2001 3609 2301 3678 quidquam

739 3693 809 3746 ad
841 3692 1196 3750 llebrmorum
1232 3699 1601 3754 sacerdotium
1635 3703 1919 3770 pertinens
1952 3720 1965 3754 :
2004 3703 2098 3770 qui
2136 3704 2187 3756 in
2221 3718 2312 3757 ca-

741 3786 984 3856 talogum
1033 3797 1088 3842 ct
1126 3791 1342 3858 generis
1382 3801 1794 3848 eoncateuatam
1837 3795 2307 3848 continuationem

738 3877 1062 3932 solemniter
1093 3882 1600 3948 perscribebantur.
1633 3883 1979 3951 Quapropter
2004 3884 2309 3938 secundum

741 3967 915 4035 ipsius
940 3970 1211 4036 ordinem,
1233 3988 1346 4028 non
1373 3985 1557 4028 autem
1588 3976 1738 4044 juxta
1767 3976 2008 4029 aliorum
2039 3976 2132 4043 qui
2158 3992 2312 4046 sym-

743 4058 891 4126 bola,
926 4070 1081 4132 typos
1121 4073 1172 4118 et
1209 4064 1409 4134 ﬁguras
1454 4075 1802 4134 acceperant,
1836 4068 2021 4129 ritum,
2059 4067 2313 4122 Christus

745 4161 802 4204 et
843 4154 1089 4208 Pontifex
1136 4167 1357 4226 recepto
1400 4159 1781 4228 jurejurando,
1821 4159 2080 4214 Servatur
2127 4173 2316 4217 noster

747 4253 830 4297 cst
873 4247 1270 4316 promulgatus.
1307 4248 1408 4319 51
1445 4249 1596 4304 Unde
1640 4251 1792 4303 illum
1845 4266 2019 4320 neque
2057 4268 2316 4322 corpora-

749 4336 874 4388 liter
901 4348 1147 4402 unctum,
1173 4355 1349 4408 neque
1373 4358 1437 4394 ex
1463 4342 1788 4396 sacerdotali
1818 4343 1960 4396 tribu
1985 4354 2196 4410 natum,
2220 4348 2318 4414 qui

2411 3246 2564 3314 εὖροι
2615 3262 2719 3296 που
2767 3245 2868 3306 τὰς
2922 3241 3164 3309 ἱστορίας
3210 3237 3610 3306 ἀναλεγόμενος
3642 3250 3656 3264 ·
3702 3234 3762 3297 ἐξ
3822 3231 3990 3285 αὑτοῦ

2417 3340 2601 3410 μέντοι
2626 3337 2720 3390 τοῦ
2757 3335 2892 3390 Θεοῦ
2921 3336 3013 3388 καὶ
3036 3333 3252 3402 lla-spot;
3284 3332 3394 3401 πρὸ
3418 3331 3531 3382 τῶν
3557 3327 3769 3380 αίὼνων
3794 3327 3994 3394 ἀγήρω

2413 3429 2759 3500 προαιωνίως
2785 3428 2878 3481 καὶ
2905 3427 3057 3478 ἐσαεὶ
3081 3424 3186 3493 τὴν
3213 3421 3516 3494 ἱερωσύνην
3539 3417 3728 3482 ὥσπερ
3744 3433 3800 3468 τι
3820 3419 3994 3482 γέρας

2413 3521 2822 3589 διακατέχοντα·
2858 3519 2954 3586 οὐχ
2989 3512 3150 3585 ἦττον
3183 3514 3240 3566 δὲ
3276 3513 3369 3564 καὶ
3397 3511 3500 3580 τὴν
3546 3509 3846 3576 ἀσωμάτου
3891 3507 3991 3558 καὶ

2414 3612 2600 3667 ὲνθέου
2633 3611 2869 3681 χρίσεως
2900 3609 3042 3677 μέγα
3072 3606 3398 3674 τεκμήριον,
3425 3603 3486 3652 τὸ
3510 3603 3606 3653 καὶ
3631 3599 3792 3668 μόνον
3822 3600 3937 3650 ἀπὶ
3957 3623 3996 3644 ρ-

2415 3725 2524 3760 των
2573 3707 2657 3774 ἐφ’
2685 3706 2780 3774 ὅλῃ
2817 3707 2884 3772 τῇ
2915 3706 3009 3772 γῇ,
3057 3701 3115 3753 ἐν
3158 3717 3220 3752 τε
3267 3698 3568 3768 βαρϐάροις
3601 3697 3694 3746 καὶ
3739 3693 3997 3759 "Elii-lat,

2417 3800 2653 3869 Χριστὸν
2684 3797 2845 3848 αὑτὸν
2874 3791 3259 3863 ὀνομάζεσθαι·
3293 3790 3387 3842 καὶ
3418 3791 3475 3854 ἐξ
3506 3786 3717 3839 ἐκείνου
3759 3787 3813 3846 ἐς
3837 3783 4001 3850 δεῦρο

2417 3891 2570 3959 παρά
2597 3893 2708 3952 τοῖς
2737 3891 2814 3952 είς
2856 3889 3066 3940 ἐκεῖνον
3097 3883 3518 3944 πεπιστευκόσι,
3566 3883 3662 3932 καὶ
3704 3879 3784 3939 ὡς
3818 3877 3998 3944 ἀληθῆ

2417 3984 2551 4037 Θεὸν
2585 3982 2680 4035 καὶ
2709 3979 2945 4033 Βασιλέα
2975 3979 3073 4032 καὶ
3105 3977 3270 4046 μόνον
3296 3973 3558 4044 ἀρχιερέα
3583 3971 3719 4024 Θεοῦ
3745 3971 3840 4022 καὶ
3868 3985 4002 4038 προ·

2421 4077 2598 4145 φήτην
2627 4073 2891 4144 τιμᾶσθαί
2918 4089 2977 4124 τε
3011 4072 3103 4124 καὶ
3135 4066 3485 4129 σεόἀζεσθαιο
3526 4065 3622 4118 καὶ
3650 4064 3710 4114 τό
3739 4078 3804 4129 γε
3837 4062 4001 4128 λόγου

2417 4169 2698 4231 ἐπέκεινα,
2727 4167 2803 4229 ὡς
2833 4165 2906 4235 μὴ
2935 4165 3142 4233 χείλεσι
3175 4165 3357 4229 μόνον,
3395 4157 3533 4228 μηδὶ
3563 4156 3764 4224 ψόφοις
3817 4156 4003 4221 ῥημά-

2421 4276 2528 4310 των
2584 4259 2708 4320 τοὺς
2764 4259 2865 4327 τὴν
2917 4255 3083 4308 αὐτοῦ
3134 4253 3328 4320 κλῆσιν
3381 4249 3770 4316 ὲνδεδυμένους
3833 4246 4003 4312 τιμᾷν

2422 4351 2730 4412 πείθεσθαι,
2767 4351 2906 4402 ἀλλὰ
2935 4351 3085 4419 πάσῃ
3123 4347 3364 4398 διαθέσει
3403 4343 3585 4413 ψυχῆς
3611 4357 3624 4374 ·
3676 4341 3753 4400 ὡς
3807 4342 3872 4390 ὲκ
3905 4337 4002 4388 τοῦ

749 4435 955 4482 attente
988 4443 1039 4484 ct
1075 4431 1363 4500 diligenter
1402 4433 1661 4488 historias
1705 4435 1937 4502 legendo
1980 4437 2284 4491 observarit

2423 4445 2622 4514 ῥᾴστου
2673 4444 2878 4495 ἐνεῖναι
2911 4441 3124 4500 τούτοις
3157 4437 3224 4490 δι’
3261 4436 3428 4490 αὐτὸν
3467 4435 3564 4486 καὶ
3610 4432 3784 4498 αὐτὴν
3814 4429 4006 4499 προδι-

753 4520 1033 4575 inveniet:
1070 4523 1272 4592 quippe
1322 4525 1413 4591 qui
1464 4524 1532 4578 ab
1574 4525 1691 4592 ipso
1739 4525 1850 4579 Deo
1891 4535 1946 4579 et
1985 4528 2164 4592 Patre,
2197 4539 2323 4583 ante

2433 4535 2580 4586 ὅόναι
2611 4533 2790 4602 ψυχὴν
2820 4531 3114 4600 αἱρεῖσθαι.

754 4613 950 4666 saecula
979 4615 1638 4696 cor_idila,sempitcrnum
1673 4617 1741 4671 ab
1779 4628 1984 4673 aeterno
2012 4634 2068 4674 et
2131 4621 2183 4672 in
2254 4633 2523 4678 ueternum
2572 4625 2973 4690 sacerdotium,
3053 4633 3313 4691 tanquam
3363 4633 3569 4672 munus
3621 4614 3904 4685 quoddam
3955 4623 4010 4665 et

755 4706 1020 4759 honorem
1073 4709 1410 4776 praecipuum
1461 4710 1728 4764 obtineat.
1800 4711 1937 4766 lliud
2017 4715 2238 4783 qquuo
2288 4733 2395 4770 non
2436 4721 2620 4774 minus
2682 4734 2767 4774 est
2831 4720 3168 4787 incorporea:
3217 4715 3594 4781 divinitusque
3654 4710 4012 4763 advenientis

758 4803 1038 4858 unctionis
1083 4807 1296 4873 signum
1329 4816 1382 4857 et
1420 4806 1708 4871 indicium,
1740 4811 1881 4876 quod
1927 4811 2073 4864 hunc
2110 4827 2176 4864 ex
2249 4815 2504 4869 omnibus
2561 4831 2753 4879 unum,
2795 4831 2892 4884 per
2940 4828 3157 4868 omnem
3201 4821 3429 4872 terram,
3465 4807 3686 4861 Barbari
3741 4805 3911 4857 simul
3955 4812 4014 4854 et

757 4895 930 4950 (ἔτωεὶ
987 4895 1266 4950 Christum
1323 4899 1632 4952 nominant.
1701 4899 1768 4954 Et
1819 4902 1931 4970 jam
1988 4902 2115 4956 inde
2165 4919 2194 4957 a
2252 4909 2592 4976 temporibus
2656 4912 2775 4978 ejus
2832 4908 2897 4961 ad
2953 4909 3099 4960 hunc
3162 4919 3335 4973 usque
3398 4902 3542 4955 diem
3589 4901 3639 4952 in
3694 4912 3818 4950 eum
3884 4909 4013 4949 cre-

758 4993 918 5059 dunt,
949 5002 1008 5047 ut
1040 5009 1226 5048 verum
1261 4994 1428 5047 Deum
1464 5006 1518 5049 et
1549 4996 1746 5067 Regem
1799 4997 2130 5067 unicumque
2164 4999 2484 5055 Pontiﬁcem
2524 5003 2619 5056 Dei
2680 5013 2735 5056 et
2773 5003 3104 5072 Prophetam
3165 5014 3293 5053 eum
3321 4999 3511 5052 colunt
3539 5004 3596 5048 et
3624 5001 4005 5047 venerantur:

762 5092 968 5161 quique
1007 5094 1174 5164 (quod
1225 5093 1531 5147 orationem
1567 5100 1622 5144 et
1671 5091 1938 5144 rationem
2013 5109 2229 5146 omnem
2266 5097 2508 5163 excellit)
2577 5099 2802 5151 nomine
2868 5098 2987 5165 ejus
3007 5103 3321 5154 censentur,
3356 5102 3676 5160 persuasum
3737 5086 3870 5140 illud
3907 5086 4008 5139 hs-

761 5183 918 5247 bent,
954 5199 1013 5242 ut
1050 5201 1157 5240 non
1211 5185 1374 5240 labiis
1423 5194 1630 5238 tantum
1664 5193 1720 5236 et
1756 5183 2048 5236 verborum
2091 5189 2318 5254 strepitu
2366 5189 2541 5250 illum,
2605 5191 2701 5243 sed
2767 5189 2917 5243 omni
2947 5201 3170 5256 prorsus
3200 5183 3369 5237 animi
3399 5179 3688 5235 aﬂ'ectione
3717 5187 3774 5230 et
3804 5178 4012 5230 virtute

763 5283 991 5337 colant:
1023 5292 1196 5349 usque
1231 5294 1318 5343 eo,
1352 5288 1410 5331 ut
1433 5278 1498 5331 de
1531 5275 1672 5331 facili
1707 5274 1996 5330 consilium
2063 5277 2280 5344 capiant
2346 5286 2401 5332 et
2439 5288 2701 5345 statuant,
2730 5290 2783 5335 et
2813 5281 2986 5350 ipsam
3024 5287 3249 5348 propter
3277 5288 3400 5332 eum
3431 5285 3637 5346 portate
3675 5270 3921 5325 animum
3954 5278 4012 5324 et

764 5379 954 5440 vitam.

877 5561 900 5594 ⁸
929 5558 1032 5615 lea.
1061 5572 1171 5622 ut,
1199 5557 1258 5622 l;
1293 5554 1424 5612 Luc.
1460 5571 1536 5622 tv,
1567 5553 1653 5610 18.
1732 5520 1740 5533 Ι
1770 5553 1814 5584 ¹⁰
1847 5552 1990 5608 Psal.
2031 5566 2174 5616 ειη,
2211 5549 2264 5604 8.
2387 5550 2425 5580 “
2469 5550 2615 5604 Psal.
2646 5563 2754 5610 CIX.
2788 5549 2841 5602 Is.
