4212 6430
198 397 309 466 αι

1161 397 1769 463 ΕΟΟιΕειΑεΤιριιὲ.
1810 384 2211 457 ΠΙΞΤΟΒῘΞΕ
2250 396 2402 457 LIB.
2450 396 2495 457 Ι.

3347 372 3456 457 με

198 531 319 567 νεν.
351 514 583 567 Ἔπειτα
628 512 684 567 δέ
714 512 809 566 καὶ
844 510 1163 584 στράτευμα
1192 509 1489 582 ἡθροικὼς,
1519 507 1736 561 κάτεισι
1762 523 1778 540 ο

1888 507 2025 572 lent,
2052 507 2290 561 infantes
2350 503 2767 561 incircumcisos
2828 504 3165 574 relinquant,
3213 504 3453 576 denique

200 600 300 653 καὶ
346 599 638 670 συμϐαλὼν
682 602 862 671 μάχην
914 602 1111 669 κρατεῖ
1141 600 1263 663 τοὺς
1316 599 1446 668 περὶ
1481 597 1774 666 ’Δντίοχσν,

204 694 307 746 καὶ
322 697 545 763 αισχιτα
570 694 667 763 τῆς
695 694 899 756 πόλεως
922 691 1240 758 ἀπελαύνει,
1270 693 1365 745 καὶ
1390 689 1483 743 τοῦ
1514 687 1777 756 σφετέρου

204 784 398 847 ἔθνους
431 784 589 855 ἄρχει
623 785 839 847 ἑκόντος
861 802 873 815 ’
904 785 1130 855 τελευτᾷ
1146 784 1203 837 δὲ
1235 779 1295 835 ού
1316 781 1497 850 πολλῷ
1532 779 1778 845 ὕστερον,

215 876 398 945 Ἰούδα
426 878 502 948 τῷ
524 865 885 947 πρεσδυτέρῳ
908 876 1016 930 τῶν
1041 876 1241 929 παίδων
1266 874 1440 927 λιπὼν
1471 872 1568 942 τὴν
1584 871 1779 941 ἀρχήν.

206 968 380 1030 Οὗτός
404 985 464 1034 γε
492 971 598 1037 μὴν
624 967 808 1031 δεδιὼς
838 970 930 1021 τὸν
957 968 1247 1037 Ἀντίοχον,
1278 965 1411 1035 μηδὲ
1440 966 1548 1033 γάρ
1571 964 1783 1032 ⁴ὴρεμή-

207 1076 330 1113 σειν
366 1062 572 1114 ἐκεῖνον
603 1061 762 1130 ᾤετο,
791 1061 1021 1130 δύναμίν
1047 1078 1107 1111 τε
1142 1060 1240 1128 την
1277 1056 1571 1126 ἐπιχώριον
1601 1056 1784 1124 ἡθροιο

204 1151 267 1215 ξι
293 1169 311 1184 ⁶
348 1154 444 1206 καὶ
472 1154 608 1223 πρὸς
663 1152 882 1223 Ῥώμην
911 1151 1167 1221 πρέσϐεις
1210 1150 1425 1220 πρῶτος
1471 1146 1783 1213 διαπεμψά-

210 1260 396 1311 μενος,
435 1246 549 1306 τοῖς
605 1245 935 1313 στρατηγοῖς
992 1243 1218 1296 ἐκείνων
1273 1240 1578 1293 ἐσπένδετο.
1615 1234 1785 1299 οὗτος

208 1336 305 1388 καὶ
335 1336 413 1406 τῷ
442 1335 753 1407 διαφέροντι
786 1334 879 1388 τοῦ
912 1334 1254 1403 σεδάσματος
1278 1333 1339 1385 τό
1367 1349 1425 1384 τε
1457 1330 1601 1399 ἱερὸν
1622 1331 1785 1380 ἑκκα-

208 1427 413 1497 θαίρει,
467 1430 560 1481 καὶ
601 1431 762 1481 καινὰ
800 1426 968 1496 σκεύη
1007 1429 1073 1496 τῇ
1106 1426 1268 1496 Θυσίᾳ⁵
1310 1423 1631 1491 ἐγκαθιστᾷ.
1662 1421 1785 1473 Ἐπὶ

205 1520 425 1583 τούτοις
456 1523 484 1574 ό
526 1521 625 1589 μὲν
669 1521 943 1587 Ἀντίοχος
976 1516 1231 1570 ἐτελεύτα
1255 1531 1270 1547 ⁸
1302 1517 1330 1569 ό
1354 1516 1409 1568 δὲ
1442 1518 1565 1577 παῖς
1597 1512 1783 1574 αὑτοῦ,

224 1613 500 1681 Ἀντίοχος
549 1612 605 1665 δέ
638 1612 731 1665 καὶ
761 1611 923 1672 αὐτὸς
974 1609 1309 1679 ὠνομάζετο,
1350 1608 1526 1676 στίφει
1571 1606 1787 1674 ἀπείρῳ

211 1708 327 1766 τοῖς
374 1703 649 1765 Ἰουδαίοις
692 1692 974 1770 ἐφίστατο.
1025 1702 1403 1772 Συρραγείσης
1468 1699 1647 1751 τοίνυν
1689 1699 1787 1765 τῇς

214 1794 426 1864 μάχης,
478 1793 749 1863 ὑπεχώρει
778 1792 934 1855 αὖθις
974 1792 1218 1863 φρουράν
1257 1792 1323 1860 τῇ
1375 1790 1526 1842 πόλει
1565 1788 1787 1840 καταλι-

1883 608 1944 652 υι
1974 599 2183 653 cultum
2242 598 2379 667 legis
2417 612 2634 650 omnem
2672 605 2930 665 tanquam
2984 612 3116 652 rem-
3150 598 3310 652 nihili
3358 598 3459 652 de-

1882 701 2101 760 spuant,
2140 690 2382 744 mandat.
2416 688 2714 743 Bacchides
2746 700 2931 744 autem
2973 692 3221 760 quidam,
3262 692 3461 759 impie-

1890 783 2021 838 tatis
2053 783 2174 853 ejus
2214 782 2538 838 administer
2561 796 2701 847 erat,
2743 785 2828 835 vir
2857 783 2950 852 qui
2976 783 3042 837 ad
3082 799 3352 837 summam
3376 784 3458 836 in-

1884 873 2094 925 saniam
2126 873 2264 926 nihil
2318 873 2541 928 fecisset
2594 874 2815 942 reliqui.
2872 875 3028 929 Hunc
3077 875 3332 930 Matthias
3382 876 3458 943 (8)

1885 966 2217 1019 Assamonaai
2251 966 2392 1019 filius
2430 966 2557 1034 (fuit
2594 968 2640 1019 is
2672 983 2739 1020 ex
2777 967 3167 1022 sacerdotibus
3188 984 3354 1030 unus,
3388 984 3455 1021 ex

1884 1060 2008 1112 vico
2035 1059 2123 1112 cui
2166 1074 2363 1112 nomen
2387 1068 2508 1111 erat
2544 1058 2775 1113 Modeim
2814 1061 2990 1125 ortus)
3016 1061 3245 1112 armatis
3270 1073 3452 1112 secum

1886 1148 2131 1218 quinque
2186 1148 2311 1202 filiis
2357 1134 2597 1203 oecitlit:
2653 1161 2708 1205 et
2740 1168 2837 1220 per
2883 1159 3088 1204 metum
3135 1151 3254 1203 loca
3298 1164 3463 1216 supe-

1888 1243 2032 1295 riora
2088 1242 2253 1311 capit.
2289 1242 2443 1296 Unde
2496 1252 2685 1311 postea
2736 1259 2898 1296 manu
2940 1253 3278 1296 armatorum
3326 1257 3462 1294 con-

1890 1343 2060 1386 tracta
2094 1334 2399 1395 descendit,
2455 1335 2753 1403 praelioque
2789 1335 3085 1387 commisso
3130 1332 3459 1386 Antiochum

1888 1425 2080 1486 vincit,
2116 1424 2529 1493 faedissimeque
2569 1430 2701 1479 urhe
2738 1427 2983 1493 expellit.
3010 1428 3061 1478 ls
3096 1424 3461 1493 popularibus

1887 1518 2023 1578 suis,
2058 1527 2117 1570 ut
2141 1518 2418 1585 princeps,
2444 1533 2553 1571 non
2586 1519 2771 1571 int-itis
2804 1529 3029 1586 praeest:
3063 1520 3323 1586 brevique
3354 1534 3464 1569 mo-

1889 1605 2052 1670 ritur,
2078 1606 2232 1659 Juila:
2283 1608 2519 1661 maximo
2558 1619 2684 1661 natu
2722 1608 2834 1661 lilio
2888 1625 3075 1662 rerum
3107 1610 3460 1662 administra-

1892 1695 2036 1749 tione
2073 1697 2281 1750 relicta.
2342 1696 2511 1751 Judas
2541 1698 2615 1765 i9)
2663 1714 2829 1767 perro
2874 1701 3206 1753 Antiochum
3265 1690 3485 1755 timens.

1892 1789 2139 1853 (minime
2177 1791 2322 1843 enim
2355 1790 2505 1842 illum
2546 1793 2862 1858 quieturum
2917 1794 3164 1861 putabat)
3220 1794 3451 1846 militem

214 1884 356 1938 πῶν.
402 1884 599 1947 Ἰούδας
634 1884 709 1950 δέ,
759 1886 878 1947 ταῖς
908 1883 1187 1945 τοιαύταις
1236 1882 1434 1952 μάχαις
1489 1881 1783 1948 ἀναφανεὶς

1890 1896 1953 1934 ex
1983 1882 2336 1950 popularibus
2373 1852 2668 1936 conscribit
2698 1901 2712 1935 :
2747 1892 2804 1937 et
2853 1852 3062 1952 primus
3097 1852 3297 1955 legatis
3343 1888 3455 1941 Ro-

211 1970 463 2043 ἀριστος,
505 1975 599 2026 καὶ
631 1972 859 2035 πολλοὺς
898 1971 1007 2025 τῶν
1047 1970 1325 2039 Ἀντιόχου
1357 1968 1434 2036 τῷ
1470 1969 1615 2038 ξίφει
1652 1969 1792 2020 ὑπα-

215 2064 431 2134 γαγὼν,
485 2066 544 2128 ἐς
583 2066 813 2134 ὕστερον
846 2064 937 2118 καὶ
988 2062 1151 2124 αὐτὸς
1195 2064 1529 2131 ἀναιρεῖται·
1570 2060 1702 2130 πρὸς
1735 2059 1791 2112 δέ

214 2160 313 2210 καὶ
363 2159 391 2211 ό
430 2156 659 2226 ἁδελφὸς
701 2155 973 2226 Ἰωάννης.
1016 2154 1080 2207 ἸΙ
1120 2154 1178 2208 δὲ
1210 2155 1353 2224 ἁρχὴ
1400 2153 1612 2205 ἐκείνου
1654 2151 1791 2221 πρὸς

230 2248 492 2318 Ἰωνάθην
523 2249 805 2319 μετέϐαινε
834 2248 923 2301 τὸν
952 2247 1137 2317 ἐτερον
1160 2246 1383 2313 ἀδελφόν
1405 2261 1418 2275 ·
1452 2244 1510 2308 6;
1532 2245 1663 2313 δῆτα
1695 2243 1791 2314 τὴν

219 2343 361 2413 πρὸς
410 2342 714 2406 Ῥωμαίους
762 2342 945 2410 φιλίαν
980 2339 1279 2410 ἐπιμᾶλὶον
1326 2337 1790 2406 ἀσφαλισάμενος,

218 2435 319 2487 καὶ
346 2434 481 2503 πρὸς
497 2433 879 2504 τδνἋντιόχου
904 2434 1067 2487 παῖδα
1093 2433 1191 2493 τάς
1211 2430 1505 2498 διαλλαγὰς
1532 2432 1789 2490 ἐποιεῖτο.

220 2524 357 2595 παρ’
393 2520 436 2593 ᾧ
469 2527 560 2577 καὶ
591 2525 818 2593 φιλικῶς
845 2524 1175 2589 καταλύσας,
1213 2523 1347 2594 πρὸς
1369 2521 1463 2575 τοῦ
1491 2522 1791 2590 ἐπιτρόπου

220 2616 518 2685 Τρύφωνος
554 2616 857 2683 φθείρεται,
887 2614 981 2665 τοῦ
1011 2611 1239 2680 ἀδελφοῦ
1275 2612 1395 2680 μετ’
1416 2612 1623 2662 ἐκεῖνον
1658 2624 1795 2677 κρα-

219 2706 490 2775 τησαντος
521 2705 762 2773 Σίμωνος
785 2720 800 2737 ·
830 2704 889 2769 6;
912 2706 979 2771 δὴ
1000 2702 1094 2756 καὶ
1124 2702 1388 2771 γενναίως
1415 2701 1793 2771 ἀφηγούμενος

221 2799 332 2851 τῶν
364 2800 728 2868 πραγμάτων,
772 2796 1031 2866 Ἀντιόχῳ
1058 2794 1345 2864 σύμμαχος
1380 2794 1589 2861 γίνεται
1626 2808 1791 2859 στρα-

221 2890 438 2943 τεύοντι
469 2892 608 2943 κατά
637 2886 954 2959 Τρύφωνος,
984 2888 1132 2956 αύτῷ
1160 2887 1207 2939 οἱ
1233 2884 1633 2946 ἐπαναστάντος
1660 2898 1673 2913 ο
1701 2882 1794 2933 καὶ

225 2982 525 3047 συνεξελὼν
564 2982 832 3051 Τρύφωνα
878 2979 1130 3048 οὐδαμῶς
1168 2981 1376 3029 ἐκεῖνον
1416 2977 1547 3045 φίλα
1577 2977 1624 3027 οἱ
1659 2990 1791 3043 φρο-

224 3076 422 3129 νοῦντα
451 3073 594 3141 ἔγνω
625 3074 682 3134 ἐς
717 3071 944 3137 ὕστερον
964 3084 976 3098 ·
1010 3067 1335 3123 Κενδεϐαῖον
1368 3068 1474 3137 γὰρ
1506 3066 1595 3119 τὸν
1624 3066 1790 3119 αὑτοῦ

1893 1987 2035 2025 mam
2063 1972 2264 2034 missis,
2310 1986 2434 2025 cum
2473 1973 2734 2028 Romanis
2765 1974 3000 2029 ducibus
3032 1990 3218 2043 pacem
3250 1975 3461 2031 fccdus.

1892 2078 1999 2133 que
2018 2063 2333 2133 paciscitur.
2364 2066 2510 2122 Idem
2542 2082 2642 2136 pro
2680 2067 2879 2136 insigni
2909 2069 3110 2135 pietate
3161 2082 3281 2130 sua,
3325 2076 3466 2122 tem-

1892 2154 2040 2223 plum
2081 2153 2241 2208 simul
2286 2166 2565 2225 repurgat,
2586 2164 2652 2210 .et
2695 2171 2823 2211 vasa
2868 2172 3009 2211 nova
3053 2158 3121 2212 ad
3160 2159 3464 2215 sacriﬁcio-

1894 2261 2013 2299 rum
2045 2262 2201 2300 usum
2248 2255 2523 2316 procurat.
2582 2247 2791 2302 Interea
2837 2248 3145 2302 Antiochus
3202 2242 3461 2317 moritur,

1891 2345 1947 2391 et
1981 2336 2124 2390 filius
2152 2338 2269 2406 ejus
2303 2337 2585 2398 (Antiochi
2612 2339 2722 2409 (l0)
2751 2339 2802 2392 ei
2830 2354 3055 2409 quoque
3104 2356 3307 2396 nomen
3338 2342 3463 2405 fuit)

1894 2442 2019 2481 cum
2051 2429 2287 2483 maximo
2316 2430 2560 2482 exercitu
2593 2440 2785 2484 contra
2820 2429 3040 2485 Judtcos
3088 2434 3463 2501 progreditur,

1894 2520 2189 2589 praelioque
2220 2522 2514 2576 commisso
2553 2521 2872 2586 retrocedit,
2906 2532 2960 2577 et
3011 2533 3221 2592 partem
3274 2528 3465 2595 copia-

1894 2628 2015 2666 rum
2047 2611 2113 2665 ad
2149 2611 2491 2667 obsidionem
2549 2613 2703 2667 urbis
2755 2613 3039 2683 relinquit.
3079 2615 3159 2670 lbi
3190 2615 3345 2671 Iuda:
3406 2618 3459 2671 iu

1895 2703 2097 2772 praeliis
2122 2702 2382 2757 omnibus
2412 2702 2589 2756 virtus
2616 2704 2671 2755 in
2721 2704 2914 2772 primis
2952 2704 3174 2768 enituit,
3210 2708 3304 2777 qui
3335 2725 3461 2763 cum

1894 2794 2109 2848 fortiter
2140 2794 2428 2852 dimicans,
2482 2794 2683 2847 multos
2734 2808 2800 2846 ex
2843 2792 3098 2861 hostibus
3145 2796 3292 2852 ferro
3319 2802 3465 2852 ceci-

1894 2884 2104 2947 disset,
2136 2885 2373 2941 tandem
2404 2884 2520 2951 ipse.
2556 2898 2778 2954 quoque
2836 2885 3081 2951 raditur,
3136 2902 3371 2957 cumque
3399 2908 3468 2943 eo

1894 2974 2065 3028 frater
2113 2977 2373 3029 Joannes.
2422 2975 2549 3045 Ejus
2600 2976 2845 3030 sedenim
2904 2988 3147 3046 potestas
3180 2980 3249 3033 ad
3303 2981 3470 3035 Jona-

1897 3067 2064 3129 tham,
2114 3065 2333 3118 fratrem
2390 3081 2607 3135 quoque
2660 3067 2799 3136 ejus,
2848 3071 3133 3139 pervenit:
3168 3072 3262 3141 qui
3296 3075 3470 3143 magis

227 3166 533 3235 στρατηγὸν
563 3162 809 3233 πέμψας,
835 3160 995 3233 δῃοῦν
1020 3178 1078 3212 τε
1098 3161 1194 3228 τὴν
1225 3158 1483 3210 Ἰουδαίαν
1504 3158 1787 3223 ἐπέταττε,

1893 3156 2056 3209 etiam
2091 3155 2409 3209 conﬁrmata
2439 3172 2564 3210 cum
2605 3158 2863 3214 Romanis
2909 3161 3148 3215 amicitia
3198 3172 3253 3216 et
3286 3168 3466 3221 socie-

226 3262 319 3313 καὶ
362 3258 583 3327 Σίμωνα
614 3256 926 3324 ὑποχείριον
952 3253 1125 3320 ἄγειν.
1173 3252 1229 3304 Ὀ
1261 3252 1315 3303 δὲ
1340 3250 1607 3321 λαμπρῶς
1639 3251 1793 3319 νικὴ-

228 3362 327 3408 σας
358 3346 452 3398 τὸν
481 3343 829 3405 Κενδεϐαῖον,
865 3338 1239 3411 μυριάριθμον
1264 3340 1602 3405 ἐπαγόμενον
1626 3338 1790 3407 στρά-

226 3455 431 3507 τευμα,
472 3436 675 3496 πάσαις
720 3431 997 3493 ἐπιϐολαῖς
1043 3432 1137 3500 τῆς
1171 3430 1277 3482 τῶν
1306 3430 1634 3484 Μακεδόνων
1678 3431 1801 3480 ἐπι-

227 3529 489 3599 κρατείας
519 3527 581 3580 τὸ
603 3524 876 3594 ὁμόφυλον
902 3514 1238 3577 ἀπαλλάττει
1263 3520 1403 3589 μετά
1431 3518 1797 3589 ἐϐδομήκοντα

227 3622 325 3691 ἐτη
352 3622 451 3673 καὶ
466 3618 700 3671 ἑκατόν·
727 3620 821 3669 καὶ
851 3614 1141 3685 ἀρχιερεὺς
1171 3611 1568 3666 ἀναδείκνυται.
1591 3611 1801 3680 Μικρὸν

226 3712 273 3766 δ’
307 3712 533 3777 ὓστερον
558 3709 654 3761 καὶ
688 3705 844 3768 οὗτος
870 3709 897 3758 ό
919 3705 1104 3773 Σίμων
1133 3702 1239 3755 ὑπὸ
1276 3702 1366 3755 τοῦ
1395 3701 1644 3771 γαμϐροῦ
1670 3703 1798 3753 Πτο-

229 3808 460 3879 λεμαίου
492 3808 551 3857 ἐν
586 3800 874 3874 συμποσίῳ
908 3800 1223 3853 κτίννυται·
1256 3796 1312 3859 6;
1345 3797 1410 3868 δὴ
1444 3796 1800 3865 Πτολεμαῖος,

227 3904 332 3972 τήν
361 3917 421 3955 τε
448 3899 684 3968 γυναῖκα
720 3896 810 3948 καὶ
843 3894 960 3955 τοὺς
990 3893 1081 3945 δύο
1112 3890 1306 3951 παῖδας
1342 3889 1657 3957 καθείρξας,
1692 3888 1805 3941 Ίω.

231 4000 399 4065 ἀννην
426 3994 516 4046 τὸν
540 3991 747 4062 τρίτον,
777 3986 835 4050 6;
860 3986 952 4040 καὶ
990 3984 1251 4053 Ὑρκανὸς
1288 3981 1551 4047 ἐκαλεῖτο,
1571 3982 1804 4033 κτείνειν

231 4090 540 4156 ἐξέπεμπε.
566 4085 760 4136 Φῦάνει
816 4097 878 4149 γε
916 4078 1021 4149 μὴν
1054 4080 1263 4137 ἐκεῖνος
1312 4076 1408 4144 τὴν
1444 4077 1537 4127 ἐπὶ
1578 4075 1805 4130 θάνατον

1900 3254 2028 3310 tate,
2070 3244 2247 3300 foedus
2286 3246 2510 3316 insuper
2556 3262 2680 3301 cum
2717 3249 2971 3303 Antiochi
3031 3252 3141 3320 (ll)
3182 3253 3293 3307 filio
3330 3256 3468 3311 iuit:

1900 3340 2039 3409 apud
2070 3354 2233 3408 quem
2280 3355 2403 3393 cum
2456 3356 2555 3408 pro
2603 3342 2824 3411 hospitii
2875 3351 3041 3413 atque
3073 3345 3474 3419 amicitiaej-ure

1902 3439 2239 3490 versaretur,
2273 3444 2303 3482 a
2340 3438 2520 3483 tutore
2569 3430 2691 3499 ejus
2737 3431 3029 3502 Tryphone
3060 3434 3170 3503 (12)
3223 3449 3471 3493 necatur.

1903 3517 2090 3571 Simon
2124 3534 2286 3587 porro
2317 3520 2487 3573 frater
2519 3519 2573 3574 in
2607 3521 2785 3575 locum
2814 3524 2934 3592 ejus
2960 3526 3207 3578 succedit
3230 3543 3243 3582 :
3269 3535 3324 3579 et
3356 3544 3472 3581 rem

1901 3618 2123 3663 strenue
2154 3623 2371 3679 gerens,
2409 3610 2679 3685 Antiocho
2703 3628 2761 3666 se
2794 3613 2920 3666 belli
2955 3615 3215 3670 societate
3250 3618 3478 3688 conjun—

1900 3705 2001 3769 git,
2036 3711 2230 3755 contra
2281 3700 2652 3771 Tryphonem,
2683 3703 2773 3772 qui
2811 3705 2861 3757 ei
2923 3705 3126 3758 bellum
3184 3708 3468 3773 intulerat,

1902 3793 2148 3847 ducenti.
2182 3791 2456 3847 Czeterum
2494 3810 2618 3848 cum
2670 3795 2941 3849 Antiocho
2967 3797 3021 3848 in
3058 3796 3351 3868 Tryphnne
3382 3816 3479 3869 op-

1904 3886 2193 3955 primendo
2259 3890 2532 3957 egregiam
2610 3899 2863 3944 navasset
2933 3904 3203 3958 operam,
3288 3906 3475 3961 postea

1906 3974 2058 4028 illum
2090 3975 2310 4029 minime
2336 3976 2571 4031 amicum
2600 3977 2704 4031 sibi
2750 3994 2870 4032 esse
2901 3982 3174 4047 cognovit.
3215 3980 3319 4051 57
3379 3984 3476 4037 llie

1904 4067 2051 4121 enim
2100 4067 2407 4121 Ceudebteo
2467 4068 2606 4123 duce
2666 4071 2856 4133 misso,
2906 4081 2960 4123 et
2993 4083 3190 4124 ttrram
3233 4073 3477 4127 Judaaut

231 4181 599 4249 ἀπαγόμενος,
640 4174 738 4245 τὴν
789 4171 1143 4242 Ἰερουσαλὴμ
1187 4168 1401 4219 είσιώνυ
1440 4169 1531 4218 καὶ⁵
1570 4167 1666 4237 τὴν
1708 4186 1787 4220 πα.

1908 4171 2141 4223 vastare,
2176 4170 2231 4213 et
2270 4159 2547 4213 Simonem
2574 4172 2789 4229 captum
2821 4162 2886 4214 ad
2912 4178 2967 4216 se
2990 4163 3262 4216 adducere
3287 4165 3472 4234 jussit.

230 4274 417 4344 τρῴαν
458 4267 870 4339 ἀρχιερωσύνην
909 4264 1227 4332 δεξάμενος,
1278 4259 1397 4327 Θεῷ
1428 4276 1485 4310 τε
1514 4261 1685 4323 θύσας
1739 4262 1806 4311 τά

234 4364 589 4438 χαριστήρια,
635 4358 796 4426 τάχος
833 4357 958 4408 ὅσον
990 4356 1081 4407 ἐπὶ
1125 4358 1216 4405 τὸν
1265 4352 1593 4421 Πτολεμαῖον
1620 4351 1801 4419 ὥρμα,

231 4457 568 4527 τιμωρήσων
605 4453 671 4519 τῇ
707 4448 876 4518 μητρὶ
908 4448 1001 4498 καὶ
1033 4448 1143 4507 τοῖς
1173 4445 1436 4512 ἀδελφοῖς.
1485 4442 1623 4495 Ἃλλ⁹
1662 4444 1805 4495 ἐκεί-

1909 4250 2165 4303 Sedenim
2210 4250 2397 4303 Sinon
2448 4250 2806 4306 Condebazum
2849 4269 2971 4305 cum
3028 4255 3274 4309 exerti.u
3310 4257 3478 4324 pluri-

1908 4356 2119 4392 morum
2160 4338 2389 4391 millium
2438 4339 2844 4402 advenientem,
2901 4342 3092 4407 pra-lio
3132 4359 3185 4394 et
3218 4343 3476 4399 Conflictu

1909 4430 2054 4481 omni
2085 4428 2381 4483 fortissime
2405 4430 2593 4493 vincit,
2644 4432 3049 4499 popularesque
3085 4446 3216 4484 suos
3252 4447 3280 4483 a
3319 4434 3368 4485 vi
3424 4443 3482 4489 et

232 4566 359 4609 νους
399 4549 519 4617 μὲν,
553 4546 889 4613 ἀμυνόμενος
924 4540 1014 4591 τὸν
1054 4538 1343 4607 Ὑρκανὸν,
1375 4536 1580 4587 ἔκτεινε
1617 4536 1787 4586 limis

1914 4522 2117 4589 impetu
2155 4520 2509 4573 Macedonum
2547 4520 2746 4573 liberat
2785 4521 2922 4589 (Η),
2973 4531 3095 4589 post
3144 4539 3317 4576 annos
3348 4539 3481 4578 (ren-

239 4642 401 4713 μαῖος
426 4654 441 4669 ’
474 4638 501 4689 ὁ
529 4636 575 4689 δ’
609 4631 675 4689 αὖ
706 4650 769 4701 γε
801 4634 920 4695 νέος
963 4628 1229 4698 ⁹Λντίοχος
1256 4630 1373 4681 κατ’
1408 4626 1571 4698 ὀργὴν
1606 4619 1679 4677 ὧν
1706 4623 1807 4713 ὑπὸ

235 4711 482 4800 Σίμωνος
522 4725 760 4779 πέπονθε
795 4721 887 4775 τοῦ
923 4721 1129 4788 πατρὸς
1185 4716 1477 4788 Ὑρκανοῦ,
1512 4715 1653 4766 κατά
1699 4711 1807 4764 τῶν

247 4816 649 4891 Ἱεροσολύμων
700 4811 854 4875 αὖθις
903 4810 1253 4879 ἐστράτευεν.
1302 4805 1563 4875 Ὑρκανὸς
1612 4802 1667 4855 δὲ
1716 4802 1806 4854 τὸν

236 4910 471 4966 Δαυΐδου
503 4909 671 4975 τάφον
729 4902 964 4968 ἀνοίξας,
999 4898 1328 4970 τριακοσίων
1365 4896 1643 4950 ταλάντων
1686 4895 1808 4945 ἔλυε

234 5006 339 5073 τὴν
378 5001 709 5070 πολιορκίαν.
753 4996 841 5057 Ἐς
874 4992 1100 5063 ὕστερον
1125 4988 1659 5055 δ’ἐνευπραγήσαντι
1713 4983 1804 5035 καὶ

238 5096 445 5163 πολλὴν
506 5088 922 5159 περιδαλομένῳ
973 5083 1180 5154 χώραν,
1238 5076 1653 5147 Ἀριστοῦούλου
1713 5075 1807 5126 καὶ

237 5187 552 5251 Ἀντιγόνου
582 5184 685 5234 τῶν
711 5165 857 5233 ἰδίων
873 5177 1078 5229 παίδων
1094 5168 1612 5242 συστρατηγούντων
1636 5165 1808 5235 αύτῷ,

238 5281 435 5350 φθόνος
466 5278 594 5345 πρὶς
630 5274 735 5324 τῶν
762 5269 1067 5339 ἐπιχωρίων
1093 5266 1368 5334 ἐγείρεται
1401 5262 1654 5350 μέγιστος
1681 5271 1696 5288 ο
1728 5258 1808 5319 είς

239 5348 521 5439 τρνῦπτον
540 5365 582 5419 δ’
605 5363 1013 5433 ἐκριπισθέντες
1038 5360 1229 5428 ἐκείνῳ
1250 5354 1505 5423 πόλεμον,
1526 5348 1805 5418 ἥττηνται.

316 5551 395 5618 (i)
440 5548 534 5601 llic
563 5545 848 5599 Malathias
882 5543 935 5596 in
965 5541 1107 5595 libro
1135 5539 1381 5594 Machab.
1411 5536 1633 5593 dicitur.

317 5624 395 5687 εἳ)
437 5620 457 5673 ι
492 5619 729 5673 Μδιτῐιιιῠ,
770 5630 876 5687 \_m.

316 5683 395 5748 κεί
440 5696 535 5738 λοι
549 5688 735 5740 iochus
779 5683 1038 5755 Eupator.

320 5766 397 5817 ιιι
434 5760 730 5810 Antiochus
759 5756 937 5810 Sator.

318 5823 400 5899 {5)
445 5830 733 5898 Tryphon,
771 5824 1052 5879 interfecto
1100 5821 1367 5876 Antiocho
1392 5863 1404 5885 ,
1455 5833 1678 5887 regnum
1712 5816 1812 5883 Sy-

1914 4623 2028 4667 tum
2058 4614 2437 4682 septuaginta,
2493 4623 2545 4665 et
2580 4612 2819 4681 pontifex
2878 4622 3118 4666 creatur.
3175 4615 3279 4667 Sed
3324 4615 3478 4667 brevi

1912 4717 2097 4773 postea
2119 4714 2169 4757 tt
2201 4705 2313 4773 ipse
2351 4706 2542 4757 Simon
2569 4722 2595 4757 ιι
2643 4720 2847 4773 genero
2879 4704 3171 4757 PtoieIua-o
3203 4707 3254 4757 in
3287 4707 3479 4758 cemi-

1912 4796 2379 4850 \-ioiuterimitur.
2448 4796 2771 4850 Ptolemaeus
2808 4811 2939 4850 sane
2994 4812 3218 4849 uxorem
3262 4812 3483 4865 quoque

1909 4888 2045 4958 ejus,
2073 4898 2126 4941 et
2152 4887 2289 4939 duos
2342 4886 2505 4952 filios,
2542 4892 2592 4939 in
2630 4886 2844 4939 vincula
2879 4889 3134 4956 eonjicit:
3167 4898 3215 4940 et
3252 4903 3482 4955 percus-

1913 4994 2085 5045 sores,
2111 4982 2201 5049 qui
2233 4979 2496 5033 Joannem
2527 4980 2749 5033 tertium
2794 4979 2963 5032 filium
3001 4989 3139 5046 {erat
3189 4980 3317 5035 huic
3344 4997 3484 5049 quo-

1915 5087 2022 5141 que
2050 5069 2282 5139 Hyrcani
2331 5072 2553 5140 nomen)
2602 5083 2881 5137 necarent,
2934 5073 3196 5140 disponit.
3238 5072 3341 5127 Sed
3391 5076 3478 5127 ille

1915 5163 2286 5234 Hierosolyma
2325 5164 2660 5235 profugiens,
2707 5175 2944 5221 structas
2982 5166 3087 5219 sibi
3131 5166 3293 5220 caulis
3343 5165 3479 5218 iusi-

1913 5256 2034 5311 dias
2056 5254 2277 5323 eﬂugit:
2306 5264 2362 5308 et
2395 5263 2623 5324 paterno
2660 5270 2756 5325 per
2805 5257 3210 5311 successionem
3262 5256 3483 5323 pontili~

1915 5358 2039 5402 catu
2072 5355 2317 5415 accepto,
2348 5346 2646 5417 gratiisque
2705 5362 2799 5415 per
2834 5347 3098 5401 sacrificia
3134 5347 3242 5400 Deo
3295 5346 3431 5399 actis
3465 5388 3479 5408 ,

1917 5532 2009 5585 riae
2038 5530 2332 5583 invaserat.
2367 5526 2585 5589 (.‘ustiu.
2616 5527 2652 5581 l.
2689 5527 2895 5598 xxxvr.)

1988 5601 2060 5668 (6)
2087 5600 2310 5664 Joseph.
2343 5600 2436 5652 lib.
2469 5613 2580 5661 xm,
2612 5614 2726 5667 cap.
2768 5599 2849 5650 il.

1989 5665 2065 5741 (7)
2116 5671 2189 5724 Ex
2223 5684 2329 5741 quo
2363 5669 2567 5722 scilicet
2607 5665 2689 5720 illi
2727 5667 2867 5735 apud
2921 5665 3200 5737 .Egyptios
3256 5681 3479 5737 regnare

1917 5750 2199 5811 ca‘perunt
2225 5750 2280 5793 et
2305 5740 2491 5809 Syros.
