  <div class='ocr_page' id='page_1' title='image "/cluster/home/n/w/nwhite01/storage/ocr_20150623/145/nnc1.0046980679/350.png"; bbox 0 0 4212 6430; ppageno 0'>
   <div class='ocr_carea' id='block_1_1' title="bbox 176 413 287 484">
    <p class='ocr_par' dir='ltr' id='par_1_1' title="bbox 176 413 287 484">
     <span class='ocr_line' id='line_1_1' title="bbox 176 413 287 484; baseline -0.036 0"><span class='ocrx_word' id='word_1_1' title='bbox 176 413 287 484; x_wconf 72' lang='grc'><strong>649</strong></span> 
     </span>
    </p>
   </div>
   <div class='ocr_carea' id='block_1_2' title="bbox 1133 409 2441 478">
    <p class='ocr_par' dir='ltr' id='par_1_2' title="bbox 1133 409 2441 478">
     <span class='ocr_line' id='line_1_2' title="bbox 1133 409 2441 478; baseline -0.004 -5"><span class='ocrx_word' id='word_1_2' title='bbox 1133 411 1732 478; x_wconf 63' lang='lat' dir='ltr'><strong>ECCLESIASTICE</strong></span> <span class='ocrx_word' id='word_1_3' title='bbox 1775 409 2158 469; x_wconf 70' lang='lat' dir='ltr'><strong>l-llSTORHZ</strong></span> <span class='ocrx_word' id='word_1_4' title='bbox 2201 411 2344 468; x_wconf 84' lang='lat' dir='ltr'><strong>LIB.</strong></span> <span class='ocrx_word' id='word_1_5' title='bbox 2395 411 2441 469; x_wconf 85' lang='lat' dir='ltr'><strong>l.</strong></span> 
     </span>
    </p>
   </div>
   <div class='ocr_carea' id='block_1_3' title="bbox 3301 412 3408 477">
    <p class='ocr_par' dir='ltr' id='par_1_3' title="bbox 3301 412 3408 477">
     <span class='ocr_line' id='line_1_3' title="bbox 3301 412 3408 477; baseline 0.028 -3"><span class='ocrx_word' id='word_1_6' title='bbox 3301 412 3408 477; x_wconf 75' lang='lat'><strong>650</strong></span> 
     </span>
    </p>
   </div>
   <div class='ocr_carea' id='block_1_4' title="bbox 179 520 1842 599">
    <p class='ocr_par' dir='ltr' id='par_1_4' title="bbox 179 523 1817 599">
     <span class='ocr_line' id='line_1_4' title="bbox 179 523 1817 599; baseline -0.004 -17"><span class='ocrx_word' id='word_1_7' title='bbox 179 529 367 599; x_wconf 68' lang='grc' dir='ltr'><strong>φόρως</strong></span> <span class='ocrx_word' id='word_1_8' title='bbox 401 528 549 599; x_wconf 79' lang='grc' dir='ltr'><strong>μάχῃ</strong></span> <span class='ocrx_word' id='word_1_9' title='bbox 589 527 918 596; x_wconf 73' lang='grc' dir='ltr'><strong>προσϐαλὼν</strong></span> <span class='ocrx_word' id='word_1_10' title='bbox 959 527 1271 595; x_wconf 80' lang='grc' dir='ltr'><strong>Ἀντιγόνῳ,</strong></span> <span class='ocrx_word' id='word_1_11' title='bbox 1311 524 1623 586; x_wconf 78' lang='grc' dir='ltr'><strong>πλειστάκις</strong></span> <span class='ocrx_word' id='word_1_12' title='bbox 1652 523 1746 576; x_wconf 80' lang='grc' dir='ltr'><strong>κα)⁸</strong></span> <span class='ocrx_word' id='word_1_13' title='bbox 1778 525 1817 580; x_wconf 81' lang='grc' dir='ltr'><strong>Δ</strong></span> 
     </span>
    </p>
   </div>
   <div class='ocr_carea' id='block_1_5' title="bbox 1745 520 3408 599">
    <p class='ocr_par' dir='ltr' id='par_1_5' title="bbox 1745 520 3408 593">
     <span class='ocr_line' id='line_1_5' title="bbox 1745 520 3408 593; baseline 0.005 -22"><span class='ocrx_word' id='word_1_14' title='bbox 1745 525 1817 580; x_wconf 48' lang='grc' dir='ltr'><strong>ηΛ</strong></span> <span class='ocrx_word' id='word_1_15' title='bbox 1851 523 2108 576; x_wconf 87' lang='lat' dir='ltr'><strong>tirentur.</strong></span> <span class='ocrx_word' id='word_1_16' title='bbox 2167 520 2413 575; x_wconf 85' lang='lat' dir='ltr'><strong>llerodes</strong></span> <span class='ocrx_word' id='word_1_17' title='bbox 2471 536 2635 588; x_wconf 88' lang='lat' dir='ltr'><strong>porro</strong></span> <span class='ocrx_word' id='word_1_18' title='bbox 2690 522 2793 577; x_wconf 84' lang='lat' dir='ltr'><strong>sibi</strong></span> <span class='ocrx_word' id='word_1_19' title='bbox 2846 534 3136 586; x_wconf 83' lang='lat' dir='ltr'><strong>metuens,-</strong></span> <span class='ocrx_word' id='word_1_20' title='bbox 3174 529 3408 593; x_wconf 81' lang='lat' dir='ltr'><strong>pecunia</strong></span> 
     </span>
    </p>
   </div>
   <div class='ocr_carea' id='block_1_6' title="bbox 179 616 1748 690">
    <p class='ocr_par' dir='ltr' id='par_1_6' title="bbox 179 616 1748 690">
     <span class='ocr_line' id='line_1_6' title="bbox 179 616 1748 690; baseline -0.004 -19"><span class='ocrx_word' id='word_1_21' title='bbox 179 621 546 690; x_wconf 74' lang='grc' dir='ltr'><strong>ἀποκρούεται</strong></span> <span class='ocrx_word' id='word_1_22' title='bbox 563 637 576 650; x_wconf 87' lang='grc'><strong>·</strong></span> <span class='ocrx_word' id='word_1_23' title='bbox 605 620 894 690; x_wconf 77' lang='grc' dir='ltr'><strong>ἐσύστερον</strong></span> <span class='ocrx_word' id='word_1_24' title='bbox 917 618 974 672; x_wconf 70' lang='grc' dir='ltr'><strong>δὲ</strong></span> <span class='ocrx_word' id='word_1_25' title='bbox 994 619 1214 672; x_wconf 82' lang='grc' dir='ltr'><strong>Σόσσιον</strong></span> <span class='ocrx_word' id='word_1_26' title='bbox 1234 617 1552 686; x_wconf 68' lang='grc' dir='ltr'><strong>ἐπαγαγὼν,</strong></span> <span class='ocrx_word' id='word_1_27' title='bbox 1573 616 1748 685; x_wconf 81' lang='grc' dir='ltr'><strong>φδνων</strong></span> 
     </span>
    </p>
   </div>
   <div class='ocr_carea' id='block_1_7' title="bbox 180 707 1749 782">
    <p class='ocr_par' dir='ltr' id='par_1_7' title="bbox 180 707 1749 782">
     <span class='ocr_line' id='line_1_7' title="bbox 180 707 1749 782; baseline -0.003 -18"><span class='ocrx_word' id='word_1_28' title='bbox 180 713 565 782; x_wconf 70' lang='grc' dir='ltr'><strong>γεγενημένων</strong></span> <span class='ocrx_word' id='word_1_29' title='bbox 598 712 829 777; x_wconf 79' lang='grc' dir='ltr'><strong>πολλῶν,</strong></span> <span class='ocrx_word' id='word_1_30' title='bbox 884 712 1230 780; x_wconf 81' lang='grc' dir='ltr'><strong>κατακράτος</strong></span> <span class='ocrx_word' id='word_1_31' title='bbox 1268 707 1414 762; x_wconf 75' lang='grc' dir='ltr'><strong>εἶλεν</strong></span> <span class='ocrx_word' id='word_1_32' title='bbox 1455 708 1749 776; x_wconf 71' lang='grc' dir='ltr'><strong>Ἰεροσόλυ-</strong></span> 
     </span>
    </p>
   </div>
   <div class='ocr_carea' id='block_1_8' title="bbox 186 800 1747 873">
    <p class='ocr_par' dir='ltr' id='par_1_8' title="bbox 186 800 1747 873">
     <span class='ocr_line' id='line_1_8' title="bbox 186 800 1747 873; baseline 0.005 -19"><span class='ocrx_word' id='word_1_33' title='bbox 186 823 284 870; x_wconf 83' lang='grc' dir='ltr'><strong>μα.</strong></span> <span class='ocrx_word' id='word_1_34' title='bbox 321 805 527 857; x_wconf 77' lang='grc' dir='ltr'><strong>’Δσυλα</strong></span> <span class='ocrx_word' id='word_1_35' title='bbox 543 804 601 858; x_wconf 76' lang='grc' dir='ltr'><strong>δὲ</strong></span> <span class='ocrx_word' id='word_1_36' title='bbox 627 807 695 858; x_wconf 87' lang='grc' dir='ltr'><strong>τά</strong></span> <span class='ocrx_word' id='word_1_37' title='bbox 731 800 864 873; x_wconf 79' lang='grc' dir='ltr'><strong>περ).</strong></span> <span class='ocrx_word' id='word_1_38' title='bbox 894 804 954 855; x_wconf 81' lang='grc' dir='ltr'><strong>τὸ</strong></span> <span class='ocrx_word' id='word_1_39' title='bbox 982 804 1125 873; x_wconf 77' lang='grc' dir='ltr'><strong>ίερὺν</strong></span> <span class='ocrx_word' id='word_1_40' title='bbox 1148 805 1175 856; x_wconf 85' lang='grc' dir='ltr'><strong>ό</strong></span> <span class='ocrx_word' id='word_1_41' title='bbox 1208 802 1457 872; x_wconf 78' lang='grc' dir='ltr'><strong>Ἡρώδης</strong></span> <span class='ocrx_word' id='word_1_42' title='bbox 1484 801 1747 869; x_wconf 74' lang='grc' dir='ltr'><strong>φυλάξας.</strong></span> 
     </span>
    </p>
   </div>
   <div class='ocr_carea' id='block_1_9' title="bbox 183 894 1751 963">
    <p class='ocr_par' dir='ltr' id='par_1_9' title="bbox 183 894 1751 963">
     <span class='ocr_line' id='line_1_9' title="bbox 183 894 1751 963; baseline -0.001 -17"><span class='ocrx_word' id='word_1_43' title='bbox 183 895 409 962; x_wconf 71' lang='grc' dir='ltr'><strong>δέσμιον</strong></span> <span class='ocrx_word' id='word_1_44' title='bbox 457 895 640 948; x_wconf 81' lang='grc' dir='ltr'><strong>λαόὼν</strong></span> <span class='ocrx_word' id='word_1_45' title='bbox 693 896 786 948; x_wconf 75' lang='grc' dir='ltr'><strong>τδν</strong></span> <span class='ocrx_word' id='word_1_46' title='bbox 836 895 1166 962; x_wconf 84' lang='grc' dir='ltr'><strong>Ἀντίγονον,</strong></span> <span class='ocrx_word' id='word_1_47' title='bbox 1201 894 1404 963; x_wconf 83' lang='grc' dir='ltr'><strong>Σοσσίῳ</strong></span> <span class='ocrx_word' id='word_1_48' title='bbox 1435 894 1650 946; x_wconf 88' lang='grc' dir='ltr'><strong>δίδωσιν</strong></span> <span class='ocrx_word' id='word_1_49' title='bbox 1675 910 1686 923; x_wconf 91' lang='grc'><strong>·</strong></span> <span class='ocrx_word' id='word_1_50' title='bbox 1723 894 1751 944; x_wconf 87' lang='grc' dir='ltr'><strong>ό</strong></span> 
     </span>
    </p>
   </div>
   <div class='ocr_carea' id='block_1_10' title="bbox 183 982 1752 1054">
    <p class='ocr_par' dir='ltr' id='par_1_10' title="bbox 183 982 1752 1054">
     <span class='ocr_line' id='line_1_10' title="bbox 183 982 1752 1054; baseline -0.001 -20"><span class='ocrx_word' id='word_1_51' title='bbox 183 985 242 1034; x_wconf 76' lang='grc' dir='ltr'><strong>δὲ</strong></span> <span class='ocrx_word' id='word_1_52' title='bbox 275 985 415 1052; x_wconf 60' lang='grc' dir='ltr'><strong>πρὶς</strong></span> <span class='ocrx_word' id='word_1_53' title='bbox 451 982 736 1037; x_wconf 78' lang='grc' dir='ltr'><strong>’Λντώνιον</strong></span> <span class='ocrx_word' id='word_1_54' title='bbox 770 984 931 1043; x_wconf 78' lang='grc' dir='ltr'><strong>εὐθὺς</strong></span> <span class='ocrx_word' id='word_1_55' title='bbox 964 986 1111 1046; x_wconf 77' lang='grc' dir='ltr'><strong>ἄγει.</strong></span> <span class='ocrx_word' id='word_1_56' title='bbox 1155 985 1398 1054; x_wconf 72' lang='grc' dir='ltr'><strong>Ἡρώδης</strong></span> <span class='ocrx_word' id='word_1_57' title='bbox 1424 985 1480 1037; x_wconf 74' lang='grc' dir='ltr'><strong>δὲ</strong></span> <span class='ocrx_word' id='word_1_58' title='bbox 1516 983 1617 1052; x_wconf 77' lang='grc' dir='ltr'><strong>μὴν</strong></span> <span class='ocrx_word' id='word_1_59' title='bbox 1644 983 1752 1034; x_wconf 84' lang='grc' dir='ltr'><strong>δεί-</strong></span> 
     </span>
    </p>
   </div>
   <div class='ocr_carea' id='block_1_11' title="bbox 188 1071 1754 1141">
    <p class='ocr_par' dir='ltr' id='par_1_11' title="bbox 188 1071 1754 1141">
     <span class='ocr_line' id='line_1_11' title="bbox 188 1071 1754 1141; baseline 0 -18"><span class='ocrx_word' id='word_1_60' title='bbox 188 1089 286 1134; x_wconf 86' lang='grc' dir='ltr'><strong>σας</strong></span> <span class='ocrx_word' id='word_1_61' title='bbox 319 1071 418 1141; x_wconf 81' lang='grc' dir='ltr'><strong>τὴν</strong></span> <span class='ocrx_word' id='word_1_62' title='bbox 447 1072 866 1140; x_wconf 83' lang='grc' dir='ltr'><strong>τοῦ’Δντιγόνου</strong></span> <span class='ocrx_word' id='word_1_63' title='bbox 891 1073 1191 1140; x_wconf 80' lang='grc' dir='ltr'><strong>εὐγένειαν,</strong></span> <span class='ocrx_word' id='word_1_64' title='bbox 1217 1075 1411 1141; x_wconf 86' lang='grc' dir='ltr'><strong>μήπως</strong></span> <span class='ocrx_word' id='word_1_65' title='bbox 1441 1072 1754 1141; x_wconf 87' lang='grc' dir='ltr'><strong>εἰςῬώμην</strong></span> 
     </span>
    </p>
   </div>
   <div class='ocr_carea' id='block_1_12' title="bbox 184 1165 1753 1236">
    <p class='ocr_par' dir='ltr' id='par_1_12' title="bbox 184 1165 1753 1236">
     <span class='ocr_line' id='line_1_12' title="bbox 184 1165 1753 1236; baseline 0.004 -23"><span class='ocrx_word' id='word_1_66' title='bbox 184 1165 497 1229; x_wconf 76' lang='grc' dir='ltr'><strong>διαδάντος,</strong></span> <span class='ocrx_word' id='word_1_67' title='bbox 564 1169 660 1220; x_wconf 80' lang='grc' dir='ltr'><strong>καὶ</strong></span> <span class='ocrx_word' id='word_1_68' title='bbox 704 1167 774 1219; x_wconf 73' lang='grc' dir='ltr'><strong>τὰ</strong></span> <span class='ocrx_word' id='word_1_69' title='bbox 809 1167 1049 1236; x_wconf 72' lang='grc' dir='ltr'><strong>σφέτερα</strong></span> <span class='ocrx_word' id='word_1_70' title='bbox 1106 1166 1291 1218; x_wconf 82' lang='grc' dir='ltr'><strong>δίκαια</strong></span> <span class='ocrx_word' id='word_1_71' title='bbox 1344 1169 1410 1235; x_wconf 79' lang='grc' dir='ltr'><strong>τῇ</strong></span> <span class='ocrx_word' id='word_1_72' title='bbox 1461 1166 1753 1234; x_wconf 73' lang='grc' dir='ltr'><strong>συγκλήτῳ</strong></span> 
     </span>
    </p>
   </div>
   <div class='ocr_carea' id='block_1_13' title="bbox 190 1256 1757 1328">
    <p class='ocr_par' dir='ltr' id='par_1_13' title="bbox 190 1256 1757 1328">
     <span class='ocr_line' id='line_1_13' title="bbox 190 1256 1757 1328; baseline 0.002 -21"><span class='ocrx_word' id='word_1_73' title='bbox 190 1256 631 1325; x_wconf 76' lang='grc' dir='ltr'><strong>προδαλομένου,</strong></span> <span class='ocrx_word' id='word_1_74' title='bbox 674 1259 933 1327; x_wconf 81' lang='grc' dir='ltr'><strong>Ῥωμαῖοι</strong></span> <span class='ocrx_word' id='word_1_75' title='bbox 959 1259 1056 1328; x_wconf 83' lang='grc' dir='ltr'><strong>μὲν</strong></span> <span class='ocrx_word' id='word_1_76' title='bbox 1083 1259 1286 1310; x_wconf 76' lang='grc' dir='ltr'><strong>ἐκεῖνον</strong></span> <span class='ocrx_word' id='word_1_77' title='bbox 1318 1258 1392 1319; x_wconf 89' lang='grc' dir='ltr'><strong>ώς</strong></span> <span class='ocrx_word' id='word_1_78' title='bbox 1427 1258 1640 1325; x_wconf 80' lang='grc' dir='ltr'><strong>ἰδιώτην</strong></span> <span class='ocrx_word' id='word_1_79' title='bbox 1661 1259 1757 1310; x_wconf 76' lang='grc' dir='ltr'><strong>καὶ</strong></span> 
     </span>
    </p>
   </div>
   <div class='ocr_carea' id='block_1_14' title="bbox 185 1346 1754 1416">
    <p class='ocr_par' dir='ltr' id='par_1_14' title="bbox 185 1346 1754 1416">
     <span class='ocr_line' id='line_1_14' title="bbox 185 1346 1754 1416; baseline 0 -18"><span class='ocrx_word' id='word_1_80' title='bbox 185 1346 490 1413; x_wconf 72' lang='grc' dir='ltr'><strong>ἀλλόφυλον</strong></span> <span class='ocrx_word' id='word_1_81' title='bbox 550 1348 970 1412; x_wconf 79' lang='grc' dir='ltr'><strong>ἁποσείσωνται,</strong></span> <span class='ocrx_word' id='word_1_82' title='bbox 1024 1348 1174 1416; x_wconf 87' lang='grc' dir='ltr'><strong>αύτῷ</strong></span> <span class='ocrx_word' id='word_1_83' title='bbox 1212 1348 1267 1400; x_wconf 82' lang='grc' dir='ltr'><strong>δὲ</strong></span> <span class='ocrx_word' id='word_1_84' title='bbox 1314 1349 1345 1416; x_wconf 81' lang='grc' dir='ltr'><strong>ἢ</strong></span> <span class='ocrx_word' id='word_1_85' title='bbox 1404 1351 1514 1408; x_wconf 79' lang='grc' dir='ltr'><strong>τοῖς</strong></span> <span class='ocrx_word' id='word_1_86' title='bbox 1549 1347 1754 1399; x_wconf 76' lang='grc' dir='ltr'><strong>ἐκείνου</strong></span> 
     </span>
    </p>
   </div>
   <div class='ocr_carea' id='block_1_15' title="bbox 188 1439 1760 1511">
    <p class='ocr_par' dir='ltr' id='par_1_15' title="bbox 188 1439 1760 1511">
     <span class='ocr_line' id='line_1_15' title="bbox 188 1439 1760 1511; baseline 0 -21"><span class='ocrx_word' id='word_1_87' title='bbox 188 1440 352 1492; x_wconf 77' lang='grc' dir='ltr'><strong>παισὶ</strong></span> <span class='ocrx_word' id='word_1_88' title='bbox 398 1440 498 1507; x_wconf 79' lang='grc' dir='ltr'><strong>τὴν</strong></span> <span class='ocrx_word' id='word_1_89' title='bbox 551 1441 828 1509; x_wconf 85' lang='grc' dir='ltr'><strong>βασιλείαν</strong></span> <span class='ocrx_word' id='word_1_90' title='bbox 869 1442 1366 1511; x_wconf 80' lang='grc' dir='ltr'><strong>περιποιήσωνται,</strong></span> <span class='ocrx_word' id='word_1_91' title='bbox 1418 1439 1593 1491; x_wconf 84' lang='grc' dir='ltr'><strong>πείθει</strong></span> <span class='ocrx_word' id='word_1_92' title='bbox 1623 1439 1760 1507; x_wconf 67' lang='grc' dir='ltr'><strong>χρήε-</strong></span> 
     </span>
    </p>
   </div>
   <div class='ocr_carea' id='block_1_16' title="bbox 191 1531 1758 1602">
    <p class='ocr_par' dir='ltr' id='par_1_16' title="bbox 191 1531 1758 1602">
     <span class='ocr_line' id='line_1_16' title="bbox 191 1531 1758 1602; baseline -0.001 -18"><span class='ocrx_word' id='word_1_93' title='bbox 191 1551 328 1600; x_wconf 85' lang='grc' dir='ltr'><strong>μασι</strong></span> <span class='ocrx_word' id='word_1_94' title='bbox 362 1533 454 1584; x_wconf 75' lang='grc' dir='ltr'><strong>τὸν</strong></span> <span class='ocrx_word' id='word_1_95' title='bbox 489 1534 772 1586; x_wconf 77' lang='grc' dir='ltr'><strong>’Λντώνιον</strong></span> <span class='ocrx_word' id='word_1_96' title='bbox 799 1532 1157 1602; x_wconf 76' lang='grc' dir='ltr'><strong>ύποφθείρας,</strong></span> <span class='ocrx_word' id='word_1_97' title='bbox 1189 1531 1630 1600; x_wconf 72' lang='grc' dir='ltr'><strong>διαχειρίσασθαι</strong></span> <span class='ocrx_word' id='word_1_98' title='bbox 1667 1531 1758 1582; x_wconf 82' lang='grc' dir='ltr'><strong>τὸν</strong></span> 
     </span>
    </p>
   </div>
   <div class='ocr_carea' id='block_1_17' title="bbox 201 1623 1756 1694">
    <p class='ocr_par' dir='ltr' id='par_1_17' title="bbox 201 1623 1756 1694">
     <span class='ocr_line' id='line_1_17' title="bbox 201 1623 1756 1694; baseline -0.003 -16"><span class='ocrx_word' id='word_1_99' title='bbox 201 1627 526 1693; x_wconf 81' lang='grc' dir='ltr'><strong>Ἀντίγονον.</strong></span> <span class='ocrx_word' id='word_1_100' title='bbox 585 1627 693 1679; x_wconf 70' lang='grc' dir='ltr'><strong>Καὶ</strong></span> <span class='ocrx_word' id='word_1_101' title='bbox 752 1628 778 1677; x_wconf 85' lang='grc' dir='ltr'>ὁ</span> <span class='ocrx_word' id='word_1_102' title='bbox 836 1626 941 1694; x_wconf 74' lang='grc' dir='ltr'><strong>μὲν</strong></span> <span class='ocrx_word' id='word_1_103' title='bbox 985 1626 1146 1687; x_wconf 76' lang='grc' dir='ltr'><strong>εὐθὺς</strong></span> <span class='ocrx_word' id='word_1_104' title='bbox 1198 1623 1414 1678; x_wconf 80' lang='grc' dir='ltr'><strong>πελέκει</strong></span> <span class='ocrx_word' id='word_1_105' title='bbox 1481 1624 1756 1693; x_wconf 60' lang='grc' dir='ltr'><strong>ἀνῄρητω</strong></span> 
     </span>
    </p>
   </div>
   <div class='ocr_carea' id='block_1_18' title="bbox 205 1714 1758 1786">
    <p class='ocr_par' dir='ltr' id='par_1_18' title="bbox 205 1714 1758 1786">
     <span class='ocr_line' id='line_1_18' title="bbox 205 1714 1758 1786; baseline -0.003 -17"><span class='ocrx_word' id='word_1_106' title='bbox 205 1718 477 1785; x_wconf 73' lang='grc' dir='ltr'><strong>Ὑρκανὸς</strong></span> <span class='ocrx_word' id='word_1_107' title='bbox 516 1719 569 1770; x_wconf 76' lang='grc' dir='ltr'><strong>δὲ</strong></span> <span class='ocrx_word' id='word_1_108' title='bbox 628 1718 723 1770; x_wconf 77' lang='grc' dir='ltr'><strong>καὶ</strong></span> <span class='ocrx_word' id='word_1_109' title='bbox 772 1718 932 1777; x_wconf 74' lang='grc' dir='ltr'><strong>αὐτὸς</strong></span> <span class='ocrx_word' id='word_1_110' title='bbox 984 1719 1117 1786; x_wconf 76' lang='grc' dir='ltr'><strong>πρὸς</strong></span> <span class='ocrx_word' id='word_1_111' title='bbox 1172 1716 1404 1783; x_wconf 78' lang='grc' dir='ltr'><strong>Πάρθων</strong></span> <span class='ocrx_word' id='word_1_112' title='bbox 1448 1714 1758 1780; x_wconf 75' lang='grc' dir='ltr'><strong>ἀπολυθεὶς,</strong></span> 
     </span>
    </p>
   </div>
   <div class='ocr_carea' id='block_1_19' title="bbox 203 1802 1761 1883">
    <p class='ocr_par' dir='ltr' id='par_1_19' title="bbox 203 1802 1761 1883">
     <span class='ocr_line' id='line_1_19' title="bbox 203 1802 1761 1883; baseline -0.003 -21"><span class='ocrx_word' id='word_1_113' title='bbox 203 1809 427 1883; x_wconf 71' lang='grc' dir='ltr'><strong>Ἡρώδῃ</strong></span> <span class='ocrx_word' id='word_1_114' title='bbox 455 1810 737 1878; x_wconf 80' lang='grc' dir='ltr'><strong>πρόσεισι·</strong></span> <span class='ocrx_word' id='word_1_115' title='bbox 781 1811 876 1862; x_wconf 80' lang='grc' dir='ltr'><strong>καὶ</strong></span> <span class='ocrx_word' id='word_1_116' title='bbox 910 1809 975 1862; x_wconf 81' lang='grc' dir='ltr'><strong>τὰ</strong></span> <span class='ocrx_word' id='word_1_117' title='bbox 1030 1807 1126 1878; x_wconf 82' lang='grc' dir='ltr'><strong>μὲν</strong></span> <span class='ocrx_word' id='word_1_118' title='bbox 1156 1808 1349 1875; x_wconf 80' lang='grc' dir='ltr'><strong>πρῶτα</strong></span> <span class='ocrx_word' id='word_1_119' title='bbox 1389 1808 1445 1858; x_wconf 80' lang='grc' dir='ltr'><strong>ὲν</strong></span> <span class='ocrx_word' id='word_1_120' title='bbox 1476 1809 1659 1874; x_wconf 84' lang='grc' dir='ltr'><strong>τιμαῖς</strong></span> <span class='ocrx_word' id='word_1_121' title='bbox 1697 1802 1761 1876; x_wconf 78' lang='grc' dir='ltr'><strong>ἦ·</strong></span> 
     </span>
    </p>
   </div>
   <div class='ocr_carea' id='block_1_20' title="bbox 192 1897 1760 1968">
    <p class='ocr_par' dir='ltr' id='par_1_20' title="bbox 192 1897 1760 1968">
     <span class='ocr_line' id='line_1_20' title="bbox 192 1897 1760 1968; baseline -0.003 -16"><span class='ocrx_word' id='word_1_122' title='bbox 192 1918 292 1968; x_wconf 89' lang='grc' dir='ltr'><strong>γεν</strong></span> <span class='ocrx_word' id='word_1_123' title='bbox 325 1901 489 1953; x_wconf 82' lang='grc' dir='ltr'><strong>αὐτόν</strong></span> <span class='ocrx_word' id='word_1_124' title='bbox 511 1915 524 1929; x_wconf 79' lang='grc'><strong><em>⁸</em></strong></span> <span class='ocrx_word' id='word_1_125' title='bbox 562 1899 804 1952; x_wconf 78' lang='grc' dir='ltr'><strong>ὕποπτον</strong></span> <span class='ocrx_word' id='word_1_126' title='bbox 834 1900 889 1952; x_wconf 84' lang='grc' dir='ltr'><strong>δὲ</strong></span> <span class='ocrx_word' id='word_1_127' title='bbox 925 1900 1212 1968; x_wconf 78' lang='grc' dir='ltr'><strong>γενόμενον</strong></span> <span class='ocrx_word' id='word_1_128' title='bbox 1249 1899 1474 1966; x_wconf 77' lang='grc' dir='ltr'><strong>ὕστερον</strong></span> <span class='ocrx_word' id='word_1_129' title='bbox 1501 1897 1760 1957; x_wconf 79' lang='grc' dir='ltr'><strong>ἔκτεινεν,</strong></span> 
     </span>
    </p>
   </div>
   <div class='ocr_carea' id='block_1_21' title="bbox 192 1990 1758 2061">
    <p class='ocr_par' dir='ltr' id='par_1_21' title="bbox 192 1990 1758 2061">
     <span class='ocr_line' id='line_1_21' title="bbox 192 1990 1758 2061; baseline -0.003 -16"><span class='ocrx_word' id='word_1_130' title='bbox 192 1997 269 2055; x_wconf 81' lang='grc' dir='ltr'><strong>ὡς</strong></span> <span class='ocrx_word' id='word_1_131' title='bbox 306 1997 401 2045; x_wconf 81' lang='grc' dir='ltr'><strong>καὶ</strong></span> <span class='ocrx_word' id='word_1_132' title='bbox 431 1993 517 2045; x_wconf 82' lang='grc' dir='ltr'><strong>τὸν</strong></span> <span class='ocrx_word' id='word_1_133' title='bbox 539 1993 763 2058; x_wconf 69' lang='grc' dir='ltr'><strong>ἀδελφὸν</strong></span> <span class='ocrx_word' id='word_1_134' title='bbox 787 1993 1128 2061; x_wconf 81' lang='grc' dir='ltr'><strong>Μαριάμμης</strong></span> <span class='ocrx_word' id='word_1_135' title='bbox 1155 1992 1254 2060; x_wconf 82' lang='grc' dir='ltr'><strong>τῆς</strong></span> <span class='ocrx_word' id='word_1_136' title='bbox 1284 1990 1447 2044; x_wconf 76' lang='grc' dir='ltr'><strong>αὐτοῦ</strong></span> <span class='ocrx_word' id='word_1_137' title='bbox 1474 1990 1758 2056; x_wconf 74' lang='grc' dir='ltr'><strong>γυναικός·</strong></span> 
     </span>
    </p>
   </div>
   <div class='ocr_carea' id='block_1_22' title="bbox 191 2075 1760 2152">
    <p class='ocr_par' dir='ltr' id='par_1_22' title="bbox 191 2075 1760 2152">
     <span class='ocr_line' id='line_1_22' title="bbox 191 2075 1760 2152; baseline -0.004 -20"><span class='ocrx_word' id='word_1_138' title='bbox 191 2082 252 2132; x_wconf 76' lang='grc' dir='ltr'><strong>ὃν</strong></span> <span class='ocrx_word' id='word_1_139' title='bbox 288 2084 384 2133; x_wconf 72' lang='grc' dir='ltr'><strong>καὶ</strong></span> <span class='ocrx_word' id='word_1_140' title='bbox 419 2081 675 2152; x_wconf 74' lang='grc' dir='ltr'><strong>ἀρχιερέα</strong></span> <span class='ocrx_word' id='word_1_141' title='bbox 703 2081 792 2132; x_wconf 75' lang='grc' dir='ltr'><strong>διὰ</strong></span> <span class='ocrx_word' id='word_1_142' title='bbox 817 2081 876 2130; x_wconf 71' lang='grc' dir='ltr'><strong>τὸ</strong></span> <span class='ocrx_word' id='word_1_143' title='bbox 900 2079 1062 2146; x_wconf 84' lang='grc' dir='ltr'><strong>κῆδος</strong></span> <span class='ocrx_word' id='word_1_144' title='bbox 1093 2078 1259 2148; x_wconf 80' lang='grc' dir='ltr'><strong>τέχνῃ</strong></span> <span class='ocrx_word' id='word_1_145' title='bbox 1281 2076 1343 2147; x_wconf 82' lang='grc' dir='ltr'><strong>δή</strong></span> <span class='ocrx_word' id='word_1_146' title='bbox 1369 2093 1472 2129; x_wconf 83' lang='grc' dir='ltr'><strong>τινι</strong></span> <span class='ocrx_word' id='word_1_147' title='bbox 1499 2075 1760 2138; x_wconf 85' lang='grc' dir='ltr'><strong>ἀνειπὼν,</strong></span> 
     </span>
    </p>
   </div>
   <div class='ocr_carea' id='block_1_23' title="bbox 196 2165 1760 2238">
    <p class='ocr_par' dir='ltr' id='par_1_23' title="bbox 196 2165 1760 2238">
     <span class='ocr_line' id='line_1_23' title="bbox 196 2165 1760 2238; baseline -0.003 -17"><span class='ocrx_word' id='word_1_148' title='bbox 196 2170 492 2238; x_wconf 75' lang='grc' dir='ltr'><strong>ἐσύστερον</strong></span> <span class='ocrx_word' id='word_1_149' title='bbox 521 2167 708 2237; x_wconf 69' lang='grc' dir='ltr'><strong>θέρους</strong></span> <span class='ocrx_word' id='word_1_150' title='bbox 733 2167 849 2235; x_wconf 82' lang='grc' dir='ltr'><strong>ὥρα</strong></span> <span class='ocrx_word' id='word_1_151' title='bbox 881 2166 1093 2235; x_wconf 87' lang='grc' dir='ltr'><strong>πτυέλῳ</strong></span> <span class='ocrx_word' id='word_1_152' title='bbox 1118 2167 1524 2235; x_wconf 80' lang='grc' dir='ltr'><strong>διανηχόμενον,</strong></span> <span class='ocrx_word' id='word_1_153' title='bbox 1566 2165 1760 2217; x_wconf 69' lang='grc' dir='ltr'><strong>ἐναπέ-</strong></span> 
     </span>
    </p>
   </div>
   <div class='ocr_carea' id='block_1_24' title="bbox 197 2257 1765 2328">
    <p class='ocr_par' dir='ltr' id='par_1_24' title="bbox 197 2257 1765 2328">
     <span class='ocr_line' id='line_1_24' title="bbox 197 2257 1765 2328; baseline -0.003 -16"><span class='ocrx_word' id='word_1_154' title='bbox 197 2262 377 2324; x_wconf 69' lang='grc' dir='ltr'><strong>πνιξε.</strong></span> <span class='ocrx_word' id='word_1_155' title='bbox 415 2261 618 2328; x_wconf 80' lang='grc' dir='ltr'><strong>Κύριος</strong></span> <span class='ocrx_word' id='word_1_156' title='bbox 654 2260 711 2313; x_wconf 78' lang='grc' dir='ltr'><strong>δὲ</strong></span> <span class='ocrx_word' id='word_1_157' title='bbox 747 2260 903 2328; x_wconf 76' lang='grc' dir='ltr'><strong>μόνος</strong></span> <span class='ocrx_word' id='word_1_158' title='bbox 950 2261 1046 2312; x_wconf 78' lang='grc' dir='ltr'><strong>καὶ</strong></span> <span class='ocrx_word' id='word_1_159' title='bbox 1085 2257 1338 2328; x_wconf 74' lang='grc' dir='ltr'><strong>βασιλεὺς</strong></span> <span class='ocrx_word' id='word_1_160' title='bbox 1393 2257 1553 2318; x_wconf 78' lang='grc' dir='ltr'><strong>αὐτὸς</strong></span> <span class='ocrx_word' id='word_1_161' title='bbox 1583 2259 1680 2324; x_wconf 79' lang='grc' dir='ltr'><strong>τῆς</strong></span> <span class='ocrx_word' id='word_1_162' title='bbox 1709 2257 1765 2309; x_wconf 80' lang='grc' dir='ltr'><strong>ὃ·</strong></span> 
     </span>
    </p>
   </div>
   <div class='ocr_carea' id='block_1_25' title="bbox 195 2347 1766 2420">
    <p class='ocr_par' dir='ltr' id='par_1_25' title="bbox 195 2347 1766 2420">
     <span class='ocr_line' id='line_1_25' title="bbox 195 2347 1766 2420; baseline -0.002 -17"><span class='ocrx_word' id='word_1_163' title='bbox 195 2355 296 2420; x_wconf 75' lang='grc' dir='ltr'><strong>λης</strong></span> <span class='ocrx_word' id='word_1_164' title='bbox 341 2353 606 2414; x_wconf 77' lang='grc' dir='ltr'><strong>Ἰουδαίας</strong></span> <span class='ocrx_word' id='word_1_165' title='bbox 667 2352 1022 2404; x_wconf 78' lang='grc' dir='ltr'><strong>καθίσταταιο</strong></span> <span class='ocrx_word' id='word_1_166' title='bbox 1084 2351 1275 2420; x_wconf 80' lang='grc' dir='ltr'><strong>πρῶτα</strong></span> <span class='ocrx_word' id='word_1_167' title='bbox 1348 2349 1448 2418; x_wconf 79' lang='grc' dir='ltr'><strong>μὲν</strong></span> <span class='ocrx_word' id='word_1_168' title='bbox 1479 2347 1766 2402; x_wconf 79' lang='grc' dir='ltr'><strong>’Δντωνίου</strong></span> 
     </span>
    </p>
   </div>
   <div class='ocr_carea' id='block_1_26' title="bbox 199 2439 1768 2512">
    <p class='ocr_par' dir='ltr' id='par_1_26' title="bbox 199 2439 1768 2512">
     <span class='ocr_line' id='line_1_26' title="bbox 199 2439 1768 2512; baseline -0.004 -14"><span class='ocrx_word' id='word_1_169' title='bbox 199 2445 558 2511; x_wconf 73' lang='grc' dir='ltr'><strong>κυρώσαντος</strong></span> <span class='ocrx_word' id='word_1_170' title='bbox 587 2444 738 2511; x_wconf 86' lang='grc' dir='ltr'><strong>αύτῴ</strong></span> <span class='ocrx_word' id='word_1_171' title='bbox 762 2443 859 2512; x_wconf 79' lang='grc' dir='ltr'><strong>τὴν</strong></span> <span class='ocrx_word' id='word_1_172' title='bbox 883 2443 1080 2512; x_wconf 81' lang='grc' dir='ltr'><strong>ἀρχήν.</strong></span> <span class='ocrx_word' id='word_1_173' title='bbox 1113 2442 1263 2494; x_wconf 76' lang='grc' dir='ltr'><strong>Ἐπεὶ</strong></span> <span class='ocrx_word' id='word_1_174' title='bbox 1281 2442 1324 2493; x_wconf 91' lang='grc' dir='ltr'><strong>δ’</strong></span> <span class='ocrx_word' id='word_1_175' title='bbox 1348 2443 1553 2502; x_wconf 78' lang='grc' dir='ltr'><strong>ἐκεῖνος</strong></span> <span class='ocrx_word' id='word_1_176' title='bbox 1577 2439 1653 2509; x_wconf 78' lang='grc' dir='ltr'><strong>τῷ</strong></span> <span class='ocrx_word' id='word_1_177' title='bbox 1673 2440 1768 2507; x_wconf 80' lang='grc' dir='ltr'><strong>τῆς</strong></span> 
     </span>
    </p>
   </div>
   <div class='ocr_carea' id='block_1_27' title="bbox 202 2531 1770 2606">
    <p class='ocr_par' dir='ltr' id='par_1_27' title="bbox 202 2531 1770 2606">
     <span class='ocr_line' id='line_1_27' title="bbox 202 2531 1770 2606; baseline -0.004 -16"><span class='ocrx_word' id='word_1_178' title='bbox 202 2538 568 2606; x_wconf 68' lang='grc' dir='ltr'><strong>Κλεοπατρας</strong></span> <span class='ocrx_word' id='word_1_179' title='bbox 614 2536 788 2605; x_wconf 78' lang='grc' dir='ltr'><strong>ἱμέρῳ</strong></span> <span class='ocrx_word' id='word_1_180' title='bbox 835 2535 1000 2596; x_wconf 80' lang='grc' dir='ltr'><strong>ἑάλω.</strong></span> <span class='ocrx_word' id='word_1_181' title='bbox 1051 2535 1146 2587; x_wconf 68' lang='grc' dir='ltr'><strong>καὶ</strong></span> <span class='ocrx_word' id='word_1_182' title='bbox 1191 2533 1402 2602; x_wconf 83' lang='grc' dir='ltr'><strong>Καῖσαρ</strong></span> <span class='ocrx_word' id='word_1_183' title='bbox 1461 2531 1770 2599; x_wconf 76' lang='grc' dir='ltr'><strong>Αὔγουστος</strong></span> 
     </span>
    </p>
   </div>
   <div class='ocr_carea' id='block_1_28' title="bbox 204 2621 1771 2700">
    <p class='ocr_par' dir='ltr' id='par_1_28' title="bbox 204 2621 1771 2700">
     <span class='ocr_line' id='line_1_28' title="bbox 204 2621 1771 2700; baseline -0.003 -20"><span class='ocrx_word' id='word_1_184' title='bbox 204 2632 338 2700; x_wconf 77' lang='grc' dir='ltr'><strong>περὶ</strong></span> <span class='ocrx_word' id='word_1_185' title='bbox 369 2631 430 2682; x_wconf 80' lang='grc' dir='ltr'><strong>τὸ</strong></span> <span class='ocrx_word' id='word_1_186' title='bbox 470 2632 690 2682; x_wconf 78' lang='grc' dir='ltr'><strong>’Δκτιον</strong></span> <span class='ocrx_word' id='word_1_187' title='bbox 729 2626 1022 2695; x_wconf 53' lang='grc' dir='ltr'><strong>συμϐαλὼν</strong></span> <span class='ocrx_word' id='word_1_188' title='bbox 1052 2626 1266 2696; x_wconf 75' lang='grc' dir='ltr'><strong>ἐκείνῳ,</strong></span> <span class='ocrx_word' id='word_1_189' title='bbox 1294 2625 1636 2692; x_wconf 80' lang='grc' dir='ltr'><strong>κατακράτος</strong></span> <span class='ocrx_word' id='word_1_190' title='bbox 1664 2621 1771 2676; x_wconf 72' lang='grc' dir='ltr'><strong>ἐνί-</strong></span> 
     </span>
    </p>
   </div>
   <div class='ocr_carea' id='block_1_29' title="bbox 207 2716 1773 2789">
    <p class='ocr_par' dir='ltr' id='par_1_29' title="bbox 207 2716 1773 2789">
     <span class='ocr_line' id='line_1_29' title="bbox 207 2716 1773 2789; baseline -0.004 -15"><span class='ocrx_word' id='word_1_191' title='bbox 207 2741 302 2784; x_wconf 84' lang='grc' dir='ltr'><strong>κα,</strong></span> <span class='ocrx_word' id='word_1_192' title='bbox 360 2721 456 2774; x_wconf 78' lang='grc' dir='ltr'><strong>καὶ</strong></span> <span class='ocrx_word' id='word_1_193' title='bbox 492 2721 582 2773; x_wconf 66' lang='grc' dir='ltr'><strong>ἐπὶ</strong></span> <span class='ocrx_word' id='word_1_194' title='bbox 628 2721 831 2789; x_wconf 85' lang='grc' dir='ltr'><strong>Συρίαν</strong></span> <span class='ocrx_word' id='word_1_195' title='bbox 878 2720 1182 2784; x_wconf 73' lang='grc' dir='ltr'><strong>διέδαινεν,</strong></span> <span class='ocrx_word' id='word_1_196' title='bbox 1228 2717 1512 2779; x_wconf 84' lang='grc' dir='ltr'><strong>Ἀντώνιός</strong></span> <span class='ocrx_word' id='word_1_197' title='bbox 1563 2734 1624 2770; x_wconf 87' lang='grc' dir='ltr'><strong>τε</strong></span> <span class='ocrx_word' id='word_1_198' title='bbox 1681 2716 1773 2769; x_wconf 80' lang='grc' dir='ltr'><strong>καὶ</strong></span> 
     </span>
    </p>
   </div>
   <div class='ocr_carea' id='block_1_30' title="bbox 207 2804 1771 2883">
    <p class='ocr_par' dir='ltr' id='par_1_30' title="bbox 207 2804 1771 2883">
     <span class='ocr_line' id='line_1_30' title="bbox 207 2804 1771 2883; baseline -0.005 -15"><span class='ocrx_word' id='word_1_199' title='bbox 207 2813 543 2883; x_wconf 69' lang='grc' dir='ltr'><strong>Κλεοπάτρα</strong></span> <span class='ocrx_word' id='word_1_200' title='bbox 581 2813 673 2865; x_wconf 76' lang='grc' dir='ltr'><strong>τοῦ</strong></span> <span class='ocrx_word' id='word_1_201' title='bbox 710 2813 810 2882; x_wconf 75' lang='grc' dir='ltr'><strong>ζῇν</strong></span> <span class='ocrx_word' id='word_1_202' title='bbox 838 2811 1232 2880; x_wconf 77' lang='grc' dir='ltr'><strong>ἀπηλλάγησαν</strong></span> <span class='ocrx_word' id='word_1_203' title='bbox 1252 2851 1267 2875; x_wconf 98' lang='grc'><strong>,</strong></span> <span class='ocrx_word' id='word_1_204' title='bbox 1314 2811 1406 2864; x_wconf 82' lang='grc' dir='ltr'><strong>καὶ</strong></span> <span class='ocrx_word' id='word_1_205' title='bbox 1433 2810 1591 2872; x_wconf 68' lang='grc' dir='ltr'><strong>αύτδς</strong></span> <span class='ocrx_word' id='word_1_206' title='bbox 1616 2804 1771 2871; x_wconf 79' lang='grc' dir='ltr'><strong>αὖθις</strong></span> 
     </span>
    </p>
   </div>
   <div class='ocr_carea' id='block_1_31' title="bbox 218 2899 1772 2975">
    <p class='ocr_par' dir='ltr' id='par_1_31' title="bbox 218 2899 1772 2975">
     <span class='ocr_line' id='line_1_31' title="bbox 218 2899 1772 2975; baseline -0.004 -19"><span class='ocrx_word' id='word_1_207' title='bbox 218 2905 444 2975; x_wconf 78' lang='grc' dir='ltr'><strong>Ἡρώδῃ</strong></span> <span class='ocrx_word' id='word_1_208' title='bbox 489 2905 548 2956; x_wconf 83' lang='grc' dir='ltr'><strong>τὸ</strong></span> <span class='ocrx_word' id='word_1_209' title='bbox 577 2902 811 2971; x_wconf 84' lang='grc' dir='ltr'><strong>διάδημα</strong></span> <span class='ocrx_word' id='word_1_210' title='bbox 853 2902 1189 2972; x_wconf 79' lang='grc' dir='ltr'><strong>περιτίθησι,</strong></span> <span class='ocrx_word' id='word_1_211' title='bbox 1239 2904 1332 2954; x_wconf 74' lang='grc' dir='ltr'><strong>καὶ</strong></span> <span class='ocrx_word' id='word_1_212' title='bbox 1394 2899 1619 2970; x_wconf 79' lang='grc' dir='ltr'><strong>βασιλέα</strong></span> <span class='ocrx_word' id='word_1_213' title='bbox 1675 2900 1772 2968; x_wconf 79' lang='grc' dir='ltr'><strong>τῆς</strong></span> 
     </span>
    </p>
   </div>
   <div class='ocr_carea' id='block_1_32' title="bbox 205 2992 1775 3066">
    <p class='ocr_par' dir='ltr' id='par_1_32' title="bbox 205 2992 1775 3066">
     <span class='ocr_line' id='line_1_32' title="bbox 205 2992 1775 3066; baseline -0.001 -18"><span class='ocrx_word' id='word_1_214' title='bbox 205 2999 334 3066; x_wconf 68' lang='grc' dir='ltr'><strong>ἰλςς</strong></span> <span class='ocrx_word' id='word_1_215' title='bbox 375 2998 636 3058; x_wconf 79' lang='grc' dir='ltr'><strong>Ἰουδαίας</strong></span> <span class='ocrx_word' id='word_1_216' title='bbox 673 2995 1046 3065; x_wconf 82' lang='grc' dir='ltr'><strong>ἁνακηρύξας,</strong></span> <span class='ocrx_word' id='word_1_217' title='bbox 1075 2995 1338 3063; x_wconf 85' lang='grc' dir='ltr'><strong>πλείστην</strong></span> <span class='ocrx_word' id='word_1_218' title='bbox 1366 2994 1465 3064; x_wconf 76' lang='grc' dir='ltr'><strong>μὶν</strong></span> <span class='ocrx_word' id='word_1_219' title='bbox 1490 2994 1585 3048; x_wconf 69' lang='grc' dir='ltr'><strong>καὶ</strong></span> <span class='ocrx_word' id='word_1_220' title='bbox 1608 2992 1775 3064; x_wconf 78' lang='grc' dir='ltr'><strong>ἄλλην</strong></span> 
     </span>
    </p>
   </div>
   <div class='ocr_carea' id='block_1_33' title="bbox 207 3086 1776 3159">
    <p class='ocr_par' dir='ltr' id='par_1_33' title="bbox 207 3086 1776 3159">
     <span class='ocr_line' id='line_1_33' title="bbox 207 3086 1776 3159; baseline 0.008 -23"><span class='ocrx_word' id='word_1_221' title='bbox 207 3091 398 3159; x_wconf 64' lang='grc' dir='ltr'><strong>χώραν</strong></span> <span class='ocrx_word' id='word_1_222' title='bbox 446 3089 594 3157; x_wconf 76' lang='grc' dir='ltr'><strong>αὐτῷ</strong></span> <span class='ocrx_word' id='word_1_223' title='bbox 620 3089 941 3157; x_wconf 82' lang='grc' dir='ltr'><strong>ἀνατίθησι·</strong></span> <span class='ocrx_word' id='word_1_224' title='bbox 999 3087 1224 3157; x_wconf 89' lang='grc' dir='ltr'><strong>προσέτι</strong></span> <span class='ocrx_word' id='word_1_225' title='bbox 1279 3087 1334 3140; x_wconf 80' lang='grc' dir='ltr'><strong>δὲ</strong></span> <span class='ocrx_word' id='word_1_226' title='bbox 1388 3086 1484 3140; x_wconf 79' lang='grc' dir='ltr'><strong>καὶ</strong></span> <span class='ocrx_word' id='word_1_227' title='bbox 1533 3086 1631 3155; x_wconf 85' lang='grc' dir='ltr'><strong>τὴν</strong></span> <span class='ocrx_word' id='word_1_228' title='bbox 1676 3088 1776 3155; x_wconf 83' lang='grc' dir='ltr'><strong>τῆς</strong></span> 
     </span>
    </p>
   </div>
   <div class='ocr_carea' id='block_1_34' title="bbox 1850 611 3410 684">
    <p class='ocr_par' dir='ltr' id='par_1_34' title="bbox 1850 611 3410 684">
     <span class='ocr_line' id='line_1_34' title="bbox 1850 611 3410 684; baseline 0.003 -20"><span class='ocrx_word' id='word_1_229' title='bbox 1850 611 2146 665; x_wconf 82' lang='lat' dir='ltr'><strong>Antonium</strong></span> <span class='ocrx_word' id='word_1_230' title='bbox 2166 626 2475 679; x_wconf 86' lang='lat' dir='ltr'><strong>aggressus,</strong></span> <span class='ocrx_word' id='word_1_231' title='bbox 2496 623 2790 681; x_wconf 83' lang='lat' dir='ltr'><strong>expugnat,</strong></span> <span class='ocrx_word' id='word_1_232' title='bbox 2813 614 3102 683; x_wconf 81' lang='lat' dir='ltr'><strong>adjuvante</strong></span> <span class='ocrx_word' id='word_1_233' title='bbox 3122 613 3372 684; x_wconf 78' lang='lat' dir='ltr'><strong>Hyrcano</strong></span> <span class='ocrx_word' id='word_1_234' title='bbox 3397 632 3410 668; x_wconf 91' lang='lat'><strong>:</strong></span> 
     </span>
    </p>
   </div>
   <div class='ocr_carea' id='block_1_35' title="bbox 1850 700 3416 776">
    <p class='ocr_par' dir='ltr' id='par_1_35' title="bbox 1850 700 3416 776">
     <span class='ocr_line' id='line_1_35' title="bbox 1850 700 3416 776; baseline 0.004 -20"><span class='ocrx_word' id='word_1_235' title='bbox 1850 702 2007 768; x_wconf 76' lang='lat' dir='ltr'><strong>cujus</strong></span> <span class='ocrx_word' id='word_1_236' title='bbox 2025 716 2092 755; x_wconf 82' lang='lat' dir='ltr'><strong>ex</strong></span> <span class='ocrx_word' id='word_1_237' title='bbox 2131 700 2240 755; x_wconf 81' lang='lat' dir='ltr'><strong>filia</strong></span> <span class='ocrx_word' id='word_1_238' title='bbox 2269 711 2481 770; x_wconf 76' lang='lat' dir='ltr'><strong>neptem</strong></span> <span class='ocrx_word' id='word_1_239' title='bbox 2505 702 2846 757; x_wconf 77' lang='lat' dir='ltr'><strong>Mariammen</strong></span> <span class='ocrx_word' id='word_1_240' title='bbox 2868 704 3183 759; x_wconf 73' lang='lat' dir='ltr'><strong>Aristobulo</strong></span> <span class='ocrx_word' id='word_1_241' title='bbox 3215 717 3416 776; x_wconf 79' lang='lat' dir='ltr'><strong>proge-</strong></span> 
     </span>
    </p>
   </div>
   <div class='ocr_carea' id='block_1_36' title="bbox 1852 794 3416 866">
    <p class='ocr_par' dir='ltr' id='par_1_36' title="bbox 1852 794 3416 866">
     <span class='ocr_line' id='line_1_36' title="bbox 1852 794 3416 866; baseline 0.003 -18"><span class='ocrx_word' id='word_1_242' title='bbox 1852 794 2138 863; x_wconf 74' lang='lat' dir='ltr'><strong>nitamm,</strong></span> <span class='ocrx_word' id='word_1_243' title='bbox 2171 803 2291 856; x_wconf 86' lang='lat' dir='ltr'><strong>post</strong></span> <span class='ocrx_word' id='word_1_244' title='bbox 2323 794 2532 847; x_wconf 91' lang='lat' dir='ltr'><strong>obitum</strong></span> <span class='ocrx_word' id='word_1_245' title='bbox 2562 795 2666 864; x_wconf 77' lang='lat'><strong>61</strong></span> <span class='ocrx_word' id='word_1_246' title='bbox 2703 796 2907 860; x_wconf 81' lang='lat' dir='ltr'><strong>uxoris,</strong></span> <span class='ocrx_word' id='word_1_247' title='bbox 2939 812 3101 866; x_wconf 91' lang='lat' dir='ltr'><strong>quam</strong></span> <span class='ocrx_word' id='word_1_248' title='bbox 3133 798 3416 854; x_wconf 83' lang='lat' dir='ltr'><strong>exArabia</strong></span> 
     </span>
    </p>
   </div>
   <div class='ocr_carea' id='block_1_37' title="bbox 1854 882 3420 957">
    <p class='ocr_par' dir='ltr' id='par_1_37' title="bbox 1854 882 3420 957">
     <span class='ocr_line' id='line_1_37' title="bbox 1854 882 3420 957; baseline 0.003 -19"><span class='ocrx_word' id='word_1_249' title='bbox 1854 882 2106 948; x_wconf 87' lang='lat' dir='ltr'><strong>duxerat,</strong></span> <span class='ocrx_word' id='word_1_250' title='bbox 2148 883 2392 937; x_wconf 87' lang='lat' dir='ltr'><strong>Herodes</strong></span> <span class='ocrx_word' id='word_1_251' title='bbox 2429 885 2779 940; x_wconf 87' lang='lat' dir='ltr'><strong>matrimonio</strong></span> <span class='ocrx_word' id='word_1_252' title='bbox 2811 887 2916 940; x_wconf 86' lang='lat' dir='ltr'><strong>sibi</strong></span> <span class='ocrx_word' id='word_1_253' title='bbox 2955 888 3200 957; x_wconf 75' lang='lat' dir='ltr'><strong>junctam</strong></span> <span class='ocrx_word' id='word_1_254' title='bbox 3248 889 3420 943; x_wconf 65' lang='lat' dir='ltr'><strong>habeo</strong></span> 
     </span>
    </p>
   </div>
   <div class='ocr_carea' id='block_1_38' title="bbox 1855 975 3420 1050">
    <p class='ocr_par' dir='ltr' id='par_1_38' title="bbox 1855 975 3420 1050">
     <span class='ocr_line' id='line_1_38' title="bbox 1855 975 3420 1050; baseline 0.004 -20"><span class='ocrx_word' id='word_1_255' title='bbox 1855 976 1968 1031; x_wconf 89' lang='lat' dir='ltr'><strong>bat.</strong></span> <span class='ocrx_word' id='word_1_256' title='bbox 2007 975 2188 1030; x_wconf 81' lang='lat' dir='ltr'><strong>Multis</strong></span> <span class='ocrx_word' id='word_1_257' title='bbox 2221 976 2405 1044; x_wconf 84' lang='lat' dir='ltr'><strong>itaque</strong></span> <span class='ocrx_word' id='word_1_258' title='bbox 2437 975 2707 1031; x_wconf 86' lang='lat' dir='ltr'><strong>Herodem</strong></span> <span class='ocrx_word' id='word_1_259' title='bbox 2764 977 3072 1048; x_wconf 80' lang='lat' dir='ltr'><strong>fratresque</strong></span> <span class='ocrx_word' id='word_1_260' title='bbox 3106 981 3224 1050; x_wconf 89' lang='lat' dir='ltr'><strong>ejus</strong></span> <span class='ocrx_word' id='word_1_261' title='bbox 3257 997 3420 1037; x_wconf 92' lang='lat' dir='ltr'><strong>accu-</strong></span> 
     </span>
    </p>
   </div>
   <div class='ocr_carea' id='block_1_39' title="bbox 1857 1063 3424 1138">
    <p class='ocr_par' dir='ltr' id='par_1_39' title="bbox 1857 1063 3424 1138">
     <span class='ocr_line' id='line_1_39' title="bbox 1857 1063 3424 1138; baseline 0.007 -18"><span class='ocrx_word' id='word_1_262' title='bbox 1857 1067 2130 1128; x_wconf 87' lang='lat' dir='ltr'><strong>santibus,</strong></span> <span class='ocrx_word' id='word_1_263' title='bbox 2191 1068 2264 1121; x_wconf 88' lang='lat' dir='ltr'><strong>ita</strong></span> <span class='ocrx_word' id='word_1_264' title='bbox 2319 1069 2560 1138; x_wconf 86' lang='lat' dir='ltr'><strong>querelis</strong></span> <span class='ocrx_word' id='word_1_265' title='bbox 2610 1063 2802 1124; x_wconf 87' lang='lat' dir='ltr'><strong>eorum</strong></span> <span class='ocrx_word' id='word_1_266' title='bbox 2856 1072 3098 1126; x_wconf 91' lang='lat' dir='ltr'><strong>animum</strong></span> <span class='ocrx_word' id='word_1_267' title='bbox 3152 1075 3424 1131; x_wconf 79' lang='lat' dir='ltr'><strong>Antonius</strong></span> 
     </span>
    </p>
   </div>
   <div class='ocr_carea' id='block_1_40' title="bbox 1857 1159 3423 1236">
    <p class='ocr_par' dir='ltr' id='par_1_40' title="bbox 1857 1159 3423 1236">
     <span class='ocr_line' id='line_1_40' title="bbox 1857 1159 3423 1236; baseline 0.004 -24"><span class='ocrx_word' id='word_1_268' title='bbox 1857 1159 2111 1224; x_wconf 88' lang='lat' dir='ltr'><strong>attendit,</strong></span> <span class='ocrx_word' id='word_1_269' title='bbox 2145 1169 2202 1215; x_wconf 89' lang='lat' dir='ltr'><strong>ut</strong></span> <span class='ocrx_word' id='word_1_270' title='bbox 2237 1162 2288 1214; x_wconf 90' lang='lat' dir='ltr'><strong>in</strong></span> <span class='ocrx_word' id='word_1_271' title='bbox 2321 1172 2560 1231; x_wconf 82' lang='lat' dir='ltr'><strong>quatuor</strong></span> <span class='ocrx_word' id='word_1_272' title='bbox 2595 1164 2834 1220; x_wconf 87' lang='lat' dir='ltr'><strong>ditiones</strong></span> <span class='ocrx_word' id='word_1_273' title='bbox 2869 1166 3189 1220; x_wconf 88' lang='lat' dir='ltr'><strong>universum</strong></span> <span class='ocrx_word' id='word_1_274' title='bbox 3238 1177 3423 1236; x_wconf 82' lang='lat' dir='ltr'><strong>pater-</strong></span> 
     </span>
    </p>
   </div>
   <div class='ocr_carea' id='block_1_41' title="bbox 1858 1254 3421 1322">
    <p class='ocr_par' dir='ltr' id='par_1_41' title="bbox 1858 1254 3421 1322">
     <span class='ocr_line' id='line_1_41' title="bbox 1858 1254 3421 1322; baseline 0.004 -17"><span class='ocrx_word' id='word_1_275' title='bbox 1858 1267 1990 1305; x_wconf 90' lang='lat' dir='ltr'><strong>num</strong></span> <span class='ocrx_word' id='word_1_276' title='bbox 2020 1267 2248 1322; x_wconf 79' lang='lat' dir='ltr'><strong>regnum</strong></span> <span class='ocrx_word' id='word_1_277' title='bbox 2273 1255 2534 1318; x_wconf 86' lang='lat' dir='ltr'><strong>divisum,</strong></span> <span class='ocrx_word' id='word_1_278' title='bbox 2569 1254 2832 1311; x_wconf 86' lang='lat' dir='ltr'><strong>fratribus</strong></span> <span class='ocrx_word' id='word_1_279' title='bbox 2860 1259 3122 1312; x_wconf 77' lang='lat' dir='ltr'><strong>traderet.</strong></span> <span class='ocrx_word' id='word_1_280' title='bbox 3151 1259 3421 1314; x_wconf 62' lang='lat' dir='ltr'><strong>Creterum</strong></span> 
     </span>
    </p>
   </div>
   <div class='ocr_carea' id='block_1_42' title="bbox 1859 1345 3421 1422">
    <p class='ocr_par' dir='ltr' id='par_1_42' title="bbox 1859 1345 3421 1422">
     <span class='ocr_line' id='line_1_42' title="bbox 1859 1345 3421 1422; baseline 0.008 -25"><span class='ocrx_word' id='word_1_281' title='bbox 1859 1345 2156 1400; x_wconf 83' lang='lat' dir='ltr'><strong>Aristobuli</strong></span> <span class='ocrx_word' id='word_1_282' title='bbox 2193 1347 2337 1401; x_wconf 83' lang='lat' dir='ltr'><strong>filius</strong></span> <span class='ocrx_word' id='word_1_283' title='bbox 2366 1349 2691 1418; x_wconf 81' lang='lat' dir='ltr'><strong>Antigonus,</strong></span> <span class='ocrx_word' id='word_1_284' title='bbox 2723 1351 2814 1419; x_wconf 92' lang='lat' dir='ltr'><strong>qui</strong></span> <span class='ocrx_word' id='word_1_285' title='bbox 2851 1351 2992 1419; x_wconf 90' lang='lat' dir='ltr'><strong>apud</strong></span> <span class='ocrx_word' id='word_1_286' title='bbox 3021 1352 3421 1422; x_wconf 81' lang='lat' dir='ltr'><strong>Pliilippionem</strong></span> 
     </span>
    </p>
   </div>
   <div class='ocr_carea' id='block_1_43' title="bbox 1861 1435 3428 1509">
    <p class='ocr_par' dir='ltr' id='par_1_43' title="bbox 1861 1435 3428 1509">
     <span class='ocr_line' id='line_1_43' title="bbox 1861 1435 3428 1509; baseline 0.007 -20"><span class='ocrx_word' id='word_1_287' title='bbox 1861 1435 2030 1490; x_wconf 86' lang='lat' dir='ltr'><strong>filium</strong></span> <span class='ocrx_word' id='word_1_288' title='bbox 2059 1436 2234 1492; x_wconf 66' lang='lat' dir='ltr'><strong>Minaﬁ</strong></span> <span class='ocrx_word' id='word_1_289' title='bbox 2259 1439 2379 1503; x_wconf 84' lang='lat' dir='ltr'><strong>fuit,</strong></span> <span class='ocrx_word' id='word_1_290' title='bbox 2407 1449 2696 1509; x_wconf 85' lang='lat' dir='ltr'><strong>postquam</strong></span> <span class='ocrx_word' id='word_1_291' title='bbox 2737 1441 2826 1494; x_wconf 87' lang='lat' dir='ltr'><strong>ille</strong></span> <span class='ocrx_word' id='word_1_292' title='bbox 2856 1458 2887 1496; x_wconf 88' lang='lat' dir='ltr'><strong>e</strong></span> <span class='ocrx_word' id='word_1_293' title='bbox 2919 1442 3060 1496; x_wconf 84' lang='lat' dir='ltr'><strong>vivis</strong></span> <span class='ocrx_word' id='word_1_294' title='bbox 3085 1443 3342 1509; x_wconf 81' lang='lat' dir='ltr'><strong>excessit,</strong></span> <span class='ocrx_word' id='word_1_295' title='bbox 3370 1454 3428 1500; x_wconf 87' lang='lat' dir='ltr'><strong>et</strong></span> 
     </span>
    </p>
   </div>
   <div class='ocr_carea' id='block_1_44' title="bbox 1861 1527 3429 1605">
    <p class='ocr_par' dir='ltr' id='par_1_44' title="bbox 1861 1527 3429 1605">
     <span class='ocr_line' id='line_1_44' title="bbox 1861 1527 3429 1605; baseline 0.006 -25"><span class='ocrx_word' id='word_1_296' title='bbox 1861 1527 2125 1599; x_wconf 87' lang='lat' dir='ltr'><strong>Lysanias</strong></span> <span class='ocrx_word' id='word_1_297' title='bbox 2163 1530 2240 1599; x_wconf 75' lang='lat'><strong>(2)</strong></span> <span class='ocrx_word' id='word_1_298' title='bbox 2300 1532 2356 1584; x_wconf 90' lang='lat' dir='ltr'><strong>in</strong></span> <span class='ocrx_word' id='word_1_299' title='bbox 2401 1534 2634 1600; x_wconf 84' lang='lat' dir='ltr'><strong>patrium</strong></span> <span class='ocrx_word' id='word_1_300' title='bbox 2684 1533 2951 1588; x_wconf 88' lang='lat' dir='ltr'><strong>successit</strong></span> <span class='ocrx_word' id='word_1_301' title='bbox 2997 1549 3251 1605; x_wconf 81' lang='lat' dir='ltr'><strong>regnum,</strong></span> <span class='ocrx_word' id='word_1_302' title='bbox 3301 1551 3429 1605; x_wconf 82' lang='lat' dir='ltr'><strong>per—</strong></span> 
     </span>
    </p>
   </div>
   <div class='ocr_carea' id='block_1_45' title="bbox 1861 1621 3424 1696">
    <p class='ocr_par' dir='ltr' id='par_1_45' title="bbox 1861 1621 3424 1696">
     <span class='ocr_line' id='line_1_45' title="bbox 1861 1621 3424 1696; baseline 0.003 -22"><span class='ocrx_word' id='word_1_303' title='bbox 1861 1621 2054 1675; x_wconf 85' lang='lat' dir='ltr'><strong>suadet</strong></span> <span class='ocrx_word' id='word_1_304' title='bbox 2103 1623 2308 1677; x_wconf 80' lang='lat' dir='ltr'><strong>Pacoro</strong></span> <span class='ocrx_word' id='word_1_305' title='bbox 2357 1633 2413 1677; x_wconf 89' lang='lat' dir='ltr'><strong>et</strong></span> <span class='ocrx_word' id='word_1_306' title='bbox 2440 1625 2794 1681; x_wconf 82' lang='lat' dir='ltr'><strong>Pharnabazo</strong></span> <span class='ocrx_word' id='word_1_307' title='bbox 2845 1627 3052 1696; x_wconf 78' lang='lat' dir='ltr'><strong>(Parthi</strong></span> <span class='ocrx_word' id='word_1_308' title='bbox 3088 1628 3143 1681; x_wconf 88' lang='lat' dir='ltr'><strong>hi</strong></span> <span class='ocrx_word' id='word_1_309' title='bbox 3179 1627 3424 1696; x_wconf 88' lang='lat' dir='ltr'><strong>fuerunt)</strong></span> 
     </span>
    </p>
   </div>
   <div class='ocr_carea' id='block_1_46' title="bbox 1861 1709 3424 1794">
    <p class='ocr_par' dir='ltr' id='par_1_46' title="bbox 1861 1709 3424 1794">
     <span class='ocr_line' id='line_1_46' title="bbox 1861 1709 3424 1794; baseline 0.007 -32"><span class='ocrx_word' id='word_1_310' title='bbox 1861 1709 1966 1763; x_wconf 89' lang='lat' dir='ltr'><strong>sub</strong></span> <span class='ocrx_word' id='word_1_311' title='bbox 2003 1710 2150 1766; x_wconf 85' lang='lat' dir='ltr'><strong>mille</strong></span> <span class='ocrx_word' id='word_1_312' title='bbox 2182 1713 2513 1768; x_wconf 81' lang='lat' dir='ltr'><strong>talentorum</strong></span> <span class='ocrx_word' id='word_1_313' title='bbox 2549 1719 2868 1786; x_wconf 89' lang='lat' dir='ltr'><strong>sponsione,</strong></span> <span class='ocrx_word' id='word_1_314' title='bbox 2913 1717 2971 1775; x_wconf 82' lang='lat' dir='ltr'><strong>ut</strong></span> <span class='ocrx_word' id='word_1_315' title='bbox 3005 1737 3064 1777; x_wconf 85' lang='lat' dir='ltr'><strong>se</strong></span> <span class='ocrx_word' id='word_1_316' title='bbox 3095 1723 3150 1778; x_wconf 94' lang='lat' dir='ltr'><strong>in</strong></span> <span class='ocrx_word' id='word_1_317' title='bbox 3194 1725 3424 1794; x_wconf 86' lang='lat' dir='ltr'><strong>patriam</strong></span> 
     </span>
    </p>
   </div>
   <div class='ocr_carea' id='block_1_47' title="bbox 1863 1801 3429 1886">
    <p class='ocr_par' dir='ltr' id='par_1_47' title="bbox 1863 1801 3429 1886">
     <span class='ocr_line' id='line_1_47' title="bbox 1863 1801 3429 1886; baseline 0.011 -32"><span class='ocrx_word' id='word_1_318' title='bbox 1863 1801 2152 1870; x_wconf 84' lang='lat' dir='ltr'><strong>reducant,</strong></span> <span class='ocrx_word' id='word_1_319' title='bbox 2179 1807 2491 1876; x_wconf 81' lang='lat' dir='ltr'><strong>Hyrcanum</strong></span> <span class='ocrx_word' id='word_1_320' title='bbox 2518 1821 2698 1865; x_wconf 91' lang='lat' dir='ltr'><strong>autem</strong></span> <span class='ocrx_word' id='word_1_321' title='bbox 2730 1814 3106 1880; x_wconf 88' lang='lat' dir='ltr'><strong>pessumdent.</strong></span> <span class='ocrx_word' id='word_1_322' title='bbox 3135 1817 3311 1886; x_wconf 83' lang='lat' dir='ltr'><strong>Atque</strong></span> <span class='ocrx_word' id='word_1_323' title='bbox 3339 1818 3429 1872; x_wconf 90' lang='lat' dir='ltr'><strong>hic</strong></span> 
     </span>
    </p>
   </div>
   <div class='ocr_carea' id='block_1_48' title="bbox 1814 1876 3428 1969">
    <p class='ocr_par' dir='ltr' id='par_1_48' title="bbox 1814 1876 3428 1969">
     <span class='ocr_line' id='line_1_48' title="bbox 1814 1876 3428 1969; baseline 0.014 -26"><span class='ocrx_word' id='word_1_324' title='bbox 1814 1876 1830 1921; x_wconf 70' lang='grc' dir='ltr'><strong>ί</strong></span> <span class='ocrx_word' id='word_1_325' title='bbox 1865 1893 2108 1960; x_wconf 90' lang='lat' dir='ltr'><strong>quidem,</strong></span> <span class='ocrx_word' id='word_1_326' title='bbox 2140 1896 2290 1951; x_wconf 89' lang='lat' dir='ltr'><strong>nulla</strong></span> <span class='ocrx_word' id='word_1_327' title='bbox 2333 1899 2654 1968; x_wconf 86' lang='lat' dir='ltr'><strong>interposita</strong></span> <span class='ocrx_word' id='word_1_328' title='bbox 2695 1918 2868 1969; x_wconf 89' lang='lat' dir='ltr'><strong>mora,</strong></span> <span class='ocrx_word' id='word_1_329' title='bbox 2903 1905 2954 1959; x_wconf 92' lang='lat' dir='ltr'><strong>in</strong></span> <span class='ocrx_word' id='word_1_330' title='bbox 2993 1907 3232 1963; x_wconf 68' lang='lat' dir='ltr'><strong>Judazam</strong></span> <span class='ocrx_word' id='word_1_331' title='bbox 3280 1912 3428 1964; x_wconf 88' lang='lat' dir='ltr'><strong>irru-</strong></span> 
     </span>
    </p>
   </div>
   <div class='ocr_carea' id='block_1_49' title="bbox 1865 1985 3426 2065">
    <p class='ocr_par' dir='ltr' id='par_1_49' title="bbox 1865 1985 3426 2065">
     <span class='ocr_line' id='line_1_49' title="bbox 1865 1985 3426 2065; baseline 0.013 -30"><span class='ocrx_word' id='word_1_332' title='bbox 1865 1985 2110 2051; x_wconf 86' lang='lat' dir='ltr'><strong>ptionem</strong></span> <span class='ocrx_word' id='word_1_333' title='bbox 2139 1986 2267 2040; x_wconf 90' lang='lat' dir='ltr'><strong>facit</strong></span> <span class='ocrx_word' id='word_1_334' title='bbox 2301 2007 2313 2041; x_wconf 91' lang='lat'>:</span> <span class='ocrx_word' id='word_1_335' title='bbox 2348 1989 2422 2042; x_wconf 92' lang='lat' dir='ltr'><strong>illi</strong></span> <span class='ocrx_word' id='word_1_336' title='bbox 2458 2005 2586 2044; x_wconf 85' lang='lat' dir='ltr'><strong>vero</strong></span> <span class='ocrx_word' id='word_1_337' title='bbox 2615 1992 2764 2048; x_wconf 82' lang='lat' dir='ltr'><strong>brevi</strong></span> <span class='ocrx_word' id='word_1_338' title='bbox 2802 1995 3053 2065; x_wconf 79' lang='lat' dir='ltr'><strong>Hyrcano</strong></span> <span class='ocrx_word' id='word_1_339' title='bbox 3081 2008 3135 2052; x_wconf 91' lang='lat' dir='ltr'><strong>et</strong></span> <span class='ocrx_word' id='word_1_340' title='bbox 3165 2001 3426 2056; x_wconf 81' lang='lat' dir='ltr'><strong>Pliasaelo</strong></span> 
     </span>
    </p>
   </div>
   <div class='ocr_carea' id='block_1_50' title="bbox 1865 2076 3427 2146">
    <p class='ocr_par' dir='ltr' id='par_1_50' title="bbox 1865 2076 3427 2146">
     <span class='ocr_line' id='line_1_50' title="bbox 1865 2076 3427 2146; baseline 0.011 -19"><span class='ocrx_word' id='word_1_341' title='bbox 1865 2076 2061 2143; x_wconf 84' lang='lat' dir='ltr'><strong>captis,</strong></span> <span class='ocrx_word' id='word_1_342' title='bbox 2091 2076 2366 2145; x_wconf 70' lang='lat' dir='ltr'><strong>Antigono</strong></span> <span class='ocrx_word' id='word_1_343' title='bbox 2399 2097 2580 2135; x_wconf 91' lang='lat' dir='ltr'><strong>rerum</strong></span> <span class='ocrx_word' id='word_1_344' title='bbox 2623 2087 2868 2140; x_wconf 88' lang='lat' dir='ltr'><strong>omnium</strong></span> <span class='ocrx_word' id='word_1_345' title='bbox 2902 2088 3427 2146; x_wconf 88' lang='lat' dir='ltr'><strong>administrationem</strong></span> 
     </span>
    </p>
   </div>
   <div class='ocr_carea' id='block_1_51' title="bbox 1868 2167 3430 2253">
    <p class='ocr_par' dir='ltr' id='par_1_51' title="bbox 1868 2167 3430 2253">
     <span class='ocr_line' id='line_1_51' title="bbox 1868 2167 3430 2253; baseline 0.015 -35"><span class='ocrx_word' id='word_1_346' title='bbox 1868 2167 2114 2221; x_wconf 89' lang='lat' dir='ltr'><strong>tradunt.</strong></span> <span class='ocrx_word' id='word_1_347' title='bbox 2153 2169 2396 2225; x_wconf 85' lang='lat' dir='ltr'><strong>Herodes</strong></span> <span class='ocrx_word' id='word_1_348' title='bbox 2439 2183 2626 2228; x_wconf 89' lang='lat' dir='ltr'><strong>autem</strong></span> <span class='ocrx_word' id='word_1_349' title='bbox 2695 2177 2822 2248; x_wconf 88' lang='lat' dir='ltr'><strong>fuga</strong></span> <span class='ocrx_word' id='word_1_350' title='bbox 2857 2179 2960 2234; x_wconf 83' lang='lat' dir='ltr'><strong>sibi</strong></span> <span class='ocrx_word' id='word_1_351' title='bbox 2999 2185 3296 2237; x_wconf 86' lang='lat' dir='ltr'><strong>consulens</strong></span> <span class='ocrx_word' id='word_1_352' title='bbox 3331 2185 3430 2253; x_wconf 79' lang='grc'><strong>(5).</strong></span> 
     </span>
    </p>
   </div>
   <div class='ocr_carea' id='block_1_52' title="bbox 1866 2258 3430 2339">
    <p class='ocr_par' dir='ltr' id='par_1_52' title="bbox 1866 2258 3430 2339">
     <span class='ocr_line' id='line_1_52' title="bbox 1866 2258 3430 2339; baseline 0.012 -30"><span class='ocrx_word' id='word_1_353' title='bbox 1866 2266 1923 2309; x_wconf 90' lang='lat' dir='ltr'><strong>et</strong></span> <span class='ocrx_word' id='word_1_354' title='bbox 1953 2258 2180 2313; x_wconf 73' lang='lat' dir='ltr'><strong>[leniam</strong></span> <span class='ocrx_word' id='word_1_355' title='bbox 2213 2261 2278 2313; x_wconf 89' lang='lat' dir='ltr'><strong>ad</strong></span> <span class='ocrx_word' id='word_1_356' title='bbox 2309 2263 2579 2318; x_wconf 64' lang='lat' dir='ltr'><strong>Caesarem</strong></span> <span class='ocrx_word' id='word_1_357' title='bbox 2626 2267 2965 2339; x_wconf 74' lang='lat' dir='ltr'><strong>profugiens,</strong></span> <span class='ocrx_word' id='word_1_358' title='bbox 2999 2282 3250 2326; x_wconf 77' lang='lat' dir='ltr'><strong>servatur</strong></span> <span class='ocrx_word' id='word_1_359' title='bbox 3295 2294 3307 2327; x_wconf 90' lang='lat'><strong>:</strong></span> <span class='ocrx_word' id='word_1_360' title='bbox 3343 2286 3430 2327; x_wconf 83' lang='lat' dir='ltr'><strong>at-</strong></span> 
     </span>
    </p>
   </div>
   <div class='ocr_carea' id='block_1_53' title="bbox 1869 2351 3430 2418">
    <p class='ocr_par' dir='ltr' id='par_1_53' title="bbox 1869 2351 3430 2418">
     <span class='ocr_line' id='line_1_53' title="bbox 1869 2351 3430 2418; baseline 0.012 -18"><span class='ocrx_word' id='word_1_361' title='bbox 1869 2364 1976 2418; x_wconf 91' lang='lat' dir='ltr'><strong>que</strong></span> <span class='ocrx_word' id='word_1_362' title='bbox 2028 2351 2101 2404; x_wconf 93' lang='lat' dir='ltr'><strong>ibi</strong></span> <span class='ocrx_word' id='word_1_363' title='bbox 2144 2351 2366 2406; x_wconf 88' lang='lat' dir='ltr'><strong>Antonii</strong></span> <span class='ocrx_word' id='word_1_364' title='bbox 2406 2355 2721 2412; x_wconf 82' lang='lat' dir='ltr'><strong>testimonio</strong></span> <span class='ocrx_word' id='word_1_365' title='bbox 2754 2362 3171 2418; x_wconf 86' lang='lat' dir='ltr'><strong>commendatus</strong></span> <span class='ocrx_word' id='word_1_366' title='bbox 3213 2365 3430 2418; x_wconf 86' lang='lat' dir='ltr'><strong>senatui</strong></span> 
     </span>
    </p>
   </div>
   <div class='ocr_carea' id='block_1_54' title="bbox 1869 2443 3451 2527">
    <p class='ocr_par' dir='ltr' id='par_1_54' title="bbox 1869 2443 3451 2527">
     <span class='ocr_line' id='line_1_54' title="bbox 1869 2443 3451 2527; baseline 0.009 -31"><span class='ocrx_word' id='word_1_367' title='bbox 1869 2456 1927 2496; x_wconf 87' lang='lat' dir='ltr'><strong>et</strong></span> <span class='ocrx_word' id='word_1_368' title='bbox 1959 2443 2180 2507; x_wconf 69' lang='lat' dir='ltr'><strong>Caesari,</strong></span> <span class='ocrx_word' id='word_1_369' title='bbox 2219 2460 2311 2498; x_wconf 88' lang='lat' dir='ltr'><strong>rex</strong></span> <span class='ocrx_word' id='word_1_370' title='bbox 2339 2445 2840 2519; x_wconf 85' lang='lat' dir='ltr'><strong>Hierosolymorum</strong></span> <span class='ocrx_word' id='word_1_371' title='bbox 2871 2466 2900 2505; x_wconf 94' lang='lat' dir='ltr'><strong>a</strong></span> <span class='ocrx_word' id='word_1_372' title='bbox 2934 2453 3148 2510; x_wconf 70' lang='lat' dir='ltr'><strong>Caesare</strong></span> <span class='ocrx_word' id='word_1_373' title='bbox 3171 2456 3451 2527; x_wconf 84' lang='lat' dir='ltr'><strong>designa-&#39;</strong></span> 
     </span>
    </p>
   </div>
   <div class='ocr_carea' id='block_1_55' title="bbox 1873 2535 3433 2604">
    <p class='ocr_par' dir='ltr' id='par_1_55' title="bbox 1873 2535 3433 2604">
     <span class='ocr_line' id='line_1_55' title="bbox 1873 2535 3433 2604; baseline 0.009 -16"><span class='ocrx_word' id='word_1_374' title='bbox 1873 2545 1983 2590; x_wconf 90' lang='lat' dir='ltr'><strong>tur.</strong></span> <span class='ocrx_word' id='word_1_375' title='bbox 2008 2535 2194 2604; x_wconf 86' lang='lat' dir='ltr'><strong>Itaque</strong></span> <span class='ocrx_word' id='word_1_376' title='bbox 2219 2545 2278 2591; x_wconf 93' lang='lat' dir='ltr'><strong>ut</strong></span> <span class='ocrx_word' id='word_1_377' title='bbox 2306 2538 2476 2592; x_wconf 80' lang='lat' dir='ltr'><strong>Roma</strong></span> <span class='ocrx_word' id='word_1_378' title='bbox 2501 2555 2758 2596; x_wconf 86' lang='lat' dir='ltr'><strong>reversus</strong></span> <span class='ocrx_word' id='word_1_379' title='bbox 2779 2545 3081 2600; x_wconf 90' lang='lat' dir='ltr'><strong>exercitum</strong></span> <span class='ocrx_word' id='word_1_380' title='bbox 3105 2547 3172 2601; x_wconf 89' lang='lat' dir='ltr'><strong>ab</strong></span> <span class='ocrx_word' id='word_1_381' title='bbox 3195 2548 3433 2602; x_wconf 82' lang='lat' dir='ltr'><strong>Antonio</strong></span> 
     </span>
    </p>
   </div>
   <div class='ocr_carea' id='block_1_56' title="bbox 1876 2629 3436 2702">
    <p class='ocr_par' dir='ltr' id='par_1_56' title="bbox 1876 2629 3436 2702">
     <span class='ocr_line' id='line_1_56' title="bbox 1876 2629 3436 2702; baseline 0.006 -18"><span class='ocrx_word' id='word_1_382' title='bbox 1876 2629 2045 2698; x_wconf 89' lang='lat' dir='ltr'><strong>(circa</strong></span> <span class='ocrx_word' id='word_1_383' title='bbox 2075 2629 2286 2699; x_wconf 83' lang='lat' dir='ltr'><strong>Syriam</strong></span> <span class='ocrx_word' id='word_1_384' title='bbox 2321 2632 2368 2685; x_wconf 90' lang='lat' dir='ltr'><strong>is</strong></span> <span class='ocrx_word' id='word_1_385' title='bbox 2400 2635 2541 2700; x_wconf 89' lang='lat' dir='ltr'><strong>erat)</strong></span> <span class='ocrx_word' id='word_1_386' title='bbox 2575 2637 2811 2702; x_wconf 90' lang='lat' dir='ltr'><strong>accepit,</strong></span> <span class='ocrx_word' id='word_1_387' title='bbox 2841 2634 3008 2690; x_wconf 86' lang='lat' dir='ltr'><strong>variis</strong></span> <span class='ocrx_word' id='word_1_388' title='bbox 3039 2640 3436 2693; x_wconf 70' lang='lat' dir='ltr'><strong>certaminibus</strong></span> 
     </span>
    </p>
   </div>
   <div class='ocr_carea' id='block_1_57' title="bbox 1874 2723 3435 2798">
    <p class='ocr_par' dir='ltr' id='par_1_57' title="bbox 1874 2723 3435 2798">
     <span class='ocr_line' id='line_1_57' title="bbox 1874 2723 3435 2798; baseline 0.008 -23"><span class='ocrx_word' id='word_1_389' title='bbox 1874 2736 1999 2776; x_wconf 91' lang='lat' dir='ltr'><strong>cum</strong></span> <span class='ocrx_word' id='word_1_390' title='bbox 2020 2723 2291 2793; x_wconf 82' lang='lat' dir='ltr'><strong>Antigono</strong></span> <span class='ocrx_word' id='word_1_391' title='bbox 2313 2738 2658 2794; x_wconf 87' lang='lat' dir='ltr'><strong>congressus,</strong></span> <span class='ocrx_word' id='word_1_392' title='bbox 2684 2726 2881 2795; x_wconf 76' lang='lat' dir='ltr'><strong>szrpins</strong></span> <span class='ocrx_word' id='word_1_393' title='bbox 2905 2730 3210 2798; x_wconf 92' lang='lat' dir='ltr'><strong>repellitur.</strong></span> <span class='ocrx_word' id='word_1_394' title='bbox 3242 2733 3435 2787; x_wconf 85' lang='lat' dir='ltr'><strong>Postea</strong></span> 
     </span>
    </p>
   </div>
   <div class='ocr_carea' id='block_1_58' title="bbox 1876 2816 3434 2890">
    <p class='ocr_par' dir='ltr' id='par_1_58' title="bbox 1876 2816 3434 2890">
     <span class='ocr_line' id='line_1_58' title="bbox 1876 2816 3434 2890; baseline 0.007 -20"><span class='ocrx_word' id='word_1_395' title='bbox 1876 2824 2058 2871; x_wconf 86' lang='lat' dir='ltr'><strong>autem</strong></span> <span class='ocrx_word' id='word_1_396' title='bbox 2112 2816 2267 2872; x_wconf 80' lang='lat' dir='ltr'><strong>Sosio</strong></span> <span class='ocrx_word' id='word_1_397' title='bbox 2315 2817 2575 2881; x_wconf 85' lang='lat' dir='ltr'><strong>adducto,</strong></span> <span class='ocrx_word' id='word_1_398' title='bbox 2627 2828 2680 2873; x_wconf 88' lang='lat' dir='ltr'><strong>et</strong></span> <span class='ocrx_word' id='word_1_399' title='bbox 2734 2821 2899 2873; x_wconf 90' lang='lat' dir='ltr'><strong>multa</strong></span> <span class='ocrx_word' id='word_1_400' title='bbox 2949 2824 3093 2877; x_wconf 70' lang='lat' dir='ltr'><strong>caede</strong></span> <span class='ocrx_word' id='word_1_401' title='bbox 3147 2825 3324 2890; x_wconf 83' lang='lat' dir='ltr'><strong>facta,</strong></span> <span class='ocrx_word' id='word_1_402' title='bbox 3384 2829 3434 2881; x_wconf 94' lang='lat' dir='ltr'><strong>vi</strong></span> 
     </span>
    </p>
   </div>
   <div class='ocr_carea' id='block_1_59' title="bbox 1877 2909 3438 2987">
    <p class='ocr_par' dir='ltr' id='par_1_59' title="bbox 1877 2909 3438 2987">
     <span class='ocr_line' id='line_1_59' title="bbox 1877 2909 3438 2987; baseline 0.006 -23"><span class='ocrx_word' id='word_1_403' title='bbox 1877 2925 2071 2980; x_wconf 87' lang='lat' dir='ltr'><strong>magna</strong></span> <span class='ocrx_word' id='word_1_404' title='bbox 2110 2909 2481 2981; x_wconf 79' lang='lat' dir='ltr'><strong>Hierosolyma</strong></span> <span class='ocrx_word' id='word_1_405' title='bbox 2513 2913 2677 2981; x_wconf 90' lang='lat' dir='ltr'><strong>capit.</strong></span> <span class='ocrx_word' id='word_1_406' title='bbox 2710 2913 2778 2966; x_wconf 84' lang='lat' dir='ltr'><strong>Et</strong></span> <span class='ocrx_word' id='word_1_407' title='bbox 2810 2915 2950 2969; x_wconf 88' lang='lat' dir='ltr'><strong>sacri</strong></span> <span class='ocrx_word' id='word_1_408' title='bbox 2986 2917 3168 2987; x_wconf 91' lang='lat' dir='ltr'><strong>templi</strong></span> <span class='ocrx_word' id='word_1_409' title='bbox 3208 2919 3372 2974; x_wconf 89' lang='lat' dir='ltr'><strong>rebus</strong></span> <span class='ocrx_word' id='word_1_410' title='bbox 3410 2936 3438 2973; x_wconf 88' lang='lat' dir='ltr'><strong>a</strong></span> 
     </span>
    </p>
   </div>
   <div class='ocr_carea' id='block_1_60' title="bbox 1879 3000 3439 3074">
    <p class='ocr_par' dir='ltr' id='par_1_60' title="bbox 1879 3000 3439 3074">
     <span class='ocr_line' id='line_1_60' title="bbox 1879 3000 3439 3074; baseline 0.004 -20"><span class='ocrx_word' id='word_1_411' title='bbox 1879 3000 2187 3069; x_wconf 86' lang='lat' dir='ltr'><strong>direptione</strong></span> <span class='ocrx_word' id='word_1_412' title='bbox 2260 3002 2600 3055; x_wconf 85' lang='lat' dir='ltr'><strong>conservatis</strong></span> <span class='ocrx_word' id='word_1_413' title='bbox 2649 3002 2749 3071; x_wconf 69' lang='grc'><strong>(4),</strong></span> <span class='ocrx_word' id='word_1_414' title='bbox 2816 3003 3146 3074; x_wconf 83' lang='lat' dir='ltr'><strong>Antigonum</strong></span> <span class='ocrx_word' id='word_1_415' title='bbox 3197 3008 3439 3063; x_wconf 83' lang='lat' dir='ltr'><strong>vinctum</strong></span> 
     </span>
    </p>
   </div>
   <div class='ocr_carea' id='block_1_61' title="bbox 1881 3092 3440 3163">
    <p class='ocr_par' dir='ltr' id='par_1_61' title="bbox 1881 3092 3440 3163">
     <span class='ocr_line' id='line_1_61' title="bbox 1881 3092 3440 3163; baseline 0.008 -18"><span class='ocrx_word' id='word_1_416' title='bbox 1881 3092 2040 3146; x_wconf 85' lang='lat' dir='ltr'><strong>Sosio</strong></span> <span class='ocrx_word' id='word_1_417' title='bbox 2091 3093 2275 3156; x_wconf 86' lang='lat' dir='ltr'><strong>tradit,</strong></span> <span class='ocrx_word' id='word_1_418' title='bbox 2333 3093 2598 3163; x_wconf 87' lang='lat' dir='ltr'><strong>illumque</strong></span> <span class='ocrx_word' id='word_1_419' title='bbox 2655 3096 2743 3150; x_wconf 88' lang='lat' dir='ltr'><strong>hic</strong></span> <span class='ocrx_word' id='word_1_420' title='bbox 2795 3098 2980 3151; x_wconf 86' lang='lat' dir='ltr'><strong>statim</strong></span> <span class='ocrx_word' id='word_1_421' title='bbox 3032 3100 3098 3153; x_wconf 82' lang='lat' dir='ltr'><strong>ad</strong></span> <span class='ocrx_word' id='word_1_422' title='bbox 3143 3102 3440 3158; x_wconf 90' lang='lat' dir='ltr'><strong>Antonium</strong></span> 
     </span>
    </p>
   </div>
   <div class='ocr_carea' id='block_1_62' title="bbox 221 3179 1884 3259">
    <p class='ocr_par' dir='ltr' id='par_1_62' title="bbox 221 3179 1884 3259">
     <span class='ocr_line' id='line_1_62' title="bbox 221 3179 1884 3259; baseline -0.004 -24"><span class='ocrx_word' id='word_1_423' title='bbox 221 3182 486 3259; x_wconf 41' lang='grc' dir='ltr'><strong>’λραὸίας</strong></span> <span class='ocrx_word' id='word_1_424' title='bbox 521 3181 817 3251; x_wconf 75' lang='grc' dir='ltr'><strong>ἐγχειρίζει</strong></span> <span class='ocrx_word' id='word_1_425' title='bbox 860 3183 1185 3250; x_wconf 70' lang='grc' dir='ltr'><strong>ἐπιτροπήν.</strong></span> <span class='ocrx_word' id='word_1_426' title='bbox 1204 3180 1344 3232; x_wconf 80' lang='grc' dir='ltr'><strong>Ἀλλ’</strong></span> <span class='ocrx_word' id='word_1_427' title='bbox 1373 3182 1522 3239; x_wconf 84' lang='grc' dir='ltr'><strong>ὅπως</strong></span> <span class='ocrx_word' id='word_1_428' title='bbox 1545 3179 1643 3240; x_wconf 82' lang='grc' dir='ltr'><strong>τὰς</strong></span> <span class='ocrx_word' id='word_1_429' title='bbox 1673 3179 1769 3231; x_wconf 85' lang='grc' dir='ltr'><strong>ὑπ-</strong></span> <span class='ocrx_word' id='word_1_430' title='bbox 1804 3198 1847 3254; x_wconf 76' lang='lat' dir='ltr'>c</span> <span class='ocrx_word' id='word_1_431' title='bbox 1881 3208 1884 3228; x_wconf 75' lang='grc'>‹</span> 
     </span>
    </p>
   </div>
   <div class='ocr_carea' id='block_1_63' title="bbox 1783 3179 3446 3259">
    <p class='ocr_par' dir='ltr' id='par_1_63' title="bbox 1804 3184 3446 3259">
     <span class='ocr_line' id='line_1_63' title="bbox 1804 3184 3446 3259; baseline 0.009 -24"><span class='ocrx_word' id='word_1_432' title='bbox 1804 3198 1847 3254; x_wconf 75' lang='grc' dir='ltr'>ο</span> <span class='ocrx_word' id='word_1_433' title='bbox 1881 3184 2053 3237; x_wconf 88' lang='lat' dir='ltr'><strong>ducit.</strong></span> <span class='ocrx_word' id='word_1_434' title='bbox 2084 3185 2328 3239; x_wconf 81' lang='lat' dir='ltr'><strong>Herodes</strong></span> <span class='ocrx_word' id='word_1_435' title='bbox 2354 3201 2520 3255; x_wconf 89' lang='lat' dir='ltr'><strong>porro</strong></span> <span class='ocrx_word' id='word_1_436' title='bbox 2553 3203 2770 3242; x_wconf 90' lang='lat' dir='ltr'><strong>rursum</strong></span> <span class='ocrx_word' id='word_1_437' title='bbox 2811 3201 3117 3259; x_wconf 86' lang='lat' dir='ltr'><strong>suspectam</strong></span> <span class='ocrx_word' id='word_1_438' title='bbox 3154 3193 3363 3249; x_wconf 84' lang='lat' dir='ltr'><strong>habens</strong></span> <span class='ocrx_word' id='word_1_439' title='bbox 3393 3208 3446 3250; x_wconf 93' lang='lat' dir='ltr'><strong>et</strong></span> 
     </span>
    </p>
   </div>
   <div class='ocr_carea' id='block_1_64' title="bbox 207 3267 1774 3342">
    <p class='ocr_par' dir='ltr' id='par_1_64' title="bbox 207 3267 1774 3342">
     <span class='ocr_line' id='line_1_64' title="bbox 207 3267 1774 3342; baseline -0.001 -17"><span class='ocrx_word' id='word_1_440' title='bbox 207 3267 432 3340; x_wconf 70' lang='grc' dir='ltr'><strong>αίθρους</strong></span> <span class='ocrx_word' id='word_1_441' title='bbox 462 3272 762 3341; x_wconf 86' lang='grc' dir='ltr'><strong>εὐπραγίας</strong></span> <span class='ocrx_word' id='word_1_442' title='bbox 801 3275 833 3342; x_wconf 73' lang='grc' dir='ltr'><strong>η</strong></span> <span class='ocrx_word' id='word_1_443' title='bbox 865 3273 1003 3342; x_wconf 85' lang='grc' dir='ltr'><strong>τύχη</strong></span> <span class='ocrx_word' id='word_1_444' title='bbox 1039 3275 1147 3336; x_wconf 81' lang='grc' dir='ltr'><strong>τοῖς</strong></span> <span class='ocrx_word' id='word_1_445' title='bbox 1184 3273 1300 3325; x_wconf 88' lang='grc' dir='ltr'><strong>κατ’</strong></span> <span class='ocrx_word' id='word_1_446' title='bbox 1349 3267 1496 3324; x_wconf 81' lang='grc' dir='ltr'><strong>οἷκον</strong></span> <span class='ocrx_word' id='word_1_447' title='bbox 1534 3272 1774 3340; x_wconf 84' lang='grc' dir='ltr'><strong>ἀνιαροῖς</strong></span> 
     </span>
    </p>
   </div>
   <div class='ocr_carea' id='block_1_65' title="bbox 209 3364 1768 3435">
    <p class='ocr_par' dir='ltr' id='par_1_65' title="bbox 209 3364 1768 3435">
     <span class='ocr_line' id='line_1_65' title="bbox 209 3364 1768 3435; baseline 0.001 -18"><span class='ocrx_word' id='word_1_448' title='bbox 209 3367 508 3434; x_wconf 83' lang='grc' dir='ltr'><strong>ἐνεμέσησε</strong></span> <span class='ocrx_word' id='word_1_449' title='bbox 531 3367 606 3435; x_wconf 77' lang='grc' dir='ltr'><strong>τῷ</strong></span> <span class='ocrx_word' id='word_1_450' title='bbox 642 3364 876 3435; x_wconf 78' lang='grc' dir='ltr'><strong>Ἡρώδῃ,</strong></span> <span class='ocrx_word' id='word_1_451' title='bbox 901 3368 995 3418; x_wconf 70' lang='grc' dir='ltr'><strong>καὶ</strong></span> <span class='ocrx_word' id='word_1_452' title='bbox 1023 3367 1084 3418; x_wconf 77' lang='grc' dir='ltr'><strong>ὲκ</strong></span> <span class='ocrx_word' id='word_1_453' title='bbox 1133 3366 1392 3432; x_wconf 72' lang='grc' dir='ltr'><strong>γυναικὸς</strong></span> <span class='ocrx_word' id='word_1_454' title='bbox 1449 3365 1631 3426; x_wconf 85' lang='grc' dir='ltr'><strong>κακῶς</strong></span> <span class='ocrx_word' id='word_1_455' title='bbox 1663 3366 1768 3418; x_wconf 81' lang='grc' dir='ltr'><strong>πά-</strong></span> 
     </span>
    </p>
   </div>
   <div class='ocr_carea' id='block_1_66' title="bbox 209 3458 1776 3527">
    <p class='ocr_par' dir='ltr' id='par_1_66' title="bbox 209 3458 1776 3527">
     <span class='ocr_line' id='line_1_66' title="bbox 209 3458 1776 3527; baseline -0.002 -19"><span class='ocrx_word' id='word_1_456' title='bbox 209 3475 360 3525; x_wconf 54' lang='grc' dir='ltr'><strong>σλειν</strong></span> <span class='ocrx_word' id='word_1_457' title='bbox 407 3458 632 3527; x_wconf 72' lang='grc' dir='ltr'><strong>ἧρξατο,</strong></span> <span class='ocrx_word' id='word_1_458' title='bbox 669 3459 953 3525; x_wconf 78' lang='grc' dir='ltr'><strong>ἐμφυλίοις</strong></span> <span class='ocrx_word' id='word_1_459' title='bbox 990 3459 1083 3511; x_wconf 73' lang='grc' dir='ltr'><strong>καὶ</strong></span> <span class='ocrx_word' id='word_1_460' title='bbox 1115 3458 1223 3510; x_wconf 85' lang='grc' dir='ltr'><strong>τῶν</strong></span> <span class='ocrx_word' id='word_1_461' title='bbox 1255 3459 1492 3527; x_wconf 84' lang='grc' dir='ltr'><strong>γνησίων</strong></span> <span class='ocrx_word' id='word_1_462' title='bbox 1520 3460 1776 3526; x_wconf 66' lang='grc' dir='ltr'><strong>χρανθεῖς</strong></span> 
     </span>
    </p>
   </div>
   <div class='ocr_carea' id='block_1_67' title="bbox 211 3545 1772 3617">
    <p class='ocr_par' dir='ltr' id='par_1_67' title="bbox 211 3545 1772 3617">
     <span class='ocr_line' id='line_1_67' title="bbox 211 3545 1772 3617; baseline -0.002 -18"><span class='ocrx_word' id='word_1_463' title='bbox 211 3550 432 3614; x_wconf 55' lang='grc' dir='ltr'><strong>εἵμασι,</strong></span> <span class='ocrx_word' id='word_1_464' title='bbox 476 3545 569 3598; x_wconf 83' lang='grc' dir='ltr'><strong>νῦν</strong></span> <span class='ocrx_word' id='word_1_465' title='bbox 613 3548 673 3598; x_wconf 82' lang='grc' dir='ltr'><strong>ού</strong></span> <span class='ocrx_word' id='word_1_466' title='bbox 726 3548 908 3613; x_wconf 90' lang='grc' dir='ltr'><strong>λέγειν</strong></span> <span class='ocrx_word' id='word_1_467' title='bbox 943 3549 1159 3617; x_wconf 85' lang='grc' dir='ltr'><strong>καιρός.</strong></span> <span class='ocrx_word' id='word_1_468' title='bbox 1199 3547 1312 3601; x_wconf 78' lang='grc' dir='ltr'><strong>Καὶ</strong></span> <span class='ocrx_word' id='word_1_469' title='bbox 1332 3547 1506 3600; x_wconf 80' lang='grc' dir='ltr'><strong>ταῦτα</strong></span> <span class='ocrx_word' id='word_1_470' title='bbox 1540 3547 1772 3614; x_wconf 84' lang='grc' dir='ltr'><strong>διῆλθον,</strong></span> 
     </span>
    </p>
   </div>
   <div class='ocr_carea' id='block_1_68' title="bbox 212 3635 1776 3706">
    <p class='ocr_par' dir='ltr' id='par_1_68' title="bbox 212 3635 1776 3706">
     <span class='ocr_line' id='line_1_68' title="bbox 212 3635 1776 3706; baseline 0.004 -21"><span class='ocrx_word' id='word_1_471' title='bbox 212 3635 572 3705; x_wconf 62' lang='grc' dir='ltr'><strong>παραστῆσαι</strong></span> <span class='ocrx_word' id='word_1_472' title='bbox 605 3636 772 3688; x_wconf 79' lang='grc' dir='ltr'><strong>θέλων</strong></span> <span class='ocrx_word' id='word_1_473' title='bbox 816 3637 914 3706; x_wconf 77' lang='grc' dir='ltr'><strong>τὴν</strong></span> <span class='ocrx_word' id='word_1_474' title='bbox 949 3637 1289 3706; x_wconf 83' lang='grc' dir='ltr'><strong>προφητείαν</strong></span> <span class='ocrx_word' id='word_1_475' title='bbox 1315 3638 1628 3706; x_wconf 48' lang='grc' dir='ltr'><strong>ἀκίδδγλον,</strong></span> <span class='ocrx_word' id='word_1_476' title='bbox 1653 3641 1776 3692; x_wconf 79' lang='grc' dir='ltr'><strong>Οὐκ</strong></span> 
     </span>
    </p>
   </div>
   <div class='ocr_carea' id='block_1_69' title="bbox 209 3727 1780 3796">
    <p class='ocr_par' dir='ltr' id='par_1_69' title="bbox 209 3727 1780 3796">
     <span class='ocr_line' id='line_1_69' title="bbox 209 3727 1780 3796; baseline -0.001 -15"><span class='ocrx_word' id='word_1_477' title='bbox 209 3730 506 3796; x_wconf 61' lang='grc' dir='ltr'><strong>ἐκλείψει,</strong></span> <span class='ocrx_word' id='word_1_478' title='bbox 555 3728 844 3793; x_wconf 82' lang='grc' dir='ltr'><strong>λέγουσαν,</strong></span> <span class='ocrx_word' id='word_1_479' title='bbox 888 3727 1089 3796; x_wconf 77' lang='grc' dir='ltr'><strong>ἅρχων</strong></span> <span class='ocrx_word' id='word_1_480' title='bbox 1118 3730 1184 3792; x_wconf 70' lang='grc' dir='ltr'><strong>ἐξ</strong></span> <span class='ocrx_word' id='word_1_481' title='bbox 1231 3729 1448 3793; x_wconf 78' lang='grc' dir='ltr'><strong>Ἰούδα,</strong></span> <span class='ocrx_word' id='word_1_482' title='bbox 1479 3730 1576 3783; x_wconf 77' lang='grc' dir='ltr'><strong>καὶ</strong></span> <span class='ocrx_word' id='word_1_483' title='bbox 1602 3730 1780 3796; x_wconf 68' lang='grc' dir='ltr'><strong>ἡγού-</strong></span> 
     </span>
    </p>
   </div>
   <div class='ocr_carea' id='block_1_70' title="bbox 207 3807 1780 3882">
    <p class='ocr_par' dir='ltr' id='par_1_70' title="bbox 207 3807 1780 3882">
     <span class='ocr_line' id='line_1_70' title="bbox 207 3807 1780 3882; baseline 0.002 -18"><span class='ocrx_word' id='word_1_484' title='bbox 207 3829 392 3882; x_wconf 73' lang='grc' dir='ltr'><strong>,ιιενος</strong></span> <span class='ocrx_word' id='word_1_485' title='bbox 424 3812 493 3864; x_wconf 80' lang='grc' dir='ltr'><strong>ἐκ</strong></span> <span class='ocrx_word' id='word_1_486' title='bbox 521 3811 638 3864; x_wconf 82' lang='grc' dir='ltr'><strong>τῶν</strong></span> <span class='ocrx_word' id='word_1_487' title='bbox 661 3811 868 3878; x_wconf 80' lang='grc' dir='ltr'><strong>μηρῶν</strong></span> <span class='ocrx_word' id='word_1_488' title='bbox 898 3813 1109 3875; x_wconf 81' lang='grc' dir='ltr'><strong>αὑτοῦ,</strong></span> <span class='ocrx_word' id='word_1_489' title='bbox 1133 3811 1242 3878; x_wconf 74' lang='grc' dir='ltr'><strong>ἕως</strong></span> <span class='ocrx_word' id='word_1_490' title='bbox 1268 3809 1339 3867; x_wconf 87' lang='grc' dir='ltr'><strong>οὗ</strong></span> <span class='ocrx_word' id='word_1_491' title='bbox 1371 3815 1521 3881; x_wconf 73' lang='grc' dir='ltr'><strong>ἔλθη</strong></span> <span class='ocrx_word' id='word_1_492' title='bbox 1554 3807 1602 3880; x_wconf 81' lang='grc' dir='ltr'><strong><em>ᾧ</em></strong></span> <span class='ocrx_word' id='word_1_493' title='bbox 1629 3814 1780 3866; x_wconf 84' lang='grc' dir='ltr'><strong>ἁπό-</strong></span> 
     </span>
    </p>
   </div>
   <div class='ocr_carea' id='block_1_71' title="bbox 211 3905 1781 3979">
    <p class='ocr_par' dir='ltr' id='par_1_71' title="bbox 211 3905 1781 3979">
     <span class='ocr_line' id='line_1_71' title="bbox 211 3905 1781 3979; baseline 0.002 -20"><span class='ocrx_word' id='word_1_494' title='bbox 211 3925 401 3960; x_wconf 81' lang='grc' dir='ltr'><strong>κειται</strong></span> <span class='ocrx_word' id='word_1_495' title='bbox 427 3924 441 3938; x_wconf 90' lang='grc'><strong>·</strong></span> <span class='ocrx_word' id='word_1_496' title='bbox 473 3906 568 3958; x_wconf 77' lang='grc' dir='ltr'><strong>καί</strong></span> <span class='ocrx_word' id='word_1_497' title='bbox 594 3907 769 3971; x_wconf 82' lang='grc' dir='ltr'><strong>αὐτός</strong></span> <span class='ocrx_word' id='word_1_498' title='bbox 795 3905 925 3959; x_wconf 81' lang='grc' dir='ltr'><strong>ἐστι</strong></span> <span class='ocrx_word' id='word_1_499' title='bbox 953 3906 1285 3972; x_wconf 82' lang='grc' dir='ltr'><strong>προσδοκία</strong></span> <span class='ocrx_word' id='word_1_500' title='bbox 1306 3907 1516 3962; x_wconf 80' lang='grc' dir='ltr'><strong>ἐθνῶν.</strong></span> <span class='ocrx_word' id='word_1_501' title='bbox 1559 3909 1645 3971; x_wconf 85' lang='grc' dir='ltr'><strong>Ὠς</strong></span> <span class='ocrx_word' id='word_1_502' title='bbox 1675 3910 1781 3979; x_wconf 82' lang='grc' dir='ltr'><strong>γὰρ</strong></span> 
     </span>
    </p>
   </div>
   <div class='ocr_carea' id='block_1_72' title="bbox 212 4000 1782 4070">
    <p class='ocr_par' dir='ltr' id='par_1_72' title="bbox 212 4000 1782 4070">
     <span class='ocr_line' id='line_1_72' title="bbox 212 4000 1782 4070; baseline 0.001 -18"><span class='ocrx_word' id='word_1_503' title='bbox 212 4004 261 4052; x_wconf 83' lang='grc' dir='ltr'><strong>οἱ</strong></span> <span class='ocrx_word' id='word_1_504' title='bbox 296 4001 355 4060; x_wconf 75' lang='grc' dir='ltr'><strong>ἐξ</strong></span> <span class='ocrx_word' id='word_1_505' title='bbox 395 4000 565 4052; x_wconf 74' lang='grc' dir='ltr'><strong>Ἰούδα</strong></span> <span class='ocrx_word' id='word_1_506' title='bbox 590 4002 689 4070; x_wconf 74' lang='grc' dir='ltr'><strong>τὴν</strong></span> <span class='ocrx_word' id='word_1_507' title='bbox 717 4001 810 4053; x_wconf 84' lang='grc' dir='ltr'><strong>τοῦ</strong></span> <span class='ocrx_word' id='word_1_508' title='bbox 846 4001 1039 4070; x_wconf 81' lang='grc' dir='ltr'><strong>γένους</strong></span> <span class='ocrx_word' id='word_1_509' title='bbox 1081 4003 1270 4068; x_wconf 79' lang='grc' dir='ltr'><strong>σειρὰν</strong></span> <span class='ocrx_word' id='word_1_510' title='bbox 1309 4001 1640 4069; x_wconf 75' lang='grc' dir='ltr'><strong>κατάγοντες</strong></span> <span class='ocrx_word' id='word_1_511' title='bbox 1665 4003 1782 4054; x_wconf 90' lang='grc' dir='ltr'><strong>δια-</strong></span> 
     </span>
    </p>
   </div>
   <div class='ocr_carea' id='block_1_73' title="bbox 211 4093 1783 4163">
    <p class='ocr_par' dir='ltr' id='par_1_73' title="bbox 211 4093 1783 4163">
     <span class='ocr_line' id='line_1_73' title="bbox 211 4093 1783 4163; baseline 0 -17"><span class='ocrx_word' id='word_1_512' title='bbox 211 4096 534 4147; x_wconf 80' lang='grc' dir='ltr'><strong>λελοίπασιν</strong></span> <span class='ocrx_word' id='word_1_513' title='bbox 573 4095 852 4163; x_wconf 77' lang='grc' dir='ltr'><strong>ἄρχοντες,</strong></span> <span class='ocrx_word' id='word_1_514' title='bbox 881 4096 974 4146; x_wconf 77' lang='grc' dir='ltr'><strong>καὶ</strong></span> <span class='ocrx_word' id='word_1_515' title='bbox 1001 4094 1076 4156; x_wconf 80' lang='grc' dir='ltr'><strong>ὡς</strong></span> <span class='ocrx_word' id='word_1_516' title='bbox 1107 4097 1135 4147; x_wconf 88' lang='grc' dir='ltr'><strong>ό</strong></span> <span class='ocrx_word' id='word_1_517' title='bbox 1165 4095 1222 4160; x_wconf 80' lang='grc' dir='ltr'>ἐξ</span> <span class='ocrx_word' id='word_1_518' title='bbox 1263 4094 1576 4163; x_wconf 88' lang='grc' dir='ltr'><strong>Ἰδουμαίων</strong></span> <span class='ocrx_word' id='word_1_519' title='bbox 1608 4093 1783 4162; x_wconf 84' lang='grc' dir='ltr'><strong>Ἡρώ-</strong></span> 
     </span>
    </p>
   </div>
   <div class='ocr_carea' id='block_1_74' title="bbox 213 4181 1784 4255">
    <p class='ocr_par' dir='ltr' id='par_1_74' title="bbox 213 4181 1784 4255">
     <span class='ocr_line' id='line_1_74' title="bbox 213 4181 1784 4255; baseline -0.001 -17"><span class='ocrx_word' id='word_1_520' title='bbox 213 4187 312 4255; x_wconf 68' lang='grc' dir='ltr'><strong>δης</strong></span> <span class='ocrx_word' id='word_1_521' title='bbox 343 4185 644 4254; x_wconf 75' lang='grc' dir='ltr'><strong>ἀλλόφυλος</strong></span> <span class='ocrx_word' id='word_1_522' title='bbox 674 4183 749 4237; x_wconf 81' lang='grc' dir='ltr'><strong>ὢν</strong></span> <span class='ocrx_word' id='word_1_523' title='bbox 771 4181 1235 4255; x_wconf 78' lang='grc' dir='ltr'><strong>ἧρξενἘὸραίων,</strong></span> <span class='ocrx_word' id='word_1_524' title='bbox 1279 4185 1477 4247; x_wconf 80' lang='grc' dir='ltr'><strong>ἱκανῶς</strong></span> <span class='ocrx_word' id='word_1_525' title='bbox 1509 4185 1784 4238; x_wconf 84' lang='grc' dir='ltr'><strong>ἀποδέδει-</strong></span> 
     </span>
    </p>
   </div>
   <div class='ocr_carea' id='block_1_75' title="bbox 215 4278 1781 4348">
    <p class='ocr_par' dir='ltr' id='par_1_75' title="bbox 215 4278 1781 4348">
     <span class='ocr_line' id='line_1_75' title="bbox 215 4278 1781 4348; baseline -0.001 -17"><span class='ocrx_word' id='word_1_526' title='bbox 215 4296 346 4332; x_wconf 80' lang='grc' dir='ltr'><strong>κται</strong></span> <span class='ocrx_word' id='word_1_527' title='bbox 368 4295 382 4309; x_wconf 79' lang='grc' dir='ltr'><strong><em>ο</em></strong></span> <span class='ocrx_word' id='word_1_528' title='bbox 413 4278 649 4346; x_wconf 80' lang='grc' dir='ltr'><strong>ὁπηνίκα</strong></span> <span class='ocrx_word' id='word_1_529' title='bbox 686 4279 778 4330; x_wconf 75' lang='grc' dir='ltr'><strong>καὶ</strong></span> <span class='ocrx_word' id='word_1_530' title='bbox 836 4279 870 4348; x_wconf 83' lang='grc' dir='ltr'>ἡ</span> <span class='ocrx_word' id='word_1_531' title='bbox 920 4278 1227 4347; x_wconf 73' lang='grc' dir='ltr'><strong>προφητεία</strong></span> <span class='ocrx_word' id='word_1_532' title='bbox 1275 4279 1425 4341; x_wconf 90' lang='grc' dir='ltr'><strong>τέλος</strong></span> <span class='ocrx_word' id='word_1_533' title='bbox 1454 4278 1781 4348; x_wconf 71' lang='grc' dir='ltr'><strong>ἐλάμϐανεν,</strong></span> 
     </span>
    </p>
   </div>
   <div class='ocr_carea' id='block_1_76' title="bbox 214 4370 1782 4440">
    <p class='ocr_par' dir='ltr' id='par_1_76' title="bbox 214 4370 1782 4440">
     <span class='ocr_line' id='line_1_76' title="bbox 214 4370 1782 4440; baseline 0.003 -19"><span class='ocrx_word' id='word_1_534' title='bbox 214 4373 292 4434; x_wconf 83' lang='grc' dir='ltr'><strong>ὡς</strong></span> <span class='ocrx_word' id='word_1_535' title='bbox 355 4371 552 4440; x_wconf 83' lang='grc' dir='ltr'><strong>μικρὸν</strong></span> <span class='ocrx_word' id='word_1_536' title='bbox 607 4373 834 4439; x_wconf 85' lang='grc' dir='ltr'><strong>προῖὼν,</strong></span> <span class='ocrx_word' id='word_1_537' title='bbox 875 4370 1173 4439; x_wconf 79' lang='grc' dir='ltr'><strong>σαφηνείας</strong></span> <span class='ocrx_word' id='word_1_538' title='bbox 1205 4370 1368 4423; x_wconf 74' lang='grc' dir='ltr'><strong>ἕνεκα</strong></span> <span class='ocrx_word' id='word_1_539' title='bbox 1412 4370 1782 4440; x_wconf 72' lang='grc' dir='ltr'><strong>διαλήψομαιο</strong></span> 
     </span>
    </p>
   </div>
   <div class='ocr_carea' id='block_1_77' title="bbox 214 4460 1787 4538">
    <p class='ocr_par' dir='ltr' id='par_1_77' title="bbox 214 4460 1787 4538">
     <span class='ocr_line' id='line_1_77' title="bbox 214 4460 1787 4538; baseline -0.002 -21"><span class='ocrx_word' id='word_1_540' title='bbox 214 4463 539 4529; x_wconf 81' lang='grc' dir='ltr'><strong>Αὐγούστου</strong></span> <span class='ocrx_word' id='word_1_541' title='bbox 573 4463 678 4538; x_wconf 83' lang='grc' dir='ltr'><strong>γὰρ</strong></span> <span class='ocrx_word' id='word_1_542' title='bbox 710 4464 789 4524; x_wconf 85' lang='grc' dir='ltr'><strong>είς</strong></span> <span class='ocrx_word' id='word_1_543' title='bbox 830 4460 1047 4532; x_wconf 83' lang='grc' dir='ltr'><strong>Ῥώμην</strong></span> <span class='ocrx_word' id='word_1_544' title='bbox 1077 4463 1413 4525; x_wconf 77' lang='grc' dir='ltr'><strong>ἐπανιόντος,</strong></span> <span class='ocrx_word' id='word_1_545' title='bbox 1451 4464 1548 4515; x_wconf 71' lang='grc' dir='ltr'><strong>καὶ</strong></span> <span class='ocrx_word' id='word_1_546' title='bbox 1583 4463 1662 4524; x_wconf 83' lang='grc' dir='ltr'><strong>είς</strong></span> <span class='ocrx_word' id='word_1_547' title='bbox 1691 4478 1787 4532; x_wconf 85' lang='grc' dir='ltr'><strong>μο-</strong></span> 
     </span>
    </p>
   </div>
   <div class='ocr_carea' id='block_1_78' title="bbox 1888 3277 3448 3348">
    <p class='ocr_par' dir='ltr' id='par_1_78' title="bbox 1888 3277 3448 3348">
     <span class='ocr_line' id='line_1_78' title="bbox 1888 3277 3448 3348; baseline 0.01 -22"><span class='ocrx_word' id='word_1_548' title='bbox 1888 3286 2139 3331; x_wconf 85' lang='lat' dir='ltr'><strong>metuens</strong></span> <span class='ocrx_word' id='word_1_549' title='bbox 2167 3277 2425 3346; x_wconf 81' lang='lat' dir='ltr'><strong>Antigoni</strong></span> <span class='ocrx_word' id='word_1_550' title='bbox 2470 3279 2686 3348; x_wconf 78' lang='lat' dir='ltr'><strong>generis</strong></span> <span class='ocrx_word' id='word_1_551' title='bbox 2722 3281 3062 3337; x_wconf 87' lang='lat' dir='ltr'><strong>nobilitatcru</strong></span> <span class='ocrx_word' id='word_1_552' title='bbox 3085 3326 3099 3347; x_wconf 93' lang='lat'><strong>,</strong></span> <span class='ocrx_word' id='word_1_553' title='bbox 3134 3302 3201 3339; x_wconf 91' lang='lat' dir='ltr'><strong>ne</strong></span> <span class='ocrx_word' id='word_1_554' title='bbox 3235 3289 3448 3342; x_wconf 87' lang='lat' dir='ltr'><strong>scilicet</strong></span> 
     </span>
    </p>
   </div>
   <div class='ocr_carea' id='block_1_79' title="bbox 1886 3368 3443 3445">
    <p class='ocr_par' dir='ltr' id='par_1_79' title="bbox 1886 3368 3443 3445">
     <span class='ocr_line' id='line_1_79' title="bbox 1886 3368 3443 3445; baseline 0.007 -25"><span class='ocrx_word' id='word_1_555' title='bbox 1886 3369 1978 3421; x_wconf 89' lang='lat' dir='ltr'><strong>ille</strong></span> <span class='ocrx_word' id='word_1_556' title='bbox 2010 3368 2235 3422; x_wconf 82' lang='lat' dir='ltr'><strong>Romam</strong></span> <span class='ocrx_word' id='word_1_557' title='bbox 2266 3370 2543 3438; x_wconf 87' lang='lat' dir='ltr'><strong>profectus</strong></span> <span class='ocrx_word' id='word_1_558' title='bbox 2572 3371 2668 3439; x_wconf 82' lang='grc'><strong>(5),</strong></span> <span class='ocrx_word' id='word_1_559' title='bbox 2692 3373 2816 3441; x_wconf 90' lang='lat' dir='ltr'><strong>jura</strong></span> <span class='ocrx_word' id='word_1_560' title='bbox 2853 3388 2949 3428; x_wconf 88' lang='lat' dir='ltr'><strong>sua</strong></span> <span class='ocrx_word' id='word_1_561' title='bbox 3005 3376 3146 3445; x_wconf 92' lang='lat' dir='ltr'><strong>apud</strong></span> <span class='ocrx_word' id='word_1_562' title='bbox 3193 3390 3443 3434; x_wconf 89' lang='lat' dir='ltr'><strong>senatum</strong></span> 
     </span>
    </p>
   </div>
   <div class='ocr_carea' id='block_1_80' title="bbox 1883 3459 3452 3534">
    <p class='ocr_par' dir='ltr' id='par_1_80' title="bbox 1883 3459 3452 3534">
     <span class='ocr_line' id='line_1_80' title="bbox 1883 3459 3452 3534; baseline 0.008 -24"><span class='ocrx_word' id='word_1_563' title='bbox 1883 3467 2204 3524; x_wconf 71' lang='lat' dir='ltr'><strong>exponeret,</strong></span> <span class='ocrx_word' id='word_1_564' title='bbox 2231 3467 2287 3512; x_wconf 87' lang='lat' dir='ltr'><strong>et</strong></span> <span class='ocrx_word' id='word_1_565' title='bbox 2317 3459 2547 3513; x_wconf 81' lang='lat' dir='ltr'><strong>Romani</strong></span> <span class='ocrx_word' id='word_1_566' title='bbox 2595 3474 2653 3514; x_wconf 87' lang='lat' dir='ltr'><strong>se</strong></span> <span class='ocrx_word' id='word_1_567' title='bbox 2694 3461 2915 3528; x_wconf 88' lang='lat' dir='ltr'><strong>quidem</strong></span> <span class='ocrx_word' id='word_1_568' title='bbox 2964 3473 3023 3517; x_wconf 94' lang='lat' dir='ltr'><strong>ut</strong></span> <span class='ocrx_word' id='word_1_569' title='bbox 3071 3466 3340 3534; x_wconf 87' lang='lat' dir='ltr'><strong>privatqu</strong></span> <span class='ocrx_word' id='word_1_570' title='bbox 3394 3480 3452 3524; x_wconf 89' lang='lat' dir='ltr'><strong>ct</strong></span> 
     </span>
    </p>
   </div>
   <div class='ocr_carea' id='block_1_81' title="bbox 1887 3553 3453 3635">
    <p class='ocr_par' dir='ltr' id='par_1_81' title="bbox 1887 3553 3453 3635">
     <span class='ocr_line' id='line_1_81' title="bbox 1887 3553 3453 3635; baseline 0.008 -30"><span class='ocrx_word' id='word_1_571' title='bbox 1887 3553 2152 3606; x_wconf 83' lang='lat' dir='ltr'><strong>advenam</strong></span> <span class='ocrx_word' id='word_1_572' title='bbox 2187 3553 2501 3620; x_wconf 88' lang='lat' dir='ltr'><strong>rejicerent,</strong></span> <span class='ocrx_word' id='word_1_573' title='bbox 2545 3555 2624 3608; x_wconf 91' lang='lat' dir='ltr'><strong>illi</strong></span> <span class='ocrx_word' id='word_1_574' title='bbox 2654 3571 2803 3616; x_wconf 90' lang='lat' dir='ltr'><strong>vero,</strong></span> <span class='ocrx_word' id='word_1_575' title='bbox 2830 3565 2923 3610; x_wconf 87' lang='lat' dir='ltr'><strong>aut</strong></span> <span class='ocrx_word' id='word_1_576' title='bbox 2958 3558 3149 3613; x_wconf 89' lang='lat' dir='ltr'><strong>saltem</strong></span> <span class='ocrx_word' id='word_1_577' title='bbox 3182 3561 3308 3617; x_wconf 79' lang='lat' dir='ltr'><strong>filiis</strong></span> <span class='ocrx_word' id='word_1_578' title='bbox 3335 3565 3453 3635; x_wconf 86' lang='lat' dir='ltr'><strong>ejus</strong></span> 
     </span>
    </p>
   </div>
   <div class='ocr_carea' id='block_1_82' title="bbox 1889 3645 3452 3725">
    <p class='ocr_par' dir='ltr' id='par_1_82' title="bbox 1889 3645 3452 3725">
     <span class='ocr_line' id='line_1_82' title="bbox 1889 3645 3452 3725; baseline 0.008 -26"><span class='ocrx_word' id='word_1_579' title='bbox 1889 3659 2115 3712; x_wconf 78' lang='lat' dir='ltr'><strong>regnum</strong></span> <span class='ocrx_word' id='word_1_580' title='bbox 2156 3645 2475 3710; x_wconf 88' lang='lat' dir='ltr'><strong>redderent,</strong></span> <span class='ocrx_word' id='word_1_581' title='bbox 2514 3648 2806 3716; x_wconf 87' lang='lat' dir='ltr'><strong>persuadet</strong></span> <span class='ocrx_word' id='word_1_582' title='bbox 2877 3655 3297 3725; x_wconf 89' lang='lat' dir='ltr'><strong>corrumpitque</strong></span> <span class='ocrx_word' id='word_1_583' title='bbox 3362 3673 3452 3725; x_wconf 88' lang='lat' dir='ltr'><strong>pe-</strong></span> 
     </span>
    </p>
   </div>
   <div class='ocr_carea' id='block_1_83' title="bbox 1891 3723 3454 3810">
    <p class='ocr_par' dir='ltr' id='par_1_83' title="bbox 1891 3723 3454 3810">
     <span class='ocr_line' id='line_1_83' title="bbox 1891 3723 3454 3810; baseline 0.005 -19"><span class='ocrx_word' id='word_1_584' title='bbox 1891 3738 2053 3791; x_wconf 89' lang='lat' dir='ltr'><strong>cunia</strong></span> <span class='ocrx_word' id='word_1_585' title='bbox 2099 3738 2420 3805; x_wconf 82' lang='lat' dir='ltr'><strong>Antonium,</strong></span> <span class='ocrx_word' id='word_1_586' title='bbox 2467 3751 2528 3794; x_wconf 92' lang='lat' dir='ltr'><strong>ut</strong></span> <span class='ocrx_word' id='word_1_587' title='bbox 2573 3723 2918 3810; x_wconf 48' lang='lat' dir='ltr'><strong>Antigonum,</strong></span> <span class='ocrx_word' id='word_1_588' title='bbox 2945 3747 3178 3800; x_wconf 88' lang='lat' dir='ltr'><strong>occidat.</strong></span> <span class='ocrx_word' id='word_1_589' title='bbox 3214 3723 3328 3802; x_wconf 12' lang='lat' dir='ltr'><strong>iSic</strong></span> <span class='ocrx_word' id='word_1_590' title='bbox 3363 3723 3454 3803; x_wconf 69' lang='lat' dir='ltr'><strong>ille</strong></span> 
     </span>
    </p>
   </div>
   <div class='ocr_carea' id='block_1_84' title="bbox 1892 3829 3453 3910">
    <p class='ocr_par' dir='ltr' id='par_1_84' title="bbox 1892 3829 3453 3910">
     <span class='ocr_line' id='line_1_84' title="bbox 1892 3829 3453 3910; baseline 0.007 -26"><span class='ocrx_word' id='word_1_591' title='bbox 1892 3829 2179 3884; x_wconf 90' lang='lat' dir='ltr'><strong>confestim</strong></span> <span class='ocrx_word' id='word_1_592' title='bbox 2213 3830 2392 3885; x_wconf 87' lang='lat' dir='ltr'><strong>securi</strong></span> <span class='ocrx_word' id='word_1_593' title='bbox 2419 3833 2744 3900; x_wconf 85' lang='lat' dir='ltr'><strong>percutitur.</strong></span> <span class='ocrx_word' id='word_1_594' title='bbox 2787 3835 3067 3906; x_wconf 80' lang='lat' dir='ltr'><strong>Hyrcanus</strong></span> <span class='ocrx_word' id='word_1_595' title='bbox 3094 3854 3226 3894; x_wconf 88' lang='lat' dir='ltr'><strong>vero</strong></span> <span class='ocrx_word' id='word_1_596' title='bbox 3251 3851 3304 3894; x_wconf 89' lang='lat' dir='ltr'><strong>et</strong></span> <span class='ocrx_word' id='word_1_597' title='bbox 3341 3843 3453 3910; x_wconf 61' lang='lat' dir='ltr'><strong>ipse</strong></span> 
     </span>
    </p>
   </div>
   <div class='ocr_carea' id='block_1_85' title="bbox 1892 3921 3454 3992">
    <p class='ocr_par' dir='ltr' id='par_1_85' title="bbox 1892 3921 3454 3992">
     <span class='ocr_line' id='line_1_85' title="bbox 1892 3921 3454 3992; baseline 0.008 -17"><span class='ocrx_word' id='word_1_598' title='bbox 1892 3935 1921 3975; x_wconf 85' lang='lat' dir='ltr'><strong>a</strong></span> <span class='ocrx_word' id='word_1_599' title='bbox 1946 3921 2165 3976; x_wconf 86' lang='lat' dir='ltr'><strong>Parthis</strong></span> <span class='ocrx_word' id='word_1_600' title='bbox 2189 3937 2254 3976; x_wconf 87' lang='lat' dir='ltr'><strong>ex</strong></span> <span class='ocrx_word' id='word_1_601' title='bbox 2277 3924 2593 3991; x_wconf 86' lang='lat' dir='ltr'><strong>captivitate</strong></span> <span class='ocrx_word' id='word_1_602' title='bbox 2616 3926 2898 3992; x_wconf 71' lang='lat' dir='ltr'><strong>dimissus,</strong></span> <span class='ocrx_word' id='word_1_603' title='bbox 2922 3930 2989 3983; x_wconf 91' lang='lat' dir='ltr'><strong>ad</strong></span> <span class='ocrx_word' id='word_1_604' title='bbox 3024 3931 3292 3986; x_wconf 85' lang='lat' dir='ltr'><strong>Herodem</strong></span> <span class='ocrx_word' id='word_1_605' title='bbox 3323 3950 3454 3988; x_wconf 86' lang='lat' dir='ltr'><strong>con-</strong></span> 
     </span>
    </p>
   </div>
   <div class='ocr_carea' id='block_1_86' title="bbox 1895 4011 3455 4091">
    <p class='ocr_par' dir='ltr' id='par_1_86' title="bbox 1895 4011 3455 4091">
     <span class='ocr_line' id='line_1_86' title="bbox 1895 4011 3455 4091; baseline 0.008 -26"><span class='ocrx_word' id='word_1_606' title='bbox 1895 4011 2031 4082; x_wconf 84' lang='lat' dir='ltr'><strong>fugit</strong></span> <span class='ocrx_word' id='word_1_607' title='bbox 2073 4031 2085 4067; x_wconf 88' lang='lat'><strong>:</strong></span> <span class='ocrx_word' id='word_1_608' title='bbox 2124 4024 2180 4069; x_wconf 92' lang='lat' dir='ltr'><strong>et</strong></span> <span class='ocrx_word' id='word_1_609' title='bbox 2215 4015 2304 4068; x_wconf 91' lang='lat' dir='ltr'><strong>ille</strong></span> <span class='ocrx_word' id='word_1_610' title='bbox 2341 4017 2559 4085; x_wconf 77' lang='lat' dir='ltr'><strong>quidem</strong></span> <span class='ocrx_word' id='word_1_611' title='bbox 2595 4034 2720 4072; x_wconf 91' lang='lat' dir='ltr'><strong>eum</strong></span> <span class='ocrx_word' id='word_1_612' title='bbox 2759 4021 2812 4073; x_wconf 91' lang='lat' dir='ltr'><strong>in</strong></span> <span class='ocrx_word' id='word_1_613' title='bbox 2861 4023 3038 4090; x_wconf 86' lang='lat' dir='ltr'><strong>pretio</strong></span> <span class='ocrx_word' id='word_1_614' title='bbox 3073 4026 3307 4091; x_wconf 92' lang='lat' dir='ltr'><strong>primum</strong></span> <span class='ocrx_word' id='word_1_615' title='bbox 3358 4028 3455 4080; x_wconf 79' lang='lat' dir='ltr'><strong>hn-</strong></span> 
     </span>
    </p>
   </div>
   <div class='ocr_carea' id='block_1_87' title="bbox 1895 4107 3456 4181">
    <p class='ocr_par' dir='ltr' id='par_1_87' title="bbox 1895 4107 3456 4181">
     <span class='ocr_line' id='line_1_87' title="bbox 1895 4107 3456 4181; baseline 0.008 -21"><span class='ocrx_word' id='word_1_616' title='bbox 1895 4107 2031 4171; x_wconf 87' lang='lat' dir='ltr'><strong>buit,</strong></span> <span class='ocrx_word' id='word_1_617' title='bbox 2061 4122 2374 4178; x_wconf 88' lang='lat' dir='ltr'><strong>suspectum</strong></span> <span class='ocrx_word' id='word_1_618' title='bbox 2407 4121 2588 4164; x_wconf 87' lang='lat' dir='ltr'><strong>autem</strong></span> <span class='ocrx_word' id='word_1_619' title='bbox 2619 4124 2806 4181; x_wconf 83' lang='lat' dir='ltr'><strong>postea</strong></span> <span class='ocrx_word' id='word_1_620' title='bbox 2835 4115 2938 4169; x_wconf 89' lang='lat' dir='ltr'><strong>sibi</strong></span> <span class='ocrx_word' id='word_1_621' title='bbox 2972 4117 3267 4172; x_wconf 87' lang='lat' dir='ltr'><strong>interemit.</strong></span> <span class='ocrx_word' id='word_1_622' title='bbox 3297 4121 3456 4174; x_wconf 87' lang='lat' dir='ltr'><strong>Post-</strong></span> 
     </span>
    </p>
   </div>
   <div class='ocr_carea' id='block_1_88' title="bbox 1895 4199 3456 4282">
    <p class='ocr_par' dir='ltr' id='par_1_88' title="bbox 1895 4199 3456 4282">
     <span class='ocr_line' id='line_1_88' title="bbox 1895 4199 3456 4282; baseline 0.01 -33"><span class='ocrx_word' id='word_1_623' title='bbox 1895 4212 2056 4266; x_wconf 88' lang='lat' dir='ltr'><strong>quam</strong></span> <span class='ocrx_word' id='word_1_624' title='bbox 2085 4213 2216 4252; x_wconf 85' lang='lat' dir='ltr'><strong>vero</strong></span> <span class='ocrx_word' id='word_1_625' title='bbox 2263 4199 2487 4253; x_wconf 88' lang='lat' dir='ltr'><strong>fratrem</strong></span> <span class='ocrx_word' id='word_1_626' title='bbox 2539 4217 2759 4272; x_wconf 86' lang='lat' dir='ltr'><strong>quoque</strong></span> <span class='ocrx_word' id='word_1_627' title='bbox 2811 4205 3160 4262; x_wconf 83' lang='lat' dir='ltr'><strong>Mariammcs</strong></span> <span class='ocrx_word' id='word_1_628' title='bbox 3207 4213 3456 4282; x_wconf 78' lang='lat' dir='ltr'><strong>conjugis</strong></span> 
     </span>
    </p>
   </div>
   <div class='ocr_carea' id='block_1_89' title="bbox 1895 4291 3453 4370">
    <p class='ocr_par' dir='ltr' id='par_1_89' title="bbox 1895 4291 3453 4370">
     <span class='ocr_line' id='line_1_89' title="bbox 1895 4291 3453 4370; baseline 0.007 -29"><span class='ocrx_word' id='word_1_629' title='bbox 1895 4303 2029 4351; x_wconf 73' lang='lat' dir='ltr'><strong>sum,</strong></span> <span class='ocrx_word' id='word_1_630' title='bbox 2061 4305 2222 4358; x_wconf 91' lang='lat' dir='ltr'><strong>quem</strong></span> <span class='ocrx_word' id='word_1_631' title='bbox 2274 4291 2587 4359; x_wconf 81' lang='lat' dir='ltr'><strong>pontificem</strong></span> <span class='ocrx_word' id='word_1_632' title='bbox 2635 4304 2752 4349; x_wconf 89' lang='lat' dir='ltr'><strong>arte</strong></span> <span class='ocrx_word' id='word_1_633' title='bbox 2795 4297 3052 4364; x_wconf 88' lang='lat' dir='ltr'><strong>quadam,</strong></span> <span class='ocrx_word' id='word_1_634' title='bbox 3091 4315 3187 4369; x_wconf 90' lang='lat' dir='ltr'><strong>per</strong></span> <span class='ocrx_word' id='word_1_635' title='bbox 3217 4305 3453 4370; x_wconf 79' lang='lat' dir='ltr'><strong>Speciem</strong></span> 
     </span>
    </p>
   </div>
   <div class='ocr_carea' id='block_1_90' title="bbox 1897 4381 3457 4458">
    <p class='ocr_par' dir='ltr' id='par_1_90' title="bbox 1897 4381 3457 4458">
     <span class='ocr_line' id='line_1_90' title="bbox 1897 4381 3457 4458; baseline 0.01 -25"><span class='ocrx_word' id='word_1_636' title='bbox 1897 4381 2084 4434; x_wconf 70' lang='lat' dir='ltr'><strong>tutelae</strong></span> <span class='ocrx_word' id='word_1_637' title='bbox 2112 4391 2168 4435; x_wconf 86' lang='lat' dir='ltr'><strong>et</strong></span> <span class='ocrx_word' id='word_1_638' title='bbox 2189 4397 2357 4446; x_wconf 63' lang='lat' dir='ltr'><strong>curae,</strong></span> <span class='ocrx_word' id='word_1_639' title='bbox 2383 4395 2690 4448; x_wconf 84' lang='lat' dir='ltr'><strong>creaverat,</strong></span> <span class='ocrx_word' id='word_1_640' title='bbox 2714 4387 2920 4441; x_wconf 65' lang='lat' dir='ltr'><strong>aestatis</strong></span> <span class='ocrx_word' id='word_1_641' title='bbox 2952 4397 3195 4458; x_wconf 89' lang='lat' dir='ltr'><strong>tempore</strong></span> <span class='ocrx_word' id='word_1_642' title='bbox 3229 4394 3285 4445; x_wconf 92' lang='lat' dir='ltr'><strong>in</strong></span> <span class='ocrx_word' id='word_1_643' title='bbox 3318 4396 3457 4447; x_wconf 84' lang='lat' dir='ltr'><strong>solio</strong></span> 
     </span>
    </p>
   </div>
   <div class='ocr_carea' id='block_1_91' title="bbox 1896 4471 3458 4550">
    <p class='ocr_par' dir='ltr' id='par_1_91' title="bbox 1896 4471 3458 4550">
     <span class='ocr_line' id='line_1_91' title="bbox 1896 4471 3458 4550; baseline 0.008 -26"><span class='ocrx_word' id='word_1_644' title='bbox 1896 4471 2168 4526; x_wconf 88' lang='lat' dir='ltr'><strong>lavantem</strong></span> <span class='ocrx_word' id='word_1_645' title='bbox 2204 4482 2259 4527; x_wconf 91' lang='lat' dir='ltr'><strong>et</strong></span> <span class='ocrx_word' id='word_1_646' title='bbox 2286 4484 2566 4528; x_wconf 89' lang='lat' dir='ltr'><strong>natantem</strong></span> <span class='ocrx_word' id='word_1_647' title='bbox 2602 4477 2890 4532; x_wconf 81' lang='lat' dir='ltr'><strong>suifocavit</strong></span> <span class='ocrx_word' id='word_1_648' title='bbox 2919 4520 2934 4542; x_wconf 95' lang='lat'><strong>,</strong></span> <span class='ocrx_word' id='word_1_649' title='bbox 2967 4496 3112 4534; x_wconf 86' lang='lat' dir='ltr'><strong>unus</strong></span> <span class='ocrx_word' id='word_1_650' title='bbox 3141 4482 3255 4550; x_wconf 90' lang='lat' dir='ltr'><strong>ipse</strong></span> <span class='ocrx_word' id='word_1_651' title='bbox 3281 4483 3458 4536; x_wconf 65' lang='grc' dir='ltr'><strong>άοηιὶς</strong></span> 
     </span>
    </p>
   </div>
   <div class='ocr_carea' id='block_1_92' title="bbox 219 4550 1882 4642">
    <p class='ocr_par' dir='ltr' id='par_1_92' title="bbox 219 4550 1865 4627">
     <span class='ocr_line' id='line_1_92' title="bbox 219 4550 1865 4627; baseline -0.001 -17"><span class='ocrx_word' id='word_1_652' title='bbox 219 4559 454 4627; x_wconf 87' lang='grc' dir='ltr'><strong>ναρχίαν</strong></span> <span class='ocrx_word' id='word_1_653' title='bbox 481 4555 542 4609; x_wconf 83' lang='grc' dir='ltr'><strong>τὸ</strong></span> <span class='ocrx_word' id='word_1_654' title='bbox 577 4556 862 4624; x_wconf 87' lang='grc' dir='ltr'><strong>Ῥωμαίων</strong></span> <span class='ocrx_word' id='word_1_655' title='bbox 895 4555 1096 4623; x_wconf 76' lang='grc' dir='ltr'><strong>κράτος</strong></span> <span class='ocrx_word' id='word_1_656' title='bbox 1128 4553 1572 4622; x_wconf 82' lang='grc' dir='ltr'><strong>περιελάσαντος,</strong></span> <span class='ocrx_word' id='word_1_657' title='bbox 1606 4553 1786 4606; x_wconf 86' lang='grc' dir='ltr'><strong>δεύτε-</strong></span> <span class='ocrx_word' id='word_1_658' title='bbox 1814 4550 1865 4608; x_wconf 84' lang='grc' dir='ltr'><strong>Ι)</strong></span> 
     </span>
    </p>
   </div>
   <div class='ocr_carea' id='block_1_93' title="bbox 1795 4550 3458 4642">
    <p class='ocr_par' dir='ltr' id='par_1_93' title="bbox 1814 4550 3458 4642">
     <span class='ocr_line' id='line_1_93' title="bbox 1814 4550 3458 4642; baseline 0.011 -34"><span class='ocrx_word' id='word_1_659' title='bbox 1814 4550 1865 4608; x_wconf 88' lang='lat' dir='ltr'><strong>D</strong></span> <span class='ocrx_word' id='word_1_660' title='bbox 1893 4572 1996 4611; x_wconf 91' lang='lat' dir='ltr'><strong>nus</strong></span> <span class='ocrx_word' id='word_1_661' title='bbox 2025 4567 2079 4612; x_wconf 91' lang='lat' dir='ltr'><strong>et</strong></span> <span class='ocrx_word' id='word_1_662' title='bbox 2107 4574 2199 4612; x_wconf 81' lang='lat' dir='ltr'><strong>rex</strong></span> <span class='ocrx_word' id='word_1_663' title='bbox 2223 4571 2434 4615; x_wconf 71' lang='lat' dir='ltr'><strong>cunctrc</strong></span> <span class='ocrx_word' id='word_1_664' title='bbox 2461 4562 2656 4617; x_wconf 72' lang='lat' dir='ltr'><strong>Judreze</strong></span> <span class='ocrx_word' id='word_1_665' title='bbox 2689 4564 2866 4620; x_wconf 84' lang='lat' dir='ltr'><strong>factus</strong></span> <span class='ocrx_word' id='word_1_666' title='bbox 2890 4579 2993 4622; x_wconf 91' lang='lat' dir='ltr'><strong>est.</strong></span> <span class='ocrx_word' id='word_1_667' title='bbox 3022 4569 3269 4624; x_wconf 87' lang='lat' dir='ltr'><strong>Primum</strong></span> <span class='ocrx_word' id='word_1_668' title='bbox 3301 4576 3458 4642; x_wconf 88' lang='lat' dir='ltr'><strong>equi-</strong></span> 
     </span>
    </p>
   </div>
   <div class='ocr_carea' id='block_1_94' title="bbox 220 4645 1788 4718">
    <p class='ocr_par' dir='ltr' id='par_1_94' title="bbox 220 4645 1788 4718">
     <span class='ocr_line' id='line_1_94' title="bbox 220 4645 1788 4718; baseline -0.003 -17"><span class='ocrx_word' id='word_1_669' title='bbox 220 4666 315 4718; x_wconf 84' lang='grc' dir='ltr'><strong>ρον</strong></span> <span class='ocrx_word' id='word_1_670' title='bbox 349 4650 442 4701; x_wconf 70' lang='grc' dir='ltr'><strong>καὶ</strong></span> <span class='ocrx_word' id='word_1_671' title='bbox 475 4648 912 4718; x_wconf 82' lang='grc' dir='ltr'><strong>τεσσαρακοστὸν</strong></span> <span class='ocrx_word' id='word_1_672' title='bbox 942 4646 1058 4709; x_wconf 71' lang='grc' dir='ltr'><strong>ἔτος</strong></span> <span class='ocrx_word' id='word_1_673' title='bbox 1112 4645 1192 4698; x_wconf 78' lang='grc' dir='ltr'><strong>ἔτι</strong></span> <span class='ocrx_word' id='word_1_674' title='bbox 1225 4645 1478 4706; x_wconf 84' lang='grc' dir='ltr'><strong>ἀνύοντος</strong></span> <span class='ocrx_word' id='word_1_675' title='bbox 1506 4648 1570 4715; x_wconf 78' lang='grc' dir='ltr'><strong>τῇ</strong></span> <span class='ocrx_word' id='word_1_676' title='bbox 1621 4646 1788 4714; x_wconf 84' lang='grc' dir='ltr'><strong>ἀρχῇ,</strong></span> 
     </span>
    </p>
   </div>
   <div class='ocr_carea' id='block_1_95' title="bbox 213 4737 1790 4809">
    <p class='ocr_par' dir='ltr' id='par_1_95' title="bbox 213 4737 1790 4809">
     <span class='ocr_line' id='line_1_95' title="bbox 213 4737 1790 4809; baseline -0.003 -17"><span class='ocrx_word' id='word_1_677' title='bbox 213 4742 398 4809; x_wconf 83' lang='grc' dir='ltr'><strong>δόγμα</strong></span> <span class='ocrx_word' id='word_1_678' title='bbox 429 4756 489 4791; x_wconf 88' lang='grc' dir='ltr'><strong>τε</strong></span> <span class='ocrx_word' id='word_1_679' title='bbox 526 4738 648 4791; x_wconf 80' lang='grc' dir='ltr'><strong>καθ’</strong></span> <span class='ocrx_word' id='word_1_680' title='bbox 699 4739 828 4808; x_wconf 73' lang='grc' dir='ltr'><strong>ὅλης</strong></span> <span class='ocrx_word' id='word_1_681' title='bbox 866 4739 968 4807; x_wconf 78' lang='grc' dir='ltr'><strong>τῆς</strong></span> <span class='ocrx_word' id='word_1_682' title='bbox 999 4739 1173 4808; x_wconf 74' lang='grc' dir='ltr'><strong>ἀρχῆς</strong></span> <span class='ocrx_word' id='word_1_683' title='bbox 1205 4737 1637 4807; x_wconf 77' lang='grc' dir='ltr'><strong>διαπέμψαντος,</strong></span> <span class='ocrx_word' id='word_1_684' title='bbox 1659 4737 1790 4788; x_wconf 69' lang='grc' dir='ltr'><strong>ἔκα-</strong></span> 
     </span>
    </p>
   </div>
   <div class='ocr_carea' id='block_1_96' title="bbox 220 4828 1790 4901">
    <p class='ocr_par' dir='ltr' id='par_1_96' title="bbox 220 4828 1790 4901">
     <span class='ocr_line' id='line_1_96' title="bbox 220 4828 1790 4901; baseline -0.004 -15"><span class='ocrx_word' id='word_1_685' title='bbox 220 4850 349 4886; x_wconf 80' lang='grc' dir='ltr'><strong>στον</strong></span> <span class='ocrx_word' id='word_1_686' title='bbox 382 4835 464 4895; x_wconf 89' lang='grc' dir='ltr'><strong>εἰς</strong></span> <span class='ocrx_word' id='word_1_687' title='bbox 493 4834 593 4901; x_wconf 74' lang='grc' dir='ltr'><strong>τὴν</strong></span> <span class='ocrx_word' id='word_1_688' title='bbox 630 4833 763 4884; x_wconf 80' lang='grc' dir='ltr'><strong>ίδίαν</strong></span> <span class='ocrx_word' id='word_1_689' title='bbox 791 4833 942 4883; x_wconf 83' lang='grc' dir='ltr'><strong>πόλιν</strong></span> <span class='ocrx_word' id='word_1_690' title='bbox 968 4830 1466 4899; x_wconf 77' lang='grc' dir='ltr'><strong>ἐναπογράφεσθαι,</strong></span> <span class='ocrx_word' id='word_1_691' title='bbox 1491 4828 1790 4897; x_wconf 80' lang='grc' dir='ltr'><strong>τηνικαῦτα</strong></span> 
     </span>
    </p>
   </div>
   <div class='ocr_carea' id='block_1_97' title="bbox 219 4922 1792 4994">
    <p class='ocr_par' dir='ltr' id='par_1_97' title="bbox 219 4922 1792 4994">
     <span class='ocr_line' id='line_1_97' title="bbox 219 4922 1792 4994; baseline -0.004 -18"><span class='ocrx_word' id='word_1_692' title='bbox 219 4928 319 4980; x_wconf 79' lang='grc' dir='ltr'><strong>καὶ</strong></span> <span class='ocrx_word' id='word_1_693' title='bbox 381 4926 410 4978; x_wconf 79' lang='grc' dir='ltr'><strong>ὁ</strong></span> <span class='ocrx_word' id='word_1_694' title='bbox 463 4925 654 4994; x_wconf 67' lang='lat' dir='ltr'><strong>Ero-th</strong></span> <span class='ocrx_word' id='word_1_695' title='bbox 701 4924 856 4992; x_wconf 81' lang='grc' dir='ltr'><strong>ήμῶν</strong></span> <span class='ocrx_word' id='word_1_696' title='bbox 901 4922 1112 4991; x_wconf 83' lang='grc' dir='ltr'><strong>Ἰησοῦς</strong></span> <span class='ocrx_word' id='word_1_697' title='bbox 1153 4923 1389 4992; x_wconf 84' lang='grc' dir='ltr'><strong>Χριστὸς</strong></span> <span class='ocrx_word' id='word_1_698' title='bbox 1435 4924 1676 4973; x_wconf 82' lang='grc' dir='ltr'><strong>τίκτεται</strong></span> <span class='ocrx_word' id='word_1_699' title='bbox 1704 4922 1792 4987; x_wconf 20' lang='grc' dir='ltr'><strong>(τὸ</strong></span> 
     </span>
    </p>
   </div>
   <div class='ocr_carea' id='block_1_98' title="bbox 223 5013 1787 5085">
    <p class='ocr_par' dir='ltr' id='par_1_98' title="bbox 223 5013 1787 5085">
     <span class='ocr_line' id='line_1_98' title="bbox 223 5013 1787 5085; baseline -0.004 -16"><span class='ocrx_word' id='word_1_700' title='bbox 223 5015 688 5085; x_wconf 75' lang='grc' dir='ltr'><strong>παραδοξότατον.</strong></span> <span class='ocrx_word' id='word_1_701' title='bbox 733 5016 827 5077; x_wconf 85' lang='grc' dir='ltr'><strong>Τίς</strong></span> <span class='ocrx_word' id='word_1_702' title='bbox 856 5015 910 5068; x_wconf 83' lang='grc' dir='ltr'><strong>δὲ</strong></span> <span class='ocrx_word' id='word_1_703' title='bbox 940 5017 972 5084; x_wconf 86' lang='grc' dir='ltr'><strong>ἠ</strong></span> <span class='ocrx_word' id='word_1_704' title='bbox 1003 5016 1307 5084; x_wconf 80' lang='grc' dir='ltr'><strong>γειναμένη</strong></span> <span class='ocrx_word' id='word_1_705' title='bbox 1335 5017 1426 5065; x_wconf 77' lang='grc' dir='ltr'><strong>κα)¹</strong></span> <span class='ocrx_word' id='word_1_706' title='bbox 1465 5015 1491 5065; x_wconf 81' lang='grc' dir='ltr'><strong>ὁ</strong></span> <span class='ocrx_word' id='word_1_707' title='bbox 1523 5013 1622 5080; x_wconf 82' lang='grc' dir='ltr'><strong>τῆς</strong></span> <span class='ocrx_word' id='word_1_708' title='bbox 1654 5013 1787 5081; x_wconf 75' lang='grc' dir='ltr'><strong>κυή-</strong></span> 
     </span>
    </p>
   </div>
   <div class='ocr_carea' id='block_1_99' title="bbox 223 5104 1787 5176">
    <p class='ocr_par' dir='ltr' id='par_1_99' title="bbox 223 5104 1787 5176">
     <span class='ocr_line' id='line_1_99' title="bbox 223 5104 1787 5176; baseline -0.001 -19"><span class='ocrx_word' id='word_1_709' title='bbox 223 5122 366 5168; x_wconf 87' lang='grc' dir='ltr'><strong>σεως</strong></span> <span class='ocrx_word' id='word_1_710' title='bbox 404 5106 625 5176; x_wconf 84' lang='grc' dir='ltr'><strong>τρόπος,</strong></span> <span class='ocrx_word' id='word_1_711' title='bbox 675 5104 825 5158; x_wconf 75' lang='grc' dir='ltr'><strong>ἐνθεν</strong></span> <span class='ocrx_word' id='word_1_712' title='bbox 863 5106 965 5175; x_wconf 63' lang='grc' dir='ltr'><strong>ήδη</strong></span> <span class='ocrx_word' id='word_1_713' title='bbox 1006 5107 1116 5173; x_wconf 81' lang='grc' dir='ltr'><strong>ἐρῶ</strong></span> <span class='ocrx_word' id='word_1_714' title='bbox 1146 5106 1378 5158; x_wconf 81' lang='grc' dir='ltr'><strong>συνελὼν</strong></span> <span class='ocrx_word' id='word_1_715' title='bbox 1427 5106 1547 5156; x_wconf 74' lang='grc' dir='ltr'><strong>ὅσον</strong></span> <span class='ocrx_word' id='word_1_716' title='bbox 1581 5105 1787 5172; x_wconf 78' lang='grc' dir='ltr'><strong>ἐνδέχε-</strong></span> 
     </span>
    </p>
   </div>
   <div class='ocr_carea' id='block_1_100' title="bbox 217 5214 333 5248">
    <p class='ocr_par' dir='ltr' id='par_1_100' title="bbox 217 5214 333 5248">
     <span class='ocr_line' id='line_1_100' title="bbox 217 5214 333 5248; baseline 0.009 -1"><span class='ocrx_word' id='word_1_717' title='bbox 217 5214 333 5248; x_wconf 88' lang='grc' dir='ltr'><strong>ται.</strong></span> 
     </span>
    </p>
   </div>
   <div class='ocr_carea' id='block_1_101' title="bbox 1892 4649 3454 4724">
    <p class='ocr_par' dir='ltr' id='par_1_101' title="bbox 1892 4649 3454 4724">
     <span class='ocr_line' id='line_1_101' title="bbox 1892 4649 3454 4724; baseline 0.01 -23"><span class='ocrx_word' id='word_1_718' title='bbox 1892 4649 2015 4701; x_wconf 89' lang='lat' dir='ltr'><strong>dem</strong></span> <span class='ocrx_word' id='word_1_719' title='bbox 2053 4650 2323 4704; x_wconf 88' lang='lat' dir='ltr'><strong>Antonius</strong></span> <span class='ocrx_word' id='word_1_720' title='bbox 2361 4652 2437 4705; x_wconf 86' lang='lat' dir='ltr'><strong>illi</strong></span> <span class='ocrx_word' id='word_1_721' title='bbox 2488 4669 2717 4724; x_wconf 83' lang='lat' dir='ltr'><strong>regnum</strong></span> <span class='ocrx_word' id='word_1_722' title='bbox 2762 4659 3094 4714; x_wconf 87' lang='lat' dir='ltr'><strong>auctoritate</strong></span> <span class='ocrx_word' id='word_1_723' title='bbox 3126 4676 3226 4715; x_wconf 91' lang='lat' dir='ltr'><strong>sua</strong></span> <span class='ocrx_word' id='word_1_724' title='bbox 3253 4665 3454 4716; x_wconf 56' lang='lat' dir='ltr'><strong>confir.</strong></span> 
     </span>
    </p>
   </div>
   <div class='ocr_carea' id='block_1_102' title="bbox 1892 4741 3457 4820">
    <p class='ocr_par' dir='ltr' id='par_1_102' title="bbox 1892 4741 3457 4820">
     <span class='ocr_line' id='line_1_102' title="bbox 1892 4741 3457 4820; baseline 0.01 -26"><span class='ocrx_word' id='word_1_725' title='bbox 1892 4742 2081 4794; x_wconf 83' lang='lat' dir='ltr'><strong>mavit.</strong></span> <span class='ocrx_word' id='word_1_726' title='bbox 2117 4741 2291 4796; x_wconf 84' lang='lat' dir='ltr'><strong>Simul</strong></span> <span class='ocrx_word' id='word_1_727' title='bbox 2330 4755 2495 4812; x_wconf 90' lang='lat' dir='ltr'><strong>atque</strong></span> <span class='ocrx_word' id='word_1_728' title='bbox 2543 4762 2675 4802; x_wconf 83' lang='lat' dir='ltr'><strong>vero</strong></span> <span class='ocrx_word' id='word_1_729' title='bbox 2711 4749 2801 4804; x_wconf 91' lang='lat' dir='ltr'><strong>ille</strong></span> <span class='ocrx_word' id='word_1_730' title='bbox 2845 4751 3149 4820; x_wconf 73' lang='lat' dir='ltr'><strong>Cleopatrae</strong></span> <span class='ocrx_word' id='word_1_731' title='bbox 3184 4754 3457 4810; x_wconf 78' lang='lat' dir='ltr'><strong>desiderio</strong></span> 
     </span>
    </p>
   </div>
   <div class='ocr_carea' id='block_1_103' title="bbox 1889 4837 3455 4910">
    <p class='ocr_par' dir='ltr' id='par_1_103' title="bbox 1889 4837 3455 4910">
     <span class='ocr_line' id='line_1_103' title="bbox 1889 4837 3455 4910; baseline 0.009 -26"><span class='ocrx_word' id='word_1_732' title='bbox 1889 4839 1949 4884; x_wconf 90' lang='lat' dir='ltr'><strong>et</strong></span> <span class='ocrx_word' id='word_1_733' title='bbox 1976 4845 2163 4886; x_wconf 88' lang='lat' dir='ltr'><strong>amore</strong></span> <span class='ocrx_word' id='word_1_734' title='bbox 2189 4845 2378 4902; x_wconf 85' lang='lat' dir='ltr'><strong>captus</strong></span> <span class='ocrx_word' id='word_1_735' title='bbox 2408 4846 2510 4899; x_wconf 86' lang='lat' dir='ltr'><strong>est,</strong></span> <span class='ocrx_word' id='word_1_736' title='bbox 2546 4846 2598 4890; x_wconf 90' lang='lat' dir='ltr'><strong>et</strong></span> <span class='ocrx_word' id='word_1_737' title='bbox 2628 4837 2809 4893; x_wconf 72' lang='lat' dir='ltr'><strong>Caesar</strong></span> <span class='ocrx_word' id='word_1_738' title='bbox 2838 4842 3118 4910; x_wconf 83' lang='lat' dir='ltr'><strong>Augustus</strong></span> <span class='ocrx_word' id='word_1_739' title='bbox 3143 4845 3209 4897; x_wconf 87' lang='lat' dir='ltr'><strong>ad</strong></span> <span class='ocrx_word' id='word_1_740' title='bbox 3239 4847 3455 4900; x_wconf 87' lang='lat' dir='ltr'><strong>Actium</strong></span> 
     </span>
    </p>
   </div>
   <div class='ocr_carea' id='block_1_104' title="bbox 1897 4924 3458 5006">
    <p class='ocr_par' dir='ltr' id='par_1_104' title="bbox 1897 4924 3458 5006">
     <span class='ocr_line' id='line_1_104' title="bbox 1897 4924 3458 5006; baseline 0.01 -32"><span class='ocrx_word' id='word_1_741' title='bbox 1897 4924 2083 4992; x_wconf 72' lang='lat' dir='ltr'><strong>pra-lio</strong></span> <span class='ocrx_word' id='word_1_742' title='bbox 2111 4927 2408 4980; x_wconf 66' lang='lat' dir='ltr'><strong>C0llllltiS‘0</strong></span> <span class='ocrx_word' id='word_1_743' title='bbox 2456 4944 2582 4981; x_wconf 91' lang='lat' dir='ltr'><strong>eum</strong></span> <span class='ocrx_word' id='word_1_744' title='bbox 2617 4930 2914 4987; x_wconf 85' lang='lat' dir='ltr'><strong>fortissime</strong></span> <span class='ocrx_word' id='word_1_745' title='bbox 2949 4936 3174 5000; x_wconf 78' lang='lat' dir='ltr'><strong>devicit,</strong></span> <span class='ocrx_word' id='word_1_746' title='bbox 3207 4947 3372 5006; x_wconf 89' lang='lat' dir='ltr'><strong>atque</strong></span> <span class='ocrx_word' id='word_1_747' title='bbox 3415 4940 3458 4990; x_wconf 77' lang='lat' dir='ltr'><strong>is</strong></span> 
     </span>
    </p>
   </div>
   <div class='ocr_carea' id='block_1_105' title="bbox 1895 5014 3455 5092">
    <p class='ocr_par' dir='ltr' id='par_1_105' title="bbox 1895 5014 3455 5092">
     <span class='ocr_line' id='line_1_105' title="bbox 1895 5014 3455 5092; baseline 0.008 -25"><span class='ocrx_word' id='word_1_748' title='bbox 1895 5017 1949 5069; x_wconf 80' lang='lat' dir='ltr'><strong>in</strong></span> <span class='ocrx_word' id='word_1_749' title='bbox 2004 5014 2215 5084; x_wconf 78' lang='lat' dir='ltr'><strong>Syriam</strong></span> <span class='ocrx_word' id='word_1_750' title='bbox 2265 5019 2532 5085; x_wconf 84' lang='lat' dir='ltr'><strong>pervenit,</strong></span> <span class='ocrx_word' id='word_1_751' title='bbox 2581 5035 2645 5073; x_wconf 91' lang='lat' dir='ltr'><strong>ac</strong></span> <span class='ocrx_word' id='word_1_752' title='bbox 2699 5023 2861 5090; x_wconf 89' lang='lat' dir='ltr'><strong>paulo</strong></span> <span class='ocrx_word' id='word_1_753' title='bbox 2910 5039 3031 5092; x_wconf 82' lang='lat' dir='ltr'><strong>poSt</strong></span> <span class='ocrx_word' id='word_1_754' title='bbox 3078 5028 3350 5080; x_wconf 86' lang='lat' dir='ltr'><strong>Antonius</strong></span> <span class='ocrx_word' id='word_1_755' title='bbox 3403 5038 3455 5080; x_wconf 80' lang='lat' dir='ltr'><strong>et</strong></span> 
     </span>
    </p>
   </div>
   <div class='ocr_carea' id='block_1_106' title="bbox 1892 5107 3457 5187">
    <p class='ocr_par' dir='ltr' id='par_1_106' title="bbox 1892 5107 3457 5187">
     <span class='ocr_line' id='line_1_106' title="bbox 1892 5107 3457 5187; baseline 0.007 -25"><span class='ocrx_word' id='word_1_756' title='bbox 1892 5107 2179 5176; x_wconf 88' lang='lat' dir='ltr'><strong>Cleopatra</strong></span> <span class='ocrx_word' id='word_1_757' title='bbox 2212 5109 2396 5164; x_wconf 84' lang='lat' dir='ltr'><strong>vivere</strong></span> <span class='ocrx_word' id='word_1_758' title='bbox 2427 5111 2715 5168; x_wconf 87' lang='lat' dir='ltr'><strong>desierunt</strong></span> <span class='ocrx_word' id='word_1_759' title='bbox 2752 5132 2765 5168; x_wconf 90' lang='lat'><strong>:</strong></span> <span class='ocrx_word' id='word_1_760' title='bbox 2802 5116 2909 5184; x_wconf 75' lang='lat'><strong>62</strong></span> <span class='ocrx_word' id='word_1_761' title='bbox 2945 5118 3061 5186; x_wconf 84' lang='lat' dir='ltr'><strong>ipse</strong></span> <span class='ocrx_word' id='word_1_762' title='bbox 3095 5134 3316 5187; x_wconf 89' lang='lat' dir='ltr'><strong>quoque</strong></span> <span class='ocrx_word' id='word_1_763' title='bbox 3347 5121 3457 5172; x_wconf 85' lang='lat' dir='ltr'><strong>An-</strong></span> 
     </span>
    </p>
   </div>
   <div class='ocr_carea' id='block_1_107' title="bbox 1896 5197 3458 5277">
    <p class='ocr_par' dir='ltr' id='par_1_107' title="bbox 1896 5197 3458 5277">
     <span class='ocr_line' id='line_1_107' title="bbox 1896 5197 3458 5277; baseline 0.004 -25"><span class='ocrx_word' id='word_1_764' title='bbox 1896 5209 2086 5266; x_wconf 79' lang='lat' dir='ltr'><strong>gustus</strong></span> <span class='ocrx_word' id='word_1_765' title='bbox 2112 5197 2311 5254; x_wconf 89' lang='lat' dir='ltr'><strong>llerodi</strong></span> <span class='ocrx_word' id='word_1_766' title='bbox 2373 5201 2623 5256; x_wconf 89' lang='lat' dir='ltr'><strong>diadema</strong></span> <span class='ocrx_word' id='word_1_767' title='bbox 2655 5205 2935 5273; x_wconf 89' lang='lat' dir='ltr'><strong>imposuit,</strong></span> <span class='ocrx_word' id='word_1_768' title='bbox 2974 5223 3262 5277; x_wconf 82' lang='lat' dir='ltr'><strong>regemque</strong></span> <span class='ocrx_word' id='word_1_769' title='bbox 3292 5211 3458 5262; x_wconf 64' lang='lat' dir='ltr'><strong>totius</strong></span> 
     </span>
    </p>
   </div>
   <div class='ocr_carea' id='block_1_108' title="bbox 216 5289 3425 5367">
    <p class='ocr_par' dir='ltr' id='par_1_108' title="bbox 216 5289 3425 5367">
     <span class='ocr_line' id='line_1_108' title="bbox 216 5289 3425 5367; baseline 0.002 -23"><span class='ocrx_word' id='word_1_770' title='bbox 216 5291 424 5344; x_wconf 64' lang='lat' dir='ltr'><strong>Jud&#39;eaz</strong></span> <span class='ocrx_word' id='word_1_771' title='bbox 477 5290 844 5358; x_wconf 81' lang='lat' dir='ltr'><strong>promulgans,</strong></span> <span class='ocrx_word' id='word_1_772' title='bbox 900 5305 1021 5343; x_wconf 85' lang='lat' dir='ltr'><strong>cum</strong></span> <span class='ocrx_word' id='word_1_773' title='bbox 1084 5290 1266 5358; x_wconf 85' lang='lat' dir='ltr'><strong>plures</strong></span> <span class='ocrx_word' id='word_1_774' title='bbox 1314 5291 1363 5342; x_wconf 88' lang='lat' dir='ltr'><strong>ei</strong></span> <span class='ocrx_word' id='word_1_775' title='bbox 1418 5291 1550 5343; x_wconf 84' lang='lat' dir='ltr'><strong>alias</strong></span> <span class='ocrx_word' id='word_1_776' title='bbox 1591 5289 1790 5358; x_wconf 84' lang='lat' dir='ltr'><strong>adjecit</strong></span> <span class='ocrx_word' id='word_1_777' title='bbox 1831 5292 2101 5359; x_wconf 86' lang='lat' dir='ltr'><strong>regiones,</strong></span> <span class='ocrx_word' id='word_1_778' title='bbox 2173 5302 2286 5345; x_wconf 88' lang='lat' dir='ltr'><strong>tum</strong></span> <span class='ocrx_word' id='word_1_779' title='bbox 2334 5293 2549 5349; x_wconf 72' lang='lat' dir='ltr'><strong>Arabiae</strong></span> <span class='ocrx_word' id='word_1_780' title='bbox 2616 5296 2779 5350; x_wconf 88' lang='lat' dir='ltr'><strong>etiam</strong></span> <span class='ocrx_word' id='word_1_781' title='bbox 2822 5302 3263 5367; x_wconf 84' lang='lat' dir='ltr'><strong>procurationem</strong></span> <span class='ocrx_word' id='word_1_782' title='bbox 3305 5316 3425 5355; x_wconf 82' lang='lat' dir='ltr'><strong>com</strong></span> 
     </span>
    </p>
   </div>
   <div class='ocr_carea' id='block_1_109' title="bbox 221 5385 3455 5459">
    <p class='ocr_par' dir='ltr' id='par_1_109' title="bbox 221 5385 3455 5459">
     <span class='ocr_line' id='line_1_109' title="bbox 221 5385 3455 5459; baseline 0.002 -18"><span class='ocrx_word' id='word_1_783' title='bbox 221 5389 391 5442; x_wconf 84' lang='lat' dir='ltr'><strong>misit.</strong></span> <span class='ocrx_word' id='word_1_784' title='bbox 426 5388 531 5441; x_wconf 85' lang='lat' dir='ltr'><strong>Sed</strong></span> <span class='ocrx_word' id='word_1_785' title='bbox 577 5387 721 5440; x_wconf 86' lang='lat' dir='ltr'><strong>enim</strong></span> <span class='ocrx_word' id='word_1_786' title='bbox 760 5397 817 5440; x_wconf 93' lang='lat' dir='ltr'><strong>ut</strong></span> <span class='ocrx_word' id='word_1_787' title='bbox 862 5402 1084 5440; x_wconf 79' lang='lat' dir='ltr'><strong>serenas</strong></span> <span class='ocrx_word' id='word_1_788' title='bbox 1117 5386 1499 5454; x_wconf 83' lang='lat' dir='ltr'><strong>secundasque</strong></span> <span class='ocrx_word' id='word_1_789' title='bbox 1529 5387 1648 5456; x_wconf 91' lang='lat' dir='ltr'><strong>ejus</strong></span> <span class='ocrx_word' id='word_1_790' title='bbox 1696 5402 1781 5441; x_wconf 89' lang='lat' dir='ltr'><strong>res</strong></span> <span class='ocrx_word' id='word_1_791' title='bbox 1831 5385 2048 5442; x_wconf 81' lang='lat' dir='ltr'><strong>fortuna</strong></span> <span class='ocrx_word' id='word_1_792' title='bbox 2118 5389 2404 5458; x_wconf 81' lang='lat' dir='ltr'><strong>indignans</strong></span> <span class='ocrx_word' id='word_1_793' title='bbox 2446 5391 2656 5446; x_wconf 88' lang='lat' dir='ltr'><strong>acerbis</strong></span> <span class='ocrx_word' id='word_1_794' title='bbox 2696 5392 2842 5448; x_wconf 86' lang='lat' dir='ltr'><strong>domi</strong></span> <span class='ocrx_word' id='word_1_795' title='bbox 2891 5395 3110 5450; x_wconf 85' lang='lat' dir='ltr'><strong>casibus</strong></span> <span class='ocrx_word' id='word_1_796' title='bbox 3145 5396 3455 5459; x_wconf 80' lang='lat' dir='ltr'><strong>vindicarit,</strong></span> 
     </span>
    </p>
   </div>
   <div class='ocr_carea' id='block_1_110' title="bbox 220 5589 1784 5720">
    <p class='ocr_par' dir='ltr' id='par_1_110' title="bbox 220 5589 1784 5720">
     <span class='ocr_line' id='line_1_110' title="bbox 220 5589 1784 5720; baseline -0.006 -69"><span class='ocrx_word' id='word_1_797' title='bbox 220 5596 372 5720; x_wconf 34' lang='lat' dir='ltr'><strong>d&#39;(l)</strong></span> <span class='ocrx_word' id='word_1_798' title='bbox 435 5594 540 5648; x_wconf 87' lang='lat' dir='ltr'><strong>Alii</strong></span> <span class='ocrx_word' id='word_1_799' title='bbox 611 5594 963 5650; x_wconf 74' lang='lat' dir='ltr'><strong>Mariammen</strong></span> <span class='ocrx_word' id='word_1_800' title='bbox 1029 5594 1324 5650; x_wconf 81' lang='lat' dir='ltr'><strong>Alexandri</strong></span> <span class='ocrx_word' id='word_1_801' title='bbox 1391 5592 1554 5646; x_wconf 81' lang='lat' dir='ltr'><strong>tiliam</strong></span> <span class='ocrx_word' id='word_1_802' title='bbox 1611 5589 1784 5643; x_wconf 72' lang='lat' dir='ltr'><strong>fuisse</strong></span> 
     </span>
     <span class='ocr_line' id='line_1_111' title="bbox 263 5676 435 5720; baseline -0.012 0"><span class='ocrx_word' id='word_1_803' title='bbox 263 5676 435 5720; x_wconf 75' lang='grc' dir='ltr'><strong>ιοιωι.</strong></span> 
     </span>
    </p>
   </div>
   <div class='ocr_carea' id='block_1_111' title="bbox 263 5676 435 5720">
    <p class='ocr_par' dir='ltr' id='par_1_111' title="bbox 263 5676 435 5720">
     <span class='ocr_line' id='line_1_112' title="bbox 263 5676 435 5720; baseline -0.012 0"><span class='ocrx_word' id='word_1_804' title='bbox 263 5676 435 5720; x_wconf 86' lang='lat' dir='ltr'><strong>icunt.</strong></span> 
     </span>
    </p>
   </div>
   <div class='ocr_carea' id='block_1_112' title="bbox 292 5732 1788 5806">
    <p class='ocr_par' dir='ltr' id='par_1_112' title="bbox 292 5732 1788 5806">
     <span class='ocr_line' id='line_1_113' title="bbox 292 5732 1788 5806; baseline -0.005 -18"><span class='ocrx_word' id='word_1_805' title='bbox 292 5737 369 5803; x_wconf 72' lang='lat'><strong>(2)</strong></span> <span class='ocrx_word' id='word_1_806' title='bbox 402 5736 663 5806; x_wconf 82' lang='lat' dir='ltr'><strong>Lysanias</strong></span> <span class='ocrx_word' id='word_1_807' title='bbox 713 5735 990 5789; x_wconf 77' lang='lat' dir='ltr'><strong>Ptolcma:i</strong></span> <span class='ocrx_word' id='word_1_808' title='bbox 1046 5734 1244 5800; x_wconf 70' lang='lat' dir='ltr'><strong>Minasi,</strong></span> <span class='ocrx_word' id='word_1_809' title='bbox 1293 5737 1385 5806; x_wconf 86' lang='lat' dir='ltr'><strong>qui</strong></span> <span class='ocrx_word' id='word_1_810' title='bbox 1419 5735 1482 5789; x_wconf 87' lang='lat' dir='ltr'><strong>ad</strong></span> <span class='ocrx_word' id='word_1_811' title='bbox 1518 5732 1788 5788; x_wconf 76' lang='lat' dir='ltr'><strong>Libanum</strong></span> 
     </span>
    </p>
   </div>
   <div class='ocr_carea' id='block_1_113' title="bbox 221 5808 701 5869">
    <p class='ocr_par' dir='ltr' id='par_1_113' title="bbox 221 5808 701 5869">
     <span class='ocr_line' id='line_1_114' title="bbox 221 5808 701 5869; baseline -0.006 -10"><span class='ocrx_word' id='word_1_812' title='bbox 221 5808 507 5869; x_wconf 68' lang='lat' dir='ltr'><strong>habitavit,</strong></span> <span class='ocrx_word' id='word_1_813' title='bbox 539 5808 701 5858; x_wconf 87' lang='lat' dir='ltr'><strong>lilius.</strong></span> 
     </span>
    </p>
   </div>
   <div class='ocr_carea' id='block_1_114' title="bbox 479 5897 1151 5958">
    <p class='ocr_par' dir='ltr' id='par_1_114' title="bbox 479 5897 1151 5958">
     <span class='ocr_line' id='line_1_115' title="bbox 479 5897 1151 5958; baseline -0.003 -4"><span class='ocrx_word' id='word_1_814' title='bbox 479 5902 746 5958; x_wconf 72' lang='lat' dir='ltr'><strong>l‘nuoL.</strong></span> <span class='ocrx_word' id='word_1_815' title='bbox 781 5901 894 5957; x_wconf 69' lang='lat' dir='ltr'><strong>(in.</strong></span> <span class='ocrx_word' id='word_1_816' title='bbox 931 5897 1151 5956; x_wconf 75' lang='lat' dir='ltr'><strong>CXLV.</strong></span> 
     </span>
    </p>
   </div>
   <div class='ocr_carea' id='block_1_115' title="bbox 1965 5591 3282 5660">
    <p class='ocr_par' dir='ltr' id='par_1_115' title="bbox 1965 5591 3282 5660">
     <span class='ocr_line' id='line_1_116' title="bbox 1965 5591 3282 5660; baseline 0.004 -17"><span class='ocrx_word' id='word_1_817' title='bbox 1965 5591 2040 5658; x_wconf 74' lang='grc' dir='ltr'><strong>(ὖ)</strong></span> <span class='ocrx_word' id='word_1_818' title='bbox 2075 5593 2316 5648; x_wconf 71' lang='grc' dir='ltr'><strong>Ιίοτοιιοε</strong></span> <span class='ocrx_word' id='word_1_819' title='bbox 2348 5594 2557 5660; x_wconf 91' lang='lat' dir='ltr'><strong>primus</strong></span> <span class='ocrx_word' id='word_1_820' title='bbox 2591 5609 2654 5648; x_wconf 86' lang='lat' dir='ltr'><strong>ex</strong></span> <span class='ocrx_word' id='word_1_821' title='bbox 2685 5594 2907 5648; x_wconf 86' lang='lat' dir='ltr'><strong>advenis</strong></span> <span class='ocrx_word' id='word_1_822' title='bbox 2933 5594 3131 5649; x_wconf 67' lang='lat' dir='ltr'><strong>Judrea:</strong></span> <span class='ocrx_word' id='word_1_823' title='bbox 3167 5613 3282 5650; x_wconf 84' lang='lat' dir='ltr'><strong>rex.</strong></span> 
     </span>
    </p>
   </div>
   <div class='ocr_carea' id='block_1_116' title="bbox 1966 5663 3414 5736">
    <p class='ocr_par' dir='ltr' id='par_1_116' title="bbox 1966 5663 3414 5736">
     <span class='ocr_line' id='line_1_117' title="bbox 1966 5663 3414 5736; baseline 0.003 -23"><span class='ocrx_word' id='word_1_824' title='bbox 1966 5663 2042 5736; x_wconf 50' lang='lat' dir='ltr'><strong>(fi)</strong></span> <span class='ocrx_word' id='word_1_825' title='bbox 2074 5665 2532 5736; x_wconf 58' lang='lat' dir='ltr'><strong>Autoniuslnuuc</strong></span> <span class='ocrx_word' id='word_1_826' title='bbox 2578 5667 2754 5718; x_wconf 83' lang='lat' dir='ltr'><strong>securi</strong></span> <span class='ocrx_word' id='word_1_827' title='bbox 2801 5668 3092 5731; x_wconf 79' lang='lat' dir='ltr'><strong>percussit.</strong></span> <span class='ocrx_word' id='word_1_828' title='bbox 3143 5665 3414 5736; x_wconf 86' lang='lat' dir='ltr'><strong>(Juseph.)</strong></span> 
     </span>
    </p>
   </div>
   <div class='ocr_carea' id='block_1_117' title="bbox 1968 5733 2865 5805">
    <p class='ocr_par' dir='ltr' id='par_1_117' title="bbox 1968 5733 2865 5805">
     <span class='ocr_line' id='line_1_118' title="bbox 1968 5733 2865 5805; baseline 0.004 -21"><span class='ocrx_word' id='word_1_829' title='bbox 1968 5735 2042 5802; x_wconf 71' lang='grc' dir='ltr'><strong>(ὓ)</strong></span> <span class='ocrx_word' id='word_1_830' title='bbox 2079 5733 2291 5801; x_wconf 70' lang='grc' dir='ltr'><strong>ιοδυρῒι.</strong></span> <span class='ocrx_word' id='word_1_831' title='bbox 2323 5734 2420 5789; x_wconf 88' lang='lat' dir='ltr'><strong>lib.</strong></span> <span class='ocrx_word' id='word_1_832' title='bbox 2461 5751 2566 5800; x_wconf 69' lang='lat' dir='ltr'><strong>MV,</strong></span> <span class='ocrx_word' id='word_1_833' title='bbox 2600 5751 2719 5805; x_wconf 83' lang='lat' dir='ltr'><strong>cup.</strong></span> <span class='ocrx_word' id='word_1_834' title='bbox 2768 5737 2865 5789; x_wconf 90' lang='lat' dir='ltr'><strong>ull.</strong></span> 
     </span>
    </p>
   </div>
   <div class='ocr_carea' id='block_1_118' title="bbox 2985 5893 3052 5949">
    <p class='ocr_par' dir='ltr' id='par_1_118' title="bbox 2985 5893 3052 5949">
     <span class='ocr_line' id='line_1_119' title="bbox 2985 5893 3052 5949; baseline 0.06 -4"><span class='ocrx_word' id='word_1_835' title='bbox 2985 5893 3052 5949; x_wconf 68' lang='lat'><strong>‘21</strong></span> 
     </span>
    </p>
   </div>
  </div>
