4212 6430
749 334 850 401 651
1962 331 2376 393 NICEPHORI
2421 333 2774 393 CALLISI‘l
3893 333 4015 393 651

751 458 919 518 utque
951 450 1019 503 ab
1053 465 1219 504 uxore
1251 449 1479 503 adversa
1513 448 1623 516 pati
1655 449 1905 516 emperit,
1963 446 2170 500 civium
2233 444 2334 514 (i),
2377 443 2748 514 familiarium,
2789 457 3258 518 cognatorumque
3323 462 3549 502 suorum
3583 446 3848 516 sanguine
3884 448 4008 514 poi-

752 545 920 604 lutus,
962 557 1108 594 nunc
1138 541 1359 594 dit-endi
1402 540 1552 593 locus
1583 554 1688 593 non
1721 547 1827 592 est.
1871 540 2048 608 Atque
2112 537 2228 590 haec
2268 536 2348 591 sic
2386 538 2637 606 exposui,
2684 546 2743 592 ut
2774 539 3117 609 prophetiam
3186 529 3484 596 dilucidam
3525 539 3843 608 claramque
3871 553 4005 608 pro-

746 643 1028 702 dueerem,
1057 654 1176 707 qum
1205 639 1338 692 dicit
1369 657 1381 690 :
1413 638 1528 692 Non
1558 639 1761 703 deﬁciet
1786 652 2027 705 princeps
2062 651 2125 688 ea:
2175 634 2341 701 Iuda,
2385 651 2478 688 nec
2506 637 2615 689 dua;
2640 652 2704 690 ea:
2729 637 2926 705 femore
2992 639 3129 708 ejus,
3154 639 3318 691 donec
3337 640 3512 692 veniat
3535 639 3580 691 is
3605 640 3689 692 cui
3708 639 4006 705 repositam

745 742 840 792 est,
871 744 916 783 et
948 735 1054 798 ipse
1089 742 1164 784 est
1211 733 1534 799 exspectatio
1576 731 1809 799 gentium
1846 731 1908 782 ”.
1941 728 2008 784 Ut
2053 743 2310 797 namque,
2352 729 2446 797 qui
2487 744 2516 782 a
2551 729 2688 783 Juda
2719 735 2940 800 generis
3007 732 3459 801 coniunctionem
3527 740 3744 785 traxere
3783 732 4001 800 princi-

743 843 842 894 pes
876 825 1203 888 defecerint,
1234 835 1289 878 et
1320 835 1378 878 ut
1420 823 1664 878 Herodes
1710 839 1779 877 ex
1813 823 2063 877 ldummis
2097 821 2308 876 advena
2350 820 2598 878 Hebraeis
2664 839 2760 877 rex
2809 824 3113 893 praefuerit,
3157 827 3290 892 satis
3327 835 3414 880 est
3481 824 3844 886 declaratum,
3874 839 4004 876 cum

745 920 952 973 scilicet
984 919 1144 970 linem
1177 919 1497 986 exitumque
1533 932 1696 970 suum
1726 916 2017 985 prophetia
2062 924 2148 969 est
2214 925 2517 969 consecuta
2549 930 2569 971 :
2645 917 2810 970 sicuti
2843 918 3007 986 paulo
3075 928 3200 987 post
3238 919 3456 986 longius
3487 917 3789 986 progressi,
3841 931 4010 980 aper,

745 1009 904 1062 tioris
954 1008 1286 1077 cognitionis
1336 1009 1510 1076 gratia
1557 1021 1920 1076 exponemus.
1971 1005 2108 1060 Cum
2162 1005 2309 1058 enim
2347 1005 2631 1074 Augustus
2695 1006 2926 1060 Romam
2951 1023 3232 1074 reversus,
3298 1009 3672 1062 Romanorum
3706 1006 4005 1074 imperiam

746 1106 801 1155 in
851 1102 1020 1154 unius
1085 1099 1382 1168 redegisset
1432 1106 1780 1167 potestatem,
1834 1095 2312 1167 quadragesimum
2352 1096 2654 1150 secundum
2689 1112 2758 1152 eo
2825 1097 3045 1167 imperii
3086 1113 3291 1152 annum
3339 1107 3556 1168 agente,
3627 1104 3683 1150 et
3724 1110 3855 1154 eum
3907 1107 4010 1165 per

746 1196 1062 1246 universum
1099 1189 1390 1258 imperium
1420 1189 1660 1243 edictum
1705 1189 2109 1257 promulgatum
2141 1193 2311 1252 esset,
2353 1195 2412 1238 ut
2479 1186 2533 1239 in
2564 1201 2665 1240 sua
2733 1187 2968 1256 quisque
3015 1188 3153 1243 urbe
3177 1197 3564 1254 recenseretur
3591 1196 3757 1256 atque
3793 1183 4014 1238 descri-

743 1290 971 1342 beretur
1006 1303 1018 1339 :
1054 1297 1168 1339 tum
1197 1285 1361 1338 etiam
1398 1285 1646 1339 Salvator
1676 1294 1863 1337 noster
1919 1281 2078 1336 Jesus
2139 1280 2392 1335 Christus
2429 1293 2595 1334 natus
2622 1280 3116 1351 est,idquecoqui
3140 1281 3458 1349 opinionem
3488 1280 3761 1349 ﬁdemque
3781 1295 4009 1335 omnem

743 1393 963 1456 superat
1013 1382 1195 1435 modo.
1242 1382 1372 1447 Quae
1422 1396 1554 1435 vero
1597 1380 1854 1451 genitrix,
1899 1389 1954 1431 et
1992 1377 2085 1447 qui
2158 1386 2354 1448 partus
2391 1377 2564 1446 ipsius
2639 1378 2804 1433 fuerit
2849 1378 3071 1445 modus,
3119 1378 3246 1434 inde
3271 1382 3408 1448 jam,
3440 1393 3604 1449 quam
3647 1377 3766 1432 ﬁeri
3805 1380 4010 1448 poterit

744 1477 1092 1540 brevissime,
1121 1474 1325 1528 dicam.

1347 1587 1572 1643 CAPUT
1613 1586 1726 1642 VII.

745 1703 822 1755 De
857 1702 1052 1755 sanctis
1083 1700 1355 1754 Joachimo
1389 1705 1437 1750 et
1476 1698 1650 1757 Anna,
1684 1705 1730 1748 et
1763 1697 1825 1748 de
1854 1696 2133 1748 nativitate
2161 1704 2318 1765 atque

811 1775 1120 1825 educatione
1144 1770 1489 1822 sanctissima:
1539 1767 1634 1819 Dei
1687 1765 1964 1819 Genitricis
2005 1768 2059 1819 in
2105 1766 2318 1835 templo,

806 1854 862 1896 .et
897 1851 950 1895 ut
980 1844 1297 1912 desponsata
1329 1839 1554 1908 Joseplto
1581 1838 1764 1905 fuerit.

815 2016 922 2086 63
962 2017 1324 2085 Posteaquam
1355 2016 1499 2069 enim
1533 2012 1719 2082 perlici
1752 2022 1914 2082 atque
1943 2013 2189 2067 exhiberi
2225 2012 2320 2067 de-

735 2109 867 2160 -ίιυὶι
898 2109 1089 2173 ingens
1119 2107 1276 2170 illud,
1315 2115 1675 2173 naturamque
1710 2119 1927 2158 omnem
1962 2105 2117 2173 longe
2152 2119 2316 2172 supe-

742 2218 875 2254 rans
925 2201 1272 2270 mysterium,
1333 2213 1472 2266 epus
1522 2196 1627 2250 fuit
1669 2211 1895 2265 prorsus
1945 2197 2218 2250 instruere
2267 2205 2322 2248 et

745 2307 1058 2360 pra~parare
1087 2305 1202 2353 vas,
1244 2288 1391 2358 quod
1428 2304 1556 2342 eum
1603 2288 1698 2357 qui
1748 2286 2323 2355 incomprehensibilis

743 2393 835 2436 est
879 2380 1396 2450 comprehenderet.
1432 2380 1515 2449 (2)
1550 2376 1774 2433 inventa
1810 2381 1993 2447 itaque
2036 2388 2119 2432 est
2160 2380 2318 2432 beata

745 2476 911 2544 Virgo
940 2474 1131 2538 Maria,
1181 2474 1406 2543 dignum
1444 2472 1725 2540 Deumque
1775 2472 1980 2525 decens
2015 2471 2175 2525 Verbi
2223 2471 2322 2524 do-

749 2568 1038 2630 micilium,
1073 2567 1241 2620 etiam
1291 2573 1417 2618 ante
1465 2562 1802 2618 nativitatem
1849 2564 1928 2631 (3)
1982 2564 2092 2616 Deo
2127 2578 2320 2617 conse-

749 2669 924 2724 crata,
988 2669 1151 2728 atque
1201 2673 1268 2711 ex
1318 2656 1581 2711 membris
1631 2656 1934 2722 senilibus,
1985 2665 2042 2709 et
2088 2655 2249 2724 longe
2288 2670 2318 2708 a

749 2763 962 2807 natura:
995 2752 1214 2806 fervore
1243 2750 1463 2814 alienis,
1501 2758 1756 2818 tanquam
1798 2750 2020 2817 quidam
2051 2748 2322 2801 divinitus

746 2843 1146 2898 datusfructus
1171 2844 1455 2912 producta.
1479 2841 1735 2896 Joachim
1758 2850 1815 2895 et
1843 2844 1999 2894 Anna
2028 2851 2318 2909 parentum

750 2948 904 2989 erant
945 2935 1193 2987 nomina.
1243 2933 1417 2987 Ambo
1465 2933 1827 2995 accuratiore,
1869 2931 2022 2999 juxta
2069 2929 2324 2998 prarscri-
2356 2925 2400 2980 Β

749 3041 906 3100 ptum
938 3029 1092 3098 legis,
1125 3029 1232 3081 vita
1267 3036 1588 3097 praestantes
1611 3025 1966 3090 etclari,nec
1988 3038 2098 3076 non
2131 3020 2325 3090 primis

751 3119 1068 3188 quibusque
1115 3127 1172 3172 et
1216 3117 1679 3188 splendidissimis
1718 3115 2193 3182 nobilissimisque
2236 3127 2340 3181 ge—-

753 3231 886 3270 nere
936 3213 1347 3269 connnuicrati.
1398 3210 1576 3264 Vitam
1618 3220 1802 3264 autem
1840 3209 1905 3261 ad
1952 3217 2320 3286 senectutem,

756 3311 878 3360 sine
912 3307 1064 3376 prole
1092 3305 1263 3366 edita,
1298 3303 1692 3374 produxerant.
1739 3302 1868 3356 Erat
1908 3301 2054 3355 enim
2090 3300 2158 3354 ad
2186 3301 2327 3354 libe-

757 3416 943 3454 rorum
978 3398 1444 3468 .proereationem
1506 3397 1662 3449 Anna
1707 3395 1832 3449 alvo
1883 3393 2200 3449 lnfecunda.
2260 3393 2328 3446 Et

757 3508 884 3560 cum
911 3492 982 3546 ob
1012 3489 1324 3545 sterilitatis
1358 3503 1576 3543 causam
1607 3502 1716 3542 non
1750 3486 1981 3542 haberet
2009 3501 2330 3542 communes

758 3601 882 3639 cum
918 3582 1184 3636 matronis
1207 3591 1264 3636 et
1296 3580 1560 3634 matribus
1590 3594 1620 3632 a
1649 3579 1770 3648 lege
1796 3578 2036 3633 tributos
2068 3578 2329 3646 honores,

758 3677 1013 3744 exemplo
1046 3673 1238 3727 matris
1283 3671 1556 3726 Samuelis
1587 3670 1703 3739 ipsa
1758 3685 1976 3738 quoque
2010 3669 2070 3723 fit
2103 3669 2331 3737 supplex

767 3769 900 3831 Deo,
935 3776 990 3820 et
1029 3767 1083 3819 in
1125 3765 1328 3832 templo
1389 3761 1582 3817 sedulo
1628 3767 1903 3824 versatur,
1929 3776 2010 3816 ne
2043 3761 2254 3815 scilicet
2300 3776 2332 3814 a

759 3857 1243 3915 benedictionibus
1261 3855 1397 3924 legis
1415 3853 1823 3917 excluderetur,
1841 3853 1934 3906 sed
1959 3853 2078 3906 utei
2101 3861 2331 3906 matrem

761 3961 888 4005 esse
935 3950 1158 4023 liceren—
1187 3962 1351 4000 orans
1381 3986 1394 4008 ,
1456 3961 1528 3998 ac
1559 3946 1703 4014 quod
1741 3945 1985 4014 paritura
2028 3955 2196 4003 esset,
2227 3942 2331 4010 ipsi

765 4045 880 4097 lico
910 4025 1225 4095 Alica-turam
1273 4052 1494 4091 seesse
1525 4050 1754 4089 vovens.
1793 4035 1901 4088 Sed
1950 4035 2096 4088 enim
2145 4033 2335 4087 divino

766 4145 928 4196 nutu,
962 4132 1029 4186 ad
1064 4145 1184 4186 eam
1237 4143 1401 4198 quam
1451 4127 1686 4197 petierat
1723 4127 1977 4195 gratiam,
2013 4125 2168 4178 Anna
2201 4139 2336 4178 con-

3062 1583 3315 1636 ΚΕΦΑΔ.
3349 1585 3424 1638 Ζ’.

2426 1697 2564 1763 Περὶ
2617 1693 2736 1748 τῶν
2770 1691 2953 1763 ἁγίων
2994 1691 3254 1760 Ἰωακεὶμ
3285 1690 3384 1745 καὶ
3418 1692 3681 1763 ’ᾼννηςο
3718 1695 3820 1746 καὶ
3875 1696 4004 1762 περὶ

2496 1760 2606 1832 ⁴ἑῆς
2633 1762 2975 1833 γεννήσεως
3005 1763 3120 1833 *καί
3154 1760 3499 1833 ᾀνατρορῆς
3533 1763 3634 1829 τῆς
3671 1760 4005 1833 ὑπερατίάς

2495 1830 2792 1960 ’Glsordxou
2845 1832 2914 1884 ἐν
2956 1830 3036 1914 τῷ
3077 1831 3233 1895 ναῷ*
3264 1833 3360 1885 καὶ
3410 1830 3902 1903 ὼςέμνηστεύθή
3934 1835 4007 1899 τῷ

2552 1919 2748 1971 many.
2836 1947 2840 1950 .

2505 2017 2656 2070 Ἐπεὶ
2686 2017 2796 2086 γὰρ
2820 2015 3014 2085 ἔμελλε
3043 2015 3316 2069 τελεῖσθαι
3337 2016 3399 2068 τὸ
3433 2016 3578 2085 μέγα
3608 2018 3705 2069 καὶ
3730 2017 3879 2086 ὑπὲρ
3905 2019 4007 2084 φύ-

2425 2129 2511 2164 σιν
2545 2112 2868 2180 μυστήριον,
2908 2109 3088 2178 χρεών
3127 2125 3235 2162 που
3265 2110 3485 2172 πάντως
3523 2109 4004 2179 προηυτρεπισθαι

2425 2203 2617 2264 σκεῦος
2637 2203 2700 2255 τδ
2734 2201 2988 2270 χωρῆσον
3015 2200 3080 2271 δὴ
3116 2201 3210 2253 τὸν
3237 2200 3553 2270 ἁχώρητον.
3589 2202 3801 2272 Εὕρέθη
3823 2202 4006 2254 τοίνυν

2424 2299 2457 2366 ἡ
2494 2295 2741 2364 μακαρία
2767 2294 3036 2362 παρθένος
3063 2294 3276 2362 Μαρία,
3306 2293 3456 2357 ἄξιόν
3480 2311 3533 2345 τι
3568 2295 3660 2347 καὶ
3692 2295 4006 2364 θεοπρεπὲς

2423 2388 2519 2441 τοῦ
2555 2389 2731 2454 Λόγου
2786 2386 3234 2455 κατοικητήριον,
3291 2387 3387 2438 καὶ
3428 2386 3534 2456 πρὸ
3584 2388 3863 2453 γενέσεως
3910 2391 4006 2455 μὲν

2424 2480 2816 2548 ἀνατεθειμένη
2839 2478 2958 2546 Θεῷ
2974 2517 2986 2539 ,
3007 2481 3071 2530 ὲκ
3098 2477 3274 2545 μελῶν
3290 2477 3346 2528 δὲ
3370 2477 3658 2545 γηραλέων
3688 2479 3786 2531 καὶ
3813 2479 4008 2547 ττόρρω

2430 2575 2539 2627 τῶν
2564 2575 2662 2642 τῆς
2697 2572 2910 2640 φύσεως
2951 2571 3251 2637 χραμάτων
3294 2563 3383 2622 οἷά
3414 2585 3500 2631 τις
3549 2570 3764 2637 καρπὸς
3794 2569 4010 2623 θεόσδο-

2422 2683 2514 2728 τος
2549 2663 2895 2733 προηγμένη.
2935 2661 3190 2726 Ἰωαιιιὶμ
3223 2661 3318 2712 καὶ
3352 2661 3519 2713 ’Ἄννα
3560 2656 3703 2731 ἦσαν
3733 2663 3850 2724 τοῖς
3882 2681 4006 2729 γεν-

2426 2760 2652 2824 νήτορσι
2679 2757 2745 2806 τα
2778 2754 3036 2821 ὀνόματα,
3074 2754 3340 2819 ἐπίσημοι
3381 2753 3480 2820 μὲν
3512 2755 3608 2805 καὶ
3644 2754 3813 2820 ἄμφω
3844 2756 3906 2806 ἐν
3939 2759 4002 2824 τῇ

2425 2850 2566 2900 κατὰ
2601 2847 2766 2914 νόμον
2788 2845 3008 2912 ἀκριϐεῖ
3040 2845 3312 2912 πολιτείᾳ,
3343 2845 3406 2895 οὐ
3438 2848 3545 2913 μὴν
3583 2845 3628 2896 δ’
3666 2845 3802 2899 ἀλλά
3827 2849 3924 2898 καὶ
3953 2848 4010 2898 ἐν

2427 2942 2540 3001 τοῖς
2570 2939 2811 3009 πρώτοις
2841 2941 2934 2990 καὶ
2977 2937 3292 3000 καλλίστοις
3326 2939 3418 2990 καὶ
3452 2939 3562 2990 τῶν
3613 2935 3672 2990 εὗ
3701 2941 4006 3006 γεγονότων

2427 3032 2943 3103 συναριθμούμενοι.
2995 3031 3338 3101 Κατεγήρων
3384 3030 3440 3082 δὲ
3480 3029 3570 3082 τδν
3605 3030 3721 3099 βίον
3748 3032 3920 3101 γονῆς
3946 3033 4005 3085 ᾶ-

2429 3139 2629 3191 μοιροι.
2658 3123 2798 3192 Πρὸς
2833 3121 2942 3189 γὰρ
2972 3119 3181 3173 παίδων
3214 3121 3377 3188 γονὰς
3400 3121 3601 3190 λιθώδη
3638 3121 3740 3190 τὴν
3779 3125 4002 3192 μήτωκ

2425 3216 2459 3282 ἡ
2497 3215 2663 3266 ’Δννα
2695 3212 3072 3282 προὺὁέὸλητο
3096 3229 3108 3242 ·
3156 3219 3250 3266 καί
3304 3212 3429 3266 ἐπεὶ
3469 3214 3543 3276 ὡς
3575 3215 3768 3281 ἄγονος
3809 3216 3872 3267 ού
3900 3216 4004 3268 τῶν

2431 3308 2562 3359 ῐσων
2601 3306 2856 3374 μετεῖχεν
2884 3307 2946 3358 ὲκ
2977 3307 3143 3372 νόμου
3189 3307 3309 3367 ταῖς
3347 3308 3588 3376 μητράσι
3623 3309 3826 3375 τιμῶν,
3860 3313 4007 3364 κατὰ

2425 3396 2524 3466 τὴν
2556 3395 2650 3448 τοῦ
2674 3395 2926 3465 Σαμουὴλ
2980 3396 3192 3465 μητέρα
3247 3397 3344 3448 καὶ
3387 3395 3527 3468 αὕτη
3574 3399 3741 3461 ἱκέτις
3786 3402 4009 3467 ἐγένετο

2427 3488 2521 3541 τοῦ
2546 3486 2689 3540 Θεοῦ
2722 3488 2801 3556 τῷ
2833 3487 2942 3557 νεῷ
2971 3488 3389 3556 παρεδρεύουσα
3417 3491 3491 3558 μὴ
3520 3491 3708 3559 πόρῤω
3733 3485 4009 3548 εἶναιτῶν

2427 3579 2522 3633 τοῦ
2557 3581 2726 3649 νόμου
2755 3579 3019 3646 εὐλογιῶν
3046 3597 3060 3610 ’
3092 3580 3349 3648 γενέσθαι
3389 3583 3445 3635 δὲ
3475 3584 3680 3653 μήτηρ,
3710 3585 3805 3637 καὶ
3833 3587 3896 3638 τὸ
3922 3604 4006 3638 τι·

2431 3672 2697 3738 κτόμενον
2750 3671 3060 3740 ἀφιερῶσαι
3115 3672 3283 3739 αὐτῷ.
3341 3674 3448 3724 Καὶ
3496 3673 3560 3743 δὴ
3594 3674 3831 3743 νεύματι
3877 3677 4011 3744 θείῳ

2430 3761 2811 3830 δυναμωθείσα
2837 3762 2972 3830 πρὸς
2999 3764 3101 3829 τὴν
3124 3765 3284 3831 χάριν
3305 3764 3370 3832 ῆν
3391 3763 3616 3833 ᾔτησεν,
3643 3765 3765 3817 ἐπεὶ
3795 3767 3860 3819 τὸ
3883 3784 4011 3819 παιο

2431 3856 2542 3908 δίον
2569 3855 2680 3907 τῶν
2725 3855 3007 3924 μητρικῶν
3048 3855 3305 3923 θαλάμων
3347 3857 3668 3927 προέθορεν,
3714 3859 3880 3922 εὐθὺς
3909 3862 4010 3930 μὲι

2434 3945 2604 4016 αὐτὴν
2635 3946 2868 4016 Μαριὰμ
2913 3949 3291 4016 κατωνόμασε,
3322 3947 3384 4000 τδ
3436 3949 3716 4002 θεόσδοτον
3764 3954 4004 4005 αἰνιττο-

2439 4040 2575 4106 μένη
2602 4039 2702 4106 τῆς
2730 4038 2954 4106 χάριτος
2977 4055 2989 4068 ο
3033 4037 3110 4100 ὡς
3141 4040 3197 4090 δὲ
3236 4040 3428 4108 πόρρω
3468 4040 3739 4106 γάλακτος
3773 4038 3869 4112 ἦν.
3910 4046 4011 4098 ια’.

2433 4130 2637 4197 ἥκιστά
2665 4146 2728 4196 γε
2777 4129 2915 4199 θηλῇ
2952 4132 3311 4199 προσανέχειν
3339 4131 3623 4198 ἠϐούλετο,
3670 4132 3874 4202 πληροῖ
3912 4138 4013 4203 μὲι

765 4227 979 4277 iirmata
1009 4231 1173 4291 atque
1196 4219 1468 4282 roborata,
1497 4227 1783 4288 postquam
1813 4215 2051 4286 puellae
2073 4215 2336 4270 maternis

2436 4222 2470 4289 ὴ
2499 4221 2801 4289 γειναμένη
2843 4222 2945 4290 τὴν
2995 4222 3328 4287 ἐπαγγελίαν
3353 4238 3368 4252 ο
3419 4223 3514 4274 καὶ
3561 4224 3698 4293 πρὸς
3741 4228 3838 4277 τὸν
3872 4228 4014 4300 νεὼν

765 4315 1167 4383 prodiitlocis,
1203 4310 1429 4364 Mariam
1471 4324 1588 4363 eam
1632 4309 1814 4362 statim
1837 4308 2170 4370 nominavit.
2197 4309 2336 4363 aeni-

765 4418 944 4474 gmate
975 4409 1210 4460 latenter
1248 4421 1277 4456 a
1308 4405 1421 4456 Deo
1458 4410 1741 4469 acceptam
1770 4402 1996 4470 gratiam
2027 4401 2332 4456 declarans.

765 4500 836 4555 Ut
881 4513 1009 4551 vero
1047 4496 1230 4550 infans
1267 4510 1299 4547 a
1344 4494 1482 4546 lacte
1514 4501 1762 4545 materno
1797 4494 1908 4561 jam
1939 4491 2249 4554 abhorruit,
2281 4501 2339 4546 et

766 4606 1065 4648 mammam
1119 4588 1389 4656 attingere
1447 4585 1646 4646 noluit,
1693 4582 2115 4652 promissionem
2163 4592 2338 4637 mater

765 4680 1034 4750 adimplet
1070 4699 1082 4733 :
1111 4689 1166 4733 et
1197 4679 1252 4734 in
1291 4675 1910 4746 templumasceudens,
1941 4676 2094 4742 juxta
2125 4685 2336 4737 votum,

771 4791 894 4828 eam
924 4773 1034 4826 Deo
1071 4778 1380 4833 consecrat,
1413 4769 1635 4822 tertium
1672 4766 1782 4834 jam
1828 4775 1940 4819 tum
1971 4766 2150 4818 astatis
2177 4780 2342 4834 agen-

772 4880 882 4920 tem
914 4879 1138 4918 annUm.
1189 4862 1254 4916 Et
1290 4859 1605 4914 sacerdotes
1649 4858 1869 4928 quidem
1907 4867 2026 4911 tum
2061 4873 2179 4912 eam
2220 4869 2337 4912 tan-

773 4975 936 5028 quam
979 4956 1228 5011 sanctius
1275 4951 1548 5021 quoddam
1599 4951 1892 5004 donarium
1933 4965 2243 5018 suscepere,
2282 4957 2336 5003 et

773 5050 1012 5121 puellam
1038 5048 1090 5100 iii
1121 5047 1360 5100 sacrario
1388 5041 1674 5096 fovendam
1701 5058 1823 5096 esse
1849 5043 2074 5105 duxere,
2098 5042 2161 5094 ad
2194 5041 2338 5094 anti~

2438 4309 2681 4374 ἀνιοῦσα,
2718 4310 2923 4378 ταύτην
2951 4313 3174 4379 ἀφιέρου
3203 4312 3322 4382 Θιῷ
3361 4313 3500 4364 κατὰ
3550 4317 3648 4381 τὴν
3681 4314 4009 4383 ὑπόσχεσιν,

2436 4404 2618 4469 τρίτον
2648 4402 2746 4472 ήδη
2779 4405 2879 4470 τῆς
2904 4403 3124 4471 ἡλικίας
3159 4404 3276 4464 ἔτος
3329 4405 3622 4458 ἀνύουσαν.
3659 4407 3722 4457 υί
3753 4406 3810 4458 δὲ
3845 4409 4014 4476 lapsi;

2437 4494 2709 4561 τέως¹μὲν
2749 4494 3038 4560 προσίεντο
3071 4495 3130 4546 τὸ
3158 4496 3413 4564 ἀνάθημα
3431 4512 3447 4527 ο
3476 4499 3570 4550 καὶ
3599 4499 3658 4549 ἐν
3685 4501 3801 4560 τοῖς
3830 4501 4008 4567 ἁγίοις

2441 4587 2766 4654 ἀνατρέφειν
2809 4586 2908 4654 τὴν
2937 4589 3103 4640 παῖδα
3136 4590 3245 4640 δεῖν
3273 4588 3512 4658 ἔκρινον,
3545 4591 3669 4642 καθ’
3712 4594 4013 4663 ὁμοιότητα

2441 4677 2534 4728 τοῦ
2564 4677 2796 4730 παλαιοῦ
2827 4680 3100 4748 Σαμουὴλ.
3134 4677 3244 4733 Ἢν
3277 4681 3367 4733 οὖν
3395 4683 3471 4750 τῷ
3495 4682 3602 4751 νεῷ
3632 4683 3778 4736 θεῖόν
3805 4702 3860 4735 τι
3885 4689 4018 4754 χρῆ-

2448 4787 2521 4837 μα
2561 4772 2655 4820 καὶ
2685 4771 2882 4822 ἄσυλον
2903 4773 3017 4833 τοῖς
3043 4771 3262 4835 ἀδύτοις
3294 4773 3733 4843 ἐνδιαιτώμενον.
3781 4777 3940 4829 Ἐπεὶ
3972 4780 4015 4829 δ’

2441 4860 2664 4930 ηὔξητο,
2694 4862 2966 4924 συνιόντες
2994 4866 3042 4914 οἱ
3072 4864 3238 4929 ἱερεῖς
3264 4867 3321 4916 ὲν
3347 4863 3561 4928 βουλαῖς
3591 4861 3752 4933 ἧταν.
3775 4868 3830 4920 τί
3863 4874 4017 4937 ποίη·

2445 4969 2636 5013 σαντες
2667 4955 2744 5014 είς
2770 4953 2832 5005 τὸ
2874 4955 3020 5022 ἱερὸν
3051 4956 3232 5008 lascivo
3267 4957 3426 5023 σῶμα
3478 4960 3551 5027 μὴ
3585 4958 3650 5010 ἂν
3681 4959 3915 5022 δόξωσιν
3957 4963 4017 5013 ἁ-

2447 5045 2702 5111 μαρτεῖνο
2739 5045 3036 5112 ἱεροσυλείν
3087 5046 3198 5114 γὰρ
3231 5047 3491 5116 ἄντικρυς
3526 5048 3834 5114 ἐνομίζετο,
3869 5052 3924 5103 ef
3952 5069 4013 5116 γε

775 5142 868 5209 qui
907 5138 1056 5191 illius
1102 5134 1374 5190 Samuelis
1423 5131 1866 5186 similitudinem.
1905 5132 2086 5200 Itaque
2135 5131 2246 5195 illa,
2282 5139 2340 5182 ut

2446 5136 2539 5183 καὶ
2568 5136 2774 5203 ταύτην
2802 5136 2953 5204 ἀνδρὶ
2977 5137 3289 5205 παραδοῖεν,
3324 5141 3416 5188 καὶ
3451 5141 3602 5208 νόμῳ
3625 5143 3808 5206 γάμου
3843 5160 4015 5194 κατα-

881 5262 919 5289 ’⁵
946 5259 1079 5311 Gen.
1111 5271 1248 5312 χιιι,
1280 5253 1364 5306 10.

845 5419 918 5486 ti)
953 5412 1192 5466 lleruJes
1256 5410 1606 5486 blarianimen
1653 5426 1874 5486 uxorem
1907 5417 1960 5460 et
1991 5409 2196 5486 aluistis
2231 5422 2326 5458 ne-

762 5477 1042 5543 cessarius
1072 5497 1200 5535 suos
1223 5481 1444 5532 cecidit.
1475 5478 1715 5546 (Joseph.
1753 5481 1848 5533 lib.
1879 5494 1964 5539 xv,
1999 5493 2116 5541 cap.
2145 5477 2223 5538 9.)

843 5559 919 5622 (Ξ)
949 5555 1166 5606 Mariam
1185 5549 1474 5622 Virginem
1520 5559 1746 5602 matrem
1778 5557 1904 5622 ante
1929 5547 2212 5622 Christum
2245 5547 2332 5598 Je-

774 5617 913 5685 surn'
941 5625 1110 5677 lilium
1148 5620 1264 5688 ejus
1299 5617 1661 5683 iiatutnanno
1711 5617 2064 5685 quindecimo
2094 5618 2331 5685 genitam

763 5717 912 5755 .csge.
944 5692 1199 5746 Chronici
1227 5690 1519 5757 scriptores
1555 5700 1875 5757 memorant.

842 5772 926 5841 (3)
966 5766 1036 5818 De
1093 5756 1527 5817 sanctificatione
1582 5756 1816 5828 Virginis
1889 5760 1980 5813 Dei
2040 5757 2331 5813 Genitricis

2434 5405 2700 5458 sententia
2739 5416 2820 5456 est
2865 5403 3112 5472 Gregorii
3173 5405 3459 5475 Tliculogi,
3508 5407 3562 5459 in
3628 5407 3857 5462 homilia
3913 5410 4016 5464 Pa-

2436 5475 2655 5546 scliali‘:
2682 5493 2698 5523 ι
2736 5476 2986 5527 Christus
3017 5477 3318 5528 secundum
3349 5478 3553 5539 omnia,
3584 5488 3780 5545 prater
3816 5495 4012 5546 pecca-

2439 5557 2574 5600 tum.
2609 5544 2669 5596 iit
2699 5546 2882 5607 humo,
2915 5559 2945 5596 e
2988 5546 3199 5615 virgine
3251 5544 3788 5615 prognatus.icarne
3817 5544 4010 5604 simul

2437 5625 2487 5667 cl
2516 5615 2693 5666 anima
2723 5616 2871 5677 prius
2897 5629 2992 5680 per
3019 5613 3284 5682 Spiritum
3314 5613 3561 5684 purgata.
3580 5614 3838 5683 Oportuit
3863 5622 4010 5672 enim

2437 5695 2490 5741 et
2553 5686 2888 5760 nativitatem
2929 5686 3215 5749 honorari,
3265 5696 3320 5744 et
3370 5687 3732 5756 virginitatem
3797 5692 4014 5756 prasitu—

2441 5770 2639 5808 LlOl'ill'l.
2680 5773 2702 5803 )
