4212 6430
181 424 286 487 657

1148 423 1753 486 ECCLESIASTlCiE
1796 423 2188 485 HISTORIA!
2227 429 2364 490 LIB.
2406 431 2450 492 Ῑ.

3345 431 3452 496 658

178 539 438 608 attpiv,’
473 539 535 592 τδ
583 538 856 593 Ἰουδαίων
914 541 1067 602 ἔθνος
1127 538 1294 592 πάλαι
1354 537 1765 608 βασιλευόμενοι

1877 549 1929 594 ut
1955 549 2114 596 antea
2146 540 2279 603 dixi.
2319 558 2348 596 a
2375 545 2490 599 suis
2517 546 2880 617 principibus,
2913 549 3004 620 qui
3034 564 3099 604 ex
3125 548 3270 602 tribu
3296 548 3451 604 Jnde

175 634 409 700 ἤγοντο,
446 632 602 700 ἄχρις
634 625 696 683 οὗ
733 629 1040 697 Αὕγουστος
1078 630 1347 699 μόναρχος
1382 629 1720 700 ἀνηγόρευτο
1747 643 1761 658 ·

176 722 263 790 ἐφ’
289 720 353 774 οὗ
387 721 602 790 πρῶτος
636 720 880 790 Ἡρώδης
911 720 1210 787 ἀλλόφυλος
1240 716 1337 786 ὢν,
1365 720 1463 789 τὴν
1490 719 1599 771 τῶν
1635 719 1765 771 Ἰου-

177 817 347 868 δαίων
380 816 516 884 πρὸς
549 815 842 882 Ῥωμαίων
873 814 1228 882 ιπιτρέπεται
1261 811 1560 880 βασιλείαν,
1599 813 1763 864 Ἰδου-

180 910 343 975 μαῖος
383 906 461 960 ὢν
500 907 561 960 τὸ
595 909 776 974 γένος,
819 906 893 970 ὡς
931 906 1174 976 Ἰωσήπῳ
1212 905 1380 969 δοκεῖ,
1423 907 1488 959 ἑκ
1531 905 1761 974 πατρὸς,

188 997 450 1065 Ἀράδιος
494 998 550 1050 δὲ
596 999 735 1052 κατὰ
769 997 870 1068 τὴν
910 1001 1144 1068 μητέρα.
1181 999 1543 1066 ’Λντίπατρος
1582 997 1690 1066 γὰρ
1735 999 1764 1050 δ

174 1090 374 1142 τούτου
412 1093 592 1160 πατὴρ
614 1129 628 1151 .
664 1090 722 1156 ἐξ
755 1090 1016 1161 Ἀραϐίας
1049 1090 1241 1158 ἄγεται
1277 1093 1510 1158 γυναῖκα
1542 1088 1762 1158 Κύπριν

173 1184 388 1251 haud,
433 1182 468 1252 ἡ
509 1183 723 1251 πατέρα
767 1185 1042 1253 τεττάρων
1086 1184 1293 1236 παίδων
1337 1185 1520 1235 ποιεῖ’
1565 1175 1640 1234 ὧν
1686 1175 1766 1240 εἷς

175 1266 338 1336 οὗτος
359 1273 608 1344 Ἡρώδης
638 1271 727 1347 ἧν.
751 1275 839 1339 Ὠς
869 1276 915 1330 δ’
949 1276 1263 1346 Ἀφρικανῷ
1291 1276 1450 1343 δόξαν
1475 1276 1570 1329 καὶ
1594 1275 1766 1344 τούτῳ

178 1365 442 1436 πλείστην
469 1368 530 1420 ἐκ
555 1366 655 1436 τῆς
685 1369 1006 1438 συγγραφῆς
1037 1368 1511 1439 περιδαλλομένῳ,
1543 1384 1562 1419 ι
1595 1365 1770 1419 Ἀντί-

180 1474 413 1530 πατρος,
452 1459 638 1529 φησὶν,
672 1461 700 1513 δ
737 1460 977 1530 Ἡρώδου
1010 1460 1154 1524 τινὸς
1189 1461 1612 1520 Ἀσκαλωνίτου.
1644 1458 1766 1511 δού-

177 1549 270 1610 λος
312 1549 501 1619 ἱερέως
529 1549 675 1612 τινὸς
707 1550 815 1604 τῶν
845 1552 975 1620 περὶ
1007 1537 1099 1603 τεν
1130 1551 1266 1603 νεὼν
1298 1549 1390 1602 τοῦ
1430 1549 1766 1612 ’Λπόλλωνος

175 1634 646 1711 δοαπονουμένων.
677 1641 750 1694 Οὔ
776 1642 865 1694 τὸν
893 1642 1057 1695 παῖδα
1089 1643 1442 1710 Ἀντίπατρον
1466 1642 1546 1694 ἔτι
1571 1643 1765 1712 νήπιον

174 1734 340 1797 ὄντα,
379 1735 669 1805 Ἰδουμαῖοι
697 1736 893 1808 λῃσταὶ
924 1736 1362 1806 διαρπάσαντες,
1396 1735 1529 1802 παρ’
1553 1736 1768 1798 ἑαυτοῖς

175 1820 366 1892 εξχονο
409 1824 635 1893 ῥύεσθαι
673 1826 780 1896 γὰρ
817 1826 982 1878 αὑτὸν
1017 1827 1046 1877 ὀ
1076 1827 1260 1895 πατὴρ
1293 1826 1497 1895 ἄπορος
1529 1822 1596 1896 ἦν
1633 1827 1767 1896 χρή-

180 1932 333 1985 ματα
374 1917 772 1988 καταθέμενος.
819 1937 836 1970 ι
884 1919 991 1971 Καὶ
1031 1919 1210 1972 τοίνυν
1248 1919 1341 1972 ὑπ’
1366 1919 1597 1980 ἐκείνοις
1635 1935 1769 1988 τρα-

176 2009 325 2073 (psic,
352 2007 530 2075 ἔδοξεν
559 2010 853 2077 Ἰδουμαῖος
884 2008 1044 2064 εἶναι.
1076 2012 1402 2080 Ἐσύστερον
1428 2010 1484 2063 δὲ
1514 2009 1768 2079 ’Υρκανῴ

175 2101 256 2170 τῷ
291 2101 552 2166 Ἰουδαίας
585 2105 851 2173 ἀρχιερεῖ,
884 2103 942 2166 δς
977 2104 1250 2157 Ἰουδαίων
1281 2104 1498 2172 πρῶτος
1529 2103 1768 2172 διάδημα

178 2195 501 2265 περιέθετο,
547 2197 703 2266 φίλος
745 2197 1058 2264 γενόμενος,
1104 2197 1198 2249 καὶ
1244 2199 1300 2249 ἐν
1339 2197 1458 2258 ταῖς
1501 2196 1637 2265 πρὸς
1677 2197 1769 2246 τὴν

177 2289 416 2358 ἀδελφὸν
457 2289 873 2360 Ἀριστόϐουλον
917 2290 1123 2342 ἐκείνου
1169 2290 1454 2358 διαφοραῖς
1497 2289 1769 2359 χρήσιμος

181 2383 529 2450 ἀναφανεὶς,
574 2384 668 2436 καὶ
715 2386 815 2453 τὴν
866 2382 1144 2452 βασιλείαν
1194 2382 1576 2452 ἐλευθερώσας
1621 2385 1770 2453 αὖτῴ

183 2477 666 2547 περικοπτομένην
713 2478 816 2529 ὑπδ
882 2477 978 2530 τοῦ
1053 2476 1308 2546 ἀδελφοῦ,
1341 2477 1535 2532 ἔπειτα
1576 2477 1633 2530 δὲ
1675 2479 1770 2530 καὶ

193 2571 491 2640 Ῥωμαίοις
522 2571 607 2638 ἐφ’
633 2572 802 2624 ᾶπασι
832 2569 1008 2634 δεξιὸς
1036 2568 1297 2638 γεγονὼς,
1331 2571 1462 2640 πρὸς
1495 2569 1771 2637 Αἴγυπτόν

181 2681 243 2716 τε
277 2665 372 2716 καὶ
395 2664 640 2736 Ἀραδας
667 2663 1136 2733 διαπονουμένοις,
1166 2663 1395 2735 ἐπείπερ
1427 2663 1773 2734 Ἀριστόϐου-

181 2758 276 2821 λος
313 2759 410 2828 μὲν
442 2757 548 2810 ὑπὸ
583 2758 870 2828 Πομπηΐου
901 2758 1117 2827 δέσμιος
1150 2757 1394 2829 αἰσχρῶς
1427 2759 1520 2809 ἐπὶ
1548 2755 1773 2827 Ῥώμην

183 2848 466 2920 ἐπέμφθη,
493 2850 587 2902 καὶ
613 2850 672 2901 τὸ
704 2850 976 2902 Ἰουδαίων
1003 2849 1154 2910 ἔθνος
1184 2848 1502 2912 δεδούλωτο,
1534 2848 1773 2918 ηὐτύχη-

189 2956 283 2992 σεν
333 2931 487 3001 οὗτος
538 2939 880 3008 ἐπιμελητὴς
927 2939 1026 3007 τῆς
1083 2939 1446 3008 Παλαιστίνης
1497 2937 1772 3006 γενέσθαι.

201 3030 361 3084 Ἐπεὶ
408 3031 454 3084 δ’
486 3031 778 3100 ἐσύστερον
826 3033 1175 3101 αἰχμάλωτος
1224 3032 1320 3085 καὶ
1357 3032 1626 3102 Ὑρκανὸς
1670 3031 1776 3083 ύπό

190 3123 428 3192 Πάρθων
460 3123 624 3183 ἑάλω,
654 3125 734 3184 είς
762 3121 821 3174 ὃν
852 3121 1082 3174 ὕστατον
1109 3123 1177 3176 τὰ
1206 3124 1303 3190 τῆς
1334 3123 1442 3175 τῶν
1469 3122 1777 3192 ἀρχιερέων

190 3217 458 3286 περιέστη
493 3216 767 3286 διαδοχῆς,
795 3216 891 3268 καὶ
925 3215 1286 3286 Ἀντίπατρος
1317 3215 1572 3270 ἐντεῦθεν
1601 3216 1777 3285 μέγας

189 3309 490 3377 γενόμενος
516 3307 746 3378 Μαλίχῳ
768 3308 876 3359 τινὶ
905 3308 1094 3370 δολίως
1123 3308 1416 3379 ἀνῄρηται,
1444 3308 1503 3372 ὃς
1533 3308 1777 3379 Ἡρώδου

188 3400 382 3468 πατὴρ
432 3394 500 3466 ἦν
531 3415 546 3430 ο
602 3397 758 3461 οὗτος
815 3400 1116 3468 πάμπολλά
1166 3417 1288 3452 τινα
1336 3403 1449 3463 τοῖς
1489 3401 1781 3470 Ῥωμαίων

193 3495 526 3561 στρατηγοῖς
567 3493 943 3561 καταθέμενος
985 3495 1272 3562 χρήματα,
1315 3497 1408 3547 καὶ
1449 3495 1571 3557 ὅλος
1611 3495 1781 3547 εἴκειν

192 3585 316 3644 ταῖς
362 3583 588 3634 ἐκείνων
631 3587 972 3652 προσταγαῖς
1014 3585 1417 3656 ὑποσχόμενος,
1459 3588 1559 3658 τὴν
1606 3587 1783 3658 ἀρχὴν

191 3674 568 3743 ἐγχειρίζεται
596 3689 607 3700 ⁸
657 3673 754 3726 τοῦ
799 3674 909 3744 γὰρ
953 3676 1232 3746 Καίσαρος
1276 3679 1592 3745 Αὐγούστου
1644 3679 1782 3750 μετὰ

192 3766 424 3834 βαρείας
449 3766 738 3835 δυνάμεως
760 3768 873 3828 τοῖς
899 3767 1016 3818 κατ’
1042 3769 1320 3835 Αἴγυπτον
1348 3768 1596 3840 σκηπτοῦ
1623 3770 1782 3840 δίκην

191 3859 521 3921 ἐπελθόντος
552 3876 565 3888 ·
605 3863 806 3920 σκοπὸς
842 3860 899 3912 δὲ
934 3861 1082 3931 αὑτῷ
1119 3863 1480 3932 Κλεοπάτραν
1513 3863 1783 3934 χειρώσα-

196 3953 361 4016 σθαι,
399 3952 478 4013 εἰς
513 3952 580 4018 ἢν
613 3950 854 4020 ὑστάτην
888 3953 920 4022 ἡ
954 3953 1064 4005 τῶν
1096 3953 1155 4018 ἐξ
1190 3954 1548 4024 Ἀλεξάνδρου
1586 3958 1785 4010 Πτολε-

197 4045 367 4113 μαίου
401 4044 751 4115 Μακεδονικὴ
782 4045 1073 4098 δυναστεία
1105 4049 1371 4118 κατέληξε
1396 4071 1410 4082 ·
1441 4051 1576 4120 πρὸς
1603 4052 1659 4105 δὲ
1689 4057 1783 4106 καὶ

206 4138 520 4204 Ἄντώνιον,
545 4143 656 4203 τοῖς
682 4140 896 4211 ἐκείνης
928 4142 1139 4211 ἱμέροις
1167 4146 1470 4212 ἑαλωκότα,
1497 4151 1783 4220 πρόσεισιν

206 4231 465 4300 Ἡρώδης
511 4230 688 4296 οὗτος,
733 4233 1004 4302 σύμπανθ’
1029 4236 1245 4304 ἕτοιμος
1289 4244 1544 4310 χορηγεῖν
1583 4245 1683 4296 ὅσα
1731 4247 1782 4312 γ’

195 4325 396 4394 ἐκείνῳ
433 4324 656 4396 θυμήρη
683 4366 696 4389 ,
731 4328 852 4379 σῖτα
883 4329 976 4380 καὶ
1007 4328 1147 4381 ὅπλα
1181 4333 1274 4383 καὶ
1306 4332 1529 4402 χρυσίον
1561 4337 1660 4389 οὐκ
1691 4340 1783 4392 εὑ-

199 4417 531 4486 αρίθμητον,
565 4420 657 4469 καὶ
696 4421 1015 4488 συμμαχίαν
1049 4423 1147 4490 τὴν
1183 4425 1437 4495 ὲφικτήν.
1478 4427 1561 4490 Ὠς
1598 4429 1652 4482 δὲ
1691 4433 1784 4483 καὶ

1871 645 2045 700 genus
2076 636 2384 700 ducerent,
2417 654 2552 708 gens
2588 639 2904 695 Judaeorum
2946 642 3076 696 olim
3114 640 3267 709 regio
3295 655 3449 694 more

1871 725 2183 795 regebatur,
2217 727 2392 784 donec
2413 731 2696 798 Augustus
2731 748 2875 788 unus
2909 734 3169 802 solusque
3215 732 3450 800 impera-

1871 825 1957 870 tor
2006 827 2090 872 est
2150 821 2496 876 renuntiatus
2545 840 2557 877 :
2598 823 2700 876 sub
2752 839 2865 892 quo
2916 824 3129 893 primus
3181 821 3450 883 Herodes,

1868 908 2078 964 advena
2105 919 2162 965 et
2190 913 2514 985 alienigena,
2550 932 2579 970 a
2614 916 2877 969 Romanis
2924 915 3314 970 demandatum
3343 915 3449 968 sibi

1862 999 2176 1056 Judzeorum
2207 1018 2433 1075 regnum
2457 1007 2689 1076 accepit.
2717 1008 2843 1063 Fuit
2873 1008 2917 1063 is
2949 1017 3180 1077 paterno
3213 1022 3443 1077 genere,

1870 1099 1930 1144 ut
1961 1092 2234 1163 Josepbus
2267 1097 2548 1165 opinatur,
2591 1096 2859 1152 ldumams
2888 1140 2901 1165 ,
2952 1106 3203 1151 materno
3238 1107 3449 1156 autem,

1871 1185 2066 1239 Arabs.
2121 1187 2410 1258 Antipater
2453 1193 2626 1255 enim,
2681 1190 2849 1259 hujus
2882 1200 3062 1260 pater,
3127 1205 3192 1246 ex
3253 1190 3453 1243 Arabia

1872 1293 2092 1333 uxorem
2124 1279 2339 1351 Cyprim
2374 1283 2530 1338 duxit
2562 1281 2735 1354 :‘quae.
2761 1301 2884 1338 eum
2932 1295 3172 1354 quatuor
3214 1283 3453 1336 ﬁliorum

1869 1381 2081 1441 patrem
2143 1373 2308 1438 fecit,
2356 1391 2593 1444 quorum
2668 1393 2810 1432 unus
2858 1377 3104 1431 Herodes
3173 1377 3266 1430 hic
3326 1376 3452 1429 fuit.

1869 1463 1937 1520 Ut
1990 1473 2171 1519 autem
2242 1467 2501 1520 Africano
2562 1469 2812 1533 videtur,
2879 1470 2973 1538 qui
3037 1480 3093 1524 et
3155 1471 3271 1538 ipse
3342 1485 3457 1523 ma-

1873 1573 2032 1628 gnam
2086 1567 2172 1614 est
2241 1561 2294 1614 in
2353 1562 2664 1616 scribendis
2741 1563 2984 1617 historiis
3044 1564 3263 1618 laudem
3317 1578 3455 1616 con-

1865 1661 2145 1704 secutus:
2202 1671 2220 1703 ι
2280 1652 2568 1721 Antipater
2624 1655 2738 1723 (sic
2813 1654 2928 1725 ipse
2986 1654 3219 1722 scribit)
3289 1653 3460 1707 Hero-

1869 1741 1955 1794 dis
2018 1751 2213 1811 pater,
2269 1743 2414 1797 {ilius
2485 1745 2718 1800 Herodis
2782 1745 3070 1814 cujusdam
3135 1744 3460 1799 Ascalonita:

1871 1833 1998 1899 fuit,
2053 1836 2361 1889 sacerdotis
2418 1837 2726 1906 cujuspiam
2780 1841 2949 1900 servi,
2997 1836 3084 1890 cui
3144 1838 3196 1889 in
3250 1837 3455 1904 templo

1870 1925 2142 1990 Apollinis
2193 1943 2474 1982 sacrorum
2526 1946 2658 1983 cura
2719 1911 3048 1983 demandata
3090 1929 3290 1983 fuerat.
3348 1930 3458 1982 llu-

1866 2020 1958 2089 jns
2009 2019 2178 2073 lilium
2240 2021 2585 2090 Antipatrum
2628 2023 2806 2076 adhuc
2856 2033 3106 2076 tenerum
3167 2022 3457 2091 pra-dones

1874 2109 2094 2163 ldumzci
2152 2121 2372 2180 captum
2426 2113 2574 2182 apud
2623 2127 2682 2167 se
2725 2113 3102 2167 retinuerunt.
3165 2113 3461 2166 Redimcre

1871 2203 2019 2257 enim
2078 2214 2234 2273 pater
2281 2220 2431 2270 eum,
2477 2217 2704 2274 pr0pter
2756 2206 3002 2276 pecunia
3051 2205 3316 2274 inopiam,
3351 2222 3459 2259 non

1871 2286 2073 2365 potuit.
2117 2315 2134 2348 ι
2173 2297 2361 2368 Itaque
2393 2298 2538 2368 quod
2590 2299 2732 2367 apud
2767 2314 2863 2353 eos
2895 2308 2979 2352 est
3027 2299 3315 2363 educatus,
3359 2313 3461 2367 pro

1874 2387 2110 2442 ldUlntBO
2140 2389 2360 2443 habitus
2394 2398 2497 2443 est.
2526 2387 2719 2443 Postea
2748 2404 2880 2443 vero
2907 2389 2960 2441 in
2997 2387 3234 2456 llyrcani
3259 2386 3461 2440 ludam

1873 2479 2160 2535 Pontiﬁcis
2191 2481 2490 2535 amicitiam
2546 2482 2820 2551 pervenit,
2871 2490 2926 2535 et
2971 2481 3024 2533 in
3064 2480 3466 2534 certaminibus

1876 2574 2021 2628 illius
2076 2575 2344 2630 adversus
2404 2575 2632 2628 fratrem
2693 2574 3073 2628 Aristobulum
3131 2572 3464 2626 commodus

1875 2679 2192 2736 compertus
2230 2675 2314 2721 est
2351 2685 2362 2721 :
2398 2667 2505 2738 67
2537 2681 2882 2736 regnumque
2931 2667 3051 2735 ejus
3083 2665 3381 2720 admodum
3436 2681 3466 2720 a

1875 2759 2042 2812 fratre
2071 2759 2334 2822 accisum,
2374 2759 2426 2811 in
2470 2759 2786 2812 libertatem
2823 2757 3080 2811 asseruit.
3120 2755 3327 2810 Deinde
3363 2773 3465 2811 au-

1878 2860 1987 2904 tem
2038 2851 2302 2906 Romanis
2333 2851 2385 2904 in
2415 2852 2584 2905 rebus
2612 2851 2873 2905 omnibus
2913 2843 2978 2904 se
3025 2851 3216 2904 utilem
3270 2859 3327 2903 et
3377 2849 3468 2902 iu-

1877 2941 2176 3007 dustrium,
2209 2959 2330 2997 cum
2368 2944 2638 2998 adversus
2674 2941 2956 3013 [Egyptios
2991 2951 3048 2995 et
3079 2942 3288 2995 Arabes
3318 2940 3467 2995 bello

1879 3036 2129 3104 occupati
2159 3045 2365 3100 essent,
2400 3035 2658 3104 prtebuit.
2692 3034 2761 3088 Et
2793 3047 3082 3103 postquam
3110 3034 3467 3088 Aristobulus

1879 3127 2100 3197 quidem
2141 3127 2455 3194 aPompeio
2498 3130 2738 3197 turpiter
2786 3127 3031 3190 vinctus,
3070 3125 3293 3179 Romam
3329 3128 3464 3180 mis-

1882 3235 1996 3284 sus,
2048 3228 2103 3273 et
2137 3219 2454 3274 Judazorum
2494 3219 2646 3273 natio
2698 3218 2969 3274 servitute
3021 3232 3283 3287 Oppressa
3345 3227 3467 3280 est;

1884 3312 2154 3368 beneﬂcio
2185 3313 2422 3367 fortuna!
2464 3312 2594 3366 huic
2629 3311 2885 3382 contigit,
2915 3321 2974 3365 ut
3004 3319 3334 3380 procurator
3369 3309 3470 3362 Pa-

1881 3407 2107 3461 laesﬂnze
2143 3405 2319 3460 ﬁeret.
2365 3406 2433 3460 Et
2472 3420 2598 3459 cum
2631 3405 2896 3476 deinceps
2931 3403 3216 3473 Hyrcanus
3244 3417 3470 3472 quoque

1882 3513 1911 3550 a
1943 3497 2159 3553 Parthis
2197 3507 2411 3566 captus,
2457 3495 2514 3550 in
2551 3512 2663 3565 quo
2691 3496 2884 3550 ultima
2919 3496 3209 3565 dignitatis
3245 3494 3470 3564 pontiﬁ-

1881 3591 1980 3645 cia:
2006 3590 2252 3644 constitit
2280 3589 2588 3652 successio,
2621 3598 2675 3642 et
2697 3589 2985 3658 Antipater
3015 3589 3249 3642 Herodis
3284 3598 3462 3657 pater,

1883 3681 1973 3750 qui
2004 3679 2128 3735 inde
2166 3681 2339 3750 magis
2374 3683 2654 3751 magisque
2697 3688 2967 3740 creverat,
3002 3678 3219 3731 Maliclii
3273 3679 3466 3746 cujus-

1885 3770 2006 3826 dam
2043 3772 2169 3826 dolo
2201 3781 2426 3826 necatus
2459 3779 2605 3824 esset
2634 3787 2644 3821 :
2673 3770 2718 3824 is
2748 3771 2862 3837 ipsc
2907 3769 3174 3833 Herodes,
3214 3785 3466 3839 magnam

1884 3860 1992 3914 vim
2020 3862 2266 3930 pecunia:
2298 3861 2562 3913 Romanis
2589 3860 2822 3913 ducibus
2859 3860 3090 3930 largitus
3113 3901 3127 3925 ,
3160 3876 3463 3931 eorumque

1885 3967 1944 4007 se
1981 3955 2248 4022 imperata
2314 3951 2584 4006 facturum
2636 3951 2939 4020 pollicitus,
2989 3968 3220 4012 regnum
3263 3953 3331 4004 ab
3385 3956 3470 4006 eis

1887 4045 2146 4098 traditum
2181 4046 2414 4112 accepit.
2455 4042 2592 4097 Cum
2626 4045 2772 4096 enim
2802 4043 2985 4096 Cresar
3017 4049 3315 4112 Augustus.
3340 4060 3464 4098 eum

1885 4138 2092 4207 ingenti
2135 4137 2416 4202 exercitu,
2467 4135 2722 4205 procell:e
2751 4144 2805 4189 et
2841 4135 3089 4188 fulminis
3125 4138 3318 4197 instar,
3360 4138 3465 4190 im-

1887 4241 2072 4300 petum
2109 4231 2157 4284 in
2205 4228 2500 4300 Egyptum
2543 4228 2773 4290 faceret,
2820 4243 2885 4281 eo
2919 4229 3172 4293 consilio,
3205 4239 3264 4282 ut
3313 4228 3468 4283 Cleos

1888 4334 2120 4393 patram,
2174 4322 2240 4376 ad
2272 4337 2434 4391 quam
2488 4330 2825 4391 postremam
2877 4318 3231 4374 Macedonica
3283 4321 3469 4374 Ptole-

1891 4431 2148 4469 umorum
2195 4414 2262 4468 ab
2299 4414 2607 4468 Alexandro
2652 4423 2899 4482 potestas
2946 4424 3001 4468 et
3040 4413 3177 4468 ditio
3222 4415 3468 4483 pertigit,

198 4511 480 4577 Αἴγυπτος
521 4511 614 4562 καὶ
660 4510 987 4581 Κλεοπάτρα
1033 4513 1138 4566 ὑπὸ
1185 4519 1342 4585 χεῖρα
1408 4519 1649 4589 Καίσαρι
1691 4523 1776 4575 καὶ

1888 4518 1941 4563 et
1990 4511 2168 4577 ipsum
2213 4508 2513 4561 Antonium
2568 4506 2844 4560 illecebris
2882 4507 3002 4575 ejus
3044 4507 3328 4560 detentum
3374 4509 3471 4560 de-

212 4599 509 4667 Ῥωμαίοις
540 4601 870 4670 γεγένηται,
907 4603 1029 4656 δυσὶ
1063 4605 1198 4673 πρὸς
1226 4610 1334 4665 τοῖς
1370 4607 1501 4661 δέκα
1537 4611 1683 4665 ἔτεσι
1714 4619 1776 4690 τᾷ

1887 4602 2117 4656 bellaret
2152 4603 2218 4669 ζει
2249 4611 2472 4674 caperet
2506 4619 2518 4655 :
2555 4599 2798 4654 Herodes
2835 4599 2936 4653 iste
2982 4614 3038 4652 se
3075 4600 3122 4653 ei
3157 4600 3467 4668 conjunxit,

201 4692 506 4762 Αὐγούστῳ
545 4693 814 4746 διανύοντι
847 4697 914 4766 τῇ
960 4695 1102 4766 ἀρχῇ
1126 4737 1140 4762 ,
1178 4700 1257 4762 είς
1296 4699 1517 4773 Ῥώμην
1549 4719 1608 4757 τε
1648 4703 1784 4777 ἧκεν

212 4785 466 4854 Ἡρώδης
502 4781 677 4851 οὗτος,
724 4788 782 4840 δν
836 4790 930 4842 καὶ
960 4790 1058 4859 τῆς
1093 4791 1389 4860 θεραπείας
1422 4797 1786 4867 ἁμειὸόμενος

201 4879 536 4946 Αὔγουστος,
568 4879 729 4950 βουλῇ
764 4882 861 4951 τῆς
895 4883 1182 4951 Ῥωμαίων
1210 4889 1518 4958 συγκλήτου
1549 4891 1788 4963 διάδημα

205 4973 572 5044 περιθέμενος
601 4974 806 5044 τούτῳ,
841 4975 1064 5044 βασιλέα
1091 4977 1191 5046 τῆς
1225 4979 1490 5044 Ἰουδαίας
1523 4985 1747 5039 ἀνεῖπεν
1770 5002 1785 5019 ο

205 5065 264 5127 ὃς
296 5066 422 5116 ἐπεὶ
449 5064 554 5116 τῶν
589 5064 978 5135 Ἰεροσολύμων
1006 5068 1299 5138 ἐκράτησε,
1332 5073 1459 5134 τους
1495 5074 1790 5140 Ἰουδαίους

206 5157 370 5224 γνοὺς
401 5156 461 5209 τὸ
491 5157 809 5226 ἀλλόφυλον,
839 5161 930 5212 καὶ
958 5160 1130 5224 ἄλλως
1158 5161 1258 5230 τῆς
1285 5163 1454 5217 αὑτοῦ
1484 5165 1702 5234 φύσεως
1731 5172 1792 5221 τὸ

208 5248 421 5316 ἀπηνὲς
462 5249 554 5300 καὶ
597 5249 861 5318 θηριῶδες
907 5253 1347 5323 ἐκτρεπομένους
1390 5255 1464 5318 ώς
1512 5260 1789 5324 μάλιστα,

208 5345 338 5406 τοὺς
375 5343 476 5413 μὲν
531 5344 819 5413 ἀπήλασεν
843 5363 856 5376 ’
888 5346 1082 5411 ἄλλους
1113 5350 1168 5402 δὲ
1199 5352 1293 5402 καὶ
1323 5353 1509 5413 κακῶς
1539 5355 1749 5409 διέθετο
1775 5373 1790 5388 α

209 5438 339 5501 τοὺς
375 5439 434 5491 δὲ
474 5441 570 5493 καὶ
607 5439 755 5507 ξίφει
791 5441 1153 5512 διεχειρίσατο
1176 5461 1190 5476 ο
1226 5445 1482 5499 σκυλεύει
1515 5465 1572 5500 τε
1608 5451 1670 5501 τὸ
1717 5451 1791 5502 ίε‹

216 5533 338 5598 ρδν,
369 5533 466 5586 καὶ
493 5533 589 5603 τὴν
617 5535 773 5586 πόλιν
800 5536 1123 5598 ἀναστατεῖ.
1157 5537 1449 5607 μοχθηρῶς
1478 5541 1544 5608 τῇ
1576 5539 1794 5612 ἐξουσία

214 5625 520 5694 χρώμενος.
560 5627 703 5696 Πρὸς
739 5627 794 5680 δὲ
827 5629 890 5699 δὴ
922 5633 1033 5692 τοῖς
1070 5630 1249 5693 ἄλλοις
1286 5633 1382 5684 καὶ
1416 5631 1573 5684 τοῦτο
1608 5635 1794 5696 κακῶς

215 5716 626 5785 διαπράττεται.
656 5717 763 5781 Τὰς
794 5722 902 5790 γὰρ
931 5722 1041 5773 τῶν
1071 5723 1253 5790 φυλῶν
1280 5723 1497 5785 ἁπάσας
1527 5723 1794 5793 δημοσίας

215 5812 545 5890 ἀναγραφὰς
565 5852 580 5883 ,
610 5813 666 5871 αἱ
691 5815 806 5874 ἀπὺ
831 5813 923 5867 τοῦ
948 5813 1153 5887 Ἐσδρα
1179 5814 1478 5884 ἐτύγχανον
1500 5857 1514 5873 .
1553 5815 1796 5883 μανικῶς

220 5906 592 5977 διακείμενος,
622 5911 786 5981 ἔργον
811 5911 1046 5969 ποιεῖται
1076 5909 1288 5977 φλογός.
1319 5908 1390 5961 Τὸ
1417 5907 1471 5961 δὲ
1500 5906 1795 5978 βούλευμα.

1891 4705 2118 4763 paratus
2150 4709 2494 4763 quaecunque
2519 4693 2594 4746 illi
2629 4693 2944 4756 placerent,
2981 4691 3227 4759 praebere
3261 4701 3317 4746 et
3341 4708 3474 4761 sup-

1892 4787 2138 4857 peditare
2170 4803 2181 4838 :
2215 4788 2575 4846 frumentum,
2605 4801 2776 4846 arma,
2812 4793 2866 4836 et
2898 4783 3143 4852 pecunia
3177 4802 3468 4840 numerum

1894 4881 2188 4949 ingentem,
2226 4888 2281 4932 et
2305 4893 2646 4949 quaecunque
2680 4889 2944 4947 praeterea
2975 4888 3160 4946 posset
3211 4887 3472 4948 praestare

1893 4973 2116 5027 auxilia.
2157 4972 2229 5024 lbi
2284 4971 2548 5042 [Egyptus
2593 4983 2647 5025 et
2686 4969 2976 5039 Cleopatra
3035 4970 3090 5023 in
3139 4979 3476 5040 potestatem

1894 5066 2127 5121 Ctesaris
2169 5076 2223 5119 et
2274 5063 2648 5119 Romanorum
2701 5063 2894 5126 venit,
2937 5062 3272 5117 duodecimo
3328 5079 3476 5117 anno

1897 5171 2185 5230 postquam
2216 5159 2490 5227 Augustus
2538 5156 2833 5225 imperium
2867 5155 3133 5224 suscepit.
3175 5153 3313 5209 Huic
3343 5169 3476 5208 sane

1899 5253 2121 5318 ll=-rodi,
2162 5269 2286 5304 cum
2317 5253 2542 5304 Romam
2572 5249 2834 5309 venisset,
2865 5255 2920 5301 et
2954 5247 3235 5318 Angustus
3261 5246 3472 5301 referre

1897 5346 1946 5400 ei
1973 5347 2210 5414 aliquam
2243 5361 2342 5413 pro
2373 5343 2638 5413 praestitis
2665 5341 2772 5396 sibi
2803 5339 2996 5394 ciliciis
3025 5339 3254 5408 gratiam
3287 5342 3472 5403 vellet,

1898 5443 1964 5495 de
1999 5439 2230 5494 Romani
2257 5447 2482 5493 senatus
2513 5436 2744 5490 consilio
2775 5443 2830 5489 et
2862 5434 3144 5487 voluntate
3171 5472 3183 5494 ,
3221 5434 3476 5486 diadema

1900 5532 2184 5603 imposuit,
2214 5542 2268 5586 et
2315 5545 2498 5600 regem
2535 5529 2735 5584 Judaza:
2767 5528 2979 5583 creavit
3016 5544 3029 5580 :
3083 5527 3176 5597 qui
3211 5527 3471 5590 Hieroso-

1898 5625 2060 5697 lymis
2095 5626 2321 5694 potitus,
2359 5622 2504 5693 quod
2539 5623 2703 5677 sciret
2730 5621 2946 5676 Judazos
2975 5620 3195 5691 generis
3229 5621 3475 5676 obscuri-

1903 5728 2093 5780 tatem,
2148 5717 2292 5787 quod
2339 5716 2551 5770 scilicet
2610 5714 2820 5768 advena
2870 5721 3053 5780 esset,
3108 5725 3163 5769 et
3209 5723 3475 5783 prieterea

1902 5812 2282 5866 crudelitatem
2305 5821 2513 5865 natura:
2557 5809 2678 5880 ejus
2713 5807 3105 5879 ingeniumque
3135 5808 3285 5862 ferox
3310 5821 3475 5877 quam

1906 5905 2139 5961 maxime
2186 5905 2423 5959 aversari
2469 5913 2522 5958 et
2568 5903 2746 5958 odisse
2783 5919 2794 5955 :
2841 5886 3105 5962 quosdam
3157 5914 3220 5954 ex
3263 5899 3479 5956 civibus
