4212 6430
734 401 838 463 659

1936 397 2356 459 NICEPHOHI
2396 397 2743 459 CALLISTI

3865 395 3971 459 060

725 517 856 569 urbe
881 515 1082 584 exegit,
1120 513 1381 584 quosdam
1413 530 1507 584 per
1539 513 1796 583 iniuriam
1831 516 1969 570 male
2000 516 2278 578 tractavit,
2309 525 2352 574 Α
2380 535 2388 564 ι

2309 525 2352 574 Α
2380 515 2455 577 ὡς
2490 515 2686 584 κομιδῇ
2726 512 2985 585 πονηρὸν,
3019 513 3095 576 ὡς
3131 513 3196 566 ἂν
3227 512 3469 578 ἀγνῶτες
3504 529 3594 564 του
3629 509 3818 561 ἱειποῦ
3857 505 3968 561 εἷεν

724 604 1014 658 nonnullos
1043 604 1207 657 etiam
1249 602 1395 657 ferro
1442 605 1692 658 necavit:
1738 605 2000 674 templum
2040 604 2284 674 denique

724 694 1003 762 spoliavit,
1033 705 1088 747 et
1118 696 1306 748 urbem
1332 697 1564 750 vastavit
1590 711 1652 750 ac
1684 695 1914 764 diripuit
1939 697 2036 766 (l).
2056 697 2137 751 Ad
2171 698 2285 751 haec

724 796 871 839 tanta
897 786 1138 839 facinora
1170 787 1300 840 illud
1328 805 1547 858 quoque
1597 787 2020 858 ﬂagitiosissima
2052 790 2282 844 addidit.

723 876 977 931 l’oblicas
999 877 1142 928 enim
1186 876 1428 930 tribuum
1462 877 1866 946 descriptiones
1901 893 2116 942 omnes,
2164 894 2285 947 qua!

724 969 792 1019 ab
840 967 957 1036 ipso
993 982 1163 1036 usque
1201 968 1366 1021 Esdra
1407 968 1760 1030 duraverant.
1815 969 2001 1024 furore
2041 971 2286 1039 percitus

723 1060 955 1111 flammis
994 1060 1358 1128 consumpsit,
1389 1061 1519 1115 illud
1545 1063 1841 1129 pessimum
1871 1065 2097 1116 omnino
2128 1078 2284 1117 secu-

725 1162 813 1202 tus
832 1152 1144 1212 consilium,
1172 1162 1228 1205 ut
1261 1153 1354 1221 qui
1391 1168 1458 1206 eo
1490 1155 1711 1209 nomine
1739 1166 2060 1223 arroganter
2091 1171 2282 1224 super-

725 1233 926 1299 birent,
962 1237 1027 1289 de
1060 1248 1254 1290 cetero
1287 1239 1622 1307 ignorarent,
1665 1242 1810 1295 unde
1853 1243 2088 1310 quisque
2113 1258 2284 1312 genus

723 1325 989 1386 traheret,
1017 1327 1106 1393 qui
1133 1328 1244 1396 68
1271 1328 1558 1398 indigenae,
1592 1331 1755 1398 quive
1816 1332 2073 1399 inquilini
2126 1335 2286 1403 (quos

722 1416 978 1482 γειὼρας,
1016 1418 1118 1471 bnc
1135 1428 1238 1482 est,
1273 1422 1508 1474 advenas
1537 1424 1702 1475 etiam
1752 1433 1807 1476 et
1834 1425 2173 1494 alienigenas
2193 1441 2285 1478 vo-

721 1511 868 1577 rant)
904 1522 1108 1564 essent.
1151 1511 1257 1576 Qui
1301 1529 1422 1566 cum
1456 1515 1620 1568 stulte
1649 1516 1941 1568 admodum
1966 1527 2022 1569 et
2064 1518 2284 1571 sordide

722 1604 786 1654 tle
811 1602 973 1654 rebUs
1004 1602 1312 1670 huiusmodi
1366 1605 1657 1674 judicavit,
1691 1617 1804 1659 tum
1841 1608 2119 1675 pontificis
2147 1623 2287 1677 quo-

719 1706 827 1758 que
875 1693 1392 1759 magnificentiorem
1451 1709 1656 1751 vestem
1701 1700 1812 1766 ipse
1878 1701 2091 1768 primus
2148 1716 2285 1755 arcae

724 1783 964 1847 inclusit,
1003 1786 1268 1856 signoque
1305 1790 1491 1842 annuli
1541 1791 1775 1842 munivit
1813 1809 1824 1843 :
1863 1793 2283 1862 quibuscunque

723 1875 889 1927 etiam
914 1876 1192 1930 vilissimis
1218 1880 1512 1932 nundinari
1545 1881 1875 1944 volentibus,
1900 1882 2003 1935 hoc
2027 1892 2185 1950 pacto
2209 1882 2284 1954 (2)

725 1967 1105 2035 pontificatum
1141 1971 1410 2034 venalem,
1435 1973 1632 2025 annuis
1675 1974 1946 2028 reditibus
1975 1985 2032 2029 et
2067 1977 2286 2044 pensio-

724 2059 908 2121 nibus,
955 2062 1247 2130 praateritis
1290 2065 1600 2132 spretisque
1633 2066 1726 2134 qui
1762 2067 1979 2134 generis
2014 2077 2288 2121 vetustate

725 2150 971 2206 celebres
996 2163 1197 2218 essent,
1239 2170 1572 2224 proponens.
1601 2157 1859 2226 Idemque
1886 2167 1941 2210 et
1963 2159 2029 2212 de
2066 2159 2290 2227 pontiﬁ-

725 2242 809 2294 eia
851 2253 1020 2305 veste,
1067 2254 1122 2299 et
1159 2246 1226 2300 de
1279 2248 1605 2302 sacerdotiis
1657 2249 1813 2317 ipsis,
1863 2248 2032 2302 filium
2069 2265 2290 2319 quoque

726 2333 847 2400 t-jus
877 2335 1227 2398 Archelaum,
1261 2338 1464 2407 quique
1494 2350 1615 2407 post
1653 2341 1804 2392 illum
1831 2356 1857 2391 a
1893 2341 2154 2394 Romanis
2196 2341 2291 2396 Ju-

726 2425 966 2479 dzeorum
1018 2430 1380 2484 obtinuerunt
1406 2432 1692 2494 imperium
1716 2472 1728 2495 ,
1764 2432 1981 2494 fecisse,
2017 2433 2290 2501 Josephus

2388 609 2434 658 οἱ
2463 610 2587 674 περὶ
2625 607 2786 658 ταῦτα
2818 604 3156 675 φυσώμενοι,
3182 605 3307 658 ὅθεν
3333 604 3400 672 δὴ
3425 604 3487 656 τὸ
3517 606 3674 670 γένος
3702 603 3928 656 Eius-act
3952 618 3967 632 ο

2389 699 2483 751 καὶ
2513 699 2655 762 τινὲς
2691 700 2790 768 μὲν
2815 702 2863 751 οἱ
2901 699 3182 767 ἐγχώριοι,
3212 698 3358 758 τινὲς
3391 697 3436 750 δ’
3462 695 3531 749 αὖ
3564 697 3611 746 οἱ
3647 695 3928 762 ἀλλότριοι
3949 734 3966 755 ,

2388 790 2481 852 οὓς
2525 792 2616 843 καὶ
2668 792 2908 860 γειὼρας
2959 790 3209 844 καλοῦσι.
3255 791 3523 858 Ἀνοήτως
3569 788 3615 840 δ’
3646 789 3786 856 ἔχων
3837 790 3970 855 περὶ

2388 880 2560 933 ταῦτα
2594 881 2689 933 καὶ
2723 879 2998 946 ἀγεννῶς,
3038 881 3131 930 καὶ
3163 880 3264 948 τὴν
3298 876 3391 929 τοῦ
3429 877 3732 944 ἀρχιερέως
3771 874 3968 940 στολὴν

2390 972 2604 1038 πρῶτος
2641 970 2796 1031 οὗτος
2831 970 3074 1038 κιϐωτίῳ
3108 970 3456 1039 ⁴περιορίσας.
3491 972 3587 1022 καὶ
3620 966 3696 1032 τῷ
3734 983 3974 1033 σφραγίς

2390 1062 2549 1130 στῆρι
2593 1062 2866 1129 δακτυλίῳ
2918 1062 3378 1130 ἀσφαλιζόμενος,
3434 1061 3547 1120 τοῖς
3596 1057 3818 1125 τυχοῦσι
3870 1058 3972 1107 καὶ

2391 1153 2736 1222 βουλομνοις
2764 1152 2924 1206 ὢνιον
2957 1155 3054 1220 τὴν
3084 1152 3499 1221 ἀρχιερωσύνην
3533 1149 3811 1218 προύτίθει
3843 1152 3976 1200 ἕπεο

2386 1245 2553 1306 τείοις
2578 1247 2695 1307 ταίς
2724 1247 3026 1313 εἰσφοραῖς,
3057 1245 3184 1306 τοὺς
3211 1243 3267 1306 ἐξ
3296 1243 3526 1310 ἀρχαίου
3551 1243 3738 1307 γένους
3769 1241 3975 1307 ὑπερο-

2391 1339 2518 1405 ρῶν.
2551 1337 2737 1390 Ταῦτα
2769 1337 2827 1388 δὲ
2864 1337 3068 1402 πρᾶξαι
3106 1325 3234 1403 περῖ
3265 1352 3322 1386 τε
3355 1337 3454 1402 τὴν
3487 1334 3681 1402 στολὴν
3714 1334 3808 1384 καὶ
3838 1332 3973 1391 τοὺς

2389 1432 2572 1494 ἱερεῖς,
2605 1429 2695 1480 τόν
2722 1445 2781 1481 τε
2813 1428 2929 1481 υῑδν
2960 1428 3153 1480 τούτου
3183 1427 3497 1495 Ἀρχέλαον,
3531 1426 3790 1493 Ἰώσηπος
3822 1426 3971 1474 ἱστο-

2390 1522 2494 1588 ρεῖ,
2524 1521 2616 1572 καὶ
2643 1522 2767 1581 τους
2797 1521 2914 1588 μετ’
2943 1521 3151 1570 ἐκεῖνον
3182 1519 3245 1568 ὲκ
3268 1517 3560 1584 Ῥωμαίων
3585 1517 3680 1583 τὴν
3707 1517 3813 1566 τῶν
3840 1515 3946 1566 Ἰου

2387 1612 2548 1664 δαίων
2582 1611 2983 1679 ἐπιτραπέντες
3030 1610 3229 1678 ἀρχήν.
3265 1608 3451 1660 Ταίτα
3489 1608 3534 1660 δ’
3557 1608 3688 1675 ἡμῖν
3726 1609 3798 1674 μὴ
3827 1623 3974 1675 παρ-

2389 1707 2566 1775 έρτως
2596 1704 2850 1774 εἰρῆσθαι
2909 1702 3137 1755 δοκείτω
3181 1701 3341 1765 τισὶν,
3374 1700 3507 1752 ἀλλὰ
3539 1701 3632 1751 καὶ
3660 1701 3778 1751 κατ’
3801 1700 3972 1764 ἇῖλης

2388 1798 2726 1864 προφητείας
2753 1793 3036 1857 ἐπίδειξιν,
3066 1793 3240 1862 πέρας
3269 1792 3544 1856 λαῦςύσης
3573 1793 3636 1858 τῇ
3663 1789 3754 1842 τοῦ
3785 1789 3976 1854 Σωτῆ.

2398 1905 2486 1956 ρος
2521 1887 2816 1956 ἐπιφανείᾳ
2841 1928 2856 1948 ,
2890 1887 2985 1938 καὶ
3017 1885 3162 1937 κατὰ
3193 1885 3290 1952 τὴν
3323 1884 3497 1951 ἁληθῆ
3529 1883 3635 1935 τῶν
3667 1883 3872 1950 χρόνων
3906 1881 3974 1949 δὴ

2395 1980 2796 2049 παρατήρησινζ
2840 1979 2909 2031 Δί
2954 1978 3064 2046 γὰρ
3111 1979 3266 2045 παρὰ
3311 1975 3389 2045 τῷ
3428 1975 3627 2042 Δανιὴλ
3675 1972 3973 2039 ὲϐὀομεὶδες

2393 2069 2629 2123 ἐνταῦθα
2661 2066 2900 2136 Χριστοῦ
2935 2068 3241 2137 ἡγουμένου
3273 2067 3362 2119 τὸν
3396 2065 3631 2133 ἀριθμὸν
3663 2067 3976 2130 συμπεραί-

2391 2179 2572 2213 νουσιν
2596 2177 2609 2190 ·
2643 2161 2700 2212 ἐν
2732 2156 2821 2219 αἷς
2855 2159 2992 2227 μετὰ
3025 2160 3085 2212 τὸ
3115 2158 3322 2210 τούτων
3357 2157 3729 2225 συμπέρασμα
3753 2197 3768 2218 ,
3802 2155 3973 2220 σας·νέ-

2393 2269 2560 2303 στατα
2586 2249 2646 2302 τὸ
2671 2253 2821 2321 παρὰ
2850 2250 3128 2312 Ἰουδαίοις
3157 2250 3368 2319 χρίσμα
3397 2250 3630 2315 πάμπαν
3659 2247 3975 2314 ἐξολοθρευ-

2393 2340 2653 2407 Θησεσθαι.
2698 2345 2724 2395 ὁ
2769 2341 3007 2411 Θεόπτης
3057 2342 3420 2412 προαγγέλλει
3469 2342 3794 2409 προξήτης·
3838 2339 3865 2388 ὃ
3910 2339 3977 2408 δὴ

2392 2435 2485 2484 καὶ
2517 2435 2875 2503 πεπλήρωται
2904 2438 2970 2504 τῇ
3006 2437 3098 2486 ἐπὶ
3128 2435 3229 2502 γῆς
3262 2433 3537 2504 παρουσίᾳ
3568 2431 3828 2502 Χριστοῦ.

727 2519 913 2573 tradit.
943 2521 1066 2575 Haec
1088 2539 1274 2591 porro,
1310 2539 1376 2578 ne
1419 2526 1708 2594 quisquam
1745 2535 1899 2594 putet
1962 2536 2218 2593 tanquam
2291 2542 2389 2594 per
2428 2526 2847 2597 digressionem,
2895 2527 3076 2582 obiter
3136 2537 3188 2581 et
3237 2536 3388 2580 extra
3429 2528 3769 2595 propositum
3811 2539 3841 2576 a
3890 2537 3978 2576 me

727 2617 868 2669 dicta
890 2631 1033 2670 esse.
1067 2618 1204 2671 Sunt
1244 2619 1390 2671 enim
1425 2620 1588 2672 etiam
1643 2628 1869 2688 propter
1916 2619 2144 2672 alterius
2206 2620 2531 2688 prepbetir,
2573 2637 2694 2686 quae
2731 2621 3080 2691 apparitione
3145 2632 3199 2674 et
3229 2621 3469 2674 adventu
3519 2618 3828 2672 Salvatoris
3872 2617 3976 2668 iut-

727 2709 872 2776 pleta
912 2719 1014 2774 est,
1047 2710 1472 2766 declarationem
1497 2753 1511 2778 ,
1540 2723 1593 2767 et
1623 2723 1844 2782 propter
1867 2727 2049 2768 veram
2081 2722 2388 2782 temporum
2451 2716 2890 2780 observationem
2952 2715 3191 2768 adducta
3219 2716 3317 2782 (3).
3375 2713 3757 2767 Hebdomades
3797 2712 3974 2766 enim.

727 2816 850 2868 qua:
876 2803 1016 2871 apud
1051 2802 1325 2858 Danielum
1361 2813 1510 2864 sunt,
1548 2820 1614 2858 eo
1653 2814 1892 2874 tempore
1918 2805 2140 2858 Christo
2213 2806 2500 2874 imperiun
2572 2807 2858 2860 obtinente
2886 2847 2900 2869 ,
2945 2823 3236 2860 numerum
3284 2823 3444 2860 suum
3515 2806 3973 2873 compleverunt:

730 2892 785 2944 in
835 2895 1058 2962 quibus,
1110 2897 1272 2950 simul
1315 2906 1480 2965 atque
1522 2897 1686 2952 finitae
1734 2907 1954 2963 essent,
2015 2899 2318 2953 clarissime
2358 2899 2674 2952 .ludmorum
2726 2900 3044 2954 unctionem
3112 2900 3389 2953 sublatum
3436 2899 3522 2959 iri,
3557 2907 3839 2965 spectator
3881 2896 3976 2951 Dei

729 2988 981 3055 pradicit
1006 2991 1270 3060 propheta
1302 3010 1316 3045 :
1345 2992 1395 3046 id
1419 2992 1564 3061 quod
1589 2991 1829 3047 adventu
1864 2994 2068 3048 Christi
2105 2995 2156 3048 in
2181 3005 2381 3049 terram
2409 3005 2490 3048 est
2524 2995 2728 3051 factum
2777 3007 2942 3066 atque
2972 2997 3328 3065 completum.

1345 3131 1570 3187 CAPUT
1603 3130 1669 3183 Χ.

735 3220 814 3275 De
867 3239 927 3274 ea
983 3239 1101 3291 qua:
1157 3225 1220 3276 ab
1255 3225 1487 3292 Augusto
1513 3224 1741 3284 Cwsare.
1781 3226 2002 3292 Cyrenio
2055 3226 2296 3291 prtrside,

805 3293 948 3365 facta
977 3306 1049 3345 est
1079 3296 1532 3365 descriptioneaet
1563 3311 1679 3362 qua:
1700 3298 1762 3349 de
1795 3297 2016 3365 Cyrenio
2049 3296 2300 3364 Iosephus

803 3364 1024 3428 scribat,
1053 3367 1174 3417 item
1205 3365 1265 3417 a'e
1293 3363 1432 3417 Juda
1465 3363 1709 3419 Galilwo.

813 3543 1084 3611 Agebatur
1119 3545 1192 3614 (4)
1229 3555 1340 3597 tum
1378 3560 1555 3598 annus
1587 3561 1615 3598 a
1641 3544 1847 3598 mundo
1875 3545 2100 3600 condito
2138 3547 2302 3616 quin-

736 3641 897 3703 quies
979 3637 1303 3690 millesimus
1367 3638 1841 3706 quingentesimus
1909 3639 2173 3707 quintus,
2234 3640 2302 3692 ab

738 3708 966 3799 August’i
1026 3730 1253 3799 imperio
1297 3731 1747 3799 quadragesimus
1795 3730 2117 3794 secundus,
2166 3739 2224 3784 et
2271 3746 2300 3783 a

739 3822 1101 3875 Macedonica:
1134 3822 1358 3875 ditionis
1385 3823 1656 3875 solutione
1696 3823 1990 3876 vicesimus
2029 3832 2255 3876 octavus
2286 3838 2300 3875 :

737 3932 859 3967 cum
899 3913 1151 3967 Salvator
1208 3923 1415 3976 noster,
1472 3917 1574 3967 sub
1621 3929 1688 3968 eo
1729 3916 1822 3982 qui
1870 3923 1984 3966 tum
2028 3913 2299 3981 agebatur

736 4023 925 4070 censu,
959 4007 1187 4076 Cyrenio
1217 4007 1295 4076 (5)
1329 4005 1497 4074 Syria:
1543 4006 1896 4074 praesidente,
1935 4006 1989 4058 in
2023 4005 2302 4060 Bethleem

739 4109 899 4154 natus
927 4111 1007 4153 est
1035 4118 1048 4151 :
1085 4101 1156 4152 ita
1189 4109 1248 4152 ut
1273 4099 1436 4153 etiam
1484 4113 1580 4167 per
1609 4098 1949 4166 prophetiam
1976 4106 2059 4150 est
2105 4099 2304 4166 prtedi-

739 4205 909 4248 ctttm.
945 4194 1087 4246 Exiit
1111 4194 1293 4261 itaque
1321 4191 1558 4245 edictum
1585 4206 1782 4244 census
1808 4200 1862 4243 et
1883 4191 2302 4260 descriptionis;

742 4287 1048 4353 invitosque
1071 4285 1260 4344 etiam,
1291 4286 1346 4336 in
1373 4298 1564 4337 serena
1594 4282 1680 4335 illa
1709 4283 2098 4350 tranquillitate
2131 4284 2301 4350 pacis,

739 4395 860 4446 quia;
889 4394 954 4431 ex
987 4378 1148 4430 unius
1180 4377 1407 4445 imperio
1425 4377 1740 4440 obvenerat,
1765 4376 1994 4444 patriam
2024 4389 2300 4444 quemque

739 4483 894 4521 suam
928 4477 1137 4534 petere,
1171 4466 1356 4534 ibique
1384 4467 1594 4519 censeri
1641 4476 1805 4535 atque
1834 4466 2070 4520 describi
2102 4467 2302 4535 coegit.

739 4561 874 4614 Cum
912 4560 1033 4612 aliis
1056 4572 1220 4627 porro
1249 4566 1306 4611 et
1329 4555 1679 4627 69.loseph,
1712 4573 1815 4612 una
1839 4573 1962 4612 cum
1993 4558 2180 4623 Maria,
2211 4554 2305 4612 ad-

811 4717 889 4786 (l)
923 4714 1163 4786 llerodes
1198 4715 1628 4786 templttm,post
1669 4713 2037 4786 captivitatem
2066 4712 2307 4786 Babylo-

739 4781 921 4842 nicam
975 4800 1003 4837 a
1055 4781 1355 4837 Zorobabel
1386 4794 1442 4838 et
1493 4785 1626 4836 Esra
1673 4784 2018 4842 mdificatum,
2060 4781 2308 4836 funditus

741 4858 934 4921 diruit,
968 4865 1022 4908 et
1065 4854 1314 4908 maximis
1342 4855 1671 4922 sumptibus,
1709 4868 2029 4920 summaque
2059 4851 2310 4922 magnifie

741 4929 946 4991 centia,
979 4925 1122 4976 aliud
1150 4921 1717 4976 secundumformam
1750 4922 1910 4990 primi
1965 4924 2130 4983 illius,
2163 4921 2306 4987 quod

743 4999 1002 5051 Solomon
1062 5003 1426 5050 exstruxerat.
1494 4994 1674 5044 denuo
1731 4991 1996 5044 condidit.
2060 4991 2304 5058 (Josepb.

741 5069 836 5120 lib.
878 5083 966 5124 xv,
1001 5081 1119 5132 cap.
1158 5065 1242 5125 Η,
1288 5063 1358 5115 De
1390 5063 1512 5116 bell.
1536 5063 1744 5115 Judm’c.
1770 5063 1864 5114 lib.
1901 5076 1938 5123 I,
1971 5077 2088 5130 cap.
2123 5060 2236 5125 27.)

813 5138 888 5203 (2)
927 5130 1080 5187 Ideni
1133 5133 1411 5185 Simonem
1465 5148 1718 5203 socerum
1747 5147 1938 5203 suum
1999 5130 2308 5203 sacerdotio

744 5200 1020 5276 privavit,
1044 5214 1099 5257 ct
1122 5203 1422 5276 illattbiam
1465 5202 1755 5269 TheOpbili
1785 5201 1960 5276 filium
1993 5200 2305 5271 pontificem

743 5271 1069 5342 designavit.
1111 5271 1299 5340 (Idem,
1337 5272 1429 5324 lib.
1469 5287 1751 5342 xm,cap.
1782 5271 1858 5332 5.)

819 5347 895 5412 (ὃ)
925 5347 980 5396 δί
1015 5343 1384 5396 bebdomades
1421 5341 1656 5412 Dan_telis
1685 5349 2095 5412 computentur
2150 5354 2192 5412 a
2221 5354 2311 5392 se-

745 5410 929 5470 cundo
975 5428 1119 5466 anno
1163 5412 1478 5465 Artaxerxis
1526 5410 1873 5478 Longiueani,
1921 5419 2015 5461 aut
2065 5410 2308 5472 circiter,

751 5502 925 5554 usque
956 5486 1020 5536 ad
1055 5495 1286 5535 mortem
1322 5490 1376 5534 et
1411 5485 1898 5554 resurrectionem,
1923 5482 2147 5554 etquod
2187 5495 2306 5554 eam

749 5549 1108 5610 consecutum
1145 5562 1228 5605 est
1259 5567 1482 5620 regnum
1507 5550 1708 5603 Christi
1743 5550 2076 5618 etjustitiam
2111 5549 2307 5617 sempi-

747 5635 984 5687 ternam,
1009 5635 1065 5676 et
1100 5637 1402 5690 perpaucos
1434 5623 1657 5690 insuper
1683 5635 1874 5681 annos,
1896 5624 2178 5686 completa:
2207 5622 2310 5690 illae

749 5706 898 5749 certa
934 5689 1145 5748 ratione
1188 5695 1560 5745 inveniantur.
1601 5689 1888 5743 Resultant
1935 5704 2081 5741 enim
2131 5705 2195 5742 ex
2244 5689 2308 5740 70

753 5764 1187 5820 hebdomadibus
1223 5762 1349 5813 anni
1379 5765 1478 5815 4:10
1504 5780 1514 5822 ;
1545 5771 1638 5813 aut
1671 5770 1818 5815 certe
1851 5758 1916 5811 de
1953 5759 2167 5811 duobus
2198 5760 2307 5812 sal-

755 5846 860 5890 tem
888 5844 982 5888 aut
1014 5834 1188 5888 tribus
1221 5834 1377 5885 annis
1405 5831 1728 5900 ambiguitas
1765 5830 1970 5897 reliqua
1997 5837 2097 5882 est.
2133 5830 2304 5884 Czctc-

3020 3136 3269 3188 ΚΕΦΑΛ.
3309 3134 3364 3187 1⁸.

2405 3231 2540 3294 Περὶ
2573 3231 2682 3295 τῆς
2736 3231 2855 3285 ὑπὸ
2901 3232 3255 3297 Αὐγούστου
3315 3230 3612 3292 Καίσαρος
3644 3244 3978 3294 rere/terrm

2474 3302 2625 3352 κατὰ
2658 3302 2959 3368 Κυρήνιον
2987 3299 3348 3366 ἀπογραφῆς
3374 3317 3386 3328 ·
3419 3303 3516 3349 καὶ
3551 3299 3665 3349 ὅσα
3701 3301 3833 3362 περὶ
3871 3305 3979 3352 αὺ-

2471 3369 2580 3492 rlof;
2621 3367 2899 3456 ’ζώσῄπος
2926 3371 3178 3436 ἱστορεῖ·
3207 3374 3303 3422 καὶ
3337 3372 3466 3436 περὶ
3493 3367 3686 3422 Ἰούδα
3719 3368 3824 3420 τοῦ
3858 3371 3982 3422 Γα-

2479 3480 2494 3492 .
2525 3459 2558 3492 ι.
2587 3457 2746 3494 mou.

2480 3559 2700 3626 Κόσμον
2734 3559 2830 3624 μὲν
2857 3553 2948 3608 οὖν
2975 3556 3090 3617 ἔτος
3117 3555 3420 3621 τηνικαῦτα
3448 3554 3693 3606 ἐνίστατο
3721 3555 3980 3619 πέμπτον

2404 3648 2498 3702 καὶ
2524 3646 2972 3698 πενταχοσιοστὸν
2997 3644 3130 3713 πρὸς
3156 3643 3232 3712 τῷ
3259 3643 3518 3704 πεντακις
3546 3641 3801 3710 χιλιοστῴ
3824 3659 3836 3671 ·
3867 3643 3979 3694 Αὑ-

2403 3736 2632 3802 γούστου
2678 3735 2732 3786 δὲ
2780 3735 3053 3802 Καίσαρος
3100 3733 3355 3795 δεύτερον
3402 3735 3494 3784 καὶ
3538 3735 3980 3800 τεσσαρακοστιν

2403 3823 2470 3896 ἦν
2497 3843 2508 3854 ·
2543 3828 2678 3895 μετὰ
2713 3827 2768 3878 δὲ
2799 3827 2896 3895 τὴν
2924 3827 3020 3893 τῆς
3051 3825 3426 3893 Μακεδονικῆς
3458 3826 3775 3883 δυναστείας
3809 3827 3979 3878 κατα-

2405 3921 2559 3971 λυσιν
2590 3919 2774 3984 6·,·δοον
2810 3920 2943 3984 προς
2973 3918 3049 3983 τῷ
3089 3918 3319 3984 εἰκοστῷ
3347 3934 3358 3945 ·
3401 3919 3561 3986 ἡνίκα.
3596 3918 3688 3969 καὶ
3720 3917 3748 3966 ὁ
3786 3918 3978 3984 Σωτὴρ

2405 4011 2562 4076 ἡμῶν
2589 4010 2678 4060 ἐπὶ
2703 4008 2800 4076 τῆς
2826 4011 2943 4060 τότε
2971 4009 3320 4076 ἀπογραφῆς,
3350 4009 3623 4076 Κυρηνίου
3651 4008 3749 4074 τῆς
3779 4008 3978 4074 Συρίας

2408 4096 2868 4167 ἡγεμονεύοντος,
2905 4099 2960 4147 ὲν
2993 4095 3238 4164 Βηθλεὲμ
3270 4100 3524 4162 γεννᾶται
3546 4112 3558 4124 °
3591 4097 3666 4158 ὡς
3696 4097 3758 4164 δὴ
3790 4100 3885 4148 καὶ
3914 4100 3976 4166 τῇ

2410 4190 2716 4259 προφητείᾳ
2749 4188 2912 4241 δοκεῖ.
2955 4187 3175 4256 Ψξῆλοε
3208 4189 3384 4239 τοίνυν
3417 4189 3476 4239 τὸ
3507 4189 3682 4254 δόγμα
3713 4190 3809 4254 τῆς
3844 4190 3979 4240 ἁπο-

2407 4283 2655 4350 γρσφῆςο
2693 4285 2922 4334 συνώοει
2953 4281 3007 4333 δὲ
3045 4282 3135 4332 καὶ
3170 4282 3402 4342 ἄκοντας
3439 4281 3646 4341 πάντας
3678 4282 3734 4331 ὲν
3768 4282 3978 4349 γαλήνῃ

2408 4377 2473 4442 τῇ
2511 4375 2573 4425 ὲκ
2604 4374 2702 4440 τῆς
2741 4373 3035 4441 μοναρχίας
3073 4373 3231 4439 δῆθεν
3269 4372 3403 4440 πρὸς
3435 4372 3533 4440 τὴν
3573 4375 3838 4439 σφετέραν
3874 4365 3981 4424 πα-

2409 4467 2592 4534 τρίδα,
2625 4467 2786 4517 κάκεῖ
2817 4463 3236 4534 ἀπογράφεσθαι
3263 4480 3277 4493 ο
3311 4465 3406 4515 σὺν
3439 4462 3622 4524 ἄλλοις
3651 4463 3706 4514 δὲ
3738 4463 3833 4512 καὶ
3868 4464 3984 4514 ’ῐωο

2411 4557 2518 4628 ait?
2561 4557 2773 4624 σύναμα
2812 4558 2879 4625 τῇ
2923 4555 3210 4625 Θαυμαστῇ
3255 4554 3529 4622 γυναικῶν
3567 4555 3800 4623 Μαριὰμ
3843 4555 3983 4621 προς

2412 4728 2530 4765 rum
2585 4711 2789 4764 certior
2838 4709 3018 4763 adhuc
3065 4707 3401 4776 computatio
3439 4705 3622 4769 fuerit,
3653 4707 3698 4760 si
3751 4706 3824 4759 ⁸ῖο
3859 4706 3983 4760 ista:

2413 4784 2727 4850 septimana:
2759 4780 3044 4833 exordium
3077 4787 3298 4850 sumant
3331 4793 3359 4829 a
3393 4777 3462 4850 δῇ
3499 4792 3646 4829 anno
3676 4777 3822 4850 Darii
3855 4777 3986 4850 Ἠξ-

2412 4846 2608 4916 staspis
2638 4851 2754 4914 filii,
2774 4865 2882 4917 quo
2905 4865 3046 4901 anno
3079 4847 3539 4901 muriJerusalcm
3559 4857 3687 4899 sunt
3712 4846 3983 4899 absoluti.

2414 4921 2491 4985 (ll
2521 4921 2674 4973 Esdr.
2713 4938 2740 4971 v
2790 4929 2846 4971 et
2878 4918 2977 4983 vi.)
3027 4919 3397 4984 Reperiuntur
3425 4931 3660 4985 namque
3711 4931 3882 4983 usque
3913 4919 3986 4969 ad

2411 4991 2687 5044 Christum
2722 4999 2907 5042 natum
2939 4989 3064 5040 anni
3097 4987 3221 5040 490.

2486 5061 2560 5127 (4)
2591 5061 2815 5111 Variam
2845 5060 2897 5109 in
2931 5059 3286 5109 annotatiune
3319 5056 3441 5108 anni
3477 5054 3643 5127 hujus
3673 5053 3987 5108 nativitatis

2415 5125 2618 5183 Christi
2668 5128 3073 5195 cltronograpbi
3120 5137 3176 5178 et
3207 5140 3513 5192 temporum
3567 5125 3981 5178 observatores.

2415 5200 2547 5252 Nam
2583 5199 2806 5267 quidam
2856 5199 3020 5267 etiam
3051 5196 3329 5267 Christum
3366 5206 3547 5267 natum
3572 5209 3698 5267 esse
3723 5206 3987 5267 asserunt

2415 5284 2559 5322 anno
2586 5263 2615 5321 εἰ
2639 5267 2843 5321 mundo
2865 5265 3082 5321 condito
3112 5265 3271 5328 59M,
3293 5264 3536 5318 nonnulli
3570 5263 3728 5322 5962.
3757 5265 3983 5331 quidam

2411 5340 2577 5392 etiam
2609 5339 2768 5391 3979.

2487 5409 2564 5475 (5)
2599 5408 2890 5478 Cyrenium
2949 5408 3038 5461 alii
3088 5409 3345 5478 Cyrinum
3381 5405 3680 5478 nominant.
3723 5405 3988 5478 Fortasse

2415 5489 2597 5532 autem
2636 5474 2969 5532 Censorinus
2997 5479 3117 5531 fuit.
3137 5474 3198 5531 ἱ).
3225 5479 3368 5529 enim
3405 5475 3624 5528 Martius
3641 5474 3987 5528 Censurinus

2417 5565 2542 5600 cum
2575 5549 2635 5602 C.
2671 5550 2856 5600 Asinio
2883 5547 3036 5601 Gallo
3063 5547 3402 5599 consulatum
3428 5547 3611 5613 gessit,
3643 5560 3734 5595 an.
3760 5544 3828 5594 ab
3848 5542 3982 5597 Urb.

2418 5620 2625 5671 condit.
2661 5619 2780 5671 746.
2808 5619 2976 5670 Paulo
3001 5628 3126 5671 ante
3149 5632 3298 5676 vero,
3325 5632 3468 5667 anno
3496 5613 3613 5668 752.
3643 5630 3787 5666 σαμε.
3823 5614 3984 5664 fuere

2419 5689 2488 5740 Μ.
2520 5688 2695 5742 Valet.
2733 5691 2956 5742 .‘llessala
2992 5700 3047 5741 ct
3077 5693 3136 5740 Ρ.
3189 5686 3458 5753 Sulpitius
3491 5684 3777 5749 Quirinus,
3807 5697 3986 5750 quem

2419 5760 2568 5813 multi
2602 5758 2890 5828 Cyrcu‘um
2928 5759 3071 5812 hunc
3099 5757 3263 5812 fuisse
3289 5764 3502 5826 putant.
