4212 6430
187 368 294 435 661

1150 384 1752 459 ECCLESIASTICAZ
1786 396 2171 459 HISTORUE
2207 399 2352 463 LIB.
2398 399 2445 461 Ι.

3350 388 3469 453 σον

189 495 294 589 την
335 492 473 546 ίδ⁸αν
516 496 821 567 μετεχώρει
860 500 1013 553 πόλιν
1054 501 1154 572 τὴν
1194 502 1463 575 Βηθλεέμ,
1506 506 1584 577 τῷ
1622 518 1775 577 περι·

1897 515 2169 571 niratione
2232 517 2375 570 inter
2428 515 2687 572 mulieres
2725 528 2919 570 omnes
2974 508 3326 589 dignissima,
3393 509 3462 562 ad

195 581 364 653 χώρῳ
395 585 490 654 τῆς
529 587 788 651 Ἰουδαίας
827 591 1244 663 ἠριθμημένην.
1278 594 1353 657 di;
1389 597 1454 649 ἐκ
1490 597 1654 651 Δαυῖδ
1689 598 1779 651 ἔλ-

196 692 311 729 κων
338 676 401 730 τὸ
425 679 581 746 γένος
601 723 616 745 ,
644 681 814 734 λιπὼν
843 684 910 754 ἢν
937 684 1187 756 παρῲκει
1217 688 1373 740 πόλιν
1400 690 1497 758 τὴν
1524 689 1778 760 Ναζαρὲτ

194 768 489 838 ἀλλοτρίαν
535 768 742 826 οὖσαν·
796 777 861 846 ἦν
911 778 1081 830 οίκείν
1126 780 1380 847 τηνικάδε
1428 780 1631 846 εἵλετο,
1679 783 1780 851 τῆς

196 859 385 931 χώρας
412 867 523 926 τοῖς
552 868 819 939 πρότερον
845 870 1092 938 συνεχέσι
1126 872 1384 942 πολέμοις
1415 872 1567 926 ἔνθεν
1593 874 1781 927 κάκεῖ.

199 952 296 1005 θεν
331 957 777 1028 μεταχωρούσης.
813 960 1125 1031 Συνὴλαυνέ
1157 979 1219 1031 γε
1258 965 1357 1034 μὲν
1386 963 1447 1016 τδ
1478 963 1654 1033 δόγμα
1683 964 1777 1017 τοῦ

200 1047 480 1118 Καίσαρος
514 1050 649 1119 πρὸς
678 1053 775 1120 τὴν
806 1052 945 1105 ἰδίαν
974 1055 1130 1106 πόλιν
1162 1057 1251 1107 τὸν
1290 1056 1488 1125 Ἰωσὴφ
1511 1101 1526 1118 ,
1560 1057 1646 1108 ἴνα
1681 1059 1778 1109 καὶ

195 1141 228 1207 ἡ
280 1142 590 1210 προςητεία
643 1144 718 1214 μὴ
764 1144 1033 1216 διαπέσῃ·
1083 1148 1189 1200 Καὶ.
1236 1149 1340 1215 σὺ,
1365 1149 1658 1218 Βηθλεὲμ,
1704 1149 1779 1219 τῆ

205 1232 432 1293 Ἰούδα.
473 1234 747 1304 οὐδαμῶς
782 1237 1078 1307 ἐλαχίστη
1122 1234 1181 1292 εί
1214 1241 1281 1293 ἐν
1321 1240 1445 1308 τοῖς
1489 1244 1782 1312 ἡγεμόσιν

208 1323 435 1380 Ἰούδα.
476 1326 829 1391 θεσπίζουσα.
869 1331 981 1400 Τῆς
1016 1332 1059 1383 δ’
1086 1332 1418 1403 ἀπογραφῆς
1450 1334 1653 1404 ταύτης
1692 1334 1785 1404 βα-

201 1418 356 1486 ρείας
392 1417 470 1487 τῷ
501 1419 774 1475 Ἰουδαίων
806 1422 949 1475 ἔθνει
984 1425 1364 1495 γεγενημένης
1386 1467 1400 1490 ,
1437 1427 1530 1479 καὶ
1563 1428 1591 1479 ὁ
1628 1427 1786 1494 φιλα-

196 1510 370 1581 λήθης
407 1510 670 1582 Ἰώσηπος
706 1514 764 1568 ἐν
796 1517 863 1585 τῇ
899 1516 1346 1589 ὀκτωκαιδεκάτῃ
1381 1520 1494 1571 τῶν
1531 1518 1787 1590 ἱστοριῶν

199 1604 635 1671 ἐμνημόνευσεν,
662 1604 807 1660 οῦτω
835 1606 1053 1673 διεξιών
1076 1622 1089 1637 ’
1128 1626 1147 1659 ι
1186 1609 1460 1680 Κυρήνιος
1488 1609 1543 1663 δέ
1569 1610 1680 1665 τῶν
1707 1613 1787 1675 είς

196 1695 301 1764 τὴν
336 1695 532 1766 βουλὴν
566 1699 955 1767 συναγομένων
976 1740 991 1764 ,
1023 1700 1162 1771 ἀνὴρ
1196 1701 1296 1765 τάς
1326 1719 1385 1755 τε
1416 1702 1584 1767 ἄλλας
1612 1703 1788 1774 ἀρχὰς

198 1788 634 1855 ἐπιτετελεκὼς,
666 1793 760 1844 καὶ
791 1793 881 1845 διὰ
913 1794 1103 1846 πασῶν
1134 1793 1361 1858 ὁδεύσας
1395 1794 1605 1858 ὕπατος
1638 1797 1790 1864 γενέ-

1880 606 2158 662 civitatem
2180 622 2335 660 suam
2366 605 2645 661 Bethleem
2670 646 2685 671 ,
2717 604 2856 658 intra
2882 600 3083 657 ludam.
3113 598 3249 653 lines
3279 597 3464 660 sitam,

1884 698 2113 769 (quippe
2154 698 2250 768 qui
2296 712 2363 753 ex
2410 698 2616 753 Daride
2645 712 2817 767 genus
2848 691 3113 759 traheret)
3147 700 3233 745 est
3282 688 3467 757 profc-

1882 799 2039 853 ctus;
2068 807 2191 846 eam
2222 806 2387 861 quam
2426 800 2541 845 tum
2586 788 2884 851 incolebat,
2928 783 3194 841 Nazareth
3228 781 3467 842 scilicet,

1885 882 2233 953 relinquens.
2266 883 2396 937 Erat
2424 898 2487 937 ea
2538 883 2615 937 illi
2650 881 2828 935 aliena
2851 919 2866 940 .
2901 878 2996 932 sed
3034 876 3106 930 ibi
3143 884 3256 929 tum
3288 872 3467 926 domi-

1882 974 2071 1029 cilium
2094 974 2330 1029 habebat
2366 993 2378 1027 :
2407 974 2553 1041 quod
2582 973 2784 1029 Judceaa
2822 970 2994 1039 regio,
3041 965 3306 1036 proximis
3335 979 3468 1018 con-

1884 1065 2056 1121 tinuis
2086 1067 2267 1130 bellis,
2309 1082 2455 1120 nunc
2496 1068 2549 1119 in
2604 1066 2787 1136 hujus,
2825 1076 2973 1116 nunc
3027 1060 3079 1112 in
3119 1058 3265 1112 illius
3308 1067 3467 1124 pou--

1883 1168 2079 1213 statem
2109 1160 2414 1214 transisset.
2454 1159 2707 1213 Edictum
2742 1166 2923 1210 autem
2969 1152 3202 1229 Caesaris
3226 1150 3277 1202 in
3309 1163 3463 1202 suam

1888 1248 2162 1305 civitatem
2202 1250 2383 1320 ipsum
2429 1250 2729 1319 Josephum
2788 1256 3064 1317 coegerat,
3106 1259 3175 1298 ne
3213 1241 3344 1311 quid
3398 1241 3467 1293 de

1884 1344 2217 1417 vaticinante
2240 1344 2523 1413 prephetia
2566 1344 2654 1397 illa
2688 1341 3045 1397 intercideret
3079 1356 3092 1391 :
3124 1338 3190 1391 Et
3217 1346 3295 1397 tu,
3316 1333 3474 1387 Beth-

1887 1434 2040 1498 leem,
2070 1444 2215 1489 terra
2236 1434 2271 1489 J
2279 1436 2407 1499 uda,
2432 1452 2768 1505 nequaquam
2814 1435 3035 1488 minima
3058 1449 3109 1485 es
3129 1432 3182 1483 in
3211 1428 3469 1500 principi-

1886 1530 1981 1583 bus
2029 1528 2177 1583 Iuda
2205 1530 2271 1583 ".
2296 1530 2507 1584 Census
2557 1539 2614 1583 et
2663 1526 3054 1598 descriptionis
3112 1523 3298 1592 hujus,
3347 1536 3471 1590 quat

1888 1622 2070 1691 gravis
2096 1622 2393 1678 admodum
2426 1622 2739 1678 Inda-orum
2779 1622 2927 1693 genti
2966 1619 3092 1682 fuit,
3135 1626 3191 1673 et
3220 1619 3340 1686 ipse
3376 1630 3472 1667 ve-

1890 1714 2070 1770 ritatis
2102 1724 2452 1771 consectatur
2488 1716 2762 1785 Josepbus
2804 1715 2857 1768 in
2895 1713 3110 1767 decimo
3144 1718 3338 1765 octavo
3374 1706 3471 1760 lli-

1891 1806 2185 1862 storiarum
2236 1823 2462 1864 suarum
2516 1808 2658 1862 libro
2690 1807 2981 1872 meminit,
3027 1805 3177 1858 hisce
3225 1802 3409 1856 verbis
3452 1818 3465 1852 :

201 1882 332 1935 σθαι
355 1919 371 1941 .
402 1882 475 1934 τά
502 1899 560 1969 τε
596 1884 737 1937 ἄλλα
769 1884 1041 1953 ἀξιώματι
1082 1889 1258 1955 μέγας
1278 1925 1293 1949 ,
1330 1888 1425 1939 σὺν
1457 1887 1661 1956 ὀλίγοις
1697 1889 1790 1941 ἐπὶ

1898 1920 1916 1950 ι
1944 1898 2235 1969 Cyrenius,
2262 1900 2349 1954 vir
2380 1900 2640 1955 senatorii
2684 1899 2916 1962 ordinis,
2937 1898 3106 1967 gestis
3132 1896 3327 1950 ordine
3349 1895 3473 1949 aliis

210 1975 412 2044 Συρίας
441 1965 646 2046 παρῆν,
674 1978 778 2030 ὑπὸ
808 1978 1087 2051 Καίσαρος
1117 1980 1453 2049 δικαιοδότης
1484 1981 1575 2033 τοῦ
1605 1982 1792 2042 ἔθνους

202 2069 639 2139 ἀπεσταλμένος,
655 2073 748 2123 καὶ
766 2071 1001 2143 τιμητὴς
1020 2072 1127 2125 τῶν
1145 2074 1343 2126 οὐσιῶν
1360 2074 1744 2143 γενησόμενος.
1769 2093 1787 2125 ι

205 2163 316 2216 Καὶ
348 2164 466 2230 μετ’
487 2166 642 2231 ὀλίγα
660 2183 672 2195 ο
704 2183 722 2216 ι
747 2165 950 2227 Ἰούδας
976 2166 1032 2219 δὲ
1063 2166 1421 2238 Γαλαυνίτης,
1448 2169 1585 2237 ἀνὴρ
1613 2170 1675 2219 ἐκ
1701 2168 1795 2219 πό-

205 2256 348 2319 λεως
374 2255 549 2325 δνομα
574 2257 857 2327 Γαμάλας,
883 2259 1148 2313 Σάδδοκον
1171 2262 1466 2331 Φαρισαῖον
1489 2259 1791 2329 προσλαδόο

212 2366 410 2418 μενος,
442 2350 703 2420 ἠπείγετο
738 2353 1190 2428 ἐπὶδὰποστάσει,
1246 2359 1347 2424 τήν
1372 2372 1429 2407 τε
1458 2354 1794 2424 ἀπντίμησιν

200 2464 213 2484 r
235 2446 363 2497 ύδέν
396 2444 525 2499 ἄλλο
559 2446 593 2517 ἢ
628 2446 877 2519 ἄντικρις
911 2448 1158 2503 δουλείαν
1189 2450 1474 2520 ἐπιφέρειν
1503 2450 1757 2517 λέγοντες
1777 2491 1791 2513 ,

206 2540 307 2591 καὶ
336 2538 437 2608 τῆς
467 2538 785 2608 ἐλευθερίας
822 2539 911 2593 ἐπ’
933 2541 1218 2612 ἀντιλήψει
1250 2543 1705 2612 παρακαλοῦντες
1736 2544 1796 2595 τὸ

204 2636 388 2695 ἔθνος.
430 2651 449 2683 ι
487 2633 593 2684 Καὶ
628 2632 687 2683 ἐν
714 2633 780 2701 τῇ
817 2630 1049 2704 δευτέρᾳ
1084 2633 1141 2687 δὲ
1172 2634 1280 2686 τῶν
1318 2632 1659 2688 Ἰουδαϊκῶν
1691 2647 1797 2685 πο-

202 2731 413 2800 λέμων
434 2746 448 2760 ·
488 2750 508 2783 ι
549 2732 671 2784 Ἐπὶ
700 2732 923 2790 τούτουξ
944 2773 958 2795 ,
988 2730 1163 2797 λέγων
1186 2770 1197 2791 ,
1228 2727 1371 2799 ἀνήρ
1399 2744 1482 2791 τις
1514 2727 1796 2792 Γαλιλαῖος

222 2824 434 2889 Ἰούδας
476 2825 669 2894 ὄνομα,
712 2828 794 2886 εἰς
835 2822 1177 2877 ἀποστασίαν
1216 2821 1383 2891 ἐνῆγε
1422 2822 1551 2881 τοὺς
1596 2821 1799 2888 ἐπιχω-

214 2918 373 2985 ρίους
392 2932 405 2945 ⁸
434 2915 704 2979 κακίζων,
729 2916 778 2967 εί
806 2916 971 2984 φόρον
999 2931 1055 2966 τε
1073 2912 1370 2983 Ῥωμαίοις
1393 2911 1568 2963 τελεῖν
1594 2910 1801 2979 ὑπομέ-

209 3023 391 3068 νουσι,
415 3007 506 3057 καὶ
534 3006 671 3073 μετὰ
693 3006 784 3056 τὸν
806 3005 939 3055 θεὸν
964 3004 1170 3056 οἴσουσι
1195 2992 1425 3073 θνητοὺς
1450 3003 1743 3066 δεσπότας.
1771 3020 1790 3052 t

245 3099 292 3166 ῼ
323 3098 535 3167 συνῳδᾶ
567 3099 658 3149 καὶ
686 3098 899 3157 Λουκᾶς
928 3099 985 3149 ἐν
1013 3096 1133 3158 ταῖς
1165 3096 1337 3165 ίεραῑς
1368 3095 1607 3164 Πράξεσι
1636 3095 1800 3163 φθέγ-

1895 1993 2329 2063 magistratibus,
2364 2010 2488 2048 cum
2546 1994 2651 2047 alia
2697 1993 2873 2047 onmis
2925 1990 3144 2061 generis
3201 1989 3475 2058 dignitate

1894 2085 2077 2141 clarus
2110 2085 2235 2149 fuit,
2259 2094 2372 2141 tum
2428 2087 2494 2141 ad
2540 2089 2887 2142 consulatum
2922 2086 3087 2140 etiam
3120 2082 3392 2153 pervenit.
3426 2081 3476 2134 Is

1896 2188 2021 2227 cum
2057 2175 2247 2244 paucis
2308 2174 2363 2229 in
2399 2173 2558 2245 Syria
2587 2184 2725 2240 erat,
2773 2190 2802 2227 a
2855 2172 3070 2229 Czesare
3122 2187 3189 2225 eo
3252 2169 3473 2232 missus,

1895 2274 1958 2321 ut
1994 2266 2079 2337 jus
2104 2266 2338 2329 diceret.
2368 2267 2753 2337 iustitiamque
2786 2267 2989 2336 populo
3037 2265 3483 2327 administraret,

1896 2367 1951 2413 et
1968 2367 2233 2429 praeterea
2256 2374 2481 2415 censum
2515 2360 2591 2414 ibi
2621 2368 2827 2431 ageret.
2850 2378 2868 2410 ι
2896 2358 2962 2412 Et
2984 2368 3103 2427 post
3128 2372 3299 2427 pauca
3320 2356 3478 2410 dein-

1897 2464 2026 2521 ceps
2055 2470 2071 2508 :
2112 2470 2131 2503 ι
2157 2451 2328 2507 Judas
2354 2450 2691 2515 Gaulanites,
2726 2466 2793 2505 ex
2811 2450 3013 2520 oppido
3041 2448 3264 2504 Gamala
3288 2448 3481 2502 oriun-

1898 2542 2019 2607 dus,
2055 2541 2308 2598 Saddoco
2342 2543 2617 2597 Pbarisaao
2651 2543 2905 2611 partibus
2944 2542 3061 2595 suis
3091 2540 3376 2610 adjuncto,
3410 2540 3478 2592 ad

1897 2636 2229 2691 seditionem
2275 2643 2333 2691 et
2404 2636 2771 2690 deiectionem
2852 2634 3068 2706 plebem
3127 2632 3482 2696 solli-citabat,

1898 2743 2238 2799 censumque
2283 2728 2420 2783 nihil
2453 2729 2603 2784 aliud
2644 2744 2809 2798 quam
2855 2742 3061 2782 meram
3101 2741 3330 2795 prorsus
3364 2741 3486 2780 ser-

1900 2822 2132 2876 vitutem
2165 2822 2364 2877 afferre
2400 2822 2757 2893 praedicabat.
2788 2822 3163 2892 pupulumque
3199 2819 3265 2874 ad
3314 2820 3484 2873 liber-

1904 2925 2069 2971 tatem
2098 2916 2450 2971 asserendam
2478 2916 2898 2971 cohortabatur.
2931 2936 2949 2967 ι
2986 2915 3043 2969 1η
3074 2914 3319 2969 secundo
3349 2927 3486 2981 quo-

1899 3024 2011 3079 quo
2059 3008 2185 3062 belli
2230 3006 2448 3063 Iudaici
2493 3010 2656 3074 libro,
2694 3011 2767 3064 ita
2816 3008 2994 3078 inlinit
3028 3024 3042 3062 :
3081 3026 3100 3059 ι
3146 3007 3236 3060 Vir
3260 3007 3483 3075 quidam

1899 3090 2175 3165 Galiléus,
2201 3102 2372 3157 Iudas
2408 3103 2630 3157 nomine
2652 3142 2665 3167 ,
2697 3103 2989 3171 populares
3018 3100 3084 3154 ad
3115 3098 3488 3153 defeetionem

208 3207 399 3258 γεται,
427 3189 588 3244 Μετὰ
617 3189 851 3256 τοῦτον,
879 3190 1072 3257 λέγων,
1099 3188 1327 3256 ἀνέστη
1353 3189 1587 3253 Ἰούδας
1620 3191 1650 3241 d
1680 3189 1796 3241 Γα-

1904 3191 2240 3253 sollicitavit.
2279 3193 2589 3249 maledictis
2628 3194 2893 3263 probrose
2941 3192 3064 3247 illos
3110 3191 3418 3254 insectans,
3442 3189 3489 3243 si

208 3284 457 3350 λιλαῖος
505 3284 575 3338 ἐν
620 3283 749 3349 ταῖς
798 3284 1047 3353 ἡμέραις
1096 3282 1207 3351 τῆς
1257 3281 1644 3352 ἀπογραφῆς,
1696 3281 1796 3334 καί

1905 3284 2166 3341 Romanis
2195 3285 2464 3339 tributum
2514 3285 2755 3355 pendere
2796 3294 3235 3355 perseverarent,
3288 3293 3344 3336 et
3395 3298 3487 3336 se-

210 3377 575 3445 ἀπέστησεν
606 3377 818 3430 ίιιανιὶν
845 3377 1001 3430 λαὸν
1030 3376 1226 3429 ὀπίσω
1256 3374 1445 3429 αὑτοῦ
1473 3390 1485 3403 ·
1520 3374 1800 3439 κάκεῖνος

209 3470 497 3525 ἀπώλετο
524 3487 537 3499 ·
584 3471 683 3522 καὶ
732 3468 959 3533 πάντες
1006 3468 1140 3521 ὅσοι
1192 3467 1575 3534 ἐπείσθησαν
1618 3464 1801 3529 αὐτῷ,

212 3563 810 3629 διεσκορπίσθησαν.
852 3578 870 3612 t

1904 3376 2148 3432 cundum
2203 3375 2375 3432 Deum
2421 3379 2681 3433 mortales
2732 3377 2939 3448 ferrent
3002 3376 3276 3431 dominos.
3325 3395 3341 3426 ι
3387 3374 3489 3429 Cui

1908 3468 2085 3523 Lucas
2110 3471 2167 3524 in
2184 3470 2354 3526 sacris
2380 3472 2533 3526 Actis
2563 3487 2801 3526 consona
2844 3487 3065 3541 quoque
3108 3471 3303 3525 scribit
3328 3510 3341 3530 ,
3368 3468 3493 3521 Post

1913 3562 2072 3624 hunc,
2122 3563 2401 3631 inquiens,
2432 3565 2631 3617 exstitit
2674 3563 2841 3616 ludas
2887 3561 3162 3623 Galila'us,
3204 3564 3258 3615 in
3312 3561 3494 3615 diebm

212 3654 612 3723 descriptionis,
674 3662 721 3705 et
778 3667 872 3722 per
916 3650 1259 3720 defectionem
1312 3655 1500 3706 avertit
1556 3650 1804 3721 populum
1848 3651 2092 3708 multum.
2120 3637 2317 3710 ~Periit
2375 3664 2553 3711 autent
2580 3656 2715 3727 ipse,
2747 3664 2794 3709 et
2822 3671 2999 3709 omnes
3024 3657 3319 3724 quicunque
3354 3655 3419 3708 ab
3437 3670 3495 3713 eo

220 3749 469 3815 persuasi
494 3748 731 3815 luerunt,
765 3746 984 3815 dispersi
1012 3753 1131 3798 sunt
1173 3746 1238 3801 ".

831 3862 1083 3917 ΚΕΦΔΛ.
1120 3861 1222 3913 IA'.

239 3952 580 4020 Ἐπιστολὴ
631 3954 895 4006 Ἰουλίου
959 3950 1308 4021 Ἀφρικανοῦ
1363 3950 1469 4005 τοῦ
1504 3951 1813 4017 ἱστορικοῦ

298 4027 458 4091 πρὸς
504 4022 879 4090 Ἀριστείδην
913 4028 1047 4088 περὶ
1094 4022 1204 4087 τῆς
1235 4024 1305 4074 ἐν
1347 4021 1419 4089 τῇ
1460 4022 1812 4089 τενεαλογίςι

301 4094 564 4162 Aptata?)
592 4095 898 4156 δοκούσης
930 4092 1256 4160 διαφωνίας
1290 4092 1409 4162 τῶν
1435 4094 1609 4145 θείων
1638 4093 1813 4159 suar-

299 4161 605 4233 Tutatur
627 4163 934 4217 Ματθαίου
965 4178 1030 4215 τε
1064 4162 1162 4215 καὶ
1196 4161 1421 4216 Λουκᾱ.

315 4285 476 4337 Ἐπεὶ
511 4282 570 4336 δὲ
614 4280 897 4341 Ματθαῑός
936 4297 996 4332 τε
1033 4283 1131 4333 καὶ
1177 4280 1395 4364 Λουκᾶς
1432 4281 1482 4332 oi
1533 4278 1815 4331 θεσπέσιοι

230 4380 333 4448 τὴν
358 4376 495 4447 περὶ
521 4373 761 4445 Χριστοῦ
802 4373 1155 4441 γενεαλογίαν
1202 4373 1479 4442 διαφόρως
1518 4371 1810 4437 ἐξέδωκαν,

2517 3862 2742 3919 CAPUT
2804 3860 2895 3916 XI.

1925 3955 2162 4025 Epistula
2182 3955 2316 4010 Julii
2346 3957 2584 4024 Africani
2632 3956 2867 4009 historici
2906 3954 2981 4025 ad,
3007 3954 3316 4013 Aristidem,
3344 3954 3404 4003 de
3436 3968 3496 4025 οιι

1993 4044 2110 4095 (μιαν
2135 4028 2342 4081 videtur
2378 4044 2486 4080 esse
2512 4030 2566 4078 in
2599 4026 2903 4094 genealogia
2945 4024 3138 4095 Christi
3162 4024 3501 4075 dissonantia

1992 4092 2137 4166 apud
2159 4097 2470 4150 Mattha’um
2502 4106 2550 4150 et
2587 4092 2781 4149 Lucum
2814 4092 3180 4163 evattgclistns.

1990 4281 2098 4351 70
2137 4279 2592 4348 Quandoquidem
2629 4286 2812 4332 autem
2848 4274 2956 4329 divi
2984 4272 3335 4341 evangelista:
3362 4271 3501 4325 Mat-

1921 4375 2097 4428 thaaus
2121 4383 2177 4429 et
2204 4372 2397 4435 Lucas,
2432 4372 2803 4443 genealogiam
2837 4368 3040 4445 flbristi
3074 4365 3223 4439 varie
3243 4366 3504 4434 prodide-

227 4475 332 4524 καὶ
360 4468 493 4538 περὶ
517 4467 614 4537 τὴν
651 4466 917 4520 δοκοῦσαν
950 4464 1253 4533 διαφωνίαν
1282 4462 1391 4516 τῶν
1428 4464 1557 4531 περὶ
1592 4462 1662 4513 τὰ
1701 4477 1802 4513 τοι-

1921 4475 2070 4529 runt,
2106 4474 2162 4519 et
2190 4479 2298 4518 non
2330 4464 2513 4534 pauci,
2537 4463 2630 4532 qui
2667 4460 2868 4516 talibus
2897 4460 3064 4514 rebus
3104 4457 3504 4528 persequendis

228 4562 379 4613 αὐτα
402 4558 597 4612 δεινῶν
622 4560 721 4611 οὐκ
747 4556 922 4622 ὀλίγοι
967 4555 1181 4624 βίδ).ου;
1217 4554 1344 4617 ὅλας
1386 4551 1664 4617 ἐνέταξαν,
1702 4552 1814 4620 ἐγὼ

228 4653 409 4706 τᾶλλα
439 4653 660 4720 παρεὶς,
699 4648 1014 4716 Ἀφρικανῷ
1050 4647 1331 4716 χρήσομαι
1362 4646 1648 4716 ἱστορικῷ,
1675 4645 1816 4698 ἀπε-

230 4749 494 4815 λέγχοντι
526 4744 626 4813 μὲν
654 4743 750 4804 τὰς
784 4741 889 4793 τῶν
913 4739 1087 4793 ἄλλων
1117 4737 1296 4803 δόξας,
1328 4737 1403 4799 ῶς
1436 4736 1512 4808 μὴ
1552 4735 1818 4807 τάληθοῦς

234 4835 604 4907 ἐφικομένας,
627 4834 694 4902 ἢν
726 4831 771 4885 δ’
796 4831 959 4892 αὐτὸς
989 4831 1054 4882 ἐκ
1085 4830 1191 4882 τῶν
1213 4830 1457 4899 ἀρχα⁷ων
1482 4829 1819 4898 παρείληφεν

230 4934 292 4981 ἐι
355 4923 439 4991 οἷς
494 4926 625 4995 περὶ
672 4925 768 4993 τῆς
820 4923 928 4975 τῶν
958 4921 1310 4990 Εὑαγγελίων
1339 4922 1641 4988 διαφωνίας
1685 4919 1823 4988 πρὸς

248 5016 596 5089 Ἀριστείδην
625 5014 933 5068 ἐπιστέλλει
974 5015 1225 5083 γράφων,
1258 5013 1564 5080 ἐκθήσομαι
1593 5012 1671 5076 τῷ
1702 5027 1826 5061 συν-

232 5118 513 5183 τάγματι.
535 5112 701 5179 Λέγει
735 5111 792 5163 δέ
824 5111 1016 5172 αὐταῖς
1055 5110 1262 5173 λέξεσιν
1293 5107 1486 5169 οὕτως·
1536 5126 1553 5157 ι
1600 5106 1824 5176 Ἐπειδὴ

236 5210 353 5277 γὰρ
407 5206 650 5276 ὀνόματα
706 5204 817 5257 τῶν
864 5203 1042 5271 γενῶν
1093 5205 1151 5255 ἐν
1194 5201 1413 5272 Ἰσραὴλ
1462 5200 1741 5269 ἠρίθμητο
1794 5199 1827 5267 ἢ

240 5301 416 5369 φύσει
449 5298 484 5369 ἢ
537 5298 709 5367 νόμῳ*
746 5294 909 5365 φύσει
947 5296 1047 5364 μὲν
1093 5296 1323 5363 γνησίου
1359 5291 1673 5363 σπέρματος
1709 5294 1828 5345 δια-

238 5395 405 5464 δοχῇ,
459 5392 610 5459 νόμῳ
662 5391 721 5443 δὲ
772 5390 947 5460 ἑτέρῳ
996 5389 1472 5456 παιδοποιουμένῳ
1529 5389 1607 5449 εἰς
1658 5386 1831 5454 ὄνομα

240 5488 682 5556 τελευτήσαντος
731 5483 962 5554 ἀδελφοῦ
1017 5484 1265 5536 ἀτέκνου·
1319 5484 1400 5534 ὅτι
1462 5482 1569 5548 γὰρ
1620 5482 1835 5533 οὐδέπω

244 5582 436 5635 δέδοτο
491 5580 644 5638 ἐλπὶς
702 5578 879 5647 σαφὴς
939 5578 1315 5636 ἀναστάσεως,
1373 5576 1474 5642 τὴν
1530 5573 1832 5643 μέλλουσαν

247 5673 591 5743 ἐπαγγελίαν
616 5672 911 5743 ἐμιμοῦντο
941 5672 1234 5723 ἀναστάσει
1259 5669 1450 5738 θνητῇ·
1478 5668 1561 5720 ἵνα
1590 5665 1835 5719 (ivulg...

367 5844 405 5873 ⁸⁷
435 5841 597 5898 Miclt.
626 5858 677 5902 ν,
711 5840 766 5893 9.
882 5838 922 5869 ³⁸
953 5837 1072 5892 At't.
1095 5855 1144 5901 ν,
1169 5836 1255 5887 ὖῖ.

1922 4559 2103 4629 magni
2125 4558 2369 4627 clarique
2382 4556 2552 4611 habiti
2569 4565 2718 4620 sunt,
2734 4557 2801 4609 de
2821 4570 2883 4607 ea
2899 4552 3239 4608 dissonantia
3259 4552 3507 4621 integros

1922 4652 2099 4706 libros
2126 4660 2563 4719 composuerunt
2593 4667 2605 4703 :
2644 4664 2746 4717 ego
2773 4644 3165 4715 prmtermissis
3190 4644 3333 4707 aliis,
3358 4644 3505 4695 Afri-

1924 4761 2063 4799 cano
2096 4744 2359 4799 historico
2388 4752 2513 4796 utar
2538 4751 2783 4804 auctore,
2805 4739 2897 4809 qui
2933 4738 3165 4791 aliorum
3191 4736 3507 4804 opiniones,

1930 4846 2117 4906 utpote
2163 4852 2286 4906 quae
2333 4835 2399 4889 ad
2435 4835 2724 4888 veritatem
2779 4848 2887 4885 non
2934 4816 3277 4901 pertingant,
3323 4842 3511 4895 repre-

1932 4929 2182 4985 hendens
2202 4937 2365 4997 atque
2386 4927 2662 4987 relellens,
2692 4940 2855 4994 quam
2895 4924 3008 4992 ipse
3038 4938 3066 4974 a
3104 4920 3509 4974 vetustioribus

1935 5028 2242 5087 acceptam,
2276 5016 2331 5070 in
2364 5016 2624 5085 Epistolis
2654 5016 2721 5067 de
2761 5013 3179 5083 Evangelinrum
3215 5012 3511 5064 dissonan-

1936 5112 2007 5165 tia
2039 5111 2105 5166 ad
2151 5110 2448 5165 Aristidem
2490 5108 2773 5177 exposuit,
2812 5107 2937 5158 inde
2968 5105 3287 5157 translatam
3320 5101 3506 5155 verbis

1938 5202 2111 5272 ipsius
2143 5201 2199 5255 in
2236 5216 2376 5271 opus
2406 5201 2508 5255 hoc
2535 5201 2772 5253 inseram
2821 5198 3173 5252 sententiam.
3214 5213 3231 5245 ι
3272 5194 3507 5248 Nomina

1937 5294 2179 5365 ejusdem
2211 5295 2389 5365 gentis
2416 5302 2473 5348 et
2507 5292 2725 5346 familiie
2768 5293 2821 5345 in
2858 5290 3021 5344 lsrael
3056 5289 3512 5350 numerabantur,

1941 5389 2419 5459 censebanturque
2445 5389 2528 5442 vel
2558 5397 2771 5447 natura,
2793 5387 2875 5440 vel
2907 5386 3043 5454 lege.
3070 5382 3138 5435 Et
3165 5393 3359 5434 natura
3391 5378 3510 5448 qui-

1941 5483 2089 5548 dem,
2112 5482 2369 5552 legitimis
2402 5489 2459 5536 et
2504 5481 2847 5535 naturalibus
2883 5478 3071 5531 liberis
3105 5473 3353 5544 patribus
3382 5470 3501 5524 suis

1942 5571 2408 5637 succedentibus;
2441 5571 2559 5640 lege
2590 5580 2807 5631 autem,
2846 5568 2954 5621 alio
2980 5565 3249 5627 sobolem,
3281 5560 3385 5615 sub
3410 5574 3510 5613 no-

1943 5665 2088 5722 mine
2113 5663 2299 5719 l'ratris
2318 5664 2435 5719 sine
2462 5662 2654 5718 liberis
2676 5661 2944 5728 defuncti,
2973 5669 3211 5734 creante.
3240 5654 3513 5721 Quoniam
