4212 6430
763 398 866 475 663

1980 413 2029 474 Ν
2039 410 2398 473 ICEPHORI
2437 414 2785 478 CALLISTI

3901 413 4007 475 θοι

764 516 910 572 enim
960 517 1202 573 nondum
1231 519 1365 576 satis
1393 519 1681 576 manifesta
1712 521 1835 576 data
1878 522 2057 579 fuerat
2086 533 2210 593 Spes
2238 538 2325 577 re-
2353 529 2405 583 Δ

2353 529 2405 583 Δ
2432 543 2565 581 πτον
2595 530 2653 582 τὸ
2682 528 2853 597 ὄνομα
2904 528 3042 598 μένῃ
3073 524 3168 579 τοῦ
3208 524 3630 596 μετηλλαχότος
3664 521 3787 575 ἐπεὶ
3820 516 3919 573 οὖν
3953 523 4004 574 οε

761 606 1140 672 surrectionis,
1166 608 1405 664 futuram
1426 612 1844 681 promissionem
1864 612 2075 667 mortali
2092 612 2324 683 quadam

764 697 1122 751 imitabantur
1145 700 1583 768 resuscitatione,
1616 716 1683 757 ne
1713 717 1911 756 nomen
1944 703 2148 757 mortui
2174 718 2329 772 pror-

761 802 853 842 sus
885 788 1255 845 intercideret.
1273 791 1342 846 Et
1372 806 1502 847 cum
1528 808 1592 848 ex
1628 793 1711 849 eis
1743 794 1836 863 qui
1867 796 1921 850 in
1955 795 2324 865 genealogiam

761 894 880 934 eam
912 880 1064 935 relati
1121 891 1268 945 sunt,
1318 883 1543 953 quidam
1591 895 1653 940 ut
1700 885 1929 957 legitimi
1960 896 2017 941 et
2047 889 2326 944 naturales

760 973 1115 1043 germanique
1136 973 1229 1028 lilii
1256 977 1502 1045 patribus
1534 978 1918 1043 successerint,
1946 978 2169 1048 quidam
2196 994 2325 1032 vero

761 1078 828 1117 ex
851 1064 973 1118 aiiis
1011 1066 1232 1135 quidem
1265 1069 1560 1137 procreati,
1593 1069 1821 1123 aliorum
1867 1080 2048 1124 autem
2081 1071 2324 1136 nomine,

762 1158 918 1227 quasi
952 1174 1050 1227 per
1086 1159 1437 1228 adeptionem
1471 1162 1685 1218 scilicet
1715 1166 1863 1220 censi
1890 1163 2021 1229 sint,
2049 1175 2325 1219 utrorum-

759 1258 867 1313 que
898 1244 1038 1299 facta
1071 1257 1157 1300 est
1206 1249 1412 1303 mentio
1446 1268 1459 1302 :
1500 1259 1557 1306 et
1598 1268 1788 1307 eorum
1823 1254 2075 1311 videlicet
2100 1255 2193 1325 qui
2229 1271 2321 1326 ge-

758 1335 1031 1395 nuissent.
1061 1346 1324 1391 eteorum
1352 1340 1446 1409 qui
1471 1343 1625 1410 quasi
1659 1346 1995 1413 genuissent.
2028 1345 2120 1401 Sic
2148 1363 2323 1415 neque

758 1425 885 1489 hoc,
929 1442 1104 1497 neque
1138 1430 1269 1483 illud
1321 1432 1691 1504 Evangelium,
1733 1438 1815 1491 vel
1853 1453 1882 1491 a
1920 1448 2149 1503 natura),
2184 1439 2321 1494 vela

757 1520 897 1587 legis
924 1523 1327 1577 necessitudine
1378 1539 1542 1596 atque
1591 1534 1981 1599 conjunctione
2029 1548 2201 1600 genus
2230 1535 2324 1587 de-

754 1609 970 1666 ducens
1005 1621 1059 1669 et
1084 1630 1401 1681 numerans,
1438 1619 1557 1675 falsi
1586 1622 1882 1693 quidquam
1918 1626 2099 1680 habet.
2134 1626 2319 1697 Impli-

753 1715 873 1758 cata
900 1706 1047 1759 enim
1074 1707 1217 1761 inter
1241 1725 1297 1763 se
1327 1722 1455 1765 sunt
1474 1729 1695 1782 genera,
1714 1725 1769 1769 et
1791 1720 1933 1785 quod
1952 1733 1980 1771 δ
2006 1718 2317 1785 Salomone,

752 1805 810 1851 et
836 1800 980 1866 quod
1008 1815 1037 1853 a
1059 1800 1272 1857 Nathan
1311 1804 1612 1873 descendit,
1632 1812 2109 1879 repraesentatione
2129 1828 2317 1869 eorum

752 1892 845 1956 qui
877 1890 1083 1947 liberos
1114 1910 1221 1948 non
1248 1911 1529 1953 creassent
1550 1940 1564 1963 ,
1596 1903 1961 1972 secundisque
2010 1908 2217 1976 nuptiis
2257 1923 2319 1963 ac

752 1983 1171 2041 resuscitatione
1202 1989 1474 2044 seminum
1499 2010 1511 2045 :
1541 2003 1599 2046 ut
1628 2008 1772 2049 recte
1797 1996 1958 2051 iidem
1990 2000 2320 2070 quandoque

752 2075 921 2144 hujus
945 2085 1000 2130 et
1046 2078 1191 2133 illius
1221 2081 1315 2136 filii
1361 2083 1529 2138 fuisse
1570 2086 1862 2143 existimati
1892 2091 2020 2155 sint,
2048 2107 2171 2146 cum
2198 2095 2320 2163 qui-

749 2167 873 2221 dem
907 2168 941 2221 ii
971 2169 1289 2227 viderentur
1314 2190 1455 2239 esse,
1483 2177 1558 2231 illi
1595 2188 1776 2233 autem
1802 2193 1983 2237 essem
2015 2194 2193 2252 patres
2224 2202 2236 2239 :
2266 2195 2321 2241 et

752 2268 981 2330 utraque
1014 2265 1229 2332 generis
1271 2272 1717 2327 commemoratio
1774 2275 2000 2329 veritate
2058 2277 2218 2343 nixa,
2250 2278 2317 2333 ad

751 2353 929 2422 ipsum
962 2355 1674 2431 Jusephum,multipliciter
1695 2366 1915 2434 quidem
1949 2368 2035 2422 illa
2067 2379 2123 2424 et
2143 2370 2315 2433 varie.

750 2449 843 2501 sed
878 2459 1057 2503 tamen
1092 2462 1243 2505 certo
1272 2454 1596 2511 deducatur.
1645 2458 1817 2513 Porro
1859 2470 1919 2513 ut
1966 2463 2170 2517 clarius
2202 2480 2317 2517 ma-

750 2539 1113 2610 nifestiusque
1149 2546 1242 2607 sit,
1276 2546 1422 2614 quod
1460 2549 1623 2603 modo
1660 2549 1869 2605 dictum
1910 2562 2014 2617 est,
2054 2556 2316 2609 mutatio-

750 2646 876 2686 nem
904 2632 1075 2701 ipsam
1111 2638 1328 2705 generis
1354 2653 1647 2709 exponam.
1679 2642 1724 2696 Α
1759 2644 1961 2698 Davide
2013 2661 2110 2714 per
2158 2645 2318 2701 Solo-

747 2739 968 2778 monem
1018 2728 1331 2795 progeniem
1391 2731 1814 2797 diuumerando,
1855 2736 2052 2791 tertius
2102 2752 2132 2791 a
2187 2739 2315 2803 fine,

742 2813 900 2883 juxta
936 2818 1268 2883 Matthmum,
1298 2824 1573 2889 reperitur
1603 2825 1867 2891 Matthan,
1900 2829 2003 2896 qui-
2025 2828 2196 2885 Jacob
2226 2846 2318 2900 ge-

748 2905 885 2958 nuit,
920 2910 1455 2979 patrchoscphi.A
1488 2914 1699 2969 Nathan
1732 2926 1910 2969 autem
1941 2918 2157 2973 Davidis
2185 2921 2316 2983 ﬁlio,

748 2998 905 3065 juxta
958 2999 1182 3065 Lucam,
1228 3002 1414 3059 itidem
1472 3010 1665 3061 tertius
1715 3023 1744 3061 a
1800 3011 1905 3065 line
1948 3020 2032 3065 est
2078 3012 2314 3066 Melchi:

754 3092 911 3162 cujus
938 3092 1078 3147 filius
1098 3096 1200 3158 Eli,
1232 3096 1400 3166 ipsius
1420 3098 1639 3170 Josephi
1668 3114 1818 3171 pater
1836 3114 1941 3155 est.
1973 3102 2106 3157 Cum
2136 3105 2318 3173 itaque

2431 620 2495 689 τῇ
2526 618 2848 690 γενεαλογὶᾳ
2876 617 3049 688 ταύτῃ
3073 616 3463 686 ἐμφερόμενει,
3488 616 3535 668 οἱ
3566 615 3664 683 μὲν
3693 611 4007 677 διεδέξαντο

2431 713 2557 775 παῖς
2592 711 2801 777 πατέρα
2849 712 3110 781 γνησίωςο
3147 711 3195 763 οι
3230 710 3287 763 δὲ
3324 711 3533 778 ἑτέροις
3572 709 3670 778 μὲν
3703 706 4004 776 ἐγεννήθη-

2431 820 2552 867 σαν,
2583 804 2791 874 ἑτέροις
2818 803 2875 856 δὲ
2902 802 3307 875 προσετέθησαν
3333 804 3398 873 τῇ
3432 800 3642 866 κλήσει,
3669 800 4003 870 ἀμφοτέρων

2428 898 2652 965 γέγονεν
2680 899 2713 967 ή
2762 898 2973 967 μνήμη,
3009 898 3103 950 καὶ
3135 896 3245 959 τῶν
3272 894 3727 965 γεγεννηκότων,
3764 892 3863 946 καὶ
3893 894 4004 945 τῶν

2426 987 2501 1050 ὡς
2525 987 2956 1057 γεγεννηκότων.
2987 985 3186 1049 Οὕτως.
3198 986 3385 1049 ςὺδέτε
3394 1002 3488 1056 ρον
3514 984 3623 1039 τῶν
3646 984 4004 1050 Εὐαγγελίων

2426 1076 2704 1145 ψεύδεται,
2737 1076 2832 1131 καὶ
2864 1076 3025 1145 φύσιν
3056 1074 3330 1148 ἁριθμοῦν
3368 1076 3465 1127 καὶ
3492 1074 3677 1142 νόμον
3710 1072 4003 1142 ὲπεπλὰκη

2430 1167 2538 1239 γὰρ
2571 1167 2823 1239 ἀλλήλοις
2854 1168 3106 1237 τὰγένη,
3130 1169 3191 1220 τό
3218 1184 3278 1220 τε
3307 1167 3417 1220 ἀπὸ
3444 1165 3538 1218 τοῦ
3570 1163 3885 1245 Σολομῶνος
3908 1163 4006 1214 καὶ

2426 1260 2485 1312 τὸ
2518 1259 2627 1313 ἀπὸ
2656 1257 2749 1312 τοῦ
2782 1257 2990 1325 Νάθαν,
3021 1258 3381 1314 ἀναστάσεσιν
3410 1258 3656 1311 ἀτέκνων
3686 1256 3779 1309 καὶ
3817 1254 4007 1307 δευτεο

2428 1354 2721 1424 ρογαμίαις
2770 1353 2865 1407 καὶ
2916 1353 3213 1406 ἀναστάσει
3253 1333 3620 1421 σπερμάτων·
3667 1349 3741 1410 ὡς
3772 1347 4005 1407 δικαίως

2425 1446 2550 1508 τοὺς
2611 1446 2810 1507 αὐτοὺς
2857 1445 3046 1499 ἄλλοτε
3095 1444 3273 1497 ἄλλων
3327 1443 3675 1513 νομίζεσθαι.
3731 1440 3840 1493 τῶν
3899 1440 4006 1506 μὲν

2424 1537 2725 1590 δοκούντων
2756 1539 3031 1608 πατέρων,
3059 1538 3168 1589 τῶν
3199 1537 3256 1591 δὲ
3295 1537 3656 1607 ὑπαρχόντων
3699 1534 3775 1596 ὡς
3820 1535 4005 1601 ἀμφο-

2424 1627 2589 1698 τέρας
2622 1630 2717 1691 τὰς
2747 1630 3027 1697 διηγήσεις
3060 1627 3279 1697 ἀληθεῖς
3311 1626 3496 1689 οὔσας,
3540 1627 3633 1678 ἐπὶ
3662 1626 3754 1677 τὸν
3798 1624 4003 1692 Ἰωσὴφ

2428 1720 2778 1781 πολυπλόκως
2826 1720 2947 1789 μὲν,
2980 1719 3093 1772 ἀλλ’
3135 1718 3378 1790 ἀκριϐῶς
3430 1716 3731 1770 κατελθεῖν.
3771 1716 3889 1768 Ἵνα
3945 1715 4004 1767 δὲ

2427 1812 2594 1879 σαφὲς
2720 1812 2779 1864 τὸ
2826 1812 3143 1879 λεγόμενον,
3195 1812 3295 1882 τὴν
3344 1811 3649 1878 ἐναλλαγὴν
3680 1809 3789 1861 τῶν
3823 1807 4003 1875 γενῶν

2422 1900 2773 1969 διηγήσομαι,
2802 1900 2910 1951 ἀπὸ
2952 1900 3045 1953 τοῦ
3073 1898 3234 1952 Δαυῖδ
3265 1899 3354 1951 διὰ
3393 1900 3737 1969 Σολομῶντος
3768 1898 3868 1959 τας
3901 1912 4001 1963 γε·

2423 1993 2546 2055 νεὰς
2575 1984 3105 2062 καταριθξιούμενος.
3141 1993 3336 2061 Τρίτος
3377 1992 3485 2045 ἀπὸ
3518 1993 3706 2052 τέλους
3736 1991 3876 2043 κατὰ
3903 1990 4001 2039 τὶν

2421 2086 2700 2140 Ματθαῖον
2742 2087 3059 2155 εὑρίσκεται
3095 2083 3345 2139 Ματθάνο
3390 2084 3451 2146 δς
3483 2084 3578 2136 καὶ
3618 2084 3874 2150 ἐγέννησε
3907 2083 4002 2135 τὸν

2433 2177 2626 2232 Ἰακὼὸ
2658 2177 2752 2231 τοῦ
2795 2178 2992 2246 Ἰωσὴφ
3022 2177 3375 2246 τὸνκπατέρα.
3418 2176 3549 2229 ’Λπὸ
3581 2174 3637 2228 δὲ
3679 2169 3870 2228 Νάθαν
3903 2175 3999 2226 τοῦ

2421 2271 2583 2325 Δαυῒδ
2616 2272 2754 2325 κατὰ
2781 2270 2873 2323 τὸν
2919 2272 3157 2332 Δουκᾶν,
3190 2271 3393 2340 ὁμοίως
3431 2268 3613 2339 τρίτος
3651 2267 3762 2321 ἀπὸ
3809 2268 3998 2327 τέλους

2420 2363 2614 2432 Mem,
2645 2359 2705 2416 οὗ
2737 2364 2847 2424 υἱδς
2879 2363 2907 2414 ό
2952 2363 3099 2415 Ἰιλεὶ
3125 2362 3153 2415 ό
3181 2360 3276 2414 τοῦ
3314 2360 3512 2431 Ἰωσὴφ
3548 2358 3995 2429 πατήρ.Σκο;τοῦ

2417 2456 2598 2506 τοίνυν
2649 2456 2783 2524 ἡμῖν
2807 2454 3063 2521 κειμένου
3100 2450 3196 2504 τοῦ
3239 2451 3464 2520 Ἰωσὴφ,
3490 2448 3845 2503 ἀποδεικτέον
3880 2450 3999 2510 πῶς

2420 2546 2680 2616 ἑκάτερος
2727 2545 2892 2599 αὐτοῦ
2935 2548 3119 2615 πατὴρ
3169 2547 3488 2614 ἱστορεῖται’
3542 2545 3570 2597 ὅ
3614 2560 3673 2595 τε
3716 2542 3939 2606 Ἰακὼϐ,
3970 2543 3999 2594 ὁ

2419 2640 2526 2691 ἀπὸ
2556 2639 2888 2709 Σολομῶνος,
2936 2639 3029 2691 καὶ
3070 2639 3223 2690 Ἠλεὶ
3256 2639 3283 2690 ό
3312 2636 3420 2689 ἀπὸ
3442 2634 3537 2688 τοῦ
3572 2633 3761 2688 Νάθαν
3792 2635 3993 2686 ἑκατε-

2421 2751 2510 2802 ρο;
2544 2733 2882 2800 κατάγοντες
2914 2731 3094 2799 γένος’
3126 2732 3274 2792 ὅπως
3304 2746 3361 2781 τε
3394 2729 3660 2799 πρότερον
3686 2721 3839 2781 οὗτοι
3870 2727 3937 2797 ἰὴ
3970 2727 3999 2779 ὅ

2418 2842 2478 2878 τε
2521 2823 2717 2878 Ἰακὼό
2742 2826 2836 2876 καὶ
2862 2824 2889 2874 ό
2927 2823 3077 2875 Ἠλεὶ
3106 2820 3200 2874 δύο
3230 2820 3474 2889 ἀδελφοῦ
3504 2822 3598 2873 καὶ
3634 2818 3741 2888 πρό
3769 2834 3837 2885 γε
3869 2820 3997 2871 τοὺ-

2419 2934 2529 2969 των
2568 2916 2687 2977 πῶς
2717 2917 2769 2967 οἱ
2808 2915 3015 2968 τούτων
3050 2915 3292 2983 πατέρες
3320 2913 3548 2967 Ματθὰν
3588 2913 3681 2964 καὶ
3721 2912 3905 2981 Μελχὶ
3941 2915 4000 2963 ἐν

2424 3011 2578 3078 μέρει
2624 3008 2723 3079 τὴν
2750 3007 2919 3077 αὐτὴν
2945 3006 3279 3075 ἁγαγόμενοι
3320 3008 3574 3073 γυναῖκα,
3606 3006 3993 3074 ὁμομητρέονς

2422 3101 2684 3169 ἀδελφοὺς
2718 3099 3228 3168 ἐπαιδοποιήσαντο,
3257 3096 3352 3150 τοῦ
3379 3097 3544 3166 νόμου
3577 3099 3653 3167 μὴ
3685 3094 3995 3156 κωλύοντος

750 3185 906 3250 quasi
941 3198 1141 3256 scopus
1191 3189 1353 3243 nobis
1397 3190 1469 3246 sit
1501 3195 1811 3263 propositus
1845 3194 2044 3263 Ioseph
2068 3234 2084 3260 ,
2134 3204 2317 3251 ostcn-
2347 3211 2389 3270 ο

2347 3211 2389 3270 c
2427 3194 2763 3263 xqpuouoav
2786 3191 2906 3258 ἦτοι
2930 3190 3421 3259 ἁπο).ελυμένην,ἢ
3448 3190 3542 3242 καὶ
3568 3188 3999 3257 τελευτήσαντος

753 3276 992 3331 nendum
1029 3280 1198 3344 venit,
1244 3283 1521 3351 quomodo
1568 3294 1800 3355 uterque
1834 3286 2004 3355 ipsius
2046 3297 2201 3355 pater
2238 3288 2321 3360 di-

752 3378 909 3421 catur
940 3384 954 3421 :
988 3369 1090 3437 71
1128 3370 1241 3439 ipse
1271 3373 1521 3429 videlicet
1544 3372 1713 3430 Jacob
1740 3392 1768 3429 a
1805 3376 2119 3443 Solomone,
2147 3387 2202 3431 ct
2236 3377 2317 3431 Eli

754 3475 786 3510 a
814 3458 1028 3513 Nathan
1059 3478 1232 3531 genus
1260 3461 1545 3519 ducentes.
1581 3467 1871 3537 Simulque
1899 3468 2177 3537 quomodo
2205 3470 2320 3538 pri-

757 3568 905 3606 mum
944 3553 1053 3608 duo
1089 3556 1179 3609 isti
1228 3556 1394 3611 Jacub
1444 3568 1499 3612 et
1534 3558 1616 3612 Eli
1670 3558 1894 3622 fratres,
1935 3570 1988 3613 et
2029 3570 2154 3615 ante
2197 3563 2320 3625 hos,

751 3661 946 3699 eorum
1002 3658 1183 3715 patres
1223 3648 1463 3703 Matthan
1520 3659 1575 3704 et
1631 3650 1861 3716 Melchi,
1896 3652 2123 3707 scorsim
2184 3654 2320 3708 alter

753 3746 879 3805 post
927 3737 1183 3801 alterum,
1226 3742 1475 3794 eamdem
1510 3740 1762 3796 ducendo
1791 3759 2036 3808 uxorem,
2073 3746 2318 3800 uterinos

751 3831 1162 3896 procreaveriut
1211 3831 1457 3888 fratres:
1514 3832 1645 3903 lege.
1678 3835 1934 3891 videlicet
1978 3853 2087 3891 non
2136 3838 2320 3907 prohi-

750 3924 937 3985 bente,
977 3923 1286 3989 mulierem,
1310 3927 1393 3981 vel
1425 3943 1522 3997 per
1544 3928 1856 3997 repudium,
1888 3929 1969 3983 vel
1994 3946 2087 3998 per
2123 3932 2319 3999 prioris

756 4015 936 4069 mariti
965 4017 1173 4071 obitum
1196 4019 1433 4084 viduam,
1462 4021 1551 4074 alii
1579 4023 1806 4076 nubere.
1847 4022 2033 4092 Itaque
2059 4039 2125 4077 ex
2153 4026 2317 4079 Estha

753 4110 883 4175 (hoc
924 4111 1069 4165 enim
1102 4128 1299 4166 nomen
1336 4114 1581 4168 mulieris
1612 4114 1781 4169 fuisse
1821 4117 2074 4188 traditur)
2109 4118 2319 4187 primus

755 4202 997 4258 Matthan
1022 4220 1051 4258 a
1080 4204 1370 4261 Solomone
1391 4207 1655 4277 originem
1683 4208 1929 4271 trahens,
1958 4200 2135 4264 Jacoh'
2158 4227 2320 4280 gene-

752 4308 886 4351 rat:
933 4298 1174 4354 Matthan
1230 4310 1413 4354 autem
1482 4310 1724 4368 mortuo,
1774 4301 1968 4363 Melchi
2023 4303 2089 4357 ad
2138 4302 2317 4372 ipsum

751 4390 964 4447 Nathan
997 4407 1169 4461 genus
1202 4392 1468 4457 referens,
1495 4393 1715 4447 viduam
1754 4394 2024 4457 relictam,
2056 4394 2171 4465 ipse
2198 4395 2319 4463 qui-

752 4486 879 4539 dem
941 4487 1182 4557 ejusdem
1240 4486 1437 4550 tribus,
1492 4486 1587 4540 sed
1646 4502 1754 4540 non
1798 4487 2044 4556 ejusdem
2081 4487 2315 4555 generis,

2423 3287 2515 3338 τοῦ
2544 3283 2751 3353 ἀνδρὸς,
2782 3282 2928 3352 ἄλλῳ
2951 3282 3269 3352 γαμεῖσθαι·
3304 3283 3368 3333 ἐκ
3392 3280 3456 3350 δὴ
3488 3282 3583 3349 τῆς
3624 3278 3813 3344 Ἐσθὰ,
3840 3276 3999 3332 τοῦτο

2423 3382 2529 3451 γὰρ
2579 3379 2863 3432 καλεῖσθαι
2909 3380 3009 3448 τὴν
3058 3382 3291 3446 γυναῖκα
3336 3376 3724 3447 παραδέδοται,
3776 3376 3999 3445 πρῶτος

2388 3472 2648 3526 annos»
2691 3474 2719 3523 ό
2763 3471 2871 3525 ἀπὸ
2905 3470 2999 3524 τοῦ
3038 3470 3353 3539 Σολομῶνος
3390 3469 3455 3521 τὸ
3510 3469 3666 3537 γένος
3711 3470 3998 3535 κατάγων,

2421 3562 2512 3613 τὸν
2552 3560 2749 3613 Ἰακὼὸ
2784 3562 2976 3630 γεννᾷ.
3014 3560 3125 3612 Καὶ
3156 3560 3579 3628 τελευτήσαντος
3604 3558 3699 3611 τοῦ
3738 3558 3996 3619 Martii»),

2420 3650 2595 3718 Μελχὶ
2625 3652 2652 3702 ὁ
2684 3650 2792 3703 ἀπὸ
2820 3650 2915 3703 τοῦ
2945 3650 3129 3702 Νάθαν
3178 3650 3322 3703 κατὰ
3366 3651 3525 3717 γένος
3556 3649 3993 3719 ἀναερερόμενος,

2422 3744 2783 3815 χηρεύουσαν,
2818 3745 2882 3797 ὲκ
2929 3746 3028 3813 μὲν
3062 3743 3160 3812 τῆς
3192 3745 3355 3797 αὐτοῦ
3390 3745 3585 3813 φυλῆς,
3618 3745 3677 3810 ἐξ
3723 3745 3894 3797 ἄλλον
3938 3745 3998 3797 δὲ

2422 3838 2609 3902 γένους
2656 3834 2751 3898 ὢν,
2802 3834 2876 3897 ὡς
2919 3837 3197 3904 προεῖπον,
3249 3836 3517 3905 ἀγόμειος
3585 3835 3777 3900 αὐτὴν,
3832 3835 3995 3902 ἔσχεν

2424 3929 2535 3980 υἱὸν
2566 3928 2656 3979 τὸν
2694 3927 2863 3980 Ἡλεί.
2897 3928 3058 3981 Οὕτω
3100 3928 3377 3995 διαφόρων
3420 3926 3515 3979 δύο
3551 3926 3723 3992 γενὼν
3762 3924 3999 3991 εὑρήσο-

2424 4037 2522 4090 μεν
2548 4020 2637 4072 τόν
2673 4034 2733 4070 τε
2769 4017 2964 4071 Ἰακὼϐ
2992 4019 3085 4071 και⁸
3109 4017 3201 4070 τδν
3241 4017 3410 4082 Ἠλεὶ,
3439 4016 3808 4085 ὁμομητρίους
3834 4017 3995 4067 ἀδελ-

2422 4113 2573 4177 φού.·
2621 4105 2696 4164 ὧν
2728 4113 2756 4162 ὁ
2799 4111 2982 4179 ἔτερος
3038 4110 3286 4178 ἀδελφὸς,
3322 4110 3553 4163 ἀτέκνου
3603 4108 3696 4160 τοῦ
3756 4105 3993 4174 ὰδεὲςνιῦ

2421 4205 2839 4273 τελευτήσαντος
2879 4204 3027 4255 Ἠλεὶ
3066 4205 3164 4269 τὴν
3195 4204 3426 4269 γυναῖκα
3450 4198 3810 4268 παραλαΰὼν,
3842 4201 3997 4266 ἐγένο

2421 4316 2585 4366 νητεν
2614 4296 2673 4362 ἐξ
2702 4298 2871 4365 αὐτῆς
2898 4297 3080 4366 τρίτον
3119 4296 3210 4347 τὸν
3251 4294 3472 4363 Ἰωσὴφ,
3513 4293 3653 4345 κατὰ
3688 4292 3853 4358 φύσιν
3892 4291 3995 4360 μὲν

2423 4392 2601 4461 ἐαυτῷ
2650 4394 2745 4445 καὶ
2784 4391 2923 4443 κατὰ
2952 4390 3132 4456 λόγον.
3177 4390 3267 4440 Διὸ
3315 4387 3649 4456 γέγραπται·
3692 4383 3894 4436 Ἰακὼϐ
3937 4384 3997 4434 οὲ

2423 4485 2679 4554 ἐγέννησε
2706 4484 2797 4535 τὶν
2837 4483 3038 4550 Ἰωσήφ
3067 4497 3082 4512 ⁸
3112 4482 3251 4533 κατὰ
3281 4480 3445 4547 νόμον
3478 4478 3534 4531 δὲ
3561 4476 3655 4529 τοῦ
3699 4475 3848 4528 Ἠλεὶ
3880 4476 3994 4534 uiis;

748 4575 913 4631 sicuti
941 4549 1098 4631 antea
1132 4576 1267 4638 dixi,
1300 4549 1525 4630 uxorem
1548 4576 1722 4639 duxit,
1744 4549 1881 4629 etex
1914 4588 1976 4629 ea
2002 4574 2172 4629 ﬁlium
2201 4574 2317 4630 Heli
2356 4549 2396 4604 θ

2564 4549 2757 4646 ἐκείνῳ
2813 4574 2922 4644 γὰρ
2970 4549 3243 4626 όγἾακὼό
3293 4570 3524 4641 ἁδελφὸς
3575 4569 3671 4632 ὢν,
3721 4567 3992 4633 ἀνέστησε

752 4674 1012 4743 suscepit.
1041 4673 1154 4726 Hoc
1191 4671 1373 4733 modo,
1401 4672 1750 4725 diversorum
1790 4668 2020 4722 duorum
2055 4684 2315 4741 generum

750 4768 917 4823 Jacoh
932 4777 987 4821 et
1006 4767 1122 4821 Heli
1142 4766 1438 4829 exstitisse,
1462 4763 1796 4832 eosdemque
1816 4762 2062 4816 uterinos
2084 4763 2319 4831 reperie-

752 4879 871 4919 mus
887 4864 1055 4917 fuisse
1078 4860 1291 4915 fratres.
1312 4858 1555 4924 Quorum
1574 4856 1804 4910 fratrum
1822 4855 1960 4910 alter
1978 4856 2167 4919 Jacob,
2181 4855 2317 4909 alte-

750 4958 883 5017 rius,
903 4954 1019 5009 Heli
1041 4952 1380 5019 scilicet,qui
1410 4949 1559 5004 nulla
1580 4958 1761 5003 creata
1799 4948 1951 5017 prole
1980 4947 2313 5007 decesserat,

748 5063 917 5103 uxore
943 5048 1128 5106 ducta,
1173 5046 1393 5099 tertium
1424 5058 1491 5097 ex
1536 5057 1599 5097 ea
1638 5043 1881 5109 suscepit
1927 5042 2223 5111 Josephum
2255 5041 2319 5095 ft-

749 5142 905 5203 lium,
934 5140 1087 5209 juxta
1130 5146 1379 5191 naturam
1413 5134 1633 5203 quidem
1676 5145 1732 5187 et
1768 5135 2030 5187 rationem
2072 5136 2178 5189 sibi
2218 5137 2314 5205 ipsi

748 5238 1179 5300 (prOptercaque
1225 5225 1490 5295 scriptum
1526 5236 1631 5287 est,
1678 5224 1846 5279 Incol)
1899 5239 2081 5277 autem
2129 5228 2317 5294 genuit

746 5321 1171 5391 .Ioscph).juxta
1202 5321 1376 5388 legem
1412 5326 1623 5381 autem,
1654 5318 1749 5383 ipsi
1786 5316 1927 5378 lleli,
1953 5317 2003 5369 ei
2030 5317 2176 5370 enim
2207 5318 2315 5370 fra-

749 5428 833 5472 ter
858 5413 1027 5470 Jacob
1059 5428 1245 5467 semen
1272 5409 1577 5465 suscitavit.
1623 5409 1968 5477 Quapropter
1991 5423 2053 5460 ea
2101 5423 2222 5477 qua:
2248 5408 2317 5462 de

746 5527 814 5563 eo
849 5507 1053 5563 texitur
1084 5504 1421 5575 genealogia,
1449 5501 1604 5555 irrita
1637 5516 1746 5555 non
1775 5508 1878 5555 est.
1911 5498 2085 5564 Quam
2120 5514 2318 5569 genea-

2429 4670 2740 4736 σπέρματα·
2782 4667 2971 4736 διόπερ
3020 4666 3120 4718 οὐκ
3174 4663 3592 4732 ἁκυρωθήσεται
3642 4657 3735 4712 καὶ
3786 4660 3814 4724 ἡ
3865 4655 3995 4707 κατ’

2426 4763 2591 4815 αὑτὸν
2618 4759 2963 4828 γενεαλογίαο
2984 4759 3051 4827 ἦν
3085 4757 3376 4817 Ματθαίος
3406 4754 3506 4822 μὲν
3534 4754 3561 4806 4
3592 4750 3997 4817 εὖαγγελιστῇς

2424 4853 2913 4925 ἐξαριθμούμενος,
2975 4849 3171 4903 Ἰακὼὸ
3215 4848 3291 4912 δὲ,
3341 4848 3530 4916 φησὶν,
3587 4845 3847 4912 ἐγέννησε
3902 4842 3998 4891 τὶν

2438 4948 2656 5016 Ἰωσήφ.
2692 4947 2748 4997 Ὀ
2779 4945 2834 4997 δὲ
2867 4944 3083 5004 Λουκᾶς
3117 4941 3408 5003 ἀνάπαλιν,
3436 4937 3493 5000 ὃς
3526 4936 3838 5005 ἐνομίζετο·
3866 4932 3997 5003 (καὶ

2427 5043 2535 5109 γὰρ
2566 5038 2722 5091 τοῦτο
2754 5033 3133 5107 προστίθησι·)
3161 5034 3251 5086 τοῦ
3299 5032 3518 5102 Ἰωσὴφ,
3547 5028 3639 5081 τοῦ
3681 5027 3848 5088 Ἦὶεὶ,
3896 5024 4001 5076 τοιῦ

2426 5131 2623 5201 Μελχί,
2656 5132 2735 5182 Τὰ
2772 5131 2880 5197 γαρ
2930 5130 3070 5181 κατὰ
3117 5128 3282 5195 νόμου
3356 5126 3566 5193 γένεσιν
3613 5116 4002 5188 ἑπισημότεεα

2424 5225 2523 5276 οὐκ
2549 5220 2617 5293 ἦν
2641 5222 2896 5286 ἐξειπεῖν.
2919 5222 3026 5274 Καὶ
3052 5220 3134 5282 τὸ,
3173 5219 3510 5286 Ἐγέννησεν,
3535 5217 3625 5267 ἐπὶ
3650 5214 3745 5281 τῆς
3773 5211 3999 5263 conisi:

2425 5316 2773 5376 παιδοποιίας
2808 5315 2934 5383 ἄχρι
2958 5313 3148 5373 τέλους
3175 5312 3539 5379 άνεσιώπησε·
3572 5308 3671 5376 τὴν
3707 5308 4000 5371 ἀναφυρλν

2425 5408 2799 5477 ποιησάμενος
2842 5405 2947 5466 ἕως
2991 5402 3084 5457 τοῦ
3129 5403 3323 5472 Ἀδὰμ,
3356 5398 3449 5453 τοῦ
3501 5397 3662 5461 Θεοῦ,
3700 5394 3820 5450 κατ’
3855 5394 4001 5447 ἀνα-

2424 5500 2598 5553 λυσιν.
2641 5517 2658 5549 ι

745 5602 944 5669 logiam
1006 5598 1293 5652 Matthzcus
1340 5594 1672 5665 evangelista
1727 5594 2103 5661 dinumerans,
2149 5592 2318 5648 Jacob
2355 5603 2538 5646 autem
2599 5590 2819 5661 (inquit)
2879 5590 3067 5660 genuit
3138 5586 3379 5656 Joseph:
3431 5585 3605 5685 hucas
3670 5594 3836 5685 ,τοι-ο,
3893 5585 4000 5648 qui

749 5707 889 5758 erat,
922 5704 980 5748 ut
1015 5696 1310 5764 putabatur
1347 5690 1493 5761 (nam
1525 5700 1579 5746 et
1606 5691 1710 5745 hoc
1735 5690 1929 5761 addit).
1958 5690 2187 5760 Joseph,
2218 5689 2311 5758 qui
2355 5688 2457 5741 fuit
2522 5686 2659 5753 lleli,
2697 5687 2791 5755 qui
2861 5685 3077 5739 Melchi.
3112 5684 3187 5738 De
3218 5679 3569 5752 generatione
3597 5679 3743 5730 enim
3778 5688 3843 5728 ea
3866 5688 3997 5741 qua:

748 5811 813 5848 ex
838 5792 1239 5847 consuetudine
1264 5800 1320 5845 et
1351 5791 1673 5860 praescripto
1700 5788 1837 5856 legis
1862 5795 1967 5851 est,
2024 5783 2424 5855 significantius
2485 5784 2780 5853 quidquam
2845 5780 3030 5834 dicere
3076 5794 3183 5831 non
3229 5776 3426 5846 potuit.
3496 5773 3563 5827 Et
3602 5771 3853 5831 verbum,
3880 5768 3999 5822 Ge-

750 5890 892 5955 nuit,
946 5886 1001 5940 in
1044 5885 1147 5941 hac
1195 5885 1564 5956 parandarum
1617 5882 1771 5953 quasi
1824 5896 1922 5951 per
1961 5878 2310 5949 adoptionem
2354 5878 2653 5931 liberorum
2718 5874 2949 5934 ratione,
3014 5887 3111 5940 per
3143 5870 3327 5925 omnia
3362 5870 3427 5923 ad
3457 5866 3620 5923 ﬁnem
3647 5879 3821 5935 usque
3856 5864 3995 5921 sub-

752 5984 929 6047 ticuit,
964 5979 1229 6037 relatione
1251 5976 1464 6051 generis
1500 5991 1669 6048 usque
1701 5974 1767 6031 ad
1800 5976 1976 6047 ipsum
2007 5971 2199 6042 Adam,
2226 5971 2319 6041 qui
2359 5970 2458 6025 fuit
2498 5970 2587 6025 Dei
2622 5984 2715 6039 per
2747 5966 3122 6025 rcceusionem
3154 5966 3315 6020 facta.
3359 5982 3377 6016 ›
