4212 6430
228 415 334 485 665

1220 420 1827 483 ECllESIASTICE
1861 422 2250 487 HlSTORl/E
2288 427 2432 486 LIB.
2478 427 2522 490 Ι.

3368 432 3471 494 εδδ

314 538 438 592 Ἐπὶ
466 537 675 600 τούτοις
700 539 768 591 τὰ
802 539 945 593 κατὰ
977 537 1074 608 τὴν
1095 537 1291 604 γενεὰν
1326 536 1569 609 Ἡρώδου
1602 538 1796 608 ἑφεξῆς
1835 543 1881 600 Α

1835 543 1881 600 Δ
1978 541 2224 597 Posthaec
2271 544 2499 598 Herodis
2528 558 2700 614 genus
2739 545 2934 602 ordine
2965 545 3256 602 Africanus
3285 563 3469 616 prose~

229 635 258 686 ὁ
297 632 624 702 Ἀφρικανὸς
655 632 990 701 καταλέγων,
1024 634 1086 686 ὲκ
1116 631 1225 685 τῶν
1254 631 1535 701 συγγενῶν
1558 629 1796 702 Χριστοῦ

230 727 658 796 παρειλημμένα
688 727 886 780 οὑτωσί
915 744 1034 790 πως
1067 727 1316 794 διέξεισι·
1356 745 1375 778 ι
1412 726 1531 780 Τῶν
1573 726 1798 796 Ἐδραῖ·

230 823 346 872 κῶν
378 821 551 887 γενῶν
573 821 940 888 ἀναγραπτων
982 823 1042 874 ἐν
1070 823 1181 883 τοῖς
1215 819 1458 890 ἀρχείοις
1481 819 1674 880 ὄντων,
1705 818 1800 873 καὶ

231 911 342 964 τῶν
374 912 502 981 ἄχρι
534 913 893 981 προσηλύτων
939 912 1387 982 ἀναφερομένων,
1436 912 1542 974 ἔρως
1597 910 1800 980 ’Λχιὼρ

231 1000 326 1052 τοῦ
367 1001 686 1069 Ἀμανίτου,
715 1005 810 1054 καὶ
848 999 1007 1054 Ῥοίιθ
1051 1002 1151 1069 τῆς
1200 1000 1561 1063 Μωαόίτιδος,
1594 1000 1702 1054 τῶν
1740 1017 1798 1053 τε

229 1093 329 1146 ἀπ’
353 1093 631 1160 Αἰγύπτου
670 1094 1112 1147 συνεκπεσόντων
1145 1094 1469 1161 ὲπιμίκτων,
1496 1097 1523 1146 ὁ
1555 1093 1801 1164 Ἡρώδης

231 1183 390 1237 οὐδέν
414 1200 467 1236 τι
500 1183 943 1254 συμϐαλλομένου
970 1184 1062 1237 τοῦ
1089 1183 1196 1238 τῶν
1231 1184 1580 1255 Ἰσραηλιτῶν
1611 1187 1801 1252 γένους

232 1276 406 1346 αὐτῷ,
435 1278 530 1331 καὶ
558 1277 635 1345 τῷ
669 1278 933 1332 συνειδότι
961 1280 1060 1346 τῆς
1095 1279 1413 1346 δυσγενείας
1445 1279 1799 1349 κρουόμενος,

231 1371 539 1440 ἐνέπρησεν
564 1371 746 1423 αὐτῶν
779 1371 876 1434 τὰς
903 1371 1227 1438 ἀναγραφὰς
1249 1372 1357 1424 τῶν
1393 1373 1587 1438 γενῶν·
1617 1373 1801 1437 οἰόμε-

231 1481 324 1526 νος
370 1463 598 1534 εὐγενὴς
641 1465 1055 1530 ἀναφανείσθαι,
1098 1464 1178 1534 τῷ
1228 1466 1348 1535 μηδ’
1378 1466 1535 1519 ἄλλον
1567 1466 1711 1535 ἐχειν
1740 1466 1802 1519 ὲκ

234 1556 502 1624 δημοσίου
557 1557 881 1626 συγγραφῆς
932 1560 994 1608 τὸ
1051 1557 1209 1625 γένος
1261 1559 1485 1625 ἀνάγειν
1543 1560 1635 1610 ἐπὶ
1675 1559 1802 1622 τοὺς

237 1648 589 1717 πατριάρχας
635 1648 666 1717 ἢ
712 1647 1110 1717 προσηλύτους,
1157 1647 1284 1711 τούς
1328 1666 1386 1700 τε
1437 1648 1800 1718 καλουμένους

234 1741 482 1808 γειὼρας
510 1740 634 1801 τοὺς
665 1740 1010 1809 ὲπιμίκτους·
1049 1739 1221 1807 ὀλίγοι
1256 1740 1311 1793 δὲ
1356 1741 1464 1793 τῶν
1505 1740 1800 1810 ὲπιμελῶν,

238 1833 524 1894 ἰδιωτικὰς
569 1833 782 1892 ἑαυτοῖς
828 1832 1179 1901 ἀπογραφὰς,
1231 1830 1264 1902 ῆ
1325 1834 1801 1902 μνημονεύσαντες

234 1919 347 1971 τῶν
401 1920 705 1986 ὀνομάτων,
756 1920 788 1989 ἢ
836 1919 1011 1982 ἄλλως
1063 1908 1379 1989 ἔχοντες’ὲξ
1431 1921 1802 1990 ἀντιγράφων,

236 2011 646 2080 ἑναῦρύνονται,
689 2011 1000 2081 σωζομένης
1038 2014 1104 2082 τῇ
1145 2013 1334 2083 μνήμῃ
1372 2011 1469 2081 τῆς
1505 2013 1802 2080 εὐγενείας·

232 2097 313 2157 ὧν
343 2103 641 2172 ἐτύγχανον
671 2105 719 2156 οἱ
752 2103 1141 2173 προειρημένοι
1181 2104 1501 2156 δεσπόσυνοι
1534 2103 1807 2171 καλούμε-

236 2214 317 2248 νοι
345 2197 432 2249 διὰ
461 2197 558 2265 τὴν
588 2198 724 2265 πρὸς
751 2197 811 2249 τὸ
839 2201 1107 2265 σωτήριον
1153 2199 1310 2264 γένος
1351 2199 1669 2264 συνάφειαν,
1701 2197 1808 2249 ἀπό

238 2305 296 2339 τε
353 2287 628 2356 Ναζαρῶν
677 2290 771 2339 καὶ
819 2288 1063 2355 Χωχασᾶ
1117 2287 1320 2355 κωμῶν
1379 2287 1685 2340 Ἰουδαῖκῶν
1738 2288 1804 2355 τῇ

236 2382 400 2450 λοιπῇ
461 2383 531 2449 γῇ
591 2381 1068 2451 ἐπιφοιτήσαντες·
1129 2383 1222 2434 καὶ
1280 2381 1380 2450 τὴν
1434 2381 1806 2451 προκειμένην

237 2473 592 2540 γενεαλογίαν
627 2472 690 2524 ἐκ
741 2489 798 2524 τε
840 2473 936 2540 τῆς
971 2473 1155 2542 βίϐλου
1200 2474 1306 2525 τῶν
1340 2472 1562 2543 ἡμερῶν
1603 2475 1658 2533 ἐς
1693 2473 1806 2526 ίσον

238 2565 556 2628 ἐξικνοῦντο
578 2564 1001 2634 ἐξηγησάμενοι.
1029 2563 1138 2618 Εἶτ’
1168 2561 1261 2618 οὖν
1287 2565 1480 2630 οὕτως,
1507 2566 1604 2618 εἴτ’
1629 2566 1806 2630 ἄλλως

240 2661 379 2727 ἔχει,
425 2660 774 2727 σαφεστέραν
821 2660 1084 2728 ἐξήγησιν
1110 2660 1208 2712 οὐκ
1238 2659 1304 2712 ἂν
1356 2660 1470 2730 ἔχοι
1505 2678 1589 2724 τις
1632 2661 1807 2723 ἄλλως

238 2749 506 2817 ἐξευρεῖν,
552 2751 625 2812 ὡς
659 2751 832 2819 ἔγωγε
878 2751 1102 2819 νομίζω,
1146 2753 1253 2811 πᾶς
1300 2767 1362 2817 γε
1402 2751 1462 2814 ὃς
1507 2752 1807 2820 εὐγνώμων

238 2843 520 2911 τυγχάνει.
553 2844 664 2895 Καὶ
693 2845 824 2912 ὑμῖν
854 2843 990 2912 αὕτη
1029 2843 1258 2912 μελέτω,
1293 2843 1342 2895 ei
1371 2845 1465 2896 καὶ
1493 2844 1806 2913 ἁμάρτυρός

237 2937 382 2997 ἐστι,
412 2937 490 3004 τῷ
523 2937 596 3005 μὴ
634 2938 920 3006 κρείττονα
954 2938 984 3006 ἢ
1022 2937 1384 3005 ἀληθέστερον
1428 2938 1570 3006 ἔχειν
1604 2941 1802 2992 εἰπείν.

239 3026 316 3079 Τὸ
341 3027 405 3094 γέ
433 3044 513 3079 τοι
561 3027 700 3079 Θεῖον
737 3031 830 3081 καὶ
866 3030 1009 3098 ἱερὸν
1057 3028 1384 3096 Εὖαγγέλιον
1422 3029 1637 3092 πάντως
1674 3031 1808 3099 ἀλη-

241 3121 418 3176 Θεύει.
448 3121 557 3173 Καὶ
589 3120 765 3174 ταῦτα
799 3121 843 3173 δ’
870 3123 930 3174 ὲν
961 3122 1039 3190 τῷ
1067 3122 1211 3174 τέλει
1241 3123 1337 3190 τῆς
1360 3123 1656 3191 εἰρημένης
1691 3125 1809 3175 ἐπι-

1905 643 2086 697 cutus,
2122 650 2150 686 ιι
2183 635 2503 702 propinquis
2543 645 2595 689 et
2627 637 2873 706 cognatis
2898 636 3101 693 Christi
3141 652 3203 692 ea
3229 655 3351 709 qua:
3377 655 3469 695 sc-

1904 733 2149 794 quuntur
2191 735 2436 794 accepta,
2475 726 2537 779 ad
2577 728 2720 780 hunc
2751 727 2974 782 modum
3024 730 3272 800 exponit.
3330 731 3468 786 Cum

1903 817 2292 872 llebraicarum
2320 817 2643 872 familiarum
2685 819 3013 890 genealogiae
3048 821 3102 875 in
3137 822 3340 892 scripta
3386 839 3471 878 re-

1905 910 2048 972 latae,
2084 908 2137 963 in
2175 910 2412 965 archivis
2449 919 2503 963 et
2538 910 2756 979 publico
2785 912 3074 978 tabulario,
3107 924 3271 984 atque
3300 914 3351 968 in
3383 915 3470 970 his

1903 1002 2069 1055 etiam
2095 1016 2286 1056 eorum
2321 1003 2415 1071 qui
2449 1003 2515 1057 ad
2564 1006 2868 1075 proselytos
2900 1013 2954 1058 et
2983 1005 3246 1072 advenas,
3294 1022 3470 1076 usque

1904 1093 1972 1146 ad
2001 1092 2202 1146 Acbior
2229 1095 2556 1158 Amauitem,
2587 1102 2642 1148 et
2681 1094 2850 1162 ipsam
2884 1096 3034 1150 Ruth
3085 1095 3466 1162 Moabitidem,

1904 1183 2112 1253 quique
2142 1183 2207 1237 ad
2249 1198 2344 1238 eos
2369 1185 2462 1254 qui
2499 1201 2564 1239 ex
2600 1183 2832 1257 Egypto
2879 1186 3193 1257 promiscue
3219 1189 3468 1256 prognati

1906 1277 2248 1347 prodierunt,
2283 1279 2684 1342 referebantur,
2711 1289 3126 1334 asservarcntur
3158 1295 3172 1333 :
3204 1279 3468 1342 Herodes.

1905 1370 2052 1440 quod
2093 1369 2225 1422 nihil
2258 1371 2323 1423 ad
2371 1387 2496 1424 eum
2529 1371 2892 1425 lsraelitarum
2923 1387 3095 1440 genus
3146 1372 3467 1441 pertineret,

1905 1473 1957 1514 et
1991 1461 2132 1530 quod
2159 1461 2510 1516 obscuritatis
2529 1478 2639 1516 suae
2668 1462 2771 1517 sibi
2803 1462 3054 1516 conscius
3077 1471 3240 1525 esset,
3266 1477 3328 1514 ea
3357 1463 3470 1530 ipsa

1904 1552 2340 1621 genealogiarum
2387 1553 2718 1607 monimenta
2742 1554 3064 1617 combussit,
3094 1554 3200 1622 72
3229 1563 3344 1606 tum
3373 1553 3470 1606 de—

1907 1660 2056 1698 mum
2090 1661 2150 1700 se
2187 1646 2425 1700 nobilem
2485 1661 2684 1714 genere
2731 1656 2787 1700 et
2831 1646 3097 1699 illustrem
3140 1647 3299 1713 vulgo
3356 1645 3471 1699 fore

1907 1750 2126 1808 putans.
2157 1741 2201 1791 si
2235 1753 2415 1807 neque
2447 1738 2589 1792 alius
2626 1737 2913 1806 quisquam
2933 1751 2997 1790 ex
3016 1736 3235 1806 publico
3268 1738 3472 1806 scripto

1906 1846 2080 1901 genus
2115 1845 2270 1884 suum
2305 1829 2372 1883 ad
2421 1830 2564 1898 ipsos
2614 1830 2952 1898 patriarchas
3009 1837 3104 1881 aut
3141 1829 3472 1899 prosclytos,

1911 1926 2167 1994 ipsosque
2201 1923 2363 1976 etiam
2396 1922 2728 1989 alienigenas
2750 1919 3219 1990 promiscuos,qui
3243 1919 3473 1988 γειῶραι

1910 2017 2274 2080 vocabantur,
2325 2015 2530 2068 referre
2563 2022 2769 2082 posset.
2807 2011 2968 2066 Pauci
3015 2027 3146 2067 sane
3179 2012 3473 2081 diligentes

1910 2087 2176 2169 homines,
2235 2109 2477 2178 privatos
2521 2107 2626 2161 sibi
2672 2105 2802 2174 ipsis
2835 2104 3282 2175 genealogiarum
3329 2118 3475 2157 conv.-

1909 2203 2224 2264 mentarios,
2256 2210 2348 2254 aut
2388 2200 2608 2254 nomina
2643 2198 2757 2267 ipsa
2787 2197 3048 2251 memoria
3079 2205 3354 2256 tenentes,
3379 2203 3476 2248 aut

1906 2310 1970 2349 ea
2001 2295 2069 2348 ab
2100 2293 2504 2362 exemplaribus
2540 2300 2816 2360 petentes,
2858 2288 3042 2342 studio
3076 2303 3144 2342 eo
3190 2287 3473 2349 delectati,

1908 2385 2320 2440 condiderunt:
2377 2399 2475 2452 per
2533 2396 2671 2451 quos
2730 2380 3032 2434 nobilitatis
3080 2378 3343 2432 memoria
3389 2387 3477 2432 est

1908 2485 2249 2530 conservata.
2302 2476 2358 2530 ln
2415 2490 2511 2529 eos
2551 2473 2980 2528 commentarios
3027 2471 3368 2534 inciderunt,
3409 2471 3476 2525 de

1909 2571 2110 2639 quibus
2128 2569 2366 2623 diximus
2380 2569 2721 2634 δεσπόσυνοι,
2747 2582 2843 2622 seu
2869 2567 3204 2629 δεσποτικοὶ,
3236 2566 3343 2618 hoc
3370 2575 3476 2629 est,

1909 2663 2177 2716 Dominici
2231 2678 2326 2716 seu
2385 2661 2665 2715 Domicelli
2713 2669 2767 2714 et
2808 2659 3012 2713 heriles
3081 2658 3474 2727 cognominati,

1909 2763 2128 2821 propter
2165 2767 2286 2806 eam
2331 2768 2451 2820 quae
2500 2751 2606 2805 illis
2644 2766 2768 2804 cum
2820 2750 3115 2803 Servatore
3165 2747 3474 2801 intercessit

1907 2845 2123 2914 generis
2159 2845 2601 2914 conjunctionem
2632 2859 2646 2895 :
2677 2841 2769 2910 qui
2801 2855 2868 2895 ex
2901 2840 3125 2894 Nazaris
3146 2847 3200 2893 et
3226 2836 3476 2891 Cliocaba

1907 2936 2105 2991 Judmae
2140 2937 2294 2998 vicis,
2320 2936 2660 3004 frequentius
2687 2934 2952 3002 reliquam
2978 2941 3180 2985 terram
3213 2930 3474 2992 visentes,

1906 3031 2172 3099 ejusmodi
2206 3029 2572 3098 genealogiam
2602 3027 2766 3081 etiam
2805 3040 2872 3078 ex
2915 3024 3240 3078 diurnarum
3288 3037 3472 3075 rerum

1906 3123 2082 3182 libris.
2116 3122 2292 3189 quoad
2342 3128 2615 3188 poterant,
2661 3119 2972 3188 vulgarunt.
3005 3115 3301 3177 Caeterum,
3361 3114 3478 3166 sive

242 3211 446 3279 στολῆς
492 3212 786 3280 ἐπιτίθησι·
815 3213 1040 3286 Ματθᾲν
1079 3215 1106 3265 ὁ
1141 3201 1246 3265 ἀπὸ
1286 3213 1628 3283 Σαλομῶνος,
1655 3215 1808 3280 ὲγέν-
1835 3216 1880 3276 C

1835 3216 1880 3276 C
1913 3215 2003 3276 ita,
2038 3229 2132 3267 seu
2160 3213 2318 3266 aliter
2352 3227 2410 3266 se
2453 3226 2544 3266 res
2590 3210 2809 3272 habeat,
2844 3209 3226 3263 dilucidiorem
3260 3206 3481 3274 exposi-

238 3322 373 3374 νησε
401 3306 492 3357 τὸν
523 3305 741 3358 Ἰακώϐ.
769 3306 996 3358 Ματθὰν
1024 3305 1411 3370 ἀποθανόντος,
1442 3307 1615 3375 Μελχὶ
1645 3309 1673 3360 ὁ
1700 3307 1808 3359 ἀπὸ

242 3397 435 3449 Νάθαν
485 3398 546 3449 ἐκ
578 3397 676 3466 τῆς
721 3398 887 3449 αὑτοῦ
919 3399 1174 3463 γυναικὸς
1216 3398 1473 3466 ἐγέννησε
1499 3398 1589 3450 τὸν
1634 3399 1805 3452 Ἠλεί.

254 3488 614 3558 Ὀμομήτριοι
661 3491 770 3559 ἄρα
810 3491 1030 3558 ἀδελφοὶ
1069 3491 1215 3542 Ἠλεὶ
1261 3492 1354 3543 καὶ
1399 3491 1618 3543 Ἰακώϐ.
1662 3493 1810 3543 Ἠλεὶ

240 3579 478 3630 ἀτέκνου
529 3580 910 3646 ἀποθανόντος,
973 3583 1000 3633 ὁ
1050 3583 1245 3634 Ἰακὼό
1305 3584 1602 3650 ἀνέστησεν
1663 3584 1811 3651 αὐτῴ

243 3669 494 3736 σπέρμα,
533 3671 801 3740 γεννήσας
854 3673 946 3724 τὸν
981 3670 1177 3740 Ἰωσὴφ
1214 3673 1354 3725 κατά
1405 3674 1564 3741 φύσιν
1609 3675 1810 3742 έαυτῷν

241 3763 392 3812 κατὰ
423 3762 586 3829 νόμον
615 3761 672 3814 δὲ
704 3763 782 3832 τῷ
825 3762 990 3816 Ἡλεί·
1020 3764 1186 3826 οὕτως
1231 3766 1558 3834 ἀμφοτέρων
1596 3765 1662 3837 ἦν
1704 3767 1814 3828 υἱὸς

237 3847 269 3899 ὁ
306 3846 522 3917 Ἰωσήφ.
561 3868 580 3900 ›

1916 3306 2118 3359 tionem
2168 3304 2309 3357 alius
2357 3303 2645 3372 quisquam
2698 3315 2806 3354 non
2861 3300 3135 3353 invenerit
3174 3314 3188 3349 :
3226 3308 3285 3350 ut
3346 3297 3479 3350 mihi

1916 3395 2158 3464 quidem,
2179 3405 2234 3448 et
2259 3395 2551 3461 unicuique
2580 3393 2670 3463 qui
2705 3405 2864 3459 atquo
2885 3389 3231 3456 caudidoque
3260 3388 3483 3455 ingenio

1919 3489 2180 3558 praeditus
2223 3487 2313 3551 sit,
2347 3487 2588 3539 videtur.
2629 3483 2757 3536 Eam
2807 3497 2937 3534 vero
2969 3480 3072 3549 ipsi
3103 3492 3320 3548 quoque
3357 3490 3483 3545 pro—

1917 3580 2065 3642 bate,
2087 3577 2334 3648 quamvis
2349 3576 2498 3629 nullo
2515 3584 2668 3628 certo
2691 3571 3004 3627 testimonio
3025 3571 3098 3623 sit
3127 3567 3480 3622 conﬁrmata:

1919 3674 2065 3745 quod
2097 3673 2304 3728 scilicet
2344 3672 2552 3726 certius
2590 3678 2686 3723 aut
2734 3667 2920 3722 verius
2961 3664 3259 3734 quidquam
3300 3660 3486 3713 aderri

1921 3770 2178 3830 nequeat.
2223 3759 2403 3828 Ipsum
2432 3772 2562 3812 sane
2605 3756 2825 3826 quidem
2870 3753 3114 3808 divinum
3161 3764 3489 3818 sacrumque

1924 3852 2276 3920 Evangelium
2338 3851 2489 3904 omni
2549 3864 2614 3902 ex
2663 3857 2818 3917 parte
2867 3861 3056 3897 verum
3089 3853 3192 3897 est.
3249 3843 3352 3897 Sed
3395 3842 3487 3894 illa

241 3953 466 4006 quoque
500 3939 552 3992 in
587 3940 692 3995 [ine
720 3941 857 4009 ejus,
899 3959 1061 4012 quam
1114 3943 1370 4008 diximus,
1415 3945 1657 4013 cpistola:
1704 3945 1883 3997 addit:
1954 3942 2196 3996 Mattltan
2258 3956 2288 3994 a
2325 3940 2614 3993 Salomone
2677 3935 3024 4006 provenicns,
3049 3934 3239 4003 genuit
3293 3932 3482 3986 Jacob.

241 4033 486 4088 Mattban
525 4047 757 4102 mortuo,
788 4039 980 4093 Melchi
1023 4057 1050 4092 a
1096 4027 1519 4093 Natltan’ortutn
1571 4041 1801 4103 ducens,
1844 4055 1910 4093 ex
1980 4037 2214 4106 conjuge
2268 4036 2387 4104 ejus
2411 4031 2884 4104 procreavitHeli.
2912 4027 3124 4085 Uterini
3158 4029 3340 4095 itaque
3360 4035 3488 4079 sunt

242 4129 444 4183 fratres
463 4130 580 4184 Heli
609 4141 663 4186 et
695 4134 878 4188 Jacob.
909 4135 1276 4203 Heli,absque
1306 4136 1494 4188 sobole
1529 4145 1803 4203 suscepta,
1839 4133 2120 4195 defuncto,
2197 4130 2365 4185 Jacob
2415 4131 2464 4183 ei
2542 4142 2728 4182 semen
2768 4123 3112 4178 resuscitavit
3150 4140 3161 4172 :
3207 4129 3264 4174 et
3308 4120 3482 4187 ipsum

239 4224 546 4293 .I-Jscpbum
593 4224 695 4277 sibi
745 4226 845 4294 ipsi
896 4226 1117 4295 quidem
1165 4227 1318 4296 juxta
1372 4238 1642 4293 naturam,
1713 4228 1815 4296 ipsi
1857 4236 2034 4281 autem
2105 4223 2221 4278 Heli
2253 4225 2408 4294 juxta
2473 4223 2668 4291 legem,
2702 4220 2912 4289 genuit.
2945 4217 3035 4273 Sic
3079 4216 3364 4270 amborum
3393 4214 3488 4269 Jo-

243 4322 381 4390 seph
425 4321 570 4375 filius
603 4321 721 4374 fuit.
767 4341 784 4372 ι

319 4415 506 4468 Ταῦτα
549 4414 647 4480 μὲν
678 4417 705 4467 ὁ
744 4416 1094 4483 Ἀφρικανός.
1124 4419 1426 4486 Συνάγεται
1463 4419 1640 4473 τοίνυν
1662 4422 1816 4473 δυνά-

1995 4412 2118 4465 llaec
2140 4409 2356 4478 quidem
2390 4408 2467 4461 sic
2497 4407 2803 4461 Africanus.
2829 4405 2990 4461 Certo
3018 4411 3196 4458 autem
3225 4403 3483 4471 colligere

249 4526 345 4580 μει
384 4512 477 4560 καὶ
526 4509 624 4577 τὴν
677 4511 896 4578 Μαρίαν
936 4514 998 4562 ὲκ
1052 4512 1152 4580 τῆς
1203 4512 1352 4582 αὑτῷ
1409 4515 1622 4582 ἐκείνης
1673 4511 1812 4565 εἶναι

1925 4521 2141 4575 quoque
2162 4506 2306 4562 licet.
2333 4503 2556 4556 Mariam
2583 4501 2752 4568 ipsam
2781 4515 2848 4554 ex
2875 4498 3087 4562 eadem,
3120 4513 3238 4567 quae
3259 4496 3479 4565 Joseplii

245 4603 448 4670 φυλῆς·
491 4605 612 4655 ἐπεί
657 4605 738 4654 τοί
788 4622 851 4670 γε
897 4605 1038 4657 κατὰ
1077 4606 1170 4656 τὸν
1208 4607 1450 4668 Μωσέως
1501 4607 1684 4674 νόμον,
1721 4607 1817 4674 τὴν
1851 4583 1895 4639 D

1851 4583 2046 4656 Dfuit,
2096 4597 2260 4650 fuisse
2323 4595 2490 4657 tribu,
2539 4591 2978 4661 quandoquidem
3037 4607 3102 4643 cx
3166 4589 3483 4658 praescripto

246 4695 426 4764 φυλὴν
460 4697 535 4764 μὴ
567 4696 757 4758 ἄλλαις
791 4697 988 4763 φυλαῖς
1028 4698 1420 4766 ἐπιμίγνυσθαι
1445 4699 1698 4767 ὥρισται·
1731 4700 1816 4750 ἵνα

247 4786 360 4857 γὰρ
406 4787 478 4856 μὴ
524 4790 551 4839 ὁ
603 4789 802 4856 κλῆρος
841 4790 948 4840 ἀπὸ
993 4790 1166 4858 φυλῆς
1200 4792 1280 4852 εἰς
1327 4791 1500 4860 φυλὴν
1531 4793 1818 4860 περιστρέ-

245 4894 428 4946 φοιτο,
460 4879 566 4928 ἀπὸ
597 4878 690 4930 τοῦ
724 4880 889 4931 αὑτοῦ
922 4881 1097 4949 δήμου
1134 4882 1223 4932 καὶ
1252 4882 1347 4950 τῆς
1378 4883 1548 4950 αύτῆς
1583 4885 1817 4951 πατριᾶς

245 4971 348 5032 τὰς
381 4970 491 5021 τῶν
520 4971 714 5038 γάμων
748 4970 1028 5039 ἐπιμιξίας
1053 4971 1412 5042 ἐνομοθέτησε
1443 4972 1709 5040 γίνεσθαι.

840 5175 1086 5229 ΚΕΦΛΛ.
1130 5175 1226 5229 1Β’.

246 5261 390 5330 Περὶ
415 5262 539 5343 ,τῆς
567 5265 727 5343 θείας
754 5266 1093 5343 τετντὶςζεο›ς
1128 5268 1233 5343 τοῦ
1265 5269 1486 5343 ιυριόυ
1514 5271 1680 5343 ἡμῶν
1708 5271 1821 5343 Ἰητ

323 5334 443 5412 σςῦ
469 5334 757 5412 Χριστοῦ·
784 5336 904 5412 -ἓτι
956 5337 1033 5412 δὲ.
1062 5339 1193 5412 afri
1230 5334 1687 5407 τῆς-περιτομῆς
1721 5334 1818 5392 καὶ

322 5405 436 5479 τῆς
487 5405 883 5479 ὑπειξταγτῆς·
943 5409 1039 5461 καὶ
1087 5406 1366 5475 διήγησις
1397 5405 1530 5476 περὶ
1568 5405 1822 5479 appear

357 5474 432 5526 οῦ
462 5473 768 5542 θεοΰόχου.

323 5663 438 5715 Καὶ
471 5661 534 5731 δὴ
576 5660 667 5714 τοῦ
713 5661 980 5728 δόγματος
1015 5661 1460 5727 κατεπείγοντος,
1493 5662 1588 5714 καὶ
1624 5661 1818 5730 Ἰωσὴφ

247 5755 477 5825 σύναμα
506 5757 572 5824 τῇ
622 5757 831 5824 μνηστῇ
866 5753 1119 5821 Μαριὰμ,
1158 5752 1235 5822 τῷ
1283 5753 1554 5822 ὑπερφυεῖ
1602 5755 1821 5822 κούφως

251 5848 574 5920 βαρουμένῃ
598 5848 799 5918 φόρτιν,
825 5847 985 5917 ἀπῄει
1016 5849 1076 5918 τῇ
1104 5846 1318 5919 πατρέδι
1345 5846 1814 5918 ἀπογραψάμενος.

1918 4689 2050 4757 legis
2087 4688 2352 4749 Mosaicat,
2386 4687 2582 4737 tribum
2627 4682 2731 4736 alia
2776 4682 2918 4734 tribu
2949 4680 3306 4734 commiscere
3356 4696 3481 4746 pro—

1919 4781 2146 4833 ltibitum
2173 4787 2274 4830 est.
2313 4777 2381 4832 Ut
2414 4790 2651 4844 namque
2699 4772 3048 4827 liaareditates
3097 4780 3151 4826 et
3178 4771 3484 4825 successio-

1919 4888 2015 4926 nes
2046 4873 2309 4924 bonorum
2345 4885 2373 4922 a
2406 4870 2549 4922 tribu
2574 4869 2626 4921 in
2661 4866 2858 4920 tribum
2889 4882 2993 4919 non
3029 4863 3481 4926 transferrentur,

1918 4978 1984 5016 ex
2013 4961 2203 5015 eadem
2232 4971 2391 5028 gente
2423 4970 2478 5011 et
2508 4959 2707 5011 familia
2728 4958 3039 5025 nuptiarum
3070 4954 3484 5021 conjunctiones

1920 5055 2169 5111 contrahi
2200 5054 2421 5117 debere,
2445 5053 2721 5121 legislator
2753 5049 3017 5104 decrevit.

2433 5170 2536 5239 73
2577 5168 2801 5223 CAPUT
2839 5167 2954 5221 xu.

1925 5266 1998 5318 De
2028 5263 2342 5316 admiranda
2363 5272 2409 5313 et
2435 5263 2609 5314 divina
2637 5261 2911 5313 nativitate
2935 5258 3140 5310 Domini
3166 5259 3330 5311 nostri
3358 5256 3485 5312 Iesu

1991 5335 2185 5388 Christi
2221 5335 2384 5384 :item
2420 5332 2483 5382 de
2510 5332 2742 5400 ejusdem
2784 5330 3196 5400 circumcisione,
3226 5338 3274 5400 et
3304 5329 3484 5381 obvia-

1992 5407 2150 5468 tinne,
2191 5419 2304 5472 qua»:
2338 5404 2382 5454 ei
2414 5397 2620 5453 honon’s
2657 5417 2825 5472 causa
2865 5401 2918 5450 in
2970 5397 3157 5472 templo
3209 5399 3349 5466 facta
3385 5406 3484 5472 est.

1993 5476 2119 5528 ιιιηιι
2174 5468 2596 5525 commemoratio
2631 5471 2690 5522 de
2735 5469 3009 5539 Symeouc,
3042 5470 3130 5534 qui
3179 5485 3297 5521 eum
3344 5468 3489 5520 ulnis

1992 5545 2096 5597 suis
2131 5545 2348 5610 excepit.

1996 5661 2192 5713 Verum
2236 5659 2556 5715 enimvero.
2599 5657 2779 5710 edicto
2815 5662 3043 5725 cogente
3069 5695 3082 5718 ,
3118 5668 3241 5708 cum
3283 5651 3484 5720 Ioseph

1922 5754 2082 5807 simul
2124 5766 2248 5806 cum
2289 5764 2486 5820 sponsa
2509 5749 2697 5812 Maria,
2737 5746 2951 5817 pondus
2987 5747 3196 5799 ventris
3228 5757 3486 5800 naturam

1926 5845 2097 5914 ipsum
2158 5856 2574 5912 supergressum
2605 5840 2797 5895 lcvitcr
2831 5837 3127 5894 admodum
3161 5835 3394 5903 ferente,
3420 5833 3482 5890 in
