4212 6430
750 390 855 456 δεῖ

1957 386 2386 453 NICEPHORI
2428 385 2775 446 CALLISTI

3894 388 4005 453 668

752 517 982 572 patriam
1014 522 1190 565 suam.
1237 516 1294 560 ut
1329 507 1403 561 ibi
1441 515 1784 571 censeretur,
1816 507 1941 570 iret,
1979 520 2158 575 neque
2185 504 2316 559 dum
2348 506 2391 560 Δ

2348 506 2391 560 Α
2420 499 2602 569 Μήπω
2628 498 2684 551 δὲ
2719 497 2817 568 τὴν
2849 497 3026 552 οἰκίαν
3059 496 3417 565 πεφθακότες,
3459 498 3518 551 έν
3548 498 3704 570 ἀγρῷ
3738 519 3848 555 τινι
3884 519 3992 558 κα-

756 600 820 653 ad
865 600 1087 651 domum
1141 598 1552 668 pervenissent.
1599 599 1651 651 in
1685 614 1877 669 agrum
1909 596 2198 667 quemdam
2234 596 2318 650 di-

751 694 1062 751 verterunt,
1092 687 1185 756 qui
1215 702 1344 758 ager
1371 686 1606 741 Salomae
1634 696 1771 741 erat.
1803 687 2105 741 Vicesimus
2133 697 2315 741 autem

754 787 811 834 et
848 779 1079 848 quintus
1111 787 1227 832 tum
1262 781 1465 832 mensis
1495 777 1808 833 Decembris
1841 786 1958 832 erat
1999 776 2150 838 dies.
2192 790 2316 830 cum

753 871 825 924 ibi
864 870 1140 924 inetlabile
1175 868 1395 938 pietatis
1423 877 1480 922 et
1526 868 1732 923 amoris
1762 882 1893 937 erga
1922 882 2095 937 genus
2126 866 2320 920 huma-

754 977 884 1014 num
912 972 1039 1026 tuae,
1076 960 1314 1015 Verbum
1344 958 1463 1022 Dei,
1496 960 1904 1028 maximumque
1934 958 2318 1014 inenarrabilis

758 1061 946 1116 partus
973 1048 1256 1120 perﬁcitur
1289 1049 1635 1119 mysterium.
1668 1048 1970 1120 Tugurium
2003 1050 2231 1113 humile,
2263 1058 2319 1102 et

755 1160 767 1209 ι
794 1157 996 1212 rmsepe
1028 1143 1093 1195 ad
1122 1142 1369 1211 jumenta
1401 1140 1727 1210 excipienda
1760 1151 2167 1205 constructum,
2192 1140 2315 1196 coeli

751 1254 764 1283 1
790 1244 808 1286 t
840 1246 998 1289 terrae
1028 1236 1159 1305 Regi
1184 1235 1368 1306 genito
1395 1235 1695 1305 hospitium
1721 1244 2082 1304 praeparatum
2113 1234 2314 1287 fuerat.

758 1324 911 1378 llnnc
957 1324 1031 1379 ibi
1067 1326 1252 1380 fascia:
1291 1327 1728 1381 circumvolvunt
1752 1343 1770 1380 :
1803 1334 1858 1380 et
1893 1325 2037 1394 quod
2081 1326 2319 1379 honora-

757 1415 860 1467 tior
891 1415 944 1469 in
978 1416 1285 1471 diversorio
1317 1417 1473 1472 locus
1509 1432 1618 1470 non
1648 1425 1819 1481 esset,
1849 1417 1901 1470 in
1935 1417 2164 1486 praesepi
2197 1431 2317 1469 om-

757 1506 906 1559 nium
949 1507 1091 1561 altor
1130 1510 1439 1577 reponitur.
1481 1510 1719 1564 Necesse
1760 1509 1906 1563 enim
1946 1518 2096 1571 erat,
2127 1524 2321 1578 quam-

758 1596 1006 1663 plurimis
1045 1598 1111 1651 ad
1160 1614 1385 1653 censum
1446 1611 1501 1653 et
1559 1600 1984 1669 descriptionem
2039 1600 2321 1656 conﬂuen-

756 1685 943 1750 tibus,
992 1690 1217 1741 multam
1274 1690 1550 1757 posterius
1600 1690 2021 1745 advenientibus
2071 1691 2317 1744 locorum

758 1776 999 1846 relinqui
1036 1778 1343 1847 penuriam.
1384 1779 1575 1849 Itaque
1609 1780 1833 1850 hospitii
1871 1779 2055 1850 inopia
2093 1780 2159 1834 ad
2193 1796 2317 1835 eum

2420 590 2710 655 ταλύοντες
2747 587 2910 661 ἦσαν·
2953 589 3224 661 Σαλώμης
3254 590 3301 645 δ’
3330 586 3401 661 ἦν
3432 593 3461 645 ὁ
3499 593 3688 662 ἀγρός.
3725 596 4000 665 Πέμπτην

2419 683 2512 734 καὶ
2564 682 2815 751 είκοστὴν
2857 677 2973 752 εἶχε
3008 683 3115 753 μὴν
3149 684 3178 736 δ
3214 684 3577 755 Δεκέμϐριος·
3611 687 3708 740 καὶ
3733 689 3996 758 τηγικάδε

2417 773 2519 842 τῆς
2546 774 2758 841 ἀφάτου
2797 774 2914 840 σοῦ,
2947 775 3112 843 Δόγε,
3150 774 3565 848 φιλανθρωπίας
3601 778 3661 831 τδ
3709 781 3859 848 μέγα
3898 778 3997 833 τοῦ

2418 865 2702 937 ἀφράστου
2728 867 2893 920 τόκου
2929 868 3163 921 τελεῖται
3190 869 3539 943 μυστήριον.
3572 870 3848 940 Σπηλαιον
3886 872 3997 941 γὰρ

2418 955 2697 1021 ταπεινὸν,
2745 958 2842 1012 καὶ
2890 960 3070 1026 φάτνη
3123 953 3262 1035 πρδς
3305 958 3577 1029 ὑποδοχὴν
3630 959 3997 1029 βοσκημάτων

2418 1045 2633 1117 ἑτοίμη,
2667 1048 2747 1116 τῷ
2775 1048 2868 1101 τοῦ
2899 1048 3134 1118 οὖρα.νοῦ
3166 1052 3259 1105 καὶ
3287 1049 3393 1117 γῆς
3424 1050 3635 1119 βασιλεί
3666 1056 4000 1123 γεννωμένῳ

2418 1141 2774 1210 ηὐτρέπιστο.
2808 1140 2922 1193 Καὶ
2948 1140 3239 1210 σπάργανα
3263 1140 3458 1196 τοῦτον
3488 1142 3871 1213 διαλαμϐάνει·
3904 1147 3999 1198 καὶ

2416 1233 2476 1286 δν
2505 1231 2583 1302 τῷ
2626 1233 2701 1303 μὴ
2734 1228 2875 1283 εῖναι
2910 1233 3238 1303 σεμνότερον
3278 1234 3446 1287 τόπον
3508 1234 3586 1303 τῷ
3628 1218 4001 1305 καταλύματι,

2417 1322 2593 1393 φάτνῃ
2624 1324 2653 1375 ό
2685 1321 2780 1373 τοῦ
2814 1324 3016 1385 παντὸς
3037 1310 3276 1392 τροφεῦς
3302 1324 3675 1381 ἀνακλίνεται.
3704 1328 3863 1389 Εἰκὸς
3889 1328 4001 1396 γὲιρ

2415 1408 2504 1484 ἦν,
2560 1413 2832 1466 πλείστων
2892 1413 3030 1482 πρὸς
3076 1415 3176 1482 τὴν
3232 1417 3565 1487 ἀπογραφὴν
3627 1418 3999 1489 συρρεόντων,

2418 1505 2619 1575 πολλὴν
2654 1506 2769 1567 τοῖς
2804 1503 3033 1573 ὕστερον
3082 1506 3492 1575 ἐπιγινομένοις
3535 1508 3645 1562 τῶν
3675 1510 3860 1561 τόπων
3900 1509 4000 1579 τὴν

2418 1595 2652 1666 ἀπορίαν
2680 1590 2838 1649 εῖναι.
2880 1596 3043 1649 Ἀλλὰ
3065 1596 3233 1649 τόπου
3260 1598 3361 1667 μὲν
3387 1597 3534 1651 οὔτω
3562 1599 4001 1669 διαπορούμενον

2418 1688 2509 1741 τόν
2534 1688 2756 1739 πάντων
2787 1687 3123 1757 δημιουργὸν
3157 1688 3331 1756 Λόγον
3366 1690 3398 1759 ἡ
3434 1689 3542 1743 τῶν
3569 1690 3781 1759 ἀλόγων
3816 1692 3998 1759 φάτνη

2423 1778 2658 1848 ἐδέχετο.
2705 1776 2856 1831 Ἐκεῖ
2897 1778 2962 1848 δὴ
3011 1779 3102 1831 καὶ
3152 1782 3378 1849 ποιμέσι
3425 1781 3677 1853 φυλακὴν
3721 1785 3850 1853 περὶ
3900 1783 4001 1851 τῆς

760 1868 982 1921 modum
1008 1869 1350 1925 laborantem
1384 1872 1633 1940 opiﬁcem
1660 1887 1843 1926 rerum
1869 1874 2114 1927 omnium
2149 1875 2317 1926 Deum
2353 1848 2392 1902 Β

2353 1848 2392 1902 Β
2423 1869 2690 1938 σφετέρας
2744 1869 2983 1939 ποίμνης
3036 1848 3654 1942 νυκτὺςῗποιουμένοις,
3705 1848 4000 1925 ὲιτιστασέι

757 1957 1035 2021 Verbum.
1074 1961 1438 2015 animantium
1476 1979 1719 2032 praesepe
1754 1968 1990 2032 excepit.
2037 1965 2107 2018 lbi
2141 1974 2321 2034 pasto-

758 2067 865 2113 res,
920 2069 1111 2123 greges
1159 2068 1289 2107 suos
1339 2065 1505 2108 noctu
1566 2055 1975 2118 custodientes,
2035 2059 2318 2126 prmsentia

756 2146 1002 2213 angelica
1054 2147 1461 2200 eircumlulsit:
1515 2160 1569 2201 et
1619 2164 1741 2203 cum
1803 2149 1856 2202 in
1917 2152 2170 2204 timorem
2225 2165 2321 2203 eos

755 2236 1131 2304 spectaculum
1168 2238 1218 2291 id
1259 2240 1619 2309 conjecissct,
1660 2241 1911 2294 timorem
1944 2255 2070 2295 eum
2102 2257 2317 2295 rursum

755 2325 904 2380 illico
930 2338 1257 2396 posuerunt,
1291 2332 1486 2395 angelo
1521 2333 1748 2401 propius
1784 2331 1849 2386 ad
1876 2348 1971 2387 eos
1996 2333 2317 2395 accedente,

754 2424 809 2470 et
855 2418 1094 2473 futuram
1144 2420 1265 2473 orbi
1317 2421 1595 2483 laetitiam,
1648 2438 1743 2490 per
1786 2437 1911 2476 eum
1959 2422 2049 2492 qui
2100 2424 2321 2491 genitus

754 2518 919 2572 esset,
950 2512 1249 2566 indicante.
1278 2513 1446 2583 Cujus
1476 2528 1787 2567 sermonem
1818 2514 1955 2567 ﬁdes
1977 2516 2163 2567 statim
2193 2531 2317 2569 vera

756 2609 919 2671 atque
949 2602 1133 2657 divi-ia
1168 2614 1250 2658 est
1286 2607 1604 2659 consecuta.
1649 2606 1895 2675 Namque
1935 2622 2041 2660 una
2073 2623 2191 2661 cum
2226 2607 2319 2660 illo

755 2695 1176 2750 innumerabilis
1222 2698 1528 2751 cmlestium
1572 2698 1838 2752 virtutum
1882 2715 1946 2754 ac
1991 2710 2318 2768 potestatum

755 2788 1081 2851 multitudo,
1134 2788 1342 2842 circum
1395 2789 1732 2858 tuguriolum
1783 2791 2045 2855 volitans,
2104 2791 2319 2844 laudem

756 2877 1003 2929 omnium
1054 2891 1327 2930 summam
1372 2877 1606 2931 Domino
1653 2879 2055 2934 concinebant:
2111 2880 2317 2943 Gloria,

756 2967 1030 3032 dicentes,
1056 2968 1109 3021 in
1145 2967 1358 3022 excelsis
1393 2966 1522 3037 Deo,
1555 2977 1605 3023 et
1635 2970 1690 3023 in
1729 2977 1871 3024 terra
1895 2988 2017 3040 pax,
2061 2973 2116 3025 in
2151 2974 2321 3026 homi-

758 3058 905 3112 nibus
933 3059 1067 3111 bona
1096 3057 1360 3113 voluntas.
1399 3058 1513 3113 l‘loc
1543 3059 1728 3124 modo,
1758 3075 1882 3115 cum
1918 3060 2117 3131 duplex
2150 3071 2317 3126 esset,

2420 1979 2503 2019 τις
2540 1961 2810 2031 ἀγγελικὴ
2839 1963 3243 2031 περιήστραψε·
3277 1963 3373 2016 καὶ
3412 1965 3714 2033 κατάφοϐοι
3751 1964 3830 2033 τῷ
3868 1966 4002 2017 05:1-

2425 2066 2556 2117 ματι
2577 2052 2883 2119 γεγονότες,
2907 2052 3012 2118 ἔξω
3033 2052 3199 2121 φόϐου
3228 2054 3392 2107 πάλιν
3411 2048 3554 2125 ἦσαν
3576 2055 3737 2117 εὐθὺς
3759 2057 4000 2123 ἀγγέλου

2422 2143 2899 2213 ἐπιδημήσαντος,
2924 2144 3022 2199 καὶ
3045 2145 3147 2216 τὴν
3180 2146 3447 2216 ἐσομένην
3477 2145 3556 2216 τῷ
3585 2146 4000 2217 κόσμῳ“χαρὰν

2419 2233 2508 2287 διὰ
2564 2232 2657 2287 τοῦ
2712 2235 3062 2305 γεννωμένου
3125 2237 3494 2305 μηνύσαντος.
3557 2238 3665 2290 Καὶ
3721 2237 3801 2304 τῷ
3854 2239 4001 2307 λόγῳ

2421 2327 2606 2390 πίστις
2637 2326 2713 2390 ῶς
2761 2326 2967 2398 ἀληθὴς
3000 2328 3165 2391 εὐθὺς
3212 2329 3309 2382 καὶ
3342 2330 3464 2381 θεία
3515 2330 3843 2399 παρείπετο·
3875 2330 3998 2399 ἅμα

2420 2419 2532 2489 γὰρ
2561 2418 2775 2489 ἐκείνῳ,
2805 2421 2899 2473 καὶ
2931 2423 3118 2490 στῖφος
3147 2420 3377 2492 ἄπειρον
3405 2423 3692 2491 δυνάμεων
3721 2425 3999 2493 οὐρανίων

2419 2511 2481 2563 τὸ
2514 2511 2779 2582 σπήλαιον
2827 2512 3103 2583 περιθέον,
3154 2509 3305 2568 αἶνον
3336 2515 3594 2585 ὑπερφυᾶ
3639 2516 3720 2585 τῷ
3748 2518 4000 2588 Δεσπότει⁸

2420 2601 2764 2670 ἀνέπεμπον,
2793 2603 2969 2667 Δόξα,
2999 2605 3291 2672 λεγόντων.
3317 2606 3382 2659 ἐν
3414 2609 3701 2674 ὑψίστοις
3726 2608 3872 2673 Θεῷ,
3896 2612 3998 2661 καὶ

2421 2693 2516 2744 ἐπὶ
2580 2692 2694 2759 γῆς
2752 2696 2983 2761 εἰρήνη,
3034 2695 3103 2746 ἐν
3149 2694 3486 2762 ἀνθρώποις
3531 2698 3801 2751 εὐδοκία.
3844 2699 4003 2750 Οὕτω

2421 2784 2640 2847 διπλοῦς
2674 2784 2749 2837 ὣν
2781 2788 2809 2839 ό
2846 2786 3197 2857 θεάνθρωπος
3232 2789 3432 2857 Λόγος,
3479 2790 3754 2853 ταπεινῶς
3802 2807 3867 2843 τε
3904 2794 3996 2843 καὶ

2423 2878 2741 2948 θεοπρεπῶς
2786 2879 2852 2932 τὰ
2892 2880 2989 2948 τῆς
3035 2880 3257 2949 πρώτητ
3293 2881 3461 2935 αὐτοῦ
3500 2884 3581 2943 είς
3620 2884 3723 2953 γῆν
3762 2882 3997 2936 καθόδου

2421 2967 2509 3019 διὰ
2559 2970 2867 3039 γεννήσεως
2919 2970 3297 3034 καθυπέδειξε·
3357 2971 3585 3041 βεϐαίαν
3632 2974 3687 3026 δὲ
3743 2976 3839 3026 καὶ
3901 2973 4002 3043 τὴν

2423 3062 2561 3131 πρὸς
2599 3061 2885 3126 Ἰουδαίους
2925 3066 3248 3132 συγγένειαν
3300 3065 3608 3134 παριστῶν,
3643 3067 3740 3118 καὶ
3784 3066 3863 3126 ὼς
3911 3067 4005 3119 ἆν-

761 3148 907 3204 Deus
936 3149 1011 3219 (l)
1039 3150 1297 3218 idemque
1326 3149 1490 3204 homo
1523 3148 1789 3215 Verbum,
1820 3152 2126 3206 humillime
2156 3154 2318 3208 simul
2349 3172 2390 3229 ρ

2349 3172 2390 3229 C
2424 3153 2642 3223 θρωπος
2700 3155 2778 3223 τῷ
2832 3155 3080 3219 Μωσέως
3131 3159 3278 3229 νόμῳ
3319 3160 3536 3226 ἀφοσιοῖ
3585 3160 3647 3211 τὸ
3692 3158 3866 3219 εἰκός·
3909 3160 4001 3210 xz".

758 3248 814 3291 et
843 3238 1383 3309 magnificentissime
1409 3240 1705 3309 primordia
1735 3241 1898 3310 primi
1928 3242 2100 3311 ipsius
2128 3243 2181 3296 in
2213 3251 2323 3297 ter-

760 3345 876 3383 ram
908 3347 1005 3399 per
1037 3330 1383 3385 nativitatem
1419 3332 1718 3387 descensus
1744 3333 1997 3387 exhibuit
2030 3350 2045 3389 :
2076 3344 2239 3403 atque
2268 3346 2328 3391 ut

760 3431 912 3476 certo
946 3436 1099 3477 suam
1132 3436 1255 3475 cum
1288 3421 1494 3477 Judaeis
1531 3424 1910 3493 cognationem
1954 3426 2325 3493 conﬁrmaret,

761 3514 1004 3569 hominis
1046 3530 1197 3569 more
1226 3513 1477 3568 Mosaicae
1509 3515 1639 3585 legi,
1687 3516 1761 3570 ita
1799 3525 1857 3570 ut
1885 3515 2135 3582 decebat,
2169 3518 2327 3573 debi-

764 3616 883 3658 tum
923 3620 1084 3658 suum
1122 3602 1313 3657 tribuit
1348 3605 1537 3658 ritum.
1576 3606 1642 3657 Et
1674 3604 1761 3658 die
1789 3612 2008 3670 octavo,
2044 3607 2327 3663 Dominico

764 3695 996 3757 scilicet,
1055 3695 1472 3749 circumciditur
1531 3696 1586 3750 in
1640 3695 2003 3759 Bethlehem,
2060 3701 2112 3751 in
2167 3700 2330 3756 domo

761 3788 1008 3857 Joscphi,
1041 3799 1096 3841 et
1129 3789 1201 3843 ibi
1237 3804 1439 3843 nomen
1474 3788 1602 3843 Jesu
1637 3788 1839 3864 accipit
1871 3789 2125 3851 (salutem
2164 3808 2330 3861 porro

765 3880 819 3932 id
864 3878 1182 3948 signiﬁcat),
1212 3894 1311 3947 pro
1350 3894 1418 3934 eo
1462 3886 1650 3946 atque,
1695 3894 1986 3952 antequam
2033 3896 2333 3955 conceptus

764 3982 933 4033 esset,
980 3969 1271 4040 id.nomen
1310 3971 1532 4025 divinus
1574 3972 1682 4043 74
1730 3989 1830 4042 per
1867 3977 2153 4031 oraculum
2195 3994 2328 4047 prtev

767 4062 1066 4130 scripserat
1095 4060 1338 4117 Gabriel.
1369 4063 1577 4117 Deinde
1608 4074 1664 4118 et
1685 4065 2088 4133 puriticationis
2142 4084 2335 4138 exspe-

775 4164 892 4208 ctat
922 4156 1467 4224 tempus.Postquam
1500 4170 1633 4210 vero
1662 4166 1856 4220 status,
1875 4158 2205 4215 decennario
2234 4177 2335 4214 nn-

768 4262 920 4301 mero
943 4256 1138 4316 quater
1169 4247 1437 4311 revoluto,
1470 4248 1660 4302 aderat
1693 4248 1833 4313 dies,
1860 4259 1919 4303 ut
1951 4253 2247 4315 masculus,
2278 4264 2333 4308 et

768 4338 860 4406 qui
890 4337 1103 4406 primus
1137 4338 1364 4391 omnino
1402 4346 1457 4391 et
1486 4340 1637 4393 solus
1668 4340 1888 4393 vulvam
1931 4345 2331 4411 adaperuisset,

772 4431 826 4483 in
856 4430 1412 4500 Hierosolymitanum
1443 4446 1473 4483 a
1504 4431 1827 4500 parentibus
1853 4433 2176 4502 deportatur
2200 4445 2330 4490 tem-

2426 3242 2569 3294 κατὰ
2605 3242 2702 3313 τὴν
2740 3243 2958 3316 ὀγδόην,
2988 3245 3169 3298 εἷτουν
3207 3245 3348 3299 κατὰ
3375 3246 3475 3317 τὴν
3510 3247 3801 3315 Κυριακὴν
3846 3263 4002 3315 περι-

2424 3335 2681 3401 τέμνεται
2711 3336 2767 3389 ὲν
2792 3339 2859 3407 τῇ
2893 3338 3035 3390 κατὰ
3066 3337 3164 3407 τὴν
3189 3338 3446 3408 Βηθλεὴμ
3472 3340 3619 3408 οἰκίᾳ
3646 3338 3741 3392 τοῦ
3772 3340 4000 3407 Ἰωσήφ·

2428 3428 2522 3480 καὶ
2551 3428 2649 3496 τὴν
2689 3426 2931 3495 Ἰησοῦς
2976 3431 3337 3500 καταδέχεται
3382 3431 3781 3501 προσηγορίαν·
3826 3448 4007 3496 σωτη-

2431 3522 2553 3590 ρίαν
2585 3520 2643 3572 δὲ
2676 3519 2834 3575 τοῦτο
2882 3522 3164 3590 σημαίνει,
3205 3522 3351 3575 καθὰ
3395 3524 3489 3576 καὶ
3528 3522 3637 3591 πρὸ
3675 3522 3771 3575 τοῦ
3806 3522 4007 3580 συλλη-

2428 3611 2630 3679 φθῆναι
2682 3612 2710 3663 ό
2740 3610 2882 3673 θεῖος
2931 3610 3139 3680 ταύτην
3189 3612 3391 3683 ἔχρησε
3440 3611 3701 3681 Γαϐριὴλ.
3736 3607 3875 3663 Εἶτα
3913 3613 4009 3665 καὶ

2429 3704 2519 3755 τὸν
2548 3701 2642 3755 τοῦ
2671 3700 3020 3772 καθαρισμοῦ
3047 3702 3307 3771 ἀναμένει
3332 3703 3543 3771 καιρόν.
3576 3702 3664 3763 Ὠς
3692 3700 3753 3754 δὲ
3776 3702 3809 3768 ἡ
3838 3702 4007 3766 κυρία

2433 3793 2619 3864 παρῆν
2639 3793 2740 3862 τῆς
2767 3793 2987 3856 δεκάδος
3011 3793 3389 3863 κυκλουμένης
3419 3794 3698 3862 τετράκις,
3724 3794 3802 3855 ὠς
3826 3792 4008 3862 ἄρσην

2433 3888 2528 3937 καί
2557 3884 2771 3955 πρῶτος
2800 3885 2969 3947 ὅντως
2995 3884 3092 3937 καὶ
3141 3886 3302 3953 μόνος
3335 3884 3610 3949 δ.ανοίξας
3651 3886 3897 3953 μήτραν,
3931 3888 4009 3944 εἰς

2431 3981 2491 4031 τὸ
2532 3983 2588 4031 ὲν
2643 3980 3040 4050 Ἰεροσολύμοις
3075 3980 3270 4047 ἄγεται
3319 3980 3465 4048 ἱερὸν
3508 3981 3611 4032 ὑπὸ
3660 3979 3770 4032 τῶν
3824 3981 4013 4032 τεκόνο

2433 4088 2559 4124 των·
2587 4072 2730 4125 ὥστε
2759 4072 2946 4125 δοῦναι
2976 4073 3170 4125 ουσίαν
3197 4072 3339 4124 κατὰ
3361 4072 3421 4123 τὸ
3444 4070 3783 4141 εἰθισμένον,
3813 4071 4009 4138 ζεῦγος

2434 4165 2737 4233 τρυγόνων,
2771 4165 2865 4217 καὶ
2896 4164 2992 4216 δύο
3020 4165 3278 4225 νεοσσοὺς
3309 4163 3674 4233 περιστερῶν,
3698 4164 3763 4215 τδ
3790 4164 4010 4235 σῶφρον

2435 4253 2528 4304 καὶ
2562 4252 2821 4321 ἀκέραιον
2869 4251 2955 4319 ἐφ’
2990 4251 3194 4305 ἅπασιν
3246 4252 3599 4321 ὑπογράφων.
3634 4250 3788 4306 Ἐκεῖ
3836 4255 4011 4321 δήπου

2436 4342 2616 4410 παρῆν
2650 4344 2743 4395 καὶ
2770 4345 2799 4395 ό
2826 4343 3277 4414 πνευματοφόρος
3318 4342 3549 4413 Συμεὼν
3573 4344 3670 4397 καὶ
3698 4346 3730 4415 ἡ
3766 4346 4004 4414 πρεσϐύ-

2436 4445 2522 4491 τις
2553 4430 2742 4482 Ἅννα·
2777 4431 2875 4482 καὶ
2912 4430 3004 4482 τὸν
3037 4431 3097 4483 έν
3131 4431 3339 4500 ἅρματι
3375 4431 3667 4501 Χερουϐὶμ
3701 4434 4014 4502 ἐποχούμε-

771 4522 942 4592 plum,
992 4532 1051 4576 ut
1084 4522 1184 4585 ibi,
1226 4523 1379 4590 juxta
1427 4532 1711 4590 receptum
1747 4539 1954 4578 morem
1994 4526 2330 4580 sacriﬁcium
2368 4516 2409 4570 Ι)

2368 4516 2409 4570 D
2439 4536 2526 4572 νον
2555 4519 2854 4591 γηραλέαις
2881 4521 3074 4591 χερσὶν
3103 4522 3451 4591 ὑποδέχεται,
3486 4525 3544 4575 ὲν
3579 4524 3777 4593 βραχεῖ
3816 4523 4010 4593 βρέφει

771 4615 1015 4675 offerret,
1066 4630 1163 4683 par
1202 4622 1499 4677 turturum,
1555 4623 1649 4667 aut
1693 4617 1871 4685 pullos
1920 4618 2061 4673 duos
2122 4620 2336 4673 colum-

773 4705 988 4767 barum,
1057 4706 1407 4759 sobrietatem
1466 4706 1715 4770 scilicet.
1776 4712 2238 4780 temperantiam,
2282 4724 2338 4770 ct

774 4796 1183 4865 simplicitatem
1234 4798 1286 4849 in
1333 4796 1591 4851 omnibus
1644 4798 2025 4859 subindicaus.
2084 4803 2162 4858 lbi
2207 4821 2338 4860 sane

774 4886 982 4947 aderat,
1013 4885 1106 4953 qui
1138 4884 1341 4953 Spiritu
1375 4884 1656 4939 ferebatur
1690 4885 1935 4952 Simeon,
1962 4898 2019 4943 et
2051 4893 2337 4959 grandaeva

773 4980 928 5034 Anna
960 4996 972 5031 :
1003 4993 1262 5047 eumque,
1289 4978 1380 5046 qui
1408 4977 1459 5030 in
1492 4993 1656 5032 curru
1683 4978 1966 5035 Cherubin
1987 4982 2229 5045 vehitur,
2254 4999 2340 5037 sc—

774 5071 981 5123 nilibus
1024 5068 1251 5122 Simeon
1281 5068 1487 5135 excipit
1530 5069 1801 5124 manibus.
1839 5072 2014 5126 Ambo
2048 5088 2181 5127 vero
2213 5088 2335 5127 cum

774 5160 1036 5216 infantem
1073 5159 1356 5228 parvulum
1400 5158 1652 5213 viderent
1684 5160 1736 5213 in
1766 5171 2013 5216 materno
2053 5162 2175 5216 sinu
2210 5163 2340 5217 sub-

773 5253 1077 5314 silientem,
1121 5267 1373 5320 magnum
1429 5250 1647 5304 lsraelis
1696 5249 1752 5304 in
1811 5266 1879 5305 eo
1929 5254 2342 5323 perspiciebant

778 5345 975 5398 Deum.
1014 5344 1081 5397 Et
1126 5353 1412 5412 postquam
1453 5341 1521 5395 de
1549 5355 1616 5394 eo
1653 5356 1774 5410 quae
1824 5343 2097 5397 debebant
2144 5346 2341 5414 praedi-

775 5448 1020 5500 cassent,
1061 5446 1117 5491 ct
1163 5436 1215 5489 id
1261 5434 1407 5503 quod
1448 5434 1691 5488 futurum
1749 5442 1893 5498 erat,
1934 5436 2182 5505 quamvis
2218 5438 2321 5491 sub

850 5593 1328 5665 (1)Θεὰνθρωπος.
1361 5594 1528 5663 Cujus
1563 5595 1652 5665 hic
1696 5596 2078 5665 perstringitur
2105 5597 2335 5663 primus,

779 5674 935 5735 isque
965 5666 1187 5719 humilis
1220 5664 1272 5716 in
1313 5678 1512 5719 terram
1544 5666 1811 5719 adventus
1844 5682 1857 5720 :
1909 5664 1966 5719 in
1990 5666 2330 5719 similitudine

780 5740 915 5792 enim
962 5737 1229 5789 hominum
1262 5736 1450 5803 factus.
1485 5746 1531 5788 el
1562 5738 1739 5790 habitu
1784 5737 2020 5790 inventus
2060 5748 2113 5788 ul
2157 5742 2327 5789 homo.

785 5808 1039 5877 (Philipp.
1074 5821 1133 5872 n,
1162 5805 1238 5872 7.)
1291 5824 1308 5859 1
1351 5808 1412 5862 Et
1453 5808 1547 5874 sic,
1600 5810 1724 5877 quia
1776 5810 1947 5864 forma
1986 5809 2078 5862 Dei
2125 5806 2331 5876 accepit

2438 4608 2663 4672 κόλποις
2707 4612 2993 4680 μητρικοῖς
3038 4611 3437 4680 ὲπισκιίροντι,
3487 4610 3581 4664 τὸν
3636 4610 3730 4663 τοῦ
3793 4615 4013 4683 Ἰσραὴλ

2443 4701 2616 4770 μέγαν
2647 4702 2946 4770 ἐνορῶντες
2971 4700 3131 4765 Θεὸν,
3158 4702 3254 4754 καὶ
3279 4703 3348 4754 τὰ
3371 4703 3556 4755 εἰκότα
3588 4702 3739 4771 αὐτῷ
3771 4706 4013 4774 προσλαο

2438 4793 2733 4863 λήσαντες,
2763 4793 2823 4845 τό
2857 4792 2901 4844 τ’
2941 4794 3200 4861 ἐσόμενον
3243 4793 3611 4863 ἀριδηλότατα
3643 4794 4009 4864 αἰνιξὲμενοε,

2438 4884 2513 4947 ὡς
2545 4888 2625 4947 εἰς
2671 4886 2881 4938 πτῶσιν
2925 4888 3103 4938 κεῖται
3156 4886 3368 4939 πολλῶν
3402 4887 3498 4939 xui.
3544 4888 3864 4946 ἀνάστασιν),
3920 4892 4013 4938 καὶ

2439 4978 2517 5036 είς
2546 4978 2771 5045 σημεῖον
2801 4976 2954 5028 ἔσται
2979 4978 3420 5046 ἀντιλεγόμενον·
3445 4980 3537 5030 καὶ
3568 4976 3641 5037 ὡς
3676 4979 3775 5046 τὴν
3814 4980 4013 5047 παρθε-

2440 5068 2599 5137 νικὴν
2632 5066 2813 5137 ψυχὴν
2862 5068 3107 5137 ῥομφαία
3161 5067 3341 5137 λύπης
3380 5069 3578 5120 διέλθοι
3628 5068 3729 5135 ἐιψὲ
3778 5085 3908 5119 ποτε
3946 5069 4013 5119 δι’

2440 5160 2623 5224 αὑτὸν,
2653 5160 2763 5213 τῶν
2796 5159 3086 5229 σαρκίνων
3120 5161 3182 5225 ἐξ
3220 5160 3391 5228 αὐτῆς
3430 5161 3645 5229 δεσμῶν
3679 5161 4009 5218 ἀπελύοντο,

2447 5251 2587 5304 Ἕνα
2615 5251 2673 5303 δὲ
2722 5250 2879 5317 λόγος
2933 5250 3045 5320 ἔχει
3086 5252 3196 5304 τῶν
3240 5250 3329 5303 ἐπ’
3363 5252 3531 5320 ἀρετῇ
3569 5252 3661 5303 καὶ
3715 5250 4014 5319 σεμνότητι

2445 5342 2704 5412 ἀκριϐείᾳ
2735 5359 2793 5394 τε
2830 5341 2948 5412 βίου
2977 5342 3327 5396 διαδιοὺντων
3384 5342 3573 5395 τοῦτον
3601 5339 3741 5393 εἶναι
3772 5341 3866 5393 τὶν
3907 5342 4014 5395 Συ-

2433 5434 2599 5505 μεών·
2641 5429 2685 5503 ᾧ
2715 5436 2779 5506 δή
2813 5451 2946 5487 ποτε
2979 5433 3057 5505 τῷ
3098 5433 3240 5488 κατὰ
3282 5433 3373 5485 τὸν
3428 5433 3715 5503 προφήτην
3762 5432 4012 5484 Ἡσαΐαν

2446 5594 2678 5648 formam
2712 5592 2876 5656 servi.
2913 5602 3207 5660 utrumque
3256 5595 3419 5658 Dens,
3470 5605 3771 5664 utrumun
3821 5594 4011 5650 homo.

2438 5666 2615 5734 Atque
2649 5665 2748 5717 hoc
2782 5671 2954 5714 totum
2990 5674 3043 5734 et
3075 5666 3213 5716 Deus
3242 5664 3449 5718 dicitur
3477 5677 3698 5734 propter
3730 5665 3926 5725 Deum,
3961 5680 4015 5720 et

2440 5736 2604 5860 ἷιτῦιιιο
2624 5733 3161 5854 ρτοριοὲἷιιξιιιίιιειιι.
3193 5734 3442 5799 ι(Λειιὶ)τ.
3466 5733 3539 5787 De
3562 5747 3781 5803 myster.
3804 5735 4015 5789 iurant.

2464 5824 2475 5859 l
2527 5846 2538 5860 .
2573 5822 2643 5871 ιν,
2676 5819 2794 5871 cap.
2828 5838 2857 5855 ..
2902 5824 2939 5869 ,γ

2527 5846 2538 5860 ο
2573 5838 2643 5872 IV,
2676 5838 2794 5871 uuln
2828 5838 2910 5855 ιιι.
