4212 6430
744 371 843 436 6'“

1963 382 2394 446 NICEPHORI
2435 387 2785 448 CALLISTI

3911 403 4023 466 ετε

747 489 821 542 illi
874 487 1159 551 viderant,
1207 490 1301 545 sed
1355 507 1550 545 nivam
1595 494 1762 563 .plane
1815 508 1871 550 et
1924 499 2219 565 insolitam,
2252 502 2309 555 ad

2424 502 2517 556 δύο
2557 503 2794 572 μάλιστα
2824 503 2935 556 τῶν
2961 505 3245 570 ἐνιαυτῶν,
3276 511 3369 560 καὶ
3422 507 3543 578 οὐχὶ
3590 513 3726 580 μετα
3758 514 3856 566 δύο
3907 518 4018 586 τῆς

745 589 947 634 terram
981 589 1296 650 vergentem
1328 593 1383 637 et
1414 585 1710 653 plurimum
1745 588 2104 656 relucentem,
2135 595 2312 662 persi-

739 674 1039 742 milemque
1089 674 1229 729 adeo
1281 678 1509 746 reliquis
1546 681 1669 735 caali
1709 684 1902 747 astris;
1942 700 2121 753 neque
2165 686 2309 751 aliis,

739 781 903 834 quam
949 765 1042 833 qui
1091 766 1368 822 sideribus
1401 774 1803 839 cognoscendis
1848 789 2072 843 Operam
2124 777 2312 832 dedis-

741 869 887 920 sent,
921 862 1274 928 conSpicuam
1328 873 1381 917 et
1414 878 1797 934 apparentem.
1849 868 1914 922 Et
1963 871 2055 924 illa
2086 872 2309 940 quidem

743 964 849 1001 non
898 951 1089 1013 brevi,
1129 953 1223 1005 sed
1269 954 1404 1007 duos
1445 966 1572 1010 ante
1603 972 1803 1027 annos,
1851 974 2014 1027 quam
2059 959 2313 1016 Christus

739 1047 898 1090 natus
927 1048 1094 1101 esset,
1133 1051 1318 1094 exorta
1347 1045 1623 1110 apparuit,
1656 1062 1727 1101 ne
1767 1049 1893 1117 quis
1928 1049 2147 1105 duobus
2185 1062 2309 1120 post

741 1132 1080 1185 nativitatem
1135 1136 1294 1189 annis
1345 1138 1550 1192 editam
1601 1150 1776 1209 putet.
1832 1142 2092 1198 Sedenim
2146 1146 2307 1216 Magi,

739 1237 862 1275 cum
894 1237 1039 1275 novo
1076 1225 1182 1277 isto
1211 1229 1528 1296 apparentis
1559 1231 1730 1284 stella:
1760 1236 2074 1302 spectaculo
2106 1237 2160 1290 in
2190 1252 2309 1290 am-

739 1313 958 1381 biguam
994 1316 1495 1375 considerationem
1531 1324 1765 1391 conjecti
1807 1337 2017 1390 essent,
2047 1337 2104 1382 et
2143 1333 2208 1384 de
2244 1345 2307 1384 ea

737 1408 827 1461 iiiu
891 1409 1235 1479 multumque
1295 1413 1624 1483 inquirendo
1678 1417 2090 1476 deliberarent:
2140 1424 2306 1478 habe-

738 1511 967 1568 rentque
1000 1505 1162 1558 Simul
1211 1516 1454 1561 veterem
1497 1509 1651 1564 illum
1697 1511 1936 1577 Balaam,
1983 1517 2075 1584 qui
2111 1517 2178 1570 de
2219 1532 2306 1580 eo,

734 1593 879 1659 quod
918 1593 1160 1649 futurum
1193 1609 1342 1658 erat.
1384 1601 1618 1657 Numine
1649 1605 1862 1660 afﬂatus
1898 1609 2218 1663 cecinerat:
2254 1619 2309 1663 et

735 1685 966 1742 fortasse
1014 1692 1180 1746 etiam
1231 1695 1301 1747 ab
1347 1696 1429 1748 eis
1474 1713 1612 1765 quos
1649 1699 1702 1752 in
1753 1703 2106 1757 veneratione
2141 1715 2307 1774 atque

734 1778 1095 1837 admiratione
1141 1785 1418 1851 habuere,
1473 1792 1859 1847 sacerdotibus
1909 1796 2172 1862 paulatim
2211 1813 2308 1865 per

733 1870 1064 1937 doctrinam,
1098 1878 1164 1929 ad
1192 1883 1447 1948 mysteria
1481 1883 1602 1951 ejus
1635 1899 1753 1951 qum
1781 1887 2047 1941 rationem
2081 1903 2302 1942 omnem

731 1964 973 2027 excellit,
1009 1967 1101 2020 Dei
1144 1970 1302 2026 Verbi
1342 1977 1670 2042 nativitatis,
1704 1978 1926 2034 deducti
1964 1993 2148 2036 essent
2185 1983 2302 2054 (l):

732 2058 840 2127 76
872 2060 1108 2116 maxime
1142 2078 1272 2117 vero
1305 2065 1451 2120 Deus
1482 2069 1597 2138 ipse
1627 2070 1841 2126 animos
1877 2089 2070 2128 eorum
2097 2076 2164 2130 ad
2201 2077 2308 2133 hoc

729 2152 1035 2207 excitaret:
1070 2156 1413 2226 proindeque
1436 2163 1634 2215 summi
1664 2164 1910 2219 omnium
1937 2167 2079 2237 regis
2098 2169 2304 2226 Christi

731 2246 847 2298 nati
885 2250 1233 2315 providentia
1270 2254 1508 2320 stellam,
1543 2257 1770 2325 perinde
1809 2270 1975 2330 atque
2005 2263 2305 2317 animatam

730 2340 1024 2405 quamdam
1057 2342 1543 2418 intelligentizeque
1569 2353 1893 2422 participem
1919 2355 2051 2420 vim,
2077 2371 2146 2411 ex
2175 2357 2305 2412 Per-

729 2429 848 2484 side
873 2431 1116 2488 Judzeam
1143 2452 1334 2492 versus
1364 2443 1570 2495 moveri
1603 2443 1977 2513 intelligerent
2003 2465 2016 2500 :
2043 2458 2302 2518 tanquam

730 2520 829 2574 vi.e
859 2523 996 2578 duce
1028 2527 1112 2580 usi
1150 2531 1492 2597 precedentc
1525 2549 1586 2588 ea
1609 2574 1624 2598 ,
1669 2537 1930 2593 omnibus
1973 2541 2305 2609 posthabitis

731 2616 931 2683 rebus,
974 2635 1115 2688 pone
1164 2633 1292 2676 sunt
1348 2627 1546 2680 secuti.
1583 2627 1646 2682 Et
1682 2629 1795 2697 jam
1846 2647 2014 2700 prope
2061 2632 2302 2689 Judzeam

731 2711 1017 2781 ipsamque
1068 2715 1204 2769 adeo
1252 2718 1559 2782 Jerusalem
1616 2732 1810 2788 erant,
1865 2739 1989 2778 cum
2042 2728 2142 2782 via:
2194 2729 2304 2782 dux

729 2804 907 2866 stella,
933 2822 1042 2873 quo
1072 2809 1154 2875 (ut
1179 2810 1437 2877 equidem
1475 2817 1628 2881 puto)
1661 2818 1921 2872 nativitas
1954 2836 2016 2874 ca
2045 2836 2166 2889 quae
2189 2824 2309 2892 opi-

731 2894 953 2951 nionem
997 2900 1272 2970 ﬁilemque
1305 2920 1526 2959 omnem
1584 2923 1807 2976 superat
1844 2910 1986 2966 fama
2024 2915 2308 2971 increbre-

730 3003 939 3054 sceret,
993 2994 1391 3065 manil‘estaque
1437 2997 1627 3064 ﬁeret,
1679 3002 1978 3073 derepente
2036 3007 2303 3078 disparet.

733 3083 870 3138 Cum
904 3101 1034 3156 ergo
1061 3087 1381 3146 dubitantes
1417 3092 1495 3146 illi
1537 3092 1606 3147 de
1648 3096 1929 3152 nativitate
1962 3115 2157 3156 recens
2190 3105 2303 3158 nati

2418 598 2725 663 γεννήσεως
2756 596 2874 666 ἔτη,
2901 598 3020 666 ἅμα
3049 598 3127 667 τῷ
3155 600 3390 670 Χριστὸν
3412 602 3613 674 δηλαδὴ
3641 607 3977 675 γεννηθῆναι
3999 624 4014 638 ·

2416 687 2474 739 ὲν
2507 687 2698 757 ἀπόρῳ
2722 704 2781 740 τε
2811 689 3150 752 καθεστῶτες
3180 691 3258 760 τῷ
3286 692 3422 761 ξένῳ
3451 694 3552 761 τῆς
3585 695 3733 762 θέας,
3760 701 3857 752 καὶ
3890 703 4014 763 ταῖς

2416 780 2548 846 περὶ
2570 779 2736 831 αὑτοῦ
2770 778 3032 850 ζητήσεσι
3091 783 3347 836 πλεῖστον
3383 787 3576 854 χρόνον
3598 789 4017 860 ἐκδαπανήσαν-

2414 887 2530 937 τες,
2575 871 2796 940 ἔχοντές
2856 890 2914 925 τε
2966 875 3083 944 ἅμα
3121 878 3216 940 καὶ
3265 877 3357 928 τὸν
3408 879 3688 947 πρόπαλαι
3749 883 4012 951 Βαλαὰμ,

2415 964 2546 1033 περὶ
2574 964 2766 1016 τούτου
2797 966 2859 1016 τὸ
2919 966 3182 1034 ἐσόμενον
3237 971 3686 1039 προφοισασαντα
3714 990 3727 1004 ·
3763 975 3903 1037 ίσως
3956 977 4016 1030 δὲ

2414 1059 2510 1110 καὶ
2539 1061 2690 1125 παρὰ
2724 1058 2833 1110 τῶν
2877 1058 3059 1118 αὐτοῖς
3104 1059 3420 1128 σεϐομένων
3466 1063 3651 1131 ἡρέμα
3711 1082 4015 1133 μυσταγω.

2414 1151 2671 1218 γούμενοι
2708 1151 2836 1220 περὶ
2870 1151 2968 1220 τῆς
2994 1152 3135 1222 ὑπὲρ
3169 1154 3325 1221 λόγον
3355 1155 3452 1206 τοῦ
3488 1155 3624 1210 Θεοῦ
3662 1159 3839 1239 Λόγου
3879 1177 4010 1227 γενο

2415 1242 2809 1311 νήσεως,Θεοῦ
2851 1244 2906 1297 δὲ
2940 1245 3003 1297 τὸ
3029 1247 3190 1298 πλέον
3243 1247 3342 1318 τὴν
3401 1249 3585 1319 ψυχὴν
3637 1253 3863 1304 ἐκείνων
3925 1254 4006 1313 εἰς

2413 1337 2574 1388 τοῦτο
2598 1336 2994 1406 διερεθίζοντος
3018 1354 3030 1368 ·
3062 1330 3305 1410 ὁπηνίκα
3338 1341 3403 1411 δὴ
3430 1341 3524 1395 οὖν
3571 1345 3857 1412 προνοίαις
3911 1344 4009 1396 τοῦ

2412 1428 2763 1496 γεννηθέντος
2796 1431 3191 1499 παμϐασιλέως
3246 1435 3512 1504 Χριστοῦ,
3538 1436 3629 1488 τὸν
3660 1438 3868 1506 ἀστέρα
3898 1433 4012 1491 οἷα-

2414 1537 2522 1590 περ
2555 1520 2802 1590 ἐμψυχόν
2830 1538 2953 1574 τινα
2985 1524 3081 1576 καὶ
3134 1527 3331 1594 vosin
3380 1526 3612 1594 δύναμιν
3648 1529 3710 1579 ἐκ
3747 1529 4010 1597 Περσίὼς

2412 1613 2551 1683 πρὸς
2633 1615 2898 1668 Ἰουδαίαν
2972 1616 3298 1684 κινούμενον
3369 1621 3732 1688 κατενόησαν,
3806 1622 4006 1674 ὡσανεὶ

2410 1704 2589 1774 ὁδηγῷ
2611 1707 2803 1775 ἐκείνῳ
2818 1710 3176 1778 χρησάμενοι,
3206 1713 3264 1763 ὲν
3287 1711 3525 1782 δευτέρῳ
3550 1713 3680 1780 θέμε
3697 1731 3765 1766 μοι
3799 1716 4006 1772 πάντα,

2410 1800 2645 1851 κατόπιν
2693 1801 2787 1852 καὶ
2845 1803 3000 1853 αὐτοὶ
3053 1803 3291 1858 εἵποντο.
3354 1806 3624 1873 Ἀγχιστα
3673 1808 3859 1858 τοίνυν
3912 1807 4010 1873 τῆς

2422 1892 2686 1954 Ἰουδαίας
2717 1895 2848 1963 περὶ
2893 1894 3249 1966 Ἰερουσαλὴμ
3277 1898 3582 1964 γεγονότες,
3608 1898 3683 1960 ὼς
3721 1898 3806 1958 iv,
3826 1895 4008 1966 οἶμαι,

2411 1987 2712 2057 περιφανὲς
2740 1982 2832 2038 καὶ
2852 1986 3187 2051 ἐξάκουστον
3221 1989 3443 2060 γένηται
3481 1992 3540 2043 τὸ
3572 1992 3878 2059 παραὼξον
3909 1994 4009 2059 τῆς

2411 2078 2741 2146 γεννήσεως,
2775 2078 2802 2128 ό
2833 2077 2933 2145 μὲν
2967 2076 3176 2146 ὁδηγῶν
3221 2078 3399 2148 ἀστὴρ
3431 2079 3593 2140 εὐθὺς
3641 2080 3854 2149 αφανης
3918 2076 4007 2148 ἦν.

2424 2167 2850 2238 Ἀπορουμένοις
2892 2168 2938 2220 δ’
2971 2166 3064 2221 οὖν
3098 2171 3330 2232 ἐκείνοις
3351 2173 3448 2223 καὶ
3475 2171 4007 2240 διαπυνθανομένοις

2413 2259 2510 2312 τοῦ
2545 2262 2866 2329 τικτομένου
2899 2261 3167 2331 βασιλέως
3190 2263 3288 2334 τὴν
3319 2264 3570 2334 γέννησιν
3595 2282 3610 2296 ο
3643 2263 3732 2330 Ἐξ
3767 2267 3844 2316 ξω
3873 2269 4005 2334 γὰρ,

2411 2353 2599 2420 φασιν,
2624 2353 2834 2422 ἥκομεν
2864 2354 3060 2424 ἐκείνῳ
3096 2355 3512 2422 ἀφοσιώσασθαι
3552 2358 3650 2424 τὴν
3694 2360 4009 2428 προστῇ-νη-

2411 2460 2528 2496 σιν·
2561 2447 2711 2497 πᾶσά
2740 2463 2798 2497 τε
2828 2448 2860 2515 ή
2901 2448 3055 2509 πόλις
3095 2449 3270 2517 μεστὴ
3301 2449 3549 2508 θορύϐων
3599 2446 3686 2520 ἦν,
3733 2453 3830 2502 καὶ
3868 2454 4006 2519 μᾶλ-

2409 2535 2496 2587 λον
2524 2539 2550 2588 ό
2579 2538 2831 2605 τηνικάδε
2860 2539 2960 2608 τὴν
2989 2540 3166 2608 ἀρχὴν
3187 2544 3286 2611 τῆς
3338 2543 3544 2604 πόλεως
3570 2543 3707 2612 ἔχων
3753 2543 4008 2613 Ἡρώδης

2409 2629 2437 2680 ὁ
2472 2626 2745 2697 βασιλεύς.
2799 2630 3021 2684 Ἐὁεδίει
3064 2635 3172 2702 γάρ
3205 2637 3332 2703 περὶ
3377 2640 3474 2705 τῆς
3541 2637 3736 2704 ἀρχῆς,
3793 2640 3888 2687 καὶ
3951 2639 4008 2688 ὲν

2409 2722 2618 2791 ἀγωνίᾳ
2645 2722 2883 2790 μαλιστα
2911 2719 2997 2793 ἦν,
3026 2727 3122 2794 τὴν
3153 2726 3321 2778 αὑτοῦ
3350 2730 3649 2780 κατάλυσιν
3710 2729 4007 2798 ὑφορώμε-

2409 2834 2521 2877 νος.
2556 2818 2646 2868 Διό
2665 2835 2748 2871 τοι
2774 2819 2866 2870 καὶ
2892 2820 2969 2878 είς
2999 2819 3190 2872 ἑαυτὸν
3222 2823 3570 2874 συνεκαλεῖτο
3593 2824 3715 2882 τοὺς
3751 2822 4009 2890 ἱερᾶσθαι

2410 2911 2678 2980 λαχόντας
2702 2913 2810 2964 τῶν
2855 2914 3128 2966 Ἰουδαίων
3159 2930 3172 2944 ³
3208 2920 3303 2966 καὶ
3359 2916 3456 2968 σὺν
3489 2916 3749 2986 ἀκριϐείᾳ
3781 2917 4009 2967 διεπυν-

2410 3007 2602 3062 θάνετο
2633 3009 2860 3072 ἕκαστα,
2893 3009 2996 3061 ποῦ
3024 3010 3243 3078 μέλλειν
3277 3011 3366 3061 τὸν
3397 3012 3525 3079 παρ’
3557 3013 3738 3073 αὐτοῖς
3764 3012 4008 3079 Χριστὸν

2410 3101 2704 3166 γεννᾶσθαι
2762 3103 2873 3162 τοῖς
2926 3104 3234 3170 προφήταις
3292 3103 3641 3173 προείρηται.
3706 3105 3770 3154 Ol
3827 3104 3887 3155 δὲ
3950 3106 4009 3154 ἒν

732 3178 879 3246 regis
912 3179 1260 3247 inquirerent
1290 3185 1394 3251 (Ab
1426 3184 1652 3240 Oriente
1695 3189 1840 3242 enim
1861 3228 1875 3252 ,
1907 3190 2178 3257 dicentes,
2212 3211 2307 3251 ve-

2413 3192 2664 3262 Βηθλεὲμ
2700 3194 2802 3262 τῆς
2851 3195 3112 3257 Ἰουδαίας
3145 3197 3467 3265 ἐσήμαινον.
3508 3200 3619 3251 Καὶ
3649 3200 3676 3250 ὁ
3710 3199 4008 3268 προςήτης

731 3271 932 3334 nimus,
969 3283 1027 3324 ut
1055 3287 1448 3342 congruentem
1483 3278 1560 3330 illi
1590 3281 1800 3334 cultum
1833 3293 1888 3338 et
1916 3285 2300 3344 adorationem

731 3364 820 3432 pie
865 3366 1286 3436 persolvamus),
1321 3381 1515 3424 cuncta
1548 3372 1682 3427 urbs
1720 3377 1958 3431 tumultu
2002 3379 2300 3448 impletur:

731 3456 966 3511 maxime
997 3473 1158 3522 vero,
1197 3461 1291 3530 qui
1326 3470 1441 3516 tum
1481 3481 1710 3534 regnum
1745 3469 1817 3523 ibi
1850 3471 2162 3539 obtinebat,
2197 3476 2305 3531 lle-

735 3548 901 3603 rodes
929 3552 1004 3620 (2)
1047 3554 1434 3610 conturbatur.
1482 3558 1762 3615 Metuebat
1801 3565 1946 3617 enim
1997 3582 2205 3637 regno:
2251 3581 2308 3625 et

733 3642 1032 3710 plurimum
1086 3661 1152 3700 ne
1200 3647 1254 3700 id
1303 3649 1351 3702 ei
1399 3650 1800 3721 abrogaretur,
1845 3658 2116 3715 sollicitus
2162 3673 2306 3717 erat.

735 3733 924 3804 Itaque
949 3735 1262 3794 Judazorum
1295 3747 1611 3799 sacerdotes
1643 3746 1707 3800 ad
1739 3762 1796 3801 se
1825 3764 2116 3817 convocat,
2140 3769 2308 3810 accu-

739 3827 1022 3897 ratiusque
1074 3831 1286 3901 singula
1337 3848 1771 3902 percunctatur:
1823 3851 1879 3896 et
1932 3846 2304 3913 potissimum,

739 3915 959 3970 ubinam
986 3918 1266 3975 Christum
1292 3925 1434 3993 apud
1460 3927 1608 3996 ipsos
1631 3933 1971 3988 nasciturum
2023 3939 2308 4008 prOphetae

734 4008 1015 4064 vaticinati
1049 4025 1268 4082 essent,
1317 4019 1568 4088 inquirit.
1609 4023 1709 4076 Hic
1745 4027 1821 4079 illi
1858 4027 2178 4084 Bethlehem
2209 4033 2307 4085 .lu-

733 4099 864 4154 dazze
896 4103 1164 4174 indicant,
1187 4119 1242 4162 et
1276 4113 1598 4180 prophetam
1637 4116 1918 4172 Michzeam
1955 4131 2151 4177 testem
2183 4125 2306 4179 lau-

734 4194 990 4255 dant.ut
1045 4200 1229 4254 verbis
1279 4203 1394 4256 suis
1445 4205 1607 4260 ﬁdem
1659 4219 1995 4267 astruerent.
2049 4216 2308 4290 Celebrat

734 4293 918 4340 autem
973 4290 1339 4362 laudibusque
1370 4296 1688 4354 Bethlehem
1721 4302 1808 4356 ille
1836 4306 2015 4369 ell‘ert,
2051 4325 2306 4379 progres-

733 4394 924 4434 surum
961 4383 1087 4436 inde
1113 4386 1328 4442 lsraelis
1357 4390 1555 4444 ducem
1586 4392 1776 4448 divino
1815 4398 2075 4453 instinctu
2107 4404 2305 4469 pnedi-

733 4487 886 4527 cens.
926 4474 1064 4530 Tum
1108 4477 1352 4535 Herodes
1379 4486 1612 4539 secretis
1655 4489 1946 4557 colloquiis
1979 4493 2210 4548 sollicite
2251 4505 2306 4549 et

2407 3287 2650 3354 Μιχαίας
2693 3288 2904 3355 μάρτυς
2943 3288 3228 3356 παρήγετο
3256 3289 3316 3340 τὸ
3364 3291 3675 3355 ἀξιόπιστον
3721 3292 3802 3360 τῷ
3861 3292 4008 3359 λόγῳ

2407 3380 2624 3444 διδούς·
2659 3383 2943 3449 σεμνύνων
2975 3400 3034 3435 τε
3085 3381 3200 3451 ἅμα
3255 3383 3353 3452 τὴν
3408 3384 3682 3454 Βηθλεὲμ,
3745 3385 4012 3439 κάκεῖθεν

2409 3475 2788 3540 ἐξελεύσεσθαι
2838 3478 2928 3528 τὶν
2962 3476 3056 3529 τοῦ
3125 3477 3343 3547 Ἰσραὴλ
3379 3479 3723 3547 ἡγησόμενον
3772 3496 4010 3547 προφοι·

2409 3566 2613 3628 ὅάζων.
2655 3566 2712 3617 Ὀ
2741 3565 2796 3618 δὲ
2823 3565 3110 3634 λαθραίαις
3135 3569 3259 3627 ταῖς
3292 3567 3534 3635 ὁμιλίαις
3575 3567 3879 3636 ἑξηκρίὸου
3912 3570 4008 3621 τὸν

2409 3655 2620 3722 χρόνον,
2650 3654 2768 3706 καθ’
2802 3655 2860 3706 ὃν
2897 3657 2924 3706 ό
2955 3656 3142 3719 καινὸς
3173 3658 3376 3718 ἐκεῖνος
3402 3659 3718 3726 ὑπερεφανη
3773 3659 3958 3726 ἀστήρ
3989 3674 4004 3687 ·

2408 3748 2506 3798 καὶ
2561 3750 2620 3799 ἐν
2675 3747 2753 3817 τῷ
2809 3747 3059 3817 λεληθότι
3117 3752 3227 3810 τοῖς
3272 3748 3486 3814 Μάγοις
3530 3749 4006 3816 διεκοινολογεῖτο,

2408 3840 2488 3892 ἀπ
2513 3839 2629 3892 έναι
2672 3840 2772 3908 μὲν
2840 3841 3082 3902 ἐκείνους
3132 3843 3225 3893 καὶ
3264 3841 3447 3908 ζητεῖν
3504 3840 3596 3892 τὸν
3641 3844 4005 3910 τικτόμενονο

2411 3933 2674 4001 εὑρόντας
2728 3933 2784 3984 δὲ
2816 3929 2970 3995 αὖθις
3022 3933 3390 3998 παλινοιτεῖν,
3440 3935 3515 3996 ὡς
3539 3935 3603 3988 ἂν
3644 3934 3827 4002 ἀόροῖς
3878 3935 4009 4003 ἀφο-

2409 4025 2541 4089 δίοις
2575 4027 2759 4079 οίκαδε
2787 4029 2927 4095 σ’ρὶς
2965 4027 3065 4096 μὲν
3097 4027 3419 4098 ἀναπέμψῃ,
3475 4025 3596 4082 εἶτα
3625 4029 3682 4082 δὲ
3713 4031 3811 4083 καὶ
3837 4031 4006 4094 αὐτὸς

2411 4119 2685 4183 ἀπελθὼν,
2726 4122 2786 4172 τὸ
2821 4121 2967 4181 εἰκὸς
2995 4121 3231 4191 ἀποτίσῃ
3257 4120 3333 4189 τῷ
3363 4122 3646 4189 ἀρτιγενεῖ
3667 4121 3903 4190 βασιλεῖ.
3937 4125 4004 4177 0!

2415 4213 2514 4283 μὲν
2548 4210 2641 4266 οὖν
2680 4213 2824 4265 οὕτω
2857 4215 2970 4275 τοῖς
3000 4212 3094 4266 τοῦ
3127 4213 3371 4283 Ἡρώδου
3411 4214 4002 4283 παραϐςυκοληθέντες

2411 4305 2613 4374 λόγοις,
2648 4307 2756 4360 τῶν
2837 4306 3236 4376 Ἰεροσολύμων
3277 4307 3529 4378 ἐξῄεσαν.
3574 4310 3684 4362 Καὶ
3721 4305 3884 4370 αὖθις
3910 4311 4004 4380 ,τῷ

2411 4395 2590 4464 ὁδηγῷ
2617 4395 2806 4463 ἀστέρι
2835 4397 3326 4464 περιτυγχάνουσιν
3352 4411 3365 4425 ·
3426 4398 3482 4460 ὃς
3513 4395 3572 4462 ἐξ
3605 4401 3679 4451 Ξω
3737 4401 4002 4467 ποδηγῶν

2415 4488 2631 4550 αὐτοὺς,
2662 4490 2741 4551 είς
2783 4488 3040 4540 Ἰουδαίαν
3077 4487 3248 4540 ἰοῦσιν
3276 4489 3485 4558 ἐκρύϐη
3514 4507 3526 4518 ’
3563 4492 3661 4543 καὶ
3690 4491 3755 4559 δὴ
3788 4493 3999 4560 σςόδρα

735 4565 1030 4636 diligenter
1089 4579 1306 4643 tempus
1364 4579 1670 4646 perquirit,
1725 4596 1793 4634 ex
1842 4600 1951 4651 quo
2006 4600 2148 4639 nova
2215 4590 2301 4642 illa

2415 4582 2689 4650 ἡσθέντες,
2719 4584 2841 4643 ταῖς
2881 4582 3090 4634 ἐκείνου
3126 4582 3218 4635 καὶ
3270 4581 3425 4645 αὖθις
3461 4583 3679 4636 εἵποντο
3717 4586 3998 4653 ἠγεσίαις,

735 4660 1005 4717 illuxisset
1040 4668 1197 4720 stella
1226 4687 1238 4721 :
1269 4672 1598 4743 occulteque
1628 4685 1682 4729 et
1714 4677 1950 4733 latenter
1979 4697 2102 4741 cum
2137 4684 2307 4753 Magis

733 4767 987 4808 sermone
1022 4762 1463 4827 communicato,
1506 4766 1584 4820 ire
1621 4768 1844 4836 quidem
1883 4772 2038 4837 illos,
2082 4783 2136 4827 et
2177 4792 2303 4829 eum

734 4847 824 4912 qui
877 4859 1038 4902 natus
1089 4863 1237 4905 esset
1281 4854 1562 4924 inquirere
1595 4900 1610 4922 ,
1651 4877 1890 4932 cumque
1940 4867 2304 4936 invenissent,

735 4940 800 4992 ad
834 4955 892 4994 se
926 4945 1124 4998 reverti
1155 4946 1330 5015 jubet,
1376 4961 1432 5004 ut
1467 4967 1590 5004 cum
1629 4958 1916 5025 magniﬁco
1953 4961 2077 5015 illos
2106 4962 2307 5017 viatico

735 5031 952 5100 adjutos
981 5033 1204 5090 domum
1241 5054 1394 5093 suam
1431 5046 1757 5113 remitteret,
1791 5057 1904 5104 tum
1943 5052 2058 5120 ipse
2087 5070 2307 5124 quoque

737 5124 1018 5187 profectus
1044 5130 1252 5198 justum
1291 5149 1479 5190 recens
1514 5141 1696 5207 genito
1735 5145 1843 5211 regi
1878 5143 2141 5199 honorem
2172 5164 2308 5216 pra:-

737 5224 931 5271 staret.
961 5218 1039 5273 llli
1073 5222 1237 5291 igitur
1271 5226 1556 5282 insidiosis
1589 5229 1821 5288 Herodis
1854 5236 2038 5289 verbis
2068 5237 2303 5306 decepti,

736 5308 1129 5384 Hierosolymis
1179 5331 1415 5385 exeunt,
1458 5332 1514 5376 et
1573 5341 1791 5379 rursum
1849 5329 1900 5381 in
1955 5330 2166 5383 stellam
2205 5333 2306 5386 viae

734 5398 930 5458 ducem
982 5409 1270 5465 incidunt:
1315 5429 1436 5482 quae
1471 5415 1539 5469 ab
1581 5415 1806 5472 Oriente
1841 5420 1922 5472 eis
1963 5422 2302 5489 prazcedens,

805 5569 882 5638 (l)
919 5589 935 5620 ι
974 5572 1229 5627 Fortasse
1282 5591 1432 5635 vero,
1491 5592 1614 5630 cum
1670 5579 2017 5645 apparitione
2078 5579 2290 5634 Domini

735 5639 1047 5696 adversaria
1098 5655 1336 5712 potestas
1388 5647 1606 5728 reddita
1647 5639 1791 5702 esset
1832 5649 2124 5728 inﬁrmior.
2157 5651 2292 5719 Magi

734 5711 900 5762 etiam
954 5711 1250 5767 etlicaciatn
1298 5731 1450 5768 suam
1489 5718 1745 5772 abolitam
1791 5735 1912 5772 esse
1972 5711 2293 5782 sentientes,

738 5796 1100 5849 Iltagttatnque
1139 5794 1459 5865 potestatem
1492 5797 1618 5840 nato
1656 5789 1767 5868 regi
1796 5799 2140 5868 attcslautcs,
2171 5807 2296 5858 pro-

746 5860 931 5919 pterea
950 5857 1326 5911 muneratione
1345 5872 1440 5912 sua
1469 5874 1638 5928 puero
1669 5859 2004 5915 adorationis
2036 5857 2298 5917 honorem

2406 4676 2648 4744 ἀρρήτου
2712 4673 2933 4741 ἔμπλεω
2981 4673 3193 4743 ἡδονῆς.
3263 4673 3354 4737 Ὠς
3385 4674 3440 4726 δὲ
3477 4675 3692 4742 φθάσας
3748 4677 3842 4728 ἐπὶ
3895 4679 3999 4747 τὴν

2406 4769 2582 4820 οἰκίαν
2619 4769 2644 4821 ό
2682 4769 2859 4837 ἀστὴρ
2887 4768 3039 4836 ἔστη,
3077 4769 3132 4820 ὲν
3229 4767 3262 4838 ῆ
3297 4785 3358 4820 τε
3403 4769 3599 4838 μήτηρ
3650 4771 3745 4822 καὶ
3776 4773 3803 4823 ό
3835 4771 3996 4839 ἀρχι-

2409 4859 2650 4922 κώτατος
2672 4861 2876 4929 ταύτης
2908 4861 3022 4923 υίὸς
3052 4856 3140 4932 ἦν,
3173 4861 3266 4913 καὶ
3289 4861 3492 4912 ὡσανεὶ
3523 4862 3842 4931 στηριχθεὶς
3869 4864 3995 4914 ἀκί-

2409 4971 2568 5022 νητος
2602 4954 2813 5022 ἔμενεν,
2850 4953 3087 5005 ἐνταῦθα
3147 4969 3249 5005 που
3299 4953 3639 5023 κρύπτεσθαι
3683 4958 3743 5005 τὸ
3800 4952 4000 5020 ζητού-

2410 5065 2569 5116 μενον
2602 5048 2781 5110 καλῶς
2816 5041 3110 5115 οίηθέντες,
3152 5045 3245 5099 τοῦ
3285 5047 3475 5115 πρόσω
3529 5047 3666 5100 ίέναι
3729 5047 3995 5115 ἔστησαν.

2421 5139 2576 5193 Ἐπεὶ
2596 5141 2652 5192 δὲ
2677 5140 2769 5192 καὶ
2795 5141 2972 5202 οἰκίας
3007 5141 3137 5192 ετσω
3163 5140 3444 5207 γεγόνασι,
3471 5141 3568 5209 τὴν
3623 5141 3838 5209 μητέρα
3898 5144 3996 5194 καὶ

2406 5235 2467 5285 τὸ
2517 5233 2731 5286 παιδίον
2791 5232 3058 5300 θεώμενοι
3112 5233 3543 5301 κατησπαζοντο,
3609 5233 3714 5285 ὑπὸ
3775 5233 3993 5302 καλὺδη

2406 5329 2608 5397 ἀσήμῳ
2668 5329 2762 5378 καὶ
2813 5328 3048 5397 πενιχρᾷ
3094 5326 3622 5397 διατρίϐοντας,καὶ
3678 5329 3849 5380 τᾶλλα
3891 5330 3992 5396 τῆς

2406 5421 2698 5486 εὐτελείας,
2729 5420 2986 5489 οὐδεμίαν
3005 5420 3370 5482 ἀπολιπόντας
3401 5421 3732 5491 ὑπερϐολήν.
3767 5422 3995 5491 Ἀμέλει

2400 5579 2852 5662 ριάξειὶἱεριῃιη.
2871 5577 3150 5662 (Basilius,
3193 5579 3346 5650 ibid.)
3510 5652 3522 5662 _
3555 5649 3594 5662 η
3723 5651 3754 5662 η

2476 5651 2552 5718 (Ξ)
2590 5667 2606 5699 ι
2647 5648 2950 5719 Tricesimo
2994 5652 3156 5702 tertio
3187 5648 3334 5704 anno
3373 5652 3523 5719 regni
3555 5649 3788 5705 llerodis
3820 5659 3989 5707 natus

2407 5717 2493 5774 est
2538 5720 2718 5774 Jesns.
2778 5717 3081 5773 Tricesimo
3116 5723 3308 5788 quinto
3347 5717 3694 5776 advenerunt
3737 5721 3806 5775 ad
3848 5737 3982 5776 eum

2411 5791 2571 5854 Magi,
2599 5800 2654 5843 ct
2691 5789 2971 5842 tricesimo
2993 5794 3227 5857 septimo
3260 5801 3516 5849 mortuus
3545 5802 3629 5848 cst
3669 5792 3987 5848 Herodes.)

2413 5861 2631 5932 (Epiph.
2666 5860 2865 5915 Contra
2895 5859 3132 5931 Δίωνος.)
