4212 6430
197 460 302 524 673

1144 459 1748 521 ΕΟΟΙΕΞῐᾹδΤῐΟΕ
1790 458 2180 518 HISTORLE
2223 459 2365 520 LIB.
2407 459 2452 519 ῐ.

3311 463 3444 526 στι

198 573 257 627 τὸ
297 571 510 624 παιδίον
540 566 807 639 καῖπαρὰ
829 573 919 624 τὸν
952 572 1046 641 τῆς
1083 573 1297 642 ἡλικίας
1336 573 1526 642 χρόνον
1555 573 1764 625 διαλλό-

1873 572 1924 624 iu
1955 572 2142 626 Judma
2171 573 2434 626 euntibus
2461 584 2777 628 evanuerat.
2810 575 3125 630 AJntodum
3148 591 3278 631 sane
3299 578 3437 642 laati.

201 682 366 733 μενον
390 665 578 734 ὥσπερ
607 667 701 718 καὶ
725 665 927 729 συνιὲν,
956 664 1053 736 τὴν
1108 665 1352 731 δεξίωσιν
1406 683 1462 719 τε
1492 664 1627 734 ὁμοῦ
1683 667 1775 718 καὶ

199 756 574 826 προσκύνησιν
599 757 709 810 τῶν
753 758 958 824 Μάγων
986 757 1246 827 προσίετο
1270 774 1284 788 ο
1317 759 1454 825 πρὸς
1484 759 1537 810 δὲ
1567 757 1660 810 καὶ
1708 758 1777 810 τὰ

197 849 346 917 δῶρα
378 849 412 902 ἃ
437 849 530 901 καὶ
562 849 694 903 Θεὸν
732 849 920 917 ἐδήλου
947 848 1137 902 τοῦτον
1173 851 1264 901 καὶ
1297 849 1521 916 βασιλέα
1549 864 1562 879 ⁶
1617 848 1774 902 τοῦτο

197 946 307 1014 γὰρ
339 943 616 1004 ἐϐούλετο,
644 944 704 996 τὸ
732 944 831 1012 μὲν
884 947 911 996 ὀ
940 945 1160 1013 χρυσὸς,
1213 944 1337 996 τὸδ’
1367 947 1393 997 ὁ
1446 944 1663 1007 λίϐανος
1690 961 1701 973 ·
1741 948 1772 1014 ὴ

197 1040 252 1090 δὲ
282 1038 498 1107 σμύρνα
546 1037 645 1104 τὴν
679 1037 743 1088 δι’
779 1039 876 1106 ἐμὲ
931 1037 1197 1106 νέκρωσιν
1236 1038 1627 1108 προγράφουσα
1683 1055 1769 1106 ην.

209 1129 554 1199 Ἀρκούντως
585 1126 678 1182 οὖν
715 1129 1360 1199 καταπροσκυνήσαντες,
1407 1130 1499 1183 καὶ
1561 1128 1773 1197 περιδε-

197 1220 324 1284 ξξως
347 1220 850 1290 κατασπασάμενοι,
880 1221 972 1272 καὶ
1012 1220 1086 1281 ὡς
1120 1218 1245 1271 Υἱὸν
1270 1218 1403 1271 Θεοῦ
1430 1221 1524 1272 καὶ
1551 1218 1771 1288 βασιλέα

196 1309 306 1360 τῶν
335 1310 472 1361 ὅλων
506 1311 882 1379 τετιμηκότες,
910 1311 968 1363 ἐν
1014 1310 1091 1378 τῷ
1119 1308 1467 1378 καταλύματι
1491 1309 1772 1361 διανυκτε-

198 1400 391 1468 ρεῦσαι
414 1401 524 1453 δεῖν
554 1400 793 1475 ἔκριναν,
815 1401 1089 1454 οἰκείωσιν
1109 1400 1306 1452 ὡσανεὶ
1335 1400 1432 1468 τὴν
1452 1399 1582 1469 πρὸς
1608 1401 1771 1453 αύτδν

193 1495 394 1563 ἐξόχως
437 1493 767 1562 Θηρώμενοι,
827 1494 920 1545 καὶ
979 1493 1138 1560 τίμια
1195 1491 1444 1544 ἐντεῦθεν
1501 1494 1578 1553 ὡς
1624 1490 1769 1552 εἰκὸς

191 1589 378 1650 αὐτοῖς
421 1587 872 1655 μνηστευόμενοι.
898 1584 1034 1637 Κατ’
1069 1585 1284 1652 ἐκείνην
1330 1584 1385 1634 δὲ
1450 1583 1549 1653 τὴν
1599 1582 1771 1634 νύκτα

189 1680 286 1733 τοῦ
313 1679 630 1748 δδηγοῦντος
663 1680 843 1740 αὐτοῖς
879 1677 1110 1744 ἀγγέλου
1155 1677 1480 1745 χρήσαντος,
1541 1675 1615 1736 ὡς
1679 1673 1773 1742 βά-

193 1787 397 1824 σκανον
424 1771 515 1822 τὸν
554 1770 800 1839 Ἡρώδην
844 1771 1248 1838 παραδραμεῖν,
1308 1767 1378 1820 δι’
1424 1767 1594 1835 ἄλλης
1649 1764 1769 1818 ὁδοῦ

190 1866 331 1935 πρὸς
365 1866 432 1918 τὰ
465 1865 638 1916 οἰκεῖα
671 1862 1074 1931 ὲπανέρτρεφον
1104 1861 1230 1930 ἤθη,
1262 1859 1337 1922 ὡς
1371 1858 1436 1913 ἂν
1463 1857 1766 1912 διδάσκαλοι

187 1961 332 2028 πρὸς
358 1961 520 2027 ταχος
544 1960 632 2033 τῇ,
656 1956 878 2023 Περσῶν
908 1955 1266 2021 ὲκπεμφθῶσι
1327 1953 1478 2023 χώρᾳ
1504 1969 1517 1983 ·
1571 1953 1664 2004 καὶ
1729 1953 1761 2022 ή

186 2051 288 2105 τοῦ
329 2051 598 2122 τυράννου
656 2049 888 2119 διακοπῇ
933 2050 1120 2117 μανία,
1155 2048 1246 2099 καὶ
1281 2046 1443 2116 μάθοι
1484 2043 1766 2113 ἀνηνύτοις

187 2146 517 2217 ἐπιχειρῶν.

1878 675 2038 734 atque
2062 664 2370 718 incredibili
2402 665 2680 734 voluptate
2705 667 2918 735 repleti,
2959 685 3178 722 rursum
3209 670 3436 724 ductum

1877 756 2026 810 illius
2059 766 2388 824 sequuntur.
2424 756 2715 826 Postquam
2750 768 2929 813 autem
2965 761 3118 814 stella
3149 777 3313 831 supra
3346 764 3440 816 ilo-

1878 848 2188 902 muuculam
2226 848 2504 913 constitit,
2541 859 2594 903 et
2632 851 2787 918 quasi
2837 851 2955 905 loco
2999 851 3210 907 ﬁrmius
3256 853 3440 914 aﬂixa.

1877 938 2098 991 immota
2144 941 2483 1007 permansit.
2533 941 2625 995 ubi
2668 942 2879 997 scilicet
2921 953 2975 996 et
3011 955 3183 1000 mater
3227 947 3342 1016 ipsa
3386 960 3438 1001 et

1876 1032 2254 1088 divinissimus
2285 1035 2403 1104 ejus
2441 1033 2585 1088 filius
2618 1044 2778 1089 erant
2808 1056 2819 1090 :
2855 1037 2960 1106 77
2988 1038 3059 1090 ibi
3096 1040 3266 1094 latere
3296 1041 3439 1108 quod

1875 1125 2230 1194 qurrebant,
2275 1136 2425 1180 recte
2469 1127 2878 1190 existimantes.
2923 1130 3138 1199 longius
3190 1133 3440 1202 progredi

1874 1217 2255 1284 supersedent.
2309 1219 2378 1274 Ut
2422 1229 2604 1273 autem
2650 1220 2704 1274 in
2756 1221 2977 1276 domum
3027 1233 3153 1278 sunt
3187 1225 3441 1294 ingressi,

1875 1319 2104 1362 matrem
2138 1319 2192 1362 et
2225 1325 2456 1378 puerum
2495 1325 2922 1380 conspexerunt,
2959 1316 3010 1370 in
3046 1316 3302 1380 obscura.
3339 1318 3443 1371 liu-

1873 1397 1987 1451 mili
2023 1409 2076 1452 et
2113 1415 2351 1468 paupere
2388 1416 2513 1455 casa
2565 1401 2852 1465 viventes.
2891 1415 2946 1459 et
2978 1406 3029 1458 in
3064 1408 3226 1461 rebus
3260 1410 3440 1462 omni-

1874 1490 1979 1546 bus
2031 1489 2100 1545 ad
2178 1508 2446 1546 summam
2511 1495 2905 1563 parcimoniam
2968 1505 3023 1550 et
3072 1498 3439 1569 frugalitatem

1874 1586 2008 1640 nihil
2034 1585 2226 1655 reliqui
2259 1587 2545 1642 facientes.
2571 1591 2637 1642 At
2665 1605 2801 1656 puer
2826 1590 2962 1659 ipse,
2997 1602 3196 1660 praeter
3223 1603 3437 1649 aetatem

1872 1678 2024 1747 quasi
2068 1673 2386 1744 exsultans,
2435 1691 2487 1733 ct
2540 1681 2851 1751 intelligens
2902 1686 3279 1753 exceptionem
3321 1689 3438 1741 olli-

1871 1771 2149 1840 ciumque,
2175 1772 2320 1840 quod
2346 1788 2441 1840 per
2468 1773 2786 1828 dextrarum
2819 1779 3225 1846 porrectionem
3252 1781 3434 1844 fiebat.

1873 1862 2361 1932 adoratiouemque
2399 1863 2699 1934 Magorum,
2733 1877 2788 1921 et
2816 1883 3044 1922 munera
3085 1869 3213 1923 item
3245 1885 3435 1924 eorum

1875 1956 2219 2025 agnoscendo
2251 1955 2594 2016 admittebat.
2626 1973 2747 2025 quae
2780 1973 3012 2014 munera
3050 1960 3217 2014 Deum
3258 1962 3431 2031 ipsum

1873 2058 1929 2102 et
1983 2063 2164 2117 regem
2219 2062 2343 2102 esse
2394 2048 2750 2103 declarabant
2797 2050 2910 2119 (l):
2965 2052 3111 2106 hunc
3162 2054 3433 2136 siquidem
3523 2107 3530 2114 .

1875 2155 2096 2203 aurum,
2128 2139 2281 2194 illum
2307 2147 2490 2195 autem
2516 2141 2643 2196 thus
2671 2142 2985 2197 indicabat:
3018 2146 3237 2216 myrrha
3271 2162 3434 2215 porro

190 2248 458 2304 mortem,
509 2253 628 2293 mea
671 2251 833 2290 causa
882 2244 1190 2303 susceptam
1244 2232 1625 2287 adumbrabat.
1662 2232 1766 2288 Sed
1808 2232 1954 2286 enim
1991 2247 2114 2287 cum
2183 2248 2331 2297 eum,
2367 2249 2467 2303 pro
2531 2250 2597 2288 eo
2626 2244 2790 2304 atque
2820 2252 3033 2305 :equum
3069 2238 3266 2304 fuerat,
3300 2241 3434 2297 ado-

188 2337 416 2390 ratione
467 2314 746 2404 prosecuti
790 2342 1012 2395 essent,
1046 2331 1347 2400 dextreque
1417 2329 1710 2384 admodum
1748 2337 1803 2384 ct
1841 2329 2124 2399 auspicato
2174 2329 2536 2392 salutassent,
2578 2339 2632 2386 et
2696 2342 2758 2386 ut
2797 2333 2994 2388 Filium
3040 2334 3130 2390 Dei
3164 2346 3220 2391 et
3254 2354 3433 2392 rerum

185 2435 442 2490 omnium
467 2448 650 2503 regem
679 2433 1065 2493 honorassent.
1092 2430 1144 2483 in
1177 2430 1294 2498 ipso
1317 2418 1626 2483 diversorio
1687 2428 1792 2483 sibi
1835 2428 2268 2496 pernoctandum
2343 2445 2464 2484 esse
2500 2438 2848 2495 statuerunt,
2901 2442 3158 2502 tanquam
3201 2434 3435 2493 familia-

186 2548 307 2587 rem
356 2546 482 2586 cum
527 2545 595 2585 eo
635 2504 1094 2584 consuetudinem
1147 2527 1390 2582 studiose
1437 2526 1760 2592 ambientes,
1801 2535 1856 2580 et
1928 2526 2187 2580 eximium
2234 2525 2496 2597 quiddam
2570 2527 2705 2597 ipsis
2740 2528 2922 2596 (sicuti
2959 2530 3215 2600 decebat)
3251 2535 3434 2590 conci-

184 2629 327 2683 liare
370 2628 680 2683 studentes.
728 2626 833 2680 Sed
865 2626 1012 2680 enim
1052 2641 1114 2678 ea
1156 2624 1271 2694 ipsa
1312 2632 1475 2678 nocte
1519 2623 1767 2692 angelus,
1840 2626 1931 2691 qui
1993 2621 2104 2676 dux
2139 2622 2238 2677 vite
2269 2638 2459 2677 eorum
2496 2623 2694 2690 fuerat,
2727 2625 2852 2679 illos
2878 2628 3102 2681 oraculo
3128 2628 3433 2692 admonuit.

185 2736 250 2778 ut
280 2724 516 2779 Herodis
539 2722 706 2776 invidi
737 2735 1094 2790 congressum
1134 2719 1408 2789 fugerent.
1433 2720 1508 2773 Ila
1535 2719 1760 2783 factum,
1800 2727 1857 2771 ut
1889 2733 1985 2787 per
2037 2718 2198 2772 aliam
2263 2718 2404 2772 viam
2429 2719 2482 2772 in
2505 2734 2660 2773 suam
2687 2731 3101 2777 reverterentur
3126 2710 3431 2794 regionem.

183 2821 471 2882 videlicn.
501 2828 743 2888 utquam
782 2817 1070 2871 celerrime
1096 2816 1150 2869 in
1177 2815 1466 2871 Persarum
1522 2815 1799 2884 regionem
1839 2816 2094 2867 doctores
2150 2824 2205 2868 et
2236 2813 2412 2868 nuntii
2474 2822 2638 2868 tanta:
2663 2816 2739 2870 rei
2766 2819 3037 2880 venirent.
3062 2829 3117 2873 et
3147 2830 3431 2888 pneterea.

186 2927 250 2971 ut
302 2915 520 2987 tyranni
575 2913 923 2968 inhiberctur
974 2912 1164 2980 furor.
1217 2911 1488 2982 simulque
1539 2923 1598 2964 ut
1649 2911 1763 2982 ipsc
1800 2920 2057 2966 conatum
2127 2925 2185 2966 se
2225 2925 2380 2978 esse.
2451 2926 2573 2981 quae
2612 2912 2798 2982 perfici
2834 2929 2942 2968 non
2979 2929 3236 2987 possent,
3273 2919 3435 2976 intel-

178 3010 405 3081 ligeret.

794 3121 1043 3185 ΚΕΦᾹΛ.
1069 3130 1172 3184 1Δ’.

179 3229 330 3292 Περὶ
361 3228 474 3292 τῆς
500 3229 586 3290 εις
609 3227 909 3293 Αιγυπτον
940 3224 1048 3277 τοῦ
1088 3222 1364 3287 Σωτῆρος
1392 3220 1590 3293 φυγῆς
1610 3237 1623 3251 ο
1661 3223 1757 3293 καῖ

252 3290 337 3364 ὦς
372 3290 626 3365 Ἡρώδης
649 3290 720 3349 τὸ
747 3296 816 3348 ἐν
852 3296 1123 3365 Βηθλεὲμ
1150 3293 1348 3362 βρέφη
1386 3292 1624 3365 ἀνεῖλες
1660 3290 1759 3365 καὶ

254 3359 392 3435 πὲρι
431 3359 558 3420 ’τοῦ
579 3359 958 3435 στροδρόμουγ
983 3359 1300 3435 Ἰωᾶννουλ
1361 3363 1456 3435 καξ
1491 3361 1621 3435 περ)
1651 3359 1762 3435 τῆς

260 3432 344 3490 ἑν-
364 3439 446 3501 τῷ
475 3432 755 3501 ἱεριῖγντοῦ
807 3434 1078 3500 Σωτῆρος
1128 3432 1550 3498 διδασκαλίας,
1580 3433 1763 3499 ἡνίκα

250 3510 489 3562 δώδεκα
511 3506 661 3560 ἑτῶν
683 3503 780 3575 ἦν.

261 3621 441 3691 Ὀμοῦ
469 3625 650 3674 τοίνυν
682 3623 746 3690 τῇ
777 3623 884 3672 τῶν
915 3606 1121 3686 Μάγων
1178 3618 1341 3685 ἐξόδῳ
1403 3617 1498 3667 καὶ
1564 3615 1760 3684 Ἰωσὴφ

178 3717 309 3772 κατ’
330 3718 466 3784 δναρ
521 3714 939 3784 ἐχρηματίζετο,
986 3711 1153 3780 μηδὲν
1209 3710 1497 3779 μελλῆσαι,
1525 3709 1660 3761 ἀλλὰ
1698 3725 1761 3774 γε

175 3813 282 3879 τὴν
319 3810 534 3878 μητέρα
591 3806 771 3858 καὶτὸ
837 3804 1045 3856 παιδίον
1093 3801 1512 3869 ἀναλαμϐάνειν,
1570 3801 1666 3854 κα)⁸
1713 3793 1769 3853 οἷ

178 3905 365 3958 ποδῶν
391 3904 561 3969 ἔχειν,
589 3901 646 3961 ἐς
698 3899 974 3965 Αἴγυπτον
1005 3895 1100 3966 τὴν
1134 3895 1429 3964 φυγαδεὶαν
1467 3896 1638 3964 ἱστᾷν,
1669 3896 1762 3948 τὸν

177 3998 344 4063 φονον
375 3993 472 4047 τοῦ
509 3992 775 4059 τυράννου
804 3988 1244 4056 διαδιδράσκοντα
1271 4003 1284 4017 ’
1315 3989 1534 4039 κάκεῖσε
1569 3987 1630 4053 δὴ
1663 3989 1763 4048 τὰς

174 4086 468 4157 διατριϐὰς
490 4085 652 4153 ἔχειν,
674 4082 832 4150 ἄχρις
851 4080 915 4133 ἂν
942 4081 969 4132 ὁ
985 4081 1080 4133 τοῦ
1101 4080 1310 4134 παιδίου
1334 4079 1512 4146 ζητῶν
1539 4080 1638 4146 τὴν
1658 4079 1752 4147 ψυ-

175 4183 304 4250 χὴν,
337 4179 442 4246 τὴν
480 4175 617 4228 ἰδίαν
637 4174 816 4242 ψυχὴν
841 4171 1230 4242 ἀπερεύξηται.
1249 4171 1307 4224 ’0
1329 4172 1425 4240 μὲν
1444 4170 1762 4240 οὒνέΊωσὴφ

175 4270 359 4332 οὕτως
377 4266 684 4319 εποίειοκαὶ
709 4265 800 4316 ἰπὶ
819 4264 946 4328 τρὶα
977 4262 1068 4333 ἔτη
1096 4263 1154 4314 ὲν
1185 4262 1443 4330 Αἰγύπτῳ
1467 4265 1563 4331 τὴν
1590 4279 1763 4328 φυγα-

175 4364 334 4416 δεὶαν
366 4357 556 4412 ἐτίθει.
579 4359 650 4410 Οὐ
685 4355 861 4422 πολλῷ
882 4354 926 4408 δ’
948 4353 1172 4425 ὕστερον
1198 4354 1289 4407 τοῦ
1320 4353 1556 4421 Ἡρώδου
1576 4355 1634 4404 τὸ
1665 4357 1763 4423 ζῇν

174 4452 430 4524 αἰσχρῶς
465 4449 895 4519 ἁπορῤήξαντος,
920 4445 1071 4508 αὖθις
1099 4445 1516 4515 χρηματισθεὶς,
1546 4445 1758 4512 σύναμα
1790 4460 1838 4519 D

176 4549 245 4612 τῇ
289 4543 462 4612 μητρὶ
489 4541 583 4594 καὶ
637 4539 715 4606 τῷ
761 4539 1029 4606 ὑπερφυεῖ
1079 4536 1284 4604 τοκετῷ
1338 4538 1415 4598 εἰς
1464 4535 1560 4603 τὴν
1625 4537 1761 4587 ἰδίαν

174 4635 338 4699 αὖθις
371 4632 706 4700 προσεφοὶτα
739 4630 994 4698 πατρίδα.
1026 4629 1094 4680 Ὅ
1125 4645 1184 4696 γε
1216 4628 1321 4697 μὴν
1363 4627 1608 4696 Ἡρώδης
1643 4627 1757 4678 δια-

177 4727 413 4799 μαρτὼν
448 4726 542 4777 τοῦ
572 4723 794 4784 σκοποῦ,
827 4723 950 4784 τοὺς
981 4721 1373 4786 διαπαίξαντας
1415 4719 1756 4787 ἀμυνόμενος

173 4824 411 4891 Μάγους
448 4820 541 4872 καὶ
578 4817 664 4869 διὰ
688 4816 746 4869 τὸ
769 4817 866 4885 τῆς
901 4815 1076 4884 ἀρχῆς
1109 4813 1246 4877 δέος,
1281 4812 1421 4865 κατά
1451 4811 1558 4863 τῶν
1607 4811 1757 4862 οὐδὲν

168 4915 535 4989 ἠδικηκότων
571 4909 772 4962 παίδων
801 4908 921 4960 ὅλον
963 4907 1054 4958 τὸν
1100 4905 1268 4973 Θυμὸν
1326 4905 1608 4973 ἐκρήσσει,
1664 4902 1759 4953 καὶ

172 5008 321 5062 κατὰ
348 5005 533 5070 πάσης
563 5001 710 5070 ὁρμᾷ
735 4999 829 5069 τὴς
854 4997 1064 5065 φύσεως
1085 5035 1099 5058 ,
1132 4995 1225 5047 καὶ⁵
1260 4993 1385 5056 τοὺς
1417 4995 1472 5044 ἐν
1513 4989 1760 5060 Βηθλεὲμ

169 5102 433 5158 ἅπαντας
464 5094 654 5154 παῖδας
689 5092 794 5144 ἀπὺ
824 5088 1050 5150 διετοῦς,
1085 5087 1179 5138 καὶ
1239 5086 1481 5148 ἔλαττον,
1542 5081 1761 5134 ἐθέσπι-

169 5192 269 5255 ζεν
302 5188 584 5254 ἀναιρεῖν,
629 5185 686 5236 ὲν
743 5185 809 5251 τῇ
856 5182 1005 5249 κοινῇ
1061 5178 1168 5230 τῶν
1226 5175 1531 5229 ἀνευθύνων
1578 5175 1758 5242 σφαγῇ

170 5279 500 5333 συνανελεῖν
511 5275 603 5328 καὶ
622 5275 711 5327 τὸν
731 5272 986 5340 ὲπίζηλον
1003 5271 1216 5331 πάντως
1238 5268 1478 5336 οἰόμενος
1503 5281 1516 5296 ⁸
1543 5265 1760 5334 θρηνεῖν

170 5373 398 5428 πάντας
440 5364 508 5436 (ὣ
531 5365 631 5434 τῆς
680 5359 1055 5429 ἀναλγησίαςῑ
1092 5359 1111 5426 )
1178 5353 1626 5426 παρασκευάσας,
1693 5349 1759 5404 ἵν’

249 5551 332 5620 (l)
366 5549 555 5616 Regem
596 5543 865 5620 Deumque
909 5540 1230 5620 annuntiant

361 5612 658 5672 Tlfesaurus
697 5623 742 5664 et
782 5612 1028 5681 fragrans
1061 5612 1189 5662 odor

363 5688 550 5743 Thuris
579 5684 754 5743 Sabei.
792 5690 846 5732 at
889 5681 1158 5749 myrrheus

363 5757 547 5812 Pulvis
573 5753 872 5823 sepulcrum
917 5751 1190 5823 prwdocet.

1004 5821 1084 5888 (PI
1108 5819 1404 5887 t'Dt-TNTIL'S.)

252 5901 335 5961 (Ξ)
368 5896 609 5962 Biennii,
641 5893 909 5963 Epiphan.

2445 3123 2670 3180 CAPUT
2710 3125 2850 3180 XIV.

1862 3217 1938 3271 De
1969 3218 2092 3285 fuga
2119 3219 2415 3291 ξεῖνοιοώ
2445 3220 2511 3291 in_
2541 3219 2849 3291 zEgyptum.
2886 3230 2936 3274 et
2973 3223 3108 3274 cwde
3141 3223 3432 3291 infantum,

1931 3305 2086 3356 quam
2120 3288 2348 3342 Herodes
2375 3289 2427 3340 in
2477 3288 2738 3342 Bethleem
2782 3290 2940 3357 fecit;
2985 3294 3048 3343 de
3097 3288 3433 3347 Prrrcursore

1929 3357 2153 3432 Joanne.
2178 3369 2226 3411 et
2257 3360 2318 3411 de
2344 3363 2583 3413 doctrina
2611 3360 2909 3416 Senatoris
2955 3363 3011 3416 in
3046 3363 3262 3432 templo.
3311 3381 3432 3418 cum

1931 3429 2200 3482 duodecim
2232 3439 2362 3482 esset
2386 3445 2668 3485 annorum.

1936 3610 2044 3680 78
2073 3609 2130 3664 In
2165 3610 2281 3679 ipsa
2316 3625 2534 3679 quoque
2574 3610 2857 3678 Magorum
2905 3612 3181 3676 abitione,
3225 3615 3430 3682 Ioseph

1865 3705 1918 3758 in
1952 3704 2160 3758 somnis
2201 3703 2427 3757 oraculo
2458 3702 2649 3756 divino
2690 3703 3005 3758 admonitus
3047 3715 3153 3766 est.
3199 3718 3258 3762 ut
3292 3710 3431 3763 citra

1863 3809 2070 3847 moram
2108 3801 2164 3847 et
2196 3792 2627 3851 cunctationem.
2661 3803 2834 3848 matre
2876 3803 2931 3849 et
2963 3811 3134 3864 puero
3171 3801 3429 3867 receptis.

1863 3901 1972 3955 quo
2006 3884 2220 3954 tyranni
2254 3883 2458 3939 caedem
2488 3886 2741 3950 evitaret,
2773 3887 3028 3942 celeriter
3058 3888 3112 3942 in
3137 3889 3429 3961 Aigyptum

1863 3978 2177 4048 profugeret
2204 4018 2218 4042 .
2254 3978 2439 4047 ibique
2476 3988 2585 4032 tam
2627 3978 2721 4032 diu
2756 3989 3088 4042 moraretur.
3128 3982 3308 4038 donec
3335 3985 3428 4053 qui

1863 4070 2021 4141 pueri
2053 4071 2248 4124 animae
2280 4069 2660 4136 insidiaretur,
2701 4070 2818 4139 ipse
2852 4071 3090 4126 animam
3124 4075 3427 4130 exhalaret.

1863 4162 1930 4216 Et
1977 4161 2177 4229 Joseph
2224 4159 2447 4228 quidem
2500 4160 2552 4214 id
2599 4160 2762 4226 facit,
2809 4162 3142 4232 trienniique
3174 4165 3248 4232 (ἓ)
3285 4165 3428 4235 apud

1864 4253 2147 4325 Egyptios
2176 4253 2428 4308 exsilium
2466 4254 2684 4308 tolerat.
2717 4254 2827 4308 Nec
2861 4256 3033 4309 multo
3071 4266 3194 4324 post
3257 4256 3429 4312 llero-

1865 4347 1961 4400 des
1997 4347 2231 4415 turpiter
2264 4345 2430 4398 vitam
2472 4345 2629 4400 finit:
2662 4355 2715 4399 et
2745 4347 2947 4415 Joseph
2985 4365 3201 4401 rursum
3237 4349 3429 4404 divino

1865 4451 2127 4504 responso
2169 4436 2564 4496 commonitus.
2600 4452 2707 4488 una
2747 4452 2870 4490 cum
2942 4449 3114 4492 matre
3153 4439 3223 4506 {et
3264 4456 3427 4509 supra

1868 4539 2075 4584 natura:
2123 4537 2341 4596 captum
2389 4527 2574 4596 genito
2621 4527 2767 4589 ﬁlio.
2819 4528 2870 4579 in
2923 4543 3077 4582 suam
3130 4534 3429 4584 revertitur

1871 4621 2098 4690 patriam
2143 4621 2241 4687 (5).
2293 4619 2590 4672 Enimvero
2652 4618 2920 4682 llcrodcs.
2975 4635 3098 4673 cum
3150 4631 3278 4675 voto
3328 4638 3430 4678 suo

1864 4709 2178 4771 excidisset.
2212 4718 2563 4775 cceptumque
2592 4708 2642 4761 ei
2674 4707 2962 4760 consilium
2998 4709 3182 4764 minus
3211 4726 3431 4766 succes-

1861 4803 2043 4865 sisset.
2079 4816 2201 4855 cum
2232 4799 2485 4853 vindictae
2517 4800 2568 4852 in
2603 4799 2784 4868 Magos
2812 4801 3136 4868 cupiditate,
3169 4817 3196 4854 a
3225 4803 3429 4868 quibus

1861 4893 1966 4948 sibi
2000 4893 2217 4947 illusum
2250 4906 2370 4945 esse
2401 4891 2660 4960 putabat.
2706 4891 2990 4956 inccusus,
3025 4903 3138 4946 tum
3183 4894 3430 4962 periculo

1864 4985 2014 5053 regni
2075 4985 2358 5038 amittendi
2411 4986 2716 5040 concitatus
2764 4994 2952 5039 contra
3008 4985 3282 5044 infantes.
3329 4986 3426 5054 qui

1865 5075 1999 5129 nihil
2032 5076 2080 5128 ei
2108 5075 2320 5144 injuria:
2345 5073 2680 5145 intulissent,
2710 5073 3140 5149 indignationem
3174 5075 3425 5142 iramque

1865 5183 2080 5222 omnem
2110 5167 2334 5230 evomit,
2361 5175 2417 5219 et
2438 5165 2702 5220 adversus
2726 5151 2977 5245 naturam
3002 5181 3215 5219 omnem
3245 5167 3428 5219 insur-

1865 5259 1964 5329 git.
2014 5257 2496 5312 Betlilehemiticos
2539 5257 2619 5328 (4)
2668 5257 2813 5311 enim
2867 5272 3066 5324 pueros
3115 5257 3426 5322 universos,

1865 5350 1961 5419 qui
2027 5348 2215 5402 bimuli
2276 5348 2646 5402 tenerioresve
2695 5357 2913 5412 essent,
2973 5349 3157 5401 edicto
3218 5348 3429 5400 interti-

1940 5529 2016 5596 (ῗῖ)
2051 5527 2250 5582 Aitatis
2277 5523 2477 5596 Christi
2508 5538 2650 5576 anno
2696 5534 2850 5576 sexto
2883 5523 2998 5578 fere
3030 5523 3321 5596 completo.

1930 5594 2007 5666 (Ii)
2043 5617 2059 5649 ι
2101 5600 2376 5666 Augustus
2401 5594 2601 5666 Czcsar.
2632 5607 2753 5666 cum
2804 5596 3067 5666 audisset,
3109 5595 3252 5646 inter
3281 5609 3420 5666 pue-

1861 5662 2141 5737 ros.'quos
2190 5662 2444 5737 iuASyria
2497 5662 2745 5737 llerod‘es
2801 5679 2890 5715 rex
2931 5663 3242 5737 Judteorum
3281 5663 3421 5737 intra

1859 5733 2306 5805 bimatumjussit
2338 5733 2593 5805 interfici.
2648 5733 2817 5805 lilium
2851 5747 3068 5800 quoque
3116 5733 3236 5801 ejus
3278 5735 3424 5785 occi-

1859 5824 2003 5873 Sum,
2037 5811 2108 5860 ait
2139 5802 2155 5860 Ξ
2183 5806 2372 5860 Melius
2401 5815 2482 5858 cst
2537 5802 2767 5873 Herodis
2795 5817 2912 5854 esse
2953 5815 3201 5869 porcum,
3258 5817 3422 5872 quam

1859 5871 2050 5932 lilium.
2097 5895 2116 5930 ι
2156 5876 2410 5947 (Macrob.
2441 5875 2535 5929 lib.
2573 5888 2628 5937 ιι,
2663 5871 2883 5925 Saturn.
2914 5886 3030 5940 cap.
3063 5873 3140 5936 4.)
