4212 6430
807 398 913 464 675

2018 391 2442 454 NICEPHORI
2483 392 2825 453 CALLISTI

3941 400 4056 471 676

810 512 1038 569 ciendos
1066 509 1242 565 sancit
1268 526 1280 560 :
1310 507 1361 560 in
1389 503 1669 560 communi
1704 511 1761 565 υι
1794 502 2086 558 universali
2115 503 2378 555 innocen-
2404 506 2441 564 Α

2482 503 2690 565 ἐκεῖνος
2709 502 2875 571 φόϐου
2908 501 3040 572 λυθῇ
3071 516 3084 530 ⁶
3121 500 3218 571 τὴν
3239 501 3348 572 γάρ
3378 503 3632 574 ἐπιτολὴν
3673 505 3766 557 τοῦ
3817 506 4055 577 ἀστέρος

811 606 947 658 tium
982 603 1146 665 caede,
1189 599 1347 654 simul
1377 599 1690 652 occisurum
1724 610 1781 648 se
1814 610 1936 649 esse
1962 610 2112 659 enni,
2145 595 2232 646 cui
2273 609 2369 662 per

810 692 1213 748 aemulationem
1254 690 1481 744 insidias
1517 686 1785 748 struebat,
1814 685 2173 739 existimans:
2208 695 2264 738 et
2292 684 2368 752 (l)

808 789 996 856 lugere
1038 784 1353 855 ejulareque
1397 796 1588 833 omnes
1621 781 1758 833 alios
1793 778 1949 847 (proh
1986 778 2261 830 hominem
2303 775 2370 828 ab

809 880 956 934 omni
984 874 1371 930 misericordia:
1398 871 1869 940 humanitatisque
1892 885 2054 924 sensu
2086 867 2368 938 alienum!)

810 972 1019 1033 volens,
1055 979 1112 1021 ut
1148 969 1264 1036 ipse
1297 965 1457 1019 modo
1490 973 1635 1016 metu
1667 962 1814 1016 omni
1845 963 2140 1016 levaretur.
2170 958 2373 1014 Obser-

808 1071 1028 1115 vaverat
1064 1060 1109 1112 is
1135 1066 1287 1110 certo
1322 1057 1491 1107 stellae
1525 1063 1798 1114 exortum,
1827 1051 1974 1120 quod
1998 1066 2118 1105 eam
2146 1050 2369 1103 biennio

808 1164 934 1207 ante
967 1168 993 1203 a
1026 1167 1082 1204 se
1121 1151 1172 1202 in
1204 1148 1426 1202 Perside
1461 1149 1630 1199 visam
1671 1144 1811 1212 Magi
1851 1142 2145 1207 dixissent,
2205 1155 2371 1211 atque

810 1246 933 1299 imle
984 1244 1298 1312 conjectura
1348 1250 1605 1307 accepta,
1655 1249 1805 1291 extra
1849 1252 2072 1291 sensum
2123 1235 2370 1290 affectio-

810 1349 1044 1403 nemque
1094 1349 1312 1386 onmem
1367 1333 1612 1400 positus,
1661 1329 1897 1382 infantes
1932 1328 2369 1383 contrucidavit:

810 1426 955 1495 quod
1003 1427 1244 1494 profecto
1276 1422 1545 1491 quispiam
1585 1436 1651 1475 ne
1683 1420 1947 1474 adversus
1977 1421 2212 1499 inanima
2252 1421 2372 1489 qui-

810 1519 931 1571 dem
977 1515 1329 1568 commiserit.
1365 1511 1576 1580 Quippe
1621 1512 1842 1565 tenellas
1894 1513 2106 1580 plantas
2151 1511 2370 1580 conspi-

811 1611 992 1674 ciens,
1026 1623 1124 1676 per
1156 1604 1689 1659 connniserationem
1734 1604 1801 1658 ab
1844 1604 1924 1657 eis
1964 1604 2279 1657 excidendis
2310 1618 2369 1657 sc

810 1700 1150 1760 abstineret,
1200 1711 1377 1764 neque
1425 1711 1649 1764 carpere
1699 1698 1782 1764 (ut
1829 1695 1904 1748 ita
1942 1695 2194 1764 dixerim)
2245 1712 2368 1766 per-

806 1801 979 1860 geret,
1012 1804 1131 1858 qua:
1175 1788 1568 1856 comprehendi
1602 1803 1711 1840 non
1756 1798 2001 1858 possent.
2045 1789 2215 1842 Porro
2244 1805 2366 1843 eam

2473 592 2726 660 ἠκρίῧου,
2759 594 2864 663 πρὸ
2893 593 2988 646 δύο
3037 595 3263 647 ἐκείνων
3295 596 3430 648 ἐτῶν
3474 599 3531 647 ὲν
3590 599 3812 666 Περσίδι
3865 594 4058 668 ὦφθαι

2472 684 2661 738 τοῦτον
2690 685 2799 738 τῶν
2829 687 3036 754 Μάγων
3058 689 3320 739 εἰπόντων
3342 704 3355 718 ·
3382 689 3477 755 ἀφ’
3507 685 3565 743 οὗ
3588 692 4052 760 τεκμαιρόμενος.

2473 777 2712 844 ἀνοήτως
2742 776 2932 847 ἀνῄρει
2962 779 3028 830 τὰ
3057 778 3260 849 βρέφη.
3299 781 3362 833 Ὀ
3397 782 3492 832 καὶ
3524 782 3605 842 είς
3643 783 3825 853 ἄψυχα
3852 784 4058 852 δρᾶσαί

2472 884 2554 930 τις
2580 867 2644 920 ἂν
2683 869 2960 936 ἐφείσατο,
3005 873 3099 922 καὶ
3143 874 3313 944 νεαρὰ
3348 873 3490 939 φυτὰ
3529 873 3764 943 βλέπων,
3815 876 4056 945 ἠλέησεν

2471 960 2743 1028 ἐκτεμεῖν,
2781 960 3010 1028 διώκων,
3047 963 3120 1024 ὠς
3155 964 3222 1017 ἄν
3264 982 3346 1026 τις
3385 966 3509 1034 ὲρῇ,
3544 966 3612 1019 τά
3641 968 3903 1038 ἀκίχητα.
3943 971 4058 1028 Τήν

2472 1068 2535 1117 γε
2572 1051 2679 1121 μὴν
2713 1054 3062 1122 παιδοφονίαν
3097 1056 3322 1126 ταύτην,
3377 1059 3469 1111 καὶ
3516 1059 3786 1128 Ἱερεμίας
3833 1061 4057 1124 πολλοῖς

2471 1141 2674 1194 ἀνωθεν
2705 1144 2920 1214 χρόνοις
2951 1147 3079 1200 ίδὼν
3109 1149 3449 1217 προηγόρευε
3477 1165 3491 1179 ’
3526 1151 3620 1202 καὶ
3665 1152 3869 1222 Ῥαχὴλ
3899 1155 4053 1220 εῖσῆ-

2472 1246 2537 1298 γε
2571 1231 2865 1286 κλαίουσαν
2901 1234 2970 1287 τὰ
2997 1237 3161 1290 τέκνα
3191 1238 3380 1306 αὑτῆς,
3414 1239 3509 1291 καὶ
3531 1240 3732 1309 ἥκιστά
3771 1258 3832 1306 γε
3872 1233 4053 1308 παρῖ-

2473 1321 2821 1392 μυθουμένην
2860 1325 2956 1394 τῆς
2977 1327 3282 1396 τραγῳδίας
3312 1328 3389 1397 τῷ
3421 1329 3836 1397 ὑπερϐάλλοντι,
3871 1333 4052 1399 λόγοις

2471 1413 2805 1485 ἀπορρήτοις
2853 1416 2988 1469 Θεοῦ
3037 1419 3240 1486 εἵργειν
3279 1421 3378 1488 μὲν
3423 1401 3738 1489 δυναμένου,
3788 1443 4049 1495 παραχωσ

2473 1504 2691 1574 ροῦντος
2730 1507 2785 1560 δὲ
2817 1511 2879 1578 τῇ
2918 1511 3269 1580 χρηστότητι.
3349 1513 3488 1565 Ἀλλ’
3518 1516 3544 1566 ὁ
3573 1516 3670 1582 μὲν
3725 1516 3923 1586 Σωτὴρ
3972 1521 4046 1579 εἰς

2470 1594 2770 1663 Αἴγυπτον,
2803 1597 2994 1668 ὥσπερ
3043 1601 3280 1673 εἴρηται,
3333 1605 3746 1672 πεφυγάδευτο·
3778 1610 3806 1659 ὁ
3854 1609 3912 1660 δὲ
3956 1609 4046 1660 τοῦ

2471 1689 2744 1757 Ζαχαρίου
2782 1695 2911 1754 παῖς
2957 1693 3232 1762 Ἰωάννης,
3265 1695 3380 1764 ἅμα
3412 1699 3477 1765 τῇ
3514 1700 3764 1766 γεννήσει
3797 1699 3898 1765 τῆς
3957 1702 4045 1751 τοῦ

2473 1781 2677 1848 πατρὸς
2707 1781 3050 1854 διαλυθείσης
3082 1788 3285 1854 φωνῆς,
3326 1787 3403 1856 τῷ
3429 1790 3613 1840 πίνακι
3650 1791 3744 1858 τῆς
3795 1792 4047 1843 Ἰιυάννευ

808 1859 1100 1936 infantium
1149 1881 1350 1935 caedem
1421 1878 1687 1934 Jeremias
1761 1879 1925 1931 etiam
1976 1879 2162 1932 multis
2209 1890 2368 1934 antea
2400 1859 2441 1913 Β

2477 1866 2728 1934 κλήσεως
2764 1864 3487 1944 πρώτωςὲγχαραχθείσῃς.
3532 1876 3624 1927 δύο
3656 1877 3701 1929 δ’
3738 1880 3876 1930 ἐτῶν
3917 1883 4048 1946 πρὶς

809 1973 1145 2041 temporibus
1184 1970 1316 2024 vidit
1347 1979 1400 2024 et
1438 1968 1720 2038 pradixit,
1759 1969 2053 2024 Rachelem
2103 1970 2370 2026 inducens

806 2066 1186 2133 deplorantem
1223 2064 1431 2117 liberos
1472 2077 1625 2126 suos,
1665 2061 2001 2130 minimeque
2035 2063 2368 2117 consolatio-

809 2171 932 2209 nem
963 2156 1152 2216 ullam,
1182 2166 1407 2223 prOptcr
1439 2153 1832 2206 immanitatem
1861 2151 2123 2205 facinoris
2155 2153 2365 2222 tragici,

807 2247 1214 2299 admittentcm.
1270 2245 1414 2298 Deus
1463 2253 1689 2309 autem,
1737 2259 1861 2298 cum
1906 2244 2158 2299 inhibere
2211 2243 2368 2298 facile

806 2347 1015 2406 posset,
1063 2337 1323 2390 inetlabiIi
1375 2348 1553 2390 tamen
1604 2337 1928 2398 rationelet
1972 2336 2225 2402 consilio,
2273 2352 2371 2406 per

808 2430 1107 2484 bonitatem
1142 2444 1316 2494 suam,
1348 2429 1403 2483 id
1436 2430 1701 2498 permisit.
1732 2430 1799 2483 Et
1829 2428 2086 2484 Servator
2120 2430 2367 2499 quidem,

807 2523 879 2576 ita
931 2531 988 2575 ut
1043 2521 1248 2574 dictum
1296 2531 1411 2586 est,
1463 2522 1518 2575 in
1566 2521 1796 2592 [Egypto
1837 2521 2146 2576 exsulabat.
2198 2522 2370 2577 Filius

806 2622 987 2668 autem
1019 2614 1297 2669 Zacharia
1328 2593 1585 2678 Joannes,
1618 2617 1672 2669 in
1702 2617 1861 2686 cujus
1887 2617 2168 2672 nativitate
2201 2619 2368 2686 patris

806 2720 912 2760 vox
943 2705 1118 2757 soluta
1159 2715 1279 2768 est,
1323 2720 1447 2759 cum
1479 2705 1634 2773 prius
1672 2704 1741 2760 ab
1775 2705 1867 2758 illo
1903 2702 2132 2760 Joannis
2168 2721 2366 2760 nomen

807 2796 864 2848 in
897 2795 1079 2848 tabula
1124 2795 1318 2848 fuisset
1355 2803 1636 2848 exaratum
1659 2837 1675 2861 ,
1711 2795 1940 2849 alterum
1980 2810 2103 2849 cum
2138 2795 2368 2850 dimidio

805 2900 1010 2938 annum
1047 2887 1277 2954 agebat:
1317 2886 1424 2955 79
1453 2893 1507 2940 et
1545 2901 1655 2939 una
1687 2901 1812 2940 cum
1842 2897 2014 2941 matre
2053 2886 2367 2941 Elisabetha

806 2975 862 3030 in
887 2977 1145 3045 Spelunca
1174 2977 1409 3046 quadam
1428 2977 1498 3047 ad
1530 2977 1810 3046 regionem
1842 2990 2153 3031 montanam
2186 2983 2370 3033 salvus

805 3068 1256 3130 conservabatur,
1286 3066 1517 3121 fortasse
1547 3065 1778 3123 Herodis
1802 3067 2207 3138 sanguinariam
2234 3069 2372 3125 effu-

805 3158 960 3226 giens
1005 3174 1248 3212 manum.
1289 3160 1467 3239 Atque
1505 3160 1634 3214 inde
1685 3161 1738 3214 in
1774 3161 1908 3216 solis
1955 3161 2091 3217 locis
2132 3163 2439 3249 libenterc

807 3246 1014 3299 versari
1052 3247 1270 3309 solitus,
1315 3232 1619 3316 angeloque
1668 3248 1810 3302 duce
1861 3263 2032 3313 usus,
2080 3249 2134 3302 in
2185 3263 2368 3302 remo-

808 3336 978 3391 tiores
1009 3333 1274 3390 silvarum
1312 3349 1564 3388 recessus
1602 3335 1849 3390 secessit.
1891 3335 1963 3390 lbi
1999 3335 2370 3393 tenerioribus

805 3428 1062 3481 arborum
1099 3427 1175 3495 (2)
1213 3425 1604 3495 frondiumque
1642 3427 2050 3482 summitatibus
2087 3443 2185 3497 pro
2220 3429 2367 3494 cibo,

805 3520 1000 3573 cameli
1048 3520 1174 3587 pilis
1223 3534 1323 3588 pro
1370 3527 1725 3588 legumento,
1771 3520 2112 3590 pelliceaque
2144 3521 2369 3591 insuper

806 3628 940 3664 zona
998 3613 1300 3664 utebatur:
1362 3612 1541 3679 quoad
1602 3626 1773 3680 usque
1830 3611 1961 3666 inde
2017 3628 2364 3683 progressus,

804 3705 993 3757 lsraeli
1022 3720 1081 3757 se
1112 3705 1386 3766 exhibuit,
1417 3706 1563 3758 clara
1589 3689 1907 3772 ellicacique
1934 3719 2068 3758 voce
2095 3707 2367 3775 paeniten-

808 3795 938 3847 tiam
977 3797 1299 3863 praedicans,
1332 3805 1388 3849 et
1422 3811 1518 3865 per
1555 3796 1888 3864 baptismum
1923 3795 2174 3850 homines
2213 3797 2367 3866 quasi

808 3903 970 3939 manu
1005 3888 1215 3941 ducens
1244 3887 1310 3940 ad
1341 3887 1643 3941 Christum.
1676 3887 1838 3942 Jesus
1878 3895 2056 3940 autem
2088 3889 2367 3942 crescebat

803 3979 1066 4044 sapientia
1097 3989 1147 4031 et
1183 3980 1380 4047 gratia.
1417 3989 1580 4047 atque
1615 3979 1687 4032 ita
1721 3979 1967 4047 quidem,
2008 3987 2067 4030 ut
2103 3979 2365 4047 paulatim

805 4070 975 4138 magis
1013 4071 1291 4138 magisque
1329 4071 1561 4124 virtutes
1594 4086 1672 4124 eae
1703 4071 2102 4133 elucescerent,
2140 4087 2247 4124 non
2283 4080 2367 4124 ta-

803 4175 927 4213 men
983 4162 1379 4214 incrementum
1413 4161 1635 4229 aliquod
1685 4170 1966 4229 caperent.
2011 4162 2149 4216 Cum
2185 4172 2365 4216 autem

803 4251 1186 4305 duodecimum
1229 4252 1341 4320 jam
1392 4262 1579 4323 ageret
1629 4267 1866 4317 annum,
1917 4254 2160 4310 ascendit
2205 4253 2367 4310 simul

801 4361 925 4398 cum
975 4357 1145 4397 matre
1197 4358 1251 4398 et
1299 4344 1542 4412 Josepho
1589 4343 1995 4413 Hierosolyma,
2039 4343 2238 4399 festum
2290 4345 2364 4398 ibi

802 4437 1023 4492 Pascha-
1059 4439 1458 4491 celebraturus.
1501 4437 1655 4502 Quod
1691 4436 1782 4489 ubi
1819 4447 2098 4504 peractum
2139 4447 2241 4502 est,
2283 4437 2360 4490 illi

802 4531 1022 4597 quidem
1074 4531 1306 4593 reverti,
1352 4530 1512 4584 Jesus
1560 4538 1743 4582 autem
1790 4529 2022 4582 latenter
2065 4529 2119 4584 in
2162 4530 2363 4598 templo
2401 4515 2443 4568 Ῑ)

801 4635 1021 4673 manere
1053 4638 1067 4673 ε
1099 4619 1320 4688 etquod
1355 4618 1701 4687 praecessisse
1731 4634 1854 4671 eum
1889 4618 1945 4671 in
1970 4619 2228 4672 comitatu
2258 4636 2361 4690 pu-

802 4723 986 4766 tarent
1009 4752 1022 4777 ,
1056 4714 1279 4765 domum
1317 4713 1420 4781 ipsi
1450 4714 1548 4765 ire.
1582 4710 1671 4764 Sic
1698 4711 1777 4765 eis
1808 4713 1892 4764 ille
1925 4720 2096 4765 totum
2122 4712 2361 4766 triduum

800 4804 1010 4857 invisus
1055 4803 1178 4856 fuit.
1221 4804 1413 4857 Postea
1450 4812 1632 4857 autem
1670 4818 1728 4857 se
1759 4803 1877 4867 eis,
1906 4803 2200 4858 admodum
2244 4805 2362 4858 fati-

796 4897 936 4965 gatis
964 4905 1018 4948 et
1046 4896 1383 4958 dolentibus,
1416 4896 1670 4949 exhibuit
1703 4897 1756 4948 in
1795 4897 2002 4964 templo
2043 4897 2264 4963 sedens,
2306 4907 2363 4951 et

797 5003 920 5039 cum
963 4988 1290 5041 doctoribus
1336 4987 1472 5056 legis
1504 4988 1813 5056 disputans.
1850 4988 2060 5052 Quibus
2089 4988 2202 5051 ille,
2234 5003 2361 5042 cum

796 5089 1023 5149 propter
1069 5081 1430 5148 quzestiones,
1474 5095 1610 5148 quas
1655 5095 1821 5133 novas
1855 5080 2200 5145 inveniebat,
2243 5090 2359 5134 tum

796 5169 942 5236 quod
975 5170 1210 5224 obscura
1240 5180 1294 5224 et
1328 5170 1511 5225 abdita
1553 5173 1668 5225 loca
1705 5171 2004 5242 Scriptura:
2033 5173 2358 5234 declararet,

799 5261 1142 5315 admirationi
1171 5261 1297 5316 fuit.
1361 5264 1439 5317 Ad
1485 5279 1608 5318 eum
1653 5280 1818 5334 porro
1867 5280 1990 5319 cum
2044 5274 2253 5329 mater,
2296 5280 2362 5318 ex

797 5351 998 5406 aﬂ‘cctu
1031 5369 1097 5406 eo
1125 5369 1232 5423 quo
1263 5355 1420 5409 unice
1458 5371 1582 5409 eum
1627 5357 2082 5424 prosequebatur,
2114 5357 2359 5410 diceret:

2470 1958 2547 2027 τῷ
2572 1960 2760 2029 ἡμίσει
2792 1962 3110 2033 ἐτύγχανεν,
3169 1965 3284 2034 ἅμα
3325 1970 3388 2036 τῇ
3451 1970 3620 2036 μητρὶ
3679 1969 3959 2024 Ἐλισάεετ
3993 1973 4048 2023 ἑν

2470 2067 2574 2103 τινι
2605 2053 2852 2124 σπηλαίῳ
2882 2056 3017 2126 πρὸς
3049 2059 3145 2127 τὴν
3175 2058 3388 2128 ὀρεινὴν
3415 2061 3718 2126 διεσώζετο,
3781 2063 3910 2123 ἴσως
3952 2063 4048 2131 τὴν

2481 2143 2722 2213 Ἡρώδου
2767 2149 3056 2216 μιαιφόνον
3090 2153 3249 2220 χεῖρα
3283 2152 3674 2221 διαδιδράσκων
3707 2171 3720 2185 ·
3750 2155 4047 2207 κάντεῦθεν

2471 2237 2562 2289 καὶ
2608 2241 2726 2303 ταῖς
2810 2241 3040 2310 ἐρήμοις
3098 2244 3498 2314 ἐμφιλοχωρεῖν
3547 2246 3774 2310 εἰωθὼς,
3831 2250 4046 2314 ἀγγέλῳ

2471 2326 2752 2400 χρώμενος
2779 2331 2977 2402 ὁδηγῷ,
3033 2338 3170 2404 πρὸς
3217 2337 3278 2388 τὺ
3329 2338 3467 2406 βαθὺ
3515 2339 3615 2408 τῆς
3659 2339 3793 2408 ὕλης
3847 2343 4046 2410 ἐχώρει

2469 2420 2661 2490 ἄκροις
2683 2422 2862 2492 δρυῶν
2887 2425 3024 2497 πρὸς
3058 2427 3376 2498 ἀποτροφὴν
3425 2431 3707 2500 χρώμενος
3740 2449 3751 2462 ·
3789 2433 3936 2501 (ip-.55
3990 2453 4048 2486 τε

2469 2514 2718 2584 καμήλου
2755 2518 3039 2581 ἑσκὲπετο,
3091 2521 3185 2573 καὶ
3242 2523 3538 2595 δερματὲνῃ
3597 2526 3739 2596 ζώνῃ
3798 2529 3999 2597 ἐχρῆτο
4037 2546 4049 2556 ·

2469 2605 2628 2676 ἄχρις
2665 2606 2724 2660 οὗ
2758 2609 2968 2663 ἐκεῖθεν
3028 2611 3198 2681 ἥκων,
3256 2615 3332 2683 τῷ
3398 2617 3612 2686 Ἰσραὴλ
3677 2620 4048 2688 ἀνεδείκνυτι,

2472 2698 2621 2765 φωνῇ
2657 2697 2963 2769 διαπρυσίῳ
2992 2703 3276 2773 κηρύττων
3332 2707 3648 2774 μετάνοιαν,
3700 2711 3792 2761 καὶ
3855 2728 4052 2779 χειρας

2471 2790 2665 2854 γωγὼν
2686 2793 2821 2861 πρὸς
2845 2793 3090 2862 Χριστὸν
3113 2797 3209 2850 διὰ
3263 2796 3354 2850 τοῦ
3389 2798 3784 2870 βαπτίσματος.
3837 2805 4051 2872 Ἰησοῖς

2469 2878 2527 2932 δὲ
2557 2882 2861 2951 προέκοπτε
2897 2887 3059 2956 σοφία
3106 2890 3200 2942 καὶ
3271 2893 3480 2962 χάριτι,
3529 2893 3606 2961 τῷ
3662 2896 3801 2946 κατα
3851 2899 4050 2966 μικρὸν

2472 2972 2609 3026 αὑτά
2646 2978 3134 3047 παραδείκνυσθαι,
3181 2983 3241 3035 οὑ
3295 2984 3376 3054 τῷ
3418 2985 3719 3054 λαμϐάνειν
3781 2988 4047 3044 ἐπίδοσιν.

2485 3067 2636 3119 Ἐπεὶ
2657 3067 2713 3120 δὲ
2745 3070 2837 3122 καὶ
2864 3070 3072 3124 δώδεκα
3101 3074 3240 3127 ὲτῶν
3272 3077 3515 3143 γεγονὼς
3545 3074 3635 3148 ἦν,
3673 3081 3852 3133 ἄνεισι
3886 3084 4050 3134 σύπ-

2476 3175 2551 3226 μα
2591 3163 2653 3229 τῇ
2682 3163 2849 3230 μητρὶ
2881 3165 2974 3217 καὶ
3004 3164 3082 3235 τῷ
3149 3166 3348 3237 Ἰωσὴφ
3395 3172 3475 3232 είς
3544 3172 3924 3243 Ἰεροσόλυμα,
3951 3179 4051 3245 τὴν

2471 3249 2666 3319 ἑορτὴν
2692 3251 2787 3303 τοῦ
2827 3253 3016 3324 Πάσχα
3049 3256 3112 3323 δὴ
3154 3259 3528 3329 τελεσὸμενος.
3578 3261 3667 3326 Ὦς
3688 3264 3744 3317 δὲ
3778 3267 3952 3335 πέρας
3985 3271 4050 3320 τά

2471 3338 2571 3408 τῆς
2606 3341 2801 3411 ἑορτῆς
2828 3340 2992 3414 εῖχεν,
3019 3348 3216 3401 ἐκεῖνοι
3245 3351 3345 3419 μὲν
3399 3353 3744 3425 ὑπέστρεφον
3779 3372 3794 3387 ³
3841 3360 4048 3429 Ἰησοῖς

2470 3432 2523 3485 δὲ
2548 3433 2744 3502 λαθὼν,
2773 3438 2848 3508 τῷ
2881 3440 3008 3510 ἱερῷ
3042 3442 3409 3513 περιέτριὸεν.
3438 3446 3546 3498 Καὶ⁵
3573 3448 3621 3500 οἱ
3650 3449 3751 3516 μὲν
3792 3453 4054 3517 νομίσαν-

2470 3543 2561 3590 τες
2586 3530 2651 3598 τῇ
2683 3530 2887 3601 συνόδῳ
2920 3533 2980 3585 τὸ
3004 3533 3216 3588 παιδίον
3249 3537 3613 3606 προεξελθεῖν,
3646 3543 3830 3595 οἴκαδε
3866 3547 4010 3596 ἵεντο
4032 3559 4053 3578 ο

2469 3619 2496 3670 ὀ
2525 3617 2582 3671 δὲ
2603 3621 2781 3704 ,τριῶν
2813 3622 2941 3694 ἑξῆς
2965 3625 3189 3695 ἡμερῶν
3221 3626 3414 3698 ἄδηλος
3433 3626 3522 3700 ἦν.
3553 3633 3725 3685 Πολλά
3758 3634 3810 3686 δὲ
3842 3639 4055 3704 καμὺῦ-

2472 3719 2556 3756 σιν
2588 3703 2836 3776 ὖστερον,
2875 3713 3112 3777 φανερὸς
3142 3714 3326 3778 αὑτοῖς
3368 3717 3596 3786 γίνεται,
3634 3721 3709 3789 τῷ
3755 3725 3888 3792 ἱερῷ
3924 3703 4053 3794 Ῠμὲν

2469 3795 2869 3865 προσεδρεύων,
2905 3801 3018 3862 τοῖς
3043 3801 3385 3866 διδασκάλοις
3405 3805 3460 3857 δὲ
3495 3806 3588 3858 τοῦ
3647 3809 3814 3876 νόμου
3870 3812 4050 3864 διαὶεο

2470 3885 2723 3954 γόμενος,
2757 3890 2852 3942 καὶ
2877 3889 3064 3961 θαῦμα
3093 3894 3320 3959 ἐκείνοις
3347 3899 3630 3967 γινόμενος
3677 3895 3758 3963 οἷς
3810 3904 4051 3957 ἐπυνθά-

2469 3992 2616 4044 νετο,
2651 3979 2710 4029 τὸ
2742 3983 2840 4048 τῆς
2873 3981 3093 4052 Γραφῆς
3137 3983 3298 4052 βάθος
3348 3990 3753 4059 ἁναμοχλεὺων,
3805 3998 3906 4046 καὶ
3935 4017 4052 4050 xz:-

2469 4067 2576 4118 νῶν
2606 4069 2939 4139 ζητημάτων
2959 4075 3241 4145 γινόμενος
3272 4079 3523 4149 εὑρετής.
3553 4085 3690 4151 Πρὸς
3715 4085 3826 4155 ὃνὴ
3866 4093 4050 4160 μήτηρ

2469 4163 2935 4236 περιπαθέστερον
2974 4166 3298 4238 διατεθεῖσα,
3336 4174 3464 4228 Ἵνα
3517 4177 3592 4240 τί,
3620 4182 3774 4248 φησὶ,
3811 4184 4049 4244 τέχναν,

2467 4255 2645 4310 τοῦτο
2676 4261 3030 4328 πεποίηκας,
3048 4264 3278 4332 ὀδύνην
3299 4269 3422 4330 τοῖς
3441 4288 3576 4332 γον-ε
3586 4270 3685 4324 ῦσι
3709 4279 4053 4342 προύξενη-

2470 4348 2618 4413 κὼς;
2650 4351 2744 4402 καὶ
2792 4350 2887 4403 τοῦ
2953 4353 3239 4417 δοκοῦντος
3302 4359 3508 4428 πατρὸς
3566 4361 3682 4428 ἅμα
3722 4363 4049 4435 ἐμέμνητο·

2469 4438 2630 4502 αὑτὸς
2650 4440 2707 4492 δὲ
2728 4441 2820 4492 τὸν
2843 4444 3064 4512 γνήσιον
3092 4445 3264 4509 ὅντως
3301 4448 3517 4517 Πατέρα
3549 4452 3732 4520 ἠρέμα
3791 4459 4056 4524 παραδειο

2473 4531 2765 4596 κνὺς,,δεῖν
2803 4534 2956 4602 ἔλεγε
2978 4539 3089 4600 τοῖς
3111 4555 3167 4589 τε
3201 4540 3378 4606 λόγοις
3410 4544 3499 4594 καὶ
3531 4543 3710 4611 ἔργοις
3739 4548 4050 4618 Epp-lolio-

2473 4626 2586 4692 ρεῖν
2641 4626 2736 4678 τοῦ
2774 4628 3005 4695 Πατρδς,
3062 4632 3156 4683 καὶ⁵
3209 4635 3265 4684 ὲν
3314 4637 3422 4696 τοῖς
3496 4637 3705 4688 ἐκείνου
3748 4639 4054 4707 διατρίεειν

2473 4714 2769 4782 αἱρεῖσθαι.
2806 4717 2870 4769 Τί
2900 4720 2956 4770 δὲ
2990 4722 3098 4774 τῶν
3124 4723 3217 4773 ἐπὶ
3272 4727 3374 4792 γῆς
3411 4725 3602 4795 ἐκείνῳ
3652 4731 3907 4797 κρεῖττον
3961 4737 4052 4785 τοῦ

2471 4805 2618 4874 ἱεροῦ
2650 4822 2663 4870 ;
2699 4809 2858 4862 Καὶό
2917 4810 3018 4879 μὲν
3076 4814 3244 4883 ἀπῄει
3305 4817 3398 4868 τὸν
3449 4817 3654 4872 τέλειον
3696 4821 3795 4889 τῆς
3832 4824 4052 4886 ἡλικίας

2468 4896 2752 4964 ἀναμένων
2781 4900 2994 4967 χρόνον,
3019 4904 3233 4970 γονεῦσι
3266 4907 3333 4958 τὰ
3362 4907 3551 4960 εἰκότα
3596 4909 3803 4978 νίμων,
3835 4917 3931 4964 καὶ
3956 4917 4054 4984 τὴν

2473 4990 2860 5058 προσήκουσαν
2890 4993 3169 5066 ὑποταγὴν
3201 4999 3384 5061 αὑτοῖς
3432 5000 3846 5071 ἐνδεικνύμενος
3870 5022 3884 5034 ·
3921 5008 4052 5074 ἁρε-

2467 5080 2586 5140 ταῖς
2612 5081 2813 5145 ὲνθέοις
2846 5085 2941 5136 καὶ
2967 5088 3101 5139 πᾶσι
3143 5088 3464 5160 διαπρέπων
3526 5090 3708 5161 ἔργοις
3752 5095 4053 5162 ὑπερςυὼς

2469 5173 2925 5245 ἀγαθοῖςομηδὲν
2983 5179 3169 5246 μέντοι
3231 5185 3495 5251 πράσσων
3544 5185 3650 5236 τῶν
3703 5186 4050 5254 παραδόξων,

2468 5261 2628 5331 ἄχρις
2658 5259 2719 5318 οὗ
2748 5271 3068 5335 τριακοστὸς
3105 5272 3348 5334 ἐνιαυτὸς
3389 5274 3537 5342 αξιτῴ
3558 5275 3659 5343 ἠδη
3684 5276 4051 5332 συνετελείτο.

2485 5355 2644 5409 ’Δλλά
2679 5361 2809 5428 περὶ
2851 5359 2948 5429 μὲν
2974 5363 3179 5416 τούτων
3207 5364 3404 5427 οὕτως.

793 5443 902 5497 Cur
934 5447 1036 5500 hoc
1087 5449 1187 5511 sic,
1216 5448 1312 5514 ﬁli,
1343 5450 1546 5515 fecisti,
1583 5460 1641 5504 ut
1699 5459 1910 5504 tantum
1972 5453 2294 5520 parentibus
2359 5451 2604 5507 dolorem
2652 5457 3026 5512 conciliares?
3073 5458 3163 5514 Sic
3210 5463 3359 5515 enim
3411 5463 3500 5517 illa
3572 5463 3740 5520 simul
3785 5468 3907 5534 ejus
3950 5469 4046 5536 qui

863 5594 938 5660 (ι)
981 5612 997 5644 ι
1037 5593 1280 5670 Herodes
1322 5595 1644 5655 Pharisaeos.
1678 5599 1800 5668 quia
1857 5598 2018 5653 linem
2067 5602 2216 5670 regni
2273 5603 2354 5655 sui

791 5665 979 5717 adesse
1015 5666 1406 5738 pra-dixerunt,
1442 5671 1559 5722 neci
1594 5665 1764 5725 dedit.
1803 5665 2357 5738 omnemque'uxoris

792 5751 902 5786 sua!
931 5737 1309 5807 cognationem
1336 5738 1480 5790 ferro
1500 5742 1742 5792 sustulit.
1776 5760 1790 5787 I
1822 5737 2065 5807 (Ioseph.
2098 5741 2191 5794 lib.
2220 5758 2352 5804 xvu,

790 5820 907 5873 cnp.
937 5806 1019 5874 3.)
1054 5806 1150 5861 Ubi
1186 5806 1537 5862 lnnoccntum
1578 5826 1794 5879 quoque
1849 5806 2048 5866 caedem
2084 5816 2353 5881 perstrin-

2467 5618 2596 5670 gere
2645 5602 2894 5686 .videtur.
2953 5607 3247 5662 Plieroram
3332 5608 3554 5665 fratrem
3631 5612 3776 5666 idem
3829 5627 4048 5668 veneno

2467 5686 2704 5728 ηυοιιγιι.

2474 5814 2484 5824 .
2535 5743 2868 5828 (‘2')"Ax902;
2900 5746 3121 5828 δρυῷνη
3152 5766 3274 5828 qua:
3305 5751 3379 5802 .in
3435 5751 3749 5828 Evangelia
3777 5750 4051 5810 dicumur

2464 5821 2708 5884 ἀκρίδες,
2743 5833 2851 5886 quo
2881 5821 3097 5873 nomine
3127 5823 3291 5876 etiam
3333 5826 3554 5876 locusttt
3597 5824 3970 5890 appellantur.
