4212 6430
134 330 236 397 δη
1091 324 1710 413 ECCLESIASTICJ}
1735 321 2126 382 IllSTORI/E
2164 320 2308 382 LIB.
2354 321 2404 380 Ι.
3268 318 3377 380 678

131 445 437 516 putabatur
465 457 613 507 esse,
642 439 816 511 patris
847 438 1098 494 meminit
1124 454 1142 492 :
1191 439 1282 492 ille
1313 439 1558 492 nativum
1615 416 2046 507 gerihanumqne
2115 447 2324 504 patrem
2384 434 2590 490 sensim
2653 433 3044 489 demonstrans
3073 448 3094 488 :
3120 446 3381 504 oportere

132 550 190 589 se
264 533 548 603 respondit
586 530 773 586 verbis
818 527 1190 597 cperibusque
1241 529 1418 583 Patris
1491 543 1687 582 vacare
1717 537 1775 582 et
1810 526 2164 591 incumbere,
2211 537 2374 595 atque
2421 527 2474 579 in
2523 526 2635 580 illis
2677 525 2858 593 potius
2890 525 3205 594 quam'aliis
3242 524 3380 580 locis

132 630 370 694 versari;
410 628 545 682 nihil
586 628 785 696 quippe
835 625 981 679 illius
1027 623 1080 678 in
1128 624 1294 678 terris
1341 623 1545 692 templo
1577 638 1697 677 esse
1737 620 2110 692 praestamus.
2180 621 2272 675 Sic
2338 621 2428 674 ille
2466 617 2796 701 tumebiit,
2837 617 3136 688 perlectam
3187 633 3383 688 exspe-

135 730 297 776 ctans
325 730 540 772 aetatem
569 734 584 770 :
618 715 964 786 parentibus,
998 730 1118 784 qua:
1148 714 1412 778 decebat,
1452 713 1722 775 tribuens,
1759 721 1814 766 ct
1852 722 2256 781 competentem
2319 711 2427 765 illis
2455 709 2854 779 subjectionem
2887 708 3177 768 exhibens.
3206 710 3383 760 virtu-

129 815 388 880 tibusque
438 812 642 866 divinis
725 811 983 865 omnibus
1050 809 1426 878 operibusque
1509 806 1740 860 miriﬁce
1807 807 2060 875 pollens,
2108 806 2244 858 nihil
2323 814 2503 857 tamen
2558 817 2682 872 qua:
2732 802 3050 870 Opinionem
3109 799 3382 866 ﬁdemque

129 915 486 978 superarent,
511 905 681 960 edens
706 903 1126 967 miraculorum,
1156 903 1330 956 donec
1363 902 1700 956 tricesimum
1741 901 1990 970 eXplcret
2020 913 2247 954 annum.
2279 899 2347 953 Et
2373 898 2442 952 de
2474 898 2560 951 his
2587 894 2813 966 quidem
2844 895 2999 949 satis.

687 1063 965 1118 ΊίΕΦΑΛ.
1004 1062 1105 1116 lE'.

142 1181 241 1243 Ὠς
266 1181 297 1231 δ
322 1172 843 1248 πρῶτρςᾙρῴδηςο
867 1169 1136 1248 θεηλοέτφ
1156 1169 1412 1248 {Mm-sic
1430 1169 1699 1248 μεξστιπει.

207 1240 413 1310 Βιαίως
441 1243 725 1317 ἐξέρῤηεε
762 1243 875 1317 τ-ὴν
897 1240 1130 1317 ψυχὴν,
1156 1240 1442 1317 diuina};
1492 1240 1560 1317 ἐκ
1591 1240 1703 1304 τῆς

200 1308 711 1380 ἑπτακαιδεκᾶτης
734 1311 854 1365 τῶν
903 1308 1354 1378 Ἅρχαιολογιῶν
1384 1308 1698 1375 Ἰωσήπου.

214 1429 468 1498 Ἧρώδης
518 1426 574 1479 δὲ
618 1423 718 1492 τῆς
749 1423 955 1483 οἰκείας
989 1422 1187 1491 μανίας
1219 1422 1549 1491 δρεπόμενος
1577 1424 1702 1486 τοὺς

129 1525 403 1592 καρποὺς,
426 1521 548 1571 ὅλον
578 1518 640 1570 τὸ
668 1517 826 1586 σῶμα
854 1515 1100 1584 θεηλάτῳ
1129 1515 1356 1582 μάστιγι
1385 1514 1700 1582 πλήττεται,

130 1619 226 1669 καὶ
260 1613 432 1673 κακὸς
466 1610 655 1671 κακῶς
689 1601 1087 1676 διαφθείρεται,
1109 1606 1388 1676 τετραχῶς
1419 1606 1583 1659 αὐτοῦ
1605 1607 1704 1674 τῆς

131 1703 418 1776 βασιλείας
468 1699 868 1768 διαιρεθείσης·
921 1697 1188 1766 τέσσαρες
1236 1696 1281 1750 δ’
1326 1692 1468 1765 ἦσαν
1513 1696 1705 1758 παῖδες

129 1796 321 1863 αὐτῷ’
367 1797 394 1846 ὁ
430 1793 530 1856 μὲν
574 1789 669 1843 οὖν
709 1788 1025 1859 Ἀρχέλαος,
1065 1788 1165 1854 τῆς
1218 1787 1478 1852 Ἰουδαίας
1521 1789 1705 1858 ἅρχων

129 1887 463 1940 καθίστατο⁹
511 1880 728 1952 Ἡρώδῃ
767 1879 824 1931 δὲ
867 1879 900 1947 ἡ
941 1877 1201 1930 Γαλιλαία
1243 1878 1662 1948 προσεκυροῦτο
1687 1894 1702 1910 ο

124 1978 403 2030 Φίλιππον
455 1974 510 2026 δὲ
553 1974 585 2040 ἡ
668 1969 936 2038 ἰτουραία
985 1967 1124 2036 μετὰ
1166 1967 1264 2036 τῆς
1309 1966 1706 2038 Τραχωνίτιδος

125 2065 246 2138 εἶχε
272 2082 285 2094 ·
324 2065 400 2134 τῷ
445 2081 508 2132 γε
559 2062 664 2132 μὴν
709 2061 954 2128 τετάρτῳ
998 2058 1238 2129 Λυσανίᾳ
1283 2059 1316 2129 ὴ
1356 2057 1613 2128 Ἀὅιληνὴ
1646 2059 1708 2110 τὸ

127 2161 454 2230 ὑποχείριον
482 2152 570 2225 ἦν.
621 2155 711 2218 Ὠς
745 2153 877 2223 γοῦν
914 2156 949 2223 ἡ
979 2152 1097 2205 θεία
1135 2153 1258 2222 δίκη
1295 2151 1433 2220 μετὰ
1459 2150 1558 2221 τὴν
1593 2150 1707 2203 ἄδι-

126 2270 228 2304 κον
255 2248 577 2319 μιαιφονίαν
609 2245 700 2300 τδν
728 2245 1010 2314 Θιομάχδν
1040 2243 1393 2313 μετελήλυθε,
1419 2242 1707 2312 προοίμιον

2315 1060 2428 1130 80
2462 1058 2686 1116 CAPUT
2728 1058 2844 1113 XV.

1808 1171 1869 1227 Ut
1895 1172 2124 1225 Herodes
2143 1172 2340 1240 primus
2369 1172 2606 1224 immissa
2631 1171 2879 1224 divinitus
2911 1169 3094 1240 plaga,
3130 1171 3383 1223 uiolenter

1874 1252 2110 1294 mortuus
2140 1245 2241 1305 sit;
2281 1242 2498 1294 historia
2532 1257 2593 1293 ea:
2617 1242 2817 1293 decimo
2845 1243 3068 1308 septimo
3104 1241 3234 1294 libro
3261 1243 3376 1294 An-

1873 1314 2172 1381 tiquitatum
2206 1311 2419 1381 Iosephi
2456 1320 2715 1378 excerpta.

1874 1423 2124 1480 llerodes
2157 1439 2289 1478 vero
2327 1424 2532 1478 luroris
2568 1425 2652 1478 sui
2695 1425 3015 1493 percipiens
3055 1423 3292 1487 fructus.
3329 1424 3383 1476 in

1805 1523 1920 1569 toto
1964 1530 2196 1584 corpore
2241 1514 2510 1568 divinitus
2556 1515 3012 1584 provenientibus
3047 1514 3220 1584 plagis
3252 1512 3385 1567 ami-

1805 1607 1975 1676 gitur.
2011 1615 2069 1659 et
2100 1607 2240 1685 male
2273 1607 2434 1674 perit.
2469 1605 2642 1675 Hujus
2676 1622 2903 1676 regnum
2939 1615 3133 1675 postea
3168 1607 3224 1660 in
3251 1623 3386 1676 qua-

1806 1707 1930 1752 tuor
1985 1707 2168 1765 partes
2213 1697 2461 1749 divinum
2514 1706 2620 1751 est.
2667 1696 2916 1762 Quatuor
2960 1699 3110 1752 enim
3164 1699 3387 1769 reliquit

1807 1788 1967 1840 ﬁlios.
1992 1788 2056 1840 Et
2082 1787 2388 1841 Archelaus
2413 1787 2634 1856 quidem
2658 1785 2860 1842 Judaeze
2893 1789 3157 1859 princeps
3180 1791 3386 1844 conati.

1809 1887 1959 1934 tutus
2003 1889 2106 1944 est,
2152 1879 2354 1932 llerodi
2397 1877 2614 1932 Galilaea
2652 1878 2918 1933 attributa
2960 1881 3059 1948 (1).
3095 1879 3386 1950 Philippus

1807 1986 1968 2040 porro
2005 1971 2254 2024 Ituraeam
2297 1979 2353 2023 et
2389 1967 2842 2024 Trachonitidem
2878 1971 3159 2039 regionem
3193 1987 3386 2027 conse-

1807 2072 1968 2116 cutus
2001 2071 2124 2127 est;
2174 2070 2373 2131 quarto
2406 2076 2562 2126 vero,
2604 2061 2852 2130 Lysanize
2888 2061 3122 2126 scilicet,
3154 2062 3386 2118 Abilene

1805 2155 2016 2225 obtigit.
2054 2153 2367 2220 Quomodo,
2410 2163 2592 2208 autem
2633 2163 2757 2223 post
2784 2154 3195 2223 injustissimam
3237 2155 3385 2209 illam

1806 2245 2033 2307 caedem,
2064 2245 2250 2299 divina
2285 2243 2528 2299 vindicta
2559 2245 2835 2300 Herodem
2866 2246 3016 2300 hunc
3049 2245 3151 2315 (2),
3183 2245 3386 2302 bellum

126 2345 205 2406 ὡς
243 2345 311 2397 ἂν
345 2359 430 2404 τις
478 2340 623 2391 εἴποι
656 2337 766 2391 τῶν
820 2338 1097 2407 ισομένων
1131 2337 1312 2389 ἐκεῖσε
1359 2337 1544 2388 κακῶν
1576 2337 1706 2388 ὑπο-

1808 2340 1920 2394 Deo
1969 2348 2281 2394 moventem
2329 2339 2403 2393 sit
2451 2338 2589 2402 ulta,
2630 2339 2788 2407 quasi
2839 2339 3167 2409 proemium
3213 2338 3385 2410 (quod

129 2437 429 2504 φαίνουσι,
473 2433 625 2499 ἄξιον
671 2431 923 2485 διελθεῖν.
958 2429 1070 2492 Τὰς
1119 2429 1222 2498 μὲν
1268 2425 1362 2481 οὖν
1397 2429 1519 2481 κατ’
1561 2424 1707 2482 οἷκον

1811 2429 2036 2500 dicitur)
2073 2429 2391 2484 futurorum
2421 2430 2694 2497 malorum
2721 2430 3015 2496 exhibens,
3047 2445 3232 2500 operte
3261 2426 3390 2502 pre;

126 2528 286 2594 αὑτῷ
337 2525 703 2594 δυσπραγίας,
746 2524 845 2584 τάς
873 2524 922 2575 τ’
969 2524 1032 2574 ὲκ
1061 2521 1322 2587 γυναικὸς
1358 2523 1452 2574 καὶ
1481 2524 1590 2574 τῶν
1620 2523 1708 2575 τέο

126 2640 306 2684 γνων,
350 2620 432 2671 ἐτι
475 2620 528 2670 δὲ
577 2618 669 2669 καὶ
702 2617 810 2667 τῶν
847 2613 926 2682 τῷ
956 2615 1104 2680 γένει
1147 2613 1536 2682 προσηκόντων
1570 2630 1710 2682 συμ-

129 2716 314 2775 σέάσας
339 2710 492 2778 αὐτῷ
515 2706 804 2777 συμφορὰς
831 2706 923 2758 καὶ
952 2708 1288 2773 μιαιφονίας,
1320 2705 1410 2756 καὶ
1438 2705 1711 2774 τραγικὴν

128 2806 368 2857 ἃπασαν
395 2797 841 2870 δραματουργίαν
870 2799 928 2847 ὲν
944 2795 1183 2863 δευτέρῳ
1201 2794 1460 2859 τιθείσας,
1481 2793 1545 2855 ἃς
1573 2794 1711 2869 λαμ·

131 2897 294 2966 πρῶς
327 2894 358 2945 ὁ
386 2889 690 2960 φιλαλήθης
737 2885 998 2956 Ἰώσηπος
1036 2887 1095 2937 ὲν
1125 2887 1190 2954 τῇ
1220 2884 1344 2936 κατ’
1372 2882 1535 2935 αὑτὸν
1577 2882 1710 2935 Ἰου-

129 2989 303 3054 δαϊκῇ
352 2980 667 3052 διελήλυθεν
703 2977 938 3047 ἱστορίᾳ,
975 2975 1036 3027 τό
1069 2992 1133 3041 γε
1175 2976 1270 3026 νῦν
1309 2974 1432 3045 ἔχον
1459 2974 1711 3040 διεξιέναι

128 3080 192 3132 οὐ
247 3077 478 3145 πρέπων
516 3068 670 3140 οἶμαι
711 3070 940 3140 καιρός·
972 3069 1120 3129 ὅπως
1156 3065 1212 3118 δὲ
1248 3065 1539 3136 θεομαχεῖν
1580 3068 1714 3137 ᾑρη-

134 3173 302 3242 μένος
345 3166 591 3236 θεηλάτῳ
639 3164 868 3234 πληγεὶς
910 3163 1137 3233 μάστιγι
1165 3161 1226 3225 ἐξ
1254 3161 1557 3230 ἀνθρώπων
1597 3163 1716 3228 ὲγέ-

129 3279 282 3327 νετο,
311 3261 526 3312 δίκαιον
559 3258 776 3317 πάντως
809 3254 903 3306 καὶ
934 3253 1113 3306 αὐτῶν
1151 3250 1452 3306 ἐπακοῦσαι
1484 3253 1590 3305 τῶν
1618 3253 1713 3305 τοῦ

133 3352 506 3422 ξυγγραφέαις
544 3351 828 3419 ῥημάτων,
868 3347 926 3398 ιν
966 3345 1414 3414 ἑπτακαιδεκάτῳ
1442 3345 1542 3414 τῆς
1587 3345 1713 3414 ’Δρ-

131 3446 460 3518 χαιολογίας
491 3444 590 3510 τὴν
623 3441 716 3494 τοῦ
753 3440 868 3508 βίου
919 3437 1095 3508 τούτῳ
1145 3436 1532 3507 καταστροφὴν
1575 3437 1717 3488 οὕτω

129 3538 447 3601 διεξιόντος*
484 3556 502 3584 ι
546 3531 762 3602 Ἡρώδῃ
783 3531 836 3581 δὲ
865 3528 1131 3598 μειζόνως
1156 3529 1190 3594 ἡ
1216 3527 1367 3588 νόσος
1400 3526 1715 3597 ὶνεπικραί-

132 3649 283 3695 νετο,
321 3630 482 3701 δίκην
515 3618 588 3678 ὧν
631 3621 1018 3694 παρενόμησεν
1071 3617 1524 3689 ἐκπρασσομένου
1558 3617 1715 3670 Θεοῦ.

1813 2523 1947 2577 tium
1991 2532 2079 2577 est
2119 2537 2580 2577 commemorare.
2611 2525 2789 2591 Atque
2835 2524 3092 2592 equidem
3123 2524 3389 2579 domesti-

1811 2629 1903 2667 cas
1945 2615 2067 2682 ejus
2113 2615 2473 2674 calamitates.
2510 2623 2565 2667 et
2599 2613 2692 2680 qui
2738 2613 2787 2667 ei
2831 2629 2900 2668 ex
2947 2629 3138 2681 uxore,
3163 2607 3387 2678 Tiberis,

1811 2705 2003 2774 eisque
2046 2705 2140 2773 qui
2187 2718 2392 2774 genere
2435 2703 2486 2758 ei
2532 2707 2824 2775 propinqui
2859 2705 3105 2774 luerunt,
3137 2709 3391 2764 accidere

1812 2811 1973 2852 casus
2006 2797 2410 2865 sanguinarins,
2440 2796 2727 2865 caedesque
2761 2797 3024 2860 nefarias,
3048 2813 3169 2867 qua
3196 2815 3391 2854 omnes

1813 2887 2060 2940 omnium
2097 2888 2490 2956 tragoediarum
2536 2890 2786 2944 actiones
2827 2889 2989 2958 longe
3032 2898 3156 2959 post
3200 2905 3262 2945 se
3301 2906 3390 2946 re-

1813 2977 2089 3046 linquant,
2121 2992 2246 3031 cum
2281 2993 2376 3032 eas
2409 2979 2720 3032 luculenter
2762 2980 3018 3034 veritatis
3057 2989 3269 3035 amator
3297 2981 3392 3037 Jo-

1815 3067 2022 3138 sephus
2054 3069 2109 3121 in
2140 3068 2365 3123 Judaica
2395 3079 2704 3136 temporum
2729 3085 2956 3125 suorum
2987 3071 3214 3126 historia
3242 3088 3393 3128 eont-

1816 3164 2172 3223 memorarit,
2226 3161 2280 3214 in
2334 3163 2626 3230 praesentia
2671 3177 2948 3232 exponere
3003 3166 3390 3234 tempestivum

1815 3261 1870 3304 et
1897 3252 2246 3305 commodum
2277 3268 2385 3306 non
2411 3264 2516 3308 est.
2544 3253 2612 3308 Ut
2636 3269 2767 3309 vero
2791 3254 2995 3327 impius
3018 3255 3110 3310 ille
3134 3268 3395 3326 suscepto

1819 3342 2088 3397 adversus
2130 3344 2300 3397 Deum
2334 3345 2498 3409 bello,
2533 3345 2721 3400 divino
2759 3347 3024 3403 multatus
3056 3347 3292 3420 ﬂagello,
3322 3364 3394 3405 ex

1820 3436 2138 3490 hominibus
2174 3437 2498 3498 excesserit,
2527 3452 2743 3507 aequum
2778 3441 3005 3494 omnino
3036 3451 3218 3497 estex
3252 3444 3397 3513 ejus-

1820 3527 1944 3582 dem
2001 3528 2249 3581 historici
2299 3542 2633 3597 cognoscere
2685 3531 2872 3586 verbis
2906 3548 2920 3585 :
2958 3520 3052 3602 qui
3088 3534 3144 3588 in
3177 3534 3396 3590 decimo

1823 3620 2058 3688 septimo
2105 3620 2503 3688 Antiquitatum
2556 3622 2733 3684 libro,
2787 3623 3040 3677 ultimum
3093 3628 3221 3680 vitae
3275 3628 3399 3695 ejus

138 3723 265 3790 Πῦρ
304 3721 408 3787 μὲν
445 3718 555 3786 γὰρ
606 3714 851 3785 μαλακὸν
885 3709 974 3782 ἦν,
1009 3711 1128 3765 οὐδὲ
1165 3711 1371 3781 πολλὴν
1407 3712 1716 3780 ἀποσημαῖ-

1823 3723 2005 3765 actum
2061 3711 2135 3765 ita
2191 3713 2547 3780 prosequitur
2580 3730 2640 3764 τι
2682 3712 2884 3768 llerodi
2933 3725 3121 3770 autem
3170 3719 3398 3774 morbus

135 3832 230 3868 νον
265 3813 385 3868 τοῖς
415 3807 796 3876 ἐπαφωμένοις
826 3804 924 3873 τὴν
957 3803 1248 3870 φλόγωσιν,
1272 3803 1405 3873 ὅσην
1429 3803 1541 3864 τοῖς
1561 3803 1716 3864 ἐντὸς

139 3903 466 3976 προσετίθει
498 3902 596 3972 τὴν
630 3898 906 3951 κάκωσιν·
943 3893 1209 3962 ἐπιθυμία
1238 3893 1295 3946 δὲ
1322 3892 1470 3964 δεινὴ
1512 3892 1607 3945 τοῦ
1635 3893 1722 3944 δέ-

140 3995 349 4059 ξασθαί
381 4011 436 4046 τι
467 3989 559 4044 ἀπ’
584 3987 754 4041 αὑτοῦ
780 4003 795 4020 ο
831 3988 890 4039 οὐ
917 3988 1025 4056 γὰρ
1058 3981 1126 4056 ἦν
1163 3985 1238 4054 μὴ
1263 3986 1359 4054 οὐχ
1387 3985 1679 4055 ὑπουργεῖν
1705 4000 1720 4014 ο

136 4093 237 4142 καὶ
274 4088 512 4146 ἕλκωσις
543 4083 652 4134 τῶν
681 4079 934 4148 ἐντέρων,
969 4081 1061 4131 καὶ
1115 4077 1351 4148 μάλιστα
1404 4079 1496 4131 τοῦ
1547 4078 1723 4129 κώλου

136 4182 318 4233 δειναὶ
350 4174 673 4244 ἁλγηδόνες’
707 4174 799 4223 καὶ
849 4171 1068 4239 φλέγμα
1119 4171 1286 4239 ὑγρὸν
1316 4169 1444 4240 περὶ
1473 4169 1597 4231 τοὺς
1629 4169 1726 4221 πό-

140 4276 239 4332 δας
266 4269 367 4320 καὶ
404 4263 624 4331 διαυγές
643 4278 654 4289 °
690 4260 1055 4330 παραπλησία
1082 4259 1139 4310 δὲ
1185 4259 1280 4311 καὶ
1311 4260 1441 4327 περὶ
1467 4256 1528 4310 τὸ
1557 4252 1724 4325 ἦτρον

141 4365 400 4418 κάκωσις
427 4350 495 4425 ἦν
521 4371 536 4384 ·
574 4353 668 4404 καὶ
707 4352 813 4420 μὴν
849 4351 942 4402 καὶ
970 4349 1062 4400 τοῦ
1095 4349 1296 4400 αἰδοίου
1331 4347 1494 4417 σῆψις
1517 4346 1723 4415 σκώλη.

142 4470 254 4514 κας
313 4444 660 4517 ἐμποιοῦσα·
694 4440 1005 4507 πνεύματός
1042 4457 1100 4492 τε
1153 4440 1307 4509 ὀρθία
1366 4440 1600 4500 ἔντασις,
1633 4438 1727 4488 καὶ

142 4547 293 4612 αὑτὴ
325 4543 450 4593 λίαν
484 4538 653 4606 ἀηδὴς
687 4533 943 4604 ἀχθηδόνι
974 4550 1032 4584 τε
1063 4533 1158 4601 τῆς
1207 4533 1490 4601 ἀποφορᾶς
1528 4530 1623 4582 καὶ
1649 4530 1726 4596 τῷ

142 4637 347 4705 πυκνῷ
374 4631 471 4685 τοῦ
517 4631 815 4698 ἄσθματος
856 4626 1108 4694 σπασμός
1143 4641 1202 4676 τε
1234 4623 1363 4693 περὶ
1394 4625 1500 4674 πᾶν
1530 4618 1599 4692 ἦν
1633 4622 1728 4691 μέ-

142 4737 265 4793 λος,
292 4726 453 4796 ἰσχὺν
474 4724 572 4790 οὐχ
599 4720 952 4788 ὑπομενητὴν
993 4717 1435 4786 προστιθέμενος.
1477 4716 1729 4783 Ἐλέγετο

143 4821 288 4891 γοῦν
324 4815 572 4868 ὑπὸ.τών
614 4811 963 4874 θειαζόντων,
1000 4808 1096 4860 καὶ
1145 4803 1226 4870 οἷς
1264 4807 1436 4859 ταῦτα
1491 4823 1731 4878 προαπο-

147 4908 500 4983 φθέγγεσθαι
516 4905 677 4972 σοφία
706 4901 1021 4972 προῦκειτο,
1046 4901 1239 4969 ποινὴν
1266 4899 1361 4952 τοῦ
1392 4898 1590 4951 πολλοῦ
1607 4900 1731 4951 δυσ-

151 5009 354 5069 σεὸοὖς
386 5007 414 5056 δ
448 5002 574 5063 Θεὸς
605 4997 1037 5068 εἰσπράττεσθαι
1067 4995 1218 5065 παρὰ
1249 4996 1340 5047 τοῦ
1372 4993 1654 5063 βασιλέως.
1703 5012 1720 5044 ι

147 5103 350 5156 Ταῦτα
381 5097 482 5155 μὲν
511 5095 567 5144 ὲν
600 5094 666 5161 τῇ
698 5089 1002 5161 δηλωθείσῃ
1029 5091 1218 5157 γραφῇ
1247 5089 1726 5155 παρασημαίνεται

146 5203 176 5251 ὁ
232 5194 501 5257 οιώσηπος
522 5203 535 5216 ο
569 5185 703 5236 ἀλλὰ
741 5183 846 5252 μὴν
879 5188 970 5234 καὶ
1003 5183 1060 5233 ὲν
1091 5183 1154 5249 τῇ
1179 5181 1406 5251 δευτέρᾳ
1447 5180 1554 5230 τῶν
1590 5182 1727 5232 ἱστο-

149 5289 293 5359 ριῶν
323 5290 421 5352 τῆς
454 5277 706 5339 ἁλώσεως
739 5277 808 5328 τὰ
860 5274 1222 5344 παραπλήσια
1267 5273 1598 5340 διεξέρχεται
1625 5267 1727 5323 ὧδε

147 5354 285 5442 πως
325 5354 591 5443 γράφων·
621 5358 653 5420 Ι
679 5367 868 5419 Ἔνθεν
895 5364 1062 5418 αὐτοῦ
1097 5366 1155 5416 τὸ
1190 5364 1350 5430 σῶμα
1380 5364 1485 5415 πᾶν
1514 5365 1543 5431 ἡ
1573 5363 1725 5422 νάπος

151 5466 524 5527 διαλαὸοὖσα,
562 5461 830 5522 ποικίλοις
865 5458 1093 5512 πάθεσιν
1142 5456 1448 5526 ἐμερίζετο.
1488 5456 1722 5523 [Ιυρετὸς

227 5654 305 5721 (l)
339 5648 585 5704 Herodes
616 5645 716 5697 iste
745 5644 905 5696 etiam
943 5636 1168 5721 Antipas
1199 5635 1397 5721 dictus.

229 5707 309 5783 ii)
345 5721 594 5775 Herodes
621 5723 814 5784 praeter
851 5725 1047 5763 uxores
1082 5712 1244 5770 alias,
1272 5707 1620 5759 Mariainnten
1656 5717 1718 5758 ex

1820 3803 1987 3856 etiam
2035 3811 2204 3871 atque
2233 3804 2405 3856 etiam
2447 3803 2849 3874 adaugebatur,
2886 3805 3190 3863 vindictam
3227 3817 3394 3879 atque

1822 3893 2152 3962 supplicium
2203 3909 2300 3962 pro
2347 3893 2569 3964 ﬂagitiis
2604 3895 3016 3968 sceleribusque
3053 3900 3176 3970 ejus
3214 3902 3283 3955 ab
3328 3918 3397 3954 eo

1824 3995 2077 4038 sumente
2122 3985 2258 4039 Deo.
2312 3985 2520 4040 Lentus
2571 3989 2622 4040 ei
2676 3987 2857 4044 iuerat
2906 3992 3082 4060 ignis,
3129 4009 3239 4048 non
3287 4003 3394 4048 tam

1825 4091 2077 4147 magnam
2135 4077 2613 4134 contrectantibus
2665 4081 2963 4137 ostendens
3011 4083 3396 4143 inflammatio-

1826 4186 1973 4232 nem,
2009 4186 2174 4239 quam
2223 4171 2566 4227 intrinsecus
2613 4188 2812 4228 sarvam
2863 4176 3108 4234 elliciens
3150 4181 3394 4234 vexatio-

1828 4276 1978 4315 nem.
2014 4262 2096 4315 ΑΙ)
2129 4261 2235 4315 hoc
2267 4263 2412 4315 malo
2443 4265 2626 4331 gravis
2664 4268 2916 4321 sumendi
2958 4269 3066 4324 cibi
3102 4275 3392 4339 provenie-

1829 4353 1922 4406 bat
1968 4353 2265 4421 cupiditas,
2300 4368 2465 4422 quem
2507 4355 2728 4418 quidem
2770 4372 2880 4411 non
2924 4359 3124 4414 licebat
3164 4362 3241 4416 illi
3283 4379 3392 4418 non

1830 4444 2279 4499 subministrare.
2297 4445 2611 4500 Accedebat
2634 4448 3022 4504 intestinorum
3036 4452 3394 4519 exulceratio,

1830 4540 2292 4609 potissimumquc
2333 4541 2436 4594 coli
2482 4555 2639 4594 acres
2683 4550 2739 4595 et
2777 4542 2962 4596 acerbi
2995 4543 3230 4600 dolores.
3266 4545 3395 4600 ltein

1831 4632 2184 4686 inﬂammatio
2227 4632 2476 4696 humida,
2513 4633 2668 4702 quasi
2716 4636 3003 4704 pellucens
3050 4637 3105 4690 in
3146 4639 3396 4706 pedibus.

1831 4724 1942 4776 Nec
1975 4723 2245 4776 absimilis
2281 4723 2336 4776 in
2376 4718 2485 4777 imo
2522 4737 2711 4779 ventre
2755 4728 3009 4780 exstabat
3039 4731 3398 4786 excruciatlu.

1835 4815 2103 4869 Prmterea
2154 4825 2209 4869 et
2263 4815 2650 4884 pudendorum
2700 4819 2967 4886 putredo,
3016 4835 3228 4875 vermes
3274 4837 3399 4892 pro-

1833 4922 2047 4962 creatis.
2092 4907 2222 4960 Item
2267 4908 2496 4976 spiritus
2542 4909 2712 4961 ardua
2759 4919 2814 4962 et
2858 4910 3093 4966 dillicilis
3141 4914 3399 4978 intonso,

1839 4998 2069 5051 multum
2117 4998 2381 5052 molestia:
2421 4999 2845 5069 acerbitatisque
2902 5003 3178 5067 allerens,
3222 5007 3400 5074 graii-

1839 5099 1945 5143 tate
1977 5100 2032 5142 et
2062 5089 2251 5142 dolore
2291 5091 2671 5159 respirationis
2693 5131 2707 5155 ,
2750 5093 3170 5163 frequentiaque
3225 5098 3398 5150 anhe-

1836 5185 1985 5236 litus.
2021 5182 2127 5252 81
2166 5182 2394 5250 Insuper
2438 5185 2587 5252 rigor
2623 5197 2678 5239 et
2722 5186 2990 5251 distensio
3027 5189 3397 5242 membrorum

1835 5273 2101 5336 omnium,
2123 5289 2247 5327 cum
2275 5274 2621 5327 vehementia
2644 5288 2700 5328 et
2730 5275 2780 5327 vi
2809 5277 3161 5330 intolerabili.
3189 5277 3397 5346 Itaque,

1835 5366 1926 5434 qui
1945 5365 2181 5417 Numine
2203 5364 2477 5428 alii-antur,
2510 5365 2700 5428 divini,
2726 5367 2928 5435 quique
2953 5369 3249 5435 praedicere
3274 5370 3399 5422 talia

1835 5471 1931 5524 pro
1958 5455 2223 5524 sapientia
2251 5457 2471 5520 habent,
2498 5457 2662 5510 Deum
2690 5475 2907 5528 pinnam
2934 5476 2961 5512 a
2991 5475 3113 5530 rege
3138 5461 3207 5514 ob
3230 5460 3399 5530 pluri-

1825 5632 1992 5687 lratre
2037 5635 2279 5706 neptim,
2334 5643 2389 5706 et
2442 5636 2666 5689 alteram
2720 5641 2922 5706 neptim
2949 5638 3110 5692 ﬁliam
3161 5638 3399 5699 Simonis

1836 5705 2112 5772 pontificis
2140 5703 2469 5773 Samariten,
2507 5708 2560 5760 in
2591 5703 2938 5762 matrimonio
2972 5710 3184 5765 habuit.
