4212 6430
160 415 270 481 τοι

1128 421 1726 484 ΕΕΩιΕΞΙΑΞΤῐΟΑΞ
1770 424 2166 486 IllSTORMi
2211 426 2356 487 UB.
2402 425 2451 485 Ι.

3301 415 3416 488 τω

163 534 481 598 πρακτικῆς
509 531 782 599 γνώσεται,
812 533 871 598 ἐξ
900 534 1118 603 ἑτοίμου
1153 533 1293 589 εἶναι
1326 537 1507 598 αὐτοῖς
1536 537 1623 589 διὰ
1646 538 1746 604 τῆς
1780 538 1817 591 Α

1780 538 1817 591 Α
1852 547 1958 590 teni
1996 539 2385 601 constantiam,
2420 536 2657 606 denique
2692 533 3146 607 innocentiamet
3193 535 3416 589 mundi-

167 626 483 692 πρακτικῆς
515 632 605 677 καὶ
638 625 731 694 τὴν
768 628 862 698 τῆς
887 626 1123 696 θεωρίας
1152 629 1429 683 ἐπίϐασιν.
1472 630 1580 681 Καὶ
1612 629 1740 697 γοῦν

165 731 253 777 τις
289 717 438 788 φόϐῳ
472 718 675 787 Κυρίου
728 721 824 781 τὰς
879 722 1100 781 ἰντο).ἀς
1146 723 1262 773 ἐστι
1316 722 1617 788 κατορθῶν,
1647 725 1739 773 καὶ

167 810 289 877 ἃμα
313 812 409 876 τῆς
440 809 588 872 θείας
618 810 960 879 γλυκύτητος
992 814 1087 865 καὶ
1111 812 1333 878 ἀγάπης
1361 810 1737 876 καταξιοῦται·

166 906 267 954 καὶ
308 902 497 972 ὥσπερ
525 920 578 954 τι
618 902 851 954 ἔπαθλον
895 901 1099 971 ταύτης
1133 901 1254 953 κατ’
1295 902 1591 967 ἀναλογίαν
1640 902 1743 969 τῆς

168 994 480 1060 προκοπῆς,
530 991 640 1043 τῶι
695 992 856 1043 θείων
905 993 1227 1060 μυστηρίων
1283 992 1590 1060 καρποῦται
1645 991 1744 1060 τὴν

169 1084 551 1151 ἀποκάλυψιν·
600 1086 695 1136 καὶ
748 1076 822 1137 ὧν
888 1084 1009 1137 οὐδὲ
1040 1084 1261 1137 ἀκούειν
1312 1078 1424 1145 οἷός
1456 1083 1514 1135 τέ
1572 1086 1743 1149 ἐστιν,

172 1176 459 1240 ἄπρακτος
485 1175 580 1238 ῶν,
611 1176 698 1228 διὰ
728 1176 827 1245 τῆς
851 1178 1105 1247 πράξεως
1143 1179 1320 1246 ἥκων.
1353 1177 1544 1243 σαφῶς
1575 1194 1746 1230 κατα-

171 1267 333 1334 θρεῖο
390 1263 465 1321 ῶν
498 1285 557 1321 τε
589 1270 650 1323 οὐ
703 1272 952 1339 συνίησιν
1004 1272 1484 1339 ἑρμηνευομένων,
1550 1270 1746 1338 πόῤῥω

174 1364 430 1431 πράξεως
464 1363 560 1426 ῶν,
604 1364 764 1425 αὐτὸς
810 1365 1086 1434 ἑρμηνεὺς
1143 1364 1469 1418 καθίσταται
1501 1364 1747 1434 ἄριστος,

172 1458 277 1526 τὴν
304 1459 613 1528 πρακτικὴν
636 1459 877 1527 μετιών.
913 1460 1020 1514 Καί
1054 1459 1106 1526 γ’
1135 1461 1400 1529 ἐπήϐολος
1434 1459 1544 1511 τῶν
1574 1460 1748 1530 apsq-

174 1565 287 1601 των
318 1552 383 1619 τῇ
420 1548 622 1619 θεωρία
655 1552 852 1620 κομιδῇ
888 1552 1100 1618 γίνεται
1126 1566 1140 1581 ⁸
1204 1553 1299 1603 καὶ
1353 1552 1415 1603 τὸ
1448 1551 1562 1603 ⁴τῶν
1590 1552 1751 1604 θείων

178 1636 346 1702 βάθος
393 1640 746 1706 παρπὸαλὼν,
803 1641 1039 1709 ἐρευνᾷ,
1077 1640 1168 1693 καὶ
1211 1639 1497 1703 ἁκὶύστως
1516 1644 1628 1703 τοῖς
1652 1642 1751 1707 τῆς

181 1729 378 1795 σοφίας
416 1729 595 1797 βυθοῖς
648 1732 994 1800 ἀνανήχεται.
1042 1732 1366 1801 Παραΰολὰς
1397 1728 1489 1785 οὖν
1517 1734 1545 1785 ὁ
1580 1732 1756 1786 τοιοῦ-

178 1838 273 1882 τος
300 1824 390 1873 καὶ
418 1824 717 1890 αἰνίγματα
744 1826 881 1893 πρὸς
919 1824 1215 1894 οἰκοδομὴν
1236 1827 1346 1878 τῶν
1378 1827 1755 1895 μαθητευομέ-

182 1930 292 1965 νων
332 1914 409 1979 τῷ
450 1913 548 1983 ῖτῳ
591 1916 862 1981 πνεύματι
906 1916 1196 1984 προτίθησι
1221 1934 1233 1946 ο
1262 1918 1355 1969 καὶ
1381 1918 1675 1979 ἀναϐάσεις
1702 1920 1759 1969 ὲν

181 2006 387 2075 καρδία
443 2007 643 2073 νοερῶς
695 2001 1063 2075 ἐποικοδομεῖ,
1125 2010 1193 2061 τὰ
1242 2010 1343 2078 τῆς
1392 2008 1527 2063 Θεοῦ
1564 2012 1758 2077 σοφίας

183 2100 362 2167 ἄδηλά
392 2118 447 2152 τε
485 2104 579 2155 καὶ
602 2103 810 2171 κρύφια
862 2104 1025 2172 ιερῶς
1081 2121 1139 2157 τε
1178 2104 1294 2174 ἅμα
1348 2105 1439 2157 καὶ
1476 2107 1759 2174 μυστικῶς

184 2192 434 2262 θεωρῶν.
479 2194 614 2245 Ἀλλ’
641 2196 671 2262 ὴ
700 2197 799 2261 μὲν
823 2196 930 2247 τῶν
974 2197 1351 2264 εὐαγγεὶικῶν
1393 2198 1625 2250 ἐντολῶν
1666 2199 1762 2249 καὶ

186 2285 539 2353 παραϐολῶν,
570 2286 645 2346 ὼς
701 2288 758 2339 ιν
800 2289 995 2356 βραχεῖ
1036 2293 1198 2356 φάναι
1254 2290 1508 2357 δύναμις,
1545 2290 1603 2341 ἑν
1640 2292 1761 2342 τούς

165 2391 301 2437 τοις
331 2392 345 2405 ·
373 2377 711 2444 πρακτικούς
751 2394 809 2429 τε
839 2378 943 2447 γὰρ
972 2382 1064 2432 καὶ
1090 2380 1463 2448 θεωρητικοὺς
1495 2382 1586 2430 καὶ
1610 2380 1763 2448 φιλο·

187 2473 390 2537 σὰφους
456 2472 533 2541 τῷ
564 2474 700 2533 ὄντι,
744 2476 836 2526 καὶ
888 2474 1246 2525 ἀποστολικδν
1299 2476 1765 2545 ἐπανῃρημένους

189 2561 331 2631 βίον.
361 2564 621 2631 ἀδελφούς
645 2581 703 2616 τε
722 2568 813 2616 καὶ
842 2565 1224 2633 συμμεριστὰς
1248 2566 1341 2619 τοῦ
1377 2566 1615 2635 Χριστοῦ
1644 2568 1767 2629 τοὺς

188 2657 317 2710 κατ’
358 2658 571 2719 ὲκείνας
623 2658 874 2721 ἐντελεῖς,
929 2659 1342 2725 ἀποφαίνουσιν.
1394 2659 1546 2711 Ἐπεὶ
1577 2660 1621 2711 δ’
1674 2656 1767 2711 οἷον

186 2750 306 2801 τῶν
327 2749 626 2818 ἀμηχάνων
652 2752 769 2802 ἐστὶ
802 2752 896 2803 καὶ
921 2751 1031 2802 τῶν
1059 2750 1131 2819 μὴ
1161 2750 1401 2803 δυνατῶν
1431 2750 1528 2819 τὴν
1559 2751 1769 2819 ἀνθρω-

192 2844 363 2910 πίνην
398 2845 561 2909 φύσιν
615 2844 830 2897 οἴκοθεν
885 2846 1215 2913 κινουμένην
1246 2847 1312 2913 τῇ
1363 2846 1563 2910 φυσικῇ
1609 2844 1768 2912 ῥώμη

189 2934 275 2996 si;
300 2938 358 2985 τὸ
393 2935 596 2987 τέλειον
620 2936 719 3003 τῆς
748 2935 1002 3004 πράξεως
1026 2935 1306 3003 ἐπιϐῆναι.
1340 2936 1372 3005 ἢ
1405 2936 1482 3003 τῲ
1516 2934 1640 3002 ὕψει
1671 2936 1768 3001 τῆς

194 3025 432 3095 θεωρίας
474 3026 776 3088 ἐπιϐαλεῖν,
821 3028 870 3078 εί
921 3028 995 3096 μή
1026 3044 1109 3090 τις
1142 3030 1249 3090 τοῖς
1278 3029 1374 3095 τῆς
1402 3027 1630 3093 καρδίας
1671 3044 1773 3093 μυ-

193 3118 316 3185 xei;
342 3115 430 3167 τὸν
462 3116 692 3186 Σωτῆρα
737 3116 945 3182 Κύριον
993 3117 1068 3179 ὡς
1100 3118 1231 3170 Θεὸν
1284 3118 1491 3169 τέλειον
1520 3121 1614 3169 καὶ
1642 3120 1771 3185 ὁμο-

1852 631 2017 694 tiem,
2092 642 2259 700 atque
2338 631 2486 684 omni
2555 628 2741 685 carnis
2814 629 2978 682 simul
3058 638 3113 682 et
3184 628 3414 696 spiritus

1852 723 2325 778 contaminatione
2364 732 2419 775 et
2470 722 2882 789 inquinamento
2916 734 3142 773 vacuam
3189 720 3413 773 castita-

1855 823 1961 866 tom
2028 813 2415 867 introducunt.
2474 811 2670 866 Omnia
2720 811 2977 880 denique,
3038 809 3187 864 aliud
3240 810 3409 863 alium

1857 919 2103 965 sensum,
2132 904 2551 973 paedagogorum
2608 917 2781 967 more,
2806 902 3067 957 erudiunt
3116 909 3279 970 atque
3332 900 3418 953 iu—

1854 1006 2100 1058 struunt,
2138 1006 2191 1051 ct
2228 997 2479 1065 linguam
2520 1003 2668 1049 recte
2702 994 2941 1047 formant
2979 1003 3140 1061 atque
3178 990 3413 1044 frenant.

1854 1090 2047 1145 Omnia
2085 1089 2249 1141 etiam
2277 1103 2343 1141 ea
2376 1096 2801 1157 praeeptahper
2833 1084 3086 1155 spiritum
3120 1083 3416 1138 efﬁcaciam

1858 1199 2012 1237 suam
2047 1193 2370 1241 consecuta,
2404 1182 2620 1249 riteque
2658 1190 2712 1233 et
2761 1195 2887 1233 cum
2914 1178 3126 1249 judicio
3156 1178 3211 1230 in
3239 1178 3419 1230 animo

1858 1286 2149 1343 concepta,
2212 1276 2427 1329 alacres
2481 1285 2537 1326 et
2586 1272 2801 1325 vividos
2836 1278 3186 1325 exsecuturos
3231 1283 3418 1322 eorum

1856 1368 2128 1432 efficiunt,
2165 1370 2338 1422 bonos
2375 1367 2587 1421 scilicet
2648 1374 2704 1420 et
2752 1366 2954 1435 justus,
2984 1360 3228 1431 placidos
3259 1359 3422 1413 simul

1859 1472 1915 1516 et
1943 1476 2152 1530 aequos,
2193 1461 2324 1515 item
2380 1457 2770 1514 misericordes
2800 1465 2853 1509 et
2886 1456 2980 1509 Del
3018 1462 3310 1507 amantes:
3346 1461 3421 1513 et,

1863 1561 1922 1607 ut
1975 1554 2292 1607 summatim
2346 1552 2549 1611 dicam.
2596 1548 2926 1619 injustitiam
2969 1554 3024 1599 et
3074 1545 3419 1613 iniquitatem

1861 1661 2136 1721 quamque
2176 1661 2278 1698 nos
2322 1645 2549 1698 omnino
2589 1659 2653 1695 ex
2684 1641 2848 1694 corde
2880 1640 3102 1709 ejicere.
3134 1644 3299 1703 atque
3332 1648 3425 1687 eas

1864 1739 2105 1794 aversari
2132 1737 2445 1806 ,-justitiam
2477 1750 2608 1790 vero
2638 1748 2857 1788 omnem
2880 1742 2934 1785 et
2968 1730 3252 1791 virtutem,
3273 1728 3425 1797 juxta

1866 1831 2281 1899 proportionem
2328 1826 2787 1882 conformationis
2839 1832 2893 1877 et
2937 1818 3313 1876 similitmlinis
3358 1816 3423 1869 ad

1862 1923 2145 1978 doctorem
2181 1923 2381 1991 ipsum,
2424 1934 2685 1974 exercere
2721 1928 2776 1971 et
2807 1913 3058 1969 meditari
3090 1914 3289 1968 docent
3319 1930 3330 1962 :
3366 1920 3427 1962 ut

1862 2016 2084 2078 deinde,
2110 2030 2234 2069 cum
2265 2016 2373 2083 jam
2409 2012 2475 2066 ad
2517 2010 2932 2081 dispositionem
2966 2005 3426 2070 aﬂ‘ectionemque

1864 2106 2071 2165 cordis.
2101 2115 2267 2173 atque
2292 2104 2431 2157 adeo
2466 2101 2530 2155 ad
2566 2101 2691 2155 boni
2731 2099 2978 2152 habitum
3005 2094 3349 2165 per-tigerint,
3372 2101 3428 2144 et

1863 2215 1925 2252 ea
1962 2207 2225 2267 quantum
2263 2194 2380 2249 ficii
2414 2202 2595 2260 potest
2640 2189 3021 2249 observarint,
3051 2202 3158 2239 non
3191 2182 3429 2252 amplius

1867 2304 2092 2357 peccare
2120 2287 2331 2356 possint
2362 2285 2591 2354 :qoippe
2624 2282 2689 2336 ad
2723 2281 3133 2352 perfectionem,
3158 2291 3321 2347 quam
3347 2275 3431 2328 vis

1867 2381 2105 2434 humana
2154 2379 2323 2447 capit,
2370 2375 2659 2445 compositi
2710 2383 2877 2443 atque
2915 2371 3160 2433 deducti,
3200 2364 3429 2435 perinde

1868 2474 2079 2528 scilicet
2113 2483 2279 2540 atque
2321 2470 2438 2540 ipse
2470 2470 2566 2539 qui
2613 2469 2697 2523 eis
2753 2466 2935 2537 praeiit
2965 2478 3150 2519 rerum
3193 2462 3433 2529 optirna-

1870 2583 1992 2621 rum
2034 2567 2295 2634 magister
2320 2573 2377 2617 et
2405 2570 2729 2633 praceptor.
2763 2558 3035 2613 Caeterum
3070 2556 3136 2609 ad
3157 2569 3286 2608 eum
3319 2567 3433 2605 mo-

1869 2658 1998 2711 dum
2031 2672 2129 2725 per
2165 2655 2500 2709 effectricem
2531 2650 2904 2721 cognitionem
2940 2655 3335 2718 praeceptorum
3368 2645 3435 2697 ad

1870 2748 2263 2815 perfectionem
2307 2744 2627 2814 perductis,
2677 2741 2939 2812 proclivis
2990 2739 3278 2807 facilisque
3333 2735 3435 2796 fit.

1871 2854 1967 2907 per
1994 2838 2331 2891 effectricem
2368 2852 2489 2889 eam
2526 2837 2656 2895 vim,
2688 2833 2755 2887 ad
2800 2829 3313 2900 contemplatricem
3340 2842 3436 2881 su-

1872 2933 2200 2985 blimitatem
2238 2915 2525 2984 transitus.
2560 2927 2615 2981 Si
2648 2929 2772 2996 quis
2800 2926 2943 2980 enim
2985 2938 3141 2994 praei
3164 2932 3253 2992 pta
3290 2932 3440 2975 recte

1870 3023 2247 3091 exsequendo,
2278 3038 2375 3090 per
2407 3022 2656 3074 timorem
2692 3017 2927 3081 Domini,
2952 3016 3003 3069 iu
3031 3016 3161 3084 plul,
3184 3028 3310 3069 eum
3345 3012 3437 3063 illo

1873 3114 2034 3169 simul
2070 3114 2253 3167 divina
2280 3112 2572 3166 dulcedine
2598 3121 2652 3165 et
2681 3109 2945 3163 charitate
2978 3110 3252 3177 dignatur.
3294 3104 3371 3160 Ita
3393 3103 3439 3158 is

195 3209 367 3276 σθενῆ
418 3210 496 3278 τῷ
544 3185 724 3280 Πατρὶ
785 3213 881 3263 καὶ
930 3212 1219 3279 ἄνθρωπον
1270 3213 1477 3265 τέλειον
1514 3209 1603 3266 οἷά
1643 3230 1768 3265 τινα
1798 3185 1840 3241 C

1798 3185 1840 3241 (ἶ
1874 3206 2096 3261 demum
2127 3203 2431 3260 elfectricis
2474 3218 2700 3270 operum
2736 3201 2976 3255 virtutis.
3016 3210 3273 3267 tanquam
3302 3213 3440 3265 pne-

195 3300 458 3369 θεμέλιον
511 3304 729 3372 ἀρραγῆ
778 3303 1154 3371 πρκόὰλλοιτο,
1209 3306 1305 3357 καὶ
1360 3304 1509 3372 αὑτῷ
1564 3305 1769 3374 ἀρωγῷ

198 3391 547 3458 κεχρημένος
572 3390 952 3459 προσεύχοιτο,
1005 3392 1139 3459 πρός
1185 3406 1247 3443 τι
1281 3389 1481 3460 πρᾶξιν
1511 3392 1607 3441 καὶ
1632 3390 1771 3443 05w-

199 3482 333 3550 ρίαν
356 3482 636 3552 answeth
656 3499 670 3513 ο
714 3482 741 3533 ὂ
772 3482 834 3550 δὴ
863 3485 984 3535 τότε
1017 3484 1116 3551 μὲν
1143 3484 1299 3545 αὐτὸς
1327 3484 1393 3536 δι’
1425 3466 1622 3537 ἑαυτοῦ
1662 3484 1773 3545 τοῖς

202 3574 361 3633 ἰδίοις
401 3576 429 3625 ὁ
453 3574 652 3641 Κύριος
701 3572 898 3641 Ἰησοῦς
925 3574 1170 3643 ὑπέφηνε
1215 3574 1533 3637 θιασώταις,
1566 3575 1691 3642 ἑξῆς
1718 3575 1772 3625 δὲ

202 3674 302 3713 και
342 3663 544 3723 πάσαις
596 3665 715 3724 ταῖς
766 3662 875 3714 τῶν
908 3662 1211 3732 ἀνθρώπων
1271 3666 1486 3730 γενεαῖς
1535 3662 1621 3716 διὰ
1664 3664 1770 3716 τῶν

207 3756 375 3825 ἱερῶν
431 3754 783 3822 Εὑατγεὶίων
842 3756 935 3808 καὶ
964 3754 1203 3809 διδάσκει
1244 3757 1338 3809 καὶ
1392 3757 1775 3825 καταγγέλλει,

202 3848 342 3899 Θεὸν
379 3848 473 3899 καὶ
518 3846 808 3917 ἄνθρωπον
856 3842 999 3900 εἶναι
1048 3848 1255 3901 τέλειον
1285 3848 1480 3900 ἑαυτὸν
1516 3850 1778 3918 ἐμφανῶς

206 3940 516 4006 παριστῶν.
549 3940 719 3991 Τοῦτο
754 3940 858 4010 χρὴ
893 3942 987 3991 καὶ
1015 3941 1159 4009 ἡμᾶς
1182 3939 1291 4010 πρὸ
1317 3940 1515 4003 παντὸς
1538 3941 1763 3992 ιννοοῦν

203 4049 332 4095 τας,
386 4034 517 4082 Θεὸν
546 4049 600 4083 τε
638 4032 731 4083 καὶ
778 4030 981 4102 Κύριον
1032 4032 1318 4100 ὁμολογεῖν
1348 4033 1438 4085 καὶ
1487 4034 1779 4099 ἄνθρωπον

206 4126 423 4176 τέλειον
449 4139 463 4155 ο
524 4123 619 4176 καὶ
681 4124 784 4177 ὑπὸ
817 4124 924 4176 τῶν
962 4124 1153 4177 τούτου
1186 4125 1418 4178 ἐντολῶν
1458 4123 1781 4195 καταρτιζο·

212 4221 436 4287 μένους,
494 4216 817 4287 ἀνατρέχειν
872 4216 1009 4286 πρὸς
1061 4216 1162 4286 τὴν
1207 4216 1393 4269 ἔνθεον
1446 4217 1663 4286 satelqu
1695 4234 1781 4269 τε-

209 4330 269 4363 Αε
279 4328 455 4364 ιωσιν.

1882 3303 2076 3367 mium,
2108 3301 2262 3369 juxta
2305 3299 2587 3368 profectus
2624 3296 3061 3365 pmjortioncm,
3094 3291 3445 3346 revelationis

1881 3394 2197 3447 divinorum
2230 3391 2617 3461 mysteriorum
2650 3389 2882 3467 percipit
2924 3387 3155 3439 fructus.
3196 3382 3266 3437 Et
3307 3398 3446 3449 quas

1879 3501 1968 3539 res
2019 3500 2085 3538 ne
2137 3484 2334 3537 audire
2382 3482 2603 3550 quidem
2655 3489 2851 3549 potest.
2886 3493 3010 3532 cum
3054 3478 3122 3529 ab
3167 3474 3447 3528 effectrice

1880 3579 2083 3631 virtute
2116 3577 2325 3630 otiosus
2356 3577 2511 3628 alicst
2537 3616 2550 3638 ,
2597 3589 2713 3637 cas,
2769 3588 2865 3641 per
2899 3587 3059 3640 Opera
3094 3571 3300 3623 aditum
3343 3568 3445 3619 siln

1881 3672 2113 3733 faciens,
2156 3671 2302 3723 clare
2352 3680 2402 3722 et
2458 3667 2744 3721 evidenter
2773 3664 3197 3732 contemplatur.
3237 3659 3296 3712 Et
3329 3674 3450 3727 qua:

1881 3763 2243 3832 intelligendo
2291 3777 2397 3813 non
2436 3746 2755 3823 assequitur
2795 3772 2888 3825 per
2933 3755 3447 3824 interpretatiomm

1878 3859 2154 3924 exposita,
2187 3855 2253 3909 ab
2278 3869 2505 3923 operum
2532 3851 2810 3907 efl’ectrice
2840 3859 3104 3911 remotus,
3134 3862 3196 3900 ca
3216 3845 3452 3899 elici-tri-

1882 3963 2000 4001 cem
2036 3962 2376 4015 persequens
2428 3945 2543 4013 ipse
2583 3958 2744 4013 quam
2781 3941 2989 4010 optime
3031 3942 3449 4005 interpretatur.

1885 4052 2225 4106 composque
2289 4036 2345 4089 fit
2393 4050 2576 4090 rerum
2624 4048 2944 4087 arcanarum
2989 4042 3045 4085 et
3094 4027 3450 4084 ineffabilium

1887 4130 2113 4182 omnino
2143 4144 2238 4197 per
2263 4127 2782 4196 contemplationem
2807 4142 2818 4175 :
2846 4139 2908 4177 ac
2936 4123 3246 4176 divinarum
3276 4119 3455 4171 sricu-

1892 4220 2087 4273 tiarum
2150 4219 2501 4273 altitudinem
2557 4232 2865 4287 aggressus,
2916 4231 3010 4269 cas
3068 4212 3317 4281 inquirit,
3362 4225 3447 4262 sa-

1896 4311 2224 4381 pientiaeque
2275 4311 2544 4380 prolundo
2598 4311 2768 4364 libere
2818 4320 2983 4378 atque
3034 4308 3152 4359 sine
3208 4304 3453 4375 periculo

213 4406 454 4460 innatat.
491 4403 680 4474 Itaque
712 4404 759 4459 is
786 4402 1075 4474 parabolas
1114 4402 1483 4473 aenigmata
1549 4402 1617 4458 ad
1682 4401 2106 4459 adiﬁcatiouem
2156 4405 2483 4459 discentium
2537 4405 2728 4459 eodem
2810 4401 3066 4471 proponit
3140 4399 3457 4475 spiritu._et

210 4500 374 4568 quasi
405 4500 607 4570 gradus
638 4510 695 4553 et
722 4515 986 4555 ascensus
1015 4498 1070 4553 in
1105 4499 1274 4556 corde
1302 4499 1409 4555 sibi
1458 4514 1557 4569 per
1630 4504 1831 4554 mentis
1894 4516 2125 4555 acumen
2179 4504 2452 4556 construit
2494 4517 2510 4554 :
2564 4516 2651 4554 res
2704 4500 2991 4560 obscuras,
3061 4497 3346 4550 abstrusas
3400 4502 3457 4546 et

213 4597 437 4651 abditas
486 4596 773 4663 sapientia:
825 4595 943 4658 Dei,
992 4606 1185 4650 sancte
1272 4596 1437 4650 simul
1517 4604 1573 4649 et
1657 4597 1885 4666 mystice
1963 4601 2360 4667 contemplans.
2432 4597 2688 4652 Sedenim
2746 4606 3017 4665 praecepta
3076 4604 3132 4649 et
3189 4592 3458 4663 parabolae

214 4689 674 4759 Evangeliorum,
706 4698 977 4758 quatenus
1004 4704 1081 4742 ea:
1114 4688 1356 4743 breviter
1383 4691 1493 4744 dici
1526 4700 1777 4759 possunt,
1824 4692 1875 4743 in
1946 4692 2030 4745 his
2094 4708 2213 4761 quae
2242 4692 2669 4761 perstrinximus
2695 4700 2823 4743 sunt
2857 4689 2991 4743 sitae.
3022 4687 3133 4758 93
3162 4686 3458 4740 Ell'ectures

212 4801 460 4854 namque
492 4799 721 4854 Operum
770 4794 934 4852 atque
962 4784 1473 4853 'contemplatores,
1516 4802 1788 4855 verosque
1828 4789 2206 4856 philoSOpbos,
2251 4789 2344 4857 qui
2420 4788 2780 4857 apostolicam
2824 4789 2980 4855 plane
3055 4786 3220 4838 vitam
3256 4786 3460 4855 degen-

215 4882 344 4935 dam
368 4880 595 4946 eligant,
618 4878 729 4931 imo
750 4877 946 4931 fratres
962 4878 1129 4930 etiam
1153 4888 1211 4931 et
1236 4879 1535 4948 participes
1554 4879 1787 4944 Christi,
1829 4896 1924 4935 eos
1957 4884 2047 4949 qui
2112 4883 2267 4951 juxta
2335 4899 2396 4935 ea
2435 4893 2705 4953 punct-pta
2738 4882 2801 4934 ad
2830 4882 3225 4950 perfectionem
3253 4884 3460 4949 pertin-

214 4986 375 5047 μοι.
408 4972 679 5026 efficiunt.
734 4973 904 5025 Porro
952 4970 1069 5024 ﬁeri
1101 4970 1358 5039 efilcique
1406 4987 1514 5025 non
1568 4982 1765 5040 potest,
1807 4984 1866 5027 ut
1907 4976 2148 5028 hominis
2208 4986 2404 5028 natura
2434 4987 2490 5029 et
2517 4980 2778 5035 tenuitas,
2811 4975 3033 5043 propriu
3070 4972 3285 5027 concita
3339 4990 3459 5027 ino-

218 5080 279 5123 tu
308 5077 366 5122 et
402 5068 452 5121 vi
486 5068 690 5129 nativa,
716 5066 803 5119 vel
834 5064 901 5118 ad
928 5063 1321 5133 perfectionem
1351 5064 1653 5119 effectricis
1716 5067 1938 5121 virtutis
1999 5074 2295 5137 pertingat,
2366 5069 2450 5121 vel
2502 5068 2568 5122 ad
2622 5064 2973 5121 altitudineni
3036 5065 3461 5134 contemplatio-

218 5180 350 5218 num
373 5162 579 5229 aspiret
603 5198 619 5222 ,
647 5159 751 5211 nisi
776 5157 903 5227 quis
930 5156 1307 5212 inlimocorde
1328 5173 1428 5212 suo
1454 5159 1788 5213 Salvatorcm
1831 5160 2144 5225 Dominum,
2184 5171 2243 5215 ut
2310 5162 2479 5216 Deum
2518 5162 2844 5230 perfectum,
2882 5171 3044 5229 atque
3111 5159 3300 5212 eadem
3334 5172 3458 5213 cum

221 5256 384 5312 Patre
444 5254 689 5323 potentia
729 5261 785 5305 et
839 5252 1065 5314 virtute,
1100 5250 1467 5320 eumdemque
1517 5254 1793 5306 hominem
1836 5256 2205 5324 perfectum,..
2235 5264 2492 5323 tanquam
2559 5254 2833 5323 quoddam
2875 5252 3243 5307 firmissimum
3276 5252 3462 5304 funda-

225 5365 477 5409 mentum
525 5352 761 5421 jecerit:
798 5358 964 5418 atque
992 5365 1060 5403 eo
1091 5349 1342 5418 adjutore
1378 5359 1555 5408 utens.
1599 5351 1791 5405 scdulo
1830 5362 1971 5413 oret,
2041 5364 2098 5406 ut
2169 5355 2218 5408 ei
2252 5354 2412 5407 simul
2445 5360 2499 5406 et
2523 5368 2749 5421 operum
2770 5352 3010 5414 effectio,
3044 5362 3098 5405 et
3135 5366 3460 5405 arcanorum

223 5446 616 5515 contemplatio
658 5456 805 5499 recte
840 5445 1119 5498 succedat.
1154 5443 1309 5508 Quod
1343 5459 1474 5497 sane
1518 5454 1629 5496 tum
1672 5446 1892 5513 quidem
1960 5448 2075 5513 ipse
2142 5464 2237 5516 per
2303 5450 2540 5516 seipsum
2576 5448 2834 5501 Dominus
2854 5446 3013 5501 Jesus
3038 5449 3154 5500 suis
3222 5445 3463 5499 ostendit

225 5544 646 5599 sectatoribus:
704 5541 969 5608 deinceps
1013 5554 1144 5593 vero
1198 5551 1252 5593 et
1304 5554 1496 5593 omnes
1545 5542 1790 5594 omnium
1835 5542 2118 5597 hominum
2182 5544 2453 5608 nationes,
2521 5560 2617 5615 per
2646 5558 2800 5597 sacra
2831 5542 3118 5611 Evangelia
3146 5541 3353 5602 docuit,
3384 5545 3465 5591 vi-

226 5644 454 5701 delicet.
508 5641 677 5694 Deum
723 5653 781 5692 se
832 5650 887 5691 et
933 5636 1094 5690 simul
1150 5635 1426 5689 hominem
1480 5638 1782 5705 perfectum
1823 5655 1943 5694 esse
2012 5644 2158 5695 clare
2204 5652 2259 5695 et
2304 5641 2512 5695 diserte
2560 5642 2837 5694 astruens.
2909 5639 2965 5692 Id
3003 5653 3104 5691 nos
3151 5651 3372 5707 quoque
3408 5638 3463 5689 in

228 5736 429 5805 primis
460 5733 900 5794 considerantes,
953 5730 1121 5783 Deum
1172 5729 1349 5797 ipsum
1420 5738 1477 5783 et
1547 5730 2269 5805 Dominum,eumdomqne
2319 5734 2599 5791 hominem
2656 5732 2957 5802 perfectum
3008 5731 3251 5800 profiteri
3302 5746 3465 5799 opor-

229 5842 332 5893 tet.
376 5842 434 5885 et
488 5846 584 5901 per
637 5834 904 5899 praecepta
958 5826 1078 5894 ejus
1130 5826 1298 5896 probe
1361 5826 1696 5890 instructos,
1768 5828 1833 5883 ad
1877 5830 2118 5885 divinam
2195 5831 2338 5885 illam
2386 5830 2717 5885 contendere
2757 5838 2813 5883 et
2858 5827 3114 5881 anhelare
3176 5826 3465 5897 perfectio-

232 5950 381 5990 ηοω.
