4212 6440
165 432 279 503 ’213

1090 426 1692 490 ECCLESIASTIQE
1736 424 2127 486 HISTORIA]
2169 423 2315 482 ΗΒ.
2366 416 2413 482 Ι.

3295 409 3400 472 7H

163 557 381 625 σαλήμ.
432 555 490 607 ’0
515 553 570 606 δὲ
603 553 754 622 ὄχλος
786 551 1013 604 εἰσόδων
1053 549 1219 618 τιμὴν
1251 547 1398 616 αὑτῷ
1427 545 1736 615 σχεδιάζον-
1767 551 1810 606 Α

1767 551 1810 606 Α
1841 545 2031 608 menti,
2083 543 2176 612 qui
2230 540 2440 596 tltronis
2490 535 2784 591 Cherubitn
2839 531 3102 593 tehitur,-
3138 531 3402 584 insidens.

161 665 278 710 τες,
319 641 406 700 οἷά
445 664 554 698 τινι
595 645 819 714 ἐξαισίῳ
847 643 939 697 καὶ
973 642 1114 710 ὑπὲρ
1141 640 1426 708 ἄνθρωπον
1460 637 1634 707 κυρίῳ
1660 635 1737 705 τῷ

163 741 284 791 ὖντι
317 743 408 790 καὶ
441 739 676 805 βασιλεῖ,
715 736 854 802 ᾠδὰς
893 735 1187 802 δημοσίους
1239 731 1563 783 ὲπὲπλεκον.
1599 728 1737 797 Πρὸς

160 831 223 882 δὲ
250 831 344 882 καὶ
379 830 588 896 πληθὺς
617 813 826 898 νηπίων
856 826 979 895 περὶ
1008 827 1170 878 αὖτὸν
1201 825 1476 894 ἧθροιστο,
1503 823 1739 882 παιᾶνας

162 923 350 982 Θείους
384 920 666 988 ἑξᾲδουσα·
713 919 805 970 καὶ
850 919 898 969 ei
937 918 1035 985 μὲν
1071 916 1250 968 αὐτῶν
1304 916 1372 966 τὰ
1433 916 1624 982 ἱμάτια
1676 915 1738 980 τῇ

163 1017 240 1082 γῇ
294 1011 723 1080 ἐπεστρώννυονο
755 1011 865 1062 εἰσὶ
919 1009 976 1061 δὲ
1032 1007 1081 1060 οἳ
1134 1008 1230 1060 xui.
1281 1005 1506 1068 κλάδους
1547 1004 1742 1056 ἐλαιῶν

161 1106 264 1156 καὶ
297 1106 556 1171 φοινίκων
606 1100 1012 1166 κατακλῶντες,
1076 1101 1202 1162 τοὺς
1263 1100 1362 1167 μὶν
1420 1101 1530 1160 τοῖς
1583 1097 1742 1150 ποσὶν

164 1198 534 1268 ὑπέρριπτονο
560 1195 712 1250 ἄλλοι
757 1195 814 1246 δὲ
861 1194 953 1246 καὶ⁹
1005 1195 1194 1264 χερσὶν
1221 1194 1584 1256 ἀνασείοντες,
1618 1193 1745 1243 ἐπε-

163 1289 408 1360 κράτουν
437 1287 705 1350 ὲξαισίαις
727 1279 1020 1355 ᾠδαῖς-ιοῖἁ
1047 1283 1521 1354 τινιτροπαιούχῳ
1544 1283 1637 1336 καὶ
1663 1301 1743 1333 νι-

163 1385 336 1451 κητῇ,
380 1382 641 1434 Ὡσαννὰ
680 1379 758 1443 τῷ
794 1376 902 1440 vidi
928 1377 1132 1438 Δαυῒδ,
1185 1376 1457 1441 λέγοντες
1493 1376 1747 1439 cruorq-

157 1472 353 1539 μένος
403 1475 435 1524 ὁ
482 1472 805 1538 ἐρχόμενος
861 1469 931 1520 ἐν
983 1469 1228 1536 ὀνόματι
1299 1466 1537 1532 Κυρίου.
1602 1465 1746 1528 Θεὸς

166 1565 416 1631 Κύριος,
465 1562 563 1615 καὶ
597 1561 901 1628 ἐπέραινεν
939 1559 1102 1627 ἡμῖν.
1159 1557 1269 1612 Καὶ
1309 1555 1460 1608 ταῦτ’
1505 1556 1748 1606 ἐπεϐόων

169 1659 398 1725 μακρὰν
451 1657 765 1722 ποιούμενοι
828 1655 1206 1722 προπομπὴν,
1263 1651 1424 1720 ἄχρις
1466 1643 1526 1701 οὗ
1576 1650 1747 1718 εἰσῄει

169 1747 314 1814 μετὰ
349 1747 507 1814 δόξης
559 1745 636 1814 τῷ
688 1745 839 1814 ἱερῷ.
871 1745 1034 1797 Ὅθεν
1075 1745 1168 1795 καὶ
1214 1744 1339 1803 τοὺς
1371 1741 1749 1808 Θεοκαπήλους

165 1840 434 1902 ἐξελάσας
466 1839 542 1907 τῷ
583 1838 903 1906 φραγγελίῳ
937 1836 1055 1904 μετ’
1095 1835 1342 1898 ἐξουσίας
1373 1837 1454 1887 ὄτι
1485 1834 1747 1901 πλείστης

166 1930 265 1980 καὶ
296 1931 613 2000 παρρησίας
644 1929 866 1996 πολλῆς,
905 1928 982 1988 εἰς
1033 1927 1124 1978 τον
1161 1927 1279 1977 κατ’
1322 1925 1486 1978 αὐτοῦ
1533 1925 1748 1992 φθόνον,

166 2023 269 2074 καὶ
297 2024 398 2090 τὴν
424 2021 673 2086 λυσσώδη
707 2019 906 2089 μανίαν
929 2019 1166 2086 ἐκείνην,
1192 2019 1318 2080 τοὺς
1341 2020 1556 2084 ἐναγεῖς
1580 2017 1754 2069 διανέ-

170 2130 366 2181 στησε.
404 2115 580 2165 Τόπον
614 2113 669 2165 δὲ
711 2114 776 2180 τῇ
822 2112 959 2178 ὀργῇ
1005 2109 1180 2170 διδους
1232 2110 1391 2179 (πρὸς
1446 2109 1553 2177 γὰρ
1598 2109 1755 2174 φόνον

171 2204 317 2271 ἦσαν
345 2207 650 2273 ὁρμῶντες,
708 2205 803 2256 ατε
859 2203 923 2273 δὴ
967 2207 1057 2257 τὸν
1114 2205 1318 2271 κόσμον
1363 2201 1540 2252 ὀπίσω
1590 2198 1756 2253 αὐτοῦ

175 2294 472 2360 βλέποντες
504 2293 887 2361 ἐφεπόμενον),
923 2291 1122 2355 ἔξεισιν
1165 2287 1317 2351 αὖθις
1346 2289 1446 2358 τῆς
1491 2288 1760 2354 Ἰερουσα-

172 2384 290 2452 λὴμ
321 2383 349 2435 ό
374 2383 568 2454 Σωτὴρ
611 2383 776 2452 εὐχῆς
810 2382 998 2437 ἕνεκα.
1041 2383 1224 2451 Ἱκανῇ
1254 2381 1310 2433 δὲ
1360 2380 1550 2450 χρόνου
1597 2378 1756 2448 τριϐῇ

172 2477 477 2543 ἐπανήκων
511 2472 694 2537 αὖῦις,
724 2475 907 2544 πρωτα
941 2475 997 2527 at
1033 2470 1124 2545 ἦν,
1155 2475 1250 2527 καὶ
1288 2473 1623 2542 πρόσπεινος
1655 2472 1760 2540 ήδη

171 2570 501 2637 γενόμενος,
538 2567 564 2619 ὂ
603 2567 740 2636 δῆτα
799 2569 999 2619 οἰκεῖον
1049 2568 1148 2636 τῆς
1197 2565 1616 2634 ἀνθρωπότητος
1667 2560 1757 2635 ἦν,

171 2662 319 2730 πρός
352 2677 478 2713 τινα
533 2661 705 2728 συκῆν
740 2659 1050 2712 ἀποκλίνει.
1112 2659 1265 2711 Ἐπεὶ
1312 2659 1370 2712 δὲ
1425 2659 1505 2727 μὴ
1551 2659 1762 2727 καρπὸς

171 2755 371 2823 ἐκείνῃ
396 2755 604 2820 παρῆν,
625 2753 900 2820 ἐπαρᾶται
937 2751 1038 2820 μὲν
1059 2750 1222 2814 εὐθὺς
1243 2749 1427 2822 ἐκείνῃ
1447 2750 1514 2802 τὰ
1534 2750 1761 2819 ἔσχατα,

169 2840 265 2897 οἷα
285 2844 353 2912 δὴ
383 2841 612 2912 ἀρχηγῷ
640 2842 708 2893 τὰ
732 2841 928 2910 πρῶτα
953 2841 1220 2910 γενομένῃ
1241 2840 1338 2909 τῆς
1369 2838 1758 2909 παραϐάσεως·

169 2938 274 2988 καὶ
303 2936 498 3004 ἁθρόον
518 2936 618 3004 τῆς
649 2935 952 3003 ὑγρότητος
986 2934 1204 3001 ἀπάσης
1227 2933 1578 3003 διατακείσης
1597 2934 1757 3001 αὐτῇ,

175 3027 328 3097 ξηρὰ
364 3030 478 3089 τοῖς
511 3028 644 3081 πᾶσι
675 3027 1017 3096 καθεωρᾶτο.
1052 3025 1117 3078 ‘0
1151 3025 1215 3096 δὴ
1245 3029 1344 3096 τῆς
1372 3027 1429 3078 ὲν
1466 3025 1617 3095 αὐτῷ
1646 3024 1763 3076 θεά-

172 3137 345 3188 τητος
375 3121 535 3187 ἔργον
562 3119 779 3182 παντως
814 3119 1206 3188 ἀριδηλότατον
1228 3134 1243 3149 ⁸
1297 3119 1392 3170 καὶ
1429 3118 1537 3188 γὰρ
1567 3115 1760 3187 ὥσπερ

175 3213 394 3283 φυσικὴ
420 3215 639 3282 θέλησις
672 3209 962 3282 ἀνθρώπου
993 3213 1050 3264 ὲν
1080 3210 1230 3281 αὑτῷ
1255 3212 1346 3264 καὶ
1375 3210 1592 3280 Θέλησις
1619 3211 1762 3265 κατὰ

176 3307 352 3372 φύσιν
387 3305 545 3367 Θεοῦ,
572 3304 714 3357 οὕτω
747 3306 842 3357 καὶ
877 3303 1170 3374 ἀνθρώπου
1204 3305 1298 3356 καὶ
1342 3302 1476 3356 θεοῦ
1509 3303 1762 3373 ὲνιργεια

175 3400 238 3448 ἐν
266 3397 346 3465 τῷ
382 3395 531 3465 αὑτῷ
568 3397 797 3464 ἑωρᾶτο.
858 3395 1023 3458 Φύσις
1049 3397 1158 3466 γὰρ
1200 3396 1438 3462 ἑκατέρα
1491 3396 1558 3448 τὰ
1587 3398 1762 3449 οἰκεῖα

175 3491 354 3558 ἑαυτῇ
382 3490 473 3540 καὶ
502 3487 659 3556 ἡθελε
693 3489 785 3540 καὶ
820 3489 1041 3556 ἐνήργει
1087 3488 1224 3555 μετὰ
1254 3487 1356 3557 τῆς
1387 3487 1614 3559 θατέρου
1651 3505 1764 3541 κοι-

175 3583 407 3643 νωνίας.
448 3582 520 3632 Οὐ
550 3582 659 3648 γὰρ
691 3583 1070 3649 ἀκοινωνήτως
1101 3580 1339 3650 ἑκατέρα
1367 3580 1530 3648 φύσις
1560 3583 1627 3633 τὰ
1653 3581 1763 3635 ῐδια

176 3675 479 3743 ἔπραττεν
518 3673 660 3724 ἀλλὰ
694 3674 788 3724 καὶ
823 3673 855 3740 ἡ
882 3672 1073 3740 Θεότης
1105 3675 1244 3740 μετὰ
1275 3674 1375 3741 τῆς
1398 3673 1764 3743 ἀνθρωπότη-

177 3781 298 3827 τος,
341 3765 502 3830 καὶὴ
556 3762 917 3831 ἀνθρωπότης
953 3759 1110 3824 αὖθις
1154 3764 1252 3816 σὺν
1301 3765 1369 3834 τῇ
1423 3763 1661 3834 θεότητι,
1696 3764 1764 3818 τὰ

176 3851 534 3920 προσήκοντα
567 3868 628 3918 γε
659 3852 866 3921 ἑκάστῃ
907 3850 1202 3920 ὑπερφυῶς
1235 3851 1528 3921 ἔπραττον.
1568 3853 1763 3906 Ἔνθεν

180 3962 290 4004 τοι,
328 3944 521 4012 ὥσπερ
557 3945 623 3995 τὰ
653 3941 755 4010 τῆς
785 3941 1044 4011 Θεαρχίας
1075 3944 1186 3996 ἴδια.
1223 3942 1301 4009 τῷ
1334 3942 1430 3996 τοῦ
1469 3943 1761 4016 ἀνθρώπου

184 4035 304 4103 Υἱῷ
368 4035 729 4103 μεταδίδοται,
785 4033 958 4096 οὕτως
1015 4034 1170 4097 αὖθις
1219 4036 1288 4088 τὰ
1338 4034 1434 4087 τοῦ
1469 4036 1762 4106 ἀνθρώπου

182 4131 399 4195 quanta
424 4126 780 4196 ἀσθενήματα
818 4125 899 4196 τῷ
940 4126 1059 4194 Θεῷ
1088 4128 1245 4196 Λόγῳ
1278 4127 1466 4196 σαφῶς
1496 4127 1766 4182 ἀντιδὲδο-

178 4237 273 4271 ται
323 4220 414 4270 διὰ
464 4220 564 4288 τὴν
605 4219 725 4271 καθ’
759 4219 1058 4272 ὑπόστασιν
1114 4218 1330 4274 ἕνωσιν.
1394 4220 1668 4290 ᾘνίττετο
1718 4221 1764 4273 δ’

183 4313 318 4374 [πως
361 4314 390 4379 1‘,
428 4315 566 4382 συκῆ
621 4313 954 4381 ξηρανθεῖσα
989 4312 1082 4364 καὶ
1138 4311 1236 4382 τὴν
1290 4313 1390 4383 τῆς
1441 4314 1765 4383 συναγωγῆς

181 4405 474 4473 ἀκαρπίαν
531 4405 639 4456 τῶν
677 4404 982 4457 Ἰουδαίων·
1022 4406 1116 4458 καὶ
1170 4406 1351 4458 τοίνυν
1412 4409 1560 4459 πᾶσα
1619 4407 1766 4476 ψυχὴ

181 4498 382 4565 λογικὴ
412 4499 476 4565 τῇ
509 4498 642 4564 πρὶς
677 4498 912 4566 Χριστὸν
947 4499 1180 4567 ἀπιστίᾳ
1216 4502 1627 4568 κεκρατημένη,
1663 4499 1764 4552 κᾶν

1847 635 2157 705 patentibus
2184 631 2355 702 portis
2389 627 2760 696 Hierosolyma
2800 623 3124 692 ingreditur.
3152 620 3229 673 lbi
3258 621 3366 670 ntul
3394 648 3407 655 -

1848 727 2027 780 titudo
2054 725 2320 778 honorem
2347 735 2471 776 eum
2510 722 2601 788 qui
2634 733 2698 771 ex
2733 715 2930 769 itinere
2985 712 3412 766 advenientibus

1848 816 2099 877 debetur,
2150 814 2546 882 deproperans,
2600 807 2754 877 quasi
2827 804 3042 859 cuidam
3095 803 3412 871 prmszattti,

1850 907 2239 974 hominemque
2260 901 2559 972 superanti,
2583 911 2881 963 reveraque
2914 894 3142 947 Dotnino
3171 903 3223 945 ct
3257 892 3413 959 llegi.

1849 997 2090 1050 carmina
2143 993 2436 1063 publicitus
2469 989 2636 1044 canit.
2683 989 2985 1042 Puerorum
3034 979 3291 1053 przcterea
3335 992 3415 1033 te-

1851 1103 2108 1144 nerorum
2139 1097 2371 1141 catervae
2398 1085 2542 1138 circa
2573 1097 2694 1134 eum
2727 1086 3156 1148 congregantur,
3194 1075 3414 1132 divinos

1852 1196 2070 1250 pzeanas
2099 1189 2155 1232 et
2181 1176 2423 1231 victoria:
2451 1175 2696 1227 carmina
2748 1171 3060 1225 aceinentes
3096 1183 3109 1220 :
3152 1175 3314 1232 atque
3349 1179 3415 1216 ex

1853 1274 1940 1327 his
1969 1273 2060 1326 alii
2095 1272 2417 1325 vestimenta
2456 1266 2605 1321 humi
2639 1273 2914 1326 sternunt,
2952 1261 3040 1314 alii
3078 1260 3322 1310 olearum
3365 1263 3419 1306 ct

1857 1369 2159 1437 palmarum
2202 1378 2383 1417 ramos
2415 1362 2751 1429 frangentes,
2799 1356 2997 1426 partim
3043 1351 3274 1420 pedibus
3301 1347 3421 1414 t'jtts

1857 1459 2176 1528 subjiciunt,
2210 1455 2406 1523 partim
2457 1453 2713 1505 manibus
2743 1447 3075 1517 quatientes,
3122 1439 3425 1510 magniﬁcis

1855 1554 1905 1608 ei
1933 1549 2275 1620 applaudunt
2303 1543 2809 1616 apprecationibus,
2866 1541 3091 1608 perinde
3125 1547 3288 1603 atque
3325 1534 3422 1583 tri-

1858 1640 2168 1709 umphatori
2191 1648 2244 1692 et
2279 1637 2472 1691 victori
2516 1635 2734 1689 cuidam
2764 1649 2778 1684 :
2813 1633 3103 1690 Hosanna,
3157 1626 3424 1682 dicentes,

1855 1732 1970 1800 ﬁlio
2005 1732 2172 1785 David
2192 1748 2209 1784 :
2241 1730 2538 1782 benedictus
2564 1728 2650 1796 qui
2679 1725 2882 1778 renitin
2901 1722 3109 1773 nomine
3127 1714 3337 1769 Domini
3355 1715 3422 1764 '°.

1862 1829 2002 1880 Deus
2037 1827 2313 1887 Dominus,
2350 1832 2397 1875 et
2445 1820 2692 1891 apparuit
2719 1817 2884 1872 nobis.
2918 1814 3095 1882 Atque
3129 1811 3200 1863 ita
3228 1807 3431 1861 vocife-

1858 1920 2119 1972 rabantur
2170 1917 2387 1985 longius
2433 1929 2559 1968 eum
2616 1917 3031 1982 prosequentes,
3081 1905 3256 1964 donec
3303 1917 3429 1953 cum

1857 2010 2017 2063 laude
2047 2019 2102 2062 et
2134 2008 2306 2077 gloria
2331 2007 2386 2059 in
2420 2005 2686 2074 templum
2713 2010 2796 2054 est
2827 2001 3124 2067 ingressus.
3151 1994 3306 2050 Unde
3337 1992 3432 2045 ille

1859 2117 2045 2157 rerum
2084 2083 2364 2156 s’acrarum
2405 2099 2826 2156 nundinatores,
2865 2103 3296 2157 sanctorumque
3328 2103 3433 2139 ea;-

1859 2202 2226 2257 retnoniarutn
2266 2210 2323 2253 et
2357 2197 2742 2268 mysteriorum
2775 2194 3185 2259 depravatores,
3219 2181 3434 2251 ﬂagello

1858 2309 1982 2348 cum
2012 2293 2262 2346 libertate
2295 2291 2531 2360 plurima
2572 2303 2634 2341 ac
2673 2291 2942 2355 potestate
2969 2280 3226 2341 maxima,
3259 2275 3324 2328 ad
3354 2274 3435 2326 itt-

1861 2383 2063 2437 vidiam
2086 2398 2278 2452 usque,
2294 2388 2350 2434 et
2375 2377 2728 2434 {urihundam
2752 2375 2898 2428 illam
2917 2387 3106 2427 eorum
3137 2366 3433 2424 insaniam,

1861 2477 2163 2546 expellens,
2193 2477 2492 2529 sceleratos
2523 2480 2578 2525 et
2608 2469 2804 2538 impios
2848 2465 3069 2520 evertit.
3107 2462 3203 2515 lrue
3237 2457 3436 2513 deinde

1864 2571 2068 2625 cedens
2089 2569 2222 2637 (iam
2257 2565 2406 2621 enim
2436 2563 2491 2618 in
2516 2563 2718 2617 caedem
2749 2561 2868 2629 ejus
2893 2555 3147 2617 ruebant,
3174 2566 3434 2621 tanquam

1865 2662 2130 2718 mundum
2164 2660 2342 2729 ipsum
2375 2667 2498 2728 post
2527 2671 2652 2711 eum
2691 2664 2913 2708 euntem
2952 2638 3273 2717 conspica‘t’i)
3313 2645 3441 2698 Ilie-

1866 2754 2156 2824 rosolymis
2182 2752 2441 2806 Servator
2469 2742 2802 2818 precationis
2831 2759 2966 2812 ergo
2990 2739 3292 2810 egreditur.
3335 2739 3440 2792 Po-

1866 2854 1980 2899 stea
2038 2857 2190 2907 vero,
2239 2837 2566 2906 interposita
2608 2837 2790 2905 aliqua
2842 2831 3105 2901 temporis
3149 2845 3296 2884 tnora
3326 2871 3340 2893 ,
3371 2843 3439 2880 eo

1868 2944 2148 2991 revertens
2179 2935 2362 3000 (mane
2401 2941 2514 2984 tum
2547 2931 2689 2989 erat)
2723 2941 2847 2978 cum
2883 2925 3053 2978 fames
3090 2922 3139 2976 ei
3175 2920 3442 2976 incessis-

1868 3040 1973 3095 set,
2006 3029 2151 3098 quod
2205 3025 2415 3081 scilicet
2465 3023 2750 3094 proprium
2808 3020 3062 3073 humanae
3104 3017 3442 3072 conditionis

1868 3132 2008 3188 erat,
2037 3122 2104 3176 ad
2131 3120 2424 3190 quamdam
2474 3116 2700 3171 divertit
2737 3115 2899 3169 ticum
2930 3131 2942 3166 :
2981 3113 3068 3167 cui
3103 3127 3225 3166 cum
3257 3112 3441 3165 nullus

1870 3219 2073 3272 inesset
2105 3215 2336 3274 fructus.
2370 3211 2558 3266 ultima
2587 3210 2768 3278 statim
2799 3207 2848 3264 ei
2875 3223 2971 3278 per
3003 3207 3437 3263 exsecrationem

1870 3313 2223 3381 imprecatur,
2283 3316 2470 3375 utpote
2515 3320 2634 3372 quae
2689 3312 2882 3357 auctor
2930 3301 3169 3369 primum
3223 3310 3279 3354 et
3333 3301 3443 3353 dux

1872 3399 2324 3470 transgressionis
2357 3397 2526 3451 fuerit
2558 3398 2655 3467 (l).
2691 3395 2866 3463 Atque
2900 3394 3013 3458 illa,
3049 3394 3278 3448 humore
3319 3410 3443 3461 prn-

1871 3491 2021 3544 tinus
2068 3491 2216 3544 omni
2279 3503 2504 3558 prorsus
2552 3496 2943 3548 exarescente,
2983 3485 3133 3538 arida
3184 3485 3446 3537 omnibus

1868 3581 2184 3636 exhibetur.
2228 3579 2382 3645 Quod
2413 3595 2544 3632 sane
2581 3579 2634 3631 in
2665 3592 2732 3631 eo
2768 3577 3235 3646 spectatissimum
3263 3577 3446 3628 omni-

1871 3675 1973 3729 bus
2013 3673 2184 3728 tnodis
2218 3672 2523 3726 divinitatis
2544 3687 2682 3740 opus
2720 3671 2840 3730 fuit,
2873 3670 3114 3730 Etenim,
3149 3670 3312 3722 sicuti
3349 3687 3446 3722 na-

1869 3766 2067 3821 turalis
2090 3765 2252 3819 simul
2293 3774 2349 3818 et
2375 3765 2614 3817 hominis
2646 3773 2701 3816 et
2735 3762 2876 3815 idem
2913 3762 3007 3815 Dei
3041 3761 3317 3824 voluntas,
3373 3763 3444 3814 ita

1869 3858 2114 3912 simulet
2149 3857 2386 3910 hominis
2425 3865 2482 3910 et
2529 3857 2622 3909 Dei
2666 3854 2904 3908 eﬂicacia
2955 3864 3123 3922 atque
3182 3856 3329 3908 actio
3385 3855 3440 3906 in

1870 3951 1992 4020 ipso
2043 3949 2239 4003 eodem
2292 3947 2755 4016 conspiciebatur.
2789 3946 3029 4015 Utraque
3066 3961 3304 4016 namque
3344 3962 3442 3999 na-

1869 4054 2012 4105 tura,
2059 4057 2180 4112 quae
2219 4041 2441 4109 propria
2483 4041 2532 4092 ei
2583 4048 2787 4101 essent,
2839 4039 3004 4092 simul
3038 4049 3092 4092 et
3121 4040 3338 4092 volebat
3387 4050 3446 4093 et

1869 4135 2160 4198 eﬂiciebat,
2187 4150 2311 4189 cum
2347 4132 2574 4186 alterius
2596 4143 2801 4186 natura:
2828 4132 3038 4185 scilicet
3068 4134 3446 4186 communica-

1872 4231 2038 4293 tione,
2095 4237 2324 4294 utraque
2385 4236 2580 4278 natura
2635 4224 2815 4278 nativa
2870 4233 2926 4278 et
2983 4225 3202 4293 propria
3255 4226 3444 4278 munia

1870 4317 2148 4372 faciebat:
2189 4331 2376 4370 verum
2425 4327 2482 4368 et
2520 4314 2782 4368 divinitas
2806 4329 2930 4367 cum
2970 4314 3333 4376 humanitate,
3387 4326 3444 4366 et

1868 4425 2087 4462 rursum
2122 4408 2432 4460 humanitas
2459 4422 2583 4459 cum
2613 4407 2725 4473 ipsa
2764 4404 3077 4468 divinitate,
3106 4422 3227 4472 qna:
3257 4406 3444 4474 cnjnsv

1869 4515 1976 4568 que
2000 4510 2184 4552 essent
2211 4499 2394 4559 oﬂicii,
2423 4513 2584 4560 supra
2617 4509 2825 4550 natura:
2859 4508 3078 4565 captum
3110 4497 3442 4551 cﬂicichant.

179 4590 297 4649 τοῖς
335 4587 432 4640 τοῦ
465 4591 794 4658 γράμματος
826 4590 1015 4656 νόμοις
1046 4586 1137 4644 οἷά
1178 4608 1289 4643 τισι
1343 4592 1562 4660 φύλλοις
1616 4593 1761 4660 μάλα
1796 4582 1842 4642 ο

1796 4582 1844 4642 ο
1873 4590 2155 4658 Siquidem
2183 4587 2643 4654 quemadmodum
2693 4590 2909 4655 propria
2956 4587 3153 4640 divinae
3189 4587 3443 4640 sublimi-

183 4680 373 4748 κομᾷν
407 4681 780 4749 ἐκλογίξηται,
817 4681 910 4734 τοῦ
938 4681 1039 4751 τῆς
1069 4685 1126 4735 ὲν
1151 4682 1373 4751 Χριστῷ
1406 4684 1644 4743 πίστεως
1680 4683 1765 4735 νό-

185 4787 318 4840 μου,
358 4763 404 4837 ᾧ
429 4773 633 4834 ἐκεῖνος
670 4773 911 4842 μάλιστα
940 4773 1222 4843 τρέφεται,
1256 4773 1643 4839 διαπίπτουσα,
1668 4777 1766 4844 τῆς

180 4861 282 4912 ’.οὗ
309 4863 451 4915 Θεοῦ
483 4865 734 4932 εὐλογίας
771 4867 958 4936 πόρρω
997 4867 1287 4936 γινομένη,
1323 4866 1658 4936 ξηραίνεται.

1875 4683 2002 4737 tatis
2032 4695 2257 4734 munera
2304 4677 2443 4732 Filio
2478 4677 2716 4732 hominis
2748 4678 3150 4731 communicata
3194 4697 3208 4731 :
3255 4679 3443 4731 itidem

1874 4785 2094 4826 rursum
2131 4768 2408 4822 naturales
2445 4767 2685 4820 hominis
2721 4766 3130 4821 imbecillitates
3153 4769 3312 4839 104
3339 4771 3445 4822 Deo

1872 4864 2050 4919 Verbo
2083 4861 2390 4922 manileste,
2431 4876 2525 4929 per
2569 4861 2860 4928 quamdam
2916 4864 3070 4929 quasi
3123 4878 3441 4916 rentuucra.

216 4957 426 5017 lonem,
457 4958 681 5011 redditae
709 4968 858 5022 suat,
909 4968 1132 5027 propter
1162 4974 1281 5014 eam
1348 4977 1469 5029 qua:
1521 4977 1617 5030 per
1658 4959 2070 5014 subsistentiam
2107 4965 2209 5018 est,
2285 4955 2569 5008 unionem.
2603 4954 2854 5008 Fortasse
2916 4965 3097 5008 autem
3135 4957 3267 5008 licus
3337 4957 3441 5010 ista

185 5063 541 5111 exarescens,
564 5049 849 5102 involuero
867 5050 1126 5118 quodam,
1158 5066 1444 5120 synagoga
1481 5051 1794 5106 Judaeorum
1837 5050 2187 5103 sterilitatem
2222 5047 2684 5116 ferendorutnque
2735 5046 3018 5099 fructuum
3065 5047 3303 5115 inopiam
3352 5066 3445 5102 ex-

185 5140 417 5207 pressit.
445 5139 510 5191 Iit
548 5139 794 5207 profecto
828 5141 1010 5196 omnis
1050 5144 1231 5195 anima
1271 5143 1550 5195 rationalis
1579 5141 1952 5196 incredulitati
1981 5150 2036 5194 et
2067 5139 2383 5193 ditﬁdentia:
2426 5141 2476 5190 in
2547 5140 2828 5192 Christum
2872 5139 3110 5190 obnoxia
3135 5179 3148 5202 ,

3225 5141 3442 5192 etiamsi

184 5232 408 5298 legibus
467 5231 660 5286 littera:
710 5240 966 5301 tanquam
1023 5235 1168 5289 foliis
1218 5235 1513 5289 admodum
1569 5235 1767 5290 ﬂorere
1831 5235 2202 5296 existimetur,
2273 5241 2453 5285 tamen
2497 5234 2540 5285 si
2575 5233 2692 5302 lege
2760 5232 2884 5286 lldei
2921 5233 2974 5287 in
3006 5232 3308 5297 Christum,
3340 5227 3446 5302 qua

187 5323 282 5376 illa
315 5324 555 5377 maxime
593 5326 837 5377 nutritur
867 5335 941 5392 ,οι
991 5326 1228 5395 fovetur,
1258 5329 1496 5394 excidat,
1543 5329 1701 5397 longe
1730 5345 1760 5382 a
1801 5327 2187 5384 benedictione
2214 5326 2307 5382 Dei
2345 5327 2556 5394 dissita,
2581 5327 2871 5382 exarescit.

260 5441 308 5471 '°
347 5439 546 5494 Matth.
583 5457 697 5504 xxt,
735 5443 790 5496 9.

259 5581 340 5649 (l)
385 5579 462 5634 De
510 5595 673 5649 pomo
731 5581 814 5636 ﬁci
877 5583 1034 5651 primi
1096 5592 1353 5654 parentes
1409 5583 1581 5637 nostri
1640 5592 1956 5650 gustarunt.

390 5917 662 5978 Parum"
693 5921 809 5980 Gtt.
841 5919 1062 5982 CXLV.

3051 5919 3126 5981 23
