4212 6440
239 400 344 463 717

235 607 703 676 ἑπαγγελλομὲνῳ
729 609 839 668 τοῖς
871 604 1138 666 κινδύνοις
1168 606 1546 674 ἐγκαρτερεῖν.

1171 399 1778 463 ΕΟΕΙΕὸΙΑὸΤΙΟιΕ
1817 399 2209 466 HISTORUE
2254 405 2390 467 LIB.
2443 408 2489 466 Ι.

237 516 402 568 λιστα
458 515 647 586 Πέτρῳ
697 511 1014 584 θ;ρμοτὲρῳ
1065 529 1125 578 γε
1165 512 1277 566 δντι
1305 513 1414 564 τῶν
1466 514 1662 581 ἄλλων,
1715 517 1808 568 καὶ
1837 524 1880 578 Α

1065 529 1125 578 γε
1165 512 1277 566 δντι
1305 513 1414 564 τῶν
1466 514 1662 581 ἄλλων,
1715 517 1808 568 καὶ
1837 524 1880 578 Α
1912 515 2339 572 imbecillitatem
2402 517 2688 573 declarans
2712 561 2725 584 ,

3361 414 3467 477 718

2795 523 3106 588 precatione
3131 563 3146 586 ,
3199 525 3469 593 siquidem

1909 604 2056 659 Patri
2089 609 2162 662 ita
2199 611 2376 662 visum
2426 621 2603 673 esset,
2645 621 2702 665 ut
2746 612 2813 666 ab
2858 628 2924 668 eo
2975 612 3179 668 mortis
3215 618 3471 684 poculum

234 701 440 763 abiret,
475 702 816 771 deprecatur.
856 700 1115 769 Discipuli
1141 715 1270 754 sane
1301 699 1592 769 gravedine
1620 699 1795 754 somni
1837 701 2032 769 pressi,
2093 717 2287 771 segnes
2319 702 2612 758 admodum
2673 720 2829 768 esse,
2862 716 2914 761 et
2949 708 3471 778 quomodocunqne,

237 795 332 848 ubi
388 811 507 849 sors
562 795 706 858 tulit,
761 794 1137 860 concidentes,
1190 793 1420 863 quisque
1451 793 1802 856 obdormire;
1844 795 1958 862 ipse
2020 810 2152 848 vero
2187 797 2444 864 magister
2477 813 2572 852 eos
2606 799 3015 866 reprehendens
3076 802 3387 872 objurgare,
3421 813 3476 856 et

235 888 519 956 pra-cipue
552 888 801 952 Petrum,
832 887 956 940 aliis
1021 883 1409 939 ferventiorem
1478 885 1879 951 acrioremque,
1921 896 1975 939 et
2000 887 2093 954 qui
2131 896 2448 942 constanter
2487 902 2545 941 se
2583 888 2636 941 in
2672 889 2929 956 periculis
2963 891 3319 958 perstiturum
3352 908 3475 946 esse

236 969 436 1033 [uisset
459 978 755 1048 pollicitus.

823 1093 865 1144 Κ
878 1092 1074 1144 ΕΦΔΛ.
1113 1091 1243 1147 ΚΘ’.

235 1207 383 1273 Περὶ
423 1206 541 1258 τῶν
571 1206 893 1273 ἀρχιερέων
919 1209 1105 1259 Ἀννα
1133 1208 1230 1259 καὶ
1263 1206 1492 1275 Κατὰςρα
1518 1224 1530 1237 ·
1561 1206 1656 1258 καὶ
1683 1205 1816 1274 περὶ

311 1277 422 1329 τοῦ
453 1279 678 1344 χρόνου
715 1275 824 1343 τῆς
860 1278 964 1330 τοῦ
989 1275 1262 1343 Σωτῆρος
1294 1276 1716 1341 διδασκαλίας.

312 1394 529 1446 manu.
560 1394 744 1463 μέντοι
773 1395 972 1462 χρεὼν,
998 1396 1072 1456 ὡς
1095 1394 1277 1464 ἡξθεία
1303 1395 1493 1464 Γραφὴ
1521 1395 1610 1447 τδν
1639 1395 1815 1446 πάντα

237 1485 341 1552 τῆς
376 1484 730 1545 διδασκαλίας
777 1488 971 1552 χρόνον
1028 1486 1244 1537 τελέσαι
1280 1485 1373 1537 τὸν
1407 1486 1636 1552 Σωτῆρα
1666 1483 1814 1550 λέγει

239 1580 338 1629 ἐπὶ
368 1578 673 1645 ἀρχιερέως
719 1577 886 1626 Ἅννα
932 1575 1026 1627 καὶ
1073 1575 1285 1642 Καῖςρα,
1333 1577 1564 1644 ἐπείπερ
1603 1576 1660 1627 ὲν
1705 1577 1814 1635 τοῖς

242 1669 458 1735 μεταξὺ
487 1669 695 1720 τούτων
723 1668 867 1720 ἔτεσι
902 1657 1002 1733 τῆς
1044 1667 1390 1736 λειτουργίας
1430 1667 1458 1716 6
1490 1666 1590 1736 τῆς
1633 1664 1810 1735 Ἰησοῦ

236 1759 598 1820 διδασκαλίας
631 1761 854 1827 σύμπας
903 1757 1274 1828 διεπεραιώθη
1321 1758 1533 1827 χρόνος,
1577 1757 1819 1827 ἀρξάμε-

2465 1078 2690 1142 CAPUT
2730 1089 2923 1144 XXIX.

1917 1204 1989 1257 De
2021 1205 2174 1258 Anna
2202 1212 2249 1255 ct
2278 1202 2476 1271 Caipha
2502 1203 2916 1272 ponti/icibus,et
2939 1203 3002 1256 de
3033 1214 3261 1270 tempore
3285 1209 3477 1259 doctri-

2478 1290 2559 1327 na!
2586 1273 2905 1327 Sert'atoris.

1989 1387 2145 1444 Scire
2192 1399 2373 1443 autem
2412 1389 2687 1451 convenit,
2729 1390 2969 1443 divinam
3009 1390 3347 1459 Scripturam
3399 1391 3483 1442 in-

1919 1497 2112 1542 nuere,
2160 1480 2504 1534 Servatorem
2559 1482 2736 1549 ipsum
2790 1497 3006 1536 omnem
3059 1483 3322 1535 doctrinm
3371 1496 3482 1534 sua:

1921 1588 2145 1626 cursum
2171 1574 2269 1626 sub
2287 1575 2441 1626 Anna
2465 1583 2516 1626 et
2537 1573 2740 1641 Gaipha
2768 1573 3121 1643 pontiﬁcibus
3147 1574 3480 1628 absolvisse:

1922 1665 2370 1734 quandoquidem
2421 1665 2563 1718 intra
2605 1666 2834 1719 istorum
2877 1665 3231 1735 pontificatus
3270 1682 3488 1720 rerum-

1921 1772 2029 1826 que
2083 1757 2582 1811 administrationis
2618 1773 2790 1812 anuos
2835 1767 3008 1812 totum
3047 1757 3174 1812 Jesu
3218 1759 3485 1813 doctrina;

239 1868 332 1912 vo;
379 1851 480 1919 μὶν
509 1850 650 1903 κατά
701 1850 799 1920 τὴν
838 1850 932 1902 τοῦ
969 1853 1137 1903 Ἀννα
1158 1849 1594 1920 ἀρχιερωσύνην,
1628 1865 1818 1903 συντε·
1852 1832 1894 1886 Β

1852 1832 1894 1886 Β
1924 1856 2138 1914 tempus
2171 1847 2240 1900 ad
2259 1848 2431 1900 ‘ﬁnem
2467 1863 2624 1900 suum
2657 1850 2926 1916 pervenit.
2959 1848 3179 1904 Initium
3214 1852 3359 1903 eniui
3389 1850 3485 1902 do-

237 1942 456 2003 λεσθεὶς
486 1943 543 1994 δὲ
591 1943 719 2012 ἄχρι
753 1942 816 2012 δὴ
866 1943 959 1995 καὶ
1005 1943 1101 2011 τῆς
1144 1942 1238 1996 τοῦ
1273 1943 1460 2010 Κατςρα
1502 1945 1703 2012 ἀρχῆς.
1757 1943 1816 1995 Ὀ

238 2033 299 2086 δὲ
336 2037 446 2096 πᾶς
480 2035 670 2103 χρόνος
719 2033 821 2101 τῆς
852 2033 948 2085 τοῦ
996 2033 1249 2102 Σωτῆρος
1294 2032 1644 2093 διδασκαλίας
1692 2031 1817 2083 οὐδὲ

238 2127 546 2195 τετραετὴς
594 2125 964 2193 περιίσταται.
1003 2124 1123 2175 Τῶν
1162 2124 1270 2192 γάρ
1323 2125 1563 2192 νομικῶν
1595 2123 1818 2192 θεσμῶν

240 2221 434 2287 ἠρέμα
467 2235 582 2278 πως
615 2216 1060 2285 καταλυομένων,
1099 2214 1289 2267 λέλυτο
1322 2215 1460 2283 πρὸς
1503 2216 1613 2275 τοῖς
1637 2215 1817 2277 ἄλλοις

237 2314 344 2361 καὶ
381 2303 426 2376 ᾧ
470 2309 557 2360 διὰ
612 2308 728 2376 βίου
774 2310 885 2360 κὰκ
935 2308 1032 2375 τῆς
1079 2307 1189 2359 τῶν
1239 2307 1525 2374 προγόνων
1567 2306 1818 2375 διαδοχῆς

236 2401 553 2469 διέιρερενὴ
591 2399 686 2452 τοῦ
717 2398 853 2452 Θεοῦ
880 2399 1147 2468 θεραπεία
1187 2400 1280 2451 καὶ
1315 2400 1643 2467 λειτουργία.
1686 2399 1820 2452 Ὑπὸ

240 2493 360 2562 γὰρ
403 2492 514 2543 τῶν
553 2492 694 2544 κατὰ
738 2492 966 2562 καιροὺς
1019 2491 1394 2561 πεμπομένων
1438 2491 1725 2561 ἡγεμόνων
1755 2493 1820 2544 ἐκ

254 2585 480 2653 Ῥώμης
532 2584 725 2637 ἄλλοτε
781 2585 932 2637 ἄλλοι
984 2583 1084 2655 τὴν
1129 2584 1489 2655 λειπουργίαν
1540 2585 1821 2655 χρήμασιν

242 2674 636 2743 ἐξωνούμενοι,
659 2675 722 2725 οὐ
769 2675 957 2727 πλεῖον
991 2675 1142 2735 ἔτους
1184 2676 1302 2736 ἑνὸς
1339 2667 1424 2727 ἐπ’
1454 2676 1622 2744 αὐτὴν
1651 2675 1823 2728 διετέ-

243 2768 402 2823 λουν.
436 2769 556 2821 Ὀτι
601 2767 648 2820 δ’
682 2765 882 2835 ἀληθὲς
927 2766 988 2819 τδ
1023 2767 1339 2835 λεγόμενον,
1383 2766 1636 2838 Ἰωσήπῳ
1685 2768 1824 2837 μάρ-

243 2877 380 2930 τυρι
412 2862 710 2930 χρήσομαι,
738 2862 878 2931 μετά
904 2862 997 2914 τὸν
1024 2863 1224 2916 Ἀνναν
1258 2864 1526 2933 τέσσαρας
1548 2866 1688 2916 κατὰ
1710 2862 1824 2915 δια-

241 2953 417 3024 δοχὴν
438 2954 531 3006 ἐπὶ
556 2954 809 3023 Καϊάφαν
840 2955 1118 3025 ἀρχιερεῖς
1149 2954 1513 3022 διαγενέσθαι,
1554 2955 1693 3009 κατὰ
1721 2955 1823 3024 τῆς

255 3034 716 3116 Ἀρχαιολογιῖις
781 3048 1002 3119 γραφὴν
1071 3048 1397 3119 ίστοροῦντι,
1479 3049 1574 3101 καὶ
1623 3048 1823 3102 οὑτωσὶ

1920 1939 2078 1992 cendi
2111 1939 2280 1992 Anna:
2331 1938 2653 2008 pontiﬁcatu
2690 1939 2834 2002 fecit,
2874 1949 2931 1993 et
2979 1955 3180 1994 munus
3224 1940 3275 1994 id
3311 1955 3486 2008 usque

1919 2030 1984 2083 ad
2021 2029 2242 2097 Caipha
2286 2030 2818 2084 administrationem
2861 2031 3285 2085 consummavit.
3323 2031 3488 2085 Tem-

1919 2136 2020 2190 pus
2066 2132 2249 2174 autem
2291 2122 2556 2176 doctrina:
2601 2103 2913 2177 servatoris
2956 2141 3117 2178 omne
3154 2142 3261 2178 non
3311 2137 3485 2180 totutn

1918 2211 2158 2281 explevit
2179 2213 2341 2281 qusdi
2359 2213 2604 2267 iennium
2628 2216 2876 2284 (i).Cutn
2899 2219 3047 2272 enim
3067 2219 3489 2272 constitutiones

1922 2305 2056 2374 legis
2122 2307 2382 2374 paulatim
2450 2308 2643 2361 soluta:
2721 2309 3048 2368 interirent.
3118 2319 3315 2378 praeter
3382 2312 3489 2365 alia

1925 2396 2083 2467 106
2127 2396 2294 2450 etiam
2340 2398 2386 2450 is
2433 2399 2525 2467 qui
2571 2415 2637 2452 ex
2683 2401 2949 2470 majorum
2995 2402 3346 2457 successione
3394 2421 3490 2472 per

1921 2489 2215 2544 sanctioris
2233 2490 2360 2543 vitro
2376 2507 2556 2545 mores
2572 2493 2879 2547 excellebat
2905 2494 2996 2548 Dei
3027 2496 3228 2558 cultus,
3250 2512 3496 2550 sacrum-

1922 2595 2030 2650 que
2060 2580 2428 2635 ministerium
2474 2583 2776 2652 collapsum
2816 2584 3120 2639 intercidit.
3171 2585 3214 2639 Α
3258 2586 3492 2641 ducibus

1922 2672 2069 2726 enim
2116 2681 2172 2726 et
2225 2673 2555 2743 przesidibus
2592 2675 2692 2745 (ἓ),
2724 2677 2816 2746 qui
2866 2677 3209 2746 temporibus
3247 2681 3492 2749 quisque

1924 2764 2040 2817 suis
2067 2763 2239 2817 Roma
2273 2765 2650 2830 mittebantur,
2699 2769 2833 2822 alias
2864 2769 2955 2823 alii
3006 2771 3373 2825 ministerium
3407 2787 3494 2825 sa-

1923 2871 2078 2910 crum
2107 2859 2338 2925 pecunia
2363 2869 2766 2928 comparantes,
2799 2877 2908 2914 non
2945 2877 3052 2916 uno
3096 2863 3311 2933 longius
3346 2881 3492 2918 anno

1926 2948 1978 3001 in
2011 2963 2076 3002 eo
2122 2954 2574 3018 perseverabant.
2621 2954 2774 3019 Quod
2826 2966 3006 3010 autem
3055 2957 3107 3010 id
3158 2972 3348 3012 verum
3399 2959 3490 3020 sit,

1928 3050 2066 3096 teste
2097 3043 2338 3113 Josepbo
2374 3055 2515 3111 utar,
2560 3048 2653 3115 qui
2703 3059 2828 3118 post
2871 3050 3079 3104 Annam
3125 3062 3364 3122 quatuor
3394 3071 3490 3125 per

246 3142 396 3189 κατα
427 3138 575 3203 λέξιν
623 3138 896 3204 διεξιόντι·
931 3155 952 3190 ι
1003 3138 1300 3209 Οὐαλέριος
1333 3140 1563 3210 Γρᾶτος,
1606 3139 1822 3200 παύσας
1852 3183 1894 3240 c

1852 3183 1894 3240 c
1928 3139 2329 3193 successionem
2370 3143 2655 3209 pontiﬁces
2707 3159 2878 3212 usque
2914 3144 2978 3198 ad
3017 3145 3275 3215 Caipham
3321 3147 3491 3203 fuisse

248 3231 506 3300 ἱερᾶσθαι
566 3232 814 3294 Ἄνανον,
881 3231 1169 3302 Ἰσμάηλον
1213 3233 1479 3304 ἀρχιερέα
1527 3233 1820 3300 ἀποφαίνει

245 3321 346 3374 τὸν
367 3320 458 3374 τοῦ
481 3321 638 3376 Φαϐί.
675 3323 782 3376 Καὶ
818 3323 1008 3376 τοῦτον
1035 3323 1092 3376 δὲ
1126 3325 1244 3393 μετ’
1272 3307 1334 3377 οὐ
1365 3326 1502 3379 πολὺ
1546 3327 1820 3394 μεταστή-

249 3431 380 3479 σας,
439 3413 764 3484 Ἐλεάζαρον
807 3415 899 3468 τδν
960 3413 1184 3469 Ἀνάνου
1226 3414 1322 3469 τοῦ
1369 3416 1674 3487 ἀρχιερέως
1707 3417 1821 3471 υίὺν

245 3507 641 3562 ἀποδείκνυσιν
690 3508 978 3578 ἀρχιερέα.
1023 3507 1306 3561 Ἐνιαυτοῦ
1335 3509 1392 3562 δὲ
1434 3509 1818 3580 διαγενομένου

246 3601 348 3653 καὶ
377 3599 524 3652 τόνδε
556 3598 790 3664 παύσας,
831 3600 1038 3666 Σίμωνι
1079 3599 1159 3670 τῷ
1199 3599 1454 3670 Καμέθου
1504 3603 1603 3670 τὴν
1634 3604 1821 3672 ἀρχιε-

250 3692 510 3761 ρωσύνην
535 3690 927 3760 παραδίδωσιν.
961 3691 1038 3745 Οὐ
1075 3690 1236 3745 πλέον
1265 3692 1322 3745 δὲ
1353 3693 1446 3746 καὶ
1473 3693 1608 3764 τῷδε
1635 3695 1819 3747 ἐνιαυ-

245 3782 348 3836 τοῦ
375 3783 475 3853 τὴν
507 3783 674 3853 τιμὴν
702 3783 879 3851 ἔχοντι
911 3783 1185 3852 διεγένετο
1218 3785 1430 3856 χρόνος,
1477 3787 1572 3839 καὶ
1630 3786 1818 3855 Ἰώση-

248 3889 377 3935 πος,
398 3874 427 3924 6
455 3871 548 3922 καὶ
580 3872 820 3938 Καῒφας,
858 3871 1106 3943 διάδοχος
1146 3869 1216 3945 ἦν
1251 3874 1423 3944 αὐτῷ.
1457 3893 1474 3926 ι
1512 3875 1818 3943 Συνάγεται

244 3963 436 4016 τοίνυν
460 3962 526 4015 ὲκ
550 3962 758 4016 τούτων
788 3964 913 4034 μηδ’
942 3964 1060 4028 ὅλος
1101 3967 1401 4036 τετραετὴς
1435 3963 1577 4020 εἶναι
1610 3968 1706 4038 τῆς
1744 3968 1823 4020 δι-

245 4053 556 4116 δασκαλίας
599 4053 696 4108 τοῦ
741 4055 997 4125 Σωτῆρος
1043 4059 1070 4109 6
1119 4057 1335 4128 χρόνος,
1394 4061 1682 4130 τεσσάρων
1727 4061 1820 4113 ἐπὶ

243 4146 551 4215 τέσσαρσιν
579 4145 762 4199 ἐτεσιν
794 4147 1097 4218 ἀρχιερέων
1131 4148 1240 4202 ἀπὸ
1265 4149 1359 4202 τοῦ
1395 4151 1557 4204 Ἄννα
1603 4152 1698 4204 καὶ
1726 4151 1821 4204 ἐπὶ

246 4237 346 4288 τοῦ
379 4237 604 4304 Καῖάφα
636 4237 972 4290 κατάστασιν
1001 4239 1275 4291 ἐνιαύσιον
1320 4239 1663 4310 λειτουργίαν
1704 4240 1821 4293 διαο

242 4328 638 4381 τετελεκότων.
668 4329 773 4382 Τόν
818 4345 884 4393 γε
935 4329 1044 4399 μὴν
1097 4331 1375 4398 Καϊάφαν,
1433 4333 1692 4402 ἀρχιερέα
1724 4332 1819 4386 τοῦ

242 4419 502 4473 ἐνιαυτοῦ
533 4420 654 4471 καθ’
681 4420 740 4472 δν
770 4420 839 4474 τὰ
864 4422 958 4473 τοῦ
1010 4423 1279 4492 σωτηρίου
1316 4423 1552 4476 ἐτελεῖτο
1592 4425 1818 4490 πάθους,

1931 3228 1984 3279 in
2018 3229 2436 3296 Antiquitatibus
2465 3234 2581 3286 suis
2616 3233 2765 3287 hisce
2802 3235 2983 3291 verbis
3025 3237 3210 3306 prodit
3238 3256 3252 3292 :
3286 3257 3303 3289 ι
3335 3240 3495 3294 Vale-

1931 3320 2049 3374 rius
2078 3321 2277 3378 Gratus
2314 3325 2505 3377 Anano
2537 3327 2855 3394 pontiﬁcatu
2886 3329 3167 3401 abrogato,
3204 3333 3490 3389 lsmaelum

1930 3413 2244 3481 pontiﬁcem
2299 3425 2472 3482 creat,
2511 3416 2682 3472 Phabi
2730 3420 2900 3475 ﬁlium
2947 3423 3047 3492 (5).
3102 3425 3207 3480 Sed
3255 3437 3311 3482 et
3361 3429 3492 3484 huic

1928 3520 2052 3560 cum
2100 3507 2263 3575 paulo
2313 3519 2437 3574 post
2476 3510 2796 3580 dignitatem
2827 3529 2945 3568 eam
2977 3519 3292 3587 ademisset,
3332 3522 3494 3577 Elea-

1928 3612 2115 3650 zarum
2145 3600 2316 3653 Anani
2357 3604 2636 3669 pontiﬁcis
2673 3605 2845 3660 ﬁlium
2876 3609 3186 3677 pontiﬁcem
3217 3611 3490 3683 designat.

1925 3688 2084 3743 Auno
2118 3705 2281 3758 porro
2328 3702 2545 3757 exacto,
2594 3706 2650 3749 et
2700 3696 2807 3751 isto
2838 3714 3058 3768 quoque
3098 3717 3127 3755 a
3165 3704 3488 3771 pontiﬁcatu

1929 3780 2154 3849 rejecto,
2181 3781 2387 3836 Simoni
2415 3783 2650 3840 Camithi
2678 3787 2788 3841 ﬁlio
2812 3804 3088 3843 summum
3121 3795 3486 3848 sacerdotium

1929 3870 2112 3922 tradit.
2170 3871 2369 3925 Verum
2425 3883 2481 3927 et
2531 3874 2661 3928 huic
2702 3875 2969 3932 honorem
3026 3897 3152 3935 eum
3191 3885 3488 3952 obtinenti,

1929 3976 2034 4013 non
2061 3978 2243 4014 annuo
2273 3963 2486 4034 longius
2517 3975 2730 4036 tempus
2770 3968 2872 4023 fuit
2906 3989 2918 4024 :
2946 3973 3032 4026 cui
3064 3975 3360 4046 Josephus,
3395 3982 3488 4047 qui

1925 4063 1981 4107 et
2019 4053 2252 4123 Caiphas
2295 4057 2478 4113 dictus
2512 4071 2616 4126 est,
2666 4069 2953 4122 successit.
2992 4087 3011 4118 ι
3064 4070 3134 4123 Ex
3188 4073 3272 4126 his
3321 4075 3487 4142 igitur

1925 4148 2306 4216 consequitur,
2342 4164 2449 4203 non
2486 4167 2714 4220 prorsus
2745 4157 3092 4224 quadriennii
3126 4164 3320 4234 integri
3359 4168 3487 4220 Ser-

1925 4238 2131 4292 vatoris
2160 4243 2332 4296 nostri
2362 4242 2622 4300 doctrinae
2648 4247 2814 4302 fuisse
2841 4261 3076 4321 tempus,
3107 4270 3229 4309 cum
3255 4271 3492 4326 quatuor

1927 4331 2084 4384 annis
2106 4341 2342 4399 quatuor
2372 4335 2677 4403 pontiﬁces,
2703 4340 2770 4394 ab
2794 4343 2945 4396 Anna
2973 4360 3143 4414 usque
3173 4349 3238 4401 ad
3269 4350 3490 4422 Caipha:

1927 4420 2178 4476 ordinem
2213 4433 2267 4478 et
2291 4427 2651 4494 creationem,
2678 4446 2862 4486 annuo
2893 4435 3065 4492 functi
3098 4441 3208 4496 sint
3243 4420 3491 4498 ministe-

242 4511 279 4577 ἡ
314 4508 428 4559 τῶν
456 4507 805 4574 Εὖαγγελίων
835 4510 1024 4578 γραφὴ
1057 4514 1321 4582 παριστῷ
1357 4512 1416 4576 ἐξ
1444 4509 1512 4582 ἦς
1540 4517 1631 4567 καὶ
1657 4517 1824 4578 αὐτὸς
1859 4535 1901 4586 D

1819 4513 2030 4586 ιητὶο.
2076 4514 2336 4584 Gaipham
2386 4534 2514 4572 vero
2566 4522 2740 4589 ipsum
2793 4526 3104 4593 pontiﬁcem
3157 4533 3276 4602 ejus
3330 4539 3482 4597 anni,

244 4599 546 4666 σύμφωνος
589 4599 688 4666 τῆς
719 4601 1096 4670 προκειμένης
1129 4603 1509 4672 ἔπιτηρήσεως
1551 4607 1578 4657 ὁ
1607 4605 1702 4673 τῆς
1729 4606 1821 4659 τοῦ

243 4688 494 4759 Χριστοῦ
551 4689 907 4753 διδασκαλίας
973 4694 1165 4762 χρόνος
1235 4694 1421 4762 σαφῶς
1493 4696 1818 4749 ἀποδείκνυ-

242 4799 360 4835 ται.

319 5056 404 5128 (1)-
433 5055 505 5109 De
546 5058 890 5125 quadriennii
926 5057 1087 5112 istius
1113 5058 1504 5128 Vobservatione
1535 5059 1813 5128 Nicepho-

244 5142 339 5179 rus
366 5126 662 5180 Eusebium
700 5129 796 5181 lib.
836 5145 874 5190 ι.
915 5142 1037 5196 cap.
1065 5127 1153 5193 10,
1189 5138 1272 5181 est
1306 5129 1570 5183 imitatus.
1613 5126 1812 5182 verum

241 5212 305 5248 ea
350 5210 477 5267 cum
515 5197 578 5252 i8
622 5212 743 5266 cap.
801 5199 964 5267 hujus
989 5198 1138 5260 libri,
1168 5206 1382 5251 etcum
1418 5198 1551 5250 Luc.
1597 5214 1674 5262 ιιι,
1705 5215 1811 5252 non

240 5264 524 5319 Convenit.
563 5285 580 5316 ι
631 5264 704 5321 Et
743 5264 988 5320 Valerius
1037 5267 1236 5320 Gratus
1291 5276 1418 5319 ante
1474 5282 1648 5320 annos
1699 5267 1813 5321 fere

239 5336 460 5405 decem,
484 5336 638 5403 prius
664 5352 828 5405 quam
854 5336 1056 5389 Pilatus
1081 5335 1250 5389 Roma
1275 5335 1328 5388 in
1357 5336 1594 5389 Juda-am
1621 5351 1820 5404 pra-ses

243 5404 450 5456 missus
479 5416 583 5470 est,
618 5404 915 5474 provincia:
961 5406 1081 5473 ejus
1113 5407 1401 5473 praefectus
1437 5407 1555 5458 fuit.
1602 5426 1620 5456 ι
1673 5406 1814 5471 Quid

240 5488 374 5525 vero
405 5474 601 5526 eodem
648 5487 892 5543 tempore
925 5475 1315 5543 Hierosolymis
1349 5475 1550 5528 Gratus
1580 5476 1806 5538 taceret,

238 5558 366 5596 cum
403 5544 478 5597 ibi
499 5559 689 5598 eorum
721 5545 993 5599 obtineret
1015 5544 1542 5599 administrationem
1573 5545 1811 5601 Pilatus?

1931 4606 1983 4657 in
2018 4622 2175 4674 quem
2216 4609 2500 4664 salutifera
2553 4611 2750 4666 incidit
2795 4620 2996 4684 passio,
3049 4620 3241 4689 fuisse,
3284 4628 3485 4697 scripta

1927 4699 2238 4767 evangeliea
2271 4710 2618 4756 attestantur.
2658 4706 2812 4760 Unde
2856 4717 2912 4761 et
2956 4709 3069 4764 lucc
3113 4714 3212 4777 illi,
3253 4716 3321 4769 de
3356 4730 3490 4773 teni-

1929 4803 2061 4857 pore
2105 4788 2308 4844 Christi
2355 4791 2638 4857 doctrinm,
2691 4813 2814 4865 quae
2853 4801 3013 4853 modo
3065 4807 3342 4872 proposita
3379 4821 3484 4873 est,

1927 4892 2163 4932 consona
2199 4895 2318 4935 esse
2351 4885 2682 4950 observatio,
2716 4888 2925 4958 liquido
2949 4895 3273 4949 ostenditur.

1924 5063 2148 5142 DcOalio
2188 5062 2379 5142 itaque
2437 5075 2678 5142 tempore
2720 5070 2950 5142 _Josephi
3013 5079 3176 5132 verba
3227 5081 3326 5134 ista
3360 5098 3484 5138 sunt

1919 5132 2257 5219 accipienda.
2289 5134 2352 5186 Et
2391 5132 2600 5219 auctori
2631 5140 2732 5218 ipsi
2766 5142 2817 5193 in
2846 5132 2964 5219 cap.
3001 5147 3083 5219 l8,
3113 5132 3275 5218 atque
3300 5132 3486 5219 ῥι-Ῑιᾷῖίί

1920 5216 2025 5276 pue
2061 5201 2368 5276 l.n_c._cap.
2400 5205 2452 5268 5,
2506 5201 2693 5260 hacin
2749 5223 2805 5261 re
2853 5201 2987 5268 ﬁdes
3042 5201 3483 5276 lt'abeitdafil‘lo‘c

1918 5270 2081 5341 etiam
2114 5271 2352 5325 declarat
2383 5288 2499 5341 cap.
2533 5276 2584 5340 4,
2638 5279 2733 5330 lib.
2776 5294 2838 5340 tt,
2871 5282 3027 5337 intra.

1991 5340 2321 5417 (QiGaesaris
2380 5340 2763 5417 procuratores
2830 5367 2926 5415 pro
2976 5370 3072 5406 sua
3139 5356 3365 5413 libidine
3430 5373 3483 5415 et

1921 5411 2149 5529 avaritiiit
2179 5414 2565 5529 )saccrdotium
2617 5411 2989 5474 confer-ibant.
3027 5424 3275 5495 (Eutrop.
3307 5411 3402 5484 lib.
3436 5411 3477 5494 ἰζ

1921 5493 2037 5529 can.
2155 5517 2165 5529 .

1919 5493 2037 5545 cap.
2083 5487 2192 5540 ιι.)

1991 5550 2066 5617 t3)
2100 5550 2201 5604 Alii
2233 5553 2438 5620 legunt,
2473 5554 2594 5607 Jubi
2628 5558 2710 5624 ﬁl.
2743 5560 2982 5632 (Juseph.
3017 5564 3112 5620 lib.
3151 5584 3372 5632 xvttt,c.
3401 5573 3476 5636 7.)
