4212 6440
198 430 305 495 ’121

1125 428 1729 489 ECCLESIASTICE
1772 425 2162 487 IIISTORLE
2208 425 2350 485 LIB.
2399 422 2451 483 ἶ.

3348 410 3451 472 7‘22

196 543 276 595 τὰ
308 541 638 608 ἐγκλήματα
683 540 787 593 ὑπὸ
814 541 1038 595 οάνατον
1072 541 1292 608 ἄγοντα·
1329 540 1390 593 οὗ
1424 542 1531 611 μὴν
1558 542 1615 594 δι
1652 540 1786 594 ἀλλά
1819 544 1859 599 Α

1819 544 1861 599 Α
1890 542 2151 610 omnique
2189 538 2529 592 humanitate
2563 533 2800 587 alienum
2839 530 3093 584 latratum
3122 541 3313 581 eorum
3355 540 3451 578 au-

194 636 301 688 καὶ
333 632 549 705 ’ίιρὼδῃ
570 634 825 702 τηνικάδε
847 638 959 698 τοῖς
1003 634 1394 704 Ἱεροσολύμοις
1415 632 1774 703 ἐπιδημοῦντι

190 726 389 777 τοῖτον
408 706 742 793 ἀνέπεμπεν,
778 724 1131 797 ὥστ’ἑλέγχῳ
1165 727 1497 796 γνωσθῆναι,
1533 727 1583 779 ιι
1613 726 1780 780 θανά-

186 835 294 870 του
319 835 375 870 τι
410 816 558 880 ἄξιον
582 817 932 886 διεπράξατο·
960 818 1036 882 ὼς
1060 818 1116 871 δὲ
1144 821 1237 872 καὶ
1266 813 1419 883 οὗτος
1449 819 1602 873 οὐδὲν
1632 819 1780 889 εὕρι-

191 926 321 969 σκε,
361 908 577 977 Πιλάτῳ
606 904 765 971 αὖθις
802 909 1129 979 παρίστατο.
1163 910 1274 962 Καὶ
1328 909 1386 971 ὃς
1424 910 1525 978 τὴν
1559 910 1777 980 ἠμίραν

187 1001 290 1055 τοῦ
329 1003 522 1069 Πάσχα
568 999 930 1065 προύϐάλετοσ
984 1000 1034 1053 oi
1062 1000 1120 1052 δὲ
1163 1000 1242 1069 τῷ
1272 1002 1370 1070 τῆς
1398 998 1778 1061 καθοσιώσεως

192 1093 419 1161 ὑπῆγον
466 1092 623 1154 αὖθις
667 1093 1000 1161 ἐγκλήματι,
1056 1092 1152 1146 ατε
1199 1092 1266 1160 δὴ
1312 1092 1536 1162 βισιλία
1585 1090 1779 1145 ἑαυτὸν

188 1184 564 1237 καθιστάντιν
622 1186 717 1237 καὶ
768 1183 1028 1237 ἀπολύειν
1068 1184 1419 1254 αἱρουμένῳ,
1478 1183 1779 1252 Ἀμαρτετν

192 1275 423 1335 πάντως
471 1276 680 1331 ὲσείται
730 1277 797 1343 τῇ
852 1275 1007 1346 φιλίᾳ
1056 1276 1152 1328 τοῦ
1208 1276 1511 1344 Καίσαρος,
1554 1274 1775 1340 ελεγον.

194 1367 375 1419 Ταῦτ’
406 1370 432 1419 6
464 1368 692 1429 Πιλᾶτος
724 1367 1118 1437 ήνωτισμένος,
1156 1367 1249 1419 καὶ
1285 1366 1471 1429 δείσας
1506 1367 1579 1435 μή
1605 1381 1656 1417 τι
1688 1365 1779 1417 καὶ

200 1462 405 1531 μώμου
438 1462 589 1532 αύτῷ
619 1462 977 1533 προστριόείη
1011 1462 1101 1515 διὰ
1126 1462 1217 1514 τὸν
1254 1461 1530 1531 Καίσαρα,
1556 1459 1783 1513 κάντεύο

198 1555 296 1606 Οεν
334 1554 565 1607 καὶτῶν
596 1554 805 1623 δίφρων
840 1553 939 1619 τῆς
969 1553 1267 1623 ἡγεμονίας
1294 1551 1672 1619 ὲκκυλισθείη,
1702 1550 1782 1619 τῷ

196 1647 498 1713 φιλαρχείν
537 1645 633 1697 καὶ
663 1643 975 1714 ἀνθρώποις
1004 1644 1233 1712 ἀρεστὸς
1263 1643 1440 1695 δοκεῖν
1485 1644 1663 1711 ἥττων
1690 1660 1781 1710 γε·

195 1742 457 1806 νῖμενος,
514 1735 878 1804 φραγγιὶλιον
927 1733 1023 1785 τοῦ
1076 1733 1349 1802 τραχήλου
1396 1732 1620 1801 ἐξάψας,
1667 1733 1777 1796 τοῖς

200 1823 519 1892 μιαιυςόνοις
540 1822 733 1889 ἀνῆκε·
755 1822 848 1872 καὶ
878 1819 938 1871 τὺ
963 1820 1295 1888 πραιτώριον
1324 1819 1487 1871 πάλιν
1516 1816 1661 1889 εἶχεν
1685 1820 1781 1873 αύ-

197 1921 316 1981 τδν,
353 1919 448 1971 τοῦ
482 1918 680 1970 πολλοῦ
715 1915 875 1986 ὄχλου
910 1915 1004 1967 καὶ
1054 1913 1337 1985 σύρφακος
1379 1914 1466 1966 ἐπ’
1516 1914 1700 1979 αὑτὸν,
1734 1914 1787 1967 εί

196 2027 251 2061 τι
284 2012 382 2063 καὶ
413 2010 688 2078 βούλοιντο
737 2008 891 2077 δρᾷν,
938 2006 1122 2059 ἄδειαν
1161 2006 1468 2076 είληρότος.
1511 2006 1619 2059 Καὶ
1647 2006 1782 2073 δῆτα

197 2101 248 2151 οί
281 2100 384 2167 μὲν
414 2100 483 2151 τὰ
516 2099 709 2167 ἱμάτια
739 2099 903 2151 αὑτὸν
933 2095 1352 2165 περιδύσαντες,
1380 2097 1475 2150 καί
1504 2114 1624 2151 τινα
1655 2096 1784 2167 χλα-

202 2190 347 2257 μύδα
382 2191 644 2258 κοκκίνην
681 2191 757 2252 ὼς
791 2189 1108 2260 πορφυρίδα
1142 2190 1583 2259 ἀμφιασάμενοι,
1616 2190 1783 2243 άκαν-

206 2281 339 2347 οίνῳ
389 2297 448 2336 τε
483 2282 737 2350 στεφάνῳ
770 2282 870 2352 τὴν
906 2280 1148 2351 κεφαλὴν
1180 2283 1254 2342 ὡς
1288 2283 1502 2350 βασιλεῖ
1530 2284 1784 2352 περιστέ·

198 2372 429 2440 ψαντες,
462 2373 709 2443 κάλαμόν
734 2389 792 2426 τε
831 2373 1101 2442 ὲχείριζον
1133 2375 1321 2444 ὥσπερ
1358 2376 1639 2445 σκῆπτρον
1681 2375 1781 2447 βα-

203 2468 439 2520 σιλικόνο
500 2470 549 2521 oi
606 2469 663 2520 δὲ
712 2470 842 2537 γόνυ
895 2469 1203 2535 κλίνοντες,
1258 2469 1359 2540 τὴν
1409 2471 1780 2541 προσκύνησιν

200 2562 485 2629 ἀεξωσίουν
508 2562 675 2631 αὐτῷ,
700 2564 894 2631 Χαῖρε,
928 2565 961 2616 ὁ
976 2563 1280 2629 ,ϐασιλεὺς
1311 2563 1427 2617 τῶν
1453 2566 1776 2633 Ἰουδαίων,

202 2652 658 2717 δατωτέάζοντες.
689 2654 876 2706 Ἀλλοι
910 2655 1179 2725 καλάμοις
1198 2657 1295 2727 τὴν
1325 2657 1568 2728 κεφαλὴν
1594 2659 1781 2713 παίον-

202 2760 291 2805 τες
324 2746 682 2814 ἐπεκράτουν.
717 2746 841 2798 Εἰσὶ
866 2745 920 2799 δὲ
952 2746 1000 2799 οἳ
1038 2748 1131 2800 καὶ
1168 2748 1494 2817 ραπίζοντες
1531 2750 1627 2813 τὰς
1664 2768 1782 2803 σια-

205 2836 393 2899 γνῐνις,
426 2834 624 2899 γέλωτι
670 2837 929 2907 μυκτῆρα
964 2837 1497 2908 παραζευγνύοντες,
1537 2842 1778 2895 ἐπυνθά-

202 2942 379 2987 νοντο,
434 2927 875 2995 Προφήτευσον
916 2930 1080 2997 ἡμῖν,
1134 2931 1373 2997 Χριστὲ,
1428 2934 1519 2997 τίς
1540 2934 1713 2986 ἐστιν
1747 2937 1780 2986 ό

206 3019 433 3083 παίσας
454 3035 551 3074 σε.
592 3015 722 3074 Εἶτα
769 3025 883 3085 τοῖς
918 3022 1069 3085 ίδίοις
1103 3020 1259 3086 αὖθις
1301 3023 1492 3077 τοῦτον
1542 3026 1780 3095 ἱματίοις

206 3111 642 3178 ἀμφιασάμενοι,
676 3112 767 3164 τὸν
807 3099 1043 3184 σταυρὸν
1077 3116 1161 3167 ἐπ’
1192 3114 1358 3185 ῶμων
1394 3117 1574 3187 αίρειν
1609 3118 1780 3170 διεκε-

1884 631 2061 694 dit-ns,
2096 646 2346 701 quasnam
2400 630 2520 699 ejus
2550 640 2711 681 causa
2750 634 2929 687 esset,
2979 630 3153 691 rogat.
3192 620 3453 675 Servatur

1884 732 2063 777 autem
2088 737 2212 778 eum
2238 736 2502 791 responso
2527 734 2632 773 non
2659 718 2939 786 dignatur.
2963 714 3187 769 Interim
3218 713 3451 776 clamor,

1884 818 1949 869 a.l
1979 830 2196 871 crucem
2230 829 2355 870 eum
2391 809 2866 868 condemnandum
2898 824 3039 870 esse,
3069 805 3269 859 minaci
3317 803 3453 857 hor-

1881 909 2138 978 ribilique
2182 923 2316 963 voce
2369 907 2809 976 deposcentium,
2865 902 3291 961 exaudiebatur.
3358 899 3449 953 ille

1883 1014 2087 1072 autem,
2124 1020 2247 1059 eum
2294 1020 2322 1059 a
2368 1006 2600 1076 conjuge
2650 1018 2747 1057 sua
2799 1003 2993 1058 Procle
3028 1016 3124 1070 per
3159 1000 3453 1053 internun-

1884 1096 2044 1158 tium,
2084 1109 2152 1148 ne
2182 1095 2310 1164 quid
2343 1094 2558 1149 adversi
2594 1107 2783 1147 contra
2814 1093 3091 1147 hominem
3114 1090 3322 1159 justum
3356 1088 3453 1141 de-

1887 1193 2173 1249 cerneret,
2223 1186 2557 1250 admonitus,
2614 1185 2777 1256 108
2830 1195 2945 1239 tum
3008 1198 3106 1237 sua
3162 1183 3275 1248 ipse
3318 1194 3452 1232 con-

1884 1279 2111 1333 scientia
2142 1280 2448 1349 perculsus,
2473 1278 2761 1333 absolvere
2792 1294 2917 1333 eum
2951 1274 3275 1337 contendit;
3312 1270 3451 1324 nihil

1882 1370 2029 1423 enim
2081 1370 2329 1439 capitalis
2371 1369 2710 1424 all‘erebatur
2756 1368 3030 1423 criminis.
3065 1366 3171 1421 Sed
3202 1364 3355 1419 enim
3385 1362 3450 1415 ad

1886 1457 2176 1523 llerodem,
2208 1460 2301 1528 qui
2331 1470 2445 1514 tum
2474 1459 2866 1531 Hierosolymis
2887 1459 3291 1521 diversabatur,
3326 1470 3452 1509 eum

1883 1547 2074 1615 mittit,
2113 1557 2175 1603 ut
2224 1550 2318 1605 ille
2370 1550 2711 1620 anquireret,
2765 1551 2811 1606 si
2875 1550 3009 1620 quid
3053 1548 3274 1618 capitali
3326 1561 3458 1614 sup-

1883 1640 2050 1705 plieio
2097 1639 2321 1708 dignum
2363 1641 2751 1697 commisisset.
2802 1640 2872 1696 Ut
2916 1655 3048 1695 vero
3084 1654 3153 1693 ne
3187 1640 3279 1693 ille
3327 1638 3455 1705 qui-

1884 1732 2004 1784 dem
2036 1730 2336 1800 quidquam
2366 1731 2598 1795 invenit,
2632 1732 2776 1801 apud
2812 1732 3044 1787 Pilatum
3084 1746 3280 1787 rursus
3306 1730 3459 1785 sisti-

1888 1831 1995 1875 tur.
2026 1820 2165 1875 Tum
2198 1822 2276 1875 illi
2304 1822 2512 1877 crimen
2548 1823 2599 1876 ei
2630 1822 2769 1877 laesae
2797 1823 3102 1893 maiestatis
3130 1822 3451 1883 intendunt,

1889 1924 2145 1983 tanquam
2188 1928 2366 1983 regem
2400 1916 2642 1985 scipsum
2677 1915 3033 1971 constituerit
3074 1932 3089 1969 :
3120 1924 3176 1970 et
3222 1915 3455 1969 Pilatum

1884 2007 1951 2060 ad
1992 2006 2387 2062 absolvendum
2423 2024 2782 2079 propensum,
2826 2021 3022 2063 contra
3056 2008 3290 2063 Caesaris
3320 2009 3459 2063 auii-

1883 2096 2069 2149 citiam
2106 2096 2404 2157 facturum.
2440 2100 2485 2153 si
2521 2116 2644 2153 eum
2675 2100 3007 2165 dimitteret,
3050 2100 3265 2155 dicunt.
3297 2099 3455 2162 Quod

1886 2186 1977 2241 ubi
2024 2186 2230 2242 Pilatus
2261 2190 2493 2253 audivit,
2532 2200 2783 2245 metuens
2826 2207 2894 2246 ne
2935 2191 3131 2245 malam
3166 2207 3193 2244 a
3232 2190 3457 2245 Tiberio

1888 2278 2049 2333 'Iiiret
2096 2282 2350 2350 gratiam,
2407 2283 2753 2354 proindeque
2802 2282 3139 2354 praefectura:
3189 2284 3457 2351 dignizate

1883 2371 2165 2427 excideret
2188 2392 2200 2428 :
2222 2383 2386 2444 atque
2410 2375 2678 2430 honorem
2704 2375 3000 2440 retinendi,
3022 2376 3456 2446 hominibusque

1882 2465 2132 2533 placendi
2161 2467 2347 2522 studio
2384 2468 2581 2532 victus,
2613 2469 2884 2539 ﬂagellum
2917 2468 2985 2523 de
3019 2468 3160 2523 collo
3192 2470 3315 2536 ejus
3340 2484 3459 2523 sus-

1883 2558 2095 2628 pendit,
2145 2568 2202 2613 et
2256 2560 2624 2629 sanguinariis
2673 2560 3026 2615 carniﬁcibus
3071 2560 3456 2631 ﬂagellanduni

1882 2651 2173 2720 permittit.
2200 2651 2267 2705 Et
2286 2654 2397 2722 jam
2431 2667 2623 2707 rursus
2648 2653 2702 2706 in
2735 2655 2994 2723 praztorio
3018 2653 3269 2709 Salvator
3292 2664 3411 2709 erat
3438 2671 3454 2708 :

1883 2743 2290 2814 multitudoque
2339 2755 2397 2800 et
2444 2744 2697 2799 vilissimi
2745 2747 2951 2818 quique
3005 2762 3071 2801 ex
3139 2745 3298 2815 plebe
3356 2745 3460 2799 im-

1884 2832 2193 2897 punitatem
2222 2831 2328 2886 sibi
2374 2832 2746 2903 quodcunque
2793 2836 2997 2889 vellent
3028 2836 3295 2890 adversus
3327 2852 3453 2891 eum

1883 2922 2114 2977 faciendi
2154 2936 2525 2993 sumpserant.
2565 2927 2641 2980 lhi
2677 2943 2742 2981 ex
2792 2928 3026 2997 impuris
3074 2928 3183 2983 illis
3229 2930 3454 2999 quidam

1881 3013 2205 3069 vestimenta
2239 3016 2288 3069 ei
2332 3014 2649 3084 detrahunt,
2682 3028 2845 3088 atque
2880 3019 3224 3091 chlamydem
3258 3021 3445 3074 cocci-

1883 3120 2038 3159 ncain
2093 3107 2148 3161 in
2195 3124 2400 3162 morem
2456 3126 2715 3179 purpurae
2759 3111 3123 3167 circumdant.
3184 3112 3453 3168 Praeterea

205 3199 444 3253 λεύοντο·
482 3206 577 3257 καὶ
626 3207 726 3273 τῆς
775 3204 947 3275 πύλης
979 3207 1228 3276 ἐξήγετο.
1293 3210 1442 3262 Ἐπεὶ
1469 3210 1525 3263 δὲ
1570 3212 1662 3263 καὶ
1698 3212 1780 3274 είς
1807 3234 1850 3293 c

1807 3234 1850 3293 ϐ
1884 3212 2083 3252 corona
2120 3200 2310 3269 spinea
2346 3211 2510 3270 caput
2549 3203 2669 3273 ejus
2702 3212 2960 3273 tanquam
2994 3204 3140 3275 regis
3166 3217 3452 3271 coronant,

208 3294 297 3345 τὸν
346 3296 588 3364 Κρανίου
644 3300 808 3350 τόπον
836 3301 885 3351 el
934 3302 1211 3370 μιαιφόνοι
1266 3305 1584 3371 κατέλαϐον,
1623 3307 1716 3359 καὶ
1748 3308 1774 3359 6

211 3386 445 3453 σταυρὸς
490 3391 898 3457 κατεπήγνυτο,
934 3392 1233 3461 ἀνηρτᾶτο,
1280 3397 1392 3459 τοῖς
1434 3396 1586 3465 ἥλοις
1620 3399 1774 3449 ὲπεί-

212 3491 351 3541 ρετο,
379 3477 473 3529 καὶ
503 3480 651 3547 παρὰ
681 3480 789 3532 τῶν
818 3484 1124 3551 παριόντων
1146 3486 1372 3539 πλεῖστα
1394 3488 1773 3553 διετωθάζετο.

212 3563 326 3618 Ἰνα
354 3567 411 3618 δὲ
446 3570 538 3619 καὶ
566 3571 639 3631 ῶς
657 3570 961 3641 κακοῦργος
982 3574 1276 3643 λογίζοιτο,
1295 3577 1389 3630 δύο
1412 3578 1613 3649 λῃστάς
1644 3580 1776 3648 παρ’

213 3658 449 3729 ἑκάτερα
474 3664 566 3713 τὸν
600 3664 713 3715 ἴσον
744 3665 945 3733 τρόπον
974 3668 1253 3732 ἐκόλαζον
1301 3674 1393 3725 καὶ
1423 3673 1603 3735 τίτλος
1634 3675 1776 3744 ὑπὲρ

212 3752 451 3819 κεφλλῆς
481 3752 581 3821 τὴν
610 3756 793 3809 αίτίαν
808 3757 907 3829 τῆς
938 3761 1233 3830 καταδίκης
1256 3766 1493 3833 τριττοῖς
1513 3766 1774 3835 ἐσήμαινε

212 3842 524 3907 γράμμασι.
559 3843 681 3897 Τῶν
722 3845 935 3918 λῃστῶν
963 3848 1009 3901 δ’
1054 3851 1081 3902 6
1113 3852 1214 3919 μὲν
1257 3853 1601 3924 ὁμολογήσας
1643 3856 1776 3909 Θεὸν

213 3933 298 3984 τὸν
327 3938 624 3990 κατάδικον
658 3940 747 3993 τὸν
776 3944 1110 4011 παράδεισον
1142 3947 1333 4009 ἐσύλα,
1366 3951 1461 4001 καὶ
1495 3951 1645 4004 ἔνδον
1676 3951 1779 4009 άνά

216 4024 412 4089 κράτος
444 4027 785 4096 είσήλαυνενο
813 4030 1000 4100 ἕτερος
1032 4032 1089 4087 δὲ
1140 4034 1214 4098 ὡς
1257 4035 1577 4107 βλάσφημος
1609 4039 1777 4108 ύπερ-

217 4112 385 4183 ώςοη.
434 4116 589 4168 Ἐπεὶ
613 4120 668 4172 δὲ
697 4119 913 4175 ἅπαντα
944 4124 1115 4190 πέρας
1132 4120 1269 4194 εἶχε,
1297 4126 1480 4194 Διψῶ,
1509 4128 1772 4197 ἐπιλέγει.

218 4205 277 4253 ΟΞ
305 4205 358 4256 δὲ
381 4211 569 4277 ταχεῖς
595 4211 673 4272 είς
709 4217 907 4265 κακίαν
937 4215 1057 4281 ὅξος
1088 4216 1219 4285 χολῇ
1249 4218 1557 4288 συγκραθὲν
1581 4220 1778 4274 αὐτίκα

217 4298 603 4365 προσάγουσιν’
639 4296 719 4364 οἷς
756 4302 901 4374 ὕδωρ
936 4308 993 4357 ὲν
1039 4306 1253 4377 ἀνύδρῳ
1282 4309 1449 4361 πάλαι
1482 4310 1778 4379 διψήσασιν

218 4387 359 4455 ἔρρει
398 4392 569 4460 πέτρα
604 4394 951 4462 πήγάζουσαο
979 4398 1074 4449 xxi.
1102 4400 1151 4450 οί
1182 4398 1242 4450 τὸ
1289 4400 1408 4467 μέλι
1442 4400 1776 4470 θηλάσαντες

216 4480 309 4544 τὴν
338 4480 495 4550 χολὴν
526 4484 825 4552 προσῆγον.
856 4486 1086 4538 Ἔπειτα
1122 4489 1263 4557 μέγα
1302 4491 1655 4561 ἀνακραγὼν,
1682 4494 1776 4546 καὶ

222 4658 277 4707 τὸ
302 4658 417 4727 ζῇν,
450 4664 546 4714 καὶ
575 4665 764 4731 νεκρὸς
791 4667 874 4733 ἐφ’
906 4667 1092 4722 ἱκανοῦ
1133 4670 1458 4742 ἀπῃώρητο.
1501 4675 1780 4729 Ἐντεῦθεν

222 4748 319 4797 τῶν
371 4767 449 4813 τις
508 4758 860 4824 στρατιωτῶν
923 4760 1000 4829 τῷ
1071 4762 1345 4817 Ἰουδαίων
1416 4768 1779 4837 χαριζόμενος

224 4841 375 4929 illum,
405 4846 502 4910 τὴν
535 4848 775 4912 πλευράν
804 4854 868 4921 τῇ
911 4850 1082 4925 λόγχῃ
1109 4854 1391 4924 διώρυττεη
1426 4862 1519 4913 καὶ
1548 4863 1612 4929 τῇ
1643 4861 1778 4924 Οίξει

225 4928 353 4999 αἷμα
387 4941 477 4987 καὶ
510 4938 655 5006 ὕδωρ
684 4943 1005 5009 παραδόξως
1038 4946 1316 5012 ὲξέϐλυζε.
1351 4952 1573 5003 Πάντων
1600 4953 1645 5005 δ’
1688 4956 1779 5005 ικ-

224 5026 385 5078 ποδὼν
412 5032 721 5099 γενομένων
742 5036 820 5103 τῷ
844 5037 992 5105 φόϐῳ
1014 5039 1120 5091 τῶν
1145 5042 1439 5107 φονευτῶν,
1470 5043 1605 5113 μόνη
1632 5062 1773 5114 παρ-

222 5116 343 5185 "avi;
397 5125 578 5194 μήτηρ
634 5128 726 5179 καὶ
765 5128 792 5178 6
866 5129 1189 5199 φιλούμενος
1226 5134 1497 5203 μαθητὴς,
1544 5136 1615 5187 τὰ
1668 5138 1773 5203 πρὸ

226 5210 313 5275 τῆς
362 5218 677 5283 νεκρώσεως
716 5221 809 5271 καὶ
856 5224 993 5291 μετὰ
1024 5224 1121 5293 τὴν
1168 5226 1431 5294 νέκρωσιν
1475 5228 1771 5298 όξοαλμοῖς

224 5304 429 5367 οἰκείοις
462 5308 672 5361 ἕκαστα
724 5311 1077 5380 θεωροῦντες.
1130 5316 1200 5367 Τό
1248 5333 1310 5383 γε
1352 5317 1459 5386 μὴν
1502 5312 1643 5386 αἷμα
1677 5320 1772 5371 καὶ

230 5390 380 5463 ὓδωρ,
413 5400 510 5467 τῆς
537 5402 776 5471 πλευρᾶς
811 5404 1001 5474 ὥσπερ
1024 5409 1105 5458 ἔτι
1137 5408 1338 5471 ζῶντος
1362 5412 1563 5473 καινῶς
1600 5413 1775 5482 ἀπορο

231 5486 427 5554 ῥέοντα,
460 5492 613 5544 ταῦτ’
650 5497 845 5547 ἐκεῖνοι
882 5496 999 5550 λίαν
1031 5499 1270 5562 εὐλαϐῶς
1328 5518 1383 5552 τε
1414 5502 1528 5569 ἅμα
1559 5503 1652 5555 καὶ
1683 5522 1772 5572 ιρι-

229 5571 448 5647 λατίμως
504 5585 689 5637 σκ.ύει
732 5588 1025 5657 ἀρύονται.
1078 5592 1309 5645 Ἔπειτα
1360 5595 1447 5645 καὶ
1503 5595 1688 5665 μήτηρ
1736 5597 1769 5667 ή

1884 3297 1940 3342 et
1972 3291 2299 3345 arundinem
2334 3294 2536 3362 sceptri
2576 3294 2696 3349 loco
2730 3296 2785 3348 in
2819 3295 3074 3351 manibus
3118 3308 3392 3367 reponunt
3440 3317 3454 3352 :

1885 3384 2138 3436 nonnulli
2176 3385 2407 3454 genibus
2438 3386 2590 3441 ﬂexis
2631 3388 3009 3443 adorationem
3045 3401 3201 3460 gestu
3238 3390 3289 3445 ei
3320 3392 3454 3447 οπο·

1884 3484 2034 3538 runt,
2066 3476 2193 3539 Are,
2223 3493 2315 3529 rex
2357 3476 2686 3539 Juda‘orum,
2726 3495 2851 3533 cum
2902 3480 3014 3535 risu
3054 3483 3456 3536 contumelioso

1886 3563 2223 3634 ingerentes.
2258 3569 2441 3638 Aliqui
2477 3571 2745 3625 arundine
2789 3582 2953 3641 caput
2985 3575 3263 3643 pulsantes
3297 3576 3454 3645 plan-

1885 3671 2008 3710 sum
2067 3658 2298 3712 addunt.
2357 3661 2524 3714 Erant
2579 3664 2671 3731 qui
2729 3664 2979 3734 colaphis
3033 3669 3280 3721 maxillas
3340 3670 3460 3733 ejus

1886 3752 2176 3811 cadentes.
2212 3753 2635 3823 irrisionemque
2668 3772 2799 3810 naso
2835 3774 2930 3826 per
2956 3774 3155 3813 sannas
3189 3776 3458 3831 Sttspt'ttsn

1880 3841 2195 3913 jungentes,
2234 3855 2543 3913 qinerercnt
2592 3863 2605 3899 :
2662 3847 2964 3902 Vaticiuare
3008 3853 3175 3915 nobis,
3225 3853 3455 3915 Christe,

1887 3941 2004 4008 quis
2036 3949 2113 3993 cst
2146 3944 2237 4010 qui
2277 3956 2327 3995 te
2366 3946 2671 4013 percussit?
2707 3946 2895 4002 Postea
2928 3949 3043 4003 suis
3076 3949 3252 4019 ipsum
3287 3954 3456 4007 vcsti-

1885 4031 1989 4085 bns
2038 4048 2256 4087 rursum
2292 4035 2566 4101 indutum,
2601 4053 2821 4093 crucem
2874 4039 2927 4094 in
2964 4041 3223 4097 humeros
3268 4044 3458 4099 tollere

1880 4123 2095 4192 juhent,
2146 4134 2203 4179 et
2246 4136 2399 4181 extra
2444 4140 2654 4197 portam
2712 4133 3044 4200 producunt.
3092 4133 3453 4205 Posteaqtmu

1886 4223 2070 4268 autem
2125 4216 2191 4269 ad
2236 4216 2501 4273 Calvariae
2548 4222 2726 4274 locum
2761 4233 2845 4277 est
2892 4235 3138 4289 ventum,
3193 4228 3266 4280 il-i
3321 4244 3455 4281 crux

1884 4306 2276 4377 compingitur,
2310 4308 2569 4364 Servator
2598 4316 2649 4365 in
2676 4328 2795 4367 eam
2826 4317 3132 4370 sustollitur
3157 4319 3259 4387 (l),
3288 4319 3460 4375 clavis

1885 4396 2146 4467 adigitur,
2195 4410 2250 4455 et
2296 4418 2325 4455 a
2380 4408 2840 4471 praetereuntibus
2896 4411 3149 4477 plurimis
3186 4414 3456 4467 conviciis

1886 4493 2215 4561 exagitatur.
2251 4496 2323 4551 L't
2355 4513 2485 4552 vero
2523 4501 2803 4556 nralelicus
2834 4504 3001 4558 etiam
3048 4506 3458 4563 existimaretur

221 4568 293 4625 sl;
320 4571 505 4637 χεῖρας
535 4571 597 4623 τὸ
625 4573 846 4642 πνεῦμα
875 4576 951 4645 τῷ
983 4577 1157 4647 Πατρὶ
1190 4579 1591 4648 παραθέμενος,
1626 4585 1776 4651 ἀφίει
1811 4572 1857 4627 9
1882 4610 1884 4627 ι

1811 4572 2026 4646 οοεεο,
2062 4585 2203 4640 duos
2253 4587 2498 4645 latrones
2533 4592 2600 4645 ad
2652 4605 2861 4661 partem
2921 4606 3209 4667 utramque
3256 4602 3451 4655 eodem

1884 4675 2141 4742 supplicii
2193 4692 2396 4745 genere
2450 4691 2726 4751 torquent.
2785 4684 3001 4740 Titulus
3057 4704 3227 4756 porro
3286 4705 3452 4759 supra

1884 4776 2050 4834 caput
2102 4769 2223 4839 ejus
2271 4772 2509 4838 positus,
2557 4775 3037 4831 condemnationis
3083 4796 3304 4834 causam
3358 4786 3457 4837 tri-

1884 4860 2012 4927 plici
2044 4861 2358 4917 litterarum
2405 4881 2604 4935 genere
2639 4868 2938 4925 indicabat.
2971 4871 3051 4927 Ex
3099 4874 3455 4941 pra-donibus

1882 4966 2014 5005 vero
2039 4953 2199 5020 alter,
2232 4954 2408 5024 ipsum
2434 4959 2526 5027 qui
2554 4959 2633 5014 sic
2657 4962 3053 5017 condemnatus
3082 4976 3248 5035 essi-t,
3288 4969 3453 5020 Iteutn

1891 5045 2193 5111 professus,
2230 5050 2545 5114 paradisum
2592 5052 2754 5120 rapit,
2786 5069 3023 5123 eumque
3074 5072 3172 5125 per
3217 5058 3325 5111 vim
3372 5060 3457 5110 in-

1890 5139 2139 5204 greditur
2176 5158 2190 5194 :
2223 5142 2361 5196 alter
2401 5154 2606 5206 autem,
2639 5156 2699 5199 ut
2741 5146 3094 5215 blasphemus
3123 5149 3449 5218 despicitur.

1888 5228 2158 5284 Czeterum
2178 5249 2299 5286 cum
2325 5236 2509 5289 omnia
2530 5238 2640 5307 jam
2664 5250 3037 5293 consummata
3062 5252 3268 5305 essent,
3294 5242 3450 5306 Sitio,

1889 5319 2089 5389 inquit.
2124 5323 2199 5377 llli
2233 5341 2399 5394 porro
2425 5329 2487 5381 ad
2527 5329 2788 5384 malitiam
2823 5333 3051 5395 celeres,
3081 5342 3295 5387 acetum
3326 5334 3451 5386 felle

1884 5412 2103 5466 mistutn
2140 5416 2427 5471 confestim
2458 5419 2697 5473 atl‘erunt
2750 5440 2763 5475 :
2804 5422 2962 5491 109
2990 5423 3192 5491 quibus
3228 5424 3357 5476 olim
3396 5424 3448 5477 in

1880 5503 2016 5557 locis
2064 5507 2236 5561 aridis
2271 5508 2361 5561 siti
2396 5511 2621 5578 pressis,
2663 5515 2832 5581 petra“
2851 5516 3059 5569 fontem
3093 5516 3446 5583 provolvens,

1879 5612 2075 5666 aquam
2106 5600 2646 5658 subministraverat.
2692 5603 2756 5657 Et
2788 5605 2856 5659 fel
2891 5608 3153 5675 prazbcnt,
3199 5608 3292 5676 qui
3341 5609 3445 5661 mel

295 5767 363 5823 ili
398 5786 415 5819 ι
452 5769 872 5854 ίρςιιςηνειοίψιιι
927 5770 1031 5854 Dei
1067 5774 1403 5830 inrartiatutn
1441 5793 1761 5843 suspensqu
1801 5790 1880 5833 est
1953 5799 2116 5852 super
2152 5783 2379 5854 lignum.
2425 5804 2440 5836 ι
2487 5785 2675 5851 then.)
2722 5802 2739 5832 ‹
2775 5784 3083 5838 Periculum
3133 5802 3262 5840 tero
3337 5781 3465 5837 Deo,

232 5842 388 5891 status
421 5854 497 5892 SUI
538 5843 746 5895 nullum
776 5841 891 5895 fuit,
915 5863 927 5878 ·
970 5842 1166 5910 i_'l'ert.;
