4212 6440
164 366 263 428 733

1071 363 1670 424 ECCLESIASTICJ!
1707 363 2092 424 lllSTORlAi
2134 366 2284 429 LIB.
2330 367 2376 428 Ι.

3293 369 3399 432 734

161 476 331 543 δημος
367 469 456 545 ἦν.
486 474 591 527 Δύο
637 475 690 528 δὲ
724 474 832 544 ἄρα
884 480 1222 546 φιυτοφανεῖς
1261 477 1716 546 παρακαθήμενοι
1749 480 1766 533 l

1850 491 1922 546 at,
1975 481 2314 543 meminisse,
2384 482 2885 552 resurrectionique
2937 483 3098 538 tidem
3148 484 3399 552 habere,

162 567 411 633 ἄγγελοι,
444 559 519 620 ὧν
571 567 598 618 ὁ
659 567 764 635 μὲν
797 568 934 637 πρὸς
989 569 1072 638 τῷ
1125 571 1276 638 τόπῳ
1329 569 1429 637 τῆς
1459 568 1725 636 κεφαλῆς,

162 656 357 723 ἅτερος
382 655 438 708 δὲ
471 655 610 722 πρὸς
646 655 705 707 τδ
757 656 1005 708 κάτωθεν
1059 657 1317 725 ηὐλίζετο
1362 658 1550 726 μέρος,
1600 657 1723 708 ὅτου

163 745 328 816 χάριν
381 747 626 816 ἐκείνηὸ
683 747 880 815 θρῆνος
912 748 1371 801 διεπυνθάνοντο·
1418 747 1516 817 τὴν
1561 748 1616 800 δὲ
1666 748 1727 799 τὸ

167 839 242 901 μὴ
284 837 539 904 παρεῖναι
571 837 661 886 τὸν
711 837 919 904 Κύριον
948 836 1142 906 ταύτῃ,
1177 838 1271 888 καὶ
1322 834 1382 887 τδ
1424 836 1500 906 μὴ
1527 834 1728 888 εἰδέναι

162 928 301 979 ὅπου
330 927 394 996 δὴ
418 927 681 990 τέθειται,
714 927 1103 995 προῦαλέσθαι.
1136 927 1356 980 Τούτων
1380 928 1729 996 λεγομένων,

163 1019 228 1069 ὲκ
257 1019 366 1070 τῶν
395 1018 620 1071 ὄπισθεν
670 1019 840 1090 ταύτῃ
895 1021 1177 1086 ἐφίσταται
1233 1023 1259 1070 ὁ
1296 1022 1508 1088 Σωτήρ.
1559 1020 1621 1070 Ol
1675 1019 1731 1070 δὲ

163 1115 389 1180 ἄγγελοι
425 1114 588 1174 εὐθὺς
621 1113 832 1164 ἐκεῖνον
894 1113 1117 1176 ἰδόντες,
1155 1113 1465 1165 ἀνίσταντο.
1513 1111 1729 1181 Ἐκείνη

162 1204 223 1255 δὲ
257 1205 675 1270 καταπλαγεῖσα
702 1205 810 1256 τῶν
835 1205 1086 1272 ἀγγέλων
1109 1206 1211 1274 τὴν
1255 1205 1475 1263 στάσιν,
1509 1205 1586 1263 εἰς
1609 1203 1732 1254 τού-

166 1295 318 1346 πίσω
345 1295 680 1363 ἐστρέφετοο
712 1299 803 1348 καὶ
841 1296 1038 1364 θεωρεῖ
1093 1297 1184 1348 τὸν
1231 1295 1439 1365 Ἰησοῦν
1477 1282 1732 1347 ἑστῶτα.

166 1388 468 1454 Κγιπουρδν
516 1389 575 1440 δὲ
633 1389 798 1442 αὑτὸν
852 1389 1100 1458 οἰομένη,
1161 1390 1241 1441 ὅτι
1272 1405 1333 1455 γε
1367 1390 1426 1439 τὸ
1457 1387 1648 1456 μνῆμα
1680 1387 1737 1438 ὲν

166 1482 336 1548 κήπῳ
394 1474 482 1550 ἦν,
549 1481 796 1550 ἐρομένῳ
851 1482 1026 1552 τούτῳ
1071 1481 1169 1544 τὰς
1226 1481 1324 1550 τῆς
1365 1480 1736 1546 ὀλιγοπιστίας

166 1569 350 1635 ἀφῆκε
383 1569 588 1632 φωνὰς,
630 1571 699 1621 El
745 1568 849 1633 σὺ,
881 1570 1136 1648 λέγουσα,
1189 1571 1406 1623 τοῦτον
1460 1567 1741 1621 ἐντεῦθεν·

164 1661 446 1727 μεταθεὶς
462 1661 826 1727 ἐϐάστασας,
858 1662 1000 1728 λέγει
1029 1679 1129 1730 μοι
1161 1662 1314 1716 ὅπου
1359 1660 1434 1728 δὴ
1481 1660 1593 1727 τῆς
1628 1659 1739 1729 γῆς

168 1755 289 1820 εἴη,
319 1753 480 1819 κάγὼ
509 1755 696 1807 αὐτὸν
746 1754 892 1823 ἀρῶ.
930 1754 1070 1807 Ἀλλ’
1097 1757 1124 1808 ὁ
1161 1755 1362 1823 Κύριος
1408 1754 1506 1822 τὴν
1554 1752 1740 1806 ἄνοιαν

1829 586 2083 628 caeterum
2116 583 2339 642 prapter
2373 583 2575 626 metum
2607 589 2825 627 rursum
2853 590 2908 628 se
2935 575 3083 642 ipsos
3116 574 3397 630 cohibere.

1830 665 1997 719 Maria
2021 677 2203 719 autem
2260 674 2410 718 stans
2435 665 2502 717 ad
2542 673 2955 718 monumentum
3013 664 3161 727 nere,
3205 675 3260 718 et
3302 664 3405 717 du—

1830 759 2013 812 bitans
2039 758 2316 825 ambigere
2342 757 2563 812 ubinam
2595 772 2794 825 corpus
2817 766 2982 811 esset.
3019 755 3158 811 Tum
3194 757 3266 810 ibi
3300 759 3403 810 bu-

1815 838 1990 902 'mana
2041 848 2224 916 specie
2272 848 2448 918 angeli
2480 847 2611 913 duo,
2663 847 2804 900 alter
2830 847 3051 914 quidem
3098 847 3164 900 ad
3203 847 3404 914 capitis

1832 944 2036 1008 locum,
2061 943 2197 995 alter
2217 950 2398 996 autem
2435 941 2696 996 inferiore
2729 950 2905 1009 parte,
2944 941 3225 1000 sedentes,
3257 954 3402 1008 quae-

1835 1050 1958 1086 nam
1986 1033 2166 1087 luctus
2197 1031 2463 1101 ﬂetusque
2489 1034 2610 1103 ejus
2639 1046 2804 1085 causa
2851 1036 2994 1086 esset
3020 1047 3139 1085 eam
3188 1041 3402 1098 rogant.

1835 1123 2044 1190 Quibus
2065 1125 2154 1177 illa
2192 1125 2485 1193 respondet
2513 1141 2526 1176 :
2592 1138 2700 1175 non
2732 1122 2923 1176 adesse
2956 1137 3023 1175 eo
3075 1121 3196 1174 loco
3226 1121 3409 1174 Domi-

1838 1234 1991 1279 num,
2047 1231 2214 1285 seque
2271 1217 2490 1270 ubinam
2548 1214 2759 1283 positus
2815 1223 2961 1268 esset
3018 1212 3252 1266 nescire.
3313 1212 3408 1265 llis

1840 1308 2022 1369 dictis,
2080 1323 2108 1360 a
2143 1318 2292 1375 tergo
2340 1307 2391 1361 ei
2449 1317 2646 1376 praasto
2677 1306 2831 1360 adest
2881 1305 3158 1359 Servabor.
3219 1304 3406 1374 Angeli

1841 1405 2049 1460 autem,
2083 1408 2148 1448 eo
2182 1396 2321 1457 viso,
2357 1394 2502 1448 illico
2524 1405 2882 1464 consurgunt.
2928 1395 3018 1448 llla
3053 1408 3216 1463 porro
3243 1408 3412 1462 ange-

1840 1487 2018 1541 lorum
2048 1486 2451 1557 assurgentium
2513 1494 2655 1540 statu
2695 1488 2978 1549 exterrita,
3031 1485 3406 1544 convertitur,

1841 1578 2135 1646 Jesumque
2175 1586 2442 1632 astantem
2500 1576 2668 1630 videt.
2718 1575 2988 1631 Caeterum
3051 1573 3408 1627 hortulanum

1843 1683 1968 1722 eum
1992 1683 2111 1723 esse
2141 1668 2458 1724 existimans
2491 1667 2566 1734 (in
2602 1667 2760 1721 horto
2795 1667 2940 1720 enim
2989 1672 3406 1718 monumentum

1844 1764 2004 1834 erat),
2046 1763 2113 1818 ad
2151 1761 2637 1832 interrogationem
2689 1762 2807 1830 ejus
2854 1759 3080 1812 modicae
3131 1756 3252 1810 fidei
3288 1771 3413 1823 pro-

169 1850 269 1894 και
318 1843 578 1894 ἀπιστίαν
637 1842 840 1912 ταύτης
889 1844 1231 1913 προσηγορίᾳ
1268 1842 1565 1912 διωρθοῦτο
1619 1841 1735 1911 μιᾷ.

1849 1825 2218 1916 [ει-ι’-νοοειηε
2251 1859 2308 1914 Si
2364 1825 2441 1922 tu,
2479 1825 2755 1929 inquiens,
2792 1857 2942 1911 illum
2983 1855 3104 1908 inde
3147 1852 3415 1906 sublatum

166 1937 286 2007 τὴν
315 1937 360 1988 δ’
388 1939 587 1990 αὐτίκα
611 1941 709 2007 τῆς
746 1938 1013 2007 συνήθους
1047 1938 1142 1990 καὶ
1169 1936 1431 2004 γλυκείας
1459 1937 1516 1987 ὲν
1546 1934 1743 2006 αίσθή-

169 2045 258 2081 σει
289 2031 676 2099 γεγενημήνην
701 2030 914 2100 φωνῆς,
939 2029 1267 2082 διδάσκαλόν
1297 2046 1354 2081 τε
1387 2031 1451 2080 εκ
1503 2043 1742 2098 περιχα-

173 2121 331 2191 ρείας
387 2125 590 2183 είπεῖν,
619 2123 712 2175 καὶ
752 2124 1129 2176 πιστεύσασαν
1167 2120 1245 2191 τῷ
1296 2120 1606 2192 μυστηρίῳ,
1649 2121 1745 2173 αύ-

169 2212 302 2265 τίκα
343 2211 453 2265 τῶν
504 2214 827 2283 ζωαρχικῶν
854 2214 1034 2267 ποδῶν
1068 2213 1254 2284 ζητεῖν
1301 2213 1578 2266 ἅπτεσθαι
1602 2228 1616 2243 °
1649 2212 1746 2264 αὖ·

169 2307 270 2358 τδν
303 2305 365 2358 δὲ
419 2306 494 2376 μὴ
561 2307 829 2360 ἅπτεσθαί
878 2323 943 2374 γε
1011 2307 1156 2361 οὕτω
1216 2306 1440 2376 παχέως
1517 2305 1746 2375 ἔχουσαν

171 2400 524 2469 παρεγγυᾷν,
560 2399 665 2460 ἕως
704 2397 776 2450 ἂν
807 2399 946 2468 πρὸς
972 2398 1064 2451 τὸν
1117 2399 1334 2465 Πατέρα
1371 2397 1745 2466 παλινδρομή-

174 2509 295 2544 σειε
345 2493 479 2544 Τότε
536 2493 670 2560 γὰρ,
705 2494 730 2544 ὁ
757 2491 1050 2562 δυνάμενος
1084 2493 1142 2543 ὲν
1168 2491 1440 2560 πνεύματι
1475 2489 1747 2558 προσκολ-

173 2587 381 2639 λᾶσθαι
435 2586 534 2654 τῆς
598 2586 846 2650 ἐξουσίας
913 2586 1255 2647 ἀπολαυέτω,
1293 2585 1478 2654 φησίν.
1533 2585 1597 2637 Ἦ
1649 2583 1749 2652 μὲν

173 2679 276 2731 οὖν
311 2679 647 2746 Μαγδαληνὴ
698 2680 818 2746 τρὶς
862 2678 938 2747 τῷ
989 2679 1145 2748 τάφῳ
1193 2679 1632 2747 παραγενομένη,
1667 2677 1749 2739 δὶς

177 2771 402 2837 ἑώρακε
437 2771 527 2821 τὸν
557 2771 792 2837 Χριστόν
819 2786 834 2800 ο
869 2771 1006 2839 μετὰ
1039 2772 1135 2836 τῆς
1174 2770 1439 2822 Θεοτόκου
1475 2769 1573 2836 τὴν
1601 2769 1752 2838 πρώ-

175 2880 307 2931 την,
348 2863 423 2923 ὠς
447 2864 474 2914 ὁ
509 2862 779 2930 μακάριος
809 2863 1012 2930 ίστορεῖ
1057 2860 1339 2922 Ματθαῖος
1364 2876 1379 2892 ο
1420 2861 1520 2928 τὴν
1569 2859 1744 2911 δευτέ-

180 2970 290 3022 ραν
323 2952 380 3004 δὲ
408 2951 502 3003 καὶ
530 2953 746 3020 τρίτην,
779 2954 918 3004 κατᾶ
961 2951 1147 3020 μόνας,
1177 2955 1318 3005 κατὰ
1347 2951 1439 3004 τὸν
1467 2950 1751 3004 θεσπέσιον

191 3045 478 3111 Ἰωάννην.
525 3044 666 3112 Ἤδη
696 3044 752 3095 δὲ
789 3045 883 3096 καὶ
921 3047 1183 3113 τέταρτον
1213 3044 1494 3112 πρόσεισι.
1525 3043 1750 3113 Συμπα-

1844 1951 2088 2018 quopiam
2124 1946 2433 2016 deportasti,
2465 1949 2547 2001 dic
2567 1949 2713 2001 sodes
2761 1949 2841 2000 ubi
2870 1946 3099 2000 locorum
3124 1946 3217 2008 ait,
3249 1954 3297 1996 et
3322 1959 3416 2011 ego

1843 2041 1997 2096 illum
2030 2040 2243 2095 tollam.
2300 2039 2407 2094 Sed
2438 2038 2585 2094 enim
2618 2037 2880 2093 Dominus
2914 2036 3208 2091 amentiam
3239 2035 3418 2088 incre-

1844 2133 2240 2202 dulitatemque
2299 2132 2417 2199 ejus
2462 2147 2566 2186 una
2641 2129 3008 2200 appellatione
3077 2127 3306 2196 corrigit
3359 2135 3419 2180 et

1845 2223 2124 2279 emendat.
2174 2221 2255 2276 lbi
2311 2205 2406 2275 illa
2469 2219 2650 2276 statim
2709 2230 3028 2274 consuetam
3089 2218 3418 2285 dulcemque

1846 2330 2145 2385 agnoscens
2165 2329 2376 2377 vorem,
2406 2329 2471 2368 ex
2494 2313 2695 2366 laetitia
2713 2311 3072 2374 abundantia,
3093 2311 3416 2380 magistrum

1848 2424 1972 2462 cum
1999 2415 2174 2472 vocat,
2200 2414 2256 2460 et
2289 2405 2547 2475 mysterio
2575 2404 2734 2458 tidem
2759 2402 3052 2465 adhibens,
3099 2400 3294 2454 vitales
3326 2416 3424 2470 pe:

1848 2501 1945 2554 des
1995 2497 2177 2551 subito
2235 2496 2551 2563 contingere
2602 2501 2775 2563 parat.
2812 2491 3056 2560 Eamque
3111 2491 3222 2551 ille,
3271 2489 3419 2560 quod

1851 2600 1960 2645 tam
1990 2603 2168 2645 crassa
2198 2588 2497 2642 etiamnum
2532 2595 2715 2640 mente
2741 2592 2908 2644 esset.
2933 2599 3002 2637 ne
3043 2597 3102 2637 se
3148 2593 3420 2659 tangeret,

1850 2682 2023 2737 donec
2046 2681 2111 2735 ad
2138 2680 2352 2735 Patrem
2383 2686 2772 2738 reverteretur,
2808 2675 3041 2729 inbibet.
3075 2673 3214 2727 Tum
3271 2674 3416 2726 enim

1851 2791 1945 2829 eos
1985 2774 2076 2843 qui
2138 2771 2336 2841 spiritu
2385 2771 2667 2824 adbzerere
2717 2768 3046 2837 ailjungique
3080 2764 3129 2820 ei
3177 2773 3422 2832 possent,

1852 2873 2123 2936 potestate
2181 2877 2244 2918 ea
2287 2861 2394 2916 l'rui
2449 2859 2648 2914 debere
2684 2859 2840 2912 dixit.
2889 2857 3071 2926 Itaque
3109 2855 3421 2924 Magdalcna

1854 2967 1938 3012 ter
1972 2955 2036 3011 ad
2069 2954 2381 3023 sepulcrum
2409 2952 2580 3014 venit,
2612 2960 2668 3006 et
2691 2950 2775 3004 bis
2800 2950 3083 3005 Christum
3116 2947 3272 3001 vidit:
3308 2944 3422 3015 pri-

1855 3063 2028 3110 mum,
2055 3047 2312 3115 eumipsa
2347 3044 2441 3100 Dei
2497 3043 2796 3107 Genitrice,
2851 3051 2910 3096 ut
2962 3041 3154 3094 beatus
3190 3052 3423 3092 comme—

182 3132 365 3199 ρῆσαν
407 3132 458 3182 δὲ
491 3132 664 3202 ταύτῃ
696 3132 729 3199 ἧ
765 3149 820 3182 τε
867 3130 1127 3184 Ἰακώϐου
1179 3133 1389 3202 Μαρία,
1439 3137 1535 3184 καὶ
1573 3134 1752 3186 Ἰωάν-

1859 3151 2033 3194 morat
2057 3137 2362 3203 Mattbaeus;
2396 3135 2640 3190 secundo
2673 3144 2853 3188 autem
2880 3143 2937 3187 et
2970 3134 3153 3194 tertio,
3200 3131 3336 3187 sola.
3367 3138 3425 3182 ut

181 3242 275 3288 να,
319 3225 413 3275 καὶ
461 3222 718 3292 Σαλώμη,
763 3227 856 3275 καί
905 3225 1060 3276 ἄλλαι
1111 3225 1364 3277 πλεῖσται
1414 3226 1467 3278 αι
1520 3227 1628 3278 ἀπὶ)
1655 3227 1754 3296 τῆς

181 3316 483 3376 Γαλιλαίας
535 3317 927 3378 συναναϐᾶσαι,
983 3316 1132 3386 ὴλίου
1192 3316 1317 3385 ἄρτι
1383 3320 1444 3368 τὸ
1507 3319 1754 3388 πρωῖνδν

181 3408 622 3474 ὑπαυγὰζοντος.
650 3402 744 3470 AT;
777 3409 918 3460 κατὰ
957 3409 1048 3459 τδν
1082 3409 1221 3461 θεῖον
1258 3411 1473 3463 Λουκᾶν
1509 3412 1558 3462 οῖ
1605 3410 1760 3474 ἐξαλ-

181 3500 271 3551 λοι
307 3502 432 3560 ταῖς
479 3499 691 3558 στολαῖς
714 3501 912 3550 ἐκεῖνοι
945 3501 1037 3550 καὶ
1066 3500 1378 3566 φωτοειδεῖς
1424 3501 1624 3570 ἤροντο
1658 3502 1759 3567 ἄγ-

183 3591 370 3657 γελοι,
428 3589 502 3656 μὴ
558 3589 651 3640 τὸν
705 3587 884 3652 ζῶντα
928 3591 1065 3659 μετὰ
1124 3591 1230 3642 τῶν
1258 3590 1566 3643 τεθνεώτων
1597 3593 1762 3645 πολυν

185 3677 577 3743 ιιτριαγμονεῖν⁹
614 3675 919 3744 ὲγηγὲρθαι
976 3676 1086 3744 γὰρ
1119 3678 1215 3729 καὶ
1271 3677 1345 3746 μὴ
1394 3680 1652 3746 παρεῖναι
1683 3678 1761 3746 τῷ

184 3770 355 3834 τάφῳ
383 3765 814 3835 διεμαρτύραντο
841 3783 854 3796 ’
887 3768 980 3818 καὶ
1008 3767 1117 3818 τῶν
1160 3769 1372 3820 ἐκείνου
1411 3771 1676 3839 ῥημάτων
1704 3773 1762 3823 ὲν

187 3861 362 3928 μνείᾳ
405 3858 657 3924 γενέσθαι
691 3858 1052 3928 παρηγγύων,
1078 3861 1173 3912 καὶ
1221 3863 1331 3922 τοῖς
1364 3862 1634 3931 μαθηταῖς
1665 3880 1762 3916 πο-

189 3951 497 4021 ρευθείσας
544 3952 609 4003 τὰ
642 3951 734 4002 ῐσα
763 3950 1183 4019 διαμηνύεσθαι.
1212 3953 1320 4004 Καὶ
1352 3953 1469 4022 δῆθ’
1499 3955 1762 4024 ὑποστρέ-

181 4045 370 4112 ψασαι
469 4042 686 4108 σύναμα
753 4046 819 4110 τῇ
898 4042 1211 4114 θερμοτάτῃ
1284 4044 1762 4113 Μαγδαληνῇμτὰ

181 4134 468 4202 ὁραθέντα
494 4135 609 4196 τοῖς
639 4134 829 4186 ἕνδεκα
862 4136 956 4186 καὶ
994 4137 1128 4188 πᾶσι
1172 4137 1280 4194 τοῖς
1331 4136 1539 4197 λοιποῖς
1593 4137 1762 4205 ἀνήγ-

182 4229 413 4296 γελλον.
446 4228 627 4294 Λῆρον
662 4227 718 4278 δὲ
754 4227 1034 4293 γυναικῶν
1054 4227 1179 4289 τοὺς
1215 4227 1408 4294 λόγους
1441 4227 1760 4297 ἡγούμενοι,

184 4317 486 4370 πιστεύειν
537 4317 742 4385 ἥκιστα
784 4311 950 4385 εἶχον.
983 4315 1095 4385 Τῆς
1125 4317 1182 4368 δὲ
1214 4317 1403 4385 φήμης
1457 4319 1631 4387 πτερὰ
1671 4318 1766 4369 λα-

186 4411 429 4476 ϐούσης,
517 4409 612 4461 καὶ
681 4410 997 4477 ἅπανταχοῦ
1056 4426 1118 4474 γε
1185 4409 1577 4478 διατρεχούσης
1648 4411 1765 4478 ἅμα

1856 3229 2321 3300 quidemdivinus
2347 3226 2540 3279 scribit
2577 3225 2837 3279 Joannes.
2873 3223 3033 3292 116
3051 3221 3166 3276 Jam
3201 3235 3332 3273 vero
3369 3227 3435 3273 et.

1857 3331 2050 3390 quarto
2081 3319 2321 3373 advenit.
2365 3317 2534 3369 Erant
2571 3328 2752 3368 autem
2801 3332 2924 3369 eum
2959 3317 3071 3382 ipsa
3113 3313 3281 3365 Maria
3336 3313 3434 3366 ,Ια-

1857 3413 2003 3474 cobi,
2051 3412 2286 3474 Joanna,
2314 3408 2553 3470 Salome,
2581 3418 2635 3461 et
2661 3408 2778 3461 alia:
2822 3408 3026 3476 plures,
3065 3422 3184 3473 quae
3231 3421 3258 3457 a
3285 3404 3437 3457 Gali-.

1858 3505 1952 3557 Ima
1977 3503 2137 3556 simul
2169 3501 2554 3559 ascenderant.
2584 3499 2695 3552 sole
2725 3514 2918 3552 recens
2941 3496 3238 3551 admodum
3280 3504 3432 3547 orto.

1860 3595 2089 3660 Quibus,
2117 3593 2269 3661 juxta
2304 3594 2489 3645 divum
2530 3589 2754 3652 Lucam,
2812 3590 3229 3643 eoruscantibus
3276 3587 3442 3640 stolis.

1860 3694 2179 3755 prmstantes
2204 3685 2440 3736 humana
2481 3684 2663 3751 specie
2689 3683 2866 3752 angeli
2892 3684 3102 3742 dicunt,
3157 3680 3427 3732 viventem

1861 3792 1981 3830 cum
2027 3776 2256 3828 mortuis
2305 3773 2662 3841 qu:rrendum
2701 3789 2809 3825 non
2862 3787 3003 3825 esse.
3051 3769 3432 3824 Resurrexisse

1861 3869 2026 3930 enim,
2059 3878 2114 3922 et
2144 3883 2250 3921 non
2284 3868 2474 3921 adesse
2498 3883 2620 3920 eum
2652 3868 2706 3920 in
2729 3877 3105 3928 monumento,
3135 3864 3431 3917 testiﬁcan-

1865 3973 1951 4014 tur
1983 3961 2294 4027 :vcrbaquc
2327 3960 2445 4027 ejus
2497 3959 2548 4011 in
2584 3959 2903 4013 memoriam
2943 3972 3222 4019 revocare,
3267 3966 3431 4024 atque

1862 4051 2146 4117 discipulis
2168 4050 2433 4102 abeuntes
2454 4049 2641 4101 eadem
2676 4050 2918 4101 indicare
2963 4047 3174 4116 iubent.
3230 4045 3305 4100 lla
3341 4046 3433 4098 de-

1864 4154 2010 4193 mum
2041 4139 2140 4192 illa:
2187 4154 2312 4192 cum
2367 4139 2730 4192 fervidissima
2783 4137 3094 4206 Magdalena
3152 4151 3386 4189 reversae
3416 4175 3431 4199 ,

1865 4232 2114 4286 undecim
2153 4232 2281 4293 illis,
2326 4241 2696 4299 pratereaque
2731 4230 2852 4283 aliis
2888 4229 3165 4293 omnibus,
3209 4243 3326 4296 qua:
3350 4228 3429 4278 vi-

1865 4321 2077 4379 derant.
2105 4322 2438 4374 renuntiant.
2475 4322 2542 4374 At
2575 4322 2648 4373 illi
2675 4321 3116 4372 muliercularum
3141 4318 3304 4371 verba
3335 4333 3432 4384 pro

1868 4415 2026 4482 nugis
2065 4413 2349 4473 habentes.
2391 4413 2635 4466 animum
2691 4412 2757 4464 ad
2803 4411 3134 4466 credendum
3174 4410 3433 4460 indueme

186 4503 390 4571 ἡμέρα
417 4501 490 4561 ὡς
522 4503 584 4552 ὲκ
616 4501 722 4552 τῶν
747 4501 956 4570 νεκρῶν
1007 4503 1204 4570 ἀνέστη
1253 4505 1279 4552 ὁ
1324 4503 1552 4571 Ἰησοῦς,
1585 4505 1633 4556 οἱ
1667 4505 1758 4573 ἀρ-

1872 4520 1976 4558 non
2005 4513 2317 4572 potuerunt.
2346 4503 2534 4572 Etjrnm
2568 4503 2730 4563 fama,
2772 4502 2983 4556 viribus
3029 4499 3199 4567 magis
3231 4500 3432 4569 magis-

189 4596 417 4663 χιερεῖς
489 4594 582 4644 καὶ
643 4593 693 4643 οἱ
755 4592 850 4644 τοῦ
903 4594 1181 4660 συνεδρίου
1252 4596 1309 4646 ἐν
1374 4595 1554 4662 λόγοις
1605 4590 1768 4665 ἦσαν,

191 4685 410 4756 βουλὴν
448 4684 771 4750 ὑφάναντες,
800 4684 1052 4754 ἀργυρίῳ
1098 4701 1157 4735 τε
1193 4685 1291 4746 τὰς
1350 4685 1458 4736 τῶν
1504 4702 1772 4753 στρατιω-

188 4777 310 4830 τῶν
372 4773 554 4837 δεξιὰς
602 4774 1036 4840 διαφθείραντες,
1092 4775 1298 4826 πείθειν
1346 4776 1666 4842 ἐπεχείρουν
1698 4773 1773 4836 ὡς

189 4871 244 4922 οῖ
283 4869 537 4937 μαθηταὶ
572 4868 864 4934 συλήσειαν
893 4868 984 4919 τὸν
1025 4867 1119 4918 τοῦ
1158 4869 1485 4920 διδασκάλου
1558 4867 1770 4936 νεκρὸν,

191 4961 369 5032 βαθεῖ
392 4959 472 5028 τῷ
509 4959 662 5030 ὕπνῳ
703 4961 1089 5029 κατεχομένων
1123 4961 1324 5012 αὐτῶν.
1361 4962 1426 5012 Ὀ
1459 4958 1522 5028 δὴ
1577 4960 1668 5012 καὶ
1721 4960 1775 5020 ὲς

190 5054 390 5122 δεῦρο,
429 5053 590 5120 φησὶ,
622 5052 754 5121 παρ’
781 5054 1009 5115 ἐκείνοις
1039 5053 1456 5120 διαφημίζεται.

1877 4609 1981 4662 quc
2041 4597 2293 4662 sumptis.
2329 4595 2527 4661 passim
2551 4609 2657 4647 una
2688 4608 2814 4646 cum
2839 4592 2929 4645 die
2949 4591 3131 4645 Iesum
3190 4604 3252 4643 ex
3295 4604 3434 4640 mor-

1880 4687 1988 4738 tuis
2030 4687 2393 4738 resurrexisse
2448 4684 2924 4738 increbrescebat:
2973 4698 3095 4736 cum
3131 4671 3439 4750 pontiﬁces,

1877 4788 1931 4832 et
1960 4780 2050 4846 qui
2102 4778 2155 4830 in
2193 4777 2424 4830 Concilio
2450 4777 2680 4845 alicujus
2720 4785 2902 4830 essent
2947 4773 3185 4827 numinis
3229 4782 3282 4824 et
3326 4769 3441 4822 exi-

1877 4869 2231 4929 stimationis.
2261 4868 2550 4922 consilium
2583 4876 2805 4930 texunt,
2835 4875 2890 4921 et
2913 4874 3138 4934 argento
3173 4864 3301 4915 dato
3333 4861 3439 4914 mi.

1881 4959 2006 5013 lites
2024 4967 2401 5026 corrumpunt,
2437 4965 2493 5010 ut
2518 4955 2847 5025 persuadere
2870 4953 3125 5007 omnibus
3169 4963 3444 5005 conaren-

1885 5059 1992 5113 tur,
2013 5067 2133 5105 cum
2166 5051 2264 5120 ipsi
2290 5066 2485 5104 somno
2529 5048 2880 5118 profundiore
2930 5043 3200 5113 consopiti
3232 5050 3450 5106 essent,

192 5149 517 5218 discipulos
533 5163 734 5218 corpus
753 5147 994 5203 defuncti
1031 5149 1270 5220 magistri
1328 5147 1595 5218 rapuisse;
1624 5147 1767 5216 quod
1809 5145 1872 5201 ad
1902 5148 2045 5201 hunc
2103 5162 2275 5216 usque
2310 5146 2454 5200 diem
2493 5143 2634 5213 apud
2681 5159 2776 5198 eos
2797 5139 3127 5211 evangelista
3163 5136 3297 5191 falso
3353 5134 3449 5207 ista

192 5245 350 5301 ctari
383 5242 540 5296 dicit.
