4212 6440
740 378 850 446 739

1957 366 2380 433 NlCEPllORl
2422 365 2774 429 CALLISTI

3905 369 4009 433 740

745 489 990 546 beriadis
1048 489 1184 542 mari
1226 486 1513 557 capiendis
1547 485 1796 557 piscibus
1844 485 2154 556 occupatis,
2195 500 2314 538 cer-
2348 489 2389 546 Α

2350 489 2389 546 Α
2421 483 2517 550 τῆς
2551 480 2876 550 Τ.6εριάᾶος
2929 479 3202 551 θαλάσσης
3244 482 3371 551 περὶ
3404 481 3503 551 τὴν
3531 483 3639 534 τῶν
3671 482 3869 552 ἰχθύων
3901 486 4013 537 δια·

747 583 918 636 nitur.
956 580 1074 636 Nox
1101 595 1235 632 vero
1284 588 1396 632 tota
1432 579 1538 633 illis
1571 579 1806 644 abierat,
1842 594 1964 630 tum
2021 577 2314 630 admodum

751 674 1124 737 laborassem,
1184 671 1319 725 nihil
1371 681 1556 725 autem
1605 686 1832 740 prorsus
1863 672 1981 741 ejus
2011 670 2157 740 quod
2197 686 2320 738 spe-

754 775 974 820 rassent
1023 767 1305 820 consecuti
1345 774 1550 820 essent.
1599 763 1868 818 Caeterum
1929 780 2036 818 una
2073 780 2195 818 cum
2243 765 2324 816 tli-

753 857 938 910 luculo
971 855 1100 910 Jesu
1159 866 1475 926 appetente,
1515 865 1572 910 et
1604 855 1939 909 verriculum
1974 854 2039 907 ad
2074 854 2320 907 dextram

756 949 1055 1002 immittere
1119 951 1410 1016 laxareque
1458 948 1707 1018 jubente,
1757 958 1906 1002 tanta
1958 948 2040 1001 vis
2084 949 2321 1016 piscium

752 1038 1084 1100 extrahitur,
1124 1047 1183 1091 ut
1235 1053 1490 1106 sagenam
1544 1037 1865 1106 pertrahere
1913 1052 2022 1090 non
2074 1044 2321 1105 possent.

753 1132 993 1187 Piscium
1038 1129 1205 1199 igitur
1252 1130 1519 1182 immensa
1559 1128 1990 1198 opinionemque
2024 1125 2324 1181 excedente

751 1229 1005 1289 captura,
1060 1221 1313 1289 quisnam
1360 1227 1544 1281 esset,
1594 1219 1688 1287 qui
1746 1218 1798 1272 in
1847 1219 2034 1272 littore
2083 1217 2324 1282 astabat,

753 1311 1130 1381 cognoscitur.
1199 1310 1265 1363 Et
1318 1310 1515 1364 Petrus
1566 1310 1831 1363 continuo
1878 1316 2030 1362 natat
2083 1307 2329 1375 (circiter

754 1405 901 1458 enim
936 1404 1203 1456 ducentos
1251 1402 1469 1454 cubitos
1509 1415 1537 1454 a
1591 1410 1735 1454 terra
1781 1399 2058 1469 aberant).
2093 1399 2326 1452 Ardenti

757 1511 995 1564 namque
1051 1493 1331 1547 desiderio
1382 1492 1634 1547 concitus
1689 1493 1814 1557 ille,
1893 1508 2017 1546 cum
2097 1491 2326 1545 linteolo

757 1591 905 1658 quod
930 1589 980 1642 ei
1010 1600 1121 1641 tum
1154 1587 1339 1642 subito
1369 1598 1583 1656 tempus
1614 1587 2082 1656 suppeditaverat,
2109 1584 2331 1641 lumbos

761 1680 1124 1734 circumcirca
1179 1679 1463 1743 cinxisset,
1509 1677 1671 1731 undis
1727 1677 2005 1739 innatans,
2061 1677 2329 1731 suavissi-

765 1790 963 1844 meque
991 1773 1228 1828 subinde
1260 1789 1456 1844 aquam
1486 1773 1688 1843 spiritu
1722 1773 2012 1827 attrahens
2047 1783 2212 1842 atque
2245 1787 2330 1827 re-

2425 574 2781 642 πονουμένοις
2821 574 3019 642 ἄγραν,
3066 574 3385 627 ὀττάνεται.
3435 575 3551 640 Νὺξ
3601 580 3698 645 μὲν
3743 580 3852 647 γὰρ
3908 579 4011 645 ὅλη

2426 665 2608 726 αὐτοῖς
2641 665 2989 734 ἀνηλίσκετο,
3045 667 3275 720 πλεῖστα
3315 669 3668 736 πεπονηκόσι,
3734 668 3912 736 μηδὲν
3968 669 4013 722 δ’

2426 755 2559 816 ὅλως
2589 755 2696 806 τῶν
2718 755 3069 823 ὴλπισμένων
3096 756 3329 825 ἔχουσιν,
3361 759 3511 825 Ἅμα
3535 758 3577 809 δ’
3597 757 3668 825 ἕῳ
3694 757 3788 809 τοῦ
3828 756 4012 822 Ἰησοῦ

2427 847 2770 909 ἐπιστάντος,
2810 851 2905 901 xci.
2934 848 3104 918 χαλᾷν
3135 849 3434 910 τοδέκτυον
3484 853 3595 906 τοῖς
3625 848 3816 915 δεξιοῖς
3850 851 4018 915 ἔγκεο

2427 939 2737 1008 λευομένου,
2771 942 2972 1011 πλῆθος
3004 941 3263 996 τοσοῦτον
3295 941 3492 1011 ἰχθύων
3511 942 3739 1004 εἵλκετο,
3766 941 3842 1005 ὡς
3880 940 4015 1010 μηδ’

2424 1030 2604 1085 ἕλκειν
2654 1034 2850 1093 αὑτοὺς
2931 1033 3032 1104 τὴν
3107 1035 3353 1104 σαγήνην
3433 1033 3636 1096 ίκανῶς
3689 1032 3853 1104 ἔχειν.
3921 1031 4014 1102 Τῷ

2425 1125 2607 1178 τοίνυν
2642 1125 2933 1195 παραδίξῳ
2966 1128 3066 1195 τῆς
3108 1125 3285 1193 ἄγρας
3325 1126 3476 1188 ὅστις
3519 1126 3601 1195 εῐη
3663 1127 3936 1193 γνωσθεὶς
3987 1126 4016 1177 ὀ

2427 1215 2521 1267 ἐπὶ
2545 1215 2638 1268 τοῦ
2668 1216 2938 1285 αἰγιαλοῦ,
2977 1217 3183 1285 Πέτρον
3210 1218 3309 1286 μιν
3333 1217 3531 1270 αὐτίκα
3557 1213 3704 1286 εἶχεν
3732 1218 3762 1270 δ
3797 1203 3973 1278 πλοῦς
3997 1233 4013 1248 ο

2433 1308 2635 1376 πήχεσι
2667 1311 2772 1378 γὰρ
2801 1309 3099 1372 διακοσίοις
3153 1300 3251 1377 τῆξ
3280 1310 3385 1375 γῆς
3419 1310 3843 1380 ἀφειστήκεισαν
3869 1327 3886 1341 ο
3920 1309 4016 1362 καὶ

2429 1400 2506 1469 τῷ
2566 1401 2761 1470 θερμῷ
2821 1400 2915 1453 τοῦ
2973 1401 3138 1454 πόθου
3186 1401 3649 1470 διαπλοῖζὸμενος,
3700 1401 3896 1470 ὀθονίῳ
3951 1405 4015 1454 ἐκ

2429 1494 2522 1546 τοῦ
2565 1495 2753 1564 σχεδὸν
2793 1494 3095 1564 εὑρεθέντι,
3127 1494 3198 1547 τά
3227 1496 3357 1565 περὶ
3398 1497 3525 1559 τοὺς
3578 1496 3787 1566 μηροὺς
3823 1495 4014 1563 κύκλῳ

2427 1585 2856 1657 διαζωσάμενος,
2892 1587 3189 1659 ἀναφυσῶγ
3235 1588 3312 1651 ὡς
3353 1587 3550 1657 ήδιστα
3594 1591 3690 1640 καὶ
3757 1589 4014 1656 ἀναπεμ-

2429 1679 2685 1749 πὸμενος,
2713 1685 2848 1751 πρὸς
2877 1680 3115 1750 Χριστὸν
3139 1681 3268 1733 ῐετο.
3296 1681 3358 1732 Ol
3393 1681 3569 1734 λοιποὶ
3598 1681 3654 1734 δὲ
3683 1681 3765 1749 τῷ
3795 1680 4015 1748 ἀκατίῳ

2429 1771 2570 1840 πρὸς
2588 1772 2650 1824 τὸ
2674 1772 2836 1842 ξηρὸν
2860 1771 3231 1835 διελαύνοντες
3265 1767 3418 1841 ἧκον.
3460 1773 3548 1836 Ὠς
3583 1772 3671 1826 οὖν
3699 1771 4010 1838 exesum,

763 1868 1010 1929 mittens,
1041 1867 1105 1920 ad
1134 1866 1412 1919 Christum
1444 1865 1752 1919 cotttendit.
1787 1865 2004 1934 Reliqui
2039 1879 2171 1918 vero
2202 1864 2327 1918 navi
2355 1837 2403 1897 Β

2355 1837 2403 1897 Β
2432 1860 2639 1913 καὶτὸν
2669 1861 3007 1929 ποθούμενον
3041 1861 3211 1930 ἡδέως
3238 1862 3571 1932 ἠσπάζοντο,
3608 1863 3718 1915 ίδοὺ
3748 1863 3841 1913 ἐπ’
3893 1863 4013 1915 3.61-

767 1959 1064 2028 piscaloria
1100 1960 1453 2027 remigantes,
1493 1958 1558 2011 ad
1588 1958 1743 2010 littus
1792 1958 2096 2027 appellum.
2131 1957 2170 2009 Ε
2204 1955 2329 2009 navi

765 2052 948 2120 itaque
991 2052 1247 2119 digressi,
1295 2050 1672 2103 desideratum
1726 2051 1878 2102 illum
1912 2050 2154 2103 suaviter
2182 2049 2333 2102 salu-

767 2154 879 2195 tant
919 2154 973 2197 et
1025 2144 1458 2213 amplectuntur.
1493 2143 1560 2196 Et
1599 2157 1750 2204 ecce,
1794 2143 1845 2195 in
1880 2142 1996 2195 solo
2043 2156 2248 2210 prunas
2280 2149 2336 2195 et

763 2236 972 2304 piscem
1024 2251 1147 2289 cum
1213 2251 1352 2304 pane
1408 2236 1644 2304 positum
1705 2247 1956 2298 cernunt,
2018 2242 2334 2287 sanctorum

764 2328 980 2381 scilicet
1012 2327 1356 2396 angelorum,
1408 2336 1467 2380 ut
1520 2336 1674 2396 puto,
1708 2326 1964 2381 manibus
1994 2326 2335 2394 ientaculum

768 2429 1153 2489 praeparatum.
1185 2419 1459 2473 Jubentur
1485 2429 1747 2487 praeterea
1775 2425 1830 2472 et
1854 2433 1918 2472 ex
1948 2434 2139 2473 recens
2165 2420 2338 2488 captis

768 2515 1022 2586 piscibus
1046 2513 1254 2583 aliquid
1287 2513 1488 2567 aﬂ‘erre
1517 2513 1584 2566 ad
1617 2514 1828 2583 epulas.
1867 2513 1936 2568 At
1969 2514 2042 2567 illi
2077 2530 2337 2570 conscen-

768 2621 831 2660 so
876 2605 1114 2673 navigio,
1164 2612 1279 2657 rete
1331 2603 1658 2672 pertrahunt
1704 2603 1947 2671 piscibus
1991 2603 2335 2670 confertum,

767 2710 824 2752 et
855 2711 1086 2750 numero
1118 2706 1174 2751 et
1209 2695 1587 2765 magnitudine
1624 2697 2013 2764 prmstantibus
2045 2714 2059 2749 :
2096 2697 2163 2751 ad
2203 2712 2337 2751 cen-

771 2799 886 2842 tum
917 2791 1064 2843 enitn
1099 2787 1496 2857 quinquaginta
1548 2796 1602 2840 et
1657 2798 1769 2842 tres
1816 2797 1998 2842 erant.
2031 2789 2338 2843 Mirandum

771 2889 957 2932 autem
993 2885 1133 2941 erat,
1168 2891 1293 2930 cum
1329 2885 1410 2929 tot
1438 2887 1494 2930 et
1532 2877 1668 2931 tanti
1724 2879 1801 2932 illi
1845 2888 2054 2944 essent,
2093 2881 2342 2934 verricu-

769 2967 883 3020 lum
927 2977 1149 3036 ruptum
1201 2982 1427 3036 prorsus
1467 2982 1577 3020 non
1626 2983 1747 3022 esse
1784 2985 1796 3022 :
1831 2971 1968 3022 adeo
2006 2979 2064 3023 ut
2107 2985 2173 3024 eo
2224 2972 2340 3040 ipso

770 3057 1023 3126 prodigio
1052 3068 1200 3112 certo
1232 3057 1343 3112 illis
1373 3058 1664 3112 Dominum
1695 3074 1820 3113 eum
1871 3075 1994 3115 esse
2035 3071 2336 3117 constaret.

2436 1971 2566 2020 φους
2595 1953 3138 2025 ὀρῶσινέάνθρακιάν
3163 1957 3257 2008 καὶ
3277 1955 3504 2025 ὀψάριον
3535 1958 3626 2008 καὶ
3665 1957 3836 2024 ἄρτον
3889 1972 4016 2022 προ-

2435 2047 2688 2116 κείμενα,
2725 2049 2913 2118 χερσὶν
2943 2047 3136 2116 ἀγίων,
3171 2043 3348 2117 οἶμαι,
3376 2049 3628 2116 ἀγγέλων
3679 2049 3742 2100 τὸ
3789 2049 4013 2114 ἄριστον

2435 2140 2614 2192 ἐκεῖνο
2666 2140 3130 2210 ἐξειργασμένων.
3207 2140 3487 2208 Ἐνεγκείν
3535 2141 3717 2208 μέντοι
3763 2134 3865 2190 καὶ
3913 2138 4013 2189 ἀπὸ

2436 2231 2546 2286 τῶν
2573 2232 2699 2302 άρτι
2721 2231 2926 2284 νεαλῶν
2947 2232 3147 2302 ίχθύων
3171 2232 3538 2286 διεκελεύοντο
3570 2231 3702 2301 πρὸς
3729 2233 3980 2283 ἑστίασιν
4001 2246 4012 2258 ”

2437 2325 2530 2377 καὶ
2558 2324 2676 2394 δῆτ’
2731 2323 3052 2388 ἀναϐάντες,
3107 2319 3286 2378 εἷλκον
3315 2324 3376 2377 τὸ
3421 2325 3657 2378 δίκτυον.
3721 2323 4017 2390 Ἐμπλεων

2436 2415 2482 2466 δ’
2510 2415 2617 2485 ἄρα
2644 2411 2712 2486 ἦν
2745 2415 2943 2485 ίχθύων
2970 2415 3192 2486 μεγέθει
3228 2433 3285 2469 τε
3345 2417 3620 2485 μεγίστων
3669 2416 3764 2467 καὶ
3795 2411 4018 2483 ἀριθμῷ

2439 2505 2706 2558 πλείστων
2733 2521 2747 2536 ’
2786 2507 2868 2568 είς
2908 2509 3057 2577 τρεῖς
3089 2507 3198 2575 γὰρ
3224 2507 3319 2560 καὶ
3350 2505 3391 2556 ν’
3416 2507 3506 2559 καὶ
3558 2503 3605 2575 ρ’
3647 2504 3734 2557 τὸν
3782 2504 4019 2575 ἀριθμὸν

2435 2597 2798 2667 διεπέραινον.
2829 2599 2937 2651 Καὶ
2957 2599 3017 2651 τὸ
3043 2599 3106 2668 δὴ
3134 2599 3457 2668 θαυμάσιον,
3484 2600 3567 2652 ὅτι
3588 2614 3650 2666 γε
3681 2597 3777 2649 καὶ
3805 2593 4021 2646 πολλῶν

2437 2692 2532 2744 καὶ
2564 2691 2899 2760 τηλικούτων
2923 2691 3094 2744 ὄντων
3119 2691 3182 2744 τὸ
3212 2691 3466 2761 μέγεθος,
3520 2691 3580 2742 τὸ
3620 2689 3843 2742 δίκτυον
3884 2689 4023 2758 διεῤ⁶

2443 2781 2619 2852 ρωγδς
2663 2781 2911 2851 οὐδαμῶς
2937 2778 3028 2852 ἦν.
3064 2781 3156 2845 Ὠς
3203 2781 3455 2835 ἐντεῦθεν
3484 2781 3762 2850 τάσφαλὲς
3792 2781 4026 2852 Imus-

2439 2888 2550 2924 των
2604 2870 2770 2924 αὐτὸν
2812 2867 2952 2924 εἶναι
3013 2873 3092 2944 τῷ
3142 2873 3418 2944 τεραστίῳ
3461 2873 3552 2925 τὸν
3593 2872 3827 2942 Κύριον,
3899 2874 4025 2943 παρ’

2441 2960 2687 3028 ἀλλήλων
2717 2961 2777 3015 ἑν
2810 2963 3026 3031 ἡδοναῖς
3068 2963 3423 3027 καθεστάναι,
3475 2966 3570 3017 καί
3619 2967 3791 3033 ἄμφω
3843 2967 4026 3028 αὐτοῖς

2442 3049 2651 3103 ἐκείνου
2679 3051 2787 3101 τῶν
2823 3053 3249 3121 παρακειμένων
3275 3054 3356 3115 είς
3389 3053 3593 3123 βρῶσιν
3621 3056 4024 3123 μεταδιδόντος.

773 3148 1124 3218 Quapmptcr
1159 3163 1350 3218 magna
1387 3149 1530 3203 inter
1565 3164 1622 3203 se
1668 3149 1850 3204 allecti
1889 3161 2018 3206 sunt
2052 3152 2337 3223 voluptate
2360 3176 2412 3236 ac

2369 3176 2412 3236 C
2457 3143 2611 3194 Ἐπεὶ
2641 3142 2695 3194 δὲ
2722 3142 2782 3195 τὸ
2820 3143 3133 3213 θαυμαστὸν
3181 3145 3358 3198 ἐκεῖνο
3389 3148 3608 3215 ἄριστον
3639 3147 3813 3217 πέρας
3855 3144 4026 3220 εἶχεν,

774 3249 938 3307 atque
971 3238 1160 3292 laetitia
1194 3255 1210 3296 :
1247 3247 1305 3294 et
1362 3239 1453 3294 ille
1496 3255 1622 3293 cum
1656 3240 1736 3295 eis
1765 3243 1932 3296 ex'eo
1963 3243 2108 3313 quod
2141 3261 2344 3315 propo-

774 3332 941 3384 situm
997 3329 1224 3396 fuerat,
1291 3331 1718 3387 communicavit
1775 3333 1978 3388 cibum.
2030 3335 2345 3404 Enimvero,

773 3438 898 3476 cum
949 3421 1332 3476 admirandum
1391 3423 1525 3476 illud
1583 3425 1925 3491 ientaculum
1974 3427 2136 3480 tinem
2185 3443 2348 3482 suum

776 3515 1028 3576 haberet,
1061 3529 1169 3566 non
1209 3514 1404 3578 semel,
1433 3515 1528 3569 sed
1563 3516 1763 3570 iterum
1797 3533 1858 3573 ac
1890 3519 2056 3573 tertio
2082 3519 2350 3576 Dominus

778 3601 1060 3658 Simonem
1107 3605 1487 3674 interrogavit,
1535 3622 1602 3660 an
1645 3622 1702 3660 se
1734 3607 1854 3676 plus
1897 3609 2020 3663 aliis
2056 3609 2351 3680 diligeret?

778 3710 887 3746 non
947 3695 1035 3748 ille
1090 3695 1310 3764 quidem
1373 3696 1576 3750 rescire
1628 3699 1730 3753 hoc
1805 3698 1996 3754 volens
2051 3703 2350 3770 (quomodo

778 3785 924 3837 enim
955 3785 1007 3838 id
1034 3786 1084 3838 ci
1119 3801 1260 3856 opus
1281 3797 1452 3849 esset,
1481 3789 1574 3856 qui
1610 3790 1898 3845 manifesta
1930 3805 2346 3864 compertaque,

779 3876 942 3929 etiam
992 3892 1114 3945 qua:
1184 3878 1428 3931 nondum
1473 3879 1612 3933 facta
1659 3891 1866 3945 essent,
1895 3882 2210 3954 habere”),
2243 3886 2337 3939 sed

783 3978 842 4019 ut
883 3982 977 4034 per
1018 3967 1290 4035 triplicem
1328 3985 1648 4038 expressam
1688 3973 2098 4040 prosessionem
2143 3976 2348 4045 triplici

786 4059 1102 4113 mederetur
1137 4063 1436 4129 negationi.
1477 4062 1636 4131 120
1665 4063 1734 4117 Ut
1764 4074 1944 4118 autem
1994 4066 2084 4121 ille
2127 4069 2352 4123 celerri-

784 4167 868 4204 me
907 4167 1146 4204 amorem
1171 4163 1254 4206 est
1285 4152 1592 4222 professus,
1629 4155 1896 4210 hactenus
1927 4158 2144 4212 audivit
2170 4176 2228 4215 se
2259 4177 2351 4216 ve-~

784 4258 903 4294 rum
942 4244 1146 4296 amoris
1187 4242 1452 4297 indicium
1507 4245 1913 4313 cxhibiturum,
1972 4261 2246 4317 quatenus
2292 4268 2349 4307 re

787 4334 899 4400 ipsa
928 4342 982 4386 et
1010 4349 1174 4401 Opere
1200 4334 1498 4387 rationales
1527 4351 1658 4389 oves
1692 4347 1958 4404 pasceret.
1993 4338 2048 4391 ld
2073 4356 2203 4394 vero
2234 4354 2347 4396 tum

785 4425 1006 4477 demum
1041 4425 1177 4491 fore,
1217 4427 1260 4480 si
1298 4427 1536 4479 animam
1585 4442 1827 4496 quoque,
1873 4431 2031 4485 sicuti
2068 4433 2206 4503 ipse,
2251 4451 2349 4505 pro

2448 3237 2547 3304 οὐχ
2577 3233 2743 3299 ἅπαξ,
2775 3234 2912 3288 ἀλλὰ
2939 3239 3031 3289 καὶ
3057 3235 3138 3299 δὶς
3176 3239 3268 3289 καὶ
3319 3239 3442 3307 τρὶς
3471 3240 3499 3290 ὸ
3528 3237 3733 3309 Κύριος
3789 3242 4028 3294 ἀπεπει-

2451 3327 2586 3396 ρᾶτο
2602 3325 2694 3379 τοῦ
2729 3326 2995 3395 Σίμωνος,
3027 3328 3077 3381 εί
3110 3327 3281 3382 πλείω
3311 3331 3424 3383 τῶν
3448 3330 3626 3385 ἄλλων
3651 3331 3798 3402 ἐρῴη
3836 3334 4026 3393 αὑτοῦ.

2449 3419 2510 3471 οὐ
2545 3418 2750 3486 γνῶναι
2781 3418 2940 3470 τοῦτο
2993 3418 3319 3490 βουλόμενος
3370 3423 3512 3492 (πῶς
3539 3424 3646 3494 γὰρ
3675 3417 3720 3492 ᾧ
3746 3425 3886 3495 δῆλα
3939 3428 4028 3480 καὶ

2447 3508 2516 3562 τὰ
2540 3511 2706 3579 μήπω
2729 3511 2996 3578 γενόμενα
3022 3529 3037 3576 ;
3074 3511 3112 3576 ),
3143 3513 3260 3565 ἀλλ’
3315 3514 3380 3567 Iv’
3411 3516 3675 3587 ὁμολογίᾳ
3716 3523 3924 3589 τρισσῇ
3971 3523 4030 3573 τι

2449 3603 2666 3669 τριττζν
2697 3603 2907 3656 ἰάσαιτο
2940 3607 3040 3671 τῆς
3076 3605 3380 3676 ἀρνήσεως.
3421 3608 3510 3672 Ὠς
3549 3608 3593 3661 δ’
3645 3613 3854 3676 ἐκεῖνος
3894 3614 4026 3667 θᾶτ-

2448 3713 2540 3749 τον
2575 3697 2862 3767 ὡμολόγει,
2899 3701 2959 3751 ιν
3015 3699 3190 3770 τούτῳ
3251 3702 3447 3771 ἤκουεν
3498 3703 3698 3766 ίκανῶς
3758 3706 3910 3776 ἔχειν
3971 3709 4032 3762 τὸ

2451 3790 2673 3857 γνήσιον
2712 3791 3008 3860 παριστᾷν,
3062 3792 3196 3860 εῐγε
3230 3793 3488 3861 ποιμάνοι
3536 3795 3682 3865 ἔργῳ
3719 3799 3789 3850 τά
3832 3800 4030 3866 λεγικά

2450 3881 2721 3949 πρόϐατα.
2751 3883 2826 3935 Τὸ
2846 3882 2894 3936 δ’
2922 3883 3095 3948 ἔσται,
3139 3887 3187 3938 εί
3233 3885 3327 3938 καὶ
3358 3887 3456 3956 τὴν
3484 3887 3662 3956 ψυχὴν
3691 3889 3768 3952 ὡς
3821 3891 4031 3954 ἐκεῖνος

2453 3973 2696 4043 βούλοιτο
2720 3975 2927 4029 τιθέναι
2967 3978 3105 4047 ὑπὲρ
3133 3978 3316 4031 αὐτῶν
3343 3993 3356 4007 ⁸
3391 3981 3587 4050 ἐπίσης
3615 3981 3723 4048 γὰρ
3750 3983 3849 4035 καὶ
3879 3984 4032 4052 αὐτῷ

2450 4065 2652 4118 ἑσείται
2680 4065 2787 4119 τῶν
2821 4067 3110 4134 προϐάτων
3166 4068 3606 4139 ύπερισταμένῳ,
3664 4071 3752 4124 διὰ
3791 4074 4031 4142 σταυροῦ

2448 4157 2668 4220 δοξάσαι
2704 4158 2794 4210 τὸν
2832 4158 2964 4210 Θεόν
2987 4174 3002 4190 ο
3037 4157 3196 4211 τοῦτο
3250 4159 3355 4229 γὰρ
3399 4160 3618 4231 ᾐνίξατο
3655 4162 3716 4215 τὸ
3766 4165 3889 4216 νέον
3934 4168 4034 4232 μὲν

2449 4248 2575 4300 ὄντα
2607 4249 2738 4301 ὅπου
2771 4249 2823 4316 γ’
2854 4248 3058 4300 ἐθέλειν
3111 4248 3274 4313 ἰέναι,
3330 4251 3584 4319 γηρῶντα
3612 4251 3667 4304 δὲ
3714 4252 3859 4322 ἄλλῳ
3893 4255 4034 4318 ζών-

2452 4341 2643 4392 νυσθαι
2682 4343 2872 4409 χεῖρας
2932 4340 3266 4406 ἐκτείνοντα,
3304 4342 3398 4393 καὶ
3455 4341 3556 4407 τὴν
3609 4342 3744 4410 πρὸς
3801 4345 4035 4397 θάνατον

2450 4432 2699 4498 ἄγεσθαι,
2749 4433 2882 4483 ὅπου
2911 4435 2976 4502 τῇ
3007 4433 3164 4500 φύσει
3193 4434 3270 4502 μὴ
3302 4433 3544 4502 θελητὺν,
3573 4434 3632 4486 τὺ
3657 4434 3755 4505 ζῇν
3783 4439 4038 4508 ἑσημὲιῃ

788 4516 897 4569 illis
934 4531 1138 4584 ponere
1176 4516 1382 4570 vellet:
1419 4518 1666 4571 futurum
1697 4519 1867 4584 enim,
1905 4531 1963 4575 ut
2003 4524 2118 4592 ipse
2151 4526 2347 4581 ovibus
2381 4527 2423 4583 D

2381 4527 2423 4583 Ι)
2451 4519 2738 4589 διηνεκῶς.
2783 4520 2871 4583 Ὠς
2895 4521 2950 4573 δὲ
2982 4521 3092 4573 τῶν
3144 4522 3455 4592 εἰρημένων
3495 4524 3717 4594 συνῆκε,
3754 4527 3849 4578 τὸν
3875 4531 4037 4579 κατό-

790 4607 1103 4674 ιιταιίεοιυε.
1150 4607 1340 4660 itidem
1379 4624 1478 4677 per
1507 4627 1727 4664 crucem
1783 4612 1954 4687 Deum
1995 4614 2348 4683 gloriﬁcaret.

787 4697 845 4749 Id
896 4713 1130 4765 namque
1166 4697 1346 4750 innttit
1378 4701 1607 4753 verbum
1659 4703 1813 4767 illud,
1848 4703 2122 4773 juniorem
2172 4707 2348 4777 ipsum

789 4784 1037 4852 quidem,
1065 4799 1396 4854 quocunque
1420 4789 1701 4850 voluisset,
1740 4793 1927 4856 ivisse,
1957 4809 2142 4848 senem
2170 4806 2350 4851 autem

788 4876 881 4929 alii
941 4890 1134 4929 manus
1190 4877 1256 4929 ad
1301 4877 1652 4937 vinciendum
1685 4883 2067 4951 pra-biturum,
2099 4887 2352 4957 viamque

788 4966 857 5019 ad
893 4976 1121 5021 mortem
1175 4967 1464 5035 ferentem,
1511 4987 1674 5039 quam
1726 4985 1942 5038 natura,
1987 4978 2154 5030 vitam
2188 4993 2350 5048 quam

793 5056 1478 5127 longissime'producere
1532 5065 1782 5132 cupiens,
1849 5066 2193 5133 abhorreret,
2248 5071 2355 5122 itu-

791 5163 933 5200 rum.
999 5147 1274 5204 lntellexit
1332 5151 1422 5205 ille
1472 5168 1594 5221 quae
1647 5154 1792 5209 dicta
1840 5155 2098 5221 fuerant,
2163 5170 2220 5213 et
2269 5162 2352 5214 di-

795 5237 1070 5306 scipulum
1111 5254 1237 5292 eum
1283 5241 1374 5308 qui
1435 5258 1602 5311 super
1667 5255 1860 5312 pectus
1926 5247 2136 5302 Domini
2193 5266 2354 5304 recu-

792 5329 1016 5393 buerat,
1054 5344 1197 5399 pone
1235 5344 1557 5400 sequentem
1609 5336 1766 5391 vidit.
1812 5338 2001 5408 Itaque
2049 5351 2105 5395 et
2142 5342 2208 5395 de
2248 5342 2354 5397 line

793 5419 1060 5488 obituque
1109 5422 1229 5490 ejus
1284 5425 1556 5490 quaesivit.
1604 5423 1879 5480 Caeterum
1939 5427 2226 5494 Dominus,
2265 5445 2354 5495 eo,

793 5509 940 5577 quod
971 5519 1176 5566 temere
1212 5519 1268 5565 et
1300 5511 1503 5567 frustra
1557 5531 1758 5568 arcana
1797 5518 2174 5573 inserutabilis
2202 5521 2357 5588 judi-

791 5601 864 5656 cii
893 5600 987 5656 Dei
1017 5602 1296 5671 inquirere
1341 5612 1398 5657 et
1443 5606 1775 5676 inVestigare
1810 5609 1996 5673 vellet,
2029 5611 2212 5664 acrius
2257 5612 2356 5665 ob-

788 5694 1004 5764 jurgato
1027 5711 1040 5749 :
1067 5693 1123 5749 Si
1153 5709 1306 5758 eum,
1336 5694 1537 5765 inquit,
1571 5699 1695 5752 volo
1721 5702 1775 5753 in
1809 5702 2066 5770 praesenti
2097 5704 2206 5756 vita
2229 5719 2353 5757 cum

793 5799 1022 5853 corpore
1063 5799 1306 5852 manere,
1335 5787 1511 5843 donec
1549 5791 1760 5845 veniam
1797 5795 2005 5864 (casum
2045 5793 2355 5864 Hierosoly-

2453 4628 2548 4662 πιν
2570 4611 2842 4680 ἑπόμενον
2897 4612 3071 4681 Ἰησοῦ
3106 4613 3439 4682 θεασάμενος
3467 4613 3558 4668 τδν
3587 4619 3907 4687 ἐπιστηθιον
3939 4639 4040 4688 μ;-

2452 4701 2638 4770 θητὴν,
2666 4703 2761 4754 καὶ
2791 4703 2921 4773 περὶ
2954 4705 3048 4773 τῆς
3079 4705 3340 4774 τελευτῆς
3373 4705 3588 4759 ἐκείνου
3622 4707 4036 4762 διεπυνθάνετο.

2463 4793 2522 4845 Ὀ
2554 4794 2598 4846 δ’
2623 4794 2697 4856 ὠς
2718 4795 2896 4865 μάτην
2931 4797 3023 4849 καὶ
3051 4795 3180 4864 είκῆ
3232 4800 3346 4858 τοῖς
3393 4798 3708 4866 ἀνεφίκτοις
3745 4800 3856 4852 τῶν
3899 4800 4039 4855 Osci

2453 4886 2737 4954 κριμάτων
2765 4887 2825 4937 τὸ
2860 4885 3022 4954 βάθος
3056 4888 3324 4958 ἀναδιφᾷν
3347 4890 3439 4942 καὶ
3471 4890 3800 4959 ἐξιχνιάζειν
3822 4893 4042 4944 ἐθέλοι-

2452 4987 2522 5024 τα
2552 4971 2938 5038 ἐπισκώπτων,
2992 4974 3119 5025 Ἐὰν
3146 4974 3332 5039 αὑτὸν,
3362 4976 3516 5044 φησὶ,
3557 4976 3696 5029 θέλω
3725 4981 3788 5046 τῇ
3829 4985 4041 5048 inps-.1-

2455 5077 2524 5130 σῃ
2545 5061 2803 5129 ἐμμένειν
2831 5062 2943 5131 ζωῇ
2988 5063 3124 5130 μετά
3157 5062 3409 5132 σώματος
3455 5067 3560 5129 ἓως
3587 5067 3848 5137 ἔρχομαι,
3874 5073 4040 5136 ἐπεξ-

2459 5154 2553 5207 ιὼν
2573 5155 2640 5208 τὰ
2681 5156 2826 5209 κατὰ
2878 5157 2976 5226 τὴν
3009 5157 3386 5230 Ἰερουσαλὴμ,
3423 5160 3455 5229 ἢ
3491 5163 3583 5216 καὶ
3614 5165 3670 5214 ὲν
3710 5167 3774 5232 τῇ
3804 5165 4043 5235 δευτέρα

2454 5247 2654 5315 δηλαδὴ
2700 5249 2992 5318 παρουσίᾳ,
3034 5251 3088 5301 τί
3149 5251 3308 5303 τοῦτο
3365 5255 3502 5322 πρὸς
3552 5254 3655 5320 σέ;
3717 5255 3814 5319 Συ,
3849 5259 4042 5321 καθὼς

2455 5339 2719 5408 ὼρίσθης,
2750 5339 3080 5404 ίὰκολούθως
3135 5342 3259 5410 ἐμοὶ
3311 5343 3448 5414 πρὸς
3499 5346 3592 5398 τὸν
3649 5346 3739 5400 διὰ
3794 5351 4041 5417 σταυροῦ

2457 5429 2686 5484 θάνατον
2738 5431 3084 5500 εὐτρεπίζοι».
3124 5435 3262 5504 Περὶ
3289 5436 3346 5488 δὲ
3390 5438 3638 5490 Ἰωάννου
3672 5441 3704 5508 ἡ
3739 5455 3892 5504 τινος
3929 5443 4042 5492 τῶν

2455 5521 2628 5574 ἄλλων
2673 5523 2734 5574 οὐ
2781 5525 2884 5586 σοὶ,
2934 5525 3047 5577 ἀλλ’
3101 5527 3226 5594 ιμοὶ
3286 5528 3534 5598 μελήσει.
3587 5529 3903 5584 Κάντεῦθεν
3947 5538 4043 5584 καὶ

2455 5613 2610 5682 φήμη
2656 5613 2874 5684 διέπτη,
2906 5617 2981 5685 μὴ
3007 5617 3099 5670 τὸν
3150 5619 3404 5689 μαθητὴν
3437 5622 3641 5675 ἐκεῖνον
3675 5622 3909 5676 θάνατον
3937 5643 4041 5678 κα-

2455 5705 2638 5760 τιδεῖν.
2673 5707 2786 5777 Τήν
2818 5724 2880 5775 γε
2936 5707 3044 5777 μὴν
3073 5711 3183 5762 τῶν
3215 5711 3427 5766 πολλῶν
3487 5714 3744 5768 ὑπόνοιαν
3794 5715 4044 5782 διορθοίᾶ-

2461 5814 2620 5866 μενος
2641 5799 2715 5862 ὼς
2743 5800 2840 5852 οὐκ
2881 5801 3161 5873 ὲγκσίρως
3211 5803 3679 5875 ἐπαληθεύουσαν,
3708 5807 3826 5860 Ούκ
3883 5805 4043 5863 εἶπεν
