4212 6440
189 385 286 454 τιι
1142 395 1746 456 ECCI.ESIASTI(I/E
1787 395 1852 456 Η]

1142 395 1746 456 ECCI.ESIASTI(I£
1787 393 2175 456 HISTORUE
2214 394 2362 454 LIB.
2410 395 2451 458 Ι.

3330 397 3442 468 ’142

186 505 359 575 αὐτῷ,
401 507 589 576 φησὶν,
615 511 642 562 ὁ
706 507 934 579 Ἰησοῦς,
963 511 1046 563 ὅτι
1101 511 1200 564 οὐκ
1241 511 1621 582 ἀποθνήσκει·
1659 515 1756 566 καὶ
1786 531 1826 586 Α

1786 531 1826 586 Α
1858 527 2100 576 morum,
2143 520 2238 566 aut
2296 511 2601 566 secundum
2646 511 2946 568 adventum
3007 531 3171 570 suum
3213 518 3436 572 scilicet

183 599 296 666 γὰρ
321 598 564 654 θανεῖται
590 603 690 666 μὲν
731 601 924 670 ἐπίσης
956 605 1022 672 τῇ
1074 604 1382 673 Θεομήτορι
1410 619 1425 635 °
1466 604 1664 658 αὐτίκα
1710 605 1766 657 δὲ

1873 606 2152 672 innueus),
2187 603 2320 673 quid
2351 603 2402 656 il
2432 603 2498 656 ad
2527 607 2624 658 te?
2663 603 2769 669 Tu,
2802 609 3267 675 quemadmodum
3324 610 3430 664 tibi

184 689 417 757 ζήσεταί
444 709 500 745 τε
535 694 628 745 καὶ
649 695 1020 763 ἀναστήσεται
1043 697 1102 748 ἐν
1138 697 1407 767 ἀφθάρτῳ
1451 701 1612 752 οἱονεὶ
1656 699 1764 749 σώ-

1869 699 2228 750 constitutum
2261 707 2366 755 est,
2397 695 2587 749 itidem
2633 707 2693 748 ut
2725 712 2846 765 ego,
2891 699 2956 750 ad
2989 700 3170 755 crucis
3197 711 3430 756 mi

187 797 342 846 ματι,
394 783 495 851 τὴν
543 784 806 855 δευτέραν
860 785 955 839 τοῦ
1028 788 1349 841 διδασκάλου
1409 791 1764 859 ἐκδεχόμενος

1869 794 1922 838 te
1957 801 2108 852 para.
2147 785 2220 838 De
2248 785 2461 839 Joanne
2492 801 2639 848 vero,
2671 797 2766 839 aut
2793 787 2978 856 aliquo
3005 787 3266 854 aliorum,
3322 807 3431 844 non

180 875 516 943 παρουσίαν.
1871 876 2120 943 tibi,'sed
2169 877 2301 930 mibi
2334 893 2480 930 cura:
2531 879 2655 930 erit.
2708 877 2884 945 Atque
2917 877 3045 931 inde
3080 879 3219 931 lania
3254 879 3433 934 intra.

189 971 687 1042 lmit,diseipulum
715 972 873 1028 illum
902 985 1134 1030 mortem
1159 990 1270 1030 non
1295 975 1563 1028 visurum.
1617 974 1788 1039 Quam
1864 975 2084 1042 quidem
2124 973 2423 1026 multorum
2478 973 2794 1042 opinionem
2849 982 3103 1040 tanquam
3164 973 3432 1040 importu-

183 1079 313 1119 nam
381 1069 678 1140 minusque
708 1083 894 1124 veram
930 1070 1046 1139 ipse
1090 1071 1394 1139 corrigens,
1422 1069 1538 1124 Non
1574 1069 1710 1122 dixit
1749 1069 1826 1133 ei,
1860 1069 2060 1136 inquit,
2110 1067 2290 1130 .lesus,
2317 1067 2460 1135 quod
2495 1067 2794 1120 moriturus
2823 1082 2930 1120 non
2987 1068 3097 1130 sit;
3129 1070 3434 1122 moriturus

177 1169 267 1213 est
297 1160 445 1214 enim
493 1177 580 1224 eo,
625 1179 736 1230 quo
768 1163 859 1217 Dei
895 1163 1168 1228 Genitrix,
1212 1165 1417 1217 modo:
1497 1162 1788 1216 confestim
1832 1175 1963 1215 vero
2013 1159 2308 1214 reviviscet
2354 1173 2419 1212 ac
2475 1163 2749 1226 resurget,
2795 1157 3207 1227 iucorruptibili
3280 1159 3420 1211 scili-

180 1264 274 1309 cet
335 1270 569 1326 corpore
615 1257 849 1311 alterum
887 1259 1134 1326 magistri
1181 1267 1602 1327 exspectaturus
1656 1258 1980 1312 adventum.

737 1369 992 1423 usus.
1046 1368 1185 1436 Aq'.
2389 1374 2400 1421 ι

2389 1369 2616 1424 CAPUT
2658 1367 2897 1424 XXXVI.

188 1483 285 1547 Ὡς
309 1479 659 1538 τελευταῖον
697 1485 783 1548 εις
813 1483 926 1550 τὴν
953 1486 1288 1537 Γαλιλαίαν
1335 1485 1521 1552 ὤφθη,
1555 1483 1657 1538 καί
1686 1484 1755 1536 ἐν

1868 1483 1928 1538 Ut
1956 1492 2218 1543 postremo
2245 1485 2297 1535 in
2329 1483 2551 1538 (inlitam
2581 1487 2648 1537 sit
2683 1487 2820 1537 visus
2851 1500 2869 1537 :
2894 1493 2940 1536 et
2963 1502 3078 1537 cum
3110 1487 3164 1538 in
3197 1497 3421 1540 montem

250 1553 334 1618 τῷ
361 1555 482 1622 ὄρει
516 1554 636 1607 τῶν
669 1553 920 1607 Ἐλαιῶν
947 1557 1290 1621 γενόμενος,
1318 1556 1628 1621 ἀνελήφθη
1665 1557 1753 1619 είς

1929 1553 2665 1623 Οιίυαι-ιιιιιίεοηεεειιάίεεει,
2728 1566 2961 1623 receptus
3009 1557 3060 1606 iu
3121 1563 3297 1608 rectum
3357 1560 3423 1610 ad

248 1625 572 1691 oi'parut‘Jc.
613 1627 710 1679 καὶ
746 1625 1032 1680 ἐκάθισεν
1061 1625 1128 1676 ἐκ
1155 1623 1374 1687 δεξιῶν
1403 1624 1508 1677 τοῦ
1542 1624 1713 1678 Θεοῦ.

1061 1625 1128 1676 ἐκ
1155 1623 1374 1687 δεξιῶν
1403 1624 1508 1677 τοῦ
1542 1624 1713 1678 Θεοῦ.
1923 1623 2166 1675 dextram
2203 1622 2298 1676 Dei
2327 1626 2638 1678 consederit.
2697 1663 2701 1667 -

247 1740 512 1798 Ἔπειτα.
543 1739 684 1793 κατὰ
711 1740 804 1792 τὸν
850 1740 1054 1810 ὑψηλὸν
1082 1741 1384 1803 Ματθαῖον,
1432 1743 1490 1794 ὲν
1521 1741 1599 1809 τῷ
1655 1742 1757 1810 τῆς

1753 1760 1757 1769 ›
1928 1737 2158 1804 Deinde,
2193 1741 2346 1810 juxta
2378 1739 2672 1794 sublimem
2707 1741 3043 1808 Mattbaeum,
3074 1742 3141 1796 ab
3175 1745 3255 1797 eis
3287 1758 3416 1796 con-

175 1832 478 1896 Γαλιλαίας
498 1832 615 1900 ὄρει
639 1831 852 1894 τούτοις
883 1834 1173 1885 δπτὰνεται
1190 1848 1205 1862 ⁶
1233 1833 1295 1885 τό
1315 1850 1372 1884 τε
1395 1833 1492 1901 τῆς
1510 1835 1757 1898 ἐξουσίας
1787 1859 1831 1916 Β

1787 1859 1831 1916 Β
1859 1829 2093 1898 spicitur
2137 1831 2192 1884 in
2223 1831 2458 1885 Galilaete
2489 1842 2694 1896 monte,
2729 1842 2781 1886 et
2814 1833 2886 1886 ibi
2921 1849 2949 1887 a
2991 1835 3149 1888 Patre
3185 1846 3420 1902 potesta-

175 1927 382 1993 κράτος
407 1923 641 1991 ούρανοῦ
679 1928 773 1977 καὶ
804 1925 907 1992 γῆς
936 1924 1184 1976 δεδόσθαι
1221 1925 1356 1993 πρὸς
1387 1925 1480 1977 τοῦ
1519 1926 1752 1994 Πατρδς,

177 2019 322 2072 κατά
363 2018 424 2069 τὸ
472 2017 813 2086 ἀνθρώπινον
859 2018 1082 2087 δηλαδὴ,
1141 2018 1351 2081 τούτοις
1396 2018 1750 2070 ἔδεσαιοῦτο·

174 2107 256 2170 είς
288 2125 353 2160 τε
378 2108 447 2161 τὰ
482 2108 609 2175 ἔθνη
657 2109 849 2178 φοιτᾷν
892 2109 1265 2178 προύτρέπετο
1294 2126 1307 2140 ο
1354 2108 1526 2177 μυοῦν
1560 2125 1616 2161 τε
1658 2110 1752 2161 καὶ

175 2201 465 2270 βαπτίζειν
493 2204 572 2265 είς
623 2201 795 2272 ὄνομα
850 2201 1063 2272 Πατρὸς
1119 2203 1213 2255 καὶ
1266 2201 1398 2254 Υίοῦ
1454 2201 1551 2254 καὶ
1591 2203 1746 2270 ἁγίου

175 2293 495 2360 Πνεύματος
521 2291 649 2354 τοὺς
686 2292 1065 2356 πιστεύοντας,
1093 2290 1193 2354 τὰς
1220 2293 1440 2355 ιντολάς
1457 2310 1515 2345 τε
1545 2294 1748 2362 φυλάτο

171 2400 289 2436 τειν
313 2384 558 2447 ἁπάσας,
595 2385 688 2436 καὶ
730 2385 848 2453 μετ’
888 2385 1068 2439 αὐτῶν
1105 2384 1404 2454 διατρίϐειν
1451 2387 1630 2448 πάσας
1652 2387 1751 2450 τὰς

175 2477 392 2546 ἡμέρας
413 2478 518 2539 ἕως
558 2477 656 2546 τῆς
687 2476 781 2530 τοῦ
817 2477 910 2530 νῦν
937 2479 1134 2541 αἰῶνος
1165 2479 1659 2542 συντελείαςὰ1ετὰ
1692 2479 1750 2532 δὲ

173 2569 334 2621 τοῦτο
362 2569 452 2620 διὰ
479 2568 576 2637 τῆς
604 2569 876 2636 Βηθανίας
923 2568 1110 2636 ἐξάγει
1148 2571 1248 2639 μὲν
1296 2572 1495 2633 αὐτοὺς
1549 2570 1642 2622 ἐπὶ
1689 2572 1750 2623 τὸ

173 2661 299 2728 δρος
324 2661 438 2711 τῶν
482 2661 710 2712 Ἐλαιῶν
736 2677 751 2692 ο
781 2661 877 2712 καὶ
903 2660 1003 2731 τὴν
1048 2661 1381 2728 ἐπαγγελίαν
1410 2663 1748 2730 ὑπισχνεῖται

172 2753 265 2806 τοῦ
305 2753 649 2823 Πνεύματος,
693 2757 751 2808 ὲν
788 2755 1144 2824 Ἰερουσαλὴμ
1166 2757 1363 2826 δηλαδὴ
1395 2758 1746 2827 καθημένοις,

172 2846 275 2908 ἓως
305 2846 370 2898 οὗ
403 2845 502 2916 τὴν
533 2845 740 2901 ᾶ.ωθεν
770 2848 1069 2900 πανοπλίαν
1118 2849 1466 2904 ἐνδύσωνται.
1524 2852 1634 2911 Τάς
1685 2867 1748 2918 γε

178 2939 283 3008 μὴν
320 2938 562 3003 ἐξουσίας
600 2939 984 3008 ὕπαγορεῦσας
1031 2942 1130 3011 τῆς
1183 2942 1487 3012 ἀποστολῆς
1529 2942 1747 3008 ἐντολὰς

173 3031 428 3099 εὐλογίας
451 3048 535 3092 τε,
563 3031 642 3094 ὡς
666 3033 856 3103 ἐχρῆν,
898 3033 1080 3096 αὐτοῖς
1113 3035 1400 3104 μεταδοὺς,
1439 3035 1746 3105 βλεπόντων

171 3126 376 3188 αὐτῶν,
408 3127 488 3187 είς
515 3124 780 3196 οὐρανοὺς
812 3125 1168 3195 ἀναφέρεται,
1225 3129 1549 3194 φωτοειδοῦς
1589 3129 1747 3196 νεφέ-

177 3221 275 3288 λης
298 3219 676 3288 περισχούσης
698 3219 862 3270 αὐτόν
880 3234 895 3248 ⁸
911 3221 1004 3272 καὶ
1030 3219 1267 3272 ἀνελθὼν
1295 3221 1431 3290 μετὰ
1456 3221 1548 3274 τοῦ
1567 3238 1741 3288 προσ-

170 3310 460 3382 λήμματος
483 3311 796 3373 θεωθὲντος,
815 3312 1068 3364 ικάθισεν
1093 3312 1154 3364 ἐκ
1177 3311 1368 3376 δεξιῶν
1386 3313 1478 3366 τοῦ
1508 3314 1741 3382 Πατρός.

173 3405 296 3459 Ἰνα
328 3406 389 3458 δὲ
422 3405 496 3475 μὴ
534 3404 621 3457 διὰ
652 3404 826 3475 λύπης
871 3404 1054 3467 αὐτοῖς
1083 3407 1143 3457 τὸ
1176 3407 1410 3476 πρᾶγμα
1469 3406 1693 3475 γένηται
1725 3423 1739 3438 ο

171 3499 365 3567 ὀδύνην
401 3499 508 3567 γὰρ
539 3495 605 3570 ἦν
635 3499 782 3560 εἰκὸς
825 3497 1084 3568 ἐμϐαλεῖν
1121 3499 1305 3561 αὐτοῖς
1362 3499 1607 3568 ἄπειρον,
1642 3497 1743 3569 τὴν

173 3595 263 3648 τοῦ
296 3593 618 3648 διδασκάλου
670 3592 968 3662 στέρησινο
1008 3591 1102 3644 καὶ
1141 3591 1333 3644 τούτου
1383 3592 1614 3661 ιμέλησε
1665 3590 1742 3662 τῷ

174 3685 322 3754 καλῷ
381 3683 638 3753 ποιμένι·
688 3683 950 3751 ἀγγέλους
998 3683 1109 3754 γὰρ
1156 3683 1368 3744 διττοὺς
1414 3683 1740 3752 ιπιπέμπει,

171 3779 270 3844 τήν
298 3793 357 3827 τε
394 3775 529 3843 πρὸς
575 3773 840 3842 οὐρανοὺς
878 3773 1064 3826 ἄνοδον
1123 3773 1584 3841 ὐπεμιραίνοντας,
1646 3771 1743 3825 καὶ

173 3867 499 3936 θαυμαστῆς
548 3883 693 3928 τινος
744 3865 838 3918 καὶ
890 3865 1132 3936 ἀρρήτου
1197 3865 1588 3930 ιμπιπλῶντας
1640 3863 1740 3933 τῆς

173 3959 480 4029 χαρμονῆς.
535 3957 612 4027 τῷ
662 3956 822 4020 αὖθις
876 3957 1311 4025 ἐπαγγείλασθαι
1378 3957 1539 4027 ἥκειν
1601 3957 1742 4010 οὕτω

171 4053 361 4104 τοῦτον
393 4050 532 4118 μετὰ
567 4048 906 4118 περιφανοῦς
951 4052 1051 4117 τῆς
1099 4048 1505 4118 λαμπρότητος.
1554 4049 1739 4122 Ταύτῃ

173 4163 253 4197 τοι
279 4145 376 4198 καὶ
410 4143 917 4213 προσκυνήσαντες,
951 4143 1178 4211 ἄσμενοι
1215 4141 1377 4195 πάλιν
1405 4141 1584 4194 οἶκαδε
1611 4145 1742 4194 ἐπα·

172 4239 390 4308 νῄεσαν,
414 4238 469 4288 ὲν
501 4234 580 4305 τῷ
613 4233 845 4304 ὑπερῴῳ
873 4234 970 4304 τὴν
1005 4233 1098 4286 τοῦ
1140 4232 1497 4305 Παρακλήτου
1528 4234 1743 4303 ἐκδεχό-

178 4348 327 4396 μενοι
369 4328 695 4396 παρουσίαν,
751 4325 898 4396 Εύχὴ
931 4325 987 4378 δὲ
1029 4321 1097 4396 ἦν
1140 4326 1320 4388 αὐτοῖς
1376 4327 1410 4397 ή
1469 4326 1738 4394 διατριϐὴ,

173 4424 246 4484 ὡς
274 4423 371 4475 καὶ
403 4421 586 4488 Λουκᾷ
614 4419 692 4486 τῷ
724 4418 851 4487 θείῳ
908 4417 1096 4470 δοκεῖ’
1144 4418 1233 4470 τὸν
1279 4418 1386 4486 γὰρ
1435 4418 1741 4484 κατάλογον

1861 1932 1968 1976 tem
1999 1939 2270 1980 summam
2305 1925 2430 1978 coeli
2469 1933 2522 1976 et
2571 1934 2727 1980 terra
2759 1927 2887 1989 sibi,
2918 1927 3070 1995 juxta
3110 1927 3420 1980 humanita-

1857 2025 1964 2069 tem
1999 2015 2205 2070 scilicet
2251 2016 2350 2084 (l),
2393 2016 2648 2069 traditam
2676 2031 2798 2071 esse
2830 2017 3158 2071 conﬁrmat:
3212 2031 3417 2085 eosque

1855 2112 2198 2171 cohortatus,
2240 2109 2513 2177 proiicisci
2555 2111 2620 2163 ad
2650 2121 2842 2179 gentes
2877 2127 3066 2166 omnes
3115 2111 3293 2180 jubet,
3335 2128 3422 2164 ar-

1853 2200 2005 2252 canis
2036 2199 2208 2252 sacris
2236 2200 2549 2252 initiaturos
2577 2217 2590 2252 :
2618 2201 3104 2270 baptizaturosque
3128 2202 3181 2255 in
3213 2217 3418 2255 nomen

1853 2291 2035 2346 Patris
2060 2301 2115 2346 et
2147 2291 2270 2345 Filii
2305 2302 2360 2346 et
2396 2292 2639 2362 Spiritus
2672 2294 2870 2360 sancti,
2899 2296 3213 2356 credentes,
3277 2309 3417 2364 pra:-

1852 2391 2122 2452 ceptaque
2176 2394 2493 2438 servaturos
2533 2387 2717 2439 omnia
2750 2403 2763 2438 :
2802 2402 2859 2440 se
2906 2401 3128 2455 quoque
3159 2385 3412 2440 futurum

1854 2488 1978 2525 cum
2009 2475 2091 2528 eis
2129 2489 2229 2542 per
2260 2473 2378 2528 dies
2403 2490 2616 2540 onmes,
2651 2475 2717 2529 ad
2748 2477 3282 2530 consummationem
3322 2493 3414 2530 us~

1853 2579 1959 2633 que
2009 2567 2194 2619 saeculi
2246 2569 2552 2635 prresentis,
2594 2568 2911 2637 pollicetur.
2951 2569 3145 2624 Postea
3188 2585 3283 2638 per
3320 2569 3416 2624 Be-

1854 2655 2092 2707 thaniam
2124 2671 2219 2710 eos
2251 2658 2303 2709 in
2339 2667 2578 2712 montem
2607 2659 2863 2712 Olearum
2896 2660 3069 2724 ducit,
3099 2669 3154 2714 et
3184 2662 3415 2730 promis-

1850 2745 2061 2798 sionem
2100 2746 2341 2814 Spiritus
2390 2751 2681 2816 promittit,
2721 2753 2773 2803 in
2809 2749 3111 2806 Jerusalem
3152 2753 3411 2808 videlicet

1850 2835 2193 2901 sedentibus,
2230 2838 3004 2910 exspectantibusque,.121
3050 2845 3236 2906 donec
3261 2845 3414 2898 οωιί-

1850 2937 1939 2980 tus
1977 2926 2288 2982 divinorum
2321 2931 2503 2985 omnis
2553 2933 2775 3002 genetis
2810 2948 3091 2987 armorum
3136 2935 3410 3004 spirituali

1850 3029 2114 3087 apparatu
2178 3020 2611 3076 instruerentur.
2655 3022 2723 3076 Et
2765 3039 2886 3078 cum
2922 3026 3193 3094 pracipua
3251 3041 3409 3080 mau—

1850 3111 1978 3166 data
2017 3122 2074 3167 et
2127 3127 2363 3167 munera
2411 3116 2706 3170 {unctionis
2733 3117 3045 3185 apostolica
3076 3121 3412 3174 concionans

1847 3203 2215 3271 exposuisset,
2252 3202 2804 3274 benedictionemque
2840 3207 2942 3269 eis,
2981 3221 3078 3275 pro
3128 3221 3196 3260 eo
3243 3220 3410 3276 atque

1845 3295 2098 3358 decebat,
2135 3296 2364 3366 largitus
2395 3306 2565 3359 esset,
2609 3297 2990 3365 spectantibus
3023 3299 3125 3364 eis,
3177 3300 3408 3355 lucidi»

1845 3391 1983 3446 sima
2012 3390 2155 3443 nube
2185 3390 2577 3452 circumdatus,
2614 3389 2666 3443 in
2701 3391 2869 3444 etelos
2897 3391 3146 3446 sublatus
3173 3402 3256 3446 est
3288 3395 3365 3464 (2)
3390 3432 3410 3460 ,

1846 3495 1901 3539 et
1931 3499 2054 3536 cum
2097 3497 2182 3543 ea,
2215 3498 2376 3551 quant
2427 3466 2733 3550 receperat,
2761 3487 3077 3539 accessione
3126 3487 3405 3552 deilicata,

1846 3591 2104 3630 reversus
2156 3574 2222 3627 ad
2276 3574 2524 3627 dextram
2561 3574 2738 3627 Patris
2773 3576 3047 3630 consedit.
3099 3576 3177 3632 Ne
3218 3591 3405 3634 autem

1846 3685 1910 3724 ea
1964 3683 2055 3721 res
2102 3681 2393 3721 mterorem
2425 3667 2505 3718 eis
2535 3675 2749 3719 crearet
2785 3667 2957 3734 (quod
3003 3682 3110 3722 non
3154 3669 3404 3738 iniquum

1845 3770 2018 3824 esset,
2058 3775 2158 3815 eos
2209 3760 2472 3828 magistro
2502 3759 2725 3813 orbatos
2778 3760 3046 3814 immenso
3076 3763 3278 3832 corripi
3309 3763 3406 3818 do-

1845 3855 2008 3923 lore),
2036 3862 2093 3907 et
2128 3854 2232 3907 hoc
2263 3853 2440 3921 ipsum
2471 3852 2680 3921 pastori
2713 3851 2857 3905 bono
2888 3868 3035 3906 curae
3062 3852 3184 3907 fuit.
3223 3855 3404 3925 Ange-

1845 3949 1926 4003 los
1957 3947 2104 4001 enim
2145 3945 2288 4000 duos
2315 3944 2560 4006 demisit,
2594 3945 2688 4012 qui
2725 3944 2962 3997 reditum
2994 3945 3114 4015 ejus
3145 3945 3199 4000 in
3236 3951 3408 4004 cmlos

1847 4039 2176 4100 iudicarent,
2219 4035 2650 4104 admirandaque
2678 4045 2734 4088 et
2767 4034 3030 4089 ineilabili
3065 4052 3160 4090 eos
3208 4038 3406 4107 imple-

1846 4139 1969 4185 rent
2021 4130 2238 4192 lretitia,
2269 4128 2348 4182 sic
2380 4126 2534 4180 illum
2577 4141 2702 4180 cum
2743 4127 2948 4181 illustri
2995 4128 3402 4197 magniﬁcentia

1848 4224 2158 4277 rediturum
2189 4220 2601 4273 aununtiantes.
2633 4216 2820 4286 Itaque
2857 4218 3178 4274 adoratione
3245 4237 3403 4290 pera-

1847 4328 1960 4378 cta,
1995 4316 2231 4368 libentes
2261 4312 2482 4364 domum
2529 4308 2763 4362 redeunt
2806 4311 2905 4380 (3),
2939 4321 2992 4364 et
3037 4312 3088 4364 in
3118 4316 3403 4368 cenaculo

1846 4412 1940 4465 illo
1965 4407 2229 4464 Paracleti
2259 4414 2581 4473 exspectant
2602 4405 2921 4459 adventum.
2951 4405 3198 4462 Precatio
3218 4419 3400 4466 autem

176 4516 280 4566 τῶν
311 4513 514 4566 ἕνδεκα
570 4511 1131 4580 ἁπαριθμησαμενος,
1191 4511 1312 4562 εἶτα
1364 4511 1598 4577 ἐπάγει·
1630 4510 1736 4564 Καὶ
1773 4511 1814 4564 D

1735 4552 1736 4555 η
1773 4511 1814 4564 D
1845 4517 2034 4556 eorum
2089 4508 2209 4552 erat
2257 4496 2603 4558 exercitium,
2644 4506 2704 4548 ut
2744 4496 2902 4551 divus
2944 4497 3118 4554 Lucas
3150 4513 3398 4559 testatur.

175 4602 357 4662 οὗτοι,
385 4605 612 4667 πάντες
677 4598 840 4672 ἦσαν
900 4601 1484 4669 προσκαρτεροῦντες
1525 4604 1741 4669 ὁμοθυ-

174 4697 363 4764 μαδὸν
413 4693 490 4762 τῇ
522 4691 836 4760 προσευχῇ
888 4693 985 4744 καί
1014 4690 1089 4758 τῇ
1111 4692 1314 4757 δεήσει
1355 4693 1477 4745 σύν
1504 4692 1742 4759 γυναιξί

177 4793 273 4844 και
298 4792 497 4858 Μαρίᾳ
553 4787 625 4856 τῇ
654 4787 832 4857 μητρὶ
872 4786 978 4840 τοῦ
1049 4786 1266 4853 Ἰησοῦ,
1313 4787 1407 4839 καὶ
1443 4787 1565 4839 σὺν
1619 4785 1742 4852 τοῖς

276 4975 320 5040 1)
351 4973 417 5028 Et
447 4971 834 5026 exinanitionis
863 4969 1116 5024 formam.

265 5045 319 5105 Ξ)
367 5060 388 5093 ι
434 5041 507 5097 Ut
541 5057 737 5105 corpus
765 5054 872 5092 non
901 5051 1008 5093 tam
1046 5041 1098 5092 in
1124 5041 1376 5100 terrenis.
1411 5039 1504 5094 sed
1539 5040 1589 5092 in
1627 5055 1740 5096 ρας-

180 5109 427 5174 lestibus,
460 5123 516 5165 et
544 5113 597 5164 in
638 5109 816 5164 Patris
843 5110 1068 5162 dextera
1099 5109 1449 5164 collocaret.»
1489 5109 1740 5165 Ruﬁnus.

187 5203 205 5236 ι
243 5185 364 5238 llzec
383 5181 687 5250 evangelici
708 5183 1033 5232 sacramenti
1060 5189 1114 5230 et
1133 5178 1384 5250 humana:
1401 5181 1514 5246 spei
1542 5182 1741 5234 Veritas

182 5264 282 5314 est,
319 5248 616 5307 humanam
651 5258 899 5302 naturam
939 5248 1463 5317 corruptibilemque
1496 5263 1739 5312 carnem,

186 5337 278 5390 per
305 5324 472 5390 hujus
514 5319 699 5390 gloria:
724 5317 1268 5390 _demutationem__iu
1301 5329 1559 5390 aeternam
1620 5335 1739 5371 esse

185 5385 623 5446 iransl‘ormaiam
655 5386 1035 5440 substantiam.
1076 5404 1093 5434 ι
1135 5386 1325 5451 (llilar.
1362 5385 1505 5440 Psul.
1530 5395 1737 5453 cxun.)

191 5478 208 5511 ι
276 5461 601 5531 Unigenitus
659 5456 832 5531 Filius
877 5458 921 5508 si
980 5457 1278 5531 queritur,
1351 5457 1580 5531 in_sin_u
1643 5458 1741 5531 Pa—

189 5532 284 5585 tris
329 5527 647 5598 ev'angelico
703 5527 897 5594 spiritu
953 5529 1248 5598 reperitur.
1294 5545 1312 5577 ι
1373 5527 1608 5594 (Ambr.
1666 5527 1739 5579 Ue

187 5601 386 5655 tiaram.
431 5594 587 5652 nam.
620 5613 760 5650 aacr.
795 5610 913 5663 cap.
947 5594 1060 5661 15.)
1098 5596 1336 5648 «Revera
1380 5610 1632 5663 magnum
1685 5608 1738 5651 et

189 5671 506 5724 admirabile
534 5677 589 5721 et
620 5676 842 5734 stupore
873 5665 1091 5732 plenum
1112 5673 1216 5727 est,
1253 5679 1468 5718 carnem
1496 5676 1736 5718 nostram

189 5751 394 5792 sursum
425 5733 721 5801 sedere,et
743 5735 957 5787 adorari
989 5735 1057 5786 ab
1091 5733 1295 5802 angelis
1315 5745 1370 5788 et
1399 5735 1736 5802 arcliangelis

190 5809 539 5864 ctClterubin
573 5819 626 5862 et
655 5805 944 5874 Seraphin.
995 5802 1106 5857 Hoc
1138 5818 1276 5872 saepe
1314 5807 1367 5858 in
1399 5816 1579 5858 tuente
1627 5820 1737 5858 mc-

1844 4593 2102 4661 Catalogo
2129 4603 2362 4656 namque
2394 4587 2646 4640 undecim
2674 4585 3070 4654 discipulorum
3104 4594 3400 4656 recensita,

1844 4685 2111 4750 deinceps
2138 4679 2290 4732 addit
2321 4695 2334 4730 :
2369 4676 2437 4729 Et
2468 4691 2645 4728 omnes
2672 4675 2757 4728 isti
2788 4679 3058 4730 unanimes
3104 4690 3404 4734 constanter

1842 4775 2076 4829 orationi
2102 4782 2150 4825 et
2190 4770 2483 4839 precationi
2519 4767 2908 4830 incumbebant,
2939 4784 3044 4821 una
3071 4785 3187 4823 eum
3214 4773 3399 4825 ιιιιιίεε-

1842 4977 1964 5016 cum
1989 4972 2236 5020 versans,
2260 4968 2539 5028 excessum
2560 4949 2765 5028 patior,
2787 4959 2844 5028 et
2873 4951 3076 5028 majora
3113 4952 3179 5006 de
3200 4969 3401 5021 genere

1843 5034 2082 5085 humano
2133 5028 2428 5095 imaginor.
2471 5021 2672 5090 Majora
2706 5021 2907 5088 quippe
2939 5025 3101 5076 video
3151 5034 3206 5074 et
3255 5028 3397 5079 clara

1840 5101 2087 5159 exordia,
2116 5091 2340 5149 multam
2374 5091 2482 5147 Deo
2512 5101 2789 5156 satagente
2818 5105 2914 5158 pro
2937 5103 3132 5145 natura
3152 5105 3394 5147 nostra.»

1841 5171 2304 5242 (Chrysostomus,
2330 5163 2485 5216 Hebr.
2512 5162 2595 5242 ιι.)

1914 5231 1994 5310 (5)
2029 5237 2092 5290 Ut
2143 5236 2363 5310 quidem
2421 5235 2733 5310 conjectura
2781 5231 3056 5310 colligere.
3087 5231 3398 5310 Περι-..βοή

1841 5301 2138 5362 (Ιίιὲεάιιοδ
2164 5301 2562 5371 Ἠἰθι-οδοιξιιιει
2626 5317 2754 5360 sunt
2805 5302 3008 5371 reversi
3044 5301 3096 5352 in
3137 5301 3394 5355 Sabbato.

1845 5377 2196 5448 l‘lujusienitn
2249 5369 2519 5448 gratiaget
2554 5373 2775 5428 Sabbati
2813 5369 3086 5448 habebant
3136 5371 3297 5429 viam,
3338 5381 3397 5424 ut

1842 5440 1999 5502 dw'us
2033 5447 2204 5499 Lucas
2241 5443 2395 5496 dixit.
2430 5443 2524 5495 Est
2550 5457 2733 5498 autem
2795 5440 3017 5494 Sabbati
3061 5440 3164 5491 iter
3205 5455 3398 5508 passus

1841 5521 1924 5573 bis
1957 5519 2125 5578 inille,
2160 5524 2424 5583 quantum
2470 5513 2723 5568 videlicet
2775 5521 2951 5564 castra
2985 5527 3012 5559 a
3035 5509 3399 5583 tabernaculo

1844 5587 2142 5641 testimonii
2179 5580 2457 5646 aberant;
2510 5583 2967 5650 quenadmodum
3015 5580 3238 5653 divinus
3268 5594 3399 5653 con-

1841 5658 2019 5712 stituit
2055 5657 2247 5708 Moses.
2282 5654 2477 5706 Sam-ta
2520 5647 2681 5718 porro
2723 5661 2777 5706 et
2812 5653 2996 5704 divina
3029 5651 3276 5703 ascensio
3309 5647 3400 5700 die

1843 5732 2030 5796 quinta
2060 5736 2142 5780 est
2170 5729 2328 5778 iactu.
2364 5723 2636 5791 (Meepli.)
