4212 6440
261 372 366 435 153

1188 380 1793 442 ECCLESIASTICE
1834 385 2220 446 lliSTtJRH‘}
2261 386 2411 455 LIB.
2453 390 2537 455 ῐΙ.

3420 395 3530 457 754

260 486 394 551 ιυχῇ
452 484 903 552 προσανεχὸντων
942 487 1076 553 μετᾶ
1117 489 1314 559 μικρὸν
1354 490 1491 543 ὡσεὶ
1526 498 1607 561 ρκ’
1645 492 1834 563 ἡθροι-

1949 508 2238 561 vacarent;
2282 500 2445 564 paulo
2480 508 2636 569 post.
2686 514 2813 555 cum
2865 516 2931 555 eo
2975 504 3134 571 quasi
3191 513 3414 558 centum
3464 520 3525 563 et

263 576 501 641 σμένων,
548 576 754 645 Πέτρος
781 577 1115 647 δημηγορῶν
1145 582 1384 649 πρῶτος,
1418 585 1510 635 τὸν
1539 585 1845 638 δωδέκατον

265 667 505 736 ἀριθμὸν
579 669 677 737 τῆς
747 670 1113 736 ἀποστολικῆς
1183 672 1418 742 ἐκλογῆς
1492 675 1846 746 ἀναπληροῦν

262 759 403 828 ᾤετο
432 760 585 823 ,δεῖν’
617 761 712 813 καὶ
760 761 824 832 δὴ
883 764 1010 825 τοὺς
1042 764 1186 833 λόγῳ
1238 766 1337 820 καὶ
1380 768 1526 837 ἔργῳ
1565 769 1845 837 διαφανεῖς

262 854 328 903 ἐκ
381 851 490 904 τῶν
527 848 927 922 ἐϐδομήκοντα,
961 856 1055 907 δύο
1102 857 1159 909 δέ
1209 853 1351 927 ἦσαν
1394 859 1566 924 οὗτοι,
1609 862 1845 930 προϊστα

264 944 553 1013 ἑκάτερον,
589 944 722 998 ὥσθ’
748 946 844 998 ἕνα
882 946 1090 1018 τούτων
1150 948 1270 1002 ἀντὶ
1303 950 1470 1004 Ἰούδα
1492 990 1509 1015 ,
1541 951 1600 1016 ὃς
1647 954 1737 1006 τὸν
1767 956 1845 1007 oi-

279 1038 429 1089 κετον
460 1037 749 1106 παραδίδου
786 1038 1140 1104 Διδάσκαλον,
1176 1040 1267 1093 τδν
1314 1043 1480 1095 τόπον
1522 1045 1619 1113 τῆς
1656 1046 1843 1098 διακο-

261 1129 388 1191 νίας
426 1130 779 1201 μεταλαχεῖν.
834 1130 1067 1195 Ἰοῦστος
1103 1132 1162 1185 δὲ
1201 1135 1299 1186 καὶ
1346 1136 1596 1199 Ματθίας
1635 1137 1686 1189 οἱ
1728 1141 1846 1191 ἐπι-

259 1221 517 1288 λεγέντες
572 1219 733 1295 ἦσαν.
785 1224 973 1295 Ἱερῶν
1025 1226 1080 1279 δέ
1117 1227 1338 1297 κλήρων
1388 1229 1522 1299 εὐχῇ
1574 1232 1641 1297 τῇ
1678 1247 1845 1300 προσ-

254 1312 472 1383 ηκούσῃ
509 1314 916 1385 γεγενημένων,
955 1314 1100 1369 ῶστε
1155 1318 1220 1387 δὴ
1276 1320 1370 1374 τὸν
1417 1322 1747 1393 ἀποχρῶντα
1774 1327 1841 1396 τῇ

257 1405 512 1476 διακονίᾳ
544 1407 639 1460 τοῦ
694 1407 855 1476 λόγου
902 1408 1070 1480 ψήφῳ
1108 1413 1175 1480 τῇ
1210 1411 1417 1466 ἄνωθεν
1445 1416 1741 1487 τεκμηρίῳ
1776 1418 1840 1488 δή

254 1515 361 1550 τινι
391 1499 601 1569 ἐκρανῆ
642 1517 707 1567 γε
756 1496 922 1567 εἶναι⁹
966 1501 997 1554 ὁ
1043 1501 1247 1573 κλῆρος
1278 1505 1371 1555 ἐπὶ
1405 1505 1657 1560 Ματθίαν
1702 1510 1841 1579 ἐχώ-

259 1608 367 1657 ρει·
406 1596 498 1645 καὶ
532 1594 694 1655 εὐθὺς
735 1596 827 1647 τὸν
860 1596 1017 1662 ἅγιον
1071 1596 1315 1667 ἐπλήρου
1370 1598 1555 1669 χορὸν,
1583 1603 1649 1670 τῇ
1680 1601 1844 1655 δωδε-

259 1686 387 1738 καδι
416 1686 530 1741 τῶν
558 1690 880 1744 ἀποστόλων
916 1675 1237 1761 ἐναρίθμιος
1267 1693 1547 1756 καταστὰς
1592 1697 1708 1758 ταῖς
1733 1694 1842 1749 τῶν

256 1781 464 1852 χειρῶν
494 1783 779 1837 ἐπιθέσεσι

865 1928 1118 1986 ΚΙΞΦΔΛ.
1162 1927 1238 1983 B'.

250 2033 396 2103 Περὶ
420 2033 527 2117 τῆς
572 2037 680 2117 ⁴ς’οῦ
698 2042 1010 2117 Δπαν-ατί(ου
1035 2042 1383 2117 Πνεύμρτος
1412 2045 1483 2098 ἐν
1506 2044 1582 2117 τῇ
1620 2046 1841 2117 Hert?)-

324 2110 522 2184 κου-τῇ
555 2110 949 2184 ’ἐπελεύσεως
971 2128 983 2141 ·
1042 2114 1140 2166 καὶ
1174 2110 1300 2184 τῶν
1328 2110 1466 2184 fere

324 2115 520 2175 κου-τῇ
570 2115 983 2176 ἐπελεύσεως·
1042 2115 1140 2166 καὶ
1182 2115 1300 2167 τῶν
1328 2115 1669 2185 γενομένων
1716 2115 1840 2179 τοῖς

324 2177 697 2252 ἀποστόλοις
737 2182 1047 2252 σημείων·
1090 2183 1188 2237 καὶ
1246 2186 1378 2252 περὶ
1440 2185 1559 2238 τῶν
1608 2182 1841 2239 πιστῶν

325 2250 611 2315 ὁμονοίας
652 2251 751 2302 καὶ
784 2252 1083 2323 διαγωγῆς
1104 2272 1116 2285 ·
1150 2253 1251 2309 και
1285 2250 1393 2322 τῆς
1422 2254 1541 2309 τῶν
1562 2254 1605 2315 ζ⁴
1641 2255 1839 2310 διακό-

324 2333 453 2369 νων
486 2334 600 2387 προ
604 2326 757 2389 χειρί
762 2338 938 2388 σεως.

330 2434 435 2485 Καὶ
469 2435 533 2502 δὴ
561 2437 764 2506 δεκάτη
800 2438 898 2507 μὲν
925 2440 1107 2510 ἡμέρα
1136 2441 1325 2511 παρῆν
1361 2444 1500 2512 μετὰ
1529 2445 1629 2515 τὴν
1676 2444 1838 2500 ’Δνά-

248 2528 424 2595 λῆψιν
452 2569 470 2594 ,
513 2533 859 2600 πεντηκοστὴ
921 2534 979 2585 δέ
1029 2534 1168 2602 μετὰ
1226 2537 1324 2607 τὴν
1362 2534 1709 2603 Ἀνάστασιν,
1744 2539 1839 2591 καὶ

248 2620 443 2689 ἁθρόοι
491 2624 693 2686 πάντες
726 2624 801 2693 τῷ
832 2625 1071 2697 ὑπερῴῳ
1102 2623 1267 2695 ἦσαν.
1300 2630 1413 2683 Καὶ
1460 2630 1644 2696 εὐθὺς,
1677 2632 1835 2702 τρίτη

245 2716 310 2767 δὲ
349 2716 472 2785 ῶρα
508 2718 609 2786 τῆς
662 2720 881 2789 ἡμέρας
911 2715 1004 2786 ἦν,
1048 2716 1185 2791 ἦχός
1234 2738 1320 2786 τις
1356 2722 1528 2792 βίαιος
1554 2723 1835 2795 ξέξηχεῖτο,

250 2808 494 2875 ῥεούσης
518 2808 714 2881 ῶσπερ
754 2814 954 2881 αἴφνης
989 2814 1182 2880 πνοῆς,
1216 2814 1310 2866 τόν
1341 2831 1401 2866 τε
1441 2811 1591 2867 οἷκον
1621 2817 1838 2870 ἅπαντα

248 2899 555 2966 ἐμπιπλῶν
594 2917 609 2933 ο
641 2903 739 2954 καὶ
790 2904 962 2971 πυρὸς
997 2903 1053 2954 δὲ
1097 2902 1344 2971 γλῶσσαι
1395 2908 1509 2969 τοῖς
1569 2906 1839 2977 μαθηταῖς

252 2993 543 3062 ἰσάριθμοι
605 2993 1078 3065 διαμερισθεῖσαι,
1126 2996 1214 3067 ἐφ’
1253 2998 1333 3050 ἐνὶ
1373 3000 1582 3053 τούτων
1623 3001 1841 3072 ἑκάστῳ

244 3089 379 3150 ταῖς
412 3090 683 3157 κορυφαῖς
717 3089 1179 3160 προσκαθήμεναι
1205 3091 1477 3160 ἑωρῶντο.
1526 3093 1842 3147 κακοτεῦθεν

1948 591 2140 660 viginti
2194 593 2583 647 convenissent
2635 595 2921 655 homines,
2974 596 3204 657 Petrus,
3256 600 3526 653 concione

1949 681 2158 747 habita,
2199 684 2410 752 primus
2440 685 2847 739 duodenarinm
2883 688 3201 754 apostolica:
3232 690 3527 742 electionis

1947 789 2241 828 numerum
2311 776 2680 843 supplendum
2743 790 2866 829 esse
2931 777 3235 831 arbitratur
3284 795 3296 829 :
3347 787 3402 831 et
3457 794 3523 831 ex

1948 867 2297 935 septuaginta
2332 867 2461 929 illis,
2494 867 2587 934 qui
2620 876 2677 920 ct
2710 880 2968 919 sermone
2998 875 3054 918 et
3084 881 3250 934 opere
3282 868 3526 921 illustres

1946 966 2155 1020 essent,
2193 956 2333 1011 duos
2384 957 2660 1027 producit,
2694 966 2753 1011 ιιι
2803 974 2868 1011 ex
2908 959 2991 1012 eis
3034 959 3173 1013 alter
3222 976 3318 1027 pro
3361 962 3525 1026 Juda,

1946 1052 2040 1119 qui
2085 1066 2246 1104 suum
2300 1053 2417 1121 ipse
2460 1052 2781 1121 prodiderat
2816 1052 3161 1121 Magistrum,
3194 1054 3375 1107 locum
3424 1057 3525 1105 mi-

1948 1145 2532 1217 nisterii_sortiretur.
2572 1147 2766 1201 Justus
2806 1156 2861 1201 et
2901 1147 3157 1201 Matthias
3199 1147 3395 1201 delecti
3440 1149 3525 1199 isti

1945 1248 2124 1292 erant.
2161 1238 2300 1293 Cum
2348 1248 2532 1293 autem
2583 1249 2767 1294 sortes
2816 1240 2995 1293 missa:
3036 1250 3241 1301 essent,
3280 1242 3533 1294 adhibita

1946 1334 2273 1402 congruenti
2304 1335 2570 1397 oratione,
2599 1341 2678 1396 ut,
2710 1334 2803 1403 qui
2834 1334 3070 1388 idoneus
3100 1334 3252 1389 verbi
3285 1335 3532 1387 ministe-

1947 1425 2030 1479 rio
2059 1436 2228 1486 esset,
2261 1426 2470 1480 caelesti
2504 1425 2770 1495 sutl‘ragio
2799 1436 2855 1481 et
2887 1428 3092 1481 indicio
3126 1427 3528 1489 declararetur,

1946 1534 2068 1573 sors
2104 1519 2155 1572 in
2196 1518 2480 1573 Matthiam
2517 1520 2789 1587 pervenit.
2827 1520 2903 1573 Ita
2938 1531 3185 1574 sacratus
3214 1520 3302 1574 ille
3333 1535 3530 1573 nurne-

1947 1625 2042 1669 rus
2081 1613 2393 1679 suppletur,
2448 1610 2812 1681 Mattltiztsque
2866 1612 3222 1681 imposilione
3271 1627 3530 1666 manuum

1944 1703 2237 1759 duodecim
2265 1706 2531 1772 apostolis
2562 1705 2923 1760 adscribitur.

2580 1937 2804 1993 CAPUT
2850 1938 2916 1992 ll.

1950 2055 2028 2109 De
2057 2054 2287 2125 Spiritus
2306 2056 2476 2107 sancti
2500 2056 2611 2119 ipso
2632 2054 2713 2105 die
2729 2052 3058 2125 Pentecoslrs
3084 2048 3255 2125 subito
3280 2050 3529 2125 aduentu,

2022 2119 2382 2179 et'miraculis
2440 2141 2531 2192 per
2598 2124 2874 2187 Apostolus
2926 2121 3102 2174 editis.
3165 2119 3236 2171 Ile
3296 2120 3530 2187 [ηΙιἸὶριυι

2022 2195 2376 2249 unanimitate
2405 2203 2452 2245 tt
2479 2195 2608 2258 vita,
2649 2205 2693 2245 et
2725 2194 2787 2246 de
2826 2202 3025 2260 septem
3053 2192 3401 2244 diaconormn
3441 2207 3531 2241 seu

2020 2268 2382 2320 ministrorum
2410 2264 2681 2319 electione.

2033 2452 2208 2507 Etiam
2254 2451 2468 2506 decima
2518 2448 2587 2504 ab
2638 2448 3018 2509 Ascensione,
3068 2443 3534 2523 quinquagesinm

1949 2556 2135 2599 autem
2174 2544 2243 2597 ab
2264 2543 2696 2597 ltesurrcctionc
2716 2535 2908 2595 aderat
2932 2538 3072 2602 dies,
3095 2553 3400 2606 omnesque
3430 2554 3535 2589 nnn

1952 2640 2005 2692 in
2057 2639 2351 2691 cmnaculo
2421 2634 2737 2705 congregati
2794 2642 2954 2686 erant
2997 2648 3009 2684 :
3057 2646 3179 2685 cum
3236 2631 3537 2698 derepente

1952 2732 2119 2785 tertia
2158 2730 2267 2785 diei
2327 2731 2460 2783 hora
2524 2728 2742 2782 sonitus
2801 2726 3015 2795 ingens,
3073 2734 3330 2792 tanquam
3376 2731 3538 2775 vento

1949 2824 2139 2878 subito
2186 2832 2240 2877 et
2264 2822 2576 2877 vehementi
2614 2819 2798 2882 ﬂante,
2840 2817 3157 2878 exauditur,
3186 2824 3467 2883 totamque
3493 2816 3538 2869 is

1949 2915 2189 2985 complet
2222 2912 2446 2968 domum
2476 2951 2491 2975 ,
2525 2923 2577 2967 et
2612 2912 2813 2981 lingua:
2850 2911 3023 2979 igneae
3065 2909 3181 2978 pari
3213 2923 3335 2961 cum
3368 2908 3536 2961 disci-

1949 3008 2097 3078 pulis
2125 3022 2359 3061 numero
2393 3004 2721 3075 dispertita),
2761 3004 2814 3057 in
2854 3002 3294 3071 uniuscujusque
3326 3000 3535 3053 vertice

1950 3098 2243 3152 considere
2276 3098 2556 3151 videntur.
2595 3097 2784 3165 Itaque
2823 3094 2901 3148 illi
2935 3094 3287 3147 sanctissimo
3321 3091 3532 3160 Spiritu

248 3181 495 3251 πλήρεις
526 3181 620 3233 τοῦ
651 3182 928 3251 παναγξου
959 3182 1245 3250 γενόμενοι
1289 3184 1635 3253 Πνεύματος,
1665 3186 1842 3253 γλῶσ-

1949 3192 2119 3262 pleni,
2151 3191 2321 3244 variis
2366 3189 2569 3259 linguis
2604 3188 2837 3258 gloriam
2875 3188 2968 3240 Dei
3014 3187 3346 3254 loquuntur,
3392 3185 3537 3236 divi-

252 3290 384 3337 σαις
439 3274 724 3343 διαφόροις
775 3274 1001 3327 ἐλάλουν
1051 3276 1152 3345 τὴν
1194 3274 1292 3327 τοῦ
1336 3274 1477 3329 Θεοῦ
1527 3277 1707 3345 δόξαν,
1745 3280 1841 3333 καὶ

246 3368 353 3437 τὴν
402 3365 584 3437 Ἰησοῦ
635 3367 867 3435 θεότητα
928 3371 1040 3431 τοῖς
1097 3368 1459 3439 ἐνδραμοῦσιν
1513 3371 1839 3442 ἐκήρυττον.

249 3459 541 3531 Συνεχύθη
572 3460 708 3531 γὰρ,
763 3461 921 3530 φησὶ,
969 3461 1029 3513 τὸ
1066 3460 1270 3531 πλῆθος
1323 3461 1401 3530 τῷ
1455 3466 1556 3533 τῆς
1611 3464 1843 3534 βροντῆς

246 3556 397 3623 ῆχῳ,
444 3556 540 3606 καὶ
603 3554 733 3622 περὶ
786 3556 845 3607 τὸ
902 3554 1178 3623 δωμάτιον
1232 3554 1406 3620 ἔθεον,
1466 3558 1530 3610 τὸ
1580 3558 1844 3627 διάφορον

246 3647 647 3717 ἐνωτιζόμενοι
679 3648 786 3700 τῶν
822 3648 1112 3715 γλωσσῶν.
1156 3651 1416 3722 Παρῆσαν
1457 3652 1566 3721 γὰρ
1600 3654 1657 3718 ἐξ
1699 3656 1845 3709 ἁπά-

248 3761 356 3812 σης
404 3743 513 3809 γῆς
564 3741 751 3811 σχεδὸν
783 3742 870 3794 διὰ
906 3742 968 3794 τὸ
1000 3742 1102 3811 τῆς
1141 3743 1360 3812 ἡμέρας
1393 3746 1664 3815 ἐπίσημον
1699 3747 1845 3813 Πάρο

249 3836 363 3900 θοι,
395 3835 572 3903 Μῆδοι
602 3837 695 3887 καὶ
738 3834 1048 3903 Ἐλαμϊται,
1095 3835 1258 3905 Σύροι
1292 3852 1352 3888 τε
1388 3835 1505 3905 ἅμα
1533 3840 1628 3890 καὶ
1674 3838 1845 3908 Ἀρα-

249 3928 372 3989 δες,
411 3926 673 3993 Ῥωμαῖοι
717 3925 814 3978 καὶ
865 3926 1149 3991 Ἰουδαῖοι,
1197 3925 1414 3995 Φρύγες
1467 3928 1560 3981 καὶ
1598 3929 1845 3982 Καππα-

246 4018 432 4071 δόκαι·
472 4016 568 4070 καὶ
605 4016 869 4069 τοσοῦτον
893 4014 1275 4085 κατάπληκτοι
1301 4011 1446 4087 ἦσαν
1467 4017 1548 4087 τῷ
1575 4018 1842 4088 θαύματι,

249 4111 332 4180 τῷ
367 4112 499 4174 τοὺς
537 4110 638 4178 μὲν
688 4110 954 4175 συνιέναι,
994 4109 1124 4171 τοὺς
1152 4109 1208 4162 δέ
1254 4111 1354 4178 μὴ,
1405 4110 1484 4173 ὼς
1535 4112 1635 4163 καὶ
1670 4112 1844 4181 μέθην

251 4205 517 4273 ἐγκαλεῖν
560 4205 815 4268 ἐκείνοις,
850 4204 946 4256 καὶ
994 4202 1446 4273 διαλοιδορείσθαι
1497 4206 1563 4275 τῇ
1620 4205 1841 4276 ποικίλῃ

250 4302 355 4353 καὶ
401 4300 650 4368 διαφόρῳ
701 4297 812 4351 τῶν
880 4295 1308 4365 πυνθανομένων
1369 4297 1635 4370 διομιλίᾳ.
1680 4294 1774 4364 Οἷς
1813 4304 1842 4353 ό

255 4394 406 4455 θεῖος
433 4392 637 4463 Πέτρος
678 4389 973 4443 θεσπέσιον
1005 4388 1227 4453 ἀνοίξας
1272 4389 1467 4459 στόμα,
1502 4392 1600 4444 καὶ
1634 4394 1696 4444 τὸ
1737 4392 1847 4446 τῶν

252 4486 531 4557 γλωσσῶν
562 4484 891 4546 ὑποδεικνὺς
947 4483 1143 4548 αἴτιον,
1180 4485 1256 4554 μὴ
1304 4484 1398 4536 τὸν
1454 4480 1601 4539 οἶνον
1660 4485 1847 4554 ἔλεγεν

250 4578 425 4645 εἶναι,
466 4578 529 4631 τδ
581 4577 807 4647 Πνεῦμα
836 4578 893 4630 δέ
926 4579 987 4631 τὸ
1037 4579 1219 4647 ἅγιον,
1267 4578 1295 4631 δ
1339 4580 1428 4633 διὰ
1469 4578 1563 4632 τοῦ
1612 4579 1844 4634 θεόπτου

250 4670 606 4738 ἐπήγγελται
646 4670 823 4742 ’ῐωὴλ,
850 4671 971 4732 ταῖς
1015 4670 1275 4734 ὑστάταις
1329 4672 1435 4724 τῶν
1485 4672 1712 4744 ἡμερῶν
1745 4674 1841 4726 ἐκ·

249 4763 410 4833 χέειν
440 4761 575 4814 Θεὸν
615 4763 707 4814 ἐπὶ⁵
744 4762 930 4815 πᾶσαν
968 4761 1151 4831 σάρκα
1180 4777 1195 4791 ·
1225 4762 1320 4816 καὶ
1351 4764 1597 4833 παρίστα
1627 4764 1719 4817 τὸν
1748 4765 1843 4816 λό-

248 4874 376 4926 γον,
407 4855 586 4921 λόγοις
615 4854 1005 4924 ἀδαμαντίνοις
1045 4853 1116 4908 τὰ
1150 4855 1296 4908 κατὰ
1353 4856 1447 4909 τὸν
1496 4856 1729 4926 Σωτῆρα
1764 4858 1846 4910 δι-

248 4944 586 5012 εξιὼν.Καὶ
633 4945 1014 5016 προύτρέπετο
1065 4948 1201 4999 πᾶσι
1249 4948 1545 5018 μεταμέλῳ
1580 4950 1841 5021 χρῆσθαι,

252 5045 359 5098 καὶ
413 5040 510 5093 ἐπὶ
569 5040 650 5109 τῷ
714 5039 967 5108 σωτηρίῳ
1029 5039 1125 5093 τοῦ
1172 5039 1350 5109 Ἰησοῦ
1384 5042 1611 5112 ὀνόματι
1646 5044 1846 5111 βαπτί-

257 5133 481 5198 ζεσθαι,
545 5133 642 5185 καὶ
713 5132 774 5185 rb
838 5132 1062 5201 Πνεῦμα
1117 5131 1450 5203 λαμὸάνεινο
1511 5136 1696 5200 αὐτοῖς
1738 5140 1843 5209 γὰρ

254 5224 410 5282 εἶναι
452 5227 551 5296 τὴν
590 5225 929 5292 ἐπαγγελίαν
968 5226 1063 5277 καὶ
1097 5228 1209 5288 τοῖς
1244 5226 1459 5289 τέκνοις
1490 5227 1699 5281 τούτων
1729 5230 1841 5282 διε·

251 5320 518 5382 ϐεϐαίου,
550 5318 647 5370 καὶ
675 5316 769 5379 οὓς
796 5317 863 5369 ἂν
905 5320 932 5369 ό
979 5316 1187 5388 Κύριος
1225 5320 1699 5389 προσκαλέσηται.
1731 5323 1843 5375 Καὶ

251 5414 469 5468 αὐτίκα
517 5411 653 5463 ὡσεὶ
691 5409 985 5480 τρισχίλιοι
1019 5409 1098 5478 τῷ
1139 5410 1271 5479 θείῳ
1311 5410 1618 5482 προσῆλθον
1647 5412 1844 5482 βαπτι-

258 5524 464 5576 σματι,
499 5504 547 5557 οἳ
577 5505 670 5556 καὶ
699 5506 766 5573 τῇ
803 5504 1061 5556 κοινωνία
1085 5503 1277 5574 διδαχῇ
1308 5520 1368 5556 τε
1402 5505 1519 5573 ἅμα
1547 5508 1641 5556 καὶ
1676 5522 1847 5575 προσ-

254 5602 399 5667 ευχῇ
443 5598 542 5649 καὶ
586 5596 933 5649 συνεστιάσει
967 5594 1078 5647 τῶν
1123 5596 1440 5649 ἀποστόλων
1481 5599 1846 5668 προσέμενον.

257 5692 379 5746 Καὶ
441 5690 658 5742 πολλῶν
711 5690 954 5757 σημείων
998 5688 1085 5740 διὰ
1142 5687 1250 5742 τῶν
1309 5690 1471 5742 θείων
1533 5691 1851 5743 ἀποστόλων

337 5853 377 5880 ’³
423 5850 537 5903 .lrzt'l
571 5863 631 5911 ll,
664 5847 751 5902 28.

1947 3284 2289 3352 nitatemque
2318 3281 2448 3336 Jesu
2489 3279 2572 3335 eis
2600 3279 2693 3347 qui
2720 3277 3095 3346 conﬂuebant,
3134 3274 3532 3348 deprzcdieant.

1946 3374 2285 3431 Accurrebat
2341 3374 2512 3438 enim,
2563 3372 2766 3440 inquit,
2820 3372 3119 3425 multitudo
3174 3371 3242 3425 ad
3301 3370 3535 3425 tonitrni

1946 3466 2212 3529 sonitum,
2245 3472 2302 3518 et
2340 3463 2550 3517 circum
2592 3461 2820 3515 domum
2865 3477 2987 3516 eam
3032 3462 3317 3523 currebat,
3352 3462 3537 3515 varie-

1949 3565 2115 3611 tatem
2148 3556 2384 3610 audiens
2420 3553 3015 3624 linguarmn.Aderant
3049 3554 3255 3623 quippe
3288 3564 3401 3608 tum
3437 3555 3537 3618 ibi,

1949 3658 2172 3719 propter
2218 3648 2326 3703 diei
2375 3648 2781 3709 celebritatem,
2820 3662 2887 3700 ex
2941 3648 3091 3699 omni
3143 3662 3315 3717 prope
3375 3647 3533 3709 orbe,

1948 3741 2158 3808 Parthi,
2197 3740 2336 3795 Medi
2378 3750 2435 3794 et
2492 3740 2765 3805 Elamitze,
2817 3740 2941 3811 Syri
2992 3740 3153 3793 simul
3197 3748 3254 3793 et
3302 3741 3534 3806 Arabes,

1950 3834 2178 3888 Romani
2225 3843 2281 3888 et
2324 3833 2525 3898 Judaei,
2563 3833 2805 3903 Phryges
2848 3842 2901 3886 ct
2939 3833 3313 3901 Cappadoces.
3350 3835 3417 3888 Et
3456 3834 3535 3888 illi

1948 3941 2123 3996 usque
2175 3926 2315 3980 adeo
2366 3925 2635 3978 miraculo
2679 3939 2747 3979 eo
2794 3935 2925 3979 sunt
2975 3926 3341 3990 consternati,
3382 3926 3531 3995 quod

1948 4019 2174 4088 quidam
2219 4022 2510 4087 loquentes
2549 4017 2945 4085 intelligerent,
2989 4018 3213 4086 quidam
3253 4034 3387 4073 vero
3433 4019 3537 4072 tui-

1950 4126 2076 4175 nus,
2102 4122 2161 4165 ut
2189 4112 2517 4166 ebrietatem
2548 4125 2772 4179 quoque
2799 4111 2881 4165 eis
2910 4113 3175 4180 probrose
3204 4112 3535 4181 objicercnt,

1949 4212 2007 4260 et
2052 4204 2207 4258 vario
2259 4204 2667 4274 multiplicique
2719 4204 3204 4271 percnnctantium
3256 4205 3541 4274 colloquio

1952 4298 2419 4352 conviciarcntur.
2446 4297 2526 4350 Ad
2557 4312 2696 4366 quos
2721 4297 2883 4353 divus
2910 4297 3127 4361 Petrus,
3158 4298 3317 4368 132
3347 4298 3537 4352 divino

1952 4398 2146 4459 aperto
2175 4404 2295 4451 ore,
2331 4404 2552 4443 causam
2589 4388 2874 4442 varietatis
2910 4389 3222 4457 linguarum
3263 4389 3537 4455 indicans,

1954 4496 2064 4536 non
2097 4482 2287 4535 vinum
2320 4480 2397 4543 id,
2425 4481 2520 4534 sed
2554 4480 2824 4550 Spiritum
2854 4490 3109 4535 sanetum
3139 4497 3262 4536 esse
3291 4482 3535 4548 dicebat,

1954 4573 2048 4642 qui
2082 4588 2180 4643 per
2214 4580 2581 4642 spectatorem
2640 4573 2735 4627 Dei
2786 4572 2902 4627 Joel
2927 4575 2966 4605 "
3004 4574 3314 4643 promissus
3347 4584 3495 4629 esset
3517 4613 3535 4636 .

1953 4664 2217 4719 extremis
2243 4662 2499 4717 videlicet
2524 4664 2719 4719 diebus
2765 4679 2889 4719 eum
2916 4678 2945 4716 a
2973 4664 3083 4718 Deo
3115 4679 3284 4728 super
3311 4680 3536 4719 carnem

1954 4771 2175 4811 onmem
2214 4754 2452 4809 effusum
2484 4756 2572 4809 iri.
2607 4756 3019 4824 Oraculumque
3052 4757 3113 4810 id
3143 4758 3408 4827 allegans,
3444 4757 3537 4809 ﬁr-

1955 4851 2217 4905 missimis
2253 4848 2610 4903 sermonibus
2656 4848 2970 4903 Servatoris
3002 4863 3097 4903 res
3118 4861 3298 4920 gestas
3331 4850 3537 4904 contir-

1954 4943 2138 4998 mabat
2166 4987 2180 5010 ,
2216 4958 2522 5012 omnesque
2567 4943 2985 5007 cohortabatur,
3024 4952 3083 4997 ut
3122 4960 3219 5013 per
3263 4945 3538 5015 paeniten-

1955 5041 2087 5095 tiam
2148 5036 2583 5106 resipiscerent,
2643 5037 2697 5089 in
2767 5035 3052 5090 salutifero
3109 5035 3239 5092 Jesu
3310 5040 3535 5093 nomine

1956 5132 2396 5201 baptizarentur,
2429 5137 2486 5183 et
2515 5128 2784 5198 Spiritum
2820 5129 3157 5197 acciperent.
3190 5128 3326 5199 Ipsis
3358 5130 3533 5193 enim,

1956 5222 2255 5289 liberisque
2301 5234 2515 5281 eorum,
2552 5229 2610 5273 et
2660 5235 2802 5289 quos
2832 5229 3097 5289 praeterea
3135 5221 3401 5275 Dominus
3442 5238 3536 5273 vo-

1953 5324 2149 5379 casset,
2175 5314 2593 5381 promissionem
2612 5313 2949 5381 peculiarem
2976 5329 3097 5367 esse
3143 5314 3532 5369 confirmabat.

1954 5415 2017 5468 Et
2046 5413 2337 5469 confestim
2381 5411 2446 5465 ad
2492 5412 2596 5466 tria
2655 5412 2823 5465 millia
2864 5412 3147 5465 hominum
3180 5411 3248 5465 ad
3280 5412 3532 5465 divinum

1946 5508 2215 5561 accedunt
2267 5506 2627 5576 baptismum,
2661 5505 2754 5574 qui
2795 5505 2961 5559 etiam
2996 5504 3123 5559 inde
3154 5519 3250 5574 per
3279 5519 3530 5558 commu—

1951 5601 2175 5653 nionem
2208 5599 2261 5653 in
2294 5598 2545 5652 doctrina
2578 5598 2739 5652 simul
2771 5608 2826 5652 et
2858 5597 3133 5662 oratione,
3163 5608 3331 5666 atque
3362 5600 3537 5650 etiam

1956 5707 2159 5745 mensa-
2179 5691 2603 5760 participatione
2633 5706 2755 5744 cum
2792 5689 3057 5759 apostolis
3083 5689 3529 5757 perseverabant.
