4212 6440
258 450 369 517 769

1215 414 1824 502 ECCLEsusﬁcs
1868 438 2259 498 lIls’l‘ORLE
2296 439 2440 497 uo.
2490 436 2563 494 ll.

3413 429 3522 491 770

256 561 570 628 wagner-4,
630 561 720 611 καὶ
745 558 831 611 διὰ
883 559 1012 628 μιᾶς
1057 556 1269 626 ρήσεως
1314 554 1538 607 Ἡσαΐου
1571 555 1666 606 τού
1704 571 1837 622 προ-

1952 554 2145 621 ]ιιίῃρει
2182 567 2329 603 more
2365 564 2497 618 gens
2535 564 2643 601 eaa
2683 547 2911 599 muliere
2951 544 3293 615 regebatur),
3337 544 3519 598 divina

260 657 439 723 φὴτου
472 654 540 706 τὰ
569 654 730 723 δργια
760 652 853 705 τοῦ
882 651 1005 705 καθ’
1045 651 1194 720 ἡμᾶς
1225 649 1382 717 λόγου
1451 648 1701 717 μυηθεὶς,
1749 649 1841 700 καὶ

259 748 321 798 τὸ
357 746 644 814 βάπτισμα
696 744 1099 811 είσδεξάμενος,
1144 743 1265 795 ἐπεὶ
1310 743 1447 810 πρὸς
1479 742 1575 810 τὴν
1611 740 1843 809 πάτριον

261 839 368 907 γῆν
411 838 779 899 ὲπαλινόστει,
806 830 918 898 τοῖς
948 838 1004 886 ὲν
1035 835 1293 905 Αἰθιοπίᾳ
1334 833 1554 903 πρῶτος
1579 832 1678 902 τὴν
1702 831 1843 885 κατὰ

261 931 510 984 τὸνθεόν
544 949 603 983 τε
662 932 755 983 καὶ
801 930 892 981 τὸν
929 929 1159 997 Σωτῆρα
1199 928 1401 995 γνῶσιν
1432 925 1841 995 εὐηγγελίζετο.

263 1024 506 1076 κακεῖνο
529 1022 588 1074 τὺ
618 1024 713 1089 τῆς
750 1020 1089 1089 προφητείας
1116 1019 1263 1089 ἔργῳ
1294 1018 1521 1087 πληρῶν
1555 1014 1623 1087 ἦν
1655 1016 1722 1069 δι’
1752 1016 1847 1069 αύ-

260 1114 386 1177 τοῦ,
422 1115 503 1176 τὸ,
532 1114 805 1167 Αιθιοπία
829 1111 1166 1181 προφθάσει
1192 1111 1360 1180 χεῖρα
1389 1111 1579 1178 αὐτῆς
1605 1108 1684 1175 τῷ
1702 1108 1843 1173 Θεῷ·

261 1207 357 1257 ἐπὶ
389 1205 601 1265 τούτοις
633 1205 702 1255 τὰ
734 1204 878 1255 κατὰ
907 1203 997 1254 τὸν
1037 1199 1272 1261 Παῦλον,
1303 1203 1375 1263 ὼς
1410 1202 1607 1270 μικρὸν
1641 1200 1847 1253 ἄνωθεν

260 1297 610 1363 διελάὁομεν,
640 1296 895 1347 ἐτελεῖτο.
929 1295 1130 1362 Πέτρος
1165 1293 1221 1345 δὲ
1276 1295 1355 1355 είς
1384 1292 1587 1345 Λύδδαν
1633 1293 1726 1345 καὶ
1754 1293 1847 1345 τὸν

275 1372 598 1457 Ἆσσᾶρωνα
625 1388 774 1457 ἥκει·
810 1388 904 1439 καὶ
955 1389 1160 1458 ῥήματι
1195 1386 1285 1437 τον
1316 1387 1610 1455 κλινοπετῆ
1650 1387 1847 1439 Αἰνέαν

262 1480 361 1531 ἐπὶ
400 1477 483 1547 λη’
533 1477 713 1530 ἐτεσιν
745 1477 976 1541 ὲξιᾶται.
1048 1478 1136 1530 Ἐν
1182 1478 1238 1531 δὲ
1299 1479 1495 1549 Ἰόππῃ
1531 1478 1844 1547 γενόμενος,

262 1568 650 1639 περιστάντων
696 1569 858 1621 αὐτὸν
908 1568 1159 1638 πενήτων
1209 1586 1268 1621 τε
1320 1570 1416 1621 καὶ
1478 1569 1603 1621 ὅσαι
1650 1571 1846 1641 χηρείᾳ

263 1661 545 1725 συνέζων,
600 1661 743 1731 ὑπὲρ
791 1662 892 1730 τῆς
927 1656 1198 1730 θανούσης
1255 1662 1498 1714 ἱκέτευον
1547 1662 1843 1732 Ταὸηθᾶς,

264 1750 461 1818 ἱμάτια
494 1752 585 1802 καὶ
617 1750 732 1802 ἀλλ’
777 1751 915 1803 ᾶττα
949 1751 1049 1802 ὅσα
1096 1767 1159 1817 γε
1210 1748 1269 1803 εὖ
1302 1749 1535 1803 ποιοῦσα
1566 1753 1597 1821 ὴ
1638 1752 1847 1821 Δορκὰς

261 1843 461 1905 ἐδίδου,
496 1842 973 1911 ἐπιδεικνύμενοι·
1009 1844 1101 1895 καὶ
1133 1843 1233 1913 τὴν
1267 1844 1366 1912 μὲν
1402 1844 1657 1915 θᾶττονῆ
1689 1845 1847 1910 λόγος

1946 644 2328 712 dispositione,
2356 641 2610 710 primitiae
2636 655 2698 693 ex
2729 639 2985 709 gentibus
3008 640 3061 692 in
3094 636 3376 692 Christum
3405 653 3521 692 crc-

1944 736 2205 791 dentibus
2261 735 2338 787 lit.
2372 733 2509 789 Cum
2557 732 2705 786 enim
2760 732 2813 785 in
2850 732 3160 800 Philippum
3199 731 3303 784 iter
3342 746 3408 784 ex
3438 732 3519 781 vi-

1945 830 2098 883 sione
2133 828 2419 882 facientem
2471 826 2775 888 incidisset,
2808 834 2863 878 et
2912 838 3006 893 per
3077 825 3303 878 unicum
3368 823 3520 876 Isaia:

1946 919 2231 986 propheta:
2275 917 2583 977 oraculum.
2617 918 2835 971 arcanis
2861 931 3146 971 sacrorum
3206 926 3522 972 nostrorum

1946 1008 2220 1078 mysteriis
2264 1007 2333 1061 ab
2377 1023 2445 1063 eo
2483 1008 2731 1061 initiatus
2780 1017 2835 1061 et
2872 1008 3183 1077 baptizatus
3215 1010 3429 1069 fuisset,
3469 1011 3521 1062 in

1946 1101 2178 1169 patriam
2230 1100 2343 1169 ipse
2374 1115 2528 1153 suam
2568 1115 2840 1163 reversus,
2884 1102 3096 1168 primus
3130 1101 3181 1153 in
3242 1100 3522 1169 Ethiopia

1950 1192 2268 1245 hominibus
2305 1191 2400 1245 Dei
2471 1190 2893 1259 Servatorisque
2945 1192 3118 1244 nostri
3154 1193 3523 1257 engiiitionem

1947 1284 2072 1338 lano
2101 1284 2284 1337 attulit
2316 1285 2529 1336 nuntio.
2582 1284 2685 1337 Per
2717 1298 2877 1351 quem
2910 1285 3195 1351 prOphetia
3230 1285 3321 1337 illa
3347 1287 3524 1352 rcipsa

1948 1386 2033 1429 est
2081 1375 2374 1443 adimpleta
2414 1394 2426 1427 :
2460 1372 2731 1437 Ethiopia
2783 1375 3060 1438 prwveniet
3112 1392 3328 1428 manum
3374 1391 3525 1426 suam

1951 1466 2062 1519 Deo
2088 1466 2185 1537 (l).
2220 1466 2399 1533 Atque
2432 1467 2487 1518 in
2515 1467 2581 1519 iis
2614 1465 2836 1534 quidem
2872 1483 2961 1521 res
2989 1468 3163 1527 Pauli.
3202 1483 3338 1536 quas
3368 1469 3527 1535 paulo

1954 1568 2080 1612 ante
2132 1558 2577 1627 perstrinximus.
2628 1560 3024 1614 consistebant.
3074 1559 3275 1614 Petrus
3312 1568 3526 1621 autem,

1951 1648 2189 1719 Lyddam
2249 1659 2307 1703 et
2350 1652 2684 1704 Assaronem
2738 1651 2989 1713 veniens,
3021 1650 3249 1705 (Eneam
3303 1654 3526 1722 triginta

1950 1752 2076 1796 octo
2101 1757 2273 1796 annos
2301 1742 2442 1796 lecto
2466 1740 2686 1795 alﬁxum
2745 1743 2915 1796 verbo
2951 1746 3068 1797 solo
3099 1753 3252 1797 sanat
3276 1760 3337 1799 ac
3368 1746 3528 1797 resti-

1955 1840 2076 1888 tttit.
2126 1834 2311 1903 Joppae
2355 1845 2538 1888 autem
2573 1851 2700 1887 cum
2747 1844 2911 1899 esset,
2950 1851 3189 1904 cumque
3250 1838 3439 1906 inopes
3473 1847 3530 1891 ct

260 1934 481 1985 ἀνίστα·
503 1944 563 1985 το
585 1933 640 1985 δὲ
662 1934 862 1999 πλῆθος
884 1933 1027 1985 Ξπαν
1045 1933 1121 2003 τῷ
1143 1937 1396 2004 σωτηρίῳ
1415 1936 1595 2005 ὑπῆγε
1614 1936 1844 2007 λουτρῷ.

1954 1928 2130 1981 viduae
2163 1929 2601 1987 circumstantes,
2629 1944 2726 1996 pro
2756 1927 3019 1983 defuncta
3054 1928 3306 1991 Tabitha,
3354 1940 3528 1984 restes

276 2024 526 2076 Ἐκεῖθεν
558 2026 637 2085 εἰς
670 2025 1015 2094 Καισάρειαν
1046 2024 1113 2077 τὰ
1146 2025 1288 2076 κατὰ
1318 2025 1408 2077 τὸν
1438 2027 1849 2097 ἑκατοντάρχην

263 2118 579 2187 Κορνήλιον
610 2119 875 2186 ἔπραττε,
912 2117 1012 2187 τὴν
1045 2119 1107 2169 ὲκ
1153 2118 1441 2185 τεσσάρων
1472 2119 1664 2186 ὀθόνην
1708 2122 1850 2172 ἀνω-

262 2209 360 2260 θεν
393 2210 732 2279 καθιεμένην
765 2209 1054 2280 ἑωρακώς.
1100 2212 1209 2263 Καὶ
1248 2210 1385 2280 δῆτα
1436 2211 1727 2283 Κορνηλίῳ
1758 2214 1851 2267 καὶ

260 2302 380 2362 τοῖς
434 2303 562 2369 περὶ
628 2303 837 2354 ἐκεῖνον
910 2286 1352 2371 διομιλουμένῳ,
1412 2302 1608 2371 ἁθρόον
1671 2305 1702 2371 ή
1755 2304 1849 2357 τοῦ

259 2392 591 2462 Πνεύματος
637 2393 799 2463 χάρις
846 2394 1142 2460 ἐφίπτατο·
1171 2394 1264 2445 καὶ
1315 2397 1380 2464 τῇ
1427 2395 1535 2447 τῶν
1589 2395 1850 2463 γλωσσῶν

262 2485 516 2553 ποικιλία
568 2487 602 2556 ἡ
661 2486 825 2556 χάρις
880 2484 1159 2555 ἀριδήλως
1212 2485 1485 2553 ἐφαίνετο.
1536 2484 1758 2539 Τούτων
1806 2488 1849 2540 δ’

261 2576 414 2629 οὕτω
447 2578 598 2646 παρὰ
635 2577 796 2642 δόξαν
821 2576 1233 2646 γεγενημένων,
1271 2578 1364 2629 καὶ
1391 2577 1452 2630 τὸ
1479 2577 1566 2630 διὰ
1600 2579 1693 2630 τοῦ
1722 2577 1850 2630 ’ὑδα-

261 2685 363 2728 τος
389 2668 532 2720 θεῖον
580 2668 869 2735 ἠκολούθει
915 2670 1163 2735 λουτρόν·
1196 2668 1298 2719 κᾶν
1325 2670 1372 2719 οἱ
1418 2670 1483 2717 ὲκ
1521 2669 1849 2735 περιτομῆς,

268 2758 351 2827 μὴ
392 2759 490 2827 τὴν
541 2760 702 2826 χάριν
752 2759 1055 2821 συνιέντες,
1106 2760 1163 2809 ὲν
1221 2756 1628 2826 Ἱεροσολύμοις
1663 2759 1854 2828 Πέτρῳ

265 2849 756 2916 παλινοστήσαντι,
808 2848 1127 2917 περιοργεῖς
1162 2843 1325 2917 ἦσαν,
1384 2847 1535 2901 ἀλῶν
1604 2850 1701 2901 καὶ
1752 2867 1855 2915 μυ-

269 2939 516 3010 στηρίων
584 2942 1015 3011 κεκοινωνηκότι
1063 2940 1292 3010 ἀνδράσι
1358 2940 1850 3011 περιόεϐλημὲνοις

267 3031 690 3101 ἀκροϐυστίαν·
739 3027 820 3095 οἷς
875 3032 1111 3101 μαθοῦσι
1145 3034 1245 3101 τὴν
1292 3033 1514 3099 πρᾶξιν,
1558 3034 1853 3103 ἡσυχάζειν

268 3120 371 3193 ἦν,
402 3124 880 3194 ἐκπεπληγμένοις
910 3125 985 3187 ὡς
1014 3125 1119 3194 ἄρα
1149 3141 1211 3191 γε
1242 3125 1375 3185 Θεὸς
1404 3128 1498 3179 καὶ
1530 3128 1641 3187 τοῖς
1675 3125 1853 3179 ἔθνεσι

267 3221 375 3289 τὴν
405 3221 699 3288 μετάνοιαν
734 3219 935 3271 ἔδωκεν
970 3220 1048 3275 εἰς
1080 3218 1245 3289 ζωήν.
1283 3218 1351 3272 Οἶ
1378 3236 1440 3287 γε
1473 3220 1582 3289 μὴν
1624 3219 1856 3273 διασπαο
1880 3238 1927 3310 C

268 3307 464 3379 ρέντες
490 3308 545 3360 ἓν
577 3326 635 3360 τε
660 3310 881 3378 Φοινίκῃ
910 3308 1001 3359 καὶ
1031 3308 1241 3377 Κύπρῳ
1274 3310 1369 3361 καὶ
1413 3308 1735 3377 Ἀντιοχείᾳ,
1765 3310 1859 3378 ρό-

267 3418 394 3462 νοις
439 3401 716 3463 Ἰουδαίοις
748 3402 1055 3469 ἐκήρυττον
1084 3402 1149 3453 τὰ
1190 3402 1286 3469 τῆς
1329 3401 1584 3463 πίστεως·
1620 3403 1857 3470 Κύπριοι

266 3494 328 3545 δέ
383 3509 530 3553 τινες
583 3494 677 3545 καὶ
730 3495 1035 3561 Κυρηναῖοι
1088 3494 1145 3543 ὲν
1198 3493 1501 3563 ’Διτιοχείᾳ
1552 3493 1857 3560 γενόμενοι,

268 3587 466 3657 χειρὸς
500 3586 680 3639 αὐτῶν
710 3587 857 3649 θείας
886 3586 1453 3655 ἀντιλαμϐανομένης,
1480 3586 1613 3638 πολύ
1639 3604 1688 3638 τι
1720 3586 1859 3652 πλῆ-

270 3680 368 3739 θος
409 3679 772 3748 Ἑλληνιστῶν
810 3679 905 3731 καὶ
949 3677 1185 3748 ἀριθμοῦ
1218 3680 1467 3748 κρεῖττον
1512 3679 1800 3748 ἠγάγοντο·
1832 3680 1860 3731 ὃ

266 3775 340 3842 τῇ
378 3774 434 3823 ὲν
474 3771 835 3841 Ἰερουσαλὴμ.
865 3770 1165 3841 Ἐκκλησία
1191 3770 1348 3846 δῆλον
1371 3771 1686 3839 γενόμενον⁹
1720 3770 1859 3837 Βαρ-

269 3864 455 3917 νάϐαν
490 3863 732 3915 στέλλειν
760 3864 889 3931 ἄχρι
919 3862 981 3930 δὴ
1018 3863 1110 3913 καὶ
1145 3861 1480 3930 Ἀντιοχείας
1524 3862 1771 3931 ἤπειγεν,
1802 3860 1858 3923 ὃς

268 3956 342 4022 δὴ
375 3955 594 4021 χάριτος
621 3952 770 4015 θείας
796 3953 1049 4020 ἔμπλεως
1084 3946 1174 4020 ἦν.
1208 3953 1317 4004 Καὶ
1342 3951 1404 4021 δὴ
1435 3954 1499 4003 ἐκ
1526 3952 1742 4019 Ταρσοῦ
1770 3952 1859 4003 τὸν

273 4046 495 4098 Παῦλον
516 4044 889 4114 ἀναζητήσας,
918 4045 1085 4113 ἄμφω
1126 4047 1191 4113 τῇ
1240 4045 1541 4114 Ἀντιοχείᾳ
1583 4044 1860 4113 προσϐάλ-

270 4135 494 4185 λουσινο
540 4132 746 4199 ἄπειρά
793 4148 852 4182 τε
893 4133 1249 4201 προσήγαγον
1295 4134 1371 4202 τῷ
1401 4133 1621 4201 Χριστῷ
1654 4135 1857 4202 πλήθη,

271 4223 367 4275 ἐπ’
414 4222 671 4274 ἐνιαυτοῦ
715 4222 814 4284 τὰς
863 4222 1217 4285 διδασκαλίας
1254 4224 1596 4293 ποιούμενοιο
1635 4228 1859 4278 κάκεῖσε

270 4315 410 4374 τοὺς
456 4314 709 4382 μαθητὰς
746 4315 1110 4382 Χριστιανοὺς
1156 4312 1441 4367 καλεῖσθαι
1489 4313 1721 4383 πρώτως
1776 4315 1862 4367 θε-

274 4405 559 4466 σπίζουσι.
588 4407 697 4458 Καὶ
732 4407 974 4472 Ἀγαὸος
1008 4406 1106 4473 μὲν
1140 4402 1217 4468 εἷς
1242 4406 1349 4457 τῶν
1381 4406 1649 4458 συνόντων
1677 4408 1860 4469 αὐτοῖς

272 4499 584 4566 προσητὼν
614 4499 707 4550 τὸν
760 4499 1023 4567 ἐσόμενον
1073 4498 1230 4566 λιμὸν
1281 4501 1615 4568 προεμήνυεο
1650 4498 1860 4560 Παῦλος

268 4590 331 4642 δὲ
368 4587 435 4640 αὖ
470 4591 561 4641 καὶ
584 4590 866 4659 Βαρνάϐας
892 4594 959 4661 τῇ
982 4591 1091 4642 τῶν
1115 4589 1362 4657 ἀδελφῶν
1382 4589 1627 4659 διακονία
1662 4588 1863 4658 ἐξυπη-

275 4684 641 4751 ρετησόμενοι
675 4683 765 4736 διὰ
799 4684 889 4735 τὸν
940 4685 1377 4753 εἰσκωμὰσαντα
1422 4683 1579 4752 λιμὸν
1609 4682 1862 4735 ἅπαντα.

271 4774 375 4843 χοῦ
405 4791 543 4843 παρε
553 4777 852 4845 πέμποντο.

1954 2021 2201 2089 aliasque
2239 2035 2346 2085 res,
2381 2035 2516 2089 quas
2555 2021 2636 2073 eis
2672 2020 2893 2081 Dorcas,
2930 2036 3029 2090 pro
3068 2035 3134 2073 eo
3158 2030 3321 2090 atque
3358 2023 3529 2074 debe-

1954 2114 2066 2176 bat,
2114 2112 2365 2174 dederat,
2408 2112 2763 2166 ostendentes
2813 2113 3183 2181 supplicarent
3223 2130 3235 2166 :
3274 2113 3420 2168 dicto
3453 2116 3531 2167 ci-

1956 2208 2063 2260 tius
2095 2208 2240 2261 illam
2280 2206 2503 2275 quidem
2544 2207 2855 2269 resuscitat,
2900 2207 3311 2260 multitudinem
3343 2219 3528 2262 autem

1954 2316 2072 2351 eam
2134 2314 2353 2354 omnem
2412 2314 2571 2353 sacro
2626 2299 2800 2354 initiat
2846 2300 3083 2353 lavacro.
3140 2301 3298 2371 142
3327 2303 3531 2355 Deinde

1952 2392 2215 2445 Cmsarezr.
2249 2392 2561 2445 centurioni
2611 2391 2867 2447 Cornelio
2896 2393 3137 2446 cilicium
3200 2409 3360 2448 Suum
3397 2412 3532 2461 pne-

1958 2493 2090 2542 εισι,
2128 2498 2249 2536 cum
2286 2483 2511 2536 linteum
2540 2483 2672 2536 illud
2699 2498 2727 2535 a
2762 2494 3000 2552 quatuor
3018 2486 3265 2553 partibus
3295 2494 3531 2554 superne

1955 2575 2251 2629 demissum
2304 2574 2552 2629 vidisset.
2608 2575 2683 2629 Ita
2744 2576 3027 2639 Cornelio,
3081 2586 3135 2631 et
3184 2581 3275 2647 qui
3310 2596 3432 2631 cum
3465 2595 3530 2632 co

1954 2677 2131 2727 erant,
2170 2682 2267 2731 per
2295 2665 2603 2719 doctrinam
2634 2667 2865 2721 initiatis
2891 2669 3169 2732 omnibus,
3207 2671 3379 2738 gratia
3406 2671 3528 2739 Spi-

1959 2756 2101 2810 ritus
2158 2758 2334 2809 sancti
2392 2760 2736 2826 supervenit,
2799 2768 2855 2811 et
2908 2760 3220 2829 linguarum
3270 2764 3532 2817 varietate

1958 2846 2133 2917 gratia
2162 2863 2224 2901 ea
2262 2848 2553 2905 manifesto
2585 2859 2813 2918 apparet
2859 2867 2873 2903 :
2906 2852 3109 2921 quibus
3143 2854 3209 2906 ad
3256 2870 3379 2908 cum
3416 2873 3533 2908 tun-

1958 2940 2087 2993 dum
2119 2939 2347 2995 miriﬁce
2412 2942 2671 3009 peractis,
2730 2942 2977 2997 divinum
3042 2944 3244 2999 deinde
3306 2947 3380 3000 illi
3436 2965 3533 3015 per

1958 3047 2156 3100 aquam
2196 3042 2613 3102 consequuntur
2671 3034 2976 3092 lavacrum.
3029 3036 3323 3091 Enimvero
3374 3040 3533 3093 Petro

1959 3124 2300 3190 revertenti,
2372 3126 2464 3195 qui
2519 3125 2918 3196 Hierosolymis
2973 3144 3040 3183 ex
3112 3130 3534 3186 circumcisione

1958 3224 2137 3283 erant,
2175 3216 2405 3285 gratiam
2433 3217 2604 3285 ipsam
2634 3234 2742 3271 non
2773 3220 2905 3274 satis
2936 3221 3303 3292 intelligentes
3323 3266 3336 3288 ,
3368 3230 3535 3280 maxi-

1963 3324 2185 3378 mopere
2216 3310 2620 3364 succensebant
2654 3352 2668 3375 ,
2698 3312 2843 3380 quod
2878 3314 3044 3368 salem
3072 3330 3133 3369 ac
3170 3331 3413 3370 mensam
3447 3333 3536 3369 ar-

1962 3416 2209 3464 canaque
2237 3404 2494 3472 mystcria
2546 3403 2679 3455 viris
2712 3405 2979 3472 prmpntio
3009 3407 3263 3460 obductis
3289 3422 3535 3462 commu-

1963 3493 2222 3547 nicasset.
2260 3493 2361 3558 Qui
2391 3509 2520 3547 sane
2553 3510 2668 3548 rem
2702 3510 2820 3548 eam
2857 3496 3034 3550 cdocti
3064 3499 3245 3551 statim
3276 3500 3537 3567 conquie-

1960 3598 2110 3647 vere,
2143 3584 2341 3637 animis
2358 3598 2549 3637 eorum
2582 3585 2945 3640 admiratione
2972 3590 3354 3651 consternatis,
3381 3590 3531 3659 quod

1965 3677 2107 3731 Deus
2129 3676 2292 3731 etiam
2319 3677 2576 3746 gentibus
2599 3679 2976 3746 paenitentiam
3009 3680 3339 3734 concesserit
3363 3681 3430 3735 ad
3454 3683 3534 3735 vi-

1966 3780 2098 3824 tam.
2139 3768 2241 3834 Qui
2288 3786 2417 3822 vero
2444 3771 2644 3839 passim
2691 3770 2924 3839 dispersi
2957 3782 3114 3825 erant
3147 3773 3197 3824 in
3228 3773 3533 3834 Phrenieia,

1963 3869 2017 3914 et
2047 3860 2246 3929 Cypro,
2296 3872 2350 3914 ct
2393 3861 2702 3922 Antiochia,
2730 3862 2887 3915 ﬁdem
2930 3863 3059 3917 solis
3089 3863 3291 3919 Jt-dzeis
3339 3866 3533 3934 prauit-

1963 3951 2181 4004 cabant.
2209 3949 2394 4019 Cyprii
2431 3962 2610 4004 tamen
2645 3951 2891 4019 quidam,
2922 3961 2979 4005 et
3020 3950 3289 4024 Cyrenaei,
3343 3956 3537 4006 Antio-

1962 4042 2100 4097 chia:
2136 4082 2150 4105 ,
2181 4042 2364 4096 divina
2419 4045 2501 4096 eis
2551 4042 2857 4111 opitulante
2890 4059 3092 4105 manu,
3127 4046 3533 4097 multitudinem

1965 4135 2236 4205 ingentem
2281 4152 2346 4188 ex
2405 4133 2716 4190 llellenistis
2779 4151 3119 4204 numeroque
3193 4138 3534 4204 superiorem

1964 4225 2029 4278 ad
2061 4225 2222 4287 ﬁdem
2265 4226 2633 4279 adduxerant.
2663 4225 2816 4291 Quod
2850 4242 2974 4279 cum
3000 4225 3256 4281 Ecclesiae
3283 4226 3475 4281 Hieros
3502 4253 3538 4272 ν-

1964 4317 2241 4387 lymitanaa
2288 4317 2640 4381 innotuisset,
2686 4317 2990 4370 Barnabam
3028 4318 3375 4373 Antiochiam
3413 4322 3538 4373 mit-

1967 4421 2078 4462 tere
2132 4410 2557 4476 properat:qui
2614 4424 2744 4462 sane
2798 4410 2980 4462 divina
3052 4410 3288 4464 relertus
3340 4413 3535 4479 gratia,

1964 4498 2221 4552 Tarsensi
2277 4500 2589 4568 conquisite
2648 4501 2838 4565 Paulo,
2896 4516 3019 4554 cum
3075 4516 3143 4554 eo
3188 4501 3536 4556 Antiochiam

1964 4590 2357 4660 proﬁciscitur.
2392 4593 2569 4660 Atque
2618 4593 2689 4645 ibi
2729 4608 2872 4645 anno
2907 4602 3020 4645 toto
3054 4593 3338 4655 docentes,
3375 4596 3539 4646 innu-

1965 4682 2285 4737 merabilem
2320 4682 2385 4735 ad
2421 4682 2704 4737 Christum
2746 4684 3075 4754 pertrahunt
3107 4684 3534 4742 multitudinem,

1962 4775 2151 4845 ibique
2214 4777 2454 4845 primum
2487 4775 2788 4845 discipulos
2839 4776 3181 4829 Christianos
3225 4776 3409 4829 vocari
3443 4777 3539 4829 dc-

272 4866 414 4918 berc
441 4869 719 4921 sanciunt.
770 4868 1026 4924 Sedenim
1072 4868 1311 4937 Agabus,
1386 4880 1528 4920 unus
1573 4880 1635 4919 ex
1679 4866 1762 4920 his
1798 4870 1891 4936 qui
1932 4882 2055 4920 cum
2098 4866 2178 4920 eis
2234 4875 2389 4920 erant
2417 4866 2734 4936 prophetis,
2768 4868 2966 4920 famem
3001 4867 3237 4921 futuram
3268 4867 3534 4936 praedicit.

274 4962 487 5016 Paulus
522 4979 688 5030 porro
712 4975 768 5019 et
835 4966 1115 5020 Barnabas
1164 4964 1391 5017 fratrum
1460 4964 1768 5017 ministerio
1840 4963 2246 5029 subservituri,
2281 4973 2507 5033 propter
2582 4963 2778 5018 famem
2826 4964 3193 5032 ingruentem,
3240 4964 3437 5032 passim
3481 4966 3537 5019 in

271 5053 401 5108 loca
432 5055 616 5110 ontttia
653 5058 974 5115 mittuntur.

354 5235 434 5303 (ι)
468 5234 744 5305 Αἰιίιὶορὶα
771 5239 1052 5305 praeveniet
1088 5252 1275 5289 manus
1308 5237 1423 5306 ejus
1456 5234 1581 5300 Dco,
1616 5234 1720 5290 hoc
1750 5242 1854 5300 est,

1956 5231 1991 5287 ii
2025 5230 2317 5300 Ethiopize
2340 5231 2651 5286 currentad
2679 5230 3102 5302 expaudendum
3164 5244 3358 5286 manus
3409 5246 3541 5287 suas

280 5307 339 5361 in
376 5308 627 5361 oratione
649 5323 835 5362 coram
868 5307 999 5362 Deo.
1035 5306 1205 5378 (Paul.
1241 5322 1408 5372 ωινιι,
1440 5307 1555 5373 52.)
