4212 6440
228 460 336 521 7ἷ3

1188 453 1794 515 ECCLESIASTICJE
1836 453 2226 513 HISTORIA!
2262 456 2404 518 LIB.
2451 458 2528 516 Il.

3379 459 3483 533 776

226 573 505 642 δυσχερῶν
535 570 969 639 ἀπηλλάττοντο.
1013 569 1138 622 Ἐπὶ
1175 570 1231 623 δὲ
1262 569 1472 623 τούτοις
1507 568 1607 637 τὴν
1646 567 1798 620 πόλιν

1905 579 1960 621 ct
1986 571 2104 635 ipse
2139 569 2287 622 brevi
2319 583 2616 635 tuomeuto,
2646 573 2821 640 qualis
2849 584 2974 628 ante
3005 574 3253 633 morbum
3276 575 3480 640 fuerat,

227 667 453 719 ἃπασαν
477 664 870 730 ἐκκλησιάσας.
898 663 999 732 τὴν
1031 664 1170 714 κατὰ
1195 662 1288 714 τὸν
1315 661 1540 730 Σωτῆρα
1569 660 1803 728 Χριστὸν

226 757 549 825 οἰκονομίαν
593 758 815 810 ἃπασαν
850 758 877 809 ό
905 755 1203 815 ἀπόστολος
1254 754 1479 823 διεξῄει·
1510 752 1577 806 τὰ
1605 753 1804 806 τελεώ-

226 847 720 921 τεραδὲλτούτοις
759 849 992 917 μεθήσας,
1035 845 1128 900 τοῦ
1174 863 1233 899 τε
1270 845 1417 897 θείου
1455 841 1805 908 καταξιώσας

227 940 486 1009 λουτροῦ,
520 941 700 1008 ίερέας
745 955 806 992 τε
856 938 1347 1007 καταστησάμενος
1392 935 1486 997 οὓς
1525 952 1591 1003 γε
1626 934 1805 1005 χρεὼν

227 1028 323 1102 ἦν,
368 1035 467 1085 καὶ
517 1033 686 1087 τᾶλλα
747 1031 931 1086 πάντα
984 1032 1165 1094 καλῶς
1225 1031 1573 1100 διαθέμενος,
1624 1031 1806 1082 πᾶσαν

228 1127 447 1196 εκείνην
468 1127 739 1194 ὰφιέρωσε
818 1124 897 1195 τῷ
943 1124 1082 1194 Θεῷ.
1118 1124 1433 1195 Χρημάτων
1476 1123 1523 1176 δ’
1555 1121 1807 1175 ὲντεῧθεν

217 1220 316 1273 διὰ
340 1218 516 1273 ταῦτα
538 1219 616 1285 τῷ
642 1218 930 1286 ἀποστόλῳ
954 1217 1089 1287 πρὸς
1115 1216 1371 1287 Λύγάρου
1400 1215 1805 1284 κομιζομένων,

226 1313 507 1366 ἀπείπατο
536 1310 814 1374 δέξασθαι,
855 1327 873 1359 ι
907 1310 968 1363 El
1002 1312 1069 1363 τὰ
1110 1310 1373 1379 ἡμέτερα,
1408 1308 1603 1371 εἰπὼν,
1647 1324 1808 1359 κατε-

226 1404 518 1473 λείψαμεν,
550 1402 666 1464 πῶς
696 1402 985 1472 ληψόμεθα
1018 1403 1086 1454 τὰ
1120 1400 1411 1471 ἀλλότρια;
1446 1419 1464 1451 ι
1502 1401 1574 1452 Ἦ
1607 1416 1670 1467 γε
1698 1400 1806 1469 μὴν

223 1496 325 1550 τοῦ
346 1495 597 1565 Δὺγάρου
627 1494 887 1565 ἐπιστολὴ
913 1494 1050 1564 πρὸς
1075 1493 1329 1563 Χριστὸν,
1358 1492 1427 1563 ἢν
1448 1492 1518 1546 δι⁹
1560 1492 1805 1545 ’Δνανίου

221 1589 572 1657 ταχυδρόμου
620 1589 716 1641 καὶ
781 1587 1097 1657 κούρσωρος
1150 1585 1554 1651 ἐξαπέστειλεν,
1622 1585 1699 1644 ὡς
1747 1585 1806 1635 ἔν

223 1681 389 1751 τύπῳ
448 1680 742 1746 διαλαϐεῖν,
810 1681 937 1733 τάδε
1002 1678 1215 1744 λέξεσιν
1256 1678 1475 1739 ,αὑταῖς
1536 1677 1802 1746 περιεῖχεο

231 1793 254 1826 ε
292 1774 432 1842 Περὶ
464 1773 560 1826 σοῦ
591 1776 685 1827 καὶ
724 1773 834 1825 τῶν
866 1772 979 1825 σῶν
1020 1773 1218 1825 ίάσεων
1253 1769 1526 1842 ἀκηκοὼς,
1562 1772 1637 1833 ὡς
1670 1788 1807 1839 φαρ-

229 1866 430 1934 μάκων
448 1864 585 1919 ’ἀνευ
614 1866 709 1918 καὶ
740 1864 1001 1934 βοτανῶν,
1027 1864 1172 1933 λόγῳ
1195 1864 1249 1918 δὲ
1278 1865 1426 1934 μόνῳ
1454 1863 1678 1931 τυφλοῖς
1705 1863 1802 1931 μὲν

224 1933 291 2011 τὸ
321 1956 565 2027 βλέπειν,
592 1958 787 2028 χωλοῖς
814 1933 875 2009 δὲ
908 1958 968 2009 τὸ
999 1958 1340 2027 περιπατεῖν,
1374 1956 1595 2026 λεπροῖς
1621 1956 1677 2009 δὲ
1704 1956 1802 2026 τὴν

225 2049 525 2118 κάθαρσιν,
579 2049 677 2101 καὶ
740 2050 851 2111 τοῖς
911 2050 1150 2119 μακραῖς
1225 2049 1402 2112 νόσοις
1458 2045 1805 2114 πιεζομένοις

224 2140 571 2209 κατάλληλον
592 2140 693 2211 τὴν
718 2141 963 2209 ἰατρείαν
984 2140 1181 2210 ἀμισθὶ
1206 2140 1494 2194 καὶταῦτα
1519 2141 1802 2208 παρέχεις,

224 2234 329 2285 καὶ
366 2232 501 2286 ἀλλα
538 2231 712 2285 πολλά
746 2231 920 2301 μείζω
952 2232 1043 2285 καὶ
1082 2231 1390 2301 ὑπερτέρας
1424 2232 1456 2300 ἦ
1498 2231 1624 2283 καθ’
1657 2231 1805 2299 ἡμᾶς

222 2324 516 2392 δυνάμεως
563 2326 699 2395 ἔργα
739 2325 940 2387 ποιεῖς,
969 2323 1111 2377 κατὰ
1151 2322 1277 2376 νοῦν
1312 2323 1537 2393 ἐθέμην,
1580 2322 1805 2397 θάτερον

224 2410 342 2468 τῶν
377 2417 470 2469 δύο
498 2412 640 2470 εἷναί
669 2434 727 2469 σε
755 2416 1089 2484 λογίζεσθαι·
1118 2415 1148 2486 ἢ
1181 2418 1262 2469 ὅτι
1297 2417 1360 2468 σὺ
1393 2411 1443 2467 εἴ
1467 2419 1494 2466 ὁ
1528 2415 1681 2481 θεὸς,
1711 2416 1807 2467 καὶ

225 2507 411 2562 λιπὼν
457 2509 585 2572 τοὺς
630 2509 899 2579 οὐρανοὺς
953 2507 1341 2578 ἑπεχωρίασας
1397 2505 1534 2576 πρὸς
1568 2508 1736 2576 ἡμεῖς’
1772 2505 1804 2576 ἢ

225 2600 362 2661 Υἱὸς
389 2596 442 2653 εἷ
472 2599 567 2653 τοῦ
599 2600 756 2665 Θεοῦ,
805 2601 1036 2654 τοιαῦτα
1085 2600 1365 2671 παράδοξα
1410 2601 1808 2669 ἐργαζόμενος,

224 2691 298 2741 δι’
327 2691 365 2742 ἃ
393 2708 477 2743 τοι
502 2692 598 2743 καὶ
630 2691 868 2758 γράψας,
896 2691 1089 2756 δέομαί
1121 2708 1216 2740 σου
1251 2691 1517 2754 σκυλῆναι
1548 2691 1681 2754 πρός
1717 2709 1807 2756 με,

226 2781 457 2831 καὶτοῦ
505 2780 677 2832 πάλαι
727 2797 794 2847 με
849 2778 1129 2841 πιέζοντος
1180 2778 1547 2832 ἀπαλλάττειν
1578 2778 1808 2839 πάθους.

226 2872 549 2940 Πέπεισμαι
594 2870 652 2924 δὲ
700 2871 784 2923 ὅτι
826 2869 922 2923 καὶ
977 2871 1220 2923 Ἰουδαῖοι
1267 2872 1519 2940 πονήρως
1558 2871 1694 2937 πρὸς
1752 2870 1811 2922 σὲ

225 2963 596 3030 διακείμενοι,
643 2964 704 3015 οὐ
749 2963 891 3016 καλά
938 2963 1065 3030 περὶ
1112 2961 1205 3014 σοῦ
1245 2961 1556 3032 φρονοῦσιν·
1602 2960 1730 3030 ἐμοὶ
1766 2961 1809 3013 δ’

228 3057 354 3109 ἐστι
390 3056 565 3119 πόλις,
601 3056 775 3127 μικρὰ
800 3072 858 3108 τε
896 3056 990 3107 καὶ
1025 3055 1259 3123 ἄσημος·
1304 3054 1446 3124 πλὴν
1502 3054 1597 3109 καὶ
1628 3055 1811 3123 ἀμφο-

228 3151 420 3219 τέροις
442 3149 687 3219 ἀρκέσει.
717 3167 736 3201 ι
772 3148 924 3201 Ἐπεὶ
946 3148 1003 3201 δὲ
1026 3148 1053 3199 ὁ
1076 3146 1327 3219 Δῦγαρος
1351 3148 1583 3216 γράφων
1608 3145 1809 3216 ἥκιστα

1907 665 2247 729 agnoscitur.
2285 666 2359 718 Ac
2392 682 2496 719 non
2520 668 2636 736 ipse
2664 668 2849 729 modo.
2880 684 3070 722 verum
3092 668 3259 722 etiam
3294 670 3484 723 Audus

1908 752 2057 806 filius
2088 755 2230 823 ejus,
2263 756 2464 823 pedum
2497 758 2695 811 morbo
2722 758 2996 821 laborans,
3050 760 3319 829 multique
3347 776 3485 825 pra:-

1910 853 2057 897 terea
2090 844 2182 898 alii
2209 846 2448 899 civitatis
2480 847 2621 914 eius,
2646 848 2812 901 variis
2844 848 3223 903 coutlietantcs
3255 850 3481 913 morbis,

1906 936 2155 989 oratione
2180 936 2340 990 simul
2372 948 2427 992 et
2455 947 2657 993 attactu
2714 941 2968 997 celeriter
2996 943 3310 1011 gravatnine
3334 944 3484 997 omni

1906 1028 2238 1083 liberantur.
2277 1032 2408 1086 Post
2441 1032 2577 1095 haec,
2609 1045 2910 1088 convocata
2952 1038 3021 1090 ad
3055 1036 3378 1089 concionem
3410 1036 3486 1089 ci-

1907 1123 2074 1177 vitate
2107 1125 2257 1177 omni
2287 1164 2301 1186 ,
2335 1127 2617 1193 apostolus
2648 1127 2854 1182 obitam
2892 1129 3087 1183 salutis
3121 1138 3327 1184 nostrae
3357 1129 3487 1183 Scr-

1906 1217 2081 1269 vatori
2113 1217 2339 1271 Christo
2396 1217 2738 1275 iunctionem
2774 1238 2991 1275 onmem
3028 1223 3273 1291 exponit.
3311 1223 3487 1290 perfe-

1908 1312 2175 1367 ctioribus
2207 1326 2301 1367 eos
2335 1312 2506 1367 sacris
2532 1312 2749 1378 imbuit,
2786 1315 2852 1369 ad
2886 1330 3103 1370 sacrum
3133 1313 3374 1367 admittit
3406 1314 3485 1365 la-

1908 1420 2157 1467 vacrum,
2202 1408 2544 1468 sacerdotes.
2620 1423 2760 1475 quos
2812 1423 2950 1474 opus
2995 1415 3137 1467 erat.
3172 1415 3341 1467 creat,
3380 1405 3486 1458 alia

1886 1493 2093 1552 'omnia
2120 1500 2221 1552 rite
2255 1511 2311 1553 et
2346 1501 2541 1554 ordine
2573 1501 2882 1563 constituit,
2919 1502 3223 1569 urbemque
3266 1516 3484 1552 onmem

1909 1590 2021 1644 Deo
2054 1601 2362 1646 consecrat.
2404 1591 2539 1648 Cum
2568 1608 2697 1647 vero
2724 1594 2791 1645 ab
2826 1592 3043 1661 Ahgaro
3078 1593 3142 1645 ad
3173 1594 3483 1660 apostolum

1847 1753 1853 1757 ἤ
1908 1684 2112 1738 deinde
2141 1686 2391 1753 pecuniae
2426 1685 2813 1747 mitterentur,
2848 1686 3098 1752 accipere
3124 1701 3219 1738 eas
3257 1687 3440 1738 renuit
3472 1687 3489 1737 ;’

1890 1772 1964 1839 ,εἰ
1999 1774 2170 1839 enim,
2227 1774 2503 1845 inquiens.
2564 1787 2754 1829 nostra
2807 1775 3159 1843 reliquimus,
3208 1777 3488 1843 quouoilo

1908 1867 2242 1936 accipiemus
2269 1867 2489 1921 aliena?
2516 1868 2684 1931 Porro
2714 1868 2911 1935 Ahgari
2948 1868 3181 1936 epistola
3233 1867 3299 1920 ad
3329 1867 3489 1919 Chri-

1916 1969 2089 2025 stum,
2129 1975 2293 2031 quam
2347 1976 2444 2029 per
2493 1961 2760 2013 Ananiam
2810 1958 3127 2027 expeditum
3177 1969 3231 2013 et
3252 1959 3484 2012 celerem

1906 2067 2188 2107 cursorem
2218 2053 2387 2114 misit.
2419 2052 2596 2121 quoad
2630 2052 2901 2106 crassiore
2933 2050 3097 2105 modo
3131 2050 3347 2119 concipi
3392 2065 3489 2119 po-

1908 2145 2053 2212 ttiit,
2093 2146 2278 2200 verbis
2329 2145 2444 2200 suis
2498 2146 2638 2200 hanc
2668 2145 2951 2214 complexa
2983 2154 3069 2199 est
3096 2144 3427 2198 sententiam
3469 2159 3482 2194 ε

1912 2260 1929 2290 ε
1968 2239 2103 2293 Cum
2146 2239 2212 2292 de
2237 2249 2291 2293 te
2321 2225 2809 2307 curationibusquc
2840 2239 2948 2291 tuis
2977 2237 3244 2301 audirem,
3284 2246 3334 2289 te
3369 2234 3488 2289 siue

1910 2330 2166 2384 remediis
2194 2339 2249 2384 et
2271 2329 2481 2394 herbis,
2507 2330 2623 2383 solo
2653 2329 2845 2391 verbo,
2877 2331 3035 2382 caecis
3059 2330 3258 2388 visum.
3288 2325 3491 2381 c‘aus‘s

1908 2419 2077 2488 pedes
2114 2435 2266 2483 suos,
2307 2418 2545 2487 leprosis
2574 2432 2777 2488 corpus
2815 2419 3081 2471 mundum
3106 2459 3120 2481 ,
3157 2427 3213 2471 et
3245 2416 3338 2484 qui
3371 2416 3492 2469 iliu-

1913 2510 2092 2564 turnis
2132 2505 2465 2578 premuntur
2515 2511 2725 2566 morbis
2768 2520 3161 2587 congruentem
3220 2508 3492 2562 valetudi-

1909 2620 2060 2667 nem,
2113 2612 2167 2658 et
2211 2603 2432 2673 quidem
2479 2606 2720 2673 gratuito
2765 2604 3033 2674 pra-bere,
3066 2606 3282 2674 aliaque
3320 2606 3491 2658 multa

1909 2694 2122 2745 viribus
2179 2696 2381 2746 nostris
2413 2695 2616 2760 majora
2656 2694 2871 2746 ell'ieere
2907 2709 3097 2761 opera,
3146 2696 3200 2746 in
3250 2703 3489 2746 mentem

1913 2784 2045 2836 mihi
2077 2784 2247 2843 venit,
2273 2784 2506 2836 alterum
2541 2784 2850 2837 teduorum
2905 2785 3137 2861 istorum
3176 2801 3297 2840 esse
3345 2787 3493 2839 arbi-

1914 2874 2045 2927 trari
2084 2893 2095 2926 :
2127 2875 2207 2927 vel
2248 2874 2438 2946 Deum,
2465 2874 2557 2943 qui
2605 2876 2758 2930 cmlis
2785 2877 2986 2931 relictis
3021 2877 3086 2930 ad
3111 2892 3212 2931 nos
3242 2893 3491 2933 secesse-

1912 2965 2014 3029 ris,
2045 2964 2125 3018 vel
2155 2964 2348 3019 saltcm
2381 2964 2473 3019 Dei
2505 2965 2726 3029 Filium,
2768 2972 2853 3021 res
2887 2976 3069 3021 tantas
3100 2983 3279 3037 supra
3325 2970 3487 3022 liilent

1912 3064 1967 3109 et
1996 3055 2311 3124 opinionem
2369 3072 2589 3109 omnem
2652 3066 2957 3127 gerentem.
2994 3041 3211 3128 illaque
3277 3070 3326 3112 te
3384 3059 3490 3114 hoc

1913 3148 2122 3216 scripto
2146 3163 2266 3209 oro,
2303 3158 2364 3200 ut
2396 3147 2640 3203 laborem
2669 3149 2936 3217 suscipias
2958 3149 3022 3203 ad
3052 3165 3137 3203 me
3166 3150 3489 3217 accedendi,

228 3239 354 3310 εἶχε
381 3241 613 3305 πείθειν,
645 3241 869 3309 ἀπέγνω
900 3243 1011 3313 γὰρ
1051 3241 1152 3312 τὴν
1191 3239 1368 3311 Ἰησοῦ
1410 3239 1714 3309 παρουσίαν
1742 3241 1808 3309 τῇ

1916 3256 2137 3308 meque,
2169 3240 2263 3309 qui
2292 3241 2402 3311 jam
2441 3240 2648 3295 dudum
2687 3240 2924 3311 afﬂigit},
2954 3243 3261 3298 inveterato
3300 3244 3493 3298 morbo

229 3333 623 3404 ἀντεπιστολῇ,
684 3335 871 3387 λοιπὸν
927 3337 987 3388 ὲν
1046 3334 1317 3403 ἀμηχάνῳ
1378 3330 1678 3394 καθεστὼς,
1734 3332 1812 3401 τῷ

230 3426 378 3497 πρὸς
428 3426 663 3496 Χριστὸν
704 3425 749 3479 δ’
795 3428 946 3497 ὅμως
987 3425 1322 3497 βεϐλημένος
1367 3425 1538 3496 πόθῳ,
1580 3426 1813 3493 γράφειν

234 3515 299 3571 εὖ
333 3518 515 3570 εἰδότα
552 3517 723 3587 ἀνδρα
760 3518 1055 3587 διέπεμπε·
1098 3521 1192 3572 καὶ
1230 3519 1322 3571 τὸν
1368 3517 1465 3569 τοῦ
1519 3514 1811 3584 προσώπου

235 3609 416 3660 τύπον
457 3608 702 3676 ἀκριϐῶς
734 3608 971 3678 γράφειν
1009 3609 1297 3671 ἐπέταττε,
1325 3608 1419 3660 καὶ
1455 3606 1605 3674 αὐτῷ
1641 3609 1815 3659 έκεῖνο

234 3700 300 3751 τὸ
332 3697 474 3759 εἶδος
506 3700 628 3752 ἀντὶ
674 3698 770 3752 τοῦ
820 3700 1154 3768 ποθουμένου
1191 3700 1459 3767 κομίζειν.
1496 3700 1604 3751 Καὶ
1645 3700 1672 3750 ὁ
1712 3698 1814 3766 μὲν

238 3788 371 3861 ἧκε,
408 3794 502 3844 καὶ
530 3791 660 3854 στὰς
689 3792 781 3844 ἐπὶ
816 3790 1119 3862 μετεώρου,
1152 3791 1386 3861 γράφειν
1413 3792 1489 3853 ώς
1513 3790 1659 3851 είκὸς
1688 3793 1817 3843 ἒπε-

238 3887 441 3954 χείρει’
496 3886 616 3936 ἐπεὶ
662 3884 708 3938 δ’
742 3885 841 3939 οὐκ
876 3887 1152 3953 ἐφικνεῖτο
1184 3885 1279 3937 τοῦ
1328 3884 1513 3953 ἔργου,
1561 3885 1815 3953 ἐμποδὼν

239 3972 656 4041 καθισταμένης
684 3973 877 4044 ἐκείνῳ
905 3974 1006 4042 τῆς
1037 3973 1248 4026 ἐκεῖθεν
1285 3974 1705 4043 ἀστραπτούσης
1736 3974 1814 4043 τῷ

239 4064 525 4136 προσώπῳ
556 4066 705 4128 θείας
748 4066 943 4133 αἴγλης
987 4068 1082 4120 καὶ
1134 4068 1378 4137 χάριτος,
1423 4068 1483 4119 τὸ
1534 4066 1814 4136 δρώμενον

239 4159 407 4224 γνοὺς
430 4158 458 4207 ό
488 4157 697 4226 Σωτὴρ,
733 4157 959 4227 ὕφασμα
989 4159 1054 4211 lx
1077 4158 1224 4211 λίνου
1253 4158 1625 4227 πεποιημένον
1650 4160 1812 4212 αἰτεῖ·

240 4251 542 4318 νιψάμενος
573 4249 627 4300 δὲ
653 4249 746 4300 καὶ
779 4248 878 4316 τὴν
906 4248 1046 4302 ίδίαν
1070 4248 1193 4318 δψιν
1221 4252 1285 4318 τῇ
1313 4249 1474 4320 ὀθόνῃ
1506 4250 1815 4319 ἀπομορξά-

242 4358 433 4409 μενοξ,
471 4339 548 4408 τῷ
589 4341 827 4410 Δὺγάρῳ
862 4339 1179 4393 ἀπέστειλε.
1217 4340 1388 4408 Λόγος
1428 4357 1493 4407 γε
1528 4341 1633 4410 μὴν
1678 4341 1813 4409 ἔχει,

239 4437 338 4487 καὶ
365 4435 459 4486 τὸν
487 4433 711 4502 Περσῶν
749 4433 994 4503 βασιλέα,
1024 4433 1202 4502 εὐφυᾶ
1236 4435 1334 4495 τὰς
1372 4435 1561 4501 χεῖρας
1602 4434 1817 4501 ζωγράει

238 4544 345 4593 φον
377 4524 846 4592 διαπεμψάμενον,
879 4523 1043 4576 αὑτοῦ
1082 4540 1140 4577 τε
1176 4520 1515 4595 Χριστοῦτὺ
1551 4521 1692 4588 εἶδος
1721 4526 1817 4578 καὶ

1915 3333 2136 3388 liberes.
2174 3333 2504 3388 Persuasum
2552 3349 2717 3403 porro
2766 3336 2962 3399 habeo,
2994 3351 3116 3389 cum
3164 3334 3336 3391 Judaei
3380 3326 3490 3390 ini-

1915 3439 2022 3491 quo
2051 3440 2178 3494 erga
2222 3435 2271 3478 te
2314 3426 2425 3479 sint
2453 3424 2657 3487 animo,
2696 3442 2804 3493 non
2847 3427 3056 3494 optima
3082 3442 3178 3481 eos
3217 3429 3287 3481 de
3317 3436 3368 3481 te
3400 3443 3492 3481 ca-

1915 3531 2048 3584 pere
2078 3516 2334 3569 consilia.
2369 3516 2501 3571 Mihi
2538 3533 2667 3571 vero
2702 3518 2894 3572 civitas
2923 3528 3005 3572 est
3032 3520 3240 3573 modica
3266 3518 3490 3588 quidem

1918 3622 2016 3659 nec
2104 3605 2397 3660 admodum
2496 3606 2764 3669 celebris,
2839 3610 3073 3678 utrique
3140 3620 3317 3663 tamen
3391 3626 3493 3661 nn-

1918 3706 2094 3750 strum
2143 3696 2546 3767 percommoda.
2591 3717 2609 3749 ›
2667 3700 2961 3768 Postquam
3004 3709 3186 3754 autem
3242 3702 3491 3771 Aligarus

1918 3794 2129 3857 scripto
2180 3804 2281 3843 suo
2312 3792 2647 3858 persuadere
2677 3792 2727 3845 ei
2763 3793 2907 3861 quod
2947 3793 3214 3848 voluisset
3250 3810 3357 3847 non
3398 3811 3497 3863 po-

1920 3883 2045 3944 tuit,
2079 3882 2372 3951 desperato
2402 3882 2555 3946 Jcsu,
2585 3894 2815 3953 propter
2850 3899 3202 3953 reaponsum,
3231 3886 3490 3946 adventu.

1922 3972 2077 4043 145
2108 3974 2236 4042 quid
2269 3983 2490 4042 caperet
2523 3975 2736 4028 consilii
2776 3977 3040 4039 incertus,
3072 3991 3137 4030 eo
3171 3987 3351 4032 tamen
3382 3993 3495 4046 quo

1917 4065 1974 4119 in
2001 4065 2278 4118 Christum
2311 4065 2603 4119 tenebatur
2648 4065 2925 4120 desiderio
2972 4067 3278 4135 perculsus,
3318 4069 3492 4137 picto-

1917 4172 2030 4211 rem
2064 4156 2324 4210 eximium
2360 4157 2424 4210 ad
2461 4172 2585 4210 eum
2615 4158 2782 4220 misit,
2832 4158 2993 4227 eique
3024 4168 3082 4210 ut
3112 4158 3401 4227 diligenter
3433 4172 3490 4214 et

1917 4259 2171 4303 accurate
2216 4249 2407 4303 faciem
2449 4250 2569 4319 ejus
2610 4251 2661 4302 in
2700 4251 2925 4317 pictura
2958 4251 3257 4320 ellingeret,
3295 4250 3489 4321 imagi~

1917 4356 2153 4408 nemque
2180 4356 2278 4409 pro
2303 4341 2614 4395 desiderato
2648 4334 2741 4394 illo
2765 4341 2868 4395 sibi
2894 4340 3136 4405 all‘erret,
3174 4341 3487 4410 imperavit.

1916 4431 1983 4486 Et
2031 4432 2121 4485 ille
2174 4432 2395 4501 quidem
2448 4432 2618 4494 venit,
2680 4443 2847 4501 atque
2904 4432 3112 4485 inloco
3168 4433 3491 4503 sublimiore

1917 4534 2067 4579 stans
2126 4525 2350 4593 pingere
2380 4522 2583 4578 Christi
2617 4524 2849 4589 vultum,
2880 4533 2939 4577 ut
2967 4524 3213 4581 decebat.
3250 4523 3492 4575 conaba-

232 4618 339 4687 τῆς
364 4618 530 4668 αὑτὸν
553 4616 844 4684 ὑπερφυῶς
864 4615 1150 4676 τετοκυίας
1177 4614 1356 4679 ζέοντι
1381 4616 1620 4679 πίστεως
1643 4616 1809 4685 πόθῳ,

1924 4623 2029 4667 tur.
2081 4613 2217 4667 Cum
2248 4629 2379 4668 vero
2412 4624 2651 4683 emptum
2692 4630 2830 4682 Opus
2860 4630 2968 4667 non
3020 4614 3343 4668 succederet
3388 4612 3492 4681 (di-

235 4712 323 4762 an
382 4709 614 4776 τάχιστα
668 4707 877 4778 γράψαι
937 4708 1031 4761 καὶ
1091 4707 1383 4760 ἀπολαϐεῖν
1445 4709 1813 4776 κτησάμενον.

235 4800 433 4852 Ταῦτα
460 4796 506 4851 δ’
534 4801 598 4851 ἐκ
623 4798 733 4853 τῶν
767 4797 871 4852 ἀνὰ
894 4799 1002 4869 τὴν
1033 4798 1300 4853 Ἔδεσσαν
1331 4800 1634 4871 τηνικαῦτα
1660 4800 1816 4869 βασι-

234 4891 549 4957 λευομένην
600 4890 757 4941 πόλιν
798 4891 1416 4959 γραμματοφυλακείων
1452 4890 1686 4960 ἐλήφθη·
1721 4891 1818 4959 δη-

239 4983 462 5051 μοσίοις
489 4982 595 5048 γὰρ
625 4975 765 5050 ἦσαν
794 4982 1025 5051 χάρταις
1052 4983 1583 5052 ἐμπεριειλημμένα.
1604 4982 1683 5033 Τὰ
1709 4983 1816 5052 γὰρ

236 5073 390 5125 κατὰ
428 5073 521 5124 τδν
551 5070 802 5142 Δῦγαρον
845 5073 1157 5143 πραχθέντα
1192 5073 1375 5143 βιϐλία
1409 5075 1503 5125 καὶ
1540 5074 1713 5127 ταῦτα
1752 5072 1817 5143 δὴ

245 5166 546 5234 περιεῖχον,
581 5167 643 5217 ἐκ
668 5164 769 5234 τῆς
796 5164 986 5233 Σύρων
1026 5165 1448 5234 μεταληφῖλέντα
1478 5165 1751 5234 γλώσσης⁸
1781 5163 1818 5217 ἃ.

243 5259 345 5308 καὶ
380 5257 765 5325 προσηκόντως
795 5257 1028 5310 ἐνταῦθα
1064 5273 1155 5326 μοι
1188 5257 1479 5310 τέθεινται.

1923 4707 2084 4759 vinus
2130 4706 2334 4774 quippe
2387 4708 2647 4773 splendor
2692 4715 2747 4759 et
2785 4707 2955 4771 gratia
2994 4705 3047 4759 iu
3078 4706 3230 4759 vultu
3256 4706 3375 4774 ejus
3399 4720 3494 4757 m-

1922 4809 2150 4848 ruscans
2186 4796 2578 4863 impedimento
2600 4803 2761 4859 erat),
2800 4809 2856 4848 re
2890 4809 2953 4847 ea
2993 4794 3207 4863 cognita
3242 4793 3493 4846 Salvator

1920 4896 2127 4941 textum
2184 4888 2386 4941 liueum
2448 4889 2603 4956 petit,
2641 4887 2695 4940 in
2737 4902 2913 4955 eoque
2958 4888 3108 4954 prius
3154 4886 3268 4939 loto
3297 4884 3490 4939 faciem

1920 4996 2076 5034 suam
2105 4980 2387 5048 exprimit,
2411 4990 2466 5033 et
2497 4979 2564 5032 ad
2592 4979 2868 5047 Abgarum
2900 4978 3090 5031 mittit.
3129 4978 3336 5031 Dicitur
3359 4993 3497 5045 quo-

1920 5086 2024 5141 que
2066 5074 2355 5125 Persarum
2405 5086 2497 5124 rex
2551 5085 2717 5122 manu
2772 5068 3106 5137 ingenioque
3180 5077 3491 5135 promptum

1923 5164 2193 5231 pictorem
2231 5161 2471 5223 misisse,
2498 5170 2552 5213 et
2598 5176 2696 5229 per
2722 5160 2887 5222 hunc,
2916 5158 3147 5212 ferventi
3179 5158 3304 5213 lidei
3341 5158 3493 5212 desi-

1921 5258 2100 5319 derio,
2133 5256 2295 5308 simul
2336 5264 2388 5309 et
2417 5253 2595 5321 ipsius
2642 5252 2883 5317 Christi,
2911 5262 2967 5306 ct
2993 5267 3115 5320 quis
3145 5268 3271 5307 eum
3308 5251 3499 5305 divino

241 5349 416 5403 modo
452 5353 658 5419 genuit,
713 5354 925 5415 matris,
959 5365 1123 5421 quam
1158 5351 1445 5406 celerrime
1490 5350 1783 5418 imaginem
1829 5349 2101 5418 depictam
2137 5348 2435 5417 accepisse.
2466 5351 2647 5417 Atque
2691 5348 2805 5400 hac
2837 5345 3054 5414 quidem
3095 5361 3162 5400 ex
3210 5345 3502 5399 tabulariis

240 5456 304 5499 et
369 5442 610 5499 archivis
643 5443 882 5499 civitatis
920 5443 1161 5508 Edessa,
1193 5458 1313 5513 quae
1342 5455 1454 5497 tum
1501 5442 1643 5511 regia
1678 5441 2161 5495 administrabatur
2206 5449 2496 5510 potestate,
2546 5451 2675 5495 sunt.
2720 5443 3029 5509 desumpta.
3074 5438 3312 5491 Fuerant
3348 5438 3497 5489 enim

243 5536 302 5589 in
332 5534 551 5604 publica
591 5536 856 5590 librorum
905 5546 1258 5589 monumenta
1287 5537 1475 5589 relata.
1509 5534 1576 5588 Et
1601 5533 1726 5587 libri
1758 5534 1824 5586 de
1874 5532 2070 5602 Abgari
2133 5534 2298 5587 rebus
2342 5532 2633 5601 conseripti
2660 5532 2781 5587 haec
2808 5545 3027 5600 quoque
3056 5526 3504 5596 complecteban-

245 5638 363 5694 tur,
390 5644 459 5682 ea
502 5625 761 5699 Syrorum
797 5629 983 5697 Iinqua
1016 5629 1299 5683 translata.
1329 5628 1456 5694 Qua.-
1487 5642 1515 5681 a
1564 5641 1649 5681 me
1706 5634 1855 5679 recte
1912 5626 2017 5679 hoc
2057 5625 2178 5679 loco
2207 5626 2405 5694 opinor
2448 5640 2570 5680 esse
2611 5626 2886 5695 exposita.
